3822 6280
138 300 233 353 ιετ

1253 301 1756 360 COMMENTARIA
1794 303 1858 358 IN
1899 304 2233 362 PSALMOS.

3261 317 3364 372 496

136 435 236 489 χον.
279 416 431 469 Ἐπεὶ
471 417 650 470 τοίνυν
674 418 734 469 τὸ
759 416 978 487 Πνεῦμα
1005 416 1065 470 τὸ
1109 419 1258 486 ἅγιον
1289 421 1347 473 τὸ
1380 421 1436 473 ἐν
1469 421 1543 492 τῷ
1569 423 1691 493 [lpo-

1807 440 2116 496 nocensque
2147 425 2236 486 sit,
2273 440 2302 478 a
2341 423 2502 479 Saule
2533 424 2788 480 Davidem
2838 427 3158 498 insequente
3203 433 3368 501 pelle-

136 510 267 579 φήτῃ
294 506 576 578 ἐνεργοῦν,
604 507 632 559 ὃ
658 509 750 560 καὶ
774 510 830 560 ἐν
856 508 984 562 εῖδει
1010 512 1338 580 περιστερᾶς
1367 512 1458 563 ἐπὶ
1479 513 1567 566 τὸν
1597 515 1700 566 Σω-

133 602 259 672 τῆρα
301 599 731 671 κατεληλυθέναι
765 605 1144 673 μαρτυρεῖται,
1192 607 1459 678 τρυφερὸν
1502 605 1559 659 ὃν
1605 607 1700 660 καὶ

133 696 344 756 ἄκακον,
399 693 670 763 ἠλαύνετο
723 696 827 748 ὑπὸ
873 694 967 748 τοῦ
1019 696 1190 750 Σαοὺλ
1227 697 1557 770 διωκομένου
1606 698 1697 752 τοῦ

133 783 295 848 Δαυῖδ,
327 782 690 855 ἐλαυνόμενὸν
711 803 771 838 τε
806 786 904 839 οὐκ
931 785 1185 856 ἠμύνετο,
1214 786 1326 840 ἀλλ’
1352 787 1511 858 ἐῴκει
1542 806 1700 860 περι-

132 879 282 948 στερᾷ
304 875 492 947 ἀλάλῳ
536 878 922 952 μακρυνομένῃ
956 879 1050 932 καὶ
1071 879 1433 952 άπωθουμένῃ
1465 882 1568 935 ὑπὸ
1590 882 1697 937 τῶν

132 969 418 1025 διωκόντων
442 987 457 999 ⁸
495 969 688 1023 τούτου
725 972 882 1042 χάριν
913 972 1054 1026 κατὰ
1107 973 1230 1036 τοὺς
1270 972 1492 1036 λοιποὺς
1525 975 1697 1045 ἐρμη-

138 1062 326 1126 Ιιευτέις,
347 1062 506 1131 ὑπὲρ
535 1061 641 1130 τῆς
663 1062 1032 1132 περιστερᾶς,
1056 1064 1287 1137 εἴρηται.
1325 1066 1468 1120 Ἀντὶ
1495 1067 1550 1120 δὲ
1580 1067 1695 1133 τοῦ,

133 1158 206 1222 εἰς
239 1157 716 1224 στηλοῃοαρτίαν,
761 1157 789 1207 ὀ
838 1158 934 1228 μὲν
984 1157 1232 1222 Ἀκύλας,
1285 1160 1565 1213 ταπεινοῦ
1603 1177 1694 1213 τε-

133 1250 315 1302 λείου·
375 1250 404 1300 6
455 1249 513 1301 δὲ
562 1249 873 1320 Σύμμαχος,
924 1249 1030 1304 τοῦ
1077 1253 1538 1320 ταπεινόφρονος
1596 1253 1694 1307 καὶ

133 1343 374 1411 ἀμώμου,
407 1344 777 1414 ήρμήνευσεν,
808 1334 912 1396 τὸν
956 1343 1155 1414 τρόπον
1201 1344 1482 1415 δηλοῦντες
1527 1346 1592 1399 δι’
1634 1346 1692 1399 ὃν

133 1434 303 1506 ὥσπερ
328 1435 533 1505 στήλης
563 1434 658 1488 καὶ
684 1435 906 1500 αἰωνίοις
944 1437 1162 1508 μνήμης
1190 1437 1404 1508 ἠξιοῦτο
1442 1436 1588 1508 παρὰ
1614 1437 1690 1508 τῷ

133 1526 236 1597 Θεῷ
278 1529 308 1598 ἠ
343 1527 437 1580 τοῦ
487 1528 777 1599 Προφήτου
807 1529 995 1599 ἀρετή.
1039 1529 1113 1581 Τὸ
1157 1528 1263 1600 γὰρ
1306 1529 1559 1600 μέγιστον
1596 1530 1688 1584 τοῦ

133 1618 276 1670 Δαυῖδ
305 1619 638 1691 κατόρθωμα
665 1623 698 1692 ἡ
726 1621 1048 1692 ταπεινότης
1070 1616 1138 1692 ἦν
1161 1621 1254 1674 καὶ
1282 1623 1314 1692 ἡ
1337 1638 1690 1693 ταπεινοφρο-

1803 517 1978 580 batur,
2011 518 2308 587 pulsusque
2355 532 2461 571 non
2512 517 2849 580 obsistebat,
2899 519 2992 574 sed
3028 521 3220 577 similis
3252 535 3367 577 erat

1801 609 2064 663 columbre
2092 616 2255 662 muta:
2285 609 2473 677 procul
2505 607 2730 672 abactae,
2758 615 2811 662 et
2839 609 2905 663 ab
2949 609 3369 682 insequentibus

1801 699 2078 770 depulsae;
2106 700 2225 755 ideo
2255 715 2284 753 a
2311 700 2537 770 reliquis
2561 701 2946 770 interpretibus
2984 719 3076 771 pro
3126 706 3369 760 columba

1801 791 2006 846 dictum
2037 802 2140 850 est.
2170 792 2276 848 Pro
2310 794 2402 847 illo
2425 801 2603 854 autem
2622 833 2637 854 ,
2665 795 2716 846 in
2752 793 2892 847 tituli
2939 796 3329 865 inscriptionem
3351 839 3366 860 ,

1801 883 2014 954 Aquila,
2051 871 2274 940 humilis
2297 886 2552 955 perfecti;
2588 884 2947 958 Symmachus
2977 904 3125 952 vero,
3157 890 3366 943 humilis

1796 987 1846 1031 et
1881 977 2152 1046 inculpati,
2181 978 2520 1049 interpretati
2553 989 2711 1047 sunt;
2746 980 3114 1051 significantes
3147 999 3251 1052 qua
3281 999 3370 1036 ra-

1795 1071 1942 1124 tione
1963 1069 2243 1140 Prophetae
2272 1073 2465 1137 virtus,
2489 1074 2644 1143 quasi
2665 1073 2844 1143 cippo,
2878 1074 2944 1128 ad
2974 1082 3226 1130 aeternam
3255 1092 3369 1130 me-

1799 1164 2024 1217 moriam
2051 1164 2190 1233 apud
2225 1163 2391 1219 Deum
2425 1165 2620 1222 donata
2657 1167 2746 1221 sit.
2776 1165 3066 1222 Enimvero
3097 1167 3368 1238 praecipua

1799 1254 2014 1312 Davidis
2054 1257 2313 1326 perfectio
2365 1264 2484 1312 erat
2538 1258 2814 1313 humilitas
2873 1267 2926 1314 et
2975 1260 3227 1329 abjectio,
3262 1274 3369 1330 qua

1799 1349 2100 1403 absolutam
2136 1351 2392 1406 virtutem
2439 1351 2574 1405 nulli
2620 1352 3027 1421 reprehensioni
3077 1353 3367 1407 obnoxiam

1796 1441 2103 1495 exhibebat.
2147 1440 2327 1507 Quare
2355 1442 2454 1497 hos
2497 1458 2796 1507 sermones,
2824 1443 3117 1498 eminentis
3145 1459 3208 1498 ac
3247 1459 3370 1512 per-

1796 1532 1949 1588 lecta:
2015 1534 2338 1590 humilitatis
2395 1536 2660 1589 rationem
2733 1535 3196 1604 complectentcs,
3259 1534 3366 1590 Deo

1794 1627 2017 1687 emittit.

136 1711 270 1782 σύνη,
305 1712 426 1765 καθ’
497 1715 562 1782 ἢν
598 1711 807 1765 τελείαν
875 1712 1219 1767 ἐπεδείκνυτο
1268 1713 1487 1785 ἀρετὴν,
1535 1713 1720 1767 οὐδένα
1761 1716 1947 1787 μῶμον
2004 1720 2364 1792 ἐπαγομένην.
2405 1721 2493 1773 Διὸ
2527 1722 2650 1784 τοὺς
2713 1723 3101 1794 προκειμένους
3152 1721 3362 1791 λόγους,

135 1802 561 1874 ὑπερϐαλλούσης
621 1803 714 1855 καὶ
765 1802 976 1866 τελείας
1028 1803 1529 1874 ταπεινοφροσύνης
1583 1804 1849 1876 δείγματα
1881 1810 2248 1880 περιέχοντας,
2288 1813 2569 1883 ἀνέπεμπε
2615 1814 2692 1884 τῷ
2726 1814 2842 1885 Θεῷ
2881 1815 3051 1884 λέγων
3077 1833 3089 1845 ·

206 1897 486 1966 Ἐλέησόν
523 1915 620 1967 με,
668 1901 701 1952 ὀ
743 1897 905 1964 Θεὸς,
942 1897 1030 1952 ὅτι
1076 1897 1450 1967 κατεπάτησέ
1475 1917 1552 1969 με
1588 1899 1691 1954 ἄν·

1867 1904 2114 1960 Miserere
2143 1908 2264 1970 mei,
2284 1906 2444 1971 Deus,
2464 1910 2710 1977 quoniam
2738 1911 3063 1964 conculcavil
3082 1928 3161 1964 me
3184 1911 3362 1964 homo,

133 1997 365 2060 θρωπος,
405 1992 482 2056 ὡς
521 1991 656 2063 πρὸς
700 1991 800 2062 τὴν
843 1991 988 2054 λέξιν
1034 1992 1124 2044 τὸν
1170 1991 1340 2045 Σαοὺλ
1390 1992 1690 2063 σημαίνων,

135 2083 465 2137 ἐπαναϐάντα
508 2083 678 2154 αὐτῷ,
731 2083 824 2136 καὶ
858 2083 917 2136 ού
971 2083 1098 2154 μίαν
1142 2083 1375 2156 ἡμέραν,
1425 2085 1560 2137 ἀλλὰ
1605 2086 1696 2138 καὶ

137 2174 317 2238 πολλὰς
344 2176 668 2246 ἐπιθέμενον
692 2174 771 2245 τῷ
814 2177 929 2228 κατ’
967 2173 1133 2227 αὐτοῦ
1168 2175 1422 2246 πολέμῳ·
1459 2176 1538 2229 διὸ
1579 2180 1696 2230 ἐπι-

134 2267 290 2335 λέγει·
340 2270 524 2337 Ὅλην
572 2267 686 2338 τὴν
734 2267 964 2337 ἡμέραν
1015 2267 1294 2338 πολεμῶν
1341 2271 1553 2340 ἔθλιψέ
1595 2289 1689 2340 με.

139 2359 237 2414 Εἶτ’
268 2363 560 2434 ἐπειδήπερ
597 2362 674 2433 τῷ
723 2362 850 2432 Θείῳ
883 2361 1162 2432 Πνεύματι
1192 2362 1438 2434 συνεώρα
1467 2365 1566 2434 οὐχ
1607 2364 1694 2417 οῦ-

136 2470 231 2516 τως
253 2454 338 2506 τὸν
371 2455 544 2509 Σαοὺλ
575 2454 749 2509 αἴτιον
780 2455 908 2508 ὄντα
933 2454 1033 2524 τῆς
1075 2457 1343 2526 τοσαύτης
1381 2457 1498 2509 κατ’
1528 2455 1692 2508 αὐτοῦ
1715 2516 1729 2523 _

143 2547 372 2618 σπουδῆς,
423 2549 544 2601 ὅσον
587 2548 813 2616 ἀφανεῖς
859 2564 1012 2618 τινας
1061 2547 1155 2600 καὶ
1205 2549 1428 2617 νοητοὺς
1467 2547 1692 2619 ἐχθροὺς

140 2639 403 2710 ἀοράτους,
437 2642 636 2713 δηλαδὴ
676 2642 934 2713 δυνάμεις
986 2642 1078 2695 καὶ
1117 2640 1402 2711 πνεύματα
1459 2639 1688 2712 πονηρὰ,

139 2730 219 2783 τὸν
247 2733 409 2786 Σαοὺλ
454 2732 782 2804 ἐνεργοῦντα
819 2735 912 2788 καὶ
945 2733 1278 2804 διεγείροντα
1311 2733 1403 2786 ἐπὶ
1441 2732 1530 2786 τὸν
1570 2735 1690 2786 κατ’

142 2825 285 2878 αὐτοῦ
342 2829 605 2900 πόλεμον,
657 2827 882 2892 εἰκότως
926 2827 1193 2896 ἐπιλέγει·
1255 2824 1693 2895 Κατεπάτησάν

141 2934 207 2986 με
233 2924 280 2974 οι
318 2921 514 2990 ἐχθροί
548 2938 667 2990 μου
709 2919 863 2986 ὅλην
893 2920 1008 2987 τὴν
1052 2919 1304 2988 ἡμέραν·
1343 2917 1374 2986 ἢ
1423 2916 1564 2970 κατὰ
1604 2917 1691 2970 τὸν

143 3009 442 3082 Σύμμαχονο
491 3012 824 3080 Ἐπέτριϐον
855 3015 907 3066 οἱ
937 3011 1243 3077 θλίϐοντές
1283 3028 1358 3080 με
1401 3012 1549 3064 κατὰ
1578 3008 1690 3064 πᾶ-

144 3114 248 3154 σαν
276 3104 515 3173 ἡμέραν.
547 3105 704 3168 Τίνες
730 3103 786 3157 δὲ
814 3106 861 3157 οἱ
895 3103 1078 3177 ἐχθροὶ
1112 3104 1206 3158 καὶ
1227 3105 1275 3156 οἱ
1302 3102 1572 3166 (θλίϐοντες
1596 3103 1692 3155 αὐ-

142 3192 238 3257 τὸν,
265 3197 312 3248 ol
339 3197 426 3249 τὸν
453 3196 626 3249 Σαοὺλ
650 3195 1018 3268 ἐνεργοῦντες,
1054 3195 1305 3263 διασαφεῖ
1339 3193 1465 3264 ἐξῆς
1486 3194 1686 3264 λέγων’

147 3285 249 3339 Ὅτι
282 3289 488 3348 πολλοὶ
533 3292 588 3344 οἱ
631 3287 1036 3359 πολεμοῦντές
1070 3305 1147 3357 με
1191 3287 1309 3342 ἀπὸ
1342 3287 1558 3355 ὕψους.
1613 3289 1686 3340 Οὐ

147 3375 238 3449 γὰρ
268 3380 464 3449 ἠγνόει,
488 3381 566 3445 ὡς
603 3382 704 3434 οὐκ
731 3376 799 3452 ἦν
832 3380 979 3452 αύτῷ
1006 3381 1038 3450 ἡ
1074 3379 1218 3451 πάλη
1255 3378 1389 3451 πρὸς
1424 3374 1563 3450 αἷμα
1596 3381 1690 3434 καὶ

147 3470 325 3542 σάρκα,
345 3474 473 3532 ἀλλὰ
495 3475 633 3546 πρὸς
659 3472 759 3537 τὰς
785 3473 958 3544 ἀρχὰς
988 3474 1082 3526 καὶ
1110 3471 1376 3539 ἐξουσίας,
1405 3474 1542 3543 πρὸς
1564 3474 1690 3536 τοὺς

147 3568 559 3638 κοσμοκράτορας
591 3566 684 3620 τοῦ
727 3567 949 3628 σκότους
993 3564 1205 3629 τούτου,
1240 3563 1378 3634 πρὸς
1428 3562 1495 3616 τὰ
1529 3580 1690 3615 πνευ-

151 3658 329 3724 ματικὰ
356 3659 451 3729 τῆς
492 3659 776 3730 πονηρίας,
808 3658 897 3726 bp’
924 3651 998 3709 ὧν
1029 3659 1056 3709 6
1109 3655 1281 3710 Σαοὺλ
1319 3654 1686 3726 ἀκονώμενος,

146 3746 224 3798 τὸν
249 3750 402 3820 μηδὲν
440 3750 588 3822 αὐτῷ
626 3749 966 3821 λελυπηκότα
1007 3747 1224 3801 πώποτε
1268 3748 1442 3819 μάτην
1492 3748 1688 3818 ἤλαυνε

150 3840 228 3892 καὶ
256 3842 516 3913 ἐπολέμει.
551 3838 668 3895 Εἶθ’
695 3841 820 3913 ἐξῆς
844 3859 1006 3913 φησιν
1024 3858 1037 3871 ·
1081 3839 1324 3910 Ἡμέρας
1356 3839 1692 3908 φοϐηθήσο-

146 3948 250 3997 μαι,
274 3933 381 4002 ἐγὼ
402 3934 468 3988 δὲ
494 3934 680 3989 ἐλπιῶ
707 3935 807 3988 ἐπὶ
835 3934 928 3988 σέ.
974 3935 1038 3986 Ὃ
1067 3932 1131 4003 δὴ
1158 3932 1482 4002 διεσάφησεν
1507 3933 1535 3984 6
1555 3932 1624 3983 Σύ
1635 3950 1693 4001 μ-

154 4040 297 4096 μαχος
337 4027 535 4081 εἰπών·
581 4023 738 4100 Ἐ’νῇ
783 4027 860 4082 ἂν
899 4029 1090 4096 ἡμέρᾳ
1133 4025 1388 4094 φοϐηθῶ,
1439 4024 1537 4076 σοὶ
1587 4023 1691 4077 πέ-

151 4123 318 4174 ποιθα.
356 4121 416 4173 Εἰ
457 4120 566 4193 γὰρ
598 4122 691 4174 καὶ
721 4120 790 4174 τὰ
837 4121 1067 4191 μάλιστα
1109 4119 1254 4171 δοκεῖ
1297 4116 1582 4187 ἄνθρωπός
1624 4133 1690 4186 με

152 4213 655 4283 καταπεπατηκέναι,
716 4212 881 4275 πολὺς
944 4213 1231 4282 γενόμενος
1293 4209 1412 4262 κατ’
1469 4207 1602 4280 ἐμοῦ
1661 4211 1690 4262 ὁ

154 4299 318 4369 Σαοὺλ,
360 4304 470 4357 ἀλλ’
520 4307 567 4356 οἱ
615 4303 800 4375 ἐχθροί
849 4320 948 4373 μου
994 4303 1088 4356 καὶ
1130 4305 1177 4353 οἱ
1223 4300 1582 4372 πολεμοῦντές
1624 4319 1690 4371 με

155 4388 347 4459 ἄνωθεν,
381 4396 487 4448 ἀπὸ
533 4395 700 4464 ὕψους
731 4394 802 4447 τὰ
847 4394 1053 4448 ἐαυτῶν
1091 4393 1217 4464 βέλη
1252 4393 1393 4446 κατὰ
1425 4393 1524 4463 τῆς
1555 4393 1690 4462 ἐμῆς

157 4482 406 4552 βάλλοντες
457 4486 633 4560 ψυχῆς
686 4487 925 4540 πλεῖστοι
971 4487 1316 4556 τυγχάνουσι.
1365 4485 1580 4539 Τούτων
1638 4486 1694 4538 δὲ

1797 1998 1999 2053 diserte
2030 2001 2186 2070 quasi
2216 1999 2432 2056 Saulem
2474 2001 2744 2066 indicans,
2779 2003 2872 2073 qui
2923 2003 2975 2057 in
3013 2019 3072 2059 se
3104 2003 3365 2072 impetum

1797 2091 2046 2156 faciebat,
2079 2109 2255 2163 neque
2294 2111 2404 2149 uno
2433 2103 2667 2160 tantum,
2699 2096 2794 2151 sed
2831 2097 3015 2152 multis
3063 2096 3255 2150 diebus
3295 2093 3362 2150 ad

1796 2185 1997 2239 bellum
2048 2187 2151 2241 sibi
2203 2187 2544 2244 inferendum
2595 2189 2979 2251 incumbebat;
3029 2205 3200 2259 quare
3233 2189 3365 2244 sub—

1790 2278 1995 2349 jungit,
2029 2279 2251 2335 dicens:
2306 2281 2440 2335 Tota
2482 2281 2569 2335 die
2604 2282 2916 2352 impugnans
2956 2281 3230 2335 tribulavil
3259 2296 3360 2335 me.

1797 2369 2000 2426 Deinde
2057 2373 2183 2442 quia
2231 2371 2440 2443 Spiritu
2503 2382 2695 2429 sancto
2730 2382 3072 2429 m0nstrante
3123 2371 3361 2432 videbat.

1795 2479 1903 2518 non
1928 2473 2036 2518 tam
2069 2463 2288 2520 Saulem
2337 2465 2472 2519 tanti
2507 2464 2796 2520 adversum
2841 2479 2899 2519 se
2930 2463 3229 2517 moliminis
3263 2477 3362 2516 au-

1794 2561 2003 2609 ctorem
2033 2570 2178 2620 esse,
2209 2571 2371 2625 quam
2397 2556 2644 2610 occultos
2675 2553 2938 2624 quosdam
2968 2561 3022 2607 et
3051 2552 3363 2623 spirituales

1795 2647 2209 2717 invisibilcsqne
2275 2647 2548 2712 inimicos,
2619 2645 2874 2700 videlicet
2937 2653 3237 2714 potestates
3299 2658 3364 2697 ac

1794 2739 2020 2808 spiritus
2061 2739 2330 2809 malignos
2358 2739 2575 2794 Saulem
2606 2737 2945 2807 exagitantes
2974 2744 3027 2791 et
3057 2735 3363 2790 excitantes

1793 2833 1860 2886 ad
1891 2832 2094 2888 bellum
2143 2832 2244 2887 sibi
2288 2831 2648 2893 movendum,
2689 2830 2815 2899 jure
2865 2829 2947 2883 sic
2988 2827 3196 2898 pergit:
3233 2826 3366 2881 Con-

1791 2924 2127 2977 culcaeerunl
2153 2939 2234 2976 me
2255 2922 2455 2976 inimici
2486 2923 2586 2974 mei
2606 2930 2717 2975 tota
2745 2921 2865 2987 dieI;
2901 2921 3037 2985 sive,
3060 2919 3360 2974 secundum

1795 3016 2202 3086 Symmachum,
2238 3014 2548 3068 Auerebant
2590 3030 2670 3068 me
2698 3013 2787 3084 qui
2818 3012 3144 3066 lribulabanl
3177 3025 3365 3078 meper
3407 3073 3414 3079 η

1793 3124 1997 3162 onmem
2041 3108 2198 3161 diem.
2259 3106 2492 3172 Quinam
2527 3121 2658 3160 vero
2695 3104 2904 3158 inimici
2955 3111 3143 3159 essent
3183 3102 3362 3157 tribu-

1793 3202 1968 3257 lantes
2026 3202 2228 3271 ipsum,
2285 3201 2376 3270 qui
2437 3198 2656 3252 Saulcm
2721 3197 3058 3261 excitabant,
3107 3196 3364 3264 deinceps

1793 3292 2056 3357 declarat,
2086 3292 2274 3347 dicens
2304 3310 2316 3346 :
2352 3291 2614 3356 Quoniam
2641 3290 2791 3343 mulli
2808 3288 3060 3343 bellantes
3087 3287 3364 3342 adversum

1795 3403 1874 3441 me
1922 3385 1986 3439 ab
2045 3385 2349 3439 altitudine.
2393 3382 2509 3438 Non
2545 3383 2690 3438 enim
2729 3382 3017 3452 ignorabat
3067 3397 3177 3437 non
3235 3395 3362 3436 esse

1793 3478 1898 3533 sibi
1933 3479 2134 3533 luctam
2185 3476 2451 3532 adversus
2483 3489 2701 3530 carnem
2747 3481 2801 3528 et
2849 3473 3204 3544 sanguinem;
3267 3471 3362 3528 sed

1794 3571 2057 3625 adversus
2099 3569 2441 3640 principatus
2470 3575 2524 3623 et
2547 3574 2866 3638 potestates.
2906 3574 3151 3620 rectores
3174 3563 3363 3618 mundi

1794 3662 2146 3718 tenebrarum
2179 3661 2395 3722 harum,
2430 3667 2620 3714 contra
2669 3657 2972 3728 Spiritualia
3015 3655 3294 3725 nequitiae,
3329 3671 3360 3707 a

1795 3753 1995 3824 quibus
2040 3750 2170 3805 Saul
2204 3750 2528 3812 concitatus,
2580 3764 2702 3803 eum
2735 3747 2827 3817 qui
2869 3747 2973 3802 sibi
3003 3746 3142 3800 nihil
3173 3745 3361 3799 damni

1793 3844 2091 3907 intulisset,
2114 3842 2234 3898 sine
2249 3855 2413 3895 causa
2431 3839 2662 3910 pellebat
2683 3845 2735 3893 et
2765 3837 3134 3907 impugnabat.
3161 3834 3365 3891 Deinde

1795 3937 1871 3990 ait
1911 3955 1923 3988 :
1968 3933 2066 3988 Die
2092 3933 2302 3998 timebo,
2331 3949 2422 4003 ego
2453 3947 2569 3984 vero
2598 3932 2652 3984 in
2698 3939 2745 3984 le
2774 3929 3014 3999 sperabo.
3063 3928 3219 3995 Quod
3251 3930 3364 3985 cla-

1795 4028 1910 4082 rius
1936 4025 2300 4098 Symmachus
2334 4021 2627 4094 explicavit
2652 4021 2739 4077 his
2768 4021 2951 4076 verbis
2990 4037 3003 4072 :
3041 4018 3107 4074 In
3135 4036 3366 4092 quacun-

1793 4137 1889 4190 que
1913 4120 1995 4173 die
2027 4117 2233 4181 timebo,
2283 4119 2338 4171 in
2384 4125 2430 4170 te
2458 4114 2682 4183 speravi.
2735 4112 2963 4168 Etiamsi
3002 4113 3146 4168 enim
3177 4113 3352 4167 homo

1794 4229 1879 4268 me
1912 4213 2254 4282 impugnare,
2309 4210 2550 4278 Saulque
2596 4207 2766 4262 multa
2823 4214 3016 4262 contra
3051 4221 3137 4260 me
3182 4206 3363 4261 moliri

1794 4305 2084 4371 videatur;
2128 4303 2224 4359 sed
2275 4301 2486 4357 inimici
2527 4299 2654 4364 mei,
2689 4307 2744 4356 et
2784 4300 2877 4369 qui
2913 4300 2982 4353 ab
3009 4299 3120 4353 alto
3147 4314 3234 4354 me
3259 4299 3364 4353 im-

1797 4403 2060 4468 pugnant,
2107 4397 2208 4450 tela
2257 4411 2356 4451 sua
2388 4394 2652 4448 adversus
2683 4393 2918 4446 animam
2952 4406 3125 4445 meam
3159 4390 3367 4444 immit—

1795 4499 1996 4554 tentes,
2027 4491 2180 4544 multi
2218 4503 2448 4542 numero
2496 4495 2646 4542 sunt.
2682 4485 2793 4540 Hos
2823 4499 2988 4556 porro
3022 4497 3213 4537 omnes
3240 4495 3369 4551 pro-

154 4576 338 4630 πάντων
366 4579 720 4648 καταφρονεῖν
751 4575 1043 4647 μεμάθηκα
1073 4575 1160 4630 διὰ
1193 4576 1251 4628 σὲ
1277 4573 1367 4626 τὸν
1402 4574 1533 4646 ἐμὸν
1559 4575 1691 4646 πρό-

1798 4589 1918 4652 pter
1960 4591 2012 4635 te
2041 4586 2505 4650 propugnatorem
2557 4583 2611 4631 et
2652 4585 3014 4645 protectorem
3047 4585 3227 4625 meum
3267 4568 3364 4623 de-

158 4681 300 4736 μαχον
330 4670 420 4723 καὶ
457 4670 888 4743 ὑπερασπιστήν.
922 4670 1012 4721 Σοὶ
1042 4667 1151 4740 γὰρ
1184 4666 1478 4730 πεποιθὼς,
1506 4665 1690 4720 εἴποτε

155 4755 351 4825 ὲμπέσοι
385 4761 544 4830 φόϐος
571 4765 639 4832 τῇ
673 4762 779 4832 ἐμῇ
809 4760 1344 4832 ψυχῇ,διακρούομαι
1368 4761 1575 4824 τοῦτον,
1610 4763 1691 4815 σοὶ

143 4849 202 4920 τῷ
244 4853 609 4926 ὑπερασπιστῇ
653 4872 752 4924 μου
783 4854 1018 4926 θαρρῶν.

177 4939 199 4966 ”
219 4949 303 5001 Ἐν
331 4946 408 5012 τῷ
449 4950 646 5017 Κυρίῳ
676 4947 970 5000 ἐπαινέσω
1001 4947 1142 5015 τοὺς
1171 4949 1392 5018 λόγους
1429 4966 1570 5017 μου,
1593 4947 1693 5000 ἐπὶ

142 5038 201 5103 τῷ
244 5041 353 5108 Θεῷ
395 5044 656 5112 ἤλπισα·
693 5043 764 5094 οὺ
798 5041 1208 5110 φοϐηθήσομαι
1243 5043 1301 5094 τί
1329 5041 1566 5108 ποιήσει
1591 5057 1692 5110 μοι

144 5133 303 5201 σάρξ.
340 5136 480 5188 Ἀντὶ
529 5135 646 5198 τοῦ,
689 5135 758 5188 ἐν
796 5133 875 5200 τῷ
911 5133 1030 5200 Θεῷ
1067 5135 1362 5190 ἐπαινέσω
1401 5134 1542 5198 τοὺς
1591 5133 1692 5186 λό-

156 5240 274 5293 γους
297 5246 430 5296 μου,
458 5231 486 5280 6
521 5227 620 5298 μὲν
650 5226 962 5297 Σύμμαχος,
996 5225 1091 5278 διὰ
1118 5227 1222 5280 τοῦ
1259 5226 1404 5280 Θεοῦ
1444 5225 1694 5294 ὑμνήσω

154 5316 238 5371 τὸν
281 5322 462 5388 ,λόγον
508 5318 729 5374 αὐτοῦ’
788 5321 815 5372 6
867 5319 924 5372 δὲ
995 5318 1224 5381 Ἀκύλας
1253 5337 1266 5347 ·
1319 5319 1388 5371 ἐν
1444 5318 1525 5383 τῷ
1574 5316 1696 5382 Θεῷ

155 5408 374 5475 ὑμνήσω
419 5412 656 5481 ῥήματα
690 5411 875 5465 αὐτοῦ
895 5428 909 5440 ·
959 5410 1052 5464 καὶ
1098 5412 1132 5480 ὴ
1172 5411 1396 5479 πέμπτη
1444 5407 1652 5471 ἕκδοσις
1677 5424 1689 5436 ·

157 5495 211 5551 ἐν
247 5501 320 5567 τῷ
362 5503 484 5568 Θεῴ
515 5503 833 5558 ἐπαινέσω
863 5504 970 5556 τὸν
1007 5504 1192 5569 λόγον
1220 5519 1357 5571 μου,
1389 5499 1690 5553 ἐκδεδώκα-

157 5604 240 5643 σιν.
268 5593 332 5647 Et
362 5612 512 5659 ποτε,
559 5596 714 5665 φησὶ,
750 5594 912 5662 φόϐος
935 5596 999 5647 ἐκ
1043 5593 1144 5662 τῆς
1177 5592 1284 5646 τῶν
1315 5589 1690 5661 πολεμούντων

161 5696 212 5747 με
235 5686 462 5757 ταραχῆς
504 5687 761 5740 ἐνέπιπτέ
799 5703 907 5756 μοι,
951 5685 1304 5756 διεκρουόμην
1341 5683 1501 5738 αὐτὸν
1544 5684 1694 5738 Schri-

162 5767 248 5830 ζων
293 5775 380 5828 ἐπὶ
426 5777 482 5830 σέ
507 5795 521 5809 ο
570 5777 661 5830 καὶ
715 5777 833 5830 ἀντὶ
883 5777 1096 5846 ἐπῳδῆς
1139 5778 1232 5830 καὶ
1290 5776 1689 5846 φυλακττρίων,

1793 4673 2006 4743 spicere
2035 4671 2219 4726 didici.
2255 4669 2392 4725 Nam
2425 4670 2478 4724 in
2509 4676 2561 4724 te
2588 4667 2846 4731 conlisus,
2874 4666 2920 4721 si
2944 4663 3164 4734 quando
3185 4668 3365 4715 metus

1789 4766 1848 4828 in
1874 4763 2108 4816 animam
2144 4759 2351 4814 incidat
2390 4774 2589 4822 meam,
2641 4757 2788 4810 hunc
2836 4753 3067 4824 depello,
3104 4750 3202 4804 tibi
3236 4764 3365 4820 pro-

1797 4854 2084 4926 pugnatori
2117 4867 2237 4907 meo
2267 4851 2508 4906 innixus.

1868 4945 2029 5000 Vens.
2065 4945 2118 5006 5,
2150 4943 2204 4999 6.
2244 4942 2307 4997 In
2364 4943 2580 4996 Domino
2612 4937 2840 4993 laudabo
2881 4950 3147 4989 sermones
3196 4947 3358 4990 meos,

1796 5039 1849 5092 in
1876 5038 1985 5091 Deo
2023 5037 2246 5107 sperari,
2280 5053 2381 5088 non
2413 5034 2596 5088 timebo
2649 5030 2774 5102 quid
2815 5029 2980 5097 faciat
3036 5025 3164 5079 mihi
3212 5039 3357 5077 caro.

1797 5129 1902 5184 Pro
1936 5130 2048 5193 illo,
2084 5130 2138 5182 in
2187 5128 2296 5182 Deo
2328 5126 2554 5180 laudabo
2585 5138 2846 5177 sermones
2878 5135 3062 5184 meos;
3109 5115 3362 5188 Symma-

1795 5222 1952 5284 chus,
1979 5237 2070 5290 per
2096 5219 2263 5272 Deum
2317 5215 2588 5271 celebrabo
2631 5229 2917 5267 sermonem
2959 5211 3114 5279 ejus;
3167 5205 3360 5276 Aquila

1794 5327 1944 5372 vero,
1982 5311 2033 5364 in
2083 5309 2191 5364 Deo
2242 5306 2508 5360 celebrabo
2543 5305 2696 5358 verba
2755 5303 2905 5370 ejus;
2952 5300 3141 5369 quinta
3170 5295 3359 5358 editio,

1795 5405 1848 5457 in
1902 5402 2010 5456 Deo
2062 5400 2289 5454 laudabo
2351 5413 2636 5453 sermonem
2675 5412 2844 5450 meum
2873 5410 2891 5458 ,'
2924 5393 3238 5449 ediderunt.
3303 5388 3363 5443 Si

1796 5496 2036 5568 quando,
2090 5494 2284 5564 inquit,
2315 5509 2378 5548 ex
2416 5491 2758 5545 inimicorum
2792 5502 3039 5544 meorum
3077 5485 3364 5556 perturba-

1802 5590 1948 5642 tione
1978 5593 2154 5642 metus
2196 5585 2426 5647 instaret
2478 5581 2630 5646 mihi,
2692 5581 2872 5651 ipsum
2913 5580 2970 5634 in
2999 5587 3051 5634 te
3094 5573 3365 5647 sperando

1805 5678 2219 5751 propulsabam.
2281 5691 2344 5731 ac
2398 5691 2497 5746 pro
2551 5673 2926 5728 incantatione
2975 5677 3028 5726 et
3089 5667 3361 5747 amuletis,

1799 5774 2032 5845 hymnos
2060 5769 2472 5841 persolvebam;
2515 5783 2639 5824 nam
2687 5782 2811 5824 cum
2867 5763 3197 5822 celebrarem
3234 5773 3361 5831 'sere
