3822 6280
503 341 608 395 495

1207 334 1476 390 EUSEBII
1511 333 1983 391 CESARIENSIS
2023 334 2042 390 (

2147 344 2167 387 '.
2213 333 2388 388 PARS
2429 333 2512 390 ΙΙΙ.
2555 367 2623 376 -
2662 330 3070 393 ΕΧΕΕΕΊΊΟΑ.

3601 350 3679 405 416

504 469 716 509 nionem
742 447 915 516 tuum',
947 449 1177 520 juvabar
1211 460 1270 506 ut
1311 469 1340 507 a
1371 460 1810 524 persequentium
1845 455 2042 510 nemini

2162 453 2361 525 ὕμνους
2396 454 2622 526 διεξῄειν
2643 472 2654 484 ·
2693 456 2872 526 ὑμνῶν
2904 458 3008 527 γὰρ
3034 457 3123 511 τὸν
3155 458 3308 527 λόγον
3343 475 3434 514 σου
3465 461 3680 536 ἐϐοηθούο

503 555 800 600 averterem
853 557 956 596 me.
1001 540 1078 594 ita
1141 557 1366 611 sperans
1415 544 1472 597 in
1497 541 1627 610 Deo,
1675 557 1729 599 et
1779 558 2058 599 sermones

501 637 618 704 eius
656 635 709 688 in
740 650 834 689 ore
866 650 985 689 meo
1019 631 1219 696 ferens,
1270 648 1459 691 omnes
1498 635 1782 690 hominum
1826 635 2058 690 insidias

499 727 893 798 «lespiciebam,
937 742 1044 781 non
1091 727 1288 782 timens
1340 727 1464 798 quid
1511 728 1677 798 faciat
1731 729 1858 782 mihi
1912 746 2056 788 caro.

498 821 640 887 Quid
688 821 833 876 enim
867 823 1041 891 possit
1069 837 1198 876 caro
1237 829 1293 876 et
1347 823 1570 892 sanguis
1625 829 1817 877 contra
1886 821 2057 876 Deum

497 914 897 983 0pitulantem?
931 912 1065 967 Nam
1106 914 1151 968 si
1198 912 1338 967 Deus
1376 929 1470 981 pro
1510 913 1679 978 nobis,
1730 915 1844 984 quis
1874 922 2058 967 contra

496 1022 589 1059 nos
609 1006 712 1059 1"'?
756 1007 932 1077 inquit
982 1008 1294 1078 Apostolus.
1345 1007 1486 1062 Caro
1539 1015 1718 1062 autem
1760 1018 1875 1062 erat
1903 1007 2053 1075 Saul,

495 1099 587 1166 qui
633 1112 694 1152 ea
720 1114 840 1167 quae
868 1100 1050 1154 carnis
1081 1107 1208 1154 sunt
1238 1098 1513 1168 sapiebat:
1545 1100 1690 1169 quod
1715 1114 1847 1155 sane
1876 1100 2056 1156 decla-

495 1198 582 1243 rat
611 1189 906 1260 Apostolus
938 1194 1005 1247 ad
1035 1193 1350 1249 Corinthios
1398 1194 1679 1250 scribens:
1737 1193 1868 1248 Cum
1918 1195 2054 1248 enim

494 1283 563 1334 sit
601 1282 734 1336 inter
762 1299 848 1337 vos
884 1283 1026 1337 zelus
1053 1293 1102 1337 et
1125 1287 1408 1350 contentio,
1440 1302 1610 1340 nonne
1641 1287 1882 1340 carnales
1905 1287 2050 1352 estis,

493 1383 543 1426 et
588 1374 869 1428 secundum
897 1375 1167 1430 hominem
1201 1376 1485 1432 ambulatis
1508 1379 1590 1432 "‘l
1642 1378 1742 1434 Hic
1767 1395 1896 1435 vero
1919 1378 2056 1434 Sau-

493 1467 600 1522 lem
639 1483 854 1538 quoque
885 1469 1001 1524 zelo
1039 1477 1094 1524 et
1124 1473 1474 1526 contentione
1503 1473 1746 1542 plenum,
1797 1473 1894 1544 qui
1929 1473 2051 1528 ideo

492 1556 750 1614 Davidem
791 1561 1041 1629 pellebat,
1089 1575 1306 1616 carnem
1343 1563 1576 1627 vocavit,
1615 1564 1802 1618 dicens
1855 1582 1868 1618 :
1929 1563 2052 1617 Non

493 1648 683 1700 timebo
709 1647 835 1717 quid
871 1649 1035 1717 faciat
1070 1649 1199 1704 mihi
1227 1667 1373 1706 caro.
1415 1651 1617 1708 Deinde
1642 1653 1750 1707 ait:
1790 1652 1926 1707 Tota
1967 1653 2050 1708 die

490 1739 644 1793 verba
671 1757 786 1794 mea
814 1742 1242 1808 exsecrabantur,
1286 1742 1561 1797 adversum
1596 1762 1675 1798 me
1707 1762 1881 1801 omnes
1912 1747 2051 1817 cogi-

2165 565 2292 616 μην,
2337 547 2412 610 ὡς
2448 549 2647 619 μηδένα
2679 549 2784 602 τῶν
2815 549 3113 603 διωκόντων
3146 551 3572 622 ἐπιστρέφεσθαι.
3603 558 3672 611 Οὖ-

2159 657 2265 703 τως
2297 640 2386 692 ἐπὶ
2417 639 2493 710 τῷ
2520 639 2636 710 Θεῷ
2662 640 2913 705 ἐλπίζων,
2943 641 3035 694 καὶ
3062 643 3185 706 τοὺς
3209 642 3395 711 λόγους
3427 645 3578 699 αὑτοῦ
3608 649 3680 717 φέ-

2161 749 2267 802 ρων
2301 733 2358 784 ἐν
2398 731 2475 803 τῷ
2523 732 2747 803 στόματί
2795 750 2917 803 μου,
2961 735 3140 804 πάσης
3187 735 3283 805 τῆς
3329 735 3387 803 ἐξ
3419 738 3682 808 ἀνθρώπων

2158 825 2446 896 ἐπιϐουλῆς
2489 825 2870 896 κατεφρόνουν,
2915 826 2974 879 οὐ
3011 825 3335 897 φοϐούμενος
3384 830 3439 881 τι
3478 830 3680 897 ποιήσει

2151 935 2252 985 μοι
2284 917 2458 984 σάρξ.
2508 919 2572 970 Τί
2624 917 2731 988 γὰρ
2779 918 2844 970 ἂν
2893 918 2983 970 καὶ
3023 918 3233 971 δύναιτο
3281 919 3414 990 σὰρξ
3446 921 3538 974 καὶ
3571 917 3680 993 αἷμα

2157 1007 2292 1078 πρὸς
2323 1008 2453 1061 Θεὸν
2487 1009 2710 1080 βοηθόν;
2744 1010 2812 1061 El
2844 1008 2950 1079 γὰρ
2993 1011 3025 1062 ό
3055 1008 3196 1076 Θεὸς
3223 1009 3373 1078 ὑπὲρ
3406 1009 3583 1080 ἡμῶν,
3611 1015 3680 1080 τίς

2155 1099 2281 1153 καθ’
2304 1098 2498 1168 malm;
2527 1099 2685 1170 φησὶν
2706 1099 2733 1150 6
2766 1096 3103 1160 Ἀπόστολος.
3134 1097 3275 1168 Σάρξ
3299 1098 3355 1150 δὲ
3381 1093 3448 1169 ἦν
3469 1100 3497 1151 6
3519 1100 3678 1164 Σαοὺλ,

2154 1191 2219 1244 τὰ
2249 1192 2346 1260 τῆς
2384 1191 2583 1263 σαρκὸς
2611 1189 2819 1260 φρονῶν
2839 1206 2850 1218 ·
2881 1189 2909 1241 ὃ
2943 1188 3006 1260 δὴ
3039 1189 3362 1261 παρίστησιν
3394 1192 3422 1244 6
3462 1191 3680 1244 Ἀπόστε-

2153 1280 2497 1354 λοςηγράφων
2525 1281 2827 1354 Κορινθίοις
2850 1299 2864 1313 ο
2900 1281 3086 1336 Ὅπου
3119 1281 3228 1351 γὰρ
3254 1282 3324 1334 ἐν
3357 1281 3497 1350 ὑμῖν
3531 1281 3680 1351 ζῆλος

2152 1371 2250 1424 καὶ
2277 1371 2419 1438 ἔρις,
2444 1373 2577 1442 οὐχὶ
2617 1371 2888 1440 σάρκινοί
2913 1372 3070 1436 ἐστε,
3103 1372 3199 1425 καὶ
3233 1373 3382 1425 κατὰ
3403 1371 3680 1440 ἄνθρωπον

2152 1463 2558 1532 περιπατεῖτε;
2594 1463 2652 1516 Ὀ
2683 1463 2739 1516 δέ
2773 1463 2863 1517 καὶ
2894 1464 2983 1516 τὸν
3016 1462 3186 1517 Σαοὺλ
3221 1463 3383 1535 ζήλου
3421 1465 3679 1535 πεπληρω-

2156 1555 2314 1626 μένον
2351 1557 2445 1609 κα⁴ι
2495 1555 2685 1626 ἔριδος,
2727 1555 2821 1609 καὶ
2870 1555 2956 1609 διὰ
2997 1555 3168 1610 ταῦτα
3215 1555 3305 1610 τὸν
3351 1555 3510 1610 Δαυῒδ
3552 1555 3679 1611 ἐλαύ-

2151 1664 2336 1712 νοντα,
2387 1647 2563 1720 σάρκα
2607 1647 2884 1718 ὠνόμασεν
2931 1647 3132 1701 εἰπών’
3178 1651 3260 1702 Οὐ
3303 1649 3678 1718 φοϐηθήσομαι

2151 1737 2208 1790 τί
2239 1736 2473 1802 ποιήσει
2498 1754 2597 1807 μοι
2630 1736 2804 1806 σάρξ.
2837 1734 2970 1792 Εἶτά
3000 1755 3192 1808 φησιν·
3227 1741 3409 1806 Ὅλην
3433 1740 3544 1806 τὴν
3566 1739 3679 1808 ruri»

475 1831 715 1886 .tationes
743 1848 924 1885 eorum
951 1832 1004 1885 in
1035 1833 1256 1889 malum.
1298 1833 1452 1900 Quod
1480 1851 1611 1890 sane
1650 1837 1855 1892 clarius
1882 1839 2042 1893 inter-

2147 1845 2261 1896 ραν
2292 1828 2432 1896 τοὺς
2469 1829 2688 1899 λόγους
2731 1848 2850 1899 μου
2897 1828 3355 1896 ἐϐδελύσσοντο,
3401 1831 3525 1884 κατ’
3558 1831 3678 1899 ἐμοῦ

474 1930 736 1993 ,ρτοιοιιιε
763 1931 849 1979 est
883 1923 1263 1996 Symmachus,
1292 1926 1515 1982 dicens:
1551 1926 1655 1982 Per
1677 1944 1878 1983 omnem
1912 1930 2049 1984 diem

484 2030 751 2068 sermones
780 2013 842 2069 de
872 2033 950 2070 me
981 2015 1235 2071 curabant
1263 2033 1281 2071 :
1321 2028 1614 2074 contra‘me
1644 2021 1811 2074 omnis
1835 2023 2048 2091 cogita-

487 2108 566 2161 tio
594 2125 775 2163 eorum
807 2109 861 2163 in
891 2110 1111 2165 malum.
1165 2113 1243 2164 Ac
1278 2111 1323 2168 si
1362 2113 1508 2166 enim
1541 2111 1681 2166 nihil
1715 2112 1862 2168 aliud
1914 2113 2048 2184 ipsis

487 2198 759 2269 agendum
794 2208 1134 2270 suppeteret,
1169 2217 1346 2272 neque
1404 2203 1472 2258 de
1519 2203 1645 2258 aliis
1695 2219 1880 2260 sermo
1932 2219 2050 2259 mo-

474 2288 697 2345 nendus
739 2299 916 2358 esset;
971 2291 1144 2345 otium
1175 2308 1335 2348 suum
1377 2301 1550 2348 totum
1591 2294 1648 2348 in
1697 2294 1964 2364 loquendo
1995 2303 2050 2351 et

485 2381 780 2451 cogitando
817 2379 884 2437 de
915 2397 1002 2437 me
1027 2383 1394 2451 insumebant,
1423 2385 1555 2440 nihil
1588 2386 1715 2441 boni
1741 2387 1797 2441 in
1828 2402 1912 2442 me
1937 2403 2050 2443 mo-

486 2471 711 2539 lientes;
741 2473 836 2527 sed
863 2473 919 2527 in
951 2474 1154 2529 malum
1203 2484 1256 2530 et
1298 2491 1404 2547 pro
1447 2476 1591 2532 malo
1648 2485 1816 2533 totam
1857 2494 2045 2534 curam
2098 2511 2114 2524 -

467 2563 870 2633 impendebant
904 2579 1086 2623 suam.

557 2737 724 2795 Vsus.
749 2741 811 2806 ’7,
837 2740 895 2796 8.
916 2739 1312 2799 'Inltabitabunt
1343 2755 1394 2800 et
1425 2747 1768 2814 abscondent,
1802 2749 1906 2819 ipsi
1933 2750 2046 2804 cal-

472 2845 704 2885 ‘caneum
733 2849 904 2886 meum
947 2834 1309 2890 observabant.
1347 2837 1494 2892 Sicut
1523 2841 1884 2896 sustinuerunt
1928 2843 2044 2896 ani-

483 2939 627 2975 mam
656 2939 821 2976 meam
854 2940 948 2993 pro
972 2926 1137 2981 nihilo
1165 2929 1338 2983 salvos
1370 2929 1532 2997 facies
1563 2932 1717 2997 illos;
1750 2934 1805 2986 in
1847 2934 1928 2986 ira
1958 2949 2046 3002 po-

477 3014 634 3083 pulos
665 3015 982 3086 confringes,
1017 3016 1178 3084 Deus.
1230 3017 1355 3074 Haec
1385 3022 1623 3079 obscure
1647 3023 1788 3093 apud
1816 3022 2044 3094 Septua—

482 3107 632 3176 ginta
674 3105 1002 3179 [interpretes
1035 3109 1200 3178 dicta,
1233 3114 1478 3182 apertius
1514 3117 1904 3186 interpretatus
1958 3122 2042 3172 est

2149 1919 2368 1986 πάντες
2388 1922 2442 1974 οἱ
2466 1919 2837 1990 διαλογισμοί
2877 1919 3073 1975 αὐτῶν
3099 1923 3183 1987 είς
3213 1921 3430 1974 κακόν·
3460 1920 3487 1974 ὃ
3517 1920 3575 1991 δὴ
3599 1938 3677 1974 σα-

2147 2011 2406 2082 φέστερον
2433 2012 2775 2083 ἡρμήνευσεν
2797 2012 2826 2063 ό
2851 2004 3140 2082 Σύμμαχος
3164 2011 3330 2066 εἰπών
3345 2031 3357 2042 ·
3385 2011 3485 2066 Διά
3504 2011 3678 2079 πάσης

2147 2104 2371 2172 ἡμέρας
2398 2104 2618 2172 λόγους
2657 2103 2789 2172 περὶ
2830 2103 2974 2173 ἐμοῦ
3002 2104 3364 2174 ἐφρόντιζον
3408 2105 3530 2157 κατ’
3558 2103 3677 2172 ἐμοῦ

2147 2192 2264 2260 πᾶς
2290 2193 2674 2264 διαλογισμὸς
2700 2195 2897 2250 αὐτῶν
2920 2199 3007 2264 εἰς
3034 2199 3236 2251 κακόν.
3280 2197 3365 2261 Ὠς
3398 2198 3506 2269 γὰρ
3543 2197 3678 2268 μηδὲν

2147 2283 2359 2354 ἔχοντες
2390 2283 2576 2355 ἕτερον
2615 2285 2892 2356 πράττειν,
2931 2287 3062 2357 μηδέ
3105 2286 3232 2358 περὶ
3271 2287 3470 2358 ἐτέρων
3516 2287 3677 2356 λόγους

2146 2379 2333 2440 κινεῖν,
2363 2376 2460 2448 τὴν
2491 2378 2668 2431 πᾶσαν
2697 2377 2904 2431 ἑαυτῶν
2932 2376 3123 2448 σχολὴν
3152 2381 3264 2441 τοῖς
3296 2378 3424 2450 περὶ
3453 2378 3580 2450 ἐμοῦ
3608 2378 3676 2432 λό-

2146 2487 2261 2538 γοις
2291 2470 2384 2523 καὶ
2420 2472 2530 2534 τοῖς
2569 2469 2690 2523 κατ’
2728 2469 2860 2540 ἐμοῦ
2893 2469 3167 2541 λογισμοῖς
3197 2471 3522 2534 ἀνετίθεσαν,
3553 2471 3677 2526 οὐδὲν

2144 2562 2345 2630 ἀγαθὸν
2400 2563 2525 2634 περὶ
2572 2561 2706 2633 ἐμοῦ
2761 2561 3151 2634 βουλευόμενοι.
3213 2563 3356 2616 Ἀλλ’
3413 2565 3490 2627 είς
3533 2561 3676 2618 κακὸν

2144 2655 2239 2707 καὶ
2273 2655 2364 2707 ἐπὶ
2391 2654 2544 2725 κακῷ
2573 2654 2670 2727 τὴν
2699 2653 2906 2709 ἐαυτῶν
2940 2655 3317 2719 ἀναλίσκοντες
3345 2655 3587 2726 σπουδήν.

2213 2744 2660 2814 Παροικήσουσι
2700 2746 2797 2799 καὶ
2840 2747 3348 2814 κατακρύψουσιν,
3383 2747 3546 2800 αὐτοὶ
3583 2747 3677 2814 τὴν

2144 2836 2404 2904 πτέρναν
2459 2854 2576 2906 μου
2635 2835 2991 2906 φυλάξουσι.
3054 2837 3330 2906 Καθάπερ
3383 2837 3677 2907 ὑπέμειναν

2142 2925 2257 2993 τὴν
2292 2926 2502 2996 ψυχήν
2540 2945 2678 2996 μου,
2724 2927 2876 2996 ὑπὲρ
2904 2925 3009 2980 τοῦ
3049 2927 3306 2997 μηδενός
3347 2927 3558 2994 σώσεις
3590 2930 3677 2982 αὑ-

2143 3018 2283 3085 τούς
2301 3035 2316 3048 ο
2343 3019 2412 3072 ἐν
2437 3017 2583 3088 ὀργῇ
2609 3019 2796 3085 λαοὺς
2828 3017 3120 3085 κατάξεις,
3146 3022 3179 3073 ό
3206 3020 3368 3086 Θεός.
3401 3021 3505 3073 Καὶ
3526 3018 3674 3072 ταῦτα

2143 3113 2366 3181 ἀσαφῶς
2398 3113 2656 3184 εἰρημένα
2687 3113 2834 3184 παρὰ
2852 3115 2963 3177 τοῖς
2997 3113 3411 3185 Ἐὄδομήκοντα,
3451 3113 3674 3166 λευκότεν

461 3198 846 3270 Symmachus
893 3202 978 3257 his
1009 3203 1188 3258 verbis
1223 3222 1239 3261 :
1270 3204 1653 3262 Conveniebant
1692 3208 1852 3267 clam,
1885 3217 1933 3261 et
1961 3225 2042 3262 ve-

2147 3220 2238 3274 ρον
2277 3203 2671 3274 διηρμήνευσεν
2709 3205 2737 3257 6
2774 3204 3084 3276 Σύμμαχος,
3122 3203 3322 3258 εἰπών’
3366 3204 3675 3272 rimimo

479 3291 641 3359 stigia
672 3308 786 3346 mea
820 3292 1186 3362 observabant,
1213 3309 1567 3368 exspectantes
1598 3301 1831 3354 animam
1874 3317 2044 3355 meam

478 3392 695 3451 propter
725 3385 1083 3454 iniquitatem.
1135 3389 1325 3444 Libera
1349 3390 1413 3443 ab
1456 3391 1589 3456 illis,
1628 3393 1682 3446 in
1714 3394 1796 3447 ira
1825 3394 2041 3463 populos

481 3474 735 3544 deprime,
797 3477 961 3537 Deus.
1010 3483 1089 3536 ita
1130 3484 1296 3548 enim,
1341 3483 1538 3554 inquit,
1593 3492 1708 3540 tota
1770 3485 1857 3542 die
1909 3487 2041 3541 mihi

457 3567 871 3646 '[Observando]
897 3575 1201 3639 'vacabant,
1227 3590 1506 3632 sermones
1521 3575 1592 3632 de
1622 3593 1708 3632 me
1739 3586 2039 3644 moventes,

477 3669 536 3716 et
568 3670 682 3718 tota
707 3667 965 3736 cogitatio
997 3682 1189 3722 eorum
1233 3675 1422 3723 contra
1472 3685 1558 3724 me
1583 3677 1734 3738 erat;
1772 3677 1832 3725 ut
1852 3671 2043 3726 stude—

459 3759 602 3804 rent
646 3769 753 3807 una
789 3756 951 3809 simul
991 3756 1281 3812 adversum
1304 3773 1388 3812 me
1418 3759 1882 3829 conspirationem
1917 3776 2044 3816 con-

457 3842 648 3898 'ﬂare:
687 3860 862 3914 neque
890 3862 956 3902 eo
990 3847 1562 3920 sisterentgradum;
1598 3851 1694 3907 sed
1729 3852 1893 3907 etiam
1929 3854 2041 3908 cal-

479 3949 711 3989 caneum
756 3937 870 3993 sive
900 3939 1025 3993 vitae
1057 3955 1305 4010 gressum
1340 3941 1717 4010 observarent,
1746 3960 1875 3998 num
1912 3961 2042 4016 sup-

476 4025 778 4095 plantando
827 4027 1063 4098 dejicere
1116 4046 1203 4085 me
1242 4040 1488 4101 possent.
1546 4030 1787 4103 Vestigia
1819 4051 2039 4106 quoque

479 4129 623 4180 mea,
653 4125 707 4171 et
760 4133 868 4187 quo
917 4133 1220 4190 pergerem,
1278 4123 1663 4190 observabant,
1717 4133 1776 4179 ut
1820 4142 2040 4197 quoquo

478 4205 642 4261 modo
688 4223 776 4263 me
809 4210 1350 4279 comprehenderent.
1398 4213 1525 4269 Haec
1561 4215 1638 4270 illi
1678 4216 1770 4286 qui
1805 4233 1892 4273 me
1923 4219 2041 4274 sine

477 4311 647 4353 causa
673 4301 1140 4370 persequebantur
1167 4312 1358 4358 contra
1403 4319 1490 4360 me
1523 4306 1899 4377 designabant.
1957 4307 2039 4365 Tu

478 4394 684 4455 autem,
717 4387 965 4455 Domine,
995 4407 1121 4461 spes
1156 4408 1316 4459 'mea,
1352 4409 1440 4450 me
1490 4396 1561 4451 ab
1612 4396 1820 4466 injusta
1849 4414 2038 4454 eorum

474 4480 882 4550 conspiratione
918 4482 1160 4550 liberes;
1217 4484 1366 4554 ipsos
1407 4495 1587 4542 autem
1636 4490 1719 4543 ira
1749 4497 1842 4544 tua
1884 4493 2038 4546 inva-

473 4571 631 4638 dens,
657 4588 727 4629 ex
752 4590 816 4628 ea
844 4578 1152 4647 arrogantia
1177 4587 1230 4634 et
1264 4581 1520 4652 superbia
1561 4581 1736 4651 dejice
1763 4601 1776 4638 :
1803 4584 1856 4638 id
1891 4585 2036 4639 enim

473 4665 611 4734 ipsis
646 4667 778 4722 utile
795 4669 921 4723 erit.
974 4668 1252 4740 Siquidem
1282 4673 1414 4728 elati
1441 4688 1505 4728 ac
1542 4681 1839 4740 tumentes,
1881 4675 1934 4730 id
1975 4676 2033 4731 in

472 4770 630 4810 suam
673 4759 971 4827 perniciem
1014 4763 1283 4833 agebant:
1344 4765 1546 4820 etenim
1602 4764 1746 4820 Deus
1797 4766 2034 4835 superbis

475 4849 694 4916 resistit,
726 4850 1011 4906 humilibus
1036 4864 1212 4908 autem
1235 4854 1328 4908 dat
1355 4856 1584 4925 gratiam
1601 4857 1680 4913 “:
1712 4873 1880 4927 quare
1902 4873 2035 4928 rogo

473 4954 665 4995 omnes
714 4941 1059 5012 insurgentes
1102 4945 1161 4999 in
1202 4961 1288 5000 me
1329 4946 1638 5015 deprimas;
1665 4949 1798 5013 sive,
1835 4964 2036 5004 secun-

473 5031 603 5084 dum
636 5030 910 5101 Aquilam,
962 5034 1219 5104 dejicias;
1242 5044 1306 5090 ut
1331 5037 1632 5095 modestius
1660 5047 1821 5111 atque
1852 5041 2036 5096 humi-

471 5123 582 5180 lius
613 5126 937 5194 sentientes,
969 5143 1224 5199 magnam
1260 5132 1552 5188 utilitatem
1589 5134 1918 5205 percipiant.

541 5313 707 5376 Vens.
743 5319 799 5385 9,
831 5322 932 5376 '10.
973 5321 1153 5377 Vitam
1202 5339 1372 5378 meam
1417 5325 1724 5380 annuntiavi
1781 5323 1896 5390 tibi,
1941 5340 2036 5394 po-

469 5410 919 5481 suisti‘lacrymas
958 5430 1100 5469 meas
1144 5415 1199 5468 in
1243 5424 1522 5484 conspectu
1555 5415 1834 5480 tuo;sicut
1877 5423 1928 5469 et
1976 5415 2031 5468 in

467 5502 951 5570 promissionetua.
983 5515 1337 5562 convertentur
1369 5508 1570 5562 inimici
1597 5508 1695 5562 mei
1721 5517 2028 5572 retrorsum,

468 5594 524 5646 in
551 5609 856 5666 quacunque
875 5597 960 5653 die
977 5598 1279 5654 invocavero
1305 5609 1374 5655 te.
1398 5599 1523 5655 Hec
1551 5600 1753 5657 clarius
1785 5598 2032 5671 Symma-

542 5751 590 5784 “
631 5750 792 5806 Rom.
822 5767 938 5816 vui,
969 5754 1058 5810 3i.

2143 3294 2353 3362 λάθρα,
2389 3293 2486 3348 καὶ
2511 3297 2584 3349 τὰ
2617 3297 2753 3366 ἴχνη
2773 3313 2892 3365 μου
2935 3293 3306 3364 παρετήρουν
3331 3291 3675 3362 προσδοκῶν-

2144 3402 2240 3451 τες
2276 3385 2389 3454 τὴν
2428 3386 2638 3456 ψυχήν
2667 3405 2783 3457 μου
2816 3387 2912 3441 διὰ
2941 3387 3058 3455 τὴν
3083 3387 3338 3441 ἀδικίαν.
3379 3386 3566 3440 Ῥῦσαι
3589 3385 3673 3439 ἀπ’

2144 3477 2360 3543 αὐτῶν,
2399 3479 2469 3532 ἐν
2511 3478 2657 3548 ὀργῇ
2697 3480 2884 3546 λαοὺς
2917 3479 3226 3549 κατάγαγε,
3274 3482 3307 3532 ό
3338 3480 3490 3544 Θεός.
3515 3478 3674 3539 Οὕτως

2144 3570 2272 3642 γὰρ,
2310 3571 2463 3641 φησὶ,
2498 3571 2586 3624 διὰ
2630 3573 2806 3643 πάσης
2837 3571 3048 3644 ἡμέρας
3086 3570 3207 3640 ἐμοὶ
3239 3569 3538 3639 ἐσχόλαζον,
3567 3569 3674 3630 τοὺς

2144 3662 2271 3734 περὶ
2296 3661 2426 3732 ἐμοῦ
2457 3661 2644 3730 λόγους
2673 3661 2964 3727 κινοῦντες,
2993 3662 3087 3716 καὶ
3108 3663 3216 3725 πᾶς
3243 3659 3574 3730 διαλογισμὸς
3593 3658 3674 3712 aii-

2139 3753 2248 3804 τῶν
2277 3752 2396 3804 κατ’
2439 3749 2572 3821 ἐμοῦ
2608 3751 2879 3818 ἐγίγνετο⁶
2904 3751 2986 3815 κὼς
3020 3750 3338 3816 σπουδάζειν
3380 3747 3671 3817 συνάγεσθαι

2142 3843 2340 3906 αὐτοὺς
2363 3841 2496 3911 ὁμοῦ
2526 3844 2790 3906 συσκευάς
2815 3859 2827 3872 ·
2846 3843 2947 3897 καὶ
2980 3843 3052 3914 μὴ
3091 3841 3249 3917 μέχρι
3271 3842 3456 3897 τούτου
3481 3842 3669 3914 χωρεῖν,

2140 3933 2276 3988 ἀλλὰ
2309 3934 2401 3987 καὶ
2435 3934 2886 4006 περιεργάζεσθαί
2918 3951 3016 4004 μου
3044 3933 3140 4005 τὴν
3173 3935 3426 4005 πτέρναν,
3457 3931 3671 3986 τουτέστι

2139 4025 2237 4096 τὴν
2262 4024 2355 4077 τοῦ
2392 4024 2521 4095 βίου,
2548 4025 2793 4097 πορείαν,
2831 4025 2883 4076 ετ
2912 4042 3028 4089 πως
3056 4025 3395 4088 σκελίσαντες
3432 4022 3670 4094 δυνηθεῖεν

2141 4118 2462 4172 καταϐαλεῖν
2494 4136 2581 4188 με.
2613 4120 2723 4171 Καὶ
2746 4118 2814 4172 τὰ
2846 4119 2964 4188 ἴχνη
2989 4118 3044 4171 δέ
3071 4136 3171 4189 μου
3199 4120 3548 4190 παρετήρουν,
3567 4117 3668 4168 ὅποι

2141 4212 2206 4265 ἂν
2248 4210 2536 4281 βαδίζοιμι,
2571 4212 2664 4265 καὶ
2705 4212 2770 4264 ἵν’
2801 4211 2947 4273 ὅπως
2987 4209 3322 4263 ἐπιλάϐοιντό
3365 4227 3482 4281 μου.
3513 4207 3668 4261 Ταῦτα

2142 4304 2239 4372 μὲν
2269 4296 2358 4354 οὖν
2387 4303 2436 4354 οἱ
2468 4301 2642 4373 μάτην
2673 4302 2956 4367 διώκοντες
2983 4307 3102 4357 κατ’
3134 4303 3267 4375 ἐμοῦ
3309 4304 3576 4374 ἔπραττον.
3606 4301 3665 4352 Σὺ

2138 4393 2215 4457 δέ,
2266 4393 2458 4464 Κύριε,
2491 4396 2523 4463 ὴ
2555 4394 2661 4465 ἐμὴ
2686 4395 2863 4460 ἐλπὶς,
2894 4396 2993 4466 ἐμὲ
3027 4397 3122 4467 μὲν
3162 4397 3261 4466 τῆς
3303 4396 3485 4448 ἀδίκου
3517 4390 3667 4446 αὐτῶν

2143 4484 2410 4554 συσκευῆς
2466 4485 2646 4556 ῥῦσαι,
2695 4487 2888 4550 αὐτοὺς
2937 4487 2992 4540 δέ
3045 4486 3312 4558 μετελθὼν
3360 4488 3426 4558 τῇ
3472 4480 3665 4538 σεαυτοῦ

2068 4543 2118 4603 D
2140 4574 2298 4645 ὀργῇ,
2331 4543 2601 4627 κατάϐαλε
2763 4543 3128 4647 μεγαλαυχίας
3144 4577 3244 4629 καὶ
3268 4576 3369 4646 τῆς
3398 4543 3668 4646 ύψηλοφρο-

2143 4663 2334 4736 σύνης⁹
2381 4666 2537 4719 τοῦτο
2568 4666 2676 4736 γὰρ
2717 4667 2895 4731 αὐτοῖς
2949 4668 3199 4720 συνοίσει.
3233 4667 3545 4739 Ὑψούμενοι
3575 4662 3665 4734 γὰρ

2110 4804 2112 4806 τ
2140 4755 2234 4808 καὶ
2267 4757 2636 4828 ἐπαιρόμενοι,
2668 4758 2752 4810 ἐπ’
2777 4756 2978 4828 ὀλέθρῳ
3002 4757 3079 4828 τῷ
3100 4758 3307 4811 ἑαυτῶν
3331 4758 3481 4812 ταῦτ’
3503 4757 3667 4826 ἐπρατ-

2138 4863 2228 4898 τον
2248 4862 2260 4874 ·
2276 4849 2309 4899 ὁ
2323 4846 2428 4918 γὰρ
2460 4846 2602 4912 Θεὸς
2617 4845 3017 4915 ὑπερηφάνοις
3031 4845 3446 4900 ἀντιτάσσεται
3457 4886 3470 4911 ,
3499 4859 3665 4899 ram-

2136 4935 2347 5002 νοῒςδὲ
2362 4937 2570 4991 δίδωσι
2593 4938 2797 5007 χάριν·
2852 4938 2952 5001 διὸ,
3008 4938 3254 5003 ἱκετεύω,
3307 4939 3513 5003 πάντας
3564 4936 3666 4996 τοὺς

2139 5031 2595 5100 ἐπανισταμένους
2627 5048 2716 5102 μοι
2732 5031 3006 5100 κατάγαγε
3027 5047 3042 5062 ο
3073 5031 3127 5102 ἢ,
3160 5029 3300 5085 κατὰ
3324 5031 3418 5085 τὸν
3453 5028 3664 5090 Ἀκύλαν,

2134 5121 2566 5176 καταϐίϐασον·
2614 5123 2689 5185 ὡς
2735 5123 2820 5188 ἂν,
2872 5122 3086 5194 μέτριον
3137 5121 3390 5193 φρόνημα
3447 5121 3665 5177 λαὸὀντες

2128 5215 2230 5267 καὶ
2258 5215 2488 5268 ταπεινὰ
2521 5215 2863 5288 φρονοῦντες,
2901 5214 2971 5268 τὰ
3003 5214 3214 5285 μεγάλα
3245 5214 3576 5284 ὼφεληθεῖεν.

2212 5328 2331 5398 Τὴν
2355 5329 2504 5397 ζωήν
2528 5347 2645 5399 μου
2675 5330 2990 5402 ἐξήττειλά
3021 5347 3137 5394 σοι,
3186 5331 3326 5385 ἔθου
3363 5330 3436 5384 τὰ
3469 5321 3664 5394 δάκρυά

2129 5437 2250 5491 μου
2280 5420 2532 5475 ἐνώπιόν
2566 5437 2703 5476 σου·
2753 5424 2835 5488 ὡς
2869 5422 2969 5476 καὶ
3013 5423 3082 5476 ἐν
3109 5420 3184 5489 τῇ
3217 5419 3529 5491 ἐπαγγελίᾳ
3547 5431 3661 5476 σου,

2135 5513 2608 5581 ἐπιστρέψουσιν
2637 5518 2688 5568 οὶ
2718 5515 2918 5584 ἐχθροί
2951 5532 3070 5586 μου
3099 5517 3185 5580 εὶς
3208 5514 3280 5568 τὰ
3307 5515 3508 5577 ὀπίσω,
3541 5510 3599 5562 ἐν

2133 5604 2217 5658 ἂν
2252 5604 2435 5674 ᾑμέρᾳ
2459 5606 2896 5677 ἐπικαλέσωμαι
2911 5619 3002 5661 σε.
3023 5606 3133 5662 Καὶ
3151 5606 3321 5663 ταῦτα
3347 5608 3374 5660 ὁ
3405 5603 3664 5674 Σύμμαχος

1151 5755 1192 5787 ¹¹
1229 5753 1396 5810 [Con
1434 5770 1515 5822 ιιι,
1553 5756 1606 5812 5.
1686 5758 1703 5790 ¹
1745 5756 1764 5810 l
1798 5755 1948 5814 Petr.
1986 5774 2041 5824 ν,
2079 5759 2128 5812 5.
