3822 6280
105 414 205 469 497

1232 407 1733 465 COMMENTARIA
1776 412 1841 466 IN
1884 411 2222 466 PSALMOS.

3233 406 3338 461 ωε

105 529 437 599 σαφέστερον
460 528 824 598 ἡρμήνευσεν,
848 527 1017 591 οὕτως
1058 525 1333 581 εἰπών’Τὰ
1358 527 1543 617 51130):
1548 546 1667 596 μου

1805 532 1908 586 hus
1963 532 2351 599 interpretatus
2396 532 2485 581 est
2524 522 2610 580 his
2640 525 2821 579 verbis
2859 543 2871 579 :
2915 524 3177 581 Interiora
3227 542 3341 577 mea

108 623 520 690 ὲξηρίθμησας
544 638 557 649 ·
620 619 697 673 σὺ
756 620 894 674 ἔθου
929 621 999 673 τὰ
1025 619 1253 688 δάκρυά
1276 638 1394 689 μου
1426 619 1679 675 ἐνώπιόν

108 729 239 768 σου.
270 710 371 778 Μὴ
399 710 537 780 οὐχί
592 709 735 763 ὅταν
772 709 1112 779 έξαριθμῇς,
1144 711 1273 762 τότε
1298 709 1681 778 ἀποστραφή-

111 820 311 860 certat
346 808 401 859 οἰ
440 805 640 873 ἐχθροί
686 822 803 873 μου
848 805 1057 869 ὀπίσω,
1087 797 1127 874 ᾖ
1159 802 1235 856 ἂν
1266 803 1455 872 ἡμέρᾳ
1475 804 1678 857 ἐπικα-

111 898 371 965 λέσωμαι
400 912 517 959 σε;
564 897 627 948 Oi.
653 896 748 966 μὲν
796 895 977 967 ἐχθροί
1008 912 1129 965 μου,
1155 896 1305 964 φησι,
1358 894 1444 947 διὰ
1503 893 1682 962 πάσης

112 991 317 1058 ημέρας
342 986 535 1055 λόγους
560 988 687 1059 περὶ
736 986 870 1057 ἐμοῦ
902 986 1200 1050 ἅνεκίνουν,
1250 987 1341 1039 καὶ
1401 987 1519 1039 κατ’
1547 983 1680 1055 ἐμοῦ

115 1078 306 1142 πάντες
329 1081 379 1132 οἱ
409 1078 743 1148 διαλογισμοὶ
801 1077 977 1131 αὐτῶν
1022 1073 1179 1148 ἦσαν’
1230 1076 1340 1147 ἐγὼ
1386 1078 1440 1129 δὲ
1468 1077 1683 1140 ὁποίους

115 1170 167 1220 ὲν
193 1168 416 1240 ἐμαυτῷ
448 1170 674 1238 συνῆγον
702 1168 992 1238 λογισμοὺς
1025 1170 1117 1221 καὶ
1141 1168 1331 1231 ὁποίας
1360 1168 1684 1239 ἐνθυμήσεις

116 1256 274 1331 εἶχον,
303 1262 366 1313 σὺ
427 1261 606 1324 αὐτὸς,
648 1260 722 1323 ώς
757 1258 1192 1330 καρδιογνώστης
1233 1259 1383 1323 Θεὸς,
1413 1256 1578 1321 οἶδας.
1606 1257 1687 1311 Τὰ

118 1354 216 1423 γὰρ
240 1353 387 1405 ἔνδον
427 1370 525 1423 μου
552 1351 920 1423 ἐξηρίθμησας
942 1351 1137 1415 πάντα,
1160 1352 1251 1405 καὶ
1271 1352 1338 1404 τὰ
1364 1353 1568 1423 κρύφια
1587 1370 1685 1423 μου

118 1446 203 1499 καὶ
226 1445 324 1507 τὰς
351 1443 672 1515 ἐνθυμήσεις
698 1444 795 1513 τῆς
821 1443 994 1515 ψυχῆς
1034 1461 1132 1515 μου
1160 1442 1443 1511 γινώσκεις
1460 1461 1473 1474 ⁸
1499 1444 1688 1514 διόπερ

116 1536 228 1589 ἔθου
250 1535 319 1587 τὰ
345 1534 558 1605 δάκρυὰ
594 1551 693 1604 μου
722 1533 947 1588 ἐνώπιόν
985 1552 1099 1596 σου,
1140 1534 1232 1586 καὶ
1276 1534 1373 1587 ούκ
1420 1535 1691 1604 ἀπεστρά-

119 1646 214 1697 φης
244 1628 401 1679 αὑτά·
437 1626 548 1678 ἀλλ’
576 1625 776 1694 ὥσπερ
810 1628 865 1681 ἐν
890 1628 952 1697 τῇ
978 1624 1276 1695 ἐπαγγελίᾳ
1311 1643 1401 1677 σου
1428 1624 1688 1695 ὑπισχνοῦ

117 1713 293 1781 λέγων·
323 1713 449 1764 Ἔτι
499 1713 833 1778 λαλοῦντός
876 1730 990 1766 σου
1028 1713 1156 1781 ἐρῶ·
1231 1713 1384 1767 Ἰδοὺ
1435 1714 1687 1783 πάρειμι,

118 1802 275 1866 οὕτως
301 1803 574 1855 ἀκόλουθα
599 1804 851 1874 πράττων
878 1806 995 1867 ταῖς
1021 1807 1137 1867 σαῖς
1162 1804 1535 1872 ἐπαγγελίαις,
1551 1806 1690 1859 ἔθου

1777 622 2143 675 enumerasti:
2184 626 2237 671 tu
2280 616 2503 685 posuisti
2550 615 2812 685 lacrymas
2860 631 2999 669 meas
3059 630 3235 668 coram
3272 624 3337 665 te-

1778 715 1965 766 Annon
1997 728 2115 764 cum
2160 710 2559 773 enumeraveris,
2589 718 2709 761 tunc
2752 716 3107 761 convertentur
3145 708 3344 761 inimici

1779 806 1878 859 mei
1911 814 2219 867 retrorsum,
2255 803 2312 855 in
2351 816 2654 871 quacunque
2680 800 2763 854 die
2798 802 3099 854 invocavero
3125 802 3213 856 te?
3255 798 3343 854 lno

1782 896 1927 951 imici
1958 894 2175 965 quidem
2209 895 2337 957 mei,
2372 893 2570 963 inquit,
2601 899 2713 946 tota
2746 892 2833 947 die
2856 907 3136 947 sermones
3167 891 3234 946 de
3260 907 3345 945 me

1782 991 2095 1053 movebant,
2122 996 2175 1044 et
2200 995 2392 1043 contra
2430 1002 2514 1041 me
2542 985 2906 1055 cogitationes
2942 999 3129 1039 eorum
3154 993 3343 1049 erant;

1783 1097 1881 1154 ego
1904 1096 2032 1136 vero
2058 1081 2237 1151 qualia
2262 1081 2314 1135 in
2346 1096 2433 1135 me
2464 1080 2751 1135 ratiocinia
2780 1078 3115 1150 collegerim,
3140 1088 3191 1133 et
3214 1092 3349 1148 qua-

1784 1174 1863 1229 les
1900 1173 2257 1243 cogitationes
2288 1172 2591 1237 habuerim,
2628 1179 2707 1237 tu,
2747 1179 2931 1241 utpote
2966 1170 3211 1225 cordium
3257 1185 3361 1239 εον,

1786 1268 1967 1335 gnitor
2013 1264 2176 1329 Deus,
2211 1264 2377 1318 nosti.
2408 1262 2541 1317 Nam
2589 1279 2709 1333 quae
2766 1265 2903 1317 intra
2937 1278 3021 1317 me
3056 1270 3185 1316 sunt
3216 1276 3350 1316 enu-

1785 1356 2010 1411 merasti
2040 1355 2243 1418 omnia,
2275 1362 2328 1409 et
2355 1355 2567 1408 occulta
2591 1369 2709 1409 mea
2740 1355 3207 1424 cogitationesque
3232 1352 3351 1405 ani-

1786 1462 1887 1501 ma:
1915 1462 2047 1501 mea:
2075 1448 2359 1517 cognoscis
2393 1466 2406 1501 :
2433 1446 2783 1516 quamobrem
2823 1445 3053 1515 posuisti
3084 1445 3351 1515 lacrymas

1787 1553 1937 1593 meas
1970 1538 2024 1591 in
2051 1545 2348 1606 conspectu
2378 1544 2493 1600 tuo,
2528 1551 2631 1590 nec
2677 1542 2960 1590 aversatus
3001 1550 3096 1589 eas
3125 1549 3219 1599 es;
3256 1533 3351 1588 sed

1789 1633 1924 1686 sicut
1968 1638 2020 1685 et
2072 1631 2128 1684 in
2178 1630 2540 1699 promissione
2572 1639 2662 1683 tua
2702 1628 2984 1697 professus
3005 1643 3084 1692 es,
3116 1628 3302 1682 dicens
3334 1642 3349 1676 :

1790 1723 1974 1776 Adhuc
2006 1732 2053 1776 te
2085 1723 2321 1791 loquente
2354 1720 2528 1774 dicam
2566 1737 2581 1773 :
2625 1720 2757 1773 Ecce
2802 1720 2988 1773 adsum
3014 1720 3089 1786 ¹⁷;
3119 1718 3199 1773 sic
3222 1733 3354 1772 con-

1793 1819 2080 1881 sequenter
2110 1810 2175 1864 ad
2205 1810 2475 1880 promissa
2511 1818 2622 1874 tua,
2650 1810 2870 1878 posuisti
2913 1808 3178 1879 la‘crymas
3210 1824 3353 1863 meas

118 1897 182 1947 τὰ
201 1894 433 1963 δάκρυά
476 1914 594 1965 μου
646 1894 901 1949 ἐνώπιόν
955 1912 1089 1949 σου.
1126 1898 1233 1949 Καὶ
1286 1896 1425 1949 κατὰ
1452 1899 1550 1969 τὴν
1576 1898 1684 1950 τῶν

1801 1903 1844 1955 in
1878 1910 2154 1970 conspectu
2217 1910 2323 1955 tuo.
2382 1899 2460 1953 Ac
2510 1899 2808 1955 secundum
2854 1900 3352 1968 interpretationem

129 1984 524 2055 Ἑϐδομήκοντα
570 1984 627 2037 δὲ
659 1984 972 2055 ἑρμηνείαν,
1006 1983 1124 2051 Τὴν
1149 1983 1299 2050 ζωήν
1320 2002 1459 2053 μου,
1499 1986 1682 2055 φησιν,

118 2074 429 2143 ἐξήγγειλά
480 2091 598 2140 σοι,
655 2075 731 2138 ὡς
777 2075 841 2129 ἂν
905 2075 1209 2145 παρρησίαν
1267 2074 1413 2143 ἄγων
1473 2078 1563 2128 καὶ
1612 2076 1686 2147 μὴ

120 2167 567 2238 ἐπαισχυνὸμενος
592 2167 683 2219 ἐπί¹
706 2169 771 2237 τῇ
797 2166 1031 2237 ἐμαυτοῦ
1062 2166 1194 2236 ζωῇ.
1231 2164 1301 2217 Σύ
1344 2183 1402 2218 τε
1423 2166 1684 2235 ἀποδεχό-

124 2259 267 2328 μενός
291 2276 396 2328 μου
430 2260 528 2330 τὴν
554 2259 717 2329 ζωὴν,
770 2258 837 2311 τὰ
869 2258 1080 2329 δάκρυὰ
1113 2276 1213 2329 μου
1244 2259 1343 2311 οὐκ
1391 2257 1684 2323 ἀπεσείσω,

124 2349 244 2402 ἀλλὰ
268 2349 375 2421 πρὸ
404 2349 513 2402 τῶν
540 2351 647 2403 σῶν
671 2348 960 2419 ὀφθαλμῶν
994 2350 1115 2403 ἔθου
1144 2350 1299 2415 αὐτὰ,
1334 2348 1688 2419 πιστούμενος

123 2441 211 2504 τὰς
233 2442 327 2504 σὰς
352 2440 701 2509 ἐπαγγελίας.
721 2441 810 2493 Διὸ
833 2439 1162 2502 συνέϐαινεν,
1190 2439 1321 2511 ἐμοῦ
1344 2440 1690 2507 εἰσακουομέ-

125 2548 228 2596 νου,
259 2532 388 2595 τοὺς
438 2530 661 2603 ἐχθρούς
727 2547 825 2601 μου
862 2533 941 2593 εἰς
967 2530 1036 2583 τὰ
1087 2530 1260 2583 ὀπίσω
1310 2533 1523 2601 χωρεῖν·
1569 2530 1690 2583 ὅθεν

126 2620 273 2690 φημί·
314 2622 413 2674 Ἐν
434 2614 471 2691 ᾖ
502 2619 578 2673 ἂν
614 2617 802 2687 ἡμέρᾳ
830 2618 1271 2687 ἐπικαλέσωμαι
1294 2633 1386 2682 σε,
1422 2619 1692 2687 ἐπιστρέ-

125 2713 341 2777 φουσιν
364 2714 417 2764 οἰ
439 2711 639 2778 ἐχθροί
660 2727 779 2778 μου
829 2712 915 2775 εἰς
940 2710 1012 2763 τὰ
1049 2710 1258 2763 ὀπίσω⁸
1295 2709 1437 2763 κατὰ
1483 2710 1540 2763 δέ
1596 2711 1690 2763 τὸν

127 2800 430 2872 Σύμμαχονο
466 2800 563 2868 Μὴ
603 2799 738 2869 οὑχί
773 2800 939 2864 ὅταν,
970 2801 1153 2871 φησὶν,
1187 2799 1530 2870 ἐξαριθμῇς,
1561 2801 1693 2855 τότε

126 2889 687 2959 ἀποστραφήσονται
714 2892 766 2943 οἰ
791 2890 991 2959 εχθοοί
1025 2905 1144 2957 μου
1180 2890 1406 2950 dalata;
1444 2889 1693 2943 Ἐπειδὰν

128 2980 451 3051 φυλοκρινῶν
469 2980 803 3052 διακαθάρῃς
817 2980 1087 3050 ἀφορίζων
1100 2980 1225 3042 τοὺς
1247 2978 1472 3033 σεαυτοῦ
1491 2979 1691 3046 ἀξίους,

129 3072 214 3124 καὶ
243 3072 599 3145 ἐξαρίθμησιν
640 3071 958 3141 ποιούμενος
1008 3070 1117 3124 τῶν
1157 3069 1478 3141 μελλόντων
1507 3073 1587 3134 εἰς
1628 3070 1697 3123 τὰ

128 3159 262 3225 δεξιὰ
317 3160 588 3226 ἵστασθαι,
646 3158 876 3213 καὶτῶν
930 3160 1008 3222 εἰς
1054 3159 1317 3231 ἀριστερὰ
1359 3159 1695 3231 χωρούντων,

1790 1992 1930 2046 LXX
1955 2033 1969 2057 ,
2017 1991 2191 2045 Vitam
2220 2008 2409 2057 meam,
2447 1992 2643 2061 inquit,
2672 1992 2978 2044 annuntiavi
3022 1990 3132 2052 tibi,
3170 1996 3357 2059 utpote

1791 2084 1882 2155 qui
1914 2100 2037 2139 cum
2074 2083 2267 2138 ﬁducia
2287 2098 2524 2153 agerem,
2560 2098 2661 2137 nec
2695 2083 2762 2137 de
2782 2083 2892 2137 vita
2929 2096 3049 2136 mea
3068 2082 3357 2137 erubesce-

1793 2190 1929 2229 rem.
1964 2172 2047 2227 Tu
2078 2190 2204 2229 vero
2235 2190 2359 2227 cum
2392 2174 2560 2228 vitam
2591 2174 2925 2244 approbares
2952 2190 3151 2239 meam,
3183 2175 3357 2243 lacry-

1793 2281 1912 2322 mas
1968 2281 2117 2320 meas
2168 2281 2276 2320 non
2326 2265 2597 2335 repulisti,
2631 2265 2727 2320 sed
2778 2266 2848 2321 ob
2892 2266 3081 2321 oculos
3127 2265 3358 2336 posuisti

1794 2365 1938 2420 tuos,
1974 2358 2054 2412 sic
2088 2356 2373 2427 promissis
2423 2357 2533 2410 tuis
2586 2358 2745 2411 fidem
2797 2357 3116 2411 concilians.
3181 2356 3362 2422 Quare

1796 2448 2042 2518 contigit,
2076 2463 2201 2502 cum
2233 2448 2520 2504 exauditus
2568 2463 2766 2515 essem,
2795 2447 3049 2502 inimicos
3096 2462 3247 2503 meos
3275 2464 3362 2502 re-

1797 2544 1882 2589 tro
1914 2536 2105 2591 cedere
2132 2555 2147 2605 ;
2181 2536 2301 2591 ideo
2332 2537 2455 2591 dico
2488 2556 2503 2593 :
2530 2538 2596 2591 In
2617 2554 2920 2608 quacunque
2948 2522 3031 2591 die
3059 2539 3361 2592 invocavero

1799 2637 1865 2691 te,
1923 2638 2284 2682 convertentur
2318 2630 2520 2683 inimici
2565 2632 2665 2685 mei
2702 2641 3019 2695 retrorsum;
3062 2631 3362 2686 secundum

1800 2718 2183 2791 Symmachum
2201 2737 2329 2776 vero
2358 2743 2370 2776 :
2396 2722 2583 2775 Annon
2605 2738 2721 2775 cum
2740 2707 3143 2782 enumeraveris.
3163 2722 3361 2792 inquit,

1798 2824 2159 2867 convertentur
2177 2814 2381 2868 mimici
2408 2815 2507 2866 mei
2535 2816 2865 2868 retrorsum?
2893 2812 3027 2868 Cum
3052 2829 3146 2882 per
3176 2813 3364 2883 singu-

1799 2904 1882 2958 las
1913 2903 2088 2958 tribus
2117 2920 2431 2967 secernens,
2457 2918 2551 2959 eos
2582 2903 2675 2973 qui
2706 2912 2759 2958 te
2788 2903 2938 2973 digni
2986 2911 3115 2958 sunt
3160 2902 3365 2974 selege-

1800 2994 1900 3058 ris,
1920 3002 1975 3051 et
1998 2995 2409 3050 enumeraveris
2439 3009 2533 3048 eos
2561 2994 2652 3063 qui
2672 2994 2739 3048 ad
2764 2994 3042 3048 dexteram
3065 2992 3362 3055 statuendi,

1802 3094 1856 3142 et
1883 3102 1978 3141 eos
2011 3087 2104 3157 qui
2135 3087 2202 3141 ad
2234 3086 2515 3141 sinistram
2563 3086 2840 3142 recessuri
2890 3094 3039 3150 sunt,
3064 3094 3208 3149 tunc,
3239 3099 3365 3138 cum

1802 3180 1967 3235 talem
2012 3179 2482 3236 enumerationem
2522 3179 2724 3244 facies,
2771 3186 3132 3233 convertentur
3169 3174 3368 3231 inimici

128 3253 281 3322 τότε,
345 3256 401 3307 ἐν
458 3252 536 3324 τῷ
593 3252 653 3304 σὲ
705 3252 803 3322 τὴν
845 3250 1199 3323 ἐξαρίθμησιν
1259 3250 1459 3323 ταύτην
1530 3254 1768 3320 ποιεῖ-(ς
1801 3272 1902 3326 ,ηοξ
1936 3280 2247 3327 retrorsum.

130 3344 279 3411 σθαι,
329 3344 899 3414 ἀποστραφήσονται
954 3347 1007 3397 οἰ
1066 3343 1267 3414 ἐχθροί
1316 3361 1434 3414 μου
1487 3345 1574 3412 εἰς
1620 3343 1693 3399 τὰ

132 3432 334 3490 ὀπίσω.

206 3549 347 3603 Ἰδοὺ
375 3549 589 3619 ἔγνων,
618 3550 706 3603 ὅτι
732 3552 875 3616 Θεός
899 3552 1003 3620 μοί
1033 3550 1222 3605 ἐστιν.
1285 3551 1415 3606 Ἔπί
1466 3550 1545 3618 τῷ
1574 3552 1696 3619 Θεῷ

134 3640 339 3694 αἰνέσω
358 3641 545 3710 ῥῆμα,
571 3643 669 3695 έπί
706 3642 785 3707 τῷ
829 3645 1022 3710 Κυρίῳ
1060 3643 1278 3697 αἰνέσω
1335 3646 1538 3713 λόγον’
1596 3646 1694 3699 ἐπί

134 3730 205 3796 τῷ
227 3734 417 3800 Κυρίῳ
452 3732 705 3801 ἤλπισα,
725 3736 796 3787 οὺ
822 3733 1234 3804 φοϐηθήσομαι
1257 3735 1313 3788 τί
1334 3734 1574 3803 ποιήσει
1595 3754 1698 3806 μοι

134 3823 449 3893 ἄνθρωπος.
498 3825 655 3879 Κατὰ
717 3826 773 3879 δὲ
805 3825 896 3880 τὸν
946 3826 1240 3897 Σύμμαχον
1294 3826 1453 3880 τοῦτό
1511 3845 1692 3899 φησιν·

139 3911 291 3981 Οἶδα,
318 3917 406 3971 ὅτι
430 3919 562 3971 ἐστι
590 3918 732 3984 Θεός
759 3936 879 3988 μοι.
920 3918 1031 3972 Τὸν
1080 3919 1226 3972 Θεὸν
1279 3920 1697 3991 ὐμνολογήσω,

136 4005 224 4061 διὰ
281 4008 387 4063 τοῦ
455 4010 603 4063 Θεοῦ
662 4009 1140 4079 ὐμνοποιήσομαι
1187 4012 1391 4079 λόγον’
1432 4011 1513 4077 τῷ
1580 4012 1701 4077 Θεῷ

138 4100 399 4162 πέποιθα,
434 4103 504 4154 οὐ
533 4103 1036 4171 φοϐηθήσομαιτί
1078 4102 1317 4170 ποιήσει
1344 4121 1445 4172 μοι
1482 4102 1701 4172 ἅνθρω-

138 4204 261 4255 πος.
288 4191 477 4253 Ᾱύτοῖς
501 4190 703 4260 ἔργοις,
729 4193 880 4262 φησὶ,
903 4193 1234 4265 παρείληφα,
1254 4194 1347 4246 καὶ¹
1377 4193 1547 4261 ἔγνων
1578 4193 1701 4264 ἀλη-

142 4281 259 4347 θῶς,
280 4284 360 4336 ὃτι
386 4285 485 4337 ούκ
510 4284 601 4336 ἐπὶ
636 4284 845 4354 ματαίῳ
898 4284 1120 4355 ἦλπισαο
1169 4284 1305 4338 ἀλλὰ
1351 4285 1481 4338 Θεὸν
1514 4284 1703 4355 βοηθὸν

141 4374 461 4447 ἐκτησάμην.
488 4376 689 4429 Τούτου
712 4377 766 4429 δὲ
794 4376 1033 4447 ἔλεγχος,
1065 4378 1186 4429 ἐπεὶ
1209 4377 1349 4430 ἔθου
1382 4376 1454 4429 τὰ
1476 4374 1705 4444 δάκρυά

140 4483 246 4534 μου
279 4468 531 4522 ἐνώπιόν
562 4484 696 4521 σου.
728 4464 860 4520 Εἶτα
907 4466 1042 4538 ἐμοῦ
1075 4469 1171 4537 μὲν
1203 4468 1436 4538 ἐπήκοος
1460 4468 1700 4535 ἐγίγνου,

144 4558 187 4609 οξ
211 4558 265 4611 δέ
289 4558 465 4630 ἐχθροί
519 4578 619 4630 μου
648 4558 885 4631 ἐχώρουν
928 4560 1008 4623 είς
1058 4559 1127 4612 τὰ
1151 4559 1343 4611 ὀπίσωο
1377 4558 1456 4610 διὸ
1494 4558 1593 4611 ἐπὶ
1626 4556 1704 4623 τῷ

148 4650 259 4714 Θεῷ
280 4650 495 4704 αἰνέσω
508 4650 695 4719 ῥῆμαο
755 4652 815 4722 ἢ,
848 4652 985 4705 κατὰ
1016 4652 1106 4704 τὸν
1147 4650 1373 4704 Ἀκύλαν
1400 4667 1413 4679 '
1458 4650 1558 4703 Ἐν
1591 4648 1712 4714 Θεῷ

148 4741 510 4811 καυχήσομαι
558 4741 741 4810 ῥῆμα·
803 4743 944 4795 κατὰ
1002 4743 1057 4795 δὲ
1106 4742 1193 4795 τὸν
1235 4741 1563 4811 Σύμμαχον·
1600 4739 1710 4792 Τὸν

151 4830 287 4884 Θεὸν
310 4833 719 4903 ὐμνολογήσω·
736 4835 871 4887 ἀλλὰ
894 4836 985 4887 καὶ
1006 4836 1102 4888 ἐπὶ
1132 4834 1238 4887 τὸν
1253 4835 1468 4901 Κύριον
1492 4830 1713 4885 αἰνέσω

149 4921 335 4987 ,λόγον’
372 4921 429 4991 ἢ,
475 4921 618 4975 κατὰ
662 4922 752 4975 τὸν
811 4923 1061 4987 ’Δκύλαν,
1112 4923 1180 4976 ἐν
1221 4923 1416 4989 Κυρίῳ
1459 4920 1708 4990 ὑμνήσω

150 5013 337 5081 λόγον’
366 5015 420 5085 ἢ,
447 5014 589 5068 κατὰ
611 5016 1025 5087 τὸνΣύμμαχον,
1049 5016 1145 5069 διὰ
1168 5016 1274 5069 τοῦ
1299 5015 1516 5083 Κυρίου
1538 5017 1710 5083 ὑμνο-

153 5104 457 5175 ποιήσομαι
483 5109 687 5177 λόγον’
734 5109 828 5161 καὶ
852 5108 1031 5173 πάλιν,
1059 5107 1132 5171 ώς
1164 5108 1419 5179 ἀνωτέρω
1446 5125 1532 5178 μοι
1558 5106 1706 5178 εἴρη-

153 5208 254 5246 ται·
298 5197 415 5250 Ἐπί
460 5197 541 5264 τῷ
601 5197 720 5263 Θεῷ
781 5198 1033 5266 ἤλπισα,
1083 5202 1155 5252 οὐ
1189 5198 1601 5268 φοϐηθήσομαι
1650 5198 1706 5251 τί

156 5283 373 5348 ποιήσει
394 5306 495 5357 μοι
544 5287 721 5357 σάρξ·
782 5290 872 5342 καὶ
925 5290 1019 5343 νῦν
1073 5308 1233 5362 φημι,
1290 5291 1415 5343 Ἑπί
1465 5289 1545 5355 τῷ
1590 5288 1711 5353 Θεῷ

155 5372 393 5442 ἤλπισα,
432 5380 505 5431 οὐ
538 5379 952 5448 φοϐηθήσομαι
984 5381 1040 5433 τί
1067 5381 1305 5447 ποιήσει
1361 5398 1459 5450 μοι
1493 5379 1716 5446 ἄνθρω-

155 5480 278 5530 πος-
312 5468 452 5539 Σὰρξ
472 5469 583 5541 γὰρ
632 5470 724 5522 καὶ
774 5470 1060 5543 ἄνθρωπος
1091 5472 1147 5525 ἓν
1181 5472 1275 5525 καὶ
1326 5470 1519 5523 ταυτόν
1546 5470 1713 5532 ἐστιν,

156 5554 326 5627 ἐπειδὴ
358 5558 625 5612 λέλεκται·
670 5560 865 5630 ’Υμεῖς
905 5561 973 5614 δέ
1019 5563 1099 5627 ὡς
1131 5562 1423 5629 ἅνθρωποι
1455 5558 1716 5623 ἀποθνήι

159 5658 340 5700 σλιετε⁹
383 5651 496 5714 καὶ,
539 5652 715 5704 Ὅταν
748 5652 856 5721 γὰρ
883 5646 925 5724 ᾖ
950 5652 1021 5705 ἐν
1051 5651 1192 5721 ὑμῖν
1229 5650 1403 5721 ζῆλος
1444 5651 1536 5706 καὶ
1572 5651 1713 5718 ἔριςν

232 5803 265 5831 ⁸⁷
300 5804 415 5862 lsai.
454 5824 621 5877 LVIII,
652 5810 704 5866 9.
786 5811 845 5843 ”‘
877 5809 1017 5866 Ps-.cl.
1048 5826 1227 5875 um,
1258 5812 1307 5868 7.

1873 3568 2037 3626 Vnus.
2065 3570 2152 3627 Η.
2177 3568 2312 3625 Ecce
2342 3586 2556 3641 cognovi
2576 3570 2823 3639 quoniam
2854 3565 2995 3620 Deus
3022 3563 3149 3618 mihi
3171 3569 3267 3615 est.
3303 3556 3377 3613 In

1800 3670 1912 3727 Deo
1942 3670 2171 3726 laudabo
2203 3673 2433 3737 verbum,
2460 3672 2514 3724 in
2540 3670 2768 3725 Domino
2789 3667 3017 3721 laudabo
3040 3675 3327 3718 sermonem
3350 3673 3370 3711 :

1803 3773 1858 3826 in
1884 3771 2108 3827 Domino
2125 3772 2345 3841 speravi,
2371 3787 2473 3825 non
2492 3770 2677 3823 timebo
2704 3767 2829 3837 quid
2854 3766 3018 3835 faciat
3045 3762 3172 3816 mihi
3195 3761 3369 3814 homo.

1806 3870 2119 3927 Secundum
2155 3868 2536 3941 Symmachum
2582 3875 2761 3922 autem
2797 3868 2876 3921 sic
2918 3865 2993 3918 ait
3024 3883 3038 3919 :
3065 3862 3202 3917 Novi
3235 3859 3373 3931 quod

1804 3970 1874 4023 sit
1905 3967 2045 4022 Deus
2077 3966 2225 4021 mihi.
2266 3966 2429 4020 Deum
2453 3965 2742 4028 celebrabo,
2771 3980 2861 4033 per
2890 3961 3058 4016 Deum
3087 3974 3376 4014 sermonem

1806 4061 1862 4115 in
1892 4060 2146 4131 hymnum
2183 4066 2516 4123 convertam;
2546 4059 2600 4111 in
2627 4057 2735 4110 Deo
2769 4055 2993 4124 speravi,
3044 4069 3147 4107 non
3188 4051 3375 4104 timebo

1807 4153 1930 4225 quid
1962 4152 2120 4220 faciet
2152 4152 2280 4205 mihi
2304 4152 2475 4205 homo.
2502 4149 2640 4220 lpsis
2667 4149 2944 4219 operibus,
2970 4146 3167 4216 inquit,
3193 4142 3383 4212 accepi

1809 4256 1862 4303 et
1889 4262 2017 4302 vere
2050 4246 2176 4300 novi
2222 4261 2311 4301 me
2357 4260 2469 4299 non
2507 4244 2713 4299 frustra
2765 4257 3019 4313 sperasse
3044 4282 3058 4307 ,
3091 4237 3182 4294 sed
3208 4236 3381 4291 Deum

1810 4335 2116 4405 adjutorem
2167 4334 2495 4389 obtinuisse.
2522 4332 2813 4402 Cujus-rei
2864 4335 3241 4400 argumentum
3272 4331 3378 4388 est,

1811 4430 1967 4499 quod
1986 4430 2210 4499 posuisti
2237 4430 2500 4499 lacrgmas
2523 4443 2664 4481 meas
2688 4427 2743 4479 in
2769 4432 3047 4493 conspectu
3086 4431 3194 4474 tuo.
3217 4417 3379 4472 Dein-

1813 4518 1881 4573 de
1911 4518 2046 4573 mihi
2076 4518 2299 4588 quidem
2349 4518 2623 4589 propitius
2660 4516 2848 4582 fuisti;
2878 4512 3086 4568 inimici
3125 4523 3253 4564 vero
3276 4508 3381 4561 mei

1741 4624 1785 4678 ι)
1814 4616 1962 4665 retro
2018 4617 2349 4666 cesserunt:
2400 4626 2571 4680 quare
2617 4609 2672 4661 in
2718 4607 2826 4661 Deo
2861 4604 3089 4659 laudabo
3140 4598 3381 4659 verbum;

1817 4700 1953 4767 sive,
1972 4702 2272 4756 secandum
2292 4702 2574 4771 Aquilam:
2602 4697 2667 4753 In
2684 4698 2791 4753 Deo
2810 4695 3115 4768 glori/icabo
3138 4690 3381 4751 verbum;

1817 4792 2117 4847 secundum
2170 4790 2554 4863 Symmachum
2609 4798 2789 4844 autem
2825 4807 2836 4841 :
2882 4785 3048 4839 Deum
3078 4780 3384 4835 celebrabo:

1814 4881 1909 4937 sed
1954 4885 2115 4936 etiam
2150 4882 2206 4935 in
2252 4881 2478 4936 Domino
2519 4880 2747 4934 laudabo
2781 4887 3104 4935 sermonem;
3135 4876 3248 4932 aut,
3300 4882 3389 4921 se-

1815 4979 2055 5026 cundum
2084 4973 2361 5042 Aquilam,
2390 4974 2445 5026 in
2478 4970 2705 5024 Domino
2750 4966 3018 5020 celebrabo
3074 4975 3386 5021 sermonem,

1813 5064 1946 5131 sive,
1966 5065 2261 5119 secundum
2282 5065 2683 5136 Symmachum,
2697 5077 2786 5131 per
2800 5059 3084 5113 Dominum
3101 5069 3388 5109 sermonem

1812 5156 1864 5206 in
1919 5155 2166 5223 hymnum
2226 5163 2573 5207 convertam:
2634 5167 2697 5205 ac
2740 5163 2979 5211 rursum,
3041 5153 3101 5199 ut
3138 5143 3389 5212 superius

1814 5244 1925 5298 dixi
1962 5265 1973 5298 :
2010 5244 2077 5298 In
2124 5244 2234 5298 Deo
2269 5244 2492 5313 speravi,
2530 5259 2633 5296 non
2665 5240 2852 5293 timebo
2896 5237 3020 5309 quid
3059 5235 3224 5304 faciat
3261 5233 3390 5285 milii

1817 5350 1976 5387 caro:
2020 5335 2101 5389 sic
2138 5335 2251 5403 jam
2294 5334 2418 5386 dico
2459 5351 2471 5385 :
2511 5331 2577 5385 In
2635 5330 2743 5383 Deo
2793 5328 3017 5397 speravi,
3050 5343 3152 5379 non
3203 5324 3389 5376 timebo

1821 5436 1944 5507 quid
1968 5437 2125 5506 faciet
2160 5436 2286 5489 mihi
2313 5435 2487 5491 homo.
2520 5434 2664 5488 Caro
2707 5432 2852 5487 enim
2874 5441 2927 5485 et
2965 5429 3126 5483 homo
3154 5427 3388 5497 idipsum

1824 5548 1970 5607 sunt,
1996 5538 2435 5609 quandoquidem
2466 5538 2673 5592 dictum
2713 5544 2838 5592 est:
2888 5535 2990 5589 Vos
3032 5542 3207 5587 autem
3255 5531 3388 5583 sicut

1824 5646 2052 5701 homines
2076 5645 2372 5701 moriemini
2409 5646 2519 5712 1";
2566 5650 2640 5715 et,
2688 5642 2820 5699 Cum
2871 5642 3006 5697 enim
3046 5641 3114 5694 sit
3158 5636 3298 5693 zelus
3338 5650 3399 5691 st.
