3822 6280
475 372 584 430 £99

1187 373 1456 432 EUSEBII
1489 374 1962 432 CESARIENSIS
1998 372 2391 431 CPP.'PARS.
2432 374 2522 432 ΙΙΙ.
2562 406 2634 420 --
2670 377 3071 478 EXFGETICA.
3593 390 3675 451 500

476 490 733 543 contentio
766 490 902 544 inter
921 506 1028 553 vos,
1056 509 1225 550 nonne
1246 496 1488 552 carnales
1511 499 1659 563 estis,
1683 508 1732 552 et
1755 495 2034 553 secundum

2139 499 2272 567 οὐχὶ
2296 501 2569 569 σαρκικοί
2606 470 2780 567 dare,
2796 504 2893 558 καὶ
2931 504 3080 559 κατὰ
3109 503 3421 576 ἄνθρωπον
3457 522 3676 578 περιπα-

473 578 739 633 hominem
772 581 1060 638 ambulatis
1082 586 1124 617 ¹⁸
1149 587 1173 640 ?

546 689 709 748 Vens.
745 693 941 760 12,”.
966 695 1033 751 In
1063 715 1144 753 me
1169 709 1313 766 sunt,
1335 701 1501 770 Deus,
1524 712 1642 759 vota
1659 700 1774 775 quo:
1801 703 2041 768 reddam.

473 783 809 840 laudationes
856 788 971 844 tibi.
1025 790 1288 857 Quoniam
1343 797 1586 865 eripuisti
1613 798 1846 850 animam
1873 812 2041 851 meam

468 872 534 926 de
568 885 754 942 morte,
787 886 836 930 et
870 878 1023 945 pedes
1045 896 1184 936 meos
1217 882 1281 938 de
1309 883 1483 953 lapsu,
1506 896 1565 939 ut
1591 889 1829 956 placeam
1862 903 2040 942 coram

472 961 581 1018 Deo
615 964 669 1019 in
693 967 890 1022 lumine
921 969 1220 1028 viventium.
1254 972 1360 1029 Pro
1387 975 1481 1029 illo
1509 995 1520 1029 :
1550 974 1615 1030 In
1644 991 1723 1031 me
1750 986 1869 1031 sunt
1899 977 2040 1032 Deus

472 1064 614 1120 vota,
645 1074 762 1128 qua:
796 1059 1029 1141 reddam.
1069 1062 1396 1121 laudationis
1434 1068 1566 1131 'tibi,
1591 1069 1833 1137 apertius
1881 1067 2039 1141 Sym-

472 1149 700 1207 machus
748 1132 1141 1225 interprefatus
1190 1165 1296 1225 est,
1329 1159 1553 1215 dicens:
1592 1132 1821 1230 Ilecipio,
1874 1132 2037 1225 Deus,

473 1257 591 1311 qua:
636 1254 882 1313 precatus
912 1265 1029 1303 sum
1053 1261 1074 1301 .·
1108 1249 1326 1305 reddam
1359 1251 1689 1309 laudationes
1747 1254 1862 1312 tibi.
1919 1254 2038 1310 Non

471 1335 620 1389 enim
646 1337 872 1405 oblitus,
898 1341 995 1405 ait,
1021 1357 1213 1397 eorum
1248 1358 1369 1414 qua:
1392 1353 1647 1415 precatus
1676 1362 1795 1403 sum
1820 1367 1835 1415 ;
1864 1348 1958 1404 sed
1985 1349 2039 1402 in

471 1439 559 1480 me
579 1435 728 1492 sunt,
757 1437 812 1485 et
850 1432 1033 1486 omnia
1063 1430 1120 1487 in
1151 1435 1413 1489 memoria
1447 1437 1654 1492 retineo
1701 1453 2039 1511 quaecunque

470 1522 744 1588 precando
791 1526 1018 1593 promisi
1068 1544 1079 1577 ε
1132 1543 1253 1597 quae
1304 1543 1404 1584 ceu
1450 1529 1723 1599 quoddam
1770 1531 2035 1599 debitum,

469 1610 677 1667 hostias
702 1613 879 1671 laudis
908 1614 1183 1696 oﬂ‘erendo
1230 1619 1556 1688 persolvant,
1597 1623 1896 1677 secundum
1926 1624 2040 1678 elo-

468 1703 658 1772 quium
685 1705 815 1762 illud
837 1727 849 1763 :
873 1707 1102 1763 Immola
1124 1709 1232 1765 Deo
1250 1712 1570 1782 sacriﬁcium
1594 1713 1793 1780 laudis,
1813 1724 1865 1770 et
1883 1716 2040 1771 redde

467 1794 695 1851 Domino
726 1808 845 1853 vota
876 1810 965 1854 tua
988 1803 1053 1859 ι’.
1076 1801 1309 1859 Oﬂ‘eram
1332 1803 1515 1875 itaque
1537 1806 1633 1861 tihi
1660 1806 1904 1863 hostiam
1921 1809 2038 1863 lau-

467 1885 577 1953 dis,
608 1893 797 1958 utpote
824 1893 1083 1949 conscius
1114 1908 1201 1949 me
1233 1895 1404 1949 multa
1433 1912 1533 1966 pro
1568 1898 1744 1954 salute
1777 1914 1896 1954 mea
1935 1899 2034 1956 de-

467 1974 618 2032 bere.
652 1974 831 2047 lpsam
861 1990 1009 2038 certe
1024 1983 1263 2039 animam
1286 2000 1464 2041 meam
1495 2001 1527 2041 a
1558 1996 1733 2044 morte
1768 1989 2032 2047 liberasti.

464 2064 602 2121 Nam
634 2066 845 2126 inimici
895 2075 1003 2130 mei
1051 2089 1150 2145 pro
1185 2076 1393 2132 viribus
1436 2078 1613 2150 ipsam
1657 2080 1953 2152 pellebant,
1982 2088 2037 2137 et

464 2171 663 2228 magna
686 2160 741 2215 vi
771 2164 1041 2219 curabant
1069 2180 1187 2222 eam
1224 2167 1280 2223 in
1308 2176 1542 2225 mortem
1576 2171 1836 2241 dejicere.
1855 2173 2036 2245 Siqui-

465 2247 591 2304 dem
615 2248 745 2305 dum
773 2268 861 2308 me
887 2255 1169 2324 pellerent,
1197 2267 1563 2332 cogeremque
1593 2263 1661 2318 ad
1683 2263 2034 2320 habitandum

465 2338 523 2394 in
555 2340 736 2396 medio
764 2344 1166 2417 al10phylorum
1204 2357 1258 2405 et
1280 2351 1737 2424 alienigenarum,
1770 2364 2032 2427 quantum

466 2431 526 2484 in
552 2431 688 2500 ipsis
720 2441 839 2489 erat
863 2437 1102 2494 animam
1132 2443 1436 2498 enecabant
1468 2460 1643 2501 meam
1669 2465 1684 2513 ;
1722 2450 2033 2518 proximum

465 2521 666 2593 quippe
688 2532 807 2580 erat
832 2535 891 2583 ut
918 2528 987 2584 ad
1020 2531 1415 2605 allophylorum
1467 2536 1828 2596 idololatriam
1879 2559 2034 2601 acce-

467 2614 675 2681 derem,
730 2618 784 2673 in
831 2621 1011 2678 medio
1053 2639 1242 2681 eorum
1302 2628 1597 2687 habitans:
1626 2648 1735 2704 quo
1793 2642 2035 2708 tempore

466 2703 612 2796 apud
634 2704 824 2765 Achus
865 2708 921 2764 in
960 2711 1099 2768 Geth
1129 2722 1183 2770 et
1211 2717 1355 2786 apud
1400 2703 1704 2793 allophylos
1747 2703 2031 2796 degebam,

460 2793 575 2865 jam
604 2798 814 2868 pridem
867 2802 936 2858 ab
990 2819 1076 2871 ea,
1100 2823 1222 2878 quae
1257 2824 1425 2879 penes
1453 2820 1507 2868 te
1537 2822 1640 2879 est,
1674 2816 1785 2870 vita
1822 2793 2029 2889 lapsus,

467 2889 651 2944 anima
677 2901 928 2951 mortuus
956 2911 1171 2953 essem:
1204 2900 1299 2956 sed
1346 2902 1521 2973 gratia
1571 2911 1629 2980 et
1654 2906 2031 2964 misericordia

465 2987 562 3036 tua
588 2981 645 3039 id
676 2986 993 3059 contingere
1021 3004 1129 3044 non
1154 2993 1432 3061 permisit;
1453 2997 1894 3069 quandoquidem
1922 3017 2028 3067 me,

465 3074 629 3130 etiam
681 3078 826 3148 apud
874 3080 1177 3153 allophylos
1219 3094 1552 3155 versantem,
1594 3094 1936 3163 protegebas,
1972 3101 2031 3146 ut

2142 588 2290 643 τεῐτε
2305 605 2326 654 ;

2207 706 2308 759 Ἐν
2330 705 2478 776 ἐμοὶ,
2497 709 2531 761 ὀ
2545 705 2706 773 θεὸς,
2725 709 2788 761 al
2804 708 2998 778 εὐχαὶ,
3017 708 3091 776 ἀς
3114 710 3403 766 ἀποδώσω
3426 703 3695 783 αινέσεώςῐ

2141 813 2255 850 σοι.
2297 797 2415 851 ’Ότι
2463 797 2692 866 ἐρῤύσω
2748 799 2862 867 τὴν
2888 799 3099 867 ψυχήν
3137 819 3256 871 μου
3304 802 3374 857 ἐκ
3426 804 3676 871 θανάτου,
3743 806 3754 815 ’

2139 889 2238 942 καὶ
2264 889 2405 955 τοὺς
2428 889 2616 956 πόδας
2634 908 2753 959 μου
2793 889 2862 954 ἐξ
2900 890 3319 962 ὀλισθήματος,
3359 895 3463 950 τοῦ
3507 897 3679 965 εὐαρε-

2138 980 2363 1050 στῆσαι
2395 981 2651 1037 ὲνώπιον
2675 983 2780 1037 τοῦ
2805 984 2951 1038 Θεοῦ
2986 985 3055 1038 ἐν
3085 987 3230 1055 φωτὶ
3271 985 3516 1047 ζώντων.
3561 988 3680 1042 ’Δντὶ

2106 1072 2251 1137 τοῦ,
2293 1075 2388 1126 Ἐν
2411 1075 2565 1143 ἐμοὶ,
2597 1078 2630 1128 ό
2662 1076 2825 1142 Θεὸς,
2849 1078 2909 1129 at
2927 1073 3120 1145 εὐχαὶ,
3155 1076 3228 1144 ἃς
3251 1077 3539 1133 ἀποδώσω
3557 1080 3665 1133 αινέ

2138 1166 2293 1234 σεώς
2330 1183 2448 1233 σοι,
2484 1168 2813 1241 σαφέστερον
2846 1172 3186 1243 ἡρμήνευσεν
3239 1174 3268 1226 ὁ
3309 1173 3593 1244 Σύμμαχος
3615 1177 3676 1228 εξ-

2137 1257 2273 1312 πών·
2358 1260 2754 1331 Ἁναδέχομαι,
2805 1261 2930 1328 Θεὲ,
2983 1261 3022 1315 d
3063 1262 3360 1333 ηὐξάμην·
3420 1264 3677 1319 ἀποδώσω

2135 1351 2396 1417 αὶνέσεις
2422 1366 2538 1407 σοι.
2568 1354 2641 1407 Οὐ
2684 1353 2792 1426 γὰρ
2820 1353 3196 1425 ἐπιλέλησμαι,
3244 1356 3396 1426 φησὶ,
3427 1349 3501 1409 ὧν
3538 1357 3676 1426 ηὐξά-

2140 1459 2267 1513 μην·
2293 1441 2407 1496 ἀλλ’
2438 1443 2497 1497 ἐν
2522 1444 2645 1515 ἐμοί
2673 1446 2798 1509 εἰσι,
2852 1445 2943 1498 καὶ
2981 1446 3193 1516 κατέχω
3223 1449 3288 1517 τῇ
3322 1449 3509 1519 μνήμῃ
3532 1448 3677 1502 πάντα

2134 1535 2234 1587 ὅσα
2258 1532 3014 1609 ἐπηγγειλάμηνέύξάμενος·
3048 1537 3082 1592 ἃ
3111 1539 3203 1592 καὶ
3232 1539 3421 1611 ὥσπερ
3444 1557 3496 1591 τι
3547 1541 3677 1610 χρέος

2136 1627 2417 1692 ἀποδώσω,
2445 1627 2634 1692 θυσίας
2662 1630 2945 1703 ἀναφέρων
2964 1631 3062 1694 τὰς
3076 1631 3143 1685 δι’
3162 1633 3436 1696 αἰνέσεως,
3452 1634 3544 1685 καὶ
3563 1634 3678 1687 κατά

2135 1721 2195 1775 τὸ
2227 1721 2432 1792 φάσκον
2485 1721 2683 1791 λόγιον⁸
2742 1725 2943 1779 Θῦσον
2993 1723 3073 1791 τῷ
3122 1724 3243 1791 Θεῷ
3289 1726 3509 1779 θυσία)⁸
3544 1724 3677 1779 atri-

2138 1827 2310 1878 σεως,
2330 1811 2427 1866 καὶ
2450 1813 2675 1880 ἀπόδος
2693 1814 2773 1880 τῷ
2803 1815 2996 1883 Κυρίῳ
3015 1814 3122 1882 τὰς
3157 1815 3344 1887 εὐχάς
3373 1831 3504 1869 σου.
3542 1815 3676 1868 ’Δτιο-

2135 1903 2291 1958 δὼσω
2349 1905 2529 1959 τοίνυν
2579 1905 2835 1970 αἰνέσεὼς
2865 1923 2966 1960 σοι’
3023 1907 3210 1979 ἐπειδὴ
3266 1906 3436 1960 πολλά
3492 1907 3676 1961 σύνοιδα

2135 1997 2353 2070 ἐμαυτῷ
2373 1998 2639 2069 ὀφείλοντι
2668 1998 2808 2072 ὑπὲρ
2826 2000 2925 2071 τῆς
2946 1999 3184 2071 ἐμαυτοῦ
3213 1999 3500 2072 σωτηρίας.
3524 1999 3678 2071 Αὐτὴν

2135 2078 2263 2162 γοῦν
2295 2091 2392 2164 τὴν
2417 2090 2596 2164 ψυχήν
2629 2109 2729 2163 μου
2759 2091 2975 2163 ἐρῤύσω
3000 2093 3065 2146 ἐκ
3094 2090 3347 2146 θανάτου.
3383 2093 3443 2146 Οἱ
3467 2093 3561 2162 μὲν
3589 2090 3676 2161 γὰρ

2133 2180 2315 2253 ἐχθροί
2342 2199 2443 2252 μου
2484 2182 2546 2235 τὸ
2593 2182 2716 2235 ὅσον
2760 2181 2846 2235 ἐπ’
2897 2183 3083 2246 αὐτοῖς
3128 2180 3357 2252 ἤλαυνον
3384 2181 3566 2250 αὐτὴν,
3601 2182 3677 2235 καὶ

2133 2271 2468 2339 ἐξεϐιάζοντο
2518 2273 2596 2337 εἰς
2638 2271 2864 2326 θάνατον
2915 2271 3187 2325 ἐκπεσεῖν.
3248 2271 3580 2335 Ἐλαύνοντές
3621 2288 3675 2341 με

2133 2361 2261 2433 γὰρ,
2284 2362 2377 2415 καὶ
2411 2361 2572 2433 μέσον
2606 2359 2916 2431 ἀλλοφύλων
2959 2361 3053 2414 καὶ
3097 2356 3399 2429 ἀλλογενῶν
3429 2360 3589 2413 ἐθνῶν
3615 2361 3677 2412 ol-

2134 2457 2249 2508 κεῖν
2273 2454 2793 2524 καταναγκάζοντες,
2824 2453 2886 2507 τὸ
2929 2453 3015 2507 ἐπ’
3040 2453 3225 2517 αὐτοῖς
3250 2452 3351 2525 τὴν
3395 2452 3562 2524 ψυχήν
3592 2469 3674 2522 μου

2134 2548 2447 2603 ἐθανάτουνο
2478 2548 2645 2619 ἤγουν
2680 2530 2912 2618 ἤμελλον
2958 2545 3331 2600 συνάπτεσθαι
3355 2548 3420 2617 τῇ
3448 2544 3551 2598 τῶν
3595 2545 3674 2598 ἀλ-

2133 2639 2375 2710 λοφύλων
2423 2637 2855 2711 εἰδωλολατρείᾳ,
2910 2637 3072 2710 μέσος
3123 2638 3300 2691 αὐτῶν
3353 2637 3534 2699 οἰκῶν,
3573 2636 3675 2690 καθ’

2132 2732 2225 2796 οὓς
2268 2732 2491 2804 χρόνους
2538 2729 2688 2802 παρὰ
2737 2729 2816 2801 τῷ
2875 2729 3064 2801 ’Δχοῦς
3097 2727 3214 2801 (sic)
3255 2729 3349 2782 καὶ
3388 2728 3444 2780 ἐν
3486 2729 3549 2798 τῇ
3590 2725 3681 2779 fie-

2135 2824 2285 2896 παρὰ
2311 2825 2424 2888 τοῖς
2445 2822 2758 2893 ἀλλοφύλοις
2779 2822 3077 2894 ἐποιούμην
3103 2821 3201 2885 τὰς
3221 2818 3512 2890 διατριϐὰς,
3535 2817 3682 2871 πάλαι.

2132 2913 2198 2970 ἂν
2225 2916 2322 2988 τὴν
2348 2913 2524 2987 ψυχήν
2578 2931 2678 2985 μου
2735 2913 3035 2985 τεθνήκειν,
3094 2912 3195 2982 τῆς
3249 2909 3403 2982 παρὰ
3447 2909 3525 2963 42τοὶ
3553 2908 3681 2977 ζωῆς

2132 3004 2401 3060 ἐκπεσών·
2438 3005 2551 3059 ἀλλ’
2586 3007 2619 3077 ἡ
2657 3005 2724 3076 σὴ
2754 3005 2913 3076 χάρις
2941 3003 3034 3058 καὶ
3079 3002 3141 3056 τὸ
3169 3002 3259 3055 σὺν
3288 3002 3435 3066 ἕλεος
3481 3001 3537 3054 οὖ
3572 3016 3675 3051 σνν-

2130 3097 2377 3171 εχὼρησε
2406 3097 2561 3151 τοῦτο
2587 3096 2859 3166 γενέσθαι·
2879 3096 3003 3148 ἐπιῖ¹
3036 3094 3130 3148 καὶ
3156 3093 3306 3166 παρὰ
3331 3094 3443 3155 τοῖς
3470 3088 3679 3159 ἀλλοφύ-

463 3165 604 3220 nibil
627 3167 763 3222 mihi
801 3168 1111 3227 detrimenti
1140 3188 1207 3229 ex
1253 3190 1441 3231 eorum
1480 3182 1754 3236 consortio
1814 3183 2030 3239 accede-

2135 3165 2255 3257 te};
2277 3165 2342 3262 με
2386 3190 2514 3244 ὄντα
2564 3189 2976 3261 περιέφραττες,
3029 3185 3102 3250 ὡς
3139 3185 3305 3256 μηδὲν
3332 3182 3677 3238 καταϐλάπτε-

466 3262 571 3310 ret.
625 3255 968 3329 Quapropter
1000 3261 1167 3318 dico:
1204 3263 1411 3321 Eruisli
1459 3271 1693 3324 animam
1745 3289 1914 3327 meam
1969 3273 2030 3329 de

2135 3255 2253 3337 σθαι
2277 3255 2351 3336 ἐκ
2383 3282 2481 3353 τῆς
2518 3255 2721 3334 τούτων
2736 3255 3056 3343 συνουσίας.
3100 3255 3190 3331 Διό
3242 3292 3409 3348 φημι·
3443 3275 3674 3344 meum

465 3355 663 3411 morte;
691 3348 822 3418 quin
851 3352 1013 3405 etiam
1044 3354 1237 3409 eruisti
1261 3357 1417 3424 pedes
1440 3354 1577 3414 meo:
1604 3361 1667 3416 de
1698 3362 1867 3430 lapsu.
1897 3366 2030 3431 Quis

2130 3374 2244 3443 τὴν
2270 3372 2482 3442 ψυχήν
2507 3390 2626 3442 μου
2648 3372 2717 3425 ἐκ
2744 3370 3023 3427 θανάτου*
3057 3368 3192 3424 ἀλλά
3217 3369 3311 3422 καὶ
3346 3367 3484 3434 τοὺς
3508 3364 3671 3429 πόδας

464 3437 611 3491 enim
669 3454 782 3509 non,
824 3455 1115 3509 perversus
1167 3454 1356 3513 esset,
1402 3464 1505 3505 ceu
1554 3452 1611 3507 in
1661 3454 1834 3509 lutum
1890 3457 2033 3511 dela-

2135 3437 2242 3535 μου
2270 3437 2482 3537 ἑρρὀςέω
2508 3437 2579 3528 ἐξ
2608 3462 3031 3533 ὀλισθήματος.
3083 3463 3178 3526 Τίς
3233 3460 3340 3532 γὰρ
3365 3461 3463 3512 οὐκ
3500 3457 3558 3511 ἂν
3601 3456 3668 3508 δι-

466 3540 621 3595 psus,
647 3535 704 3582 et
732 3528 940 3595 lubrica
992 3532 1048 3587 in
1096 3534 1216 3590 loca
1256 3536 1523 3609 deiectus,
1551 3543 1762 3600 medius
1806 3547 2030 3602 relictus

466 3616 612 3673 inter
639 3626 721 3673 tot
746 3621 937 3677 atheos
960 3632 1014 3680 et
1051 3624 1373 3687 idololatras
1396 3632 1584 3688 viros?
1604 3633 1806 3691 Verum
1842 3636 1900 3692 in
1928 3637 2033 3694 hac

465 3702 646 3766 rerum
671 3711 986 3771 conditione
1010 3716 1198 3773 aderat
1227 3720 1605 3780 misericordia
1629 3734 1683 3782 et
1708 3728 1883 3799 gratia
1915 3736 2028 3796 tua,

469 3818 669 3860 eruens
703 3805 869 3877 pedes
909 3824 1061 3867 meos
1089 3810 1157 3866 de
1185 3811 1373 3885 lapsu;
1424 3832 1601 3888 neque
1650 3821 1797 3875 enim
1842 3822 2032 3879 virtuti

467 3895 582 3952 hac
607 3900 824 3956 ascribo
854 3916 1020 3970 meae;
1056 3904 1184 3975 quia
1219 3920 1327 3962 non
1355 3906 1432 3962 ita
1467 3907 1624 3967 fortis
1656 3911 1840 3969 animo
1859 3930 2029 3984 eram,

466 3996 528 4046 ut
552 3990 907 4049 immutabilis
936 4010 1232 4063 manerem,
1258 4013 1384 4054 cum
1427 4000 1485 4056 in
1532 4002 1772 4059 medium
1800 4013 1881 4060 tot
1926 4007 2029 4062 ho-

465 4081 678 4138 minum
728 4083 1018 4143 devolutus
1069 4103 1267 4155 essem,
1297 4092 1405 4148 nisi
1459 4099 1520 4149 tu
1561 4097 1765 4153 auxilio
1807 4096 2028 4157 fuisses.

467 4172 647 4241 Quare
669 4179 934 4236 conﬁtens
963 4181 1166 4251 gratias
1198 4199 1319 4257 ago,
1356 4188 1615 4257 quoniam
1652 4191 1902 4261 eripuisti
1935 4208 2030 4264 pe-

466 4267 563 4323 des
604 4283 755 4324 mcos
780 4270 847 4326 de
887 4272 1063 4349 lapsu.
1111 4273 1346 4347 Haecque
1373 4279 1509 4333 mihi
1539 4281 1913 4338 misericordia
1939 4292 2032 4340 tua

2131 3554 2364 3626 ετράπη,
2420 3553 2605 3623 ὥσπερ
2650 3554 2731 3616 εἰς
2760 3552 2928 3623 πηλὸν
2980 3550 3193 3620 ἐμϐὰς,
3247 3551 3341 3604 καὶ
3399 3547 3671 3620 ὀλισθηροῖς

2133 3644 2441 3719 περιπεσὼν
2501 3644 2738 3718 χωρίοις,
2813 3643 2975 3715 μέσος
3026 3642 3296 3696 τοσούτων
3354 3637 3668 3708 ἀπολειφθεὶς

2131 3738 2304 3792 ἀθέων
2336 3739 2429 3792 καὶ
2458 3732 2854 3808 εἰδωλολατρῶν
2897 3735 3135 3806 ἀνδρῶν;
3180 3734 3318 3788 Ἀλλ’
3349 3730 3416 3805 ἦν
3450 3733 3547 3805 ἄρα
3586 3727 3669 3783 καὶ

2132 3829 2190 3884 ἐν
2212 3829 2385 3900 τούτῳ
2410 3829 2471 3883 τὸ
2500 3828 2590 3881 σὺν
2622 3828 2788 3891 ἕλεος,
2820 3828 2970 3899 καὶὴ
3016 3828 3083 3899 σὴ
3114 3827 3272 3898 χάρις
3307 3825 3535 3899 ῥυομένη
3581 3837 3667 3892 μου

2132 3922 2258 3985 τοὺς
2285 3921 2448 3985 πόδας
2482 3920 2541 3985 ἐξ
2561 3920 2937 3993 ὀλισθήματος
2969 3921 3028 3973 ού
3077 3920 3184 3991 γὰρ
3215 3918 3450 3989 ἐμαυτοῦ
3473 3915 3667 3983 δυνάμει

2132 4014 2420 4085 ἐπιγράψω
2476 4012 2663 4066 ταῦτα·
2702 4013 2822 4066 ἐπεὶ
2885 4012 3006 4084 μηδ’
3056 4009 3228 4074 οὕτως
3277 4010 3423 4080 ἤμην
3474 4003 3667 4077 στερρὸς

2130 4103 2227 4176 τὴν
2251 4104 2424 4174 ψυχὴν
2452 4103 2527 4166 ὡς
2546 4102 2865 4175 ἀδιάτρεπος
2889 4103 3087 4173 μένειν,
3115 4102 3172 4153 ἐν
3189 4097 3266 4168 τῷ
3286 4096 3485 4169 μεταξὺ
3512 4091 3668 4147 τοσού-

2130 4208 2238 4250 των
2270 4193 2532 4267 εἱλῆσθαι,
2567 4197 2615 4248 εἰ
2651 4195 2724 4266 μὴ
2772 4195 2835 4247 σὺ
2878 4189 3021 4264 ἦσθα
3055 4191 3262 4263 βοηθός.
3327 4189 3415 4243 Διὸ
3450 4184 3667 4257 ἐξομολο-

2133 4288 2393 4357 γούμενος
2420 4285 2745 4357 εὐχαριστῶ,
2770 4285 2850 4339 ὅτι
2894 4284 3108 4357 ἐρῤύσω
3145 4285 3269 4347 τοὺς
3299 4282 3464 4345 πόδας
3513 4296 3594 4351 μου
3615 4276 3667 4342 ἐξ

465 4362 764 4427 concessit,
787 4372 845 4417 ut
866 4363 1102 4433 placeam
1135 4383 1314 4423 coram
1335 4378 1383 4424 te
1411 4371 1467 4424 in
1490 4369 1686 4427 lumine
1715 4373 2029 4441 viventium;

2135 4375 2509 4447 ὀλισθήματος.
2559 4376 2668 4429 Καὶ
2695 4374 2869 4429 ταῦτά
2898 4391 2986 4446 μοι
3042 4374 3100 4427 τὸ
3132 4373 3222 4426 σὺν
3247 4372 3396 4437 ἕλεος
3426 4371 3663 4441 ἐδωρεῖτο,

466 4452 600 4518 sive,
638 4454 938 4511 secundum
979 4457 1388 4530 Symmachum,
1418 4472 1475 4517 ut
1510 4463 1752 4520 incedam
1801 4468 1858 4523 in
1902 4485 2031 4523 con-

2135 4466 2285 4536 ὑπὲρ
2312 4467 2417 4522 τοῦ
2438 4466 2837 4536 εὐαρεστῆσαι
2874 4465 3128 4521 ἐνώπιόν
3154 4482 3270 4519 σου
3294 4465 3366 4518 ἐν
3395 4463 3533 4533 φωτὶ
3556 4456 3667 4520 ζὼν-

463 4556 641 4614 spectu
666 4546 765 4602 Dei
791 4564 883 4618 per
898 4549 1075 4606 lumen
1096 4546 1234 4609 vitae.
1258 4553 1441 4611 Moras
1470 4556 1635 4627 igitur
1660 4557 1866 4616 faciens
1886 4561 2030 4633 apud

2135 4577 2270 4615 ron"
2293 4560 2353 4630 ἢ,
2382 4559 2535 4614 κατὰ.
2554 4558 2645 4614 τὸν
2668 4560 2979 4631 Σύμμαχον,
3003 4558 3082 4624 ὡς
3121 4556 3188 4611 τὸ
3229 4555 3460 4610 ὁδεύειν
3487 4553 3667 4623 ἐμπρο-

463 4637 789 4713 allophylos,
825 4656 855 4694 a
904 4651 1053 4698 recta
1078 4654 1132 4700 et
1162 4648 1311 4717 regia
1340 4647 1430 4701 via
1469 4664 1577 4702 non
1607 4649 1877 4719 declinat;
1910 4653 2027 4719 sed,

2136 4657 2285 4709 σθεν
2311 4654 2419 4708 τοῦ
2473 4654 2619 4708 Θεοῦ
2667 4651 2764 4707 διὰ
2794 4650 2988 4722 φωτὸς
3025 4648 3135 4718 τῆς
3189 4646 3357 4717 ζωῆς.
3406 4642 3667 4717 Διατρίϐων

464 4736 539 4791 ait
572 4756 585 4792 :
619 4734 741 4794 Tibi
772 4738 972 4809 placito
1011 4755 1164 4797 more
1188 4742 1504 4800 incedebam
1534 4746 1733 4804 ductus
1762 4750 1861 4805 abs
1899 4758 1950 4806 te
1977 4758 2031 4806 et

2136 4744 2263 4812 γοῦν
2293 4744 2386 4797 καὶ⁹
2409 4742 2561 4815 παρὰ
2579 4747 2689 4808 τοῖς
2722 4742 3060 4812 ἀλλοφύλοις,
3087 4742 3185 4812 τῆς
3233 4739 3402 4843 ὀρθῆς
3428 4735 3665 4843 italiam-

461 4826 805 4900 illustratus;
836 4849 946 4888 non
981 4835 1104 4891 luce
1134 4837 1312 4892 solum
1366 4839 1458 4893 illa
1491 4842 1772 4897 communi
1817 4841 2027 4909 fruens,

2135 4833 2288 4907 λικῆς
2319 4834 2437 4890 ὁδοῦ
2467 4837 2527 4890 οὐ
2558 4833 2884 4908 παρέξεισιν·
2903 4833 3038 4888 ἀλλά
3064 4834 3145 4887 σοὶ
3173 4831 3479 4903 εὐαρέστως
3504 4826 3667 4879 ὥδευον

462 4922 717 4979 omnibus
745 4933 1034 4995 praesente,
1065 4930 1484 4987 rationabilibus
1513 4939 1567 4988 et
1589 4933 1789 5000 brutis,
1820 4934 1953 4992 feris
1975 4944 2029 4992 et

2136 4927 2241 4981 ὑπὸ
2267 4925 2360 4980 σοῦ
2395 4924 2794 4998 Μδηγούμενος
2848 4923 2942 4976 καὶ
3005 4918 3390 4992 φωτιζόμενος,
3418 4916 3578 4988 φωτός
3613 4927 3664 4962 τε

463 5014 768 5083 reptilibus,
810 5017 1042 5073 mortuis
1080 5029 1135 5075 et
1195 5021 1548 5091 inanimatis;
1579 5024 1674 5080 sed
1721 5025 1815 5081 illa
1863 5027 2030 5082 etiam

2138 5019 2559 5091 μεταλαγχάνων
2583 5019 2643 5071 ού
2667 5016 2762 5070 τοῦ
2807 5014 2985 5069 κοινοῦ
3035 5013 3130 5067 καὶ
3164 5014 3331 5066 πᾶσιν
3361 5006 3663 5080 ἐγκειμένου,

460 5119 582 5173 quae.
614 5112 827 5160 tantum
851 5106 940 5172 iis,
969 5109 1063 5178 qui
1102 5110 1247 5180 apud
1285 5118 1339 5166 te
1367 5113 1578 5179 vivunt,
1611 5115 1882 5170 destinata
1924 5124 2028 5172 est.

2135 5112 2368 5181 λογικοῖς
2390 5129 2450 5165 τε
2475 5111 2568 5164 καὶ
2602 5109 2832 5178 ἀλόγοις,
2866 5107 3075 5180 θηρίοις
3100 5123 3158 5159 τε
3202 5104 3296 5158 καὶ
3319 5104 3571 5194 ἑρπετοῖς,
3594 5109 3666 5194 95:

462 5193 669 5251 Lumen
695 5212 859 5267 porro
892 5200 1027 5255 illud
1052 5203 1372 5269 viventium,
1413 5220 1521 5275 quo
1560 5205 1731 5262 David
1761 5215 1815 5262 et
1841 5223 2033 5263 omnes

2135 5206 2285 5275 κροῖς
2310 5219 2369 5256 τε
2394 5203 2487 5256 καὶ
2526 5200 2770 5272 ἀψύχοις,
2801 5198 2934 5253 ἀλλά
2964 5196 3058 5251 τοῦ
3091 5197 3269 5268 μόνοις
3294 5198 3405 5258 τοῖς
3433 5190 3569 5299 nica
3586 5190 3663 5239 σοῦ

463 5282 574 5338 Deo
595 5287 804 5358 accepti
831 5291 1107 5361 prophetae
1126 5300 1181 5348 et
1197 5294 1334 5364 justi
1362 5295 1621 5351 illustrati
1670 5303 1799 5352 sunt
1838 5297 2034 5352 intelli-

2135 5295 2298 5360 ζῶσιν
2325 5293 2727 5365 ἀφωρισμένον.
2758 5293 2987 5363 Νοήσεις
3009 5290 3067 5344 δὲ.
3096 5290 3156 5343 τὸ
3186 5289 3301 5358 φῶς
3328 5287 3431 5340 τῶν
3459 5282 3661 5349 ζώντων.

459 5391 576 5448 ges,
606 5377 653 5432 si
687 5381 940 5439 attendas
977 5385 1324 5457 evangelista
1356 5386 1559 5442 dicenti
1596 5407 1610 5443 :
1641 5387 1794 5454 Quod
1829 5388 2030 5459 factum

2137 5394 2192 5444 ἐν
2212 5384 2256 5459 ᾧ
2278 5392 2369 5444 καὶ
2395 5389 2556 5445 Δαυῒδ
2584 5389 2677 5442 καὶ
2709 5386 2904 5451 πάντες
2932 5386 2982 5438 οἱ
3014 5383 3277 5453 θεοφιλεῖς
3308 5380 3562 5454 προφῆται
3584 5370 3664 5426 καὶ

461 5479 541 5525 est
585 5471 639 5525 in
668 5471 803 5557 ipso
822 5475 888 5541 '°,
920 5477 1128 5534 scilicet
1160 5478 1257 5536 Dei
1282 5478 1466 5538 Verbo
1499 5483 1642 5553 quod
1674 5483 1729 5538 in
1761 5478 2031 5555 principio

2137 5482 2332 5537 δίκαιοι
2365 5483 2762 5556 ἐφωτίσθησαν,
2794 5483 3104 5553 ἐπιστήσας.
3125 5477 3201 5549 τῷ
3227 5472 3561 5545 εὐαγγελιστῇ
3596 5463 3664 5564 λέ

420 5585 425 5591 -
464 5562 610 5634 apud
650 5554 821 5621 Deum
854 5577 995 5636 erat,
1026 5571 1136 5626 vita
1178 5583 1314 5639 erat,
1353 5585 1406 5628 et
1456 5577 1565 5630 vita
1598 5586 1711 5631 erat
1751 5581 1845 5632 tua:
1869 5577 2032 5631 homi-

2138 5592 2304 5643 γοντι·
2353 5578 2413 5628 Ὃ
2445 5554 2797 5645 γέγονεν-ὲν
2822 5572 3001 5640 αὐτῷ,
3062 5570 3260 5643 δηλαδὴ
3314 5566 3390 5638 τῷ
3420 5564 3558 5633 Λόγῳ
3580 5554 3659 5610 τοῦ

464 5671 588 5710 num
618 5658 659 5689 ²¹
693 5674 709 5711 ι
737 5672 802 5711 ac
835 5673 1098 5717 rursum:
1139 5661 1274 5717 Erat
1319 5665 1413 5719 lux
1444 5682 1564 5721 vera
1614 5684 1730 5738 qua:
1764 5669 2032 5726 illuminat

2138 5666 2271 5720 Θεοῦ
2298 5666 2374 5738 τῷ
2407 5669 2464 5721 ἐν
2486 5669 2626 5739 ἀρχῇ
2664 5666 2795 5738 πρὸς
2823 5665 2912 5720 τὸν
2943 5663 3072 5718 Θεὸν
3096 5662 3228 5726 δντι,
3258 5659 3367 5728 ζωὴ
3393 5654 3482 5729 ἦν,
3517 5649 3598 5707 καὶ
3623 5646 3657 5714 ἦ

541 5812 584 5842 ³⁸
622 5810 801 5867 lCor.
835 5827 931 5880 ιιι,
970 5814 1026 5869 3.
1103 5816 1146 5849 ι’
1184 5815 1330 5876 Psal.
1362 5835 1525 5891 nix,
1562 5823 1643 5879 14.
1726 5826 1771 5857 ¹⁰
1808 5824 1966 5883 loan.
2007 5841 2026 5882 ι

2135 5825 2235 5892 ,4.
2313 5827 2355 5860 ιι
2399 5825 2532 5881 ibid.
