3822 6280
3297 303 3403 362 τ»ρέ

177 311 283 365 501
1316 304 1818 365 COMMENTABIA
1859 313 1928 368 IN
1963 309 2298 368 PSALMOS.

174 413 393 490 ἂυὴῆν
441 420 509 473 τὸ
541 418 664 487 φῶς
715 417 831 472 τῶν
878 417 1217 485 ἀνθρώπων
1281 419 1374 470 καὶ
1428 418 1605 472 πάλιν⁶
1640 414 1749 473 τΗν

1861 442 2048 479 mmem
2104 412 2377 476 hominem
2420 418 2695 472 venientem
2744 417 2798 470 in
2837 417 2978 471 hunc
3027 418 3296 472 mundum.
3342 419 3407 470 In

175 512 246 567 τό
276 510 402 581 φῶς
428 508 496 563 τὸ
526 510 834 576 ἀληθινὸν,
869 508 934 562 τὸ
960 507 1206 577 φωτίζον
1233 507 1426 561 πάντα
1440 509 1752 577 ἄνθρωπον

1861 518 2042 572 mundo
2090 523 2225 578 erat,
2267 522 2316 566 et
2366 511 2590 566 mundus
2650 525 2740 578 per
2791 511 2958 577 ipsum
3014 510 3182 578 factus
3229 518 3328 575 est,
3359 506 3407 562 et

175 607 509 674 ἐρχόμενον
545 607 630 670 εἰς
655 604 760 657 τὸν
775 606 1022 672 κόσμον.
1059 603 1153 656 Ἐν
1181 603 1260 669 τῷ
1292 605 1496 672 κόσμῳ
1520 601 1615 674 ἦν,
1653 607 1753 659 καὶ

1861 608 2073 662 mundus
2105 623 2218 661 eum
2240 622 2341 658 non
2366 602 2602 673 cognovit
2623 603 2688 656 ".
2723 603 2851 656 Erat
2887 600 3052 670 igitur
3088 600 3144 652 in
3170 599 3405 653 mundo:

177 704 213 753 ό
245 699 478 765 κόσμος
504 697 578 750 δι’
598 695 785 750 αὑτοῦ
809 696 1060 766 ἐγένετο,
1093 697 1191 750 καὶ
1237 701 1270 751 ό
1322 700 1548 767 κόσμος
1569 699 1752 752 αὐτὸν

1861 707 1902 756 3t
1957 701 2056 755 hoc
2102 699 2324 759 lumine,
2367 697 2461 766 qui
2512 695 2622 748 vita
2671 693 2765 747 illa
2811 693 2951 763 apud
3006 690 3175 746 Deum
3222 691 3407 746 donati

177 793 291 844 οὐκ
318 791 492 859 ἔγνω.
516 789 720 842 Οὐκοῦν
745 784 811 859 ἦν
835 791 890 841 ὲν
918 787 994 859 τῷ
1020 789 1222 860 κόσμῳ·
1244 790 1478 860 κάκείνῳ
1508 789 1584 859 τῷ
1614 791 1751 859 φωτὶ

1861 799 2022 855 erant,
2053 789 2511 845 illuminabantur.
2550 784 2747 840 Deinde
2793 784 2844 835 in
2887 782 3099 850 propria
3141 783 3310 843 venit;
3360 787 3410 847 et

177 884 228 935 οἱ
256 883 358 951 τῆς
391 882 538 953 παρὰ
567 881 642 952 τῷ
667 882 784 952 Θεῷ
809 882 951 952 ζωῆς
978 881 1384 952 καταξιούμενοι
1407 882 1746 951 ἐφωτίζοντο.

1861 889 2109 952 7uotquot'
2139 889 2435 948 receperunt
2485 894 2622 942 eum,
2643 875 2784 929 dedit
2814 875 2888 928 eis
2932 881 3238 940 potestatem
3271 871 3408 941 ﬁlios

181 974 454 1044 ’Υστερον
479 973 536 1025 δὲ
562 974 654 1025 καὶ
685 975 771 1038 είς
809 972 879 1025 τὰ
940 972 1059 1026 ἴδια
1107 969 1309 1042 ἦλθεν·
1353 973 1484 1026 ὅσοι
1531 991 1593 1026 τε
1630 972 1753 1027 ἐδέὲ-

1861 974 1947 1029 Dei
1970 974 2104 1042 fieri.
2131 971 2304 1027 Tanta
2333 972 2508 1026 virtus
2542 969 2734 1023 lumini
2778 966 3067 1022 viventium
3123 964 3319 1026 inerat,
3354 953 3417 1016 ut.

182 1064 371 1128 ξαντα
406 1064 594 1118 αὐτὸν
620 1064 842 1118 ἔδωκεν
861 1065 1063 1129 αὐτοῖς
1082 1064 1370 1128 ἐξουσίαν
1396 1065 1576 1119 τέκνα
1608 1065 1753 1120 Θεοῦ

1861 1079 1946 1120 eos
1976 1065 2067 1134 qui
2100 1079 2158 1118 se
2184 1063 2490 1132 reciperent
2523 1060 2662 1114 ﬁlios
2687 1057 2781 1112 Dei
2811 1056 3042 1112 elﬁceret
3079 1073 3092 1108 :
3119 1052 3263 1124 quod
3289 1067 3410 1106 cum

184 1152 482 1222 γενέσθαι.
537 1153 779 1224 Τοσαύτη
833 1153 1059 1224 δύναμις
1113 1155 1292 1225 παρῆν
1330 1153 1407 1224 τῷ
1461 1155 1596 1224 φωτὶ
1647 1156 1754 1209 τῶν

1861 1156 2015 1210 sciret
2047 1154 2236 1217 David,
2275 1156 2328 1208 in
2356 1161 2483 1208 voto
2513 1151 2723 1216 habuit,
2746 1157 2806 1205 ut
2837 1150 3076 1219 placeret
3108 1161 3285 1199 coram
3305 1143 3412 1198 Deo

184 1241 424 1306 ζώντων,
459 1243 532 1306 ὡς
557 1242 720 1295 τέκνα
749 1241 882 1294 Θεοῦ
942 1242 1347 1313 ἀπεργάζεσθαι
1372 1245 1496 1307 τοὺς
1534 1243 1757 1298 καταδε-

1861 1246 1907 1299 in
1935 1247 2130 1300 lumine
2156 1247 2451 1300 viventium.

183 1338 450 1406 χομένους
497 1337 646 1390 αὐτό·
699 1337 833 1408 ὅπερ
896 1335 1049 1399 εἰδὼς
1091 1339 1118 1390 ὁ
1166 1336 1326 1391 Δαυϊδ
1380 1337 1446 1390 δι’
1481 1337 1645 1408 εὐχῆς
1704 1333 1826 1408 εἶχε»
1853 1339 1947 1395 τοῦ
1997 1341 2354 1412 εὐαρεστῆσαι
2428 1336 2680 1391 ἐνώπιον
2761 1333 2866 1389 τοῦ
2919 1333 3066 1389 Θεοῦ
3131 1332 3200 1386 ἐν
3264 1315 3411 1402 goat,

183 1429 434 1490 (ibi-rw.

184 1569 292 1623 ΕΙΣ
323 1572 412 1623 ΤΟ
438 1572 676 1631 ΤΕΛΟΣ,
714 1572 815 1626 ΜΗ
866 1574 1285 1638 ΔΙΑΦΘΕῘΡΗΣ,
1310 1577 1395 1628 ΤΩ
1427 1577 1622 1630 ΔΑΥΙΔ
1647 1579 1754 1630 ΕΙΣ

1863 1577 1912 1630 1.
1956 1574 2024 1628 ΙΝ
2059 1572 2290 1634 FINEM,
2330 1571 2420 1625 NE
2457 1567 2873 1629 DlSPERDAS,
2924 1566 3132 1622 DAVID
3157 1566 3259 1638 ilN
3315 1567 3412 1623 Tl-

255 1641 812 1717 E'Etl_r_u)_l‘_P‘At‘l>_l.-_AN_
824 1645 1030 1717 egro
1051 1637 1296 1717 iarToN
1347 1648 1754 1700 AIIOAIAPAE--

1932 1638 2922 1717 TULLnscmﬂlpneu.._.9w
2969 1637 3312 1717 ,νῖνοειιετ
3369 1640 3415 1692 Α

254 1710 423 1764 KEIN
460 1712 595 1765 ΑΠΟ
639 1713 998 1766 ΠΡυΣοΤοΥ
1047 1715 1271 1769 mem
1329 1716 1434 1773 En:
1480 1716 1564 1772 T0
1595 1718 1754 1771 2TH-

253 1782 656 1852 ΛΑιοΝφΝςκ

1927 1715 2130 1772 FACIE
2169 1713 2344 1769 SAUL
2383 1712 2450 1765 ΙΝ
2494 1708 2925 1766 SPELUNCAM.
2968 1709 3099 1764 LVI.

267 1871 558 1941 Ἐλέησόν
584 1890 680 1943 με,
715 1877 748 1928 ό
771 1874 935 1941 Θεὸς,
977 1875 1236 1944 ἐλέησόν
1265 1895 1362 1946 με,
1395 1878 1481 1931 ὅτι
1528 1879 1625 1932 ἐπὶ
1659 1881 1757 1934 σοὶ

1928 1872 2096 1930 Vnus.
2121 1873 2177 1928 2.
2208 1870 2458 1926 Miserere
2501 1871 2622 1934 mei,
2650 1873 2810 1935 Deus,
2857 1870 3100 1920 miserere
3131 1866 3252 1929 mei,
3287 1881 3415 1936 quo-

181 1961 471 2018 πέποιθεν
498 1966 538 2032 ἡ
585 1965 754 2035 ψυχή
805 1985 944 2036 μου.
990 1968 1197 2040 Ὥσπερ
1252 1969 1358 2022 ἀπὸ
1396 1971 1494 2039 τῆς
1522 1971 1758 2042 ἱστορίας

1861 1969 1999 2022 niam
2049 1967 2104 2019 in
2157 1975 2204 2019 te
2233 1965 2447 2034 conﬁdit
2484 1963 2664 2016 anima
2710 1978 2845 2015 mea.
2880 1958 3035 2014 Sicut
3078 1974 3144 2013 ex
3186 1957 3415 2012 historia

181 2055 457 2109 ἐδείκνυτο
484 2055 733 2128 δεύτερον
776 2059 1055 2130 γινόμενος
1100 2063 1127 2114 ὁ
1169 2061 1332 2114 Δαυῒδ
1370 2062 1520 2133 παρὰ
1545 2068 1655 2127 τοῖς
1701 2067 1758 2117 ἐν

178 2148 284 2202 Γὲθ
315 2149 652 2217 ἀλλοφύλοις,
684 2154 810 2222 παρ’
839 2147 918 2215 οἷς
943 2153 1228 2224 διατρίϐων
1254 2155 1345 2209 τὸν
1364 2163 1434 2208 νε⁹
1455 2157 1759 2227 ἀναγέγρα-

179 2255 316 2292 πται
361 2239 574 2311 ψαλμὸν
600 2241 853 2312 εἰρηκώςο
875 2243 1016 2297 οὕτω
1042 2244 1122 2309 δὶς
1148 2246 1395 2315 φαίνεται
1427 2248 1482 2300 ὲν
1514 2247 1590 2318 τῷ
1617 2265 1757 2320 σπη-

178 2329 317 2403 λαίῳ
341 2331 634 2403 ἐληλυθώς·
665 2334 808 2401 ἅπαξ
835 2335 954 2404 μὲν,
972 2338 1080 2399 ὅτε,
1113 2337 1304 2406 μανίαν
1351 2338 1754 2409 προσποιηθεὶς,

177 2425 283 2486 τὰς
317 2427 508 2495 χεῖρας
562 2425 654 2478 τοῦ
716 2425 942 2496 Ἀγχοῦς
990 2426 1107 2498 (sic)
1148 2428 1244 2481 καὶ
1293 2428 1402 2481 τῶν
1446 2431 1502 2483 ὲν
1537 2430 1574 2480 Γ
1579 2430 1635 2482 ὲθ
1666 2429 1758 2483 ἀλ-

177 2515 431 2584 λοφύλων
462 2517 761 2586 διαφεύγει·
797 2519 1049 2572 κάκεῖθεν
1072 2520 1390 2596 διασώζεται
1417 2523 1496 2584 εἰς
1518 2520 1576 2573 τὸ
1629 2522 1760 2591 σπή-

185 2608 348 2661 λαιον
378 2609 439 2660 τὸ
485 2609 763 2680 Ὀδολλὰμ,
787 2609 912 2664 ἔνθα
945 2610 1165 2678 πάντες
1190 2615 1244 2665 οἱ
1278 2613 1524 2681 ἀδελφοὶ
1551 2611 1755 2676 αὑτοῦ,

176 2698 284 2750 καὶ
312 2696 432 2763 πᾶς
464 2701 496 2752 ὁ
524 2698 686 2763 οἶκος
713 2698 819 2752 τοῦ
846 2698 1066 2766 πατρὸς
1117 2699 1300 2754 αὐτοῦ
1333 2698 1759 2752 καταϐαίνουσι

177 2789 337 2857 πρὸς
377 2791 580 2843 αὐτόν.
636 2790 979 2860 Συνήγοντό
1027 2808 1092 2844 τε
1134 2792 1266 2860 παρ’
1322 2791 1479 2857 αὐτῷ
1542 2788 1659 2854 πᾶς
1690 2788 1760 2841 ἐν

175 2881 418 2950 ἀνάγκη
452 2881 556 2944 ὢν,
599 2882 698 2934 καὶ
734 2881 852 2948 πᾶς
899 2884 1229 2952 ὑπόχρεως,
1275 2883 1372 2938 καὶ
1413 2883 1581 2939 πᾶσα
1622 2899 1760 2936 κατ-

173 2974 408 3037 ὡδυνος
436 2974 627 3043 ψυχή·
648 2976 742 3028 καὶ
765 2972 843 3046 ἦν
860 2977 952 3029 ἐπ’
979 2976 1176 3030 αὐτῶν
1194 2979 1538 3046 ἡγούμενος.
1559 2971 1759 3028 τιΙσαν

172 3067 252 3121 δὲ
287 3069 368 3133 ὡς
392 3070 760 3136 τετρακόσιοι
789 3068 1002 3138 ἄνδρες
1024 3085 1038 3100 ⁸
1071 3070 1320 3140 δεύτερον
1353 3069 1430 3134 δὲ,
1503 3069 1602 3122 ὅτε
1649 3068 1756 3122 ἀν-

171 3158 484 3229 έστρεψεν
513 3164 546 3214 ό
574 3161 770 3215 Σαοὺλ
795 3161 911 3214 ἀπὸ
946 3161 1193 3215 ὄπισθεν
1218 3160 1335 3215 τῶν
1371 3161 1754 3230 ἀλλοφύλων,

173 3226 624 3323 καὶ-ἀπηγγέλη
653 3246 834 3319 αὐτῷ,
863 3253 949 3306 ὅτι
985 3253 1128 3307 Ἰδοὺ
1171 3254 1350 3309 Δαυῒδ
1368 3255 1436 3307 ἑν
1465 3226 1541 3321 τῆ
1557 3250 1752 3320 ἐρήμῳ
1782 3226 1824 3285 C

174 3345 250 3413 τῇ
280 3345 498 3399 Γαδδίο
534 3346 630 3400 καὶ
683 3347 861 3400 ἔλαϐε
895 3349 1022 3416 μεθ’
1048 3347 1264 3401 ἑαυτοῦ
1295 3348 1448 3416 τρεῖς
1485 3351 1758 3418 χιλιάδας

173 3437 420 3506 ἀνδρῶν
451 3437 750 3491 ἐκλεκτῶν
791 3439 858 3492 ἑκ
899 3439 1005 3492 τοῦ
1043 3439 1298 3508 Ἰσραὴλ,
1343 3441 1440 3494 καὶ
1468 3441 1786 3513 ἐπορεύθη

175 3524 373 3596 (ζητῶν
426 3530 536 3582 τὸν
585 3530 765 3586 Δαυῒδ
837 3532 933 3584 καὶ
981 3531 1122 3596 τοὺς
1175 3531 1397 3600 ἄνδρας
1434 3535 1618 3589 αὐτοῦ
1659 3537 1757 3590 ἐπὶ

175 3624 512 3704 πρόσωπον
542 3624 763 3677 Αὶλείν.
801 3624 907 3677 Καὶ
942 3621 1127 3694 ἦλθεν
1153 3627 1239 3690 είς
1267 3625 1373 3691 τὰς
1397 3626 1616 3695 ἀγέλας
1641 3628 1760 3683 τῶν

175 3715 478 3783 ποιμνίων
503 3714 608 3780 τὰς
641 3714 740 3766 ἐπὶ
787 3713 898 3783 γῆς
931 3715 1093 3769 ὀδοῦ.
1158 3715 1267 3769 Καὶ
1304 3711 1384 3785 ἦν
1430 3717 1558 3770 ἐκεῖ
1597 3718 1757 3784 σπή-

175 3810 377 3873 λαιον,
416 3808 515 3860 καὶ
548 3806 794 3874 εἰσῆλθε
816 3808 1014 3861 Σαοὺλ
1042 3809 1638 3876 παρασκευάσασθαι·
1663 3811 1758 3864 καὶ

176 3899 364 3952 Δαυῒδ
403 3898 506 3954 καὶ
538 3902 590 3952 οί
622 3898 826 3968 ἄνδρε(
896 3900 1076 3954 αὑτοῦ
1132 3899 1407 3970 ἐσώτεροι
1464 3903 1569 3956 τοῦ
1605 3919 1762 3970 σπη-

175 3993 360 4044 λαίου
385 3989 704 4058 ἐκάθηντο.
754 3992 863 4046 Καὶ
887 3990 1064 4046 εἷπαν
1087 3995 1141 4045 οί
1173 3992 1388 4061 ἄνδρες
1407 3991 1587 4046 Δαυῒδ
1612 3993 1761 4060 πρὸς

178 4086 389 4138 αὐτόν·
446 4084 599 4138 Ἰδοὺ
624 4087 661 4154 ἡ
688 4085 874 4154 ἡμέρα
900 4087 1071 4153 αὕτη,
1097 4083 1179 4152 ἣν
1213 4083 1341 4139 εἷπε
1375 4087 1587 4153 Κύριος
1612 4083 1760 4153 πρὸς

179 4175 274 4242 σὲ,
311 4177 688 4244 παραδοῦναι
731 4177 836 4231 τὸν
885 4179 1102 4246 ἐχθρόν
1131 4193 1245 4232 σου
1302 4181 1388 4244 είς
1425 4178 1532 4243 τὰς
1560 4177 1761 4246 χεῖράς

180 4285 319 4331 σου,
356 4268 462 4322 καὶ
493 4269 764 4336 ποιήσεις
793 4267 949 4338 αὐτῷ
975 4272 1054 4336 ὡς
1094 4271 1316 4339 ἀγαθόν
1342 4271 1411 4323 ἐν
1433 4268 1761 4338 ὀφθαλμοῖς

178 4375 317 4414 σου.
361 4359 479 4412 Kal
509 4360 731 4428 ἀνέστη
763 4361 942 4414 Δαυῒδ
969 4361 1068 4414 καὶ
1097 4361 1302 4430 ἀει-εἷλε
1330 4361 1398 4414 τὸ
1451 4362 1763 4430 πτερύγιον

179 4451 290 4518 τῆς
337 4451 655 4519 διπλοΐδος
715 4453 910 4507 Σαοὺλ
970 4455 1281 4522 λαθραίως.
1341 4454 1451 4506 Καὶ
1509 4451 1759 4521 ἐγενήθη

1855 2065 2318 2115 commonstratur
2365 2056 2622 2111 Davidem
2663 2055 2748 2110 bis
2809 2052 2950 2124 apud
3003 2051 3301 2120 allophylos
3359 2049 3413 2102 in
3493 2071 3496 2074 ι

1856 2149 1992 2205 Geth
2033 2148 2222 2213 fuisse,
2256 2148 2439 2218 ibique
2467 2147 2748 2216 degentem
2791 2144 3062 2215 psalmum
3089 2158 3154 2196 ιν
3190 2141 3419 2196 recitas-

1856 2259 1915 2299 se
1944 2243 2208 2313 scriptum
2245 2249 2365 2297 est:
2397 2241 2476 2296 sic
2521 2239 2605 2294 bis
2637 2237 2692 2293 in
2750 2238 3064 2307 speluncam
3094 2235 3307 2290 venisse
3338 2233 3419 2286 vi-

1857 2335 2045 2400 detur;
2080 2333 2256 2403 primo
2285 2345 2408 2386 cum
2431 2370 2444 2394 ,
2474 2327 2690 2382 insania
2745 2326 3020 2386 simulata,
3055 2337 3248 2376 manus
3306 2321 3420 2373 An-

1857 2424 1995 2478 chus
2037 2430 2092 2478 et
2147 2420 2490 2476 Getb'aeorum
2549 2416 2945 2487 allophylorum
3001 2412 3208 2482 effugit,
3255 2417 3418 2479 atque

1857 2514 1982 2569 inde
2011 2515 2066 2568 in
2095 2514 2408 2583 speluncam
2443 2508 2687 2564 Odollam
2726 2523 2785 2562 se
2809 2504 3089 2568 subduxit,
3122 2503 3214 2556 ubi
3243 2513 3420 2556 omnes

1858 2608 2052 2677 fratres
2090 2606 2202 2676 ejus
2245 2614 2294 2659 et
2343 2603 2586 2657 universa
2627 2599 2812 2654 domus
2840 2597 3008 2667 patris
3038 2595 3150 2665 ejus
3177 2608 3294 2646 eum
3324 2605 3420 2644 ..ξι
3485 2606 3505 2621 ι

1856 2702 2048 2754 ierunt.
2082 2697 2150 2750 Et
2172 2703 2517 2751 convenerunt
2567 2692 2635 2746 ad
2686 2708 2803 2746 eum
2839 2705 3013 2743 omnes
3043 2686 3131 2757 qui
3173 2691 3326 2739 erant
3363 2681 3420 2736 iu

1859 2791 2106 2862 angustia
2130 2787 2424 2850 constituti,
2453 2795 2501 2841 et
2526 2784 2757 2854 oppressi
2796 2798 2897 2837 tere
2933 2780 3124 2840 alieno,
3157 2785 3206 2831 et
3235 2789 3418 2828 amaro

1859 2879 2032 2932 animo
2063 2894 2082 2931 :
2105 2886 2154 2930 et
2183 2886 2294 2931 erat
2318 2892 2496 2930 eorum
2523 2875 2652 2928 duas.
2679 2872 2848 2926 Erant
2877 2879 3052 2924 autem
3095 2867 3247 2937 quasi
3289 2879 3422 2934 qua-

1857 2971 2118 3042 dringenti
2171 2971 2269 3024 viri
2299 2969 2366 3023 ¹³.
2401 2966 2656 3022 Secundo
2681 2974 2883 3026 autem,
2934 2977 3051 3014 cum
3078 2974 3314 3013 reversus
3341 2965 3421 3009 est

1859 3062 1993 3118 Saul
2022 3061 2216 3131 fugatis
2259 3057 2561 3128 allophylis,
2591 3066 2640 3110 et
2688 3054 2986 3110 nuntiatum
3031 3059 3109 3105 est
3159 3050 3251 3103 ei:
3286 3047 3422 3102 Ecce

1860 3154 2032 3210 David
2081 3156 2134 3207 in
2189 3152 2393 3206 deserto
2443 3148 2650 3212 Gaddi;
2682 3157 2732 3200 et
2761 3145 3047 3213 assumpsit
3094 3157 3268 3196 secum
3318 3141 3423 3192 tria

1859 3249 2030 3303 millia
2061 3247 2344 3300 electorum
2377 3259 2441 3297 ex
2475 3240 2671 3302 Israel,
2699 3237 3029 3308 perrexitque
3077 3231 3145 3286 ad
3186 3246 3426 3301 qurere:-

1861 3341 1986 3394 dum
2015 3337 2185 3392 David
2216 3346 2264 3391 et
2311 3336 2448 3390 viros
2479 3334 2614 3403 ejus,
2638 3331 2705 3384 ad
2737 3329 2924 3399 faciem
2966 3325 3138 3379 zElin.
3173 3322 3241 3375 Et
3289 3322 3423 3375 venit

1860 3432 1928 3486 ad
1959 3448 2134 3502 greges
2161 3429 2394 3491 ovilium,
2438 3441 2554 3497 qua:
2591 3432 2739 3477 erant
2787 3422 2842 3474 in
2875 3429 3017 3472 terra
3049 3417 3159 3470 vim.
3190 3413 3424 3483 Eratque

1859 3525 1932 3580 ibi
1966 3525 2233 3593 spelunca,
2265 3529 2314 3574 et
2367 3520 2635 3588 ingressus
2671 3522 2748 3568 est
2777 3511 2910 3567 Saul
2955 3509 3022 3563 ad
3066 3525 3120 3563 se
3159 3521 3424 3576 apparan-

1860 3616 1985 3671 dum
2009 3616 2082 3688 (l)
2113 3656 2128 3682 ,
2165 3623 2212 3668 et
2256 3610 2422 3665 David
2453 3620 2499 3664 et
2525 3609 2622 3663 viri
2649 3609 2763 3676 ejus
2792 3607 2846 3658 in
2876 3603 3119 3657 interiore
3139 3607 3288 3669 parte
3311 3612 3428 3664 spe-

1863 3685 2028 3763 lunare
2046 3685 2312 3760 sedebant.
2331 3703 2398 3756 Et
2416 3701 2662 3754 dixerunt
2691 3698 2789 3751 viri
2813 3693 2976 3751 David
3007 3691 3075 3745 ad
3098 3706 3215 3744 eum
3241 3704 3258 3740 :
3292 3685 3424 3739 Ecce

1861 3801 1994 3865 dies,
2025 3802 2088 3853 de
2118 3814 2221 3865 qua
2246 3798 2452 3849 locutus
2487 3792 2746 3846 Dominus
2769 3786 2836 3841 ad
2863 3795 2929 3848 te,
2963 3781 3099 3851 quod
3121 3779 3299 3834 tradat
3320 3779 3422 3832 ini.

1860 3897 2052 3948 micum
2084 3903 2229 3946 tuum
2259 3892 2314 3944 in
2337 3903 2520 3942 manus
2545 3895 2685 3946 tuas,
2708 3891 2767 3935 ut
2793 3880 2964 3949 facias
2993 3879 3040 3931 ei
3061 3877 3194 3930 sicut
3213 3873 3424 3942 placue-

1863 3989 1933 4041 rit
1967 3988 2022 4040 in
2066 3985 2232 4039 oculis
2279 3982 2406 4034 tuis.
2440 3977 2687 4034 Surrexit
2717 3991 2838 4044 ergo
2869 3969 3041 4025 David
3088 3978 3138 4024 et
3182 3963 3423 4038 praecidit

1862 4095 2010 4133 oram
2040 4074 2290 4146 diploidis
2323 4073 2501 4129 Saulis
2538 4069 2696 4123 clam.
2742 4065 2810 4118 Et
2836 4065 3035 4134 factum
3066 4068 3142 4116 est
3169 4065 3348 4129 postea
3374 4059 3426 4105 et

1861 4171 2118 4243 percussit
2139 4167 2394 4222 Davidem
2424 4181 2514 4219 cor
2544 4162 2677 4232 ejus,
2697 4161 2822 4230 quia
2850 4156 3139 4210 abstulerat
3169 4166 3317 4205 oram
3343 4147 3428 4199 di-

1861 4240 2051 4333 ploidis
2095 4261 2285 4329 ipsius.
2335 4257 2586 4325 Dixitque
2608 4251 2778 4305 David
2811 4249 2879 4302 ad
2909 4249 3045 4302 viros
3079 4261 3201 4300 suos
3228 4259 3245 4296 :
3279 4240 3429 4294 Absit

1862 4356 1992 4410 mihi
2024 4371 2057 4408 a
2105 4351 2354 4414 Domino,
2383 4349 2430 4401 si
2472 4345 2672 4416 faciam
2715 4341 2851 4394 hanc
2888 4355 2996 4392 rem
3051 4337 3261 4391 domino
3290 4347 3424 4392 meo,

1866 4449 2064 4502 christo
2102 4443 2341 4505 Domini,
2375 4449 2435 4493 ut
2471 4437 2700 4508 inferam
2742 4448 2958 4487 manum
2995 4444 3163 4484 meam
3190 4427 3245 4479 in
3269 4437 3426 4483 eum;

177 4513 329 4613 μέέά
361 4545 585 4609 ταῦτα,
631 4513 730 4598 ᾆιαι
780 4545 1038 4611 ἐπάταξε
1066 4513 1280 4614 elapsa;
1326 4544 1507 4598 Δαυῒδ
1549 4513 1759 4611 αὐτόν,

1864 4538 1988 4610 quia
2018 4536 2258 4590 Christus
2283 4530 2497 4586 Domini
2519 4535 2595 4582 est
2624 4525 2727 4580 hic.
2762 4523 2831 4575 Et
2870 4521 3130 4592 persuasit
3153 4514 3324 4569 David
3349 4513 3428 4566 vi-

181 4637 269 4717 ὅτι
303 4637 521 4705 ἀφεῖλε
574 4635 641 4689 τὸ
698 4638 1013 4706 πτερύγιον
1064 4636 1174 4704 τῆς
1221 4636 1526 4701 διπλοΐδος
1554 4635 1758 4689 αὑτοῦ.

181 4730 291 4783 Καὶ
319 4726 461 4783 εἷπε
486 4728 666 4782 Δαυῒδ
686 4729 833 4798 πρὸς
860 4731 1000 4798 τοὺς
1041 4729 1265 4799 ἄνδρας
1317 4729 1522 4785 αὑτοῦ·
1571 4728 1763 4796 Μηδα-

176 4820 304 4890 μῶς
329 4840 439 4891 μοι
470 4822 629 4890 παρὰ
658 4824 981 4890 Κυρίου,,εὶ
1008 4824 1237 4890 ποιήσω
1270 4823 1336 4877 τὸ
1388 4821 1549 4892 ῥῆμα
1586 4821 1760 4875 τοῦτο

181 4912 260 4978 τῷ
292 4914 485 4982 κυρίῳ
532 4932 650 4983 μου
697 4907 776 4980 τῷ
834 4908 1056 4982 κριστῷ
1111 4916 1364 4983 Κυρίου,
1417 4911 1760 4982 ἐπενεγκεῖν

181 5004 353 5073 χεῖρὰ
375 5022 497 5074 μου
527 5005 618 5058 ἐπ’
657 5008 860 5060 αὐτόν·
915 5007 1003 5060 ὅτι
1035 5007 1286 5075 Χριστὸς
1322 5007 1541 5074 Κυρίου
1588 5003 1760 5058 ἐστὶν

182 5094 388 5161 οὗτος.
427 5097 539 5151 Καὶ
587 5097 792 5153 ἔπεισε
831 5100 1010 5154 Δαυῒδ
1033 5099 1173 5164 τοὺς
1213 5098 1436 5166 ἄνδρας
1485 5096 1664 5152 αὐτοῦ
1692 5097 1763 5148 ἐν

183 5192 423 5260 λόγοις,
483 5195 580 5248 καὶ
635 5195 745 5247 οὐκ
807 5193 1027 5248 ἔδωκεν
1091 5191 1309 5258 αὐτοὺς
1382 5190 1760 5256 ἀναστάντας

185 5280 530 5334 θανατῶσαι
556 5282 664 5336 τὸν
690 5283 905 5336 Σαούλ.
955 5280 1221 5353 Ζητητέον
1284 5276 1374 5333 οὖν
1411 5280 1549 5333 κατὰ
1575 5280 1762 5341 ποίους

185 5370 419 5439 χρόνους
444 5372 543 5443 τὴν
566 5372 928 5443 προκειμένην
953 5371 1350 5442 στηλογραφίαν
1379 5372 1419 5422 δ’
1459 5370 1618 5424 Δαυῖδ
1666 5370 1760 5423 ἀν-

185 5461 422 5533 έγραψε,
445 5465 539 5516 καὶ
564 5466 622 5517 ὲν
653 5465 790 5535 ποίῳ
816 5464 1064 5534 σπηλαίῳ
1102 5461 1406 5532 διατρίϐων·
1447 5460 1672 5529 πότερον
1703 5462 1760 5512 ἐν

1867 4631 1941 4683 ris
1965 4630 2074 4682 suis
2100 4623 2445 4688 sermonibus,
2470 4629 2518 4674 et
2543 4635 2646 4673 non
2672 4615 2909 4686 permisit
2938 4622 2994 4666 ut
3017 4613 3339 4678 insurgerent
3371 4604 3426 4655 in

1869 4721 2004 4776 Saul
2033 4720 2102 4773 ad
2129 4715 2470 4772 occidendum
2501 4730 2620 4768 eum
2646 4711 2714 4765 “.
2741 4705 3102 4776 Quaerendum
3134 4699 3300 4769 igitur
3320 4710 3428 4765 quo

1866 4822 2129 4883 tempore,
2161 4818 2216 4866 et
2244 4811 2300 4863 in
2331 4823 2438 4879 qua
2467 4807 2726 4876 spelunca
2749 4802 2969 4870 degens,
3005 4796 3144 4848 hanc
3179 4789 3325 4883 tituli
3352 4787 3430 4840 in-

1866 4878 2219 4975 scriptionem
2236 4878 2406 4956 David
2436 4896 2752 4965 scripserit;
2795 4908 2864 4946 an
2894 4891 2949 4943 in
2977 4886 3238 4975 Spelunca
3267 4878 3430 4975 Odol-

1864 4970 1997 5060 lam,
2026 5013 2095 5050 an
2120 4997 2175 5050 in
2207 4995 2470 5066 spelunca
2496 4987 2760 5059 Engaddi.
2781 4983 2980 5038 Verum
3008 4979 3133 5048 quia
3154 4974 3262 5028 duo
3287 4970 3432 5066 psal-

1865 5090 1940 5144 mi
1971 5089 2038 5144 ab
2066 5088 2204 5143 eoin
2231 5061 2490 5155 spelunca
2532 5080 2664 5134 dicti
2703 5083 2864 5141 sunt;
2887 5073 2976 5126 hic
3009 5068 3218 5124 scilicet
3239 5063 3334 5155 qui
3360 5061 3430 5114 tio-

1866 5180 1964 5235 tuli
1996 5153 2282 5248 inscriptio
2314 5183 2418 5240 est,
2467 5181 2521 5228 et
2558 5186 2708 5231 cm,
2747 5166 3085 5233 inscriptus:
3124 5153 3430 5212 Intellectus

1868 5270 2060 5324 Davidi
2105 5245 2462 5336 in—spelunca,
2503 5263 2710 5323 oratio;
2760 5260 3184 5312 consentaneum
3203 5255 3288 5304 est
3313 5245 3429 5300 dis-

1865 5365 2092 5434 quirere
2116 5402 2130 5428 ,
2170 5377 2241 5415 an
2276 5361 2314 5413 ii
2347 5358 2537 5414 eodem
2577 5363 2822 5423 tempore
2849 5344 3184 5420 pronuntiati
3205 5340 3426 5402 fuerint,

1869 5467 1923 5513 et
1944 5473 2074 5512 num
2098 5457 2152 5512 in
2177 5456 2439 5526 spelunca
2468 5463 2694 5508 versans
2719 5455 3012 5517 utrumque
3040 5434 3426 5512 composuerit.

263 5601 311 5630 "
356 5599 487 5654 ibid.
523 5599 679 5667 9,10.
756 5602 799 5632 ”
839 5605 858 5655 l
893 5601 1030 5672 Reg.
1058 5617 1206 5667 xm,
1241 5601 1362 5667 1,2.
1443 5603 1486 5632 ’⁸
1528 5599 1712 5671 lReg.
1750 5616 1759 5654 ι

1861 5614 1894 5664 γ,
1933 5597 2050 5651 2-8.

261 5714 346 5784 (1)
391 5715 442 5772 ld
479 5727 582 5784 est,
614 5720 682 5773 ad
713 5720 884 5774 alvum
915 5728 1318 5775 exonerandam.
