3822 6280
411 314 519 372 5υό

1111 320 1383 382 EUSEBH
1419 314 1889 377 CESARIENSIS
1918 313 2067 372 OPP.
2099 313 2283 370 PARS
2316 313 2406 373 Ill.
2438 344 2507 356 —
2543 312 2947 380 EXEGETICA.

3523 312 3611 367 ιιι

413 441 643 498 Videtur
670 455 802 513 ergo
840 439 997 505 mihi,
1048 441 1397 498 moventibus
1438 438 1726 510 utriusque
1779 434 1963 508 psalmi

2072 435 2157 506 τῷ
2186 434 2431 505 σπηλαίῳ
2491 432 2573 506 τῷ
2645 432 2924 505 Ὀδολλὰμ,
2966 432 3000 506 ἡ
3058 433 3116 487 ἐν
3156 431 3234 504 τῷ
3280 430 3612 505 σπηλαίῳτῷ

409 530 612 600 verbis,
640 533 783 588 hanc
812 533 953 586 tituli
989 532 1402 603 inscriptionem
1432 531 1489 586 in
1516 530 1776 602 spelunca
1812 526 1979 583 Odol-

407 627 514 680 lam
542 625 742 680 dictam
774 623 985 689 fuisse;
1022 626 1326 680 orationem
1370 639 1498 679 vero
1518 625 1574 679 in
1613 638 1735 677 cru
1762 621 1972 692 psalmo

402 716 659 786 positam,
684 712 743 769 in
772 715 1033 785 spelunca
1058 713 1323 786 Engaddi,
1345 729 1493 778 cum,
1529 711 1695 768 Saule
1718 727 1841 768 sese
1875 726 1972 781 ap-

391 814 653 878 parante,
686 806 742 862 in
782 806 1043 878 spelunca
1093 809 1270 863 latens
1302 806 1678 878 deprehensus
1709 815 1813 861 est.
1855 803 1972 859 Sic-

385 918 420 972 q
439 916 507 955 ue
536 899 669 955 mihi
701 914 1020 970 persuasum
1050 906 1136 955 est
1159 915 1225 955 ex
1248 900 1410 955 dictis
1434 900 1720 969 utriusque
1753 896 1966 968 psalmi.

391 993 455 1046 Et
508 991 730 1063 quidem
777 1006 902 1046 cm
938 991 1152 1047 videtur
1194 992 1328 1045 mihi
1378 998 1512 1045 tunc
1548 990 1814 1061 prolatus,
1844 1003 1967 1042 cum

390 1084 571 1141 David
595 1084 652 1141 in
684 1084 939 1156 angustia
972 1099 1167 1157 magna
1196 1090 1252 1139 et
1280 1083 1688 1139 concertatione
1716 1082 1966 1152 degeret;

392 1179 476 1233 sic
509 1177 656 1232 enim
681 1177 757 1232 ibi
787 1176 1031 1248 loquitur
1062 1194 1075 1230 :
1114 1173 1248 1229 Voce
1281 1191 1397 1229 mea
1435 1173 1505 1228 ad
1534 1173 1819 1228 Dominum
1858 1171 1972 1224 cla-

393 1268 568 1337 mavi,
589 1283 710 1323 voce
725 1285 842 1323 mea
867 1267 936 1321 ad
967 1265 1254 1321 Dominum
1275 1264 1585 1336 deprecatus
1614 1280 1751 1318 sum.
1782 1261 1971 1332 Effun-

393 1358 461 1411 do
508 1359 566 1411 in
614 1367 890 1426 conspectu
934 1355 1048 1425 ejus
1079 1355 1372 1411 orationem
1414 1368 1634 1408 meam:
1665 1351 1966 1406 tribulatio-

395 1463 515 1502 nem
574 1463 747 1501 meam
791 1456 913 1501 ante
941 1447 1115 1515 ipsum
1144 1442 1521 1516 pronuntiabo.
1578 1442 1646 1498 In
1682 1441 1968 1513 deﬁciendo

396 1551 461 1590 εις
490 1552 570 1590 me
590 1537 838 1605 spiritum
866 1552 1055 1601 meum,
1076 1544 1126 1589 et
1149 1543 1203 1588 tu
1242 1534 1527 1606 cognovisti
1557 1534 1772 1588 semitas
1802 1550 1964 1587 meas.

401 1626 467 1682 In
497 1629 583 1682 via
627 1627 748 1693 hac,
774 1644 880 1698 qua
908 1626 1269 1693 ambulabam,
1299 1625 1687 1682 absconderunt
1724 1625 1967 1697 laqueum

396 1719 527 1773 mihi
551 1720 618 1777 ”.
658 1718 756 1775 His
792 1719 993 1791 quippe
1021 1719 1334 1791 angustiam
1356 1734 1465 1790 qua
1495 1719 1844 1789 premebatur
1871 1716 1965 1773 de-

396 1810 602 1876 clarat;
623 1808 855 1865 maxime
877 1816 1058 1865 autem
1080 1810 1139 1864 in
1173 1809 1529 1880 sequentibus
1560 1808 1712 1865 hisce
1735 1808 1915 1865 verbis
1946 1825 1959 1861 :

397 1901 566 1955 Periit
592 1901 721 1977 fuga
745 1918 777 1955 a
799 1918 899 1956 me.
924 1899 1225 1959 Obsidente
1240 1916 1477 1972 namque
1502 1899 1664 1957 Saule
1691 1901 1965 1972 spelunca:

395 1992 621 2057 ostium,
654 1993 802 2049 intus
838 1994 1015 2050 latens
1050 1994 1189 2066 ipse,
1228 1992 1467 2065 eﬂ'ugcre
1495 2008 1554 2049 sc
1583 2008 1745 2064 posse
1774 1992 1967 2063 despe-

394 2084 572 2139 rabat.
602 2082 873 2139 Caeterum
895 2100 1018 2139 cum
1041 2084 1108 2140 de
1140 2085 1267 2155 fuga
1290 2084 1629 2155 desperaret,
1662 2084 1729 2139 ad
1758 2083 1965 2140 saluta-

392 2189 510 2229 rem
539 2182 762 2245 portum
811 2175 1090 2248 confugit;
1126 2190 1296 2246 quare
1338 2175 1630 2248 subjungit
1661 2194 1675 2230 ι
1724 2175 1966 2231 Clamavi

393 2266 464 2320 ad
515 2274 585 2332 te,
629 2267 877 2333 Domine,
920 2267 1035 2323 diri
1079 2285 1096 2323 :
1151 2268 1230 2325 Tu
1277 2284 1331 2325 es
1366 2283 1480 2338 spes
1535 2283 1686 2331 mea;
1742 2278 1796 2323 et
1850 2267 1966 2323 hac

394 2356 584 2428 adjicit
618 2377 631 2412 :
666 2357 816 2413 Educ
844 2357 908 2414 de
950 2357 1196 2415 custodia
1251 2359 1487 2414 animam
1547 2374 1740 2415 meam.
1770 2356 1963 2413 Viden’

393 2449 669 2519 quomodo
723 2465 879 2506 suam
932 2450 987 2505 in
1051 2452 1312 2521 spelunca
1366 2451 1774 2507 conclusionem
1824 2451 1967 2507 indi-

354 2541 521 2595 .cat?
553 2538 684 2597 lure
736 2541 921 2613 itaque
973 2543 1088 2599 hinc
1131 2544 1284 2600 dicta
1332 2545 1637 2603 orationem
1691 2545 1969 2611 inscribit,

392 2640 611 2705 tempus
639 2634 996 2707 inscriptione
1033 2636 1126 2691 illa
1155 2635 1458 2695 declarans.
1484 2638 1576 2693 Ait
1627 2639 1794 2712 igitur
1822 2656 1836 2693 :
1870 2637 1965 2693 In-

394 2724 629 2781 tellectus
659 2725 873 2794 Davidi,
922 2744 1041 2782 cum
1070 2739 1205 2783 esset
1255 2730 1311 2784 in
1357 2729 1628 2799 spelunca,
1674 2732 1865 2785 oratio.
1898 2728 1966 2783 Et

390 2817 511 2874 haec
542 2819 763 2890 quidem
796 2828 985 2877 notato
1032 2829 1276 2893 tempore
1312 2832 1567 2894 precatus
1611 2830 1721 2889 est,
1768 2838 1964 2895 magno

391 2911 450 2964 in
484 2912 728 2981 periculo
775 2914 1134 2971 constitutus.
1175 2912 1302 2972 Haec
1334 2930 1466 2971 vero
1504 2915 1649 2972 tituli
1677 2916 1965 2988 inscriptio

392 3002 464 3057 ab
489 3018 555 3058 eo
580 3005 808 3060 recitata
832 3012 937 3072 est,
965 3015 1025 3060 ut
1051 3006 1283 3073 aestimo,
1307 3021 1430 3062 cum
1453 3014 1600 3065 esset
1626 3008 1682 3063 in
1704 3008 1964 3080 spelunca

391 3092 664 3160 Odollam,
697 3112 762 3151 ac
787 3099 1082 3169 recepisset
1112 3113 1304 3155 omnes
1331 3098 1528 3157 fratres
1570 3115 1723 3165 suos,
1755 3115 1962 3172 cogna-

2019 589 2022 591 λ
2081 526 2340 596 Ἐνγαδδί.
2413 525 2572 580 Ἀλλὰ
2617 527 2711 580 καὶ
2759 526 2942 597 ἐπειδὴ
2994 524 3086 579 δύο
3132 524 3378 597 εἴρηνται
3430 525 3613 596 ψαλμοὶ

2071 617 2216 690 αὐτῷ
2237 620 2295 673 ἐν
2319 617 2397 689 τῷ
2421 617 2689 690 σπηλαίῳ,
2709 618 2739 671 ό
2763 616 2863 688 μὲν
2888 616 3246 687 προκείμενος
3263 615 3612 689 στηλογραφία

2068 709 2369 780 τυγχάνων,
2418 710 2446 761 ό
2492 709 2549 762 δέ
2582 715 2709 781 ρμα¹
2758 708 3229 781 ἐπιγεγραμμένος
3248 748 3264 771 ,
3321 707 3613 775 Συνέσεως

2068 799 2148 871 τῷ
2183 802 2362 858 Δαυῒδ
2400 803 2470 857 ἐν
2517 797 2596 872 τῷ
2641 802 2921 871 σπηλαίῳ
2952 801 3279 872 προσευχήο
3302 800 3529 873 ζητήσαι
3555 801 3611 855 ἄν

2067 912 2151 960 τις
2198 894 2430 963 εὐλόγως
2453 896 2501 947 εί
2533 893 2674 949 κατὰ
2705 893 2796 947 τὸν
2825 893 2985 947 αὐτὸν
3027 894 3269 964 εἴρηνται
3301 892 3509 964 χρόνον,
3531 891 3614 951 λαὶ

2068 989 2117 1040 εί
2134 989 2190 1041 ἐν
2214 987 2293 1058 τῷ
2317 986 2563 1059 σπηλαίῳ
2592 986 2875 1058 τυγχάνων
2926 987 3266 1058 ἀμφοτέρους
3321 984 3609 1051 συνέταξεν.

2067 1077 2223 1130 Δοκεῖ
2245 1076 2421 1131 τοίνυν
2449 1077 2592 1149 ἐμοὶ,
2627 1076 2925 1147 κινουμένῳ
2952 1077 3016 1129 ἐκ
3038 1077 3145 1130 τῶν
3172 1077 3229 1129 ἐν
3257 1075 3500 1147 ἐκατέρῳ
3526 1093 3608 1145 φε-

2071 1170 2310 1243 ρομένων
2330 1171 2522 1241 λόγων,
2561 1170 2595 1241 ἡ
2629 1169 2728 1241 μὲν
2762 1168 2899 1239 μετά
2944 1170 3133 1240 χεῖρας
3171 1167 3537 1239 στηλογραφία
3561 1170 3611 1221 ἐν

2065 1261 2144 1332 τῷ
2173 1261 2420 1333 σπηλαίῳ
2440 1260 2518 1332 τῷ
2549 1259 2810 1332 Ὀδολλὰμ
2837 1259 3107 1330 εἰρῆσθαι,
3138 1260 3171 1330 ἡ
3197 1259 3255 1312 δὲ
3294 1259 3353 1312 ἐν
3380 1257 3457 1329 τῷ
3482 1265 3610 1328 ρμα’,

2067 1352 2360 1425 προσευχὴ,
2389 1354 2447 1406 ἐν
2473 1352 2550 1423 τῷ
2573 1353 2819 1425 σπηλαίῳ
2842 1351 3193 1425 τῷἙνγαδδὶ,
3209 1353 3320 1417 ὅτε,
3347 1350 3440 1404 τοῦ
3460 1350 3612 1405 Σαοὺλ

2067 1444 2637 1516 παρασκευαζομένου,
2665 1446 2723 1498 ἐν
2746 1445 2825 1516 τῷ
2869 1444 3115 1515 σπηλαίῳ
3143 1443 3288 1497 ἔνδον
3320 1442 3609 1514 κρυπτόμε-

2065 1553 2154 1600 νος
2177 1536 2424 1609 εὖρηται.
2449 1536 2602 1591 Οὕτω
2628 1536 2684 1589 δέ
2714 1555 2801 1609 μοι
2830 1537 3074 1608 παρέστη
3123 1534 3396 1607 κινηθέντι
3425 1537 3487 1588 ἐκ
3518 1533 3617 1589 τῶν

2066 1628 2193 1700 παρ’
2228 1628 2471 1699 ἐκατέρῳ
2499 1626 2811 1700 φερομένων
2843 1627 3036 1696 λόγων.
3079 1628 3136 1681 Ὀ
3166 1626 3263 1697 μὲν
3292 1633 3419 1698 ρμα¹
3450 1626 3612 1694 φαίνε-

2063 1733 2153 1771 ται
2176 1717 2459 1789 εἰρημένος
2489 1719 2546 1770 ἐν
2571 1714 2736 1788 πολλῇ
2760 1718 2954 1787 συνοχῇ
2980 1714 3073 1769 καὶ
3120 1716 3291 1784 ἀγῶνι
3318 1716 3613 1786 τυγχάνοντι

2064 1807 2141 1880 τῷ
2164 1808 2344 1862 Δαυῖδ·
2377 1809 2512 1882 φησὶ
2536 1807 2665 1878 γοῦν
2691 1810 2749 1862 ἐν
2776 1808 2940 1880 αὐτῷ·
2982 1807 3155 1877 Φωνῇ
3186 1826 3305 1878 μου
3342 1807 3488 1876 πρὸς
3510 1809 3611 1861 lid-

2054 1916 2192 1968 ριον
2234 1900 2544 1970 ἐκέκραξαο
2588 1898 2757 1971 φωνῇ
2803 1917 2922 1970 μου
2972 1899 3120 1970 πρὸς
3151 1900 3259 1954 τὸν
3298 1898 3447 1953 Θεὸν
3469 1897 3621 1965 eam-

2063 1997 2194 2063 θην.
2242 1992 2454 2064 Ἐκχεῶ
2477 1991 2730 2047 ἐνώπιον
2770 1992 2954 2048 αὐτοῦ
2973 1993 3085 2061 τὴν
3111 1991 3327 2061 δέησίν
3358 2008 3491 2061 μου·
3515 1989 3618 2059 τὴν

2061 2087 2273 2154 θλίψιν
2318 2103 2438 2156 μου
2486 2083 2742 2140 ἐνώπιον
2791 2086 2976 2140 αὐτοῦ
3037 2083 3372 2156 ἀπαγγελῶ.
3424 2084 3521 2138 Ἐν
3543 2082 3619 2150 τῷ

2061 2182 2364 2236 ἐκλείπειν
2401 2180 2471 2246 ἐξ
2493 2180 2641 2251 ἐμοῦ
2678 2180 2743 2234 τὸ
2777 2179 3013 2251 πνεῦμά
3054 2197 3195 2250 μου,
3240 2178 3342 2232 καὶ
3391 2176 3471 2232 σὺ
3514 2178 3629 2245 ἐτίο-

2061 2288 2294 2340 νωσκες
2343 2271 2451 2340 τὰς
2508 2274 2745 2342 τρίϐους
2791 2291 2929 2343 μου.
2998 2275 3099 2329 Ἐν
3164 2264 3284 2338 ὀδῷ
3336 2272 3537 2340 ταύτῃ,
3583 2264 3620 2341 ᾖ

2060 2369 2453 2440 ἐπορευόμην,
2480 2370 2756 2440 ἔκρυψαν
2777 2366 2999 2438 πατίδα
3018 2382 3139 2437 μοι.
3173 2364 3272 2420 Διὰ
3294 2363 3499 2418 τούτων
3522 2363 3625 2433 γὰρ

2062 2460 2159 2534 τὴν
2189 2461 2415 2533 συνοχὴν
2442 2462 2501 2516 ἐν
2618 2458 2908 2532 ἐξητάζετο
2934 2458 3247 2531 παρίστησιο
3276 2456 3372 2512 καὶ
3393 2456 3473 2510 ἐτι
3498 2455 3622 2527 μᾶλ-

2062 2556 2151 2610 λον
2179 2557 2247 2610 δι’
2273 2549 2348 2611 ὧν
2374 2555 2568 2625 ἐπάγει
2590 2554 2764 2625 λέγων
2813 2552 2960 2623 ἐξῆς·
2999 2549 3284 2607 Ἅπώλετο
3345 2547 3504 2620 φυγὴ
3529 2546 3623 2603 ἀπ’

2060 2647 2225 2718 ἐμοῦ·
2242 2647 2347 2720 πρὸ
2368 2646 2477 2702 τῶν
2500 2645 2680 2720 θυρῶν
2707 2644 2817 2718 γὰρ
2837 2643 2933 2698 τοῦ
2967 2642 3231 2716 σπηλαίου
3265 2639 3620 2711 καθεζομένου

2061 2740 2156 2795 τοῦ
2179 2740 2369 2806 Σαοὺλ,
2395 2739 2540 2794 ἔνδον
2596 2736 2992 2810 κρυπτόμενος,
3027 2733 3338 2804 ἀπεγνώκει
3378 2733 3473 2803 τὴν
3503 2732 3621 2784 ἐαυ-

2061 2832 2155 2888 τοῦ
2186 2833 2381 2905 φυγήν.
2403 2831 2552 2902 Πλὴν
2570 2829 2670 2901 τὴν
2699 2829 2874 2900 φυγὴν
2894 2827 3187 2895 ἀπογνοὺς,
3217 2824 3311 2878 ἐπὶ
3340 2824 3430 2878 τὸν
3459 2823 3620 2891 σωτή-

2066 2943 2178 3001 ριον
2210 2925 2403 2998 λιμένα
2457 2922 2814 2994 καταφεύγειο
2861 2920 2942 2974 διὸ
2990 2918 3250 2988 ἐπιλέγει·
3313 2915 3623 2984 Ἐκέκραξα

2064 3016 2213 3087 πρὸς
2243 3016 2351 3082 σὲ,
2400 3017 2613 3084 Κύριε,
2670 3010 2836 3068 sirm-
2901 3008 2989 3066 Σῦ
3025 3010 3083 3065 εἷ
3132 3008 3311 3073 ἐλπίς
3358 3023 3509 3076 μου·
3537 3003 3621 3058 καὶ

2065 3108 2388 3183 προστίθησι
2460 3105 2656 3176 λέγων·
2739 3102 3017 3175 Ἐξάταγε
3070 3100 3140 3154 ἐκ
3198 3096 3478 3169 φυλακῆς
3519 3094 3630 3163 τὴν,

391 3194 480 3244 tos
525 3188 654 3244 item
710 3204 776 3245 ac
819 3191 1062 3261 reliquos
1115 3191 1412 3263 fugitivos;
1462 3192 1556 3265 qui
1607 3192 1842 3251 fortasse
1873 3194 1960 3251 sui

2064 3201 2274 3273 ψυχήν
2315 3214 2456 3272 μου.
2512 3199 2676 3271 Ὁρᾷς
2715 3198 2863 3260 ὅπως
2894 3195 2987 3250 τὸν
3043 3193 3174 3247 εῐσω
3223 3189 3318 3245 τοῦ
3373 3188 3625 3260 σπηλαίου

391 3295 561 3336 causa
590 3282 807 3338 insidiis
837 3283 1020 3340 Saulis
1046 3286 1441 3356 appetebantur
1465 3304 1480 3354 ;
1513 3287 1811 3357 quinetiam
1837 3288 1963 3359 qui-

391 3370 481 3426 vis
509 3371 744 3428 aﬂlictus
769 3373 950 3429 animo
973 3382 1029 3430 et
1055 3373 1311 3446 iniuriam
1337 3391 1552 3446 passus,
1586 3375 1724 3449 fuga:
1742 3377 1961 3434 Davidis

393 3478 622 3520 consors
654 3473 792 3520 erat.
831 3465 967 3521 Nam
997 3482 1120 3523 eum
1181 3469 1360 3524 virum
1384 3471 1617 3540 justum,
1663 3486 1695 3525 a
1724 3469 1834 3527 Deo
1863 3471 1963 3528 bo-

394 3562 670 3620 noratum,
726 3554 928 3626 injuria
978 3571 1009 3611 a
1058 3556 1222 3614 Saule
1253 3561 1469 3629 pulsum
1514 3560 1849 3627 videntibus,
1897 3577 1962 3617 ea

392 3646 532 3716 ipsis
555 3648 862 3705 consolatio
884 3648 939 3705 in
967 3650 1128 3707 malls
1152 3658 1290 3708 erat.
1323 3651 1462 3708 Tum
1490 3653 1593 3724 ipsi
1621 3670 1839 3725 quoque
1867 3655 1961 3727 qui

393 3756 424 3794 a
454 3740 786 3797 laedentibus
814 3758 873 3798 se
898 3741 1198 3814 fugiebant,
1238 3743 1430 3800 Davidi
1470 3745 1782 3811 studebant,
1813 3748 1962 3819 ejus-

392 3847 499 3903 que
524 3840 708 3903 partes
739 3834 1246 3905 amplectebantur;
1275 3836 1655 3909 malebantque
1678 3838 1804 3909 pelli
1835 3854 1960 3894 cum

390 3922 534 3992 ipso,
580 3939 745 3994 quam
790 3924 1101 3996 insequenti
1160 3927 1385 3984 haerere.
1437 3927 1574 3985 Cum
1612 3945 1743 4002 ergo
1786 3930 1962 3987 otium

392 4021 578 4085 ageret
611 4015 667 4070 in
707 4017 967 4087 spelunca
1012 4016 1279 4087 Odollam,
1328 4031 1651 4091 praesentem
1701 4023 1849 4078 tituli
1878 4024 1963 4079 in-

391 4108 747 4180 scriptionem
776 4115 1038 4168 exaravit.
1064 4113 1220 4181 Quod
1244 4129 1376 4173 sane
1403 4116 1684 4173 declarant
1710 4125 1824 4173 tum
1856 4118 1961 4173 alia

390 4215 514 4271 quae
547 4202 756 4272 adjicit,
788 4210 904 4259 tum
934 4206 1124 4262 isthasc
1152 4227 1165 4262 :
1193 4205 1345 4263 Misit
1374 4208 1438 4264 de
1466 4210 1616 4270 caelo.
1642 4218 1692 4265 et
1721 4209 1962 4265 liberavit

390 4311 474 4351 me
495 4307 514 4348 :
539 4309 605 4350 ac
629 4312 848 4353 rursum
881 4317 895 4354 :
925 4298 1077 4354 Misit
1102 4299 1242 4356 Deus
1270 4302 1690 4358 misericordiam
1732 4320 1885 4358 suam
1912 4312 1964 4358 et

392 4386 662 4441 veritatem
691 4403 868 4454 suam,
913 4398 964 4444 et
989 4392 1181 4461 eripuit
1216 4394 1450 4448 animam
1486 4411 1657 4450 meam
1700 4394 1764 4449 de
1794 4394 1962 4450 medio

391 4477 690 4535 catulomm
721 4479 950 4539 leonum.
991 4481 1157 4540 Vides
1183 4500 1330 4549 eum,
1378 4501 1503 4541 cum
1536 4485 1788 4543 Gethmos
1828 4487 1964 4542 allo-

392 4569 586 4641 phylos
614 4569 919 4643 effugisset,
951 4582 1138 4645 utpote
1162 4576 1217 4630 in
1251 4583 1370 4632 tuto
1401 4578 1663 4648 positum,
1696 4593 1762 4633 ac
1788 4578 1959 4633 otium
1995 4606 2036 4660 ο

391 4672 660 4734 agentem,
711 4664 1028 4735 huiusmodi
1080 4681 1247 4723 voces
1285 4669 1559 4735 emisisse,
1609 4685 1674 4725 ac
1721 4670 1957 4727 maxime

390 4755 632 4811 omnium
658 4770 756 4812 eas
784 4772 906 4827 quae
940 4766 1265 4829 sequuntur,
1301 4767 1356 4815 et
1395 4760 1477 4816 sic
1504 4761 1745 4818 habent:
1782 4762 1957 4817 Para-

388 4858 498 4904 tum
532 4864 625 4903 cor
653 4865 846 4915 meum,
888 4849 1052 4917 Deus,
1085 4851 1310 4907 cantabo
1357 4862 1407 4909 et
1450 4853 1714 4923 psalmum
1758 4854 1953 4911 dicam.

388 4936 649 5011 Exsurge,
681 4941 855 5011 gloria
880 4958 1015 5008 mea,
1040 4960 1282 5014 exsurge,
1310 4944 1625 5014 psalterium
1653 4957 1703 5001 et
1726 4947 1953 5012 cithara,

388 5044 670 5102 exsurgant
698 5032 958 5090 dituculo.
988 5033 1292 5105 Conﬁtebor
1322 5037 1377 5091 in
1423 5039 1661 5107 populis,
1708 5037 1954 5117 Domine,

389 5123 648 5180 Dsalmum
675 5124 852 5184 dicam
888 5129 985 5183 tibi
1016 5129 1075 5184 in
1098 5129 1358 5202 gentibus.
1392 5130 1519 5188 Haec
1545 5132 1690 5188 enim
1725 5132 1953 5187 multum

389 5213 581 5280 otium,
631 5217 742 5273 imo
788 5221 954 5275 etiam
1002 5221 1172 5276 animi
1222 5222 1577 5294 voluptatem,
1626 5223 1954 5295 significant.

391 5304 479 5361 Ait
503 5305 669 5378 igitur
703 5326 857 5368 sacer
886 5313 1167 5384 apostolus
1193 5331 1206 5367 :
1239 5312 1605 5371 Contristatur
1630 5315 1750 5385 quis
1781 5315 1835 5369 in
1865 5331 1956 5368 vo—

390 5395 518 5457 bis?
562 5408 693 5457 oret.
724 5401 903 5474 Equo
945 5406 1123 5461 animo
1165 5406 1516 5469 estnosalla:
1537 5406 1584 5438 “
1642 5404 1747 5462 Sed
1783 5421 1961 5476 neque

390 5498 602 5560 poterat
633 5493 750 5564 hac
775 5494 976 5566 dicere,
1005 5513 1130 5553 cum
1158 5498 1214 5553 in
1248 5500 1505 5570 spelunca
1537 5497 1781 5572 Engaddi
1820 5498 1960 5555 deti-

392 5592 612 5640 neretur
646 5600 677 5641 a
729 5583 893 5644 Saule
942 5596 1067 5645 ante
1114 5592 1314 5647 ostium
1362 5590 1602 5649 sedente.
1636 5590 1765 5659 Qua:
1814 5589 1957 5651 enim

462 5768 507 5802 “
547 5765 691 5825 Psal.
729 5785 847 5825 cxu
873 5808 888 5835 ,
919 5770 1033 5827 EH.
1149 5772 1191 5807 ³⁸
1232 5770 1346 5830 Jac.
1384 5789 1434 5842 γ,
1474 5775 1556 5830 1⁸5.

2061 3294 2428 3366 ἀποκλεισμὸν
2454 3290 2741 3365 σημαίνει;
2793 3287 3030 3351 Εἰκότως
3051 3280 3143 3340 οὖν
3175 3283 3269 3338 καὶ
3317 3279 3621 3355 ,προσευχὴν

2060 3387 2354 3458 ἐπιγράφει
2401 3385 2528 3449 τοὺς
2568 3383 2781 3452 λόγους,
2807 3379 2983 3453 δηλῶν
3033 3376 3122 3432 διὰ
3178 3375 3279 3445 τῆς
3312 3371 3622 3447 προγραφῆς

2061 3481 2153 3535 τὸν
2192 3477 2402 3555 καιρόν.
2462 3475 2626 3544 Λέγει
2657 3472 2808 3542 γοῦν·
2843 3468 3153 3534 Συνέσεως
3206 3461 3286 3534 τῷ
3323 3462 3622 3555 [tantoper-

2060 3565 2140 3639 τῷ
2164 3551 2316 3624 εἶναι
2343 3566 2530 3623 αὑτὸν
2563 3565 2632 3619 ἐν
2659 3555 2740 3630 τῷ
2768 3560 3048 3631 σπηλαίῳ
3065 3598 3080 3624 ,
3108 3554 3439 3634 προσευχή.
3476 3551 3621 3606 umet

2061 3661 2231 3717 ταῦτα
2259 3660 2356 3731 μὲν
2413 3655 2756 3732 προσηύξατο
2816 3656 2875 3709 ἐν
2930 3650 3150 3725 μεγάλῳ
3171 3647 3431 3722 περιστὰς
3464 3644 3620 3714 ἀγῶνι

2063 3755 2205 3811 κατὰ
2234 3754 2324 3808 τὸν
2347 3752 2654 3825 δηλωθέντα
2700 3747 2909 3821 χρόνον·
2954 3748 2988 3816 ἡ
3044 3745 3101 3798 δὲ
3132 3742 3269 3814 μετὰ
3295 3743 3484 3813 χεῖρας
3510 3756 3623 3808 στη-

2061 3844 2332 3918 λογραφία
2357 3842 2577 3897 λέλεκτο
2623 3837 2793 3910 αὐτῷ,
2836 3837 2912 3901 ὡς
2952 3830 3269 3925 οἷμαι,δντι
3294 3834 3353 3925 ἐν
3385 3829 3462 3901 τῷ
3497 3844 3623 3925 σπη-

2063 3939 2199 4010 λαίῳ
2242 3936 2322 4009 τῷ
2364 3933 2645 4006 Ὀδολλὰμ,
2674 3932 2881 3994 πάντας
2921 3945 2980 3983 τε
3007 3921 3384 3996 ὗποδεχομένῳ
3420 3921 3542 3984 τούς
3570 3933 3621 3969 τε

2064 4027 2325 4099 ἀδελφοὺς
2353 4024 2516 4082 αὐτοῦ
2565 4027 2659 4081 καὶ
2700 4024 2826 4088 τοὺς
2855 4021 3131 4089 συγγενεῖς
3157 4017 3250 4070 καὶ
3273 4015 3398 4078 τοὺς
3418 4011 3621 4099 λοιποὺς

2065 4097 2328 4191 φυγάδας,
2358 4119 2499 4189 τάχα
2528 4132 2630 4171 που
2679 4115 2746 4168 δι’
2777 4112 2938 4168 αὐτὸν
2983 4104 3497 4175 ἐπιϐουλευομένους
3530 4097 3623 4191 ὑπὸ

2064 4190 2158 4267 τοῦ
2183 4210 2376 4267 Σαούλο
2421 4208 2559 4264 ἀλλὰ
2593 4206 2687 4262 καὶ
2732 4206 2839 4270 πᾶς
2880 4200 3182 4262 κατώδυνος
3213 4195 3360 4267 ψυχὴ
3389 4194 3483 4249 καί⁸
3529 4190 3623 4251 πᾶς

2065 4303 2413 4374 ἀδικούμενος
2436 4299 2688 4363 κοινωνὸς
2710 4296 2954 4366 ἐγίγνετο
2991 4292 3088 4362 τῆς
3117 4289 3211 4343 τοῦ
3248 4285 3412 4342 Δαυῒδ
3441 4283 3619 4355 φυγῆς.

2066 4393 2282 4448 Δίκαιον
2308 4390 2417 4463 γὰρ
2439 4391 2607 4463 ἄνδρα
2659 4388 2751 4445 καὶ
2804 4385 2955 4459 παρὰ
2978 4384 3057 4455 τῷ
3088 4380 3207 4453 Θεῷ
3251 4378 3619 4451 τετιμημένον.

2067 4485 2419 4557 ἐλαυνόμενον
2451 4483 2555 4538 ὑπὸ
2582 4482 2675 4537 τοῦ
2707 4479 2880 4535 Σαοὺλ
2908 4477 3106 4540 ἀδίκως
3142 4473 3399 4547 ὁρῶντες,
3429 4470 3494 4553 τά
3512 4471 3623 4523 ἐαυιι

2066 4579 2174 4634 τῶν
2208 4576 2620 4651 παρεμυθοῦντο
2662 4571 2827 4629 κακά.
2871 4566 3003 4625 Εἶτα
3031 4568 3126 4622 καὶ
3177 4565 3331 4620 αὐτοὶ
3367 4565 3492 4626 τοὺς
3519 4560 3620 4613 att.

2064 4671 2293 4734 κοῦντας
2356 4668 2550 4732 αὐτοὺς
2601 4662 2892 4735 φεύγοντές
2925 4677 3006 4725 τε,
3062 4659 3154 4712 τὸν
3198 4653 3362 4710 Δαυτδ
3394 4652 3629 4724 ἐζήλουν..

2060 4760 2364 4835 ἠσπάζοντό
2388 4777 2449 4814 τε
2474 4758 2572 4831 τὴν
2598 4758 2693 4812 σὺν
2726 4753 2873 4825 αὐτῷ
2909 4750 3121 4824 μερίδα,
3166 4748 3363 4821 μᾶλλον
3384 4741 3619 4813 ἀγαπῶν-

2061 4870 2153 4915 τες
2179 4849 2497 4906 ἐλαύνεσθαι
2527 4849 2623 4903 σὺν
2645 4843 2816 4915 αὐτῷ,
2860 4843 2893 4914 ἢ
2938 4840 3016 4911 τῷ
3068 4839 3343 4893 ἐλαύνοντι
3373 4835 3616 4888 συνεῖναι.

2076 4942 2198 4995 Ἐπὶ
2236 4939 2429 5013 σχολῆς
2454 4938 2632 4992 τοίνυν
2661 4934 2861 5003 διάγων
2894 4933 2952 4985 ἐν
2971 4929 3047 5001 τῷ
3070 4927 3316 5000 σπηλαίῳ
3337 4926 3418 4996 τῷ
3461 4920 3619 4978 Ὀδολ-

2061 5035 2174 5107 λὰμ
2196 5036 2293 5107 τὴν
2316 5031 2596 5106 παροῦσαν
2630 5029 2837 5102 ἔγραφε
2873 5021 3296 5097 στηλογραφίαν.
3338 5017 3621 5107 Παρίστησι

2062 5128 2119 5182 δέ
2136 5104 2304 5182 τοῦτο
2334 5104 2406 5181 τά
2433 5122 2817 5193 ἐπιλεγόμενα,
2853 5119 2923 5173 τά
2947 5134 3007 5171 τε
3049 5115 3184 5171 ἄλλα
3218 5114 3315 5169 καὶ
3339 5112 3405 5166 δι’
3429 5104 3502 5165 ὧν
3528 5122 3619 5176 φη-

2066 5237 2168 5274 σιν·
2209 5216 2663 5284 Ἐξαπέστειλεν
2706 5212 2774 5278 ἐξ
2818 5209 3100 5279 οὐρανοῦ,
3147 5207 3246 5262 καὶ
3295 5201 3491 5279 ξσωσέ
3533 5209 3621 5269 με’

2014 5340 2017 5343 λ
2064 5313 2159 5366 καὶ
2188 5310 2367 5365 πάλιν·
2417 5306 2878 5373 Ἐξαπὲστειλεν
2918 5306 2950 5358 ὁ
2991 5301 3134 5367 Θεὸς
3159 5298 3226 5355 τὸ
3250 5297 3421 5362 ἕλεος
3446 5284 3619 5347 αὐτοῦ

2067 5403 2165 5458 καὶ
2192 5401 2307 5471 τὴν
2348 5399 2635 5467 ἀλήθειαν
2667 5395 2875 5461 αὑτοῦ,
2901 5393 3003 5449 καὶ
3036 5392 3330 5462 ἐρῤύσατο
3362 5385 3478 5453 τὴν
3517 5384 3620 5449 ψυ-

2068 5495 2187 5568 χήν
2237 5513 2355 5566 μου
2380 5494 2449 5548 ἐκ
2480 5491 2670 5560 μέσου
2714 5490 3019 5560 σκύμνων.
3056 5487 3237 5558 Ὁρᾷς,
3289 5482 3359 5546 ὡς
3404 5478 3526 5568 τοὺς
3567 5472 3618 5568 tv

2067 5562 2173 5644 Ϊζὲθ
2222 5562 2550 5658 ἀλλοφύλους
2606 5570 2908 5654 διαφυγὼν,
2982 5579 3075 5636 ἆτε
3134 5576 3199 5648 δὴ
3262 5578 3319 5630 ἐν
3369 5562 3619 5639 ἀσφαλείᾳ
