3822 6280
155 314 253 371 505

1272 304 1768 361 COMMENTARIA
1808 306 1874 361 IN
1915 307 2253 366 PSALMOS.

3278 321 3385 376 506

151 421 447 493 τυγχάνων,
499 423 594 476 καὶ
617 424 671 476 ἐν
715 420 894 475 ἀνέσει
927 419 1023 484 ὣν,
1052 419 1303 484 τοιαύτας
1334 421 1480 491 ἠφίει
1511 420 1691 489 φωνὰς

1818 430 1949 479 tunc
1998 423 2381 494 opportunitas
2425 424 2492 481 ad
2541 426 2859 496 psalterium
2919 431 3292 503 accipiendum
3334 448 3389 491 et

152 516 240 572 καὶ
261 518 337 569 ἔτι
371 516 580 587 μᾶλλον
602 517 696 579 τὰς
725 515 848 587 ἑξῆς
878 515 1275 587 ἐπιφερομένας
1303 514 1368 568 δι’
1390 509 1461 567 ὧν
1482 515 1711 585 εἴρηται·

156 607 383 675 ηἜτοίμη
406 607 445 674 ἠ
471 605 685 673 καρδία
703 623 841 674 μου,
866 608 897 659 ὀ
921 605 1086 671 Θεὸς,
1130 604 1350 673 ᾄσομαι
1385 604 1483 657 καὶ
1518 602 1713 672 ψαλῶ.

165 696 528 767 Ἐξεγέρθητι
566 697 603 765 -ή
641 696 789 760 δόξα
824 714 963 766 nov,
1002 694 1343 766 ὲξεγέρθητι
1385 693 1718 763 ψαλτήριον

156 790 241 843 καὶ
267 793 501 857 κιθάρα,
548 788 1005 858 ἐξεγερθήσομαι
1049 789 1282 858 ὄρθρου.
1325 788 1716 858 Ἐξομολογή-

154 899 317 951 σομαι
356 883 427 935 ὲν
481 881 674 947 λαοῖς,
733 883 929 949 Κύριε,
978 881 1152 950 ψαλῶ
1210 897 1309 934 σοι
1363 881 1432 933 ἐν
1494 881 1714 934 ἔθνεσι.

1816 514 2079 568 citharam
2106 516 2177 575 ei.
2214 515 2308 584 qui
2359 515 2414 569 in
2463 518 2739 586 spelunca:
2770 522 2963 577 intimo
2999 524 3327 580 latebatlut
3354 542 3387 582 e

1817 607 2095 660 contrario
2125 607 2273 661 nulla
2305 608 2447 661 ratio
2499 609 2708 675 fuisset,
2759 612 2811 665 in
2852 614 2963 667 otio
2991 621 3043 669 et
3071 618 3386 687 tranquilli-

1816 704 1927 751 tate
1956 697 2236 767 degentem
2270 699 2325 752 in
2368 700 2624 769 spelunca
2660 700 2928 770 Odollam,
2957 720 3080 760 cum
3127 709 3387 777 quadrin-

1818 789 1994 858 gentis
2024 790 2178 853 viris,
2210 791 2393 846 dicere
2428 811 2440 845 :
2473 792 2639 846 Periit
2663 796 2790 865 luga
2830 813 2862 849 a
2889 813 2969 851 me
2996 798 3039 828 ’⁷
3066 817 3080 867 ;
3112 809 3203 856 et:
3236 802 3386 857 Educ

1817 878 1880 933 de
1908 880 2151 934 custodia
2184 883 2413 935 animam
2441 899 2607 937 meam
2633 886 2695 938 ’⁸.

155 974 321 1029 Ταὴα
356 974 467 1045 γὰρ
530 973 727 1045 πολλῆς
778 973 973 1043 σχολῆς
1025 973 1301 1043 ἐμφατικά
1333 972 1607 1043 τυγχάνει,
1640 970 1774 1024 ἀλλὰ
1812 971 1903 1023 καὶ
1927 970 2208 1042 θυμηδίας.
2239 973 2401 1041 Λέγει
2430 974 2559 1041 γοῦν
2591 977 2618 1028 6
2652 977 2792 1048 ἱερὸς
2854 978 3168 1044 ἀπόστολος·
3200 986 3385 1036 Κακο-

155 1068 315 1122 παθεῖ
336 1087 426 1134 τις
470 1070 546 1121 ἐν
596 1068 773 1136 ὑμῖν;
826 1067 1268 1137 προσευχέσθω·
1324 1066 1568 1135 εὐθυμεῖ
1591 1082 1714 1131 τις;
1751 1063 2018 1133 ψαλάτω.
2066 1064 2203 1117 Ἀλλ’
2235 1066 2354 1117 οὐδὲ
2382 1061 2492 1129 οἷός
2531 1084 2589 1118 τε
2627 1063 2698 1137 ,ἦν
2721 1068 2890 1121 ταῦτα
2921 1069 3096 1138 λέγειν
3185 1074 3241 1125 ἐν
3311 1074 3385 1145 τῷ

158 1158 383 1231 σπηλαίῳ
436 1158 518 1230 τῷ
567 1160 802 1228 Ἐνγαδδί
862 1160 1212 1229 συνεχόμενος
1248 1160 1351 1212 ὑπὸ
1410 1157 1503 1211 τοῦ
1536 1157 1703 1210 Σαοὺλ
1742 1156 1847 1226 πρὸ
1877 1156 1975 1225 τῆς
2009 1156 2213 1208 εἰσόδου
2272 1158 2656 1227 καθεζομένου.
2700 1160 2835 1212 Ποία
2864 1160 2971 1233 γὰρ
3004 1158 3069 1233 ἦν
3134 1164 3385 1235 εὐκαιρία

153 1257 277 1319 τότε,
309 1255 705 1327 ὼςψαλτήριον
730 1255 1127 1325 ἀναλαμϐάνειν
1185 1256 1278 1307 καὶ
1335 1253 1584 1323 κιθάραν,
1653 1250 2094 1323 κρυπταζόμενον
2142 1251 2405 1305 ἐνδοτάτω
2451 1253 2545 1305 τοῦ
2603 1254 2903 1325 σπηλαίου;
2960 1257 3033 1320 ὼς
3090 1254 3153 1311 αὖ
3224 1259 3385 1314 πάλιν

153 1350 238 1404 οὐκ
263 1345 366 1418 εἷχε
392 1349 574 1417 λόγον,
611 1351 667 1401 ἐν
718 1349 877 1418 σχολῇ
928 1348 1020 1401 καὶ
1055 1347 1233 1400 ἀνέσει
1266 1347 1515 1413 διάγοντα
1584 1344 1739 1397 αὐτὸν
1777 1345 1834 1397 ἐν
1865 1342 1943 1414 τῷ
1976 1342 2219 1413 σπηλαίῳ
2249 1342 2324 1412 τῷ
2375 1344 2632 1415 Ὀδολλὰμ
2682 1348 2819 1416 μετά
2874 1350 3233 1419 τετρακοσίων
3293 1352 3385 1404 ἀν·

152 1444 268 1515 δρῶν
331 1444 438 1496 τῶν
508 1443 775 1497 συνόντων
830 1442 999 1514 αὐτῷ,
1044 1443 1240 1511 λέγειν’
1289 1441 1571 1496 Ἀπώλετο
1609 1440 1769 1511 φυγὴ
1808 1440 1907 1495 ἀπ’
1953 1440 2120 1509 ἐμοῦ,
2171 1441 2284 1507 καὶ,
2331 1441 2615 1512 Ἑξάγαγε
2661 1444 2729 1497 ἐκ
2771 1446 3047 1515 φυλακῆς
3105 1448 3218 1517 τὴν
3266 1451 3386 1518 ψυ-

155 1534 256 1603 χήν
278 1552 408 1601 μου.

211 1648 381 1703 Ταῦτα
434 1650 534 1721 μὲν
584 1646 674 1704 οὖν
704 1652 939 1723 εἰρήσθω
990 1654 1069 1715 είς
1115 1652 1212 1722 τὴν
1272 1651 1533 1724 διαφορὰν
1598 1651 1691 1705 τῶι

1880 1647 2004 1704 Haec
2024 1663 2188 1719 porro
2209 1648 2353 1703 dicta
2378 1648 2488 1704 sint
2516 1648 2583 1704 de
2606 1649 2924 1707 discrimine
2948 1662 3377 1724 preposuorum.

153 1742 518 1812 προκειμένων.
572 1746 769 1814 Ἴωμεν
819 1744 875 1797 δὲ
939 1745 1029 1797 ἐπὶ
1081 1744 1175 1815 τὴν
1209 1744 1301 1798 τοῦ
1336 1746 1469 1817 μετά
1521 1748 1691 1819 χεῖραά

1808 1738 1925 1795 Jam
1950 1741 2296 1810 praesentium
2321 1757 2515 1795 vocum
2540 1743 2952 1811 explicationem
2977 1749 3376 1817 aggrediamur.

150 1833 397 1904 ἐξήγησιν.
434 1837 542 1900 Εἰς
576 1834 645 1887 τὸ
680 1834 871 1901 τέλος,
894 1834 981 1905 μὴ
1014 1835 1379 1904 διαφθείρῃς,
1410 1830 1488 1904 τῷ
1518 1837 1691 1890 Δαυῒδ

1809 1832 1876 1887 In
1905 1835 2083 1902 ﬁnem,
2136 1850 2197 1887 ne
2227 1834 2523 1902 disperdas,
2555 1833 2747 1887 Davidi
2794 1838 2847 1890 in
2888 1839 3029 1890 tituli
3078 1841 3379 1909 inscriptio-

152 1929 224 1989 εὶς
271 1930 737 1997 στηλοῃοιιερίαν,
791 1929 884 1982 καὶ
937 1929 1002 1984 τὰ
1068 1929 1211 2000 ἑξῆς.
1270 1930 1503 1983 Ἤλαυνε
1552 1930 1691 2001 μένί

1807 1942 1943 1989 nem,
1978 1936 2031 1981 et
2066 1934 2280 1981 canora.
2335 1924 2577 1980 Pellebat
2608 1927 2737 1981 Saul
2782 1927 3037 1983 Davidem
3092 1932 3183 2000 qui
3241 1933 3376 1989 illud

152 2017 299 2070 Σαοὺλ
328 2019 415 2071 τὸν
450 2020 635 2072 Δαυῖδ·
659 2022 685 2072 6
708 2020 751 2072 δ’
787 2021 966 2092 ἔργοις
993 2021 1255 2074 ἐπιτελῶν
1287 2021 1367 2086 τὸ,
1404 2023 1543 2077 Ἐὰν
1569 2022 1691 2075 διώ-

1804 2035 1966 2089 opere
1992 2020 2290 2089 complens,
2318 2018 2378 2073 Si
2406 2037 2493 2073 vos
2518 2030 2897 2091 persequantur
2918 2038 2983 2075 ea:
3014 2023 3111 2076 Itac
3143 2025 3372 2091 civitate,

151 2125 312 2162 κωσιν
336 2109 488 2179 ὑμᾶς
516 2110 590 2164 ἐκ
644 2111 754 2179 τῆς
784 2115 1014 2177 πόλεως
1061 2114 1299 2181 ταύτης,
1328 2115 1574 2183 φεύγετε
1616 2118 1704 2181 εὶς

150 2199 246 2267 τὴν
267 2200 485 2269 ἑτέραν,
512 2204 929 2274 ἀπεδίδρασκεν,
966 2204 1040 2267 ὠς
1082 2204 1148 2257 ἂν
1190 2206 1262 2276 μὴ
1306 2205 1494 2279 παρὼν
1522 2206 1702 2277 ἐρεθί-

153 2291 218 2355 (at
239 2293 319 2346 τὸν
350 2294 561 2365 ἐχθρὸν,
600 2296 770 2358 αῐτιός
800 2312 857 2348 τε
905 2295 1052 2366 αύτῷ
1082 2296 1323 2365 γίγνοιτο
1372 2298 1699 2369 μιαιφονίας.

152 2384 211 2437 Τὸ
236 2385 352 2456 γὰρ,
380 2386 474 2455 Μὴ
501 2388 711 2441 Eunaee
738 2387 1039 2455 ἄνθρακας
1090 2388 1461 2457 ἀμαρτωλοῦ,
1487 2390 1701 2444 πάντων

155 2476 324 2546 μᾶλλον
352 2478 507 2531 Δαυῖδ
533 2479 822 2548 ἠπίστατοο
849 2479 1228 2552 διὸοὺπεχώρει
1254 2483 1346 2534 καὶ
1368 2481 1697 2556 παρεχώρει,

153 2569 327 2640 καίπερ
349 2570 713 2642 ἀγαπώμενος
732 2572 836 2626 ὑπὸ
851 2573 1050 2637 παντὸς
1071 2572 1163 2627 τοῦ
1189 2574 1395 2641 ἔθνους,
1416 2576 1699 2642 πλείστους

151 2677 199 2713 τε
227 2660 348 2731 ἔχων
369 2665 492 2727 τοὺς
528 2665 952 2735 συμπάσχοντας
979 2666 1071 2718 καὶ
1099 2667 1514 2736 συναλγοῦντας,
1542 2668 1699 2722 δυνα-

1804 2109 1966 2179 fugite
2001 2111 2056 2163 in
2098 2111 2260 2164 aliam
2306 2111 2371 2175 ”,
2411 2110 2644 2181 aufugit,
2690 2127 2759 2166 ne
2806 2128 3045 2181 praesens
3090 2114 3374 2171 inimicum

1802 2203 2063 2267 irritaret,
2097 2202 2502 2278 ipsiquecaadis
2534 2217 2698 2257 causa
2730 2210 2894 2258 esset.
2925 2202 3063 2258 lllud
3090 2206 3256 2270 enim,
3290 2206 3375 2262 Ne

1802 2289 2060 2345 accendas
2108 2292 2359 2345 carbones
2406 2294 2699 2360 peccatoris
2746 2293 2811 2357 '°,
2875 2295 3068 2348 melius
3118 2297 3373 2353 omnibus

1802 2383 2008 2435 sciebat
2033 2381 2204 2436 David
2233 2388 2244 2435 ξ
2271 2396 2442 2451 quare
2474 2383 2703 2436 cedebat
2732 2392 2783 2436 et
2820 2384 3125 2449 secedebat,
3154 2387 3371 2444 etiamsi

1800 2488 1830 2527 a
1862 2480 1975 2527 tota
2014 2480 2173 2542 gente
2241 2472 2581 2544 diligeretur,
2633 2480 2687 2527 et
2733 2474 2932 2527 multos
3002 2474 3227 2529 haberet
3275 2476 3370 2546 qui

1798 2666 2022 2727 possent
2061 2674 2184 2712 eum
2220 2658 2365 2713 domi
2402 2658 2544 2727 apud
2599 2674 2657 2713 se
2686 2660 2953 2729 excipere,
2988 2670 3040 2715 et
3071 2662 3368 2717 occultare.

154 2753 317 2821 μένους
342 2772 397 2808 τε
429 2757 596 2808 αὐτὸν
622 2757 759 2809 οἴκοι
793 2759 923 2828 παρ’
957 2758 1168 2821 ἑαυτοῖς
1193 2759 1543 2829 ὑποδέχεσθαι
1605 2763 1691 2814 καὶ

1799 2744 1904 2800 Sed
1931 2748 1977 2800 is
2004 2763 2071 2801 ne
2098 2757 2150 2801 et
2182 2748 2305 2802 aliis
2334 2749 2635 2817 periculum
2669 2758 2897 2813 crearet,
2927 2751 2981 2803 in
3011 2750 3225 2805 deserta
3248 2752 3369 2807 loca

152 2848 395 2919 κρύπτειν.
440 2851 604 2905 Ἀλλά
634 2851 719 2905 ἵνα
767 2851 840 2922 μὴ
884 2854 979 2905 καὶ
1008 2852 1213 2925 ἐτέροις
1238 2853 1409 2918 αἴτιος
1459 2856 1691 2924 γίγνοιτο

1798 2836 2059 2908 fugiebat,
2088 2848 2140 2893 et
2168 2838 2225 2893 in
2259 2841 2533 2909 specubus
2580 2840 2829 2895 habitare
2857 2843 3170 2913 coeptabat.
3203 2842 3368 2898 Vide-

152 2942 391 3007 κινδύνων,
426 2944 628 3013 ἔφυγεν
651 2945 743 2996 ἐπὶ
784 2944 882 3007 τὰς
925 2944 1167 3016 ἐρήμους
1224 2945 1426 3016 χώρας,
1464 2948 1556 3001 καὶ
1595 2948 1691 3011 τὰς

1794 2938 1995 3000 turque
2052 2932 2186 2986 mihi
2244 2933 2560 2986 memoriam
2632 2932 2752 3001 ejus
2813 2932 3073 2988 refricare
3142 2942 3367 2990 sanctus

152 3033 198 3084 ὲν
219 3036 315 3097 τοῖς
338 3035 618 3106 σπηλαίοις
643 3034 916 3105 ἠσπάζετο
941 3036 1235 3108 διατριϐάς.
1269 3038 1377 3090 Καί
1414 3056 1502 3109 μοι
1545 3041 1691 3095 δοκεῖ

1798 3021 2093 3092 Apostolus
2139 3022 2227 3079 his
2255 3023 2473 3077 verbis:
2514 3021 2580 3076 In
2614 3022 2984 3077 solitudinibus
3015 3035 3269 3088 errantes,
3314 3034 3367 3077 et

150 3124 226 3176 καὶ
252 3124 397 3178 αύτώ
446 3126 545 3197 τὴν
602 3128 820 3197 μνήμην
875 3126 1205 3181 αἰνίττεσθαι
1258 3128 1430 3197 λέγων
1484 3132 1512 3183 6
1548 3131 1688 3201 ἱερὸς

1793 3111 2095 3176 montibus,
2153 3122 2204 3166 et
2259 3112 2540 3179 speluncis,
2568 3122 2617 3165 et
2683 3112 3034 3181 foraminibus
3105 3125 3258 3170 terra:
3294 3115 3363 3172 ".

161 3211 463 3281 ’Δπόστολος-
503 3220 611 3272 Ἑν
655 3218 920 3288 ἐρημίαις
952 3218 1330 3288 πλανώμενοι
1380 3221 1477 3273 καὶ
1525 3221 1690 3290 ὄρεσι

1794 3204 2260 3272 Quemadmodum
2291 3219 2421 3258 vero
2447 3204 2539 3273 qui
2569 3204 2715 3259 hunc
2744 3206 3019 3274 praecedit,
3063 3222 3173 3261 non
3219 3212 3365 3279 psal-

152 3306 229 3360 καί
250 3311 556 3377 σπηλαίοις
596 3310 694 3363 καὶ
737 3310 864 3376 ταῖς
887 3310 1060 3375 ὀπαῖς
1085 3308 1193 3378 τῆς
1224 3310 1356 3380 γῆς.
1402 3312 1608 3384 Ὠσπερ
1632 3314 1688 3367 δὲ

1793 3312 1915 3350 mus
1954 3301 2091 3362 erat,
2125 3295 2218 3350 sed
2251 3294 2394 3347 tituli
2439 3296 2734 3365 inscriptio,
2772 3297 2916 3366 quod
2968 3297 3162 3368 Aquila
3194 3302 3364 3357 inter-

151 3398 601 3473 όπροτεταγμένος
625 3400 719 3454 τοῦ
747 3400 1035 3472 παρόντος,
1059 3401 1271 3473 ψαλμὸς
1287 3403 1385 3456 οὐκ
1426 3399 1515 3474 ἦν,
1554 3404 1690 3458 ἀλλά

1793 3395 2054 3458 pretatur,
2086 3387 2299 3440 humilis
2327 3388 2585 3456 perfecti;
2616 3387 2976 3459 Symmachus
3003 3408 3149 3455 vero,
3184 3392 3363 3448 Immi-

150 3494 537 3562 στηλοτραφία,
557 3495 694 3567 ὅπερ
716 3495 1053 3566 ὴρμήνευσεν
1073 3496 1101 3546 6
1136 3495 1385 3560 Ἀκύλας,
1407 3498 1687 3552 ταπεινοῦ

1793 3478 1855 3533 lis
1886 3489 1935 3533 et
1980 3479 2280 3547 inculpati;
2334 3479 2408 3533 ita
2444 3479 2533 3533 hic
2568 3495 2767 3544 sermo,
2818 3496 3084 3535 summam
3139 3481 3361 3541 Davidis

150 3583 367 3637 πλείον’
405 3587 433 3637 6
456 3586 513 3639 δὲ
552 3586 868 3656 Σύμμαχος,
915 3584 1020 3639 τοῦ
1077 3588 1547 3656 ταπεινόφρονος
1588 3589 1685 3643 καὶ

1793 3572 2227 3626 mansuetudinis
2249 3577 2301 3625 et
2328 3572 2631 3626 tolerantia:
2666 3571 2919 3626 virtutem
2956 3573 3224 3638 indicans,
3258 3574 3360 3628 hu-

150 3668 371 3740 ἀμώμου·
423 3675 599 3739 οὕτως
632 3679 727 3730 καὶ
757 3678 785 3729 ὁ
819 3677 1008 3750 παρὼν
1071 3678 1247 3747 λόγος,
1279 3680 1377 3751 τὴν
1413 3682 1492 3744 είς
1520 3681 1686 3753 ἄκρον

1793 3664 1931 3719 milis
1970 3663 2198 3733 perfecti
2250 3670 2354 3727 est,
2410 3672 2463 3717 et
2497 3664 2718 3718 humilis
2751 3670 2805 3718 et
2852 3664 3189 3716 immaculati
3223 3681 3236 3729 ;
3292 3680 3358 3719 ac

151 3764 413 3836 πραότητος
445 3769 538 3821 καὶ
570 3768 913 3835 ἀνεξικακίας
942 3768 1035 3823 τοῦ
1057 3770 1217 3824 Δαυῒδ
1250 3771 1468 3842 ἀρετὴν,
1496 3789 1685 3826 ταπει-

1793 3754 2031 3824 insuper,
2060 3753 2216 3824 quasi
2240 3764 2442 3808 aeterna
2470 3754 2728 3810 memoria
2755 3753 2971 3822 dignam
2999 3753 3355 3809 humilitatem

150 3852 224 3907 νοῦ
254 3858 459 3924 τελείου,
493 3862 911 3931 ταπεινόφρονος
950 3863 1044 3915 καὶ⁸
1075 3861 1328 3932 ἀμώμου·
1353 3858 1450 3915 εἶθ’
1497 3863 1683 3935 ὥσπερ

1793 3847 2005 3900 exhibet
2035 3847 2178 3900 tituli
2207 3846 2515 3915 inscriptio.
2546 3844 2657 3898 Hac
2684 3845 2807 3898 item
2838 3848 3034 3898 virtute
3066 3846 3352 3914 praeditum

151 3948 332 4003 αἰωνίου
370 3956 586 4025 μνήμης
638 3955 736 4025 τὴν
767 3954 1266 4026 ταπεινοφροσύνην
1308 3954 1463 4021 ἀξίαν
1502 3956 1685 4008 ἀνατί-

1793 3938 2010 4009 Moysen
2047 3938 2219 3993 fuisse
2260 3937 2577 3991 testimonio
2619 3937 2814 4001 fertur,
2849 3937 2917 4004 ad
2950 3952 3174 4007 eamque
3225 3937 3354 3991 hor-

152 4035 251 4108 θησι
281 4043 654 4115 στηλογραφία.
691 4045 811 4097 Ἐπὶ
832 4046 1001 4117 ταύτῃ
1035 4046 1091 4098 δὲ
1120 4049 1185 4117 τῇ
1220 4047 1387 4117 ἀρετῇ
1412 4046 1508 4100 καὶ
1522 4049 1684 4100 Mom-

1793 4031 2000 4085 labatur
2052 4030 2301 4085 Salvator
2349 4038 2402 4085 et
2453 4028 2713 4084 Dominus
2760 4036 2948 4084 noster
2988 4029 3073 4083 his
3126 4029 3344 4084 verbis:

153 4128 230 4199 σῆς
250 4133 608 4206 ἐμαρτυρεῖτο,
647 4136 739 4188 καὶ
769 4138 797 4189 6
823 4136 1014 4208 Σωτὴρ
1043 4136 1099 4189 δέ
1135 4137 1229 4190 καὶ
1263 4137 1465 4209 Κύριος
1524 4139 1681 4211 ἡμῶν

1793 4122 1985 4176 Discite
2033 4140 2066 4175 a
2116 4140 2196 4177 me
2244 4123 2371 4192 quia
2408 4123 2550 4175 mitis
2606 4138 2721 4175 sum
2768 4128 2817 4175 et
2853 4120 3067 4175 humilis
3103 4121 3258 4175 corde
3281 4121 3347 4175 ".

151 4220 224 4273 ἐπὶ
246 4224 426 4297 ταύτην
451 4226 747 4299 παρεκάλει
786 4226 977 4295 λέγων·
1013 4228 1240 4284 Μάθετε
1269 4229 1369 4283 ἀπ’
1402 4229 1568 4298 ἐμοῦ,
1594 4229 1683 4283 ὅτι

1793 4215 1921 4284 Quia
1950 4230 2081 4270 vero
2130 4215 2533 4286 perseverantia
2564 4222 2618 4269 et
2662 4212 2918 4266 diuturna
2951 4214 3198 4267 custodia
3234 4214 3350 4269 haec

152 4310 304 4381 πρᾶός
359 4321 467 4387 εἰμι
523 4319 624 4372 καὶ
687 4318 967 4385 ταπεινὸς
1018 4318 1095 4388 τῇ
1136 4319 1373 4387 καρδίᾳ.
1420 4320 1572 4373 Ἐπεὶ
1623 4321 1680 4374 δὲ

1793 4309 2111 4378 virtusopus
2143 4306 2377 4362 habebat
2398 4306 2543 4375 (nam
2569 4304 2657 4375 qui
2684 4305 3085 4373 perseveraverit
3113 4320 3272 4374 usque
3294 4305 3348 4357 in

151 4402 287 4458 ἐδεῖτο
304 4412 616 4481 παραμονῆς
639 4412 732 4466 καὶ
785 4412 882 4483 τῆς
908 4411 999 4465 ἐπὶ
1050 4413 1312 4483 μήκιστον
1343 4413 1586 4483 φυλακῆς
1645 4414 1679 4484 ἡ

1793 4400 1959 4464 linem,
1995 4400 2076 4453 hic
2105 4399 2282 4453 salvus
2330 4398 2429 4451 erit
2448 4396 2545 4467 ³³),
2583 4397 2705 4451 ideo
2748 4395 3071 4465 inscriptum
3101 4405 3225 4450 est:
3280 4392 3347 4447 In

151 4496 336 4569 τοιαύτη
356 4500 515 4575 ἀρετὴ
550 4505 604 4571 (ό
647 4503 754 4574 γὰρ
778 4503 1105 4571 ὑπομείνας
1135 4505 1223 4568 εὶς
1248 4502 1423 4568 τέλος
1442 4545 1455 4568 ,
1502 4500 1676 4570 οὗτος

1793 4493 1961 4556 linem,
1990 4508 2052 4545 ne
2092 4488 2389 4559 disperdas.
2424 4487 2575 4541 Multi
2626 4501 2863 4557 namque
2890 4503 2951 4541 re
2982 4488 3119 4541 bene
3168 4493 3345 4551 erepta

1780 4601 1888 4639 non
1935 4590 2357 4655 perseverantur
2408 4595 2583 4650 usque
2635 4579 2691 4632 in
2727 4579 2930 4643 linem;
2981 4576 3075 4631 sed
3111 4574 3346 4643 Spiritus

1779 4687 2001 4732 sanctus
2028 4674 2249 4729 Davidis
2275 4674 2478 4743 fugam,
2503 4685 2683 4725 moras
2711 4669 2767 4723 in
2796 4668 3045 4730 desertis,
3079 4665 3343 4721 diutinam

1777 4767 1923 4821 illam
1957 4774 2011 4821 et
2045 4774 2386 4821 constantem
2419 4765 2805 4820 habitationem
2842 4760 2894 4812 in
2930 4756 3209 4827 speluncis
3247 4770 3345 4825 ap-

1775 4857 2036 4928 probans,
2091 4858 2166 4910 ait
2210 4856 2317 4910 illi:
2353 4853 2421 4907 In
2467 4857 2645 4924 ﬁnem,
2694 4868 2755 4905 ne
2797 4848 3092 4912 disperdas,
3131 4861 3343 4915 semper

1775 4952 1903 5006 talis
1933 4966 2174 5015 maneas,
2210 4958 2269 5003 ut
2309 4950 2451 5003 tituli
2494 4946 2904 5014 inscriptionem
2936 4948 2989 4995 et
3023 4938 3342 4994 memoriam

1773 5048 2028 5095 aeternam
2056 5041 2324 5096 obtineas.
2359 5038 2461 5104 Qui
2493 5046 2671 5091 autem
2719 5035 2774 5089 in
2807 5033 2892 5087 his
2930 5036 3179 5085 versatur
3231 5043 3340 5083 non

1775 5132 2102 5203 Cynicorum
2137 5147 2307 5195 more,
2342 5132 2433 5201 qui
2463 5127 2785 5199 sapientiam
2813 5122 2978 5191 hujus
3008 5120 3189 5176 saeculi
3222 5135 3343 5188 pro-

1775 5224 2019 5287 fitentur,
2083 5228 2296 5277 tumore
2349 5222 2567 5285 elatus;
2622 5232 2801 5286 neque
2851 5215 3018 5267 altum
3076 5210 3337 5281 sapiens,

153 5308 301 5372 ιικοὺς
327 5313 424 5365 τῶν
449 5317 544 5388 τὴν
578 5318 770 5387 σοφίαν
805 5318 899 5371 τοῦ
956 5320 1149 5382 αἰῶνος
1178 5319 1369 5372 τούτου
1408 5337 1668 5391 μετερχο-

1793 5315 2206 5384 ιιιρρτὺίοηεᾳυο
2229 5313 2295 5367 de
2314 5311 2601 5366 tolerantia
2631 5309 2755 5364 vitae
2775 5326 2790 5374 ;
2814 5320 2991 5375 neque
3016 5304 3087 5357 ob
3146 5310 3337 5357 astan-

154 5393 299 5460 μένων
325 5406 640 5477 τυφούμενος
668 5408 806 5479 (sic),
832 5409 952 5462 οὐδὲ
986 5410 1129 5481 μέγα
1155 5408 1366 5479 φρονῶν
1395 5410 1488 5462 καὶ
1511 5409 1667 5480 βρεν-

1794 5422 1877 5461 em
1908 5414 2237 5461 sectatorum
2268 5412 2321 5459 et
2349 5403 2742 5472 discipulorum
2771 5396 3004 5453 instituti
3041 5394 3127 5449 sui
3155 5393 3340 5447 multi-

155 5481 368 5557 θυόμενος
391 5496 476 5551 ἐπὶ
497 5504 562 5573 τῇ
591 5501 685 5555 τοῦ
717 5502 831 5573 βίου
862 5502 1147 5574 καρτερίᾳ,
1172 5501 1280 5555 οὐδ’
1312 5502 1393 5554 ὃτι
1449 5502 1667 5565 πλείους

1799 5501 2014 5556 udinem
2049 5497 2287 5566 inﬂatus,
2323 5510 2497 5566 neque
2528 5495 2596 5551 iis
2620 5507 2719 5548 ceu
2750 5488 3076 5547 satellitibus
3103 5491 3159 5542 et
3181 5499 3334 5540 com-

152 4589 439 4653 σωθήσεται
458 4593 496 4664 ·)
527 4594 615 4648 διὰ
638 4594 793 4647 τοῦτο
816 4596 1239 4665 ἐπιγέγραπται,
1269 4596 1373 4659 Εἰς
1394 4594 1456 4647 τὸ
1479 4593 1671 4661 τέλος,

149 4673 214 4742 μὴ
251 4676 588 4752 διαφθείρῃς.
638 4686 827 4739 Πολλοὶ
883 4687 1010 4758 γὰρ,
1058 4686 1238 4749 καλῶς
1264 4686 1579 4756 ἀρξάμενοι,
1612 4688 1671 4739 οὐ

150 4758 394 4831 διήρκεσαν
418 4775 495 4837 εἰς
524 4774 693 4839 τέλος.
735 4776 893 4828 Ἀλλὰ
919 4776 979 4829 τὸ
1032 4775 1256 4846 Πνεῦμα
1280 4775 1340 4829 τὸ
1378 4778 1550 4845 ἆγιον,
1577 4777 1670 4830 τοῦ

151 4851 278 4907 Δαυῖδ
304 4860 391 4929 τὴν
424 4865 595 4936 φυγὴν
629 4867 719 4919 καὶ
745 4866 842 4937 τὴν
868 4869 926 4921 ἐν
949 4867 1204 4938 ἐρημίαις
1236 4867 1537 4938 διατριϐὴν,
1570 4870 1670 4939 τήν

152 4954 196 4991 τε
215 4942 264 4994 ἓν
290 4950 556 5019 σπηλαίοις
608 4957 1083 5028 καρτερικωτάτην
1108 4957 1319 5026 οἴκησιν
1342 4957 1675 5027 ἀποδεχόμε-

153 5044 239 5097 νον,
263 5040 409 5107 φησὶν
449 5044 612 5115 αὐτῷ,
670 5049 776 5113 Είς
807 5046 873 5099 τὸ
940 5047 1133 5112 τέλος,
1176 5046 1262 5116 μὴ
1302 5046 1668 5115 διαφθείρῃς,

156 5119 255 5186 μένε
282 5126 331 5179 δὲ
355 5128 414 5183 δι’
431 5132 548 5187 ὅλου
579 5135 833 5199 τοιοῦτος,
865 5135 940 5197 ὡς
962 5134 1027 5188 ἀν
1059 5134 1242 5205 τύχοις
1267 5135 1671 5207 στηλογραφίας

152 5212 225 5264 καὶ
250 5220 444 5292 μνήμης
468 5226 703 5282 αἰωνίου.
741 5227 798 5279 Ὀ
828 5227 884 5280 δέ
915 5228 1007 5279 ἐπὶ
1049 5226 1277 5290 τούτοις,
1303 5229 1362 5279 ού
1390 5227 1531 5305 κατᾲ
1554 5230 1668 5281 Κυ-

158 5643 248 5742 ω”
282 5643 412 5703 Ρειίὶ.
442 5656 651 5712 cxu.5.
729 5656 773 5689 ²⁸
814 5654 945 5712 ibid.
983 5657 1036 5712 8.
1113 5657 1157 5689 ”
1203 5653 1390 5714 Matth.
1428 5656 1586 5712 x33.
1668 5657 1686 5688 ι

221 5708 381 5773 Matth.
416 5737 478 5789 ι,
510 5726 595 5780 ῃ,

1793 5656 1923 5711 ccli.
1959 5669 2085 5718 vttt,
2128 5655 2209 5718 15,.
2289 5652 2329 5685 ³³
2374 5650 2537 5707 llebr.
2580 5648 2763 5720 xt,[58.
2840 5647 2885 5680 "
2923 5642 3210 5706 llatthJI,
3239 5638 3332 5696 29.

1800 2567 1855 2621 in
1888 2575 2097 2638 partem
2132 2568 2337 2623 doloris
2376 2568 2792 2639 afllictionisque
2840 2571 2960 2639 ejus
2992 2573 3261 2635 venirent,
3312 2581 3370 2628 et
3456 2588 3461 2593 ‘
