3822 6280
463 307 564 362 507

1079 290 1086 296 ’
1124 304 1391 361 EUSEBII
1416 302 1887 361 CAESARiENSIS
1923 301 2073 357 OPP.
2114 301 2292 357 PARS
2325 300 2412 358 Ill.
2451 333 2520 344 -—
2552 300 2958 358 EXEGETICA.
3581 307 3661 363 508

462 425 802 482 militonibus
834 422 1113 481 conlidens
1146 442 1161 492 ;
1214 427 1309 482 sed
1338 432 1681 482 mansuetum
1725 440 1805 491 se,
1849 423 2025 481 humi-

2129 423 2251 485 τοὺς
2278 423 2406 494 παρ’
2437 420 2585 492 αὑτῷ
2636 419 3006 493 συνηγμένους
3041 385 3283 491 μιμητὰς
3309 436 3405 475 και
3448 422 3662 493 μαθητὰς

465 521 568 575 lem
600 518 902 588 perfectum
933 532 997 572 ac
1023 533 1150 573 vere
1198 519 1282 575 sui
1309 517 1697 589 despicientem
1746 528 1799 576 et
1832 521 2023 574 imma-

461 611 701 666 culatum
732 624 896 680 opere
917 609 1274 673 exbibens,ad
1298 609 1462 666 Deum
1487 613 1776 678 clamabat,
1800 613 2021 668 dicens:

462 698 716 755 Miserere
762 701 884 764 mei,
921 700 1085 766 Deus,
1130 703 1381 771 quoniam
1412 704 1467 756 in
1503 711 1551 757 te
1596 704 1809 773 conﬁdit
1847 705 2028 758 anima

461 809 598 858 mea,
640 803 690 848 et
736 796 791 849 in
839 794 1027 850 umbra
1075 795 1287 849 alarum
1341 805 1552 851 tuarum
1600 795 1838 864 sperabo.
1892 794 2026 851 Novi

460 887 607 941 enim
633 886 748 943 alas
774 893 895 942 tuas
925 893 978 942 et
1021 893 1392 957 tegumentum
1430 895 1585 941 tuum
1619 886 1876 957 perfectis
1907 887 2026 941 ani-

459 978 657 1033 mabus
687 977 955 1033 destinata
981 992 1104 1032 esse
1131 996 1143 1032 :
1177 992 1275 1045 ego
1306 992 1436 1032 vero
1470 992 1668 1047 parvus
1699 984 1753 1034 et
1780 975 2022 1041 humilis,

459 1085 570 1125 non
602 1071 655 1124 iu
686 1071 787 1126 alis
828 1070 958 1133 tuis,
982 1070 1078 1126 scd
1119 1070 1173 1124 in
1206 1069 1395 1123 umbra
1427 1072 1632 1124 alarum
1660 1077 1870 1122 tuarum
1911 1085 2028 1137 spe.

461 1162 626 1227 rabo,
683 1161 844 1216 donec
913 1172 1149 1217 transeat
1207 1162 1501 1232 iniquitas;
1558 1161 1692 1225 sive,
1726 1159 2023 1216 secundum

459 1255 735 1326 Aquilam,
768 1255 930 1309 donec
958 1264 1232 1309 transeant
1284 1253 1531 1317 insidite,‘
1578 1253 1685 1315 vel,
1724 1251 2023 1307 secundum

462 1345 845 1418 Symmachum
875 1385 890 1407 ,
949 1345 1112 1399 donec
1164 1355 1399 1400 transeat
1464 1345 1836 1398 calumniator.
1888 1341 2022 1397 Cum

458 1447 641 1494 autem
686 1438 965 1493 transierit
1005 1439 1287 1509 iniquitas,
1332 1445 1495 1508 atque
1527 1438 1738 1494 insidiae
1770 1437 1901 1492 mihi
1930 1452 2027 1507 pa-

458 1539 634 1594 ratae,
692 1529 889 1599 illeque
936 1513 1298 1583 calumniator
1349 1528 1571 1594 dictus;
1623 1535 1753 1583 tunc
1802 1542 1909 1582 non
1970 1527 2022 1580 in

458 1621 687 1687 umbra,
739 1621 834 1676 sed
885 1621 939 1675 in
990 1620 1125 1690 ipsis
1180 1620 1281 1675 alis
1334 1619 1482 1682 tuis,
1542 1627 1728 1690 utpote
1776 1618 2026 1689 profectu

459 1718 654 1768 auctus
691 1711 1062 1780 liberatusque
1092 1711 1160 1767 ab
1202 1710 1351 1765 omni
1387 1712 1602 1767 actione
1651 1710 1838 1781 iniqua
1889 1720 1943 1766 et
1993 1725 2024 1765 a

456 1810 702 1874 peccato,
734 1803 985 1872 sperabo.

2124 512 2217 566 τοῦ
2242 513 2440 567 οἰκείου
2488 511 2687 584 τρόπου
2718 511 2979 583 ἐκέκτητο
3042 510 3419 581 χαυνούμενος·
3447 511 3567 564 οὐδὲ
3606 515 3662 577 ὡς

2125 605 2218 657 ἐπὶ
2239 604 2553 675 δορυφόροις
2586 603 2679 657 καὶ
2708 603 3017 673 συμμάχοις
3050 602 3282 674 θαρσῶν·
3314 603 3403 656 τὸν
3431 603 3490 656 δὲ
3521 606 3662 675 πρᾶον

2125 696 2219 749 καὶ
2246 695 2517 759 ταπεινὸν,
2537 694 2716 749 τέλεόν
2736 711 2797 747 τε
2830 695 2924 747 καὶ
2955 693 3028 759 ὡς
3063 693 3275 767 ἀληθῶς
3299 696 3663 766 ταπεινόφρονα

2125 786 2218 857 καὶ
2247 785 2473 858 ἄμωμον
2506 786 2650 859 ἔργῳ
2682 785 2972 857 παριστὰς,
3011 785 3141 840 ἐϐόα
3178 787 3313 858 πρὸς
3338 788 3428 840 τὸν
3449 787 3577 842 Θεὸν
3599 791 3663 843 λέ-

2124 896 2253 949 γων·
2299 879 2589 947 Ἐλέησόν
2619 895 2716 949 με,
2748 880 2781 933 ὸ
2809 877 2972 944 Θεὸς,
3014 877 3101 931 ὅτι
3150 877 3248 932 ἐπὶ
3282 879 3380 933 σοὶ
3412 879 3664 936 πέποιθεν

2124 973 2163 1040 ἡ
2187 970 2357 1041 ψυχή
2394 989 2534 1040 μου,
2572 970 2668 1024 καὶ
2703 970 2772 1023 ἐν
2819 969 2894 1037 τῇ
2926 968 3069 1037 σκιᾷ
3103 968 3220 1023 τῶν
3248 972 3554 1041 πτερύγων
3573 987 3663 1026 σου

2122 1064 2326 1117 ἐλπιῶ.
2354 1058 2484 1116 Οἶδα
2515 1062 2612 1132 μὲν
2648 1060 2755 1132 γὰρ
2785 1061 2884 1125 τὰς
2904 1060 3001 1124 σάς
3034 1060 3307 1131 πτέρυγας
3333 1062 3424 1114 καὶ
3455 1062 3556 1134 τὴν
3588 1063 3663 1133 σὴν

2127 1155 2334 1225 σκέπην
2364 1153 2595 1218 τελείαις
2622 1153 2818 1223 ψυχαῖς
2848 1152 3249 1223 ἀφωρισμένας’
3270 1153 3379 1220 ἐγὼ
3402 1153 3477 1214 δὲ,
3500 1155 3663 1224 μικρὸς

2124 1246 2198 1299 ὢν
2230 1248 2323 1301 καὶ
2345 1245 2612 1310 ταπεινὸς,
2650 1246 2749 1298 οὐκ
2807 1244 2899 1297 ἐπὶ
2936 1246 3054 1307 ταῖς
3089 1247 3207 1309 σαῖς
3254 1244 3528 1316 πτέρυξιν,
3574 1246 3663 1297 ἀλλ’

2123 1338 2222 1391 ἐπὶ
2262 1337 2335 1407 τῇ
2377 1336 2521 1404 σκιᾷ
2572 1338 2688 1392 τῶν
2719 1337 3023 1408 πτερύγων
3076 1353 3189 1391 σου
3224 1337 3427 1403 ἐλπιῶ,
3464 1336 3572 1403 ἕως
3605 1338 3663 1391 ἂν

2126 1431 2393 1500 παρέλθῃ
2422 1432 2459 1498 ἠ
2490 1431 2723 1499 ἀνομία⁹
2754 1430 2810 1501 ἦ,
2853 1429 2992 1499 κατὰ
3043 1429 3135 1483 τὸν
3173 1429 3421 1494 Ἀκύλαν,
3472 1430 3575 1495 ἕως
3602 1429 3664 1485 ἂν

2124 1522 2388 1591 παρέλθῃ
2424 1523 2461 1588 ἡ
2484 1522 2793 1588 ἐπιϐουλήο
2826 1521 2964 1575 κατὰ
2996 1521 3054 1574 δὲ
3099 1521 3189 1575 τὸν
3213 1521 3524 1593 Σύμμαχον,
3574 1521 3661 1588 ἕως

2126 1615 2202 1670 ἂν
2225 1613 2489 1683 παρέλθῃ
2517 1612 2917 1682 ἐπηρεαστής.
2972 1611 3219 1666 Ἐπειδὰν
3263 1613 3321 1666 δὲ
3355 1611 3590 1685 παρέλθῃ
3635 1615 3661 1682 ἡ

2125 1707 2344 1778 ἀνομία,
2370 1707 2461 1760 καὶ
2483 1706 2662 1777 irata-ti
2692 1704 2823 1777 ἐμοῦ
2857 1705 3134 1776 ἐπιϐουλὴ,
3184 1704 3277 1758 καὶ
3313 1708 3342 1758 6
3369 1704 3664 1775 ὠνομασμέ-

2055 1779 2097 1835 Β
2127 1817 2215 1864 νος
2254 1798 2616 1871 ὲπηρεαστὴς,
2671 1796 2852 1850 οὐκέτι
2885 1799 2942 1850 ὲν
2967 1798 3034 1867 τῇ
3065 1797 3210 1868 σκιᾷ,
3254 1796 3369 1850 ἀλλ’
3400 1798 3456 1849 ὲν
3502 1797 3665 1857 αὑταῖς

454 1898 575 1959 ταῖς
608 1897 728 1959 σαῖς
782 1893 1058 1967 πτέρυξιν,
1098 1897 1174 1961 ὡς
1236 1894 1302 1949 ἂν
1369 1894 1647 1967 προκόψας
1698 1894 1793 1949 καῖ⁹
1842 1891 2286 1965 ἠλευθερωμένος
2337 1891 2520 1963 πάσης
2580 1890 2783 1962 ἀνόμου
2828 1889 3077 1963 πράξεώς
3123 1906 3182 1943 τε
3232 1888 3327 1942 καὶ
3397 1889 3661 1961 ἁμαρτίαςν

455 1983 647 2039 ὲλπιῶ.

530 2081 695 2140 Vens.
737 2081 793 2145 '5,
816 2081 871 2136 4.
900 2080 1155 2136 Clamabo
1187 2079 1256 2134 ad
1284 2080 1452 2136 Deum
1480 2082 1822 2147 altissimum,
1853 2082 2022 2137 Deum

455 2178 546 2249 qui
577 2176 825 2247 benefecit
858 2176 1004 2230 mihi.
1042 2174 1194 2231 Misit
1241 2174 1305 2230 de
1364 2175 1489 2231 caelo
1540 2185 1591 2231 et
1642 2176 1862 2231 salvavit
1918 2193 2020 2241 me,

456 2269 601 2324 dedit
630 2271 682 2323 in
736 2268 1072 2338 opprobrium
1115 2268 1480 2322 conculcantes
1529 2284 1627 2324 me.
1685 2267 2019 2338 Diapsalma.

458 2361 742 2417 Clamores
771 2367 824 2414 et
849 2358 1271 2414 vociferationes
1299 2360 1547 2414 emittere
1576 2357 1685 2414 Deo
1718 2360 1894 2415 solent
1922 2359 2023 2414 viri

454 2452 611 2522 justi,
649 2466 759 2505 non
805 2452 912 2504 alta
950 2465 1104 2516 voce,
1140 2449 1236 2507 sed
1275 2450 1535 2506 eminenti
1563 2452 1757 2506 anima:
1802 2451 2022 2507 virtute.

458 2543 640 2611 Quare
668 2544 832 2598 etiam
863 2543 1448 2613 silentes’plerumque,
1478 2542 1672 2614 spiritu
1696 2542 2024 2599 clamabant.

458 2636 581 2708 Ipse
639 2650 874 2706 namque
945 2634 1180 2704 Spiritus
1239 2633 1517 2704 gemitibus
1579 2633 2027 2689 inenarrabilibus

456 2726 690 2797 postulat
717 2725 904 2791 Deo“,
925 2725 1224 2780 secundum
1240 2722 1680 2794 Apostolum.Sic
1709 2723 1891 2794 itaque
1925 2723 2028 2778 Da-

457 2819 548 2875 vid
605 2819 671 2872 ad
725 2817 891 2873 Deum
926 2817 1213 2872 clamabat.
1266 2815 1490 2883 Deinde,
1528 2823 1588 2870 ut
1631 2816 1725 2887 qui
1773 2816 2027 2886 pleraque

456 2912 826 2983 experimenta
882 2908 1188 2965 Servatoris
1233 2909 1318 2965 sui
1358 2908 1585 2980 ceperit,
1634 2916 1790 2981 grato
1840 2910 2023 2965 animo

457 3003 654 3074 pergit,
684 3001 850 3056 Deum
880 3002 969 3071 qui
997 3000 1247 3070 benefec-it
1280 3000 1427 3055 mihi.
1459 3001 1595 3055 Cum
1639 3000 1772 3055 dicit
1820 3009 2022 3069 autem,

458 3094 608 3149 Misit
638 3093 701 3149 de
721 3094 868 3159 caelo,
896 3102 947 3147 et
976 3093 1197 3148 salvavit
1224 3109 1333 3157 me;
1367 3093 1595 3148 missum
1628 3109 1658 3147 a
1693 3092 1803 3148 Deo
1838 3092 2026 3148 Salva-

2195 2082 2567 2152 Κεκράξομαι
2616 2079 2765 2150 πρὸς
2791 2080 2898 2135 τὸν
2928 2077 3075 2132 Θεὸν
3128 2077 3235 2131 τὸν
3271 2078 3548 2147 ὕψιστον,
3581 2078 3665 2133 τὸν

2129 2173 2278 2228 Θεὸν
2291 2172 2396 2226 τὸν
2411 2170 2885 2241 εὐεργετήσαντα
2894 2187 2990 2240 με.
3028 2168 3483 2235 Ἔξαπέστειλεν
3510 2168 3575 2234 ἐξ
3587 2172 3666 2223 οὐ·

2120 2264 2311 2335 ρανοῦ
2365 2264 2463 2318 καὶ
2510 2263 2706 2318 ἐσωσέ
2739 2280 2836 2333 με,
2865 2262 3087 2316 ἔδωκεν
3151 2264 3239 2327 etc.
3283 2261 3511 2329 ὄνειδος
3550 2261 3665 2327 τοὺς

2130 2354 2619 2421 καταπατοῦντάς
2642 2372 2739 2425 με.
2774 2354 3108 2423 Διάψαλμα.
3151 2354 3411 2425 Κραυγὰς
3440 2355 3529 2407 καὶ⁸
3558 2353 3663 2424 βοὰς

2129 2447 2380 2501 εἰώθασιν
2423 2448 2470 2500 οἱ
2500 2446 2695 2498 δίκαιοι
2724 2444 2801 2516 τῷ
2850 2445 2967 2514 Θεῷ
2998 2444 3254 2514 πέμπειν,
3302 2443 3363 2495 οὐ
3391 2443 3662 2512 γεγωνῷτῇ

2132 2543 2280 2613 φωνῇ
2300 2540 2401 2612 (1),
2416 2540 2638 2611 δυνάμει
2654 2539 2710 2592 δὲ
2725 2539 2901 2611 ψυχῆς
2921 2537 3443 2611 ὑπερϐαλλούσῃΔιὸ
3460 2537 3547 2590 καὶ
3561 2552 3667 2589 σιω-

2131 2633 2340 2697 πῶντες
2372 2631 2629 2695 πολλάκις
2651 2629 2729 2701 τῷ
2761 2630 3029 2702 πνεύματι
3080 2629 3266 2682 ἐϐόων·
3328 2627 3455 2683 αὐτὸ
3489 2626 3588 2699 γὰρ
3614 2626 3664 2679 τὸ

2129 2725 2369 2795 Πνεῦμα
2411 2723 2765 2794 στεναγμοῖς
2828 2721 3155 2789 ἀλαλήτοις
3192 2718 3664 2790 ὑπερεντυγχάνει

2128 2810 2210 2884 τῷ
2241 2812 2379 2884 Θεῷ,
2439 2816 2581 2870 κατά
2630 2817 2720 2870 τὸν
2760 2815 3096 2869 Ἀπόστολον.
3148 2814 3334 2878 Οῦτως
3388 2809 3476 2867 οὖν
3520 2815 3606 2866 καὶ
3640 2814 3664 2864 6

2129 2908 2290 2962 Δαυῒδ
2317 2910 2604 2980 ἐκεκράγει
2632 2909 2765 2980 πρὸς
2790 2907 2879 2961 τὸν
2900 2907 3048 2962 Θεόν.
3067 2903 3178 2960 Εἶθ’
3220 2906 3418 2959 ὡσανεὶ
3439 2903 3663 2965 πολλάκις

2132 3003 2327 3073 πεῖραν
2368 2999 2600 3071 εἰληφὼς
2647 2999 2738 3052 τοῦ
2791 2999 2982 3052 ἑαυτοῦ
3030 2998 3296 3070 Σωτῆρος,
3342 2996 3663 3065 εὐγνωμόνως

2134 3094 2329 3162 ἐπάγει
2384 3094 2578 3163 λέγων,
2634 3092 2740 3147 τὸν
2781 3092 2927 3146 Θεὸν
2964 3090 3069 3145 τὸν
3088 3087 3554 3161 εὐεργετήσαντά
3578 3101 3659 3155 με.

458 3197 631 3242 torem
661 3184 951 3256 quemdam
987 3185 1214 3241 indicat.
1246 3184 1380 3251 Quis
1405 3201 1532 3242 vero
1559 3185 1630 3240 sit
1660 3186 1748 3240 ille
1774 3185 1886 3256 jam
1915 3201 2025 3241 non

2133 3185 2317 3240 Εἰπὼν
2344 3186 2421 3250 δὲ,
2480 3185 2936 3250 Έξαπέστειλεν
2984 3183 3052 3248 ἐξ
3072 3183 3325 3251 οὐρανοῦ
3382 3178 3664 3235 καὶέσωσέ

458 3278 722 3341 declarat,
750 3292 939 3332 verum
960 3278 1018 3331 in
1047 3278 1155 3332 alio
1182 3278 1363 3341 docet,
1385 3278 1475 3331 ubi
1507 3278 1610 3331 ait:
1635 3275 1783 3331 Misit
1817 3277 2026 3332 verbum

458 3386 635 3437 suum,
663 3378 713 3424 et
744 3370 952 3424 sanavit
982 3386 1091 3432 eos,
1128 3378 1176 3423 et
1206 3370 1397 3439 eripuit
1424 3387 1512 3424 eos
1547 3369 1610 3423 de
1638 3370 2025 3425 interitionibus

458 3480 640 3518 eorum
657 3463 722 3516 ³⁸.
759 3461 997 3518 Verbum
1033 3461 1215 3532 itaque
1243 3460 1338 3516 Dei
1372 3468 1511 3525 erat,
1553 3460 1698 3531 quod
1731 3463 1859 3515 olim
1893 3462 2022 3515 mit-

456 3555 717 3619 tebatur,
767 3562 822 3609 et
879 3567 1067 3607 eorum
1120 3553 1213 3623 qui
1263 3560 1419 3607 erant
1478 3553 1653 3607 salute
1678 3552 1797 3622 ejus
1847 3552 2019 3623 digni,

459 3646 711 3702 Salvator
736 3644 986 3702 allectum
1015 3652 1119 3701 est.
1149 3645 1303 3712 Quod
1333 3660 1457 3700 cum
1483 3646 1651 3715 probe
1691 3630 1878 3702 nosset
1921 3645 2023 3700 Da-

455 3739 569 3804 vid,
615 3740 825 3795 aiebat:
862 3737 1009 3793 Misit
1039 3738 1102 3793 de
1147 3739 1294 3803 caelo,
1325 3748 1375 3794 et
1424 3738 1647 3794 salvavit
1695 3754 1794 3793 me.
1839 3736 2022 3808 Itaque

455 3832 634 3889 salute
685 3830 908 3901 dignum
962 3845 1059 3900 per
1113 3828 1454 3884 Salvatorcm
1521 3828 1730 3883 salvum
1786 3826 2022 3883 faciebat

454 3921 811 3979 Altissimus:
846 3923 1072 3993 ipseque
1091 3921 1239 3991 juste
1277 3921 1552 3992 judicans,
1588 3919 1930 3989 insurgentes
1967 3925 2021 3974 et

456 4013 842 4067 conculcantes
867 4012 1076 4081 justum
1105 4011 1270 4066 dabat
1296 4011 1352 4064 in
1388 4010 1737 4081 opprobrium
1767 4028 1778 4063 :
1812 4009 2019 4063 utinam

455 4110 512 4158 et
548 4102 800 4157 meliores
828 4101 1175 4166 reddidisset,
1208 4101 1628 4171 Opprobriisque
1655 4098 1802 4171 ipsos
1828 4099 2021 4169 resipi-

456 4209 614 4251 scere
646 4194 869 4251 fecisset
896 4196 908 4248 !

2127 3295 2224 3347 με,
2258 3278 2509 3348 ἐμφαίνει
2539 3276 2870 3332 ἀπεστάλθαι
2901 3275 3022 3329 τινὰ
3076 3275 3302 3346 Σωτῆρα
3329 3276 3391 3326 ὲκ
3414 3271 3499 3326 τοῦ
3527 3267 3659 3323 Θεοῦ.

2132 3369 2265 3423 Τίνα
2297 3371 2354 3423 δὲ
2383 3370 2568 3424 τοῦτον
2597 3369 2690 3424 νῦν
2716 3371 2813 3440 μὲν
2834 3358 2893 3421 οὐ
2931 3367 3288 3440 παρέστησεν,
3336 3367 3392 3417 ὲν
3443 3362 3595 3434 ἑτέρῳ
3615 3361 3662 3413 δὲ

2129 3465 2392 3529 διδάσκει,
2410 3464 2536 3519 ἔνθα
2565 3464 2746 3539 φησίν·
2789 3463 3121 3518 Ἀπέστειλε
3145 3461 3251 3514 τὸν
3279 3460 3458 3530 λόγον
3480 3455 3659 3519 αὐτοῦ,

2129 3557 2225 3611 καὶ
2262 3557 2469 3613 ἰάσατο
2496 3556 2735 3622 αὐτοὺς,
2776 3556 2874 3609 καὶ
2909 3554 3198 3623 ἐρρύσατο
3228 3551 3445 3617 αὐτοὺς
3476 3549 3538 3602 ἐκ
3561 3545 3663 3599 τῶν

2122 3646 2695 3717 διαρθορῶναὺτῶν.
2732 3644 2940 3699 Οὐκοῦν
2990 3643 3149 3713 λόγος
3198 3639 3265 3714 ἦν
3297 3643 3451 3707 Θεοῦ,
3496 3642 3522 3693 ὁ
3577 3638 3659 3693 καὶ

2124 3738 2292 3792 πάλαι
2324 3735 2908 3807 άποστελλόμενος,καὶ
2928 3734 3038 3788 τῶν
3067 3733 3229 3798 ἀξίων
3262 3734 3360 3804 τῆς
3388 3728 3537 3786 αὐτοῦ
3566 3747 3660 3782 σωκ

2123 3829 2314 3899 τηρίας
2346 3828 2533 3899 Σωτὴρ
2586 3827 2923 3897 γιγνόμενος,
2972 3826 3033 3880 ὃν
3076 3827 3170 3880 καὶ
3196 3828 3225 3879 6
3269 3824 3429 3878 Δαυῒδ
3453 3820 3659 3886 ἀκριϐῶς

2121 3919 2276 3983 εἰδὼς
2303 3919 2505 3988 ἔλεγεν·
2538 3918 2991 3984 Ἑξαπέστειλεν
3007 3917 3076 3983 ἐξ
3096 3917 3352 3985 οὐρανοῦ
3379 3915 3471 3970 καὶ
3490 3910 3661 3968 ἐσωσέ

2119 4026 2213 4080 με.
2247 4010 2350 4063 Τὸν
2379 4009 2478 4081 μὲν
2506 4005 2598 4063 οῦν
2637 4010 2912 4081 σωτηρίας
2941 4009 3088 4074 ἄξιον
3116 4006 3282 4072 ἔσωζε
3312 4007 3398 4062 διὰ
3428 4005 3514 4060 τοῦ
3556 4005 3656 4057 Σω-

2124 4102 2284 4174 τῆρος
2309 4104 2336 4155 ὸ
2369 4102 2647 4172 Ὕψιστος·
2680 4104 2708 4156 6
2750 4101 2807 4155 δὲ
2837 4102 3016 4166 αὐτὸς,
3065 4101 3248 4169 δίκαια
3294 4099 3504 4172 κρίνων,
3551 4094 3658 4155 τοὺς

2125 4193 2584 4264 ἐπανισταμένους
2612 4194 2705 4247 καὶ
2752 4192 3198 4257 καταπατοῦντας
3224 4193 3315 4246 τὸν
3355 4191 3544 4244 δίκαιον
3567 4184 3656 4240 ἐδί-

455 4289 548 4344 δου
599 4291 676 4354 είς
721 4289 952 4355 ὅνειδος,
992 4288 1199 4359 ὤφελον
1241 4288 1336 4342 καὶ
1375 4287 1612 4358 βελτίους
1643 4284 2107 4361 ἀπεργαζόμενος,
2139 4287 2227 4340 διὰ
2280 4288 2373 4342 τοῦ
2435 4288 2714 4354 ὀνειδίζειν
2737 4290 2829 4343 καὶ
2874 4288 3222 4360 ἐπιστρέφειν
3256 4289 3336 4351 εἰς
3366 4285 3560 4341 ἑαυτὸν.

526 4385 695 4443 Vsus.
725 4386 778 4442 5.
813 4385 961 4440 Misit
993 4385 1131 4440 Deus
1162 4384 1578 4440 misericordiam
1607 4400 1760 4439 suam
1807 4392 1857 4437 et
1891 4384 2024 4439 veri-
2056 4385 2098 4439 D

459 4488 622 4535 tatem
649 4495 823 4543 suam,
866 4488 915 4532 et
946 4478 1136 4546 eripuit
1165 4478 1402 4531 animam
1435 4494 1605 4532 meam
1633 4475 1696 4530 de
1725 4475 1895 4530 medio
1935 4481 2024 4529 ca-

460 4572 691 4627 tulorum
720 4571 947 4637 leonum,
979 4577 1034 4625 et
1073 4577 1287 4625 ca-tcra.
1335 4568 1670 4624 Sententiam
1705 4583 1826 4639 quae
1863 4583 2029 4637 supe-

458 4664 578 4721 rius
604 4663 890 4719 deficiebat
937 4662 1023 4717 his
1053 4661 1321 4732 exposuit.
1355 4660 1491 4715 Cum
1519 4667 1851 4731 quazreretur
1877 4658 2024 4713 enim

459 4770 751 4826 quemnam
782 4753 1023 4809 misisset
1048 4752 1116 4808 de
1147 4752 1288 4806 coelo
1309 4752 1375 4805 ad
1398 4750 1737 4822 eripiendum
1768 4748 2025 4803 Davidem

458 4845 550 4901 hic
600 4843 878 4899 declarat:
938 4841 1087 4895 Misit
1138 4840 1277 4895 Deus
1325 4839 1744 4894 misericordiam
1793 4854 1947 4894 suam
1977 4846 2026 4891 et

457 4935 731 4992 ueritatem
748 4949 922 4989 suam.
949 4932 1320 4988 Misericordia
1342 4938 1519 4986 autem
1551 4939 1604 4986 et
1630 4931 1834 4987 veritas
1858 4931 2023 4984 missa

459 5039 709 5094 quaenam
736 4998 943 5078 fuerint
966 5022 1074 5085 nisi
1102 5020 1195 5077 Dei
1226 5021 1557 5085 verbum,de
1585 5036 1693 5091 quo
1717 5021 2020 5085 dicebatur,

460 5115 614 5169 Misit
656 5115 869 5169 verbum
906 5130 1081 5177 suum,
1100 5123 1149 5168 et
1182 5115 1388 5169 sanavit
1419 5131 1528 5176 eos,
1548 5124 1595 5168 et
1623 5115 1813 5183 eripuit
1846 5130 1931 5167 eos
1961 5112 2025 5167 de

459 5208 849 5263 interitionibus
880 5223 1060 5262 eorum
1085 5208 1110 5260 ?
1132 5205 1422 5277 Ipsumque
1455 5206 1705 5262 similiter
1728 5207 1824 5259 lux
1858 5205 2026 5259 missa

461 5297 660 5351 dicitur
701 5298 760 5352 in
809 5297 1018 5367 psalmo
1047 5296 1141 5367 qui
1193 5296 1311 5350 ait:
1360 5295 1551 5350 Emitte
1583 5296 1749 5350 lucem
1783 5306 1931 5349 tuam
1974 5305 2024 5349 et

459 5389 728 5443 veritatem
778 5396 946 5453 tuam,
994 5390 1113 5457 ipsa
1166 5405 1246 5442 me
1271 5388 1523 5443 deducent
1548 5389 1611 5442 ³⁸.
1667 5388 1784 5442 Lux
1842 5397 2020 5443 autem

459 5478 663 5534 \eritas
705 5486 760 5533 et
810 5479 1055 5545 verbum,
1094 5480 1261 5535 missa
1295 5481 1363 5536 ab
1417 5479 1683 5535 altissimo
1728 5479 1857 5548 Deo,
1910 5495 2021 5535 non

531 5633 575 5666 “
611 5632 770 5689 Rom.
804 5650 933 5702 vin,
964 5634 1055 5691 26.
1128 5634 1174 5668 ⁸⁸
1210 5634 1355 5692 Psal.
1389 5650 1502 5701 cvi,
1534 5636 1622 5692 20.

2209 4383 2665 4451 Ἐξαπέστειλεν
2696 4388 2730 4439 ὁ
2758 4384 2901 4451 Θεὸς
2932 4384 2997 4438 τὸ
3031 4383 3202 4448 ἔλεος
3227 4380 3413 4437 αὐτοῦ
3451 4379 3537 4434 καὶ
3560 4374 3657 4441 τὴν

2123 4477 2414 4545 ἀλήθειαν
2443 4477 2649 4541 αὐτοῦ,
2680 4478 2777 4531 καὶ
2821 4478 3114 4546 ἐρρύσατο
3159 4475 3274 4542 τὴν
3321 4473 3521 4543 ψυχήν
3554 4485 3657 4540 μου

2123 4570 2192 4623 ἐκ
2214 4569 2409 4639 μέσου
2434 4570 2743 4639 σκύμνων,
2775 4569 2867 4622 καὶ⁵
2898 4568 2965 4621 τὰ
2993 4568 3139 4637 ἑξῆς.
3170 4567 3281 4637 Τὴν
3311 4565 3547 4634 ἀνωτέρω
3565 4559 3656 4612 λεί-

2126 4678 2331 4715 πουσαν
2369 4661 2603 4715 διάνοιαν
2634 4658 2723 4714 διὰ
2781 4659 2888 4713 τῶν
2941 4658 3315 4731 προκειμένων
3368 4654 3654 4711 ἀποδέδωκε.

2127 4751 2467 4823 Ζητουμένου
2498 4750 2606 4823 γὰρ
2646 4752 2766 4805 τίνα
2819 4749 3194 4814 ἐξαπέστειλεν
3223 4749 3287 4801 ἐκ
3320 4746 3412 4800 τοῦ
3440 4738 3656 4816 οὐρανοῦ.

2128 4841 2223 4894 καὶ
2253 4841 2421 4893 ἔσωσε
2449 4841 2540 4894 τὸν
2580 4840 2761 4906 Δαυῒδ,
2816 4840 3154 4911 παρέστησεν
3208 4836 3440 4891 ἐνταῦθα
3496 4827 3653 4887 εἰπών·

2142 4931 2603 4996 Ἐξαπέστειλεν
2639 4936 2672 4987 ό
2701 4931 2842 4998 Θεὸς
2882 4932 2948 4985 τὸ
2977 4931 3148 4997 ἔλεος
3193 4929 3378 4984 αὐτοῦ
3431 4926 3519 4981 καὶ
3558 4919 3656 4985 τὴν

2129 5022 2416 5089 ἀλήθειαν
2444 5023 2648 5077 αὐτοῦ.
2699 5023 2885 5087 Ἔλεος
2912 5022 2967 5075 δὲ
2991 5022 3084 5075 καὶ
3115 5020 3337 5092 ἀλήθεια
3376 5013 3655 5084 ἐξαποστελ-

2129 5113 2327 5185 λομένη
2345 5115 2428 5178 τίς
2453 5114 2517 5169 ἂν
2548 5115 2630 5186 εἴη
2656 5115 2689 5186 ἢ
2723 5117 2751 5168 6
2776 5114 2869 5167 τοῦ
2900 5112 3035 5167 Θεοῦ
3077 5113 3251 5183 λόγος,
3311 5112 3435 5182 περι⁵
3485 5101 3536 5162 οὗ
3560 5102 3654 5155 ἐλέ-

2129 5223 2276 5275 γετο,
2324 5206 2745 5271 Ἐξαπέστειλε
2764 5206 2870 5260 τὸν
2910 5208 3097 5275 λόγον
3113 5204 3319 5268 αὐτοῦ,
3353 5203 3446 5257 καὶ
3475 5200 3652 5254 ἰάσατο

2129 5297 2370 5363 αὐτοὺς,
2405 5298 2504 5351 καὶ
2530 5298 2818 5366 ἐρῤὐσατο
2843 5297 3062 5363 αὐτοὺς
3110 5298 3177 5350 ἐκ
3214 5294 3333 5349 τῶν
3361 5284 3653 5360 διαφθορῶν

2128 5388 2359 5453 αὐτῶν;
2398 5390 2455 5442 Ὁ
2487 5389 2530 5441 δ’
2561 5388 2721 5453 αὐτὸς
2747 5388 2945 5459 ὁμοίως
2971 5388 3065 5441 καὶ
3091 5386 3206 5456 φῶς
3232 5380 3652 5449 ἀποστελλόμενον

2128 5482 2341 5553 εἴρηται
2370 5483 2427 5534 ὲν
2450 5480 2529 5551 τῷ
2565 5481 2822 5550 φάσκοντι
2870 5479 3087 5552 ψαλμῷ·
3125 5476 3557 5545 Ἐξαπόστειλον
3591 5463 3651 5519 τὸ

1734 5636 1779 5667 ³⁸
1818 5634 1959 5692 Psal.
1999 5651 2142 5701 mi,
2173 5635 2229 5694 '5.

534 5727 609 5808 (ί)
649 5725 897 5796 Γεγωνῷ
916 5725 991 5796 τῇ
1011 5724 1197 5797 φωνῇ.
1228 5726 1302 5783 Ita
1332 5727 1666 5784 correximus
1696 5727 1839 5799 quod
1874 5727 2007 5783 editi

2129 5727 2290 5782 libent
2321 5728 2576 5797 γεγονοτῇ
2611 5729 2782 5798 φωνῇ.
2815 5725 2970 5781 Εοιτ.
