3822 6280
183 323 284 379 509

1311 316 1810 375 COMMENTARlA
1848 318 1915 372 IN
1955 317 2288 375 PSALMOS.

3309 327 3414 381 5l0

180 442 301 514 φῶς
320 455 440 494 σου
468 456 571 493 και
608 439 715 506 τὴν
743 436 1029 502 ἀλήθειάν
1064 451 1200 499 σου,
1255 435 1406 490 αὑτά
1437 453 1514 505 με
1535 433 1733 503 όδιηγήι

1854 431 1972 487 sine
2024 433 2282 498 essentia,
2338 448 2438 488 nec
2498 433 2617 490 sine
2671 437 2973 493 substantia
3010 447 3179 496 sunt:
3236 457 3412 512 neque

180 550 287 589 σει.
313 530 435 593 Φῶς
468 531 528 584 δὲ
577 533 670 584 καὶ
720 529 943 600 ἀλήθεια
984 530 1078 581 καλ⁵
1131 528 1286 597 λόγος
1319 528 1748 598 ἀποστελλόμενα

181 624 321 696 παρά
346 626 442 675 τοῦ
508 622 733 690 ὑψίστου
791 621 946 684 Θεοῦ,
981 621 1080 673 οὑκ
1113 621 1362 685 ἀνούσια,
1401 619 1520 672 οὑδέ
1549 619 1746 674 ἀνυπό-

183 731 361 768 στατα·
391 713 452 766 οὐ
490 712 608 784 γὰρ
632 709 738 766 οἷόν
759 731 817 765 τε
841 709 908 783 ἦν
957 714 1186 784 πρᾶγμα
1230 713 1594 765 ἀνυπόστατον
1620 713 1749 764 ἁπο-

184 802 508 857 στέλλεσθαι.
543 804 752 875 Ὥσπερ
773 803 827 854 δέ
857 803 1025 871 Λόγος
1061 806 1257 855 νοεῖται
1303 801 1495 864 ἰάσεως
1527 802 1618 854 καὶ
1641 819 1745 854 σω-

181 896 361 964 τηρίας
389 897 700 965 ποιητικὸς,
756 894 928 959 οὕτως
963 896 1052 946 ἐπὶ
1095 894 1188 947 τοῦ
1231 894 1497 964 παρόντος
1525 897 1553 947 6
1585 895 1746 956 αὐτὸς

181 985 314 1049 ἔλεος
346 985 687 1056 ὠνόμασται,
712 987 787 1049 ὡς
816 987 880 1039 ἂν
919 986 1243 1058 ὑπηρετικὸς
1269 985 1343 1038 ῶν
1386 987 1483 1056 τῆς
1515 985 1608 1038 τοῦ
1637 987 1745 1038 Ha.

180 1074 294 1145 τρὸς
319 1075 754 1146 φιλανθρωπίας·
802 1077 999 1147 ὁμοίως
1045 1077 1100 1130 δέ
1149 1078 1240 1129 καὶ
1274 1076 1516 1148 ἀλήθεια,
1571 1077 1646 1139 ὡς
1680 1076 1744 1129 ἂν

181 1167 383 1236 ἀληθῶς
413 1168 669 1236 ὑφεστὼς
696 1171 788 1222 καὶ
821 1171 940 1222 κατ’
972 1169 1246 1240 ἐνέργειαν
1292 1171 1641 1240 οὑσιωμένος.
1687 1170 1743 1223 Ὀ

179 1257 296 1324 γοῦν
320 1259 598 1328 ἡμέτερος
622 1259 776 1328 λόγος
813 1261 908 1321 ὣν,
937 1261 1222 1325 συλλαϐαῖς
1269 1261 1360 1314 καὶ
1388 1264 1592 1333 ῥήμασι
1650 1263 1741 1314 καὶ

179 1350 386 1418 ὀνόμασι
419 1350 522 1421 τὴν
553 1353 848 1405 ὑπόστασιν
901 1353 1058 1423 ἔχων,
1091 1355 1184 1407 καὶ
1233 1353 1320 1408 διὰ
1380 1353 1619 1423 γλώττης
1649 1355 1742 1406 καὶ

180 1443 346 1510 φωνῆς
375 1441 575 1513 ἐξηχού
586 1462 762 1514 μενος,
795 1445 892 1498 οὑκ
925 1445 988 1497 ἂν
1023 1445 1236 1516 λεχθείη
1263 1446 1464 1517 κυρίως
1491 1446 1582 1498 καὶ
1607 1445 1738 1515 ἀλη-

180 1529 274 1594 θῶς
309 1530 483 1599 λόγος.
524 1533 680 1602 Ἔχει
729 1532 858 1602 γοῦν
918 1533 1101 1604 ἕτερον
1132 1533 1222 1586 τὸν
1259 1532 1529 1602 γεννῶντα
1558 1534 1736 1595 αὑτὸν,

177 1621 228 1674 ὃν
254 1623 341 1676 καὶ
375 1624 588 1696 κυρίως
647 1627 710 1680 ἄν
745 1644 828 1689 τις
858 1628 997 1680 εἴποι
1043 1626 1217 1698 ἀληθῆ
1263 1627 1435 1695 λόγον’
1485 1627 1670 1681 τοῦτον
1694 1628 1738 1680 δ’

179 1710 300 1767 εἷναί
325 1733 452 1784 φασι
512 1717 608 1770 τὸν
637 1718 957 1772 ἐνδιάθετον.
986 1719 1197 1790 ’Ὠσπερ
1223 1713 1314 1772 οῦν
1352 1721 1380 1771 6
1412 1721 1468 1772 ἐν
1499 1721 1627 1788 ἡμῖν
1663 1721 1740 1771 ἐν·

1853 525 1997 578 enim
2031 534 2245 595 poterat
2273 541 2362 580 res
2395 527 2514 582 sine
2549 527 2848 583 substantia
2874 531 3033 587 mitti.
3057 531 3416 598 Oilemadmo-

1852 614 1981 668 dum
2037 624 2215 668 autem
2259 613 2496 670 Verbum
2533 617 2854 688 intelligitur
2886 621 3184 676 curationis
3217 630 3271 677 et
3325 639 3415 678 sa-

1851 703 1982 760 lutis
2013 704 2275 772 ellector;
2327 707 2406 761 sic
2437 717 2489 760 et
2527 707 2580 761 in
2624 709 2874 776 praesenti
2917 710 3055 765 idem
3100 713 3410 768 misericor-

1851 797 1938 851 dia
1959 805 2203 861 vocatur,
2223 807 2409 868 utpote
2431 808 2666 868 paternae
2695 817 2820 871 erga
2849 803 3095 857 homines
3117 804 3414 859 clementia:

1850 890 2138 947 minister:
2171 893 2420 947 similiter
2447 901 2499 946 et
2534 895 2732 948 veritas
2761 894 2978 957 dicitur,
3015 903 3070 948 ut
3119 912 3243 950 vere
3281 897 3410 952 sub-

1852 985 2072 1049 sistens,
2119 993 2172 1040 et
2205 986 2501 1041 secundum
2543 988 2733 1057 agendi
2771 989 2876 1041 vim
2930 989 3228 1043 substantia
3277 1005 3412 1058 prae-

1849 1077 2043 1131 ditum.
2074 1076 2329 1132 Nostrum
2370 1079 2551 1146 itaque
2581 1080 2827 1144 verbum,
2866 1079 3108 1149 syllabis,
3148 1081 3327 1134 verbis
3359 1089 3412 1134 et

1851 1171 2162 1226 nominibus
2223 1172 2582 1226 substantiam
2637 1172 2861 1237 habens,
2925 1173 3104 1242 lingua
3162 1181 3214 1228 et
3275 1188 3410 1229 voce

1847 1263 2128 1326 emissum,
2183 1279 2290 1318 non
2352 1266 2566 1333 proprie
2616 1279 2678 1317 ac
2729 1279 2853 1318 vere
2908 1266 3130 1318 verbum
3174 1265 3406 1324 dicatur.

1851 1351 2020 1408 Habet
2072 1356 2213 1408 enim
2251 1355 2395 1409 aliud
2436 1371 2494 1412 se
2529 1357 2773 1425 gignens,
2832 1357 2977 1426 quod
3025 1358 3149 1427 quis
3196 1359 3411 1428 proprie

1846 1459 1910 1497 ac
1962 1461 2088 1500 vere
2135 1447 2360 1501 verbum
2413 1448 2779 1518 appellaverit,
2813 1450 2956 1517 quod
2993 1450 3147 1503 aiunt
3184 1450 3407 1504 insitum

1844 1552 1986 1591 esse.
2024 1537 2177 1592 Sicut
2207 1539 2430 1593 insitum
2463 1541 2516 1592 in
2548 1541 2706 1595 nobis
2740 1542 2986 1607 verbum,
3020 1541 3163 1611 quod
3188 1542 3406 1612 proprie

1843 1631 2066 1685 verbum
2101 1633 2316 1697 dicitur,
2349 1632 2707 1687 substantiam
2740 1633 2918 1700 habet,
2950 1649 3071 1688 cum
3110 1634 3408 1689 secundum

1843 1724 2135 1776 essentiam
2170 1724 2462 1786 subsistat,
2505 1724 2758 1792 aliudque
2807 1725 2878 1778 sit
2928 1726 2995 1778 ab
3029 1740 3094 1779 eo
3136 1726 3229 1794 qui
3261 1726 3408 1780 misit

178 1803 399 1867 διάθετος
421 1805 583 1873 λόγος
602 1807 699 1877 (1),
715 1809 743 1860 6
764 1808 856 1860 καὶ
889 1807 1093 1880 κυρίως
1121 1807 1184 1862 ἂν
1203 1807 1386 1879 ῥηθεὶς
1409 1807 1622 1878 ἀληθῶς
1651 1808 1733 1860 λό-

1842 1815 2014 1883 ipsum
2045 1855 2058 1870 .
2095 1831 2266 1885 quare
2297 1816 2549 1886 superius
2574 1817 2878 1877 dicebatur.
2917 1817 3064 1870 Misit
3090 1816 3152 1870 de
3179 1819 3326 1880 cwlo,
3357 1829 3409 1874 et

179 1909 280 1962 γος,
304 1895 609 1960 ὑπόστατος
642 1898 917 1966 τυγχάνει,
960 1901 1079 1951 κατ’
1111 1899 1297 1954 οὑσίαν
1332 1899 1600 1966 ὑφεστὼς,
1623 1900 1739 1952 ἓτε-

180 1985 260 2055 ρός
287 2002 342 2037 τε
383 1986 459 2037 ὢν
498 1985 654 2057 παρὰ
683 1989 773 2040 τὸν
825 1989 1218 2044 ἀποστέλλοντα
1251 1991 1433 2044 αὑτόν*
1474 1991 1552 2044 διὸ
1602 1991 1739 2044 ἀνω-

177 2076 303 2147 τέρω
327 2077 422 2148 μὲν
473 2080 712 2147 ἐλέγετο,
760 2081 1211 2144 Ἐξαπέστειλεν
1246 2083 1314 2148 ἐξ
1343 2083 1600 2152 οὐρανοῦ
1641 2083 1739 2136 καὶ

175 2167 352 2220 ἔσωσέ
403 2187 500 2238 με.
541 2171 681 2224 Τίνα
705 2172 762 2224 δὲ
817 2171 1179 2239 ἐξαπέστειλε,
1221 2175 1315 2229 ἐπὶ
1346 2175 1438 2228 τοῦ
1475 2176 1736 2247 παρόντος

179 2259 391 2315 διδάσκει
453 2264 701 2332 φάσκων·
751 2266 1168 2330 Ἔξαπέστειλε
1225 2268 1290 2321 τὸ
1345 2268 1516 2334 ἕλεος
1551 2269 1736 2323 αὐτοῦ

179 2353 263 2406 καί
299 2354 405 2422 τὴν
429 2355 722 2422 ἀλήθειαν
751 2358 956 2424 αὑτοῦ,
1005 2359 1103 2413 καὶ
1147 2360 1438 2428 ἑρῤὐσατο
1477 2359 1591 2427 τὴν
1623 2364 1737 2429 ψυ-

179 2443 282 2512 χήν
310 2462 418 2514 μου
466 2448 536 2500 ἐκ
583 2447 771 2516 μέσου
799 2450 1099 2518 σκύμνων⁸
1131 2444 1204 2503 ὧν
1263 2450 1424 2520 μέσος
1451 2451 1737 2520 γενόμενος

178 2538 492 2608 ἑκοιμήθην,
525 2541 683 2611 φησὶ,
742 2542 1189 2612 τεταραγμένος.
1221 2543 1400 2606 Μέσος
1457 2543 1560 2614 γὰρ
1603 2545 1736 2598 ἀπο-

178 2628 379 2700 ληφθεὶς
413 2631 672 2701 σκύμνων
697 2632 805 2686 τῶν
837 2634 893 2685 ἐν
946 2635 984 2685 Γ
988 2633 1046 2686 to
1083 2633 1412 2702 ἀλλοφύλων,
1440 2634 1471 2704 ῆ
1505 2634 1609 2686 τῶν
1638 2634 1733 2688 ἆλ-

179 2720 271 2784 λως
292 2725 666 2794 πολεμούντων
713 2743 776 2796 με
823 2724 1053 2796 ἐχθρῶν,
1106 2727 1167 2778 τὸ
1217 2728 1338 2779 ὅσον
1375 2726 1458 2778 ἐπ’
1487 2726 1608 2796 ἐμοὶ
1641 2729 1734 2780 καὶ

180 2817 235 2884 τῇ
263 2816 563 2890 ἀνθρωπίνῃ
618 2817 886 2889 ἀσθενείᾳ,
920 2817 1244 2887 ἐκοιμήθην
1282 2817 1730 2886 τεταραγμένος.

191 2905 240 2959 Ὁ
264 2907 315 2960 δὲ
345 2908 566 2977 ὕψιστος
613 2911 762 2971 Θεὸς,
823 2911 912 2964 τὸν
979 2910 1342 2983 προλεχθέντα
1389 2910 1543 2978 λόγον
1567 2911 1731 2964 αὑτοῦ

179 2995 261 3048 καὶ
287 2997 377 3068 τὴν
410 2998 672 3070 ἀλήθειαν
704 3011 796 3053 και
820 3003 909 3055 τὸν
929 3001 1080 3054 ἔλεον
1130 3001 1535 3067 ἐξαποστείλας,
1573 3001 1733 3074 ἐρρύ-

182 3101 295 3141 σατο
315 3089 412 3160 ’τὴν
433 3091 614 3162 ψυχήν
646 3111 766 3163 μου,
799 3093 874 3156 ὡς
903 3094 1062 3164 μηδὲν
1082 3093 1250 3164 αὐτὴν
1277 3092 1468 3145 παθεῖν
1513 3095 1578 3146 ἐκ
1635 3095 1732 3164 τῆς

179 3183 392 3253 ταραχῆς
435 3185 544 3239 τῶν
579 3186 850 3256 σκύμνων.
894 3185 1051 3239 Κατὰ
1077 3186 1132 3239 δέ
1158 3189 1284 3250 τοὺς
1315 3187 1529 3249 λοιποὺς
1554 3188 1726 3258 ἐρμη-

181 3273 363 3336 νευτάς·
403 3277 472 3329 Οὑ
528 3277 953 3360 τεταραγμένος,
997 3277 1180 3348 φησὶν,
1235 3277 1519 3332 ἐκάθευδον
1567 3279 1730 3347 μέσος

180 3364 483 3436 ἀποληφθεὶς
544 3369 794 3432 λεόντων,
849 3369 962 3423 ἀλλ’
999 3371 1264 3439 ἀπτόητος
1305 3371 1450 3442 ἥμην
1520 3371 1612 3423 καὶ
1640 3371 1729 3423 εὑ-

183 3451 379 3528 θαρσής.
413 3461 576 3529 Λέγει
607 3461 738 3529 γοῦν
763 3463 790 3512 ὁ
829 3461 1076 3524 Ἀκύλας·
1126 3462 1220 3514 Ἐν
1268 3461 1436 3532 μέσῳ
1474 3461 1729 3516 λεαινῶν

183 3551 586 3621 κοιμηθήσομαι
624 3552 875 3621 λάϐρων·
905 3555 932 3606 6
960 3552 1016 3606 δέ
1067 3553 1381 3624 Σύμμαχοςο
1425 3557 1527 3610 Ἑν
1557 3558 1727 3625 μέσῳ

183 3642 412 3695 λεόντων
430 3645 744 3713 εὐθαρσῶν
773 3645 1117 3714 ἐκοιμήθην.
1168 3648 1322 3711 Τίνες
1377 3648 1434 3701 δέ
1491 3645 1629 3720 ἦσαν
1672 3653 1722 3703 οἰ

183 3725 382 3794 λέοντες,
412 3733 443 3802 ἦ
471 3737 520 3786 οἱ
570 3735 800 3806 σκύμνοι
857 3738 950 3790 καὶ
982 3739 1038 3790 αἱ
1063 3736 1292 3803 λέαιναι,
1319 3738 1571 3810 διασαφεῖ
1600 3740 1726 3810 ἑξῆς

183 3820 345 3888 λέγων·
373 3828 486 3881 Υἱοὶ
520 3829 847 3897 ἀνθρώπων
892 3833 947 3883 οἱ
999 3830 1240 3898 ὀδόντες
1293 3833 1489 3886 αὐτῶν
1534 3833 1727 3887 ὅπλον

184 3913 264 3965 καὶ
287 3914 455 3984 βέλη,
483 3919 647 3987 καὶὴ
705 3918 955 3990 γλῶσσα
998 3921 1195 3976 αὐτῶν
1216 3922 1481 3992 μάχαιρα
1541 3923 1721 3988 ὀξεῖα.

186 4003 358 4070 Παντὸς
379 4011 480 4081 γὰρ
515 4010 679 4082 θηρός
707 4011 895 4082 ἀγρίου
935 4011 1136 4066 ίοϐόλου
1167 4031 1227 4066 τε
1251 4015 1500 4086 ἑρπετοῦ,
1531 4016 1724 4087 χείρων

185 4091 239 4144 ἂν
270 4097 460 4162 γένοιτο
487 4102 689 4172 φαῦλος
716 4104 808 4157 καὶ
837 4104 1070 4174 πονηρὸς
1103 4105 1410 4177 ἄνθρωπος,
1441 4107 1672 4178 μάλιστα
1697 4111 1724 4162 6

187 4183 420 4256 διαϐολαῖς
474 4183 570 4249 καλ.
623 4197 972 4262 καταλαλιαῖς
1007 4199 1299 4270 σχολάζων,
1339 4202 1431 4254 καὶ
1472 4204 1592 4265 ταῖς
1618 4202 1724 4256 τῶν

187 4271 413 4346 θεοφιλῶν
435 4284 628 4356 ψυχαῖς
652 4287 1036 4353 ἐπιϐουλεύων,
1087 4290 1184 4359 οὑχ
1213 4290 1395 4354 ὅπλοις
1425 4290 1482 4343 δέ
1512 4292 1604 4345 καὶ
1634 4293 1722 4345 δό-

191 4382 312 4435 ροισι,
341 4379 727 4450 κεκρυμμένοις
749 4381 806 4434 δέ
828 4382 922 4434 καὶ
952 4381 1270 4435 λανθάνουσι
1302 4387 1412 4447 τοῖς
1438 4383 1524 4437 διὰ
1552 4384 1721 4453 λόγων

1838 1907 2062 1961 saltavit
2089 1925 2186 1962 me.
2233 1907 2403 1974 Quem
2433 1924 2562 1963 vero
2589 1908 2822 1975 misent,
2874 1909 2927 1962 in
2957 1911 3208 1978 prtescnti
3249 1909 3407 1962 docet

1837 1998 2066 2054 dicens:
2127 2001 2276 2054 Misit
2331 2002 2750 2055 misericordiam
2802 2017 2986 2064 suam,
3035 2011 3083 2054 et
3138 2002 3406 2054 veritatem

1836 2107 2010 2155 suam,
2041 2093 2273 2146 animam
2297 2110 2463 2146 meam
2485 2095 2674 2162 eripuit
2693 2093 2756 2147 de
2786 2092 2954 2147 medio
2976 2093 3272 2147 catulorum
3299 2093 3407 2146 leo-

1837 2198 2002 2237 num:
2051 2185 2103 2237 in
2139 2201 2370 2254 quorum
2428 2185 2608 2240 medio
2643 2187 2972 2248 consistens,
3020 2184 3132 2238 ait:
3167 2183 3405 2238 Πονηιὶιηὶ

1835 2275 2197 2331 conturbatus.
2261 2276 2396 2331 Nam
2449 2278 2503 2331 in
2571 2278 2750 2331 medio
2805 2277 3107 2331 catulorum
3182 2277 3402 2330 leonum

1835 2363 2174 2420 Gethzeorum
2207 2368 2417 2422 scilicet
2459 2368 2851 2438 allophylorum
2883 2365 3273 2434 deprehensus,
3308 2381 3406 2419 seu

1836 2457 2184 2511 inimicorum
2217 2472 2300 2512 me
2331 2458 2434 2511 alia
2482 2460 2693 2512 ratione
2725 2457 3181 2526 impugnantium,
3233 2470 3406 2524 quan-

1837 2555 1951 2600 tum
1984 2548 2116 2600 mihi
2151 2563 2244 2616 per
2270 2549 2560 2602 humanam
2590 2547 2955 2601 inlirmitatem
2985 2545 3159 2607 licuit,
3185 2545 3407 2600 dormivi

1835 2638 2200 2693 con-turbatus.
2243 2640 2559 2695 Altissimus
2597 2655 2728 2694 vero
2759 2637 2901 2694 Deus
2933 2639 3248 2708 praedictum
3285 2655 3408 2693 ver-

1835 2727 1991 2791 bum,
2037 2728 2467 2783 misericordiam
2525 2736 2578 2782 et
2628 2729 2909 2782 veritatem
2961 2743 3114 2782 suam
3161 2728 3402 2792 mittens,

1834 2817 2036 2887 eripuit
2068 2817 2302 2870 animam
2340 2833 2536 2883 meam,
2570 2827 2628 2871 ut
2657 2833 2721 2871 ex
2753 2816 3160 2890 perturbatione
3189 2817 3404 2870 catulo-

1833 2924 1952 2962 rum
2005 2908 2218 2962 leonum
2274 2908 2410 2962 nihil
2461 2916 2757 2978 pateretur.
2812 2908 3120 2963 Secundum
3164 2909 3404 2977 reliquos

1833 3007 2014 3053 autem
2051 2999 2418 3068 interpretes:
2460 2999 2576 3052 Non
2609 2999 2998 3062 conturbatus,
3033 2999 3228 3068 inquit,
3275 2998 3405 3052 dor-

1834 3091 2066 3145 mieham
2101 3091 2155 3144 in
2185 3091 2360 3145 medio
2382 3091 2599 3145 leonum
2633 3091 3045 3160 deprehensus;
3079 3090 3171 3144 sed
3203 3091 3404 3160 imper-

1835 3183 2058 3237 territus
2101 3191 2154 3236 et
2186 3182 2462 3237 conlidens
2513 3197 2681 3236 eram.
2721 3183 2810 3235 Ait
2858 3183 3023 3252 igitur
3070 3183 3261 3252 Aquila
3293 3200 3308 3237 :
3337 3181 3402 3235 In

1832 3272 1998 3326 medio
2046 3272 2332 3326 lewnarum
2380 3272 2646 3327 dormiam
2680 3275 2988 3335 voracium;
3041 3271 3401 3342 Symmachus

1829 3381 1958 3420 vero
1989 3384 2002 3419 :
2039 3363 2104 3418 In
2146 3364 2315 3418 medio
2350 3369 2557 3418 leonum
2586 3364 2850 3432 conﬁdens
2894 3363 3132 3416 dormivi.
3168 3363 3400 3428 Quinam
3481 3379 3486 3384 '

1828 3467 2013 3515 essent
2045 3460 2252 3524 leones,
2304 3458 2388 3513 vel
2418 3457 2582 3510 catuli
2632 3458 2850 3510 leonum
2897 3463 2950 3509 et
2984 3456 3180 3516 leaena,
3216 3464 3403 3524 postea

1829 3552 2092 3613 declarat,
2115 3551 2339 3606 dicens:
2372 3549 2501 3602 Filii
2531 3548 2798 3601 hominum
2829 3548 3003 3600 demes
3030 3563 3208 3598 eorum
3244 3547 3400 3598 telum
3440 3617 3444 3620 ν

1828 3655 1878 3696 et
1913 3645 2142 3714 sagittw,
2175 3653 2224 3696 et
2271 3644 2450 3710 lingua
2493 3657 2670 3696 eorum
2702 3639 2909 3709 gladius
2950 3648 3154 3690 acutus.
3214 3635 3401 3704 Siqui-

1828 3736 1948 3791 dem
1979 3736 2127 3789 omni
2166 3734 2278 3788 fera
2307 3732 2530 3802 agresti,
2564 3744 2836 3784 venenosa
2865 3736 2918 3781 et
2958 3727 3133 3794 reptili
3169 3724 3405 3778 deterior

1829 3829 1994 3884 luerit
2023 3827 2304 3896 improbus
2335 3834 2386 3878 et
2417 3838 2649 3893 nequam
2676 3823 2858 3882 homo,
2914 3819 3256 3886 maximeque
3305 3817 3401 3886 qui

1826 3919 2118 3973 calumniis
2147 3925 2200 3971 et
2230 3915 2532 3969 maledictis
2567 3920 2744 3977 vacat,
2773 3918 2826 3965 et
2856 3909 2948 3979 qui
2983 3908 3254 3976 religiosis
3283 3906 3402 3965 ani-

1827 4011 2020 4064 mabus
2055 4006 2367 4069 insidiatur,
2406 4021 2514 4059 non
2552 4004 2670 4058 telis
2709 4011 2762 4056 et
2796 4000 2990 4062 hastis,
3041 3998 3135 4052 sed
3171 3998 3401 4053 occultis

1825 4109 1879 4157 et
1931 4101 2227 4156 latentibus
2279 4099 2570 4154 verborum
2624 4093 2947 4165 perniciosis
2994 4091 3398 4145 instrumentis.

1827 4193 1892 4247 lli
1920 4195 2103 4263 itaque
2137 4193 2382 4247 dentium
2411 4191 2614 4244 ambitu
2647 4188 2804 4257 quasi
2841 4184 3007 4238 armis
3043 4191 3272 4236 utuntur
3299 4181 3402 4234 cir-

1826 4283 2367 4346 cummunientibus,
2419 4287 2472 4334 et
2524 4275 2980 4332 concludentibus
3032 4273 3194 4328 verba
3259 4272 3401 4333 intra

1827 4374 2069 4430 dentium
2101 4383 2313 4444 septum
2343 4371 2597 4435 latentia;
2633 4371 2812 4439 lingua
2843 4381 2972 4421 vero
3001 4363 3408 4430 calumniisque

188 4458 512 4534 ἀναιρετικοῖς
535 4471 804 4540 ὀργάνοις.
838 4473 1147 4545 Κέχρηνται
1177 4473 1306 4544 γοῦν
1333 4477 1380 4528 οἱ
1413 4450 1638 4528 τοιοῦτοι
1657 4479 1721 4547 τῇ

1836 4482 1894 4521 ex
1921 4482 1984 4521 ea
2013 4466 2251 4531 emissis,
2283 4479 2378 4519 ceu
2425 4461 2750 4533 quibusdam
2802 4459 2924 4514 telis
2956 4457 3283 4525 jaculantur.
3323 4450 3409 4512 Ea

194 4551 275 4620 μὲν
297 4557 393 4611 τῶν
417 4561 638 4617 ὀδόντων
687 4564 942 4636 περιϐολῇ
990 4565 1178 4638 ὥσπερ
1224 4569 1331 4621 τινὶ
1381 4567 1530 4638 ὅπλῳ
1573 4586 1730 4640 περι-

191 4642 464 4710 φράττοντι,
493 4654 586 4705 καὶ
620 4653 977 4724 περικλείοντι
1006 4657 1130 4720 τοὺς
1184 4658 1313 4717 εῐσω
1359 4657 1469 4710 τῶν
1503 4659 1729 4713 ὀδόντων

192 4739 561 4808 κρυπτομένους
597 4744 804 4814 λόγουςο
833 4748 898 4816 τῇ
923 4745 980 4798 δέ
1003 4745 1217 4819 γλώττῃ
1253 4748 1347 4801 καὶ
1372 4753 1489 4813 ταῖς
1512 4751 1576 4803 ἐκ
1597 4751 1729 4803 ταύ-

192 4833 273 4909 της
297 4822 746 4904 διαπεμπομέναις
776 4834 1077 4901 διαϐολαῖς,
1123 4836 1312 4908 ὥσπερ
1347 4839 1455 4892 τισὶ
1521 4839 1728 4909 βέλεσιν

195 4907 604 4990 ἀκοντιξομένοις.
656 4926 720 4977 Ἡ
781 4925 827 4977 δ’
855 4926 992 4996 αὑτὴ
1051 4927 1160 4981 τῶν
1207 4927 1463 4982 τοιούτων
1518 4930 1729 4999 γλῶττα

196 5007 434 5094 μξιχαῐρας
463 5013 722 5084 ὀξυτάτης
745 5019 894 5072 οὐδὲν
920 5017 983 5072 ἂν
1013 5017 1263 5090 διαφέροι
1292 5009 1599 5094 κεντούσης,
1637 5026 1729 5076 καὶ

195 5089 250 5143 τὰ
272 5099 390 5167 πρὸς
417 5103 637 5160 θάνατον
669 5110 1012 5181 ἐνεργούσης.
1056 5089 1193 5163 Ἀλλά
1229 5115 1276 5164 οἱ
1313 5113 1410 5182 μὲν
1457 5089 1729 5186 ἀνθρώπι-

195 5199 261 5276 γοι
286 5189 478 5262 λέοντες
501 5201 592 5252 καὶ
613 5201 985 5274 ὠνομασμένοι
1015 5195 1241 5274 σκύμνοι
1284 5205 1533 5260 τοιοῦτοι.
1587 5207 1725 5276 Ἐγὼ

198 5273 416 5340 δὲαὺτῶν
459 5290 700 5365 διέφερον
754 5294 850 5366 τὴν
898 5273 1210 5368 ἐπιϐουλὴν,
1259 5297 1345 5351 διὰ
1395 5299 1483 5352 τὸν
1539 5302 1603 5353 ἐκ
1630 5273 1724 5352 τοῦ

1829 4579 1960 4619 vero
1988 4563 2103 4632 ipsa
2128 4578 2314 4618 eorum
2348 4561 2552 4628 lingua,
2582 4572 2611 4609 a
2645 4554 2824 4627 gladio
2856 4559 3013 4606 acuto
3045 4557 3098 4602 et
3129 4551 3411 4616 pungeute.

1832 4655 2140 4724 caedemque
2167 4659 2535 4724 perpetrante,
2567 4650 2700 4704 nihil
2738 4647 2967 4701 dill‘erat.
3007 4641 3148 4696 Sane
3179 4636 3398 4707 quidem

1831 4745 1969 4799 tales
1998 4752 2126 4799 sunt
2157 4743 2383 4797 humani
2417 4742 2621 4800 leones,
2667 4747 2719 4792 et
2758 4733 3039 4789 memorati
3084 4728 3247 4782 catuli
3282 4726 3396 4779 leo-

1833 4852 1982 4890 num.
2018 4834 2129 4904 Ego
2158 4849 2290 4888 vero
2314 4848 2502 4889 eorum
2538 4829 2764 4885 insidias
2795 4821 3060 4880 declinavi
3097 4817 3398 4873 Salvatoris

1833 4943 1862 4981 a
1889 4926 2000 4982 Deo
2032 4927 2186 4980 missi
2226 4940 2412 4995 opera,
2463 4924 2556 4994 qui
2606 4921 2807 4990 eripuit
2841 4918 3074 4971 animam
3125 4928 3296 4967 meam
3330 4911 3405 4966 de

1833 5005 2010 5074 medio
2040 5019 2343 5072 catulorum
2382 5018 2618 5071 leonum.
2653 5014 2733 5066 An
2765 5013 2877 5064 haec
2914 5009 2980 5063 de
3013 5005 3175 5060 Saule
3203 5005 3395 5063 dican-

1831 5123 1939 5176 tur,
1991 5111 2105 5167 sive
2136 5111 2201 5164 de
2227 5110 2293 5163 iis
2335 5109 2427 5177 qui
2476 5104 2730 5159 Davidem
2762 5101 2900 5171 apud
2943 5099 3158 5152 Saulem
3191 5095 3396 5149 calum-

1826 5203 1959 5258 niati
2011 5209 2176 5266 sunt,
2238 5202 2351 5255 sive
2401 5199 2468 5252 de
2526 5195 2814 5265 allophylis
2884 5189 3139 5251 Gelliaiis,
3190 5202 3284 5240 seu
3331 5183 3402 5240 de

1831 5293 2198 5351 invisibilibus
2235 5290 2469 5344 inimicis
2496 5307 2509 5353 ;
2536 5298 2590 5340 tu
2625 5287 2740 5354 ipse
2773 5280 3074 5354 pcrpendas
3107 5278 3287 5331 velim.

199 5368 310 5466 (ξεοῦ
328 5381 712 5458 ἀπεσταλμένον
741 5408 832 5461 μοι
885 5392 1134 5462 Σωτῆρα,
1167 5392 1256 5444 τὸν
1287 5393 1584 5463 ῥυσάμενον
1617 5395 1713 5466 τὴν
1750 5394 1927 5464 ψυχήν
1957 5406 2055 5458 μου
2079 5389 2142 5440 ἐκ
2173 5386 2334 5457 μέσου
2363 5384 2632 5454 σκύμνων.
2662 5381 2786 5433 Εἴτε
2809 5379 2865 5431 δέ
2915 5376 3085 5430 ταῦτα
3117 5373 3241 5445 περὶ
3305 5371 3398 5423 τοῦ

202 5459 344 5518 Σαοὺλ
368 5472 591 5545 ἐλέγετο,
623 5459 880 5552 εῖτεῖπερὶ
911 5459 1456 5535 τῶνήδιαϐαλλόντων
1510 5484 1598 5536 τὸν
1615 5459 1776 5537 Δαυῒδ
2003 5480 2094 5532 τὸν
2146 5476 2335 5542 Σαοὺλ,
2399 5477 2507 5528 εἴτε
2563 5474 2690 5545 περὶ
2747 5472 2853 5525 τῶν
2903 5471 2959 5523 ἐν
3005 5467 3104 5522 Γέθ
3162 5462 3394 5532 ἀλλοφύ-

201 5552 425 5625 λωννεῖτε
471 5573 598 5642 περὶ
653 5572 896 5642 ἀοράτων
949 5573 1175 5646 ἐχθρῶν,
1239 5575 1332 5627 καὶ
1390 5577 1551 5639 αὑτὸς
1613 5577 1945 5646 ἐπιστήσεις.

262 5705 325 5786 (Ι)
346 5712 932 5786 ζει-’διάθετοςλόγοφ
967 5716 1179 5770 insitum
1200 5715 1425 5781 t'erlmm,
1447 5715 1645 5772 dicitur
1675 5717 1733 5773 ad

1836 5715 2132 5772 florentium
2164 5713 2253 5776 τοῦ
2283 5710 2634 5786 προφορικοῦ,
2664 5710 2877 5783 prolati.
2900 5707 3103 5764 Horum
3138 5703 3389 5780 frequens

207 5781 322 5843 illlud
346 5779 518 5847 Patres
545 5779 708 5843 ususl
730 5779 886 5843 Euir.
