3822 6280
434 342 536 400 ιιι

435 567 639 605 onmem
666 559 880 614 terram,
913 549 1086 620 gloria
1131 560 1242 614 tua,
1274 556 1329 604 et
1367 557 1581 604 caetera.
1614 547 1857 608 .Missum
1889 548 1994 603 sibi

436 643 504 698 ab
536 641 817 696 Altissimo
855 641 1158 712 adjutorem
1188 649 1242 696 et
1274 639 1640 706 Servatorem,
1676 646 1864 708 utpote
1902 639 1995 709 qui

434 750 495 791 se
532 733 900 789 humiliaverit
929 751 1023 804 per
1055 749 1215 789 suum
1246 733 1310 787 ad
1354 732 1604 788 homines
1647 731 1994 798 descensum,

432 835 490 881 et
541 825 778 880 animam
831 840 986 880 suam
1033 825 1295 895 eripuerit
1342 824 1409 879 de
1463 822 1642 878 medio
1691 823 1996 877 catulorum

433 920 678 984 leonum,
712 919 799 974 his
837 919 1017 974 verbis
1049 917 1318 989 Propheta
1369 918 1656 988 compellat
1686 937 1699 972 :
1731 917 1998 985 Quoniam

433 1027 498 1067 ex
531 1012 748 1082 propria
790 1011 1163 1082 magnitudine
1211 1010 1566 1074 descendens,
1605 1017 1764 1082 teque
1819 1011 1997 1082 ipsum

433 1119 660 1174 parvum
709 1104 966 1168 eﬂiciens,
1017 1102 1338 1157 humilitatis
1395 1119 1526 1157 mea:
1566 1117 1753 1157 curam
1813 1119 2001 1158 susce-

433 1195 586 1262 pisti,
615 1203 670 1250 et
702 1195 951 1266 eripuisti
985 1195 1220 1248 animam
1268 1210 1442 1249 meam
1495 1196 1562 1251 de
1594 1196 1769 1251 medio
1801 1195 1998 1265 praedi-

434 1295 670 1351 ctorum,
727 1289 966 1342 exaltare
1015 1285 1255 1352 demum,
1311 1289 1590 1357 proprium
1627 1288 1881 1342 thronum
1935 1303 1997 1343 ac

433 1379 532 1432 tibi
579 1388 893 1448 competens
950 1393 1175 1448 regnum
1235 1380 1498 1433 cmlorum
1557 1388 1758 1452 repete.
1813 1382 1997 1452 Neque

433 1471 578 1525 enim
627 1479 768 1524 terra
807 1471 977 1542 gloria
1035 1479 1122 1524 tua
1158 1471 1481 1540 privabitur,
1513 1473 1726 1529 etiamsi
1775 1476 1829 1529 in
1860 1478 1996 1532 coelo

434 1560 620 1630 degas.
655 1560 1117 1626 Quemadmodum
1147 1562 1292 1615 enim
1349 1563 1430 1617 sol
1462 1565 1740 1634 pr0prium
1773 1582 1997 1622 cursum

433 1655 754 1718 conficiens,
787 1670 882 1709 eos
910 1655 1002 1724 qui
1040 1654 1094 1708 in
1140 1661 1604 1711 terraversantur
1639 1659 1849 1730 fulgore
1898 1675 1997 1716 suo

434 1766 543 1804 non
574 1749 807 1814 fraudat,
842 1750 1030 1804 eodem
1076 1749 1238 1804 modo
1282 1758 1336 1804 et
1373 1760 1451 1815 tu,
1493 1751 1738 1817 Domine,
1785 1753 1997 1809 etiamsi

433 1843 505 1897 ob
533 1857 782 1912 magnam
816 1841 1084 1894 mittentis
1116 1847 1171 1896 te
1215 1839 1394 1896 Patris
1447 1856 1575 1912 erga
1607 1842 1855 1898 homines
1885 1844 1998 1898 cle-

432 1933 712 1996 mentiam,
734 1948 908 2002 usque
931 1932 999 1986 ad
1023 1933 1345 2002 parvitatem
1372 1948 1545 1988 meam
1571 1941 1624 1988 te
1651 1935 1996 2003 extenderis;

432 2035 488 2080 at
517 2027 754 2080 exaltare
779 2025 994 2078 demum
1025 2040 1188 2094 super
1219 2025 1410 2088 caelos,
1443 2033 1496 2078 et
1525 2025 1578 2078 in
1609 2026 1732 2079 sinu
1756 2027 2001 2081 Paterna:

435 2116 656 2172 deitatis
692 2116 959 2180 residens,
997 2131 1213 2170 omnem
1249 2124 1448 2169 terram
1497 2115 1668 2186 gloria
1705 2125 1796 2169 tua
1830 2117 1996 2186 reple.

434 2209 558 2264 llaec
601 2223 764 2279 porro
810 2208 934 2277 jure
976 2205 1215 2276 profero,
1273 2206 1329 2259 in
1383 2213 1499 2260 tuto
1551 2215 1745 2261 contra
1799 2207 2000 2261 malum

431 2302 714 2373 quodlibet
739 2301 972 2370 positus,
1001 2307 1055 2354 ct
1085 2314 1115 2352 a
1145 2298 1419 2370 praedictis
1441 2300 1635 2356 catulis
1670 2307 1723 2355 et
1753 2299 2000 2356 leonibus

432 2402 529 2447 tua
566 2391 885 2447 visitatione
914 2398 1154 2460 ereptus,
1189 2391 1280 2460 qui
1317 2389 1528 2460 laqueos
1566 2400 1882 2459 paraverunt
1912 2407 2001 2460 pe-

432 2482 586 2536 dibus
619 2482 769 2544 meis,
801 2489 875 2546 et,
905 2487 1171 2550 quantum
1205 2480 1257 2534 in
1285 2479 1419 2550 ipsis
1441 2489 1577 2544 erat,
1601 2482 1999 2535 incurvaverunt

435 2577 667 2629 animant
722 2588 935 2635 meam;
992 2573 1087 2628 sed
1134 2574 1298 2628 etiam
1349 2573 1593 2642 foderunt
1645 2583 1765 2628 ante
1812 2573 2000 2643 faciem

434 2681 606 2721 meam
643 2666 865 2735 foveam.
901 2663 1009 2719 Sed
1039 2665 1151 2718 haec
1177 2665 1232 2719 in
1257 2679 1408 2719 suam
1442 2665 1762 2735 perniciem,
1796 2681 1905 2719 non
1945 2665 2000 2718 in

431 2774 632 2821 meam.
663 2767 755 2814 tua
786 2758 1146 2830 protectione,
1201 2755 1577 2827 designarunt.
1628 2755 1736 2827 lpsi
1765 2771 2000 2826 namque

432 2855 490 2909 iu
521 2853 661 2907 hanc
685 2851 896 2906 foveam
927 2866 1081 2906 suam
1108 2849 1270 2921 primi
1296 2848 1632 2904 ceciderunt.
1657 2849 2000 2919 Quapropter

431 2947 558 3017 quia
592 2953 649 3000 tu
679 2960 708 2998 a
736 2944 895 3000 Patre
928 2945 1130 2999 missus
1181 2943 1310 2998 talia
1341 2941 1581 3011 edidisti,
1629 2942 1869 2997 exaltare
1901 2939 1998 2994 de-

430 3053 602 3102 mum,
638 3052 702 3092 ac
725 3038 976 3092 caelestes
1001 3036 1124 3091 illas
1155 3037 1491 3103 mansiones,
1525 3042 1587 3090 ut
1616 3033 1715 3090 tibi
1750 3031 1999 3105 proprias

429 3139 485 3189 et
511 3130 700 3188 deitati
729 3139 832 3186 tuae
856 3137 1147 3185 consuetas
1179 3128 1380 3199 recipe.

505 3442 668 3500 Vens.
685 3441 839 3499 8-12.
865 3442 1121 3497 Paratum
1144 3460 1236 3498 cor
1251 3457 1442 3506 meum,
1463 3439 1626 3505 Deus,
1644 3449 1889 3510 paratum
1906 3456 1997 3494 cor

430 3552 624 3602 meum,
649 3539 871 3590 cantabo
909 3545 958 3590 et
985 3536 1250 3606 psalmum
1281 3534 1477 3597 dicam,
1512 3541 1618 3589 etc.
1653 3531 1901 3587 Salvator
1939 3533 1995 3586 in

431 3641 532 3683 sua
566 3625 632 3680 ad
667 3627 965 3696 discipulos
991 3627 1238 3681 doctrina
1286 3626 1400 3680 haec
1448 3624 1515 3679 de
1557 3622 1763 3694 Spiritu
1804 3631 1995 3679 sancto

427 3717 602 3776 dixit:
631 3716 690 3772 Si
720 3717 943 3787 diligitis
981 3733 1059 3770 me
1079 3757 1094 3782 ,
1122 3715 1378 3770 mandata
1417 3731 1530 3769 mea
1567 3723 1787 3781 servate,
1817 3723 1867 3768 et
1903 3733 1995 3785 ego

429 3809 623 3881 rogabo
663 3808 899 3873 Patrem,
949 3817 997 3862 et
1039 3807 1203 3862 alium
1238 3806 1581 3861 Paracletum
1621 3805 1770 3860 dabit
1829 3805 1993 3871 vobis,

429 3913 488 3958 ut
527 3905 596 3956 sit
635 3903 901 3958 vobiscum
928 3904 984 3955 in
1015 3911 1301 3962 aeternum,
1344 3899 1604 3969 Spiritum
1645 3900 1882 3954 veritatis
1901 3901 1944 3932 ³⁷
1979 3920 1992 3955 :

429 4003 484 4050 et
513 4011 771 4050 rursum:
813 3995 940 4049 Haec
987 3995 1191 4050 locutus
1231 4011 1348 4048 sum
1383 3991 1526 4046 vobis
1573 3992 1714 4060 apud
1757 4009 1844 4050 vos
1888 4010 1998 4046 ma-

429 4103 604 4151 nens;
645 4085 953 4140 Paracletus
995 4096 1206 4151 autem,
1264 4085 1495 4154 Spiritus
1570 4093 1786 4140 sanctus
1845 4103 1997 4157 quem

427 4180 598 4232 mittet
641 4177 803 4231 Pater
831 4180 886 4232 in
915 4179 1123 4232 nomine
1151 4194 1283 4240 meo,
1315 4178 1408 4231 ille
1436 4195 1524 4232 vos
1566 4176 1767 4230 docebit
1793 4179 1991 4242 omnia,

426 4280 477 4326 et
501 4272 838 4340 suggeret“;
875 4286 938 4325 ac
962 4271 1189 4325 iterum:
1233 4269 1416 4324 Adhuc
1446 4270 1614 4323 multa
1647 4269 1808 4324 habeo
1851 4270 1992 4326 vobis

426 4362 618 4422 dicere.
650 4361 738 4416 sed
780 4379 882 4415 non
921 4363 1136 4432 potestis
1166 4371 1379 4430 portare
1412 4361 1588 4418 modo.
1644 4360 1776 4417 Cum
1816 4373 1993 4416 autem

425 4455 620 4510 venerit
652 4454 740 4508 ille
775 4453 1006 4521 Spiritus
1029 4454 1267 4507 veritatis
1288 4493 1304 4516 ,
1347 4453 1590 4506 narrabit
1622 4453 1764 4506 vobis
1796 4455 1992 4508 verita-

1119 337 1385 395 EUSEBlI
1422 335 1894 396 CAESARIENSIS
1931 338 2080 396 OPP.
2120 338 2297 396 PARS
2329 337 2416 396 lll.
2452 372 2520 384 —
2558 339 2962 400 EXEGETICA.
3546 349 3634 404 ΗΞ

506 457 674 514 Vatis.
709 457 763 524 6,
792 457 842 511 7.
881 455 1139 510 Exaltare
1179 471 1334 525 super
1359 455 1537 520 caelos,
1570 455 1732 521 Deus,
1763 464 1812 510 et
1842 472 1996 526 super
2025 466 2073 522 Α

2181 457 2462 527 Ὑψώθητι
2488 459 2585 513 ἐπὶ
2642 459 2783 525 τοὺς
2838 459 3151 528 οὐρανοὺς,
3184 463 3216 514 ὀ
3244 463 3407 530 Θεὸς,
3439 465 3528 518 καὶ
3553 469 3632 522 ἐπὶ

2097 548 2302 604 πᾶσαν
2325 550 2438 618 τὴν
2473 550 2590 621 γῆν
2635 553 2674 620 ἠ
2731 550 2880 614 δόξα
2933 567 3071 616 σου,
3106 554 3197 606 καὶ
3254 553 3323 607 τὰ
3383 556 3523 626 ἐξῆς.
3560 560 3633 630 Τῷ

2097 643 2513 708 ἐξαποσταλέντι
2536 644 2638 697 ὑπὸ
2688 645 2781 698 τοῦ
2817 644 3067 714 Ὑψίστου
3114 645 3292 717 βοηθῷ
3346 648 3529 701 ἐαυτοῦ
3555 653 3634 704 καὶ

2096 736 2324 806 Σωτῆρι,
2352 736 2426 800 ῶς
2453 736 2518 790 ἂν
2563 737 2749 790 ἑαυτὸν
2780 736 3188 792 ταπεινώσαντα
3231 739 3320 793 διὰ
3344 741 3446 810 τῆς
3473 735 3652 814 μέχρις

2096 823 2394 895 ἀνθρώπων
2426 825 2672 892 καθόδου,
2699 825 2986 898 ῥυσαμένῳ
3041 845 3100 881 τε
3140 829 3239 901 τὴν
3283 831 3460 902 ψυχὴν
3493 835 3633 888 αὑτοῦ

2097 918 2160 968 ἐκ
2189 917 2351 987 μέσου
2399 917 2671 988 σκύμνων,
2700 919 2987 987 ξέπιφωνεί
3040 919 3212 989 λέγων
3267 924 3296 975 ὁ
3349 923 3632 998 Προφήτης·

2110 1008 2345 1080 Ἐπειδὴ,
2375 1009 2466 1062 τοῦ
2492 1012 2688 1064 οἰκείου
2719 1011 2977 1082 μεγέθους
2990 1013 3358 1080 ὑποκαταϐὰς,
3386 1017 3477 1069 καὶ
3504 1034 3637 1072 seav-

2097 1099 2186 1152 τὸν
2217 1101 2534 1172 σμικρύνας,
2585 1103 2682 1172 τῆς
2736 1102 2876 1173 ἐμῆς
2907 1105 3284 1177 ταπεινότητος
3324 1107 3634 1177 ἐφρόντισας,

2099 1191 2313 1261 ἐρῤύσω
2337 1209 2396 1244 τε
2422 1192 2518 1264 τὴν
2539 1191 2717 1263 ψυχήν
2753 1209 2852 1263 μου
2882 1195 2944 1245 ἐκ
2979 1196 3142 1266 μέσου
3179 1196 3287 1249 τῶν
3342 1198 3636 1268 προλεχθέν-

2098 1299 2222 1345 των,
2255 1282 2496 1354 ὑψώθητι
2539 1283 2738 1350 λοιπὸν,
2799 1285 2892 1338 καὶ
2943 1287 3290 1359 ἀπολάμϐανε
3339 1289 3432 1343 τὸν
3464 1291 3637 1345 σαυτοῦ

2099 1372 2282 1444 θρόνον
2312 1375 2404 1427 καὶ
2435 1375 2528 1447 τὴν
2557 1376 2868 1446 πρέπουσάν
2897 1394 2976 1430 σοι
3011 1380 3067 1432 ἐν
3119 1381 3332 1451 οὐρανῷ
3365 1381 3639 1452 βασιλείαν.

2099 1467 2231 1520 Οὑδέ
2269 1467 2439 1531 οὕτως
2464 1468 2571 1539 γὰρ
2624 1470 3120 1541 ἀποστερηθήσεται
3145 1475 3176 1542 ἡ
3205 1474 3274 1543 γῆ
3301 1473 3402 1542 τῆς
3431 1475 3524 1544 σῆς
3563 1476 3638 1529 δό-

2101 1557 2215 1629 ξης,
2245 1557 2344 1612 κᾶν
2370 1562 2426 1612 ἐν
2460 1561 2668 1631 οὐρανῷ
2690 1562 2984 1634 διατρίεῃς.
3015 1561 3218 1635 Ὥσπερ
3247 1565 3354 1636 γὰρ
3381 1565 3540 1634 ἥλιος,
3562 1567 3640 1620 τὸν

2098 1655 2294 1706 οἰκεῖον
2328 1653 2602 1706 ἀποτελῶν
2654 1653 2869 1723 δρόμον,
2925 1655 3026 1706 οὐκ
3059 1655 3353 1728 ἀποστερεῖ
3388 1659 3508 1721 τοὺς
3560 1659 3641 1712 ἐπὶ

2099 1745 2204 1816 γῆς
2221 1746 2318 1817 τῆς
2378 1746 2569 1800 ἑαυτοῦ
2605 1746 2961 1817 λαμπηδόνος
3026 1747 3116 1802 τόν
3146 1749 3306 1803 αὑτὸν
3337 1751 3530 1820 τρόπον
3561 1754 3640 1804 καὶ

2103 1832 2250 1900 σὺ,ῶ
2283 1838 2476 1909 Κύριε,
2511 1840 2558 1891 εἰ
2583 1839 2675 1892 καὶ
2699 1838 2766 1891 τὰ
2797 1838 3027 1909 μάλιστα
3053 1839 3119 1892 δι’
3153 1840 3454 1913 ὑπερὸολὴν
3485 1843 3641 1910 φιλαν

2101 1928 2346 2000 θρωπίας
2375 1929 2470 1983 τοῦ
2498 1932 2952 2002 καταπέμψαντός
2981 1950 3039 1986 σε
3100 1934 3312 2005 Πατρὸς
3362 1936 3516 2007 μέχρι
3555 1937 3642 2006 τῆς

2100 2020 2239 2090 ἐμῆς
2263 2022 2620 2093 σμικρότητος
2673 2023 2992 2094 ἐξητάσθης,
3048 2023 3160 2076 ἀλλ’
3207 2025 3449 2096 ὑψώθητι
3477 2027 3642 2082 λοιπὸν

2100 2113 2191 2164 ἐπὶ
2234 2113 2358 2176 τοὺς
2377 2113 2654 2185 οὐρανοὺς,
2699 2115 2794 2168 καὶ
2829 2117 2942 2178 τοῖς
2988 2114 3206 2178 κόλποις
3229 2117 3326 2186 τῆς
3386 2118 3642 2189 Πατρικῆς

2101 2202 2348 2274 θεότητος
2371 2203 2613 2266 ἐνοικῶν,
2649 2205 2854 2276 πλήρου
2911 2206 3008 2276 τῆς
3036 2205 3228 2261 σαυτοῦ
3279 2207 3438 2278 δόξης
3489 2211 3643 2263 πᾶσαν

2098 2296 2197 2367 τὴν
2222 2297 2343 2366 γῆν.
2369 2297 2524 2366 Λέγω
2553 2297 2609 2350 δὲ
2635 2298 2806 2351 ταῦτα
2840 2299 3078 2363 εἰκότως,
3109 2300 3164 2351 ἐν
3198 2300 3498 2371 ἀμεριμνίᾳ
3525 2318 3643 2355 nav-

2099 2388 2189 2452 τὸς
2212 2388 2378 2442 κακοῦ
2422 2387 2679 2457 γεγονὼς,
2701 2390 2795 2442 καὶ
2831 2389 2938 2442 τῶν
2979 2389 3377 2462 προλεχθέντων
3413 2391 3645 2462 σκύμνων

2103 2482 2196 2534 καὶ
2214 2480 2441 2534 λεόντων
2465 2480 2553 2534 διὰ
2583 2481 2682 2551 τῆς
2707 2483 2805 2553 σῆς
2857 2483 3158 2553 ἐπισκοπῆς
3202 2482 3437 2554 ρυσθείς·
3475 2486 3643 2546 οἵτινες

2101 2569 2353 2640 παγίδας
2392 2571 2724 2641 ἡτοίμασαν
2753 2571 2874 2638 τοῖς
2927 2575 3072 2627 ποσί
3097 2592 3235 2643 μου,
3293 2577 3407 2640 καὶ,
3454 2575 3514 2630 τὸ
3543 2577 3644 2630 ὅσον

2100 2666 2185 2717 ἐπ’
2211 2665 2409 2728 αὐτοῖς,
2435 2666 2821 2734 κατέκαμψαν
2852 2666 2964 2734 τὴν
2999 2665 3209 2735 ψυχήν
3232 2685 3370 2736 μου·
3414 2666 3545 2721 ἀλλά
3566 2667 3645 2722 καὶ

2099 2756 2336 2826 ὤρυξαν
2363 2759 2477 2828 πρὸ
2510 2757 2831 2828 προσώπου
2857 2778 2974 2829 μου
2990 2760 3236 2828 βόθρον.
3254 2759 3440 2814 Ταῦτα
3465 2761 3520 2814 δὲ
3541 2759 3645 2815 καθ’

2100 2849 2328 2916 ἑαυτῶν,
2355 2851 2467 2904 ἀλλ’
2487 2851 2547 2904 οὐ
2579 2852 2698 2905 κατ’
2716 2852 2849 2922 ἐμοῦ
2879 2849 2966 2904 διὰ
3000 2852 3099 2924 τὴν
3121 2852 3218 2922 σὴν
3248 2852 3457 2924 σκέπην
3481 2852 3645 2928 εἰργά-

2101 2958 2279 2995 σαντο.
2320 2942 2600 3012 Ἕφθασαν
2624 2942 2732 3015 γὰρ
2778 2944 2930 2997 αὐτοὶ
2957 2943 3151 3015 μᾶλλον
3185 2946 3265 3008 εἰς
3318 2943 3409 2996 τὸν
3460 2944 3648 2997 ἑαυτῶν

2099 3037 2496 3101 καταπεσόντες
2527 3037 2735 3109 βόθρον.
2784 3037 2982 3108 Διόπερ
3005 3037 3191 3108 ἐπειδὴ
3225 3037 3397 3094 ταῦτα
3429 3038 3648 3109 εἰργάσω

2023 3149 2069 3208 ο
2102 3130 2165 3183 σὺ
2198 3132 2226 3184 ὁ
2255 3129 2659 3201 ἀπεσταλμένος
2681 3130 2785 3184 ὑπὸ
2810 3129 2902 3184 τοῦ
2926 3130 3157 3200 Πατρὸς,
3188 3129 3431 3200 ὑψώθητι
3463 3130 3646 3195 λοιπον,

2097 3222 2192 3276 καὶ
2223 3222 2573 3294 ἀπολάμϐανε
2597 3223 2698 3285 τὰς
2717 3221 3019 3294 οὐρανίους,
3044 3221 3119 3283 ὼς
3150 3221 3353 3287 οἰκείας
3396 3223 3494 3276 καὶ
3542 3238 3650 3274 συν-

2096 3314 2246 3387 ήθεις
2272 3317 2336 3388 τῇ
2368 3318 2432 3387 σῇ
2469 3315 2680 3386 θεότητι
2709 3314 3003 3387 διατριϐάς.

2179 3426 2406 3496 Ἐτοίμη
2444 3429 2483 3495 ἡ
2522 3427 2733 3496 καρδία
2759 3444 2898 3496 μου,
2944 3429 2977 3480 ό
3007 3425 3183 3492 Θεὸς,
3231 3425 3434 3495 ἑτοίμη
3464 3427 3501 3493 ἠ
3531 3441 3646 3492 καρ-

2095 3519 2193 3576 δία
2209 3537 2349 3589 μου,
2378 3517 2598 3588 ᾄσομαι
2621 3519 2718 3573 καὶ
2757 3516 2954 3587 ψαλῶ,
2985 3518 3078 3571 καὶ
3115 3516 3182 3570 τὰ
3207 3517 3350 3587 ἐξῆς.
3395 3516 3454 3570 '0
3481 3516 3648 3586 Σωτὴρ

2096 3615 2154 3667 ἐν
2173 3615 2289 3676 ταῖς
2313 3610 2447 3683 πρὸς
2475 3612 2600 3675 τοὺς
2642 3609 2888 3682 μαθητὰς
2942 3609 3309 3674 διδασκαλίαις
3339 3608 3491 3663 ταῦτ’
3523 3611 3648 3678 εἰρη-

2096 3699 2206 3764 κὼς
2241 3701 2481 3772 περὶτοῦ
2512 3700 2666 3769 ἁγίου
2693 3700 2834 3753 Πνεύ
2844 3717 3028 3771 ματος·
3078 3699 3212 3754 Ἐὰν
3247 3698 3513 3769 ἀγαπᾶτε
3537 3697 3648 3767 ἐμὲ,

2097 3792 2201 3858 τὰς
2230 3791 2481 3858 ἐντολὰς
2509 3791 2614 3858 τὰς
2641 3791 2787 3860 ἐμὰς
2806 3790 3122 3859 τηρήσατεο
3143 3790 3238 3843 καὶ
3256 3788 3369 3860 ἐγὼ
3395 3788 3650 3858 ἐρωτήσω

2095 3885 2202 3938 τὸν
2225 3884 2472 3952 Πατέρα,
2519 3883 2616 3938 καὶ
2661 3884 2853 3938 ἄλλον
2879 3881 3268 3952 Παράκλητον
3310 3882 3488 3936 δώσει
3505 3880 3648 3950 ὑμῖν,

2095 3978 2196 4030 ἵνα
2221 3972 2262 4048 ᾖ
2289 3977 2415 4046 μεθ’
2453 3973 2620 4045 ὑμῶν
2640 3979 2727 4041 εἰς
2781 3974 2888 4028 τὸν
2919 3973 3124 4037 αἰῶνα,
3158 3974 3222 4027 τὸ
3271 3973 3516 4042 Πνεῦμα
3555 3970 3649 4039 τῆς

2095 4070 2398 4136 ἀληθείας·
2444 4069 2538 4122 καὶ
2570 4066 2749 4122 πάλιν·
2812 4067 2999 4120 Ταῦτα
3021 4063 3333 4132 λελάληκα
3364 4063 3507 4132 ὑμῖν
3528 4059 3647 4128 παρ’

2093 4160 2236 4230 ὑμῖν
2280 4159 2496 4230 μένωνσ
2553 4162 2586 4213 ό
2635 4157 2701 4211 δὲ
2746 4157 3159 4226 Παράκλητος,
3209 4156 3274 4210 τὸ
3304 4154 3549 4223 Πνεῦμα
3589 4149 3649 4205 τὸ

2095 4260 2263 4329 ἅγιον
2299 4260 2330 4313 ὃ
2351 4259 2570 4328 πέμψει
2601 4260 2633 4312 ό
2661 4255 2861 4324 Πατήρ
2889 4273 3007 4324 μου
3037 4254 3105 4306 ἐν
3137 4252 3215 4318 τῷ
3251 4251 3498 4321 ὀνόματί
3521 4267 3647 4320 μου,

2093 4351 2320 4418 ἐκεῖνος
2351 4349 2506 4420 ὑμᾶς
2530 4349 2754 4414 διδάξει
2786 4345 2980 4402 πάντα
3007 4344 3107 4398 καί
3161 4343 3518 4413 ὑπομνήσει·
3569 4340 3650 4394 καὶ

2094 4439 2266 4507 αὖθις·
2304 4445 2423 4496 Ἔτι
2459 4441 2661 4496 πολλὰ
2687 4439 2804 4509 ἔχω
2855 4436 3055 4506 λέγειν
3085 4435 3246 4504 ὑμῖν,
3291 4433 3428 4488 ἀλλ’
3458 4436 3527 4487 οὐ
3561 4430 3650 4484 δύο

425 4557 550 4613 tem,
580 4547 704 4617 quia
737 4545 799 4599 de
838 4563 950 4600 meo
999 4547 1238 4614 accipiet,
1285 4552 1334 4597 et
1391 4543 1728 4597 annuntiabit
1761 4545 1986 4600 vobis”.

2100 4540 2280 4592 νασθε
2304 4534 2631 4603 ,βαστάζειν
2669 4533 2819 4602 ἄρτι.
2859 4531 3034 4583 Ὅταν
3061 4527 3128 4581 δὲ
3165 4527 3312 4594 ἔλθῃ
3342 4525 3566 4589 ἐκεῖνος
3591 4521 3646 4617 τὸ

427 4639 638 4706 Quibus
668 4637 910 4692 declarat
942 4636 1148 4705 majora
1185 4637 1276 4690 illa
1311 4652 1408 4704 sua
1441 4653 1584 4700 esse,
1621 4651 1784 4706 quam
1820 4644 1880 4689 ut
1922 4637 1990 4691 ab

425 4728 689 4798 apostolis
733 4734 1092 4796 caperentur:
1133 4723 1250 4779 Non
1284 4725 1429 4780 enim
1469 4727 1735 4796 potestis,
1775 4725 1985 4796 inquit,

423 4830 642 4892 portare
676 4842 688 4876 :
722 4821 816 4876 sed
869 4822 1134 4892 Spiritum
1191 4822 1440 4877 veritatis
1487 4837 1555 4876 ex
1609 4837 1668 4878 se
1703 4821 1888 4876 datum
1935 4829 1988 4874 et

425 4911 688 4982 apostolis
735 4911 804 4966 ab
841 4927 900 4967 se
941 4911 1191 4975 missum,
1239 4911 1694 4965 annuntiaturum
1736 4911 1813 4964 ait
1854 4909 1989 4980 ipsis

423 5019 640 5059 omnem
665 5004 970 5058 veritatem.
1011 5003 1167 5069 Quod
1205 5003 1252 5058 si
1300 5003 1418 5057 hzec
1459 5003 1540 5058 sic
1577 5003 1983 5074 intelligantur,

421 5093 543 5165 iure
575 5094 767 5157 David,
809 5104 1096 5165 postquam
1123 5095 1232 5150 Deo
1277 5094 1332 5148 in
1383 5095 1468 5151 sui
1513 5095 1774 5149 auxilium
1816 5094 1988 5148 misso

424 5185 659 5250 dixerat,
693 5185 950 5240 Exaltare
988 5201 1142 5254 super
1167 5185 1353 5248 oculos,
1388 5185 1550 5249 Deus,
1582 5194 1632 5239 et
1671 5200 1826 5254 super
1875 5201 1989 5238 om-

422 5294 540 5332 nem
592 5289 786 5333 terram
815 5280 986 5349 gloria
1032 5289 1158 5343 tua;
1189 5286 1346 5350 rogat
1394 5277 1590 5334 exinde
1629 5277 1878 5332 eumdem
1926 5284 1987 5330 ut

421 5369 529 5426 sibi
561 5372 742 5424 mittat
759 5370 1020 5441 Spiritum
1050 5372 1415 5435 Paracletum,
1450 5369 1826 5441 prepheticum
1850 5386 1864 5434 ;
1888 5383 1986 5437 pa-

421 5471 603 5519 ratum
636 5477 758 5519 sese
783 5463 969 5521 dicens
997 5463 1063 5519 ad
1086 5461 1464 5534 excipiendum
1490 5477 1612 5516 eum
1645 5478 1660 5516 :
1695 5465 1982 5530 purgatum

423 5557 633 5616 scilicet
650 5570 774 5612 esse
807 5557 1067 5627 templum
1091 5557 1146 5610 in
1174 5571 1234 5611 se
1268 5555 1530 5625 positum,
1558 5559 1614 5608 et
1649 5551 1846 5607 anima:
1871 5567 1984 5607 sua:

420 5645 861 5716 receptaculum;
891 5645 1150 5700 nimirum
1185 5644 1360 5714 ipsam
1392 5649 1648 5708 mentem,
1686 5655 1848 5713 quam
1875 5647 1982 5694 tro-

2095 4633 2338 4700 Πνεῦμα
2363 4628 2471 4698 τῆς
2501 4627 2805 4696 ἀληθείας,
2835 4622 3179 4693 διηγήσεται
3206 4619 3351 4689 ὑμῖν
3373 4618 3488 4686 τὴν
3518 4614 3649 4683 ἀλή-

2097 4728 2281 4788 θειαν,
2317 4722 2406 4776 ὅτι
2451 4723 2520 4775 ἐκ
2564 4721 2671 4774 τοῦ
2721 4716 2868 4788 ἐμοῦ
2931 4713 3137 4782 λήψει,
3194 4711 3293 4764 καὶ
3351 4706 3650 4778 ἀναγγελεῖ

2095 4816 2254 4886 ὑμῖν.
2289 4817 2366 4868 Δι’
2403 4809 2477 4868 ὧν
2508 4813 2803 4885 παρίστησι
2857 4807 3074 4880 μείζονα
3120 4804 3216 4875 μὲν
3240 4799 3379 4854 εἷναι
3435 4801 3502 4854 τά
3535 4798 3646 4867 παρ’

2094 4909 2255 4962 αὐτοῦ
2304 4907 2398 4960 καὶ
2435 4907 2507 4977 μὴ
2572 4903 2890 4975 χωρούμενα
2918 4899 3022 4952 ὑπὸ
3063 4896 3170 4950 τῶν
3225 4892 3550 4948 ἀποστόλων·
3582 4888 3646 4942 Οὔ

2093 5001 2201 5073 γὰρ
2250 5001 2496 5062 δύνασθε,
2551 5000 2704 5070 φησὶ,
2768 4993 3074 5066 βαστάζειν·
3123 4989 3184 5041 τὸ
3211 4987 3266 5039 δὲ
3300 4985 3526 5054 Πνεῦμα
3560 4980 3648 5049 τῆς

2093 5093 2348 5164 ἀληθείας
2371 5092 2431 5144 τὸ
2454 5091 2514 5156 ἐξ
2539 5089 2700 5143 αὑτοῦ
2743 5085 3142 5160 χορηγούμενον
3181 5081 3275 5134 καὶ
3297 5082 3407 5142 τοῖς
3441 5074 3650 5132 ἀποστό-

2091 5183 2202 5246 λοις
2225 5185 2314 5236 ὑπ’
2331 5182 2492 5236 αὐτοῦ
2520 5180 2866 5251 πεμπόμενον
2898 5172 3251 5242 ἀναγγέλλειν
3280 5170 3463 5232 αὐτοῖς
3485 5168 3649 5222 πᾶσαν

2093 5268 2188 5340 τὴν
2217 5269 2487 5340 ἀλήθειαν.
2522 5270 2585 5322 Εἰ
2608 5268 2672 5339 δὴ
2700 5262 2791 5320 οὖν
2819 5264 2990 5319 ταῦτα
3021 5260 3283 5330 νενόηται,
3326 5258 3546 5319 εἰκότως
3567 5255 3648 5306 καὶ

2091 5361 2120 5412 ὁ
2145 5360 2304 5414 Δαυῒδ
2327 5360 2404 5431 τῷ
2436 5357 2825 5428 ἀπεσταλμένῳ
2856 5353 2974 5424 Θεῷ
2997 5355 3074 5416 εἰς
3092 5351 3190 5420 τὴν
3215 5347 3378 5402 αὑτοῦ
3415 5345 3648 5418 βοήθειαν

2091 5457 2396 5528 προφήσας,
2435 5453 2728 5522 ’Υψώθητι
2767 5449 2866 5503 ἐπὶ
2919 5445 3060 5511 τοὺς
3089 5440 3403 5509 οὐρανοὺς,
3430 5442 3462 5492 ὀ
3496 5435 3646 5528 aede.

2090 5524 2345 5600 uallem
2398 5542 2603 5600 πᾶσαν
2657 5541 2772 5611 τὴν
2803 5539 2920 5610 γῆν
2955 5538 2994 5606 ἡ
3053 5533 3203 5598 δόξα
3257 5545 3394 5593 σου,
3433 5524 3648 5582 ἱκετεύει

2091 5637 2216 5709 ἑξῆς
2248 5637 2339 5691 τὸν
2394 5637 2555 5692 αὐτὸν
2606 5633 2957 5707 καταπέμψαι
3008 5625 3155 5698 αὐτῷ
3207 5625 3267 5681 τὸ
3316 5619 3536 5692 Πνεῦμα
3567 5615 3648 5670 τὸν

522 5801 740 5855 "'Joan.
778 5814 891 5865 xlv,
930 5799 1111 5853 1.5-17.
1189 5799 1232 5831 τι
1272 5798 1632 5864 magno.
1711 5795 1931 5851 "Joan.
1973 5811 1995 5848 ι

2110 5793 2196 5858 12,
2222 5791 2307 5846 l3.
