3822 6280
152 358 243 414 515

1237 344 1738 403 COMMENTARIA
1777 345 1841 401 IN
1882 345 2219 403 PSALMOS.

3250 359 3356 415 δη

159 469 492 544 Παράκλητον,
540 465 598 519 τὸ
646 464 998 536 προφητικὸν,
1046 463 1260 535 ἕτοιμον
1311 461 1447 518 εἶναι
1498 465 1682 518 ἑαυτὸν

1792 465 1911 533 pice
1949 481 2043 518 cor
2071 464 2355 536 Scriptura
2388 467 2525 523 solet
2548 470 2818 539 appellare
2848 490 2860 526 :
2892 472 3035 542 quod
3066 474 3151 530 his
3184 478 3357 548 signi-

156 563 347 633 .paaxwv
377 559 451 620 είς
478 554 733 627 ὑποδοχὴν
754 553 937 607 αὑτοῦ·
976 554 1311 625 κεκαθάρθαι
1341 554 1448 626 γάρ
1474 555 1565 606 τὸν
1623 555 1681 607 ὲν

155 652 276 724 αὑτῷ
296 650 410 705 ναὸν
438 650 529 703 καὶ
578 648 636 702 τὸ
668 649 871 719 δοχείον
918 646 1015 717 τῆς
1058 647 1221 700 αὑτοῦ
1254 648 1449 719 ψυχῆς·
1481 646 1679 718 δηλαδὴ

154 750 231 818 τὴν
254 743 403 814 αὐτὴν
427 742 677 805 διάνοιαν,
708 743 773 811 ἢν
794 739 1065 811 τροπικῶς
1091 740 1316 813 καρδίαν
1357 738 1543 792 εἴωθεν
1568 738 1681 791 ὀνο-

151 836 313 909 μάζειν
362 838 389 888 ὸ
448 834 617 903 λόγος·
661 833 689 886 ὃ
735 833 799 903 δὴ
852 834 1145 904 παρίστησι
1194 832 1386 900 λέγων·
1446 832 1679 899 Ἑτοίμη

152 930 393 1002 ήκαρδία
434 945 573 996 μου,
609 930 641 981 ό
680 926 844 993 Θεὸς,
879 927 1083 995 ἑτοίμη
1111 928 1148 993 ’ἠ
1177 924 1389 993 καρδία
1428 942 1565 995 μου.
1616 925 1681 976 Ἡ

153 1026 231 1096 μὲν
279 1018 362 1075 οὖν
406 1021 511 1091 ὲμὴ
570 1021 764 1091 καρδία
822 1020 915 1072 καὶ
972 1020 1031 1071 τὸ
1080 1019 1415 1089 διανοητικὸν
1466 1020 1680 1088 ἕτοιμον

152 1114 386 1183 τδγχάνει,
433 1111 583 1182 φησί.
649 1112 721 1165 Σὺ
770 1112 826 1165 δὲ
872 1111 1053 1164 λοιπὸν
1100 1111 1425 1181 κατάπεμπέ
1476 1128 1569 1163 σου
1622 1110 1682 1162 τὸ

153 1207 355 1277 Πνεῦμα.
416 1204 760 1266 Ἐπιστάντος
805 1205 912 1274 γάρ
945 1203 1108 1257 αὐτοῦ
1162 1204 1254 1256 καὶ
1319 1202 1679 1273 ὲποχουμένου

150 1304 203 1371 τῇ
233 1301 322 1369 ἐμῇ
341 1298 500 1369 ψυχῇ,
536 1297 781 1368 συνήθως
801 1296 1020 1366 ᾄσομαι
1044 1298 1140 1351 καὶ
1167 1296 1362 1365 ψαλῶ,
1394 1298 1490 1367 τὴν
1513 1298 1682 1365 ἐμαυ-

151 1389 225 1444 τοῦ
243 1389 487 1443 διακονίαν
511 1389 605 1441 καὶ
645 1389 944 1460 ὑπηρεσίαν
972 1389 1221 1459 παρέχων
1247 1391 1313 1458 τῇ
1335 1387 1558 1456 δυνάμει
1586 1385 1680 1439 τοῦ

151 1477 443 1553 προφητικοῦ
469 1478 803 1550 Πνεύματος.
820 1480 928 1532 Καὶ
960 1480 1110 1532 ταῦτ’
1130 1478 1316 1542 εἰπὼν,
1342 1476 1682 1549 παραχρῆμά

152 1588 199 1625 τε
250 1570 596 1633 εἰσακουσθεὶς
650 1571 791 1624 κατὰ
840 1572 933 1636 τὸ,
989 1572 1119 1625 Ἔτι
1163 1570 1503 1637 λαλοῦντός
1566 1588 1680 1625 σου

152 1661 253 1733 ἐρῶ·
296 1662 423 1717 Ἰδοὺ
451 1662 709 1734 πάρειμι,
736 1664 1029 1734 συνήσθετο
1072 1664 1171 1734 τῆς
1211 1663 1303 1716 τοῦ
1330 1664 1482 1732 ἀγίου
1514 1662 1683 1715 Πνεύ-

154 1770 291 1826 ματος
316 1753 625 1823 παρουσίας.
660 1749 772 1806 Εἶθ’
825 1752 1011 1823 ὥσπερ
1053 1752 1144 1805 ἐπὶ
1196 1750 1387 1822 θύραις
1427 1750 1678 1814 ἑστῶτος,

1788 558 1932 625 ﬁcat,
1966 558 2223 613 Paratum
2252 578 2342 614 cor
2367 578 2560 625 meum,
2581 562 2743 627 Deus,
2774 578 3021 633 paratum
3046 584 3137 623 cor
3162 586 3354 626 meum.

1787 650 1894 706 Cor
1958 652 2121 722 igitur
2165 669 2367 719 meum,
2401 670 2465 708 ac
2514 656 2598 709 vis
2650 657 2983 728 intelligendi
3022 673 3209 731 parata
3249 674 3355 720 est.

1786 743 1868 797 Tu
1909 761 2039 800 vero
2091 746 2307 801 tandem
2357 748 2546 803 emitte
2583 746 2847 818 Spiritum
2905 758 3079 808 tuum.
3126 752 3355 810 Astante

1787 837 1987 908 quippe
2021 839 2132 905 illo,
2154 848 2207 893 et
2238 840 2431 895 animae
2462 857 2595 897 mea:
2625 844 2918 906 insidente,
2957 861 3055 913 pro
3090 857 3356 902 consueto

1786 948 1937 987 more
1959 934 2181 988 cantabo
2214 945 2261 989 et
2301 936 2565 1005 psalmum
2595 930 2793 1003 dicam,
2818 954 3083 1008 opemque
3108 955 3280 995 meam
3303 949 3358 994 et

1787 1026 2152 1080 ministerium
2207 1028 2397 1081 virtuti
2449 1031 2753 1100 prophetici
2793 1031 3020 1100 spiritus
3068 1033 3354 1099 prtestabo.

1788 1116 1993 1188 Hisque
2026 1120 2209 1181 dictis,
2254 1126 2436 1176 statim
2488 1124 2798 1188 exauditus,
2852 1125 3153 1179 secundum
3201 1125 3355 1189 illud,

1787 1211 1970 1265 Adhuc
2006 1221 2055 1266 te
2095 1213 2354 1283 loquente,
2379 1215 2599 1268 dicam:
2633 1214 2766 1269 Ecce
2807 1215 3077 1278 adsum”,
3119 1214 3359 1284 Spiritus

1788 1303 1963 1356 sancti
1994 1306 2338 1372 praesentiam
2374 1307 2777 1360 animadvertit.
2810 1305 3015 1361 Deinde
3047 1308 3200 1376 quasi
3239 1308 3359 1375 ipso

1789 1396 1841 1449 in
1868 1396 2053 1463 januis
2086 1406 2288 1461 stante,
2322 1400 2662 1452 convertitur
2694 1398 2990 1467 Propheta,
3021 1415 3251 1466 seseque
3287 1399 3356 1454 ad

1788 1488 2153 1543 ministerium
2189 1489 2485 1559 prophetia:
2515 1491 2716 1544 excitat
2751 1510 2760 1543 :
2798 1506 2970 1559 quare
3019 1490 3301 1560 subjungit
3337 1508 3352 1544 :

1788 1575 2049 1649 Exsurge,
2095 1580 2265 1649 gloria
2311 1598 2446 1635 mea.
2484 1579 2667 1634 Gloria
2718 1596 2834 1634 mea
2882 1590 2964 1635 est
3007 1582 3356 1652 prophetare.

1786 1670 1949 1725 Addit
1982 1681 2190 1741 postea,
2227 1672 2486 1743 Exsurge,
2519 1674 2827 1743 psalterium
2859 1687 2905 1728 et
2932 1676 3139 1729 cit/mra
3160 1692 3178 1729 :
3205 1676 3356 1745 psal-

1786 1763 1927 1817 terio
1992 1765 2253 1827 animam,
2297 1765 2507 1818 cithara
2564 1780 2763 1834 corpus
2820 1766 3357 1831 subindicans;sive

151 1848 487 1918 ἐπιστρέφεται
520 1849 547 1899 ὁ
579 1847 894 1918 Προφήτης,
912 1846 1004 1897 καὶ
1022 1844 1273 1916 διεγείρει
1302 1844 1464 1907 αὐτὸς
1490 1844 1680 1897 ἑαυτὸν

1789 1854 1903 1908 haac
1937 1855 2050 1923 ipsa
2075 1856 2236 1909 solita
2263 1856 2626 1909 instrumenta
2663 1858 2916 1911 manibus
2961 1860 3251 1928 arripiens,
3286 1858 3355 1914 ad

151 1938 225 1991 ἐπὶ
265 1938 349 2010 τὴν
400 1938 673 1992 διακονίαν
717 1938 815 2009 τῆς
870 1936 1225 2008 προφητείας
1262 1936 1353 1990 -διὸ
1408 1937 1679 2008 ἐπιφέρει·

161 2030 503 2100 Ἑξεγέρθητι,
537 2031 576 2098 ἡ
598 2028 754 2105 ,δόξα
767 2046 905 2099 μου.
940 2028 1074 2093 Δόξα
1107 2045 1205 2099 μου
1236 2028 1350 2081 ἐστὶ
1383 2027 1443 2080 τὸ
1472 2045 1685 2099 προφη-

149 2123 313 2176 τεύειν.
342 2120 446 2176 Εἶτ’
471 2122 734 2190 ἐπιλέγει·
776 2122 1162 2191 Ἐξεγέρθητι,
1208 2121 1545 2190 ψαλτήριον
1584 2119 1682 2173 καί

150 2215 339 2283 κιθάρα·
376 2218 468 2288 τὴν
501 2216 600 2286 μὲν
630 2216 808 2287 ψυχὴν
841 2215 929 2267 διὰ
979 2214 1072 2267 τοῦ
1126 2213 1447 2286 ψαλτηρίου,
1478 2213 1576 2285 τὴν
1627 2213 1684 2267 δὲ

151 2309 342 2381 κιθάραν
366 2308 471 2363 διδιΔ
499 2308 593 2361 τοῦ
628 2307 879 2379 σώματος
930 2306 1315 2377 αἰνιττόμενος·
1353 2306 1386 2378 ἢ
1416 2306 1509 2360 καὶ
1548 2304 1685 2359 αύτά

151 2403 205 2454 τὰ
233 2401 410 2471 συνήθη
434 2402 638 2473 ὄργανα
670 2403 789 2464 ταῖς
816 2400 1005 2473 χερσὶν
1037 2398 1454 2470 ἀναλαμϐάνων,
1484 2400 1577 2451 ἐπὶ
1606 2396 1684 2468 τῷ

153 2491 537 2564 ἁνακρούσασθαι
555 2491 628 2545 τά
654 2492 757 2545 ὑπὸ
786 2491 879 2545 τοῦ
908 2490 1221 2563 Πνεύματος
1253 2490 1680 2562 ὐποόαλλόμενα.

153 2586 239 2638 Καὶ
258 2585 444 2649 τούτοις
476 2584 801 2657 προστίθησι
823 2584 1017 2653 λέγων·
1063 2569 1551 2655 Ἐξετερθήσομαι
1590 2567 1685 2653 ὄρ-

152 2680 283 2746 θρου.
311 2680 456 2751 Ἀρτι
486 2678 596 2751 γάρ
650 2678 939 2747 φωτισθεὶς
967 2677 1055 2732 διὰ
1097 2678 1195 2749 τῆς
1222 2677 1318 2732 τοῦ
1367 2676 1683 2747 Πνεύματος

152 2772 427 2840 παρουσίας,
480 2774 535 2825 ὲν
582 2770 768 2843 ἡμέρᾳ
822 2788 881 2824 τε
935 2770 1079 2824 θείου
1134 2770 1310 2841 φωτὸς
1371 2770 1681 2839 γενόμενος,

152 2861 327 2932 ἕτοιμός
351 2865 458 2935 είμι
482 2864 868 2936 προφητεύειν.
901 2865 1012 2916 Καὶ
1035 2862 1186 2916 ταῦτ’
1212 2861 1404 2928 εἰπὼν,
1429 2860 1684 2932 ἀνατίθη-

152 2972 219 3008 σιν
239 2956 340 3008 ὅλον
366 2958 548 3009 ἑαυτὸν
581 2956 662 3028 τῷ
707 2956 1002 3027 Πνεύματι·
1048 2956 1110 3009 τὸ
1140 2955 1195 3009 δὲ
1234 2956 1309 3020 ὼς
1363 2955 1429 3009 δι’
1451 2954 1681 3027 ὀργάνου

151 3046 221 3099 διὰ
246 3048 324 3102 τοῦ
352 3052 623 3122 προφήτου
677 3049 896 3117 ἀγαθῶν
946 3048 1299 3117 ἀπαγγέλλει,
1354 3046 1460 3101 ἀνὰ
1517 3048 1683 3100 πᾶσιν

148 3139 507 3209 εὐαγγελίζεται
549 3144 666 3205 τοῖς
720 3140 897 3195 ἔθνεσι
934 3141 1163 3209 φάσκον
1209 3135 1683 3207 Ἔξομολογήσο·

148 3234 234 3299 μαι
252 3248 338 3287 σοι
370 3236 437 3287 ἐν
476 3235 670 3301 λαοῖς,
724 3236 920 3303 Κύριε,
964 3233 1141 3302 ψαλῶ
1196 3250 1293 3287 σοι
1319 3231 1388 3284 ἐν
1417 3231 1677 3286 ἔθνεσιν.

162 3324 342 3397 Ἐπειδὴ
366 3325 467 3396 γὰρ
504 3326 599 3379 ἐπὶ
661 3324 752 3377 τοῦ
813 3324 1080 3398 παρόντος
1121 3323 1181 3376 τὸ
1240 3321 1504 3376 Ἰουδαίων
1533 3320 1682 3384 ἔθνος

153 3416 225 3468 καὶ
254 3418 278 3468 ὁ
304 3417 491 3471 τούτων
544 3418 675 3480 λαὸς
694 3418 819 3480 τοὺς
846 3417 972 3480 σοὺς
996 3416 1208 3469 ἐλαύνει
1243 3417 1547 3486 προφήτας,
1609 3414 1684 3477 ὡς

156 3507 342 3577 μηδενὸς
364 3510 521 3564 τόπου
546 3501 549 3505 ’
574 3512 923 3581 παραχωρεῖν
971 3510 1169 3572 αὐτοῖς⁸
1203 3508 1352 3561 ἔσται
1397 3508 1453 3561 δὲ
1495 3507 1684 3578 καιρὸς

153 3598 250 3651 καθ’
273 3600 322 3653 ὃν
352 3603 521 3656 πάντα
548 3603 619 3655 τὰ
646 3603 737 3654 ἐπὶ
772 3605 875 3673 γῆς
906 3601 1031 3672 έθνη
1059 3602 1153 3653 καὶ
1186 3601 1386 3662 πάντες
1411 3602 1459 3652 οί
1503 3601 1559 3653 ἐν
1591 3600 1685 3651 ἀν-

148 3689 350 3760 θρώποις
377 3694 489 3747 λαοὶ
520 3694 616 3747 τοῦ
655 3693 747 3747 σού
795 3693 943 3746 ἐλέου
1003 3692 1338 3763 μεθέξουσιν,
1374 3692 1448 3755 ὡς
1476 3692 1574 3762 ἐμὲ
1623 3690 1684 3744 τὸ

154 3786 441 3853 προφητικὸν
467 3785 693 3856 Πνεῦμα
718 3786 927 3848 πάντας
948 3785 1156 3856 ἀθρόως
1196 3784 1357 3847 λαοὺς
1400 3782 1683 3854 πληρῶσαι

150 3876 296 3948 καιρῷ
322 3879 392 3950 τῷ
442 3879 837 3951 θεσπιζομένῳ,
899 3880 1186 3949 γενόμενον
1237 3882 1295 3932 ὲν
1352 3879 1554 3942 αὐτοῖς,
1592 3877 1684 3930 καὶ

153 3966 603 4041 ὲξομολογήσασθαί
639 3989 720 4024 σοι
740 3974 832 4025 καὶ
848 3970 1259 4042 εὐχαριστῆσαι,
1302 3971 1390 4024 ὅτε
1416 3970 1509 4024 καὶ
1529 3968 1684 4039 ψαλῶ

152 4073 235 4120 σοι,
264 4061 351 4114 οὐκ
376 4064 430 4116 ὲν
460 4064 537 4134 τῷ
577 4063 847 4117 Ἰουδαίων
876 4062 1011 4133 λαῷ,
1034 4061 1147 4115 ἀλλ’
1174 4062 1231 4114 ὲν
1260 4062 1394 4114 πᾶσι
1423 4063 1531 4123 τοῖς
1561 4059 1681 4113 καθ’

152 4148 253 4221 ὅλης
299 4156 386 4225 τῆς
431 4156 753 4227 οἰκουμένης
818 4155 1029 4208 ἔθνεσι·
1089 4154 1278 4206 τούτου
1334 4154 1493 4224 χάριν
1519 4151 1680 4223 φημίο

163 4241 658 4319 Ἐξομολογήσομαί
702 4264 800 4302 σοι
839 4249 909 4301 ἐν
937 4247 1125 4313 λαοῖς,
1161 4248 1355 4315 Κύριε,
1389 4245 1564 4314 ψαλῶ
1588 4260 1686 4299 σοι

151 4333 206 4386 ἐν
229 4338 428 4394 ἔθνεσι.
463 4343 535 4395 Τὸ
562 4343 620 4396 δὲ
648 4341 840 4394 τούτου
864 4343 1057 4404 αἴτιον,
1089 4341 1233 4409 λέγω
1292 4340 1348 4392 δὲ
1373 4340 1433 4392 τὸ
1468 4341 1524 4392 ἐν
1550 4339 1683 4392 πᾶσι

151 4428 241 4489 τοῖς
270 4429 376 4482 καθ’
405 4431 529 4503 ὅλης
553 4432 653 4502 τῆς
678 4430 1000 4501 οίκουμένης
1048 4431 1195 4492 λαοῖς
1240 4429 1334 4483 καὶ
1371 4430 1521 4500 παρά
1550 4429 1683 4480 πᾶσι

1710 3199 1751 3258 C

1787 1960 1849 2000 ea
1872 1945 2136 2014 pulsanda
2171 1963 2291 2016 qua:
2326 1945 2560 2017 Spiritus
2608 1950 2959 2017 suggesserit.
3003 1948 3100 2005 His
3145 1950 3353 2019 adjicit,

1787 2036 2088 2109 Exsurgam
2112 2040 2369 2095 diluculo.
2408 2040 2566 2093 Modo
2589 2040 2733 2094 enim
2785 2038 3022 2110 Spiritus
3065 2044 3355 2113 praesentia

1786 2128 2146 2191 illuminat‘us,
2175 2139 2229 2184 et
2258 2130 2311 2183 in
2337 2128 2425 2184 die
2468 2129 2666 2185 divina:
2690 2130 2829 2183 lucis
2860 2130 3094 2198 positus.
3129 2138 3354 2199 paratus

1784 2236 1903 2276 sum
1937 2223 2001 2276 ad
2061 2222 2518 2293 prophetandum.
2556 2220 2760 2291 Hisque
2788 2221 2971 2290 dictis,
3029 2237 3149 2276 sese
3176 2228 3354 2275 totum

1787 2308 2011 2381 Spiritui
2040 2312 2242 2367 addicit
2282 2330 2295 2367 :
2334 2313 2424 2367 ille
2454 2327 2583 2367 vero
2610 2327 2705 2381 per
2748 2310 3075 2381 Prophetam
3120 2326 3219 2365 ceu
3258 2326 3357 2381 per

1783 2403 2235 2468 instrumentum,
2274 2404 2415 2458 bona
2443 2403 2752 2464 annuntiat,
2784 2402 3149 2471 omnibusque
3185 2401 3359 2471 genti-

1783 2495 1887 2549 bus
1919 2497 2258 2567 evangelizat
2290 2496 2481 2551 dicens
2517 2516 2529 2549 :
2561 2481 2862 2564 Confitebor
2901 2494 2997 2546 tibi
3036 2495 3093 2547 in
3124 2494 3354 2562 populis,

1784 2586 2026 2652 Domine,
2056 2586 2285 2655 psallam
2312 2587 2406 2639 tibi
2436 2587 2487 2639 in
2513 2584 2774 2655 gentibus.
2806 2584 2945 2649 Quia
2975 2583 3119 2639 enim
3146 2585 3199 2638 in
3220 2599 3360 2653 pra:-

1784 2679 1925 2734 senti
1958 2676 2184 2733 Iudaica
2214 2694 2349 2750 gens
2378 2687 2431 2733 et
2453 2677 2687 2748 populus
2716 2675 3011 2746 pr0phetas
3037 2676 3185 2745 pellit
3207 2682 3354 2739 tuos.

1782 2778 1845 2824 ut
1907 2770 2093 2825 nullus
2144 2772 2213 2825 iis
2258 2771 2413 2825 locus
2458 2769 2688 2841 perfugii
2742 2770 3357 2837 relinquatur;eritque

1783 2871 1995 2933 tempus
2025 2876 2135 2934 quo
2166 2878 2357 2918 omnes
2388 2864 2657 2917 universae
2676 2870 2834 2918 terra:
2862 2869 3052 2933 gentes
3078 2868 3133 2915 ει
3164 2876 3356 2916 omnes

1783 2956 1841 3010 in
1886 2956 2200 3012 hominibus
2231 2956 2438 3026 populi,
2469 2955 2859 3011 misericordia:
2906 2961 3011 3009 tua:
3060 2954 3358 3023 participes

1782 3056 1965 3113 erunt,
2000 3049 2075 3102 ita
2108 3057 2167 3102 ut
2194 3064 2295 3119 ego
2323 3048 2676 3119 propheticus
2723 3047 2951 3118 spiritus
2994 3051 3357 3116 praenuntiata

1786 3147 2030 3212 tempore
2053 3156 2244 3196 omnes
2278 3156 2385 3195 una
2408 3142 2640 3211 p0pulos
2672 3140 2861 3195 adiens
2896 3139 3156 3209 repleam,
3185 3137 3359 3194 conﬁ-

1786 3240 2012 3303 tearque
2042 3248 2105 3289 ac
2140 3233 2344 3304 gratias
2376 3247 2531 3303 agam
2566 3233 2686 3295 tibi,
2718 3232 2939 3302 quando
2973 3232 3199 3301 psallam
3235 3229 3356 3294 tibi,

1784 3326 1972 3379 nonin
1997 3325 2197 3395 populo
2220 3324 2474 3391 Judaico,
2514 3324 2608 3378 sed
2638 3325 2691 3378 in
2721 3323 2977 3378 omnibus
3009 3338 3103 3393 per
3136 3323 3357 3377 univer-

1785 3434 1905 3473 sum
1945 3418 2133 3472 orbem
2179 3418 2468 3488 gentibus;
2496 3416 2618 3471 ideo
2642 3416 2789 3481 dico,
2838 3416 3139 3485 Conﬁtebor
3166 3415 3259 3470 tibi
3300 3416 3358 3470 in

1784 3511 2014 3581 populis,
2046 3509 2288 3575 Domine,
2319 3509 2549 3578 psallam
2576 3508 2671 3561 tibi
2705 3509 2757 3562 in
2792 3508 3052 3579 gentibus.
3074 3508 3359 3578 Hujusque

1785 3606 1864 3659 rei
1899 3620 2125 3659 causam
2160 3618 2281 3657 esse
2313 3604 2457 3667 dico,
2493 3601 2637 3672 quod
2693 3602 2749 3655 in
2782 3602 3035 3656 omnibus
3058 3616 3153 3669 per
3171 3600 3357 3655 orbem

1783 3695 2002 3765 populis
2034 3702 2088 3749 et
2123 3692 2266 3763 apud
2302 3708 2493 3749 omnes
2523 3700 2716 3762 gentes
2752 3692 3105 3762 propheticus
3129 3690 3355 3760 spiritus

1784 3796 2053 3844 versetur.
2090 3786 2447 3856 Propheticos
2492 3793 2673 3840 autem
2709 3785 2839 3838 olim
2871 3785 3114 3853 prolatos
3143 3797 3354 3838 sermo-

1784 3899 1883 3937 nes
1930 3895 2095 3949 opere
2146 3878 2498 3947 complendos
2528 3892 2647 3932 esse
2689 3884 2811 3946 post
2845 3877 3086 3931 declarat
3116 3876 3303 3931 dicens
3336 3894 3350 3931 :

1786 3975 2050 4041 Quoniam
2087 3972 2429 4041 magniﬁcam
2461 3978 2537 4023 est
2560 3986 2725 4039 usque
2748 3969 2817 4022 ad
2858 3970 3011 4024 caelos
3052 3971 3355 4026 misericor-

1785 4066 1877 4119 dia
1906 4075 2017 4128 tua,
2043 4074 2267 4134 etusque
2290 4062 2359 4117 ad
2389 4062 2546 4117 nubes
2573 4066 2765 4118 veritas
2791 4072 2901 4117 tua.
2932 4060 3067 4116 Nam
3096 4064 3241 4133 quod
3269 4064 3357 4119 in-

1785 4157 2049 4212 credibile
2094 4156 2376 4220 videatur,
2423 4156 2663 4211 cmleslia
2714 4154 3091 4211 misericordia
3133 4156 3356 4227 dignata

1787 4247 1957 4303 fuisse
1980 4246 2127 4312 diri;
2156 4253 2397 4311 terrena,
2425 4247 2671 4301 veritate.
2707 4246 2819 4302 Etsi
2851 4248 2995 4301 enim
3033 4263 3095 4301 ea
3126 4263 3356 4318 praeser-

1787 4343 1907 4406 tim,
1945 4357 2065 4412 quae
2100 4341 2157 4394 in
2188 4341 2328 4394 cmlo
2351 4348 2500 4404 sunt,
2537 4347 2768 4410 purgata
2795 4338 3106 4404 videantur,
3144 4340 3356 4409 omnia-

1786 4451 1893 4505 que
1919 4434 2177 4504 perfecta,
2206 4440 2260 4488 et
2285 4433 2351 4486 ad
2389 4432 2611 4486 virtutis
2630 4447 2903 4487 summum
2923 4447 3247 4502 progressa;
3280 4440 3357 4483 at-

154 4521 242 4581 τοῖς
259 4520 445 4576 ἔθνεσιν
479 4523 928 4590 ἐμπολιτεύεσθαι
957 4523 1018 4576 τὸ
1055 4522 1388 4594 προφητικὸν
1446 4519 1676 4590 πνεῦμα.

1790 4533 1969 4579 tamen
2000 4526 2118 4593 ipsa
2152 4540 2248 4594 per
2280 4523 2712 4578 misericordiam
2743 4530 2890 4576 tuam
2926 4523 3021 4575 tali
3066 4525 3121 4584 in
3161 4519 3353 4577 condi-

154 4607 242 4662 Καὶ
262 4613 375 4677 τοὺς
414 4615 578 4670 πάλαι
622 4614 1071 4687 ἀναφωνηθέντας
1097 4614 1468 4686 προφητικοὺς
1492 4612 1682 4680 λόγους

152 4700 217 4762 εἷς
233 4700 351 4772 ἔργα
376 4708 641 4777 χωρήσειν
670 4705 796 4771 ἑξῆς
834 4705 1087 4775 διασαφεῖ
1132 4706 1360 4774 φάσκον
1396 4703 1525 4755 Ὅτι
1553 4702 1683 4770 ἐμε-

154 4795 379 4864 Ταλύνθη
430 4798 537 4864 ἕως
585 4797 702 4852 τῶν
738 4799 1009 4867 οὐρανῶν·
1062 4796 1127 4850 τὸ
1185 4796 1358 4863 ἔλεός
1404 4812 1540 4859 σου,
1584 4794 1681 4849 καὶ

150 4880 242 4949 ἕως
274 4886 379 4941 τῶν
400 4890 672 4961 νεφελῶν
703 4893 741 4960 ἢ
787 4889 1035 4957 ἀλήθειά
1073 4905 1211 4946 σου.
1263 4888 1336 4942 Τὸ
1372 4887 1479 4960 γὰρ
1505 4885 1684 4958 παρά-

152 4971 275 5040 δθξον
334 4981 467 5035 τοῦτ’
512 4979 601 5055 ἦν,
645 4985 727 5037 ὅτι
782 4983 851 5037 τά
904 4982 1001 5053 μὲν
1030 4981 1255 5053 οὐράνια
1308 4980 1491 5043 ἐλέους
1541 4979 1683 5050 φημὶ

155 5067 413 5137 ἀξιοῦσθαι,
435 5077 505 5130 τὰ
534 5078 589 5131 δὲ
611 5078 825 5147 ἐπίγεια
873 5077 972 5147 τῆς
1006 5074 1281 5147 ἀληθείας.
1317 5075 1381 5126 Εἰ
1421 5073 1529 5145 γὰρ
1588 5072 1684 5125 καὶ

155 5162 209 5213 τὰ
244 5166 454 5233 μάλιστα
518 5171 662 5224 δοκεῖ
735 5170 804 5225 τὰ
870 5171 927 5223 ὲν
986 5169 1232 5239 οὐρανοῖς
1296 5165 1682 5237 κεκαθαρμένα

154 5256 420 5325 τυγχάνειν,
470 5262 566 5316 καὶ
602 5261 776 5316 πάντα
815 5262 997 5315 τέλεια
1032 5261 1125 5315 καὶ
1167 5262 1245 5324 είς
1288 5261 1453 5331 ἄκρον
1481 5256 1683 5329 ἀρετῆς

156 5344 433 5415 ὲληλακότα·
468 5356 617 5425 ὅμως
639 5356 682 5409 δ’
713 5350 804 5410 οὖν
845 5356 939 5410 καὶ
966 5353 1107 5408 αὑτά
1141 5353 1229 5407 διὰ
1287 5354 1377 5406 τὸν
1420 5352 1509 5407 σὸν
1535 5346 1683 5403 ἔλεον

156 5438 343 5494 τοιαῦτα
375 5445 497 5499 ὄντα
552 5446 902 5518 καθέστηκεν.
935 5448 1007 5501 Οὺ
1058 5446 1167 5518 γὰρ
1216 5445 1276 5510 ἐξ
1325 5444 1523 5508 αὐτῶν,
1560 5442 1681 5495 οὐδὲ

155 5533 261 5601 παρ’
294 5534 487 5589 ἑαυτῶν
526 5542 624 5609 τῆς
674 5539 929 5610 τοιαύτης
989 5538 1203 5611 μετέχει
1257 5539 1678 5610 μακαριότητος,

158 5617 431 5697 malum
480 5627 574 5682 σοῦ
602 5630 695 5684 τοῦ
748 5631 964 5685 πάντων
1028 5629 1246 5700 ἀγαθῶν
1305 5629 1561 5703 χορηγοῦο
1611 5630 1682 5684 Ἦ
1717 5708 1751 5714 __

214 5801 254 5833 “
286 5804 381 5863 lsn.
400 5803 545 5866 'ivnl
564 5853 577 5877 ,
611 5814 663 5869 9.

1788 4619 1934 4671 tione
1966 4618 2143 4686 posita
2183 4626 2331 4672 sunt.
2357 4614 2543 4685 Neque
2565 4616 2709 4670 enim
2742 4631 2808 4670 ex
2841 4630 2899 4668 se
2936 4621 2989 4668 et
3025 4628 3123 4667 sua
3160 4613 3210 4665 vi
3257 4612 3354 4666 tali

1787 4706 2024 4778 gaudent
2053 4706 2332 4773 felicitate,
2360 4706 2452 4761 sed
2472 4708 2570 4761 abs
2592 4713 2644 4761 te
2673 4706 2914 4758 omnium
2938 4704 3201 4757 bonorum
3222 4704 3354 4757 sub.

1787 4800 2177 4854 ministratore.
2214 4797 2341 4853 Sive
2371 4799 2476 4853 alio
2511 4799 2692 4863 modo,
2718 4796 2980 4862 Quoniam
3008 4796 3351 4865 magniﬁcam

1785 4902 1863 4947 est
1888 4907 2048 4961 usque
2079 4890 2147 4945 ad
2177 4891 2331 4945 caelos
2366 4890 2728 4945 misericordia
2759 4897 2869 4948 tua,
2896 4885 3063 4941 ell‘usa
3093 4888 3147 4941 in
3179 4887 3355 4941 homi-

1786 4999 1884 5039 nes
1922 4998 2132 5038 omnes.
2171 4982 2342 5048 Quam
2367 4982 2493 5035 item
2528 4980 2778 5049 superius
2812 4977 3034 5033 missam
3061 4993 3182 5033 esse
3207 4977 3357 5032 dice-

1787 5075 1947 5129 batur
1980 5074 2066 5130 his
2093 5074 2294 5138 verbis,
2326 5072 2474 5127 Misit
2502 5071 2642 5125 Deus
2676 5070 3096 5125 misericordiam
3128 5086 3278 5123 suam
3302 5080 3354 5125 et

1786 5167 2056 5220 ceritatem
2092 5182 2262 5218 suam.
2295 5162 2469 5217 Tanta
2497 5162 2641 5216 enim
2697 5160 2753 5214 in
2789 5160 3103 5214 hominibus
3140 5159 3356 5214 miseri-

1787 5259 1973 5314 cordia
2006 5259 2096 5311 illa
2127 5259 2293 5312 missa
2331 5254 2522 5316 edidit,
2558 5260 2617 5307 ut
2648 5254 2703 5307 in
2735 5253 2991 5307 omnibus
3013 5252 3228 5321 populis
3253 5266 3355 5322 ego

1788 5349 2029 5419 Spiritus
2052 5354 2278 5402 sanctus
2308 5345 2571 5399 conﬁtear
2605 5343 2726 5404 tibi,
2756 5351 2809 5397 et
2850 5343 2903 5396 iu
2934 5341 3190 5397 omnibus
3216 5357 3352 5412 gen-

1786 5446 1932 5499 tibus
1962 5444 2189 5514 psallam
2219 5440 2315 5494 tibi
2346 5456 2362 5492 :
2389 5437 2534 5493 unde
2560 5436 2759 5491 factum
2796 5444 2854 5491 ut
2879 5436 3225 5506 magniticata
3263 5435 3354 5488 illa

1786 5537 1858 5592 sit
1894 5550 2065 5606 usque
2101 5532 2169 5588 ad
2209 5530 2413 5595 cmlos;
2438 5528 2566 5598 quia
2597 5542 2771 5598 usque
2795 5526 2863 5581 ad
2890 5526 3059 5579 caelos
3086 5522 3356 5594 pertraxit

1787 5628 2035 5684 homines
2063 5629 2154 5697 qui
2181 5620 2557 5695 proﬁciebant;
2582 5621 2657 5675 ita
2674 5627 2735 5675 ut
2758 5619 2892 5693 ipsis
2916 5616 3067 5690 regni
3088 5615 3353 5673 caelorum
