3808 6280
445 351 557 412 515
1116 349 1387 408 EUSEBII
1427 348 1903 406 CESA‘RIENSIS
1945 349 2093 405 OPP.
2147 351 2329 407 PARS
2369 353 2455 409 ill.
2485 384 2555 396 --
2585 352 2991 413 EXEGETICA.
3576 362 3669 418 516

442 472 736 546 promissio
788 470 917 527 data
969 472 1059 528 sit.
1097 470 1205 527 Sed
1246 472 1435 535 etiam,
1475 472 1671 542 inquit,
1717 487 1889 542 usque
1943 471 2006 526 ad

2112 471 2304 538 ἄλλως,
2341 474 2468 528 Ὅτι
2531 475 2902 545 ἐμεταλύνθη
2960 476 3071 544 ἓως
3109 457 3241 531 ’των
3297 478 3573 548 οὐρανῶν
3611 483 3669 536 τὸ

440 564 615 618 nubes
647 564 848 618 veritas
881 562 1205 619 tua.'Nubes
1239 575 1438 631 autem,
1480 564 1675 618 divina:
1721 562 2006 620 Providen-

2118 563 2290 630 ἔλεός
2329 578 2464 631 σου,
2487 565 2545 618 τὸ
2571 567 2729 637 χυθὲν
2758 568 2837 630 είς
2896 569 3103 632 πάντας
3126 569 3470 642 ἀνθρώπους.
3516 573 3580 625 ’0
3614 573 3668 646 δὴ

437 660 525 710 tim
542 654 806 708 voluntati
823 670 1041 726 operam
1058 656 1464 727 dantes,pluvi2e
1483 656 1800 710 inserviunt.
1826 653 1904 710 Eo
1925 669 2006 708 au-

2117 654 2209 706 καὶ
2235 656 2490 727 ἀνωτέρω
2512 657 2842 711 ἀπεστάλθαι
2868 658 3083 728 ἐλέγετο
3102 660 3157 712 ὲν
3179 660 3276 730 τῷ,
3325 660 3670 725 Ἑξαπέστει-

436 756 543 803 tem
563 756 1022 803 commonstratur
1048 749 1187 804 Deus
1211 749 1516 804 hominibus
1534 747 1836 819 providere,
1872 750 2006 818 quod

2114 747 2224 799 λεν
2249 748 2281 800 ό
2311 747 2453 813 Θεὸς
2483 746 2549 801 τὸ
2574 748 2746 814 ἕλεος
2777 748 2962 802 αὑτοῦ
2994 749 3093 803 καὶ
3125 749 3239 818 τὴν
3261 749 3556 815 ἀλήθειαν
3580 754 3670 805 αὺ-

437 840 799 909 dispensatio,
838 848 893 895 et
923 840 1125 895 veritas
1177 841 1527 911 inspectionis
1574 842 1693 911 ejus
1734 859 1907 913 usque
1949 845 2006 899 ad

2114 836 2242 891 τοῦ.
2274 837 2507 891 Τοιαῦτα
2538 838 2645 910 γάρ
2674 840 2731 893 ὲν
2771 839 3080 911 ἀνθρώποις
3103 840 3441 912 κατώρθωσε
3468 842 3531 895 τὺ
3556 843 3672 897 ἀπο-

440 932 666 985 nubiunt
712 932 1069 987 ministerium
1106 934 1392 1002 pet-tingat.
1433 934 1579 988 Alias
1608 950 1844 1006 quoque,
1888 953 2014 1008 per-

442 1025 612 1079 feelas
642 1024 695 1078 in
740 1025 1054 1081 hominibus
1110 1026 1345 1088 animas,
1397 1027 1743 1096 propheticus
1779 1029 2010 1095 scilicet,

440 1132 563 1186 qua:
589 1114 682 1171 Dei
716 1116 1018 1170 doctrinam
1052 1132 1150 1172 ceu
1199 1117 1434 1187 pluviam
1476 1120 1762 1188 egentibus
1797 1122 2009 1174 anima-

442 1210 545 1264 bus
593 1209 1038 1270 subministrant,
1077 1210 1247 1265 nubes
1296 1211 1434 1264 solet
1495 1210 1781 1282 Scriptura
1822 1214 2008 1283 appel-

441 1302 575 1356 lare.
644 1301 779 1355 Cum
830 1316 959 1371 ergo
1003 1300 1170 1356 Isaias
1229 1301 1488 1371 propheta
1557 1304 1867 1358 vastitatem
1911 1304 2009 1360 Ju-

440 1393 599 1447 daico
646 1395 844 1463 populo
877 1393 1210 1455 minabatur,
1245 1391 1411 1446 Deum
1465 1393 1538 1447 ita
1582 1394 1890 1463 loquentem
1924 1396 2009 1449 in-

442 1486 629 1539 duxit.
671 1485 950 1539 Destruam
976 1502 1146 1554 sepem
1172 1485 1307 1554 ejus,
1342 1498 1390 1540 et
1419 1488 1518 1539 erit
1541 1488 1596 1540 in
1629 1487 2005 1556 direptionem;

436 1586 490 1630 et
519 1576 789 1629 destruant
828 1592 1035 1629 murum
1067 1576 1202 1645 ejus,
1229 1586 1280 1630 et
1309 1578 1408 1630 erit
1442 1577 1494 1630 in
1534 1577 2000 1633 conculcationem.

2116 928 2304 982 σταλὲν
2323 929 2488 994 ἔλεος,
2516 931 2591 994 ὡς
2618 932 2674 984 ὲν
2729 934 2862 985 πᾶσι
2893 934 3008 996 τοῖς
3054 932 3200 997 λαοῖς
3249 934 3349 1005 ἐμὲ
3383 933 3447 987 τὸ
3472 934 3671 1005 Πνεῦμα

2111 1021 2172 1074 τὸ
2211 1021 2364 1090 ἆγιον
2386 1020 2878 1095 ὲξομολογήσασθαί
2900 1041 3000 1089 σοι,
3015 1026 3110 1079 καὶ
3135 1028 3192 1079 ὲν
3215 1027 3348 1079 πᾶσι
3378 1029 3497 1090 τοῖς
3518 1012 3687 1081 ἔθνεσι⁸

2109 1111 2277 1182 ψάλαι
2299 1129 2401 1167 σοι·
2437 1114 2558 1167 ὅθεν
2585 1115 2924 1187 ὲμεγαλύνθη
2976 1117 3079 1180 ἕως
3111 1117 3218 1171 τῶν
3262 1118 3534 1190 οὐρανῶν·
3568 1120 3670 1172 ἐπεὶ

2110 1204 2273 1277 μέχρι
2304 1206 2411 1260 τῶν
2437 1207 2681 1279 οὐρανῶν
2711 1209 2837 1273 τοὺς
2870 1211 2926 1263 ὲν
2952 1208 3255 1283 ἀνθρώποις
3306 1212 3668 1283 προκόψαντας

2109 1297 2374 1361 εἵλκυσεν,
2401 1299 2477 1363 ὡς
2501 1300 2594 1354 καὶ
2649 1301 2978 1370 ἐπαγγελίαν
3024 1304 3205 1366 αὐτοῖς
3261 1302 3511 1356 δεδόσθαι
3540 1304 3668 1374 βασι-

2107 1390 2256 1456 λείας
2284 1377 2556 1464 ὀύρανῶν.
2593 1392 2755 1445 Ἀλλὰ
2777 1393 2871 1445 καὶ
2892 1393 2997 1457 ἕως
3029 1392 3136 1447 τῶν
3163 1395 3426 1464 νεφελῶν,
3455 1396 3666 1468 (prcit/,1)

2106 1480 2332 1551 ἀλήθειά
2350 1496 2463 1535 σου.
2483 1480 2720 1549 Νεφέλαι
2736 1480 2793 1533 δὲ
2809 1481 3136 1552 ὑπηρετικαὶ
3149 1481 3514 1552 τυγχάνουσιν
3529 1480 3665 1552 ὐετῷ,

2106 1571 2181 1644 τῷ
2196 1573 2292 1644 τῆς
2308 1571 2454 1636 θείας
2479 1572 2739 1642 Προνοίας
2766 1572 3065 1645 βουλήματι
3078 1574 3516 1645 διακονούμεναι.
3536 1575 3668 1629 Οὕτω

441 1665 510 1719 Et
540 1667 1031 1727 dimittamrvineam
1068 1684 1259 1731 nteam,
1295 1676 1345 1721 et
1378 1685 1480 1722 non
1517 1668 1808 1737 putabitur,
1844 1687 2005 1740 neque

2108 1664 2160 1717 δὲ
2182 1664 2510 1735 παρίστησιν
2531 1664 2725 1732 όλόγος
2754 1669 3001 1738 προνοεῖν
3022 1666 3320 1738 ἀνθρώπων
3333 1667 3430 1719 τδν
3452 1667 3595 1731 Θεὸν,
3616 1669 3668 1723 ὲκ

439 1759 702 1828 fodiatur:
736 1768 785 1813 et
832 1758 1075 1814 ascendet
1119 1760 1172 1812 in
1207 1760 1320 1827 ipsa
1359 1761 1512 1829 quasi
1557 1761 1782 1825 inculta,
1826 1763 2001 1831 spina.

2103 1754 2195 1807 τοῦ
2218 1754 2375 1827 μέχρι
2388 1755 2494 1808 τῶν
2511 1756 2745 1825 νεφελῶν
2759 1757 3086 1811 ὲκτείνεσθαι
3108 1758 3270 1811 αὐτοῦ
3284 1758 3384 1829 τὴν
3404 1759 3666 1832 διοίκησιν,

443 1849 511 1906 Et
540 1851 763 1904 nubibus
794 1850 1056 1905 mandabo
1097 1868 1158 1904 ne
1179 1852 1365 1919 pluunt
1388 1867 1540 1920 super
1570 1869 1685 1907 eam
1707 1853 2002 1911 imbrem“.

2111 1849 2204 1902 καὶ
2229 1847 2327 1920 τὴν
2359 1849 2613 1920 ἀλήθειαν
2662 1850 2764 1920 τῆς
2814 1851 3122 1922 ἐπισκοπῆς
3176 1851 3340 1905 αὐτοῦ
3390 1852 3550 1925 μέχρι
3585 1852 3667 1922 τῆς

440 1940 624 1996 Palam
654 1943 804 1997 hisce
836 1942 1021 1997 verbis
1058 1940 1229 1996 divini
1261 1943 1540 2012 propheta:
1584 1942 1756 1998 nubes
1808 1960 2008 1998 vocan-

439 2042 572 2088 tur:
610 2036 725 2104 qui,
765 2034 963 2105 spiritu
996 2034 1209 2089 coalesti
1243 2034 1448 2105 repleti,
1498 2035 1783 2090 animabus
1835 2036 2010 2089 homi-

438 2143 567 2182 num
603 2128 956 2182 rationabiles
987 2128 1198 2196 pluvias
1245 2128 1686 2197 suppeditabant.
1738 2129 2005 2195 Quoniam

436 2219 603 2288 igitur
641 2221 859 2274 veritas-
875 2218 966 2273 Dei
1001 2227 1055 2274 et
1087 2219 1464 2273 misericordia
1515 2219 1656 2288 ejus,
1707 2220 1774 2275 de
1805 2222 2007 2292 quibus

436 2313 602 2381 paulo
636 2320 760 2364 ante
788 2310 1026 2375 dicebat,
1058 2310 1207 2364 Misit
1236 2310 1376 2365 Deus
1412 2308 1827 2364 misericordiam
1853 2328 2006 2366 suam

434 2409 487 2455 et
520 2402 790 2455 veritatem
814 2418 989 2462 suam,
1029 2410 1076 2455 et
1102 2404 1297 2469 eripuit
1333 2403 1568 2456 animam
1603 2420 1771 2457 meam
1808 2403 1870 2457 de
1895 2384 2005 2457 me1

433 2491 526 2545 dio
557 2491 855 2545 catulorum
888 2493 1118 2558 leonum,
1160 2495 1287 2549 olim
1319 2494 1536 2565 quidem
1579 2497 1815 2549 animam
1851 2494 2009 2550 Davi-

439 2579 526 2635 dis
566 2581 797 2651 eripuit,
850 2582 1207 2654 futurumque
1240 2595 1359 2639 erat
1408 2593 1465 2638 ut
1525 2592 1712 2655 postea
1763 2587 2007 2641 visitaret

436 2688 633 2728 omnes
667 2682 889 2746 gentes;
923 2676 1047 2746 jure
1082 2675 1323 2746 Spiritus
1374 2687 1601 2733 sanctus
1634 2677 1725 2747 qui
1763 2678 1877 2733 llaec
1910 2694 2007 2733 an-

436 2768 676 2832 nuntiat,
735 2774 788 2821 et
834 2768 909 2823 ait
965 2768 1082 2823 fore
1116 2776 1173 2822 ut
1210 2770 1261 2823 in
1297 2770 1514 2839 populis
1557 2770 1910 2837 conﬁteatur,
1953 2774 2009 2825 et

439 2861 634 2930 psallat
671 2859 778 2916 Deo
830 2861 883 2916 in
938 2863 1194 2917 omnibus
1240 2865 1527 2933 gentibus;
1563 2863 1730 2933 hujus
1758 2864 1837 2919 rei
1872 2878 2008 2917 cau-

434 2968 552 3007 sam
587 2955 813 3023 apponit
864 2955 1084 3009 dicens:
1136 2955 1398 3021 Quoniam
1436 2956 1781 3027 magniﬁcam
1812 2965 1887 3010 est
1917 2972 2010 3009 us-

435 3059 533 3112 que
562 3043 629 3096 ad
676 3043 831 3121 stelas
862 3044 1228 3099 misericordia
1276 3054 1388 3111 tua,
1420 3053 1474 3102 et
1500 3056 1739 3102 accelera.
1801 3045 2009 3101 Deinde

437 3135 525 3191 his
550 3152 651 3190 ceu
686 3137 924 3207 sigillum
958 3138 1145 3206 adjicit
1174 3138 1261 3194 his
1291 3138 1513 3194 verbis:
1564 3139 1821 3193 lfxaltare
1853 3153 2010 3207 super

2107 1938 2213 1992 τῶν
2246 1939 2488 2009 νεφελῶν
2518 1940 2821 2011 ὑπηρεσίας
2865 1939 3105 2011 φθάνειν.
3140 1942 3249 1994 Καὶ
3282 1940 3467 2005 άλλως
3498 1942 3553 1994 δὲ
3586 1941 3668 2006 τὰς

2108 2032 2165 2085 ἐν
2190 2031 2494 2103 ἀνθρώποις
2526 2031 2737 2096 τελείας
2765 2032 2962 2103 ψυχὰς,
2999 2033 3097 2095 τὰς
3129 2033 3480 2105 προφητικὰς
3504 2034 3667 2103 ῶσπερ

2109 2121 2295 2184 ὑετοὺς
2350 2121 2448 2185 τάς
2506 2125 2571 2175 ἐκ
2616 2122 2751 2175 Θεοῦ
2795 2124 3140 2189 διδασκαλίας
3186 2126 3534 2197 χορηγούσας
3569 2130 3667 2188 ταῖς

2106 2213 2310 2266 τούτων
2341 2214 2606 2284 δεομένων
2637 2215 2855 2284 ψυχαῖς,
2899 2216 3123 2284 νεφέλας
3155 2216 3343 2270 εἴωθεν
3400 2216 3666 2289 ὀνομάζειν

2104 2307 2139 2376 ή
2175 2305 2385 2378 Γραφή.
2414 2307 2542 2361 Ὅτε
2575 2305 2705 2375 γοῦν
2731 2307 2942 2377 ἠπείλει
2969 2308 3048 2380 τῷ
3092 2310 3358 2364 Ἰουδαίων
3389 2310 3534 2364 ἔθνει
3554 2313 3663 2381 ὲρη-

2110 2396 2237 2467 μίαν
2263 2399 2291 2451 ὁ
2326 2399 2608 2469 προφήτης
2648 2400 2896 2464 Ἡσαΐας,
2921 2400 3179 2461 τὸν,Θεὸν
3210 2401 3402 2472 είσῆγε
3432 2401 3663 2471 λέγον-ια’

2108 2487 2349 2542 Καθελῶ
2397 2488 2504 2542 τὸν
2543 2491 2815 2560 φραγμὸν
2847 2492 3053 2556 αὐτοῦ,
3086 2491 3180 2545 καὶ
3212 2492 3384 2546 ἔσται
3415 2496 3504 2558 εἰς
3529 2492 3667 2560 διαρ-

2108 2581 2335 2650 εταγήν⁸
2375 2582 2471 2635 καί
2516 2581 2748 2637 καθελῶ
2779 2584 2888 2638 τὸν
2918 2584 3120 2654 τοῖχον
3144 2585 3349 2649 αὐτοῦ,
3383 2586 3487 2639 καὶ
3520 2586 3667 2639 ἔσται

2106 2675 2193 2738 είς
2238 2674 2653 2744 καταπάτημα.
2688 2676 2797 2729 Καὶ
2826 2676 3033 2743 ἀνήσω
3056 2677 3163 2730 τὸν
3189 2675 3516 2745 ἀμπελῶνὰ
3545 2695 3664 2745 μου,

2108 2762 2207 2817 καὶ
2238 2766 2309 2817 οὐ
2334 2763 2421 2833 μὴ
2458 2763 2673 2833 τμηθῇ,
2702 2764 2844 2820 οὐδὲ
2875 2765 2961 2835 μὴ
2992 2764 3200 2835 σκαφῇ
3219 2783 3233 2798 ·
3264 2768 3361 2820 καὶ
3393 2769 3667 2831 ἀναϐήσε-

2107 2871 2202 2908 ται
2244 2856 2332 2921 εἰς
2377 2855 2564 2909 αὑτὸν
2622 2856 2766 2910 ὡσεὶ
2822 2857 3046 2926 χέρσον
3098 2857 3345 2912 ἄκανθα.
3405 2858 3515 2911 Kal
3560 2856 3667 2921 ταῖς

2106 2943 2391 3013 νεφέλαις
2447 2946 2801 3017 ὲντελοῦμαι
2854 2948 2960 3002 τοῦ
3011 2949 3095 3020 μὴ
3136 2948 3350 3018 ,βρέξαι
3378 2949 3478 3004 ἐπ’
3507 2950 3666 3007 abit}?

2107 3035 2304 3090 ὑετόν.
2341 3036 2635 3110 Ἀντικρυς
2666 3038 2754 3091 διὰ
2800 3038 3003 3092 τούτων
3027 3040 3135 3093 τῶν
3169 3038 3327 3093 θείων
3368 3036 3662 3109 προφητῶν,

2108 3128 2346 3198 νεφελῶν
2379 3129 2802 3202 ὠνομασμένων,
2825 3133 2876 3184 οἱ
2911 3132 3221 3203 πνεύματος
3257 3131 3514 3203 οὐρανίου
3549 3129 3666 3200 πλη-

433 3227 616 3291 cozlos,
670 3226 833 3294 Deus,
878 3237 926 3283 et
970 3246 1125 3299 super
1175 3247 1380 3285 omnem
1422 3240 1621 3285 terram
1670 3232 1845 3303 gloria
1887 3243 1999 3299 tua,

2108 3220 2201 3292 ρού
2210 3237 2358 3292 μενοι
2386 3221 2635 3291 λογικοὺς
2657 3223 2844 3288 ὑετοὺς
2869 3226 2987 3289 ταῖς
3014 3224 3121 3277 τῶν
3149 3222 3454 3295 ἀνθρώπων
3488 3223 3661 3294 ἐχορή-

436 3313 688 3374 euindem
747 3321 815 3376 de
874 3320 984 3375 Deo
1041 3339 1348 3378 sermonem
1424 3325 1667 3380 secundo
1730 3333 2000 3396 repetens.

437 3407 582 3473 Tibi,
618 3411 816 3481 inquit,
866 3415 1125 3469 convenit
1161 3417 1413 3483 exaltari,
1460 3418 1679 3472 tametsi
1716 3418 2001 3471 hominum

436 3515 606 3554 causa
666 3509 718 3557 te
782 3510 983 3559 nostra:
1027 3504 1318 3574 ahjectioni
1371 3515 1719 3577 attemperas,
1777 3509 2005 3579 populos

439 3605 603 3664 atque
661 3604 848 3665 gentes
874 3597 1049 3666 gratia
1100 3605 1193 3651 tua
1226 3614 1450 3654 vocans.
1494 3596 1695 3655 Verum
1721 3603 2001 3664 exaltare,

435 3686 697 3741 thronum
755 3696 937 3757 repete
978 3698 1152 3744 tuum.
1229 3688 1319 3746 Sic
1357 3692 1502 3746 enim
1553 3693 1609 3747 in
1644 3694 1801 3750 ccelis
1850 3708 2004 3747 man-

437 3778 646 3832 sionem
705 3778 933 3843 habens,
997 3781 1050 3835 in
1110 3789 1311 3851 tuaque
1343 3782 1569 3849 deitate,
1611 3785 1666 3838 in
1710 3792 1806 3839 tuo
1838 3800 2006 3855 regno

434 3870 770 3933 consistens,
812 3870 985 3941 gloria
1018 3879 1112 3927 tua
1175 3873 1489 3929 universam
1539 3883 1741 3930 terram
1796 3876 2007 3945 replere

437 3960 665 4015 valebis.
701 3960 857 4026 Quod
888 3963 1014 4017 item
1061 3963 1275 4036 Moyses
1311 3965 1593 4031 describit,
1636 3964 1806 4021 Deum
1839 3966 2002 4022 indu-

433 4067 570 4107 cens
598 4054 664 4109 de
699 4053 902 4109 ludatis
947 4057 1162 4125 quidem
1202 4058 1271 4112 ob
1297 4058 1588 4113 conﬂatum
1615 4061 1843 4115 vitulum
1894 4061 2006 4115 hinc

437 4144 738 4199 (licentem:
798 4146 1019 4201 Dimitte
1053 4165 1155 4213 me,
1208 4158 1256 4203 et
1299 4151 1541 4204 incensus
1600 4152 1683 4204 ira
1737 4161 2005 4206 conteram

435 4238 668 4307 ipsos“;
701 4238 769 4293 de
806 4240 1091 4295 vocatione
1149 4250 1330 4295 autem
1357 4243 1599 4311 gentium
1657 4242 2005 4312 adjicientem

436 4330 592 4395 illud,
635 4329 759 4384 Vivo
788 4347 879 4401 ego
905 4340 954 4385 et
980 4333 1102 4386 vivit
1139 4349 1324 4387 nomen
1361 4349 1552 4396 meum,
1598 4335 1723 4403 quia
1768 4332 2009 4404 implebi-

440 4429 525 4475 tur
575 4421 747 4491 gloria
797 4438 915 4475 mea
955 4423 1199 4476 universa
1247 4432 1408 4477 terra.
1450 4421 1608 4492 Apud
1650 4420 1846 4476 lsaiam
1880 4436 2007 4477 vero

437 4517 731 4583 seraphim,
787 4532 907 4587 qua:
964 4516 1250 4570 Dominum
1314 4516 1555 4571 Sabaoth
1640 4515 2004 4580 circumdant,

2107 3330 2237 3382 γουν
2262 3312 2478 3385 ψυχαῖς.
2528 3314 2743 3385 Ἐπειδὴ
2768 3316 2946 3370 τοίνυν
2980 3317 3013 3387 ὴ
3041 3315 3268 3387 ἀλήθεια
3293 3314 3389 3370 τοῦ
3425 3314 3556 3369 Θεοῦ
3580 3312 3661 3367 καὶ

2107 3406 2169 3459 τδ
2202 3406 2348 3470 ἔλεος
2381 3407 2564 3472 αὐτοῦ,
2584 3408 2713 3480 περὶ
2737 3401 2812 3462 ὧν
2837 3410 3030 3483 μικρὸν
3059 3409 3291 3481 πρόσθεν
3318 3409 3523 3477 ἔλεγεν,
3558 3405 3666 3469 Ἐξ·

2108 3500 2468 3555 απέστειλεν
2489 3504 2524 3556 δ
2552 3503 2697 3568 Θεὸς
2742 3501 2810 3555 τὸ
2842 3502 3013 3569 ἕλεος
3039 3502 3225 3557 αὐτοῦ
3257 3502 3355 3556 καὶ
3378 3502 3497 3570 τὴν
3534 3499 3663 3565 ἁλή-

2111 3596 2275 3646 θειαν
2328 3593 2538 3659 αὐτοῦ,
2575 3594 2672 3647 καὶ
2723 3595 3016 3664 ἐρῤύσατο
3058 3595 3176 3663 τὴν
3212 3593 3427 3664 ψυχήν
3463 3610 3575 3663 μου
3605 3591 3664 3643 ἐκ

2104 3686 2301 3757 μέσου
2347 3689 2668 3756 σκύμνωνο
2718 3688 2886 3741 πάλαι
2922 3687 3022 3758 μὲν
3069 3688 3170 3757 τὴν
3200 3686 3377 3757 ψυχὴν
3421 3684 3664 3758 ἐρρύσατο

2109 3778 2203 3832 τοῦ
2230 3777 2413 3844 Δαυῖδ,
2438 3778 2638 3851 ήμελλε
2669 3779 2726 3833 δὲ
2753 3780 2847 3834 καὶ
2883 3780 3020 3850 μετὰ
3042 3778 3214 3833 ταῦτα
3239 3779 3335 3832 καὶ
3365 3778 3539 3831 πάντα
3564 3777 3664 3828 ἐπι-

2113 3874 2333 3925 σκοπεῖν
2359 3870 2429 3925 ea
2458 3871 2584 3944 ἔθνη
2600 3888 2614 3903 ο
2639 3872 2863 3936 εἰκότως
2884 3872 2945 3925 τὸ
2972 3871 3195 3943 Πνεῦμα
3225 3870 3285 3925 τὸ
3309 3870 3486 3939 ἅγιον,
3515 3869 3661 3924 ταῦτα

2111 3963 2612 4036 εὐαγγελιζόμενον,
2643 3965 2736 4018 καὶ
2786 3965 2869 4018 ὅτι
2926 3967 2985 4019 ὲν
3032 3964 3181 4029 λαοῖς
3208 3963 3659 4035 ἐξομολογήσεται,

2112 4056 2205 4108 καὶ
2245 4057 2304 4108 ὲν
2352 4057 2484 4109 πᾶσι
2534 4058 2644 4119 τοῖς
2682 4055 2859 4133 ἔθνεσι
2894 4054 3056 4125 ψαλεῖ
3086 4053 3162 4125 τῷ
3187 4053 3325 4124 Θεῷ,
3368 4052 3467 4124 τὴν
3505 4051 3660 4105 αἰτίαν

2112 4148 2431 4221 προστίθησι
2469 4148 2652 4218 λέγον·
2691 4149 2819 4202 Ὅτι
2864 4148 3238 4219 ἐμεγαλύνθη
3267 4147 3379 4213 ἕως
3415 4145 3533 4200 τῶν
3574 4144 3660 4199 σὺ·

2104 4241 2307 4311 ρανῶν
2357 4242 2424 4296 τὸ
2469 4242 2639 4307 ἔλεός
2669 4256 2810 4304 σου,
2862 4242 2957 4294 καὶ
3004 4240 3072 4293 τά
3111 4239 3261 4310 ἑξῆς.
3295 4235 3432 4291 Εἶτα
3472 4236 3659 4296 τούτοις

2113 4335 2283 4389 άπασι
2325 4333 2387 4387 τὸ
2427 4334 2843 4406 ὲπισφράγισμα
2894 4332 3090 4401 ὲπάγει
3142 4331 3330 4400 λέγονο
3390 4330 3658 4400 ’Υψώθητι

2110 4428 2208 4480 ἐπὶ
2247 4427 2388 4493 τοὺς
2420 4427 2734 4495 οὐρανοὺς,
2768 4430 2802 4480 o'
2842 4426 3007 4492 Θεὸς,
3052 4424 3152 4480 καὶ
3182 4425 3283 4478 ἐπὶ
3321 4423 3524 4479 πᾶσαν
3561 4419 3658 4487 τὴν

2114 4517 2229 4587 γῆν
2273 4519 2312 4587 ἠ
2363 4517 2511 4583 δόξα
2558 4532 2695 4583 σου,
2727 4517 2975 4589 δεύτερον
3000 4514 3355 4571 ὲπαναλαδὼν
3386 4514 3483 4586 τήν
3510 4510 3656 4579 αὐτὴν

434 4609 773 4663 clamabant:
802 4606 1051 4673 Sanctus,
1078 4619 1317 4671 sanctus,
1348 4618 1561 4662 sanctus
1586 4607 1838 4662 Dominus
1865 4606 2004 4661 Deus

2110 4580 2404 4678 θεολογίαν.
2443 4580 2532 4664 ἐμοὶ
2570 4580 2697 4682 γὰρ,
2742 4580 2897 4682 φησὶ,
2928 4610 3125 4682 πρέπει
3177 4580 3459 4678 ὑψοῦσθαι,
3505 4607 3550 4659 εί
3576 4603 3657 4655 καὶ

436 4697 692 4761 Sabaoth,
724 4700 879 4768 plena
914 4709 993 4753 est
1040 4700 1210 4753 omnis
1246 4710 1389 4752 terra
1426 4700 1601 4769 gloria
1645 4699 1758 4768 ejus
1774 4698 1839 4753 “.
1874 4698 2008 4763 Qui-

437 4794 541 4847 bus
569 4789 746 4848 aliinia
782 4796 836 4849 in
860 4811 985 4849 mu
1042 4796 1271 4864 psalmo,
1312 4794 1380 4849 de
1426 4793 1646 4850 Christo
1684 4795 1831 4849 clare
1871 4810 2001 4848 nar-

436 4895 612 4947 rante,
630 4886 772 4941 dicta
800 4885 991 4942 sunt“
1010 4905 1022 4940 :
1040 4885 1351 4940 Benedictus
1373 4884 1625 4938 Dominus
1646 4883 1787 4938 Deus
1813 4882 2003 4949 Israel,

435 4988 485 5033 et
519 4978 842 5033 benedictum
879 4996 1065 5033 nomen
1094 4979 1279 5049 gloria:
1317 4978 1457 5047 ejus,
1485 4987 1537 5032 et
1576 4978 1861 5046 replebitur
1892 4994 2005 5031 om-

436 5070 518 5122 nis
543 5079 681 5124 terra
708 5069 879 5141 gloria
929 5071 1063 5140 ejus.
1113 5069 1237 5124 Haec
1283 5071 1450 5140 igitur
1480 5070 1731 5137 obsignat
1767 5083 2005 5138 praesens

438 5162 720 5231 prophetia
750 5162 978 5218 dicens:
1017 5161 1273 5216 Exaltare
1315 5176 1470 5229 super
1500 5160 1682 5226 caelos,
1733 5158 1897 5224 Deus,
1952 5167 2005 5212 et

438 5268 591 5319 super
618 5271 821 5308 omnent
854 5265 1047 5309 terram
1069 5253 1241 5325 gloria
1282 5263 1394 5307 tua.

2108 4702 2178 4756 τὰ
2209 4703 2438 4774 μάλιστα
2457 4703 2524 4757 δι’
2550 4700 2867 4776 ἀνθρώπους
2883 4701 3332 4771 συγκαταϐαίνεις
3354 4703 3416 4772 τῇ
3442 4698 3657 4770 ἡμετέρᾳ

2108 4793 2633 4860 ταπεινώσει,λαοὺς
2660 4795 2756 4849 καὶ
2786 4793 2912 4867 ἔθνη
2944 4793 3418 4865 προσκαλούμενος
3453 4794 3516 4862 τῇ
3543 4805 3656 4842 σαυ-

2106 4886 2200 4942 τοῦ
2223 4888 2423 4961 χάριτι.
2468 4887 2607 4941 Ἀλλ’
2635 4886 2900 4958 ὐψώθητι,
2936 4888 3029 4941 καὶ
3055 4885 3410 4957 ἀπολάμϐανε
3436 4884 3520 4937 τὸν
3546 4896 3656 4934 σαν-

2106 4979 2200 5037 τοῦ
2240 4980 2445 5052 θρόνον.
2479 4980 2587 5033 Καὶ
2630 4978 2799 5043 οὕτως
2831 4980 2938 5051 γάρ
2985 4980 3044 5031 ὲν
3069 4978 3318 5051 οὐρανοῖς
3348 4976 3447 5040 τὰς
3475 4975 3657 5043 διατρι-

2112 5071 2211 5135 6ὰς
2240 5072 2579 5143 ποιούμενος,
2610 5072 2706 5125 καὶ
2742 5073 2800 5124 ὲν
2821 5074 2889 5143 τῇ
2922 5070 3117 5125 σαυτοῦ
3152 5069 3433 5141 τυγχάνων
3465 5059 3655 5131 θεότητί

2108 5178 2166 5214 τε
2222 5166 2316 5216 καὶ
2370 5162 2647 5235 βασιλείᾳ,
2698 5165 2879 5217 πᾶσαν
2922 5163 3020 5234 τὴν
3062 5163 3164 5233 γῆν
3201 5160 3439 5233 πληροῦν
3476 5156 3656 5223 δυνήσῃ

2107 5254 2207 5325 τῆς
2252 5253 2449 5308 σαυτοῦ
2503 5254 2677 5325 δόξης.
2715 5257 2783 5308 Ὃ
2820 5255 2885 5325 δὴ
2914 5255 3008 5308 καὶ
3032 5254 3237 5323 Μωσῆς
3262 5250 3554 5322 ἀναγράφει
3579 5243 3655 5295 τὸν

437 5342 570 5400 Θεὸν
613 5348 845 5414 εἰσάγων
899 5349 1024 5420 περὶ
1063 5349 1158 5420 μὲν
1199 5348 1465 5403 Ἰουδαίων
1530 5347 1754 5416 λέγοντα
1810 5346 1876 5398 δι’
1933 5345 2000 5416 ἣν
2046 5347 2370 5418 εἰργάσαντο
2424 5348 2774 5418 μοσχοποιίαν
2797 5366 2811 5379 ·
2852 5348 3074 5402 Ἕασόν
3122 5363 3213 5416 με,
3234 5344 3348 5399 ’καὶ
3396 5337 3656 5411 θυμωθεὶς

436 5438 584 5508 ὀργῇ
613 5440 871 5510 ἐπιτρίψω
904 5444 1158 5509 αὐτούς*
1189 5444 1317 5515 περὶ
1340 5442 1395 5497 δὲ
1425 5442 1524 5513 τῆς
1545 5441 1652 5495 τῶν
1673 5440 1841 5495 ἐθνῶν
1881 5442 2124 5513 κλήσεως
2170 5443 2440 5512 ἐπάγοντα
2461 5442 2541 5507 τὸ,
2589 5443 2680 5496 Ζῶ
2720 5443 2853 5513 ἐγὼ,
2895 5443 2995 5498 καὶ
3056 5441 3123 5511 ζῇ
3187 5441 3255 5496 τὸ
3290 5437 3468 5510 ὄνομά
3526 5450 3651 5504 μου,

437 5528 528 5583 ὅτι
554 5533 1004 5603 πληρωθήσεται
1030 5535 1141 5605 τῆς
1170 5536 1353 5604 δόξης
1381 5555 1500 5607 μου
1527 5536 1695 5591 πᾶσα
1715 5539 1754 5606 ἠ
1781 5536 2006 5607 γῆ.Καὶ
2044 5538 2194 5608 παρὰ
2226 5537 2304 5609 τῷ
2347 5539 2541 5608 Ἡσαΐᾳ
2571 5539 2628 5593 δὲ
2656 5539 2725 5593 τά
2761 5540 3020 5610 σεραφὶμ,
3054 5536 3357 5591 κυκλοῦντα
3412 5533 3499 5586 τὸν
3556 5525 3653 5582 Κύ-

440 5644 554 5698 ριον
586 5626 833 5695 Σαϐαὼθ,
873 5631 1031 5684 ἐϐόα·
1058 5633 1274 5702 Ἀγιος,
1298 5633 1483 5703 ἅγιος,
1507 5634 1673 5705 ἅγιος
1709 5634 1924 5702 Κύριος
1961 5632 2104 5700 Θεὸς
2140 5634 2401 5699 Σαϐαὼθ,
2442 5634 2679 5703 πλήρης
2716 5635 2883 5692 πᾶσα
2914 5637 2953 5704 ἡ
2995 5634 3069 5704 γῆ
3112 5633 3222 5705 τῆς
3258 5632 3436 5701 δόξης
3462 5624 3649 5682 αὐτοῦ’

512 5784 556 5864 ξι
596 5785 700 5841 lsa.
734 5799 788 5851 Υ,
822 5783 949 5851 5,6.
1023 5783 1067 5820 δ’
1108 5786 1274 5842 Exod.
1310 5804 1485 5854 χχχιι,
1528 5788 1610 5844 l6.
1661 5790 1741 5861 ,⁸³
1780 5789 1882 5845 isa.
1920 5806 2001 5857 τι,

2167 5790 2209 5826 ιδ
2246 5787 2391 5845 Psal.
2428 5804 2586 5856 szt,
2634 5789 2717 5852 18.
2749 5790 2834 5846 i9.
