3808 6280
143 415 236 472 Ei"

1231 397 1728 456 COMMENTABIA
1769 397 1830 451 IN
1855 397 2198 452 PSALMOS.

3231 397 3336 450 5H5

143 525 226 593 Οἷς
293 524 586 596 συμφώνως
621 521 712 576 καὶ
777 521 834 573 ἐν
896 519 972 572 οα⁹
1001 518 1200 589 ψαλμῷ
1241 519 1309 572 τὰ
1347 519 1474 588 περὶ
1503 517 1594 570 τοῦ
1636 518 1869 588 Χριστοῦ
1907 517 2090 585 σαφῶς
2151 511 2811 585 διαγορεύοντιρέλεκταιο
2843 512 3180 582 Εὐλογητὸς
3215 515 3329 566 Κύ-

135 643 250 694 ριος
267 625 302 677 ό
327 621 466 686 Θεὸς
493 617 755 686 Ἰσραὴλ,
775 615 872 670 καὶ
895 614 1224 685 εὐλογητὸν
1256 615 1322 668 τὸ
1349 614 1532 682 ὄνομα
1557 612 1660 680 τῆς
1693 612 1875 680 δόξης
1902 611 2105 674 αὐτοῦ,
2163 610 2260 663 καὶ
2321 607 2770 676 πληρωθήσεται
2799 608 2908 676 τῆς
2933 609 3115 678 δόξης
3148 608 3330 662 αὑτοῦ

139 717 289 772 πᾶσα
321 715 362 784 ἠ
405 712 496 782 τῆ.
535 711 693 764 Ταῦτ’
739 706 830 764 οὖν
883 710 975 764 καὶ
1019 711 1051 780 ή
1097 709 1346 780 παροῦσα
1379 709 1679 779 προφητεία
1715 707 2164 780 ἐπισφραγίζεται
2195 706 2456 774 λέγουσα·
2499 703 2791 771 Ὑψώθητι
2827 703 2922 756 ἐπὶ
2976 705 3114 770 τοὺς
3161 707 3332 772 obpa-

136 810 228 863 ς-οοὺ
240 831 290 877 ς,
309 811 342 863 ό
370 807 526 872 Θεὸς,
546 806 640 860 καὶ
660 805 760 858 ἐπὶ
789 805 990 860 πᾶσαν
1019 804 1131 871 τὴν
1158 803 1273 874 γῆν
1301 805 1338 872 ἠ
1362 803 1508 866 δόξα
1537 819 1672 856 σου.
1725 863 1730 868 _

137 926 224 978 ΕΙΣ
269 925 350 978 ΤΟ
387 923 620 983 ΤΕΛΟΣ,
648 923 750 974 ΜΗ
777 921 1170 974 ΔΙΑΦΘΕΙΡΗΣ
1209 921 1293 974 ΤΩ
1323 921 1536 984 ΔΑΥΙΔ,
1571 919 1668 972 ΕΙΣ

1776 915 1827 970 t.
1869 913 1934 967 IN
1975 906 2903 984 numam;prsennpasnntu
2943 906 3174 964 TITULI
3229 910 3328 964 IN-

545 993 630 1044 ΣΤ
635 993 1062 1044 ΗΛΟΓΡΛΦΙΑΝ
1071 1031 1084 1045 .
1125 991 1248 1044 ΝΖ’.

199 1107 262 1159 El
286 1103 515 1172 ἀληθῶς
544 1104 658 1172 ἄρα
673 1103 1062 1170 δικαιοσύνην
1079 1103 1336 1168 λαλεῖτε,
1363 1105 1537 1160 εὐθέα
1557 1105 1679 1172 κρί-

139 1213 270 1260 rats,
287 1196 399 1250 υἱοὶ
427 1195 541 1249 τῶν
567 1195 907 1262 ἀνθρώπων.
935 1197 1028 1258 Εἰς
1051 1195 1110 1248 τὸ
1150 1195 1298 1258 τέλος
1335 1196 1408 1266 μὴ
1436 1196 1677 1266 διαφθεί-

139 1305 258 1360 ρειν,
309 1288 588 1355 φυλάττειν
633 1287 688 1339 δὲ
733 1287 958 1339 ἕκαστον
989 1288 1056 1341 τὰ
1104 1286 1295 1339 ἑαυτοῦ
1340 1287 1488 1358 τέλη,
1521 1287 1612 1339 καὶ
1649 1288 1678 1338 ὁ

141 1378 306 1450 παρὼν
331 1383 583 1450 παραινεί
611 1379 786 1448 λόγος.
824 1379 1022 1448 "Ap/ou)
1054 1379 1128 1442 δὲ,
1163 1379 1190 1431 ὃ
1223 1397 1281 1431 τε
1322 1379 1458 1450 μετὰ
1493 1381 1678 1450 χεῖρας

141 1473 220 1527 καὶ
245 1474 270 1524 ὁ
295 1473 395 1544 πρὸ
427 1473 588 1526 αὐτοῦ
621 1475 718 1546 τὴν
751 1474 870 1544 ἴσην
903 1474 1080 1544 ἔχουσι
1113 1477 1450 1548 προγραφὴν,
1481 1477 1678 1546 ὁμοίως

137 1563 204 1628 τὸ,
225 1566 320 1628 Εἰς
350 1563 414 1614 τὸ
442 1563 632 1629 τέλος,
645 1563 730 1632 μὴ
759 1563 1103 1633 διαφθείρῃς
1131 1563 1208 1630 τῷ
1237 1564 1436 1629 Δαυῖδ,
1469 1566 1562 1617 καὶ
1591 1563 1671 1626 τὺ,

135 1656 208 1720 εἰς
237 1655 696 1720 στηλογραφιίιν,
742 1654 1100 1723 περιέχοντες.
1131 1653 1198 1706 Ὅ
1227 1671 1288 1722 γε
1322 1653 1422 1724 μὴν
1463 1654 1670 1723 χρόνος,

135 1744 175 1794 εξ
199 1743 280 1795 καὶ
311 1742 380 1812 μὴ
407 1743 462 1794 ἐν
487 1743 564 1812 τῷ
587 1744 829 1814 παρόντι,
850 1743 958 1796 ἀλλ’
985 1745 1043 1796 ἐν
1071 1743 1146 1814 τῷ
1176 1745 1278 1816 πρὸ
1308 1737 1492 1798 τούτου
1522 1744 1674 1815 δεδή-

135 1834 274 1885 λωται
311 1833 447 1886 κατὰ
473 1833 570 1904 τὴν
601 1833 912 1905 προσθήκην
1013 1852 1196 1906 φησιν,
1247 1835 1346 1888 Ἐν
1376 1835 1453 1900 τῷ
1491 1835 1674 1888 αὐτὸν

134 1923 567 1992 ἀποδιδράσκειν
597 1927 712 1979 ἀπὸ
744 1925 1063 1993 προσώπου
1101 1927 1298 1980 Σαοὺλ
1325 1930 1410 1994 εἵς
1434 1927 1496 1980 τὸ
1518 1927 1674 1996 σπή-

131 2019 298 2068 λαιον.
331 2015 485 2068 Κατὰ
539 2016 628 2070 τὸν
673 2017 830 2068 αὑτὸν
877 2013 969 2069 οὖν
1014 2018 1260 2086 εἰρῆσθαι
1297 2018 1482 2088 χρόνον
1515 2019 1607 2072 καὶ
1639 2019 1667 2070 ὁ

133 2107 480 2176 προκείμενος,
515 2108 576 2160 οὐ
627 2107 784 2177 μόνον
816 2110 878 2160 ἐκ
903 2109 1008 2160 τῶν
1041 2109 1340 2180 εἰρημένων
1373 2110 1520 2162 δοκεῖ
1561 2127 1670 2179 μοι,

130 2197 244 2250 ἀλλὰ
271 2200 357 2252 καὶ
384 2201 447 2252 ἐκ
469 2199 576 2252 τῶν
606 2199 732 2270 ἑξῆς
763 2201 1188 2270 ἐπιφερομένων.
1239 2200 1450 2271 Ἐπειδὴ
1480 2201 1588 2272 γὰρ
1636 2203 1668 2272 ἡ

2218 979 2699 1036 δειιιΡΤιΟΝιςΜ.
2743 977 2897 1034 LVII.

1849 1097 2014 1152 Vnus.
2057 1096 2113 1158 2,
2161 1097 2212 1150 5.
2264 1093 2325 1149 Si
2355 1111 2467 1148 rere
2519 1095 2694 1164 utique
2729 1092 2996 1161 justitiam
3028 1093 3326 1162 loqumtini,

1779 1198 1920 1242 recta
1958 1187 2217 1258 judicute,
2273 1185 2374 1254 ﬁlii
2441 1185 2726 1237 hominum.
2787 1183 3042 1238 Hortntltr
3095 1201 3332 1253 prnrscns

1778 1294 1958 1334 sermo
1984 1279 2246 1348 singulos,
2279 1283 2336 1328 ut
2371 1291 2438 1328 nc
2469 1275 2522 1327 in
2551 1275 2706 1328 linem
2739 1274 3076 1343 disperdant,
3106 1275 3199 1330 sed
3241 1277 3332 1329 ob-

1776 1379 1953 1425 servet
1976 1371 2206 1439 quiSqlle
2226 1367 2356 1423 ﬁnes
2371 1383 2518 1422 suos.
2539 1366 2632 1418 Am
2645 1367 2939 1436 boqnippe,
2956 1375 3068 1418 tum
3088 1367 3195 1428 hic,
3217 1377 3328 1420 tum

1776 1459 2108 1528 praecedens,
2147 1458 2374 1512 similem
2415 1457 2706 1525 praeferunt
2739 1457 3168 1524 inscriptionem,
3221 1457 3330 1508 sci-

1777 1550 1924 1610 licet,
1959 1549 2024 1602 In
2057 1551 2234 1618 ﬁnem,
2261 1565 2322 1602 ne
2346 1547 2618 1614 disperdas
2653 1546 2838 1612 David,
2881 1557 3064 1616 atque,
3101 1549 3154 1600 in
3184 1547 3328 1600 tituli

1775 1643 2188 1710 inscriptionem.
2244 1640 2480 1709 Tempus
2521 1649 2722 1700 autem,
2778 1643 2878 1694 etsi
2925 1656 3032 1693 non
3082 1641 3136 1692 in
3192 1654 3328 1708 prat-

1777 1737 1938 1798 senti,
1968 1745 2021 1788 at
2051 1735 2103 1788 in
2137 1733 2458 1805 princ-edenti
2484 1733 2812 1795 declaratur,
2846 1721 2974 1785 d'um
3011 1733 3122 1786 huc
3153 1732 3326 1796 addit,

1774 1829 1906 1884 Cum
1937 1829 2136 1900 fugeret
2194 1846 2226 1882 a
2283 1829 2416 1897 facie
2453 1826 2632 1880 Saulis
2659 1827 2712 1879 in
2751 1825 3072 1895 speluncam.
3125 1825 3326 1880 Eodem

1773 1920 1957 1988 itaque
2020 1928 2262 1989 tempore
2325 1916 2732 1986 pronuntiatum
2792 1915 2954 1968 etiam
3007 1923 3326 1982 praesentem

1773 2009 1962 2078 fuisse,
1999 2027 2105 2064 non
2175 2011 2350 2064 solum
2409 2025 2472 2062 ex
2523 2008 2636 2076 jam
2691 2007 2872 2070 dictis,
2931 2021 3114 2060 verum
3159 2006 3322 2058 etiam

1770 2117 1836 2157 ex
1867 2118 1990 2155 mox
2013 2101 2303 2156 alierendis
2333 2102 2550 2169 planum
2579 2099 2708 2152 mihi
2734 2099 2970 2152 videtur.
3012 2097 3150 2162 Quia
3177 2097 3324 2150 enim

1769 2192 1826 2245 in
1856 2191 2180 2261 praecedenti
2213 2192 2351 2244 tituli
2405 2190 2687 2258 inscriptio
2735 2189 2801 2242 de
2862 2189 2984 2241 liliis
3037 2187 3323 2240 hominum

131 2291 218 2360 πρὸ
266 2290 443 2343 τούτου
495 2291 861 2361 στηλογραςρεα
891 2292 1015 2362 περὶ
1041 2291 1148 2344 τῶν
1174 2291 1301 2343 υἱῶν
1323 2291 1428 2343 τῶν
1458 2291 1668 2364 ἀνθρώ-

1772 2285 2002 2346 dicebat,
2049 2281 2178 2336 Filii
2216 2282 2504 2346 hominum,
2551 2280 2730 2334 dentes
2767 2295 2946 2332 eorum
2973 2294 3124 2330 arma
3158 2287 3206 2330 et
3238 2292 3324 2329 sa-

132 2399 225 2433 πων
239 2381 426 2450 ἔλεγεν,
444 2382 560 2435 Υἱοὶ
577 2380 920 2450 ἀνθρώπων,
940 2386 990 2436 οἱ
1010 2382 1250 2448 ὀδόντες
1267 2383 1462 2436 αὐτῶν
1479 2382 1669 2437 ὅπλον

131 2473 208 2524 καὶ
226 2471 369 2540 ,ϐέλη
389 2490 400 2502 ·
429 2473 651 2536 εἰκότως
675 2475 766 2527 καὶ
788 2476 820 2544 ἡ
852 2473 988 2544 μετὰ
1007 2477 1192 2544 χεῖρας
1209 2478 1318 2538 τοῖς
1341 2475 1520 2540 αὐτοῖς
1537 2479 1668 2540 υἱοῖς

131 2563 218 2614 τῶν
241 2563 530 2634 ἀνθρώπων
554 2564 712 2628 εὐθὺς
748 2569 803 2618 ἐν
826 2567 963 2639 ἀρχῆ
983 2570 1289 2637 προσφωνεῖ
1303 2567 1534 2636 λέγουσα
1554 2587 1565 2598 ·
1598 2545 1678 2623 Εί

129 2653 334 2718 άληθῶς
355 2653 468 2721 ἄρα
497 2653 888 2722 δικαιοσύνην
908 2655 1166 2718 λαλεῖτε,
1200 2657 1376 2710 εὐθέα
1417 2659 1666 2726 κρίνετε,

130 2746 172 2794 οἱ
195 2744 294 2796 υἱοὶ
322 2745 434 2798 τῶν
467 2746 806 2814 ἀνθρώπων.
835 2747 940 2798 Καὶ
988 2747 1279 2819 ἐπειδήπερ
1326 2751 1381 2801 ἐν
1438 2749 1514 2820 τῷ
1561 2749 1667 2820 πρὸ

129 2834 288 2886 τούτου
307 2835 540 2904 ἐλέγετο·
560 2838 874 2904 Ὲρῤὐσατο
903 2837 1014 2904 τὴν
1030 2839 1116 2904 ψυ
1121 2838 1197 2907 χή
1207 2855 1240 2890 ν
1249 2857 1365 2908 μου
1386 2840 1453 2894 ἐκ
1473 2838 1666 2908 μέσου

129 2927 394 2995 σκύμνων,
423 2928 482 2998 ἢ,
504 2929 572 2982 ἐκ
592 2929 784 2997 μέσου
811 2931 1090 2992 λεόντων,
1122 2933 1262 2984 κατὰ
1280 2933 1402 2996 τοὶς
1428 2933 1666 2999 λοιποὺς,

129 3021 320 3084 εὲκότως
352 3024 406 3073 ἐν
435 3021 513 3092 τῷ
548 3021 681 3090 μετὰ
713 3024 901 3092 χεῖρας
945 3023 1278 3096 ἐπιφέρεται,
1329 3027 1437 3090 Τὰς
1466 3026 1666 3094 μύλας

127 3109 228 3164 τῶν
254 3113 510 3165 λεόντων
543 3111 893 3168 συνέθλασε
923 3116 1155 3182 Κύριος.
1191 3117 1336 3168 Ἔδει
1377 3117 1484 3188 γὰρ
1518 3118 1664 3187 ἡμᾶς

131 3202 293 3270 μαθεῖν
318 3205 461 3267 ὅπως
491 3204 624 3276 ἐρρύ
637 3222 762 3257 σατο
786 3205 881 3276 τὴν
908 3207 1080 3278 ψυχὴν
1113 3205 1204 3258 τοῦ
1231 3205 1392 3260 Δαυῖδ
1416 3209 1479 3258 ἐκ
1500 3207 1662 3277 μέσου

129 3294 370 3364 σκύμνων.
397 3296 506 3348 Καὶ
535 3296 692 3350 πάλιν
715 3298 840 3368 περὶ
863 3297 969 3350 τῶν
1000 3297 1224 3352 ὀδόντων
1254 3297 1359 3351 τῶν
1390 3299 1663 3352 ἐνδιαϐαλ-

127 3383 294 3438 λῷντων
325 3387 481 3441 αὐτὸν
508 3391 568 3440 ἐν
594 3389 689 3458 μὲν
720 3389 792 3457 τῷ
818 3389 922 3460 πρὸ
952 3389 1159 3454 τούτου,
1185 3392 1300 3442 Υἱοὶ
1320 3391 1661 3458 ἀνθρώπων,

128 3477 170 3528 ci
195 3474 416 3543 ὀδόντες
464 3477 665 3532 αὐτῶν
692 3477 885 3530 ὅπλον
929 3479 1022 3532 καὶ
1047 3479 1227 3548 βέλη,
1259 3481 1491 3550 ἐλέγετο,
1524 3485 1580 3536 ἐν
1607 3481 1664 3534 δὲ

217 3570 344 3640 μετὰ
371 3573 562 3644 χεῖρας
586 3588 598 3602 ·
643 3571 694 3622 Ὀ
730 3570 871 3636 Θεὸς
891 3573 1207 3638 συντρίψει
1243 3572 1383 3639 τοὺς
1416 3573 1662 3638 ὀδόντας

127 3658 294 3712 αὐτῶν
327 3661 394 3713 ἐν
421 3661 505 3727 τῷ
537 3661 784 3730 στόματι
815 3659 1029 3714 αὐτῶν.
1063 3663 1177 3731 Ἀφ’
1218 3656 1292 3716 ὦν
1328 3662 1598 3716 δείκνυται
1631 3665 1664 3734 ἠ

127 3751 174 3804 ἐν
211 3751 534 3824 ἀμφοτέραις
590 3756 709 3816 ταῖς
749 3753 1170 3826 στηλογραφὶαις
1220 3755 1525 3824 συμφωνία.
1557 3755 1666 3808 Καὶ

126 3843 274 3910 ἄλλως
301 3845 340 3899 δ’
371 3843 462 3902 οὖν
496 3865 583 3910 τις
629 3847 790 3914 εἴποι,
841 3850 1025 3920 ἐπειδὴ
1068 3853 1101 3922 ἡ
1144 3849 1247 3922 πρὸ
1277 3849 1464 3903 τούτου
1518 3867 1668 3921 περι-

127 3937 224 4006 ἐχει
247 3941 338 4011 τὴν
359 3940 552 4012 κλῆσιν
574 3940 678 3993 τῶν
711 3940 897 4007 ἐθνῶν,
924 3933 1145 4003 εἰκότως
1171 3944 1236 4011 τῇ
1265 3940 1486 4013 τοιαύτῃ
1537 3957 1670 4012 προ-

127 4030 296 4102 φητείᾳ
341 4035 374 4103 ὴ
417 4031 672 4104 παροῦσα
720 4031 1092 4103 στηλογραφία
1150 4032 1437 4100 συνῆπται,
1481 4033 1666 4100 διαγο-

129 4121 330 4188 ρεύουσα
356 4129 466 4189 τοῖς
503 4125 640 4186 υἱοῖς
668 4123 774 4176 τῶν
817 4123 1116 4195 ἀνθρώπιον
1147 4123 1238 4176 τὸν
1269 4123 1396 4194 περὶ
1441 4123 1540 4194 τῆς
1587 4123 1668 4175 δι-

129 4215 438 4284 καιοκρισίας
471 4213 568 4268 τοῦ
597 4213 730 4266 Θεοῦ
765 4213 937 4282 λόγον,
975 4213 1386 4286 διαστελλομένη
1435 4230 1494 4266 τε
1537 4215 1670 4270 πᾶσι

127 4307 224 4382 τοῖς.
240 4306 374 4370 λαοῖς
400 4309 496 4360 σὺν
523 4305 748 4376 ἀληθινῇ
786 4305 1096 4376 προαιρέσει
1119 4306 1212 4358 καὶ
1240 4305 1538 4375 συνειδήσει
1562 4309 1670 4357 ’κα-

129 4395 244 4468 θαρᾷ
285 4401 347 4470 τῇ
385 4398 478 4451 τοῦ
533 4397 690 4465 λόγου
743 4396 1020 4468 προσιέναι
1065 4395 1398 4467 διδασκαλίᾳ,
1442 4397 1535 4449 καὶ
1593 4395 1666 4465 μὴ

129 4489 596 4562 καθυποκρενεσθαι
633 4489 729 4559 τὴν
778 4488 1106 4542 θεοσέϐειαν.
1151 4488 1240 4540 Διὸ
1279 4487 1412 4558 πρὸς
1463 4486 1670 4549 πάντας

127 4583 230 4646 τοὺς
255 4584 509 4657 ἀνωτέρω
539 4583 698 4646 λαοὺς
730 4583 1147 4652 ὠνομασμένους
1183 4581 1276 4632 καὶ
1306 4580 1441 4650 πρὸς
1495 4579 1670 4633 πάντα

127 4672 180 4725 τὰ
213 4673 347 4747 ἔθνη,
405 4677 538 4748 περὶ
587 4669 660 4728 ὧν
711 4675 944 4744 ἐλέγετο,
993 4672 1540 4742 Ἐξομολογήσομαί
1572 4687 1670 4723 σοι

125 4764 182 4817 ἐν
218 4769 398 4835 λαοῖς,
431 4770 634 4835 Κύριε,
665 4767 840 4834 ψαλῶ
883 4782 982 4820 σοι
1009 4767 1078 4818 ἐν
1108 4765 1326 4827 ἔθνεσι,
1367 4762 1464 4834 τὴν
1507 4778 1672 4832 προσ-

129 4858 338 4931 φώνησιν
376 4859 702 4930 ποιούμενος
726 4856 970 4927 ὁσπαρὼν
1020 4856 1176 4924 λόγος
1241 4852 1668 4926 διαμαρτύρεται

1767 2377 1912 2445 gittte
1931 2375 2008 2440 ⁴⁸;
2045 2375 2158 2428 haec
2201 2375 2326 2429 item
2361 2373 2498 2425 tituli
2539 2372 2822 2440 inscriptio
2855 2373 3035 2424 statim
3069 2371 3136 2423 ab
3164 2384 3326 2423 exor-

1767 2467 1856 2521 dio
1903 2466 2122 2522 eosdem
2166 2465 2303 2518 ﬁlios
2344 2464 2624 2518 hominum
2667 2463 2953 2531 compellat
3005 2461 3229 2515 dicens:
3262 2459 3322 2513 Si

1765 2577 1878 2614 vt-re
1905 2561 2080 2629 utique
2118 2557 2377 2622 iustitiam
2411 2556 2702 2626 loquimini,
2758 2567 2898 2608 recta
2924 2554 3186 2622 judicale,
3225 2551 3328 2620 ﬁlii

1765 2653 2054 2706 hominum.
2099 2650 2163 2703 Et
2212 2651 2467 2719 quoniam
2526 2649 2579 2702 in
2629 2647 2950 2718 praecedenti
3006 2647 3322 2708 dicebatur,

1767 2745 1976 2813 Eripuit
2033 2745 2261 2796 animum
2321 2759 2491 2795 meam
2541 2741 2603 2794 de
2650 2741 2818 2792 medio
2877 2739 3172 2792 catulorum
3217 2739 3324 2791 leo-

1767 2850 1888 2887 num
1927 2833 1994 2896 “,
2056 2833 2203 2901 sive},
2255 2830 2318 2883 de
2363 2829 2533 2883 medio
2571 2828 2808 2888 leonum,
2872 2829 3168 2881 secundum
3231 2843 3318 2882 re-

1765 2925 1964 2994 liquos,
2006 2932 2398 2990 consequenter
2441 2921 2495 2973 in
2553 2917 2802 2988 praesenti
2849 2917 3100 2978 infertur,
3147 2915 3324 2970 Malas

1768 3016 1972 3070 leonum
2001 3015 2252 3084 confregit
2281 3013 2548 3066 Dominus.
2608 3008 2858 3078 Oportuit
2887 3009 3028 3064 enim
3077 3009 3322 3062 ediscere

1766 3125 1888 3174 nos,
1920 3124 2029 3178 quo
2077 3117 2235 3178 pacto
2268 3105 2526 3174 eripuerit
2556 3104 2786 3156 animam
2813 3100 3028 3154 Davidis
3055 3100 3120 3154 de
3147 3100 3325 3155 medio

1771 3201 2079 3254 catulorum
2115 3199 2348 3250 leonum.
2401 3194 2474 3246 Ac
2518 3207 2732 3245 rursum
2769 3191 2836 3244 de
2873 3191 3324 3244 calumniatorum

1789 3306 2012 3346 suorum
2047 3288 2298 3342 dentibus
2333 3286 2386 3338 in
2410 3283 2732 3353 praecedenti
2771 3282 2968 3344 aiebat,
3004 3279 3132 3332 Filii
3157 3279 3324 3332 homi-

1767 3397 1912 3444 num,
1960 3377 2134 3432 dentes
2171 3391 2346 3430 eorum
2384 3373 2543 3428 telum
2595 3380 2643 3425 et
2684 3373 2924 3441 saginat;
2971 3370 3023 3424 in
3067 3370 3324 3440 praesenti

1767 3485 1918 3535 vero,
1957 3469 2094 3523 Deus
2132 3477 2358 3522 conteret
2385 3465 2561 3518 dentes
2602 3479 2781 3516 eorum
2835 3464 2888 3516 in
2934 3479 3021 3515 ore
3067 3463 3319 3530 ipsorum.

1769 3561 1977 3627 Quibus
2031 3560 2312 3614 ambarum
2365 3557 2502 3611 tituli
2559 3555 2976 3624 inscriptionum
3021 3569 3326 3608 consensus

1769 3657 1929 3726 plane
1977 3651 2381 3722 comprobatur.
2447 3648 2513 3704 Et
2561 3649 2664 3701 alia
2710 3663 2925 3716 quoque
2981 3648 3189 3700 ratione
3243 3646 3329 3700 di-

1769 3747 1908 3800 xerit
1960 3745 2252 3813 quispiam,
2289 3739 2414 3809 quia
2457 3737 2768 3807 prtecedens
2799 3737 3040 3806 gentium
3093 3736 3328 3788 vocatio-

1767 3851 1892 3891 nem
1929 3835 2336 3903 complectitur,
2359 3831 2482 3899 jure
2511 3826 2824 3895 hujusmodi
2864 3825 3154 3895 prophetia:
3185 3839 3322 3894 prte-

1770 3932 1976 3980 sentem
1999 3922 2142 3975 tituli
2185 3917 2598 3987 inscriptionem
2633 3914 2944 3984 adjunctam
2977 3911 3167 3974 fuisse,
3203 3925 3326 3979 qua:

1769 4015 1892 4068 ﬁliis
1924 4012 2201 4066 hominum
2226 4008 2358 4077 justi
2398 4005 2588 4075 judicii
2631 4003 2724 4058 Dei
2766 4003 3032 4056 rationem
3079 4007 3320 4062 enarret,

1770 4107 2131 4173 omnibusque
2175 4099 2393 4174 populis
2424 4097 2724 4168 pratcipiat,
2773 4102 2832 4149 ut
2878 4095 3086 4148 sincera
3129 4093 3326 4146 volun-

1771 4208 1880 4254 tate
1905 4207 1956 4252 et
1993 4211 2129 4266 pura
2176 4191 2514 4246 conscientia
2545 4189 2610 4242 ad
2651 4188 2802 4242 verbi
2833 4186 3138 4240 doctrinam
3167 4198 3328 4238 acce-

1769 4293 1920 4356 dant,
1943 4303 2119 4358 neque
2149 4288 2404 4358 pietatem
2449 4296 2574 4351 erga
2605 4279 2772 4334 Deum
2824 4277 3098 4332 simulent.
3147 4274 3330 4340 Quare

1769 4399 1958 4439 omnes
2012 4394 2176 4448 supra
2225 4382 2553 4430 memoratos
2612 4371 2862 4440 populos,
2928 4369 3328 4433 universasque

1769 4482 1958 4547 gentes
1981 4471 2048 4526 de
2078 4469 2277 4540 quibus
2307 4466 2608 4528 dicebatur,
2639 4460 2939 4530 Conﬁtebor
2967 4459 3059 4511 tibi
3088 4459 3140 4510 in
3173 4469 3329 4524 popu-

1773 4571 1858 4632 lis,
1891 4565 2135 4626 Domine,
2167 4560 2394 4630 psallam
2422 4557 2514 4609 tibi
2545 4557 2599 4608 in
2623 4555 2859 4625 gentibus
2877 4552 2944 4616 ⁸⁷,
2996 4547 3328 4616 compellans

1771 4673 1950 4716 sermo
1977 4670 2238 4727 praisens,
2271 4651 2578 4704 obtestatur
2627 4647 2853 4699 dicens:
2909 4640 2968 4694 Si
3005 4653 3116 4691 vere
3147 4635 3328 4702 utique

1765 4750 2033 4822 justitiam
2081 4744 2371 4815 loquimini,
2407 4750 2548 4794 recta
2585 4737 2847 4808 judicate,
2901 4731 3001 4800 ﬁlii
3034 4726 3321 4780 hominum.

1771 4815 1904 4900 Nam
1941 4843 1984 4898 si
2022 4855 2145 4894 vere
2171 4837 2436 4908 justitiam
2465 4833 2587 4903 quis
2609 4831 2943 4900 proliteatur,
2973 4837 3077 4874 non
3109 4815 3328 4872 aliunde

129 4909 274 5018 λέγων
292 4969 303 4981 ·
328 4954 395 5004 Ei
417 4909 660 5018 duini)th
679 4909 792 5016 Zipa
812 4909 1201 5014 deitatocdi‘niw
1221 4909 1478 5005 λαλεῖτε,
1497 4909 1668 4996 εὐθέα

1774 4932 2235 5005 comprobabitur,
2290 4943 2449 4998 quam
2502 4941 2568 4978 ex
2605 4937 2670 4976 eo
2703 4917 2846 4990 quod
2895 4922 3042 4968 recta
3098 4909 3325 4982 judicet.

2224 5023 2232 5024 κ
2454 5018 2464 5024 .
2625 5013 2638 5024 .
2757 5012 2768 5024 .
2831 5010 2864 5024 ..
3046 5018 3103 5024 η
3145 5003 3299 5024 ,ΔΑ-Α

127 5044 348 5110 κρίνετε,
389 5043 510 5098 υἱοὶ
549 5041 665 5094 τῶν
703 5039 1043 5108 ἀνθρώπων.
1084 5041 1144 5092 Εἰ
1191 5039 1296 5108 γὰρ
1341 5035 1556 5106 ἀληθῶς
1584 5053 1668 5098 τις

127 5134 440 5209 δικαιοσύνην
474 5133 880 5202 ἐπαγγέλλοιτο,
927 5133 1034 5185 οὐδ’
1061 5131 1278 5184 ἄλλοθεν
1309 5128 1666 5199 δειχθήσεται,

129 5228 155 5296 ἥ
187 5230 283 5282 ἀπὸ
335 5229 426 5282 τοῦ
473 5228 680 5298 κρίνειν
716 5225 895 5278 εὐθέα.
931 5223 1117 5293 Κρένει
1150 5221 1204 5274 δὲ
1229 5220 1386 5272 εὐθέα
1416 5221 1444 5272 ὁ
1479 5219 1667 5289 κρίνας

131 5323 238 5390 παρ’
273 5321 443 5390 ἐαυτῷ
468 5321 565 5389 τὴν
596 5317 736 5371 κατὰ
762 5317 851 5368 τὸν
885 5315 1039 5386 ὀρθὸν
1071 5313 1244 5380 λόγον,
1280 5312 1372 5364 καὶ
1395 5309 1526 5382 μηδὲ
1554 5327 1670 5362 σκο-

127 5408 222 5464 λιδν
274 5413 406 5483 μηδέ
459 5410 776 5479 διάστροφον
818 5406 1093 5477 πράττειν.
1128 5400 1240 5455 Εἴθ’
1293 5401 1366 5464 ὡς
1399 5399 1505 5454 τῶν
1537 5399 1666 5452 υἱῶν

129 5501 220 5554 τῶν
258 5503 556 5576 ἀνθρώπων
583 5499 717 5572 ὀρθὰ
743 5498 839 5570 μὲν
859 5495 1158 5550 λαλούντων
1187 5497 1295 5557 τοῖς
1329 5492 1550 5563 χείλεσι,
1579 5491 1670 5544 καὶ

129 5595 194 5664 τῷ
225 5597 440 5667 στόματι
468 5593 808 5664 δικαιοσύνην
840 5589 1338 5661 ἐπαγγελλομένων,
1374 5585 1666 5656 ἐλεγχομέο

129 5708 220 5745 νων
267 5693 320 5746 δὲ
371 5692 480 5747 ἀπὸ
509 5691 614 5744 τῶν
637 5689 832 5760 ἔργων,
863 5687 944 5740 ὅτι
977 5681 1236 5737 τάναντία
1260 5677 1401 5732 κατὰ
1433 5675 1668 5732 διάνοιαν

1000 5839 1042 5871 ⁸⁷
1083 5836 1214 5894 ibid.
1257 5836 1341 5890 ιο.

182 5847 224 5879 ⁸⁸
259 5847 396 5904 Psal.
431 5864 549 5916 ut,
579 5847 634 5903 3.
710 5843 923 5914 “ibid.

1775 5003 1941 5084 Recta
1968 5041 2097 5080 vero
2120 5023 2350 5093 judicat,
2376 5018 2468 5089 qui
2503 5013 2641 5084 apud
2671 5029 2728 5068 se
2751 5007 3016 5081 judicavit
3043 5018 3107 5057 ac
3140 5003 3329 5056 decre-

1774 5122 1869 5184 vit,
1898 5119 2168 5189 justitiam
2215 5130 2280 5168 ex
2313 5119 2460 5165 recta
2491 5107 2723 5167 ratione,
2767 5116 2868 5156 nec
2898 5096 3176 5168 quidpiam
3205 5100 3320 5144 tor-

1773 5222 1993 5268 tuosum
2028 5218 2122 5263 aut
2168 5219 2482 5276 perversum
2538 5199 2719 5253 edere.
2777 5190 2982 5247 Deinde
3011 5203 3160 5248 vero,
3201 5199 3327 5238 cum

1773 5305 1867 5360 ﬁlii
1900 5303 2180 5357 hominum
2215 5297 2373 5350 labiis
2415 5290 2632 5360 quidem
2673 5293 2821 5340 recta
2859 5284 3237 5351 loquerentur,
3273 5282 3328 5328 et

1773 5413 1866 5452 ore
1894 5395 2157 5464 justitiam
2193 5389 2593 5458 proﬁterentur,
2630 5379 2723 5435 sed
2757 5376 2891 5447 ipsis
2933 5371 3189 5443 operibus
3234 5369 3330 5422 de-

1776 5486 2240 5560 prehenderentur
2281 5479 2506 5534 adversa
2545 5474 2806 5544 cogitare,
2852 5467 3134 5536 subiungit
3173 5482 3188 5517 :
3225 5459 3327 5560 ξι.

1775 5551 1911 5635 enim
1938 5580 1990 5630 in
2031 5571 2185 5627 corde
2223 5567 2524 5638 iniquitates
2551 5560 2840 5632 operamini
2870 5561 2924 5611 in
2956 5567 3128 5610 terra:
3173 5551 3332 5616 cujus

1773 5669 1884 5734 rei,
1913 5665 2123 5740 inquit,
2153 5663 2530 5734 argumentum
2562 5663 2686 5710 sunt
2719 5665 2882 5721 Opera
2933 5653 3136 5709 vestra,
3177 5640 3330 5710 lnju—
