3808 6280
451 389 559 448 519

1107 369 1377 430 EUSEBII
1413 361 1894 425 CESABIENSIS
1930 359 2080 418 OPP.
2113 357 2298 415 PARS
2333 355 2425 413 lll.
2467 387 2536 400 —-
2573 351 2980 412 EXEGETICA.
3572 357 3658 414 διο
3723 322 3728 330 ’

454 510 659 565 εῑὶῑὶαηι
694 515 881 556 manus
915 505 1097 552 vestra:
1143 491 1477 560 complicant.
1527 485 1696 541 Recta
1749 498 1881 554 ergo
1919 482 2011 552 ju-

2127 477 2432 546 ιογίζονται,
2462 475 2728 544 ἐπιλέγειν
2761 474 2870 529 Καὶ
2914 473 3024 544 γὰρ
3067 470 3135 527 ἐν
3173 468 3388 540 καρδίᾳ
3439 469 3660 540 ἀνομίας

451 600 664 660 dicate,
701 591 797 646 ﬁlii
827 587 1136 647 hominum,
1183 590 1236 637 et
1279 579 1559 634 vobiscum
1591 582 1860 646 reputate,
1887 586 2018 626 num

2127 567 2422 641 ἐργάζεσθε
2459 568 2529 622 ἐν
2564 567 2640 637 τῇ
2689 566 2765 639 γῇ
2783 585 2797 598 ·
2824 566 3014 620 τούτου
3041 564 3119 630 δέ,
3152 565 3337 634 φησὶν,
3381 561 3589 632 ἐλεγχος
3615 566 3660 618 αἱ

451 703 735 747 sermones
782 683 949 739 vestri
993 695 1116 734 cum
1165 675 1422 747 operibus
1469 674 1794 723 consonent.
1870 662 2010 717 Nam

450 787 497 840 si
529 779 799 851 justitiam
835 773 1143 844 loquimini,
1179 784 1280 822 cur
1318 781 1513 822 manus
1553 769 1751 818 vestrae
1795 755 2016 827 injusti-

450 847 582 929 tiain
613 867 980 938 complicant?
1030 863 1106 916 Ex
1152 875 1260 931 quo
1289 873 1420 914 sane
1441 856 1619 926 palam
1665 862 1749 908 est
1779 865 1879 904 vos
1913 847 2018 902 ini-

449 969 688 1039 quitates
731 963 785 1014 in
837 957 1003 1013 corde
1054 954 1313 1024 cogitare,
1344 956 1397 1004 et
1435 947 1539 1000 alia
1569 941 1789 1015 quidem
1834 947 2016 993 mente

451 1057 659 1124 tenere,
703 1057 807 1111 alia
846 1069 941 1108 ore
971 1047 1240 1121 proloqui.
1302 1043 1363 1098 Si
1412 1055 1542 1108 ergo
1592 1052 1705 1090 vere
1739 1032 2014 1102 justitiam

453 1121 746 1226 loquimini.
780 1150 913 1204 heus
939 1145 1066 1200 vos!
1113 1149 1255 1196 recta
1278 1136 1537 1206 judicate,
1591 1136 1645 1184 et
1688 1142 1809 1196 quae
1842 1121 2016 1192 loqui-

452 1250 586 1305 mini
617 1246 876 1318 peragite,
920 1252 1095 1307 neque
1142 1235 1198 1288 in
1253 1231 1416 1286 corde
1461 1226 1775 1295 iniquitates
1830 1229 2020 1287 opere-

453 1307 634 1404 mini,-
678 1307 778 1392 nec
840 1345 1036 1387 manus
1064 1331 1257 1381 vestra:
1314 1317 1634 1390 injustitiam
1668 1307 2014 1378 complicent.

2114 661 2376 733 ὑμέτεραι
2429 659 2681 733 πράξεις·
2732 658 2996 713 Ἀδικίαν
3027 659 3084 711 at
3115 655 3310 724 χεῖρες
3334 651 3499 722 ὑμῶν
3533 666 3663 722 συμ-

2120 753 2432 804 πλέκουσι.
2479 749 2712 818 Κρίνατε
2756 743 2848 801 οὖν
2871 745 3050 810 εὐθέα,
3082 744 3188 798 υἱοὶ
3217 743 3325 795 τῶν
3369 740 3663 811 ἀνθρώπων,

2125 845 2220 898 καὶ
2264 841 2548 912 λογίσασθε
2584 841 2709 910 παρ’
2734 841 2964 902 ἐαυτοῖς,
3004 839 3052 890 εί
3075 839 3185 900 τοῖς
3213 833 3497 904 ὑμετέροις
3514 831 3678 900 λόγοιςί

2125 935 2408 1006 συμφωνεῖ
2450 933 2517 985 τὰ
2561 931 2714 1002 ἔργα.
2745 931 2807 982 Εἰ
2837 929 2944 1001 γὰρ
2971 925 3309 994 δικαιοσύνην
3330 922 3552 986 λαλεῖτε,
3570 921 3663 986 πῶς

2122 1026 2179 1081 αἱ
2211 1027 2385 1096 χεῖρες
2435 1021 2585 1093 ὑμῶν
2621 1020 2831 1075 ἀδικίαν
2874 1018 3306 1090 συμπλέκουσιν;
3337 1016 3452 1084 Ἀφ’
3483 1007 3540 1069 οὗ
3574 1013 3663 1066 δεί-

2124 1116 2323 1170 κνυσθε
2347 1114 2574 1185 ἀνομίας
2607 1115 2662 1165 ἐν
2692 1114 2756 1182 τῇ
2790 1110 2986 1182 καρδίᾳ.
3013 1108 3366 1178 λογιζόμενοι,
3405 1105 3498 1158 καί
3526 1103 3665 1174 ἐτερα

2134 1208 2234 1268 μὲν
2265 1204 2650 1276 διανοούμενοι,
2682 1203 2844 1273 ἕτερα
2888 1200 2943 1252 δὲ
2989 1198 3065 1269 τῷ
3117 1199 3342 1268 στόματι
3389 1192 3664 1256 λαλοῦντες.

2125 1302 2194 1352 El
2227 1297 2303 1367 δὴ
2337 1292 2428 1351 οὖν
2454 1295 2691 1363 ἀληθῶς
2719 1293 3108 1358 δικαιοσύνην
3147 1288 3419 1352 λαλεῖτε,
3457 1288 3666 1354 κρίνατε

452 1375 778 1492 Iazuges-sl;
833 1375 1405 1484 ἐξ¹”ᾆξτόι,”ξιᾷἷδιπεξ
1447 1409 1678 1468 λαλεῖτε,
1713 1375 1886 1456 ταθτα
1929 1395 2023 1448 καὶ
2060 1395 2350 1464 πράττετε,
2397 1388 2530 1462 μηδὲ
2568 1390 2625 1440 ἐν
2675 1385 2871 1458 καρδίᾳ
2902 1384 3126 1455 ἀνομίας
3179 1378 3497 1453 ἐργάζεσθε,
3558 1375 3666 1447 μηδὲ

449 1530 509 1582 αἱ
549 1530 728 1598 χεῖρες
759 1520 913 1593 ὑμῶν
947 1514 1172 1584 ἀνομίαν
1211 1504 1691 1580 συμπλεκέτωσαν.

520 1593 687 1675 viss.
711 1618 745 1672 4
776 1615 828 1670 6.
863 1610 1094 1667 Alienati
1128 1615 1247 1660 sunt
1277 1609 1571 1672 peccatores
1607 1614 1639 1649 a
1674 1593 1846 1652 vulva,
1873 1602 2023 1644 erra-

450 1723 634 1772 verunt
665 1714 728 1766 ab
753 1719 922 1772 utero,
948 1702 1111 1759 locuti
1146 1706 1269 1755 sunt
1301 1696 1464 1766 falsa.
1511 1691 1635 1746 Haec
1657 1699 1872 1758 quoque
1896 1681 2020 1735 (iliis

448 1807 732 1863 hominum
757 1800 1012 1871 applicat,
1043 1793 1137 1865 qui
1179 1806 1238 1847 se
1289 1789 1455 1842 Deum
1481 1785 1681 1848 colere,
1716 1786 1769 1835 et
1793 1773 2021 1848 iustitiae
2052 1854 2094 1871 ﬁ
2119 1760 2230 1813 Καὶ

449 1901 598 1971 leges
619 1897 768 1950 adire
793 1854 1142 1964 proﬁtentur,
1173 1897 1352 1953 neque
1371 1890 1550 1934 tamen
1574 1880 1723 1930 recte
1745 1870 2014 1942 iudicant.
2051 1854 2094 1914 Β

448 1959 556 2048 Eos
587 1991 751 2062 igitur
797 1959 889 2042 sic
930 1980 1218 2052 compellat
1253 1997 1266 2032 :
1301 1974 1447 2029 Heus
1493 1971 1624 2025 vos!
1686 1964 1889 2024 audite,
1923 1959 2018 2030 qui

444 2085 715 2155 justitiam
740 2097 834 2136 ore
863 2089 1024 2135 tenus
1076 2068 1383 2143 loquimini,
1412 2064 1665 2119 manibus
1697 2071 1828 2113 vero
1877 2051 2021 2120 inju-

447 2180 655 2236 stitiam
679 2171 1005 2246 operamini,
1068 2167 1348 2233 multaque
1398 2158 1563 2214 simul
1611 2160 1830 2225 peccata
1869 2161 2021 2203 com-

448 2274 667 2347 plicatis
687 2238 920 2340 ;inagno
940 2264 1110 2338 judici
1133 2264 1264 2316 latet
1293 2255 1428 2312 nihil
1452 2265 1642 2308 eorum
1677 2260 1796 2347 quae
1818 2238 2019 2347 singuli

447 2330 506 2418 in
524 2369 705 2418 mente
733 2363 974 2415 versant.
1008 2351 1235 2407 Etiamsi
1287 2345 1431 2401 enim
1478 2342 1601 2413 quis
1646 2337 1819 2393 oculis
1851 2330 2022 2387 homi-

449 2467 583 2507 num
639 2451 807 2504 latere
859 2445 1146 2510 videatur;
1197 2447 1251 2495 at
1306 2438 1445 2494 sciat
1499 2430 1724 2488 immani
1752 2443 1810 2484 se
1836 2437 2022 2480 errore

452 2543 580 2599 duci
598 2555 824 2611 seseque
875 2537 1145 2606 decipere.
1177 2531 1364 2603 Neque
1384 2528 1529 2584 enim
1560 2536 1756 2593 magno
1808 2517 2024 2574 univer-

449 2649 636 2691 sorum
660 2631 834 2703 judici
869 2630 1118 2686 occultus
1141 2627 1266 2690 erit,
1298 2623 1366 2679 ad
1386 2621 1544 2691 cujus
1565 2614 1803 2672 tribunal
1831 2625 2022 2668 omnes

447 2728 732 2786 sistemur.
758 2721 1042 2791 Quomodo
1072 2727 1251 2773 autem
1280 2715 1390 2770 Deo
1419 2714 1590 2767 latere
1627 2707 1861 2780 possint,
1894 2716 2021 2758 cum

449 2822 770 2892 priusquam
795 2817 849 2870 in
896 2815 1072 2869 lucem
1102 2809 1402 2882 prodirent,
1431 2805 1504 2869 ei,
1539 2801 1632 2874 qui
1661 2798 1844 2856 omnia
1870 2795 2024 2852 novit

450 2923 742 2984 antequam
786 2911 944 2973 (lant,
1004 2907 1207 2979 cogniti
1251 2899 1477 2960 essent?
1530 2897 1711 2964 Quare
1731 2901 2022 2962 antequam

449 3009 660 3070 tierent,
689 3019 805 3068 eos,
839 3001 994 3073 quasi
1015 3000 1126 3070 jam
1158 2996 1502 3055 exsisterent,
1527 2990 1660 3045 tales
1686 2984 1801 3041 fore
1833 2982 2024 3054 quales

444 3101 556 3172 jam
574 3105 702 3153 sunt
729 3092 1126 3166 prospiciebat;
1158 3088 1354 3144 exinde
1390 3082 1646 3150 verojam
1676 3077 1819 3150 apud
1843 3077 2022 3147 ipsum

449 3188 723 3261 reprobati
774 3192 952 3242 erant.
997 3181 1228 3236 Alienati
1283 3185 1405 3232 sunt
1450 3175 1615 3245 igitur
1657 3177 1952 3240 peccatores
1991 3181 2024 3218 a

448 3259 620 3333 nativa.
653 3278 732 3330 Ac
747 3272 964 3330 etiamsi
995 3271 1156 3325 hodie
1177 3267 1450 3339 justitiam
1503 3262 1758 3317 simulate
1790 3259 2023 3328 loquan-

451 3381 562 3434 tur,
596 3368 852 3438 operibus
894 3362 1170 3419 contraria
1217 3357 1626 3430 aggredientes;
1661 3361 1717 3406 at
1763 3366 1873 3406 non
1909 3349 2022 3418 jam

450 3465 696 3536 prinum
721 3461 865 3530 apud
890 3458 1055 3513 Deum
1085 3455 1225 3510 tales
1258 3468 1381 3508 esse
1406 3450 1694 3505 videntur:
1719 3445 1813 3502 sed
1844 3444 2024 3514 prius-

450 3571 614 3624 quam
675 3570 741 3610 cx
790 3561 948 3608 utero
1006 3551 1320 3621 prodirent;
1355 3547 1489 3616 quin
1523 3551 1578 3598 et
1621 3548 1910 3610 antequam
1966 3535 2022 3590 in

449 3650 624 3704 vulvae
653 3646 998 3718 receptaculo
1019 3643 1442 3713 conciperentur
1459 3681 1472 3703 ,
1499 3653 1562 3692 ex
1586 3649 1814 3690 numero
1835 3648 2026 3688 erran-

448 3744 586 3796 tium
613 3743 766 3796 abeo
815 3739 1230 3808 reputabantur,
1265 3742 1318 3789 et
1345 3732 1493 3803 quod
1533 3732 1669 3786 tales
1720 3727 1890 3782 futuri
1938 3743 2025 3783 es-

450 3839 575 3888 sent
627 3848 736 3888 non
778 3831 1060 3901 ignorabat
1114 3828 1248 3897 ipse.
1294 3822 1400 3878 Sed
1436 3823 1504 3876 ab
1547 3837 1610 3876 eo
1641 3821 1753 3890 jam
1784 3827 2026 3888 tempore

452 3932 679 3979 noverat
699 3940 794 3978 eos
818 3924 953 3977 falsa
973 3923 1276 3981 locuturos,
1316 3925 1370 3971 et
1410 3915 1649 3970 furorem
1681 3915 1814 3983 ipsis
1843 3927 2027 3965 secun-

451 4017 578 4070 dum
601 4015 996 4070 similitudinem
1013 4013 1263 4081 serpentis
1290 4011 1424 4064 fore.
1454 4007 1635 4078 Θυμὸν
1649 4014 1827 4061 autem
1854 4003 2027 4060 Graeci

455 4110 634 4164 solent
661 4109 821 4164 etiam
849 4109 1087 4162 animam
1120 4103 1414 4174 appellare.
1444 4100 1710 4166 Quoniam
1736 4098 1904 4169 igitur
1926 4113 2028 4150 an-

453 4204 641 4274 tiqttus
658 4216 882 4271 serpens
931 4199 1024 4270 qui
1057 4198 1224 4252 Evam
1257 4196 1502 4267 decepit,
1527 4193 1684 4251 suavi
1716 4192 1935 4263 quidem
1971 4197 2025 4246 et

454 4295 630 4352 amica
662 4297 910 4350 oratione
961 4293 1214 4348 simulate
1241 4291 1515 4352 utebatur,
1549 4287 1643 4343 Dei
1694 4287 2025 4340 mentionem

454 4386 710 4453 faciebat,
777 4393 997 4441 etcum
1064 4383 1299 4454 quadam
1361 4379 1576 4450 pietatis
1610 4376 1789 4447 specie
1813 4375 2028 4429 mulieri

455 4480 708 4536 dicebat:
744 4479 919 4545 Quare
943 4477 1080 4532 diccit
1117 4475 1296 4529 Deus:
1335 4472 1415 4527 Ne
1445 4469 1732 4526 comedatis
1773 4483 1838 4522 ea:
1885 4467 2028 4520 omni

456 4573 618 4644 ligno,
639 4572 774 4642 quod
808 4573 962 4626 estin
995 4569 1248 4640 paradiso
1278 4567 1358 4620 ‘3?
1395 4580 1459 4619 ac
1517 4577 1736 4617 rursum
1767 4580 1779 4615 :
1815 4559 2022 4614 Sciebat

453 4668 592 4722 enim
610 4665 770 4732 Deus,
793 4664 929 4736 quod
945 4678 1248 4734 quacunque
1267 4660 1351 4713 die
1368 4657 1696 4712 comederitis
1721 4671 1784 4709 ea:
1805 4671 1886 4720 eo,
1907 4668 2029 4721 ape-

456 4764 660 4816 rientur
677 4760 814 4814 oculi
844 4758 1019 4821 vestri,
1047 4767 1094 4811 et
1115 4756 1260 4811 eritis
1278 4755 1414 4808 sicut
1451 4751 1550 4816 dii,
1576 4751 1792 4804 scientes
1837 4748 2029 4803 bonum

457 4862 508 4908 et
538 4853 816 4908 malum".
857 4855 922 4905 Et
975 4851 1172 4907 talibus
1206 4849 1424 4921 quidem
1457 4847 1618 4902 dictis
1646 4847 1932 4910 simulans,
1976 4854 2030 4902 et

455 4945 626 5002 Deum
651 4961 707 5001 se
724 4960 886 5000 nosse
937 4943 1252 5015 praai'erens,
1293 4943 1575 4998 mulierem
1612 4942 2028 5012 alloquebatur;

457 5039 514 5093 in
533 5038 698 5093 corde
719 5045 898 5093 autem
929 5037 1247 5107 iniquitates
1289 5036 1640 5106 operabatur,
1685 5051 1746 5089 ac
1770 5037 2028 5104 operibus

456 5131 783 5200 iniustitiam
814 5131 1194 5200 complicabat.
1230 5128 1421 5184 Merito
1441 5130 1494 5184 hi
1528 5144 1745 5200 quoque
1774 5130 2033 5184 dicuntur

459 5222 700 5277 furorem
723 5231 777 5278 et
808 5223 1044 5277 animam
1077 5222 1276 5278 habere
1333 5232 1636 5279 memorato
1683 5224 1922 5294 serpenti
1957 5225 2033 5278 si-

458 5313 663 5367 milem.
685 5312 839 5380 Quod
870 5315 1046 5384 ipsum
1077 5314 1219 5371 Deus
1247 5317 1587 5386 pmscientia
1620 5332 1716 5372 sua
1751 5332 2030 5388 praeoccu-

461 5405 628 5474 pavit.
647 5404 782 5460 Nam
804 5406 882 5473 hi,
905 5407 1107 5463 auditis
1133 5409 1330 5464 divinis
1361 5410 1727 5474 sermonibus,
1750 5411 2032 5480 sacrisque

461 5497 642 5552 verbis
698 5499 920 5567 eruditi,
961 5501 1097 5555 nihil
1157 5500 1224 5556 ad
1282 5502 1570 5557 utilitatem
1625 5506 1860 5572 parient,
1901 5504 2031 5572 quia

463 5605 625 5647 aures
671 5593 1002 5659 occludunt,
1029 5610 1206 5666 neque
1232 5593 1558 5652 divinarum
1597 5598 2030 5654 incantationum

461 5682 694 5739 virtutes
729 5685 1026 5757 recipiunt,
1057 5687 1152 5743 sed
1171 5689 1380 5746 similes
1409 5695 1538 5746 sunt
1569 5689 1744 5762 aspidi
1771 5691 1951 5748 surdae
1980 5701 2033 5748 et

538 5839 582 5873 “
621 5839 755 5897 Gen.
791 5859 890 5909 ιιι,
926 5843 976 5898 1.
1049 5845 1096 5876 δ’
1135 5843 1268 5902 ibid.
1305 5847 1359 5903 5.

2208 1570 2804 1640 Ἀπηλλοτριώθησαν
2841 1571 2895 1622 οἱ
2927 1564 3254 1637 ἁμαρτωλοὶ
3283 1563 3402 1619 ἀπὸ
3425 1561 3663 1633 μήτρας,

2118 1662 2556 1731 ἐπλανήθησαν
2604 1660 2722 1715 ἀπὸ
2767 1659 3025 1729 γαστρὸς
3047 1698 3062 1723 ,
3113 1656 3426 1719 ἐλάλησαν
3471 1653 3663 1723 ψευδῆ.

2267 1757 2440 1811 ταῦτα
2486 1755 2623 1827 πρὸς
2658 1754 2784 1817 τοὺς
2811 1752 2961 1815 υἱοὺς
3005 1749 3116 1802 τῶν
3146 1746 3445 1820 ἀνθρώπιον
3479 1744 3668 1799 ἀποτεί-

2125 1865 2275 1906 νεται
2301 1851 2428 1912 τοὺς
2459 1841 2956 1914 ἐπαγγελλομένους
2985 1839 3255 1894 θεοσεὸεῖν
3271 1879 3285 1902 ,
3329 1837 3424 1891 καὶ
3448 1837 3567 1899 τοὺς
3588 1835 3668 1906 τῆς

2117 1940 2465 2012 δικαιοσύνης
2513 1935 2872 2010 μετέρχεσθαι
2913 1932 3110 2004 νόμους
3135 1970 3151 1994 ,
3186 1929 3260 2001 μὴ
3309 1929 3586 2000 κρίνοντας
3621 1925 3668 1978 δὲ

2118 2033 2310 2106 ὀρθῶς.
2342 2031 2510 2103 Φησὶν
2535 2025 2628 2083 οὖν
2657 2027 2794 2100 πρὸς
2823 2022 3018 2087 αὐτούς
3036 2040 3051 2054 ο
3090 2021 3383 2075 ’Δκούσατε
3404 2061 3418 2087 ,
3442 2013 3487 2072 ὦ
3516 2013 3665 2083 οὗτοι,

2118 2128 2169 2180 oi
2209 2123 2499 2186 λαλοῦντες
2537 2120 2636 2193 μὲν
2665 2116 3009 2185 δικαιοσύνην
3036 2112 3113 2184 τῷ
3157 2112 3424 2182 στόματι,
3469 2109 3667 2182 ἐργαζό-

2126 2233 2276 2290 μενοι
2317 2215 2372 2269 δέ
2397 2217 2518 2278 ταῖς
2559 2212 2744 2284 χερσὶν
2786 2207 3028 2272 ἀδικίαν,
3083 2205 3176 2260 καὶ
3220 2203 3418 2267 πολλὰς
3457 2202 3590 2256 κατά
3619 2199 3667 2254 τὸ

2120 2309 2250 2363 αὐτὸ
2285 2306 2688 2379 συμπλέκοντες
2715 2300 2989 2373 ἁμαρτίας
3011 2315 3024 2328 ·
3051 2298 3140 2351 τὸν
3175 2297 3350 2368 μέγαν
3379 2294 3568 2366 κριτὴν
3594 2294 3666 2345 οὐ·

2119 2401 2206 2457 δέν
2235 2401 2485 2455 λανθάνει
2505 2396 2612 2452 τῶν
2633 2393 2774 2449 κατὰ
2805 2394 3040 2448 διάνοιαν
3064 2388 3278 2459 ἑκάστῳ
3305 2385 3664 2456 λογιζομένων.

2121 2493 2240 2548 Κᾶν
2267 2493 2376 2566 γὰρ
2404 2491 2534 2562 δοκῇ
2575 2507 2659 2552 τις
2704 2485 3007 2558 ἀνθρώπων
3046 2482 3358 2554 ὀφθαλμοὺς
3399 2479 3668 2552 κρύπτειν,

2123 2588 2236 2642 ἀλλ’
2290 2585 2422 2639 ἴστω
2442 2624 2457 2650 ,
2512 2585 2593 2637 ὅτι
2637 2582 2817 2653 δεινὴν
2862 2580 3071 2650 πλάνην
3116 2575 3455 2646 πεπλάνηται
3506 2570 3670 2626 ἑαυτὸν

2121 2677 2365 2733 ἀπατῶν.
2407 2675 2480 2729 Οὐ
2512 2675 2620 2746 γὰρ
2665 2672 2756 2726 τὸν
2790 2672 2962 2743 μέγαν
2981 2669 3108 2723 ’τῶν
3137 2668 3272 2722 ὅλων
3306 2664 3497 2740 κριτὴν
3531 2663 3670 2734 λήσε-

2121 2788 2246 2835 ται,
2293 2763 2353 2824 οὗ
2396 2768 2596 2830 πάντες
2642 2764 2748 2836 πρὸ
2782 2763 2877 2817 τοῦ
2922 2763 3162 2834 βήματος
3206 2754 3667 2830 παραστησόμεθα.

2122 2863 2248 2926 Πῶς
2269 2863 2313 2916 δ’
2338 2860 2403 2916 ἂν
2431 2860 2524 2914 κα)⁵
2560 2857 2771 2913 λάθοιεν
2793 2855 2883 2909 τὸν
2912 2855 3043 2908 Θεὸν
3070 2849 3232 2915 οὗτοι,
3265 2852 3428 2906 ὁπότε
3451 2851 3540 2905 καὶ
3562 2849 3669 2919 πρὶν

2124 2956 2202 3018 είς
2229 2954 2342 3023 φῶς
2365 2950 2646 3025 προελθεῖν
2666 2949 2882 3011 αὐτοὺς,
2909 2946 3090 3000 πάντα
3114 2945 3277 2998 εἰδότι
3308 2943 3414 3015 πρὸ
3434 2941 3671 3010 γενέσεως

2123 3046 2304 3102 αὐτῶν
2345 3043 2739 3115 ἐγνωρίζοντο;
2777 3039 2870 3092 Διὸ
2917 3039 3046 3109 πρὶν
3091 3035 3419 3106 γεννηθῆναι
3465 3031 3670 3100 αὐτοὺς,

2124 3139 2198 3203 ὡς
2226 3137 2326 3210 ἤδη
2355 3134 2669 3206 ὑφεστῶτας
2689 3174 2703 3199 ,
2734 3132 2828 3186 καὶ
2852 3129 3122 3191 τοιούτους
3159 3127 3318 3191 ὄντας
3349 3121 3450 3180 οἷοι
3472 3123 3563 3177 ν’ύν
3585 3122 3671 3174 είσι

2050 3203 2092 3262 C
2125 3203 2415 3302 «posthpa;
2453 3227 2553 3299 ἢδη
2595 3242 2655 3278 τε
2702 3222 2762 3288 ἐξ
2803 3223 3013 3277 ἐκείνου
3055 3220 3350 3290 ἀπόϐλητοι
3391 3212 3526 3287 ἦσαν
3561 3214 3669 3284 παρ’

2122 3301 2292 3392 αύτῷ.
2329 3315 2921 3387 Ἀπηλλοτριώθησαν
2946 3311 3076 3382 γοῦν
3107 3314 3161 3365 oi
3200 3306 3530 3381 ἁμαρτωλοί
3572 3301 3669 3357 ἀπὸ

2120 3415 2372 3486 μήτρας.
2395 3413 2507 3466 Καὶ
2533 3413 2580 3464 εἰ
2603 3410 2697 3464 καὶ
2726 3407 2794 3461 τὰ
2827 3407 3060 3477 μάλιστα
3091 3405 3329 3476 σήμερον
3355 3397 3670 3466 δικαιοσύνην

2124 3507 2305 3561 λαλεῖν
2331 3502 2774 3578 προσποιοῦνται,
2801 3502 2912 3563 τοῖς
2938 3499 3121 3570 ἔργοις
3149 3495 3217 3548 τὰ
3256 3494 3476 3547 ἐναντία
3507 3505 3672 3561 μετερ-

2125 3601 2367 3672 χόμενοι,
2403 3597 2516 3651 ἀλλ’
2544 3596 2604 3650 οὐ
2642 3595 2737 3648 καὶ
2770 3592 2920 3664 παρά
2946 3589 3064 3661 Θεῷ
3095 3588 3190 3641 νῦν
3223 3587 3500 3658 ἐφάνησαν
3521 3581 3670 3636 τοιοῦ-

2125 3711 2206 3747 τοι
2232 3708 2244 3724 ·
2275 3693 2402 3763 πρὶν
2429 3689 2486 3744 δὲ
2525 3689 2633 3742 ἀπὸ
2665 3685 2902 3756 γαστρὸς
2931 3681 3209 3753 προελθεῖν
3246 3679 3464 3742 αὐτοὺς,
3501 3674 3672 3747 μᾶλλον

2125 3785 2182 3838 δὲ
2212 3785 2307 3838 καὶ
2335 3783 2442 3855 πρὸ
2480 3780 2574 3834 τοῦ
2616 3778 2983 3848 συλληφθῆναι
3017 3779 3074 3829 ἐν
3117 3773 3198 3844 τῷ
3233 3773 3334 3844 τῆς
3371 3771 3576 3840 μήτρας
3601 3766 3668 3817 δοι

2127 3876 2290 3948 χείῳ,
2319 3877 2376 3927 ἐν
2409 3870 2843 3941 πεπλανημένοις
2872 3864 3227 3937 ἐλογίσθησαν
3258 3863 3386 3932 παρ’
3411 3857 3574 3929 αὐτῷ,
3595 3855 3672 3909 καὶ

2129 3968 2412 4041 μέλλοντες
2445 3963 2661 4018 ἔσεσθαι
2694 3960 2921 4014 τοιοῦτοι
2948 3959 3049 4012 οὐκ
3080 3951 3534 4027 ἠγνοοῦντο.”Ηδη
3553 3949 3604 4002 δὲ
3625 3949 3672 4012 ἐξ

2127 4037 2334 4113 ἐκείνου
2385 4057 2459 4122 ώς
2502 4056 2568 4110 ἂν
2615 4053 2900 4126 μέλλοντες
2947 4051 3014 4104 τὰ
3069 4048 3237 4120 ψευδῆ
3288 4045 3468 4099 λαλεῖν
3511 4037 3674 4110 ἐγινώ-

2130 4168 2319 4204 σκοντο
2338 4189 2351 4213 ,
2388 4149 2482 4203 καὶ
2506 4147 2581 4210 ὡς
2613 4145 2783 4216 θυμὸς
2815 4145 2998 4206 αὐτοῖς
3030 4143 3147 4194 ἐστι
3179 4138 3330 4193 κατὰ
3355 4135 3470 4205 τὴν
3496 4131 3675 4203 ὁμοίωο

2127 4258 2231 4296 σιν
2255 4243 2362 4296 τοῦ
2401 4241 2609 4310 ὄφεως.
2639 4238 2820 4309 Θυμὸν
2850 4236 2906 4290 δὲ
2932 4235 3025 4288 καὶ
3054 4233 3153 4303 τὴν
3189 4229 3364 4302 ψυχὴν
3395 4228 3487 4282 καὶ
3515 4223 3674 4284 παῖδες

2139 4334 2402 4406 Ἑλλήνων
2440 4331 2622 4386 καλεῖν
2667 4329 2943 4383 εἰώθασιν.
2993 4327 3146 4379 Ἐπεὶ
3185 4322 3365 4375 τοίνυν
3395 4319 3490 4373 καὶ
3531 4318 3558 4370 ὁ
3591 4333 3674 4366 :1-

2126 4405 2287 4488 MV-bé
2313 4423 2465 4494 ὄφις,
2511 4422 2610 4494 τὴν
2644 4421 2787 4475 Εὔαν
2819 4421 3136 4489 ἀπατήσας,
3185 4413 3558 4484 προσεποιεῖτο
3592 4405 3673 4477 μὲν

2057 4516 2354 4612 Dﬂuxaia
2405 4516 2498 4569 καὶ
2551 4514 2739 4584 φιλικῇ
2789 4508 3086 4582 κεχρῆσθαι
3131 4505 3346 4576 ὁμιλίᾳ,
3385 4504 3594 4575 μνήμην
3624 4513 3673 4551 τε

2131 4605 2267 4660 Θεοῦ
2317 4605 2616 4666 ποιεῖσθαι,
2651 4603 2742 4656 καί
2787 4619 2907 4655 τινα
2930 4596 3332 4653 ἐπιδείκνυσθαι
3377 4592 3670 4653 εὐλάϐειαν,

2130 4699 2301 4768 λέγων
2351 4701 2416 4769 τῇ
2463 4697 2714 4766 γυναικί·
2767 4695 2826 4749 Τί
2858 4693 2948 4748 ὅτι
2982 4687 3151 4746 εἶπεν
3186 4693 3218 4743 ό
3265 4689 3442 4754 Θεόςσ
3485 4689 3562 4740 Οὐ
3600 4681 3673 4753 μὴ

2132 4788 2356 4858 φάγητε
2381 4787 2498 4841 ἀπὸ
2525 4786 2752 4852 παντὸς
2777 4784 2965 4850 ξύλου
3001 4783 3106 4837 τοῦ
3122 4782 3192 4834 έν
3211 4797 3244 4833 τ
3245 4778 3291 4845 ᾧ
3326 4775 3676 4846 παραδείσφῖ

2131 4881 2225 4934 καὶ
2257 4879 2448 4934 πάλινσ
2486 4877 2652 4951 ’ῌδει
2695 4876 2806 4946 γὰρ
2842 4880 2874 4930 o’
2902 4874 3079 4941 Θεὸς,
3111 4873 3200 4927 ὅτι
3231 4866 3271 4943 ᾖ
3307 4870 3359 4924 δ’
3393 4871 3472 4924 ἂν
3508 4866 3678 4937 ἡμέρᾳ

2131 4969 2355 5039 φάγητε
2403 4969 2504 5023 ἀπ’
2568 4965 2786 5032 αὑτοῦ,
2849 4962 3370 5032 διανοιχθτήσονται
3425 4956 3584 5027 ὑμῶν
3633 4955 3678 5006 οι

2132 5061 2424 5130 ὀφθαλμοὶ
2444 5098 2460 5123 ,
2504 5059 2601 5112 καὶ
2627 5056 2958 5121 ἔσεσθείώς
2979 5054 3132 5119 θεοὶ,
3162 5051 3551 5124 γινώσκοντες
3591 5061 3679 5100 παρ

2131 5152 2245 5206 λον
2269 5151 2367 5205 καὶ
2395 5150 2687 5218 πονηρόν·
2717 5148 2811 5202 καὶ
2849 5145 3072 5200 τοιαῦτα
3107 5145 3204 5215 μὲν
3242 5141 3676 5214 ὑποκρινόμενος.

2131 5244 2225 5295 καὶ
2255 5241 2345 5294 τὸν
2373 5240 2506 5294 Θεὸν
2538 5239 2735 5293 εἰδέναι
2764 5235 3262 5310 προσποιούμενος,
3293 5231 3482 5303 ὡμίλει
3498 5232 3573 5301 τῇ
3596 5244 3680 5296 γυ-

2133 5335 2310 5397 ναικὶ,
2359 5336 2416 5386 ἐν
2460 5331 2658 5404 καρδίᾳ
2702 5331 2760 5385 δέ
2813 5329 3042 5402 ἀνομίας
3086 5325 3400 5400 εἰργάζετο,
3446 5324 3536 5378 καὶ
3580 5322 3680 5381 τοῖς

2132 5427 2312 5498 ἔργοις
2333 5425 2544 5480 ἀδικίαν
2570 5424 2900 5478 συνέπλεκεν
2919 5440 2933 5455 ο
2948 5421 3173 5484 εἰκότως
3196 5421 3291 5473 καὶ
3319 5419 3428 5472 οἵδε
3453 5417 3679 5484 λέγονται

2134 5519 2303 5590 θυμὸν
2330 5518 2474 5590 ἔχειν
2504 5521 2597 5572 καὶ
2625 5516 2802 5588 ψυχὴν
2831 5515 3023 5586 ὁμοίαν
3051 5513 3130 5586 τῷ
3158 5511 3502 5586 προλεχθέντι
3535 5509 3676 5577 ὖφει·

2132 5610 2161 5662 ὃ
2192 5610 2254 5680 δὴ
2281 5610 2374 5664 καὶ
2405 5609 2536 5663 αὐτὸ
2562 5609 2888 5681 προείληφεν
2908 5607 2937 5660 ό
2967 5605 3100 5669 Θεὸς
3129 5607 3196 5676 τῇ
3233 5603 3548 5677 προγνώσει.
3571 5597 3680 5650 Τῶν

2134 5703 2242 5776 γὰρ
2266 5701 2438 5787 θείων.
2458 5701 2834 5787 είσακούοντες
2871 5700 3043 5770 λόγων
3072 5699 3166 5754 καὶ
3194 5702 3305 5763 τοῖς
3337 5697 3494 5780 ἱεροῖς
3521 5690 3680 5774 μαθη-
