3808 6280
186 296 276 355 521
1292 295 1690 353 (ῙΟΜΜΕΝΤΑΙ

1942 293 2288 351 PSALMOS.
3318 288 3425 346 523

179 410 436 481 ’πενόμενοι
462 409 687 480 ῥήμασι,
711 411 861 465 οὐδὲν
894 410 1236 481 τικτήσονται
1272 412 1409 482 πρὸς
1444 410 1682 481 ὼφελεία

1916 409 2120 462 turauti
2145 423 2306 462 aures
2336 419 2489 470 suas,
2524 414 2579 459 ut
2611 421 2719 459 non
2754 403 3008 460 exaudiat
3038 417 3200 457 voces
3231 402 3419 456 incau-

180 504 256 558 διὰ
281 502 334 554 τὸ
363 501 508 571 βύειν
530 502 597 555 τὰ
619 496 750 568 ὦτα,
775 504 865 557 καὶ
902 504 974 573 μὴ
1009 503 1407 573 καταδέχεσθαι
1436 502 1544 555 τῶν
1573 501 1684 555 θείιι

1919 500 2090 563 ilium,
2122 513 2298 571 neque
2344 498 2571 566 recipiat
2602 496 2885 550 remedium
2936 513 2967 548 a
3006 496 3238 563 sapiente
3262 508 3423 562 para-

182 591 375 662 ἐπῳδῶν
411 591 506 655 τὰς
538 592 793 663 δυνάμεις
814 635 827 657 ,
862 593 1253 663 ἀφομοιοῦσθαι
1293 594 1349 646 δὲ
1371 594 1555 647 ἀσπίδι
1575 610 1686 661 κωφ

1920 610 1968 645 u.
2000 584 2249 661 Serpenti
2277 591 2440 660 igitur
2464 589 2673 643 similes
2710 596 2861 651 sunt,
2909 587 2980 642 ob
3007 588 3345 660 hypocrisin,
3368 597 3424 641 et

180 683 258 734 καὶ
290 679 481 751 βυούτῃ
514 682 581 733 τὰ
611 677 724 735 ὦτα
761 682 953 752 αὐτῆς,
985 683 1120 755 πρὸς
1148 686 1209 737 τὸ
1243 685 1317 756 μὴ
1352 684 1581 738 ἀκοῦσαι
1617 702 1684 753 φο

1911 683 2151 736 nulatum
2195 681 2325 735 illud
2363 680 2430 735 de
2472 679 2580 735 Deo
2622 672 2989 749 colloquium;
3042 679 3218 751 aSpidi
3264 692 3415 740 vero,

178 772 262 841 νῆς
288 768 605 841 ἐπᾳδόντων,
651 775 1062 842 φαρμακοῦται
1093 776 1165 844 (Ι)
1198 776 1682 845 φαρμακευομένε

1913 778 1959 829 ia
2020 777 2177 829 letale
2236 789 2505 829 venenum
2547 775 2600 826 in
2651 789 2709 827 se
2770 772 3068 825 occultant.
3124 770 3324 826 Verum
3371 772 3417 825 si

178 862 312 929 παρὰ
350 861 563 931 σοφοῦ.
602 863 692 933 Τῷ
723 865 821 935 μὲν
854 861 945 919 οὖν
973 867 1094 936 δφει
1126 866 1486 937 ὼμοιώθησαν
1513 867 1603 921 διὰ
1633 867 1682 920 τί

1914 866 2009 921 )idi
2042 866 2310 919 duntaxat
2358 862 2712 932 comparandi
2742 869 2947 925 essent,
2984 876 3109 929 spes
3141 861 3279 917 foret
3321 876 3418 916 eos

178 951 433 1020 ὑπόκρισιν
465 951 559 1003 καὶ
583 952 681 1022 τὴν
706 952 1042 1006 ἐπίπλαστον
1076 954 1205 1024 περὶ
1231 954 1365 1007 Θεοῦ
1397 954 1635 1024 ὁμιλίαν,
1660 971 1682 1005 τ

1908 958 2124 1027 quando
2166 956 2452 1009 utilitatem
2489 962 2843 1023 percepturos
2880 969 2892 1002 :
2938 952 3206 1020 siquidem
3239 951 3412 1005 ferum

175 1041 221 1093 δὲ
245 1040 412 1093 ἀσπίδι
443 1040 532 1093 διὰ
558 1043 617 1094 τὸ
654 1044 917 1115 κρύπτειν
944 1047 1000 1097 ἐν
1026 1045 1209 1108 αὐτοῖς
1235 1046 1325 1098 τὸν
1355 1045 1679 1116 θανατηφόρ‹

1910 1050 1966 1103 ιι]
2008 1049 2217 1117 reptile,
2279 1064 2344 1102 ex
2406 1046 2776 1102 incantatioue
2799 1053 2851 1098 et
2887 1043 3118 1097 artificio
3152 1058 3414 1112 quorum-

178 1134 258 1185 ἱόν.
296 1133 423 1185 Ἀλλ’
458 1134 507 1186 εί
540 1136 639 1205 μὲν
674 1136 859 1200 ἁπλῶς
885 1138 1071 1190 ἀσπίδι
1105 1137 1548 1209 παρεϐλήθησαν,
1573 1139 1682 1191 ὲλπ¹

1908 1157 1981 1205 m,
2033 1143 2184 1194 virus
2224 1155 2621 1209 nonnunquam
2659 1138 2869 1209 abjicit,
2927 1135 3277 1205 furoremque
3316 1136 3412 1189 de—

174 1224 229 1276 ἇν
250 1219 309 1292 ἧν
336 1240 458 1276 ποτε
489 1224 968 1296 ὠερεληθήσεσθαι·
1002 1228 1123 1280 ἐπεὶ
1156 1228 1249 1281 καὶ
1279 1228 1338 1280 τὸ
1371 1228 1540 1281 δεινὸν
1567 1230 1678 1298 ὲρπ

1906 1233 2007 1295 nit,
2041 1242 2090 1286 et
2128 1232 2283 1301 quasi
2319 1231 2691 1301 exstinguitur
2724 1227 2902 1301 quoad
2939 1227 3223 1282 malitiam.
3257 1225 3409 1291 Quod

172 1312 247 1363 τὸν
278 1313 441 1364 ἐκεῖνό
468 1314 616 1366 ἐστιν
656 1316 741 1367 ὅτε
779 1314 839 1379 ἐξ
864 1316 1074 1387 inquii};
1112 1318 1205 1370 καὶ
1236 1316 1580 1385 κατασκευῆς
1614 1318 1669 1368 ὲτ

1913 1321 2038 1376 talis
2076 1323 2347 1377 acerbitas
2395 1321 2601 1392 aspidis
2642 1321 2690 1374 vi
2727 1320 3087 1391 quorumdam
3121 1318 3410 1372 verborum

174 1421 265 1472 ρων
293 1404 441 1456 τινῶν
472 1405 805 1477 ἀπορρίπτει
855 1408 943 1460 τὸν
974 1409 1068 1471 ἰὸν,
1100 1410 1192 1462 καὶ
1227 1410 1317 1462 τὸν
1344 1410 1512 1479 θυμὸν
1541 1410 1677 1462 ἀποτ

1908 1414 2145 1468 bilitatur
2170 1422 2222 1467 et
2277 1414 2589 1475 marcescit,
2631 1427 3009 1480 venenumque
3042 1410 3250 1479 abjicit,
3282 1405 3412 1477 quid

172 1493 316 1555 θεται,
349 1496 436 1548 καὶ
466 1495 657 1567 ὥσπερ
692 1498 1091 1569 ἀπονεκροῦται
1123 1501 1218 1569 τὴν
1252 1500 1447 1553 κακίαν
1468 1518 1481 1531 ο
1518 1502 1565 1552 εἰ
1608 1500 1662 1552 δὲ

1906 1506 2124 1559 :endum
2157 1506 2222 1558 de
2252 1506 2432 1558 anima
2460 1504 2719 1566 hominis,
2754 1518 2874 1571 qum
2900 1500 2963 1555 ad
2999 1500 3286 1569 imaginem
3318 1496 3410 1552 Dei

169 1583 363 1653 τοιαύτη
412 1585 513 1655 τῆς
560 1588 789 1651 ἀσπίδος
836 1591 1029 1661 πικρία
1072 1592 1297 1663 δυνάμει
1350 1592 1523 1660 λόγων
1568 1593 1673 1645 τινὸ

1906 1602 1972 1648 :ta
2001 1605 2105 1657 est,
2141 1595 2245 1648 nisi
2275 1610 2393 1647 eam
2420 1594 2592 1646 multo
2624 1592 2806 1663 potius
2830 1608 2993 1661 quam
3030 1590 3223 1658 reptile
3277 1586 3410 1641 illud

172 1678 419 1744 ὶξασθενεί
452 1682 541 1733 καὶ¹
573 1682 1032 1754 ἀπομαραίνεται,
1059 1686 1149 1737 τὸν
1179 1687 1253 1737 ἰόν
1275 1703 1333 1738 τε
1365 1685 1676 1755 ἀπορρίπτει

1909 1701 2022 1747 nus,
2052 1684 2299 1753 deposito
2324 1684 2544 1737 malitia:
2575 1698 2802 1745 veneno,
2862 1682 2916 1735 in
2968 1680 3160 1733 melius
3192 1687 3413 1732 mutan-

169 1771 211 1823 τί
234 1771 325 1841 χρὴ
354 1770 528 1839 λέγειν
561 1775 689 1844 περὶ
720 1746 1008 1845 ἀνθρώπου
1046 1775 1242 1845 ψυχῆς,
1268 1778 1365 1844 τῆς
1392 1746 1673 1829 κατ’-είκόι

1904 1793 1952 1830 m
1986 1792 2141 1840 esse;
2171 1776 2215 1830 si
2249 1783 2429 1829 tamen
2484 1789 2606 1829 sese
2655 1774 2963 1827 divinarum
2992 1770 3408 1839 disciplinarum

168 1858 279 1913 Θεοῦ
307 1860 675 1931 γεγενημένης
702 1903 715 1925 ,
743 1854 855 1914 ἀλλ’
888 1863 967 1914 ὅτι
997 1862 1091 1914 καὶ
1123 1862 1259 1932 αὐτὴ
1290 1862 1424 1914 πολὺ
1464 1862 1661 1932 μᾶλλον

1911 1866 2069 1932 litati,
2107 1874 2160 1921 et
2192 1866 2455 1921 divinitus
2470 1882 2594 1921 vere
2626 1864 2907 1934 inspiratis
2939 1861 3409 1915 incantationibus

166 1949 217 2001 τὸ
257 1950 568 2020 ἐρπυστικὸν
612 1954 791 2005 ἐκεῖνο
836 1952 991 2021 γένος
1052 1952 1343 2022 μετέϐαλεν
1400 1952 1465 2005 ἂν
1509 1954 1601 2005 ἐπὶ
1661 1970 1670 1984 ·

1900 1958 2097 2027 plicet?
2158 1956 2522 2021 Quamobrem
2559 1962 2813 2009 accurate
2850 1969 3030 2007 sermo
3084 1968 3190 2004 non
3227 1950 3404 2019 aspidi

168 2042 414 2110 κρεῖττον,
461 2041 560 2111 τῆς
596 2043 796 2105 κακίας
850 2044 927 2095 ίὸν
974 2043 1318 2114 ἀποθεμένη,
1363 2046 1411 2095 εἰ
1461 2047 1672 2115 παρεῖχε

1899 2049 2145 2117 npliciter
2176 2050 2341 2103 talem
2404 2048 2641 2101 animam
2689 2044 3180 2115 comparavit,sed
3228 2041 3403 2112 aspidi

164 2128 336 2201 Ιαυτὴν
366 2134 428 2202 τῇ
472 2133 537 2184 ὲκ
585 2133 694 2185 τῶν
728 2132 885 2186 θείων
928 2134 1266 2203 μαθημάτων
1303 2134 1569 2206 ὠφελείᾳ,
1625 2152 1668 2187 κι

1901 2135 2025 2200 rdm,
2058 2152 2179 2206 qum
2226 2154 2341 2199 non
2389 2152 2452 2189 ex
2515 2144 2707 2189 natura
2758 2150 2855 2189 sua
2892 2132 3055 2187 surda
3090 2131 3180 2197 sit,
3218 2131 3312 2185 sed
3337 2145 3405 2184 e7.

163 2223 264 2285 ταῖς
290 2222 493 2293 ἀληθῶς
526 2222 908 2288 θεοπνεύστοις
942 2226 1215 2293 ἐπῳδαῖς;
1248 2227 1338 2278 Διὸ
1367 2226 1430 2296 δὴ
1471 2226 1667 2299 ἀκριδό

1898 2224 2042 2294 ηπίίι
2090 2226 2371 2278 voluntate
2405 2224 2529 2277 Ialis
2563 2224 2818 2278 evaserit.
2857 2222 3037 2288 Quare
3062 2222 3267 2275 dictum
3297 2228 3402 2284 est,

163 2311 340 2380 όλὸγος
380 2317 475 2384 οὐχ
505 2316 695 2380 ἁπλῶς
725 2317 911 2371 ἀσπίδι
956 2318 1055 2387 τὴν
1099 2318 1354 2387 τοιαύτην
1390 2317 1661 2388 παρέϐαλε

1900 2324 1967 2366 rut
2024 2315 2224 2383 aspidis
2259 2318 2434 2367 surda:
2489 2324 2537 2367 et
2577 2313 2874 2366 obturantis
2924 2328 3077 2366 aures
3126 2326 3271 2364 suas.
3312 2306 3404 2361 Sic

164 2402 259 2455 ἀλλ’
298 2404 477 2458 ἀσπίδι
712 2446 726 2469 ,
756 2408 855 2460 οὐκ
902 2408 967 2460 ἐκ
1010 2408 1223 2476 φύσεως
1275 2407 1410 2481 οὔσῃ
1457 2408 1668 2480 τοιαύτις

1897 2406 1962 2458 im
2000 2403 2293 2474 aliquando
2312 2404 2477 2458 homo
2503 2406 2662 2457 verba
2682 2404 2863 2456 divina
2895 2416 3002 2455 non
3028 2401 3277 2462 audiens,
3292 2414 3401 2459 non

164 2490 257 2544 ἀλλ’
290 2494 348 2545 ὲκ
380 2498 756 2567 προαιρέσεως
790 2498 988 2569 ἑαυτὴν
1018 2499 1403 2572 ἀποκωφούσῃ,
1444 2500 1534 2551 Διὸ
1561 2499 1668 2569 εἴρτ

1896 2494 1962 2551 0d
1993 2495 2173 2548 anima
2200 2495 2402 2549 surdus
2431 2495 2687 2555 evaserit,
2708 2492 2894 2546 auditu
2922 2493 3190 2561 privatur,
3232 2491 3325 2545 sed
3351 2492 3400 2545 id

162 2595 262 2642 ται,
314 2582 401 2647 Ὠς
436 2583 699 2650 ἀσπίδος
745 2584 952 2653 κωφῆς
1001 2585 1101 2638 καί
1152 2588 1434 2653 ,βυούσης
1481 2587 1553 2640 τὰ
1596 2582 1666 2640 ὧν

1897 2587 2051 2656 )prize
2084 2586 2380 2639 voluntatis
2403 2594 2521 2651 est;
2553 2594 2747 2655 sponte
2776 2599 3012 2653 namque
3055 2590 3266 2636 natura:
3292 2583 3401 2637 vim

161 2668 339 2738 αὐτῆς.
388 2672 540 2726 Οὕτω
581 2674 694 2745 γάρ
747 2691 880 2729 ποτε
928 2676 1023 2729 καὶ
1068 2675 1353 2746 ἄνθρωπος
1397 2676 1504 2729 τῶν
1555 2677 1665 2730 θείω

1895 2679 2058 2733 'erens
2077 2694 2189 2733 suae
2217 2676 2579 2733 obsurdescit.
2603 2675 2811 2729 Etenim
2846 2674 2987 2729 Deus
3018 2690 3125 2727 non
3155 2674 3399 2736 surdam,

159 2761 357 2831 ἀνήκοος
384 2762 576 2832 λόγων,
605 2766 668 2818 οὐ
709 2766 861 2836 παρά
895 2767 956 2819 τὸ
985 2766 1348 2837 κεκωφῶσθαι
1378 2768 1475 2839 τὴν
1508 2768 1663 2839 ψυχὴ

1895 2787 1923 2823 n
1956 2786 2179 2832 cazcam,
2212 2786 2321 2824 non
2356 2770 2598 2823 mutilam
2625 2769 2706 2821 vel
2730 2781 2974 2821 maneam
3001 2767 3273 2831 animam;
3306 2765 3399 2820 sed

159 2852 411 2924 ἐστέρηται
442 2857 539 2925 τῆς
565 2852 759 2929 ἀκοῆς,
792 2858 941 2927 παρὰ
970 2858 1026 2910 δὲ
1062 2859 1159 2928 τὴν
1182 2859 1387 2912 οἰκείαν
1421 2859 1663 2929 βούλησιι

1893 2860 2049 2915 lidam
2088 2863 2408 2929 cunctisque
2462 2860 2578 2913 suis
2610 2857 2907 2912 virtutibus
2954 2855 3235 2927 praeditam
3267 2854 3397 2909 (ισο-

159 2940 279 2995 ικὼν
308 2944 411 3016 γάρ
450 2947 644 3000 ἑαυτὸν
682 2950 969 3018 ἀποκωεροῖ
1016 2949 1333 3018 βιαζόμενος
1376 2950 1472 3021 τὴν
1514 2952 1663 3007 ἐαυτι

1902 2968 2075 3019 ;uam
2103 2956 2169 3007 ad
2200 2952 2493 3021 imaginem
2534 2957 2588 3001 et
2639 2948 3052 3005 similitudinem
3100 2962 3255 3001 suam
3297 2947 3396 3000 ho-

160 3032 312 3128 φυσιν.
361 3037 488 3100 Θεὸς
530 3038 644 3110 γὰρ
686 3040 875 3111 κωφὴν
904 3040 1083 3111 ψυχὴν
1124 3041 1223 3094 οὐκ
1264 3042 1585 3111 εἰργάσατο,
1634 3044 1664 3095 ιὶ

1897 3061 2018 3101 nem
2050 3045 2315 3101 condidit.
2376 3043 2619 3112 Quisque
2650 3056 2778 3096 vero
2809 3040 3127 3097 surditatem
3154 3039 3258 3095 sibi
3291 3054 3396 3093 ese-

155 3123 257 3176 οὺδὲ
282 3127 637 3199 τυφλὴν,οὐδὲ
661 3130 938 3201 ἀνάπηρον
955 3171 969 3194 ,
998 3131 1117 3183 οὐδὲ
1140 3131 1277 3193 ὅλως
1299 3131 1659 3204 λελωϐημένηε

1886 3147 2148 3207 .atemque
2176 3143 2457 3205 procurat,
2509 3132 2813 3202 animaeque
2868 3146 2982 3186 sua:
3025 3129 3390 3185 substantiam

158 3214 442 3290 ἐρρωμένην
463 3221 522 3273 δὲ
549 3221 695 3274 κατὰ
720 3222 899 3285 πάσας
934 3222 1105 3291 αὐτῆς
1138 3222 1236 3285 τὰς
1260 3223 1521 3293 δυνάμεις
1544 3241 1555 3253 ·
1587 3226 1662 3277 ὲπ

1890 3231 2119 3288 κιΐιιοιοι.
2148 3228 2302 3296 Quod
2341 3229 2572 3298 populus
2620 3243 2685 3279 ex
2740 3222 3163 3279 circumcisione
3199 3221 3394 3275 fecisse

157 3308 255 3359 κατ’
286 3310 457 3363 εἰκόνα
482 3313 577 3365 καὶ
611 3313 733 3366 καθ’
766 3313 1024 3383 ὁμοίωσιν
1051 3313 1150 3384 τὴν
1181 3314 1345 3368 αὑτοῦ
1387 3315 1476 3368 τὸν
1502 3316 1661 3388 ἄνθριι

1890 3323 2124 3377 rlsaiam
2152 3322 2403 3391 arguitur
2432 3320 2517 3373 his
2540 3319 2723 3373 verbis
2757 3336 2769 3371 :
2805 3316 3172 3369 Iucrassatum
3197 3322 3275 3367 est
3304 3328 3394 3366 cor

88 3434 91 3437 -
158 3412 240 3449 πον
272 3398 625 3473 ὑπεστήσατο.
677 3404 947 3466 Ἕκαστος
974 3403 1030 3456 δὲ
1076 3404 1267 3456 ἑαυτὸν
1300 3405 1586 3474 ἀποκωφοί

1888 3412 1987 3464 buli
2012 3411 2191 3479 hujus,
2215 3419 2263 3462 et
2284 3408 2501 3463 auribus
2532 3408 2762 3479 graviter
2793 3406 3099 3468 audierunt,
3131 3413 3180 3457 et
3214 3402 3392 3457 oculos

154 3491 317 3557 τυφλοῖ
337 3533 351 3556 ,
396 3497 488 3548 καὶ
529 3496 633 3567 τὴν
684 3497 869 3549 οὐσίαν
897 3499 994 3568 τῆς
1022 3498 1215 3552 ἑαυτοῦ
1241 3500 1417 3571 ψυχῆς
1446 3501 1658 3567 λωϐᾶτα

1890 3513 2145 3566 :userunt,
2187 3520 2249 3556 ne
2289 3502 2424 3570 forte
2464 3500 2671 3555 videant
2713 3497 2901 3563 oculis,
2958 3508 3007 3550 et
3051 3495 3271 3549 auribus
3297 3512 3394 3548 au-

155 3578 297 3636 Τοῧτο
320 3584 373 3637 δὲ
416 3586 502 3639 διὰ
540 3588 763 3641 Ἡσαΐου
797 3588 891 3641 τοῦ
924 3592 1200 3661 προφήτου
1234 3595 1261 3645 ὁ
1303 3595 1365 3646 ἐκ
1404 3595 1659 3666 περιτομῖ

1888 3602 1981 3655 mt,
2007 3602 2055 3647 et
2086 3592 2240 3647 corde
2264 3578 2583 3661 intelligant,
2617 3601 2665 3643 et
2694 3598 3096 3652 convertantur,
3131 3596 3180 3640 et
3211 3603 3392 3640 sanem

154 3672 479 3746 ἀπελέγχεται
524 3679 783 3749 πράττων
822 3680 970 3743 λαός.
1020 3683 1111 3734 Διὸ
1153 3683 1403 3738 λέλεκται
1438 3687 1573 3757 πρὸς
1611 3705 1658 3741 αι

1888 3685 1987 3736 ιδο.
2026 3682 2117 3736 Sic
2169 3699 2298 3753 ergo
2350 3683 2526 3752 aspidi
2562 3684 2743 3737 surdae
2786 3692 2841 3737 et
2898 3678 3176 3733 obturanti
3232 3692 3392 3732 aures

152 3764 284 3827 τούς·
326 3768 664 3838 Ἐπαχύνθη
703 3772 741 3839 ἠ
775 3773 990 3841 καρδία
1019 3774 1123 3828 τοῦ
1154 3776 1309 3830 λαοῦ
1343 3779 1579 3841 τούτου,
1605 3798 1656 3831 xi

1891 3783 2181 3843 nparatur,
2241 3775 2331 3843 qui
2356 3774 2540 3827 divina
2566 3772 2729 3827 verba
2761 3788 2869 3826 non
2895 3770 3065 3824 audit.
3099 3768 3280 3833 Quare
3311 3782 3395 3822 se-

153 3854 255 3919 τοῖς
282 3857 385 3910 ὠσί
424 3860 661 3929 βαρέως
708 3862 1017 3931 ἥκουσαν,
1056 3868 1151 3919 καὶ
1183 3869 1324 3934 τοὺς
1361 3871 1657 3941 ὀφθαλμοὶ

1883 3867 2049 3920 ndum
2089 3866 2477 3937 Symmachum
2523 3864 2764 3917 dicitur:
2803 3861 2950 3915 Sicut
2973 3860 3149 3929 aspidi
3186 3857 3386 3922 surda,

149 3943 501 4015 ἐκάμμυσαν,
534 3952 635 4005 καὶ
664 3954 735 4007 τὰ
758 3949 878 4009 ὦτα
903 3956 1203 4025 ἐΰάρυναν
1228 3975 1240 3988 °
1268 3960 1502 4028 μήποτε
1534 3963 1653 4017 ἴδω(

1881 3955 2084 4009 turanti
2111 3956 2411 4008 auriculam
2462 3971 2636 4017 suam,
2664 3963 2721 4007 ut
2756 3970 2818 4007 ne
2866 3952 3051 4005 audiat
3095 3966 3267 4004 vocem
3298 3965 3385 4002 su-

152 4036 255 4104 τοῖς
280 4040 599 4112 ὀφθαλμοῖς
619 4083 634 4106 ,
667 4046 763 4099 καὶ
796 4048 920 4114 τοῖς
943 4049 1094 4103 ὠσὶν
1117 4050 1427 4107 ἀκούσωσι
1450 4093 1464 4116 ,
1491 4054 1591 4108 καὶ
1630 4072 1656 4108 ν

1882 4047 2158 4110 rrantium,
2190 4061 2498 4115 unoquoque
2533 4046 2920 4098 incantationes
2963 4044 3225 4109 sapienter
3259 4039 3386 4093 edo-

152 4129 335 4197 a'apola
378 4134 643 4202 συνῶσι,
693 4138 1262 4217 καὶεέπιστρέψωσι,
1311 4145 1408 4197 καὶ
1452 4144 1656 4215 ίάσωμι

1884 4156 1911 4189 ν.
1945 4134 2144 4190 Verum
2179 4136 2343 4189 homo
2369 4149 2514 4188 nunc
2538 4133 2829 4196 exsistens,
2854 4132 2946 4202 qui
2976 4146 3096 4185 sese
3116 4127 3206 4183 tali
3228 4126 3388 4181 modo

149 4220 358 4311 οὑτως.
381 4226 567 4293 υῦτως
591 4225 684 4284 οὖν
706 4216 891 4285 ἀσπίδι
917 4236 1073 4304 κωφῇ
1110 4235 1306 4307 ἑαυτὴν
1332 4236 1653 4306 ἀποκωςροὺσ

1882 4216 2116 4289 nstituit,
2151 4225 2280 4280 dum
2311 4226 2425 4280 hazc
2460 4225 2569 4296 agit
2601 4239 2629 4277 a
2660 4224 2845 4279 multis
2876 4222 3156 4287 noscitur;
3196 4227 3250 4272 at
3277 4217 3386 4273 Deo

150 4308 175 4360 ὀ
210 4310 303 4366 τῶν
343 4314 500 4370 θείων
541 4319 775 4391 ἀνήκοος
813 4321 987 4390 λόγων
1022 4325 1432 4394 παρωμοίωται.
1479 4327 1569 4380 Διὸ
1613 4328 1654 4379 λι

1881 4335 1965 4371 am
2001 4326 2128 4373 ante
2151 4325 2333 4374 ortum
2361 4327 2557 4383 notus;
2592 4316 2702 4371 imo
2731 4331 2859 4372 vero
2880 4314 2972 4368 diu
3010 4321 3300 4381 antequam
3330 4310 3384 4364 in

148 4396 305 4455 λεκται
356 4407 496 4465 κατά
546 4409 638 4462 τὸν
688 4410 1015 4482 Σύμμαχον·
1080 4414 1171 4479 Ὡς
1223 4414 1434 4469 ἀσπίδι
1494 4416 1652 4486 κωφῂ

1878 4425 1963 4465 ero
1994 4410 2397 4479 conciperetur,
2441 4409 2584 4478 quod
2610 4409 2734 4464 talis
2763 4407 2980 4467 futurus
3007 4412 3170 4464 esset.
3205 4403 3274 4456 ab
3317 4416 3382 4455 eo

147 4487 356 4561 βυούσῃ
380 4494 557 4549 ὠτίον
587 4497 799 4565 αὐτῆς,
846 4500 946 4551 ἵνα
970 4499 1058 4568 μὴ
1102 4500 1339 4568 ἀκούσῃ
1366 4501 1577 4570 φωνὴν
1604 4504 1651 4570 ἰε’

1876 4502 2261 4571 gnoscebatur.
2295 4498 2577 4567 Incassum
2624 4515 2754 4569 ergo
2800 4498 2903 4553 sibi
2939 4497 3039 4565 ipsi
3085 4493 3261 4549 illudit
3288 4491 3380 4559 qui

149 4579 482 4650 θυριζόντων,
516 4586 775 4641 ἑκάστου
806 4587 1043 4655 ἐπῳδὰς
1068 4591 1538 4661 σεσοφισμένου.
1556 4592 1653 4645 Ἀλ

1875 4595 2070 4648 stitiam
2103 4608 2198 4648 ore
2230 4592 2515 4662 proﬁtetur
2541 4635 2555 4659 ,
2592 4591 2721 4645 dum
2780 4589 3034 4643 manibus
3058 4584 3379 4653 injustitiam

148 4667 281 4736 ὁμὲν
308 4673 396 4726 νῦν
431 4677 680 4745 ὑφεστὼς
726 4680 1042 4750 ἄνθρωπος,
1092 4681 1187 4733 καὶ
1218 4682 1461 4735 τοιοῦτον
1504 4682 1652 4735 ἑαυτέ

1878 4684 2117 4754 mplicat,
2149 4683 2455 4754 deindeque
2488 4683 2831 4753 iniquitatem
2864 4681 2917 4733 in
2951 4677 3115 4733 corde
3144 4673 3382 4729 occultat

152 4764 526 4830 κατασκευάσας
549 4806 563 4829 ,
595 4768 685 4820 ὅτε
717 4769 887 4822 ταῦτα
926 4772 1188 4842 πράττει,
1221 4773 1332 4835 τοῖς
1365 4770 1575 4835 πολλοῖς
1612 4788 1656 4838 γι

1873 4789 1924 4837 o,
1956 4789 2019 4828 ac
2044 4775 2088 4830 si
2126 4775 2178 4828 in
2212 4775 2398 4829 divino
2429 4774 2687 4830 tribunali
2716 4772 2817 4842 ipsi
2848 4768 2959 4823 Deo
2982 4769 3153 4821 latere
3185 4764 3377 4835 posSit.

150 4845 417 4938 νὼσκεταν
458 4855 535 4925 τῷ
564 4855 620 4909 δὲ
653 4856 772 4928 Θεῷ
839 4862 933 4913 καὶ
984 4860 1091 4931 ’πρὸ
1131 4859 1428 4927 γενέσεως,
1467 4863 1560 4915 καὶ
1594 4863 1727 4917 πολὺ
1767 4866 2031 4937 πρότερον
2076 4867 2181 4938 πρὸ
2213 4865 2313 4937 τῆς
2359 4867 2500 4919 κατὰ
2530 4864 2763 4935 γαστρὸς
2797 4858 3145 4930 συλλήψεως,
3208 4853 3381 4908 τοιοῦ-

146 4948 221 4997 τας
252 4937 493 5008 ἐσόμενος
526 4945 872 5015 ἑγνωρίζετο.
907 4950 1099 5021 Μάτην
1132 4951 1240 5023 ἄρα
1270 4951 1462 5005 ἑαυτὸν
1506 4954 1690 5024 ἀπατᾷ
1726 4956 1755 5007 ὀ
1797 4955 1976 5009 λαλεῖν
2015 4937 2129 5028 μὲν
2160 4957 2509 5026 δικαιοσύνην
2562 4951 3030 5021 ἐπαγγελλόμενος
3052 4989 3065 5011 ν
3135 4950 3253 5008 ταῖς
3319 4944 3375 4997 δὲ

148 5030 305 5128 ξερῗὶν
340 5034 501 5128 αὐτῷ
569 5038 897 5108 συμπλέκων
938 5042 1182 5097 ἀδικίαν·
1220 5042 1406 5097 ἔπειτα
1453 5045 1710 5116 κρύπτων
1747 5048 1805 5100 ὲν
1958 5050 2156 5121 καρδίᾳ
2187 5048 2379 5102 ἑαυτοῦ
2418 5048 2511 5117 τὴν
2546 5046 2806 5115 ἀνομίαν,
2845 5044 2919 5107 ὡς
2979 5044 3073 5095 καὶ
3114 5042 3205 5093 τὸν
3248 5041 3379 5093 Θεὸν

150 5121 407 5190 λησόμενος
430 5126 487 5179 ὲν
512 5128 589 5199 τῷ
617 5130 747 5202 θείῳ
772 5134 1158 5208 δικαιωτηρίῳ.

220 5228 267 5281 Ὁ
310 5236 446 5303 Θεὸς
494 5243 816 5311 συντρίψει
843 5245 985 5312 τοὺς
1009 5246 1262 5316 ὀδόντας
1296 5250 1495 5305 αὐτῶν
1515 5252 1585 5306 ἐν
1611 5252 1690 5317 τῷ

1875 5253 2037 5313 Υειιε.
2078 5254 2129 5317 7,
2161 5251 2214 5307 8.
2277 5251 2417 5307 Deus
2462 5260 2693 5304 conteret
2726 5248 2903 5303 dentes
2962 5252 3243 5303 eorum‘in
3287 5268 3376 5307 ore

149 5320 369 5389 στόματι
398 5328 595 5387 αὐτῶν
614 5370 629 5396 ,
659 5334 753 5388 καὶ
782 5334 850 5387 τὰ
876 5333 1022 5406 ἑξῆς.
1063 5338 1143 5391 Τά
1183 5341 1549 5411 προλεκθέντα
1585 5360 1653 5413 μα

1870 5361 2054 5410 sarum,
2096 5353 2148 5398 et
2187 5350 2402 5397 caetera.
2438 5339 2548 5393 Hac
2569 5340 2635 5395 de
2660 5339 3042 5411 peccatoribus
3073 5342 3265 5397 notitia
3290 5345 3374 5398 iu-

211 5495 251 5526 "
285 5496 383 5557 lsa.
413 5518 498 5571 vr,
533 5506 618 5563 l0.

210 5648 276 5717 (ί)
305 5649 456 5725 Lege,
490 5662 777 5730 φαρμάκου
806 5679 887 5716 τε.
918 5661 1122 5732 Estque
1161 5640 1325 5721 lectio
1348 5664 1714 5721 Theodotioni:

1312 5684 1325 5720 ι
1348 5664 1754 5721 Theodotionis.
2752 5675 2759 5681 ‘

436 5749 697 5813 ruam.
746 5754 863 5815 Gn.
902 5754 1113 5833 χχιιι.

2985 5774 3055 5832 17
