3808 6280
435 328 546 392 593

1143 322 1412 381 EUSEBll
1449 289 1932 379 czEsAm'ENSIs
1971 320 2007 375 ο

2111 361 2124 376 .
2160 313 2341 375 rans
2379 310 2464 376 ut.
2514 349 2582 361 —
2625 305 3026 375 ΕΧΕοΕΤιῑῑΚ
3571 321 3658 384 εει

435 445 632 506 structi
675 444 768 500 lilii
800 444 1101 511 hominum,
1133 443 1276 514 quod
1303 443 1514 497 scilicet
1557 457 1587 495 a
1632 440 1741 497 Deo
1807 457 2007 511 pramo-

2113 439 2297 503 θόντες
2330 439 2590 511 περὶτῶν
2632 436 2967 509 ἁμαρτωλῶν
3004 438 3052 491 oi
3083 437 3188 492 uio".
3215 435 3324 491 τῶν
3350 436 3656 510 ἀνθρώπων,

435 543 689 597 ιρδιιιυτ.
712 543 765 590 et
793 534 940 606 quod
982 541 1270 604 antequam
1303 533 1371 585 ad
1406 532 1655 587 homines
1688 532 2007 594 transirent,

436 626 725 682 notumilli
755 634 901 681 esset
958 625 1092 679 tales
1132 626 1281 693 ipsos
1310 622 1558 686 futuros,
1592 621 1777 676 audite
1821 622 2010 689 cujus-

436 715 584 770 modi
609 715 715 770 ﬁne
750 715 909 769 iidem
965 713 1274 783 excipiendi
1297 714 1426 768 sint.
1451 711 1718 779 Quoniam
1769 711 1913 766 enim
1952 710 2012 766 li-

434 797 565 853 bera
587 805 641 853 et
670 798 755 853 sui
780 797 992 852 arbitrii
1026 806 1218 853 natura
1251 797 1487 868 praediti,
1522 796 1571 849 vi
1601 794 2008 851 internoscendi

435 888 565 944 boni
592 897 646 944 et
670 890 941 945 contrarii
968 890 1242 954 instructi,
1268 898 1429 960 atque
1450 890 1674 945 liberam
1708 890 1772 943 ad
1802 898 2012 943 utrum-

436 982 568 1037 libet
599 981 1003 1036 inclinationem
1032 981 1199 1044 nacti,
1225 997 1332 1036 non
1352 989 1497 1037 recte
1517 980 1726 1051 judicio
1750 997 1851 1036 suo
1880 989 2009 1039 sunt

436 1074 545 1139 usi,
576 1087 752 1142 neque
770 1080 973 1127 rectam
1000 1072 1165 1138 viam,
1197 1072 1299 1126 etsi
1322 1079 1506 1126 notam
1525 1072 1649 1139 sibi,
1678 1072 2005 1136 dilexerunt,

435 1182 613 1237 neque
663 1165 921 1235 operibus
967 1164 1239 1234 justitiam
1299 1164 1574 1228 adierunt,
1636 1181 1799 1234 quam
1828 1165 2008 1219 verbis

434 1259 702 1311 duntaxat
732 1264 787 1311 et
816 1257 974 1311 labiis
1005 1263 1133 1311 sunt
1170 1252 1425 1325 professi,
1460 1256 1741 1325 veterique
1769 1257 2007 1327 serpenti

433 1350 662 1413 similes,
699 1348 888 1419 aspide
924 1347 1091 1404 surda
1125 1347 1425 1403 deteriores
1450 1362 1713 1415 evasere;
1737 1347 1858 1403 ideo
1886 1362 2009 1418 quae

432 1440 569 1513 ipsis
620 1451 878 1496 eventura
925 1441 1034 1495 sint
1064 1440 1268 1504 audite,
1315 1438 1644 1509 disciteque,
1681 1440 1749 1495 ab
1787 1440 2008 1495 univer-

433 1544 619 1585 sorum
638 1529 824 1598 judice
845 1528 955 1585 Deo
983 1529 1345 1584 conterendos
1364 1544 1487 1584 esse
1517 1528 1760 1599 ipserum
1792 1528 2004 1593 dentes,

355 1604 358 1608 Α
432 1619 524 1689 qui
566 1620 715 1679 nihil,
735 1636 961 1690 prorsus
997 1635 1028 1675 a
1074 1620 1325 1675 leonibus
1374 1620 1708 1691 discrepant,
1762 1630 1816 1677 et
1862 1623 2005 1691 quod

431 1706 689 1778 posthaec
729 1709 911 1763 omnia
945 1709 1121 1765 instar
1168 1725 1323 1780 aquae
1367 1708 1639 1766 elIluentis
1669 1711 2005 1768 dissolvendi

2121 532 2216 585 καὶ
2242 530 2352 596 ὡς,
2385 530 2824 604 προγνωσθέντες
2850 530 2955 583 ὑπὸ
2980 529 3079 591 ,τοῦ
3110 529 3275 593 Θεοῦ,
3314 530 3407 583 καὶ
3448 531 3569 602 πρὶν
3591 535 3658 600 είς

2118 622 2437 695 ἀνθρώπους
2488 621 2777 695 παρελθεῖν
2801 660 2816 685 ,
2857 620 3207 691 ὲγνωρίξοντο
3250 619 3399 690 αὐτῷ
3436 621 3659 691 ὲσόμενιι

2117 715 2383 779 τοιοῦτοι,
2425 715 2649 770 ἀκούετε
2696 715 2876 768 ὁποῖον
2915 713 3068 777 τέλος
3110 714 3308 777 αὐτοὺς
3349 712 3655 782 διαλήψεται.

2130 804 2345 877 Ἐπειδὴ
2398 804 2538 875 γάρ,
2592 802 2805 872 φύσεως
2849 802 3137 872 ἐλευθέρας
3194 803 3290 855 καὶ
3340 801 3657 866 αὑτεξουσίου

2116 899 2416 969 γενόμενοι,
2433 898 2753 970 διακριτικοί
2776 915 2835 950 τε
2858 897 2953 950 τοῦ
2984 895 3146 949 καλοῦ
3171 897 3265 948 καὶ
3295 893 3401 957 τοῦ,
3421 895 3657 956 ἐναντίου,

2116 986 2215 1056 τήν
2242 1002 2299 1037 τε
2332 986 2411 1047 είς
2438 984 2674 1055 ἑκάτερα
2703 985 2874 1054 ῥοπὴν
2898 983 2995 1055 τὴν
3015 985 3071 1036 ὲν
3090 984 3301 1045 ἑαυτοῖς
3331 982 3656 1051 κεκτημένοι,

2115 1079 2214 1132 οὐκ
2259 1077 2430 1148 ὀρθῶς
2459 1078 2758 1148 ἐχρήσαντο
2793 1076 2869 1146 τῷ
2898 1074 3166 1146 κριτηρίῳ
3189 1113 3204 1136 ,
3230 1073 3353 1125 οὐδὲ
3390 1074 3656 1142 ἠγάπησαν

2111 1169 2210 1240 τὴν
2237 1169 2478 1232 εὐθεῖαν,
2513 1168 2715 1236 καίπερ
2745 1166 2953 1235 εἰδότης
2983 1164 3169 1233 αὐτὴν,
3192 1163 3307 1216 οὔδ’
3336 1162 3516 1232 ἔργοις
3548 1178 3656 1232 μετ-

2114 1258 2275 1329 ῆλθον
2324 1259 2424 1329 τὴν
2470 1256 2835 1327 δικαιοσύνην,
2870 1255 2936 1325 ἢν
2967 1254 3107 1323 λόγῳ
3144 1254 3291 1324 μόνῳ
3317 1251 3414 1306 καὶ
3451 1252 3656 1322 χείλεσιν

2113 1349 2526 1419 ἐπηγγέλλοντο,
2549 1347 2628 1418 τῷ
2653 1346 2865 1417 παλαιῷ
2889 1346 2945 1398 δὲ
2976 1345 3096 1413 ὕφει
3121 1341 3498 1413 ὁμοιωθέντες,
3513 1343 3655 1395 ἀσπί-

2113 1438 2202 1502 δος
2234 1438 2424 1507 κωιξῆς
2442 1437 2653 1507 χείρους
2674 1436 2920 1505 ἐγένοντο
2937 1452 2950 1465 ο
2975 1433 3165 1488 τούτου
3189 1434 3345 1505 χάριν
3374 1431 3657 1486 ἐπακούσα-

2112 1545 2173 1581 τε
2203 1527 2325 1581 τίνα
2360 1528 2453 1580 καὶ
2487 1528 2683 1590 αὐτοὺς
2720 1525 3032 1603 περιμένει,
3083 1525 3374 1597 μαθόντες,
3403 1525 3479 1587 ὡς
3511 1525 3538 1576 ὸ
3565 1524 3655 1576 τῶν

2111 1621 2247 1675 ὅλων
2274 1617 2467 1690 κριτὴς
2499 1616 2632 1681 Θεὸς
2661 1616 2939 1686 συντρίψει
2965 1617 3090 1679 τοὺς
3115 1615 3332 1678 ὀδόντας
3358 1613 3536 1666 αὐτῶν
3556 1612 3656 1666 κατ’

2112 1713 2265 1766 οὐδὲν
2289 1709 2651 1781 διαφερόντων
2679 1708 2939 1772 λεόντων,
2969 1706 3065 1760 καὶ
3089 1707 3167 1770 ὡς
3196 1706 3333 1777 μετά
3361 1704 3537 1758 πάντα
3565 1704 3658 1757 δια-

400 1794 403 1797 ’
434 1796 566 1852 sint.
594 1796 729 1852 Nam
758 1798 902 1854 illius
924 1800 1064 1866 loco,
1100 1800 1183 1853 Ad
1204 1800 1429 1855 nihilum
1461 1801 1729 1856 devenient
1760 1812 2007 1874 tanquam

2111 1806 2437 1877 λυθήσονται
2483 1806 2638 1875 δίκην
2682 1803 2868 1866 ὕδατος
2900 1801 3200 1873 ἐκρέοντος.
3240 1798 3387 1854 Ἀντί.
3419 1797 3526 1869 γάρ
3548 1798 3657 1863 τοῦ,

433 1903 573 1959 aqua
602 1888 910 1954 decurrens,
943 1890 1306 1961 Symmachus
1338 1892 1418 1948 sic
1448 1892 1856 1964 interpretatur,
1886 1895 2011 1950 Dis-

431 1979 710 2053 solvantur
750 1981 887 2036 sicut
928 1999 1066 2051 aqua
1118 1985 1475 2052 pet-transiens
1525 1986 1647 2039 sibi.
1682 1984 1818 2052 Quia
1861 1973 2008 2041 enim

430 2085 528 2127 ore
559 2079 720 2128 tenus
762 2072 1031 2142 justitiam
1056 2074 1337 2141 simulant,
1364 2075 1489 2146 jure
1520 2075 1665 2132 Deus
1691 2077 1885 2134 dentes
1911 2094 2008 2134 eo-

428 2178 556 2218 rum
595 2164 652 2219 in
680 2179 776 2221 ore
795 2165 1038 2236 ipsorum
1067 2175 1332 2222 conteret.
1371 2167 1438 2222 Et
1461 2168 1589 2238 quia
1615 2184 1723 2224 non
1746 2177 1831 2225 sat
1873 2170 2009 2241 ipsis

431 2251 557 2318 fuit,
596 2254 741 2325 quod
761 2255 1001 2326 serpenti
1026 2262 1081 2310 et
1103 2265 1416 2312 memoratae
1435 2258 1610 2328 aspidi
1626 2260 1807 2316 surdae
1822 2262 2006 2317 collati

430 2334 654 2412 essent;
687 2345 951 2417 cum'jam
981 2347 1212 2401 aliorum
1241 2349 1537 2417 perniciem
1560 2351 1866 2416 molientes,
1903 2353 2008 2406 leo—

428 2433 596 2489 nibus
625 2441 679 2490 et
701 2435 898 2490 catulis
914 2435 1128 2513 leonum
1155 2445 1568 2509 comparentur;
1600 2455 1631 2495 a
1659 2442 1859 2512 quibus
1888 2438 2011 2498 ani-'

431 2542 576 2582 mam
607 2527 723 2581 erui
759 2541 915 2582 suam
980 2529 1146 2584 David
1175 2529 1249 2585 ita
1303 2538 1560 2601 precatur
1587 2532 1641 2588 in
1680 2534 2005 2603 praecedenti

431 2619 667 2690 psalmo,
687 2618 755 2674 Et
770 2621 959 2690 eripuit
976 2622 1207 2676 animam
1229 2638 1401 2676 meam
1424 2622 1489 2676 de
1512 2624 1681 2678 medio
1709 2626 2008 2681 catulorum

433 2710 642 2765 leonum
700 2711 780 2779 ⁸¹;
822 2719 936 2777 aut,
984 2711 1047 2767 de
1096 2712 1264 2767 medio
1325 2714 1565 2778 leonum;
1597 2716 1774 2772 molas
1815 2731 2006 2773 eorum

344 2866 351 2881 ⁸
430 2802 843 2858 contracturum
868 2818 991 2860 esse
1034 2803 1205 2859 Deum
1241 2806 1464 2870 dicitur,
1488 2805 1741 2862 videlicet
1764 2814 2007 2878 potesta-

332 2968 351 2976 κ
412 2902 516 2981 [tes
572 2894 793 2949 malitia:
824 2910 1039 2962 eorum,
1079 2897 1235 2967 queis
1275 2898 1331 2951 in
1385 2898 1681 2952 multorum
1702 2899 2008 2969 perniciem

431 2986 747 3041 utebantur.
783 2985 920 3042 Cum
947 2995 1130 3043 autem
1160 2988 1350 3044 dentes
1373 2995 1427 3044 et
1447 2990 1620 3046 molas
1654 3006 1842 3046 eorum
1875 3004 2008 3046 con—

431 3072 648 3128 triverit
680 3074 843 3140 Deus,
876 3082 1010 3130 tunc
1065 3075 1283 3130 demum
1317 3091 1416 3134 ceu
1448 3078 1646 3132 mortui
1680 3077 1750 3133 ad
1773 3077 2005 3132 nihilum

2124 1896 2734 1964 Ἐξουδενωθιὶσονται
2776 1894 2857 1959 ὡς
2902 1893 3056 1960 ὕδωρ
3098 1889 3657 1960 παραπορευόμενον,

2110 1988 2138 2040 ὁ
2186 1986 2477 2059 Σύμμαχος
2511 1985 2856 2056 ἡρμήνευσε,
2914 1980 3376 2047 Διαλυθιὶτωσμν
3404 1979 3487 2044 ὡς
3524 1976 3658 2046 ὕδωρ

2109 2081 2553 2149 παρερχόμενον
2578 2074 2788 2141 ἐαυτῷ.
2805 2073 3018 2144 Ἐπειδὴ
3049 2072 3157 2142 γάρ
3187 2070 3266 2141 τῷ
3295 2069 3521 2141 στόματι
3549 2068 3660 2122 καθ-

2108 2169 2488 2239 υποκρίνονται
2528 2165 2626 2236 τὴν
2667 2162 3033 2234 δικαιοσύνην,
3057 2161 3279 2224 εἰκότως
3306 2159 3437 2223 τοὺς
3459 2159 3660 2221 ὀδόντας

2108 2259 2287 2315 αὐτῶν
2324 2260 2353 2312 ὁ
2386 2258 2518 2322 Θεὸς
2560 2257 2618 2310 ὲν
2657 2255 2736 2327 τῷ
2768 2255 2996 2325 στόματι
3031 2252 3209 2308 αὐτῶν
3241 2249 3539 2322 συντρίψει.
3568 2248 3659 2303 Καὶ

2110 2351 2232 2405 ἐπεὶ
2269 2348 2343 2420 μὴ
2378 2348 2693 2419 ἀπήρκεσεν
2733 2345 2916 2408 αὐτοῖς
2944 2342 3275 2413 ὁμοιωθῆναι
3304 2339 3384 2411 τῷ
3424 2340 3544 2408 ὕφει
3581 2338 3659 2392 καὶ

2107 2443 2174 2513 τῇ
2209 2437 2569 2511 προλεχθείσῃ
2594 2430 2780 2490 ἀσπίδι
2807 2436 2985 2504 κωφῇ,
3009 2432 3109 2504 ἤδη
3138 2431 3194 2485 δὲ
3221 2432 3314 2485 καὶ
3336 2430 3557 2499 ἐτέρους
3583 2429 3660 2481 λυ-

2112 2529 2446 2603 μαινόμενοι,
2483 2528 2664 2581 λέουσι
2696 2524 3117 2596 παρεόλήθησαν
3146 2522 3240 2576 καὶ
3268 2521 3547 2592 σκύμνοις,
3581 2518 3661 2588 ἀφ’

2107 2617 2183 2676 ὧν
2213 2621 2310 2692 τὴν
2339 2617 2528 2674 ἑαυτοῦ
2549 2616 2727 2688 ψυχὴν
2749 2609 3011 2688 sepedum
3035 2612 3248 2685 εὔχεται
3274 2612 3304 2664 ό
3324 2610 3491 2664 Δαυῒδ
3509 2610 3661 2678 λέγων

2104 2712 2175 2766 ὲν
2196 2709 2275 2781 τῷ
2303 2709 2410 2781 πρὸ
2438 2708 2629 2762 τούτου
2652 2725 2666 2738 ·
2699 2707 2809 2761 Kal
2841 2706 3135 2775 ὲρῤύσατο
3171 2703 3287 2771 τὴν
3314 2702 3527 2773 ψυχήν
3558 2717 3661 2770 μου

2107 2802 2177 2856 ἐκ
2199 2800 2393 2872 μέσου
2417 2797 2724 2868 σκύμνων,
2759 2794 2814 2866 ἥ,
2835 2794 2904 2848 ἐκ
2930 2794 3124 2864 μέσου
3154 2794 3417 2846 λεόντων
3456 2790 3554 2853 τὰς
3578 2788 3677 2858 μύον

2107 2894 2204 2957 λας
2249 2892 2430 2946 αὐτῶν
2464 2889 2782 2944 συνθλάσειν
2821 2887 3035 2955 λέγεται
3077 2885 3106 2939 ὁ
3138 2882 3269 2946 Θεδς
3291 2921 3307 2946 ,
3342 2879 3541 2953 δηλαδὴ
3576 2876 3662 2941 τὰς

2079 3020 2083 3023 -
2107 2985 2208 3056 τῆς
2241 2984 2440 3047 κακίας
2468 2980 2647 3037 αὐτῶν
2693 2978 2949 3049 δυνάμεις
2969 3015 2983 3040 ,
3011 2970 3100 3039 ah;
3126 2974 3211 3029 ἐπ’
3238 2972 3445 3042 ὀλέθρῳ
3477 2967 3663 3023 πολλῶν

2109 3078 2432 3151 ἐχρήσαντο.
2466 3073 2715 3129 Ἐπειδὰν
2745 3070 2802 3126 δὲ
2835 3071 2962 3134 τοὺς
2993 3068 3207 3131 ὀδόντας
3236 3064 3416 3120 αὐτῶν
3456 3064 3546 3118 καὶ
3578 3061 3664 3123 τὰς

430 3165 740 3232 devenient,
782 3137 838 3222 et
875 3167 1021 3224 sicut
1046 3182 1185 3237 aqua
1241 3167 1347 3223 sibi
1391 3169 1765 3238 pertransiens
1808 3169 2006 3226 dissol-

2113 3137 2287 3241 p314;
2305 3166 2569 3239 συντρίψῃ
2588 3166 2618 3217 ὁ
2637 3162 2788 3229 Θεὸς,
2811 3162 2932 3214 τότε
2958 3159 3141 3214 λοιπὸν
3170 3155 3663 3225 ὲξουδενωθήσονται

398 3264 649 3318 ,ventur.
677 3255 744 3310 Et
792 3257 838 3312 is
872 3258 1094 3327 quidem
1154 3257 1373 3314 futurus
1417 3258 1710 3330 impiorum
1760 3261 2005 3315 omnium

431 3340 585 3403 tinis.‘
617 3345 772 3415 Quod
804 3362 936 3403 sane
957 3363 1054 3403 vos
1086 3347 1226 3404 scire
1248 3362 1473 3404 necesse
1510 3358 1616 3411 est,
1645 3364 1679 3404 o
1712 3348 1805 3404 lilii
1829 3349 2002 3404 homi-

433 3451 600 3502 num,
629 3444 710 3500 ut,
763 3429 819 3511 si,
871 3454 986 3492 vere
1038 3438 1496 3508 utiquejustitiam
1529 3440 1825 3511 loquimini,
1863 3449 2008 3496 recta

428 3530 711 3599 judicetis,
736 3545 913 3601 neque
936 3531 1320 3601 praedictorum
1368 3531 1649 3589 hominum
1675 3533 1819 3588 viam
1857 3534 2009 3589 inea-

431 3624 526 3687 tis,
571 3637 745 3692 neque
778 3622 834 3677 in
867 3622 1034 3699 corde
1081 3623 1404 3694 iniquitates
1464 3625 1788 3696 operemini,
1830 3641 2008 3696 neque

431 3706 757 3782 iniustitiam
788 3718 984 3770 manus
1040 3725 1237 3770 vestrae
1266 3714 1614 3795 complicent,
1661 3730 1763 3772 nec
1805 3732 1904 3772 vos
1926 3718 2006 3770 si-

429 3805 590 3861 miles
609 3807 847 3876 serpenli
873 3807 1198 3873 exliibeatis,
1223 3823 1322 3862 nec
1344 3808 1466 3864 sitis
1487 3809 1627 3863 sicut
1650 3810 1797 3879 aspis
1815 3810 2003 3874 surda,

430 3893 699 3949 obturans
719 3907 880 3949 aures
924 3911 1073 3956 suas.
1108 3912 1211 3951 nec
1240 3914 1363 3952 cum
1412 3899 1727 3954 memoratis
1751 3900 1933 3972 impiis
1955 3911 2009 3957 et

433 3979 816 4053 peccatoribus
868 4002 977 4040 una
1031 3989 1417 4045 an.lucamini:
1471 4006 1612 4060 quos
1665 3992 2006 4062 prazscientia

433 4090 533 4128 sua
559 4083 889 4143 praevertens
911 4077 1073 4141 Deus,
1093 4086 1382 4149 antequam
1405 4080 1460 4134 in
1492 4072 1667 4140 lucem
1702 4082 2004 4153 prodirent,

400 4232 403 4235 Α
434 4166 573 4222 tales
603 4166 816 4223 futuros
842 4184 964 4225 esse
993 4178 1252 4237 noverat;
1283 4171 1380 4227 sed
1409 4180 1589 4228 tamen
1637 4176 1914 4231 concessit
1948 4182 2009 4230 ut

433 4252 797 4311 noscerentur
825 4272 890 4312 ac
924 4257 979 4313 in
1007 4259 1180 4313 lucem
1231 4261 1500 4324 venirent,
1550 4263 1724 4332 gratia
1747 4279 1847 4318 sua
1876 4264 2010 4333 ipsis

432 4359 651 4415 quoque
682 4342 982 4411 concessa,
1012 4354 1070 4401 ut
1095 4348 1272 4416 palam
1324 4363 1513 4403 eorum
1550 4350 1889 4421 propositum
1913 4352 2010 4407 lie-

2108 3261 2185 3325 ὠς
2213 3260 2279 3315 ἂν
2309 3256 2690 3330 νεκρωθέντες,
2716 3253 2807 3307 καὶ
2833 3251 3242 3322 διαλυθήσονται
3265 3248 3341 3311 ὡς
3363 3246 3512 3316 ὓδωρ
3540 3261 3662 3314 παρ-

2110 3349 2404 3421 ερχόμενον
2447 3343 2644 3415 ὲαυτῷ.
2696 3343 2808 3397 Καὶ
2837 3339 3076 3395 τοιοῦτον
3111 3339 3211 3410 μὲν
3232 3336 3381 3391 ἔσται
3415 3336 3525 3388 τῶν
3553 3335 3663 3388 ἀσε-

2108 3441 2219 3495 ϐῶν
2248 3440 2466 3495 πάντων
2497 3437 2559 3490 τὸ
2577 3436 2749 3498 τέλος.
2783 3436 2850 3487 '0
2881 3433 2944 3503 δὴ
2970 3431 3262 3500 ἀναγκαῖον
3285 3428 3431 3498 ὑμᾶς
3457 3426 3661 3495 γνῶναι,

2108 3527 2153 3587 ὧ
2181 3533 2289 3587 utet
2325 3530 2433 3585 τῶν
2464 3525 2794 3602 ἀνθρώπων,
2835 3523 2900 3577 ἵν’
2921 3562 2937 3588 ,
2983 3525 3037 3576 εὶ
3062 3518 3299 3588 ἀληθῶς
3324 3517 3441 3585 ἄρα
3474 3516 3664 3570 δικαιο-

2107 3623 2311 3692 σύνην
2340 3616 2600 3686 λαλεῖτε,
2625 3613 2803 3670 εὐθέα
2834 3613 3079 3683 κρίνητε,
3114 3608 3209 3663 καὶ
3240 3607 3313 3678 μὴ
3344 3602 3663 3682 μετέρχησθε

2107 3714 2206 3786 τὴν
2225 3713 2334 3766 τῶν
2360 3709 2663 3783 εἰρημένων
2686 3704 2893 3777 ἀνδρῶν
2918 3703 3054 3767 ὁδὸν,
3082 3699 3308 3771 μηδὲ.ὲν
3333 3695 3533 3767 καρδίᾳ
3562 3694 3667 3746 ἀνο-

2114 3806 2241 3878 μίας
2268 3800 2573 3878 ἐργάζησθε
2592 3839 2607 3865 ,
2651 3797 2786 3869 μηδὲ
2829 3793 3041 3849 ἀδικίαν
3073 3793 3128 3844 αἱ
3151 3791 3329 3861 χεῖρες
3355 3787 3512 3858 ὑμῶν
3541 3799 3665 3878 cup:

2109 3896 2351 3952 πλέκωσι
2372 3936 2388 3962 ,
2433 3893 2564 3967 μηδὲ
2603 3891 2827 3951 ἑαυτοὺς
2872 3881 3318 3951 κατασκευὰξητε
3352 3871 3665 3967 ὀμοίουςῌτῷ

2109 3989 2252 4059 ὖφει,
2290 3959 2692 4058 μηδέγένησθε
2720 3980 2795 4043 ὡς
2825 3978 2990 4039 ἀσπὶς
3017 3974 3173 4045 κωφὴ
3215 3971 3417 4042 βύουσα
3449 3968 3528 4022 *τά
3567 3959 3666 4020 ὦτα

2112 4081 2282 4150 αὐτῆς
2302 4119 2317 4145 ,
2349 4075 2480 4149 μηδὲ
2509 4077 2620 4136 τοῖς
2647 4069 3021 4143 προλεχθεῖσιν
3044 4064 3265 4121 ἀσεϐέσι
3292 4061 3401 4115 καὶ
3428 4061 3669 4150 ἀμαρτω-

2110 4173 2224 4235 λοῖς
2242 4144 2648 4235 ἰσυναπάείοισθε
2671 4180 2703 4205 ὀ
2717 4161 2809 4224 οὓς
2831 4155 3116 4230 προλαϐὼν
3137 4157 3166 4208 ὁ
3188 4152 3321 4219 Θεὸς
3342 4155 3408 4223 τῇ
3438 4144 3667 4221 προγνώ-

2113 4282 2218 4328 σει,
2245 4261 2374 4333 πρὶν
2407 4260 2485 4322 εἰς
2515 4255 2631 4326 φῶς
2657 4251 2960 4325 προελθεῖν,
2983 4248 3125 4316 ἔγνω
3156 4243 3256 4316 μὲν
3274 4239 3670 4333 τοιούτουςᾷὲσο-

2114 4327 2348 4424 μένους,
2381 4350 2528 4419 ὅμως
2550 4346 2596 4398 δ’
2623 4340 2715 4398 οὖν
2748 4339 3093 4412 συνεχώρησε
3121 4333 3445 4424 γεννηθῆναι
3485 4327 3668 4424 καὶ-είς

431 4442 536 4491 ret.
567 4432 845 4506 Siquidem
868 4444 923 4490 et
958 4435 1203 4491 ordinem
1225 4437 1501 4508 justorum
1548 4410 1754 4494 rectam
1788 4454 1854 4494 ac
1904 4438 2007 4494 mi-

2113 4410 2232 4512 ;pGn;
2265 4410 2569 4512 προελθεῖν,
2594 4433 2693 4504 τὴν
2721 4432 2850 4503 παρ’
2876 4410 3040 4482 αὐτοῦ
3066 4426 3228 4497 χάριν
3254 4424 3349 4477 καὶ
3385 4410 3565 4483 αὐτοῖς
3586 4416 3671 4470 δω-

430 4528 579 4585 nime
609 4527 870 4584 deﬂexam
901 4528 1043 4584 viam
1071 4539 1266 4600 suapte
1291 4531 1569 4586 voluntate
1589 4531 1849 4588 initurum
1865 4549 2007 4604 prae-

2114 4508 2442 4607 ρησάμενος,
2464 4530 2543 4592 εἰς
2573 4525 2633 4579 τὺ
2664 4522 2928 4593 φανεροὺς
2954 4515 3319 4607 γενέσθαι-τὴν
3344 4512 3664 4607 προαίρεσιν.

428 4627 651 4675 vertens
684 4616 829 4675 Deus
881 4629 1128 4677 noverat.
1163 4620 1368 4678 Deinde
1414 4623 1635 4691 utrique
1664 4623 1844 4679 ordini
1871 4625 2005 4681 libe-

428 4727 552 4766 rum
579 4710 789 4766 arbitrii
814 4718 1020 4767 motum
1054 4712 1284 4777 dimisit,
1321 4712 1631 4768 concedens
1653 4714 1792 4768 utin
1826 4715 2005 4770 stadio

400 4792 656 4860 cursum
683 4803 1036 4860 conﬁcerent.
1090 4804 1169 4858 Ac
1214 4819 1338 4858 cum
1375 4805 1662 4863 universos
1700 4815 1896 4862 natura
1929 4808 2005 4863 si-

427 4896 588 4950 miles
634 4887 1027 4973 constituisset
1067 4933 1082 4957 ,
1130 4894 1409 4949 voluntate
1462 4894 1682 4964 propria
1734 4911 2006 4965 quemque

427 4987 657 5041 meliora
683 4984 918 5055 deligere
939 4987 1146 5055 pariter
1191 4983 1458 5054 permisit.
1494 4983 1578 5038 llli
1627 4999 1780 5052 vero,
1819 4993 2006 5056 utpote

428 5079 524 5150 qui
546 5074 898 5147 suiipsorum
952 5078 1182 5141 domini,
1220 5077 1304 5132 sui
1346 5077 1490 5148 juris
1519 5093 1583 5134 ac
1633 5078 1790 5134 liberi
1827 5077 2006 5149 quoad

430 5176 639 5224 motum
660 5178 868 5233 essent,
920 5169 1185 5223 arbitratu
1221 5185 1321 5224 suo
1372 5169 1636 5239 disjuncti
1682 5179 1837 5234 sunt,
1883 5169 2006 5226 aliis

430 5257 660 5325 rectam,
709 5256 989 5328 obliquam
1046 5257 1198 5314 aliis
1229 5260 1371 5315 viam
1420 5260 1824 5330 cooptantibus.
1881 5259 2008 5314 Ideo

427 5347 736 5416 justusille
758 5347 948 5416 judex,
973 5348 1196 5418 utrique
1235 5348 1417 5405 ordini
1444 5364 1545 5414 ceu
1570 5348 1889 5404 certaminis
1918 5362 2010 5401 ar-

429 5434 596 5497 biter,
630 5436 953 5505 congruenti
980 5451 1044 5490 ac
1066 5436 1249 5492 debito
1282 5437 1389 5492 ﬁne
1420 5436 1615 5508 dignos
1657 5444 2005 5491 remunerat:

430 5540 544 5580 non
571 5524 854 5578 hominum
888 5527 997 5581 ritu
1020 5542 1089 5581 ex
1121 5535 1342 5584 actuum
1370 5534 1567 5583 eventu
1591 5526 1861 5600 cujusque
1885 5540 2008 5579 mo-

924 5680 956 5697 ρ

505 5680 547 5711 ⁵¹
590 5677 733 5736 Γεαι.
772 5694 882 5744 va,
924 5680 978 5734 ἴ.

2120 4604 2274 4675 Ἐπεὶ
2301 4618 2393 4672 καὶ
2420 4616 2483 4669 τὸ
2527 4613 2636 4667 τῶν
2663 4611 2885 4665 δικαίων
2912 4609 3098 4678 τάγμα
3117 4645 3133 4671 ,
3173 4604 3233 4668 ἐξ
3259 4604 3465 4665 οἰκείας
3489 4615 3665 4670 προαι-

2111 4710 2313 4782 ρέσεως
2340 4704 2444 4777 τὴν
2472 4704 2639 4776 ὀρθὴν
2672 4702 2766 4755 καὶ
2813 4699 3169 4768 ἀδιάστροφον
3219 4694 3411 4765 μέλλον
3458 4690 3663 4782 ὁδεύειν,

2108 4779 2396 4872 προλαϐὼν
2426 4797 2456 4848 ὁ
2480 4795 2612 4858 Θεὸς
2642 4793 2802 4861 ἔγνω.
2843 4786 2955 4843 Εἶτ’
2991 4784 3317 4857 ἀμφοτέρων
3345 4781 3453 4837 τῶν
3474 4779 3667 4872 ταγμά-

2106 4871 2216 4946 των
2238 4891 2338 4963 τὴν
2369 4886 2713 4953 αὐτεξούσιον
2751 4881 2925 4961 ὁρμὴν
2954 4878 3247 4949 ἐλευθέραν
3273 4876 3493 4946 ἀνῆκεν,
3526 4873 3594 4934 ὡς
3617 4871 3665 4922 ἓν

2114 4959 2313 5054 σταδίῴ
2341 4970 2615 5034 ποιεῖσθαι
2646 4978 2738 5030 τὸν
2768 4959 2964 5045 δρόμον
2993 4968 3292 5039 ἐπιτρέψας
3325 4967 3527 5027 αὐτοῖς.
3571 4959 3667 5054 καὶ

2111 5050 2406 5143 αὺτδςνμὲν
2432 5064 2651 5140 ὁμοίους
2676 5065 2774 5135 τὴν
2807 5062 2967 5132 φύσιν
2996 5062 3124 5124 τοὺς
3152 5060 3361 5120 πάντας
3385 5050 3668 5149 ὑποστησά-

2114 5180 2315 5236 μενος,
2352 5158 2670 5233 προαιρέσει
2717 5153 2895 5225 οἰκείᾳ
2955 5148 3191 5223 χρῆσθαι
3236 5148 3373 5218 πρὸς
3416 5144 3515 5236 τὴν
3573 5144 3665 5195 τῶν

2112 5234 2435 5327 κρειττόνων
2464 5251 2675 5321 αἵρεσιν
2700 5249 2813 5309 τοῖς
2842 5246 3005 5298 πᾶσιν
3019 5241 3220 5312 ὁμοίως
3242 5234 3663 5327 συγκεχώρηκεν

2042 5330 2045 5339 ’
2111 5320 2165 5400 oi
2188 5344 2245 5398 δὲ
2266 5384 2282 5407 ,
2310 5343 2406 5398 ἅτε
2431 5320 2610 5413 κύριοι
2645 5337 2852 5394 ἑαυτῶν
2880 5332 3221 5394 καθεστῶτες
3238 5368 3254 5393 ,
3296 5326 3481 5398 ἄφετοι
3502 5341 3559 5378 τε
3585 5320 3666 5379 καὶ

2114 5430 2387 5502 ἐλεύθεροι
2415 5428 2514 5499 τὴν
2548 5426 2745 5499 ὁρμὴν,
2785 5420 3230 5494 αὐτοπροαιρέτῳ
3255 5415 3444 5486 γνώμῃ
3472 5414 3667 5479 διέστη-

2115 5539 2235 5591 σαν,
2266 5522 2317 5574 οί
2346 5520 2446 5591 μὲν
2476 5517 2574 5591 τὴν
2599 5515 2811 5573 εὐθεῖαν
2838 5511 3065 5583 ὁδεύειν,
3088 5512 3138 5565 οί
3165 5509 3224 5569 δὲ
3243 5505 3668 5578 τὴν-διάστρθφῡν
