3808 6280
144 343 244 401 535

1266 348 1768 406 COMMENTARIA
1806 348 1873 403 ιΝ
1908 348 2247 406 PSALMOS.

3275 347 3379 403 5‘26

140 462 382 531 ἑλόμενοι.
419 459 608 513 ιόυΐου
640 460 798 532 χάριν
823 462 851 515 6
874 463 1079 527 δίκαιος
1103 467 1315 536 κριτὴς,
1348 467 1686 539 ἀγωνοθετῶν

1801 484 1889 524 res
1911 467 2165 524 ediscens
2186 504 2199 531 ,
2225 482 2411 522 verum
2446 475 2629 535 utpote
2652 464 2795 524 Deus
2814 468 2999 521 omnia
3034 480 3379 537 cognoscens

138 553 361 623 ἑκατέρῳ
393 553 653 621 τάγματι,
679 553 757 623 τῷ
782 556 1105 627 καταλλήλῳ
1137 558 1233 610 καὶ
1259 560 1587 629 προσήκοντι
1609 560 1697 612 τέ-

139 646 212 698 λει
243 644 359 706 τοὺς
393 643 581 709 ἀξίους
611 647 977 717 παραδίδωσιν
996 665 1009 678 ·
1043 650 1102 703 οὐ
1126 649 1376 722 καθάπερ
1420 650 1697 720 ἄνθρωποι

142 735 313 807 μαθὼν
344 735 402 787 ἐκ
431 735 529 803 τῆς
572 736 682 791 τῶν
722 739 1065 808 πραγμάτων
1097 740 1419 806 ἀποϐάσεως
1449 742 1541 795 τὸν
1570 742 1697 795 ἐκά-

141 840 254 875 στου
280 822 501 892 τρόπον,
546 820 635 877 οἶα
668 825 726 877 δὲ
768 827 900 889 θεὸς
938 828 1031 880 καὶ
1075 829 1181 898 πρὸ
1221 828 1489 896 γενέσεως
1542 830 1696 893 είδὼς

141 914 351 965 ᾶπαντα.
379 913 467 965 Διὸ
501 916 549 966 οί
576 915 676 985 μὲν
703 915 1221 989 ἀπηλλοτριώθησαν
1256 921 1386 990 παρ’
1424 920 1574 991 αὐτῷ
1605 922 1698 975 καὶ

140 1004 257 1074 πρὶν
292 1004 316 1074 ἢ
351 1006 459 1068 τοῖς
496 1005 706 1069 λοιποῖς
729 1006 1073 1077 γνωσθῆναν
1112 1010 1163 1061 οί
1188 1008 1245 1062 δὲ
1284 1010 1431 1078 ἆγιοι
1463 1012 1695 1080 ἐκλογῆς

138 1093 421 1165 ἠξιώθησαν
453 1095 657 1165 ὁμοίως
695 1097 936 1168 Ἱερεμίᾳ
975 1098 1053 1169 τῷ
1081 1102 1335 1172 προφήτῃ
1357 1140 1370 1164 ,
1401 1094 1445 1169 ᾧ
1474 1119 1637 1172 φησιν
1668 1105 1696 1155 ὁ

138 1185 282 1247 Θεὸς·
307 1186 418 1252 Πρὸ
452 1186 558 1239 τοῦ
578 1204 656 1255 με
683 1187 915 1242 πλάσαι
936 1206 1009 1243 σε
1033 1190 1103 1242 ἐν
1134 1193 1353 1260 κοιλίᾳ,
1371 1194 1695 1263 ἐπίσταμαί

137 1290 233 1336 σε,
262 1276 348 1329 καί
391 1276 505 1343 πρὸ
536 1277 644 1331 τοῦ
678 1294 753 1331 σε
781 1279 1052 1343 ἐξελθεῖν
1077 1282 1145 1335 ἐκ
1166 1282 1432 1352 μήτρας,
1476 1285 1696 1355 ἡγίακιὶ

136 1382 220 1420 σε.
249 1367 348 1419 Καὶ
372 1369 399 1421 6
433 1369 754 1435 Ἀπόστολος
782 1371 943 1425 τοῦτο
987 1373 1173 1445 ἐδήλου
1202 1376 1459 1443 φάσκωνο
1490 1378 1695 1444 Καθὼς

136 1458 427 1523 ἐξελέξατο
453 1460 611 1529 ἡμᾶς
631 1462 703 1515 ἐν
734 1463 897 1529 αὐτῷ
918 1464 1034 1533 πρὸ
1068 1466 1407 1536 καταϐολῆς
1435 1472 1692 1539 κόσμου,

74 1620 77 1623 η
136 1546 272 1603 εἶναι
315 1550 469 1620 ἡμᾶς
502 1553 715 1622 ἁγίους
747 1555 844 1609 καὶ
879 1556 1159 1626 ἀμώμους
1194 1559 1561 1615 κατενώπιον
1589 1566 1695 1617 αὺ-

135 1643 228 1696 τοῦ
259 1644 322 1696 ἐν
350 1644 570 1713 ἀγάπῃ,
602 1649 930 1715 ,προορίσας
962 1650 1121 1720 ἡμᾶς
1141 1653 1228 1716 εὶς
1258 1652 1565 1707 υἱοθεσίαν
1597 1653 1694 1709 διὰ

147 1734 319 1802 Ἰησοῦ
352 1737 607 1803 Χριστοῦ
629 1753 642 1766 ·
672 1740 766 1791 καὶ
793 1741 985 1794 πάλιν·
1021 1743 1116 1795 Ἐν
1153 1735 1202 1808 ᾧ
1230 1744 1326 1797 καὶ
1356 1745 1693 1815 ἐκληρώθηη

1798 567 1925 614 ante
1942 560 2229 629 originem.
2263 557 2443 623 Quare
2464 558 2553 612 alii
2579 558 2797 627 quidem
2824 568 3117 628 antequam
3166 560 3382 613 castoris

1798 649 1912 703 noti
1946 656 2153 713 essent,
2187 649 2255 702 ab
2284 663 2349 703 eo
2377 647 2604 701 alienati
2631 655 2792 714 sunt;
2850 650 3029 703 sancti
3062 664 3215 711 vero,
3276 649 3382 703 ele-

1797 739 1979 794 ctione
2013 740 2221 809 dignati
2248 779 2262 803 ,
2293 739 2456 795 sicuti
2487 737 2753 793 Jeremias
2784 740 3047 808 propheta
3072 780 3086 803 ,
3122 740 3210 794 cui
3237 738 3379 792 dixit

1799 828 1941 885 Deus
1979 846 1991 881 :
2026 830 2318 900 Antequam
2350 840 2397 884 te
2430 830 2723 898 formarent
2748 830 2805 882 in
2870 838 3041 892 utero,
3077 832 3196 883 novi
3223 842 3292 894 te,
3327 840 3376 883 et

1797 930 2075 992 antequam
2104 923 2270 976 uires
2292 921 2355 975 de
2386 922 2558 986 vulva,
2591 921 2919 987 sancti/iacui
2945 930 2992 974 te
3014 922 3079 974 ⁸⁸.
3106 920 3161 976 Id
3194 910 3373 991 ipsum

1796 1014 2094 1083 Apostolus
2134 1015 2377 1069 declarat
2428 1015 2515 1070 his
2567 1014 2749 1069 verbis
2791 1032 2805 1068 :
2839 1012 3161 1083 Sirutelegit
3201 1031 3295 1068 nos
3320 1015 3375 1067 in
3416 1079 3423 1086 γ

1795 1106 1909 1177 ipso
1940 1115 2060 1160 ante
2085 1106 2266 1159 mundi
2296 1107 2745 1165 constitutionem.
2788 1114 2844 1158 ut
2878 1121 3108 1159 essemus
3132 1108 3301 1159 sancti
3324 1114 3376 1163 et

1795 1197 2127 1250 immaculati
2152 1197 2206 1249 in
2236 1204 2515 1264 conspectu
2559 1196 2671 1264 ejus
2706 1197 2761 1249 in
2792 1195 3052 1248 charitate
3082 1212 3099 1247 :
3124 1196 3212 1263 qui
3237 1210 3378 1261 ρηο-

1795 1285 2079 1349 destinavit
2132 1301 2226 1339 nos
2276 1285 2330 1337 in
2379 1283 2714 1351 adoptionem
2769 1284 3005 1352 ﬁliorum
3050 1298 3141 1351 per
3190 1281 3376 1336 Iesum

1798 1374 2063 1431 Christum
2083 1376 2127 1408 ⁸³
2148 1390 2249 1441 λεια
2284 1391 2500 1429 rursum
2528 1390 2541 1425 :
2583 1372 2650 1427 In
2682 1391 2782 1443 quo
2808 1383 2857 1427 et
2894 1390 2988 1427 nos
3022 1374 3159 1443 forte
3204 1374 3376 1426 uocati

1794 1481 1997 1527 sumus,
2052 1464 2414 1533 pmdestinati
2470 1460 2754 1515 secundum
2820 1460 3204 1530 prwscientiam
3260 1459 3374 1526 ejus

1793 1556 1882 1625 qui
1919 1564 2171 1623 operatur
2216 1554 2397 1607 omnia
2417 1550 2705 1605 secundum
2763 1551 3039 1605 consilium
3088 1549 3375 1603 voluntatis

1794 1655 1999 1709 suw,ut
2030 1646 2195 1699 simus
2225 1646 2278 1697 in
2304 1643 2513 1698 laudem
2544 1643 2728 1713 gloria:
2764 1642 2880 1707 eius
2923 1640 2986 1698 ³⁸.
3018 1639 3207 1695 Viden’
3236 1656 3375 1709 quo-

1796 1736 1956 1792 modo
2000 1746 2124 1791 ante
2157 1737 2345 1790 mundi
2407 1734 2878 1797 constitutionem,
2915 1734 3119 1788 electos
3149 1739 3203 1785 et
3236 1747 3374 1800 prin.

130 1841 231 1891 μεν
248 1828 694 1895 προορισθέντες
720 1832 871 1884 κατὰ
901 1834 1245 1902 πρόγνωσιν
1264 1836 1371 1890 τοῦ
1390 1837 1463 1889 τὰ
1491 1811 1686 1891 πάντα

1793 1828 2099 1882 destinatos
2124 1826 2271 1880 dicat
2306 1826 2372 1879 ad
2403 1825 2752 1895 adoptionem
2780 1824 3037 1888 filiorum,
3068 1824 3370 1878 secundum

132 1911 496 1980 ἐνεργοῦντος
536 1916 634 1969 καὶ
684 1918 836 1971 κατὰ
896 1918 1010 1987 τὴν
1063 1922 1313 1991 ,ϐουλὴν
1354 1925 1460 1979 τοῦ
1510 1928 1688 1995 θελή-

128 2017 297 2087 ματος
317 2004 518 2068 αὑτοῦ,
543 2007 632 2072 εὶς
657 2007 723 2060 τὸ
749 2006 904 2065 εἶναι
938 2011 1098 2079 ἡμᾶς
1119 2015 1206 2077 εἰς
1234 2013 1486 2069 ἔπαινον
1504 2016 1691 2085 δόξης

131 2096 314 2149 αὐτοῦ.
376 2096 538 2170 Ὁρᾷς
590 2099 740 2165 ὅπως
788 2102 893 2175 πρὸ
946 2104 1250 2176 καταϐολῆς
1294 2106 1501 2179 κόσμου
1553 2110 1690 2177 ἐξει-

131 2185 297 2257 λέχθαι
328 2190 419 2241 καὶ
453 2192 792 2261 προωρίσθαι
820 2196 901 2258 εἰς
933 2194 1229 2263 υἱοθεσίαν,
1262 2200 1403 2253 κατὰ
1436 2201 1689 2271 πρόθεσιν

130 2276 210 2329 τοῦ
241 2280 408 2333 πάντα
437 2281 789 2352 ἐνεργοῦντος
811 2304 944 2355 φησι
964 2303 978 2351 ;
998 2287 1097 2357 τὴν
1118 2289 1289 2359 αὐτὴν
1313 2289 1368 2342 δὲ
1390 2292 1688 2363 παρίστησι

128 2366 340 2423 διάνοιαν
368 2372 396 2423 6
427 2372 591 2436 αὐτὸς
617 2373 791 2441 λέγων
811 2392 824 2405 ο
865 2376 1121 2445 Οἴδαμεν
1158 2376 1227 2429 δὲ
1246 2418 1260 2441 ,
1286 2378 1374 2431 ὅτι
1404 2380 1526 2446 τοῖς
1547 2382 1688 2452 ἀγα-

130 2457 269 2512 πῶσι
314 2460 417 2514 τὸν
458 2462 610 2517 Θεὸν
640 2465 838 2520 πάντα
883 2467 1169 2536 συνεργεῖ
1191 2470 1279 2534 εἰς
1308 2470 1533 2539 ἀγαθὸν
1563 2472 1688 2539 τοῖς

133 2552 263 2603 κατά
292 2554 576 2618 πρόθεσιν
619 2555 863 2623 κλητοῖς
892 2552 1106 2612 οὖσιν⁹
1138 2559 1227 2611 ὅτι
1270 2558 1376 2626 οὓς
1422 2561 1687 2632 προέγνω

132 2644 217 2695 καί
248 2644 533 2713 προώρισε
557 2648 953 2717 συμμόρφους
984 2649 1096 2718 τῆς
1136 2652 1370 2718 εἰκόνος
1403 2653 1511 2707 τοῦ
1550 2654 1687 2709 Υἱοῦ

130 2735 314 2799 αὑτοῦ,
335 2738 421 2803 εἰς
447 2737 513 2791 τὸ
541 2733 695 2792 εἶναι
718 2740 905 2795 αὐτόν
938 2744 1318 2810 πρωτοτόκων
1342 2744 1413 2796 ἐν
1436 2744 1688 2811 πολλοῖς

129 2823 405 2893 ἀδελφοῖς.
438 2827 557 2895 οὓς
574 2829 643 2883 δὲ
665 2830 979 2901 προώρισε,
1006 2834 1259 2901 τούτους
1284 2836 1381 2889 καὶ
1408 2835 1684 2900 ἐκάλεσε,

129 2917 212 2971 καὶ
242 2920 343 2985 οὓς
372 2920 630 2976 ἐκάλεσε
653 2964 668 2988 ,
698 2925 951 2991 τούτους
985 2926 1080 2979 καὶ
1110 2926 1425 2981 ἐδικαίωσε
1443 2969 1458 2992 ,
1486 2927 1687 2994 οὓς,δὲ

128 3007 436 3076 ἐδικαίωσε,
466 3014 719 3080 τούτους
756 3016 858 3071 καὶ
894 3016 1172 3081 ἐδόξασε.
1209 3020 1289 3072 Τα
1318 3020 1481 3089 ὃμοια
1508 3019 1563 3073 δὲ
1593 3020 1687 3073 καὶ

130 3100 238 3171 περὶ
278 3099 466 3199 tauro?
506 3103 747 3158 διδάσκει
792 3107 852 3159 ἐν
895 3100 978 3170 οἷς
1006 3108 1170 3179 φησίν
1196 3125 1209 3136 ·
1240 3110 1370 3163 Ὅτε
1406 3109 1476 3163 δὲ
1507 3109 1684 3179 ηὐδό-
1712 3140 1755 3199 c

131 3204 298 3256 κησεν
344 3195 379 3247 ό
425 3194 726 3263 ἀφορίσας
758 3213 835 3265 με
862 3196 931 3249 ἐκ
977 3200 1212 3264 κοιλίας
1251 3201 1479 3268 μητρός
1521 3218 1642 3269 μου
1668 3238 1684 3264 ,

127 3280 490 3354 ἀποκαλύψαι
527 3288 636 3342 τὸν
675 3288 813 3341 Υἱύν
845 3289 1034 3343 αὐτοῦ
1074 3289 1144 3343 ἐν
1168 3290 1319 3359 ἐμοί.
1351 3293 1561 3364 ’Ὠσπερ
1589 3289 1685 3346 οὖν

130 3368 327 3436 τούτους
357 3376 623 3446 προγνοὺς
660 3377 953 3447 μέλλοντας
989 3379 1211 3450 ἀγαπᾷν
1249 3381 1411 3435 αὐτὸν
1440 3380 1684 3455 προώρι-

130 3476 223 3525 σεν,
254 3464 392 3518 οὕτω
425 3466 663 3531 καὶτοὺς
692 3468 907 3532 ἀσεϐεῖς
930 3510 945 3533 ,
981 3470 1169 3541 ἐπειδὴ
1198 3472 1447 3541 προέγνω
1475 3473 1688 3544 μέλλον-

127 3566 210 3614 τας
248 3554 423 3609 λαλεῖν
464 3557 811 3631 δικαιοσύνην
842 3560 930 3614 διά
959 3561 1020 3613 τὸ
1049 3561 1337 3630 γινώσκειν
1377 3563 1546 3635 αὐτὴν
1567 3603 1582 3629 ,
1620 3566 1683 3619 οὐ

133 3640 221 3712 μὴν
251 3645 338 3698 καὶ
370 3649 480 3711 τοῖς
508 3648 693 3720 ἔργοις
724 3652 893 3722 αὐτὴν
926 3652 1417 3724 μετελευσομένους
1436 3695 1451 3719 ,
1494 3654 1582 3708 διὰ
1623 3656 1685 3708 τὸ

128 3734 228 3795 ταῖς
257 3737 436 3807 χερσὶν
469 3739 686 3793 ἀδικίαν
709 3742 1064 3812 συμπλέκειν,
1096 3743 1285 3797 τούτου
1320 3744 1479 3815 χάριν
1506 3746 1684 3816 ἀπηλ-

129 3822 393 3897 λοτρίωτεν
426 3832 535 3886 ἀπὸ
567 3835 781 3907 μήτρας
800 3876 814 3900 ,
842 3837 936 3890 καὶ
973 3837 1031 3889 ἐν
1057 3837 1432 3909 πλανωμένοις
1462 3839 1556 3891 καὶ
1588 3838 1684 3891 λα-

130 3913 258 3971 λοῦσι
286 3920 450 3993 ψευδῆ
476 3928 608 3997 παρ’
636 3926 816 3997 ἑαυτῷ
847 3928 1228 3999 κατηρίθμησε
1250 3929 1381 3999 πρὶν
1408 3929 1681 3997 γενέσθαιι

132 4008 451 4081 συνεχώρησέ
480 4030 538 4065 τε
574 4014 731 4078 εἰδὼς
758 4016 957 4079 αὐτοὺς
984 4016 1256 4080 τοιούτους
1282 4017 1573 4087 ἐσομένους
1605 4020 1685 4081 εἰς

132 4100 339 4170 φανερὸν
372 4102 572 4167 ἐλθεῖν,
611 4104 687 4168 ὡς
724 4106 789 4159 ἂν
818 4107 878 4160 τὸ
916 4107 1172 4179 διάφορον
1196 4106 1305 4160 τῶν
1333 4108 1558 4162 δικαίων
1591 4109 1684 4162 καὶ

131 4185 371 4245 θεοσεϐὦν
401 4194 612 4262 ἀνδρῶν
646 4197 708 4248 ὲκ
750 4197 849 4267 τῆς
880 4196 987 4251 τῶν
1030 4197 1284 4269 χειρόνων
1330 4197 1684 4269 παραθέσεως

129 4278 441 4352 διαλάμψειε.
468 4286 615 4348 Mai;
634 4286 744 4358 γὰρ
770 4288 922 4351 ὄντες
948 4288 1164 4357 φύσεως
1191 4289 1241 4340 οἱ
1271 4290 1559 4356 πάντες,οξ
1583 4290 1683 4361 μὲν

131 4369 321 4437 ἑκόντες
352 4376 561 4430 εἵλαντο
588 4378 655 4431 τὰ
689 4380 941 4451 κρείττω,
960 4382 1009 4433 οἱ
1043 4381 1099 4433 δὲ
1117 4380 1215 4451 τὴν
1247 4382 1491 4435 ἐναντίαν
1516 4382 1682 4434 ὥδευ-

1793 1922 2130 1993 propositum
2183 1921 2304 1990 ejus
2352 1920 2445 1989 qui
2488 1920 2618 1973 talia
2646 1917 2945 1988 operatur?
3001 1916 3371 1985 Eamdemque

1792 2017 1909 2085 ipse
1942 2015 2267 2070 sententiam
2293 2012 2629 2083 profcrthis
2669 2013 2887 2068 verbis:
2917 2009 3129 2065 Scimus
3192 2018 3370 2064 autem

1788 2109 2037 2179 quoniam
2060 2106 2399 2177 diligentibus
2428 2104 2595 2159 Deum
2616 2105 2795 2158 omnia
2815 2112 3165 2172 cooperantur
3192 2103 3249 2154 in
3279 2101 3371 2154 bo-.

1791 2217 1914 2253 num
1947 2200 2014 2253 iis
2034 2200 2124 2269 qui
2152 2197 2439 2252 secundum
2486 2197 2811 2265 propositum
2836 2196 3005 2249 vocati
3035 2203 3174 2248 sunt.
3224 2192 3367 2246 Nam

1788 2306 1917 2359 quos
1941 2290 2203 2359 prwscivit
2235 2298 2283 2341 et
2335 2286 2725 2356 pra‘destinavit
2748 2284 3039 2354 conformes
3071 2285 3189 2353 ﬁeri
3231 2286 3369 2338 ima-

1789 2381 1898 2450 gini
1928 2380 2059 2434 Filii
2075 2382 2180 2444 sui,
2210 2390 2265 2432 ut
2292 2381 2362 2433 sit
2385 2380 2496 2447 ipse
2524 2379 2903 2449 primogenitus
2945 2378 3001 2431 in
3033 2376 3216 2430 multis
3247 2375 3367 2444 [ra-

1791 2473 1908 2525 bus.
1939 2469 2084 2536 Quos
2122 2480 2295 2523 autem
2317 2468 2735 2537 prwdestinavit,
2778 2467 2871 2521 Itos
2926 2476 2975 2521 et
3021 2466 3265 2527 vocavit;
3319 2474 3368 2517 et

1788 2575 1918 2627 quos
1947 2558 2281 2626 vocavit,ltos
2318 2568 2366 2611 et
2376 2557 2730 2627 justi/icavit;
2779 2572 2907 2626 quos
2948 2564 3124 2609 autent
3162 2554 3372 2623 justiﬁq

1789 2648 1946 2712 cavit,
1964 2647 2086 2701 illos
2122 2658 2171 2701 et
2196 2647 2513 2716 gloriﬁcavit
2539 2645 2608 2701 ”.
2640 2644 2851 2699 Similia
2876 2644 2944 2700 de
2960 2659 3021 2700 se
3050 2643 3170 2714 ipse
3183 2642 3367 2697 decla—

1789 2746 1875 2791 rat
1895 2736 2085 2791 dicens
2118 2754 2130 2790 :
2162 2735 2296 2791 Cum
2317 2748 2491 2789 autent
2517 2733 2717 2804 placuit
2740 2734 2813 2799 ei,
2840 2736 2930 2804 qui
2963 2749 3043 2787 me
3080 2732 3370 2803 segregavit

1788 2843 1853 2882 ea:
1882 2836 2029 2883 utero
2053 2830 2239 2883 matris
2276 2844 2422 2893 meat,
2452 2829 2681 2883 revelare
2713 2827 2916 2881 Filium
2940 2842 3095 2879 suum
3117 2826 3171 2878 in
3201 2840 3283 2879 me
3297 2824 3363 2880 “.

1788 2920 2256 2987 Quemadmodum
2320 2920 2486 2991 igitur
2536 2935 2662 2975 cum
2708 2934 2803 2974 eos
2834 2917 3218 2988 praescirisset,
3272 2916 3364 2984 qui

1790 3012 2024 3067 amaturi
2052 3012 2230 3082 ipsum
2252 3020 2431 3072 erant,
2488 3012 2653 3067 etiam
2716 3007 3267 3089 prtedestinavit;sic
3312 3018 3370 3062 et

1789 3104 1986 3175 impios
2011 3118 2138 3159 cum
2176 3102 2519 3174 prtevidisset
2539 3103 2809 3174 justitiam
2846 3102 3150 3165 locuturos,
3180 3106 3368 3169 utpote

1789 3197 1883 3267 qui
1923 3204 2147 3251 nossent
2172 3196 2319 3249 illam
2347 3236 2361 3261 ,
2401 3197 2494 3251 sed
2540 3196 2717 3266 ipsam
2764 3202 2946 3247 tamen
2974 3207 3082 3247 non
3105 3192 3367 3261 operibus

1788 3285 2036 3342 adituros
2070 3300 2215 3350 esse,
2242 3285 2722 3356 quiainjustitiam
2767 3283 3025 3337 manibus
3069 3281 3368 3351 complica-

1788 3377 1898 3431 turi
1932 3390 2108 3443 erant,
2134 3378 2257 3433 ideo
2286 3376 2547 3432 alienavit
2607 3390 2703 3431 eos
2753 3390 2781 3428 a
2810 3375 2990 3437 vulva,
3022 3381 3078 3428 et
3101 3372 3186 3427 vel
3212 3379 3368 3425 ante-

1786 3484 1952 3539 quam
2016 3468 2230 3533 ﬂerent,
2266 3470 2322 3524 in
2359 3467 2662 3524 errantium
2719 3475 2773 3522 et
2831 3465 3114 3521 mendacia
3138 3465 3367 3534 loquen-

1787 3560 1925 3615 tium
1976 3576 2206 3616 numero
2238 3561 2293 3616 in
2342 3576 2403 3616 se
2450 3559 2825 3631 computavit;
2892 3557 3250 3628 permisitque
3284 3562 3367 3606 ta~

1787 3669 1933 3716 men,
1956 3655 2060 3709 etsi
2095 3653 2233 3709 tales
2264 3652 2481 3708 futuros
2514 3667 2639 3708 esse
2687 3658 2897 3711 nosset,
2934 3658 2991 3703 ut
3017 3648 3192 3717 palam
3236 3660 3365 3715 pro-

1786 3744 1992 3809 dirent,
2028 3761 2139 3815 quo
2198 3744 2517 3814 praestantia
2542 3743 2821 3811 justorum
2870 3740 3365 3808 religiosorumque

1788 3836 2069 3892 hominum
2094 3850 2160 3889 ex
2197 3836 2445 3903 pejorum
2489 3831 2901 3902 comparatione
2932 3831 3193 3886 elucerct.
3226 3826 3361 3880 Nam

1787 3941 1910 3981 cum
1943 3942 2006 3980 ex
2042 3940 2149 3979 una
2178 3940 2370 3980 omnes
2410 3932 2608 3978 natura
2651 3928 3008 3984 constarent,
3063 3918 3240 3972 libero
3275 3916 3361 3972 usi

1788 4010 2161 4077 arbitrio,’alii
2209 4014 2431 4084 quidem
2469 4021 2664 4083 sponte
2698 4012 2900 4068 bonum
2943 4010 3243 4080 elegerunt,
3268 4006 3363 4063 alii

1786 4105 2120 4160 contrariam
2151 4106 2323 4160 iniere
2349 4104 2513 4159 viam.
2558 4104 2628 4158 At
2657 4104 2909 4159 excelsus
2944 4108 3248 4171 etmagnus
3273 4100 3364 4154 ille

1786 4196 2376 4265 universorumjudex,
2416 4196 2634 4264 utrique
2689 4193 2870 4248 ordini
2898 4191 3223 4263 praesidens,
3261 4206 3362 4261 pro

1784 4287 1981 4343 merito
2028 4287 2228 4357 cuique
2266 4286 2478 4341 tribuit.
2529 4284 2711 4352 Quare
2754 4284 2841 4339 sui
2887 4292 3161 4338 amatores
3191 4282 3364 4352 gloria

1786 4378 1987 4442 affecit,
2023 4376 2333 4433 conformes
2364 4377 2585 4447 imagini
2608 4374 2829 4429 Filiisui
2853 4374 3141 4438 exhibens,
3165 4373 3365 4442 quippe

133 4476 231 4526 σαν,
258 4466 585 4539 αὑτεξουσίῳ
613 4472 931 4541 προαιρέσει
960 4471 1317 4542 χρησάμενοι.
1356 4472 1592 4543 ’Υψηλδς
1621 4472 1677 4525 δὲ

1790 4471 1880 4542 qui
1905 4484 2147 4526 amorem
2170 4486 2297 4540 erga
2316 4484 2376 4525 se
2390 4468 2651 4539 operibus
2678 4466 3159 4536 comprobaverint
3187 4481 3201 4529 ;
3226 4464 3363 4516 alios

130 4551 327 4623 ὁμέγας
364 4558 475 4613 τῶν
501 4560 638 4613 ὅλων
668 4561 860 4633 κριτὴς
880 4602 893 4625 ,
928 4561 1397 4634 προκαθεζόμενος
1431 4564 1677 4634 ἑκατέρῳ

130 4642 359 4713 τάγματι,
390 4649 649 4720 βραϐεύει
694 4652 763 4705 τὰ
805 4652 1100 4724 πρέποντα.
1134 4652 1227 4706 Διὸ
1258 4655 1385 4717 τοὺς
1413 4654 1514 4725 μὲν
1538 4654 1677 4722 ἀγα-

130 4736 379 4804 πήσαντας
406 4743 569 4794 αὑτὸν
597 4742 837 4808 ὲδόξασε,
872 4745 1229 4817 συμμόρφους
1260 4744 1547 4810 ἀποδείξας
1574 4746 1676 4815 τῆς

132 4827 306 4893 εἰκόνος
339 4832 431 4885 τοῦ
476 4833 607 4886 Υἱοῦ
653 4835 818 4888 αὐτοῦ
838 4876 853 4900 ,
889 4836 965 4899 ὡς
999 4836 1065 4890 ἂν
1099 4836 1245 4907 ἔργῳ
1270 4835 1367 4907 τὴν
1402 4836 1483 4899 είς
1513 4836 1675 4889 αὐτὸν

130 4914 504 4992 ἐνδειξαμένους
537 4925 759 4995 ἀγάπην
778 4944 792 4956 ·
818 4928 945 4990 τοὺς
974 4927 1031 4980 δὲ
1058 4927 1351 4990 ἐναντίους,
1370 4926 1445 4990 ὡς
1470 4922 1536 4979 ἂν
1559 4928 1678 4979 ἐαυ-

129 5006 233 5093 ’ἰοὺς
270 5011 813 5093 ἀπαλλοτριῶσαντας
857 5016 955 5086 τῆς
993 5016 1157 5071 αὐτοῦ
1207 5018 1461 5087 χάριτος,
1509 5034 1677 5070 κατα-

130 5092 287 5152 ϐάλλει
314 5104 609 5175 συντρίϐων
637 5092 815 5159 αὐτῶν
837 5108 962 5168 τοὺς
984 5106 1224 5170 ὀδόντας,
1254 5102 1336 5171 οἷς
1355 5108 1416 5161 ού
1448 5107 1674 5170 δεόντως

130 5184 429 5261 ἐχρήσαντο,
464 5195 560 5248 καὶ
600 5195 838 5249 συνθλῶν
868 5196 966 5260 τὰς
1019 5196 1190 5267 μύλας
1231 5198 1440 5263 αὐτῶν,
1485 5199 1553 5250 δι’
1599 5192 1675 5251 ὧν
1715 5216 1727 5225 ·

1786 4578 1916 4617 vero
1946 4562 2082 4631 ipsis
2098 4563 2404 4631 oppositos,
2435 4566 2627 4628 utpote
2673 4559 2767 4628 qui
2793 4572 2915 4613 sese
2942 4557 3010 4611 ab
3039 4557 3160 4624 ejus
3185 4554 3361 4623 gratia

1786 4652 2243 4715 abalienaveriut,
2275 4650 2462 4725 dejicit
2497 4665 2512 4702 :
2545 4650 2737 4703 dentes
2758 4663 2972 4708 eorum,
2998 4646 3201 4714 quibus
3250 4659 3359 4697 non

1788 4753 1845 4798 ut
1885 4758 1984 4815 par
2008 4751 2126 4798 erat
2156 4744 2241 4799 usi
2294 4748 2447 4806 sunt,
2483 4740 2739 4801 conterit,
2803 4737 3087 4805 molasque
3143 4748 3360 4797 eorum,

1784 4834 1942 4902 queis
1977 4834 2164 4887 multis
2212 4832 2510 4903 perniciem
2561 4831 2884 4890 intulerunt,
2927 4825 3263 4895 confringit:
3299 4839 3363 4876 ac

1784 4926 2003 4981 demum
2026 4924 2081 4979 in
2096 4925 2347 4989 nihilum,
2382 4924 2437 4977 in
2462 4922 2632 4977 risum
2665 4932 2720 4977 et
2742 4918 3094 4990 opprobrium
3117 4914 3358 4977 deducit,

1782 5013 2001 5087 quando
2044 5014 2314 5071 ﬂuxarum
2359 5023 2410 5070 et
2475 5030 2585 5069 non
2643 5009 3061 5067 consistentium
3092 5020 3389 5077 aquarunr

1786 5108 1961 5162 instar
2010 5105 2256 5161 deﬂuunt
2295 5106 2441 5176 :ipsi
2492 5104 2655 5160 talem
2718 5103 2880 5157 linem
2902 5100 3221 5169 exitumque
3252 5095 3359 5151 sibi

1784 5206 2173 5267 procurarunt.

132 5278 313 5345 πολλοῖς
335 5282 669 5355 ἐλυμήναντο
686 5301 699 5317 '
721 5284 814 5337 καὶ
843 5285 992 5349 τέλος
1016 5287 1097 5348 εἰς
1111 5285 1456 5351 ἐξουδὲνωσιν
1476 5287 1671 5351 αὐτοὺς
1707 5287 2034 5357 παραδιδοὺς
2089 5288 2182 5341 καὶ
2237 5287 2431 5357 χλεύην
2469 5285 2563 5339 καὶ
2589 5285 2787 5348 ὄνειδος
2802 5299 2815 5312 ⁸
2835 5284 2925 5336 ὅτε
2951 5280 3047 5335 καὶ
3069 5280 3227 5351 δίκην
3249 5276 3358 5334 τῶν

133 5369 339 5438 ρευστῶν
360 5374 452 5426 καὶ
484 5374 581 5443 οὐχ
608 5372 857 5426 ἑστώτων
885 5374 1091 5427 ὑδάτων
1116 5375 1495 5446 ἀπορρέουσιν,
1514 5375 1670 5428 αὐτοὶ
1704 5377 1915 5438 ἑαυτοῖς
1978 5376 2039 5428 τὸ
2063 5376 2300 5428 τοιοῦτον
2331 5371 2760 5444 προξενήσαντες
2787 5372 2956 5434 τέλος.
3320 5368 3326 5373 ’

197 5458 447 5517 Ἐντενεῖ
461 5465 524 5517 τὸ
552 5464 732 5529 τόξον
749 5466 936 5519 αὐτοῦ
964 5466 1077 5532 ἕως
1104 5462 1175 5521 οὗ
1198 5467 1670 5532 ἀσθενήσουσιν.

140 5542 272 5603 Ὠσεὶ
317 5555 493 5623 κηρὸς
543 5555 741 5622 τακεὶς
800 5557 1405 5626 ἀνταναιρεθήσονται
1426 5575 1437 5587 ·
1492 5558 1675 5611 ἔπεσε

1852 5466 2021 5536 Vens.
2050 5468 2104 5530 9,
2137 5467 2222 5521 10.
2270 5465 2513 5518 lntendet
2566 5480 2746 5517 arcum
2786 5480 2939 5518 suum
2980 5463 3161 5518 'donec
3204 5462 3355 5532 inﬁn

1782 5567 2007 5629 mentior.
2035 5554 2182 5609 Sicut
2211 5572 2329 5608 cera
2346 5571 2461 5624 qua:
2479 5555 2620 5623 ﬂuit,
2656 5554 3356 5623 auferentur:superceci¢lt'l

191 5701 230 5735 σε
265 5701 368 5765 Jer.
403 5724 459 5773 ι,
498 5710 551 5765 5.
628 5712 674 5743 ιε
715 5709 911 5779 Ephes.
949 5713 1082 5777 1,)ι.
1162 5712 1209 5746 ει
1249 5712 1379 5769 ibid.
1419 5712 1602 5783 ιι-ιε,
1654 5698 1686 5743 ’λ

1790 5694 1920 5772 tam“.
1960 5726 2089 5776 vui,
2122 5710 2317 5766 εει-29.
2395 5712 2440 5743 ια
2479 5710 2598 5774 Gal.
2637 5710 2816 5777 ι,15,
