3808 6280
1354 351 1862 411 COMMENTARIA
1899 350 1967 406 IN
2006 347 2346 406 PSALMOS.

3383 347 3480 403 οδε

210 479 334 539 τοῖς
368 470 609 527 διάνοιαν
653 471 907 527 συνιδεῖν.
942 471 1110 547 Φησὶν
1143 466 1236 526 οὖν
1255 489 1268 502 ·
1321 470 1582 526 Ἐντενεῖ
1608 471 1686 540 fw
1717 471 1813 526 τό·

1926 469 2299 538 ulciscensque
2358 465 2511 530 illos,
2565 464 2742 521 donec
2805 464 3168 524 iuﬁrmeutur.
3225 462 3305 517 Illi
3362 478 3488 523 vero

214 567 334 630 εον
361 562 550 618 αὑτοῦ
579 562 692 630 ἕως
718 561 1194 630 ἁσθενήσουσιν.
1233 563 1290 617 '0
1319 563 1398 633 δὴ.
1433 563 1641 634 μέλλων
1681 580 1807 616 συν-

209 653 425 726 τρίϐειν
451 653 578 717 τοὺς
606 653 820 716 ὀδόντας
844 653 1024 709 αὐτῶν
1053 654 1110 706 ὲν
1132 653 1210 724 τῷ
1237 655 1465 725 στόματι
1489 654 1689 718 αὐτῶν,
1712 653 1807 708 καὶ

205 743 318 806 τὰς
357 741 531 812 μύλας
571 743 680 795 τῶν
724 742 955 796 λεόντων
1001 742 1230 814 συνθλᾷν
1271 743 1504 814 Κύριος,
1547 743 1708 806 αὐτὸς
1748 743 1809 796 τὸ

207 833 415 887 ἑαυτοῦ
449 833 601 901 τόξον
627 835 722 888 ἐπὶ
762 834 1016 888 τοσοῦτον
1056 837 1177 890 κατ’
1212 836 1394 890 αὐτῶν
1425 839 1626 890 ὲντενεῖ
1679 834 1808 906 βάλ-

213 925 329 977 λων
362 926 560 990 αὐτοὺς
591 925 686 980 καὶ
727 925 1155 997 τιμωρούμενος,
1190 927 1294 992 ῑως
1331 927 1724 998 ἀσθενήσωσιν.
1749 928 1812 981 Oi

210 1013 276 1068 δὲ
309 1012 630 1087 βαλλόμενοι
677 1015 756 1086 τῷ
800 1016 1180 1087 πεπυρωμένῳ
1228 1015 1390 1086 βέλει,
1442 1015 1614 1089 κηροῦ
1655 1015 1811 1086 δίκην

216 1105 331 1158 ὑπὸ
371 1107 543 1179 πυρὸς
583 1107 889 1178 τηκομένου
938 1107 1374 1179 διαλυθήσονται·
1408 1108 1498 1162 Διὸ
1525 1107 1808 1162 λέλεκται·

231 1197 394 1253 Ὠσεὶ
442 1197 627 1266 κηρὸς
684 1197 883 1263 canale
935 1197 1545 1268 dwamtpwﬁoormt
1565 1237 1579 1260 ,
1630 1197 1813 1253 ἔπεσε

215 1287 368 1358 πῦρ.
400 1289 611 1359 Ὠσπερ
655 1288 764 1360 γὰρ
811 1289 1069 1353 πεσόντος
1112 1289 1282 1363 πυρὸς
1325 1288 1594 1352 διαλυθεὶς
1644 1287 1814 1360 κηρός

1912 564 2084 634 ignito
2109 563 2220 618 telo
2242 559 2512 628 confossi,
2544 574 2684 614 certe
2713 560 2891 614 instar
2919 559 2987 614 ab
3031 558 3156 628 igne
3182 553 3493 628 liquefacta

1914 657 2303 710 itissolventur.
2341 653 2530 720 Quare
2574 652 2778 708 dicitur
2812 669 2826 705 :
2861 650 3013 707 Sicut
3057 667 3181 706 cera
3199 665 3318 719 quia
3346 647 3493 718 ﬂuit‘,

1915 747 2243 815 auferantur,
2271 742 2619 813 supercecidit
2648 743 2806 813 ignis.
2843 739 3000 796 Sicut
3031 741 3176 796 enim
3201 741 3496 796 decidente

1917 838 2060 908 igne,
2092 838 2270 893 soluta
2303 850 2428 891 cera
2451 835 2727 905 liquescit,
2761 832 2952 889 eodem
2996 831 3160 887 modo
3203 832 3283 887 illi
3307 831 3378 887 ab
3411 831 3496 886 in-
3523 864 3525 866 -

1915 936 2147 998 gruente
2195 927 2276 981 ira
2331 924 2710 990 destruentur,
2742 924 2819 978 ita
2874 930 2936 977 ut
2985 937 3054 978 ne
3091 923 3312 993 quidem
3343 921 3493 994 digni

1916 1017 2243 1081 habeantur,
2265 1017 2360 1087 qui
2395 1016 2565 1072 solem
2587 1015 2818 1086 justitiae
2849 1014 3052 1070 mentis
3074 1013 3254 1070 oculis
3279 1016 3496 1085 perspi-

1917 1111 2086 1164 ciant.
2142 1107 2250 1164 Sed
2299 1113 2595 1179 antequam
2647 1108 2820 1178 spinae
2860 1121 3052 1162 eorum
3095 1116 3415 1162 accrescunt
3443 1111 3500 1160 et

1919 1201 2185 1256 rhamnus
2215 1199 2472 1264 evadant,
2497 1215 2672 1272 nuper
2693 1199 2841 1256 edita
2867 1214 3058 1256 eorum
3093 1197 3284 1269 spinea
3333 1211 3498 1267 opera

1920 1291 2003 1345 ira
2032 1291 2458 1360 comprehendet
2473 1298 2529 1346 et
2553 1291 2888 1347 absorbebit.
3227 1311 3248 1338 κ

217 1381 566 1452 ἀφανίζεται,
593 1380 684 1434 τὸν
711 1381 872 1434 αὑτὸν
904 1379 1106 1452 τρόπον
1136 1383 1229 1435 καὶ
1265 1384 1314 1434 οἱ
1350 1381 1678 1452 δηλωθέντες
1703 1381 1808 1435 ὑπὸ
1841 1383 1942 1454 τῆς
1967 1383 2419 1457 καταληψομένης
2440 1385 2638 1448 αὐτοὺς
2690 1385 2862 1458 ὀργῆς
2927 1383 3498 1456 ἀνταναιρεθήσονται,

211 1473 299 1536 ὡς
323 1473 398 1544 μὴ
425 1471 825 1543 καταξιωθῆναι
848 1473 1044 1536 αὐτοὺς
1063 1475 1153 1527 τὸν
1176 1474 1273 1546 τῆς
1292 1475 1638 1545 δικαιοσύνης
1691 1474 1840 1546 ἣλιον
1875 1477 2176 1548 ὀφθαλμοῖς
2216 1477 2392 1549 ψυχῆς
2430 1478 2761 1532 θεάσασθαι·
2800 1477 2936 1532 ἀλλὰ
3001 1479 3096 1532 καὶ
3131 1477 3238 1548 πρὸ
3270 1476 3363 1529 τοῦ
3408 1475 3504 1527 αὺ-

217 1565 388 1635 ξῆσαι
427 1565 525 1630 τὰς
559 1565 799 1630 ἀκάνθας
858 1566 1035 1620 αὐτῶν
1080 1569 1173 1621 καὶ
1212 1569 1290 1631 εἰς
1338 1569 1543 1640 ῥάμνον
1575 1569 1843 1639 χωρῆσαι,
1881 1569 1960 1623 ἔτι
2008 1572 2206 1641 νεαρὰς
2247 1570 2411 1635 οὔσας
2447 1572 2626 1627 αὐτῶν
2675 1573 2773 1635 τὰς
2805 1569 3135 1634 ἀκανθώδεις
3205 1568 3430 1639 πράξεις
3466 1567 3502 1637 ή

211 1659 364 1732 ὁρτὴ
393 1659 769 1730 καταλήψεται
805 1661 900 1714 καὶ
931 1661 1274 1716 καταπίεται.

293 1771 795 1849 Εὐφρανθήσεται
852 1771 1102 1839 δίκαιος,
1153 1773 1300 1828 ὅταν
1342 1774 1440 1843 ἴδῃ
1478 1775 1814 1842 ἐκδίκησιν,

219 1863 332 1929 τὰς
359 1862 563 1932 χεῖρας
602 1861 790 1916 αὑτοῦ
822 1863 1060 1931 rigescat
1099 1863 1168 1916 ἐν
1187 1863 1268 1928 τῷ
1289 1865 1489 1933 αἵματι
1511 1865 1614 1918 τοῦ
1644 1866 1815 1934 ἀμαρ-

1926 1872 2060 1917 ctam
2085 1879 2102 1916 :
2134 1879 2322 1917 manus
2355 1880 2480 1918 suas
2507 1862 2704 1916 lacabit
2727 1863 2778 1915 in
2813 1863 3070 1931 sanguine
3090 1865 3406 1930 peccatoris.
3433 1859 3504 1914 Et

216 1952 442 2006 «0.105.
487 1951 598 2007 Καὶ
625 1951 747 2019 ἐρεῖ
785 1952 1116 2019 ἄνθρωπος·
1154 1955 1224 2006 El
1259 1952 1372 2021 ἄρα
1416 1955 1547 2008 ἐστὶ
1594 1956 1815 2023 καρπὸς

1926 1954 2055 2008 dicet
2088 1955 2242 2008 homo
2278 1969 2296 2006 :
2339 1952 2398 2007 Si
2428 1955 2607 2023 utique
2629 1962 2706 2008 est
2748 1953 2956 2021 fructus
2996 1953 3180 2021 justo,
3206 1953 3388 2022 utique
3421 1961 3500 2006 est

1995 1771 2160 1827 Vens.
2199 1772 2287 1836 11,
2323 1771 2408 1826 12.
2436 1771 2731 1825 Lwtabilur
2751 1771 2933 1841 justus
2956 1787 3072 1834 cum
3111 1769 3294 1823 viderit
3334 1769 3504 1824 uindi-

220 2043 306 2109 τῷ
345 2041 575 2110 δικαίῳ,
603 2042 718 2110 ἄρα
763 2043 936 2096 ἐστὶν
963 2046 995 2096 ό
1032 2042 1178 2109 Θεὸς
1230 2045 1449 2112 κρίνων
1491 2046 1712 2112 αὐτοὺς
1751 2047 1822 2100 ἐν

222 2134 302 2202 τῇ
326 2133 424 2203 τῇ.
457 2135 773 2204 Σύμμαχος·
805 2134 1142 2202 Χαρήσεται
1165 2133 1395 2201 δίκαιος
1422 2135 1563 2189 ἰδὼν
1582 2137 1819 2204 ἐκδίκη-

219 2239 352 2288 σιν,
388 2223 530 2289 τοὺς
580 2225 773 2290 πόδας
803 2222 992 2276 αὐτοῦ
1027 2223 1264 2290 rip-erat
1301 2224 1500 2292 αἵματι
1538 2224 1817 2291 ἀσεϐοῦς.

227 2315 445 2383 Ὠσπερ
474 2316 522 2369 οἱ
566 2315 774 2386 ψευδῶς
822 2314 1166 2383 δικαιοσύνην
1199 2313 1503 2380 λαλοῦντες,
1541 2317 1721 2388 ἔργοις
1763 2318 1821 2371 δὲ

225 2405 444 2458 ἀδικίαν
477 2406 904 2476 συμπλέκοντες,
957 2405 1385 2477 προεγράφησαν
1418 2411 1598 2462 ὁποῖον
1641 2408 1820 2475 ἕξουσι

223 2494 403 2558 τέλος
440 2494 612 2560 οὕτως
646 2497 812 2566 ἐχρῆν
845 2497 909 2548 ὲκ
942 2494 1288 2568 παραλλήλου
1331 2498 1426 2552 τοῦ
1455 2498 1708 2570 ἀληθινοῦ
1741 2498 1820 2552 δι-

227 2593 411 2660 καίου,
442 2593 537 2648 τοῦ
565 2595 630 2648 δι’
657 2595 833 2666 ἔργων
863 2595 1272 2667 ἐνδεικνυμένου
1312 2593 1410 2666 τὴν
1451 2591 1818 2663 δικαιοσύνην,

226 2685 290 2738 τὸ
315 2685 554 2756 χρηστὸν
576 2686 729 2749 τέλος
759 2685 1092 2758 διδαχθῆναι.
1118 2687 1182 2740 Τί
1219 2686 1473 2739 συνέσται
1511 2683 1715 2752 ἀγαθὸν
1742 2682 1821 2754 τῷ

226 2776 487 2848 τοιούτῳ;
531 2778 644 2831 Νῦν
687 2780 804 2849 μὲν,
842 2780 995 2848 φησὶ,
1030 2777 1172 2832 κατά
1202 2779 1293 2831 τὸν
1324 2794 1565 2849 παρρντα
1607 2776 1819 2846 καιρόν,

226 2869 344 2938 οὐχ’
374 2868 518 2938 ὁρῶν
549 2868 646 2940 τὴν
669 2869 810 2922 κατὰ
836 2869 944 2922 τῶν
980 2868 1193 2923 ἀσεϐῶν
1223 2868 1521 2938 ἐκδίκησιν,
1560 2866 1820 2930 πολλάκις

231 2957 560 3029 σχετλιάζει,
595 2960 1021 3032 ἀποκλαιόμενος
1053 2961 1146 3014 καὶ
1183 2960 1383 3028 λέγων’
1419 2961 1551 3013 Ἵνα
1579 2959 1635 3011 τί
1676 2958 1816 3010 ἀσε-

230 3050 357 3116 ϐεῖς
392 3051 741 3118 εὐθηνοῦσι,
764 3051 1207 3105 πεπαλαίωνται
1233 3049 1301 3102 δὲ
1333 3049 1431 3102 καὶ
1461 3049 1531 3102 ἐν
1556 3048 1816 3111 πλούτῳ·

229 3145 263 3196 ό
301 3143 535 3210 σπόρος
575 3141 770 3195 αὐτῶν
823 3141 972 3194 κατὰ
1009 3143 1240 3210 ψυχὴν,
1280 3142 1350 3194 τὰ
1377 3138 1444 3192 δὲ
1477 3137 1682 3192 παιδία
1711 3139 1819 3190 αὺ-

1922 2044 2064 2100 Deus
2086 2045 2340 2114 judicans
2373 2061 2462 2098 eos
2509 2045 2752 2098 interra.
2800 2042 3186 2114 Symmachus,
3240 2040 3501 2097 Gaudebit

1913 2135 2096 2205 justus
2119 2152 2237 2204 cum
2277 2135 2466 2189 viderit
2489 2135 2798 2197 uindictam,
2833 2133 2987 2202 pedes
3010 2149 3135 2188 suos
3156 2132 3354 2186 levabit
3385 2149 3504 2187 σατι-

1919 2228 2077 2298 guine
2100 2227 2266 2296 impii.
2305 2225 2462 2281 Sicut
2497 2227 2533 2281 ii
2555 2227 2650 2297 qui
2677 2225 2926 2281 mendaci
2969 2240 3066 2280 ore
3116 2224 3393 2294 justitiam
3420 2224 3503 2279 lo-

1923 2328 2188 2386 quuntur,
2219 2316 2350 2371 dum
2385 2317 2647 2386 operibus
2679 2317 3006 2385 injustitiam
3039 2315 3504 2386 complicant,qui

1923 2408 2084 2463 ﬁnem
2135 2408 2372 2463 habituri
2427 2410 2538 2465 sint
2561 2409 2673 2477 jam
2709 2409 3047 2476 descriptum
3082 2415 3200 2472 est;
3235 2407 3316 2462 sic
3340 2421 3507 2476 θροις

1919 2501 2024 2552 tuit
2057 2515 2087 2554 e
2119 2515 2392 2555 converso
2441 2501 2553 2555 veri
2587 2501 2743 2570 justi,
2775 2501 2869 2569 qui
2921 2499 3181 2568 operibus
3228 2498 3506 2568 justitiam

1921 2591 2163 2654 exhibet,
2197 2591 2402 2646 bonum
2441 2591 2602 2646 tinem
2645 2590 2937 2646 declarari.
2989 2589 3132 2656 Quid
3165 2591 3262 2644 tali
3294 2591 3509 2646 homini

1923 2681 2052 2735 boni
2088 2682 2402 2751 continget?
2427 2680 2546 2735 Jam
2582 2681 2802 2751 quidem
2826 2681 2880 2735 in
2903 2681 3180 2750 praesenti,
3227 2681 3326 2743 ait,
3378 2695 3510 2735 cum

1923 2786 2032 2826 non
2057 2772 2238 2826 videat
2271 2772 2532 2826 ultionem
2557 2772 2625 2827 de
2659 2772 2840 2841 impiis
2872 2770 3217 2834 sumendam,
3250 2785 3505 2840 saepenu-

1925 2879 2076 2918 mero
2109 2863 2278 2929 dolet,
2307 2864 2616 2934 ingemiscit
2647 2871 2702 2919 et
2737 2865 2812 2918 ait
2842 2883 2854 2918 :
2887 2853 3065 2929 Quare
3086 2864 3234 2932 impii
3259 2879 3506 2933 prospere

1924 2964 2108 3025 agunt,
2159 2957 2213 3008 in
2265 2955 2465 3009 divitiis
2517 2967 2952 3010 consenuerunt:
2993 2971 3170 3010 semen
3220 2970 3401 3007 eorum
3439 2968 3505 3008 es:

1924 3055 2038 3100 uoto
2060 3045 2316 3116 procedit,
2339 3046 2490 3116 pueri
2521 3063 2699 3102 eorum
2721 3046 2976 3102 laetantur
3005 3054 3268 3100 sumentes
3305 3043 3504 3114 psalte-

1924 3139 2063 3191 rium
2104 3148 2153 3192 et
2181 3138 2542 3192 citharam"?
2569 3137 2727 3193 Nunc
2776 3147 2958 3194 autem
3016 3138 3132 3208 ipse
3182 3137 3504 3192 humiliatus

230 3229 352 3285 τῶν
379 3207 758 3301 εθφραίνεται
799 3207 1300 3299 ἀναλαμϐἀιοοντα
1344 3228 1680 3297 ψαλτήριον
1719 3225 1815 3279 καὶ

1926 3229 2056 3284 dicit
2091 3249 2102 3284 :
2147 3229 2253 3284 Mei
2291 3241 2465 3284 autem
2497 3246 2624 3300 pene
2657 3233 2784 3285 moti
2804 3240 2926 3284 sunt
2969 3207 3156 3298 pedes,
3179 3245 3306 3298 pene
3347 3229 3503 3298 effusi

229 3320 517 3390 utodpa'r;
557 3322 667 3376 Καὶ
692 3322 785 3374 νῦν
831 3324 859 3375 ό
929 3322 1088 3386 αὐτὸς
1137 3319 1558 3391 ταπεινούμενός
1621 3333 1814 3388 φησιν·

241 3409 418 3480 Ἐμοῦ
471 3411 542 3464 δὲ
582 3412 742 3480 παρὰ
781 3411 1002 3482 μικρὸν
1041 3412 1468 3478 ἐσαλεύθησαν
1513 3413 1567 3462 οι
1615 3408 1816 3474 πόδες,

227 3501 366 3569 παρ’
397 3501 608 3570 ὀλίγον
637 3501 892 3570 ἐξεχύθη
928 3501 1000 3554 τὰ
1035 3500 1364 3570 διαϐήματά
1394 3517 1535 3568 μου,
1576 3499 1664 3552 ὅτι
1693 3496 1822 3564 Mli-

227 3595 402 3648 ,ιωσα
431 3591 532 3645 ἐπὶ
560 3593 682 3658 τοῖς
703 3594 970 3662 ἀνόμοις,
1005 3591 1253 3662 εἰρήνην
1285 3591 1637 3661 ἁμαρτωλοί)
1679 3593 1819 3644 θεω-

215 3680 368 3750 ρῶν.
422 3682 668 3735 Ἐπειδὰν
705 3683 760 3736 δὲ
797 3684 880 3756 ἴδῃ
907 3683 968 3737 τὸ
994 3683 1146 3748 τέλος
1190 3682 1298 3736 τῶν
1340 3681 1552 3736 ἀσεϐῶν
1594 3681 1687 3734 καὶ
1721 3680 1821 3751 τὴν

229 3775 352 3828 κατ’
379 3773 563 3829 αὐτῶν
605 3775 904 3847 ἐκδίκησιν,
940 3774 1241 3847 τηνικαῦτα
1268 3775 1563 3846 χαρήσεται
1590 3773 1685 3827 καὶ
1730 3773 1821 3824 εὐ-

231 3865 622 3938 φρανθήσεται,
655 3867 715 3919 οὐ
749 3869 814 3938 τῇ
850 3866 958 3920 τῶν
980 3865 1192 3921 ἀσεϐῶν
1217 3866 1464 3937 ἀπωλείᾳ
1498 3863 1820 3935 ἐπικαίρων,

227 3957 342 4011 ἀλλ’
390 3959 486 4011 ἐπὶ
533 3960 598 4028 τῇ
641 3956 736 4032 τοῦ
777 3957 912 4010 Θεοῦ
957 3957 1325 4028 δικαιοκρισία
1375 3956 1818 4027 εὐφραινόμενος.

229 4051 339 4105 Καὶ
354 4049 501 4115 τοὺς
521 4048 709 4114 πόδας
729 4049 785 4102 δὲ
805 4049 991 4104 αὐτοῦ
1015 4051 1255 4117 νίψεται
1290 4048 1361 4101 ἐν
1390 4047 1470 4113 τῷ
1493 4048 1693 4115 αἵματι
1716 4043 1823 4098 τοῦ

229 4141 526 4206 ἀσεϐοῦςο
569 4142 666 4210 οὐχ
715 4141 1028 4210 αἱμοπότης
1049 4157 1133 4204 τις
1169 4138 1245 4191 ῶν
1294 4139 1389 4192 καὶ
1440 4136 1820 4207 φιλοπόλεμος,

229 4231 366 4286 ἀλλά
405 4230 801 4301 καθαιρόμενος
846 4229 934 4282 διὰ
980 4229 1082 4300 τῆς
1125 4229 1347 4282 ἐκείνων
1380 4227 1681 4299 τιμωρίας,
1731 4227 1825 4283 καὶ

229 4319 612 4391 βελτιούμενος
635 4321 722 4374 διὰ
749 4321 848 4389 τῆς
894 4321 1094 4392 ἑτέρων
1122 4321 1478 4392 ἐπιστροφῆς.
1515 4321 1587 4377 ’Ἡ
1616 4320 1820 4383 ἄλλως·

227 4414 482 4481 Νιψεται
504 4411 611 4478 τὰς
636 4412 839 4481 χεῖρας
866 4412 966 4465 ἐπὶ
986 4411 1064 4479 τῷ
1093 4413 1292 4482 αἵματι
1321 4412 1426 4465 τοῦ
1449 4411 1822 4480 άμαρτωλοῦ,

228 4503 406 4557 ἀθῶον
448 4504 540 4557 καὶ
567 4505 826 4567 ἀναίτιον,
855 4504 945 4557 καὶ
983 4503 1219 4574 καθαρὸν
1255 4505 1444 4557 ἑαυτὸν
1485 4503 1699 4566 δεικνὺς
1728 4505 1826 4575 τῆς

227 4594 507 4657 ἀπωλείας
548 4594 735 4648 αὑτοῦ.
785 4594 1033 4647 Ἐπειδὰν
1065 4590 1158 4647 οὖν
1199 4597 1246 4650 οἱ
1284 4595 1381 4666 μὲν
1423 4593 1640 4657 ἀσεϐεῖς
1668 4595 1822 4660 δίκας

224 4683 361 4736 δῶσι
389 4682 490 4747 τὰς
541 4683 923 4754 προσηκούσας
945 4701 958 4716 ο
989 4686 1016 4735 ό
1039 4683 1096 4736 δὲ
1133 4683 1340 4746 δίκαιος
1366 4683 1692 4753 ὲκδικηθεὶς,
1735 4684 1825 4736 εὑ-

226 4775 506 4848 φροσύνης
532 4776 625 4828 καὶ
671 4777 846 4848 χαρᾶς
880 4775 1189 4846 ἐμπλησθῇ,
1221 4776 1317 4829 καὶ
1361 4773 1459 4838 τὰς
1501 4777 1688 4845 χεῖρας
1731 4776 1824 4832 καὶ

225 4868 353 4929 τοῦς
395 4865 562 4930 πόδας
597 4865 784 4930 αὐτοῦ,
819 4866 959 4919 κατὰ
983 4866 1108 4929 τοὺς
1135 4865 1357 4928 λοιποὺς
1383 4865 1744 4936 ἐρμηνευτάς,
1767 4866 1824 4918 ὲν

224 4955 306 5027 τῷ
337 4955 534 5026 αἵματι
573 4953 668 5008 τοῦ
695 4955 1018 5026 ἀμαρτωλοῦ
1045 4955 1287 5026 νίψηται,
1333 4955 1473 5010 κατά
1497 4953 1594 5026 τὴν
1625 4954 1818 5008 ἀποδο-

227 5045 416 5099 θεῖσαν
459 5046 724 5100 διάνοιαν⁹
757 5047 996 5116 εὐλόγως
1037 5047 1156 5100 τότε
1205 5047 1314 5110 πᾶς
1363 5045 1650 5117 ἄνθρωπος
1668 5085 1682 5110 ,
1726 5043 1821 5101 καὶ

227 5141 380 5194 πᾶσα
416 5137 570 5209 φωνὴ
613 5141 707 5192 καὶ
740 5138 958 5207 γλῶσσα
987 5140 1377 5208 ἀποφανεῖται,
1423 5137 1541 5199 ὅτι,
1588 5139 1657 5190 Et
1707 5135 1822 5204 ἄρα

225 5228 360 5284 ἐστὶ
389 5227 621 5296 καρπὸς
652 5228 734 5294 τῷ
775 5228 1003 5296 δικαίῳ,
1037 5227 1154 5298 ἄρα
1185 5227 1358 5282 ἐστὶν
1400 5231 1434 5282 ό
1473 5226 1616 5294 Θεὸς
1641 5230 1673 5281 o'
1694 5228 1821 5295 κρί-

227 5337 350 5372 νων
377 5319 602 5386 αὐτοὺς
643 5321 714 5373 ἐν
744 5319 948 5389 tif-r17.
979 5321 1044 5373 El
1083 5319 1190 5391 γάρ
1236 5320 1354 5372 ἐστι
1397 5319 1610 5395 καρπὸς
1635 5319 1713 5390 τῷ
1741 5319 1822 5372 δι-

229 5410 392 5479 καξῳ,
437 5409 568 5480 περὶ
609 5404 668 5465 οῦ
717 5410 930 5479 καρποῦ
978 5410 1191 5481 εἴρηται
1233 5410 1292 5463 ὲν
1350 5410 1552 5482 πρώτῳ
1584 5410 1819 5482 ψαλμῷ⁶

1925 3331 2048 3376 sunt
2086 3338 2296 3392 gressus
2335 3323 2453 3386 mei,
2490 3323 2616 3393 quia
2666 3323 2832 3376 celavi
2869 3337 3026 3390 super
3068 3323 3275 3391 iniquos
3323 3335 3516 3390 pacet»

1923 3413 2217 3482 peccatoris
2244 3410 2510 3466 videns“.
2543 3411 2680 3466 Cum
2719 3419 2902 3467 autem
2953 3409 3154 3466 viderit
3209 3409 3502 3478 impiorum

1923 3503 2085 3558 ﬁnem
2112 3511 2166 3557 et
2185 3503 2446 3558 ultionem
2482 3503 2549 3557 de
2582 3504 2649 3559 iis
2679 3510 2976 3573 sumptam,
3003 3510 3135 3556 tunc
3156 3499 3431 3555 letabitur
3450 3505 3506 3554 et

1923 3594 2256 3660 exsultabit;
2296 3611 2408 3648 non
2452 3593 2520 3648 de
2550 3594 2844 3664 impiorum
2887 3594 3056 3649 exitio
3105 3592 3370 3663 gaudens,
3406 3590 3519 3648 sed

1923 3688 1992 3743 de
2009 3688 2162 3758 justo
2194 3687 2286 3742 Dei
2312 3673 2526 3758 judicio
2553 3688 2730 3743 laetus.
2761 3686 2928 3742 Pedes
2958 3696 3140 3741 autem
3185 3702 3310 3740 suos
3354 3685 3505 3738 lava—

1925 3779 1998 3834 bit
2051 3781 2105 3833 in
2165 3781 2424 3849 sanguine
2465 3779 2780 3847 impii:uon
2830 3776 2976 3847 quod
3015 3773 3405 3844 sanguinarius
3438 3786 3519 3827 ae-

1923 3867 2052 3922 belli
2079 3867 2314 3936 cupidus
2351 3867 2442 3933 sit,
2473 3866 2571 3921 sed
2592 3855 2722 3935 quia
2745 3881 2813 3920 ex
2839 3879 3032 3919 eorum
3061 3861 3333 3932 supplicio
3370 3875 3503 3931 pur-

1924 3964 2104 4027 gatur,
2141 3964 2196 4011 et
2220 3957 2453 4010 alierum
2489 3955 2853 4026 castigatione
2883 3955 3076 4010 melior
3103 3952 3356 4009 eﬂicitur.
3376 3951 3523 4007 Sive-

1925 4047 2033 4101 alio
2071 4046 2234 4101 modo
2267 4066 2280 4101 :
2317 4045 2512 4100 Manus
2564 4045 2764 4099 Iavabit
2807 4047 2862 4098 in
2892 4045 3148 4114 sanguine
3187 4041 3502 4111 peccatoris,

1924 4138 1979 4192 id
2004 4147 2109 4202 est,
2139 4137 2486 4192 innocentem
2511 4152 2589 4202 se,
2631 4135 2973 4206 inculpatum
3005 4141 3060 4188 et
3096 4147 3296 4204 purum
3320 4147 3352 4186 a
3383 4145 3507 4201 per-

1925 4229 2070 4285 nicie
2115 4228 2238 4299 ejus
2296 4227 2572 4307 ostendet.
2606 4227 2745 4283 Cum
2794 4241 2928 4298 ergo
2981 4225 3135 4296 impii
3178 4223 3507 4296 promeritae

1927 4334 2119 4391 pinnas
2150 4318 2435 4385 dederint,
2463 4320 2648 4391 justus
2690 4325 2873 4374 autem
2920 4316 3267 4380 vindicatus,
3305 4313 3507 4386 gaudio

1927 4427 1991 4468 ac
2020 4412 2210 4467 laetitia
2243 4413 2484 4482 repletus
2547 4412 2734 4477 fuerit,
2768 4425 2965 4466 manus
3023 4423 3089 4465 ac
3131 4407 3298 4478 pedes
3351 4420 3503 4469 suos,

1928 4505 2226 4562 secundum
2257 4505 2504 4576 reliquos
2531 4505 2882 4575 interpretes,
2908 4501 3107 4560 laverit
3137 4501 3193 4555 in
3239 4495 3506 4566 sanguine

1928 4597 2256 4667 peccatoris,
2305 4595 2608 4652 secundum
2666 4594 2925 4649 traditam
2983 4588 3507 4654 sententiam;tune

1927 4690 2124 4744 merito
2157 4689 2340 4744 omnis
2373 4689 2560 4752 homo,
2591 4687 2773 4742 omnis
2801 4700 2905 4739 vox
2947 4691 3003 4739 et
3045 4682 3508 4752 lingua’pronun-

1926 4779 2106 4846 tiabit,
2147 4779 2208 4834 Si
2241 4781 2424 4850 utique
2467 4788 2545 4834 est
2579 4781 2786 4849 fructus
2809 4778 2982 4847 justo,
3019 4776 3197 4843 utique
3241 4783 3320 4827 est
3362 4772 3504 4826 Deus

1917 4870 2172 4940 judicans
2194 4887 2282 4925 eos
2304 4871 2359 4924 in
2387 4879 2548 4924 terra.
2588 4868 2723 4922 Nam
2758 4868 2803 4923 si
2851 4873 2935 4920 est
2981 4863 3194 4919 fructus
3230 4862 3404 4931 justo,
3436 4862 3506 4917 de

1921 4976 2032 5032 quo
2063 4961 2243 5017 fructu
2295 4960 2349 5014 in
2380 4960 2555 5030 primo
2587 4961 2798 5028 psalmo
2830 4957 3035 5010 dictum
3070 4961 3154 5010 est
3177 4954 3268 5006 "-z
3297 4951 3366 5006 Et
3403 4953 3505 5005 erit

1923 5061 2176 5123 tanquam
2207 5051 2405 5122 lignum
2435 5048 2574 5120 quod
2613 5047 2917 5118 plantatum
2950 5055 3028 5100 est
3062 5061 3211 5101 secus
3250 5042 3502 5096 decursus

1923 5159 2204 5212 aquarum,
2236 5141 2376 5210 quod
2401 5142 2638 5210 fructum
2672 5155 2826 5196 suum
2855 5137 3004 5191 dabit
3041 5139 3094 5192 in
3132 5146 3361 5204 tempore
3381 5149 3498 5191 suo.

1923 5231 1992 5285 Et
2017 5231 2202 5302 folium
2231 5231 2346 5300 ejus
2366 5246 2470 5284 non
2484 5228 2697 5298 deﬂuet,
2722 5237 2772 5282 et
2795 5229 2972 5282 omnia
2985 5241 3305 5298 quotcunque
3321 5223 3500 5294 faciet.

1921 5324 2396 5393 prosperabuntur.
2431 5320 2489 5376 Si
2543 5321 2728 5390 itaque
2784 5334 3001 5375 merces
3035 5333 3099 5373 ac
3135 5317 3355 5373 fructus
3396 5315 3502 5371 erit

1921 5415 2102 5472 bonus
2129 5415 2185 5471 ei
2210 5415 2304 5485 qui
2330 5412 2604 5483 justitiam
2639 5418 2898 5482 operatus
2929 5410 3021 5475 sit,
3057 5423 3220 5481 quem
3255 5415 3502 5477 tempore

229 5501 340 5553 Kal
383 5500 558 5553 ἔσται
583 5501 664 5566 ὡς
696 5501 761 5554 τὸ
809 5502 1001 5565 ξύλον
1048 5501 1116 5555 τὸ
1164 5502 1620 5572 πεφυτευμένον
1664 5505 1815 5572 παρὰ

1926 5505 2065 5575 iusti
2094 5503 2291 5574 judicii
2327 5502 2424 5557 Dei
2459 5502 2720 5572 recipiet;
2745 5503 2873 5558 hinc
2926 5515 3060 5556 sane
3099 5504 3500 5569 consequenter

231 5591 334 5657 τὰς
362 5591 674 5662 διεξόδους
719 5591 837 5657 τῶν
865 5592 1121 5660 ὑδάτων,
1152 5594 1184 5648 ὃ
1217 5595 1324 5652 τὸν
1358 5594 1596 5663 καρπὸν
1639 5595 1825 5652 αὐτοῦ

1923 5594 2266 5668 intelligitur,
2283 5593 2450 5649 etiam
2475 5599 2601 5648 ante
2627 5591 2896 5664 judicium
2930 5605 3054 5648 esse
3085 5593 3254 5646 Deum
3288 5588 3383 5660 qui
3414 5587 3500 5642 ir.—

304 5764 348 5797 "
387 5764 492 5822 Job
522 5780 648 5834 ut,
683 5765 806 5834 7,8.
885 5769 928 5802 ⁸ο
966 5766 1113 5828 Psal.
1147 5785 1294 5826 Lm!
1317 5813 1332 5842 ,
1362 5769 1418 5838 2,
1455 5771 1506 5828 5.
1587 5771 1626 5804 "
1669 5769 1813 5827 l’sal.
1849 5784 1887 5834 ι,
1919 5772 1969 5826 3.
