  <div class='ocr_page' id='page_1' title='image "/cluster/home/n/w/nwhite01/storage/ocr_20150623/23/mdp.39015078384396/275.png"; bbox 0 0 3808 6280; ppageno 0'>
   <div class='ocr_carea' id='block_1_1' title="bbox 367 362 471 422">
    <p class='ocr_par' dir='ltr' id='par_1_1' title="bbox 367 362 471 422">
     <span class='ocr_line' id='line_1_1' title="bbox 367 362 471 422; baseline -0.01 0"><span class='ocrx_word' id='word_1_1' title='bbox 367 362 471 422; x_wconf 79' lang='lat'><strong><em>533</em></strong></span> 
     </span>
    </p>
   </div>
   <div class='ocr_carea' id='block_1_2' title="bbox 1103 362 1941 421">
    <p class='ocr_par' dir='ltr' id='par_1_2' title="bbox 1103 363 1941 421">
     <span class='ocr_line' id='line_1_2' title="bbox 1103 363 1941 421; baseline 0.001 -2"><span class='ocrx_word' id='word_1_2' title='bbox 1103 363 1374 421; x_wconf 82' lang='lat' dir='ltr'><strong><em>EUSEBII</em></strong></span> <span class='ocrx_word' id='word_1_3' title='bbox 1416 363 1898 421; x_wconf 67' lang='lat' dir='ltr'><strong><em>CESARIENSIS</em></strong></span> <span class='ocrx_word' id='word_1_4' title='bbox 1937 377 1941 407; x_wconf 68' lang='grc' dir='ltr'><strong>ι</strong></span> 
     </span>
    </p>
   </div>
   <div class='ocr_carea' id='block_1_3' title="bbox 2046 362 2981 421">
    <p class='ocr_par' dir='ltr' id='par_1_3' title="bbox 2046 362 2981 421">
     <span class='ocr_line' id='line_1_3' title="bbox 2046 362 2981 421; baseline -0.002 -2"><span class='ocrx_word' id='word_1_5' title='bbox 2046 369 2088 421; x_wconf 67' lang='grc' dir='ltr'><strong>Ρ.</strong></span> <span class='ocrx_word' id='word_1_6' title='bbox 2131 364 2314 419; x_wconf 77' lang='lat' dir='ltr'><strong><em>PARS</em></strong></span> <span class='ocrx_word' id='word_1_7' title='bbox 2342 365 2433 420; x_wconf 79' lang='grc' dir='ltr'><strong>ΙΙΙ.</strong></span> <span class='ocrx_word' id='word_1_8' title='bbox 2474 394 2537 404; x_wconf 90' lang='grc'><strong><em>-</em></strong></span> <span class='ocrx_word' id='word_1_9' title='bbox 2573 362 2981 420; x_wconf 72' lang='grc' dir='ltr'><strong><em>ΕΧΕϐΕΤΚΙΑ.</em></strong></span> 
     </span>
    </p>
   </div>
   <div class='ocr_carea' id='block_1_4' title="bbox 3515 356 3613 418">
    <p class='ocr_par' dir='ltr' id='par_1_4' title="bbox 3515 356 3613 418">
     <span class='ocr_line' id='line_1_4' title="bbox 3515 356 3613 418; baseline -0.01 0"><span class='ocrx_word' id='word_1_10' title='bbox 3515 356 3613 418; x_wconf 72' lang='lat'><strong><em>336</em></strong></span> 
     </span>
    </p>
   </div>
   <div class='ocr_carea' id='block_1_5' title="bbox 369 471 1941 553">
    <p class='ocr_par' dir='ltr' id='par_1_5' title="bbox 369 474 1941 552">
     <span class='ocr_line' id='line_1_5' title="bbox 369 474 1941 552; baseline 0.001 -16"><span class='ocrx_word' id='word_1_11' title='bbox 369 497 447 536; x_wconf 76' lang='lat' dir='ltr'><strong><em>me</em></strong></span> <span class='ocrx_word' id='word_1_12' title='bbox 475 474 640 535; x_wconf 83' lang='lat' dir='ltr'><strong><em>libera</em></strong></span> <span class='ocrx_word' id='word_1_13' title='bbox 664 498 743 536; x_wconf 88' lang='lat' dir='ltr'><strong><em>me</em></strong></span> <span class='ocrx_word' id='word_1_14' title='bbox 768 497 785 535; x_wconf 89' lang='lat'><strong><em>:</em></strong></span> <span class='ocrx_word' id='word_1_15' title='bbox 816 482 956 550; x_wconf 91' lang='lat' dir='ltr'><strong><em>eripe</em></strong></span> <span class='ocrx_word' id='word_1_16' title='bbox 986 498 1065 536; x_wconf 89' lang='lat' dir='ltr'><strong><em>me</em></strong></span> <span class='ocrx_word' id='word_1_17' title='bbox 1105 481 1170 535; x_wconf 87' lang='lat' dir='ltr'><strong><em>de</em></strong></span> <span class='ocrx_word' id='word_1_18' title='bbox 1207 484 1544 550; x_wconf 73' lang='lat' dir='ltr'><strong><em>operantibus</em></strong></span> <span class='ocrx_word' id='word_1_19' title='bbox 1572 485 1905 552; x_wconf 75' lang='lat' dir='ltr'><strong><em>iniquitatem</em></strong></span> <span class='ocrx_word' id='word_1_20' title='bbox 1930 525 1941 550; x_wconf 83' lang='lat'><strong><em>,</em></strong></span> 
     </span>
    </p>
   </div>
   <div class='ocr_carea' id='block_1_6' title="bbox 2046 471 3612 553">
    <p class='ocr_par' dir='ltr' id='par_1_6' title="bbox 2052 471 3612 553">
     <span class='ocr_line' id='line_1_6' title="bbox 2052 471 3612 553; baseline -0.003 -16"><span class='ocrx_word' id='word_1_21' title='bbox 2052 484 2259 538; x_wconf 66' lang='grc' dir='ltr'><strong>ἐθέλειν</strong></span> <span class='ocrx_word' id='word_1_22' title='bbox 2302 482 2553 552; x_wconf 77' lang='grc' dir='ltr'><strong><em>γενέσθαι</em></strong></span> <span class='ocrx_word' id='word_1_23' title='bbox 2599 480 2694 535; x_wconf 79' lang='grc' dir='ltr'><strong><em>τοῦ</em></strong></span> <span class='ocrx_word' id='word_1_24' title='bbox 2741 482 2955 553; x_wconf 84' lang='grc' dir='ltr'>ἀνδρός.</span> <span class='ocrx_word' id='word_1_25' title='bbox 3021 471 3306 550; x_wconf 73' lang='grc' dir='ltr'>Ἐπειρᾶτο</span> <span class='ocrx_word' id='word_1_26' title='bbox 3368 477 3495 548; x_wconf 81' lang='grc' dir='ltr'><strong><em>γοῦν</em></strong></span> <span class='ocrx_word' id='word_1_27' title='bbox 3541 479 3612 551; x_wconf 71' lang='grc' dir='ltr'>τῷ</span> 
     </span>
    </p>
   </div>
   <div class='ocr_carea' id='block_1_7' title="bbox 364 572 1946 647">
    <p class='ocr_par' dir='ltr' id='par_1_7' title="bbox 364 572 1946 647">
     <span class='ocr_line' id='line_1_7' title="bbox 364 572 1946 647; baseline 0.003 -19"><span class='ocrx_word' id='word_1_28' title='bbox 364 584 412 628; x_wconf 86' lang='lat' dir='ltr'><strong><em>et</em></strong></span> <span class='ocrx_word' id='word_1_29' title='bbox 440 573 504 628; x_wconf 84' lang='lat' dir='ltr'><strong><em>de</em></strong></span> <span class='ocrx_word' id='word_1_30' title='bbox 537 574 662 628; x_wconf 84' lang='lat' dir='ltr'><strong><em>viris</em></strong></span> <span class='ocrx_word' id='word_1_31' title='bbox 699 573 1014 643; x_wconf 87' lang='lat' dir='ltr'><strong><em>sanguinnm</em></strong></span> <span class='ocrx_word' id='word_1_32' title='bbox 1059 572 1208 627; x_wconf 87' lang='lat' dir='ltr'><strong><em>salva</em></strong></span> <span class='ocrx_word' id='word_1_33' title='bbox 1255 590 1351 629; x_wconf 90' lang='lat' dir='ltr'><strong><em>me.</em></strong></span> <span class='ocrx_word' id='word_1_34' title='bbox 1396 574 1562 640; x_wconf 81' lang='lat' dir='ltr'><strong><em>Quei‘s</em></strong></span> <span class='ocrx_word' id='word_1_35' title='bbox 1593 583 1748 647; x_wconf 82' lang='lat' dir='ltr'><strong>rogat</strong></span> <span class='ocrx_word' id='word_1_36' title='bbox 1778 575 1946 632; x_wconf 84' lang='lat' dir='ltr'><strong><em>Deum</em></strong></span> 
     </span>
    </p>
   </div>
   <div class='ocr_carea' id='block_1_8' title="bbox 365 650 1948 735">
    <p class='ocr_par' dir='ltr' id='par_1_8' title="bbox 365 650 1948 735">
     <span class='ocr_line' id='line_1_8' title="bbox 365 650 1948 735; baseline 0.003 -16"><span class='ocrx_word' id='word_1_37' title='bbox 365 664 465 720; x_wconf 78' lang='lat' dir='ltr'><strong><em>sibi</em></strong></span> <span class='ocrx_word' id='word_1_38' title='bbox 489 663 798 729; x_wconf 80' lang='lat' dir='ltr'><strong><em>custodem,</em></strong></span> <span class='ocrx_word' id='word_1_39' title='bbox 840 662 1144 734; x_wconf 81' lang='lat' dir='ltr'><strong><em>adjutorem</em></strong></span> <span class='ocrx_word' id='word_1_40' title='bbox 1173 673 1227 721; x_wconf 85' lang='lat' dir='ltr'><strong><em>et</em></strong></span> <span class='ocrx_word' id='word_1_41' title='bbox 1259 650 1593 722; x_wconf 37' lang='lat' dir='ltr'><strong><em>servat-orem</em></strong></span> <span class='ocrx_word' id='word_1_42' title='bbox 1621 680 1764 735; x_wconf 85' lang='lat' dir='ltr'><strong><em>esse,</em></strong></span> <span class='ocrx_word' id='word_1_43' title='bbox 1788 675 1848 723; x_wconf 88' lang='lat' dir='ltr'><strong><em>ut</em></strong></span> <span class='ocrx_word' id='word_1_44' title='bbox 1879 685 1948 726; x_wconf 90' lang='lat' dir='ltr'><strong><em>ne</em></strong></span> 
     </span>
    </p>
   </div>
   <div class='ocr_carea' id='block_1_9' title="bbox 366 756 1943 829">
    <p class='ocr_par' dir='ltr' id='par_1_9' title="bbox 366 756 1943 829">
     <span class='ocr_line' id='line_1_9' title="bbox 366 756 1943 829; baseline 0.003 -18"><span class='ocrx_word' id='word_1_45' title='bbox 366 757 434 811; x_wconf 86' lang='lat' dir='ltr'><strong><em>ab</em></strong></span> <span class='ocrx_word' id='word_1_46' title='bbox 462 756 701 812; x_wconf 85' lang='lat' dir='ltr'><strong><em>inimicis</em></strong></span> <span class='ocrx_word' id='word_1_47' title='bbox 736 757 1006 825; x_wconf 80' lang='lat' dir='ltr'><strong><em>capiatur,</em></strong></span> <span class='ocrx_word' id='word_1_48' title='bbox 1036 773 1171 813; x_wconf 90' lang='lat' dir='ltr'><strong><em>neve</em></strong></span> <span class='ocrx_word' id='word_1_49' title='bbox 1197 758 1253 813; x_wconf 91' lang='lat' dir='ltr'><strong><em>in</em></strong></span> <span class='ocrx_word' id='word_1_50' title='bbox 1288 774 1483 815; x_wconf 91' lang='lat' dir='ltr'><strong><em>manus</em></strong></span> <span class='ocrx_word' id='word_1_51' title='bbox 1509 774 1699 815; x_wconf 90' lang='lat' dir='ltr'><strong><em>eorum</em></strong></span> <span class='ocrx_word' id='word_1_52' title='bbox 1730 761 1943 829; x_wconf 80' lang='lat' dir='ltr'><strong><em>veniat;</em></strong></span> 
     </span>
    </p>
   </div>
   <div class='ocr_carea' id='block_1_10' title="bbox 367 846 1943 922">
    <p class='ocr_par' dir='ltr' id='par_1_10' title="bbox 367 846 1943 922">
     <span class='ocr_line' id='line_1_10' title="bbox 367 846 1943 922; baseline 0.004 -20"><span class='ocrx_word' id='word_1_53' title='bbox 367 846 480 905; x_wconf 78' lang='lat' dir='ltr'><strong><em>sive</em></strong></span> <span class='ocrx_word' id='word_1_54' title='bbox 501 850 686 913; x_wconf 89' lang='lat' dir='ltr'><strong><em>etiam,</em></strong></span> <span class='ocrx_word' id='word_1_55' title='bbox 721 866 789 904; x_wconf 88' lang='lat' dir='ltr'><strong><em>ne</em></strong></span> <span class='ocrx_word' id='word_1_56' title='bbox 819 851 885 906; x_wconf 90' lang='lat' dir='ltr'><strong><em>iis</em></strong></span> <span class='ocrx_word' id='word_1_57' title='bbox 917 850 1114 905; x_wconf 82' lang='lat' dir='ltr'><strong><em>similis</em></strong></span> <span class='ocrx_word' id='word_1_58' title='bbox 1145 865 1269 907; x_wconf 89' lang='lat' dir='ltr'><strong><em>esse</em></strong></span> <span class='ocrx_word' id='word_1_59' title='bbox 1307 854 1715 922; x_wconf 85' lang='lat' dir='ltr'><strong><em>pronuntietur,</em></strong></span> <span class='ocrx_word' id='word_1_60' title='bbox 1748 868 1854 909; x_wconf 89' lang='lat' dir='ltr'><strong><em>neu</em></strong></span> <span class='ocrx_word' id='word_1_61' title='bbox 1889 855 1943 908; x_wconf 91' lang='lat' dir='ltr'><strong><em>in</em></strong></span> 
     </span>
    </p>
   </div>
   <div class='ocr_carea' id='block_1_11' title="bbox 368 942 1945 1016">
    <p class='ocr_par' dir='ltr' id='par_1_11' title="bbox 368 942 1945 1016">
     <span class='ocr_line' id='line_1_11' title="bbox 368 942 1945 1016; baseline 0.004 -23"><span class='ocrx_word' id='word_1_62' title='bbox 368 956 595 995; x_wconf 91' lang='lat' dir='ltr'><strong><em>numero</em></strong></span> <span class='ocrx_word' id='word_1_63' title='bbox 641 942 985 1011; x_wconf 81' lang='lat' dir='ltr'><strong><em>operantium</em></strong></span> <span class='ocrx_word' id='word_1_64' title='bbox 1044 942 1410 1013; x_wconf 84' lang='lat' dir='ltr'><strong><em>iniquitatem,</em></strong></span> <span class='ocrx_word' id='word_1_65' title='bbox 1442 952 1534 997; x_wconf 86' lang='lat' dir='ltr'><strong><em>aut</em></strong></span> <span class='ocrx_word' id='word_1_66' title='bbox 1571 960 1635 1000; x_wconf 80' lang='lat' dir='ltr'><strong><em>ex</em></strong></span> <span class='ocrx_word' id='word_1_67' title='bbox 1671 952 1825 1016; x_wconf 88' lang='lat' dir='ltr'><strong><em>parte</em></strong></span> <span class='ocrx_word' id='word_1_68' title='bbox 1859 946 1945 1000; x_wconf 92' lang='lat' dir='ltr'><strong><em>vi-</em></strong></span> 
     </span>
    </p>
   </div>
   <div class='ocr_carea' id='block_1_12' title="bbox 368 1034 1944 1109">
    <p class='ocr_par' dir='ltr' id='par_1_12' title="bbox 368 1034 1944 1109">
     <span class='ocr_line' id='line_1_12' title="bbox 368 1034 1944 1109; baseline 0.007 -26"><span class='ocrx_word' id='word_1_69' title='bbox 368 1044 553 1086; x_wconf 90' lang='lat' dir='ltr'><strong><em>rorum</em></strong></span> <span class='ocrx_word' id='word_1_70' title='bbox 595 1034 921 1105; x_wconf 88' lang='lat' dir='ltr'><strong><em>sanguinum</em></strong></span> <span class='ocrx_word' id='word_1_71' title='bbox 952 1045 1273 1100; x_wconf 85' lang='lat' dir='ltr'><strong><em>censeatur,</em></strong></span> <span class='ocrx_word' id='word_1_72' title='bbox 1324 1035 1391 1091; x_wconf 93' lang='lat' dir='ltr'><strong><em>de</em></strong></span> <span class='ocrx_word' id='word_1_73' title='bbox 1443 1037 1645 1106; x_wconf 87' lang='lat' dir='ltr'><strong><em>quibus</em></strong></span> <span class='ocrx_word' id='word_1_74' title='bbox 1690 1039 1944 1109; x_wconf 87' lang='lat' dir='ltr'><strong><em>superius</em></strong></span> 
     </span>
    </p>
   </div>
   <div class='ocr_carea' id='block_1_13' title="bbox 366 1122 1945 1195">
    <p class='ocr_par' dir='ltr' id='par_1_13' title="bbox 366 1122 1945 1195">
     <span class='ocr_line' id='line_1_13' title="bbox 366 1122 1945 1195; baseline 0.005 -20"><span class='ocrx_word' id='word_1_75' title='bbox 366 1122 685 1178; x_wconf 81' lang='lat' dir='ltr'><strong><em>dicebatur:</em></strong></span> <span class='ocrx_word' id='word_1_76' title='bbox 730 1122 845 1177; x_wconf 80' lang='lat' dir='ltr'><strong><em>Viri</em></strong></span> <span class='ocrx_word' id='word_1_77' title='bbox 888 1126 1208 1195; x_wconf 86' lang='lat' dir='ltr'><strong><em>sanguinum</em></strong></span> <span class='ocrx_word' id='word_1_78' title='bbox 1243 1133 1292 1177; x_wconf 92' lang='lat' dir='ltr'><strong><em>et</em></strong></span> <span class='ocrx_word' id='word_1_79' title='bbox 1324 1123 1498 1179; x_wconf 78' lang='lat' dir='ltr'><strong><em>dolosi</em></strong></span> <span class='ocrx_word' id='word_1_80' title='bbox 1541 1143 1645 1181; x_wconf 88' lang='lat' dir='ltr'><strong><em>non</em></strong></span> <span class='ocrx_word' id='word_1_81' title='bbox 1693 1127 1945 1183; x_wconf 85' lang='lat' dir='ltr'><strong><em>dimidia-</em></strong></span> 
     </span>
    </p>
   </div>
   <div class='ocr_carea' id='block_1_14' title="bbox 367 1211 1943 1287">
    <p class='ocr_par' dir='ltr' id='par_1_14' title="bbox 367 1211 1943 1287">
     <span class='ocr_line' id='line_1_14' title="bbox 367 1211 1943 1287; baseline 0.008 -22"><span class='ocrx_word' id='word_1_82' title='bbox 367 1211 495 1266; x_wconf 89' lang='lat' dir='ltr'><strong><em>bunt</em></strong></span> <span class='ocrx_word' id='word_1_83' title='bbox 536 1213 646 1268; x_wconf 82' lang='lat' dir='ltr'><strong><em>dies</em></strong></span> <span class='ocrx_word' id='word_1_84' title='bbox 681 1231 852 1270; x_wconf 85' lang='lat' dir='ltr'><strong><em>suos:</em></strong></span> <span class='ocrx_word' id='word_1_85' title='bbox 899 1232 989 1286; x_wconf 85' lang='lat' dir='ltr'><strong><em>ego</em></strong></span> <span class='ocrx_word' id='word_1_86' title='bbox 1035 1225 1205 1270; x_wconf 86' lang='lat' dir='ltr'><strong><em>autem</em></strong></span> <span class='ocrx_word' id='word_1_87' title='bbox 1257 1215 1478 1284; x_wconf 76' lang='lat' dir='ltr'><strong><em>sperabo</em></strong></span> <span class='ocrx_word' id='word_1_88' title='bbox 1517 1219 1571 1272; x_wconf 88' lang='lat' dir='ltr'><strong><em>in</em></strong></span> <span class='ocrx_word' id='word_1_89' title='bbox 1604 1229 1651 1273; x_wconf 91' lang='lat' dir='ltr'><strong><em>te</em></strong></span> <span class='ocrx_word' id='word_1_90' title='bbox 1679 1220 1745 1275; x_wconf 85' lang='lat'><strong><em>&quot;°.</em></strong></span> <span class='ocrx_word' id='word_1_91' title='bbox 1788 1219 1943 1287; x_wconf 87' lang='lat' dir='ltr'><strong><em>Quod</em></strong></span> 
     </span>
    </p>
   </div>
   <div class='ocr_carea' id='block_1_15' title="bbox 364 1304 1937 1373">
    <p class='ocr_par' dir='ltr' id='par_1_15' title="bbox 364 1304 1937 1373">
     <span class='ocr_line' id='line_1_15' title="bbox 364 1304 1937 1373; baseline 0.008 -19"><span class='ocrx_word' id='word_1_92' title='bbox 364 1310 546 1356; x_wconf 88' lang='lat' dir='ltr'><strong><em>autem</em></strong></span> <span class='ocrx_word' id='word_1_93' title='bbox 591 1319 699 1358; x_wconf 89' lang='lat' dir='ltr'><strong><em>non</em></strong></span> <span class='ocrx_word' id='word_1_94' title='bbox 729 1304 971 1360; x_wconf 85' lang='lat' dir='ltr'><strong><em>visibiles</em></strong></span> <span class='ocrx_word' id='word_1_95' title='bbox 1009 1307 1184 1361; x_wconf 88' lang='lat' dir='ltr'><strong><em>solum</em></strong></span> <span class='ocrx_word' id='word_1_96' title='bbox 1221 1306 1492 1373; x_wconf 89' lang='lat' dir='ltr'><strong><em>inimicos,</em></strong></span> <span class='ocrx_word' id='word_1_97' title='bbox 1531 1308 1631 1365; x_wconf 89' lang='lat' dir='ltr'><strong><em>sed</em></strong></span> <span class='ocrx_word' id='word_1_98' title='bbox 1654 1310 1817 1366; x_wconf 88' lang='lat' dir='ltr'><strong><em>etiam</em></strong></span> <span class='ocrx_word' id='word_1_99' title='bbox 1850 1326 1937 1367; x_wconf 83' lang='lat' dir='ltr'><strong><em>oc-</em></strong></span> 
     </span>
    </p>
   </div>
   <div class='ocr_carea' id='block_1_16' title="bbox 365 1392 1940 1470">
    <p class='ocr_par' dir='ltr' id='par_1_16' title="bbox 365 1392 1940 1470">
     <span class='ocr_line' id='line_1_16' title="bbox 365 1392 1940 1470; baseline 0.007 -24"><span class='ocrx_word' id='word_1_100' title='bbox 365 1392 543 1449; x_wconf 89' lang='lat' dir='ltr'><strong><em>cultos</em></strong></span> <span class='ocrx_word' id='word_1_101' title='bbox 575 1404 629 1449; x_wconf 92' lang='lat' dir='ltr'><strong><em>et</em></strong></span> <span class='ocrx_word' id='word_1_102' title='bbox 676 1397 977 1452; x_wconf 84' lang='lat' dir='ltr'><strong><em>invisibiles</em></strong></span> <span class='ocrx_word' id='word_1_103' title='bbox 1034 1409 1425 1468; x_wconf 87' lang='lat' dir='ltr'><strong><em>cognosceret,</em></strong></span> <span class='ocrx_word' id='word_1_104' title='bbox 1476 1400 1569 1470; x_wconf 91' lang='lat' dir='ltr'><strong><em>qui</em></strong></span> <span class='ocrx_word' id='word_1_105' title='bbox 1622 1409 1675 1455; x_wconf 90' lang='lat' dir='ltr'><strong><em>et</em></strong></span> <span class='ocrx_word' id='word_1_106' title='bbox 1723 1402 1940 1457; x_wconf 87' lang='lat' dir='ltr'><strong><em>Saulem</em></strong></span> 
     </span>
    </p>
   </div>
   <div class='ocr_carea' id='block_1_17' title="bbox 364 1486 1942 1558">
    <p class='ocr_par' dir='ltr' id='par_1_17' title="bbox 364 1486 1942 1558">
     <span class='ocr_line' id='line_1_17' title="bbox 364 1486 1942 1558; baseline 0.006 -21"><span class='ocrx_word' id='word_1_107' title='bbox 364 1486 713 1555; x_wconf 78' lang='lat' dir='ltr'><strong><em>exagitabant</em></strong></span> <span class='ocrx_word' id='word_1_108' title='bbox 735 1527 749 1548; x_wconf 88' lang='lat'><strong><em>,</em></strong></span> <span class='ocrx_word' id='word_1_109' title='bbox 800 1503 924 1540; x_wconf 88' lang='lat' dir='ltr'><strong><em>nam</em></strong></span> <span class='ocrx_word' id='word_1_110' title='bbox 959 1488 1184 1558; x_wconf 81' lang='lat' dir='ltr'><strong><em>spiritus</em></strong></span> <span class='ocrx_word' id='word_1_111' title='bbox 1213 1490 1389 1544; x_wconf 89' lang='lat' dir='ltr'><strong><em>malus</em></strong></span> <span class='ocrx_word' id='word_1_112' title='bbox 1420 1490 1474 1545; x_wconf 91' lang='lat' dir='ltr'><strong><em>in</em></strong></span> <span class='ocrx_word' id='word_1_113' title='bbox 1509 1488 1673 1547; x_wconf 88' lang='lat' dir='ltr'><strong><em>Saule</em></strong></span> <span class='ocrx_word' id='word_1_114' title='bbox 1703 1500 1857 1556; x_wconf 89' lang='lat' dir='ltr'><strong><em>erat,</em></strong></span> <span class='ocrx_word' id='word_1_115' title='bbox 1913 1510 1942 1547; x_wconf 90' lang='lat' dir='ltr'><strong><em>a</em></strong></span> 
     </span>
    </p>
   </div>
   <div class='ocr_carea' id='block_1_18' title="bbox 364 1575 1940 1649">
    <p class='ocr_par' dir='ltr' id='par_1_18' title="bbox 364 1575 1940 1649">
     <span class='ocr_line' id='line_1_18' title="bbox 364 1575 1940 1649; baseline 0.005 -23"><span class='ocrx_word' id='word_1_116' title='bbox 364 1590 474 1643; x_wconf 89' lang='lat' dir='ltr'><strong><em>quo</em></strong></span> <span class='ocrx_word' id='word_1_117' title='bbox 501 1585 781 1644; x_wconf 85' lang='lat' dir='ltr'><strong><em>permotus</em></strong></span> <span class='ocrx_word' id='word_1_118' title='bbox 826 1576 1030 1631; x_wconf 87' lang='lat' dir='ltr'><strong><em>invidia</em></strong></span> <span class='ocrx_word' id='word_1_119' title='bbox 1082 1575 1520 1634; x_wconf 81' lang='lat' dir='ltr'><strong><em>inﬂammabatur</em></strong></span> <span class='ocrx_word' id='word_1_120' title='bbox 1554 1580 1609 1634; x_wconf 90' lang='lat' dir='ltr'><strong><em>in</em></strong></span> <span class='ocrx_word' id='word_1_121' title='bbox 1650 1579 1940 1649; x_wconf 90' lang='lat' dir='ltr'><strong><em>Davidem;</em></strong></span> 
     </span>
    </p>
   </div>
   <div class='ocr_carea' id='block_1_19' title="bbox 361 1663 1943 1740">
    <p class='ocr_par' dir='ltr' id='par_1_19' title="bbox 361 1663 1943 1740">
     <span class='ocr_line' id='line_1_19' title="bbox 361 1663 1943 1740; baseline 0.004 -22"><span class='ocrx_word' id='word_1_122' title='bbox 361 1663 473 1732; x_wconf 85' lang='lat' dir='ltr'><strong><em>jam</em></strong></span> <span class='ocrx_word' id='word_1_123' title='bbox 514 1665 713 1733; x_wconf 64' lang='lat' dir='ltr'><strong><em>saepius</em></strong></span> <span class='ocrx_word' id='word_1_124' title='bbox 744 1680 771 1718; x_wconf 88' lang='lat' dir='ltr'><strong><em>a</em></strong></span> <span class='ocrx_word' id='word_1_125' title='bbox 798 1665 956 1720; x_wconf 92' lang='lat' dir='ltr'><strong><em>nobis</em></strong></span> <span class='ocrx_word' id='word_1_126' title='bbox 986 1675 1472 1721; x_wconf 89' lang='lat' dir='ltr'><strong><em>commonstratum</em></strong></span> <span class='ocrx_word' id='word_1_127' title='bbox 1500 1676 1601 1723; x_wconf 86' lang='lat' dir='ltr'><strong><em>est.</em></strong></span> <span class='ocrx_word' id='word_1_128' title='bbox 1630 1667 1729 1724; x_wconf 86' lang='lat' dir='ltr'><strong><em>Hic</em></strong></span> <span class='ocrx_word' id='word_1_129' title='bbox 1761 1671 1943 1740; x_wconf 87' lang='lat' dir='ltr'><strong><em>itaque</em></strong></span> 
     </span>
    </p>
   </div>
   <div class='ocr_carea' id='block_1_20' title="bbox 364 1753 1941 1829">
    <p class='ocr_par' dir='ltr' id='par_1_20' title="bbox 364 1753 1941 1829">
     <span class='ocr_line' id='line_1_20' title="bbox 364 1753 1941 1829; baseline 0.004 -21"><span class='ocrx_word' id='word_1_130' title='bbox 364 1753 620 1810; x_wconf 88' lang='lat' dir='ltr'><strong><em>inimicos</em></strong></span> <span class='ocrx_word' id='word_1_131' title='bbox 674 1771 963 1825; x_wconf 84' lang='lat' dir='ltr'><strong><em>superasse</em></strong></span> <span class='ocrx_word' id='word_1_132' title='bbox 996 1757 1276 1822; x_wconf 84' lang='lat' dir='ltr'><strong><em>scribitur,</em></strong></span> <span class='ocrx_word' id='word_1_133' title='bbox 1308 1773 1372 1813; x_wconf 84' lang='lat' dir='ltr'><strong><em>ac</em></strong></span> <span class='ocrx_word' id='word_1_134' title='bbox 1402 1759 1721 1829; x_wconf 86' lang='lat' dir='ltr'><strong><em>plerumque</em></strong></span> <span class='ocrx_word' id='word_1_135' title='bbox 1765 1761 1941 1815; x_wconf 84' lang='lat' dir='ltr'><strong><em>victo-</em></strong></span> 
     </span>
    </p>
   </div>
   <div class='ocr_carea' id='block_1_21' title="bbox 362 1846 1950 1925">
    <p class='ocr_par' dir='ltr' id='par_1_21' title="bbox 362 1846 1950 1925">
     <span class='ocr_line' id='line_1_21' title="bbox 362 1846 1950 1925; baseline 0.006 -27"><span class='ocrx_word' id='word_1_136' title='bbox 362 1846 499 1899; x_wconf 89' lang='lat' dir='ltr'><strong><em>riam</em></strong></span> <span class='ocrx_word' id='word_1_137' title='bbox 531 1846 598 1901; x_wconf 90' lang='lat' dir='ltr'><strong><em>de</em></strong></span> <span class='ocrx_word' id='word_1_138' title='bbox 637 1847 925 1919; x_wconf 89' lang='lat' dir='ltr'><strong><em>allophylis</em></strong></span> <span class='ocrx_word' id='word_1_139' title='bbox 970 1850 1244 1906; x_wconf 81' lang='lat' dir='ltr'><strong><em>retulisse.</em></strong></span> <span class='ocrx_word' id='word_1_140' title='bbox 1299 1846 1505 1907; x_wconf 85' lang='lat' dir='ltr'><strong><em>Truces</em></strong></span> <span class='ocrx_word' id='word_1_141' title='bbox 1534 1867 1698 1923; x_wconf 87' lang='lat' dir='ltr'><strong><em>porro</em></strong></span> <span class='ocrx_word' id='word_1_142' title='bbox 1734 1869 1797 1908; x_wconf 88' lang='lat' dir='ltr'><strong><em>ac</em></strong></span> <span class='ocrx_word' id='word_1_143' title='bbox 1828 1869 1950 1925; x_wconf 85' lang='lat' dir='ltr'><strong><em>gra-</em></strong></span> 
     </span>
    </p>
   </div>
   <div class='ocr_carea' id='block_1_22' title="bbox 358 1938 1945 2016">
    <p class='ocr_par' dir='ltr' id='par_1_22' title="bbox 358 1938 1945 2016">
     <span class='ocr_line' id='line_1_22' title="bbox 358 1938 1945 2016; baseline 0.009 -28"><span class='ocrx_word' id='word_1_144' title='bbox 358 1951 456 1990; x_wconf 89' lang='lat' dir='ltr'><strong><em>ves</em></strong></span> <span class='ocrx_word' id='word_1_145' title='bbox 486 1944 643 1990; x_wconf 89' lang='lat' dir='ltr'><strong><em>erant</em></strong></span> <span class='ocrx_word' id='word_1_146' title='bbox 673 1938 875 1992; x_wconf 89' lang='lat' dir='ltr'><strong><em>occulti</em></strong></span> <span class='ocrx_word' id='word_1_147' title='bbox 899 1939 1018 2008; x_wconf 84' lang='lat' dir='ltr'><strong><em>ejus</em></strong></span> <span class='ocrx_word' id='word_1_148' title='bbox 1052 1939 1258 1996; x_wconf 85' lang='lat' dir='ltr'><strong><em>inimici</em></strong></span> <span class='ocrx_word' id='word_1_149' title='bbox 1306 1951 1361 1997; x_wconf 89' lang='lat' dir='ltr'><strong><em>et</em></strong></span> <span class='ocrx_word' id='word_1_150' title='bbox 1394 1942 1599 2011; x_wconf 84' lang='lat' dir='ltr'><strong><em>hostes,</em></strong></span> <span class='ocrx_word' id='word_1_151' title='bbox 1626 1960 1765 2016; x_wconf 89' lang='lat' dir='ltr'><strong><em>quos</em></strong></span> <span class='ocrx_word' id='word_1_152' title='bbox 1789 1945 1945 2002; x_wconf 89' lang='lat' dir='ltr'><strong><em>hisce</em></strong></span> 
     </span>
    </p>
   </div>
   <div class='ocr_carea' id='block_1_23' title="bbox 285 2027 1944 2098">
    <p class='ocr_par' dir='ltr' id='par_1_23' title="bbox 285 2027 1944 2098">
     <span class='ocr_line' id='line_1_23' title="bbox 285 2027 1944 2098; baseline 0.006 -16"><span class='ocrx_word' id='word_1_153' title='bbox 285 2068 291 2075; x_wconf 83' lang='grc'><strong><em>.</em></strong></span> <span class='ocrx_word' id='word_1_154' title='bbox 359 2027 524 2084; x_wconf 86' lang='lat' dir='ltr'><strong><em>dictis</em></strong></span> <span class='ocrx_word' id='word_1_155' title='bbox 556 2027 799 2086; x_wconf 85' lang='lat' dir='ltr'><strong><em>declarat</em></strong></span> <span class='ocrx_word' id='word_1_156' title='bbox 828 2050 842 2085; x_wconf 87' lang='lat'><strong>:</strong></span> <span class='ocrx_word' id='word_1_157' title='bbox 887 2031 1154 2098; x_wconf 81' lang='lat' dir='ltr'><strong><em>Quoniam</em></strong></span> <span class='ocrx_word' id='word_1_158' title='bbox 1188 2050 1302 2088; x_wconf 82' lang='lat' dir='ltr'><strong><em>ecce</em></strong></span> <span class='ocrx_word' id='word_1_159' title='bbox 1331 2036 1504 2090; x_wconf 82' lang='lat' dir='ltr'><strong><em>venali</em></strong></span> <span class='ocrx_word' id='word_1_160' title='bbox 1550 2047 1672 2090; x_wconf 87' lang='lat' dir='ltr'><strong><em>sunt</em></strong></span> <span class='ocrx_word' id='word_1_161' title='bbox 1708 2038 1944 2093; x_wconf 83' lang='lat' dir='ltr'><strong><em>animum</em></strong></span> 
     </span>
    </p>
   </div>
   <div class='ocr_carea' id='block_1_24' title="bbox 360 2120 1942 2191">
    <p class='ocr_par' dir='ltr' id='par_1_24' title="bbox 360 2120 1942 2191">
     <span class='ocr_line' id='line_1_24' title="bbox 360 2120 1942 2191; baseline 0.007 -21"><span class='ocrx_word' id='word_1_162' title='bbox 360 2132 552 2183; x_wconf 72' lang='lat' dir='ltr'><strong><em>meam,</em></strong></span> <span class='ocrx_word' id='word_1_163' title='bbox 585 2120 855 2175; x_wconf 85' lang='lat' dir='ltr'><strong><em>irruerunt</em></strong></span> <span class='ocrx_word' id='word_1_164' title='bbox 879 2124 933 2176; x_wconf 88' lang='lat' dir='ltr'><strong><em>in</em></strong></span> <span class='ocrx_word' id='word_1_165' title='bbox 964 2140 1045 2177; x_wconf 88' lang='lat' dir='ltr'><strong><em>me</em></strong></span> <span class='ocrx_word' id='word_1_166' title='bbox 1094 2123 1279 2191; x_wconf 85' lang='lat' dir='ltr'><strong><em>fortes.</em></strong></span> <span class='ocrx_word' id='word_1_167' title='bbox 1315 2123 1627 2182; x_wconf 89' lang='lat' dir='ltr'><strong><em>Secundum</em></strong></span> <span class='ocrx_word' id='word_1_168' title='bbox 1660 2128 1942 2184; x_wconf 85' lang='lat' dir='ltr'><strong><em>historiam</em></strong></span> 
     </span>
    </p>
   </div>
   <div class='ocr_carea' id='block_1_25' title="bbox 361 2212 1942 2289">
    <p class='ocr_par' dir='ltr' id='par_1_25' title="bbox 361 2212 1942 2289">
     <span class='ocr_line' id='line_1_25' title="bbox 361 2212 1942 2289; baseline 0.005 -24"><span class='ocrx_word' id='word_1_169' title='bbox 361 2222 495 2265; x_wconf 78' lang='lat' dir='ltr'><strong><em>sane</em></strong></span> <span class='ocrx_word' id='word_1_170' title='bbox 544 2226 655 2265; x_wconf 90' lang='lat' dir='ltr'><strong><em>non</em></strong></span> <span class='ocrx_word' id='word_1_171' title='bbox 705 2212 842 2268; x_wconf 86' lang='lat' dir='ltr'><strong><em>alios</em></strong></span> <span class='ocrx_word' id='word_1_172' title='bbox 898 2213 1115 2267; x_wconf 86' lang='lat' dir='ltr'><strong><em>videtur</em></strong></span> <span class='ocrx_word' id='word_1_173' title='bbox 1163 2215 1418 2280; x_wconf 82' lang='lat' dir='ltr'><strong><em>inimicos</em></strong></span> <span class='ocrx_word' id='word_1_174' title='bbox 1472 2216 1733 2274; x_wconf 83' lang='lat' dir='ltr'><strong><em>habuisse</em></strong></span> <span class='ocrx_word' id='word_1_175' title='bbox 1778 2235 1942 2289; x_wconf 86' lang='lat' dir='ltr'><strong><em>quam</em></strong></span> 
     </span>
    </p>
   </div>
   <div class='ocr_carea' id='block_1_26' title="bbox 362 2298 1943 2375">
    <p class='ocr_par' dir='ltr' id='par_1_26' title="bbox 362 2298 1943 2375">
     <span class='ocr_line' id='line_1_26' title="bbox 362 2298 1943 2375; baseline 0.008 -22"><span class='ocrx_word' id='word_1_176' title='bbox 362 2298 604 2356; x_wconf 77' lang='lat' dir='ltr'><strong><em>Saulem.</em></strong></span> <span class='ocrx_word' id='word_1_177' title='bbox 649 2300 706 2356; x_wconf 75' lang='grc' dir='ltr'><strong>ιιι</strong></span> <span class='ocrx_word' id='word_1_178' title='bbox 732 2302 876 2356; x_wconf 90' lang='lat' dir='ltr'><strong><em>enim</em></strong></span> <span class='ocrx_word' id='word_1_179' title='bbox 917 2301 1203 2375; x_wconf 63' lang='lat' dir='ltr'><strong><em>Scriptura</em></strong></span> <span class='ocrx_word' id='word_1_180' title='bbox 1227 2304 1498 2375; x_wconf 81' lang='lat' dir='ltr'><strong><em>signiﬁcat</em></strong></span> <span class='ocrx_word' id='word_1_181' title='bbox 1527 2307 1654 2362; x_wconf 91' lang='lat' dir='ltr'><strong><em>dum</em></strong></span> <span class='ocrx_word' id='word_1_182' title='bbox 1681 2309 1943 2365; x_wconf 82' lang='lat' dir='ltr'><strong><em>testiﬁca-</em></strong></span> 
     </span>
    </p>
   </div>
   <div class='ocr_carea' id='block_1_27' title="bbox 358 2388 1941 2470">
    <p class='ocr_par' dir='ltr' id='par_1_27' title="bbox 358 2388 1941 2470">
     <span class='ocr_line' id='line_1_27' title="bbox 358 2388 1941 2470; baseline 0.006 -25"><span class='ocrx_word' id='word_1_183' title='bbox 358 2388 471 2449; x_wconf 85' lang='lat' dir='ltr'><strong><em>tur.</em></strong></span> <span class='ocrx_word' id='word_1_184' title='bbox 509 2393 687 2461; x_wconf 86' lang='lat' dir='ltr'><strong><em>ipsum</em></strong></span> <span class='ocrx_word' id='word_1_185' title='bbox 732 2393 802 2447; x_wconf 90' lang='lat' dir='ltr'><strong><em>ab</em></strong></span> <span class='ocrx_word' id='word_1_186' title='bbox 844 2395 992 2447; x_wconf 88' lang='lat' dir='ltr'><strong><em>omni</em></strong></span> <span class='ocrx_word' id='word_1_187' title='bbox 1041 2396 1240 2464; x_wconf 80' lang='lat' dir='ltr'><strong><em>populo</em></strong></span> <span class='ocrx_word' id='word_1_188' title='bbox 1282 2395 1576 2463; x_wconf 86' lang='lat' dir='ltr'><strong><em>dilectum;</em></strong></span> <span class='ocrx_word' id='word_1_189' title='bbox 1624 2415 1853 2470; x_wconf 83' lang='lat' dir='ltr'><strong><em>eamque</em></strong></span> <span class='ocrx_word' id='word_1_190' title='bbox 1887 2402 1941 2456; x_wconf 92' lang='lat' dir='ltr'><strong><em>in</em></strong></span> 
     </span>
    </p>
   </div>
   <div class='ocr_carea' id='block_1_28' title="bbox 360 2480 1945 2563">
    <p class='ocr_par' dir='ltr' id='par_1_28' title="bbox 360 2480 1945 2563">
     <span class='ocr_line' id='line_1_28' title="bbox 360 2480 1945 2563; baseline 0.008 -29"><span class='ocrx_word' id='word_1_191' title='bbox 360 2480 553 2551; x_wconf 74' lang='lat' dir='ltr'><strong><em>primis</em></strong></span> <span class='ocrx_word' id='word_1_192' title='bbox 580 2498 803 2539; x_wconf 83' lang='lat' dir='ltr'><strong><em>causam</em></strong></span> <span class='ocrx_word' id='word_1_193' title='bbox 835 2484 1053 2540; x_wconf 76' lang='lat' dir='ltr'><strong><em>invidia:</em></strong></span> <span class='ocrx_word' id='word_1_194' title='bbox 1085 2486 1137 2540; x_wconf 91' lang='lat' dir='ltr'><strong><em>in</em></strong></span> <span class='ocrx_word' id='word_1_195' title='bbox 1165 2488 1340 2557; x_wconf 82' lang='lat' dir='ltr'><strong><em>ipsum</em></strong></span> <span class='ocrx_word' id='word_1_196' title='bbox 1369 2489 1558 2546; x_wconf 83' lang='lat' dir='ltr'><strong><em>fuisse.</em></strong></span> <span class='ocrx_word' id='word_1_197' title='bbox 1585 2491 1640 2544; x_wconf 85' lang='lat' dir='ltr'><strong><em>Si</em></strong></span> <span class='ocrx_word' id='word_1_198' title='bbox 1668 2507 1798 2563; x_wconf 89' lang='lat' dir='ltr'><strong><em>ergo</em></strong></span> <span class='ocrx_word' id='word_1_199' title='bbox 1827 2508 1945 2546; x_wconf 85' lang='lat' dir='ltr'><strong><em>om-</em></strong></span> 
     </span>
    </p>
   </div>
   <div class='ocr_carea' id='block_1_29' title="bbox 359 2571 1944 2650">
    <p class='ocr_par' dir='ltr' id='par_1_29' title="bbox 359 2571 1944 2650">
     <span class='ocr_line' id='line_1_29' title="bbox 359 2571 1944 2650; baseline 0.008 -25"><span class='ocrx_word' id='word_1_200' title='bbox 359 2587 460 2627; x_wconf 85' lang='lat' dir='ltr'><strong><em>nes</em></strong></span> <span class='ocrx_word' id='word_1_201' title='bbox 484 2571 741 2630; x_wconf 84' lang='lat' dir='ltr'><strong><em>Davidem</em></strong></span> <span class='ocrx_word' id='word_1_202' title='bbox 772 2576 1088 2648; x_wconf 80' lang='lat' dir='ltr'><strong><em>diligebant,</em></strong></span> <span class='ocrx_word' id='word_1_203' title='bbox 1120 2579 1380 2650; x_wconf 89' lang='lat' dir='ltr'><strong><em>solusque</em></strong></span> <span class='ocrx_word' id='word_1_204' title='bbox 1408 2580 1536 2647; x_wconf 82' lang='lat' dir='ltr'><strong><em>Saul</em></strong></span> <span class='ocrx_word' id='word_1_205' title='bbox 1570 2598 1631 2636; x_wconf 89' lang='lat' dir='ltr'><strong><em>ea</em></strong></span> <span class='ocrx_word' id='word_1_206' title='bbox 1663 2585 1729 2638; x_wconf 88' lang='lat' dir='ltr'><strong><em>de</em></strong></span> <span class='ocrx_word' id='word_1_207' title='bbox 1778 2598 1838 2638; x_wconf 88' lang='lat' dir='ltr'><strong><em>re</em></strong></span> <span class='ocrx_word' id='word_1_208' title='bbox 1878 2584 1944 2638; x_wconf 75' lang='lat' dir='ltr'><strong><em>li—</em></strong></span> 
     </span>
    </p>
   </div>
   <div class='ocr_carea' id='block_1_30' title="bbox 359 2664 1941 2743">
    <p class='ocr_par' dir='ltr' id='par_1_30' title="bbox 359 2664 1941 2743">
     <span class='ocr_line' id='line_1_30' title="bbox 359 2664 1941 2743; baseline 0.007 -28"><span class='ocrx_word' id='word_1_209' title='bbox 359 2679 491 2718; x_wconf 87' lang='lat' dir='ltr'><strong><em>vore</em></strong></span> <span class='ocrx_word' id='word_1_210' title='bbox 519 2664 779 2721; x_wconf 84' lang='lat' dir='ltr'><strong><em>incensus</em></strong></span> <span class='ocrx_word' id='word_1_211' title='bbox 806 2666 1033 2722; x_wconf 86' lang='lat' dir='ltr'><strong><em>insidias</em></strong></span> <span class='ocrx_word' id='word_1_212' title='bbox 1085 2670 1187 2738; x_wconf 84' lang='lat' dir='ltr'><strong><em>ipsi</em></strong></span> <span class='ocrx_word' id='word_1_213' title='bbox 1229 2672 1469 2739; x_wconf 82' lang='lat' dir='ltr'><strong><em>parabat,</em></strong></span> <span class='ocrx_word' id='word_1_214' title='bbox 1500 2688 1599 2727; x_wconf 90' lang='lat' dir='ltr'><strong><em>cur</em></strong></span> <span class='ocrx_word' id='word_1_215' title='bbox 1630 2673 1719 2726; x_wconf 91' lang='lat' dir='ltr'><strong><em>hic</em></strong></span> <span class='ocrx_word' id='word_1_216' title='bbox 1758 2673 1941 2743; x_wconf 86' lang='lat' dir='ltr'><strong><em>plura-</em></strong></span> 
     </span>
    </p>
   </div>
   <div class='ocr_carea' id='block_1_31' title="bbox 358 2754 1941 2835">
    <p class='ocr_par' dir='ltr' id='par_1_31' title="bbox 358 2754 1941 2835">
     <span class='ocr_line' id='line_1_31' title="bbox 358 2754 1941 2835; baseline 0.007 -28"><span class='ocrx_word' id='word_1_217' title='bbox 358 2754 485 2808; x_wconf 75' lang='lat' dir='ltr'><strong><em>liter</em></strong></span> <span class='ocrx_word' id='word_1_218' title='bbox 509 2755 624 2810; x_wconf 87' lang='lat' dir='ltr'><strong><em>ait:</em></strong></span> <span class='ocrx_word' id='word_1_219' title='bbox 659 2755 820 2827; x_wconf 84' lang='lat' dir='ltr'><strong><em>Eripe</em></strong></span> <span class='ocrx_word' id='word_1_220' title='bbox 846 2775 927 2813; x_wconf 89' lang='lat' dir='ltr'><strong><em>me</em></strong></span> <span class='ocrx_word' id='word_1_221' title='bbox 964 2756 1027 2813; x_wconf 76' lang='lat' dir='ltr'><strong><em>de</em></strong></span> <span class='ocrx_word' id='word_1_222' title='bbox 1057 2760 1283 2814; x_wconf 83' lang='lat' dir='ltr'><strong><em>inimicis</em></strong></span> <span class='ocrx_word' id='word_1_223' title='bbox 1312 2764 1461 2823; x_wconf 85' lang='lat' dir='ltr'><strong><em>meis.</em></strong></span> <span class='ocrx_word' id='word_1_224' title='bbox 1493 2774 1543 2817; x_wconf 89' lang='lat' dir='ltr'><strong><em>et</em></strong></span> <span class='ocrx_word' id='word_1_225' title='bbox 1578 2763 1643 2816; x_wconf 91' lang='lat' dir='ltr'><strong><em>ab</em></strong></span> <span class='ocrx_word' id='word_1_226' title='bbox 1669 2765 1941 2835; x_wconf 83' lang='lat' dir='ltr'><strong><em>insurgen-</em></strong></span> 
     </span>
    </p>
   </div>
   <div class='ocr_carea' id='block_1_32' title="bbox 360 2844 1945 2916">
    <p class='ocr_par' dir='ltr' id='par_1_32' title="bbox 360 2844 1945 2916">
     <span class='ocr_line' id='line_1_32' title="bbox 360 2844 1945 2916; baseline 0.008 -20"><span class='ocrx_word' id='word_1_227' title='bbox 360 2844 497 2899; x_wconf 82' lang='lat' dir='ltr'><strong><em>tibus</em></strong></span> <span class='ocrx_word' id='word_1_228' title='bbox 524 2846 577 2899; x_wconf 89' lang='lat' dir='ltr'><strong><em>in</em></strong></span> <span class='ocrx_word' id='word_1_229' title='bbox 610 2863 724 2911; x_wconf 87' lang='lat' dir='ltr'><strong><em>me;</em></strong></span> <span class='ocrx_word' id='word_1_230' title='bbox 775 2864 838 2903; x_wconf 90' lang='lat' dir='ltr'><strong><em>ac</em></strong></span> <span class='ocrx_word' id='word_1_231' title='bbox 875 2864 1117 2915; x_wconf 86' lang='lat' dir='ltr'><strong><em>rursum,</em></strong></span> <span class='ocrx_word' id='word_1_232' title='bbox 1145 2850 1284 2916; x_wconf 85' lang='lat' dir='ltr'><strong><em>Quia</em></strong></span> <span class='ocrx_word' id='word_1_233' title='bbox 1316 2868 1431 2907; x_wconf 86' lang='lat' dir='ltr'><strong><em>ecce</em></strong></span> <span class='ocrx_word' id='word_1_234' title='bbox 1454 2856 1628 2907; x_wconf 65' lang='lat' dir='ltr'><strong><em>ornati</em></strong></span> <span class='ocrx_word' id='word_1_235' title='bbox 1658 2864 1781 2908; x_wconf 87' lang='lat' dir='ltr'><strong><em>sunt</em></strong></span> <span class='ocrx_word' id='word_1_236' title='bbox 1827 2855 1945 2907; x_wconf 72' lang='lat' dir='ltr'><strong><em>Mi-</em></strong></span> 
     </span>
    </p>
   </div>
   <div class='ocr_carea' id='block_1_33' title="bbox 358 2934 1942 3011">
    <p class='ocr_par' dir='ltr' id='par_1_33' title="bbox 358 2934 1942 3011">
     <span class='ocr_line' id='line_1_33' title="bbox 358 2934 1942 3011; baseline 0.006 -23"><span class='ocrx_word' id='word_1_237' title='bbox 358 2934 500 2991; x_wconf 76' lang='lat' dir='ltr'><strong><em>inam</em></strong></span> <span class='ocrx_word' id='word_1_238' title='bbox 527 2954 719 3003; x_wconf 88' lang='lat' dir='ltr'><strong><em>meam,</em></strong></span> <span class='ocrx_word' id='word_1_239' title='bbox 744 2940 1012 2995; x_wconf 87' lang='lat' dir='ltr'><strong><em>irruerunt</em></strong></span> <span class='ocrx_word' id='word_1_240' title='bbox 1062 2942 1117 2995; x_wconf 87' lang='lat' dir='ltr'><strong><em>in</em></strong></span> <span class='ocrx_word' id='word_1_241' title='bbox 1152 2958 1232 2995; x_wconf 89' lang='lat' dir='ltr'><strong><em>me</em></strong></span> <span class='ocrx_word' id='word_1_242' title='bbox 1271 2942 1433 3011; x_wconf 78' lang='lat' dir='ltr'><strong><em>fortes</em></strong></span> <span class='ocrx_word' id='word_1_243' title='bbox 1456 2946 1482 2999; x_wconf 69' lang='lat'><strong><em>.9</em></strong></span> <span class='ocrx_word' id='word_1_244' title='bbox 1515 2941 1623 2999; x_wconf 88' lang='lat' dir='ltr'><strong><em>Sed</em></strong></span> <span class='ocrx_word' id='word_1_245' title='bbox 1674 2942 1765 2997; x_wconf 91' lang='lat' dir='ltr'><strong><em>hic</em></strong></span> <span class='ocrx_word' id='word_1_246' title='bbox 1795 2944 1942 2998; x_wconf 86' lang='lat' dir='ltr'><strong><em>clare</em></strong></span> 
     </span>
    </p>
   </div>
   <div class='ocr_carea' id='block_1_34' title="bbox 359 3027 1942 3103">
    <p class='ocr_par' dir='ltr' id='par_1_34' title="bbox 359 3027 1942 3103">
     <span class='ocr_line' id='line_1_34' title="bbox 359 3027 1942 3103; baseline 0.006 -23"><span class='ocrx_word' id='word_1_247' title='bbox 359 3027 675 3085; x_wconf 89' lang='lat' dir='ltr'><strong><em>indicantur</em></strong></span> <span class='ocrx_word' id='word_1_248' title='bbox 702 3032 901 3085; x_wconf 91' lang='lat' dir='ltr'><strong><em>occulti</em></strong></span> <span class='ocrx_word' id='word_1_249' title='bbox 931 3042 985 3088; x_wconf 94' lang='lat' dir='ltr'><strong><em>et</em></strong></span> <span class='ocrx_word' id='word_1_250' title='bbox 1018 3027 1321 3089; x_wconf 84' lang='lat' dir='ltr'><strong><em>invisibiles</em></strong></span> <span class='ocrx_word' id='word_1_251' title='bbox 1353 3034 1558 3089; x_wconf 89' lang='lat' dir='ltr'><strong><em>inimici</em></strong></span> <span class='ocrx_word' id='word_1_252' title='bbox 1585 3073 1600 3097; x_wconf 95' lang='lat'><strong><em>,</em></strong></span> <span class='ocrx_word' id='word_1_253' title='bbox 1643 3032 1712 3088; x_wconf 92' lang='lat' dir='ltr'><strong><em>de</em></strong></span> <span class='ocrx_word' id='word_1_254' title='bbox 1739 3034 1942 3103; x_wconf 88' lang='lat' dir='ltr'><strong><em>quibus</em></strong></span> 
     </span>
    </p>
   </div>
   <div class='ocr_carea' id='block_1_35' title="bbox 357 3117 1940 3186">
    <p class='ocr_par' dir='ltr' id='par_1_35' title="bbox 357 3117 1940 3186">
     <span class='ocr_line' id='line_1_35' title="bbox 357 3117 1940 3186; baseline 0.006 -16"><span class='ocrx_word' id='word_1_255' title='bbox 357 3117 654 3186; x_wconf 83' lang='lat' dir='ltr'><strong><em>Apostolus</em></strong></span> <span class='ocrx_word' id='word_1_256' title='bbox 685 3122 804 3175; x_wconf 88' lang='lat' dir='ltr'><strong><em>ait:</em></strong></span> <span class='ocrx_word' id='word_1_257' title='bbox 844 3120 969 3176; x_wconf 88' lang='lat' dir='ltr'><strong><em>Non</em></strong></span> <span class='ocrx_word' id='word_1_258' title='bbox 1023 3133 1100 3177; x_wconf 88' lang='lat' dir='ltr'><strong><em>est</em></strong></span> <span class='ocrx_word' id='word_1_259' title='bbox 1138 3124 1287 3178; x_wconf 90' lang='lat' dir='ltr'><strong><em>nobis</em></strong></span> <span class='ocrx_word' id='word_1_260' title='bbox 1335 3125 1643 3179; x_wconf 72' lang='lat' dir='ltr'><strong><em>colluctatio</em></strong></span> <span class='ocrx_word' id='word_1_261' title='bbox 1690 3125 1940 3179; x_wconf 79' lang='lat' dir='ltr'><strong><em>adversus</em></strong></span> 
     </span>
    </p>
   </div>
   <div class='ocr_carea' id='block_1_36' title="bbox 2054 564 3610 647">
    <p class='ocr_par' dir='ltr' id='par_1_36' title="bbox 2054 564 3610 647">
     <span class='ocr_line' id='line_1_36' title="bbox 2054 564 3610 647; baseline 0.004 -19"><span class='ocrx_word' id='word_1_262' title='bbox 2054 575 2239 647; x_wconf 80' lang='grc' dir='ltr'>δόρατι</span> <span class='ocrx_word' id='word_1_263' title='bbox 2289 575 2409 627; x_wconf 79' lang='grc' dir='ltr'>κατ’</span> <span class='ocrx_word' id='word_1_264' title='bbox 2461 564 2653 626; x_wconf 75' lang='grc' dir='ltr'><strong><em>αὑτοῦ·</em></strong></span> <span class='ocrx_word' id='word_1_265' title='bbox 2708 573 2785 637; x_wconf 84' lang='grc' dir='ltr'>ὡς</span> <span class='ocrx_word' id='word_1_266' title='bbox 2834 573 2880 626; x_wconf 79' lang='grc' dir='ltr'>δ’</span> <span class='ocrx_word' id='word_1_267' title='bbox 2916 571 3190 642; x_wconf 74' lang='grc' dir='ltr'><strong><em>ἠστόχησε</em></strong></span> <span class='ocrx_word' id='word_1_268' title='bbox 3234 571 3335 642; x_wconf 80' lang='grc' dir='ltr'><strong><em>τῆς</em></strong></span> <span class='ocrx_word' id='word_1_269' title='bbox 3383 569 3610 642; x_wconf 74' lang='grc' dir='ltr'><strong><em>πληγῆς,</em></strong></span> 
     </span>
    </p>
   </div>
   <div class='ocr_carea' id='block_1_37' title="bbox 2054 662 3610 736">
    <p class='ocr_par' dir='ltr' id='par_1_37' title="bbox 2054 662 3610 736">
     <span class='ocr_line' id='line_1_37' title="bbox 2054 662 3610 736; baseline -0.003 -16"><span class='ocrx_word' id='word_1_270' title='bbox 2054 666 2231 720; x_wconf 77' lang='grc' dir='ltr'><strong><em>οὐκέτ’</em></strong></span> <span class='ocrx_word' id='word_1_271' title='bbox 2284 666 2813 736; x_wconf 77' lang='grc' dir='ltr'>ἒπικεκρυμμένως,</span> <span class='ocrx_word' id='word_1_272' title='bbox 2855 666 2921 718; x_wconf 81' lang='grc' dir='ltr'><strong><em>ὲκ</em></strong></span> <span class='ocrx_word' id='word_1_273' title='bbox 2951 663 3010 717; x_wconf 71' lang='grc' dir='ltr'>δὲ</span> <span class='ocrx_word' id='word_1_274' title='bbox 3061 664 3163 716; x_wconf 79' lang='grc' dir='ltr'><strong><em>τοῦ</em></strong></span> <span class='ocrx_word' id='word_1_275' title='bbox 3211 662 3446 735; x_wconf 80' lang='grc' dir='ltr'>φανεροῦ</span> <span class='ocrx_word' id='word_1_276' title='bbox 3489 665 3610 717; x_wconf 78' lang='grc' dir='ltr'>ἀπο-</span> 
     </span>
    </p>
   </div>
   <div class='ocr_carea' id='block_1_38' title="bbox 2056 740 3611 823">
    <p class='ocr_par' dir='ltr' id='par_1_38' title="bbox 2056 740 3611 823">
     <span class='ocr_line' id='line_1_38' title="bbox 2056 740 3611 823; baseline -0.003 -10"><span class='ocrx_word' id='word_1_277' title='bbox 2056 740 2271 823; x_wconf 81' lang='grc' dir='ltr'>στείλας</span> <span class='ocrx_word' id='word_1_278' title='bbox 2298 760 2378 822; x_wconf 64' lang='grc' dir='ltr'><strong><em>εἷς</em></strong></span> <span class='ocrx_word' id='word_1_279' title='bbox 2423 758 2512 811; x_wconf 84' lang='grc' dir='ltr'><strong><em>τὸν</em></strong></span> <span class='ocrx_word' id='word_1_280' title='bbox 2541 742 2688 811; x_wconf 75' lang='grc' dir='ltr'><strong>οἷκον</strong></span> <span class='ocrx_word' id='word_1_281' title='bbox 2735 756 2830 810; x_wconf 76' lang='grc' dir='ltr'><strong><em>τοῦ</em></strong></span> <span class='ocrx_word' id='word_1_282' title='bbox 2875 757 3071 822; x_wconf 79' lang='grc' dir='ltr'>Δαυῒδ,</span> <span class='ocrx_word' id='word_1_283' title='bbox 3104 756 3417 811; x_wconf 77' lang='grc' dir='ltr'><strong><em>θανατῶσαι</em></strong></span> <span class='ocrx_word' id='word_1_284' title='bbox 3468 755 3611 809; x_wconf 75' lang='grc' dir='ltr'>αὑτὸν</span> 
     </span>
    </p>
   </div>
   <div class='ocr_carea' id='block_1_39' title="bbox 2051 847 3610 923">
    <p class='ocr_par' dir='ltr' id='par_1_39' title="bbox 2051 847 3610 923">
     <span class='ocr_line' id='line_1_39' title="bbox 2051 847 3610 923; baseline -0.003 -21"><span class='ocrx_word' id='word_1_285' title='bbox 2051 850 2302 923; x_wconf 79' lang='grc' dir='ltr'><strong><em>ὡρμήθη.</em></strong></span> <span class='ocrx_word' id='word_1_286' title='bbox 2347 850 2409 903; x_wconf 87' lang='lat'><strong><em>&#39;0&#39;</em></strong></span> <span class='ocrx_word' id='word_1_287' title='bbox 2433 848 2576 902; x_wconf 71' lang='grc' dir='ltr'><strong><em>δ’·ξν</em></strong></span> <span class='ocrx_word' id='word_1_288' title='bbox 2608 847 2833 922; x_wconf 81' lang='grc' dir='ltr'>τοιαύτῃ</span> <span class='ocrx_word' id='word_1_289' title='bbox 2863 847 3196 919; x_wconf 68' lang='grc' dir='ltr'><strong><em>ἀποληφθεὶς</em></strong></span> <span class='ocrx_word' id='word_1_290' title='bbox 3228 848 3499 918; x_wconf 75' lang='grc' dir='ltr'><strong><em>συμφορᾷ,</em></strong></span> <span class='ocrx_word' id='word_1_291' title='bbox 3527 847 3610 916; x_wconf 69' lang='grc' dir='ltr'>τὴν</span> 
     </span>
    </p>
   </div>
   <div class='ocr_carea' id='block_1_40' title="bbox 2054 939 3609 1014">
    <p class='ocr_par' dir='ltr' id='par_1_40' title="bbox 2054 939 3609 1014">
     <span class='ocr_line' id='line_1_40' title="bbox 2054 939 3609 1014; baseline -0.004 -19"><span class='ocrx_word' id='word_1_292' title='bbox 2054 941 2419 1014; x_wconf 81' lang='grc' dir='ltr'>προκειμένην</span> <span class='ocrx_word' id='word_1_293' title='bbox 2446 941 2849 1013; x_wconf 79' lang='grc' dir='ltr'>στηλογραφίαν</span> <span class='ocrx_word' id='word_1_294' title='bbox 2880 940 3181 1004; x_wconf 84' lang='grc' dir='ltr'>συντάττει,</span> <span class='ocrx_word' id='word_1_295' title='bbox 3210 939 3458 994; x_wconf 71' lang='grc' dir='ltr'>ἀναῶῶν</span> <span class='ocrx_word' id='word_1_296' title='bbox 3492 939 3609 1009; x_wconf 68' lang='grc' dir='ltr'>πρὶς</span> 
     </span>
    </p>
   </div>
   <div class='ocr_carea' id='block_1_41' title="bbox 2051 1024 3614 1100">
    <p class='ocr_par' dir='ltr' id='par_1_41' title="bbox 2051 1024 3614 1100">
     <span class='ocr_line' id='line_1_41' title="bbox 2051 1024 3614 1100; baseline -0.004 -15"><span class='ocrx_word' id='word_1_297' title='bbox 2051 1032 2144 1085; x_wconf 76' lang='grc' dir='ltr'><strong><em>τὸν</em></strong></span> <span class='ocrx_word' id='word_1_298' title='bbox 2166 1032 2300 1085; x_wconf 79' lang='grc' dir='ltr'><strong>Θεὸν</strong></span> <span class='ocrx_word' id='word_1_299' title='bbox 2344 1032 2439 1084; x_wconf 71' lang='grc' dir='ltr'><strong><em>καὶ</em></strong></span> <span class='ocrx_word' id='word_1_300' title='bbox 2473 1029 2646 1100; x_wconf 79' lang='grc' dir='ltr'><strong>λέγων</strong></span> <span class='ocrx_word' id='word_1_301' title='bbox 2665 1047 2680 1062; x_wconf 69' lang='grc'><strong><em>⁸</em></strong></span> <span class='ocrx_word' id='word_1_302' title='bbox 2735 1029 2976 1094; x_wconf 71' lang='grc' dir='ltr'><strong>Ἐξελού</strong></span> <span class='ocrx_word' id='word_1_303' title='bbox 3012 1047 3090 1099; x_wconf 83' lang='grc' dir='ltr'>με</span> <span class='ocrx_word' id='word_1_304' title='bbox 3133 1030 3203 1083; x_wconf 81' lang='grc' dir='ltr'><strong><em>ἐκ</em></strong></span> <span class='ocrx_word' id='word_1_305' title='bbox 3249 1027 3371 1082; x_wconf 81' lang='grc' dir='ltr'>τῶν</span> <span class='ocrx_word' id='word_1_306' title='bbox 3404 1024 3614 1097; x_wconf 63' lang='grc' dir='ltr'><strong><em>ἐχθρῶν</em></strong></span> 
     </span>
    </p>
   </div>
   <div class='ocr_carea' id='block_1_42' title="bbox 2046 1116 3613 1191">
    <p class='ocr_par' dir='ltr' id='par_1_42' title="bbox 2046 1116 3613 1191">
     <span class='ocr_line' id='line_1_42' title="bbox 2046 1116 3613 1191; baseline -0.004 -17"><span class='ocrx_word' id='word_1_307' title='bbox 2046 1138 2187 1191; x_wconf 82' lang='grc' dir='ltr'>μου,</span> <span class='ocrx_word' id='word_1_308' title='bbox 2213 1124 2245 1174; x_wconf 83' lang='grc' dir='ltr'><em>ό</em></span> <span class='ocrx_word' id='word_1_309' title='bbox 2285 1122 2451 1187; x_wconf 81' lang='grc' dir='ltr'>Θεὸς,</span> <span class='ocrx_word' id='word_1_310' title='bbox 2486 1119 2584 1174; x_wconf 83' lang='grc' dir='ltr'><strong><em>καὶ</em></strong></span> <span class='ocrx_word' id='word_1_311' title='bbox 2620 1121 2689 1174; x_wconf 84' lang='grc' dir='ltr'><strong><em>ἐκ</em></strong></span> <span class='ocrx_word' id='word_1_312' title='bbox 2728 1118 2847 1172; x_wconf 81' lang='grc' dir='ltr'>τῶν</span> <span class='ocrx_word' id='word_1_313' title='bbox 2875 1119 3369 1188; x_wconf 67' lang='grc' dir='ltr'>ἐπανισταμένων</span> <span class='ocrx_word' id='word_1_314' title='bbox 3410 1117 3500 1170; x_wconf 68' lang='grc' dir='ltr'><strong><em>ἐπ’</em></strong></span> <span class='ocrx_word' id='word_1_315' title='bbox 3520 1116 3613 1185; x_wconf 81' lang='grc' dir='ltr'><strong><em>ἐμὲ</em></strong></span> 
     </span>
    </p>
   </div>
   <div class='ocr_carea' id='block_1_43' title="bbox 2051 1205 3611 1280">
    <p class='ocr_par' dir='ltr' id='par_1_43' title="bbox 2051 1205 3611 1280">
     <span class='ocr_line' id='line_1_43' title="bbox 2051 1205 3611 1280; baseline -0.003 -15"><span class='ocrx_word' id='word_1_316' title='bbox 2051 1212 2357 1279; x_wconf 72' lang='grc' dir='ltr'>λύτρωσαί</span> <span class='ocrx_word' id='word_1_317' title='bbox 2408 1228 2505 1279; x_wconf 83' lang='grc' dir='ltr'><strong>με.</strong></span> <span class='ocrx_word' id='word_1_318' title='bbox 2567 1211 2783 1265; x_wconf 79' lang='grc' dir='ltr'>Ῥῦσιιι</span> <span class='ocrx_word' id='word_1_319' title='bbox 2826 1227 2903 1280; x_wconf 84' lang='grc' dir='ltr'><strong>με</strong></span> <span class='ocrx_word' id='word_1_320' title='bbox 2961 1211 3031 1263; x_wconf 77' lang='grc' dir='ltr'><strong><em>ἐκ</em></strong></span> <span class='ocrx_word' id='word_1_321' title='bbox 3071 1207 3190 1263; x_wconf 82' lang='grc' dir='ltr'>τῶν</span> <span class='ocrx_word' id='word_1_322' title='bbox 3230 1205 3611 1277; x_wconf 71' lang='grc' dir='ltr'><strong><em>ἐργαζομένων</em></strong></span> 
     </span>
    </p>
   </div>
   <div class='ocr_carea' id='block_1_44' title="bbox 2051 1297 3609 1371">
    <p class='ocr_par' dir='ltr' id='par_1_44' title="bbox 2051 1297 3609 1371">
     <span class='ocr_line' id='line_1_44' title="bbox 2051 1297 3609 1371; baseline -0.003 -16"><span class='ocrx_word' id='word_1_323' title='bbox 2051 1301 2166 1370; x_wconf 81' lang='grc' dir='ltr'><strong><em>τὴν</em></strong></span> <span class='ocrx_word' id='word_1_324' title='bbox 2189 1304 2464 1371; x_wconf 77' lang='grc' dir='ltr'><strong><em>ἀνομίαν,</em></strong></span> <span class='ocrx_word' id='word_1_325' title='bbox 2492 1303 2591 1355; x_wconf 76' lang='grc' dir='ltr'><strong><em>καὶ</em></strong></span> <span class='ocrx_word' id='word_1_326' title='bbox 2629 1301 2699 1366; x_wconf 81' lang='grc' dir='ltr'><strong><em>ἐξ</em></strong></span> <span class='ocrx_word' id='word_1_327' title='bbox 2737 1300 2974 1368; x_wconf 80' lang='grc' dir='ltr'>ἀνδρῶν</span> <span class='ocrx_word' id='word_1_328' title='bbox 2996 1298 3259 1370; x_wconf 77' lang='grc' dir='ltr'><strong><em>αἱμάτων</em></strong></span> <span class='ocrx_word' id='word_1_329' title='bbox 3290 1297 3496 1352; x_wconf 83' lang='grc' dir='ltr'>σῶσόν</span> <span class='ocrx_word' id='word_1_330' title='bbox 3524 1313 3609 1366; x_wconf 79' lang='grc' dir='ltr'>με.</span> 
     </span>
    </p>
   </div>
   <div class='ocr_carea' id='block_1_45' title="bbox 2051 1386 3614 1465">
    <p class='ocr_par' dir='ltr' id='par_1_45' title="bbox 2051 1386 3614 1465">
     <span class='ocr_line' id='line_1_45' title="bbox 2051 1386 3614 1465; baseline -0.003 -19"><span class='ocrx_word' id='word_1_331' title='bbox 2051 1391 2281 1465; x_wconf 74' lang='grc' dir='ltr'><strong>Εὔχεται</strong></span> <span class='ocrx_word' id='word_1_332' title='bbox 2326 1393 2387 1447; x_wconf 83' lang='grc' dir='ltr'>δὲ</span> <span class='ocrx_word' id='word_1_333' title='bbox 2436 1392 2525 1447; x_wconf 84' lang='grc' dir='ltr'>διὰ</span> <span class='ocrx_word' id='word_1_334' title='bbox 2565 1391 2771 1446; x_wconf 86' lang='grc' dir='ltr'>τούτων</span> <span class='ocrx_word' id='word_1_335' title='bbox 2812 1390 3054 1461; x_wconf 84' lang='grc' dir='ltr'><strong>φύλακος</strong></span> <span class='ocrx_word' id='word_1_336' title='bbox 3096 1390 3283 1461; x_wconf 79' lang='grc' dir='ltr'><strong><em>τυχεῖν</em></strong></span> <span class='ocrx_word' id='word_1_337' title='bbox 3332 1388 3429 1443; x_wconf 81' lang='grc' dir='ltr'><strong><em>τοῦ</em></strong></span> <span class='ocrx_word' id='word_1_338' title='bbox 3468 1386 3614 1450; x_wconf 74' lang='grc' dir='ltr'><strong>Θεοῦ,</strong></span> 
     </span>
    </p>
   </div>
   <div class='ocr_carea' id='block_1_46' title="bbox 2053 1477 3614 1555">
    <p class='ocr_par' dir='ltr' id='par_1_46' title="bbox 2053 1477 3614 1555">
     <span class='ocr_line' id='line_1_46' title="bbox 2053 1477 3614 1555; baseline -0.004 -17"><span class='ocrx_word' id='word_1_339' title='bbox 2053 1482 2249 1555; x_wconf 85' lang='grc' dir='ltr'>βοηθοῦ</span> <span class='ocrx_word' id='word_1_340' title='bbox 2292 1500 2351 1536; x_wconf 90' lang='grc' dir='ltr'>τε</span> <span class='ocrx_word' id='word_1_341' title='bbox 2385 1483 2480 1537; x_wconf 76' lang='grc' dir='ltr'><strong><em>καὶ</em></strong></span> <span class='ocrx_word' id='word_1_342' title='bbox 2509 1483 2771 1553; x_wconf 85' lang='grc' dir='ltr'>σωτῆρος,</span> <span class='ocrx_word' id='word_1_343' title='bbox 2800 1484 2882 1546; x_wconf 82' lang='grc' dir='ltr'><strong><em>είς</em></strong></span> <span class='ocrx_word' id='word_1_344' title='bbox 2912 1480 2975 1534; x_wconf 85' lang='grc' dir='ltr'><strong><em>τδ</em></strong></span> <span class='ocrx_word' id='word_1_345' title='bbox 3016 1479 3090 1553; x_wconf 75' lang='grc' dir='ltr'><strong><em>μὴ</em></strong></span> <span class='ocrx_word' id='word_1_346' title='bbox 3136 1479 3343 1535; x_wconf 79' lang='grc' dir='ltr'><strong>ἁλῶναι</strong></span> <span class='ocrx_word' id='word_1_347' title='bbox 3391 1478 3494 1541; x_wconf 68' lang='grc' dir='ltr'>ὑπὸ</span> <span class='ocrx_word' id='word_1_348' title='bbox 3516 1477 3614 1531; x_wconf 73' lang='grc' dir='ltr'><strong><em>τῶν</em></strong></span> 
     </span>
    </p>
   </div>
   <div class='ocr_carea' id='block_1_47' title="bbox 2051 1568 3611 1646">
    <p class='ocr_par' dir='ltr' id='par_1_47' title="bbox 2051 1568 3611 1646">
     <span class='ocr_line' id='line_1_47' title="bbox 2051 1568 3611 1646; baseline -0.003 -18"><span class='ocrx_word' id='word_1_349' title='bbox 2051 1573 2294 1646; x_wconf 79' lang='grc' dir='ltr'><strong><em>ἐχθρῶν,</em></strong></span> <span class='ocrx_word' id='word_1_350' title='bbox 2344 1575 2467 1646; x_wconf 85' lang='grc' dir='ltr'>μηδ’</span> <span class='ocrx_word' id='word_1_351' title='bbox 2525 1573 2838 1645; x_wconf 83' lang='grc' dir='ltr'><strong>ὑποχείριον</strong></span> <span class='ocrx_word' id='word_1_352' title='bbox 2884 1574 3067 1636; x_wconf 76' lang='grc' dir='ltr'>αὐτοῖς</span> <span class='ocrx_word' id='word_1_353' title='bbox 3118 1571 3407 1641; x_wconf 76' lang='grc' dir='ltr'><strong><em>γενέσθαιο</em></strong></span> <span class='ocrx_word' id='word_1_354' title='bbox 3448 1568 3482 1640; x_wconf 77' lang='grc' dir='ltr'><strong>ἦ</strong></span> <span class='ocrx_word' id='word_1_355' title='bbox 3531 1570 3611 1623; x_wconf 72' lang='grc' dir='ltr'>καὶ</span> 
     </span>
    </p>
   </div>
   <div class='ocr_carea' id='block_1_48' title="bbox 2052 1660 3613 1736">
    <p class='ocr_par' dir='ltr' id='par_1_48' title="bbox 2052 1660 3613 1736">
     <span class='ocr_line' id='line_1_48' title="bbox 2052 1660 3613 1736; baseline -0.003 -18"><span class='ocrx_word' id='word_1_356' title='bbox 2052 1664 2193 1736; x_wconf 81' lang='grc' dir='ltr'>ὑπὲρ</span> <span class='ocrx_word' id='word_1_357' title='bbox 2215 1664 2309 1717; x_wconf 78' lang='grc' dir='ltr'><strong><em>τοῦ</em></strong></span> <span class='ocrx_word' id='word_1_358' title='bbox 2344 1664 2418 1736; x_wconf 81' lang='grc' dir='ltr'>μὴ</span> <span class='ocrx_word' id='word_1_359' title='bbox 2448 1664 2544 1719; x_wconf 81' lang='grc' dir='ltr'><strong><em>καὶ</em></strong></span> <span class='ocrx_word' id='word_1_360' title='bbox 2589 1663 2752 1718; x_wconf 76' lang='grc' dir='ltr'>αὐτὸν</span> <span class='ocrx_word' id='word_1_361' title='bbox 2784 1664 2968 1735; x_wconf 82' lang='grc' dir='ltr'>ὅμοιον</span> <span class='ocrx_word' id='word_1_362' title='bbox 3014 1664 3201 1726; x_wconf 77' lang='grc' dir='ltr'>αὐτοῖς</span> <span class='ocrx_word' id='word_1_363' title='bbox 3227 1660 3613 1732; x_wconf 77' lang='grc' dir='ltr'><strong><em>ἀποφανθῆναι,</em></strong></span> 
     </span>
    </p>
   </div>
   <div class='ocr_carea' id='block_1_49' title="bbox 2053 1752 3605 1827">
    <p class='ocr_par' dir='ltr' id='par_1_49' title="bbox 2053 1752 3605 1827">
     <span class='ocr_line' id='line_1_49' title="bbox 2053 1752 3605 1827; baseline -0.004 -17"><span class='ocrx_word' id='word_1_364' title='bbox 2053 1753 2188 1827; x_wconf 82' lang='grc' dir='ltr'>μηδὲ</span> <span class='ocrx_word' id='word_1_365' title='bbox 2226 1753 2480 1824; x_wconf 77' lang='grc' dir='ltr'>γενέσθαι</span> <span class='ocrx_word' id='word_1_366' title='bbox 2519 1755 2616 1809; x_wconf 70' lang='grc' dir='ltr'>ἕνα</span> <span class='ocrx_word' id='word_1_367' title='bbox 2647 1754 2757 1808; x_wconf 87' lang='grc' dir='ltr'>τῶν</span> <span class='ocrx_word' id='word_1_368' title='bbox 2802 1754 3187 1827; x_wconf 63' lang='grc' dir='ltr'><strong>ἐργαζομένων</strong></span> <span class='ocrx_word' id='word_1_369' title='bbox 3234 1752 3333 1825; x_wconf 79' lang='grc' dir='ltr'><strong><em>τὴν</em></strong></span> <span class='ocrx_word' id='word_1_370' title='bbox 3372 1752 3605 1823; x_wconf 82' lang='grc' dir='ltr'>ἀνομίαν,</span> 
     </span>
    </p>
   </div>
   <div class='ocr_carea' id='block_1_50' title="bbox 1985 1835 3614 1918">
    <p class='ocr_par' dir='ltr' id='par_1_50' title="bbox 1985 1835 3614 1918">
     <span class='ocr_line' id='line_1_50' title="bbox 1985 1835 3614 1918; baseline -0.002 -19"><span class='ocrx_word' id='word_1_371' title='bbox 1985 1846 2024 1899; x_wconf 87' lang='grc' dir='ltr'><strong>Β</strong></span> <span class='ocrx_word' id='word_1_372' title='bbox 2055 1844 2190 1917; x_wconf 75' lang='grc' dir='ltr'>μηδὲ</span> <span class='ocrx_word' id='word_1_373' title='bbox 2221 1845 2321 1916; x_wconf 85' lang='grc' dir='ltr'><strong><em>τῆς</em></strong></span> <span class='ocrx_word' id='word_1_374' title='bbox 2350 1845 2567 1916; x_wconf 76' lang='grc' dir='ltr'><strong><em>μερίδος</em></strong></span> <span class='ocrx_word' id='word_1_375' title='bbox 2597 1845 2708 1899; x_wconf 87' lang='grc' dir='ltr'><strong><em>τῶν</em></strong></span> <span class='ocrx_word' id='word_1_376' title='bbox 2730 1844 2940 1918; x_wconf 81' lang='grc' dir='ltr'>ἀνδρῶν</span> <span class='ocrx_word' id='word_1_377' title='bbox 2970 1845 3078 1899; x_wconf 84' lang='grc' dir='ltr'>τῶν</span> <span class='ocrx_word' id='word_1_378' title='bbox 3108 1843 3377 1915; x_wconf 78' lang='grc' dir='ltr'><strong><em>αἱμάτων,</em></strong></span> <span class='ocrx_word' id='word_1_379' title='bbox 3403 1842 3524 1914; x_wconf 78' lang='grc' dir='ltr'><strong>περὶ</strong></span> <span class='ocrx_word' id='word_1_380' title='bbox 3544 1835 3614 1896; x_wconf 77' lang='grc' dir='ltr'><strong>ὧν</strong></span> 
     </span>
    </p>
   </div>
   <div class='ocr_carea' id='block_1_51' title="bbox 2047 1931 3611 2007">
    <p class='ocr_par' dir='ltr' id='par_1_51' title="bbox 2047 1931 3611 2007">
     <span class='ocr_line' id='line_1_51' title="bbox 2047 1931 3611 2007; baseline -0.002 -18"><span class='ocrx_word' id='word_1_381' title='bbox 2047 1935 2138 1989; x_wconf 76' lang='grc' dir='ltr'><strong><em>καὶ</em></strong></span> <span class='ocrx_word' id='word_1_382' title='bbox 2175 1936 2233 1988; x_wconf 80' lang='grc' dir='ltr'>ὲν</span> <span class='ocrx_word' id='word_1_383' title='bbox 2261 1937 2375 1997; x_wconf 84' lang='grc' dir='ltr'>τοῖς</span> <span class='ocrx_word' id='word_1_384' title='bbox 2407 1934 2667 2007; x_wconf 81' lang='grc' dir='ltr'><strong><em>ἀνωτέρω</em></strong></span> <span class='ocrx_word' id='word_1_385' title='bbox 2704 1934 2922 2004; x_wconf 73' lang='grc' dir='ltr'><strong>ἐλέγετο</strong></span> <span class='ocrx_word' id='word_1_386' title='bbox 2939 1951 2955 1965; x_wconf 92' lang='grc'>·</span> <span class='ocrx_word' id='word_1_387' title='bbox 2982 1933 3223 2002; x_wconf 75' lang='grc' dir='ltr'>Ἄνδρες</span> <span class='ocrx_word' id='word_1_388' title='bbox 3248 1931 3506 2003; x_wconf 69' lang='grc' dir='ltr'>αἱμάτων</span> <span class='ocrx_word' id='word_1_389' title='bbox 3523 1932 3611 1987; x_wconf 73' lang='grc' dir='ltr'>καί</span> 
     </span>
    </p>
   </div>
   <div class='ocr_carea' id='block_1_52' title="bbox 2046 2022 3613 2097">
    <p class='ocr_par' dir='ltr' id='par_1_52' title="bbox 2046 2022 3613 2097">
     <span class='ocr_line' id='line_1_52' title="bbox 2046 2022 3613 2097; baseline -0.001 -18"><span class='ocrx_word' id='word_1_390' title='bbox 2046 2026 2414 2095; x_wconf 76' lang='grc' dir='ltr'>δολιότητος,</span> <span class='ocrx_word' id='word_1_391' title='bbox 2438 2028 2511 2081; x_wconf 83' lang='grc' dir='ltr'><strong><em>οὐ</em></strong></span> <span class='ocrx_word' id='word_1_392' title='bbox 2529 2025 2616 2097; x_wconf 81' lang='grc' dir='ltr'>μὴ</span> <span class='ocrx_word' id='word_1_393' title='bbox 2645 2027 3021 2095; x_wconf 74' lang='grc' dir='ltr'>ήμισεύσωσι</span> <span class='ocrx_word' id='word_1_394' title='bbox 3040 2027 3148 2092; x_wconf 83' lang='grc' dir='ltr'>τὰς</span> <span class='ocrx_word' id='word_1_395' title='bbox 3170 2024 3390 2095; x_wconf 78' lang='grc' dir='ltr'>ἡμέρας</span> <span class='ocrx_word' id='word_1_396' title='bbox 3411 2022 3613 2080; x_wconf 72' lang='grc' dir='ltr'>αὐτῶν·</span> 
     </span>
    </p>
   </div>
   <div class='ocr_carea' id='block_1_53' title="bbox 2044 2117 3613 2190">
    <p class='ocr_par' dir='ltr' id='par_1_53' title="bbox 2044 2117 3613 2190">
     <span class='ocr_line' id='line_1_53' title="bbox 2044 2117 3613 2190; baseline 0 -20"><span class='ocrx_word' id='word_1_397' title='bbox 2044 2118 2161 2187; x_wconf 76' lang='grc' dir='ltr'><strong><em>ἐγὼ</em></strong></span> <span class='ocrx_word' id='word_1_398' title='bbox 2204 2117 2272 2171; x_wconf 81' lang='grc' dir='ltr'>δὲ</span> <span class='ocrx_word' id='word_1_399' title='bbox 2318 2117 2507 2173; x_wconf 63' lang='grc' dir='ltr'>ἐλατιῶ</span> <span class='ocrx_word' id='word_1_400' title='bbox 2546 2118 2648 2172; x_wconf 77' lang='grc' dir='ltr'><strong><em>ἐπὶ</em></strong></span> <span class='ocrx_word' id='word_1_401' title='bbox 2694 2118 2789 2173; x_wconf 88' lang='grc' dir='ltr'><strong><em>σέ.</em></strong></span> <span class='ocrx_word' id='word_1_402' title='bbox 2840 2117 3096 2190; x_wconf 80' lang='grc' dir='ltr'>Ἐχθροὺς</span> <span class='ocrx_word' id='word_1_403' title='bbox 3137 2117 3197 2171; x_wconf 77' lang='grc' dir='ltr'>δὲ</span> <span class='ocrx_word' id='word_1_404' title='bbox 3245 2119 3335 2171; x_wconf 80' lang='grc' dir='ltr'><strong><em>ὅτι·</em></strong></span> <span class='ocrx_word' id='word_1_405' title='bbox 3383 2119 3457 2189; x_wconf 81' lang='grc' dir='ltr'><strong><em>μὴ</em></strong></span> <span class='ocrx_word' id='word_1_406' title='bbox 3500 2118 3613 2181; x_wconf 77' lang='grc' dir='ltr'>τοὺς</span> 
     </span>
    </p>
   </div>
   <div class='ocr_carea' id='block_1_54' title="bbox 2045 2211 3613 2284">
    <p class='ocr_par' dir='ltr' id='par_1_54' title="bbox 2045 2211 3613 2284">
     <span class='ocr_line' id='line_1_54' title="bbox 2045 2211 3613 2284; baseline 0.001 -19"><span class='ocrx_word' id='word_1_407' title='bbox 2045 2214 2274 2283; x_wconf 81' lang='grc' dir='ltr'>ὀρατοὺς</span> <span class='ocrx_word' id='word_1_408' title='bbox 2309 2212 2504 2284; x_wconf 84' lang='grc' dir='ltr'>μόνους</span> <span class='ocrx_word' id='word_1_409' title='bbox 2538 2213 2837 2281; x_wconf 70' lang='grc' dir='ltr'>ἐγίνωσκεν</span> <span class='ocrx_word' id='word_1_410' title='bbox 2860 2253 2876 2278; x_wconf 91' lang='grc'><strong><em>,</em></strong></span> <span class='ocrx_word' id='word_1_411' title='bbox 2910 2211 3048 2267; x_wconf 86' lang='grc' dir='ltr'>ἀλλά</span> <span class='ocrx_word' id='word_1_412' title='bbox 3084 2214 3214 2276; x_wconf 80' lang='grc' dir='ltr'>τοὺς</span> <span class='ocrx_word' id='word_1_413' title='bbox 3262 2213 3487 2283; x_wconf 82' lang='grc' dir='ltr'>ἀφανεῖς</span> <span class='ocrx_word' id='word_1_414' title='bbox 3529 2214 3613 2266; x_wconf 69' lang='grc' dir='ltr'><strong><em>καὶ</em></strong></span> 
     </span>
    </p>
   </div>
   <div class='ocr_carea' id='block_1_55' title="bbox 2046 2301 3611 2375">
    <p class='ocr_par' dir='ltr' id='par_1_55' title="bbox 2046 2301 3611 2375">
     <span class='ocr_line' id='line_1_55' title="bbox 2046 2301 3611 2375; baseline 0 -19"><span class='ocrx_word' id='word_1_415' title='bbox 2046 2303 2330 2375; x_wconf 82' lang='grc' dir='ltr'>ἁοράτους,</span> <span class='ocrx_word' id='word_1_416' title='bbox 2364 2304 2414 2357; x_wconf 82' lang='grc' dir='ltr'><strong>οἳ</strong></span> <span class='ocrx_word' id='word_1_417' title='bbox 2448 2305 2541 2357; x_wconf 79' lang='grc' dir='ltr'><strong><em>καὶ</em></strong></span> <span class='ocrx_word' id='word_1_418' title='bbox 2572 2305 2728 2357; x_wconf 76' lang='grc' dir='ltr'><strong>αὐτοὶ</strong></span> <span class='ocrx_word' id='word_1_419' title='bbox 2756 2306 3020 2374; x_wconf 75' lang='grc' dir='ltr'><strong><em>ἐνήργουν</em></strong></span> <span class='ocrx_word' id='word_1_420' title='bbox 3048 2303 3140 2356; x_wconf 85' lang='grc' dir='ltr'><strong><em>τὸν</em></strong></span> <span class='ocrx_word' id='word_1_421' title='bbox 3168 2302 3376 2357; x_wconf 73' lang='grc' dir='ltr'><strong>Σαούλο</strong></span> <span class='ocrx_word' id='word_1_422' title='bbox 3410 2301 3611 2373; x_wconf 81' lang='grc' dir='ltr'>πνεῦμα</span> 
     </span>
    </p>
   </div>
   <div class='ocr_carea' id='block_1_56' title="bbox 2045 2385 3609 2465">
    <p class='ocr_par' dir='ltr' id='par_1_56' title="bbox 2045 2385 3609 2465">
     <span class='ocr_line' id='line_1_56' title="bbox 2045 2385 3609 2465; baseline 0 -19"><span class='ocrx_word' id='word_1_423' title='bbox 2045 2392 2155 2465; x_wconf 78' lang='grc' dir='ltr'><strong><em>γὰρ</em></strong></span> <span class='ocrx_word' id='word_1_424' title='bbox 2198 2394 2432 2465; x_wconf 80' lang='grc' dir='ltr'>πονηρὸν</span> <span class='ocrx_word' id='word_1_425' title='bbox 2461 2390 2530 2465; x_wconf 82' lang='grc' dir='ltr'>ἦν</span> <span class='ocrx_word' id='word_1_426' title='bbox 2576 2395 2669 2448; x_wconf 76' lang='grc' dir='ltr'><strong><em>ἐπὶ</em></strong></span> <span class='ocrx_word' id='word_1_427' title='bbox 2699 2394 2901 2459; x_wconf 77' lang='grc' dir='ltr'><strong>Σαοὺλ,</strong></span> <span class='ocrx_word' id='word_1_428' title='bbox 2946 2394 3035 2462; x_wconf 79' lang='grc' dir='ltr'><strong><em>ὑφ’</em></strong></span> <span class='ocrx_word' id='word_1_429' title='bbox 3066 2385 3126 2447; x_wconf 79' lang='grc' dir='ltr'>οὖ</span> <span class='ocrx_word' id='word_1_430' title='bbox 3172 2395 3490 2465; x_wconf 81' lang='grc' dir='ltr'><strong>κινούμενος</strong></span> <span class='ocrx_word' id='word_1_431' title='bbox 3531 2393 3609 2459; x_wconf 76' lang='grc' dir='ltr'><strong><em>ἑξ-</em></strong></span> 
     </span>
    </p>
   </div>
   <div class='ocr_carea' id='block_1_57' title="bbox 2044 2482 3610 2557">
    <p class='ocr_par' dir='ltr' id='par_1_57' title="bbox 2044 2482 3610 2557">
     <span class='ocr_line' id='line_1_57' title="bbox 2044 2482 3610 2557; baseline 0.003 -23"><span class='ocrx_word' id='word_1_432' title='bbox 2044 2484 2260 2536; x_wconf 81' lang='grc' dir='ltr'>εκαίετο</span> <span class='ocrx_word' id='word_1_433' title='bbox 2306 2484 2400 2537; x_wconf 70' lang='grc' dir='ltr'><strong><em>ἐπὶ</em></strong></span> <span class='ocrx_word' id='word_1_434' title='bbox 2428 2484 2522 2537; x_wconf 83' lang='grc' dir='ltr'>τὸν</span> <span class='ocrx_word' id='word_1_435' title='bbox 2553 2483 2694 2538; x_wconf 80' lang='grc' dir='ltr'>κατά</span> <span class='ocrx_word' id='word_1_436' title='bbox 2744 2484 2840 2557; x_wconf 78' lang='grc' dir='ltr'><strong><em>τοῦ</em></strong></span> <span class='ocrx_word' id='word_1_437' title='bbox 2884 2483 3050 2539; x_wconf 78' lang='grc' dir='ltr'>Δαυῒδ</span> <span class='ocrx_word' id='word_1_438' title='bbox 3091 2482 3317 2553; x_wconf 75' lang='grc' dir='ltr'><strong><em>φθόνον⁸</em></strong></span> <span class='ocrx_word' id='word_1_439' title='bbox 3369 2483 3610 2546; x_wconf 73' lang='grc' dir='ltr'><strong><em>πολλάκις</em></strong></span> 
     </span>
    </p>
   </div>
   <div class='ocr_carea' id='block_1_58' title="bbox 2046 2566 3609 2645">
    <p class='ocr_par' dir='ltr' id='par_1_58' title="bbox 2046 2566 3609 2645">
     <span class='ocr_line' id='line_1_58' title="bbox 2046 2566 3609 2645; baseline -0.007 -17"><span class='ocrx_word' id='word_1_440' title='bbox 2046 2576 2176 2644; x_wconf 75' lang='grc' dir='ltr'><strong><em>ἡμῖν</em></strong></span> <span class='ocrx_word' id='word_1_441' title='bbox 2208 2573 2605 2645; x_wconf 78' lang='grc' dir='ltr'>ἀποδέδεικται.</span> <span class='ocrx_word' id='word_1_442' title='bbox 2630 2573 2927 2630; x_wconf 79' lang='grc' dir='ltr'>Κάνταῦθα</span> <span class='ocrx_word' id='word_1_443' title='bbox 2959 2573 3138 2628; x_wconf 84' lang='grc' dir='ltr'><strong>τοίνυν</strong></span> <span class='ocrx_word' id='word_1_444' title='bbox 3172 2566 3283 2627; x_wconf 82' lang='grc' dir='ltr'>τῶν</span> <span class='ocrx_word' id='word_1_445' title='bbox 3327 2574 3427 2645; x_wconf 74' lang='grc' dir='ltr'><strong>μὲν</strong></span> <span class='ocrx_word' id='word_1_446' title='bbox 3464 2573 3609 2627; x_wconf 77' lang='grc' dir='ltr'><strong>πολι-</strong></span> 
     </span>
    </p>
   </div>
   <div class='ocr_carea' id='block_1_59' title="bbox 2048 2665 3614 2739">
    <p class='ocr_par' dir='ltr' id='par_1_59' title="bbox 2048 2665 3614 2739">
     <span class='ocr_line' id='line_1_59' title="bbox 2048 2665 3614 2739; baseline 0.001 -20"><span class='ocrx_word' id='word_1_447' title='bbox 2048 2665 2186 2736; x_wconf 89' lang='grc' dir='ltr'>μίων</span> <span class='ocrx_word' id='word_1_448' title='bbox 2209 2666 2632 2739; x_wconf 80' lang='grc' dir='ltr'><strong><em>περιγενόμενος</em></strong></span> <span class='ocrx_word' id='word_1_449' title='bbox 2647 2666 3086 2738; x_wconf 80' lang='grc' dir='ltr'>ἀναγέγραπται,</span> <span class='ocrx_word' id='word_1_450' title='bbox 3105 2667 3269 2737; x_wconf 81' lang='grc' dir='ltr'>νίκην</span> <span class='ocrx_word' id='word_1_451' title='bbox 3285 2684 3345 2719; x_wconf 88' lang='grc' dir='ltr'><strong><em>τε</em></strong></span> <span class='ocrx_word' id='word_1_452' title='bbox 3370 2665 3614 2730; x_wconf 75' lang='grc' dir='ltr'><strong><em>πολλάκις</em></strong></span> 
     </span>
    </p>
   </div>
   <div class='ocr_carea' id='block_1_60' title="bbox 2046 2753 3612 2829">
    <p class='ocr_par' dir='ltr' id='par_1_60' title="bbox 2046 2753 3612 2829">
     <span class='ocr_line' id='line_1_60' title="bbox 2046 2753 3612 2829; baseline 0 -20"><span class='ocrx_word' id='word_1_453' title='bbox 2046 2756 2321 2827; x_wconf 83' lang='grc' dir='ltr'>ἀράμενος</span> <span class='ocrx_word' id='word_1_454' title='bbox 2352 2755 2500 2809; x_wconf 65' lang='grc' dir='ltr'><strong><em>κατά</em></strong></span> <span class='ocrx_word' id='word_1_455' title='bbox 2542 2756 2651 2810; x_wconf 85' lang='grc' dir='ltr'>τῶν</span> <span class='ocrx_word' id='word_1_456' title='bbox 2684 2756 3023 2827; x_wconf 87' lang='grc' dir='ltr'><strong>ἀλλοφύλων.</strong></span> <span class='ocrx_word' id='word_1_457' title='bbox 3057 2758 3232 2811; x_wconf 63' lang='grc' dir='ltr'><strong><em>Δεινοὶ¹</em></strong></span> <span class='ocrx_word' id='word_1_458' title='bbox 3257 2756 3315 2810; x_wconf 81' lang='grc' dir='ltr'>δὲ</span> <span class='ocrx_word' id='word_1_459' title='bbox 3346 2753 3489 2829; x_wconf 80' lang='grc' dir='ltr'>ἦσαν</span> <span class='ocrx_word' id='word_1_460' title='bbox 3519 2757 3612 2829; x_wconf 76' lang='grc' dir='ltr'>ἄρα</span> 
     </span>
    </p>
   </div>
   <div class='ocr_carea' id='block_1_61' title="bbox 2045 2845 3613 2919">
    <p class='ocr_par' dir='ltr' id='par_1_61' title="bbox 2045 2845 3613 2919">
     <span class='ocr_line' id='line_1_61' title="bbox 2045 2845 3613 2919; baseline 0.002 -22"><span class='ocrx_word' id='word_1_461' title='bbox 2045 2845 2233 2919; x_wconf 72' lang='grc' dir='ltr'><strong>ἐχθροὶ</strong></span> <span class='ocrx_word' id='word_1_462' title='bbox 2271 2846 2365 2901; x_wconf 73' lang='grc' dir='ltr'><strong><em>καὶ</em></strong></span> <span class='ocrx_word' id='word_1_463' title='bbox 2416 2845 2666 2918; x_wconf 77' lang='grc' dir='ltr'><strong>πολέμιοι</strong></span> <span class='ocrx_word' id='word_1_464' title='bbox 2697 2848 2747 2900; x_wconf 78' lang='grc' dir='ltr'><strong>οἱ</strong></span> <span class='ocrx_word' id='word_1_465' title='bbox 2799 2848 3027 2918; x_wconf 75' lang='grc' dir='ltr'><strong><em>ἀφανεῖς</em></strong></span> <span class='ocrx_word' id='word_1_466' title='bbox 3055 2847 3220 2901; x_wconf 81' lang='grc' dir='ltr'><strong>αὐτοῦ</strong></span> <span class='ocrx_word' id='word_1_467' title='bbox 3277 2847 3497 2919; x_wconf 79' lang='grc' dir='ltr'><strong>ἐχθροὶ,</strong></span> <span class='ocrx_word' id='word_1_468' title='bbox 3533 2846 3613 2910; x_wconf 75' lang='grc' dir='ltr'><strong><em>οὓς</em></strong></span> 
     </span>
    </p>
   </div>
   <div class='ocr_carea' id='block_1_62' title="bbox 2046 2935 3612 3010">
    <p class='ocr_par' dir='ltr' id='par_1_62' title="bbox 2046 2935 3612 3010">
     <span class='ocr_line' id='line_1_62' title="bbox 2046 2935 3612 3010; baseline 0.002 -23"><span class='ocrx_word' id='word_1_469' title='bbox 2046 2936 2318 3007; x_wconf 84' lang='grc' dir='ltr'>παριστὰς</span> <span class='ocrx_word' id='word_1_470' title='bbox 2354 2936 2458 2990; x_wconf 72' lang='grc' dir='ltr'><strong><em>καὶ</em></strong></span> <span class='ocrx_word' id='word_1_471' title='bbox 2497 2935 2585 2991; x_wconf 79' lang='grc' dir='ltr'>διὰ</span> <span class='ocrx_word' id='word_1_472' title='bbox 2634 2937 2744 2991; x_wconf 81' lang='grc' dir='ltr'>τῶν</span> <span class='ocrx_word' id='word_1_473' title='bbox 2794 2938 3173 3010; x_wconf 82' lang='grc' dir='ltr'><strong>προκειμένων</strong></span> <span class='ocrx_word' id='word_1_474' title='bbox 3229 2937 3446 3006; x_wconf 60' lang='grc' dir='ltr'><strong>ἔλεγεν</strong></span> <span class='ocrx_word' id='word_1_475' title='bbox 3502 2939 3612 2991; x_wconf 74' lang='grc' dir='ltr'>ὀτι</span> 
     </span>
    </p>
   </div>
   <div class='ocr_carea' id='block_1_63' title="bbox 2048 3024 3612 3098">
    <p class='ocr_par' dir='ltr' id='par_1_63' title="bbox 2048 3024 3612 3098">
     <span class='ocr_line' id='line_1_63' title="bbox 2048 3024 3612 3098; baseline 0.003 -20"><span class='ocrx_word' id='word_1_476' title='bbox 2048 3024 2175 3078; x_wconf 75' lang='grc' dir='ltr'>ἰδοὺ</span> <span class='ocrx_word' id='word_1_477' title='bbox 2203 3024 2543 3095; x_wconf 75' lang='grc' dir='ltr'>ἐθήρευσαν</span> <span class='ocrx_word' id='word_1_478' title='bbox 2562 3025 2678 3094; x_wconf 79' lang='grc' dir='ltr'>τὴν</span> <span class='ocrx_word' id='word_1_479' title='bbox 2698 3027 2909 3096; x_wconf 66' lang='grc' dir='ltr'><strong><em>ψυχήν</em></strong></span> <span class='ocrx_word' id='word_1_480' title='bbox 2930 3044 3070 3097; x_wconf 84' lang='grc' dir='ltr'>μου,</span> <span class='ocrx_word' id='word_1_481' title='bbox 3099 3025 3384 3081; x_wconf 81' lang='grc' dir='ltr'>ἐπέθεντο</span> <span class='ocrx_word' id='word_1_482' title='bbox 3406 3027 3502 3081; x_wconf 80' lang='grc' dir='ltr'><strong><em>ἐπ’</em></strong></span> <span class='ocrx_word' id='word_1_483' title='bbox 3523 3026 3612 3098; x_wconf 67' lang='grc' dir='ltr'><strong><em>ἐμὲ</em></strong></span> 
     </span>
    </p>
   </div>
   <div class='ocr_carea' id='block_1_64' title="bbox 2045 3113 3613 3191">
    <p class='ocr_par' dir='ltr' id='par_1_64' title="bbox 2045 3113 3613 3191">
     <span class='ocr_line' id='line_1_64' title="bbox 2045 3113 3613 3191; baseline 0.003 -24"><span class='ocrx_word' id='word_1_484' title='bbox 2045 3117 2329 3183; x_wconf 80' lang='grc' dir='ltr'>κραταιοί.</span> <span class='ocrx_word' id='word_1_485' title='bbox 2370 3117 2466 3171; x_wconf 85' lang='grc' dir='ltr'>Ἐκ</span> <span class='ocrx_word' id='word_1_486' title='bbox 2499 3117 2597 3188; x_wconf 85' lang='grc' dir='ltr'><strong><em>μὲν</em></strong></span> <span class='ocrx_word' id='word_1_487' title='bbox 2632 3113 2725 3170; x_wconf 82' lang='grc' dir='ltr'>οὖν</span> <span class='ocrx_word' id='word_1_488' title='bbox 2746 3118 2849 3188; x_wconf 83' lang='grc' dir='ltr'>τῆς</span> <span class='ocrx_word' id='word_1_489' title='bbox 2883 3118 3123 3189; x_wconf 80' lang='grc' dir='ltr'>ἱστορίας</span> <span class='ocrx_word' id='word_1_490' title='bbox 3151 3118 3468 3191; x_wconf 83' lang='grc' dir='ltr'>οὐδετέρους</span> <span class='ocrx_word' id='word_1_491' title='bbox 3504 3117 3613 3187; x_wconf 79' lang='grc' dir='ltr'>φαί-</span> 
     </span>
    </p>
   </div>
   <div class='ocr_carea' id='block_1_65' title="bbox 358 3193 1941 3284">
    <p class='ocr_par' dir='ltr' id='par_1_65' title="bbox 358 3213 1939 3284">
     <span class='ocr_line' id='line_1_65' title="bbox 358 3213 1939 3284; baseline 0.005 -25"><span class='ocrx_word' id='word_1_492' title='bbox 358 3223 569 3262; x_wconf 78' lang='lat' dir='ltr'><strong><em>carnein</em></strong></span> <span class='ocrx_word' id='word_1_493' title='bbox 616 3218 665 3263; x_wconf 89' lang='lat' dir='ltr'><strong><em>et</em></strong></span> <span class='ocrx_word' id='word_1_494' title='bbox 697 3213 1043 3281; x_wconf 79' lang='lat' dir='ltr'><strong><em>sanguinem,</em></strong></span> <span class='ocrx_word' id='word_1_495' title='bbox 1085 3213 1175 3267; x_wconf 83' lang='lat' dir='ltr'><strong><em>sed</em></strong></span> <span class='ocrx_word' id='word_1_496' title='bbox 1236 3214 1488 3270; x_wconf 70' lang='lat' dir='ltr'><strong><em>adversus</em></strong></span> <span class='ocrx_word' id='word_1_497' title='bbox 1534 3216 1862 3284; x_wconf 88' lang='lat' dir='ltr'><strong><em>principatus</em></strong></span> <span class='ocrx_word' id='word_1_498' title='bbox 1892 3223 1939 3267; x_wconf 88' lang='lat' dir='ltr'><strong><em>et</em></strong></span> 
     </span>
    </p>
   </div>
   <div class='ocr_carea' id='block_1_66' title="bbox 2046 3193 3611 3284">
    <p class='ocr_par' dir='ltr' id='par_1_66' title="bbox 2047 3207 3611 3281">
     <span class='ocr_line' id='line_1_66' title="bbox 2047 3207 3611 3281; baseline 0.001 -21"><span class='ocrx_word' id='word_1_499' title='bbox 2047 3224 2195 3262; x_wconf 86' lang='grc' dir='ltr'>νεται</span> <span class='ocrx_word' id='word_1_500' title='bbox 2245 3207 2499 3279; x_wconf 77' lang='grc' dir='ltr'>ἐσχηκὼς</span> <span class='ocrx_word' id='word_1_501' title='bbox 2540 3208 2769 3281; x_wconf 76' lang='grc' dir='ltr'><strong>ἐχθροὺς</strong></span> <span class='ocrx_word' id='word_1_502' title='bbox 2805 3209 2838 3280; x_wconf 81' lang='grc' dir='ltr'>ἢ</span> <span class='ocrx_word' id='word_1_503' title='bbox 2889 3208 3046 3280; x_wconf 87' lang='grc' dir='ltr'>μόνον</span> <span class='ocrx_word' id='word_1_504' title='bbox 3089 3208 3182 3262; x_wconf 81' lang='grc' dir='ltr'><strong><em>τὸν</em></strong></span> <span class='ocrx_word' id='word_1_505' title='bbox 3227 3209 3441 3263; x_wconf 80' lang='grc' dir='ltr'><strong>Σαούλί</strong></span> <span class='ocrx_word' id='word_1_506' title='bbox 3458 3208 3611 3263; x_wconf 80' lang='grc' dir='ltr'><strong>Τοῦτο</strong></span> 
     </span>
    </p>
   </div>
   <div class='ocr_carea' id='block_1_67' title="bbox 356 3302 1943 3369">
    <p class='ocr_par' dir='ltr' id='par_1_67' title="bbox 356 3302 1943 3369">
     <span class='ocr_line' id='line_1_67' title="bbox 356 3302 1943 3369; baseline 0.006 -20"><span class='ocrx_word' id='word_1_507' title='bbox 356 3306 662 3365; x_wconf 84' lang='lat' dir='ltr'><strong><em>potestates,</em></strong></span> <span class='ocrx_word' id='word_1_508' title='bbox 687 3309 736 3354; x_wconf 88' lang='lat' dir='ltr'><strong><em>et</em></strong></span> <span class='ocrx_word' id='word_1_509' title='bbox 761 3302 944 3355; x_wconf 84' lang='lat' dir='ltr'><strong><em>mundi</em></strong></span> <span class='ocrx_word' id='word_1_510' title='bbox 974 3311 1197 3357; x_wconf 87' lang='lat' dir='ltr'><strong><em>rectores</em></strong></span> <span class='ocrx_word' id='word_1_511' title='bbox 1230 3303 1562 3358; x_wconf 82' lang='lat' dir='ltr'><strong><em>tenebrarum</em></strong></span> <span class='ocrx_word' id='word_1_512' title='bbox 1611 3304 1801 3358; x_wconf 79' lang='lat' dir='ltr'><strong><em>harum</em></strong></span> <span class='ocrx_word' id='word_1_513' title='bbox 1821 3344 1836 3369; x_wconf 93' lang='lat'><strong><em>,</em></strong></span> <span class='ocrx_word' id='word_1_514' title='bbox 1893 3316 1943 3360; x_wconf 89' lang='lat' dir='ltr'><strong><em>et</em></strong></span> 
     </span>
    </p>
   </div>
   <div class='ocr_carea' id='block_1_68' title="bbox 360 3386 1943 3463">
    <p class='ocr_par' dir='ltr' id='par_1_68' title="bbox 360 3386 1943 3463">
     <span class='ocr_line' id='line_1_68' title="bbox 360 3386 1943 3463; baseline 0.009 -27"><span class='ocrx_word' id='word_1_515' title='bbox 360 3394 548 3438; x_wconf 85' lang='lat' dir='ltr'><strong><em>contra</em></strong></span> <span class='ocrx_word' id='word_1_516' title='bbox 591 3386 806 3454; x_wconf 88' lang='lat' dir='ltr'><strong><em>spiritus</em></strong></span> <span class='ocrx_word' id='word_1_517' title='bbox 836 3390 1084 3458; x_wconf 81' lang='lat' dir='ltr'><strong><em>nequitia:</em></strong></span> <span class='ocrx_word' id='word_1_518' title='bbox 1112 3392 1178 3443; x_wconf 75' lang='grc' dir='ltr'><strong><em>τί.</em></strong></span> <span class='ocrx_word' id='word_1_519' title='bbox 1207 3389 1270 3444; x_wconf 93' lang='lat' dir='ltr'><strong><em>lli</em></strong></span> <span class='ocrx_word' id='word_1_520' title='bbox 1305 3393 1471 3463; x_wconf 85' lang='lat' dir='ltr'><strong><em>igitur</em></strong></span> <span class='ocrx_word' id='word_1_521' title='bbox 1500 3392 1720 3448; x_wconf 87' lang='lat' dir='ltr'><strong><em>Saulem</em></strong></span> <span class='ocrx_word' id='word_1_522' title='bbox 1756 3396 1943 3451; x_wconf 86' lang='lat' dir='ltr'><strong><em>incen-</em></strong></span> 
     </span>
    </p>
   </div>
   <div class='ocr_carea' id='block_1_69' title="bbox 358 3472 1943 3555">
    <p class='ocr_par' dir='ltr' id='par_1_69' title="bbox 358 3472 1943 3555">
     <span class='ocr_line' id='line_1_69' title="bbox 358 3472 1943 3555; baseline 0.009 -27"><span class='ocrx_word' id='word_1_523' title='bbox 358 3472 561 3531; x_wconf 86' lang='lat' dir='ltr'><strong><em>debant</em></strong></span> <span class='ocrx_word' id='word_1_524' title='bbox 594 3488 788 3533; x_wconf 87' lang='lat' dir='ltr'><strong><em>contra</em></strong></span> <span class='ocrx_word' id='word_1_525' title='bbox 820 3479 1076 3536; x_wconf 88' lang='lat' dir='ltr'><strong><em>Davidem</em></strong></span> <span class='ocrx_word' id='word_1_526' title='bbox 1106 3501 1119 3537; x_wconf 89' lang='lat'><strong>:</strong></span> <span class='ocrx_word' id='word_1_527' title='bbox 1150 3483 1382 3554; x_wconf 84' lang='lat' dir='ltr'><strong><em>ideoque</em></strong></span> <span class='ocrx_word' id='word_1_528' title='bbox 1415 3487 1641 3555; x_wconf 82' lang='lat' dir='ltr'><strong><em>rogabat</em></strong></span> <span class='ocrx_word' id='word_1_529' title='bbox 1670 3486 1861 3552; x_wconf 89' lang='lat' dir='ltr'><strong><em>Deum,</em></strong></span> <span class='ocrx_word' id='word_1_530' title='bbox 1882 3495 1943 3542; x_wconf 91' lang='lat' dir='ltr'><strong><em>ut</em></strong></span> 
     </span>
    </p>
   </div>
   <div class='ocr_carea' id='block_1_70' title="bbox 360 3565 1942 3638">
    <p class='ocr_par' dir='ltr' id='par_1_70' title="bbox 360 3565 1942 3638">
     <span class='ocr_line' id='line_1_70' title="bbox 360 3565 1942 3638; baseline 0.009 -21"><span class='ocrx_word' id='word_1_531' title='bbox 360 3565 430 3619; x_wconf 93' lang='lat' dir='ltr'><strong><em>ab</em></strong></span> <span class='ocrx_word' id='word_1_532' title='bbox 458 3568 526 3622; x_wconf 86' lang='lat' dir='ltr'><strong><em>iis</em></strong></span> <span class='ocrx_word' id='word_1_533' title='bbox 566 3568 891 3638; x_wconf 87' lang='lat' dir='ltr'><strong><em>eriperetur.</em></strong></span> <span class='ocrx_word' id='word_1_534' title='bbox 945 3570 1151 3627; x_wconf 86' lang='lat' dir='ltr'><strong><em>Contra</em></strong></span> <span class='ocrx_word' id='word_1_535' title='bbox 1182 3573 1399 3633; x_wconf 81' lang='lat' dir='ltr'><strong><em>Goliatb</em></strong></span> <span class='ocrx_word' id='word_1_536' title='bbox 1446 3577 1593 3630; x_wconf 86' lang='lat' dir='ltr'><strong><em>enim</em></strong></span> <span class='ocrx_word' id='word_1_537' title='bbox 1644 3585 1700 3632; x_wconf 89' lang='lat' dir='ltr'><strong><em>et</em></strong></span> <span class='ocrx_word' id='word_1_538' title='bbox 1750 3585 1942 3632; x_wconf 87' lang='lat' dir='ltr'><strong><em>contra</em></strong></span> 
     </span>
    </p>
   </div>
   <div class='ocr_carea' id='block_1_71' title="bbox 360 3657 1944 3734">
    <p class='ocr_par' dir='ltr' id='par_1_71' title="bbox 360 3657 1944 3734">
     <span class='ocr_line' id='line_1_71' title="bbox 360 3657 1944 3734; baseline 0.004 -25"><span class='ocrx_word' id='word_1_539' title='bbox 360 3657 602 3727; x_wconf 81' lang='lat' dir='ltr'><strong><em>reliquos</em></strong></span> <span class='ocrx_word' id='word_1_540' title='bbox 640 3659 943 3731; x_wconf 86' lang='lat' dir='ltr'><strong><em>allophylos</em></strong></span> <span class='ocrx_word' id='word_1_541' title='bbox 975 3661 1091 3730; x_wconf 89' lang='lat' dir='ltr'><strong><em>ipse</em></strong></span> <span class='ocrx_word' id='word_1_542' title='bbox 1129 3662 1280 3717; x_wconf 86' lang='lat' dir='ltr'><strong><em>solus</em></strong></span> <span class='ocrx_word' id='word_1_543' title='bbox 1323 3662 1643 3727; x_wconf 84' lang='lat' dir='ltr'><strong><em>sutliciebat,</em></strong></span> <span class='ocrx_word' id='word_1_544' title='bbox 1671 3664 1787 3734; x_wconf 88' lang='lat' dir='ltr'><strong><em>lege</em></strong></span> <span class='ocrx_word' id='word_1_545' title='bbox 1817 3662 1944 3718; x_wconf 87' lang='lat' dir='ltr'><strong><em>belli</em></strong></span> 
     </span>
    </p>
   </div>
   <div class='ocr_carea' id='block_1_72' title="bbox 359 3738 1945 3823">
    <p class='ocr_par' dir='ltr' id='par_1_72' title="bbox 359 3738 1945 3823">
     <span class='ocr_line' id='line_1_72' title="bbox 359 3738 1945 3823; baseline 0.004 -23"><span class='ocrx_word' id='word_1_546' title='bbox 359 3760 589 3804; x_wconf 85' lang='lat' dir='ltr'><strong><em>cunctos</em></strong></span> <span class='ocrx_word' id='word_1_547' title='bbox 629 3738 887 3817; x_wconf 54' lang='lat' dir='ltr'><strong><em>adortus‘;</em></strong></span> <span class='ocrx_word' id='word_1_548' title='bbox 922 3760 977 3806; x_wconf 90' lang='lat' dir='ltr'><strong><em>at</em></strong></span> <span class='ocrx_word' id='word_1_549' title='bbox 1028 3759 1220 3805; x_wconf 88' lang='lat' dir='ltr'><strong><em>contra</em></strong></span> <span class='ocrx_word' id='word_1_550' title='bbox 1265 3755 1511 3809; x_wconf 88' lang='lat' dir='ltr'><strong><em>occultas</em></strong></span> <span class='ocrx_word' id='word_1_551' title='bbox 1544 3760 1844 3823; x_wconf 84' lang='lat' dir='ltr'><strong><em>potestates</em></strong></span> <span class='ocrx_word' id='word_1_552' title='bbox 1889 3760 1945 3807; x_wconf 89' lang='lat' dir='ltr'><strong><em>et</em></strong></span> 
     </span>
    </p>
   </div>
   <div class='ocr_carea' id='block_1_73' title="bbox 362 3840 1942 3916">
    <p class='ocr_par' dir='ltr' id='par_1_73' title="bbox 362 3840 1942 3916">
     <span class='ocr_line' id='line_1_73' title="bbox 362 3840 1942 3916; baseline 0.004 -24"><span class='ocrx_word' id='word_1_553' title='bbox 362 3840 666 3897; x_wconf 88' lang='lat' dir='ltr'><strong><em>invisibiles</em></strong></span> <span class='ocrx_word' id='word_1_554' title='bbox 711 3843 966 3900; x_wconf 89' lang='lat' dir='ltr'><strong><em>inimicos</em></strong></span> <span class='ocrx_word' id='word_1_555' title='bbox 1016 3852 1473 3916; x_wconf 78' lang='lat' dir='ltr'><strong><em>propugnatorem</em></strong></span> <span class='ocrx_word' id='word_1_556' title='bbox 1507 3844 1612 3899; x_wconf 92' lang='lat' dir='ltr'><strong><em>sibi</em></strong></span> <span class='ocrx_word' id='word_1_557' title='bbox 1644 3843 1812 3900; x_wconf 89' lang='lat' dir='ltr'><strong><em>Deum</em></strong></span> <span class='ocrx_word' id='word_1_558' title='bbox 1840 3859 1942 3913; x_wconf 88' lang='lat' dir='ltr'><strong><em>po-</em></strong></span> 
     </span>
    </p>
   </div>
   <div class='ocr_carea' id='block_1_74' title="bbox 361 3924 1940 4007">
    <p class='ocr_par' dir='ltr' id='par_1_74' title="bbox 361 3924 1940 4007">
     <span class='ocr_line' id='line_1_74' title="bbox 361 3924 1940 4007; baseline 0.003 -22"><span class='ocrx_word' id='word_1_559' title='bbox 361 3932 620 3987; x_wconf 87' lang='lat' dir='ltr'><strong><em>stulabat.</em></strong></span> <span class='ocrx_word' id='word_1_560' title='bbox 655 3924 811 3998; x_wconf 82' lang='lat' dir='ltr'><strong><em>Quod</em></strong></span> <span class='ocrx_word' id='word_1_561' title='bbox 832 3944 1012 3990; x_wconf 89' lang='lat' dir='ltr'><strong><em>autem</em></strong></span> <span class='ocrx_word' id='word_1_562' title='bbox 1044 3949 1074 3989; x_wconf 88' lang='lat' dir='ltr'><strong><em>a</em></strong></span> <span class='ocrx_word' id='word_1_563' title='bbox 1100 3936 1425 4000; x_wconf 86' lang='lat' dir='ltr'><strong><em>Saule,cum</em></strong></span> <span class='ocrx_word' id='word_1_564' title='bbox 1458 3937 1592 3991; x_wconf 86' lang='lat' dir='ltr'><strong><em>nihil</em></strong></span> <span class='ocrx_word' id='word_1_565' title='bbox 1622 3936 1724 4007; x_wconf 86' lang='lat' dir='ltr'><strong><em>ipsi</em></strong></span> <span class='ocrx_word' id='word_1_566' title='bbox 1757 3937 1940 3992; x_wconf 91' lang='lat' dir='ltr'><strong><em>damni</em></strong></span> 
     </span>
    </p>
   </div>
   <div class='ocr_carea' id='block_1_75' title="bbox 361 4020 1940 4097">
    <p class='ocr_par' dir='ltr' id='par_1_75' title="bbox 361 4020 1940 4097">
     <span class='ocr_line' id='line_1_75' title="bbox 361 4020 1940 4097; baseline 0.005 -24"><span class='ocrx_word' id='word_1_567' title='bbox 361 4020 658 4088; x_wconf 88' lang='lat' dir='ltr'><strong><em>intulisset,</em></strong></span> <span class='ocrx_word' id='word_1_568' title='bbox 686 4024 890 4080; x_wconf 83' lang='lat' dir='ltr'><strong><em>frustra</em></strong></span> <span class='ocrx_word' id='word_1_569' title='bbox 923 4028 1233 4097; x_wconf 85' lang='lat' dir='ltr'><strong><em>pelleretur,</em></strong></span> <span class='ocrx_word' id='word_1_570' title='bbox 1267 4043 1390 4082; x_wconf 89' lang='lat' dir='ltr'><strong><em>cum</em></strong></span> <span class='ocrx_word' id='word_1_571' title='bbox 1418 4028 1647 4083; x_wconf 85' lang='lat' dir='ltr'><strong><em>historia</em></strong></span> <span class='ocrx_word' id='word_1_572' title='bbox 1680 4033 1897 4082; x_wconf 84' lang='lat' dir='ltr'><strong><em>enarrat</em></strong></span> <span class='ocrx_word' id='word_1_573' title='bbox 1924 4067 1940 4089; x_wconf 90' lang='lat'><strong><em>,</em></strong></span> 
     </span>
    </p>
   </div>
   <div class='ocr_carea' id='block_1_76' title="bbox 362 4114 1945 4190">
    <p class='ocr_par' dir='ltr' id='par_1_76' title="bbox 362 4114 1945 4190">
     <span class='ocr_line' id='line_1_76' title="bbox 362 4114 1945 4190; baseline 0.006 -27"><span class='ocrx_word' id='word_1_574' title='bbox 362 4120 478 4166; x_wconf 88' lang='lat' dir='ltr'><strong><em>tum</em></strong></span> <span class='ocrx_word' id='word_1_575' title='bbox 510 4114 566 4167; x_wconf 92' lang='lat' dir='ltr'><strong><em>in</em></strong></span> <span class='ocrx_word' id='word_1_576' title='bbox 598 4117 955 4185; x_wconf 81' lang='lat' dir='ltr'><strong><em>sequentibus</em></strong></span> <span class='ocrx_word' id='word_1_577' title='bbox 991 4117 1065 4171; x_wconf 88' lang='lat' dir='ltr'><strong><em>ita</em></strong></span> <span class='ocrx_word' id='word_1_578' title='bbox 1121 4130 1369 4174; x_wconf 87' lang='lat' dir='ltr'><strong><em>recenset</em></strong></span> <span class='ocrx_word' id='word_1_579' title='bbox 1407 4119 1561 4189; x_wconf 87' lang='lat' dir='ltr'><strong><em>ipse:</em></strong></span> <span class='ocrx_word' id='word_1_580' title='bbox 1604 4118 1785 4190; x_wconf 86' lang='lat' dir='ltr'><strong><em>Neque</em></strong></span> <span class='ocrx_word' id='word_1_581' title='bbox 1839 4120 1945 4173; x_wconf 87' lang='lat' dir='ltr'><strong><em>ini-</em></strong></span> 
     </span>
    </p>
   </div>
   <div class='ocr_carea' id='block_1_77' title="bbox 358 4204 1944 4277">
    <p class='ocr_par' dir='ltr' id='par_1_77' title="bbox 358 4204 1944 4277">
     <span class='ocr_line' id='line_1_77' title="bbox 358 4204 1944 4277; baseline 0.003 -21"><span class='ocrx_word' id='word_1_582' title='bbox 358 4204 535 4274; x_wconf 76' lang='lat' dir='ltr'><strong><em>quitas</em></strong></span> <span class='ocrx_word' id='word_1_583' title='bbox 578 4220 729 4270; x_wconf 61' lang='lat' dir='ltr'><strong><em>mea,</em></strong></span> <span class='ocrx_word' id='word_1_584' title='bbox 754 4222 915 4276; x_wconf 89' lang='lat' dir='ltr'><strong><em>neque</em></strong></span> <span class='ocrx_word' id='word_1_585' title='bbox 955 4215 1224 4274; x_wconf 84' lang='lat' dir='ltr'><strong><em>peccatum</em></strong></span> <span class='ocrx_word' id='word_1_586' title='bbox 1264 4223 1432 4261; x_wconf 86' lang='lat' dir='ltr'><strong><em>meum</em></strong></span> <span class='ocrx_word' id='word_1_587' title='bbox 1465 4223 1482 4261; x_wconf 84' lang='lat'><strong><em>.&#39;</em></strong></span> <span class='ocrx_word' id='word_1_588' title='bbox 1517 4208 1629 4262; x_wconf 84' lang='lat' dir='ltr'><strong><em>sine</em></strong></span> <span class='ocrx_word' id='word_1_589' title='bbox 1667 4208 1944 4277; x_wconf 84' lang='lat' dir='ltr'><strong><em>iniquitate</em></strong></span> 
     </span>
    </p>
   </div>
   <div class='ocr_carea' id='block_1_78' title="bbox 359 4284 1947 4366">
    <p class='ocr_par' dir='ltr' id='par_1_78' title="bbox 359 4284 1947 4366">
     <span class='ocr_line' id='line_1_78' title="bbox 359 4284 1947 4366; baseline 0.003 -18"><span class='ocrx_word' id='word_1_590' title='bbox 359 4295 574 4349; x_wconf 85' lang='lat' dir='ltr'><strong><em>cucurri</em></strong></span> <span class='ocrx_word' id='word_1_591' title='bbox 625 4284 675 4349; x_wconf 77' lang='lat' dir='ltr'><strong><em>et</em></strong></span> <span class='ocrx_word' id='word_1_592' title='bbox 716 4295 907 4351; x_wconf 74' lang='lat' dir='ltr'><strong><em>direxi.</em></strong></span> <span class='ocrx_word' id='word_1_593' title='bbox 949 4296 1057 4352; x_wconf 88' lang='lat' dir='ltr'><strong><em>Pro</em></strong></span> <span class='ocrx_word' id='word_1_594' title='bbox 1102 4298 1195 4351; x_wconf 91' lang='lat' dir='ltr'><strong><em>illo</em></strong></span> <span class='ocrx_word' id='word_1_595' title='bbox 1227 4308 1439 4361; x_wconf 87' lang='lat' dir='ltr'><strong><em>autem,</em></strong></span> <span class='ocrx_word' id='word_1_596' title='bbox 1500 4300 1612 4353; x_wconf 86' lang='lat' dir='ltr'><strong><em>sine</em></strong></span> <span class='ocrx_word' id='word_1_597' title='bbox 1665 4299 1947 4366; x_wconf 85' lang='lat' dir='ltr'><strong><em>iniquitate</em></strong></span> 
     </span>
    </p>
   </div>
   <div class='ocr_carea' id='block_1_79' title="bbox 357 4381 1940 4459">
    <p class='ocr_par' dir='ltr' id='par_1_79' title="bbox 357 4381 1940 4459">
     <span class='ocr_line' id='line_1_79' title="bbox 357 4381 1940 4459; baseline 0.007 -24"><span class='ocrx_word' id='word_1_598' title='bbox 357 4385 573 4437; x_wconf 86' lang='lat' dir='ltr'><strong><em>cucurri</em></strong></span> <span class='ocrx_word' id='word_1_599' title='bbox 602 4394 653 4439; x_wconf 89' lang='lat' dir='ltr'><strong><em>et</em></strong></span> <span class='ocrx_word' id='word_1_600' title='bbox 681 4385 873 4449; x_wconf 65' lang='lat' dir='ltr'><strong><em>direxi,</em></strong></span> <span class='ocrx_word' id='word_1_601' title='bbox 910 4381 1273 4453; x_wconf 78' lang='lat' dir='ltr'><strong><em>Symmachus</em></strong></span> <span class='ocrx_word' id='word_1_602' title='bbox 1311 4391 1411 4455; x_wconf 87' lang='lat' dir='ltr'><strong><em>ait,</em></strong></span> <span class='ocrx_word' id='word_1_603' title='bbox 1434 4407 1553 4444; x_wconf 86' lang='lat' dir='ltr'><strong><em>cum</em></strong></span> <span class='ocrx_word' id='word_1_604' title='bbox 1584 4406 1689 4445; x_wconf 84' lang='lat' dir='ltr'><strong><em>non</em></strong></span> <span class='ocrx_word' id='word_1_605' title='bbox 1718 4392 1784 4445; x_wconf 82' lang='lat' dir='ltr'><strong><em>sit</em></strong></span> <span class='ocrx_word' id='word_1_606' title='bbox 1819 4406 1940 4459; x_wconf 86' lang='lat' dir='ltr'><strong><em>pec-</em></strong></span> 
     </span>
    </p>
   </div>
   <div class='ocr_carea' id='block_1_80' title="bbox 357 4474 1941 4545">
    <p class='ocr_par' dir='ltr' id='par_1_80' title="bbox 357 4474 1941 4545">
     <span class='ocr_line' id='line_1_80' title="bbox 357 4474 1941 4545; baseline 0.007 -22"><span class='ocrx_word' id='word_1_607' title='bbox 357 4481 535 4526; x_wconf 87' lang='lat' dir='ltr'><strong><em>catum</em></strong></span> <span class='ocrx_word' id='word_1_608' title='bbox 562 4474 804 4542; x_wconf 86' lang='lat' dir='ltr'><strong><em>irruuut,</em></strong></span> <span class='ocrx_word' id='word_1_609' title='bbox 840 4485 897 4528; x_wconf 87' lang='lat' dir='ltr'><strong><em>ut</em></strong></span> <span class='ocrx_word' id='word_1_610' title='bbox 922 4477 1232 4545; x_wconf 80' lang='lat' dir='ltr'><strong><em>pertrahaut</em></strong></span> <span class='ocrx_word' id='word_1_611' title='bbox 1263 4494 1360 4534; x_wconf 88' lang='lat' dir='ltr'><strong><em>me.</em></strong></span> <span class='ocrx_word' id='word_1_612' title='bbox 1402 4476 1537 4532; x_wconf 83' lang='lat' dir='ltr'><strong><em>Nam</em></strong></span> <span class='ocrx_word' id='word_1_613' title='bbox 1573 4485 1811 4534; x_wconf 85' lang='lat' dir='ltr'><strong><em>cum’ne</em></strong></span> <span class='ocrx_word' id='word_1_614' title='bbox 1840 4479 1941 4534; x_wconf 84' lang='lat' dir='ltr'><strong><em>mi-</em></strong></span> 
     </span>
    </p>
   </div>
   <div class='ocr_carea' id='block_1_81' title="bbox 356 4563 1943 4641">
    <p class='ocr_par' dir='ltr' id='par_1_81' title="bbox 356 4563 1943 4641">
     <span class='ocr_line' id='line_1_81' title="bbox 356 4563 1943 4641; baseline 0.005 -25"><span class='ocrx_word' id='word_1_615' title='bbox 356 4563 506 4617; x_wconf 89' lang='lat' dir='ltr'><strong><em>nima</em></strong></span> <span class='ocrx_word' id='word_1_616' title='bbox 548 4565 799 4621; x_wconf 85' lang='lat' dir='ltr'><strong><em>subesset</em></strong></span> <span class='ocrx_word' id='word_1_617' title='bbox 853 4583 1049 4633; x_wconf 79' lang='lat' dir='ltr'><strong><em>causa,</em></strong></span> <span class='ocrx_word' id='word_1_618' title='bbox 1096 4576 1248 4626; x_wconf 87' lang='lat' dir='ltr'><strong><em>tanta</em></strong></span> <span class='ocrx_word' id='word_1_619' title='bbox 1302 4570 1567 4626; x_wconf 86' lang='lat' dir='ltr'><strong><em>adversus</em></strong></span> <span class='ocrx_word' id='word_1_620' title='bbox 1596 4587 1721 4625; x_wconf 90' lang='lat' dir='ltr'><strong><em>eum</em></strong></span> <span class='ocrx_word' id='word_1_621' title='bbox 1775 4586 1943 4641; x_wconf 85' lang='lat' dir='ltr'><strong><em>supra</em></strong></span> 
     </span>
    </p>
   </div>
   <div class='ocr_carea' id='block_1_82' title="bbox 358 4657 1940 4732">
    <p class='ocr_par' dir='ltr' id='par_1_82' title="bbox 358 4657 1940 4732">
     <span class='ocr_line' id='line_1_82' title="bbox 358 4657 1940 4732; baseline 0.006 -24"><span class='ocrx_word' id='word_1_622' title='bbox 358 4657 642 4712; x_wconf 79' lang='lat' dir='ltr'><strong><em>memorati</em></strong></span> <span class='ocrx_word' id='word_1_623' title='bbox 680 4658 758 4713; x_wconf 90' lang='lat' dir='ltr'><strong><em>illi</em></strong></span> <span class='ocrx_word' id='word_1_624' title='bbox 789 4660 1028 4730; x_wconf 83' lang='lat' dir='ltr'><strong><em>aggressi</em></strong></span> <span class='ocrx_word' id='word_1_625' title='bbox 1080 4669 1228 4715; x_wconf 91' lang='lat' dir='ltr'><strong><em>sunt.</em></strong></span> <span class='ocrx_word' id='word_1_626' title='bbox 1279 4661 1367 4724; x_wconf 86' lang='lat' dir='ltr'><strong><em>Et,</em></strong></span> <span class='ocrx_word' id='word_1_627' title='bbox 1400 4678 1610 4732; x_wconf 77' lang='lat' dir='ltr'><strong><em>quteso,</em></strong></span> <span class='ocrx_word' id='word_1_628' title='bbox 1648 4664 1940 4725; x_wconf 78' lang='lat' dir='ltr'><strong><em>advertas,</em></strong></span> 
     </span>
    </p>
   </div>
   <div class='ocr_carea' id='block_1_83' title="bbox 356 4744 1940 4824">
    <p class='ocr_par' dir='ltr' id='par_1_83' title="bbox 356 4744 1940 4824">
     <span class='ocr_line' id='line_1_83' title="bbox 356 4744 1940 4824; baseline 0.006 -26"><span class='ocrx_word' id='word_1_629' title='bbox 356 4744 618 4802; x_wconf 84' lang='lat' dir='ltr'><strong><em>Davidem</em></strong></span> <span class='ocrx_word' id='word_1_630' title='bbox 652 4750 707 4804; x_wconf 89' lang='lat' dir='ltr'><strong><em>in</em></strong></span> <span class='ocrx_word' id='word_1_631' title='bbox 742 4752 996 4820; x_wconf 68' lang='lat' dir='ltr'><strong><em>praesenti</em></strong></span> <span class='ocrx_word' id='word_1_632' title='bbox 1039 4751 1266 4808; x_wconf 84' lang='lat' dir='ltr'><strong><em>ﬁdenter</em></strong></span> <span class='ocrx_word' id='word_1_633' title='bbox 1295 4768 1458 4824; x_wconf 84' lang='lat' dir='ltr'><strong><em>agere</em></strong></span> <span class='ocrx_word' id='word_1_634' title='bbox 1482 4792 1497 4818; x_wconf 81' lang='lat'><strong><em>,</em></strong></span> <span class='ocrx_word' id='word_1_635' title='bbox 1529 4755 1624 4823; x_wconf 88' lang='lat' dir='ltr'><strong><em>qui</em></strong></span> <span class='ocrx_word' id='word_1_636' title='bbox 1663 4754 1715 4808; x_wconf 93' lang='lat' dir='ltr'><strong><em>in</em></strong></span> <span class='ocrx_word' id='word_1_637' title='bbox 1765 4753 1940 4824; x_wconf 81' lang='lat' dir='ltr'><strong><em>prima</em></strong></span> 
     </span>
    </p>
   </div>
   <div class='ocr_carea' id='block_1_84' title="bbox 354 4834 1943 4914">
    <p class='ocr_par' dir='ltr' id='par_1_84' title="bbox 354 4834 1943 4914">
     <span class='ocr_line' id='line_1_84' title="bbox 354 4834 1943 4914; baseline 0.006 -25"><span class='ocrx_word' id='word_1_638' title='bbox 354 4834 698 4894; x_wconf 84' lang='lat' dir='ltr'><strong><em>Psalmorum</em></strong></span> <span class='ocrx_word' id='word_1_639' title='bbox 724 4849 878 4910; x_wconf 86' lang='lat' dir='ltr'><strong><em>parte</em></strong></span> <span class='ocrx_word' id='word_1_640' title='bbox 905 4841 1123 4897; x_wconf 88' lang='lat' dir='ltr'><strong><em>dicebat</em></strong></span> <span class='ocrx_word' id='word_1_641' title='bbox 1148 4862 1160 4897; x_wconf 91' lang='lat'><strong>:</strong></span> <span class='ocrx_word' id='word_1_642' title='bbox 1194 4842 1458 4909; x_wconf 83' lang='lat' dir='ltr'><strong><em>Quoniam</em></strong></span> <span class='ocrx_word' id='word_1_643' title='bbox 1486 4845 1785 4914; x_wconf 84' lang='lat' dir='ltr'><strong><em>iniquitates</em></strong></span> <span class='ocrx_word' id='word_1_644' title='bbox 1816 4860 1943 4898; x_wconf 80' lang='lat' dir='ltr'><strong><em>mea:</em></strong></span> 
     </span>
    </p>
   </div>
   <div class='ocr_carea' id='block_1_85' title="bbox 352 4934 1942 5006">
    <p class='ocr_par' dir='ltr' id='par_1_85' title="bbox 352 4934 1942 5006">
     <span class='ocr_line' id='line_1_85' title="bbox 352 4934 1942 5006; baseline 0.006 -25"><span class='ocrx_word' id='word_1_645' title='bbox 352 4942 702 4999; x_wconf 59' lang='lat' dir='ltr'><strong><em>supergressa!</em></strong></span> <span class='ocrx_word' id='word_1_646' title='bbox 730 4941 854 4985; x_wconf 86' lang='lat' dir='ltr'><strong><em>sunt</em></strong></span> <span class='ocrx_word' id='word_1_647' title='bbox 891 4942 1047 5003; x_wconf 83' lang='lat' dir='ltr'><strong><em>caput</em></strong></span> <span class='ocrx_word' id='word_1_648' title='bbox 1092 4950 1283 4998; x_wconf 88' lang='lat' dir='ltr'><strong><em>meum,</em></strong></span> <span class='ocrx_word' id='word_1_649' title='bbox 1316 4934 1454 4989; x_wconf 83' lang='lat' dir='ltr'><strong><em>sicut</em></strong></span> <span class='ocrx_word' id='word_1_650' title='bbox 1474 4951 1606 4989; x_wconf 88' lang='lat' dir='ltr'><strong><em>onus</em></strong></span> <span class='ocrx_word' id='word_1_651' title='bbox 1628 4952 1784 5006; x_wconf 72' lang='lat' dir='ltr'><strong><em>grave</em></strong></span> <span class='ocrx_word' id='word_1_652' title='bbox 1815 4952 1942 5006; x_wconf 82' lang='lat' dir='ltr'><strong><em>gra-</em></strong></span> 
     </span>
    </p>
   </div>
   <div class='ocr_carea' id='block_1_86' title="bbox 2046 3294 3613 3372">
    <p class='ocr_par' dir='ltr' id='par_1_86' title="bbox 2046 3294 3613 3372">
     <span class='ocr_line' id='line_1_86' title="bbox 2046 3294 3613 3372; baseline 0.002 -21"><span class='ocrx_word' id='word_1_653' title='bbox 2046 3294 2531 3370; x_wconf 77' lang='grc' dir='ltr'>γὰρπαρέστησεν</span> <span class='ocrx_word' id='word_1_654' title='bbox 2553 3302 2586 3370; x_wconf 74' lang='grc' dir='ltr'><strong>ἡ</strong></span> <span class='ocrx_word' id='word_1_655' title='bbox 2613 3300 2805 3372; x_wconf 83' lang='grc' dir='ltr'>Γραφὴ</span> <span class='ocrx_word' id='word_1_656' title='bbox 2834 3299 3249 3371; x_wconf 82' lang='grc' dir='ltr'>μαρτυραμένη,</span> <span class='ocrx_word' id='word_1_657' title='bbox 3271 3300 3354 3353; x_wconf 87' lang='grc' dir='ltr'>ὅτι</span> <span class='ocrx_word' id='word_1_658' title='bbox 3374 3301 3613 3369; x_wconf 73' lang='grc' dir='ltr'>ἠγαπᾶτο</span> 
     </span>
    </p>
   </div>
   <div class='ocr_carea' id='block_1_87' title="bbox 2043 3386 3606 3462">
    <p class='ocr_par' dir='ltr' id='par_1_87' title="bbox 2043 3386 3606 3462">
     <span class='ocr_line' id='line_1_87' title="bbox 2043 3386 3606 3462; baseline 0 -19"><span class='ocrx_word' id='word_1_659' title='bbox 2043 3391 2148 3443; x_wconf 79' lang='grc' dir='ltr'>ὑπὸ</span> <span class='ocrx_word' id='word_1_660' title='bbox 2174 3389 2375 3456; x_wconf 80' lang='grc' dir='ltr'>παντὸς</span> <span class='ocrx_word' id='word_1_661' title='bbox 2400 3391 2494 3445; x_wconf 83' lang='grc' dir='ltr'><strong><em>τοῦ</em></strong></span> <span class='ocrx_word' id='word_1_662' title='bbox 2528 3390 2660 3444; x_wconf 85' lang='grc' dir='ltr'><strong>λαοῦ</strong></span> <span class='ocrx_word' id='word_1_663' title='bbox 2680 3408 2694 3422; x_wconf 86' lang='grc'>·</span> <span class='ocrx_word' id='word_1_664' title='bbox 2724 3392 2820 3445; x_wconf 80' lang='grc' dir='ltr'>καὶ</span> <span class='ocrx_word' id='word_1_665' title='bbox 2842 3386 3078 3462; x_wconf 49' lang='grc' dir='ltr'><strong><em>τοῦτ’,ἧν</em></strong></span> <span class='ocrx_word' id='word_1_666' title='bbox 3105 3390 3340 3461; x_wconf 77' lang='grc' dir='ltr'>μάλιστα</span> <span class='ocrx_word' id='word_1_667' title='bbox 3366 3392 3428 3445; x_wconf 77' lang='grc' dir='ltr'>τὸ</span> <span class='ocrx_word' id='word_1_668' title='bbox 3453 3391 3606 3445; x_wconf 77' lang='grc' dir='ltr'>αἴτιον</span> 
     </span>
    </p>
   </div>
   <div class='ocr_carea' id='block_1_88' title="bbox 2042 3474 3610 3553">
    <p class='ocr_par' dir='ltr' id='par_1_88' title="bbox 2042 3474 3610 3553">
     <span class='ocr_line' id='line_1_88' title="bbox 2042 3474 3610 3553; baseline 0 -18"><span class='ocrx_word' id='word_1_669' title='bbox 2042 3480 2144 3550; x_wconf 83' lang='grc' dir='ltr'>τῆς</span> <span class='ocrx_word' id='word_1_670' title='bbox 2169 3474 2291 3535; x_wconf 85' lang='grc' dir='ltr'>κατ’</span> <span class='ocrx_word' id='word_1_671' title='bbox 2324 3481 2490 3537; x_wconf 80' lang='grc' dir='ltr'>αὐτοῦ</span> <span class='ocrx_word' id='word_1_672' title='bbox 2523 3481 2842 3553; x_wconf 83' lang='grc' dir='ltr'>βασκανίας.</span> <span class='ocrx_word' id='word_1_673' title='bbox 2870 3482 2933 3536; x_wconf 86' lang='lat' dir='ltr'><strong><em>El</em></strong></span> <span class='ocrx_word' id='word_1_674' title='bbox 2967 3482 3144 3535; x_wconf 82' lang='grc' dir='ltr'><strong>τοίνυν</strong></span> <span class='ocrx_word' id='word_1_675' title='bbox 3169 3482 3370 3546; x_wconf 81' lang='grc' dir='ltr'>πάντες</span> <span class='ocrx_word' id='word_1_676' title='bbox 3397 3482 3610 3552; x_wconf 71' lang='grc' dir='ltr'><strong>ἠγάπων</strong></span> 
     </span>
    </p>
   </div>
   <div class='ocr_carea' id='block_1_89' title="bbox 2042 3569 3609 3645">
    <p class='ocr_par' dir='ltr' id='par_1_89' title="bbox 2042 3569 3609 3645">
     <span class='ocr_line' id='line_1_89' title="bbox 2042 3569 3609 3645; baseline 0.001 -21"><span class='ocrx_word' id='word_1_677' title='bbox 2042 3570 2133 3624; x_wconf 86' lang='grc' dir='ltr'><strong><em>τὸν</em></strong></span> <span class='ocrx_word' id='word_1_678' title='bbox 2180 3569 2343 3625; x_wconf 77' lang='grc' dir='ltr'><strong>Δαυῒδ</strong></span> <span class='ocrx_word' id='word_1_679' title='bbox 2360 3610 2375 3635; x_wconf 88' lang='grc'><strong><em>,</em></strong></span> <span class='ocrx_word' id='word_1_680' title='bbox 2418 3573 2579 3645; x_wconf 84' lang='grc' dir='ltr'>μόνος</span> <span class='ocrx_word' id='word_1_681' title='bbox 2617 3573 2675 3627; x_wconf 85' lang='grc' dir='ltr'>δὲ</span> <span class='ocrx_word' id='word_1_682' title='bbox 2710 3573 2884 3628; x_wconf 82' lang='grc' dir='ltr'><strong>Σαοὺλ</strong></span> <span class='ocrx_word' id='word_1_683' title='bbox 2919 3573 3014 3627; x_wconf 81' lang='grc' dir='ltr'><strong><em>καὶ</em></strong></span> <span class='ocrx_word' id='word_1_684' title='bbox 3072 3573 3165 3627; x_wconf 72' lang='grc' dir='ltr'><strong><em>ἐπὶ</em></strong></span> <span class='ocrx_word' id='word_1_685' title='bbox 3222 3572 3400 3643; x_wconf 85' lang='grc' dir='ltr'>τούτῳ</span> <span class='ocrx_word' id='word_1_686' title='bbox 3445 3572 3609 3641; x_wconf 70' lang='grc' dir='ltr'><strong><em>φθόνῳ</em></strong></span> 
     </span>
    </p>
   </div>
   <div class='ocr_carea' id='block_1_90' title="bbox 2045 3662 3604 3736">
    <p class='ocr_par' dir='ltr' id='par_1_90' title="bbox 2045 3662 3604 3736">
     <span class='ocr_line' id='line_1_90' title="bbox 2045 3662 3604 3736; baseline 0.001 -20"><span class='ocrx_word' id='word_1_687' title='bbox 2045 3663 2436 3736; x_wconf 79' lang='grc' dir='ltr'><strong>πιμπράμενος</strong></span> <span class='ocrx_word' id='word_1_688' title='bbox 2462 3664 2854 3721; x_wconf 74' lang='grc' dir='ltr'><strong>ἐπεϐούλευσεν</strong></span> <span class='ocrx_word' id='word_1_689' title='bbox 2884 3663 3053 3735; x_wconf 83' lang='grc' dir='ltr'>αύτῷ,</span> <span class='ocrx_word' id='word_1_690' title='bbox 3076 3665 3195 3728; x_wconf 84' lang='grc' dir='ltr'>πῶς</span> <span class='ocrx_word' id='word_1_691' title='bbox 3222 3662 3453 3718; x_wconf 77' lang='grc' dir='ltr'>ἐνταῦθα</span> <span class='ocrx_word' id='word_1_692' title='bbox 3479 3662 3604 3734; x_wconf 82' lang='grc' dir='ltr'><strong>πλη-</strong></span> 
     </span>
    </p>
   </div>
   <div class='ocr_carea' id='block_1_91' title="bbox 2044 3753 3603 3828">
    <p class='ocr_par' dir='ltr' id='par_1_91' title="bbox 2044 3753 3603 3828">
     <span class='ocr_line' id='line_1_91' title="bbox 2044 3753 3603 3828; baseline 0.002 -21"><span class='ocrx_word' id='word_1_693' title='bbox 2044 3753 2313 3819; x_wconf 83' lang='grc' dir='ltr'><strong>θυντικῶς</strong></span> <span class='ocrx_word' id='word_1_694' title='bbox 2353 3773 2549 3828; x_wconf 88' lang='grc' dir='ltr'>φησιν,</span> <span class='ocrx_word' id='word_1_695' title='bbox 2592 3756 2840 3821; x_wconf 75' lang='grc' dir='ltr'><strong>Ἐξελού</strong></span> <span class='ocrx_word' id='word_1_696' title='bbox 2870 3774 2947 3826; x_wconf 81' lang='grc' dir='ltr'><strong>με</strong></span> <span class='ocrx_word' id='word_1_697' title='bbox 2983 3756 3053 3809; x_wconf 79' lang='grc' dir='ltr'><strong><em>ἐκ</em></strong></span> <span class='ocrx_word' id='word_1_698' title='bbox 3106 3755 3226 3809; x_wconf 85' lang='grc' dir='ltr'>τῶν</span> <span class='ocrx_word' id='word_1_699' title='bbox 3256 3754 3603 3825; x_wconf 78' lang='grc' dir='ltr'><strong><em>ἐχθρῶνμου</em></strong></span> 
     </span>
    </p>
   </div>
   <div class='ocr_carea' id='block_1_92' title="bbox 2044 3845 3605 3917">
    <p class='ocr_par' dir='ltr' id='par_1_92' title="bbox 2044 3845 3605 3917">
     <span class='ocr_line' id='line_1_92' title="bbox 2044 3845 3605 3917; baseline 0.001 -19"><span class='ocrx_word' id='word_1_700' title='bbox 2044 3845 2142 3898; x_wconf 71' lang='grc' dir='ltr'><strong><em>καὶ</em></strong></span> <span class='ocrx_word' id='word_1_701' title='bbox 2165 3847 2234 3900; x_wconf 78' lang='grc' dir='ltr'><strong><em>ἐκ</em></strong></span> <span class='ocrx_word' id='word_1_702' title='bbox 2252 3845 2374 3901; x_wconf 82' lang='grc' dir='ltr'>τῶν</span> <span class='ocrx_word' id='word_1_703' title='bbox 2407 3846 2899 3917; x_wconf 79' lang='grc' dir='ltr'><strong><em>ἐπανισταμένων</em></strong></span> <span class='ocrx_word' id='word_1_704' title='bbox 2910 3847 3003 3901; x_wconf 78' lang='grc' dir='ltr'><strong><em>ἐπ’</em></strong></span> <span class='ocrx_word' id='word_1_705' title='bbox 3028 3846 3152 3917; x_wconf 55' lang='grc' dir='ltr'><strong><em>ἐμὲ</em></strong></span> <span class='ocrx_word' id='word_1_706' title='bbox 3181 3848 3275 3901; x_wconf 82' lang='grc' dir='ltr'><strong><em>καὶ</em></strong></span> <span class='ocrx_word' id='word_1_707' title='bbox 3303 3847 3479 3910; x_wconf 83' lang='grc' dir='ltr'><strong>πάλιν.</strong></span> <span class='ocrx_word' id='word_1_708' title='bbox 3496 3847 3605 3899; x_wconf 71' lang='grc' dir='ltr'><strong><em>Ὅτι</em></strong></span> 
     </span>
    </p>
   </div>
   <div class='ocr_carea' id='block_1_93' title="bbox 2044 3935 3607 4008">
    <p class='ocr_par' dir='ltr' id='par_1_93' title="bbox 2044 3935 3607 4008">
     <span class='ocr_line' id='line_1_93' title="bbox 2044 3935 3607 4008; baseline 0.001 -19"><span class='ocrx_word' id='word_1_709' title='bbox 2044 3935 2175 3990; x_wconf 75' lang='grc' dir='ltr'>ἰδοὺ</span> <span class='ocrx_word' id='word_1_710' title='bbox 2199 3935 2539 4005; x_wconf 77' lang='grc' dir='ltr'>ἑϐήρευσαν</span> <span class='ocrx_word' id='word_1_711' title='bbox 2559 3937 2676 4006; x_wconf 83' lang='grc' dir='ltr'><strong><em>τὴν</em></strong></span> <span class='ocrx_word' id='word_1_712' title='bbox 2697 3938 2910 4008; x_wconf 74' lang='grc' dir='ltr'><strong><em>ψυχήν</em></strong></span> <span class='ocrx_word' id='word_1_713' title='bbox 2928 3956 3070 4007; x_wconf 85' lang='grc' dir='ltr'>μου,</span> <span class='ocrx_word' id='word_1_714' title='bbox 3095 3939 3376 3992; x_wconf 81' lang='grc' dir='ltr'><strong><em>ἐπέθεντο</em></strong></span> <span class='ocrx_word' id='word_1_715' title='bbox 3405 3938 3492 3992; x_wconf 74' lang='grc' dir='ltr'><strong><em>ἐπ’</em></strong></span> <span class='ocrx_word' id='word_1_716' title='bbox 3511 3936 3607 4006; x_wconf 63' lang='grc' dir='ltr'><strong><em>ἐμὲ</em></strong></span> 
     </span>
    </p>
   </div>
   <div class='ocr_carea' id='block_1_94' title="bbox 2046 4027 3604 4107">
    <p class='ocr_par' dir='ltr' id='par_1_94' title="bbox 2046 4027 3604 4107">
     <span class='ocr_line' id='line_1_94' title="bbox 2046 4027 3604 4107; baseline 0.001 -27"><span class='ocrx_word' id='word_1_717' title='bbox 2046 4027 2315 4095; x_wconf 69' lang='lat' dir='ltr'><strong><em>reparato!</em></strong></span> <span class='ocrx_word' id='word_1_718' title='bbox 2329 4043 2348 4093; x_wconf 88' lang='lat'><strong><em>;</em></strong></span> <span class='ocrx_word' id='word_1_719' title='bbox 2387 4027 2549 4082; x_wconf 84' lang='grc' dir='ltr'><strong><em>Ἀλλά</em></strong></span> <span class='ocrx_word' id='word_1_720' title='bbox 2567 4029 2677 4100; x_wconf 85' lang='grc' dir='ltr'><strong><em>γὰρ</em></strong></span> <span class='ocrx_word' id='word_1_721' title='bbox 2716 4028 2902 4107; x_wconf 81' lang='grc' dir='ltr'>σαφῶς</span> <span class='ocrx_word' id='word_1_722' title='bbox 2927 4028 3014 4082; x_wconf 74' lang='grc' dir='ltr'>διὰ</span> <span class='ocrx_word' id='word_1_723' title='bbox 3037 4028 3241 4083; x_wconf 84' lang='grc' dir='ltr'>τούτων</span> <span class='ocrx_word' id='word_1_724' title='bbox 3267 4029 3604 4101; x_wconf 75' lang='grc' dir='ltr'>παρίστανται</span> 
     </span>
    </p>
   </div>
   <div class='ocr_carea' id='block_1_95' title="bbox 2044 4112 3603 4191">
    <p class='ocr_par' dir='ltr' id='par_1_95' title="bbox 2044 4112 3603 4191">
     <span class='ocr_line' id='line_1_95' title="bbox 2044 4112 3603 4191; baseline 0.003 -22"><span class='ocrx_word' id='word_1_725' title='bbox 2044 4116 2262 4188; x_wconf 83' lang='grc' dir='ltr'><strong>ἀόρατοι</strong></span> <span class='ocrx_word' id='word_1_726' title='bbox 2304 4117 2399 4171; x_wconf 74' lang='grc' dir='ltr'><strong><em>καὶ</em></strong></span> <span class='ocrx_word' id='word_1_727' title='bbox 2437 4118 2663 4187; x_wconf 78' lang='grc' dir='ltr'>ἀφανεῖς</span> <span class='ocrx_word' id='word_1_728' title='bbox 2696 4118 2883 4191; x_wconf 68' lang='grc' dir='ltr'><strong>ἐχθροὶ</strong></span> <span class='ocrx_word' id='word_1_729' title='bbox 2902 4159 2918 4185; x_wconf 92' lang='grc'><strong><em>,</em></strong></span> <span class='ocrx_word' id='word_1_730' title='bbox 2960 4118 3090 4191; x_wconf 79' lang='grc' dir='ltr'>περὶ</span> <span class='ocrx_word' id='word_1_731' title='bbox 3133 4112 3208 4173; x_wconf 83' lang='grc' dir='ltr'><strong>ὧν</strong></span> <span class='ocrx_word' id='word_1_732' title='bbox 3248 4120 3345 4174; x_wconf 78' lang='grc' dir='ltr'>καὶ</span> <span class='ocrx_word' id='word_1_733' title='bbox 3386 4122 3416 4173; x_wconf 81' lang='grc' dir='ltr'>ὀ</span> <span class='ocrx_word' id='word_1_734' title='bbox 3462 4119 3603 4174; x_wconf 74' lang='grc' dir='ltr'><strong><em>Ἀπό-</em></strong></span> 
     </span>
    </p>
   </div>
   <div class='ocr_carea' id='block_1_96' title="bbox 2048 4205 3658 4280">
    <p class='ocr_par' dir='ltr' id='par_1_96' title="bbox 2048 4205 3658 4280">
     <span class='ocr_line' id='line_1_96' title="bbox 2048 4205 3658 4280; baseline 0.002 -18"><span class='ocrx_word' id='word_1_735' title='bbox 2048 4209 2253 4274; x_wconf 79' lang='grc' dir='ltr'>στολος</span> <span class='ocrx_word' id='word_1_736' title='bbox 2275 4208 2459 4279; x_wconf 77' lang='grc' dir='ltr'><strong>ἔλεγεν</strong></span> <span class='ocrx_word' id='word_1_737' title='bbox 2479 4227 2492 4241; x_wconf 89' lang='grc'><strong>·</strong></span> <span class='ocrx_word' id='word_1_738' title='bbox 2534 4213 2657 4265; x_wconf 81' lang='grc' dir='ltr'><strong><em>Οὐκ</em></strong></span> <span class='ocrx_word' id='word_1_739' title='bbox 2693 4211 2866 4265; x_wconf 79' lang='grc' dir='ltr'>ἐστιν</span> <span class='ocrx_word' id='word_1_740' title='bbox 2910 4209 3057 4280; x_wconf 69' lang='grc' dir='ltr'><strong><em>⁴ἡμῖν</em></strong></span> <span class='ocrx_word' id='word_1_741' title='bbox 3102 4208 3266 4277; x_wconf 72' lang='grc' dir='ltr'>πάλη</span> <span class='ocrx_word' id='word_1_742' title='bbox 3310 4209 3458 4279; x_wconf 75' lang='grc' dir='ltr'>πρὸς</span> <span class='ocrx_word' id='word_1_743' title='bbox 3479 4205 3604 4279; x_wconf 74' lang='grc' dir='ltr'>αῖμο</span> <span class='ocrx_word' id='word_1_744' title='bbox 3651 4250 3658 4257; x_wconf 84' lang='grc'><strong><em>-</em></strong></span> 
     </span>
    </p>
   </div>
   <div class='ocr_carea' id='block_1_97' title="bbox 2045 4299 3603 4370">
    <p class='ocr_par' dir='ltr' id='par_1_97' title="bbox 2045 4299 3603 4370">
     <span class='ocr_line' id='line_1_97' title="bbox 2045 4299 3603 4370; baseline 0 -16"><span class='ocrx_word' id='word_1_745' title='bbox 2045 4301 2142 4355; x_wconf 74' lang='grc' dir='ltr'><strong><em>καὶ</em></strong></span> <span class='ocrx_word' id='word_1_746' title='bbox 2172 4299 2389 4369; x_wconf 64' lang='grc' dir='ltr'>σαξρκα,</span> <span class='ocrx_word' id='word_1_747' title='bbox 2418 4299 2580 4356; x_wconf 70' lang='grc' dir='ltr'><strong><em>ἀλλὰ</em></strong></span> <span class='ocrx_word' id='word_1_748' title='bbox 2617 4301 2767 4370; x_wconf 77' lang='grc' dir='ltr'>πρὸς</span> <span class='ocrx_word' id='word_1_749' title='bbox 2804 4301 2911 4366; x_wconf 77' lang='grc' dir='ltr'>τὰς</span> <span class='ocrx_word' id='word_1_750' title='bbox 2934 4299 3125 4370; x_wconf 82' lang='grc' dir='ltr'>ἀρχὰς</span> <span class='ocrx_word' id='word_1_751' title='bbox 3146 4299 3269 4356; x_wconf 74' lang='lat' dir='ltr'><strong><em>-xal</em></strong></span> <span class='ocrx_word' id='word_1_752' title='bbox 3306 4301 3416 4367; x_wconf 82' lang='grc' dir='ltr'>τὰς</span> <span class='ocrx_word' id='word_1_753' title='bbox 3448 4301 3603 4366; x_wconf 77' lang='grc' dir='ltr'>ἐξον-</span> 
     </span>
    </p>
   </div>
   <div class='ocr_carea' id='block_1_98' title="bbox 2044 4391 3605 4462">
    <p class='ocr_par' dir='ltr' id='par_1_98' title="bbox 2044 4391 3605 4462">
     <span class='ocr_line' id='line_1_98' title="bbox 2044 4391 3605 4462; baseline 0.001 -17"><span class='ocrx_word' id='word_1_754' title='bbox 2044 4392 2205 4459; x_wconf 85' lang='grc' dir='ltr'>σίας,</span> <span class='ocrx_word' id='word_1_755' title='bbox 2228 4392 2328 4447; x_wconf 74' lang='grc' dir='ltr'><strong><em>καὶ</em></strong></span> <span class='ocrx_word' id='word_1_756' title='bbox 2363 4391 2509 4459; x_wconf 77' lang='grc' dir='ltr'>τοὺς</span> <span class='ocrx_word' id='word_1_757' title='bbox 2545 4392 3030 4462; x_wconf 75' lang='grc' dir='ltr'>κοσμοκράτορας</span> <span class='ocrx_word' id='word_1_758' title='bbox 3055 4392 3165 4446; x_wconf 84' lang='grc' dir='ltr'>τοῦ</span> <span class='ocrx_word' id='word_1_759' title='bbox 3187 4395 3447 4460; x_wconf 79' lang='grc' dir='ltr'><strong><em>σκότους</em></strong></span> <span class='ocrx_word' id='word_1_760' title='bbox 3487 4393 3605 4447; x_wconf 74' lang='lat' dir='ltr'><strong><em>teti-</em></strong></span> 
     </span>
    </p>
   </div>
   <div class='ocr_carea' id='block_1_99' title="bbox 2045 4477 3602 4553">
    <p class='ocr_par' dir='ltr' id='par_1_99' title="bbox 2045 4477 3602 4553">
     <span class='ocr_line' id='line_1_99' title="bbox 2045 4477 3602 4553; baseline -0.001 -18"><span class='ocrx_word' id='word_1_761' title='bbox 2045 4499 2174 4546; x_wconf 86' lang='grc' dir='ltr'>του,</span> <span class='ocrx_word' id='word_1_762' title='bbox 2200 4482 2301 4537; x_wconf 75' lang='grc' dir='ltr'><strong><em>καὶ</em></strong></span> <span class='ocrx_word' id='word_1_763' title='bbox 2325 4482 2477 4552; x_wconf 80' lang='grc' dir='ltr'>πρὸς</span> <span class='ocrx_word' id='word_1_764' title='bbox 2512 4482 2587 4537; x_wconf 82' lang='grc' dir='ltr'>τὰ</span> <span class='ocrx_word' id='word_1_765' title='bbox 2631 4483 2942 4553; x_wconf 78' lang='grc' dir='ltr'>πνεύματα</span> <span class='ocrx_word' id='word_1_766' title='bbox 2982 4480 3095 4551; x_wconf 83' lang='grc' dir='ltr'>τῆς</span> <span class='ocrx_word' id='word_1_767' title='bbox 3121 4483 3437 4553; x_wconf 72' lang='grc' dir='ltr'>πονηρίας.</span> <span class='ocrx_word' id='word_1_768' title='bbox 3463 4477 3602 4539; x_wconf 77' lang='grc' dir='ltr'><strong>οὗτοι</strong></span> 
     </span>
    </p>
   </div>
   <div class='ocr_carea' id='block_1_100' title="bbox 2044 4572 3605 4643">
    <p class='ocr_par' dir='ltr' id='par_1_100' title="bbox 2044 4572 3605 4643">
     <span class='ocr_line' id='line_1_100' title="bbox 2044 4572 3605 4643; baseline 0.001 -17"><span class='ocrx_word' id='word_1_769' title='bbox 2044 4572 2175 4643; x_wconf 75' lang='grc' dir='ltr'><strong><em>γοῦν</em></strong></span> <span class='ocrx_word' id='word_1_770' title='bbox 2228 4573 2450 4638; x_wconf 79' lang='grc' dir='ltr'>ὲξέκαον</span> <span class='ocrx_word' id='word_1_771' title='bbox 2490 4573 2582 4627; x_wconf 79' lang='grc' dir='ltr'><strong><em>τὸν</em></strong></span> <span class='ocrx_word' id='word_1_772' title='bbox 2631 4573 2805 4628; x_wconf 79' lang='grc' dir='ltr'><strong>Σαοὺλ</strong></span> <span class='ocrx_word' id='word_1_773' title='bbox 2849 4573 2992 4628; x_wconf 81' lang='grc' dir='ltr'>κατά</span> <span class='ocrx_word' id='word_1_774' title='bbox 3034 4572 3129 4628; x_wconf 82' lang='grc' dir='ltr'><strong><em>τοῦ</em></strong></span> <span class='ocrx_word' id='word_1_775' title='bbox 3178 4574 3347 4629; x_wconf 82' lang='grc' dir='ltr'><strong><em>Δαυῖδ</em></strong></span> <span class='ocrx_word' id='word_1_776' title='bbox 3369 4592 3382 4606; x_wconf 93' lang='grc'><strong>·</strong></span> <span class='ocrx_word' id='word_1_777' title='bbox 3436 4575 3512 4630; x_wconf 76' lang='grc' dir='ltr'><strong><em>διὸ</em></strong></span> <span class='ocrx_word' id='word_1_778' title='bbox 3552 4572 3605 4638; x_wconf 66' lang='grc' dir='ltr'>ἐξ</span> 
     </span>
    </p>
   </div>
   <div class='ocr_carea' id='block_1_101' title="bbox 2044 4658 3601 4735">
    <p class='ocr_par' dir='ltr' id='par_1_101' title="bbox 2044 4658 3601 4735">
     <span class='ocr_line' id='line_1_101' title="bbox 2044 4658 3601 4735; baseline -0.001 -20"><span class='ocrx_word' id='word_1_779' title='bbox 2044 4661 2225 4716; x_wconf 84' lang='grc' dir='ltr'>αὐτῶν</span> <span class='ocrx_word' id='word_1_780' title='bbox 2260 4661 2525 4733; x_wconf 80' lang='grc' dir='ltr'><strong><em>ῥυσθῆναι</em></strong></span> <span class='ocrx_word' id='word_1_781' title='bbox 2553 4659 2723 4715; x_wconf 74' lang='grc' dir='ltr'>ἐδεῖτο</span> <span class='ocrx_word' id='word_1_782' title='bbox 2755 4658 2850 4715; x_wconf 80' lang='grc' dir='ltr'><strong><em>τοῦ</em></strong></span> <span class='ocrx_word' id='word_1_783' title='bbox 2889 4658 3047 4715; x_wconf 82' lang='grc' dir='ltr'><strong>Θεοῦ.</strong></span> <span class='ocrx_word' id='word_1_784' title='bbox 3088 4661 3232 4733; x_wconf 82' lang='grc' dir='ltr'><strong><em>Πρὸς</em></strong></span> <span class='ocrx_word' id='word_1_785' title='bbox 3264 4661 3364 4733; x_wconf 79' lang='grc' dir='ltr'><strong><em>μὲν</em></strong></span> <span class='ocrx_word' id='word_1_786' title='bbox 3395 4659 3500 4735; x_wconf 78' lang='grc' dir='ltr'><strong>γὰρ</strong></span> <span class='ocrx_word' id='word_1_787' title='bbox 3525 4660 3601 4713; x_wconf 74' lang='grc' dir='ltr'>τὸν</span> 
     </span>
    </p>
   </div>
   <div class='ocr_carea' id='block_1_102' title="bbox 2044 4750 3599 4825">
    <p class='ocr_par' dir='ltr' id='par_1_102' title="bbox 2044 4750 3599 4825">
     <span class='ocr_line' id='line_1_102' title="bbox 2044 4750 3599 4825; baseline 0.001 -20"><span class='ocrx_word' id='word_1_788' title='bbox 2044 4750 2259 4818; x_wconf 63' lang='lat' dir='ltr'><strong><em>ramo,</em></strong></span> <span class='ocrx_word' id='word_1_789' title='bbox 2291 4753 2387 4807; x_wconf 82' lang='grc' dir='ltr'><strong><em>καὶ</em></strong></span> <span class='ocrx_word' id='word_1_790' title='bbox 2426 4753 2564 4825; x_wconf 83' lang='grc' dir='ltr'>πρὸς</span> <span class='ocrx_word' id='word_1_791' title='bbox 2595 4754 2721 4819; x_wconf 80' lang='grc' dir='ltr'>τοὺς</span> <span class='ocrx_word' id='word_1_792' title='bbox 2774 4753 2994 4817; x_wconf 82' lang='grc' dir='ltr'><strong>λοιποὺς</strong></span> <span class='ocrx_word' id='word_1_793' title='bbox 3019 4751 3350 4824; x_wconf 79' lang='grc' dir='ltr'><strong>ἀλλοφύλους</strong></span> <span class='ocrx_word' id='word_1_794' title='bbox 3385 4753 3599 4824; x_wconf 59' lang='lat' dir='ltr'><strong><em>iamiam</em></strong></span> 
     </span>
    </p>
   </div>
   <div class='ocr_carea' id='block_1_103' title="bbox 2044 4843 3598 4917">
    <p class='ocr_par' dir='ltr' id='par_1_103' title="bbox 2044 4843 3598 4917">
     <span class='ocr_line' id='line_1_103' title="bbox 2044 4843 3598 4917; baseline -0.004 -19"><span class='ocrx_word' id='word_1_795' title='bbox 2044 4844 2207 4909; x_wconf 80' lang='grc' dir='ltr'>αὐτὸς</span> <span class='ocrx_word' id='word_1_796' title='bbox 2238 4845 2557 4917; x_wconf 76' lang='grc' dir='ltr'>ἱστάμενος,</span> <span class='ocrx_word' id='word_1_797' title='bbox 2584 4846 2680 4899; x_wconf 77' lang='grc' dir='ltr'><strong><em>καὶ</em></strong></span> <span class='ocrx_word' id='word_1_798' title='bbox 2721 4844 2958 4917; x_wconf 84' lang='grc' dir='ltr'><strong>πολέμου</strong></span> <span class='ocrx_word' id='word_1_799' title='bbox 2992 4844 3143 4915; x_wconf 80' lang='grc' dir='ltr'>νόμῳ</span> <span class='ocrx_word' id='word_1_800' title='bbox 3182 4846 3300 4908; x_wconf 78' lang='grc' dir='ltr'>τοῖς</span> <span class='ocrx_word' id='word_1_801' title='bbox 3326 4845 3486 4901; x_wconf 72' lang='grc' dir='ltr'>πᾶσιν</span> <span class='ocrx_word' id='word_1_802' title='bbox 3516 4843 3598 4895; x_wconf 66' lang='grc' dir='ltr'><strong><em>ἐπα</em></strong></span> 
     </span>
    </p>
   </div>
   <div class='ocr_carea' id='block_1_104' title="bbox 2043 4930 3600 5009">
    <p class='ocr_par' dir='ltr' id='par_1_104' title="bbox 2043 4930 3600 5009">
     <span class='ocr_line' id='line_1_104' title="bbox 2043 4930 3600 5009; baseline -0.001 -20"><span class='ocrx_word' id='word_1_803' title='bbox 2043 4934 2201 5000; x_wconf 77' lang='grc' dir='ltr'>εξιὼν</span> <span class='ocrx_word' id='word_1_804' title='bbox 2224 4952 2238 4967; x_wconf 72' lang='grc' dir='ltr'>σ</span> <span class='ocrx_word' id='word_1_805' title='bbox 2273 4936 2410 5009; x_wconf 86' lang='grc' dir='ltr'>πρὸς</span> <span class='ocrx_word' id='word_1_806' title='bbox 2432 4936 2490 4990; x_wconf 83' lang='grc' dir='ltr'>δὲ</span> <span class='ocrx_word' id='word_1_807' title='bbox 2513 4935 2614 5000; x_wconf 89' lang='grc' dir='ltr'><strong><em>τάς</em></strong></span> <span class='ocrx_word' id='word_1_808' title='bbox 2648 4936 2875 5005; x_wconf 84' lang='grc' dir='ltr'>ἀφανεῖς</span> <span class='ocrx_word' id='word_1_809' title='bbox 2902 4935 3157 5006; x_wconf 82' lang='grc' dir='ltr'>δυνάμεις</span> <span class='ocrx_word' id='word_1_810' title='bbox 3192 4934 3288 4990; x_wconf 77' lang='grc' dir='ltr'><strong><em>καὶ</em></strong></span> <span class='ocrx_word' id='word_1_811' title='bbox 3317 4935 3441 4998; x_wconf 77' lang='grc' dir='ltr'>τοὺς</span> <span class='ocrx_word' id='word_1_812' title='bbox 3457 4930 3600 5003; x_wconf 75' lang='grc' dir='ltr'>ἀοράο</span> 
     </span>
    </p>
   </div>
   <div class='ocr_carea' id='block_1_105' title="bbox 353 5022 1941 5099">
    <p class='ocr_par' dir='ltr' id='par_1_105' title="bbox 353 5022 1941 5097">
     <span class='ocr_line' id='line_1_105' title="bbox 353 5022 1941 5097; baseline 0.005 -28"><span class='ocrx_word' id='word_1_813' title='bbox 353 5024 491 5071; x_wconf 69' lang='grc' dir='ltr'>ναίω</span> <span class='ocrx_word' id='word_1_814' title='bbox 523 5026 646 5071; x_wconf 78' lang='lat' dir='ltr'><strong><em>sunt</em></strong></span> <span class='ocrx_word' id='word_1_815' title='bbox 696 5034 853 5087; x_wconf 89' lang='lat' dir='ltr'><strong><em>super</em></strong></span> <span class='ocrx_word' id='word_1_816' title='bbox 902 5037 1006 5097; x_wconf 79' lang='lat' dir='ltr'><strong><em>me.</em></strong></span> <span class='ocrx_word' id='word_1_817' title='bbox 1058 5022 1388 5078; x_wconf 87' lang='lat' dir='ltr'><strong><em>Putrueruut</em></strong></span> <span class='ocrx_word' id='word_1_818' title='bbox 1425 5036 1475 5079; x_wconf 84' lang='lat' dir='ltr'><strong><em>et</em></strong></span> <span class='ocrx_word' id='word_1_819' title='bbox 1522 5033 1787 5094; x_wconf 82' lang='lat' dir='ltr'><strong><em>corrupta:</em></strong></span> <span class='ocrx_word' id='word_1_820' title='bbox 1818 5034 1941 5079; x_wconf 84' lang='lat' dir='ltr'><strong><em>sunt</em></strong></span> 
     </span>
    </p>
   </div>
   <div class='ocr_carea' id='block_1_106' title="bbox 2046 5022 3595 5099">
    <p class='ocr_par' dir='ltr' id='par_1_106' title="bbox 2046 5022 3595 5099">
     <span class='ocr_line' id='line_1_106' title="bbox 2046 5022 3595 5099; baseline -0.003 -20"><span class='ocrx_word' id='word_1_821' title='bbox 2046 5044 2166 5091; x_wconf 86' lang='grc' dir='ltr'>τους</span> <span class='ocrx_word' id='word_1_822' title='bbox 2203 5026 2432 5098; x_wconf 76' lang='grc' dir='ltr'><strong>ἐχθροὺς</strong></span> <span class='ocrx_word' id='word_1_823' title='bbox 2464 5026 2596 5080; x_wconf 79' lang='grc' dir='ltr'><strong>Θεὸν</strong></span> <span class='ocrx_word' id='word_1_824' title='bbox 2628 5024 2949 5099; x_wconf 72' lang='grc' dir='ltr'>ὑπερμαχον</span> <span class='ocrx_word' id='word_1_825' title='bbox 2974 5024 3129 5096; x_wconf 71' lang='grc' dir='ltr'><strong>ἠξίου</strong></span> <span class='ocrx_word' id='word_1_826' title='bbox 3163 5024 3316 5096; x_wconf 83' lang='grc' dir='ltr'><strong><em>αὐτῷ</em></strong></span> <span class='ocrx_word' id='word_1_827' title='bbox 3349 5022 3595 5094; x_wconf 78' lang='grc' dir='ltr'><strong>γενέσθαι.</strong></span> 
     </span>
    </p>
   </div>
   <div class='ocr_carea' id='block_1_107' title="bbox 354 5105 1943 5183">
    <p class='ocr_par' dir='ltr' id='par_1_107' title="bbox 354 5105 1943 5183">
     <span class='ocr_line' id='line_1_107' title="bbox 354 5105 1943 5183; baseline 0.008 -27"><span class='ocrx_word' id='word_1_828' title='bbox 354 5105 629 5163; x_wconf 76' lang='lat' dir='ltr'><strong><em>cicatrices</em></strong></span> <span class='ocrx_word' id='word_1_829' title='bbox 660 5125 787 5164; x_wconf 68' lang='lat' dir='ltr'><strong><em>mea</em></strong></span> <span class='ocrx_word' id='word_1_830' title='bbox 834 5126 869 5164; x_wconf 90' lang='lat' dir='ltr'><strong><em>a</em></strong></span> <span class='ocrx_word' id='word_1_831' title='bbox 906 5111 1044 5181; x_wconf 78' lang='lat' dir='ltr'><strong><em>[acie</em></strong></span> <span class='ocrx_word' id='word_1_832' title='bbox 1084 5114 1405 5183; x_wconf 76' lang='lat' dir='ltr'><strong><em>insipientia:</em></strong></span> <span class='ocrx_word' id='word_1_833' title='bbox 1438 5131 1567 5169; x_wconf 60' lang='lat' dir='ltr'><strong><em>mea!</em></strong></span> <span class='ocrx_word' id='word_1_834' title='bbox 1599 5117 1668 5171; x_wconf 79' lang='grc'><strong><em>⁷³.</em></strong></span> <span class='ocrx_word' id='word_1_835' title='bbox 1715 5113 1839 5170; x_wconf 66' lang='lat' dir='ltr'><strong><em>Haec</em></strong></span> <span class='ocrx_word' id='word_1_836' title='bbox 1886 5124 1943 5170; x_wconf 88' lang='lat' dir='ltr'><strong><em>et</em></strong></span> 
     </span>
    </p>
   </div>
   <div class='ocr_carea' id='block_1_108' title="bbox 357 5193 1941 5275">
    <p class='ocr_par' dir='ltr' id='par_1_108' title="bbox 357 5193 1941 5275">
     <span class='ocr_line' id='line_1_108' title="bbox 357 5193 1941 5275; baseline 0.009 -28"><span class='ocrx_word' id='word_1_837' title='bbox 357 5193 444 5250; x_wconf 87' lang='lat' dir='ltr'><strong><em>his</em></strong></span> <span class='ocrx_word' id='word_1_838' title='bbox 482 5199 683 5259; x_wconf 78' lang='lat' dir='ltr'><strong><em>similia</em></strong></span> <span class='ocrx_word' id='word_1_839' title='bbox 713 5201 767 5255; x_wconf 91' lang='lat' dir='ltr'><strong><em>in</em></strong></span> <span class='ocrx_word' id='word_1_840' title='bbox 797 5198 1236 5271; x_wconf 65' lang='lat' dir='ltr'><strong><em>praecedentibus</em></strong></span> <span class='ocrx_word' id='word_1_841' title='bbox 1265 5204 1667 5271; x_wconf 80' lang='lat' dir='ltr'><strong><em>conﬁtebatur;</em></strong></span> <span class='ocrx_word' id='word_1_842' title='bbox 1714 5205 1770 5260; x_wconf 89' lang='lat' dir='ltr'><strong><em>in</em></strong></span> <span class='ocrx_word' id='word_1_843' title='bbox 1804 5220 1941 5275; x_wconf 70' lang='lat' dir='ltr'><strong><em>pm-</em></strong></span> 
     </span>
    </p>
   </div>
   <div class='ocr_carea' id='block_1_109' title="bbox 356 5283 1941 5366">
    <p class='ocr_par' dir='ltr' id='par_1_109' title="bbox 356 5283 1941 5366">
     <span class='ocr_line' id='line_1_109' title="bbox 356 5283 1941 5366; baseline 0.009 -31"><span class='ocrx_word' id='word_1_844' title='bbox 356 5283 499 5336; x_wconf 72' lang='grc' dir='ltr'><strong>δοσιιὶ</strong></span> <span class='ocrx_word' id='word_1_845' title='bbox 551 5301 681 5341; x_wconf 89' lang='lat' dir='ltr'><strong><em>vero</em></strong></span> <span class='ocrx_word' id='word_1_846' title='bbox 731 5290 808 5343; x_wconf 83' lang='lat' dir='ltr'><strong><em>ait</em></strong></span> <span class='ocrx_word' id='word_1_847' title='bbox 836 5309 849 5344; x_wconf 92' lang='lat'>:</span> <span class='ocrx_word' id='word_1_848' title='bbox 885 5289 1068 5362; x_wconf 80' lang='lat' dir='ltr'><strong><em>Neque</em></strong></span> <span class='ocrx_word' id='word_1_849' title='bbox 1098 5294 1354 5363; x_wconf 85' lang='lat' dir='ltr'><strong><em>iniquitas</em></strong></span> <span class='ocrx_word' id='word_1_850' title='bbox 1388 5312 1525 5359; x_wconf 85' lang='lat' dir='ltr'><strong><em>mea,</em></strong></span> <span class='ocrx_word' id='word_1_851' title='bbox 1557 5311 1719 5366; x_wconf 82' lang='lat' dir='ltr'><strong><em>neque</em></strong></span> <span class='ocrx_word' id='word_1_852' title='bbox 1757 5309 1941 5364; x_wconf 85' lang='lat' dir='ltr'><strong><em>pecca-</em></strong></span> 
     </span>
    </p>
   </div>
   <div class='ocr_carea' id='block_1_110' title="bbox 353 5379 1933 5456">
    <p class='ocr_par' dir='ltr' id='par_1_110' title="bbox 353 5379 1933 5456">
     <span class='ocr_line' id='line_1_110' title="bbox 353 5379 1933 5456; baseline 0.011 -31"><span class='ocrx_word' id='word_1_853' title='bbox 353 5380 470 5426; x_wconf 81' lang='lat' dir='ltr'><strong><em>tum</em></strong></span> <span class='ocrx_word' id='word_1_854' title='bbox 498 5391 692 5441; x_wconf 82' lang='lat' dir='ltr'><strong><em>meum,</em></strong></span> <span class='ocrx_word' id='word_1_855' title='bbox 723 5379 966 5447; x_wconf 87' lang='lat' dir='ltr'><strong><em>Domine,</em></strong></span> <span class='ocrx_word' id='word_1_856' title='bbox 993 5385 1106 5440; x_wconf 87' lang='lat' dir='ltr'><strong><em>sine</em></strong></span> <span class='ocrx_word' id='word_1_857' title='bbox 1126 5385 1406 5456; x_wconf 79' lang='lat' dir='ltr'><strong><em>iniquitate</em></strong></span> <span class='ocrx_word' id='word_1_858' title='bbox 1428 5389 1639 5441; x_wconf 85' lang='lat' dir='ltr'><strong><em>cucurri</em></strong></span> <span class='ocrx_word' id='word_1_859' title='bbox 1659 5397 1711 5440; x_wconf 86' lang='lat' dir='ltr'><strong><em>et</em></strong></span> <span class='ocrx_word' id='word_1_860' title='bbox 1739 5386 1933 5442; x_wconf 71' lang='lat' dir='ltr'><strong><em>direxi.</em></strong></span> 
     </span>
    </p>
   </div>
   <div class='ocr_carea' id='block_1_111' title="bbox 2043 5114 3595 5192">
    <p class='ocr_par' dir='ltr' id='par_1_111' title="bbox 2043 5114 3595 5192">
     <span class='ocr_line' id='line_1_111' title="bbox 2043 5114 3595 5192; baseline -0.005 -19"><span class='ocrx_word' id='word_1_861' title='bbox 2043 5121 2165 5173; x_wconf 87' lang='grc' dir='ltr'><strong><em>Ὅτι</em></strong></span> <span class='ocrx_word' id='word_1_862' title='bbox 2191 5118 2265 5181; x_wconf 82' lang='grc' dir='ltr'><strong><em>δὲ¹</em></strong></span> <span class='ocrx_word' id='word_1_863' title='bbox 2300 5117 2468 5192; x_wconf 80' lang='grc' dir='ltr'>μηδὲν</span> <span class='ocrx_word' id='word_1_864' title='bbox 2502 5118 2771 5190; x_wconf 83' lang='grc' dir='ltr'>ἀδικήσας</span> <span class='ocrx_word' id='word_1_865' title='bbox 2795 5119 2888 5173; x_wconf 81' lang='grc' dir='ltr'><strong><em>τὸν</em></strong></span> <span class='ocrx_word' id='word_1_866' title='bbox 2923 5117 3129 5181; x_wconf 79' lang='grc' dir='ltr'><strong>Σαοὺλ,</strong></span> <span class='ocrx_word' id='word_1_867' title='bbox 3158 5116 3337 5189; x_wconf 80' lang='grc' dir='ltr'>μάτην</span> <span class='ocrx_word' id='word_1_868' title='bbox 3363 5114 3595 5186; x_wconf 69' lang='grc' dir='ltr'><strong>ἠλαύνετο</strong></span> 
     </span>
    </p>
   </div>
   <div class='ocr_carea' id='block_1_112' title="bbox 2040 5204 3592 5281">
    <p class='ocr_par' dir='ltr' id='par_1_112' title="bbox 2040 5204 3592 5281">
     <span class='ocr_line' id='line_1_112' title="bbox 2040 5204 3592 5281; baseline -0.003 -18"><span class='ocrx_word' id='word_1_869' title='bbox 2040 5210 2134 5263; x_wconf 71' lang='grc' dir='ltr'><strong><em>ὑπ’</em></strong></span> <span class='ocrx_word' id='word_1_870' title='bbox 2164 5208 2355 5275; x_wconf 80' lang='grc' dir='ltr'>αὐτοῦ,</span> <span class='ocrx_word' id='word_1_871' title='bbox 2386 5208 2684 5280; x_wconf 81' lang='grc' dir='ltr'>παρίστησι</span> <span class='ocrx_word' id='word_1_872' title='bbox 2717 5209 2816 5280; x_wconf 82' lang='grc' dir='ltr'>μὲν</span> <span class='ocrx_word' id='word_1_873' title='bbox 2845 5210 2878 5280; x_wconf 78' lang='grc' dir='ltr'>ἠ</span> <span class='ocrx_word' id='word_1_874' title='bbox 2912 5208 3144 5281; x_wconf 74' lang='grc' dir='ltr'>ἱστορία,</span> <span class='ocrx_word' id='word_1_875' title='bbox 3172 5208 3423 5280; x_wconf 77' lang='grc' dir='ltr'>ἐμφαίνει</span> <span class='ocrx_word' id='word_1_876' title='bbox 3445 5204 3592 5261; x_wconf 73' lang='grc' dir='ltr'>δὲκαὶ</span> 
     </span>
    </p>
   </div>
   <div class='ocr_carea' id='block_1_113' title="bbox 2038 5293 3588 5370">
    <p class='ocr_par' dir='ltr' id='par_1_113' title="bbox 2038 5293 3588 5370">
     <span class='ocr_line' id='line_1_113' title="bbox 2038 5293 3588 5370; baseline 0.003 -16"><span class='ocrx_word' id='word_1_877' title='bbox 2038 5301 2200 5365; x_wconf 75' lang='grc' dir='ltr'><strong>αυτὸς</strong></span> <span class='ocrx_word' id='word_1_878' title='bbox 2228 5296 2371 5370; x_wconf 59' lang='lat' dir='ltr'><strong><em>ea;</em></strong></span> <span class='ocrx_word' id='word_1_879' title='bbox 2423 5299 2597 5369; x_wconf 79' lang='grc' dir='ltr'><strong>λέγων</strong></span> <span class='ocrx_word' id='word_1_880' title='bbox 2616 5316 2630 5331; x_wconf 73' lang='grc' dir='ltr'>ο</span> <span class='ocrx_word' id='word_1_881' title='bbox 2693 5300 2843 5355; x_wconf 81' lang='grc' dir='ltr'><strong><em>οὔτε</em></strong></span> <span class='ocrx_word' id='word_1_882' title='bbox 2875 5302 2910 5368; x_wconf 75' lang='grc' dir='ltr'><strong><em>ἠ</em></strong></span> <span class='ocrx_word' id='word_1_883' title='bbox 2950 5300 3169 5369; x_wconf 79' lang='grc' dir='ltr'>ἀνομία</span> <span class='ocrx_word' id='word_1_884' title='bbox 3203 5316 3327 5369; x_wconf 84' lang='grc' dir='ltr'>μου</span> <span class='ocrx_word' id='word_1_885' title='bbox 3348 5339 3365 5365; x_wconf 86' lang='grc'><strong><em>,</em></strong></span> <span class='ocrx_word' id='word_1_886' title='bbox 3401 5298 3524 5353; x_wconf 75' lang='grc' dir='ltr'>οὔτε</span> <span class='ocrx_word' id='word_1_887' title='bbox 3560 5293 3588 5359; x_wconf 62' lang='grc' dir='ltr'><em>ἡ</em></span> 
     </span>
    </p>
   </div>
   <div class='ocr_carea' id='block_1_114' title="bbox 2037 5383 3586 5469">
    <p class='ocr_par' dir='ltr' id='par_1_114' title="bbox 2037 5383 3586 5469">
     <span class='ocr_line' id='line_1_114' title="bbox 2037 5383 3586 5469; baseline -0.005 -25"><span class='ocrx_word' id='word_1_888' title='bbox 2037 5390 2293 5460; x_wconf 73' lang='grc' dir='ltr'>ἁμαρτία</span> <span class='ocrx_word' id='word_1_889' title='bbox 2330 5407 2450 5460; x_wconf 89' lang='grc' dir='ltr'>μου</span> <span class='ocrx_word' id='word_1_890' title='bbox 2469 5406 2482 5421; x_wconf 82' lang='grc'><em>’</em></span> <span class='ocrx_word' id='word_1_891' title='bbox 2525 5389 2671 5445; x_wconf 77' lang='grc' dir='ltr'><strong>ἄνευ</strong></span> <span class='ocrx_word' id='word_1_892' title='bbox 2698 5390 2949 5460; x_wconf 78' lang='grc' dir='ltr'>ἀνομίας</span> <span class='ocrx_word' id='word_1_893' title='bbox 2979 5389 3240 5469; x_wconf 71' lang='grc' dir='ltr'>ἔδραμον</span> <span class='ocrx_word' id='word_1_894' title='bbox 3262 5389 3361 5443; x_wconf 72' lang='grc' dir='ltr'><strong><em>καὶ</em></strong></span> <span class='ocrx_word' id='word_1_895' title='bbox 3401 5383 3586 5450; x_wconf 79' lang='grc' dir='ltr'>κατηύ-</span> 
     </span>
    </p>
   </div>
   <div class='ocr_carea' id='block_1_115' title="bbox 351 5459 1941 5555">
    <p class='ocr_par' dir='ltr' id='par_1_115' title="bbox 351 5459 1937 5555">
     <span class='ocr_line' id='line_1_115' title="bbox 351 5459 1937 5555; baseline 0.009 -36"><span class='ocrx_word' id='word_1_896' title='bbox 351 5459 593 5520; x_wconf 80' lang='lat' dir='ltr'><strong><em>Cursum</em></strong></span> <span class='ocrx_word' id='word_1_897' title='bbox 624 5483 824 5540; x_wconf 82' lang='lat' dir='ltr'><strong><em>porro,</em></strong></span> <span class='ocrx_word' id='word_1_898' title='bbox 857 5490 1020 5544; x_wconf 89' lang='lat' dir='ltr'><strong><em>quem</em></strong></span> <span class='ocrx_word' id='word_1_899' title='bbox 1055 5475 1225 5533; x_wconf 86' lang='lat' dir='ltr'><strong><em>David</em></strong></span> <span class='ocrx_word' id='word_1_900' title='bbox 1277 5479 1505 5555; x_wconf 83' lang='lat' dir='ltr'><strong><em>agebat,</em></strong></span> <span class='ocrx_word' id='word_1_901' title='bbox 1545 5478 1852 5550; x_wconf 86' lang='lat' dir='ltr'><strong><em>intelliges,</em></strong></span> <span class='ocrx_word' id='word_1_902' title='bbox 1889 5478 1937 5533; x_wconf 89' lang='lat' dir='ltr'><strong><em>si</em></strong></span> 
     </span>
    </p>
   </div>
   <div class='ocr_carea' id='block_1_116' title="bbox 2046 5459 3583 5555">
    <p class='ocr_par' dir='ltr' id='par_1_116' title="bbox 2046 5459 3583 5551">
     <span class='ocr_line' id='line_1_116' title="bbox 2046 5459 3583 5551; baseline -0.005 -16"><span class='ocrx_word' id='word_1_903' title='bbox 2046 5483 2216 5536; x_wconf 84' lang='grc' dir='ltr'><strong>θυνα.</strong></span> <span class='ocrx_word' id='word_1_904' title='bbox 2269 5459 2413 5535; x_wconf 58' lang='lat' dir='ltr'><strong><em>nm</em></strong></span> <span class='ocrx_word' id='word_1_905' title='bbox 2450 5481 2508 5535; x_wconf 69' lang='grc' dir='ltr'>δὲ</span> <span class='ocrx_word' id='word_1_906' title='bbox 2554 5480 2680 5545; x_wconf 78' lang='grc' dir='ltr'>τοῦ,</span> <span class='ocrx_word' id='word_1_907' title='bbox 2734 5459 2882 5535; x_wconf 73' lang='grc' dir='ltr'><strong><em>ἄνευ</em></strong></span> <span class='ocrx_word' id='word_1_908' title='bbox 2929 5459 3182 5549; x_wconf 79' lang='grc' dir='ltr'>ἀνομίας</span> <span class='ocrx_word' id='word_1_909' title='bbox 3221 5480 3470 5551; x_wconf 65' lang='grc' dir='ltr'>ἔδραμον</span> <span class='ocrx_word' id='word_1_910' title='bbox 3503 5471 3583 5528; x_wconf 72' lang='grc' dir='ltr'><strong><em>καὶ</em></strong></span> 
     </span>
    </p>
   </div>
   <div class='ocr_carea' id='block_1_117' title="bbox 354 5557 1999 5640">
    <p class='ocr_par' dir='ltr' id='par_1_117' title="bbox 354 5557 1999 5640">
     <span class='ocr_line' id='line_1_117' title="bbox 354 5557 1999 5640; baseline 0.01 -32"><span class='ocrx_word' id='word_1_911' title='bbox 354 5557 711 5626; x_wconf 74' lang='lat' dir='ltr'><strong><em>apostolicam</em></strong></span> <span class='ocrx_word' id='word_1_912' title='bbox 765 5562 917 5620; x_wconf 88' lang='lat' dir='ltr'><strong><em>illam</em></strong></span> <span class='ocrx_word' id='word_1_913' title='bbox 971 5581 1158 5624; x_wconf 84' lang='lat' dir='ltr'><strong><em>vocem</em></strong></span> <span class='ocrx_word' id='word_1_914' title='bbox 1202 5582 1486 5640; x_wconf 81' lang='lat' dir='ltr'><strong><em>apponas:</em></strong></span> <span class='ocrx_word' id='word_1_915' title='bbox 1522 5569 1730 5624; x_wconf 88' lang='lat' dir='ltr'><strong><em>Bonum</em></strong></span> <span class='ocrx_word' id='word_1_916' title='bbox 1766 5580 1940 5623; x_wconf 85' lang='lat' dir='ltr'><strong><em>certa-</em></strong></span> <span class='ocrx_word' id='word_1_917' title='bbox 1979 5621 1999 5632; x_wconf 89' lang='lat'>_</span> 
     </span>
    </p>
   </div>
   <div class='ocr_carea' id='block_1_118' title="bbox 2043 5566 3579 5647">
    <p class='ocr_par' dir='ltr' id='par_1_118' title="bbox 2043 5566 3579 5647">
     <span class='ocr_line' id='line_1_118' title="bbox 2043 5566 3579 5647; baseline -0.004 -25"><span class='ocrx_word' id='word_1_918' title='bbox 2043 5570 2410 5638; x_wconf 65' lang='lat' dir='ltr'><strong><em>admotione,</em></strong></span> <span class='ocrx_word' id='word_1_919' title='bbox 2435 5571 2464 5623; x_wconf 81' lang='grc' dir='ltr'><strong>ὀ</strong></span> <span class='ocrx_word' id='word_1_920' title='bbox 2504 5569 2819 5647; x_wconf 82' lang='grc' dir='ltr'><strong>Σύμμαχος,</strong></span> <span class='ocrx_word' id='word_1_921' title='bbox 2840 5568 2927 5639; x_wconf 75' lang='grc' dir='ltr'>μὴ</span> <span class='ocrx_word' id='word_1_922' title='bbox 2975 5569 3186 5639; x_wconf 78' lang='grc' dir='ltr'>οὔσης,</span> <span class='ocrx_word' id='word_1_923' title='bbox 3223 5568 3404 5641; x_wconf 78' lang='grc' dir='ltr'>φησὶν,</span> <span class='ocrx_word' id='word_1_924' title='bbox 3427 5566 3579 5635; x_wconf 75' lang='grc' dir='ltr'>ἁμαρο</span> 
     </span>
    </p>
   </div>
   <div class='ocr_carea' id='block_1_119' title="bbox 427 5728 1941 5821">
    <p class='ocr_par' dir='ltr' id='par_1_119' title="bbox 427 5728 1935 5821">
     <span class='ocr_line' id='line_1_119' title="bbox 427 5728 1935 5821; baseline 0.008 -36"><span class='ocrx_word' id='word_1_925' title='bbox 427 5729 474 5763; x_wconf 79' lang='grc'>’⁸</span> <span class='ocrx_word' id='word_1_926' title='bbox 512 5728 656 5789; x_wconf 76' lang='lat' dir='ltr'><strong><em>l‘sal.</em></strong></span> <span class='ocrx_word' id='word_1_927' title='bbox 694 5748 803 5802; x_wconf 80' lang='grc' dir='ltr'><strong>ιιν,</strong></span> <span class='ocrx_word' id='word_1_928' title='bbox 835 5736 923 5791; x_wconf 65' lang='lat' dir='ltr'><strong><em>2i.</em></strong></span> <span class='ocrx_word' id='word_1_929' title='bbox 970 5740 1041 5821; x_wconf 36' lang='grc' dir='ltr'><strong><em>’τί</em></strong></span> <span class='ocrx_word' id='word_1_930' title='bbox 1084 5738 1279 5810; x_wconf 77' lang='lat' dir='ltr'><strong><em>prcs.</em></strong></span> <span class='ocrx_word' id='word_1_931' title='bbox 1317 5756 1398 5807; x_wconf 75' lang='grc' dir='ltr'><strong><em>γι,</em></strong></span> <span class='ocrx_word' id='word_1_932' title='bbox 1440 5741 1523 5796; x_wconf 78' lang='grc'><strong><em>12.</em></strong></span> <span class='ocrx_word' id='word_1_933' title='bbox 1578 5745 1644 5821; x_wconf 8' lang='grc'><strong><em>7⁷³</em></strong></span> <span class='ocrx_word' id='word_1_934' title='bbox 1684 5740 1831 5797; x_wconf 78' lang='lat' dir='ltr'><strong><em>Psal.</em></strong></span> <span class='ocrx_word' id='word_1_935' title='bbox 1866 5758 1935 5797; x_wconf 74' lang='lat' dir='ltr'><strong><em>xx</em></strong></span> 
     </span>
    </p>
   </div>
   <div class='ocr_carea' id='block_1_120' title="bbox 2046 5728 2269 5821">
    <p class='ocr_par' dir='ltr' id='par_1_120' title="bbox 2046 5742 2269 5810">
     <span class='ocr_line' id='line_1_120' title="bbox 2046 5742 2269 5810; baseline 0 -14"><span class='ocrx_word' id='word_1_936' title='bbox 2046 5742 2174 5810; x_wconf 79' lang='grc' dir='ltr'>ι,5,</span> <span class='ocrx_word' id='word_1_937' title='bbox 2217 5743 2269 5797; x_wconf 83' lang='grc'><strong>6.</strong></span> 
     </span>
    </p>
   </div>
  </div>
