3808 6280
194 349 310 410 531
1345 351 1539 412 (OM)!
1550 352 1847 408 ENTARl-.\
1888 355 1954 409 ΞΝ
1994 353 2334 414 PSALMOS.
3363 367 3470 423 558

190 470 362 536 τίας,
409 467 853 536 ἐπιτρέχουσιν,
884 467 982 521 ινα
1017 467 1328 522 ἐλκύσωσί
1363 485 1462 538 με.
1509 468 1694 538 Madet:

1969 485 2014 521 ιη
2045 470 2242 524 certari
2265 510 2280 533 ,
2317 486 2532 525 cursum
2563 475 2943 542 consummavi,
2973 475 3358 546 [idem'smari
3381 494 3397 531 :
3421 481 3473 534 in

191 560 316 630 γὰρ
367 562 695 629 προφάσεως
734 558 1136 629 ὑποκειμένης,
1196 558 1434 612 τοσαῦτα
1476 561 1597 614 κατ’
1631 559 1695 612 αὑ

1670 558 1798 612 ὑτοῦ
1906 561 2108 631 reliquo
2138 565 2366 632 reposita
2385 573 2464 618 est
2485 564 2610 617 mihi
2642 581 2835 620 corona
2847 567 3075 636 justitiaz
3103 571 3172 626 ".

189 650 518 721 ἐνεχείρουν
557 653 605 703 oi
645 649 993 721 δηλωθέντες.
1023 651 1131 704 Καὶ
1173 649 1269 703 θέα
1302 651 1425 703 τίνα
1461 652 1660 721 τρόπον
1699 652 1792 703 ἐπὶ
1835 653 1933 722 μὲν
1961 657 2073 718 τοῖς
2137 656 2520 727 προκειμένοις
2550 659 2862 730 παρρησίαν
2885 659 3032 727 ἄγων
3064 666 3092 716 ὁ
3125 663 3288 718 Δαυῒδ
3349 664 3476 733 φαί-

190 758 392 794 νεταιο
436 744 494 795 ἐν
524 741 580 794 δὲ
614 741 692 812 τῷ
735 741 937 813 πρώτῳ
1001 741 1153 813 μέρει
1195 741 1304 795 τῶν
1326 741 1572 811 Ψαλμῶν
1607 743 1790 811 ἔλεγεν
1811 762 1822 774 ·
1868 747 1997 800 Ὀτι
2024 751 2081 801 αἱ
2111 749 2348 817 ἀνομίαι
2367 766 2486 817 μου
2547 750 2857 819 ὐπερῆραν
2881 753 2994 821 τὴν
3029 756 3304 824 κεφαλήν
3332 773 3472 826 μου,

185 832 353 884 ὡσεὶ
393 833 641 902 φορτίον
670 833 832 900 ,ϐαρὺ
866 834 1284 902 ἐϐαρύνθησαν
1318 835 1410 887 ἐπ’
1448 835 1571 904 ἐμέ.
1610 835 2001 905 Προσώζεσαν
2042 841 2138 894 καὶ
2179 841 2505 910 ἐσάπησαν
2544 846 2599 897 ot
2639 844 2928 913 μὼιιωπές
2981 853 3100 916 μου
3139 848 3255 901 ἀπὸ
3291 865 3473 916 apocr-

186 925 375 978 ώπου
416 923 528 992 τῆς
588 925 942 993 ἀφροσύνης
964 942 1104 994 μου.
1149 924 1334 979 Ταῦτα
1380 927 1475 979 καὶ
1530 927 1604 981 τὰ
1632 929 1842 992 τούτοις
1881 931 2233 1004 παραπλήσια
2289 934 2680 1004 ἐξωμολογεῖτο
2716 936 2803 990 διὰ
2854 938 2962 990 τῶν
2994 938 3333 1009 ἔμπροσθεν·
3386 941 3474 992 ἐπὶ

187 1016 251 1067 δέ
299 1015 404 1068 τοῦ
438 1015 701 1087 παρόντος
733 1017 928 1085 φησίν·
971 1016 1118 1071 Οὔτε
1151 1019 1189 1086 ἠ
1221 1019 1439 1087 ἀνομία
1465 1038 1606 1088 μου,
1641 1022 1780 1075 οὔτε
1816 1023 1854 1090 ὴ
1892 1024 2146 1092 ἁμαρτία
2181 1043 2324 1094 μου,
2363 1029 2558 1095 Κύριε,
2592 1029 2738 1082 ἄνευ
2763 1030 3013 1098 ἀνομίας
3059 1030 3317 1099 ἔδραμον
3377 1030 3475 1084 καί

189 1111 581 1174 scandamus.
640 1110 871 1180 Νοήσεις
897 1111 952 1164 δὲ
983 1111 1072 1163 τὸν
1096 1109 1312 1181 δρόμον.
1339 1111 1397 1164 ὃν
1433 1111 1618 1182 ἔτρεχε
1649 1113 1830 1177 Δαυῒδ,
1871 1115 2136 1186 παραθεὶς
2171 1117 2270 1188 τὴν
2301 1119 2666 1191 άποστολικὴν
2697 1122 2881 1192 φωνὴν
2917 1121 2983 1175 δι’
3009 1118 3078 1193 ἦς
3116 1121 3298 1189 ἐλεγε-
3365 1125 3408 1176 Τ
3408 1125 3479 1175 ὸν

188 1202 415 1272 ἀγῶνα
461 1205 566 1259 τὸν
623 1203 816 1258 καλὸν
851 1205 1210 1274 ἠγώνισμαι,
1251 1205 1363 1260 τὸν
1408 1205 1630 1275 δρόμον
1675 1207 1974 1275 τετέλεκα,
2006 1209 2118 1278 τὴν
2164 1212 2374 1266 πίστιν
2401 1213 2720 1283 τετήρηκα·
2746 1215 2962 1269 λοιπὸν
3014 1217 3324 1270 ἀπόκειταί
3377 1234 3476 1285 μοι

191 1300 229 1350 d
265 1297 389 1365 τῆς
411 1298 802 1366 δικαιοσύνης
838 1299 1159 1367 στέφανος.

288 1414 660 1484 Ἐξετέρθητι
696 1417 784 1481 εις
814 1415 1198 1482 συνάντησιν
1227 1432 1346 1484 μου
1393 1415 1491 1467 καὶ
1539 1415 1648 1478 ἴδε,
1698 1415 1792 1468 καί

1974 1414 2142 1469 Vens.
2184 1416 2235 1470 6.
2273 1415 2511 1486 Exsurge
2563 1420 2616 1471 in
2661 1436 2957 1484 occursun,
3016 1424 3072 1474 et
3100 1421 3232 1485 ride,
3291 1433 3341 1476 et
3394 1432 3477 1486 tu,

187 1506 311 1568 urit,
350 1509 534 1575 Κύριε
564 1510 594 1560 ὁ
627 1506 772 1572 Θεὸς
797 1505 915 1559 τῶν
938 1505 1270 1574 δυνάμεων,
1297 1508 1332 1558 ό
1355 1507 1499 1572 Θεὸς
1538 1507 1690 1573 Ἰσρα

1971 1510 2126 1562 mtine
2144 1507 2282 1562 Deus
2306 1511 2578 1568 virtutum.
2615 1509 2752 1564 Deus
2809 1510 2999 1566 Israel.
3036 1511 3105 1566 Ut
3139 1515 3314 1568 bonus
3347 1531 3475 1569 cur-

205 1600 306 1663 Ὧς
330 1598 537 1667 ἀγαθὸς
553 1598 786 1670 δρομεὺς
806 1600 898 1652 καὶ
927 1597 1234 1668 ἀγωνιστὴς
1259 1597 1480 1668 ἄριστος
1499 1597 1590 1650 τὸν
1610 1597 1709 1666 ἀγᾶ

1971 1616 2012 1666 r,
2044 1608 2418 1670 pugnatorque
2458 1603 2898 1665 strenuissimus,
2945 1603 3146 1657 bonum
3194 1614 3471 1660 certamen

1974 1414 2142 1469 Vens.
2184 1416 2235 1470 6.
2273 1415 2511 1487 Exsurge
2563 1420 2616 1471 in
2661 1436 2957 1484 occursun,

189 1690 300 1742 τὸν
335 1689 503 1744 καλὸν
533 1687 950 1760 ἀγωνιζόμενος,
999 1691 1085 1759 ἐφ’
1117 1683 1200 1752 οἷς
1241 1690 1688 1761 ἐπαρρησιάσατο
1717 1692 1794 1742 εί-

1898 1689 2206 1751 decertans,
2239 1691 2364 1760 quia
2396 1689 2734 1744 conﬁdenter
2759 1691 2987 1754 dixerat,
3018 1689 3198 1762 Neque
3219 1693 3473 1760 ini.,-uitas

396 1781 550 1836 Οὔτε
595 1782 638 1849 ἡ
678 1781 895 1850 ἀνομία
928 1799 1068 1849 μου,
1111 1781 1252 1834 οὔτε
1299 1781 1338 1848 ἠ
1377 1780 1635 1848 ἁμαρτία
1654 1798 1696 1850 μ

1969 1797 2015 1831 ια
2048 1797 2207 1850 neque
2238 1791 2507 1849 peccatum
2556 1797 2748 1843 meum,
2782 1780 3021 1847 Domine,
3054 1785 3164 1837 sine
3195 1785 3473 1854 iniquitate

188 1872 359 1926 ἄνευ
381 1871 636 1940 ἀνομίας
655 1871 912 1940 ἔδραμον
935 1871 1031 1923 καὶ
1057 1871 1420 1938 κατηύθυνα·
1440 1869 1691 1943 διεγείρει
1707 1872 1796 1923 τὸν

187 1963 564 2032 ἀγωνοθέτην
616 1962 710 2014 ἐπὶ
747 1960 847 2032 τὴν
897 1960 1025 2014 θέαν
1055 1961 1155 2030 τῆς
1188 1960 1396 2024 οἰκείας
1438 1960 1660 2032 ἀρετῆς,
1703 1963 1796 2014 καὶ

190 2054 342 2108 ἰδεῖν
371 2052 516 2118 ἀξιοῖ
541 2053 687 2116 ὅπως
718 2055 830 2115 τοῖς
873 2052 1182 2124 εἰρημένοις
1231 2051 1410 2120 λόγοις
1453 2052 1717 2124 σύμφωνα

188 2143 359 2214 αὐτῷ
381 2144 452 2196 τὰ
483 2144 643 2212 ἔργα.
676 2143 963 2196 Δείκνυται
993 2141 1049 2196 δὲ
1080 2141 1236 2196 τοῦτο
1269 2144 1371 2195 καὶ¹
1391 2143 1500 2196 ἀπὸ
1529 2143 1627 2214 τῆς
1656 2146 1796 2198 ίστο-

190 2237 354 2306 ρίας,
397 2238 460 2290 ἐν
555 2239 722 2308 μυρία
753 2237 850 2309 μὲν
884 2236 1211 2307 πεπονηκὼς
1231 2237 1336 2290 ὑπὸ
1358 2237 1452 2291 τοῦ
1480 2239 1654 2292 Σαοὺλ
1676 2238 1793 2307 φαί-

186 2333 381 2394 νεται,
406 2327 559 2381 οὐδὲν
590 2328 648 2380 δέ
678 2328 840 2391 αὑτὸς
863 2329 984 2381 κατ’
1009 2325 1173 2380 αὑτοῦ
1203 2326 1445 2396 λυπηρὸν
1475 2326 1700 2397 δράσας,
1731 2330 1796 2380 ἐκ

185 2419 251 2472 δὲ
285 2417 391 2472 τοῦ
419 2419 668 2472 ἐναντίου
696 2419 953 2482 πολλάκις
988 2419 1182 2473 ἁλόντα
1218 2415 1377 2469 αὑτὸν
1408 2415 1675 2481 διασώσας
1695 2418 1794 2471 αὑ-

187 2508 353 2562 rixa.
382 2508 496 2561 Καὶ
527 2509 614 2561 ὅτε
639 2508 700 2561 τὸ
725 2509 959 2582 πονηρὸν
987 2507 1204 2580 πνεῦμα
1231 2508 1448 2577 ἔπνιγεν
1469 2507 1650 2572 αὑτὸν,
1687 2522 1794 2560 σω-

186 2598 304 2671 τὴρ
335 2597 489 2669 αὑτῷ
525 2600 890 2670 παρεφαίνετο
919 2599 1098 2664 Δαυῒδ,
1132 2599 1567 2672 ἀνακρουόμενος
1593 2599 1694 2668 μὲν
1719 2597 1794 2669 τῷ

186 2687 447 2761 ὀργάνῳ,
475 2689 701 2759 δυνάμει
721 2683 778 2744 δὲ
799 2689 892 2744 τοῦ
923 2694 980 2748 ἐν
1004 2683 1151 2762 αὑτῷ
1183 2690 1327 2745 θείου
1359 2689 1674 2759 Πνεύματος
1694 2689 1793 2760 τὴν

185 2783 252 2836 ἓν
273 2780 362 2851 τῷ
385 2780 559 2835 Σαοὺλ
578 2783 828 2835 ἐναντίαν
846 2781 1072 2854 δύναμιν
1096 2781 1354 2836 ἐλαύνων.
1379 2782 1452 2835 Τὸ
1472 2781 1794 2848 ἀνεξίκακον

187 2873 384 2925 τοίνυν
411 2872 602 2926 ἐαυτοῦ
632 2873 727 2926 καὶ
753 2871 814 2926 τὸ
846 2875 1043 2944 πρᾶον,
1072 2875 1167 2927 καὶ
1193 2874 1255 2926 τὸ
1276 2871 1671 2943 ὑπομονητικὸν
1689 2871 1795 2924 δει-

186 2966 340 3026 κνὺς
389 2963 472 3033 τῷ
509 2962 628 3034 Θεῷ
659 2963 874 3032 ἔλεγεν
913 2964 1065 3018 Οὔτε
1091 2963 1130 3032 ἡ
1163 2965 1382 3032 ἀνομία
1409 2979 1550 3032 μου,
1593 2960 1687 3014 καὶ
1723 2960 1794 3013 τὰ

186 3055 354 3124 ἑξῆς..
400 3053 762 3123 Ἑξετέρθητι
804 3056 891 3118 είς
937 3052 1318 3120 συνάντησιν
1357 3069 1505 3120 μου,
1531 3051 1630 3104 καὶ
1678 3049 1786 3104 ws.

190 3122 319 3196 Εἶθ’
355 3142 487 3213 ἑξῆς
517 3122 756 3216 τοσαύτῃ
783 3145 1126 3215 χρησάμενος
1152 3142 1454 3213 παρρησίᾳ,
1497 3140 1790 3210 φωτίζεται
1817 3122 1860 3179 (ἶ

187 3234 312 3288 ὑπὸ
333 3234 451 3286 ίτοῦ
500 3233 840 3305 προφητικοῦ
878 3233 1206 3304 πνεύματος,
1241 3234 1335 3286 καὶ
1366 3231 1694 3295 διδάσκεται,
1717 3230 1792 3294 ὡς

183 3327 311 3398 ἄρα
349 3325 507 3379 ἐσται
547 3343 632 3390 τις
664 3327 854 3399 καιρὸς
893 3329 955 3381 ἐν
983 3320 1028 3394 ᾧ
1068 3327 1165 3382 καὶ
1203 3329 1232 3381 ὸ
1263 3327 1498 3397 Χριστὸς
1529 3325 1624 3378 τοῦ
1656 3316 1791 3380 Θεοῦ

184 3420 586 3490 διωχθήσεται,
609 3421 705 3473 καὶ
727 3421 1239 3494 ἐπιῦουλευθήσεται
1262 3420 1365 3473 ὑπὸ
1388 3419 1484 3472 τοῦ
1527 3417 1792 3472 Ἰουδαίων

189 3514 418 3576 ἔθνους,
449 3513 634 3582 σωτήρ
659 3529 720 3564 τε
753 3513 848 3566 καὶ
876 3504 1174 3576 ἐπίσκοπος
1200 3512 1308 3565 τῶν
1340 3511 1509 3564 ἐθνῶν
1537 3510 1794 3564 ἁπάντων

157 3669 166 3676 _
190 3603 520 3673 γενήσεταιδ
551 3595 674 3673 cui?)
696 3601 871 3672 καιρῷ
894 3604 988 3656 καὶ
1007 3601 1170 3655 αὑτοῦ
1194 3600 1288 3658 τοῦ
1313 3600 1477 3655 Δαυῒδ
1502 3599 1570 3652 τὰ
1596 3615 1795 3676 κατορ-

189 3694 441 3764 θώματα
469 3692 562 3746 καὶ
586 3695 642 3746 at
668 3695 862 3764 ἀρεταὶ
883 3692 1210 3765 ᾁσθήσονται
1229 3693 1324 3745 καὶ
1344 3673 1709 3762 βοηθήσονται
1735 3691 1792 3741 ἐν

191 3788 342 3839 πᾶσι
374 3787 490 3848 τοῖς
518 3783 715 3838 ἔθνεσι.
747 3785 857 3837 Καὶ
893 3783 1051 3837 τοῦτο
1078 3786 1240 3852 γνοὺς
1267 3782 1386 3836 καθ’
1411 3780 1680 3851 ὑποὸολὴν
1698 3777 1792 3832 τοῦ

189 3877 365 3945 ἁγίου
396 3870 734 3957 Πνεύματος,
770 3874 1054 3945 ἐπιστῆναι
1085 3885 1214 3927 ποτε
1244 3873 1432 3926 τοῦτον
1457 3870 1674 3940 εὔχεται
1703 3870 1794 3922 τὸν

190 3968 422 4039 καιρόν.
469 3969 562 4020 Διὸ
592 3967 719 4036 ἐξῆς
753 3984 919 4038 (mar
949 3967 1055 4020 Καὶ
1087 3966 1191 4030 σὺ,
1223 3967 1401 4032 Κύριε
1432 3967 1464 4017 ό
1499 3963 1644 4028 Θεὸς
1675 3962 1794 4016 τῶν

187 4059 541 4130 δυνάμεων,
579 4063 611 4112 ό
651 4059 795 4124 Θεὸς
858 4058 1122 4127 Ἰσραὴλ,
1169 4058 1435 4128 πρόσχες
1463 4055 1794 4123 ἐπισκέψα-

194 4154 352 4205 σθαι
393 4149 595 4203 πάντα
639 4149 712 4203 τὰ
753 4151 920 4217 ἔθνη.
980 4150 1040 4202 '0
1081 4149 1177 4218 μὲν
1224 4147 1333 4220 γὰρ
1380 4147 1614 4218 Ἰσραὴλ,
1644 4147 1674 4198 ό
1702 4146 1794 4209 σὸς

193 4241 559 4315 χρηματίσας
589 4241 852 4311 πρότερος
882 4241 1030 4303 λαὸς,
1077 4239 1289 4293 πολλῶν
1340 4238 1666 4310 εὐεργεσιῶν
1708 4252 1796 4288 τε·

195 4334 486 4406 τυχηκὼς,
523 4335 618 4388 καὶ
650 4334 862 4387 πολλῶν
895 4331 1115 4402 ἀγαθῶν
1156 4332 1428 4397 ἀξιωθεὶς,
1478 4331 1669 4384 οὐδένα
1700 4348 1792 4384 σου

198 4427 359 4492 ἄξιον
397 4425 712 4489 ἐπεδείξατο
754 4424 995 4496 καρπόν·
1038 4425 1124 4478 ἀεὶ
1165 4424 1222 4477 δέ
1267 4423 1361 4476 καὶ
1391 4422 1621 4476 πάντοτε
1655 4435 1791 4476 παν-

197 4517 382 4578 τοίαις
428 4515 824 4568 ὑποπέπτωκεν
869 4514 1166 4579 ἀσεϐείαις,
1209 4515 1333 4568 τοτὲ
1378 4515 1475 4584 μὲν
1509 4513 1793 4569 εἰδωλολα-

197 4606 376 4678 τρῶν,
401 4607 523 4659 τοτέ
549 4606 607 4659 δέ
635 4608 762 4670 τοὺς
802 4607 927 4671 σοὺς
960 4607 1242 4677 προφήτας
1275 4604 1530 4677 ἀναιρῶν·
1555 4603 1707 4670 τέλος
1737 4606 1794 4658 δέ

125 4752 128 4754 ν
203 4699 305 4750 καὶ
328 4695 482 4767 αὑτῷ
499 4697 576 4768 τῷ
602 4695 822 4767 Χριστῷ
845 4713 937 4749 σου
962 4699 1151 4767 χεῖρας
1180 4695 1468 4749 ἐπιϐαλών.
1496 4695 1796 4766 Θαυμαστὰ

202 4791 263 4844 δὲ
305 4791 417 4844 ὑπὸ
451 4790 547 4844 τοῦ
586 4789 679 4844 σοῦ
713 4790 1029 4860 Πνεύματος
1060 4789 1358 4861 προμαθὼν
1391 4789 1521 4859 περὶ
1559 4789 1659 4858 τῆς
1684 4786 1795 4840 τῶν

204 4883 384 4937 ἐθνῶν
434 4884 791 4954 ἐπιστροφῆς,
844 4882 1070 4946 εἰκότως
1115 4881 1403 4950 ἐπιστῆναι
1455 4879 1546 4932 τὸν
1603 4879 1794 4950 καιρὸν

205 4978 422 5028 ἐκεῖνον
456 4973 706 5046 εὔχομαι,
742 4973 920 5038 εἰδὼς,
947 4974 1028 5027 ὅτι
1063 4973 1162 5027 οὑκ
1192 4972 1305 5026 ἐστι
1334 4971 1486 5043 παρὰ
1511 4972 1594 5024 σοὶ
1625 4987 1794 5044 προσ-

205 5065 530 5137 ωποληψία,
568 5063 893 5136 Δικαιοσύνη
931 5063 987 5117 δὲ
1033 5062 1100 5117 τὰ
1142 5063 1321 5118 πάντα
1357 5061 1592 5127 διέπων,
1645 5058 1793 5125 οἶδας

207 5161 305 5213 καὶ
333 5157 462 5228 ἔθνη
485 5155 758 5225 ἀλλόφυλα
780 5156 873 5209 καὶ
896 5154 1155 5226 άλλογενῆ
1174 5154 1277 5224 τῆς
1305 5153 1514 5224 πλάνης
1539 5153 1796 5222 ἐπιστρὲο

209 5269 380 5321 φοντα
423 5249 636 5314 σώζεινο
677 5247 826 5312 οἶδας
862 5248 956 5303 καὶ
991 5249 1117 5311 τοὺς
1145 5244 1534 5317 νομιζομένους
1567 5246 1666 5314 τῆς
1696 5246 1794 5314 σῆς

211 5339 352 5397 εἶναι
386 5341 623 5414 μερίδος,
667 5343 714 5395 εί
758 5339 965 5407 ἀνάξιοι
997 5338 1353 5409 εὑρίσκοιντο,
1399 5337 1497 5407 τῆς
1540 5336 1794 5405 τοιαύτης

212 5435 458 5507 κλήσεως
499 5432 878 5504 μετέρχεσθαι.
922 5432 1012 5485 Διὸ
1047 5432 1176 5502 περὶ
1215 5430 1312 5500 μὲν
1344 5427 1456 5482 τῶν
1497 5426 1666 5482 ἐθνῶν
1705 5426 1795 5480 εὑ-

211 5540 382 5594 χομαι
420 5523 596 5591 λέγων
613 5538 628 5553 ’
665 5521 938 5589 Πρόσχες
977 5518 1083 5582 τοῦ
1122 5517 1565 5587 ἐπισκέψασθαι
1599 5514 1799 5569 πάντα·

214 5617 292 5670 τὰ
316 5615 481 5681 ἔθνη*
525 5614 655 5684 περὶ
692 5613 750 5666 δέ
786 5611 880 5666 τοῦ
923 5611 1110 5682 ἐτέρου
1157 5611 1357 5684 μέρους
1385 5609 1545 5681 φημίι
1581 5607 1678 5677 Μὴ
1715 5611 1795 5661 ol-

295 5769 342 5801 "
379 5767 418 5823 il
455 5768 595 5824 Tim.
618 5784 689 5837 Iv,
713 5767 764 5831 7,
792 5767 842 5821 8.
1158 5829 1160 5831 ς
1483 5725 1489 5734 '

1899 1874 2108 1924 cucurri
2140 1884 2185 1925 et
2217 1871 2420 1935 direxi;
2444 1874 2556 1940 jam
2591 1873 2974 1942 agonothetam
3005 1875 3069 1926 ad
3108 1875 3325 1930 virtutis
3361 1891 3474 1930 suae

1899 1960 2292 2029 inspectionem
2349 1969 2631 2030 provocat,
2677 1970 2941 2031 rogatque
2985 1963 3269 2018 advertere
3316 1965 3470 2026 velit,

1897 2068 2058 2122 opera
2095 2067 2193 2107 sua
2227 2067 2350 2106 cum
2389 2053 2616 2123 prolatis
2647 2054 2830 2108 verbis
2859 2055 3193 2110 consentire.
3228 2054 3468 2124 ldipsum

1898 2159 2062 2214 porro
2115 2160 2182 2199 ex
2232 2144 2462 2199 historia
2508 2154 2994 2212 comtnonstratur,
3050 2146 3146 2200 ubi
3179 2146 3472 2200 innumera

1897 2237 2037 2290 mala
2073 2251 2102 2289 a
2132 2235 2294 2292 Saule
2325 2252 2640 2308 perpessus,
2675 2232 2920 2308 nihilque
2961 2238 3174 2307 injuria:
3208 2238 3470 2292 adversus

1897 2328 2047 2382 illum
2083 2343 2376 2399 aggressus
2404 2328 2723 2394 exhibetur;
2766 2339 2959 2396 contra
2991 2345 3118 2384 vero
3151 2331 3471 2398 plerumque

1895 2429 2112 2490 captum
2144 2420 2329 2474 subito
2357 2419 2629 2473 liberavit.
2665 2417 2729 2471 Et
2754 2419 2978 2489 quando
3034 2421 3264 2490 spiritus
3292 2420 3472 2472 malus

1898 2510 2200 2566 sull'ocabat
2229 2525 2376 2580 eum,
2434 2513 2602 2567 David
2636 2519 2884 2566 servator
2915 2509 3037 2578 ejus
3059 2511 3211 2563 visus
3236 2519 3339 2572 est,
3390 2509 3476 2563 in-

1897 2611 2202 2658 strumento
2234 2604 2450 2672 quidem
2478 2603 2727 2673 pulsans,
2765 2602 2861 2656 sed
2889 2605 3088 2656 virtute
3107 2601 3160 2654 in
3192 2616 3250 2655 se
3272 2601 3474 2670 degen-

1895 2694 1968 2748 tis
2000 2675 2238 2764 Spiritus
2267 2695 2461 2762 divini,
2491 2695 2826 2771 contrariam
2872 2695 2954 2750 in,
2983 2693 3149 2746 Saulc
3211 2692 3471 2746 virtutem

1894 2785 2194 2855 depellens.
2258 2785 2422 2841 Suam
2480 2788 2663 2856 itaque
2722 2773 3049 2853 iniuriarum
3114 2783 3467 2842 oblivionem,

1895 2876 2393 2942 mansuetudinem,
2430 2877 2746 2947 patientiam
2785 2874 2892 2929 Deo
2927 2874 3190 2928 exhibens
3213 2871 3464 2927 dicebat:

1894 2965 2077 3038 Neque
2098 2967 2350 3037 iniquitas
2377 2985 2513 3032 mea,
2539 2975 2593 3020 et
2613 2975 2827 3020 caetera.
2861 2963 3166 3034 Exsurgeiu
3192 2978 3467 3017 occursum

1893 3074 2088 3124 meum,
2117 3067 2165 3112 et
2211 3059 2346 3113 vide.
2398 3058 2600 3113 Deinde
2639 3071 2792 3121 vero,
2847 3063 2996 3109 tanta
3025 3071 3158 3111 usus
3184 3053 3404 3118 ﬁducia,
3435 3067 3466 3108 a

1893 3151 2214 3221 prophetico
2241 3150 2437 3220 spiritu
2500 3151 2830 3210 illustratur,
2864 3163 2928 3202 ac
2978 3147 3173 3202 ediscit
3221 3143 3467 3199 futurum

1896 3249 2133 3310 tempus,
2165 3255 2275 3310 quo
2304 3239 2422 3309 ipse
2436 3237 2696 3292 Christus
2721 3235 2810 3290 Dei
2840 3225 3221 3290 vexatidnibus
3249 3240 3302 3287 et
3332 3233 3471 3287 insi-

1893 3331 2000 3386 diis
2027 3329 2240 3384 .Iudaici
2275 3329 2458 3400 populi
2492 3329 2804 3397 impetetur,
2840 3341 2903 3380 ac
2937 3335 3184 3380 servator
3211 3333 3265 3378 et
3285 3324 3473 3392 inspe-

1894 3429 2012 3476 ctor
2046 3422 2429 3475 universarum
2460 3420 2700 3489 gentium
2729 3417 2865 3483 erit;
2897 3431 3005 3486 quo
3030 3417 3193 3468 etiam
3223 3420 3470 3482 tempore

1892 3513 2070 3584 ipsius
2121 3510 2345 3565 Davidis
2392 3509 2850 3580 praeclara‘opera
2881 3514 2936 3561 et
2964 3507 3196 3560 virtutes
3251 3501 3471 3576 hymnis

1891 3603 2275 3667 concinentur,
2307 3601 2441 3656 etin
2478 3599 2752 3654 universis
2799 3597 3052 3667 gentibus
3102 3593 3467 3648 celebrabun-

1893 3703 2000 3750 tur.
2037 3694 2326 3764 Hujusque
2353 3705 2432 3748 rei
2467 3692 2673 3763 Spiritu
2718 3698 2911 3745 sancto
2937 3687 3212 3741 revelante
3240 3697 3466 3754 gnarus,

1892 3796 2108 3857 tempus
2155 3784 2288 3840 illud
2355 3783 2611 3837 advenire
2656 3789 2930 3849 precatur.
2981 3777 3161 3842 Quare
3210 3775 3468 3842 deinceps

1892 3879 1968 3933 ait
2003 3897 2017 3933 :
2051 3877 2119 3932 Et
2143 3886 2220 3941 tu,
2256 3875 2482 3929 Domine
2509 3873 2648 3926 Deus
2676 3873 2948 3933 virtutum,
2984 3867 3126 3921 Deus
3159 3865 3352 3928 Israel,
3384 3866 3470 3918 in-

1894 3969 2040 4025 tende
2072 3969 2142 4022 ad
2170 3967 2464 4023 visitandas
2513 3981 2689 4019 omnes
2721 3972 2917 4032 gentes".
2970 3958 3104 4014 Nam
3139 3957 3306 4013 Israel
3352 3955 3465 4022 ille,

1893 4058 2173 4131 qui’prior
2206 4059 2440 4129 populus
2476 4065 2604 4112 tuus
2646 4052 2950 4121 dicebatur,
3003 4050 3188 4104 multis
3240 4055 3469 4104 ornatus

1892 4152 2191 4215 beneﬁciis,
2221 4150 2519 4219 multisque
2549 4148 2806 4218 dignatus
2837 4145 3015 4208 bonis,
3054 4143 3262 4196 nullum
3297 4147 3351 4194 te
3379 4138 3468 4193 di-

1893 4259 2057 4316 gnum
2089 4242 2325 4297 fruetum
2362 4241 2622 4311 protulit;
2659 4238 2753 4293 sed
2795 4252 3011 4307 semper
3041 4235 3303 4302 omnique
3331 4239 3470 4285 tem—

1893 4351 2025 4406 pore
2052 4335 2107 4388 in
2139 4333 2326 4387 varias
2354 4332 2536 4386 omnis
2567 4331 2782 4400 generis
2813 4327 3123 4397 impietates
3156 4323 3466 4394 prolapsus.

1897 4426 2058 4481 modo
2081 4425 2372 4481 simulacra
2402 4423 2593 4488 coluit,
2620 4419 2782 4474 modo
2815 4418 3109 4488 prophetas
3139 4422 3264 4468 tuos
3296 4412 3468 4464 inter-e

1900 4518 2048 4582 fecit,
2102 4531 2166 4571 ac
2193 4516 2410 4571 demum
2474 4514 2576 4583 ipsi
2631 4513 2852 4567 Christo
2901 4519 2994 4563 tuo
3033 4519 3228 4563 manus
3263 4500 3464 4554 intulit.

1898 4608 2031 4663 Mira
2056 4619 2220 4679 porro
2253 4621 2283 4659 a
2312 4605 2522 4674 Spiritu
2561 4612 2657 4657 tuo
2703 4601 2771 4657 de
2818 4599 3060 4671 gentium
3107 4591 3471 4679 conversione

1895 4676 2150 4760 edoctus,
2181 4697 2306 4766 jure
2335 4703 2548 4765 tempus
2575 4691 2709 4747 illud
2742 4689 3000 4744 advenire
3030 4680 3267 4754 postuio,
3299 4676 3469 4749 probe

1895 4789 2076 4844 sciens
2095 4786 2298 4841 nullam
2315 4784 2457 4856 apud
2477 4792 2530 4837 te
2545 4796 2668 4838 esse
2691 4790 3048 4850 personarum
3070 4769 3463 4856 acceptionem.

1895 4877 2036 4946 Quia
2070 4876 2215 4932 enim
2243 4855 2368 4929 cum
2414 4873 2629 4944 justitia
2658 4869 2842 4924 omnia
2889 4863 3264 4923 administras,
3319 4855 3466 4912 nosli

1896 4969 2232 5040 alienigenas
2259 4975 2313 5021 et
2338 4975 2627 5031 extraneas
2663 4967 2875 5033 gentes,
2908 4956 2954 5012 si
2985 4958 3378 5040 convertantur
3399 4947 3470 5004 ab

1894 5039 2101 5124 errore,
2145 5057 2322 5114 salute
2368 5056 2611 5122 donare;
2674 5050 2820 5107 nosti
2863 5047 3048 5102 itidem
3081 5058 3176 5099 eos
3235 5039 3328 5111 qui
3359 5045 3470 5091 tuta

1896 5152 2061 5208 sortis
2104 5165 2229 5206 esse
2274 5155 2558 5218 putantur,
2615 5145 2661 5199 si
2716 5141 2926 5212 indigni
2969 5132 3467 5208 deprehendantur,

1897 5243 1991 5297 tali
2017 5241 2304 5297 vocatione
2332 5239 2642 5296 excludere.
2702 5233 2883 5300 Quare
2910 5244 3013 5301 pro
3051 5225 3305 5298 gentibus
3343 5219 3470 5290 qui-

1895 5335 2018 5390 dem
2053 5335 2125 5388 ita
2162 5347 2354 5404 precor
2389 5351 2402 5386 :
2437 5325 2658 5384 Intende
2680 5325 2750 5379 ad
2802 5318 3090 5377 visitandas
3139 5321 3314 5397 omnes
3343 5327 3468 5383 gen-

1899 5435 2005 5490 tes;
2043 5425 2110 5480 de
2143 5425 2314 5479 altera
2345 5435 2476 5476 vero
2504 5426 2658 5490 parte
2685 5415 2830 5476 dico,
2861 5411 2984 5464 Non
3019 5406 3318 5463 miserearis
3353 5418 3468 5456 om-

1896 5516 2050 5571 nibus
2079 5516 2168 5586 qui
2199 5521 2484 5583 operantur
2541 5509 2892 5580 iniquitatem.
2918 5501 3053 5558 Cum
3075 5509 3256 5554 autem
3297 5495 3469 5586 indis-

1897 5585 2252 5672 criminratim,
2313 5602 2575 5667 omnibus,
2607 5599 2773 5665 dicat,
2805 5599 2981 5668 ipsum
3013 5589 3267 5650 lsraclem
3309 5602 3376 5643 eo
3410 5585 3466 5640 in
