3808 6280
401 336 503 393 ιω

1078 325 1348 384 EUSEBII
1386 324 1867 383 CASSABIENSIS
1903 324 2061 380 OPP.‘
2088 324 2266 380 PARS
2300 322 2388 381 lll.
2429 354 2496 367 --
2518 302 2942 383 ‘EXEGETICA.

3506 331 3606 390 ει)

344 480 357 483 ν
401 459 629 501 numero
668 441 1114 513 ‘comprehcndit,
1162 454 1378 495 necnon
1427 454 1522 495 eos
1566 440 1661 510 qni
1690 440 1783 493 tali
1811 439 1972 493 modo

2074 438 2397 506 κτειρήσῃς
2445 446 2676 505 πάντας
2715 430 2855 506 τοὺς
2895 437 3313 509 ἐργαζομένους
3354 441 3455 508 τὴν
3484 444 3606 498 ἀνο-

399 537 529 590 olim
552 535 606 588 in
637 534 837 590 lsraele
873 532 1050 587 allecti
1072 538 1248 587 erant.
1275 529 1418 596 Quid
1441 531 1588 585 enim
1606 530 1845 600 amplius
1894 529 1976 583 fa-

400 635 548 680 ctum
584 623 736 678 Sauli
761 622 885 682 fuit.
914 622 1006 692 qui
1036 635 1235 692 genere
1277 620 1500 689 quidem
1530 621 1598 674 ab
1624 619 1791 674 lsrael
1815 626 1974 673 ortus

400 719 543 773 erat,
575 727 641 766 ex
673 711 819 765 tribu
852 708 1153 778 Beniamin,
1183 707 1275 777 qui
1316 707 1451 761 tanti
1476 706 1666 775 populi
1694 720 1789 760 rex
1820 705 1977 758 inau-

401 810 631 871 guratus
647 800 844 864 fuerat,
869 801 1073 870 quique
1101 807 1251 852 tanta
1275 799 1332 852 in
1352 811 1572 851 cassum
1594 803 1648 850 et
1673 795 1792 849 sine
1807 808 1974 849 causa

404 893 669 948 adversus
716 905 863 951 eum.
899 890 993 961 qui
1027 905 1088 945 se
1131 887 1270 943 nihil
1322 888 1576 952 laesisset,
1627 886 1972 941 machinatus

405 982 619 1036 fuerat?
645 980 800 1047 Quod
830 983 876 1036 si
918 981 1013 1035 alii
1066 987 1255 1051 postea
1288 978 1636 1048 reperiantur
1669 977 1764 1047 qui
1823 974 1972 1030 Sauli

402 1071 575 1141 gestis
602 1069 780 1125 aﬂinia
811 1071 1142 1126 meditentur
1164 1068 1250 1125 vel
1280 1076 1571 1138 peragant;
1615 1083 1723 1121 non
1749 1081 1813 1121 eo
1837 1066 1972 1119 tales

403 1163 636 1218 salutem
664 1162 926 1231 consequi
969 1175 1258 1216 necessum
1300 1166 1408 1223 est,
1436 1159 1578 1228 quod
1615 1172 1679 1212 ex
1706 1165 1799 1211 tua
1847 1173 1973 1226 por~

405 1253 556 1308 tione
586 1266 712 1308 esse
735 1260 1087 1322 reputentur;
1129 1259 1188 1304 ut
1222 1264 1254 1305 e
1281 1262 1549 1303 converso
1606 1247 1652 1302 si
1682 1247 1775 1316 qui
1830 1246 1973 1300 inter

403 1350 693 1398 extraneas
748 1350 936 1413 gentes
990 1340 1156 1397 saluti
1217 1338 1400 1393 idonei
1456 1343 1612 1399 sunt,
1643 1336 1781 1390 nihil
1825 1335 1972 1390 obsit

403 1436 722 1506 quominus,
759 1450 858 1506 pro
890 1436 1101 1489 ratione
1135 1432 1381 1502 iustitiae,
1427 1428 1737 1485 visitatione
1768 1435 1858 1482 tua
1889 1427 1970 1480 di-

400 1534 657 1598 gnentur.
684 1524 877 1595 ‘Quare
903 1524 1051 1588 dico,
1084 1521 1294 1577 intende
1345 1520 1416 1574 ad
1456 1518 1744 1573 visitandas
1795 1534 1970 1573 omnes

399 1627 611 1686 gentes;
644 1617 714 1672 iis
745 1632 874 1672 vero
902 1617 995 1686 qui
1023 1622 1324 1684 aperantur
1355 1612 1718 1681 iniquitatem,
1744 1624 1811 1664 ex
1835 1623 1972 1679 quo-

403 1710 484 1764 vis
515 1724 714 1779 genere
742 1709 847 1763 orti
872 1707 1008 1774 sint,
1035 1720 1106 1760 ne
1150 1703 1483 1760 miserearis.
1513 1700 1814 1771 Operantes
1843 1713 1974 1755 vero

401 1797 745 1866 iniquitatem
779 1810 946 1866 supra
986 1808 1205 1864 quoque
1237 1802 1504 1847 memorat
1540 1791 1728 1845 dicens
1767 1810 1777 1843 :
1813 1788 1970 1858 Eripe

2070 529 2234 597 μίαν.
2263 528 2448 596 Δέγων
2470 528 2526 581 δέ
2555 529 2888 602 ἀδιορίστως,
2914 530 3163 594 πάντας,
3190 529 3284 583 καὶ
3304 518 3605 604 τὸνλῐσραὴλ

2076 619 2622 690 συμπαραλαμϐάνει,
2665 621 2757 674 καὶ
2786 623 2913 685 τοὺς
2947 623 3006 673 ἐν
3038 620 3185 691 αὐτῷ
3215 621 3376 674 πάλαι
3404 625 3604 694 γενομέ-

2073 726 2197 772 νους
2222 710 2511 773 τοιούτους.
2548 710 2613 763 Τί
2639 710 2748 782 γὰρ
2778 714 2874 764 καὶ
2916 711 3075 765 πλέον
3120 711 3332 782 γέγονε,
3371 712 3507 781 φησι,
3533 714 3607 783 τῷ

2073 800 2265 867 Σαοὺλ,
2286 800 2349 853 τὸ
2378 801 2474 871 μὲν
2499 801 2653 869 γένος
2679 801 2786 854 ἀπὸ
2816 801 2911 855 τοῦ
2950 801 3162 873 Ἰσραὴλ
3190 803 3498 874 ὁρμωμένῳ,
3520 806 3607 857 καὶ

2073 888 2245 959 φυλῆς
2272 892 2547 961 Βενιαμὶν,
2580 892 2788 961 βασιλεῖ
2816 893 2871 946 δὲ
2901 893 2993 945 τοῦ
3024 893 3279 945 τοσούτου
3305 892 3474 958 ἔθνους
3490 895 3606 948 καθ-

2076 970 2365 1050 ισταμένῳ,
2398 979 2635 1034 τοσαῦτα
2665 981 2722 1033 δὲ
2754 982 2874 1051 εἰκῆ
2903 983 2995 1034 καὶ⁴
3023 982 3198 1051 μάτην
3229 981 3367 1036 κατὰ
3403 981 3484 1034 τοῦ
3516 1001 3607 1054 μη»-

2050 1070 2160 1123 »δὲν
2191 1071 2507 1143 ἠδικηκότος
2536 1073 2935 1145 ἐπιχειροῦντα
2979 1074 3040 1125 El
3083 1074 3139 1125 δὲ
3185 1069 3279 1126 οὖν
3319 1073 3387 1125 τά
3432 1075 3609 1143 ἀδελφά

2071 1161 2150 1231 τῷ
2173 1162 2346 1216 Σαοὺλ
2367 1162 2687 1233 φρονοῦντες
2710 1180 2769 1215 τε
2791 1164 2883 1216 καὶ
2902 1162 3231 1234 πράττοντες
3251 1163 3477 1232 γένοιντό
3492 1182 3606 1218 ποτε

2069 1252 2268 1323 ἕτεροι,
2300 1254 2361 1306 οὐ
2395 1252 2729 1321 παρά·τοῦτο
2772 1251 3035 1317 σώζεσθαι
3083 1256 3281 1317 αὐτοὺς
3313 1256 3505 1325 ἀνάγκη
3529 1256 3609 1308 διὰ

2069 1328 2130 1398 τὸ
2154 1343 2464 1415 νομίζεσθαι
2492 1345 2592 1415 τῆς
2626 1344 2725 1414 σῆς
2755 1346 2970 1416 μερίδος
3006 1340 3166 1397 εἶναι·
3206 1344 3282 1407 ὡς
3321 1343 3532 1415 ἔμπαλιν
3557 1348 3609 1398 ἐν

2070 1435 2182 1496 τοῖς
2208 1432 2524 1500 ἀλλοφύλοις
2574 1432 2802 1497 ἔθνεσιν,
2836 1435 2884 1486 εί
2917 1432 3249 1504 εὑρίσκοιντο
3276 1448 3414 1493 τινες
3443 1434 3610 1500 ἐπιτη-

2070 1521 2228 1584 δείως
2259 1521 2471 1591 ἔχοντες
2513 1520 2650 1592 πρὸς
2691 1521 2985 1593 σωτηρίαν,
3025 1519 3177 1574 οὐδὲν
3208 1520 3275 1589 ἂν
3310 1520 3492 1573 κωλύοι
3521 1521 3612 1589 τῆς

2073 1613 2169 1682 σῆς
2202 1611 2508 1682 ἐπισκοπῆς
2541 1612 2737 1675 αὐτοὺς
2762 1615 2953 1682 τυχεῖν
2999 1611 3161 1685 κατάγ
3182 1613 3273 1665 τὸν
3309 1611 3400 1665 τοῦ
3426 1611 3609 1667 δικαίου

2070 1704 2245 1774 λόγον.
2267 1704 2355 1757 Διό
2375 1720 2533 1775 φημι·
2557 1706 2826 1773 Πρόσχες
2852 1705 2958 1757 τοῦ
2981 1703 3423 1773 ἐπισκέψασθαι
3439 1703 3614 1757 πάντα

2006 1774 2046 1828 Β
2072 1795 2145 1849 τὰ
2171 1795 2334 1863 ἔθνη·
2359 1774 2484 1859 τοὺς
2507 1794 2565 1847 δὲ
2587 1791 2979 1866 ἐργαζομένους
3004 1795 3101 1865 τὴν
3129 1794 3380 1865 ἀνομίαν,
3407 1793 3515 1847 ὅθεν
3531 1793 3612 1864 δή·

401 1901 484 1938 me
509 1885 573 1939 de
601 1886 936 1954 operantibus
969 1884 1323 1955 iniquitatem,
1353 1883 1482 1937 etde
1514 1882 1639 1936 viris
1656 1880 1969 1950 sanguinum

2074 1904 2207 1940 ποτε
2238 1884 2367 1951 εἶεν,
2405 1886 2479 1958 μὴ
2516 1887 2881 1960 οἰκτειρήσῃς.
2927 1886 3213 1956 Μέμνηται
3244 1885 3302 1937 δὲ
3331 1883 3434 1937 τῶν
3468 1885 3614 1955 ἐργα-

402 1974 553 2029 salra
582 1990 681 2028 me.
718 1975 811 2029 Sic
841 1975 1072 2030 vocabat
1098 1988 1194 2029 eos
1226 1973 1318 2043 qui
1351 1972 1622 2026 Salvatori
1651 1979 1840 2026 nostro
1870 1969 1972 2024 ini-

2075 1977 2316 2049 ζομένων
2336 1977 2433 2047 τὴν
2455 1977 2682 2047 ἀνομίαν
2712 1977 2806 2030 καὶ
2836 1977 3090 2046 ἀνωτέρω
3111 1975 3300 2044 λέγων·
3338 1974 3532 2028 Ῥῦσαι
3548 1991 3613 2043 με

400 2066 521 2136 pias
552 2066 784 2121 intulere
818 2079 1032 2119 manus.
1076 2063 1306 2119 Eosdem
1333 2079 1551 2133 quoque
1593 2060 1972 2118 subindicabat

2074 2069 2142 2125 ἐκ
2164 2068 2282 2122 τῶν
2314 2066 2720 2137 ἐργαζομένων
2744 2067 2859 2136 τὴν
2888 2067 3164 2136 ἀνομίαν,
3194 2065 3294 2119 καὶ
3314 2065 3383 2127 ἐξ
3406 2063 3615 2132 ἀνδρῶν

404 2159 459 2211 in
483 2171 573 2211 ων
595 2157 806 2227 psalmo
855 2156 1066 2220 dicens,
1128 2155 1394 2221 Quoniam
1427 2152 1535 2208 vidi
1566 2154 1895 2224 iniquitatem
1922 2161 1972 2206 et

2074 2156 2333 2230 αἱμάτων
2365 2157 2573 2214 σῶσόν
2606 2176 2702 2228 με.
2732 2157 2887 2213 Οὕτω
2912 2158 2970 2212 δὲ
3004 2157 3187 2212 ἐκάλει
3217 2158 3345 2220 τοὺς
3376 2154 3508 2209 κατά
3530 2155 3610 2208 τοῦ

400 2246 874 2302 contradictionem
900 2247 956 2299 in
1010 2245 1218 2299 civitate
1239 2261 1258 2298 .'
1293 2246 1376 2299 die
1406 2261 1468 2298 ac
1496 2254 1644 2299 nocte
1671 2243 1971 2297 circumda—

2075 2250 2327 2319 Σωτῆρος
2371 2246 2530 2320 ἡμῶν
2576 2242 2768 2311 ἀθέους
2808 2247 3208 2315 ἐπενέγκαντας
3248 2247 3450 2317 χεῖρας.
3490 2244 3611 2307 Τοὺς

403 2336 479 2390 bit
501 2328 617 2390 eam
638 2337 715 2402 7";
742 2350 805 2390 ac
822 2347 1044 2400 rursus;
1085 2336 1582 2391 Contaminavcrunt
1603 2345 1971 2390 testamentum

2075 2336 2271 2401 αὐτοὺς
2301 2335 2358 2390 δὲ
2394 2335 2637 2407 ᾐνίττετο
2664 2335 2756 2387 καὶ
2786 2335 2845 2389 ἐν
2877 2333 2947 2387 νδ¹
2978 2333 3173 2405 ψαλμῷ
3197 2332 3390 2401 λέγων·
3420 2333 3527 2385 Ὅτι
3544 2327 3611 2384 εἴ·

397 2429 537 2494 cjus,
561 2429 715 2484 divisi
738 2437 860 2483 sunt
895 2428 960 2482 ab
993 2430 1076 2483 ira
1129 2430 1304 2483 vultus
1336 2429 1451 2498 ejus
1481 2429 1567 2496 7';
1619 2429 1967 2498 iterumque:

2074 2427 2184 2483 δον
2208 2428 2463 2497 ἀνομίαν
2487 2425 2587 2480 καί
2611 2426 2959 2500 ἀντιλογίαν
2976 2426 3045 2479 ἐν
3067 2424 3143 2492 τῇ
3170 2426 3366 2479 πόλει.
3400 2423 3611 2492 Ἡμέρας

412 2520 528 2575 Viri
561 2520 876 2591 sanguinum
897 2529 946 2575 et
966 2519 1139 2576 dolosi
1170 2538 1273 2575 non
1299 2519 1655 2581 dimidiabunt
1676 2519 1788 2574 dies
1813 2534 1966 2576 suos:

2074 2519 2175 2575 καὶ
2204 2519 2426 2586 νυκτὸς
2462 2518 2760 2572 κυκλώσει
2782 2516 3007 2584 αὐτήν·
3048 2516 3145 2570 καὶ
3177 2515 3359 2571 πάλιν·
3418 2512 3615 2579 Ἐὅεϐήο

399 2626 494 2681 ego
520 2618 695 2666 autem
724 2611 781 2664 in
808 2620 858 2665 te
885 2610 1104 2680 sperabo
1134 2612 1202 2665 7'.

2085 2614 2282 2665 ιωσαν
2316 2609 2431 2678 τὴν
2469 2608 2761 2678 διαθήκην
2798 2607 3005 2676 αὐτοῦ,
3044 2607 3501 2677 διεμερίσθησαν
3527 2605 3614 2659 ἀπ’

404 2705 591 2775 ὀργῆς
632 2705 741 2761 τοῦ
777 2705 1101 2776 προσώπου
1143 2706 1354 2761 αὐτοῦ·
1397 2706 1490 2761 καί
1529 2701 1702 2770 αὖθις·
1773 2703 2011 2773 Ἄνδρες
2046 2704 2307 2777 αἱμάτων
2338 2704 2436 2759 καὶ
2482 2703 2831 2771 δολιότητος
2868 2703 2940 2757 οὐ
2969 2700 3056 2773 μὴ
3098 2702 3468 2771 ἡμισεύσωσι
3526 2697 3614 2763 τὰς

400 2796 627 2866 ἡμέρας
652 2794 869 2851 αὐτῶν·
902 2794 1018 2866 ἐγὼ
1040 2797 1109 2849 δὲ
1138 2797 1232 2850 ἐπὶ
1264 2796 1340 2850 σὲ
1361 2794 1569 2851 ἐλπιῶ.

474 2906 640 2964 Vens.
677 2908 731 2974 7,
764 2909 850 2965 12.
887 2907 1265 2964 Convertentur
1290 2908 1360 2963 ad
1387 2925 1672 2978 vesperam,
1695 2920 1745 2964 et
1778 2909 1973 2979 famem

396 2999 673 3068 patientur
704 3009 760 3054 ut
792 3001 962 3065 canis,
990 3008 1041 3054 et
1063 3000 1657 3066 circuibuntcivitatem.
1675 2999 1972 3070 Postquam

2163 2903 2658 2973 Ἐπιστρέψουσιν
2691 2905 2781 2971 είς
2817 2904 3103 2974 ἑσπέραν,
3142 2901 3240 2957 καί
3273 2903 3652 2972 ,λιμώξουσιγι

2076 2999 2158 3065 ὡς
2185 2999 2364 3063 κύων,
2401 2995 2501 3049 καὶ
2533 2994 2920 3050 κυκλώσουσι
2944 2996 3157 3052 πόλιν.
3186 2993 3401 3064 Σφόδρα
3426 2992 3618 3047 ἀκολού-

403 3090 774 3146 visitationem
813 3091 1054 3161 gentium
1083 3099 1140 3145 et
1195 3090 1459 3145 ultionem
1494 3090 1834 3160 operantium
1868 3089 1971 3143 ini-

2074 3087 2181 3153 θως
2217 3084 2520 3155 ἐπισκοπὴν
2561 3085 2671 3138 τῶν
2710 3084 2878 3138 ἐθνῶν
2916 3083 3201 3146 ἱκετεύσας
3232 3081 3500 3151 γενέσθαι,
3528 3081 3618 3135 τῶν

405 3178 670 3247 quitatem
703 3178 818 3233 ﬁeri
854 3179 1084 3249 rosavit,
1127 3177 1419 3234 admodum
1450 3188 1850 3249 consequenter
1902 3179 1975 3234 ita

408 3276 595 3338 postea
622 3269 950 3323 vaticinatur
981 3286 995 3323 :
1029 3267 1407 3322 Convertentur
1431 3269 1502 3323 ad
1536 3285 1812 3339 vesperam.
1844 3269 1976 3337 Qui-

408 3369 535 3409 nam
580 3354 683 3421 illi,
735 3355 846 3410 nisi
886 3355 984 3426 qui
1032 3365 1329 3425 operantur
1379 3357 1751 3428 iniquitatem,
1784 3368 1838 3414 et
1874 3358 1975 3414 viri

400 3444 772 3515 sanguinum?
797 3444 906 3500 Cur
940 3452 1121 3500 autem
1152 3444 1220 3498 ad
1266 3451 1575 3516 vesperam?
1598 3449 1723 3518 quia
1754 3450 1809 3503 in
1841 3464 1975 3505 con-

404 3532 774 3616 summatione
801 3533 983 3609 saeculi
1005 3533 1117 3587 haec
1136 3532 1314 3587 futura
1331 3544 1504 3590 erant.
1524 3535 1628 3590 Pro
1655 3537 1748 3591 illo
1770 3546 1973 3603 autem,

407 3625 477 3681 Et
497 3626 688 3696 {amem
705 3627 970 3697 patientur
994 3634 1049 3679 ut
1076 3628 1243 3690 canis,
1271 3626 1487 3698 Aquila.
1507 3628 1574 3683 Et
1598 3630 1977 3686 tumultuentur

402 3726 465 3770 ut
517 3718 698 3782 canis;
753 3716 1134 3788 Symmachus,
1180 3715 1250 3771 Et
1302 3728 1629 3789 constrepent
1660 3728 1742 3773 'ut
1787 3737 1974 3785 canes;

406 3804 731 3871 Theodotio,
801 3805 870 3859 Et
926 3805 1354 3875 vociferabantur
1380 3816 1437 3861 ut
1497 3810 1665 3873 canis,
1700 3817 1754 3865 et
1785 3814 1974 3879 quinta

406 3896 574 3951 editio
607 3896 875 3960 similiter,
918 3895 987 3949 Et
1014 3897 1436 3966 vociferabantur
1463 3909 1520 3953 ut
1566 3917 1742 3956 canes.
1772 3899 2009 3980 Propan

406 3987 517 4040 lam
533 3986 683 4042 hisce
700 3986 915 4051 verbis,
947 4002 1042 4043 eos
1068 3989 1160 4057 qui
1188 4004 1312 4043 sero
1343 3989 1582 4055 tandem,
1602 3998 1849 4060 tempore
1877 3990 1974 4044 ad-

408 4081 606 4131 ventus
630 4074 933 4130 Salvatoris
961 4076 1160 4138 nostri,
1190 4076 1412 4144 perinde
1442 4084 1606 4147 atque
1637 4076 1767 4132 Saul
1815 4078 1973 4133 inno-

406 4171 626 4233 centem
671 4165 1088 4236 insequebatur,
1143 4167 1218 4219 ita
1246 4174 1302 4222 et
1348 4168 1449 4237 ipsi
1478 4169 1679 4223 bellum
1709 4169 1973 4226 adversus

403 4254 681 4310 Christum
706 4255 802 4311 Dei
837 4254 1145 4325 suscepturi
1185 4264 1363 4320 erant,
1414 4273 1581 4315 canes
1610 4261 1969 4328 nuncupavit.

404 4345 714 4412 Quinetiam
779 4361 876 4417 per
939 4347 1258 4418 prophetam
1317 4347 1510 4404 Isaiam
1563 4350 1679 4418 ipse
1734 4349 1971 4419 Spiritus

404 4446 629 4494 sanctus
650 4438 767 4495 haec
785 4438 1030 4494 declarat
1065 4454 1078 4493 :
1117 4438 1307 4494 Omnes
1337 4457 1491 4494 canes
1528 4443 1661 4495 muti
1689 4444 1972 4500 nescientes

402 4525 608 4581 latrare
638 4527 718 4593 77;
746 4535 801 4581 et
828 4526 882 4580 in
916 4542 1009 4579 xu
1050 4527 1282 4596 psalmo,
1319 4530 1409 4598 qui
1445 4520 1747 4586 Salvatoris
1797 4533 1970 4586 nostri

403 4615 685 4671 cruciatus
714 4616 1001 4680 describit,
1026 4632 1093 4671 ex
1140 4617 1261 4685 ejus
1297 4617 1596 4674 Salvatoris
1621 4635 1856 4689 persona
1889 4623 1974 4677 di-

368 4705 548 4761 .citur
591 4720 606 4756 :
660 4705 1127 4760 Circumdederunt
1175 4724 1256 4762 me
1288 4725 1442 4762 canes
1474 4710 1650 4774 multi,
1693 4710 1970 4765 concilium

402 4795 809 4866 malignantium
839 4796 1037 4850 obsedit
1073 4813 1153 4852 me
1190 4799 1264 4851 ⁷⁸.
1314 4798 1417 4865 Qui
1474 4799 1640 4870 igitur
1676 4809 1972 4871 operantur

401 4883 772 4952 iniquitatem,
793 4892 848 4939 et
902 4884 1005 4939 viri
1059 4886 1413 4956 sanguinum,
1447 4889 1552 4944 etsi
1595 4889 1708 4960 jam
1740 4891 1969 4946 multum

401 4974 611 5030 viribus
653 4974 854 5030 valere.
905 4982 960 5030 et
1005 4977 1072 5030 ad
1101 4976 1346 5046 praesens
1404 4988 1618 5049 tempus
1650 4996 1875 5051 regnum
1910 4989 1970 5036 ut

404 5061 534 5117 Saul
554 5064 800 5119 obtinere
831 5063 1147 5133 videantur;
1193 5074 1249 5120 at
1297 5077 1568 5138 quotquot
1593 5069 1771 5123 allinia
1796 5071 1969 5140 ipsius

401 5152 569 5222 gestis
594 5153 902 5219 ediderunt,
921 5163 1314 5211 convertentur
1335 5159 1576 5223 tandem,
1609 5166 1663 5213 et
1692 5159 1759 5235 ad
1777 5175 1969 5230 vespe-

403 5257 515 5298 ram
526 5245 1023 5311 tumultuabuntur,
1039 5263 1104 5303 ac
1114 5248 1584 5306 voeiferabuntur:
1601 5251 1734 5305 nihil
1750 5253 1967 5325 quidem

402 5332 1091 5408 articulatimrloquentur,
1123 5355 1300 5411 neque
1348 5358 1414 5397 ex
1448 5344 1756 5398 rationabili
1789 5351 1970 5400 mente

398 5423 563 5490 verba
593 5427 874 5482 .memoria
923 5429 1087 5501 digna
1130 5430 1445 5500 proferent;
1505 5433 1602 5490 sed
1654 5435 1880 5504 perinde
1911 5444 1970 5489 ut

396 5525 567 5566 canes
626 5510 864 5585 ululatus
919 5518 1169 5573 emittent
1214 5533 1491 5593 vocesque
1543 5525 1968 5581 contumeliosas

2074 3194 2134 3231 τε
2163 3175 2545 3247 ἐργαζομένων
2573 3173 2672 3245 τὴν
2707 3173 2932 3244 ἀνομίαν
2965 3172 3262 3251 ἐκδίκησιν,
3295 3171 3427 3240 ἑξῆς
3454 3168 3616 3223 θεσπί-

2074 3267 2158 3333 ζει
2200 3267 2444 3336 φάσκων·
2502 3264 3006 3333 Ἐπιστρέψουσιν
3039 3265 3127 3330 εὶς
3161 3260 3444 3330 ἑσπέραν.
3484 3260 3618 3322 Τίνες

2071 3358 2131 3412 δὲ
2170 3352 2313 3411 οὗτοι
2354 3355 2468 3410 ἀλλ’
2496 3356 2544 3408 οἱ
2573 3353 2929 3426 ἐργαζόμενοι
2956 3353 3054 3424 τὴν
3086 3353 3314 3423 ἀνομίαν
3350 3352 3445 3406 καὶ
3469 3353 3517 3405 οἱ
3539 3351 3617 3405 ἀν-

2072 3448 2197 3518 δρες
2235 3447 2343 3501 τῶν
2386 3445 2667 3516 αἱμάτων;
2708 3444 2807 3498 Διά
2845 3444 2898 3498 τί
2933 3445 2991 3499 δὲ
3018 3446 3103 3508 είς
3125 3442 3424 3511 ἐσπέραν;
3454 3439 3618 3510 ἐπειδὴ

2073 3539 2168 3591 ἐπὶ
2204 3536 2477 3607 συντελείᾳ
2515 3534 2608 3589 τοῦ
2650 3535 2843 3599 αἰῶνος
2889 3535 3089 3606 ῆμελλε
3130 3534 3302 3588 ταῦτα
3340 3531 3616 3603 γίγνεσθαι.

2087 3629 2230 3681 Ἀντὶ
2250 3628 2307 3681 δέ
2332 3628 2447 3692 τοῦ,
2477 3627 2586 3681 Kal
2613 3625 2978 3696 λιμώξουσιν
2995 3626 3075 3691 ὡς
3098 3626 3277 3688 κύων,
3304 3626 3334 3676 ὁ
3356 3625 3455 3695 μὲν
3484 3619 3620 3675 ’Δκύ-

2073 3719 2193 3783 λας,
2216 3718 2326 3772 Καὶ
2360 3716 2799 3785 ὀχλασάτωσαν
2824 3716 2905 3781 ὡς
2931 3716 3112 3778 κύων,
3143 3715 3503 3785 ἡρμήνευσεν·
3525 3713 3552 3764 ὀ
3570 3710 3619 3763 δὲ

2074 3809 2388 3881 Σύμμαχος,
2422 3809 2535 3863 Kal
2561 3808 3030 3877 συνηχήσουσιν
3050 3806 3132 3872 ὡς
3154 3806 3352 3872 κύνες·
3384 3806 3414 3857 ὁ
3438 3804 3493 3858 δέ
3513 3803 3621 3857 Θεο-

2071 3901 2281 3967 δοτίων,
2321 3899 2433 3954 Kal
2475 3899 2823 3969 ἠχήσουσιν
2860 3899 2941 3964 ὡς
2986 3899 3167 3951 κύων·
3215 3897 3310 3949 καὶ
3345 3898 3379 3966 ἠ
3421 3895 3617 3964 πέμπτη

2072 3991 2281 4055 ἔκδοσις
2319 3992 2541 4063 ὁμοίως,
2568 3990 2679 4046 Kal
2718 3989 3066 4060 ἠχήσουσιν
3097 3989 3178 4054 ὡς
3218 3988 3417 4052 κύνες.
3463 3986 3620 4037 Ἀντι-

2072 4099 2208 4154 κρυς
2231 4083 2289 4135 δὲ
2315 4082 2403 4143 διὰ
2427 4082 2629 4140 τούτων
2651 4082 2780 4144 τοὺς
2809 4079 2907 4150 ὀψέ
2933 4096 3065 4133 ποτε
3098 4078 3240 4132 κατὰ
3271 4078 3398 4141 τοὺς
3424 4075 3617 4148 χρόνους

2071 4156 2171 4244 τῆς
2212 4170 2306 4226 τοῦ
2357 4173 2608 4243 Σωτῆρος
2659 4170 2818 4243 ἡμῶν
2863 4170 3100 4247 ἀφίξεως
3147 4169 3349 4239 ὁμοίως
3396 4167 3473 4238 τῷ
3514 4164 3617 4217 τότε

2071 4263 2265 4330 Σαοὺλ,
2305 4263 2395 4318 τὸν
2422 4263 2661 4317 ἀναίτιον
2687 4261 2958 4328 διώξαντι,
2992 4260 3284 4331 μέλλοντας
3320 4252 3415 4313 καὶ
3448 4254 3617 4315 αὐτοὺς

2072 4353 2162 4409 τὸν
2198 4354 2431 4425 Χριστὸν
2475 4352 2570 4406 τοῦ
2613 4352 2748 4406 Θεοῦ
2802 4352 3078 4423 πολεμεῖν,
3127 4350 3294 4414 κύνας
3341 4349 3614 4419 ὠνόμασεν.

2006 4427 2048 4482 D
2089 4444 2241 4497 Ἐπεὶ
2281 4443 2377 4497 καὶ
2416 4441 2505 4515 διὰ
2535 4440 2631 4495 τοῦ
2670 4442 2947 4514 προφήτου
2987 4441 3206 4493 Ἡσαΐου
3242 4440 3304 4492 τὸ
3337 4440 3464 4494 αὐτὸ
3488 4439 3616 4505 ἅγιον

2076 4532 2300 4606 Πνεῦμα
2346 4534 2475 4605 περὶ
2520 4533 2627 4597 τῶν
2678 4531 2856 4586 αὐτῶν
2899 4531 3140 4584 διδάσκει
3188 4528 3367 4598 λέγον·
3418 4527 3616 4589 Πάντες

2075 4623 2257 4688 κύνες
2282 4622 2435 4677 ἐνεοί
2470 4624 2581 4676 οὐκ
2611 4621 2835 4686 ειδότες
2865 4618 3169 4675 ὑλακτεῖν·
3203 4619 3298 4671 καὶ
3320 4621 3376 4671 ἐν
3398 4624 3481 4671 κα¹
3500 4613 3613 4684 ψαλ-

2079 4713 2184 4784 μῷ,
2214 4712 2284 4765 τὰ
2314 4712 2459 4784 πάθη
2490 4711 2583 4766 τοῦ
2612 4711 2861 4783 Σωτῆρος
2884 4712 2916 4781 ἡ
2925 4709 3038 4780 μῶν
3065 4698 3438 4781 διαγράφοντι,
3460 4708 3514 4774 ἐξ
3535 4705 3615 4758 αὐ-

2073 4803 2166 4858 τοῦ
2199 4803 2487 4875 προσώπου
2523 4803 2769 4857 λέλεκται
2806 4802 2900 4855 τοῦ
2920 4801 3205 4872 Σωτῆρος·
3241 4798 3613 4869 Περιεκύκιίω-

2074 4893 2196 4948 σάν
2216 4912 2294 4964 με
2318 4895 2499 4961 κύνες
2525 4892 2766 4956 πολλοὶ,
2797 4893 3115 4961 συναγωγὴ
3150 4888 3615 4961 πονηρευομένων

2074 4985 2395 5054 περιέσχον
2408 5001 2509 5053 με,
2547 4985 2609 5037 υἱ
2643 4980 2736 5038 οὗν
2767 4981 3121 5055 ἐργαζόμενοι
3161 4986 3261 5055 τὴν
3295 4982 3514 5053 ἀνομίαν
3538 4975 3613 5032 καὶ

2073 5078 2124 5130 οἱ
2151 5076 2343 5146 ἄνδρες
2369 5075 2478 5128 τῶν
2502 5075 2767 5146 αἱμάτων,
2799 5076 2848 5128 εί
2869 5075 2960 5128 καὶ
2990 5072 3061 5126 τά
3094 5073 3330 5143 μάλιστα
3353 5068 3446 5128 νῦν
3471 5066 3612 5124 πολλὰ

2073 5168 2329 5222 δύνασθαι
2363 5167 2600 5230 δοκοῦσι,
2631 5167 2725 5220 καὶ
2751 5167 2848 5237 τῆς
2879 5165 3155 5236 βασιλείας
3190 5168 3412 5237 κρατεῖν
3451 5163 3610 5229 ὥσπερ

2075 5259 2249 5313 Σαοὺλ
2288 5258 2426 5322 τέως
2466 5258 2558 5311 ἐπὶ
2585 5257 2681 5311 τοῦ
2711 5257 2994 5329 παρόντος,
3020 5256 3156 5310 ἀλλὰ
3179 5257 3469 5333 πάντεςογε
3489 5254 3530 5306 οἱ
3556 5249 3611 5301 τὰ

2073 5348 2275 5418 ἀδελφὰ
2293 5349 2467 5420 τούτῳ
2492 5348 2796 5421 πράξαντες
2815 5347 3230 5418 ἐπιστρέφουσιν
3249 5347 3347 5417 ὀψέ
3370 5363 3511 5408 ποτε,
3533 5340 3608 5395 καὶ

2073 5438 2153 5499 εἰς
2193 5436 2437 5511 ἑσπέραν,
2465 5436 2753 5507 όχλάσουσί
2793 5453 2870 5489 τε-
2892 5436 2987 5489 καὶ
3032 5438 3443 5508 συνηχήσουσιν,
3479 5430 3608 5486 οὐδὲν

2076 5527 2174 5597 μὲν
2231 5525 2491 5598 ἔναρθρον
2542 5523 2922 5598 φθεγγόμενοι,
2966 5527 3101 5581 οὐδὲ
3148 5529 3215 5581 ἐκ
3266 5522 3604 5598 λογικῆς-δια·

472 5664 517 5698 ⁷·
553 5663 702 5719 Psa'.
740 5681 851 5735 xxv,
887 5669 973 5742 ιθ,
1002 5674 1087 5727 ll.
1163 5674 1209 5708 "
1246 5676 1383 5733 ibid.
1417 5676 1621 5747 2|,22.
1697 5682 1743 5714 τε
1783 5677 1924 5736 Psal.
1964 5695 1972 5736 ι

2102 5681 2193 5738 24.
2273 5683 2316 5716 ⁷⁷
2357 5680 2461 5738 lsa.
2490 5696 2612 5750 va,
2648 5681 2734 5738 10.
2808 5683 2855 5715 ⁷⁸
2893 5680 3196 5761 habnt,
3236 5682 3317 5759 l7.
