3808 6280
167 322 256 382 5M

1279 322 1782 390 COMMENTARIA
1824 327 1893 383 IN
1931 327 2272 384 PSALMOS.

3275 334 3428 396 ’542

166 443 302 507 vola;
352 443 545 513 λόγους
594 445 774 512 ἀξίους
815 449 1036 520 μνήμης
1064 450 1488 520 προσφέροντες,
1524 448 1649 500 κυσὶ
1683 447 1738 499 δὲ

1842 451 1894 497 et
1939 445 2302 515 impudentes.
2332 443 2513 512 Quare
2545 446 2747 503 famem
2787 451 3082 518 patientur,
3120 465 3261 520 pane
3284 430 3424 510 'vita:

164 533 555 604 παραπλησίως
587 536 863 606 ὑλαγμοὺς
894 537 1168 608 ἀφιέντες,
1197 540 1380 608 φωνάς
1403 557 1462 590 τε
1493 538 1738 610 ὑϐριστι-

167 624 256 686 κάς
287 626 384 678 καὶ
417 626 672 689 ἀναιδεῖς.
720 628 810 681 Διὸ
850 631 944 682 καὶ
979 629 1304 699 λιμὼξουσιν
1335 631 1429 683 τοῦ
1460 630 1558 698 τῆς
1593 628 1739 697 ζωῆς

165 714 320 783 ἄρτου
356 715 710 784 στερηθέντες
728 734 742 747 ·
778 719 902 770 ἐπεὶ
936 719 1011 789 μὴ
1041 719 1404 790 παρεδέξαντο
1431 719 1529 790 τὴν
1559 721 1736 789 σωτή-

168 821 268 868 ριον
297 806 395 856 καὶ
419 806 666 876 οὐράνιον
689 807 914 880 τροφὴν,
951 806 1112 864 αὐτὸν
1144 809 1234 864 τὸν
1262 810 1520 882 εἰρηκότα
1539 827 1552 840 ·
1601 808 1740 877 Ἐγώ

163 897 267 963 εἶμι
315 898 352 948 ὁ
393 895 574 964 ἄρτος
625 901 657 952 ὀ
701 900 770 952 ἐκ
822 899 929 954 τοῦ
979 901 1242 969 οἰῳανοῦ
1294 901 1585 966 καταϐὰς,
1639 900 1736 952 καὶ

163 980 364 1051 διδοὺς
409 985 564 1054 ζωὴν
596 989 726 1055 τοῖς
774 991 1130 1059 ἀνθρώποις.
1192 993 1375 1061 Ὅθεν,
1406 993 1500 1045 καὶ
1551 991 1738 1059 ἕτερος

167 1083 446 1149 προφήτης
477 1082 569 1133 τὸν
597 1081 753 1152 λιμὸν
781 1081 968 1136 τοῦτον
993 1084 1364 1154 αἰνιττόμενος
1392 1083 1520 1135 ἐϐόα
1544 1082 1734 1149 λέγων·

176 1165 324 1219 Ἰδοὺ
369 1171 423 1221 ol
465 1168 862 1237 δουλεύοντές
913 1190 1013 1241 μοι
1072 1169 1399 1241 φάγονται,
1450 1171 1619 1241 ὑμεῖς
1671 1170 1740 1223 δὲ

164 1253 509 1308 πεινάσετε·
574 1257 704 1312 ἰδοὺ
759 1263 814 1314 οι
867 1259 1266 1326 δουλεύοντές
1314 1264 1415 1329 μόι
1471 1260 1738 1324 πίονταιν

164 1344 327 1412 ὑμεῖς
382 1345 450 1399 δὲ
505 1347 817 1416 διψήσετε.
866 1350 1226 1422 Στερηθέντες
1269 1351 1325 1404 δὲ
1371 1351 1473 1421 τῆς
1521 1350 1739 1404 αἰωνίου

164 1437 365 1506 τροφῆς
412 1439 506 1491 καὶ
551 1439 641 1493 τὸν
682 1441 845 1512 ἄρτον
890 1441 989 1510 τῆς
1037 1441 1183 1512 ζωῆς
1236 1441 1737 1512 παραιτησάμενοι,

164 1525 336 1578 οὐκέθ’
371 1527 447 1590 ὡς
479 1529 726 1600 πρόϐατα
764 1533 1084 1600 γενήσονται
1115 1531 1209 1583 τοῦ
1241 1531 1407 1584 καλοῦ
1449 1531 1703 1601 ποιμένος
1723 1546 1737 1560 ⁶

1841 536 2058 604 privati,
2089 537 2217 606 quia
2251 537 2544 592 salutarem
2565 546 2620 592 et
2652 541 2930 596 caelestem
2958 543 3140 598 cibum
3185 560 3295 599 non
3319 561 3416 601 ac-

1839 635 2123 695 ceperunt.
2178 627 2354 696 ipsum
2385 627 2596 682 scilicet
2635 630 2728 698 qui
2771 632 2847 684 ait
2884 650 2896 683 :
2937 631 3050 702 Ego
3080 651 3195 688 sum
3239 638 3416 705 panis,

1839 717 1929 784 qui
1962 715 2026 782 de
2051 717 2178 771 carlo
2204 716 2494 780 descendit,
2526 728 2574 772 et
2595 720 2684 788 qui
2710 719 2802 772 dal
2841 723 3000 774 vitam
3029 724 3325 780 hominibus
3349 728 3416 781 "’.

1841 805 2021 870 Quare
2043 808 2182 861 alius
2205 808 2464 878 preplieta
2505 809 2818 878 hujusmodi
2857 810 3051 865 famem
3083 815 3419 871 adumbrans

1841 898 2111 952 clamabat
2143 899 2334 954 dicens
2365 917 2376 953 :
2418 898 2552 953 Ecce
2576 900 2666 968 qui
2704 903 2935 956 serviunt
2965 904 3092 956 mihi
3122 908 3416 970 comedent,

1840 1005 1927 1042 vos
1959 1000 2133 1044 autem
2185 991 2428 1044 esurietis
2452 1007 2472 1045 ε
2517 1007 2632 1045 ecce
2669 994 2760 1061 qui
2790 994 3020 1047 serviunt
3058 996 3188 1048 mihi
3219 997 3416 1062 bibent,

1841 1095 1929 1132 vos
1965 1088 2139 1133 autem
2166 1079 2354 1134 sitietis
2381 1080 2449 1135 ⁸⁸.
2479 1079 2708 1134 ΑΞιεΐηα
2737 1089 2918 1136 autent
2946 1096 3070 1135 esca
3104 1083 3320 1152 privati,
3354 1099 3419 1141 ac

1840 1181 1981 1236 pane
2011 1169 2136 1222 vita:
2161 1169 2391 1237 rejecto,
2423 1185 2532 1223 non
2577 1170 2720 1224 ultra
2754 1179 2812 1224 ut
2856 1186 2986 1226 oves
3020 1171 3148 1226 boni
3181 1174 3420 1242 pastoris

1839 1257 2256 1325 reputabuntur,
2301 1259 2394 1314 sed
2426 1260 2656 1316 canibus
2687 1262 3171 1330 comparabuntur.
3215 1261 3419 1318 Deinde

1839 1360 1973 1400 vero
2002 1361 2070 1400 ex
2105 1334 2328 1401 civitate
2359 1363 2480 1408 sua,
2515 1365 2677 1418 quam
2708 1349 2952 1418 improbe
2979 1351 3290 1416 coluerunt,
3321 1367 3418 1406 ex-

1840 1436 2212 1491 turbabuntur
2248 1457 2260 1492 :
2297 1447 2460 1508 atque
2508 1440 2582 1493 ita
2637 1441 3019 1503 excludentur,
3055 1449 3114 1495 ut
3155 1458 3223 1496 ne
3273 1443 3421 1496 ultra

1847 1528 2000 1583 adire
2033 1529 2179 1582 illam
2213 1531 2451 1583 audeant
2489 1549 2502 1583 :
2536 1530 2664 1600 quia
2721 1531 2824 1599 ipsi
2855 1531 2976 1600 ejus
3029 1532 3242 1595 incolae,
3298 1546 3419 1586 eam

164 1618 673 1689 παραϐληθήσονται
705 1621 760 1672 δὲ
790 1622 968 1674 κυσίν.
1016 1615 1150 1672 Εἶτα
1177 1620 1233 1673 δὲ
1267 1622 1360 1674 καὶ
1405 1621 1504 1690 τῆς
1532 1620 1738 1673 ἑαυτῶν

1842 1621 2105 1690 sanguine
2149 1621 2516 1690 repleverunt.
2561 1619 2742 1686 Quare
2797 1621 2852 1674 in
2911 1637 3077 1690 supra
3113 1633 3419 1678 memorato

165 1707 399 1770 πόλεως,
430 1710 496 1778 ἣν
518 1709 715 1773 κακῶς
757 1710 1005 1781 ᾤκησαν,
1051 1710 1520 1780 ἀπελασοήσονται
1544 1726 1557 1739 ·
1608 1711 1738 1762 ἀπο-

1842 1713 1963 1765 loco
1988 1710 2272 1764 dicebatur
2297 1725 2311 1762 :
2340 1711 2606 1777 Quoniam
2641 1712 2744 1765 vidi
2767 1712 3097 1778 iniquitatem
3119 1723 3172 1766 et
3203 1727 3422 1768 contra-

163 1796 568 1868 κλεισοήσονταί
593 1816 653 1851 τε
685 1800 877 1868 αὐτῆς,
911 1799 986 1862 ὠς
1018 1799 1213 1869 μηκέτ’
1241 1799 1410 1869 αὐτῆς
1442 1799 1738 1853 ἐπιϐαίνειν

1842 1802 2123 1856 dictionem
2155 1802 2209 1855 in
2237 1803 2448 1856 ciuitate
2469 1803 2534 1854 ⁸³.
2571 1802 2785 1861 Atenim
2817 1803 2890 1857 ibi
2920 1802 3138 1859 lsraelis
3181 1807 3234 1858 in
3263 1793 3421 1861 Jeru-

162 1887 389 1958 τολμᾷν·
458 1890 756 1963 ἐπειδήπερ
807 1894 854 1944 ol
918 1890 1194 1954 οἰκοῦντες
1256 1893 1427 1961 αὐτὴν
1489 1893 1739 1962 αἱμάτων

162 1975 324 2046 αὐτὴν
371 1977 662 2047 ἐπλήρουν.
718 1978 808 2031 Διὸ
852 1981 909 2032 ἐν
952 1979 1029 2050 τῷ
1064 1980 1464 2052 προδηλωθέντι
1499 1981 1734 2049 ἐλέγετο·

164 2067 275 2120 Ὅτι
307 2059 476 2121 εἶδον
512 2069 768 2139 ἀνομίαν
811 2071 909 2124 καὶ
953 2071 1300 2142 ἀντιλογίαν
1337 2073 1406 2124 ἐν
1431 2070 1506 2140 τῇ
1539 2072 1733 2124 πόλει.

170 2153 303 2209 Ἀλλ’
339 2158 461 2210 ἐκεῖ
505 2155 603 2229 μέν
649 2160 721 2213 τὰ
759 2160 1100 2232 τολμηθέντα
1137 2161 1214 2232 τῷ
1263 2161 1480 2234 Ἰσραὴλ
1512 2165 1570 2215 ἐν
1597 2163 1736 2232 αὐτῇ

160 2248 591 2320 τῇΊερουσαλὴμ
623 2251 763 2304 κατά
789 2251 884 2303 τοῦ
911 2252 1160 2323 Σωτῆρος
1191 2252 1471 2325 ἐδηλοῦτο·
1505 2253 1737 2306 ἐνταῦθα

161 2337 211 2390 δὲ
243 2339 306 2391 τὸ
341 2339 688 2410 συμϐεϐηκὸς
737 2341 924 2404 αὐτοῖς
969 2343 1110 2412 μετά
1148 2343 1322 2396 ταῦτα
1350 2346 1415 2414 τῇ
1450 2342 1544 2396 τοῦ
1579 2344 1735 2412 ἁγίου

161 2427 472 2498 Πνεύματος
513 2431 821 2501 προγνώσει
862 2434 895 2503 ή
932 2433 1120 2504 Γραφὴ
1167 2434 1498 2504 στηλιτεύει·
1534 2435 1614 2488 διὸ
1642 2437 1736 2489 καὶ

159 2522 571 2590 στηλοῃοαφία
595 2522 877 2594 κέκληται.
895 2523 1014 2576 Τοῦ
1043 2525 1100 2576 δὲ
1123 2525 1285 2596 λόγου
1311 2526 1372 2579 τὸ
1391 2526 1738 2597 ἀποτέλεσμα

160 2613 486 2684 παρίστησιν
531 2614 565 2686 ὴ
599 2616 708 2669 τῶν
758 2616 1098 2687 πραγμάτων
1133 2615 1375 2680 ἔκϐασις.
1424 2617 1584 2671 Μετὰ
1606 2618 1736 2687 γοῦν

162 2703 251 2774 τὴν
279 2705 425 2759 κατά
462 2705 556 2758 τοῦ
581 2708 831 2778 Σωτῆρος
860 2706 1016 2778 ἡμῶν
1052 2697 1343 2781 ἐπιϐουλὴν
1376 2709 1576 2774 αὐτῶν,
1611 2711 1735 2761 ἐπι-

164 2796 379 2860 στάντες
437 2797 695 2868 Ῥωμαῖοι
750 2796 903 2859 τέλος
965 2799 1168 2867 ἐπῆγον
1219 2803 1332 2864 τοῖς
1382 2801 1736 2870 προφητικῶς

163 2880 349 2947 λόγοις.
385 2882 589 2952 Νόμοις
627 2884 758 2951 γοῦν
798 2883 905 2937 τῶν
946 2885 1293 2954 κρατούντων
1327 2887 1386 2954 ἐξ
1432 2888 1640 2940 ἐκείνου
1675 2887 1736 2940 τὸ

161 2974 260 3025 πᾶν
294 2973 565 3027 Ἰουδαίων
605 2975 756 3039 ἔθνος
806 2977 1181 3048 ἀπηγόρευται
1223 2983 1338 3044 τοῖς
1378 2981 1565 3045 τόποις
1612 2982 1736 3034 ἐπι-

161 3065 380 3128 ϐαίνειν,
418 3068 796 3139 ἀπαραιτήτου
839 3069 1112 3141 τιμωρίας
1145 3072 1596 3142 ἐπαιωρουμένης
1625 3075 1735 3136 τοῖς

160 3155 249 3209 τοῦ
279 3158 443 3228 νόμου
471 3158 838 3230 παραϐἀταις.
871 3160 962 3212 Διὸ
991 3161 1156 3215 εἰσέτι
1191 3162 1287 3214 καὶ
1319 3164 1557 3234 σήμερον
1589 3163 1734 3233 ἀμφὶ

169 3248 257 3301 ,ιὲν
305 3250 431 3312 τοὺς
485 3250 646 3321 ὅρους
699 3253 792 3305 καὶ
856 3248 1039 3322 κύκλῳ
1098 3253 1389 3324 παριόντες
1452 3254 1735 3325 πόρρωθεν

162 3339 430 3390 επανται·
484 3340 606 3409 μηδ’
650 3340 708 3405 ἐξ
741 3337 987 3394 ἀπόπτου
1028 3337 1090 3394 τὸ
1133 3342 1303 3396 πάλαι
1348 3343 1735 3414 νενομισμένον

162 3428 339 3491 αὐτοῖς
371 3431 516 3500 ἱερὸν
550 3430 744 3500 ἔδαφος
777 3431 1074 3485 θεάσασθαι
1108 3432 1526 3505 καταξιούμενοι
1546 3451 1559 3464 ·
1598 3432 1734 3499 ἐξω-

162 3516 250 3570 Οεν
278 3516 334 3570 δέ
357 3519 703 3585 κυκλοῦντες,
741 3522 923 3575 πίστιν
970 3517 1233 3592 ἐπάγουσι
1266 3527 1332 3595 τῇ
1369 3524 1506 3594 μετά
1547 3529 1736 3596 χεῖρας

162 3607 387 3682 λεγούσῃ
445 3613 669 3684 Γραφῇ·
741 3614 1245 3681 Ἑπιστρέψουσιν
1307 3617 1395 3680 είς
1448 3614 1733 3682 ἑσπέραν,

160 3703 261 3756 καὶ
324 3705 693 3774 λιμώξουσιν
763 3705 845 3772 ὡς
910 3705 1104 3769 κύων,
1176 3705 1276 3759 καὶ
1347 3705 1736 3761 κυκλώσουσι

163 3805 358 3857 πόλιν.
403 3798 511 3852 Καὶ
555 3797 767 3860 τούτοις
816 3797 942 3868 ἑξῆς
981 3797 1298 3867 ἐπιλέγεται
1331 3801 1364 3868 ἡ
1391 3799 1538 3852 αἰτία
1575 3798 1640 3851 δι’
1673 3799 1738 3868 ἣν

164 3891 336 3943 ταῦτα
365 3888 667 3942 πείσονται·
712 3887 858 3942 Ἰδοὺ
886 3887 1015 3958 γὰρ,
1048 3887 1232 3956 φησὶν,
1261 3886 1761 3955 άπορθέγξονται-

166 3983 239 4033 ἑν
275 3980 350 4046 τῷ
387 3982 634 4049 στόματι
675 3978 894 4043 αὐτῶν,
933 3979 1029 4033 καὶ
1061 3979 1334 4047 ῥομφαία
1364 3978 1434 4031 ἐν
1457 3977 1582 4043 τοῖς
1614 3979 1736 4045 χεί-

165 4076 336 4127 λεσιν
379 4073 595 4137 αὐτῶν,
628 4071 717 4126 ὅτι
765 4072 857 4138 τίς
883 4070 1149 4140 ἤκουσε;
1184 4069 1356 4143 ταῦτα
1385 4069 1492 4140 γὰρ
1525 4070 1740 4124 ἅπαντα

171 4164 457 4216 πεπόνθασι
510 4158 599 4216 διὰ
662 4161 761 4226 τάς
812 4157 1005 4225 ἀθέους
1064 4160 1245 4214 αὐτῶν
1310 4160 1403 4212 καὶ
1459 4157 1740 4223 δυσσεϐεῖς

170 4256 367 4325 φωνὰς,
397 4255 463 4318 ἃς
489 4255 632 4308 κατὰ
656 4254 748 4308 τοῦ
783 4252 1206 4324 Σωτῆροςήμῶν
1236 4253 1486 4321 ἠφίεσαν,
1520 4251 1614 4305 ἐπὶ
1645 4251 1738 4305 τοῦ

173 4347 393 4402 Πιλάτου
428 4348 657 4419 βοῶντες
680 4364 694 4377 ο
731 4343 889 4414 Αἶρε,
936 4341 1084 4414 αἶρε,
1133 4345 1489 4411 σταύρωσον
1530 4346 1736 4398 αὐτόν.

1841 1887 2010 1948 salem
2055 1900 2249 1947 contra
2286 1892 2622 1950 Salvatorem
2669 1894 2914 1948 facinora
2950 1896 3415 1964 recensebantur;

1842 1983 1931 2037 hic
1961 1999 2091 2038 vero
2125 1999 2248 2053 quae
2294 1984 2428 2052 ipsis
2471 1994 2660 2054 postea
2700 1986 3032 2055 contigerint
3079 2003 3144 2042 ex
3177 1987 3419 2058 Spiritus

1841 2075 2016 2129 sancti
2054 2074 2386 2130 revelatione
2412 2074 2698 2146 Scriptura
2725 2092 2822 2130 ceu
2856 2077 2911 2130 in
2941 2078 3104 2147 cippo
3130 2079 3415 2146 inscribit;

1839 2181 2008 2236 quare
2030 2168 2174 2220 tituli
2197 2168 2474 2237 inscriptio
2495 2167 2714 2224 dicitur.
2747 2168 3086 2238 Completum
3117 2185 3278 2240 porro
3302 2186 3419 2225 ser-

1838 2273 2053 2312 monem
2093 2273 2216 2314 esse
2246 2273 2428 2314 rerum
2457 2265 2686 2315 eventus
2711 2260 2972 2314 declarat.
3009 2259 3143 2314 Nam
3169 2268 3291 2331 post
3326 2261 3416 2315 in-

1839 2349 2012 2405 sidias
2050 2349 2121 2403 ab
2163 2349 2231 2403 iis
2261 2357 2451 2403 contra
2487 2350 2823 2405 Salvatorem
2865 2361 3108 2420 paratas,
3147 2352 3420 2405 irruentes

1787 2485 1791 2489 .
1838 2439 2092 2503 Romani,
2121 2438 2288 2495 dictis
2325 2440 2658 2509 propheticis
2685 2441 2844 2495 linem
2870 2441 3176 2495 intulerunt
3206 2458 3219 2495 :
3255 2441 3416 2510 siqui-

1836 2530 1958 2584 dem
1999 2530 2268 2585 victorum
2317 2531 2435 2601 lege
2484 2531 2752 2587 universae
2806 2529 3049 2585 Judaicae
3094 2531 3238 2600 genti
3269 2531 3421 2585 aditu

1839 2622 2084 2675 locorum
2117 2620 2468 2676 interdictum
2502 2631 2618 2687 est;
2669 2622 3002 2678 inevitabilis
3032 2623 3236 2692 quippe
3285 2623 3421 2691 legis

1838 2713 2342 2782 transgressoribus
2398 2713 2675 2783 impendet
2723 2714 2877 2768 ultio.
2934 2712 3298 2777 Quamobrem
3350 2713 3420 2766 ad

1838 2803 1980 2858 hanc
2007 2820 2184 2874 usque
2227 2805 2392 2869 diem,
2431 2805 2498 2859 ad
2531 2813 2714 2860 certos
2765 2803 3032 2858 terminos
3067 2805 3124 2857 in
3182 2803 3418 2857 circuitu

1837 2895 2184 2962 accedentes,
2213 2896 2404 2965 procul
2444 2896 2754 2950 consistunt
2790 2910 2804 2946 :
2836 2909 3018 2963 neque
3054 2893 3230 2951 solum
3259 2894 3417 2957 illud,

1837 2988 1984 3058 quod
2021 3003 2240 3043 sacrum
2278 2987 2408 3040 olim
2444 2986 2822 3056 reputabatur,
2858 2986 2942 3042 vel
2972 2985 3162 3055 procul
3194 2985 3421 3054 conspi-

1838 3089 1960 3128 cere
1984 3073 2117 3144 ipsis
2137 3073 2468 3128 conceditur.
2509 3073 2612 3127 Sed
2643 3074 2789 3129 foras
2813 3074 3238 3136 circumeuntes,
3269 3071 3422 3126 Scri-

1837 3171 2012 3232 plura:
2057 3178 2179 3231 qua:
2218 3162 2330 3231 jam
2386 3161 2566 3232 agitur
2618 3163 2777 3216 tidem
2831 3161 3128 3214 conciliant
3158 3159 3414 3213 dicenti:

1838 3252 2215 3308 Concertentur
2241 3251 2309 3304 ad
2337 3268 2625 3320 vesperam,
2649 3261 2698 3305 et
2727 3251 2919 3320 famem
2951 3250 3219 3318 patientur
3248 3256 3306 3302 ut
3328 3263 3417 3303 ca-

1837 3345 1942 3407 nis,
1975 3352 2024 3397 et
2056 3341 2354 3396 circuibuut
2390 3343 2674 3395 civitatem.
2729 3339 2932 3394 Deinde
2959 3353 3088 3393 vero
3127 3338 3420 3409 subjuugi-

1838 3443 1928 3488 tur
1956 3443 2118 3497 tanta:
2139 3434 2468 3489 calamitatis
2491 3448 2659 3488 causa
2691 3450 2705 3488 :
2737 3448 2860 3486 nam
2887 3431 2962 3484 ait
2991 3450 3004 3484 :
3034 3430 3165 3484 Ecce
3204 3429 3423 3500 loquen-

1839 3535 1925 3577 tur
1957 3525 2010 3577 in
2043 3541 2131 3578 ore
2163 3541 2278 3589 suo,
2308 3532 2357 3577 et
2402 3523 2612 3594 gladius
2653 3524 2710 3577 in
2751 3522 2906 3577 labiis
2932 3536 3136 3584 eorum,
3168 3523 3420 3588 quoniam

1836 3617 1953 3686 quis
2006 3616 2250 3672 audivit?
2301 3615 2590 3671 Enimvero
2637 3616 2750 3670 haec
2782 3616 2964 3670 omnia
2997 3611 3145 3681 passi
3191 3620 3322 3665 sunt
3350 3614 3422 3665 ob

1840 3707 2036 3776 impias
2065 3707 2187 3762 illas
2224 3714 2278 3762 et
2311 3707 2550 3761 nefarias
2586 3721 2769 3772 voces,
2807 3722 2946 3775 quas
2990 3716 3183 3762 contra
3228 3707 3421 3760 Salva-

1839 3806 2014 3852 torem
2040 3805 2290 3853 nostrum
2319 3799 2686 3867 protulerunt,
2720 3796 2786 3848 ad
2815 3795 3045 3849 Pilatum
3076 3797 3377 3852 clamantes
3403 3815 3417 3849 :

1845 3889 2014 3953 Tolle,
2057 3888 2203 3950 tolle,
2251 3888 2498 3955 cruci/ige
2538 3903 2656 3939 eum
2703 3887 2770 3940 ⁸⁸.
2817 3885 3046 3957 Sanguis
3089 3889 3205 3958 ejus
3263 3904 3426 3957 super

1813 3983 2162 4046 'uosetsuper
2177 3979 2317 4047 ﬁlios
2341 3988 2549 4031 nostros
2563 3978 2626 4028 ⁸³.
2653 3976 2809 4041 Quod
2835 3977 2920 4033 bis
2947 3979 3126 4033 verbis
3149 3972 3426 4049 signiﬁca-

1844 4079 1935 4123 tur
1967 4089 1980 4123 :
2019 4069 2154 4123 Ecce
2184 4069 2460 4138 loquentur
2492 4069 2546 4121 in
2579 4083 2668 4120 ore
2702 4073 2819 4132 suo,
2854 4077 2902 4121 et
2936 4068 3146 4138 gladius
3181 4072 3236 4123 iu
3269 4069 3426 4124 labiis

1840 4177 2044 4216 eorum.
2083 4161 2191 4215 Pro
2231 4161 2324 4215 illo
2367 4166 2566 4220 autem,
2603 4159 2866 4224 Quoniam
2889 4161 3004 4230 quis
3033 4161 3277 4216 audivit?
3311 4162 3426 4214 cla-

1845 4252 1962 4306 rius
1986 4251 2347 4322 Symmacbus
2382 4253 2775 4322 interpretatus
2804 4251 2888 4306 bis
2919 4251 3102 4306 verbis
3133 4262 3232 4316 cst,
3257 4253 3430 4317 Quasi

1846 4343 1994 4396 nullo
2026 4343 2270 4396 audiente
2299 4343 2627 4396 clamabant.
2663 4341 2815 4396 Talia
2851 4343 3051 4412 quippe
3081 4354 3270 4396 contra
3309 4343 3430 4395 Sal-

181 4439 250 4490 Τὸ
306 4434 442 4508 αἷμα
500 4436 686 4494 αὐτοῦ
746 4433 1046 4505 ἐφ’,ἠμᾶς
1113 4433 1210 4486 καὶ
1274 4434 1372 4486 ἐπὶ
1435 4433 1506 4486 τὰ
1562 4433 1738 4487 τέκνα

1849 4441 2088 4486 vatorem
2119 4434 2484 4494 olylatrabaut.
2522 4432 2680 4502 quasi
2727 4432 2944 4487 nemine
2989 4432 3335 4500 inspiciente.
3376 4437 3431 4480 ct

179 4519 363 4594 ἡμῶν·
386 4527 413 4580 ὃ
439 4528 502 4598 δὴ
539 4526 793 4597 σημαίνει
831 4525 1054 4594 φάσκων
1099 4520 1126 4574 ὁ
1156 4523 1314 4591 λόγος
1334 4540 1346 4552 ·
1421 4522 1566 4577 Ἰδοὺ
1597 4524 1742 4577 ἀπο-

177 4605 515 4689 εὲθέγξονται
537 4621 607 4673 ἐν
629 4620 878 4687 στόματι
904 4616 1102 4671 αὐτῶν
1127 4615 1225 4669 καὶ
1247 4614 1514 4684 ῥομφαία
1533 4615 1603 4668 ἐν
1619 4613 1742 4680 τοῖς

179 4711 434 4779 χείλεσιν
473 4708 691 4766 αὐτῶν.
755 4708 900 4762 Ἀντὶ
931 4708 987 4761 δὲ
1021 4707 1138 4772 τοῦ,
1177 4709 1297 4760 Ὅτι
1337 4706 1429 4772 τίς
1473 4704 1706 4772 ἢκουσε
1724 4721 1753 4768 ,f

181 4800 496 4873 σαφέστερον
554 4803 896 4874 ήρμήνευσεν
958 4801 986 4852 ὁ
1042 4798 1338 4869 Σύμμαχος
1400 4794 1598 4849 εἰπών·
1651 4795 1745 4861 Ὡς

180 4890 414 4958 οὐδενὸς
452 4893 782 4957 ἀκούοντος
826 4892 1029 4944 ἐϐόων.
1065 4889 1302 4944 Τοιαῦτα
1331 4888 1441 4956 γὰρ
1481 4886 1622 4940 κατά
1652 4885 1745 4939 τοῦ

181 4981 420 5054 Σωτῆρος
467 4985 752 5047 ὑλάκτουν,
787 4983 862 5055 ὡς
892 4981 1119 5052 μηδενὸς
1165 4980 1477 5050 ὑφορῶντος
1498 5017 1512 5041 ,
1549 4979 1644 5031 καὶ
1672 4977 1747 5041 ὡς

188 5072 260 5142 μὴ
285 5075 373 5144 τῆς
397 5076 578 5148 φωνῆς
607 5076 786 5129 αὐτῶν
815 5073 1236 5146 ἐπακροωμένου
1282 5071 1373 5124 τοῦ
1404 5069 1564 5125 Θεοῦ.
1609 5069 1746 5122 Ἀλλ’

184 5167 370 5220 ἐκεῖνοι
420 5171 518 5239 μὲν
566 5169 640 5232 ὡς
688 5167 915 5238 μηδενὸς
969 5165 1256 5228 ἀκούοντος
1310 5162 1512 5215 ἐϐόων·
1575 5162 1639 5214 σὺ
1690 5161 1747 5215 δὲ

1850 4525 2005 4594 quasi
2039 4540 2105 4578 ne
2137 4523 2219 4578 vel
2255 4525 2370 4592 ipse
2411 4523 2555 4577 Deus
2585 4539 2769 4578 vocem
2814 4539 3002 4576 eorum
3049 4520 3281 4574 audiret.
3321 4517 3427 4571 Ve-

1852 4631 1973 4669 rum
2002 4615 2078 4669 illi
2111 4614 2332 4684 quidem
2378 4623 2435 4667 ut
2462 4614 2682 4669 nemine
2710 4613 2965 4667 audiente
2994 4610 3339 4673 clamabant;
3378 4616 3433 4659 at

1853 4715 1910 4762 tu
1942 4708 2186 4761 omnium
2226 4708 2504 4776 inspector
2532 4716 2582 4760 ct
2609 4707 2797 4774 judex,
2825 4720 2932 4757 non
2966 4703 3141 4755 solum
3170 4699 3298 4752 talia
3335 4701 3430 4751 ub-

1853 4798 2117 4854 latrautes
2165 4798 2450 4861 audiebas,
2487 4795 2581 4851 sed
2617 4796 2880 4849 ridiculos
2915 4793 3132 4862 agebas.
3192 4789 3255 4842 Et
3297 4802 3434 4856 quo-

1854 4889 2020 4944 modo
2072 4905 2180 4943 non
2229 4889 2471 4952 ridiculi,
2522 4888 2616 4957 qui
2673 4891 2929 4955 putarent
2980 4891 3060 4935 tot
3095 4881 3429 4934 mirabilium

1856 4984 2129 5053 Opiﬁcem,
2181 4998 2240 5038 se
2271 4982 2476 5035 malitia
2520 4995 2618 5036 sua
2671 4975 3076 5045 supcratutOs?
3121 4971 3176 5026 In
3223 4970 3435 5040 psalmo

1855 5071 2098 5128 secundo
2131 5071 2386 5124 similiter
2414 5069 2659 5123 dicitur;
2687 5065 2790 5130 Qui
2822 5063 3025 5115 habitat
3056 5063 3108 5114 in
3134 5060 3278 5114 cwlis
3311 5056 3436 5113 irri-
3527 5133 3529 5137 ι

1855 5161 1996 5215 dabit
2024 5179 2131 5226 eos,
2158 5172 2204 5214 et
2230 5160 2485 5214 Dominus
2515 5155 2860 5211 subsannabit
2887 5170 2974 5206 eos
3005 5154 3074 5207 ⁸⁸.

185 5263 335 5327 αὐτὸς
370 5267 396 5318 ὁ
427 5267 644 5319 πάντων
684 5265 876 5335 ἔφορος
915 5263 1106 5336 κριτὴς
1149 5263 1209 5315 οὐ
1255 5261 1412 5331 μόνον
1450 5261 1644 5331 ιἤκουες
1677 5259 1744 5312 τὰ
1781 5259 2004 5312 τοιαῦτα
2038 5257 2432 5316 ὑλακτούντων,
2463 5253 2596 5309 ἀλλὰ
2644 5252 2736 5305 καὶ
2783 5249 3220 5317 καταγελάστους
3285 5245 3436 5336 ἐποί-

190 5371 282 5418 εις.
324 5361 426 5412 Καὶ
467 5360 584 5423 πῶς
612 5359 722 5430 γὰρ
759 5361 858 5412 οὐκ
894 5355 1034 5430 ἦσαν
1079 5356 1469 5424 καταγέλαστοι
1511 5355 1560 5407 οἱ
1627 5353 1938 5424 νομίζοντες
1999 5351 2256 5406 δύνασθαι
2289 5351 2381 5402 τὸν
2411 5348 2521 5404 τῶν
2552 5345 2819 5399 τοσούτων
2887 5340 3202 5412 παραδόξων
3262 5339 3438 5409 ἔργων

192 5451 404 5522 ποιητὴν
435 5455 500 5522 τῇ
541 5452 750 5506 ἑαυτῶν
783 5451 1025 5520 νικήσειν
1079 5449 1284 5520 κακίας
1316 5449 1425 5501 Καὶ
1458 5449 1516 5499 ἐν
1580 5445 1660 5499 τῶ
1693 5445 1738 5498 ϐ’
1765 5447 1822 5499 δέ
1860 5446 2076 5517 εἴρηται
2123 5442 2358 5514 ψαλμῷ·
2418 5443 2473 5495 '0
2506 5437 2800 5494 κατοικῶν
2842 5437 2912 5492 ἐν
2957 5433 3235 5504 οὐρανοῖς
3276 5433 3434 5501 ἐκτε-

193 5540 424 5598 λάσεται
476 5545 734 5612 αὐτοὺς,
785 5546 881 5600 καὶ
923 5546 1137 5614 Κύριος
1189 5542 1574 5613 ἐκμυκτηριεῐ
1618 5541 1900 5606 αὺτούς.,

206 5739 275 5791 tt,
306 5725 352 5781 4.

265 5657 480 5729 "_.loan.
512 5676 602 5729 vt,
636 5660 726 5714 H.
801 5659 845 5691 ⁸ο
885 5657 989 5714 lsa.
1027 5673 1150 5721 va,
1193 5656 1273 5710 l3.
1349 5656 1388 5686 '“
1435 5651 1580 5708 Psali
1620 5666 1728 5716 ων,
1770 5651 1853 5707 l0.
1933 5649 2155 5706 "Joan.
2191 5666 2277 5703 six
2303 5689 2316 5713 ,
2355 5648 2438 5704 l5.
2517 5647 2562 5679 ⁸³
2604 5644 2792 5700 Matth.
2833 5658 3012 5707 xxvii,
3041 5640 3132 5696 25.
3209 5638 3256 5671 “
3293 5636 3439 5694 Psal.
