3808 6280
177 342 272 399 815

181 560 260 613 ἐπὶ
290 553 450 621 τούτῳ
489 549 758 611 Ἰουδαῖοι,
789 548 865 612 ὡς
894 548 1066 620 πάντα
1124 545 1458 617 πληροῦντες
1489 544 1555 598 τά
1590 544 1717 614 ἔθνη

181 648 311 720 παρά
333 663 385 699 τε
410 641 698 715 βαρὸἀροις
724 641 817 695 καὶ
843 640 900 693 ὲν
930 640 1115 710 μέσοις
1141 637 1397 706 Ἓλλησιν
1418 635 1715 698 οἰκοῦντες·

182 740 276 793 ἀλλ’
326 737 568 795 ἴστωσαν,
617 734 696 786 ὃτι
769 732 825 782 ὲν
872 731 1116 800 κατάρας
1186 729 1330 798 λόγῳ
1372 727 1545 780 ταῦτα
1595 726 1723 797 περὶ

178 829 333 891 αὐτῶν
361 822 681 888 ὲθεσπίζετο.
700 822 763 872 Ἡ
784 820 911 889 γοῦν
943 820 1192 889 παροῦσα
1222 817 1525 887 προφητεία
1561 816 1723 884 φησιν

186 921 293 992 περὶ
315 916 509 972 αὐτῶν·
541 915 983 980 Διασκόρπισον
1020 910 1242 975 αὐτοὺς
1269 909 1338 961 ἐν
1376 906 1448 974 τῇ
1476 904 1724 974 δυνάμει

184 1027 307 1073 σου,
358 1008 451 1062 καὶ
504 1004 798 1074 κατάγαγε
858 1002 1117 1066 αὐτοὺς,
1175 1004 1207 1053 ό
1268 994 1724 1066 ὑπερασπιστὴς

184 1123 279 1176 μου
318 1103 501 1169 Κύριε.
561 1097 718 1151 Ἀλλά
775 1097 869 1149 καὶ
912 1095 974 1148 τὸ
1024 1094 1100 1165 μὴ
1146 1094 1374 1162 πάμπαν
1421 1090 1615 1150 αὐτοὺς
1670 1085 1729 1148 ἐξ

186 1192 452 1266 ἀνθρώπων
486 1186 778 1258 ἠφανίσθαι
826 1184 1079 1257 σημαίνει
1126 1182 1386 1250 λέγουσα·
1443 1177 1538 1245 Μὴ
1584 1177 1731 1231 ἁπο-

188 1284 395 1350 κτείνῃς
413 1275 654 1344 αὐτοὺς,
694 1275 926 1347 μήποτε
970 1270 1367 1327 ἐπιλάθωνται
1425 1268 1530 1322 τοῦ
1576 1265 1731 1322 λαοῦ

187 1386 299 1429 σου.
343 1372 401 1430 Εἰ
445 1370 548 1440 γὰρ
580 1363 720 1438 ἦσαν
759 1365 819 1429 ἐξ
846 1363 1147 1434 ἀνθρώπων
1190 1358 1597 1429 ἀφανισθέντες,
1638 1354 1732 1409 καὶ

189 1458 421 1533 μηδαμῶς
465 1461 519 1510 ἐν
568 1456 733 1520 ζῶσιν
782 1454 968 1516 ὄντες,
1009 1452 1107 1504 οῦκ
1150 1449 1215 1503 ἂν
1243 1444 1403 1512 εἶδον,
1444 1447 1598 1516 φησί,
1642 1443 1734 1496 τὸν

189 1553 298 1623 ιμδν
340 1549 457 1603 λαὸν
485 1587 500 1612 ,
553 1546 661 1599 οὐδ’
713 1543 777 1599 ἃν
828 1544 1073 1610 ἔγνωσαν
1122 1538 1397 1593 ἀνθοῦσαν
1446 1536 1543 1605 τὴν
1598 1534 1735 1605 ἐμὴν

200 1639 490 1711 Ἐκκλησίαν
516 1652 530 1665 ·
576 1637 691 1694 ἀλλ’
727 1637 813 1688 ἵνα
847 1634 1117 1703 βλέπωσιν
1146 1630 1316 1699 αὐτὴν
1345 1626 1438 1681 καὶ
1484 1626 1573 1679 τὸν
1605 1623 1735 1695 ἐμὸν

189 1731 399 1802 θεωρῶσι
442 1728 587 1792 λαὸν,
640 1727 715 1798 μὴ
749 1725 1075 1794 ἀποκτείνῃς
1108 1722 1205 1792 μὲν
1238 1719 1454 1781 αὐτοὺς,
1486 1716 1738 1785 διασκὸρ⁴

1270 317 1773 389 aevumann
1813 325 1877 381 IN
1916 317 2253 380 PSALMOS.

181 463 260 519 καὶ
292 456 577 515 ἀναστέτου
623 454 976 527 τυγχάνοντος
1000 470 1013 484 ·
1056 453 1185 507 ὥστ’
1222 456 1269 509 εἰ
1303 452 1443 522 μέγα
1472 452 1719 524 φρονοῖεν

1855 452 2086 499 ηνοιιειον
2126 456 2269 494 meus
2305 436 2543 489 Domine.
2580 431 2685 488 Sed
2721 433 2885 489 etiam
2917 430 3065 504 quod
3104 444 3213 487 non
3244 447 3400 501 pem-
3502 454 3511 465 κ

3286 312 3393 368 κισ

1825 546 1915 593 tus
1938 550 2004 590 ex
2028 531 2342 587 hominibus
2364 525 2525 581 deleti
2558 526 2690 588 sint,
2714 524 2802 578 his
2827 524 3052 590 indicat,
3080 521 3163 577 Ne
3188 521 3401 577 occidas

1823 644 1934 690 eos,
1969 620 2243 693 nequando
2273 618 2653 671 obliviscantur
2701 614 2882 685 populi
2935 614 3029 667 tui.
3082 611 3219 667 Nam
3253 611 3300 667 si
3334 626 3404 665 ex

1826 714 2143 771 hominibus
2177 703 2376 766 sublati
2410 712 2619 768 essent,
2657 719 2833 773 neque
2864 704 3095 758 ulterius
3137 702 3279 757 inter
3328 700 3406 754 vi-

1826 822 1925 862 vos
1952 812 2400 865 numerarentur,
2434 817 2803 872 nequaquam,
2829 801 2923 865 ait,
2955 801 3203 855 viderent
3230 813 3405 868 popu-

1828 900 1938 953 lum
1966 913 2171 961 meum,
2204 912 2383 966 neque
2418 895 2700 951 ﬂorentem
2743 893 3043 948 Ecclesiam
3077 907 3251 947 meam
3283 905 3407 962 per-

1827 1000 2121 1045 noscerent
2156 1007 2168 1041 :
2203 988 2298 1043 sed
2339 995 2397 1041 ut
2432 1002 2551 1041 eam
2581 993 2637 1041 et
2680 986 2940 1056 populum
2972 999 3152 1038 meum
3194 982 3408 1052 conspi-

1830 1080 2001 1143 ciant,
2027 1094 2095 1134 ne
2129 1078 2376 1141 occidas,
2409 1077 2503 1132 sed
2548 1076 2837 1146 dispergas
2869 1091 2963 1131 eos
2993 1075 3194 1144 ubique
3227 1082 3404 1128 terra-

1830 1187 1977 1234 rum,
2009 1171 2103 1226 ubi
2130 1170 2377 1225 Ecclesia
2414 1185 2534 1223 mea
2566 1169 2956 1223 constituenda
2979 1173 3099 1231 est;
3130 1173 3190 1219 ut
3235 1181 3407 1236 popu-

1832 1260 1944 1315 lum
1986 1276 2191 1323 meum,
2224 1259 2632 1328 Ecclesiamque
2687 1274 2785 1327 per
2835 1264 3010 1311 totum
3040 1257 3227 1310 orbem
3260 1270 3290 1307 a
3321 1269 3410 1309 me

1834 1350 2116 1404 fundatam
2148 1350 2418 1412 videntes,
2452 1349 2518 1402 ad
2562 1350 2963 1403 aemulationem
3007 1346 3290 1417 religionis
3322 1358 3413 1399 ac-

1836 1439 2071 1504 cedant;
2103 1440 2465 1509 cxemploque
2510 1439 2695 1508 populi
2733 1453 2797 1491 ex
2830 1437 3085 1506 gentibus
3130 1434 3406 1499 conversi,

1835 1531 2171 1601 ipsiquoque
2195 1531 2488 1585 insanabili
2535 1529 2937 1599 incurabilique
2960 1544 3060 1584 suo
3089 1528 3414 1583 idololatriae

1838 1624 1983 1676 ma'lo
2013 1623 2172 1676 [luem
2206 1624 2507 1691 imponant.
2538 1621 2663 1675 Hac
2696 1621 2879 1691 itaque
2904 1637 3003 1691 pro
3028 1620 3136 1675 illis
3162 1618 3415 1673 Salvator

1838 1720 2093 1784 precatus
2134 1721 2238 1776 est,
2274 1712 2493 1768 Patrem
2526 1713 2848 1777 obsecrans,
2888 1728 2957 1767 ne
3007 1712 3412 1773 occiderentur,

190 1837 323 1874 πιεον
363 1820 413 1873 δὲ
458 1818 653 1885 αὐτοὺς
704 1813 1015 1885 ἁπανταχοῦ
1067 1812 1199 1883 γῆς,
1251 1809 1377 1862 ἔνθα
1421 1807 1603 1878 μέλλει
1642 1805 1735 1857 καὶ

1855 1806 1931 1861 sed
1970 1805 2024 1859 in
2054 1805 2166 1859 vita
2197 1813 2483 1860 manerent
2536 1813 2589 1859 et
2634 1811 3009 1865 servarentur,
3065 1812 3123 1857 ut
3167 1802 3418 1857 viderent

192 1911 337 1981 ήὲμὴ
372 1909 660 1980 Ἐκκλησία
694 1906 1073 1959 συνίστασθαι·
1122 1904 1290 1965 ὅπως,
1324 1899 1613 1969 βλέποντες
1642 1897 1731 1950 τὸν

191 1999 298 2069 ἐμὸν
340 1997 458 2053 λαὸν
501 1999 593 2051 καὶ
637 1997 734 2068 τὴν
787 1994 904 2047 καθ’
960 1993 1087 2061 ὅλης
1138 1990 1237 2059 τῆς
1281 1984 1605 2057 οἰκουμένης
1642 1985 1731 2039 ὑπ’

1840 1896 2099 1964 populum
2127 1910 2309 1962 suum,
2341 1902 2395 1949 et
2428 1894 2660 1948 multum
2688 1894 2757 1948 ab
2788 1907 2854 1948 eo
2886 1892 3141 1947 utilitatis
3168 1891 3417 1961 percipe-

1840 1994 1981 2042 rent.

189 2089 300 2159 ιμοῦ
336 2089 750 2161 θεμελιωθεῖσαν
801 2086 1163 2156 Ἐκκλησίαν,
1203 2084 1283 2145 εἰς
1320 2081 1480 2151 ζῆλον
1545 2079 1792 2151 ἐρχοιντο
1830 2079 2173 2147 θεοσεϐείας,
2236 2083 2328 2135 καὶ
2384 2080 2463 2152 τῷ
2519 2080 2923 2152 παραδείγματι
2980 2077 3074 2132 τοῦ
3131 2076 3192 2144 ἐξ
3248 2075 3420 2131 ἐθνῶν

188 2182 563 2251 ὲπιστρέφοντος
624 2178 753 2233 λαοῦ
800 2179 893 2230 καὶ
936 2176 1092 2228 αὐτοὶ
1137 2172 1428 2227 παύσοιντο
1476 2188 1605 2223 ποτε
1665 2170 1759 2223 τοῦ
1832 2172 2049 2225 ἀνιάτου
2110 2174 2238 2241 παρ’
2289 2175 2471 2235 αὐτοῖς
2523 2173 2618 2227 καὶ
2673 2169 3047 2241 ἀθεραπεύτου
3101 2166 3273 2224 κακοῦ
3317 2168 3420 2239 τῆς

190 2271 610 2343 εἰδωλολατρείας.
665 2268 872 2323 Οὐκοῦν
925 2268 1017 2320 καὶ
1063 2264 1233 2317 ταῦτα
1280 2262 1422 2331 ὑπὲρ
1478 2260 1657 2314 αὐτῶν
1709 2261 1737 2313 ὁ
1775 2261 1965 2331 Σωτὴρ
2006 2258 2226 2330 ηῦκται,
2264 2262 2477 2332 δεηθεὶς
2546 2259 2636 2314 τοῦ
2677 2260 2889 2330 Πατρὸς
2946 2259 3019 2329 μὴ
3066 2256 3421 2329 ἀναιρεθῆναι

192 2367 274 2438 μὲν
306 2364 516 2425 αὐτοὺς,
569 2360 752 2430 μένειν
785 2358 839 2410 δὲ
888 2360 944 2409 ἐν
984 2354 1061 2425 τῷ
1110 2354 1208 2425 βίῳ
1242 2353 1334 2406 καὶ
1376 2351 1735 2421 φυλάττεσθαι
1773 2353 1864 2403 ἐπὶ
1890 2353 1966 2422 τῷ
1999 2353 2222 2424 θ;ωρείν
2255 2354 2345 2406 τὸν
2379 2354 2543 2405 αὐτου
2577 2352 2703 2404 λαὸν
2739 2352 2831 2405 καὶ
2863 2351 3073 2421 μεγάλα
3135 2346 3195 2413 ἐξ
3255 2344 3423 2401 αὐτοῦ

190 2457 491 2526 ὠφελεῖσθαι.

257 2598 544 2667 Ἀμαρτίαν
563 2599 866 2667 στόματος
898 2593 1116 2657 αὐτῶν,
1152 2594 1339 2665 λόγον
1358 2592 1609 2664 χειλέων
1635 2593 1743 2647 αὑ-

170 2688 317 2743 τῶν·
349 2690 436 2743 καί
462 2687 999 2757 συλληφθήτωσαν
1025 2687 1095 2739 ἐν
1124 2685 1199 2753 τῇ
1230 2684 1606 2754 ὑπερηφανίᾳ
1632 2686 1769 2737 αὑ-’

193 2779 307 2833 τῶν.
337 2781 494 2834 Πάλιν
526 2779 807 2834 κάνταῦθα
825 2779 923 2850 τὴν
944 2780 1123 2832 αἰτίαν
1153 2778 1450 2850 παρίστησι
1472 2777 1579 2828 τῶν
1613 2790 1746 2846 προ-

194 2870 469 2942 λεχθέντων.
511 2872 610 2925 Διά
632 2871 687 2923 τί
715 2869 825 2939 γὰρ
876 2869 1055 2923 ταῦτα
1095 2868 1283 2922 παθεῖν
1312 2868 1519 2930 αὐτοὺς
1566 2866 1741 2935 ἠξίου,

197 2964 471 3030 ἀναγκαίως
523 2962 766 3015 διδάσκει
811 2959 988 3029 λέγων
1009 2976 1022 2990 ·
1057 2960 1133 3011 Δι’
1171 2957 1444 3030 ἁμαρτίαν
1479 2956 1743 3026 στόματος

1913 2589 2082 2644 Vens.
2112 2588 2199 2642 l5.
2248 2586 2511 2641 Delictum
2555 2586 2663 2639 oris
2702 2600 2883 2638 eorum
2924 2600 3217 2638 sermonem
3254 2584 3428 2639 labioa

1844 2698 1961 2734 rum
1993 2683 2265 2747 ipsorum;
2305 2688 2354 2731 et
2387 2676 2897 2746 comprehendantur
2936 2677 2991 2729 in
3021 2675 3264 2744 superbia
3300 2693 3422 2730 sua.

1846 2771 1943 2824 llic
1975 2785 2194 2824 rursum
2222 2774 2650 2823 memoratorum
2670 2782 2896 2820 causam
2926 2766 3120 2835 aperit.
3140 2768 3253 2819 Cur
3275 2767 3421 2821 enim

1852 2864 2002 2932 ipsos
2031 2861 2145 2914 haec
2179 2860 2290 2930 pati
2325 2860 2616 2929 rogaverit,
2648 2858 2964 2912 necessario
2984 2858 3181 2913 edocet
3210 2859 3421 2921 dicens,

1853 2961 2077 3024 propter
2106 2952 2363 3007 delictum
2396 2952 2508 3005 oris
2536 2965 2750 3011 eorum,
2796 2958 2849 3003 et
2902 2965 3210 3003 sermonem
3257 2951 3427 3004 labio-

197 3051 368 3117 αὐτῶν,
400 3053 489 3105 καὶ
534 3050 625 3104 διὰ
670 3050 763 3103 τὸν
814 3049 971 3116 λόγον
1001 3047 1110 3101 τῶν
1137 3046 1364 3117 χειλέων
1403 3045 1602 3098 αὐτῶν.
1634 3045 1746 3098 Καὶ

1855 3058 1973 3097 rum
2006 3045 2272 3111 ipsorum.
2308 3040 2373 3092 Et
2412 3039 2601 3092 mirari
2655 3039 2802 3092 subit
2834 3038 3207 3107 praedictionis
3250 3040 3427 3092 sancti

199 3141 574 3212 ἐπιθαυμάσαι
608 3141 672 3194 τὸ
713 3140 939 3213 ἀκριϐὲς
985 3139 1085 3209 τῆς
1113 3138 1208 3191 τοῦ
1243 3138 1400 3205 ἁγίου
1432 3134 1749 3205 Πνεύματος

200 3234 537 3303 προρρήσεως.
582 3232 804 3301 Ἐπειδὴ
843 3230 953 3302 γὰρ
1000 3230 1098 3281 οὐκ
1133 3229 1288 3283 αὐτοὶ
1322 3226 1583 3290 Ἰουδαῖοι,
1609 3225 1751 3278 κατὰ

200 3319 277 3372 τδν
302 3319 385 3374 τοῦ
416 3321 664 3391 Σωτῆρος
688 3318 846 3389 ήμῶν
872 3318 1060 3388 καιρὸν
1079 3317 1169 3370 τὸν
1191 3316 1419 3370 θάνατον
1455 3314 1603 3384 αὐτῷ
1640 3316 1752 3385 εἰρ-

201 3410 430 3477 γάσαντο,
470 3404 755 3481 Ῥωμαϊκῇ
785 3409 841 3461 δὲ
892 3408 1037 3479 χειρί
1074 3406 1213 3461 τοῦτ’
1251 3406 1569 3477 ἐπράττετο,
1604 3405 1754 3457 δικά-

203 3499 362 3565 ζοντος
389 3504 482 3572 μὲν
519 3501 779 3564 Πιλάτου,
806 3499 1170 3551 διαλαϐόντων
1193 3497 1250 3549 δὲ
1278 3495 1625 3567 στρατιωτῶν
1660 3495 1754 3545 καὶ

203 3591 566 3659 ἀπαγαγόντων
591 3590 779 3655 αὑτὸν,
814 3589 1085 3643 Ἰουδαίων
1116 3588 1170 3639 δὲ
1200 3588 1403 3639 τούτων
1431 3585 1549 3656 μηδ’
1577 3582 1753 3636 ὁτιοῦν

204 3683 544 3753 πεποιηκότων
568 3699 580 3712 ·
614 3681 842 3743 εἰκότως
865 3678 965 3731 οὐκ
989 3677 1120 3731 αὐτὸ
1141 3677 1201 3730 τὸ
1222 3676 1380 3748 ἔργον
1405 3674 1499 3727 τοῦ
1523 3672 1755 3726 θανάτου

205 3772 383 3835 τούτοις
428 3773 740 3843 ἀνατίθησι,
783 3769 918 3825 ἀλλά
966 3768 1063 3839 τὴν
1107 3768 1307 3821 αίτίαν.
1343 3766 1411 3819 Οἳ
1434 3782 1493 3817 τε
1520 3764 1627 3834 γὰρ
1660 3764 1757 3833 ἀρ-

206 3878 365 3932 χοντες
394 3864 498 3919 τῶν
537 3862 838 3926 Ἰουδαίων,
870 3860 1142 3930 συνέδριον
1176 3857 1552 3928 ποιησάμενοι,
1580 3857 1757 3907 πᾶσαν

207 3955 434 4029 ἐκίνησαν
498 3953 764 4028 μηχανὴν,
810 3953 957 4014 ὅπως
990 3951 1153 4004 αὑτὸν
1199 3948 1568 4001 ἀπολέσωσιν·
1601 3945 1654 3997 οἵ
1698 3960 1785 4015 τε⁸

208 4047 391 4113 τούτοις
418 4048 765 4121 χαριζόμενοι
815 4042 1261 4115 ψευδομάρτυρες
1292 4039 1386 4093 καὶ
1427 4036 1759 4104 συκοφάνται

210 4140 277 4202 εἰς
305 4141 583 4208 πρόσωπον
622 4140 857 4210 ἔστησαν
899 4134 992 4188 τοῦ
1027 4132 1305 4202 Σωτῆρος·
1341 4130 1369 4182 ὅ
1400 4146 1459 4181 τε
1500 4129 1607 4189 πᾶς
1635 4126 1761 4189 λαὸς

210 4234 387 4298 φωναῖς
410 4233 499 4285 καὶ
524 4230 758 4302 χείλεσιν
785 4227 1006 4288 οἰκείοις
1039 4224 1101 4276 τὸ
1133 4217 1272 4293 αἷμα
1293 4219 1457 4275 αὐτοῦ
1483 4218 1601 4272 καθ’
1636 4220 1763 4271 ἐαυ-

211 4319 300 4373 τῶν
325 4322 412 4375 καὶ
442 4322 577 4375 κατά
607 4320 716 4374 τῶν
742 4318 885 4372 ἰδίων
910 4314 1115 4368 παίδων
1142 4311 1491 4381 ὲζητήσαντο.
1522 4308 1761 4370 Εἰκότως

1854 3132 2097 3205 Spiritus
2130 3132 2561 3187 accurationem.
2595 3130 2734 3194 Quia
2770 3130 2915 3183 enim
2963 3138 3206 3199 tempore
3246 3129 3431 3182 Salva-

1852 3226 1990 3279 toris
2022 3225 2221 3287 nostri,
2245 3238 2354 3277 non
2374 3220 2548 3275 Judmi
2586 3221 2689 3290 ipsi
2723 3227 2954 3273 mortem
2976 3220 3304 3283 intulerunt,
3330 3219 3429 3274 sed

1852 3317 2225 3371 Romanorum
2244 3326 2408 3367 manu
2441 3311 2492 3365 id
2528 3318 2809 3381 peractum
2834 3319 2939 3372 est,
2962 3309 3231 3378 judicium
3255 3309 3433 3363 Pilato

1854 3407 2085 3468 ferente,
2114 3403 2385 3458 militibus
2415 3398 3011 3470 comprehcndentibus
3050 3407 3103 3452 et
3153 3400 3434 3453 abducen-

1855 3497 2002 3552 tibus
2048 3509 2196 3557 eum,
2250 3500 2306 3548 et
2357 3508 2387 3547 a
2440 3491 2644 3546 Judaeis
2680 3489 2816 3544 nihil
2848 3502 3038 3542 eorum
3090 3497 3271 3543 actum
3317 3494 3434 3554 est;

1851 3590 1976 3659 jure
2002 3588 2112 3642 illis
2152 3601 2261 3641 non
2291 3586 2471 3657 ipsum
2503 3585 2655 3640 necis
2683 3592 2865 3659 actum
2890 3583 3138 3646 ascribit,
3172 3581 3266 3635 sed
3298 3594 3434 3633 cau-

1857 3694 1995 3734 sam.
2047 3676 2332 3745 Principes
2382 3689 2621 3743 namque
2667 3658 2981 3726 Judaeorum
3023 3668 3316 3723 concilium
3346 3666 3437 3721 in-

1857 3779 2075 3831 euntes,
2111 3768 2319 3845 pullam
2346 3779 2455 3818 non
2507 3763 2823 3816 machinam
2871 3766 3180 3819 moverunt,
3215 3764 3274 3816 ut
3308 3770 3435 3810 eum

1860 3860 2181 3931 perderent;
2210 3855 2335 3907 falsi
2370 3861 2538 3907 testes
2563 3858 2743 3904 autem
2772 3856 2825 3904 et
2848 3848 3219 3919 sycophantae,
3243 3859 3435 3899 eorum

1861 3950 2092 4019 gratiam
2119 3951 2481 4013 aucupantes,
2513 3942 2567 3995 in
2601 3948 2898 4008 conspectu
2932 3936 3237 3990 Salvatoris
3269 3941 3439 3989 stete-

1863 4045 2031 4104 runt;
2063 4042 2318 4101 totusque
2351 4031 2584 4102 populus
2620 4028 2849 4082 vocibus
2881 4025 3153 4093 labiisque
3176 4026 3292 4078 suis
3316 4036 3442 4077 san.

1862 4128 2079 4198 guinem
2104 4124 2225 4193 ejus
2253 4137 2420 4191 super
2463 4135 2521 4174 se
2558 4126 2612 4174 et
2642 4132 2807 4186 super
2842 4117 2984 4171 filios
3018 4130 3150 4170 suos
3200 4113 3442 4183 expetie-

1863 4228 1992 4273 runt
2026 4237 2037 4271 :
2071 4217 2195 4287 jure
2236 4228 2367 4283 ergo
2399 4226 2507 4265 non
2539 4209 2694 4265 necis
2724 4208 2960 4273 facinus,
3008 4220 3170 4275 quam
3198 4202 3439 4260 decrevit

1864 4312 2095 4371 Pilatus,
2125 4310 2511 4377 perpetrarunt
2556 4302 2757 4356 milites
2797 4299 2939 4369 ejus,
2986 4304 3286 4359 memorat;
3341 4294 3438 4348 sed

212 4406 288 4465 οὖν
331 4414 357 4466 ὁ
384 4412 570 4485 παρὼν
600 4411 758 4479 λόγος
811 4409 872 4462 οὗ
919 4406 1019 4477 τῆς
1065 4403 1159 4456 τοῦ
1211 4401 1442 4456 θανάτου
1485 4399 1749 4471 πράξεως1

1866 4402 2174 4475 principum
2217 4396 2566 4454 sacerdotum
2606 4390 3092 4461 conspirationem,
3140 4386 3442 4459 sycophan-

213 4504 270 4573 ήν
295 4503 450 4575 ὥρισε
482 4505 579 4575 μὲν
624 4501 877 4562 Πιλᾶτος,
928 4495 1289 4567 διεπράξαντο
1317 4493 1374 4546 δὲ
1406 4494 1452 4545 οἰ
1485 4493 1574 4544 ὑπ’
1612 4488 1760 4559 αὐτῷ

216 4597 530 4666 στρατιῶται,
587 4590 936 4665 μνημονεύετ,
982 4586 1120 4641 ἀλλὰ
1175 4586 1274 4656 τῆς
1322 4582 1431 4636 τῶν
1464 4581 1761 4666 ἀρχιερέων

217 4664 479 4755 συσκευῆς,
521 4664 616 4738 καί.
658 4684 759 4754 τῆς
783 4682 890 4734 τῶν
933 4676 1282 4748 συκοφαντῶν
1315 4664 1638 4745 μαρτυρίας,
1665 4671 1765 4741 τῆς

215 4791 265 4829 τε
315 4778 489 4849 φωνῆς
543 4776 637 4830 τοῦ
680 4774 917 4845 πλήθους
964 4770 1354 4840 ἐπιϐοήσαντος
1411 4766 1531 4818 κατ’
1577 4762 1761 4817 αὐτοῦ.

216 4869 293 4921 Διό
317 4888 494 4941 φησιν·
542 4867 851 4938 Ἀμαρτίαν
869 4864 1167 4932 στόματος
1183 4857 1400 4919 αὐτῶν,
1438 4856 1624 4926 ,λόγον
1649 4870 1767 4921 χει-

218 4958 353 5012 λέων
379 4960 571 5015 αὐτῶν
592 4978 605 4990 ·
636 4959 768 5011 ὠσεί
795 4956 945 5023 ἔλεγε
982 4954 1311 5022 σαφέστερον
1331 4966 1345 4980 ·
1380 4951 1457 5001 Δι’
1492 4946 1766 5016 ἁμαρτίαν

221 5050 460 5120 στόματος
486 5050 684 5113 αὐτῶν,
724 5048 818 5101 καὶ
858 5045 948 5098 διὰ
989 5043 1143 5112 λόγον
1172 5040 1393 5112 χειλέων
1422 5037 1619 5120 αὐτῶν,
1674 5035 1771 5087 Διά

220 5138 313 5212 γὰρ
339 5142 504 5196 ταῦτα
530 5142 967 5209 διασκόρπισον
991 5134 1214 5198 αὐτοὺς
1244 5130 1319 5199 τῇ
1347 5118 1607 5197 δυνάμει
1628 5143 1767 5186 σου,

223 5232 307 5284 καὶ
332 5233 615 5303 κατάγαγε
644 5230 885 5295 αὐτοὺς,
905 5232 936 5283 ό
956 5222 1416 5294 ὑπερασπιστὴς
1428 5237 1545 5289 μου
1573 5219 1768 5285 Κύριε.

222 5319 365 5375 Rati
389 5324 443 5377 δὲ
476 5326 565 5377 τὸν
610 5323 927 5394 Σύμμαχον,
973 5317 1263 5387 Ἀμαρτίᾳ,
1298 5312 1451 5383 φησὶ,
1485 5308 1592 5363 τοῦ
1636 5309 1775 5361 στό-

222 5428 386 5481 ματος
407 5415 622 5479 αὐτῶν,
648 5414 743 5468 καὶ
764 5412 844 5478 τῷ
872 5412 1030 5480 λόγῳ
1052 5409 1170 5461 τῶν
1201 5405 1449 5475 χειλέων
1485 5398 1684 5453 αὐτῶν
1708 5397 1777 5451 τά

228 5502 567 5575 προλεχθέντα
624 5506 805 5567 αὐτοῖς
870 5498 1293 5571 ἐπαχθήσεσθαι.
1345 5494 1454 5547 Καὶ
1498 5489 1771 5557 ἐπιλέγει·

231 5594 324 5647 Καὶ
347 5596 867 5665 συλληφθήτωσαν
909 5594 978 5647 ἐν
1011 5591 1085 5657 τῇ
1129 5583 1509 5654 ὑπερηφανίᾳ
1540 5579 1739 5634 αὐτῶν
1760 5596 1772 5608 ·

229 5681 278 5755 ἢ,
308 5684 437 5740 κατὰ
468 5686 556 5741 τὸν
586 5685 899 5757 Σύμμαχον,
931 5677 1463 5755 Συλληερθιξρτωσαν
1491 5672 1638 5741 μετὰ
1670 5670 1777 5738 τῆς

1865 4474 2046 4547 tarum
2072 4489 2469 4553 testimonium,
2499 4492 2690 4541 contra
2715 4484 2895 4553 ipsum
2928 4478 3284 4534 acclamantis
3306 4474 3440 4528 mul-

1867 4583 2121 4639 titudinis
2161 4595 2370 4634 vocem.
2413 4576 2597 4643 Quare
2641 4574 2756 4628 ait:
2794 4570 3058 4625 Delictum
3091 4567 3199 4621 oris
3232 4581 3436 4628 eorum,

1868 4689 2159 4729 sermonem
2192 4670 2452 4724 tabiorum
2484 4668 2753 4735 ipsorum;
2792 4677 2855 4716 ac
2884 4661 2931 4716 si
2974 4657 3235 4727 liquidius
3287 4655 3441 4711 dice-

1871 4772 1972 4820 ret.
1998 4770 2222 4834 propter
2256 4760 2514 4814 delictum
2548 4756 2663 4810 oris
2692 4765 2906 4814 eorum,
2950 4755 3003 4803 et
3047 4755 3271 4816 propter
3323 4758 3440 4799 scr-

1871 4871 2085 4909 monem
2120 4840 2388 4907 labini-um
2420 4850 2687 4919 ipsorum.
2722 4844 2797 4898 Ea
2829 4842 2897 4895 de
2929 4853 3096 4894 causa
3120 4836 3357 4906 disperge
3371 4835 3445 4888 il-

1873 4946 1950 4999 los
1982 4946 2035 4998 in
2082 4944 2270 4997 virtute
2320 4951 2434 5003 tua,
2473 4948 2521 4992 et
2572 4937 2769 5004 depone
2822 4947 2930 4993 eos,
2984 4936 3248 4998 protector
3297 4941 3441 4980 meus

1874 5036 2115 5090 Domine.
2149 5032 2461 5087 Secundum
2494 5025 2882 5100 Symmachum
2912 5036 3065 5082 vero,
3092 5027 3327 5087 peccato,
3357 5017 3444 5070 in-

1873 5130 2013 5197 quit,
2045 5126 2153 5181 oris
2191 5140 2393 5185 eorum,
2418 5118 2467 5175 et
2506 5117 2657 5173 verba
2689 5113 2948 5167 labiorum
2983 5111 3220 5179 ipsorum
3252 5107 3449 5178 pradi-

1876 5229 1963 5273 cta
1988 5218 2123 5288 ipsis
2171 5213 2461 5285 inﬂigenda
2510 5219 2659 5265 sunt.
2700 5207 2778 5261 Ac
2802 5204 3104 5275 subiungit,
3141 5209 3189 5254 et
3217 5214 3452 5267 compre-

1876 5310 2177 5365 hendantur
2214 5308 2266 5360 in
2287 5303 2535 5375 superbia
2566 5318 2686 5364 sua,
2715 5299 2829 5354 sive
2863 5295 3163 5351 secundum
3198 5292 3453 5363 Symma-

1878 5401 2065 5463 chum,
2118 5393 2623 5465 comprehendantur
2669 5405 2788 5443 cum
2845 5384 3091 5454 superbia
3140 5398 3263 5437 sua.
3311 5378 3449 5432 Nam

1879 5506 2003 5545 cum
2038 5486 2261 5557 superbi
2293 5492 2726 5554 arrogantesque
2756 5483 2965 5541 essent,
3011 5470 3331 5529 Servatoris
3354 5485 3453 5523 no-

1882 5580 1981 5633 stri
2006 5577 2262 5631 fiduciam
2285 5590 2397 5629 non
2421 5571 2686 5627 ferebant.
2708 5570 2887 5635 Quare
2906 5564 3140 5635 superbe
3159 5560 3455 5627 admodum

1884 5668 2147 5721 adeuntes
2192 5665 2347 5719 illum
2395 5663 2474 5718 sic
2532 5658 2939 5729 compellabath
2972 5676 2984 5710 :
3021 5655 3150 5719 Quis
3190 5651 3332 5708 dedit
3362 5646 3466 5705 tibi
