3808 6280
149 314 242 370 ΜΟ
1007 336 1009 338 ·
1253 309 1753 369 COMMENTARIA
1796 311 1863 367 IN
1903 311 2242 371 PSALMOS.
3276 317 3384 373 550
3431 391 3433 394 ι

149 431 312 492 αὐτοῖς
335 425 534 499 ἔργοις,
563 425 643 480 ὅτι
677 427 704 479 ὁ
732 424 896 481 πάλαι
929 426 1061 490 Θεὸς
1105 428 1298 480 Ἰακὼὸ
1325 429 1653 499 χρηματίζωε

1893 447 1948 482 m
1981 431 2309 497 prtevuluisti
2341 447 2458 483 cum
2490 430 2620 496 Deo,
2655 440 2704 486 et
2733 449 2847 486 cum
2872 433 3167 488 hominibus
3198 427 3397 502 potens”

148 515 285 582 οὗτος
307 518 462 579 αὐτὸς
511 517 764 580 δεσπόζει
813 517 998 568 οὐκέτι
1037 515 1128 569 τοῦ
1182 515 1376 568 Ἰακὼό
1398 555 1413 579 ,
1455 515 1575 568 οὐδὲ
1612 534 1652 569 τι

1879 521 1910 574 is
1932 522 1997 573 ⁸⁸.
2026 522 2076 577 Is
2106 523 2221 590 ipse
2253 522 2418 591 igitur
2448 523 2542 591 qui
2578 521 2720 578 Deus
2761 523 2930 580 Jacob
2964 526 3283 588 vocabatur,
3321 526 3383 578 li-

161 609 372 679 Ἰσραὴλ,
409 608 547 662 ἀλλὰ
593 608 810 661 πάντων
859 607 966 660 τῶν
1001 608 1252 678 περάτων
1280 609 1382 676 τῆς
1415 607 1540 677 γῆς.
1577 607 1665 660 Θεέ

1877 613 1973 667 bus
2012 621 2170 667 terra:
2214 613 2604 677 dominabitur,
2656 616 2908 685 apudque
2946 597 3144 671 omnes
3192 624 3381 686 gentes

149 707 197 759 δὲ
225 702 406 756 Ἰακὼϐ
434 701 531 753 καὶ
563 700 658 753 νῦν
697 700 969 770 εὐκαίρως
1022 699 1302 769 ὠνόμασε,
1345 698 1436 751 τὸν
1478 699 1649 769 Χριστ

1878 703 2075 758 »ιηίηυε
2121 705 2481 775 princepsque
2528 706 2832 761 vocabitur.
2877 705 3031 772 Quod
3085 716 3145 760 ut
3206 707 3382 762 oculis

147 793 398 865 δηλώσαςο
430 790 596 852 αὐτὸς
623 791 731 861 γὰρ
770 786 838 860 ἦν
869 792 897 842 ὁ
930 792 986 842 ὲν
1034 789 1320 860 ἀνθρώπου
1368 788 1606 858 σχήματί
1650 811 1651 819 ι

1879 792 2114 861 rcipiant
2168 792 2204 845 ii
2257 793 2351 863 qui
2404 794 2582 864 ipsum
2642 794 3005 864 abnegarunt,
3065 798 3382 853 necessario

150 886 228 938 καὶ
256 886 426 954 μορφῇ
472 881 553 951 τῷ
599 880 911 952 πατριάρχῃ
951 878 1144 933 Ἰακὼὸ
1186 880 1406 949 ὀφθεὶς,
1443 879 1530 932 ὅτε
1571 880 1654 931 ὲπι

1879 885 2153 940 :emissum
2206 885 2308 939 fuit
2356 886 2528 942 illud:
2561 885 2643 940 Ne
2689 886 2898 940 occidas
2947 891 3055 951 eos,
3108 889 3383 960 nequando

149 980 277 1030 λαιεν
303 974 591 1044 ἄνθρωπος
640 974 758 1043 μετ’
801 971 989 1025 αὑτοῦ.
1038 969 1412 1042 Μετονομάζει
1459 987 1517 1022 τε
1549 970 1650 1022 αὐτ

1879 976 2190 1028 liviscantur
2227 979 2406 1045 populi
2449 979 2588 1042 mei;
2620 978 2710 1034 hic
2751 992 2901 1040 vero,
2955 977 3023 1030 Et
3063 980 3223 1032 scient
3259 982 3383 1048 quia

149 1070 332 1136 λέγων·
369 1064 987 1132 Οὐκέτι¹κληοήσεται
1020 1062 1088 1116 τὸ
1123 1061 1311 1132 ὄνομά
1340 1079 1456 1115 σου
1491 1060 1650 1115 Ἰακὼ

1882 1085 1950 1122 rus
1978 1068 2145 1123 Jacob
2179 1069 2540 1123 dominabitur
2572 1071 2758 1139 ﬁnium
2801 1081 2973 1124 terrm.
3009 1069 3386 1125 Convertentur

149 1160 264 1212 ἀλλ’
296 1152 528 1223 Ἰσραὴλ
564 1157 734 1208 ἕσται
762 1155 827 1208 τὸ
854 1153 1041 1223 ὄνομὰ
1067 1170 1183 1208 σου
1206 1171 1218 1184 ·
1255 1154 1343 1206 ὅτι
1375 1153 1653 1222 ἐνίσχυσι

1878 1162 1879 1166 “
1913 1177 2198 1229 vesperam,
2235 1169 2284 1213 et
2325 1162 2517 1229 famem
2549 1163 2818 1228 patientur
2863 1172 2921 1215 ut
2976 1165 3146 1227 canis,
3195 1174 3243 1217 et
3280 1165 3382 1218 cir-

145 1249 274 1317 μετὰ
320 1247 423 1300 τοῦ
479 1246 668 1309 Θεοῦ,
711 1246 809 1298 καὶ
853 1244 1004 1313 μετὰ
1053 1244 1378 1311 ἀνθρώπων
1426 1243 1649 1296 δυνατό

1883 1249 2024 1302 ibunt
2057 1249 2342 1303 civitatem.
2378 1249 2644 1305 Nimirum
2681 1251 2749 1304 ad
2791 1252 3260 1307 conﬁrmationem
3293 1269 3387 1308 co-

150 1339 293 1401 Αύτος
318 1333 406 1390 οὖν
433 1339 646 1400 ἐκεῖνος
675 1339 701 1390 ὁ
729 1336 806 1405 τῷ
843 1335 1037 1390 Ἰακὼϐ
1059 1335 1408 1407 χρηματίσας
1437 1334 1568 1396 Θεὸς
1597 1333 1654 1385 τῦ

1887 1357 1953 1404 m,
1996 1357 2115 1411 quae
2145 1357 2311 1412 supra
2354 1344 2586 1405 dixerat,
2634 1359 2942 1399 sermonem
2974 1347 3192 1416 repetit,
3236 1341 3391 1401 eam:

152 1429 372 1500 περάτων
402 1429 500 1498 τῆς
534 1429 640 1498 γῆς
674 1427 826 1498 ἄρξει
857 1425 1342 1497 κυριολογούμενος
1383 1424 1534 1496 παρὰ
1575 1426 1653 1477 πᾶ

1883 1447 2042 1500 mque
2090 1433 2428 1501 prophetiam
2477 1434 2728 1498 resumit,
2778 1450 2842 1488 ac
2876 1436 3211 1490 vaticinatur
3264 1453 3381 1498 eos.

151 1522 244 1583 τοῖς
282 1519 474 1580 ἔθνεσι,
521 1519 794 1587 δεσπότης
817 1534 876 1569 τε
912 1517 1005 1570 καὶ
1041 1517 1244 1587 Κύριος
1285 1515 1655 1587 ὀνομαζόμενο

1884 1538 1917 1573 ιι
1949 1520 2016 1574 de
2054 1520 2234 1575 medio
2274 1521 2555 1574 horninnm
2590 1523 2879 1586 tollendos,
2911 1538 3088 1592 neque
3122 1523 3388 1596 occiden-

155 1613 309 1682 Ἀπερ
334 1612 418 1664 ἶνα
461 1611 764 1682 ὀφθαλμοῖς
815 1610 1204 1682 παραλάϐωσιν
1247 1609 1296 1662 οἱ
1339 1608 1655 1679 ἀρνησάμεν

1884 1625 1910 1663 s
1932 1650 1946 1671 ,
1985 1610 2078 1664 sed
2113 1626 2453 1674 reversuros,
2487 1611 2538 1663 id
2573 1621 2657 1666 est
2708 1611 2776 1666 ad
2818 1628 3039 1667 sensum
3071 1613 3289 1669 tandem
3333 1622 3386 1669 et

151 1703 308 1765 αὐτον,
340 1702 654 1769 ἀναγκαίως
678 1699 1028 1771 προείρηται’
1075 1699 1173 1766 Μὴ
1215 1699 1573 1765 ἀποκτείνῃς
1597 1700 1655 1751 at

1881 1716 2035 1770 spere
2094 1700 2390 1755 redituros.
2439 1702 2507 1755 Et
2549 1703 2744 1771 famem
2796 1706 3065 1771 patientur
3107 1715 3165 1758 ut
3204 1706 3385 1770 canis,-

150 1793 297 1856 τοὺς.
339 1793 572 1861 μήποτε
614 1791 1011 1845 ἐπιλάθωνται
1054 1790 1161 1843 τοῦ
1209 1787 1367 1843 λαοῦ
1413 1805 1531 1856 μου
1554 1805 1566 1816 ·
1615 1805 1654 1840 κη

1882 1806 1944 1856 re,
1981 1792 2280 1846 secundum
2311 1794 2584 1863 Aquilam,
2617 1795 3080 1849 tumultuabuntur
3111 1806 3168 1850 ut
3203 1799 3386 1862 canis;

148 1884 346 1938 ἐνταῦθα
366 1903 379 1915 ·
410 1883 520 1936 Καὶ
553 1883 910 1953 γνώσονται,
949 1883 1037 1936 ὅτι
1076 1875 1346 1940 δεσπόζει
1375 1879 1492 1933 τῶν
1520 1892 1652 1947 περι

1883 1890 1923 1945 ι,
1958 1883 2259 1936 secundum
2295 1883 2708 1954 Symmachum,
2737 1885 3090 1940 turbabuntur
3117 1897 3174 1940 ut
3206 1905 3383 1952 canes,

149 1994 247 2030 των
269 1975 371 2042 τῆς
397 1975 511 2044 γῆς
546 1979 580 2029 ὀ
615 1975 762 2041 Θεὸς
797 1973 1014 2027 Ἰακώϐ.
1073 1971 1576 2040 Ἑπιστρέψουσιν
1611 1973 1653 2022 ελ

1895 1971 2190 2024 circuibunt
2240 1973 2534 2029 civitatem.
2578 1974 2704 2030 Haec
2741 1990 2908 2046 porro
2961 1978 3216 2046 superius
3248 1995 3385 2047 quo-

146 2067 379 2134 ἑσπέραν
410 2067 508 2118 καὶ
563 2063 939 2135 λιμώξουσιν
978 2064 1060 2130 ὡς
1096 2064 1285 2125 κύων,
1337 2061 1434 2114 καὶ
1475 2063 1650 2114 κυκλι

1883 2078 1912 2116 ο
1965 2063 2479 2131 prmnunliabantur
2512 2086 2522 2119 :
2563 2067 2656 2120 sc‘d
2691 2068 2762 2120 ibi
2802 2078 2990 2136 postea
3045 2071 3212 2125 causa
3256 2071 3387 2126 sub-

147 2175 301 2212 σουσι
329 2158 524 2210 πόλιν.
559 2157 658 2220 Εἰς
691 2157 979 2226 βεϐαίωσιν
1005 2155 1111 2208 τῶν
1140 2154 1539 2226 προλεχθέντων
1576 2153 1651 2206 δει

1881 2157 2048 2224 Igitur
2096 2156 2181 2211 his
2231 2157 2450 2211 verbis:
2491 2157 2624 2212 Ecce
2653 2160 2931 2228 loquentur
2973 2161 3027 2213 in
3060 2178 3148 2215 ore
3178 2179 3294 2227 suo,
3336 2172 3385 2218 et

147 2253 270 2320 τεροί
296 2249 382 2300 τὴν
413 2248 594 2316 λόγον,
636 2247 990 2300 ὲπαναλαὸὼν
1016 2247 1114 2317 τὴν
1143 2248 1313 2317 αὐτὴν
1341 2246 1651 2316 προφητεία

1882 2246 2008 2298 Ldius
2042 2247 2095 2299 in
2122 2247 2276 2299 labiis
2300 2264 2501 2314 eorum,
2535 2258 2584 2302 et
2647 2259 2856 2320 propter
2877 2234 3133 2304 delictum.
3155 2255 3264 2306 oris
3293 2270 3386 2308 ρο·-

148 2340 363 2404 οεσπίζει
405 2358 485 2404 τε,
523 2341 607 2394 ὅτι
661 2341 761 2392 οὐκ
801 2339 1262 2409 άφανισΟήσονται
1311 2338 1368 2404 ἐξ
1399 2337 1652 2408 ἀνθρώπω

1877 2353 1940 2399 πη,
1977 2346 2026 2390 et
2054 2354 2344 2391 sermonem
2367 2339 2629 2393 labiorum
2665 2343 2939 2410 ipsorum;
2971 2343 3061 2398 hic
3099 2360 3230 2398 vero
3260 2353 3381 2414 post

146 2430 248 2484 οὗεὲ
274 2430 777 2502 άποκτανϐήσονται
795 2470 808 2494 ,
845 2428 1231 2499 ἐπιστρέφουσι
1281 2428 1338 2480 δὲ
1358 2469 1372 2491 ,
1402 2428 1646 2480 τουτέστι

1884 2429 1960 2491 td,
1992 2439 2355 2484 convertentur
2387 2429 2456 2484 ad
2498 2449 2788 2500 vesperam,
2821 2441 2870 2487 et
2897 2433 3090 2500 famem
3116 2436 3388 2501 patientur

148 2523 215 2584 εἰς
250 2520 587 2591 συναίσθησιν
635 2518 943 2571 ἐλεύσονται
984 2518 1082 2587 ὀψέ
1117 2534 1247 2570 ποτε
1281 2518 1373 2570 καὶ
1421 2516 1652 2588 ἑσπέραν

1893 2522 2060 2583 canis,
2093 2530 2141 2574 et
2181 2521 2475 2575 circuibunt
2505 2523 2791 2586 civitatem,
2826 2523 3106 2592 adjicitur,
3145 2525 3247 2592 ipsi
3274 2526 3387 2578 dis-

148 2609 453 2678 Λιμώξουσί
502 2625 568 2662 τε
621 2610 704 2674 ὡς
753 2593 944 2660 κύων·
997 2605 1056 2676 ἢ,
1092 2604 1232 2658 κατὰ
1290 2604 1382 2657 τὸν
1439 2602 1652 2656 Ἀκύλαγ

1885 2621 2079 2678 'gentur
2127 2610 2196 2663 ad
2248 2610 2674 2664 manducandum
2726 2628 2744 2665 :
2785 2613 2833 2665 si
2879 2629 2998 2666 vero
3045 2630 3149 2667 non
3191 2615 3389 2684 fuerint

158 2697 527 2766 Ὀχλιίσουσιν
575 2698 662 2762 ὡς
709 2698 895 2751 κύων·
939 2694 996 2765 ἢ,
1039 2693 1180 2748 κατά
1226 2693 1317 2746 τὸν
1371 2692 1662 2762 Σύμμαχον

1883 2702 2060 2764 furati,
2092 2713 2141 2754 et
2165 2701 2594 2756 murmurabunt.
2623 2701 2728 2756 Pro
2757 2718 2865 2772 quo
2897 2701 3258 2775 Symmachus
3281 2705 3387 2759 hac

152 2787 644 2860 Θορυϐηθήσονται
685 2788 765 2852 ὠς
803 2781 1007 2852 κύνες,
1036 2786 1135 2838 καὶ
1183 2781 1656 2852 περικυκλώσουι

1882 2792 2018 2846 tione
2039 2793 2428 2862 interpretatus
2446 2803 2532 2848 est
2559 2814 2570 2848 :
2604 2794 2962 2863 Deﬂectantur
2981 2796 3033 2849 in
3055 2797 3159 2859 die,
3194 2795 3386 2848 tumul-

151 2876 321 2929 ετόλιν.
344 2875 526 2930 Ταῦτα
547 2876 618 2928 ιδὲ
646 2876 738 2928 καὶ
771 2875 859 2928 διὰ
886 2875 994 2928 τῶν
1019 2873 1327 2944 ἔμπροσθεν
1360 2869 1655 2935 ἐθεσπίζετι

1879 2891 2023 2936 antur
2055 2891 2110 2934 ut
2144 2899 2299 2936 canes
2341 2884 2724 2937 circumeuntes
2775 2885 3037 2937 civitatem
3062 2883 3383 2954 uagabundi,

149 2967 244 3018 ἀλλ’
272 2969 379 3020 ἐκεῖ
417 2967 514 3036 μὲν
561 2967 864 3036 ἀνεφέρετο
891 2966 1018 3035 ἑξῆς
1048 2967 1082 3036 ἡ
1129 2965 1279 3018 αἰτία
1321 2966 1381 3018 ὲν
1412 2964 1509 3038 τῷ,
1561 2963 1653 3018 Ἱὸι

1917 2972 2162 3025 insatiati
2210 2982 2534 3041 pernoctant.
2572 2972 2815 3043 Dispersi
2865 2973 3050 3044 itaque
3097 2973 3153 3028 in
3194 2989 3387 3029 omnes

149 3057 594 3126 ἀποφθέγξονται
625 3055 706 3122 τῷ
742 3058 992 3126 στόματι
1033 3055 1233 3109 αὐτῶν
1254 3093 1269 3119 ,
1307 3055 1403 3108 καὶ
1441 3056 1653 3124 pangat

1882 3071 2025 3129 ntes,
2073 3064 2248 3117 instar
2285 3079 2485 3118 canum
2542 3065 2918 3118 l'amelicorum
2971 3079 3152 3119 escam
3189 3066 3386 3135 quieri-

149 3149 333 3214 ἐντοῖς
355 3151 628 3219 χείλεσιν
655 3147 854 3202 αὐτῶν
872 3188 886 3212 ,
918 3149 1016 3202 καὶ
1046 3147 1120 3201 δι’
1157 3149 1450 3216 ἁμαρτίαν
1484 3147 1653 3216 στόμι

1878 3163 1924 3208 1t
1959 3173 1972 3209 :
2011 3170 2075 3210 ac
2124 3171 2233 3214 non
2276 3165 2494 3226 reperto
2541 3154 2853 3212 rationabili
2905 3154 3050 3216 cibo,
3099 3154 3382 3210 deﬁciunt.

150 3255 236 3305 τος
274 3240 480 3305 αὐτῶν,
529 3241 635 3295 καὶ
675 3241 862 3309 λόγον
905 3238 1156 3309 χειλέων
1201 3238 1430 3293 αὐτῶν·
1469 3237 1654 3291 ὲνταῠῦ

1884 3243 1964 3297 Iod
1997 3245 2042 3296 si
2084 3243 2306 3313 quando
2344 3260 2412 3299 ex
2451 3243 2598 3298 nuda
2627 3241 3388 3317 divinarumﬁcripturarum

152 3330 198 3382 δὲ
242 3332 365 3400 μετὰ
403 3334 498 3397 τὸ,
561 3331 1079 3400 Ἐπιστρέψουσιν
1122 3333 1212 3397 εις
1259 3330 1555 3398 ἑσπέραν,
1602 3347 1656 3383 κε

1885 3336 2042 3389 :tione
2071 3334 2253 3390 cibum
2284 3335 2542 3404 capiant;
2565 3341 2803 3388 attamen
2836 3347 3013 3402 neque
3042 3332 3255 3385 lirmum
3291 3346 3389 3385 nc-

151 3424 485 3492 λιμὼξουσιν
529 3426 618 3491 ὡς
659 3425 855 3488 κύων,
894 3423 992 3476 καὶ
1047 3423 1434 3479 κυκλώσουσι
1484 3425 1655 3500 πόλιν

1887 3441 1918 3481 e
1938 3424 2210 3479 viviﬁcum
2236 3440 2433 3496 panem
2456 3423 2832 3496 degustantes,
2865 3423 3107 3478 insatiati
3129 3431 3386 3476 manent:

153 3515 474 3587 ἐπενήνεκται
494 3535 509 3551 ο
541 3516 729 3572 Αὐτοὶ
759 3515 1415 3583 διασκορπισθήσονται
1445 3513 1554 3568 τοῦ
1589 3531 1657 3583 εει

1886 3533 1919 3571 n
1975 3517 2206 3572 saturali
2265 3531 2438 3581 vero,
2483 3521 2873 3580 murmurant,
2927 3513 3389 3584 quemadmodum

153 3603 280 3672 τεῒν·
307 3607 408 3660 ἐὰν
449 3608 517 3661 δὲ
558 3607 651 3677 μὴ
700 3609 1083 3676 χορτασθῶσι
1136 3607 1236 3662 καὶ
1277 3607 1657 3677 γυγγύσουσιι

1887 3625 1937 3662 m
1993 3610 2048 3664 in
2103 3607 2324 3664 deserto
2381 3613 2822 3662 murmurarunt.
2869 3603 3006 3659 Nam
3056 3604 3112 3658 id
3151 3603 3287 3674 ipsis
3329 3603 3388 3656 in

163 3695 280 3748 ‘AvO’
305 3692 360 3750 οὗ
384 3700 412 3751 ὁ
449 3700 751 3771 Σύμμαχος
780 3699 966 3753 τοῦτον
993 3699 1307 3770 ἡρμήνευσε
1347 3698 1436 3752 τὸν
1465 3697 1666 3770 τρόπον

1885 3715 1958 3754 »τε
1990 3700 2107 3754 fuit.
2140 3698 2323 3766 Quare
2350 3699 2430 3755 sic
2453 3714 2554 3755 nos
2578 3697 2876 3768 Apostolus
2909 3695 3206 3767 alloquitur
3231 3713 3245 3752 τ
3273 3693 3389 3748 Ne-

162 3785 700 3859 Ἀνακαμπτέτωσαν
735 3793 823 3857 εὶς
868 3790 1117 3860 ἡμέραν,
1157 3791 1594 3858 θορυϐείτωσαν
1621 3789 1666 3846 ὠ

1888 3807 1900 3843 2
1932 3789 2408 3851 murmuraveritis,
2443 3789 2579 3843 sicut
2611 3786 2830 3857 quidam
2859 3801 3039 3839 eorum
3083 3800 3392 3839 murmura-

152 3879 337 3946 κύνες,
363 3885 809 3954 περιερχόμενοι
843 3884 1024 3936 πόλιν
1051 3883 1404 3950 ρεμϐόμενοι
1423 3921 1439 3946 ,
1481 3881 1582 3933 ἵνα
1607 3898 1652 3949 μ

1379 3899 1439 3946 ιι,
1481 3881 1582 3933 ἵνα
1607 3879 1694 3949 μὴ
1801 3889 2004 3942 verunt,
2035 3889 2085 3933 et
2115 3896 2148 3932 a
2183 3878 2504 3947 serpentibus
2535 3878 2800 3946 perierunt
2820 3877 2883 3931 ⁸³.

151 3970 472 4040 ἀχόρτιιστοι
535 3975 900 4030 αὐλισθῶσι.
969 3973 1494 4046 Διασκορπισθέντες
1531 3973 1662 4041 γοῦν
1691 3975 1770 4036 εἰς
1808 3973 1986 4026 πάντα
2021 3972 2088 4026 τὰ
2136 3972 2267 4043 ἔθνη
2309 3973 2465 4044 δίκην
2518 3971 2695 4026 κυνῶν
2745 3970 3120 4043 λιμωττόντων
3166 3969 3389 4042 ζητοῦσι

152 4060 229 4113 τοῦ
277 4069 496 4133 φαγεῖν·
560 4066 639 4138 μὴ
687 4066 1032 4137 εὑρίσκοντες
1086 4067 1141 4120 δὲ
1192 4067 1397 4138 τροφὴν
1440 4066 1700 4138 λογικὴν,
1761 4064 2124 4120 ἐκλείπουσιν.
2167 4067 2231 4119 El
2275 4065 2332 4119 δὲ
2379 4064 2472 4118 καί
2510 4081 2642 4117 ποτε
2698 4060 2808 4117 ἀπὸ
2845 4063 3006 4135 ψιλῆς
3049 4062 3158 4118 τῶν
3230 4063 3390 4117 θείων

153 4155 357 4228 Γραφῶν
402 4159 765 4230 ἀναγνώσεως
817 4160 1175 4231 μεταλάϐοιεν
1256 4161 1498 4234 τροφῆς,
1568 4162 1718 4232 ὅμως
1743 4199 1757 4224 ,
1820 4160 2032 4224 οὐδενὸς
2087 4159 2316 4232 στερροὖ
2390 4158 2894 4229 μεταλαμϐάνοντες
2946 4156 3070 4210 οὗτε
3123 4155 3389 4222 ζωοποιοῢ

155 4244 293 4314 ἄρτου
337 4249 762 4323 ἀπογευόμενοι,
817 4252 1144 4322 άχόρταστοι
1213 4251 1562 4323 διαμένουσιη
1631 4252 1706 4324 μὴ
1747 4250 2140 4324 χορταζόμενοι
2191 4251 2278 4316 δὲ,
2316 4249 2852 4319 καταγογγύζουσιν,
2897 4247 3087 4319 ὥσπερ
3124 4244 3218 4301 οὖν
3259 4265 3392 4300 κατ-

156 4340 426 4408 εγὸγγυσάν
459 4364 592 4400 ποτε
662 4348 754 4400 ἐπὶ
788 4347 889 4416 τῆς
917 4349 1014 4418 ἒρή
1026 4365 1146 4417 μου.
1177 4347 1348 4399 Τοῦτο
1386 4348 1494 4418 γὰρ
1526 4347 1708 4411 αὐτοῖς
1747 4349 1918 4400 ποιεῖν
1949 4345 2197 4416 σύνηθες.
2225 4345 2316 4398 Διὸ
2343 4344 2478 4416 πρὸς
2543 4345 2688 4414 ἡμᾶς
2721 4359 2882 4414 φησιν
2922 4343 2952 4395 ὁ
3030 4341 3347 4402 Ἀπόστολος
3370 4367 3386 4382 ο

157 4431 300 4498 Μηδὲ
328 4435 660 4505 γογγύζητε,
702 4437 898 4502 καθὼς
929 4437 1090 4502 τινὲς
1118 4435 1316 4490 αὐτῶν
1341 4435 1703 4506 ἐγόγγυσαν,
1737 4429 1842 4491 ’καὶ
1876 4435 2188 4490 ἀπώλοντο
2227 4432 2492 4502 ὑπὸτῶν
2521 4433 2736 4502 ὄφεων.
3049 4497 3052 4502 ι

226 4524 358 4593 Ἐγὼ
386 4528 452 4581 δὲ
487 4529 711 4600 ᾄσομαι
745 4530 860 4596 τὴν
899 4529 1157 4599 δύναμιν
1185 4545 1332 4592 σου,
1383 4527 1483 4582 καὶ
1527 4529 1712 4598 dral-

1886 4525 2053 4583 Vsns.
2103 4527 2191 4589 l7,
2243 4525 2330 4581 18.
2373 4524 2486 4596 Ego
2537 4535 2716 4584 autem
2759 4523 2982 4582 cantabo
3024 4520 3389 4591 fortitudinem

160 4615 410 4685 λιὰσομαι
452 4621 534 4686 τῷ
575 4620 724 4690 πρωὶ
761 4621 825 4674 τὸ
870 4621 1042 4686 ἔλεός
1088 4635 1238 4674 σου·
1287 4619 1377 4672 ὅτι
1421 4618 1664 4688 ἐγενήθη

1886 4635 1986 4682 run,
2016 4627 2064 4672 et
2102 4615 2378 4672 exsultabo
2420 4633 2574 4671 mane
2610 4605 3026 4672 misericordiam
3061 4621 3226 4675 tuam,
3263 4612 3390 4681 quia

159 4704 506 4779 ἁντιλήπτωιλ
548 4729 670 4780 μου
713 4710 811 4764 καὶ
865 4709 1180 4780 καταφυγή
1225 4726 1345 4779 μου
1403 4710 1474 4762 ἐν
1517 4708 1663 4778 ἡμέρ

1886 4717 1990 4761 ctus
2034 4723 2086 4761 es
2124 4715 2395 4774 susceptor
2426 4721 2593 4769 meus,
2628 4714 2677 4758 et
2707 4704 2966 4772 refugium
3000 4717 3171 4761 meum
3218 4700 3275 4754 iu
3305 4698 3390 4759 die

161 4797 390 4865 ᾱίίψεώς
415 4820 545 4866 μου.
594 4803 822 4870 Βοηθός
867 4820 1006 4871 μου,
1039 4803 1136 4856 σοὶ
1185 4799 1362 4869 ψαλῶ
1389 4842 1403 4865 ,
1447 4801 1536 4854 ὅτι
1565 4801 1665 4855 Sed

1910 4797 2175 4852 iulationis
2211 4814 2358 4852 metr.
2391 4797 2621 4866 Adjutor
2663 4811 2808 4853 meus
2840 4793 2933 4850 tibi
2973 4789 3226 4860 psallam,
3265 4791 3414 4860 quia.

161 4887 504 4960 tit-rurircmp
553 4912 673 4963 μου
718 4891 790 4959 εἴ,
827 4898 860 4949 ὁ
896 4896 1038 4960 Θεός
1073 4911 1192 4963 μου
1231 4892 1300 4958 τὸ
1345 4892 1514 4957 ἔλεός
1567 4909 1665 4961 μοι

1885 4907 1956 4945 eus
2001 4897 2269 4959 susceptor
2321 4905 2464 4942 meus
2511 4905 2588 4953 es,
2645 4887 2787 4941 Deus
2831 4900 2973 4940 meus
3024 4881 3389 4939 misericordia

164 4977 323 5034 Ταῦτα
351 4985 444 5053 μὲν
475 4982 567 5039 οὖν
596 4987 643 5038 οἱ
685 4987 1084 5049 ἐπαναστάντες
1121 5003 1212 5054 μοι
1247 4985 1559 5038 πείσονται·
1599 4985 1668 5051 ὲγι

1884 4997 1950 5035 ιιι.
1975 4979 2100 5036 llaec
2123 4981 2305 5051 itaque
2327 4980 2602 5049 patientur
2627 4978 2718 5048 qui
2745 4976 3164 5034 insurrexerunt
3194 4973 3247 5026 in
3284 4988 3388 5027 me.

162 5065 208 5120 ἃ
235 5070 321 5141 τὴν
346 5073 570 5147 δύναμίν
611 5094 704 5130 σου
733 5076 826 5129 τοῦ
867 5076 1000 5148 ἐμοῦ
1046 5075 1258 5147 Πατρδς
1292 5075 1514 5146 ᾄσομαι-
1546 5073 1666 5152 Λέγε

1884 5085 1934 5140 go
1963 5085 2093 5125 vero
2123 5077 2270 5126 tuam
2301 5070 2482 5126 Patris
2516 5067 2620 5123 mei
2660 5065 3096 5121 misericordiam
3134 5063 3388 5120 cantabo.

165 5174 239 5212 ται
267 5161 318 5214 δὲ
344 5167 513 5220 ταῦτα
544 5169 608 5221 ὲκ
654 5167 948 5241 προσώπου
989 5167 1080 5220 τοῦ
1108 5168 1360 5239 Σωτῆρος
1393 5183 1666 5239 προφητικ

1891 5177 1952 5216 Ia:
1999 5161 2319 5232 pr0phctico
2353 5161 2550 5231 spiritu
2593 5174 2660 5214 ex
2693 5171 2926 5232 persona
2951 5153 3273 5214 .Salvutoris
3312 5152 3395 5206 di-

172 5252 441 5328 πνεύματι,
491 5258 567 5322 ὡς
624 5261 716 5313 καὶ
779 5261 837 5312 ὲν
881 5258 1088 5330 ἑτέροις
1139 5258 1356 5326 ὲλέγετο
1402 5257 1461 5323 ἐξ
1510 5255 1674 5312 αὐτοῦ

1883 5259 2025 5307 Intur
2049 5269 2064 5318 ;
2092 5260 2152 5307 ut
2191 5261 2246 5307 et
2273 5251 2399 5306 alibi
2424 5267 2490 5307 ex
2522 5247 2766 5319 ejusdem
2801 5263 3032 5318 persona
3065 5245 3387 5300 dicebatur:

179 5329 481 5411 Ἀπαγγελῶ
508 5347 574 5404 τὸ
613 5347 803 5418 ὄνομα
833 5366 948 5403 σου
981 5329 1112 5414 τοῖς
1152 5346 1436 5416 ἀδελφοῖς
1464 5365 1608 5416 μου,
1648 5350 1683 5401 ἐπ

1889 5343 2075 5398 arrabo
2112 5360 2299 5398 nomen
2324 5352 2469 5396 tuum
2504 5339 2761 5407 fratribus
2808 5339 2958 5416 meis,
3003 5338 3057 5390 in
3090 5336 3257 5395 medio
3288 5331 3393 5387 Ec-

167 5427 310 5498 Ιιέσῳ
339 5434 696 5506 Ἐκκλησίας
725 5439 975 5508 ὑμνήσω
1007 5454 1100 5493 σε.
1140 5438 1247 5492 Kal
1275 5437 1671 5507 ἀγαλλιάσομι

1889 5438 1993 5488 :sia:
2017 5433 2244 5487 laudabo
2286 5442 2333 5487 te
2348 5433 2416 5486 9°.
2459 5431 2524 5487 Et
2546 5429 2848 5506 exsultabo,
2882 5429 3082 5499 inquit,
3114 5441 3264 5480 mane
3293 5425 3393 5478 mi-

172 5519 246 5586 δὲ,
279 5527 421 5594 φησὶ,
452 5528 530 5594 τῷ
561 5531 703 5598 πρωὶ
736 5531 799 5584 τὸ
833 5532 1006 5598 ἔλεός
1025 5548 1140 5586 σου
1163 5547 1176 5561 ⁸
1208 5531 1346 5600 ὅπερ
1368 5529 1396 5581 ὁ
1419 5511 1676 5599 Σύμμαχε

1887 5523 2168 5578 ricordiam
2203 5532 2392 5578 tuam:
2431 5523 2578 5596 quod
2607 5523 2684 5585 ita
2721 5520 3083 5601 Symmachus
3125 5518 3391 5584 ittterpter

3399 769 3415 816 ί.

232 5699 273 5737 ³⁸
306 5701 429 5759 Gen.
465 5723 644 5775 sxxii,
675 5709 762 5764 9.8.
840 5711 884 5742 "9
924 5709 1102 5766 lCor.
1141 5724 1196 5786 χ,
1238 5707 1320 5764 l0.
1398 5706 1443 5738 °°
1482 5702 1629 5767 Psal.
1664 5717 1793 5771 XXI,
1826 5697 1914 5766 23.
