3808 6280
409 311 514 370 εει
1125 309 1395 369 ευεεοιι
1432 309 1912 369 αιεδλιιιεκειε
1944 309 2098 367 ora.
2131 305 2319 364 rans
2355 306 2442 363 ut.
2464 281 2536 349 ’-
2577 306 2988 366 exessum.
3081 313 3085 316 ·
3547 314 3634 371 εει

416 440 568 488 tatus
595 441 700 496 est,
730 442 780 484 et
807 429 1077 485 celebrabo
1106 431 1343 486 diluculo
1372 433 1790 487 misericordiam
1823 442 1991 486 tuam.

2111 431 2444 502 ἡρμήνευσε·
2503 433 2611 486 Kal
2656 429 2910 500 ὑμνήσω
2946 429 3072 484 κατ’
3122 429 3337 498 ὄρθρον
3387 430 3448 485 τὸ
3495 432 3635 501 ἔλεός

419 521 518 577 His
547 536 710 592 porro
749 521 957 575 cultum
1005 522 1060 576 in
1109 521 1352 579 Ecclesia
1397 524 1548 593 ejus,
1588 524 1870 580 Dominica
1903 525 1991 579 die

2111 536 2239 576 σου.
2272 522 2536 594 Σημαίνει
2566 522 2622 574 δὲ
2655 521 2743 575 διὰ
2789 521 2978 575 τούτου
3028 521 3383 592 προφητικῶς
3419 523 3508 594 τὴν
3539 529 3634 579 κατ’

417 627 516 683 per
548 619 722 665 totum
773 611 960 666 orbem
994 611 1240 669 diluculo
1275 616 1546 670 celebrari
1585 617 1831 680 solitum,
1867 631 1993 685 pro-

2111 611 2290 684 5ρθρον
2307 611 2399 665 καὶ
2421 611 2539 665 καθ’
2562 613 2795 682 ἑκάστην
2817 612 3029 681 πρωίαν
3039 611 3138 682 τῆς
3155 611 3510 681 ἀναστασίμου
3528 613 3636 682 ὴμέ-

417 701 631 770 phetice
661 700 887 758 indicat.
921 699 1054 755 Nam
1091 718 1214 756 cum
1249 705 1472 771 dicitur,
1505 706 1558 760 in
1602 706 1773 760 medio
1807 705 1991 759 Eccle-

2111 720 2201 773 ρας
2231 703 2351 756 καθ’
2385 703 2510 773 ὅλης
2525 702 2624 773 τῆς
2655 701 2975 772 οἰκουμένης
3007 702 3065 754 ὲν
3090 705 3154 773 τῇ
3189 700 3476 771 Ἐκκλησία
3509 704 3636 756 αὑτοῦ

419 791 515 843 site
538 789 770 844 laudabo
809 799 876 852 te,
908 791 1061 846 locus
1090 792 1431 864 signiﬁcatur
1465 797 1518 850 in
1549 810 1658 865 quo
1689 811 1748 850 se
1778 795 1990 850 Patrem

2111 792 2523 865 συντελουμένην
2549 794 2819 866 λατρείαν.
2836 793 2923 846 Ἐν
2947 792 3044 862 μὲν
3071 792 3180 864 γὰρ
3207 791 3283 862 τῷ
3303 791 3640 860 λέγεσθαι,ἐν

425 879 829 934 celebraturum
854 880 1108 936 Christus
1133 884 1529 958 pollicebatur;
1555 885 1639 940 his
1666 895 1846 940 autem
1875 902 1993 941 ver-

2111 885 2264 951 μέσῳ
2316 885 2674 952 Ἐκκλησιας
2719 882 2970 954 ὑμνήσω
3009 900 3116 948 σε,
3151 885 3179 935 ὁ
3225 884 3388 946 τόπος
3432 883 3641 954 ἐδηλοῦτο

421 969 528 1033 bis,
556 979 606 1024 et
644 972 913 1026 celebrabo
941 972 1178 1029 diluculo
1210 976 1627 1030 misericordiam
1660 987 1826 1039 tuam,
1854 985 1993 1032 tem-

2111 976 2224 1039 καθ’
2254 977 2312 1029 ὃν
2334 977 2596 1046 ὑμνήσειν
2617 976 2710 1028 τὸν
2741 975 2958 1046 Πατέρα
2983 976 3011 1027 ὁ
3031 973 3266 1044 Χριστὸς
3288 975 3635 1043 ἐπηγγέλλετο·

421 1077 526 1132 pus
581 1062 892 1118 declaratur
931 1082 1041 1134 quo
1089 1075 1370 1135 paternam
1421 1069 1852 1124 misericordiam
1899 1084 1994 1138 per

2111 1068 2158 1119 ἐν
2183 1066 2240 1118 δέ
2279 1065 2376 1135 τῷ,
2406 1066 2512 1118 Καὶ
2544 1065 2798 1134 ὑμνήσω
2839 1065 2965 1117 κατ’
2993 1064 3208 1132 ὄρθρον
3232 1064 3299 1117 τὸ
3340 1064 3504 1130 ἔλεός
3530 1083 3638 1128 σου.

419 1166 612 1207 omnes
641 1163 830 1222 gentes
880 1155 1106 1212 effusam
1149 1157 1477 1228 ‘Unigenitus
1510 1159 1630 1228 ejus
1683 1175 1780 1230 per
1823 1175 1994 1230 popu-

2111 1160 2130 1211 5
2153 1157 2342 1231 χρόνος
2370 1157 2718 1227 παρίσταται,
2741 1159 2796 1210 ἐν
2821 1149 2864 1224 ᾧ
2890 1155 2950 1209 τὸ
2976 1155 3120 1219 ἔλεος
3137 1157 3209 1218 ξτὸ
3234 1156 3490 1226 πατρικὸν
3512 1157 3559 1210 τὸ
3578 1161 3641 1222 είς

420 1245 533 1298 lum
566 1261 748 1310 suum,
781 1247 848 1302 de
883 1247 971 1301 illa
1007 1250 1250 1319 gaudens
1276 1251 1690 1321 exsultansque,
1727 1253 1990 1307 celebrat.

2111 1251 2278 1303 πάντα
2303 1247 2462 1318 χυθὲν
2486 1248 2556 1300 τὰ
2585 1247 2712 1318 ἔθνη
2733 1251 2760 1301 ὁ
2781 1248 3090 1318 Μονογενὴς
3124 1247 3288 1300 αὑτοῦ
3317 1247 3404 1300 διὰ
3431 1247 3511 1300 τοῦ
3537 1250 3640 1302 ἰδίου

422 1335 488 1389 Et
522 1337 658 1403 lucc,
690 1339 889 1409 inquit,
921 1342 1102 1394 omnia
1138 1343 1362 1397 reddam
1401 1344 1499 1397 tibi
1530 1345 1691 1414 :quia
1729 1344 1903 1413 factus
1941 1361 1994 1400 es

2111 1337 2231 1390 λαοῦ
2259 1338 2418 1408 ὑμνεῖ
2443 1337 2645 1408 χαίρων
2679 1338 2772 1389 καὶ
2803 1335 3206 1408 άγαλλιώμενος
3236 1338 3330 1391 ἐπὶ
3359 1337 3535 1408 τούτῳ.
3556 1338 3641 1392 Καὶ

421 1439 693 1495 susceptor
714 1445 858 1482 meus
889 1439 936 1481 et
969 1431 1229 1501 refugium
1269 1449 1441 1486 meum
1483 1435 1536 1486 in
1587 1433 1672 1486 die
1694 1434 1994 1488 tribulatio-

2111 1430 2277 1484 ταῦτα
2315 1429 2370 1482 δέ
2405 1430 2580 1483 πάντα
2613 1427 2877 1482 ἀποδώσω
2908 1446 3010 1492 σοι,
3047 1430 3240 1500 φησίν·
3273 1429 3364 1483 ὅτι
3397 1430 3642 1500 ἐγενήθης

424 1518 506 1570 uis
538 1534 683 1571 metr.
720 1517 819 1573 His
846 1519 1044 1589 quippe
1065 1523 1324 1577 omnibus
1347 1538 1377 1576 a
1408 1523 1570 1578 Patre
1595 1523 1880 1579 beneﬁciis
1907 1540 1997 1578 0r-

422 1617 603 1668 natus,
633 1607 755 1674 jure
784 1610 1071 1664 celebrabo
1111 1611 1547 1668 misericordiam
1582 1622 1751 1679 tuam,
1789 1628 1994 1686 egoque

2111 1610 2263 1679 ψεώς
2285 1628 2423 1680 μου.
2461 1610 2678 1663 Τούτων
2705 1609 2815 1680 γὰρ
2853 1609 3106 1662 ἁπάντων
3140 1609 3292 1677 παρὰ
3334 1607 3426 1662 τοῦ
3471 1600 3644 1680 [ἰατρὸς

423 1695 541 1765 ipse
588 1699 682 1752 tibi
738 1700 990 1767 psallam,
1039 1702 1162 1769 quia
1196 1703 1370 1764 factus
1422 1721 1475 1757 es
1516 1717 1786 1773 susceptor
1829 1723 1994 1768 meus,

2111 1701 2302 1772 τυχὼν,
2340 1701 2562 1764 εἰκότως
2605 1701 2724 1753 κατ’
2759 1700 2954 1771 ὄρθρον
2995 1700 3222 1769 ὑμνήσω
3261 1699 3350 1752 τὸν
3384 1699 3520 1752 ἐλεόν
3550 1717 3643 1762 σου,

423 1785 564 1840 Deus
616 1803 759 1840 meus
812 1797 861 1841 et
913 1789 1275 1843 misericordia
1333 1809 1466 1844 mea.
1520 1792 1597 1846 Ex
1643 1793 1994 1850 inferioribus

2111 1792 2191 1845 ml
2225 1809 2306 1845 σοι
2355 1791 2513 1862 ψαλῶ
2546 1791 2706 1854 αὐτὸς
2754 1789 2894 1859 ἐγώ·
2942 1791 3030 1844 ὅτι
3074 1789 3326 1860 γὲγυνὰς
3367 1807 3480 1858 μου
3513 1791 3644 1843 ἀντι-

417 1877 618 1946 quippe
645 1893 804 1932 nemo
843 1879 1123 1950 porrigere
1162 1883 1294 1937 mihi
1337 1899 1556 1937 manum
1600 1894 1814 1954 poterat
1848 1906 1860 1941 :
1901 1886 1994 1942 sed

2111 1880 2371 1947 λήπτωρ,
2403 1881 2503 1933 καὶ
2538 1882 2685 1946 Θεός
2705 1898 2824 1949 μου
2850 1879 2949 1932 καὶ
2976 1879 3146 1944 ἔλεός
3167 1897 3303 1946 μου.
3347 1878 3521 1940 Οὐδεὶς
3559 1879 3648 1949 γὰρ

428 1981 486 2022 ιιι
517 1969 669 2021 solus
703 1967 884 2033 Pater,
922 1971 1015 2040 qui
1043 1987 1214 2042 supra
1256 1990 1343 2027 me
1385 1991 1466 2028 es.
1496 1976 1678 2041 Quare
1703 1993 1788 2032 me
1815 1979 1913 2032 abs
1946 1988 1994 2034 te

2111 1973 2208 2025 τῶν
2252 1972 2672 2042 ὑποϐεϐηκότων
2705 1968 2815 2033 οἷός
2859 1988 2917 2023 τε
2943 1967 3010 2041 ἦν
3048 1973 3173 2041 ἐμοὶ
3213 1972 3426 2042 ὀρέγειν
3454 1972 3642 2040 χεῖραῆ

419 2057 653 2127 pendere
680 2057 872 2123 fateor,
899 2060 1154 2115 virtutem
1188 2064 1424 2118 cantabo
1447 2073 1618 2129 tuam,
1642 2076 1802 2136 teque
1828 2084 1994 2121 unum

2111 2063 2165 2115 σὺ
2205 2061 2364 2133 μόνος
2391 2065 2419 2115 ό
2439 2063 2580 2132 ὑπὲρ
2617 2061 2684 2132 μὲ
2712 2062 2922 2133 Πατήρ.
2954 2060 3045 2113 Διὸ
3085 2061 3178 2113 καί
3209 2079 3303 2113 σου
3347 2061 3644 2132 ἀνηρτῆσθαι

416 2156 788 2216 susceptorem
821 2164 886 2203 ac
918 2150 1193 2220 refugium
1224 2154 1355 2207 mihi
1383 2156 1677 2210 ascriliam.
1712 2157 1804 2211 Ila:
1833 2174 1994 2227 porro

2111 2152 2370 2222 Βμολογῶ,
2405 2153 2498 2205 καὶ
2521 2152 2620 2223 τὴν
2648 2151 2878 2222 δύναμίν
2923 2168 3015 2204 σου
3058 2151 3283 2223 ᾄσομαι,
3314 2151 3644 2222 ἀντιλήπτορα

421 2233 726 2290 Salvatoris
759 2252 921 2291 voces
965 2237 1193 2302 fuerint,
1228 2242 1386 2310 queis
1431 2243 1688 2312 pietatem
1717 2261 1843 2317 erga
1894 2246 1994 2299 Pa«

2111 2243 2194 2294 ιιαὶ
2241 2244 2559 2313 καταφυγὴν
2608 2242 2846 2314 ἐμαυτοῦ
2899 2243 2960 2295 σὲ
3017 2243 3175 2312 μόνον
3225 2244 3641 2313 ἐπιγραφόμενος.

417 2339 559 2390 trem
587 2350 747 2390 suum
777 2350 969 2390 omnes
997 2334 1245 2390 edoceat.

2111 2329 2222 2386 Εἶεν
2244 2334 2288 2385 δ’
2326 2333 2394 2388 ἂν
2423 2329 2583 2388 αὗται
2613 2336 2668 2388 αἱ
2706 2335 2881 2405 φωναὶ
2911 2333 3006 2388 τοῦ
3031 2336 3302 2404 Σωτῆρος,
3344 2336 3645 2396 διδάσκοντος

2096 2424 2223 2485 τοὺς
2257 2423 2466 2487 πάντας
2488 2421 2732 2478 εὐσεϐεῖν
2759 2425 2839 2488 είς
2867 2425 2958 2477 τὸν
2992 2423 3159 2478 αὑτοῦ
3193 2424 3435 2495 Πατέρα.

2103 1518 2480 1592 ἀντιλήπτωρ
2499 1536 2618 1588 μου
2649 1519 2747 1572 καὶ
2779 1517 3088 1587 καταφυγή
3108 1537 3228 1587 μου
3252 1519 3322 1571 ἐν
3349 1518 3521 1586 ἡμέρᾳ
3544 1521 3644 1571 θλί-

418 2580 472 2634 ⁴Ι.
504 2579 554 2634 2
591 2577 659 2631 ΙΝ
700 2577 928 2642 FINEM,
971 2577 1106 2631 Ριιο
1146 2577 1235 2630 IIS
1267 2577 1388 2642 QUI
1418 2575 1996 2640 IMMUTABUNTUR,

490 2647 560 2703 IN
599 2647 837 2701 TITllLI
895 2646 1435 2701 IhSCllIP’I‘IUNEM
1496 2647 1632 2700 IPSI
1673 2644 1886 2699 DAVID
1927 2646 1995 2700 IN

489 2716 918 2777 DOCTRINAM,
961 2714 1104 2769 CUM
1153 2715 1548 2771 SUCCELVDIT
1591 2715 1996 2770 MES‘II‘U'I‘A-
2051 2759 2060 2766 .

485 2785 656 2840 MIHI
700 2785 928 2840 SYHIzE
979 2785 1068 2838 ET
1113 2783 1372 2839 SYRIAM
1422 2785 1664 2847 SOBAL,
1708 2783 1793 2838 ET
1830 2785 1998 2839 CON-

491 2855 765 2912 VEIlSUS
801 2855 973 2909 JOAB
1033 2852 1417 2910 PERCUSSIT
1481 2853 1755 2908 VALLEM
1815 2854 1994 2909 SALI-

486 2925 731 2981 NAIlUlII
769 2923 1130 2984 DUODECIM
1160 2924 1394 2979 MILLIA
1424 2924 1560 2978 LIX.

2098 2581 2207 2634 ΕΙΣ
2239 2581 2326 2634 ΤΟ
2355 2581 2596 2643 ΤΕΛΟΣ,
2639 2582 2795 2636 ΤΟΙΣ
2826 2580 3510 2636 ΑΔΛΟΙΩΘΗΣΟΜΕΝθΙΣ
3559 2580 3646 2633 ΕΙΣ

2171 2651 2715 2713 ΣΤΗΛΟΓΡΑΦΙΔΝ,
2781 2651 2876 2702 ΤΩ
2932 2651 3134 2704 ΔΑΥΙΔ
3187 2652 3296 2703 ΕΙΣ
3355 2649 3645 2710 ΔΙΔΑΧΗΝ.

2172 2721 2396 2773 ΟΠΟΤΕ
2455 2720 2843 2774 ΕΝΕΠΥΡΙΣΕ
2923 2721 3064 2773 ΤΗΝ
3135 2718 3648 2773 ΜΕΣΟΠΟΤΑΜΙᾹΙ(

2169 2791 2432 2851 ΣΥΡΙἈΣ,
2457 2793 2575 2842 KAI
2610 2790 2754 2842 ΤΗΝ
2781 2790 3034 2842 ΣΥΡΙΑΝ
3059 2790 3296 2850 ΣΩΒΑΛ,
3322 2790 3439 2842 ΚΑΙ
3473 2787 3646 2840 ΛΠΕΣ·

2170 2860 2400 2912 ’ΠἘΨΕ
2429 2859 2588 2911 -ΙΩΑΒ
2627 2861 2757 2912 εΚΑΙ
2814 2859 3126 2912 ΕΠΑΤΑΞΕ
3181 2859 3326 2911 ΤΗΝ
3374 2857 3646 2911 ΦΑΡΔΓΓΔ

2167 2929 2302 2980 ΤΩΝ
2335 2930 2514 2981 ΑΛΩΝ
2545 2930 2807 2988 ΔΩΔΕΚΑ
2842 2930 3160 2982 ΧΙΛΙΑΔΑΣ
3193 2929 3319 2992 ΝΘἍ

487 3057 658 3112 Vens.
690 3059 808 3113 5-6.
871 3076 890 3109 ι
935 3057 1075 3112 Deus
1098 3097 1112 3122 ,
1157 3058 1406 3127 repulisti
1438 3073 1537 3112 nos
1569 3065 1622 3112 et
1671 3057 1993 3112 destruxisti

2129 3071 2132 3074 ’
2177 3081 2194 3112 ι
2217 3062 2273 3115 '0
2289 3062 2440 3125 Θεὸς,
2456 3063 2660 3116 ἀπώσω
2681 3063 2827 3134 ἡμᾶς
2844 3063 2936 3116 καὶ
2964 3061 3208 3125 καθεῖλες
3225 3064 3390 3134 ἡμᾶς,
3410 3059 3646 3134 ὼργίσθης

416 3165 538 3214 nos,
572 3151 742 3205 iratus
789 3166 870 3211 es,
917 3158 970 3204 et
998 3151 1255 3204 misertus
1286 3165 1348 3204 es
1375 3151 1552 3203 nobis.
1587 3168 1605 3202 ι
1645 3147 1744 3203 Hic
1779 3164 1994 3220 quoque

2111 3153 2191 3206 καὶ
2205 3122 2440 3225 ᾠκτείρη
2449 3171 2546 3219 σας
2562 3122 2760 3224 ἡμᾶς..)
2785 3122 2878 3216 Kl;
2895 3122 3292 3223 στηλογραερίαν
3317 3122 3420 3222 μέν
3573 3122 3647 3202 καὶ

415 3259 600 3300 sermo
650 3246 703 3299 in
737 3245 882 3298 tituli
913 3247 1325 3315 inscriptionem
1374 3255 1492 3312 est,
1521 3260 1642 3316 quae
1677 3253 1856 3298 tamen
1890 3255 1994 3294 non

2111 3247 2126 3298 5
2158 3245 2348 3316 παρὼν
2373 3244 2549 3312 λόγος,
2565 3245 2624 3296 οὐ
2661 3244 2767 3315 μὴν
2785 3243 2926 3296 κατὰ
2959 3245 3083 3306 τοὺς
3109 3244 3302 3306 αὐτοὺς
3317 3244 3522 3314 εἴρηται
3548 3240 3629 3312 χρό

417 3335 610 3390 eodem
638 3353 748 3405 quo
776 3337 988 3406 priores
1033 3348 1277 3406 tempore
1314 3338 1664 3407 pronuntiata
1714 3335 1833 3388 fuit.
1894 3331 1994 3386 Illa!

2111 3353 2222 3413 γους
2254 3338 2374 3398 ταῖς
2405 3335 2510 3405 πρὸ
2561 3335 2748 3405 αὐτῆς.
2795 3335 3031 3387 Ἐκεῖναι
3075 3334 3173 3404 μὲν
3207 3335 3316 3404 γὰρ
3364 3333 3448 3385 έτι
3477 3330 3646 3396 ζῶντος

416 3427 620 3496 quippe
647 3429 943 3497 superstite
982 3427 1145 3482 Saule
1166 3471 1179 3494 ,
1213 3428 1444 3483 necdum
1481 3435 1742 3497 regnante
1772 3424 1994 3485 Davide,

2111 3423 2272 3478 Σαοὺλ
2302 3425 2395 3477 καὶ
2429 3422 2534 3496 πρὸ
2565 3421 2658 3475 τοῦ
2687 3421 3002 3492 βασιλεῦσαι
3034 3423 3126 3475 τὸν
3148 3422 3311 3475 Δαυῒδ
3342 3421 3645 3491 ἐλέχθησαν

417 3519 646 3588 prolatze
673 3527 821 3574 sunt.
859 3518 1040 3574 Prima
1070 3520 1304 3582 scilicet,
1343 3538 1362 3571 ι
1393 3535 1517 3574 cum
1547 3525 1844 3573 tenuerunt
1871 3532 1994 3570 cum

2111 3519 2131 3588 ἡ
2166 3518 2262 3588 μὲν
2290 3514 2502 3587 πρώτη,
2538 3535 2556 3566 ι
2589 3515 2749 3568 ὁπότε
2786 3515 3094 3586 ἐκράτησαν
3117 3515 3277 3567 αὐτὸν
3294 3517 3342 3568 οί
3370 3510 3646 3582 Ἀλλόφυλοι

418 3610 689 3682 Allophyli
721 3611 775 3664 in
810 3609 947 3664 Getli
996 3613 1072 3676 ";
1109 3630 1128 3663 ι
1164 3611 1404 3666 secunda
1427 3652 1441 3674 ,
1496 3629 1514 3662 ι
1549 3626 1672 3665 cum
1726 3609 1937 3680 fugeret
1967 3623 1994 3660 a

2111 3613 2155 3660 ὲν
2180 3607 2280 3661 Γέθ
2307 3623 2320 3638 ⁸
2362 3625 2380 3658 ι
2420 3607 2454 3677 ἡ
2486 3606 2544 3658 δέ
2575 3605 2827 3677 δευτέρα,
2857 3625 2874 3655 ι
2915 3607 2971 3658 ἐν
3000 3605 3079 3676 τῷ
3109 3605 3518 3676 ἀποδιδράσκειν
3561 3601 3647 3655 ἀπὸ

419 3701 558 3756 facie
605 3701 788 3757 Saulis
837 3702 890 3755 in
930 3683 1253 3772 'speluncam
1285 3704 1367 3768 ";
1406 3721 1424 3754 ι
1455 3709 1730 3772 postrema
1754 3741 1768 3763 ,
1823 3721 1842 3751 ‹
1873 3716 1994 3753 cum

2111 3699 2390 3772 προσώπου
2425 3698 2595 3751 Σαοὺλ
2622 3700 2700 3760 εἰς
2727 3699 2789 3750 τὸ
2813 3697 3076 3767 σπήλαιον
3107 3714 3120 3728 ·
3163 3716 3183 3748 ι
3223 3700 3254 3768 ή
3283 3697 3340 3750 δὲ
3374 3696 3643 3757 τελευταία,

416 3793 567 3847 misit
593 3790 723 3847 Saul
761 3799 814 3847 et
841 3794 1136 3848 custodivit
1167 3793 1389 3848 domum
1436 3794 1558 3862 ejus
1581 3832 1595 3854 ,
1634 3799 1693 3844 ut
1725 3790 1994 3845 interﬁce-

2111 3807 2121 3840 ι
2154 3787 2241 3840 ὅτε
2269 3787 2556 3840 ἀπέστειλε
2591 3787 2760 3840 Σαοὺλ
2794 3789 2887 3842 καὶ
2915 3785 3142 3856 ἐφύλαξε
3177 3789 3270 3842 τὸν
3302 3785 3449 3842 οἶκον
3484 3785 3642 3845 αὑτοῦ.

415 3888 502 3936 ret
525 3897 650 3936 eum
681 3883 749 3937 ”.
787 3901 805 3934 ι
839 3881 990 3937 Hanc
1019 3892 1201 3938 autem
1233 3893 1356 3953 post
1382 3883 1561 3939 Saulis
1583 3883 1826 3945 obitum,
1869 3897 1994 3934 cum

2111 3880 2189 3932 τοῦ
2214 3878 2521 3933 θανατῶσαι
2551 3878 2731 3932 αὐτόν.
2769 3898 2786 3930 ι
2819 3879 2928 3950 Τὴν
2959 3879 3014 3933 δέ
3046 3879 3184 3948 μετὰ
3214 3883 3402 3949 χεῖρας
3428 3878 3557 3950 μετὰ
3572 3877 3643 3929 τὸν

411 3967 525 4035 jam
555 3985 780 4038 regnum
810 3978 1056 4035 teneret,
1097 3982 1399 4043 exactoque
1424 3973 1535 4042 jam
1569 3974 1719 4042 regni
1753 3979 1996 4041 tempore

418 4060 555 4114 bene
584 4062 1017 4123 multo.numinc
1045 4063 1256 4119 adlatus
1282 4065 1449 4119 David
1474 4066 1664 4120 edidit.
1693 4063 1848 4130 Quod
1879 4065 1996 4133 ipse.

414 4152 610 4207 titulus
646 4153 849 4208 indicat
871 4155 954 4210 his
977 4156 1195 4211 verbis:
1230 4176 1248 4208 ι
1281 4157 1416 4211 Cum
1436 4158 1718 4212 succendit
1748 4157 1986 4226 Mesopo-

413 4242 636 4295 tamiam
669 4243 869 4313 Syriae,
904 4254 960 4300 et
986 4243 1203 4317 Syriam
1237 4246 1421 4311 Sobal,
1444 4256 1497 4302 et
1525 4265 1825 4303 conversus
1858 4249 1994 4303 Joab

2111 4266 2117 4297 ι
2165 4247 2354 4299 Ὁπότε
2391 4246 2678 4317 ἐνεπύρισε
2707 4248 2806 4317 τὴν
2831 4248 3258 4318 Μεσοποταμίαν
3299 4246 3529 4318 Συρίας,
3569 4244 3642 4297 καὶ

415 4332 690 4398 percussit
716 4334 911 4388 vallem
941 4333 1250 4391 Salinarum
1291 4339 1576 4394 duodecim
1614 4339 1805 4393 millia.
1841 4359 1859 4390 ι
1901 4337 1989 4392 Ili-

2111 4337 2190 4408 τὴν
2243 4337 2438 4408 Συρίαν
2468 4338 2645 4403 Σωὸἄ,
2678 4340 2771 4392 καὶ
2803 4339 3134 4410 ἐπέστρεψεν
3185 4337 3341 4391 Ἰωάϐ
3359 4379 3376 4399 ,
3415 4341 3504 4392 καὶ
3532 4335 3642 4389 ἐπάο

412 4421 641 4475 ιιιοτίαω
671 4431 850 4478 autem
877 4425 1121 4483 invenies
1146 4427 1199 4482 in
1231 4430 1478 4484 secundo
1513 4429 1653 4483 libro
1681 4427 1988 4498 Regnorum

2111 4427 2219 4492 ταξε
2267 4429 2368 4500 τὴν
2403 4430 2670 4501 φάραγγα
2722 4431 2832 4482 τῶν
2877 4431 3045 4482 Ἀλῶν
3085 4428 3293 4483 δώδεκα
3341 4428 3586 4499 χιλιάδας.
3621 4442 3637 4475 ι

410 4509 497 4566 sic
533 4511 873 4583 descriptum
918 4534 931 4570 :
992 4533 1010 4566 ι
1051 4515 1114 4570 Et
1160 4521 1432 4589 percussit
1459 4519 1628 4572 David
1655 4517 1899 4573 Adrazar
1927 4518 1988 4572 ti-

2111 4517 2292 4590 Ξῦροις
2323 4518 2372 4571 δ’
2407 4519 2474 4574 ἂν
2517 4519 2614 4591 τὴν
2649 4521 2890 4592 ἱστορίαν
2919 4523 2976 4574 ἐν
3010 4522 3076 4591 τῇ
3109 4519 3334 4592 δευτέρᾳ
3366 4517 3473 4573 τῶν
3500 4519 3640 4572 Bast-

412 4599 545 4654 lium
586 4599 722 4657 καὶ)
772 4618 952 4674 regem
1003 4604 1182 4672 Soba,
1214 4623 1338 4662 cum
1371 4607 1649 4678 profectus
1677 4616 1763 4664 est
1792 4620 1849 4663 ut
1879 4623 1990 4663 ma-

2111 4609 2273 4671 ιειῶν,
2323 4603 2450 4683 ἐν
2481 4609 2823 4683 γέγραπται·
2867 4629 2885 4661 ι
2936 4610 3045 4663 Καὶ
3087 4608 3324 4676 ἐπάταξε
3365 4607 3524 4663 Δαυῒδ
3568 4604 3640 4658 τὸν

412 4703 544 4744 num
563 4690 876 4760 imponeret
907 4694 974 4749 ad
999 4693 1222 4750 ﬂuvium
1241 4695 1594 4767 Euphratem.
1624 4706 1680 4754 et
1708 4700 1988 4771 praeripuit

2111 4699 2374 4772 Ἀδμζάρ
2421 4702 2534 4755 υἱὸν
2591 4703 2996 4774 ’1αὰ6·βασιλέα
3048 4701 3250 4765 Σωσᾶ,
3307 4698 3638 4772 πορευομένου

411 4778 490 4833 illi
521 4778 691 4836 Dav-id
717 4783 863 4839 mille
888 4798 1108 4846 currus,
1159 4794 1213 4840 et
1249 4795 1455 4857 septem
1489 4789 1657 4858 millia
1693 4805 1983 4859 equorum,

2111 4790 2257 4844 ιύτοῦ
2301 4792 2593 4862 ἐπιστῆσαι
2625 4795 2724 4866 τὴν
2773 4797 2930 4866 χεῖρα
2963 4794 3129 4848 αὐτοῦ
3160 4795 3255 4848 ἐπὶ
3296 4794 3389 4848 τὸν
3432 4789 3637 4861 ποταμὸν

2095 3972 2327 4024 θάνατον
2354 3971 2546 4033 Σαοὺλ,
2575 3970 2674 4042 τὴν
2695 3971 2869 4042 ἀρχὴν
2896 3972 2998 4042 ήδη
3022 3972 3120 4040 τῆς
3147 3971 3422 4041 βασιλείας
3450 3971 3642 4028 διέπων.

2099 4065 2263 4118 πολύν
2290 4081 2349 4117 τε
2369 4066 2428 4117 ἐν
2459 4065 2597 4134 αὐτῇ
2623 4064 2812 4135 χρόνον
2832 4064 3226 4134 διαγενόμενος,
3255 4065 3283 4116 ὁ
3312 4063 3475 4116 Δαυῖδ
3489 4060 3644 4115 θεσπί-

2097 4155 2200 4219 ζει.
2238 4155 2408 4208 Τοῦτο
2429 4155 2486 4209 δὲ
2520 4157 2941 4226 ἐπισημαίνεται
2965 4156 2998 4224 ἡ
3033 4155 3324 4226 προγραφὴ
3353 4155 3639 4224 φάσκουσα·

409 4873 468 4922 et
497 4869 688 4940 viginti
713 4872 882 4927 millia
901 4875 1167 4944 peditum.
1204 4874 1264 4928 Et
1290 4877 1569 4932 enervavit
1595 4877 1765 4934 David
1794 4895 1985 4934 omnes

411 4972 633 5024 currus,
681 4971 741 5017 et
787 4964 1050 5018 reservati
1085 4973 1212 5020 sunt
1239 4967 1287 5021 ei
1331 4983 1396 5023 ex
1433 4968 1567 5038 ipsis
1599 4982 1817 5024 centum
1867 4985 1988 5025 cur-

413 5061 532 5104 rus.
568 5049 730 5104 Venit
753 5067 969 5122 quoque
983 5054 1140 5126 Syria
1172 5056 1420 5114 Damasci
1453 5059 1508 5113 in
1538 5061 1800 5114 auxilium
1819 5060 1988 5115 Adra-

413 5150 509 5192 zar
542 5141 650 5209 regi
681 5138 847 5195 Saba.
883 5141 949 5198 Et
981 5149 1253 5213 percussit
1278 5147 1418 5219 Syro
1450 5151 1641 5222 viginti
1671 5150 1782 5206 duo
1816 5151 1982 5206 millia

412 5226 677 5282 virorum.
729 5230 796 5286 Et
837 5234 1017 5302 posuit
1048 5233 1214 5291 David
1266 5240 1576 5310 praesidium
1605 5241 1659 5295 in
1689 5240 1847 5311 Syria
1878 5241 1985 5296 Da-

415 5319 604 5372 masci.
641 5320 704 5375 Et
738 5321 913 5378 factus
943 5335 1028 5380 est
1055 5326 1225 5398 Syrus
1251 5329 1304 5384 in
1334 5347 1552 5386 servum
1589 5331 1776 5387 Davidi
1806 5332 1986 5388 ferens

416 5405 633 5460 tributa.
674 5408 1029 5486 Servavitque
1059 5416 1320 5476 Dominus
1354 5421 1521 5478 David
1553 5423 1604 5477 in
1634 5423 1891 5478 omnibus
1919 5425 1983 5478 ad
2003 5445 2010 5448 η

411 5510 746 5566 ιιιιωιηιιιῳιο
776 5505 1052 5571 profectus
1078 5512 1246 5565 est“.
1290 5533 1309 5564 ι
1350 5513 1467 5570 Sub
1500 5515 1614 5570 haec
1640 5523 1821 5570 autem
1854 5531 1979 5585 pau-

2089 4880 2407 4954 Εὐφράτην.
2439 4885 2549 4938 Kal.
2565 4885 2998 4955 προσεπελάϐετο
3022 4885 3184 4940 Δαυτδ
3206 4885 3314 4938 τῶν
3339 4883 3501 4940 αὐτοῦ
3519 4881 3637 4953 χίλια

2091 4971 2336 5044 ἅρματα,
2365 4973 2460 5027 καὶ
2490 4973 2631 5027 ἐπτά
2656 4975 2896 5045 χιλιάδας
2929 4976 3159 5039 ἱππέων,
3185 4976 3278 5030 καὶ
3309 4977 3479 5030 εἴκοσι
3502 4969 3637 5044 χιλιάο

2091 5065 2186 5128 δας
2229 5064 2437 5136 ἀνδρῶν
2483 5065 2686 5130 πεζῶν.
2715 5068 2825 5120 Καὶ
2858 5068 3130 5138 παρέλυσε
3177 5066 3340 5121 Δαυῖδ
3397 5067 3558 5122 πάντα
3583 5059 3634 5112 τὰ

2091 5156 2334 5228 ἅρματα,
2361 5156 2455 5212 καὶ
2489 5157 2810 5212 ὑπελείπετο
2845 5157 2994 5229 αὐτῷ
3033 5158 3092 5225 ἐξ
3134 5157 3314 5212 αὐτῶν
3349 5156 3534 5211 ἐκατδν
3559 5151 3635 5221 api

2095 5263 2262 5317 ματα.
2306 5247 2415 5299 Καὶ
2463 5248 2823 5318 παραγίνεται
2865 5249 3035 5318 Συρία
3069 5247 3363 5319 Δαμασκοῦ
3401 5243 3632 5317 βοηθῆσαι

2091 5337 2169 5408 τῷ
2204 5337 2473 5409 Ἀδραζέφ
2505 5338 2715 5408 βασιλεί
2746 5339 2922 5395 Σωσᾶ.
2972 5341 3083 5393 Καὶ
3107 5339 3345 5406 ἐπάταξε
3388 5337 3463 5408 τῷ
3504 5335 3631 5404 Συρῳ

2076 5428 2265 5485 ,εἴκοσι
2286 5427 2380 5480 δύο
2403 5428 2646 5498 χιλιάδας
2671 5429 2902 5501 ἀνδρῶν,
2939 5432 3048 5486 Ka‘t
3094 5429 3246 5484 ἔθετο
3290 5427 3452 5483 Δαυῒδ
3491 5439 3629 5494 φρονο

2098 5518 2196 5590 ρὰν
2226 5521 2283 5574 ἐν
2318 5519 2484 5590 Συρία
2506 5523 2571 5591 τῇ
2602 5522 2742 5574 κατὰ
2776 5523 3083 5592 Δαμασκόν.
3123 5523 3232 5577 Καὶ
3264 5521 3476 5578 ἐγένετο
3509 5511 3615 5577 ὀΣῦ

480 5677 524 5712 οι
561 5677 712 5740 μηδι,
745 5699 834 5752 υ.
873 5689 922 5744 ί,
1001 5697 1046 5729 η
1084 5695 1228 5750 p531,
1259 5712 1386 5764 ιω,
1426 5699 1477 5752 ι,
1555 5702 1600 5734 ’³
1641 5699 1786 5756 Psal.
1822 5717 1986 5764 um.

2151 5704 2199 5738 “‘
2227 5703 2277 5761 II
2311 5702 2444 5767 Reg.
2477 5719 2572 5758 vui
2595 5742 2611 5766 ,
2646 5704 2761 5760 3-6.
