3808 6280
157 349 258 406 555

161 480 245 534 ρος
277 463 350 533 τῷ
382 460 545 515 Δαυτδ
569 465 649 525 είς
676 462 891 527 δούλους
918 465 1183 535 φέροντας
1215 466 1380 531 ξένια.
1419 468 1527 521 Kal
1550 468 1700 520 ἔσωσε

1794 471 1907 529 ,cis
1954 469 2255 541 interjectis
2294 472 2514 527 additur
2562 495 2573 529 :

160 556 351 627 Κύριος
392 556 488 608 τὸν
516 555 674 608 Δαυτδ
707 558 763 609 ἐν
792 561 955 609 πᾶσιν
978 554 1060 621 οἷς
1088 560 1399 631 ἐπορεύετο.
1451 580 1468 610 ι
1504 561 1724 624 Τούτοις

158 649 272 718 ἑξῆς
327 648 470 718 μετά
528 648 733 719 βραχέα
790 650 1135 719 ἐπιλέγεται·
1187 672 1203 703 ι
1247 653 1354 705 Kal
1406 653 1722 707 ἐϐασίλευσε

155 740 302 793 Δαυῖδ
348 742 441 793 ἐπὶ
486 742 734 813 Ἰσραήλ·
768 744 862 795 καὶ
888 739 955 813 ἦν
997 743 1160 797 Δαυῖδ
1203 745 1373 799 ποιῶν
1412 750 1585 817 κρῖμα
1630 750 1722 801 καὶ

154 832 488 904 δικαιοσύνην
538 836 630 888 ἐπί⁸
668 835 845 889 πάντα
870 838 961 889 τὸν
1002 837 1127 893 λαὸν
1178 838 1363 893 αὑτοῦ.
1416 841 1525 893 Kal
1564 841 1721 894 Ἰωάὁ

154 927 253 989 υἱὸς
281 927 548 997 Σαρουϊας
582 928 675 979 ἐπὶ
722 929 820 997 τῆς
852 932 1163 1000 στρατείας.
1206 950 1223 982 ι
1259 933 1370 985 Kal
1415 928 1569 995 αὖθις
1602 932 1720 1003 μεθ’

153 1019 302 1091 ’ἐτερα
338 1018 589 1090 εἴρηται·
641 1040 659 1072 ι
704 1022 811 1075 Kal
846 1022 1170 1077 ἀπέστειλαν
1213 1027 1262 1078 οἱ
1306 1027 1409 1079 υἱοὶ
1472 1025 1717 1096 ’Δμμὼν,

153 1116 233 1167 καὶ
282 1113 656 1183 ἐμισθώσαντο
700 1115 799 1184 τὴν
826 1117 1023 1187 Συρίαν
1066 1116 1234 1170 Ῥοὼὸ
1264 1119 1358 1171 καὶ
1395 1118 1492 1189 τὴν
1522 1120 1721 1191 Συρίαν

153 1206 305 1259 Σοδάλ
336 1206 512 1259 εἴκοσι
546 1206 785 1277 χιλιάδας
823 1208 1036 1273 πεζῶν,
1084 1210 1176 1263 καὶ
1208 1210 1298 1263 τὸν
1338 1210 1557 1280 βασιλέα
1603 1214 1721 1265 Μα-

152 1298 245 1368 χαά
273 1299 473 1368 χιλίους
505 1300 723 1370 ἄνδρας,
757 1301 850 1355 καὶ
888 1302 1095 1355 Ιαίίστὼὸ
1132 1303 1197 1356 ιδ’
1219 1304 1461 1374 χιλιάδας
1487 1306 1715 1377 ἀνδρῶν.

154 1394 249 1447 Kal
270 1393 470 1464 ⁴ἤκουσε
508 1395 687 1457 Δαυῒδ,
731 1398 824 1449 καὶ
854 1396 1139 1450 ἀπέστειλε
1169 1397 1264 1469 τὴν
1313 1397 1559 1469 δύναμιν,
1594 1401 1719 1462 τοὺς

151 1486 403 1550 δυνατούς.
426 1488 540 1541 Kal
567 1488 790 1558 ἐξῆλθον
820 1490 925 1541 υἱοὶ
959 1488 1200 1559 Ἀμμὼν,
1228 1491 1321 1543 καὶ
1345 1490 1719 1561 παρετάξαντο

152 1578 364 1650 πόλεμον
400 1580 556 1650 παρά
588 1584 651 1651 τῇ
684 1579 821 1652 θύρα
851 1582 946 1650 τῆς
982 1581 1156 1651 πύλης
1182 1582 1382 1652 Συρίας
1420 1583 1579 1635 Σωϐᾶ
1621 1585 1717 1637 κα)⁸

161 1671 310 1723 Ῥοὼὸ
325 1673 416 1724 καὶ
445 1671 679 1728 Είστώό.
713 1675 819 1725 Kal
839 1669 977 1725 εἶδεν
1020 1673 1197 1737 Ἰωάὁ,
1225 1675 1310 1727 ὅτι
1332 1674 1562 1745 ἐγενήθη
1580 1675 1714 1745 πρὸς

150 1765 289 1819 αὑτὸν
313 1765 729 1837 ἀντιπρόσωπον
756 1765 848 1817 τοῦ
877 1764 1117 1835 πολέμου
1146 1766 1210 1818 ἐκ
1242 1764 1337 1820 τοῦ
1368 1766 1511 1819 κατὰ
1546 1766 1713 1837 πρόσ-

1274 355 1777 414 COMMENTARIA
1819 361 1884 417 IN
1922 358 2260 416 PSAL‘IOS.

3300 371 3411 426 δῦι

2646 498 2663 526 ι
2706 477 2766 531 Et
2825 482 3076 550 regnavit
3131 481 3299 537 David
3356 484 3409 538 in

1828 558 1993 614 Israel
2020 579 2031 614 :
2064 559 2295 616 faciebat
2322 577 2540 632 quoque
2568 563 2733 620 David
2760 567 3025 635 judicium
3056 579 3111 625 et
3136 572 3408 641 justitiam

1824 652 1973 705 omni
1996 653 2196 723 populo
2224 671 2344 709 suo.
2372 655 2510 710 Joab
2534 667 2717 713 autem
2756 660 2903 715 filius
2932 660 3140 719 Sarvia:
3168 673 3289 720 erat
3318 682 3409 721 su-

1824 759 1922 813 per
1952 750 2276 801 exercltum.
2316 768 2335 802 ›
2376 749 2729 822 Rursumque
2776 763 2966 823 postea
3011 758 3255 814 dicitur:
3295 778 3313 811 ι
3348 758 3409 813 Et

1824 835 2094 891 miserunt
2122 838 2217 893 filii
2244 839 2498 907 Ammon,
2523 851 2576 897 et
2608 844 2991 902 conduxerunt
3023 849 3274 906 mercede
3309 848 3407 922 Sy-

1821 924 1959 979 riam
1994 925 2151 981 Roob
2180 937 2234 982 et
2267 927 2481 1000 Syriam
2514 930 2699 996 Sobal,
2724 931 2919 1004 viginti
2948 935 3116 989 millia
3141 935 3408 1005 peditum,

1820 1023 1875 1070 et
1930 1032 1959 1070 a
2012 1033 2140 1089 rege
2180 1018 2407 1074 Machaa
2460 1022 2607 1077 mille
2636 1024 2807 1088 viros,
2858 1033 2915 1080 et
2946 1025 3092 1080 lstob
3120 1025 3405 1080 duodecim

1821 1107 1991 1163 millia
2047 1110 2310 1166 virorum.
2367 1112 2524 1178 Quod
2559 1129 2684 1169 cum
2736 1115 2979 1173 audisset
3022 1116 3213 1180 David,
3258 1119 3407 1174 misit

1821 1200 2124 1255 exercitum
2156 1212 2209 1257 et
2240 1202 2410 1257 fortes
2437 1203 2653 1279 [viros].
2686 1206 2751 1260 Et
2779 1208 2984 1279 egressi
3008 1218 3135 1266 sunt
3163 1210 3256 1263 filii
3284 1210 3406 1263 Am-

1820 1306 1968 1357 mon,
2021 1299 2077 1347 et
2123 1292 2443 1373 direxerunt
2478 1296 2649 1352 aciem
2686 1300 2751 1353 ad
2776 1301 3000 1369 januam
3032 1310 3203 1372 portat
3235 1300 3406 1373 Syriae

1822 1382 1966 1437 Soba
2018 1392 2072 1437 ct
2103 1383 2257 1441 Roob
2289 1395 2343 1442 et
2379 1389 2542 1445 lstob.
2616 1389 2821 1447 Videns
2862 1405 3041 1449 autem
3094 1392 3232 1449 Joab
3260 1393 3403 1464 quod

1818 1483 1965 1530 esset
2011 1476 2115 1532 sibi
2144 1479 2388 1547 prazlium
2418 1495 2483 1535 ex
2517 1480 2746 1537 adverso
2776 1493 2827 1537 et
2859 1499 2888 1537 a
2916 1493 3091 1556 tergo,
3130 1486 3295 1557 elegit
3335 1502 3404 1541 ex

1818 1568 2075 1624 omnibus
2104 1570 2401 1638 juvenibus
2456 1574 2645 1638 Israel,
2680 1583 2734 1630 et
2760 1576 3023 1631 instruxit
3058 1578 3233 1634 aciem
3266 1595 3404 1633 con-

1817 1668 1900 1714 tra
1934 1662 2147 1733 Syriam
2181 1664 2356 1727 ⁹⁵-”,ι
2396 1672 2449 1719 et
2478 1674 2693 1722 caetera.
2715 1668 2927 1735 Quibus
2951 1668 3147 1726 deinde
3173 1672 3404 1741 subjun-

1817 1753 1964 1821 gitur
1990 1773 2002 1808 :
2045 1773 2063 1805 ι
2096 1754 2162 1808 Et
2185 1756 2441 1812 viderunt
2475 1760 2618 1813 servi
2661 1759 2905 1814 Adrazar
2937 1763 3079 1831 quod
3110 1762 3401 1818 cecidisset

148 1875 276 1909 ωπον
298 1873 309 1885 ·
340 1858 433 1910 καὶ
474 1856 730 1921 ἐπέλεξεν
760 1860 823 1910 ἐκ
853 1858 1069 1910 πάντων
1114 1857 1222 1911 τῶν
1256 1859 1555 1911 νεανίσκων
1610 1860 1700 1911 Ἰσ-

1811 1858 1841 1895 a
1869 1844 2007 1898 facie
2046 1845 2212 1901 Israel
2240 1886 2256 1912 ,
2289 1856 2342 1901 et
2367 1848 2781 1919 transfugerunt
2806 1852 2869 1905 ad
2896 1853 3083 1919 Israel,
3115 1862 3169 1909 et
3199 1854 3402 1908 servie-

153 1949 286 2021 ραὴλ,
313 1950 404 2003 καὶ
434 1950 813 2021 παρετάξαντο
838 1949 1147 2014 ἐξεναντίας
1198 1950 1427 2021 Συρίας,
1471 1968 1489 2001 ›
1526 1950 1619 2002 καὶ
1643 1950 1711 2003 τά

149 2042 332 2104 τούτοις
380 2042 530 2113 ἐξῆς.
574 2036 669 2105 Οἷς
714 2042 842 2112 ἐξῆς
885 2042 1242 2112 ἐπιφέρεται·
1294 2062 1311 2093 ι
1349 2042 1459 2096 Kal
1489 2036 1628 2095 εἶδον
1662 2045 1709 2095 οἱ

147 2133 298 2187 δοῦλοι
358 2133 665 2205 Ἀδραζάρ,
700 2135 781 2187 ὃτι
835 2133 1090 2188 ἔπταισεν
1123 2134 1431 2206 ἔμπροσθεν
1472 2134 1708 2207 Ἰσραὴλ,

149 2226 227 2278 καὶ
256 2225 630 2296 ηὐτομόλησαν
668 2224 805 2295 μετά
851 2226 1088 2297 Ἰσραὴλ,
1125 2228 1218 2279 καὶ
1250 2226 1569 2279 ἐδούλευσαν
1612 2227 1710 2280 αύ-

146 2314 258 2381 τοίς.
297 2338 312 2369 ι
346 2318 442 2372 Διά
463 2318 734 2389 τούτωνή
768 2318 977 2389 ἱστορία
1022 2320 1115 2373 καὶ
1154 2319 1249 2372 τοῦ
1295 2320 1580 2391 Εὐφράτου
1617 2321 1711 2373 καὶ

147 2410 228 2478 τῆς
245 2409 422 2464 Σωόάλ
460 2412 559 2463 καὶ
593 2411 691 2479 τῆς
722 2410 923 2481 Συρίας
957 2411 1051 2463 καὶ
1088 2410 1182 2463 τοῦ
1229 2410 1385 2463 Ἰωάὀ
1407 2452 1420 2475 ,
1467 2412 1561 2464 καὶ
1600 2412 1709 2465 τῶν

151 2501 203 2554 ιε’
246 2502 489 2572 χιλιάδων
544 2504 941 2574 ἐμνημόνευσε,
1004 2505 1097 2557 καὶ
1149 2504 1226 2565 ὡς
1280 2504 1388 2557 τῶν
1434 2504 1709 2575 πολεμίων

146 2594 373 2646 ἀπάντων
423 2595 771 2665 περικρατὴς
824 2594 1047 2664 γέγονεν
1094 2597 1123 2647 ὁ
1156 2594 1349 2648 Δαυῖδο
1394 2596 1544 2659 ὅπως
1587 2614 1647 2649 τε
1680 2598 1708 2649 ό

148 2683 561 2755 ἀρχιστράτηγος
620 2686 783 2738 αὑτοῦ
846 2687 1034 2750 Ίωάϐ,
1090 2687 1542 2758 παραταξάμενος
1596 2692 1707 2752 τοῖς

146 2774 448 2845 ἀλλοφύλοις,
486 2778 837 2849 ὑποχειρίους
868 2780 1067 2843 αὐτοὺς
1113 2780 1343 2850 εἰλήφει.
1387 2780 1595 2841 Αὐτοὺς
1641 2779 1705 2851 δὴ

146 2861 222 2917 οὖν
252 2868 501 2931 ἐκείνους,
535 2868 657 2921 καθ’
678 2869 773 2932 οὓς
797 2870 967 2924 ταῦτα
1000 2872 1299 2941 ἐπράττετο
1318 2910 1333 2935 ,
1379 2872 1637 2942 σημαίνει
1670 2874 1701 2943 ἡ

148 2960 263 3028 μετά
278 2964 453 3032 χεῖρας
483 2961 883 3033 στηλογραφία.
912 2964 1070 3017 Κατὰ
1096 2964 1152 3018 δὲ
1179 2964 1270 3018 τὸν
1314 2964 1607 3036 Σύμμαχον
1636 2965 1704 3020 τὰ

142 3053 225 3123 τῆς
253 3057 574 3127 προγραφῆς
617 3056 787 3120 οὕτως
817 3056 961 3127 ἔχει’
1000 3077 1019 3109 ι
1074 3058 1366 3112 Ἑπινίκιον
1416 3060 1558 3131 ὑπὲρ
1595 3059 1704 3113 τῶν

143 3143 293 3196 ἀνθῶν
316 3145 405 3198 τοῦ
427 3148 857 3218 ταπεινόφρονος
883 3150 976 3201 καὶ¹
1024 3148 1258 3219 ἀμώμου
1291 3150 1385 3203 τοῦ
1410 3148 1592 3214 Δαυῖδ,
1622 3153 1702 3214 είς
1728 3195 1769 3251 C

146 3232 177 3251 ,ν
217 3234 237 3251 μ
301 3234 312 3251 ι
410 3238 421 3251 .
487 3238 501 3251 .
628 3239 638 3251 .
788 3239 799 3251 ,
989 3238 999 3251 .
1075 3239 1111 3251 ..η
1192 3239 1204 3251 .
1338 3240 1363 3251 -
1452 3242 1505 3251 --

141 3232 373 3306 διαδοχὴν,
401 3238 592 3293 ὁπότε.
624 3239 914 3308 ἐμπρήσας
948 3238 1048 3307 τὴν
1075 3239 1273 3309 Συρίαν
1303 3240 1402 3311 τῆς
1451 3242 1700 3294 Μεσοπο-

142 3330 332 3398 ταμίας,
360 3333 449 3385 καὶ
483 3330 584 3402 τὴν
615 3330 810 3401 Συρίαν
835 3330 1042 3393 Σωόἀλ,
1069 3332 1161 3386 καὶ
1188 3332 1487 3404 ἀνέστρεψε
1518 3332 1694 3396 Ἰωάὄ,

143 3421 219 3473 καὶ
246 3421 469 3488 ἐπάταξε
531 3424 621 3475 τὸν
667 3422 845 3481 Ἐδὼιι.
879 3424 936 3476 ἐν
982 3426 1048 3494 τῇ
1105 3426 1354 3495 φάραγγι
1397 3423 1491 3478 τοῦ
1545 3425 1695 3488 ’Δλὸς

145 3510 198 3562 ιθ
222 3513 466 3583 χιλιάδας.
510 3534 528 3565 ι
583 3515 743 3586 Δηλοί
788 3515 845 3567 δὲ
876 3517 904 3567 ὁ
937 3516 1129 3585 χρόνος
1173 3515 1422 3588 εἰρῆσθαι
1458 3516 1525 3569 τά
1559 3533 1694 3587 προ-

141 3604 356 3672 κείμενα,
392 3609 448 3662 ὲν
477 3605 561 3677 τῷ
592 3607 919 3677 διαπρέπειν
946 3605 1121 3659 καὶτὰ
1152 3607 1365 3676 μεγάλα
1394 3608 1693 3679 κατορθοῦν

142 3693 457 3762 βασιλεύοντα
491 3699 586 3751 τὸν
617 3697 797 3761 Δαυῒδ,
826 3698 933 3769 πρὸ
967 3698 1066 3768 τῆς
1107 3699 1248 3752 κατὰ
1276 3698 1374 3770 τὴν
1418 3700 1694 3770 Βηθσαόεὲ

142 3790 367 3860 ἱστορίας,
396 3794 485 3846 ὅτε
518 3792 699 3856 καλῶς
728 3792 876 3862 αὐτῷ
920 3792 986 3845 τά
1037 3793 1339 3864 πράγματα
1383 3794 1692 3865 προύχώρει

140 3881 478 3955 εὐδοκιμοῦντι
509 3885 661 3955 παρά
694 3885 771 3957 τῷ
791 3885 909 3957 Θεῷ
938 3886 1032 3938 καὶ
1058 3885 1207 3956 παρά
1236 3889 1351 3948 τοῖς
1386 3888 1551 3939 πᾶσιν
1571 3902 1583 3914 ·
1616 3886 1693 3950 ὡς

142 3978 506 4049 μαρτυρεῖσθαι
532 4018 546 4041 ,
577 3979 659 4031 ὅτι
700 3974 769 4050 ἦν
805 3979 972 4033 ποιῶν
1002 3981 1177 4051 κρῖμα
1222 3980 1317 4032 καὶ
1346 3978 1694 4049 δικαιοσύνην

139 4066 186 4116 ἐν
211 4066 278 4136 τῷ
312 4069 547 4142 Ἰσραήλ.
596 4069 756 4123 Ἀλλά
790 4071 898 4142 γὰρ
933 4070 1081 4135 ἄξιον
1124 4072 1182 4123 ἐν
1219 4070 1429 4135 τούτοις
1480 4072 1689 4142 ἀπορῆ-

140 4171 230 4218 σαι,
260 4159 393 4225 πῶς,
446 4165 508 4215 ἐν
542 4164 766 4236 τοιαύτῃ
810 4165 1095 4235 τυγχάνων
1124 4164 1488 4228 καταστάσει,
1524 4165 1690 4236 ἀρχό-

140 4263 273 4314 μενος
297 4255 389 4323 τῆς
434 4253 844 4325 στηλογραφίας
882 4255 1112 4323 φάσκειο
1153 4272 1172 4305 ι
1220 4254 1278 4307 ’0
1302 4254 1453 4317 Θεὸς,
1481 4252 1690 4307 ἀπώσω

138 4338 261 4406 ἡμᾶς
288 4345 375 4398 καὶ
408 4346 661 4410 καθεῖλες
702 4348 869 4418 ἡμᾶς.
912 4366 937 4397 r
977 4346 1085 4399 Kal
1132 4346 1237 4418 μὴν
1284 4346 1519 4417 τρόπαια
1564 4347 1685 4399 κατ’

138 4426 315 4500 ἐχθρῶν
362 4436 593 4507 ἀνίστη,
638 4435 731 4489 καὶ
768 4436 925 4499 νίκας
975 4432 1117 4488 κατά
1173 4435 1445 4505 πολεμίων
1482 4435 1682 4507 ᾕρητοο

1816 1948 1944 1992 runt
1978 1938 2112 2008 ipsis
2138 1940 2205 1995 9".
2244 1960 2263 1992 ›
2298 1939 2394 1997 llis
2418 1941 2672 2002 historia,
2706 1940 2888 2006 Sobal,
2919 1942 3157 2014 Syriam,
3188 1942 3325 1999 Joah
3348 1954 3401 1998 et

1812 2029 2099 2085 duodecim
2134 2034 2305 2087 millia
2350 2043 2649 2099 memorat,
2686 2043 2984 2105 narratque
3014 2035 3271 2091 Davidem
3302 2037 3400 2090 ini-

1811 2123 1985 2178 micos
2028 2140 2219 2181 onmes
2249 2127 2587 2194 debellasse,
2638 2143 2703 2182 ac
2751 2129 2946 2185 ducem
2975 2130 3249 2185 exercitus
3276 2129 3398 2198 ejus

1809 2212 1946 2269 Joah
1975 2216 2242 2271 instructa
2279 2226 2469 2273 contra
2515 2219 2817 2292 allophylos
2849 2222 2984 2285 acie,
3032 2220 3180 2291 ipsos
3233 2224 3397 2293 capti-

1810 2322 1909 2362 vos
1940 2309 2136 2379 egisse.
2188 2310 2423 2366 Eosdem
2456 2313 2638 2384 itaque
2670 2314 2755 2368 his
2784 2315 3005 2370 attritos
3028 2314 3276 2369 cladibus
3313 2317 3399 2370 in-

1810 2398 1958 2453 dicat
1987 2416 2230 2471 praesens
2264 2403 2403 2457 tituli
2437 2404 2744 2474 inscriptio.
2801 2405 3112 2461 Secundum
3145 2405 3395 2477 Symma-

1808 2491 1973 2546 chum
2024 2505 2205 2550 autem
2258 2497 2341 2552 sic
2383 2498 2577 2554 titulus
2611 2500 2772 2554 habet
2803 2519 2815 2555 :
2860 2518 2877 2550 ι
2910 2499 3264 2570 Triumphale
3300 2514 3399 2571 pro

1808 2581 2033 2639 ﬂoribus
2066 2586 2290 2642 humilis
2320 2596 2373 2641 et
2400 2589 2663 2659 inculpati
2700 2590 2937 2654 Davidis,
2967 2591 3036 2645 ad
3061 2591 3393 2654 doctrinam,

1807 2689 1932 2729 cum
1969 2677 2195 2733 incensa
2229 2677 2383 2750 Syria
2416 2679 2855 2751 MeSOpotami:e,
2900 2691 2955 2738 et
3005 2682 3160 2754 Syria
3205 2682 3391 2748 Sobal,

1807 2783 2062 2824 reversus
2106 2768 2245 2825 Joab
2292 2772 2569 2840 percussit
2596 2772 2765 2826 Edoni
2800 2774 2852 2827 in
2891 2775 3033 2828 valle
3066 2772 3210 2830 Salis
3256 2774 3395 2828 duo-

1806 2854 1982 2911 decim
2011 2858 2203 2912 millia.
2244 2878 2263 2911 ι
2334 2860 2411 2913 Ex
2442 2862 2704 2931 temporis
2735 2878 2897 2932 porro
2932 2871 3062 2916 uota
3093 2863 3394 2933 deprehen-

1806 2947 1957 3002 ditur
1982 2948 2098 3003 luec
2118 2950 2264 3003 dicta
2300 2950 2491 3016 fuisse,
2515 2966 2640 3006 cum
2672 2950 2837 3006 David
2868 2968 3106 3022 regnans
3131 2968 3394 3023 prospere

1806 3050 2014 3112 ageret,
2051 3058 2249 3113 resque
2287 3059 2514 3114 magnas
2549 3054 2908 3115 perpetraret,
2963 3054 3090 3101 ante
3125 3044 3392 3103 Bersabee

1807 3133 2126 3199 historiam;
2164 3149 2289 3188 cum
2326 3135 2495 3205 probe
2517 3144 2570 3190 et
2600 3153 2663 3190 ex
2702 3147 2829 3191 voto
2859 3152 2948 3192 res
2979 3138 3081 3208 ipsi
3113 3137 3391 3203 cederent,

1802 3226 2032 3297 ipseque
2077 3225 2187 3281 Deo
2215 3236 2269 3281 et
2309 3228 2570 3283 omnibus
2607 3229 2925 3298 spectabilis
2967 3236 3147 3296 esset;
3197 3231 3272 3284 ita
3307 3239 3389 3294 ut,

1801 3317 2086 3388 Scriptura
2140 3328 2300 3383 teste,
2349 3320 2551 3376 faceret
2595 3323 2862 3390 judicium
2913 3334 2967 3379 et
3007 3324 3280 3394 justitiam
3332 3326 3387 3380 in

1798 3410 1988 3467 Israel.
2051 3411 2248 3467 Verum
2297 3413 2387 3468 hic
2432 3416 2789 3484 quaestionem
2835 3432 3053 3472 movere
3100 3424 3390 3473 consenta-

1796 3521 1958 3559 neum
1989 3515 2094 3569 est,
2126 3522 2226 3561 cur
2258 3507 2313 3562 in
2342 3508 2436 3562 tali
2470 3510 2787 3565 conditione
2807 3510 3109 3574 rerum,sic
3137 3511 3279 3566 tituli
3306 3511 3390 3565 iu-

1797 3598 2153 3667 scriptionem
2181 3598 2429 3654 ordiatur
2472 3617 2487 3655 :
2535 3618 2554 3652 ι
2589 3599 2753 3665 Deus,
2788 3601 3036 3672 repulisti
3080 3617 3183 3657 nos
3210 3610 3266 3657 et
3292 3600 3388 3655 de-

1796 3691 2046 3747 struxisti
2076 3707 2197 3747 nos.
2234 3712 2252 3744 ι
2290 3694 2453 3764 Atqui
2492 3702 2615 3764 post
2649 3702 2856 3764 tropaea
2882 3697 2948 3749 de
2982 3696 3240 3751 hostibus
3266 3712 3386 3752 ere-

1794 3790 1904 3847 cta,
1942 3791 1995 3838 et
2030 3784 2318 3839 victoriam
2348 3784 2417 3840 de
2444 3786 2686 3842 inimicis
2721 3795 2956 3856 partam,
3003 3789 3246 3857 oportuit
3278 3788 3385 3844 hac

1793 3878 1861 3933 de
1892 3894 1953 3932 re
1983 3878 2336 3947 triumphalia
2372 3878 2585 3932 cantica
2617 3879 2886 3943 emittere,
2922 3878 3141 3951 Deoque
3171 3880 3226 3936 in
3259 3896 3378 3952 gra-

1794 3972 1994 4024 tiarum
2023 3971 2291 4026 actionem
2329 3970 2633 4026 immolare.
2665 3970 2735 4024 At
2765 3972 2854 4027 ille
2876 3972 3009 4027 nihil
3033 3980 3257 4043 praestat
3287 3973 3384 4029 hu-

1788 4063 2067 4134 iusmodi;
2105 4063 2217 4117 imo
2247 4080 2376 4119 vero
2421 4079 2510 4119 res
2546 4064 2804 4121 adversas
2852 4065 3102 4136 deplorat
3142 4067 3228 4123 his
3255 4084 3381 4123 ver-

1793 4157 1880 4214 bis
1907 4176 1919 4210 :
1964 4174 1983 4207 ι
2021 4154 2185 4222 Deus,
2207 4156 2454 4226 repulisti
2486 4172 2589 4212 nos
2617 4166 2671 4213 et
2700 4157 3022 4215 destruxisti
3054 4174 3178 4224 nos,
3206 4159 3381 4214 iratus

1791 4263 1878 4314 es,
1911 4255 1966 4303 et
1992 4248 2253 4304 misertus
2283 4264 2342 4304 es
2369 4249 2549 4304 nobis.
2590 4267 2609 4301 ι
2646 4248 2753 4304 Pro
2783 4250 2877 4306 illo
2903 4260 3108 4316 autem,
3146 4271 3164 4304 ι
3191 4261 3245 4308 et
3278 4254 3380 4307 mi-

1792 4349 1974 4398 sertus
2004 4357 2064 4398 es
2103 4342 2298 4405 nobis,
2335 4361 2355 4394 ›
2390 4340 2785 4413 Symmachus,
2820 4362 2839 4394 ι
2874 4350 2927 4398 et
2962 4343 3379 4399 circumduxisti

1791 4450 1923 4498 nos,
1956 4455 1974 4489 ι
2012 4434 2408 4504 interpretatus
2451 4443 2569 4502 est,
2622 4436 2814 4506 quinta
2859 4452 2991 4491 vero
3030 4436 3231 4501 editio,
3266 4457 3285 4488 ι
3322 4446 3378 4492 et

136 4516 231 4572 δέον
249 4520 333 4576 οὖν
361 4528 452 4580 ἐπὶ
476 4527 688 4590 τούτοις
717 4526 857 4598 ᾠδὰς
895 4526 1194 4591 ἐπινικίους
1228 4526 1374 4597 ᾄδειν
1393 4566 1408 4590 ,
1451 4525 1599 4581 θύειν
1624 4543 1684 4578 τε

1794 4526 2270 4581 circumdederunt
2299 4542 2427 4593 nos;
2471 4546 2489 4578 ι
2522 4526 2717 4596 Aquila
2740 4567 2755 4589 ,
2793 4546 2811 4579 ε
2851 4526 3026 4584 iratus
3051 4531 3374 4584 convertisti

137 4611 493 4688 εὐχαριστήρια
520 4618 597 4689 τῷ
629 4620 766 4690 Θεῷ.
813 4621 872 4673 '0
898 4620 953 4674 δὲ
980 4619 1186 4673 τούτων
1220 4619 1317 4689 μὲν
1347 4618 1497 4671 οὐδὲν
1522 4618 1690 4689 πράτ-

136 4717 221 4769 τει,
257 4711 506 4767 τάναντία
554 4713 611 4766 δέ
653 4713 1053 4784 ἀπολοφύρεται
1105 4712 1307 4779 λέγων·
1361 4730 1378 4762 ι
1431 4712 1488 4763 '0
1516 4710 1685 4774 Θεὸς,

136 4792 313 4852 ἀπώσω
340 4803 485 4872 ἡμᾶς
517 4804 610 4856 καὶ
633 4803 882 4866 καθεῖλες
904 4805 1071 4874 ἡμᾶς.
1097 4801 1371 4872 ὠργίσθης
1392 4840 1405 4864 ,
1448 4801 1542 4853 καὶ
1570 4798 1683 4868 ᾡκ-

136 4887 362 4960 τείρησας
392 4898 557 4966 ἡμᾶς.
621 4915 639 4945 ›
686 4897 827 4949 Ἀντὶ
859 4895 914 4947 δὲ
961 4894 1053 4947 τοῦ
1081 4935 1095 4959 ,
1155 4910 1173 4944 ι
1212 4894 1304 4946 καὶ
1340 4891 1682 4964 ᾠκτείρησας

136 4980 307 5049 ἡμᾶς.»
339 5007 355 5039 ι
380 4990 469 5042 καὶ
502 4991 839 5061 περιήγαγες
860 4990 1027 5059 ἡμᾶς,
1063 5007 1081 5040 ι
1115 4990 1143 5040 ὁ
1176 4986 1471 5058 Σύμμαχος
1498 4987 1680 5056 ἡρμή-

139 5088 297 5128 νευσεν
319 5095 329 5106 ο
364 5082 393 5150 ἡ
417 5081 472 5133 δὲ
502 5082 725 5151 πέμπτη
750 5080 961 5143 ἕκδοσις
985 5121 998 5143 ,
1043 5099 1061 5129 ι
1113 5080 1207 5133 καὶ
1228 5076 1680 5149 περιεκύκλωσαν

140 5166 263 5235 ἡμᾶς
279 5187 291 5200 ’
316 5192 333 5223 ι
356 5175 382 5226 ὁ
402 5174 457 5227 δὲ
481 5174 729 5239 Ἀκύλας,
758 5194 775 5225 ι
806 5173 1077 5246 θυμωθεὶς
1100 5172 1471 5243 μετέστρεψας
1492 5172 1641 5242 ἡμῖν.
1659 5189 1677 5220 ι

138 5254 249 5313 Εἶτα
273 5264 502 5335 ἐπιλέγει
550 5267 702 5337 ἐξῆςο
738 5287 756 5318 ι
796 5266 1041 5337 Ἐδειξας
1068 5263 1145 5334 τῷ
1175 5264 1287 5335 λαῷ
1322 5281 1416 5317 σθ’)
1450 5260 1679 5334 σκληρά’

138 5348 360 5419 ἐπότισας
403 5361 543 5429 ἡμᾶς
583 5356 723 5412 οῐνον
746 5357 1108 5423 κατανύξεως.
1144 5376 1161 5407 ι
1196 5354 1382 5409 Ταῦτα
1425 5354 1481 5408 δὲ
1514 5357 1681 5409 ἀκατ-

140 5438 311 5512 άλληλα
335 5452 424 5502 καὶ
448 5452 760 5522 ἀνάρμοστα
782 5448 930 5514 δόξαι
958 5449 1021 5503 ἂν
1054 5444 1194 5501 εἶναι
1233 5449 1345 5511 τοῖς
1372 5448 1429 5499 ἐν
1459 5450 1523 5518 τῇ
1549 5465 1681 5519 προ-

139 5542 297 5609 γραφῇ
321 5541 676 5615 δηλουμένοις.
724 5542 883 5597 Ἀλλά
903 5542 1012 5613 γάρ
1032 5542 1132 5595 ούκ
1158 5541 1414 5603 ἀσκόπως
1439 5539 1677 5611 ἡγοῦμαι

139 5624 221 5695 τὴν
245 5638 551 5709 προγραφὴν
591 5639 669 5703 είς
703 5638 762 5691 τὸ
800 5637 949 5700 τέλος
993 5638 1140 5708 ἡμᾶς
1179 5634 1559 5703 ἀναπέμπειν,
1584 5634 1679 5687 καὶ

197 5831 302 5872 ἐἰ
337 5837 377 5892 ιι
408 5839 535 5912 Reg.
570 5858 633 5905 ι,
667 5820 784 5897 6-9.
862 5842 906 5873 ’τ
946 5841 1080 5896 ibid.
1120 5843 1202 5897 ιθ.

421 5934 683 5995 ΡΑτιιοι..
720 5938 833 5996 Gn.
880 5937 1117 5999 ΧΧΙΙΙ.

1796 4618 1977 4673 nobis.
2010 4637 2027 4669 ι
2069 4617 2267 4673 Subdit
2296 4627 2420 4687 post
2446 4617 2563 4671 haec
2594 4637 2606 4671 :
2655 4638 2673 4669 ι
2716 4617 3021 4675 Ostendisti
3055 4622 3257 4691 populo
3281 4631 3376 4675 tuo

1793 4709 1930 4763 dura
1971 4729 1985 4777 ;
2021 4710 2224 4780 potasti
2256 4724 2355 4764 nos
2383 4710 2511 4764 vino
2534 4712 3030 4781 compunctionis.»
3064 4710 3187 4766 Haec
3211 4728 3376 4782 porro

1791 4802 1966 4858 videri
2002 4803 2218 4873 possint
2243 4805 2570 4861 inconcinne
2601 4805 2768 4869 dicta,
2788 4821 2889 4861 nec
2919 4818 3219 4877 congruere
3247 4823 3370 4861 cum

1793 4896 1862 4950 iis
1895 4909 2019 4965 quae
2047 4894 2101 4949 in
2126 4895 2287 4949 titulo
2316 4905 2596 4952 notantur.
2636 4897 2738 4951 Sed
2770 4898 2981 4952 aestimo
3014 4899 3226 4953 titulum
3262 4914 3371 4953 non

1791 4988 1909 5043 sine
1940 4987 2143 5058 pravio
2172 5002 2339 5057 scopo
2373 5004 2476 5044 nos
2505 4988 2569 5042 ad
2608 4988 2769 5043 finem
2800 4988 3104 5053 remittere,
3124 5004 3223 5045 nec
3252 4991 3370 5045 sine

1790 5094 1994 5147 causa,
2040 5098 2058 5131 ι
2094 5094 2193 5150 pro
2226 5079 2295 5134 iis
2321 5081 2415 5149 qui
2460 5080 2930 5148 immutabuntur,
2968 5098 2987 5133 ι
3042 5080 3367 5152 inscriptum

1790 5188 1933 5237 esse,
1988 5179 2151 5241 atque
2180 5187 2463 5227 sermones
2486 5172 2624 5227 istos
2656 5173 2799 5228 tituli
2830 5172 3242 5244 inscriptionem
3271 5190 3365 5225 vn.

1791 5273 1945 5319 catos
1976 5264 2165 5319 fuisse.
2192 5262 2328 5316 Nam
2366 5281 2383 5313 ι
2410 5264 2465 5317 in
2494 5262 2652 5318 finem
2673 5282 2692 5315 ι
2730 5263 2953 5328 dicitur,
2985 5266 3111 5335 quia
3136 5278 3220 5329 ea,
3247 5281 3365 5335 qua:

1790 5356 1844 5408 in
1871 5356 2130 5410 vaticinio
2156 5354 2430 5417 feruntur,
2469 5355 2523 5408 in
2551 5357 3018 5412 consummatione
3041 5358 3362 5411 saeculorum:

1788 5448 2061 5518 implenda
2111 5454 2257 5503 sunt.
2328 5445 2653 5503 Necessario
2697 5448 2945 5514 additur,
2988 5470 3006 5502 ‹
3046 5465 3144 5521 pro
3172 5451 3241 5506 iis
3269 5450 3371 5520 qui

1787 5542 2244 5605 immutahuntur,
2278 5562 2295 5593 ι
2334 5552 2555 5613 propter
2582 5544 3020 5600 immutationem
3052 5546 3199 5602 illius
3223 5554 3360 5601 tem-

1787 5633 1936 5703 poris
1982 5632 2145 5689 rebus
2186 5631 2546 5689 inferendam.
2598 5632 2877 5706 Siquidem
2917 5650 3041 5690 cum
3076 5636 3190 5691 hac
3214 5633 3359 5692 dicen

2973 5934 3044 5992 18
