3808 6280
436 342 544 399 555
1144 343 1411 402 EUSEBII
1451 343 1930 401 CxESlRIENSlS
1968 343 2118 402 OPP.
2150 345 2348 404 PARS.
2393 344 3000 405 Ill.—EXEGETICA.
3591 355 3674 420 556

436 471 648 527 rentur,
694 464 997 534 allophylos
1023 465 1277 522 vincebat
1323 466 1512 530 Israel,
1549 465 1895 536 inimicisque
1921 480 1940 519 ε

2177 468 2288 529 τοῖς
2314 466 2833 540 ἀλλοιωθησομένοις
2863 489 2881 520 ι
2910 468 3261 541 ἐπιγράψειν,
3281 467 3376 522 καὶ
3404 470 3671 544 στηλογρα-

439 559 620 630 perior
649 565 790 612 erat.
839 556 946 612 Sed
989 558 1232 613 futurum
1278 569 1496 630 tempus
1530 567 1669 622 erat,
1700 574 1809 628 quo
1845 573 1943 612 mu‘

2175 558 2259 610 ίαν
2273 559 2397 622 τοὺς
2416 558 2606 627 λόγους
2623 559 2963 614 ἀποκαλεῖν.‹
2988 561 3080 623 Είς
3104 581 3123 612 ι
3148 560 3246 630 μὲν
3265 562 3370 634 γὰρ
3393 579 3410 610 α
3427 560 3486 614 τὸ
3495 562 3671 628 τέλο;,)

439 651 642 704 tionem
667 665 849 704 rerum
885 652 1116 710 subiret.
1161 653 1510 723 inimicisque
1555 651 1810 707 subditus
1855 668 1943 707 ess

2168 651 2214 703 ιὰ
2234 650 2296 704 τὸ
2328 652 2420 704 ἐπὶ
2449 652 2729 724 συντελείᾳ
2751 651 2858 705 τῶν
2892 651 3104 706 αἰώνων
3134 651 3348 722 μέλλειν
3370 651 3672 724 πληροῦσθαι

440 743 623 810 Quare
671 745 754 798 sic
807 745 970 800 habet
1024 746 1217 803 titulus
1251 766 1264 802 :
1306 767 1325 799 ι
1360 747 1418 802 1η
1471 747 1654 810 ﬁnem,
1689 762 1787 817 pro
1823 747 1890 800 iis
1929 762 1944 800 (

2168 745 2192 796 ὴ
2238 745 2685 816 προφητευόμενα
2704 785 2718 808 ,
2773 745 3016 817 εἴρηται⁶
3061 745 3384 816 πρόσκειται
3410 745 3465 798 δὲ
3488 756 3507 807 ,’
3533 763 3550 796 ι
3581 748 3672 810 τοῖς

439 836 906 904 immutabuntur;
941 857 962 888 ι
987 836 1347 908 Symmachus
1376 855 1528 905 vero,
1549 859 1569 892 ι
1589 855 1689 910 pro
1710 840 1935 894 ﬁoribus

2165 835 2674 908 λλοιωθησομὲνοις,
2717 857 2735 889 ι
2775 837 3087 906 ἀναγκαίως
3130 835 3218 890 διά
3257 837 3356 908 τὴν
3408 837 3669 907 μέλλουσαν

438 927 654 996 Aquila,
691 949 708 978 ι
749 943 914 997 super
947 929 1080 985 lilia.
1125 947 1143 980 ι
1179 928 1334 983 Sicut
1363 931 1510 985 enim
1556 931 1672 984 lilia
1722 929 1836 1000 agri
1870 940 1923 985 et

2162 928 2471 999 ιαλήψεσθαι
2523 929 2805 984 ἀλλοίωσιν
2868 929 2965 1000 τὴν
3023 929 3356 983 κατάστασιν
3415 929 3519 982 τῶν
3569 929 3666 982 τότε

437 1035 592 1080 num,
626 1020 692 1073 ad
721 1019 883 1075 breve
913 1021 1133 1090 quidem
1157 1019 1380 1092 tempus
1404 1023 1651 1092 speciosa
1680 1038 1805 1078 esse
1834 1021 1941 1076 Vidt

2162 1021 2478 1092 ‘payparwv.
2529 1019 2657 1076 ’Ὀτε
2713 1023 2809 1092 μὲν
2851 1023 2960 1094 γὰρ
3007 1023 3155 1076 ταῦτ’
3181 1023 3424 1091 ἐλέγετο,
3478 1023 3666 1093 ἐκράτει

437 1121 549 1176 tur,
577 1113 669 1169 sed
701 1122 922 1184 repente
973 1116 1336 1170 immutantur
1362 1124 1416 1172 et
1446 1125 1904 1188 corrumpuntur;
1939 1139 1941 1168 :

2161 1115 2227 1168 ῶν
2257 1113 2566 1185 ἀλλοφύλων
2595 1103 2645 1168 δ’
2664 1115 2901 1186 Ἰσραὴλ,
2934 1117 3028 1168 καὶ
3063 1115 3170 1168 τῶν
3195 1115 3469 1186 πολεμίων
3507 1116 3665 1186 κρείτο

435 1221 525 1261 res
560 1206 742 1276 populi
775 1215 906 1260 tunc
939 1205 1221 1271 ﬂorentes,
1277 1208 1427 1263 brevi
1462 1209 1809 1264 immutandm
1839 1225 1939 1264 era:

2160 1224 2228 1258 ων
2254 1205 2564 1276 ἐτύγχανεν.
2603 1207 2835 1278 Ἔμελλε
2865 1207 2919 1260 δὲ
2953 1209 3059 1278 ἄρα
3089 1207 3266 1279 καιρῷ
3287 1226 3392 1261 τινι
3416 1208 3664 1263 ἀλλοίωσιν

437 1295 618 1362 Quare
650 1299 701 1351 in
732 1297 980 1351 doctrina
1033 1313 1130 1353 sua
1162 1299 1422 1353 Servatur
1456 1301 1570 1355 ait:
1608 1318 1626 1351 ι
1664 1300 1941 1356 Consider:

2158 1299 2428 1368 πομένειν,
2459 1298 2552 1352 καὶ
2574 1299 2679 1351 ὑπὸ
2705 1287 2818 1363 τόῖς
2843 1300 3058 1372 ἐχθροῖς
3089 1300 3353 1370 γίνεσθαι.
3396 1301 3486 1352 Διό
3527 1316 3662 1372 φησιν

434 1387 550 1441 lilia
603 1387 718 1458 agri
742 1388 822 1452 ⁶⁸;
860 1407 877 1438 ι
917 1403 980 1442 ac
1013 1403 1236 1443 rursum
1272 1408 1284 1443 :
1320 1408 1339 1439 ι
1370 1390 1528 1456 Quod
1574 1391 1620 1446 si
1663 1390 1846 1446 fenum
1877 1407 1938 1462 ag

2184 1389 2505 1460 προγραφή·
2543 1408 2562 1438 ι
2594 1389 2690 1452 Είς
2713 1389 2770 1441 τὸ
2803 1389 2952 1455 τέλος
2982 1394 3091 1456 τοῖς
3113 1391 3656 1462 ἀλλοιωθησομιένοιςη

434 1480 581 1551 quod
609 1481 769 1536 hodie
803 1488 905 1544 est,
938 1491 992 1536 et
1033 1497 1157 1536 cras
1198 1483 1251 1535 in
1280 1483 1557 1538 clibanum
1604 1483 1841 1538 mittitur
1871 1484 1938 1537 ’θλ

2170 1481 2226 1535 δὲ
2255 1482 2568 1552 Σύμμαχος,
2601 1502 2618 1534 ι
2664 1482 2833 1554 ’Υπὲρ
2864 1485 2972 1536 τῶν
2999 1485 3175 1538 ἀνθῶν
3194 1501 3206 1514 ⁸
3248 1504 3266 1534 ι
3295 1486 3324 1538 ὁ
3353 1484 3411 1536 δὲ
3446 1483 3655 1546 Ἀκύλας.

435 1573 546 1627 imo
589 1573 793 1627 etiam:
834 1591 851 1623 ι
889 1570 1076 1626 Omnis
1121 1587 1251 1626 caro
1294 1571 1498 1638 fenum,
1534 1580 1587 1628 et
1617 1573 1797 1627 omnis
1839 1574 1939 1644 glol

2181 1574 2302 1628 Ἐπὶ
2337 1574 2555 1646 κρίνων.
2593 1593 2610 1626 ι
2659 1575 2744 1638 Ὡς
2763 1575 2870 1646 γὰρ
2901 1575 2966 1627 τά
3001 1575 3161 1646 κρίνα
3201 1573 3294 1628 τοῦ
3341 1574 3506 1643 ἀγροῦ
3531 1575 3657 1629 καὶὸ

433 1666 553 1733 ejus
592 1666 749 1736 quasi
780 1664 878 1719 ﬁos
910 1664 1038 1720 feni.
1089 1664 1437 1720 Exsiccatum
1483 1675 1568 1720 est
1592 1663 1798 1729 fenum,
1834 1665 1937 1721 etﬁ

2150 1665 2303 1732 ὀρτος
2331 1665 2478 1719 δοκεῖ
2512 1665 2609 1736 μέν
2633 1683 2752 1720 τινα
2778 1667 2912 1738 πρὸς
2942 1667 3112 1737 βραχῦ
3163 1666 3448 1735 φαίνεσθαι
3489 1667 3651 1738 ὡραῖα.

433 1760 684 1826 decidit;
749 1758 986 1814 Verbum
1034 1767 1214 1814 autem
1252 1759 1463 1814 Domini
1519 1767 1700 1814 manet
1747 1759 1937 1815 iniam

2151 1775 2233 1811 σον
2261 1758 2318 1811 δὲ
2343 1756 2494 1812 οῦπω
2525 1758 2850 1828 μεταϐάλλει
2892 1760 2986 1812 καὶ
3036 1758 3316 1831 φθείρεται
3334 1775 3347 1788 ·
3395 1757 3558 1820 οὕτως
3583 1756 3655 1809 καὶ

433 1869 561 1906 num
599 1853 650 1914 ¹;
690 1871 709 1904 ι
745 1852 944 1921 quibus
1000 1852 1263 1922 propheta
1309 1852 1608 1908 secundum
1652 1853 1890 1923 reliquos
1933 1857 1937 1908 i

2149 1849 2178 1902 ὰ
2203 1850 2502 1921 πράγματα
2527 1851 2622 1904 τοῦ
2642 1851 2793 1910 λαοῦ,
2823 1850 3084 1904 ἀνθοῦντα
3122 1852 3262 1915 τότε,
3305 1850 3520 1921 ἔμελλεν
3557 1849 3653 1901 ὅσον

428 1953 696 2013 tcrpretes
730 1943 845 1999 lucc
875 1944 1026 1999 addit
1058 1964 1070 1999 :
1111 1964 1129 1996 ι
1167 1943 1302 1999 Vere
1333 1943 1513 1998 fenum
1547 1945 1801 2015 populus,
1832 1962 1928 2001 exs

2147 1937 2259 1992 ὗπω
2312 1939 2686 2011 μεταϐάλλειν.
2743 1941 2833 1994 Διὸ
2878 1943 3022 1996 καὶὸ
3055 1943 3244 2014 Σωτὴρ
3272 1945 3330 1996 ὲν
3380 1946 3499 2008 ταῖς
3533 1944 3651 1999 διδα-

429 2045 612 2091 catum
640 2045 725 2092 est
759 2035 964 2101 fenum,
1000 2037 1203 2091 decidit
1233 2035 1332 2091 ﬁos
1360 2038 1402 2101 ¹,
1427 2058 1444 2089 ι
1474 2035 1756 2091 Iudaicam
1791 2046 1933 2108 genti

2145 2029 2354 2094 καλίαις
2375 2030 2524 2100 ἔλεγε
2544 2048 2558 2062 ·
2600 2049 2618 2082 ι
2652 2031 3011 2102 Καταμάθετε
3040 2031 3105 2084 τὰ
3132 2032 3290 2104 κρίνα
3313 2031 3404 2085 τοῦ
3428 2032 3599 2105 ἀγροῦ·
3632 2052 3649 2086 ο

427 2145 530 2184 nec
569 2129 802 2184 obscure
855 2129 1196 2200 signiﬁcans.
1252 2128 1450 2183 Eadem
1484 2130 1598 2199 ipsa
1622 2129 1733 2198 jam
1768 2129 1931 2199 Spirit

2147 2124 2201 2175 at
2225 2122 2423 2176 πάλιν·
2466 2141 2484 2174 ι
2540 2123 2602 2176 El
2627 2123 2684 2177 δὲ
2725 2123 2815 2176 τὸν
2842 2123 3031 2196 χόρτον
3082 2123 3175 2176 τοῦ
3226 2123 3397 2195 ἀγροῦ
3451 2126 3651 2196 σήμερον

427 2229 654 2277 sanctus
675 2238 774 2292 per
812 2222 1066 2277 Davidem
1101 2221 1445 2282 testiﬁcatur,
1477 2222 1758 2291 praemissa
1789 2223 1876 2276 illa
1909 2238 1931 2292 ι

2143 2233 2252 2277 vra,
2281 2217 2372 2269 καὶ
2393 2215 2579 2288 αὔριον
2610 2218 2689 2280 εἰς
2710 2216 2954 2269 κλίϐανον
2978 2215 3303 2286 βαλλόμενον
3324 2236 3336 2247 ο
3371 2238 3389 2268 ι
3414 2218 3540 2272 ἀλλά
3558 2218 3647 2278 καὶ,

425 2313 539 2380 puli
582 2310 763 2366 futura
800 2313 1109 2368 inversione
1137 2320 1191 2366 et
1227 2310 1548 2364 mutatione.
1604 2307 1783 2375 Quare
1817 2325 1926 2364 seet

2161 2307 2316 2358 Πᾶσα
2353 2305 2490 2376 σὰρξ
2520 2305 2730 2377 χόρτος,
2765 2307 2860 2360 καὶ
2887 2309 3036 2360 πᾶσα
3059 2307 3183 2374 δόξα
3215 2308 3385 2378 αὐτῆς
3413 2309 3485 2372 ὡς
3519 2308 3649 2370 ἄνθος

425 2405 554 2457 dum
588 2404 840 2475 Aquilam
874 2407 1080 2460 dictum
1114 2412 1220 2470 est,
1247 2422 1264 2454 ι
1289 2402 1464 2472 Super
1497 2402 1608 2456 lilia
1636 2403 1929 2457 testimonii

2141 2400 2316 2470 όρτου.
2368 2399 2669 2472 Ἐξηράνθη
2718 2403 2746 2454 6
2777 2401 2988 2472 χόρτος,
3015 2403 3108 2454 καὶ
3140 2401 3199 2454 τὸ
3228 2401 3390 2465 ἄνθος
3417 2402 3643 2467 ἐξέπεσε·

425 2499 728 2552 secundum
778 2496 1164 2569 Symmachum
1213 2505 1416 2560 autem,
1477 2512 1496 2544 ι
1530 2492 1634 2548 Pro
1668 2493 1929 2549 ﬁoribust

2139 2490 2164 2542 ὸ
2193 2490 2248 2543 δὲ
2280 2491 2430 2562 ῥῆμα
2455 2493 2660 2563 Κυρίου
2688 2492 2836 2563 μένει
2871 2495 2948 2557 εἰς
2971 2493 3061 2547 τὸν
3087 2494 3258 2548 αἰῶνα
3279 2510 3293 2525 ·
3327 2514 3344 2544 ι
3367 2487 3448 2557 οἷς
3483 2495 3508 2547 6
3530 2495 3643 2564 Προ-

424 2591 740 2645 stimonium
764 2610 778 2657 ;
804 2611 823 2642 ι
857 2591 1156 2647 secundum
1174 2586 1313 2643 LXX
1327 2603 1456 2642 vero
1480 2585 1827 2657 interpretes,
1853 2607 1870 2638 ι
1896 2587 1928 2640 Ρ

2145 2583 2279 2653 ήτης
2303 2583 2445 2637 κατά
2466 2585 2595 2647 τοὺς
2626 2585 2846 2648 λοιποὺς
2872 2584 3214 2656 ἐρμηνευτάς
3245 2585 3557 2656 προστίθησι
3577 2583 3645 2636 λί-

421 2685 491 2738 iis
535 2683 627 2754 qui
665 2683 1136 2747 immutabuntur,
1185 2683 1240 2736 in
1291 2681 1432 2736 tituli
1484 2681 1895 2751 inscriptionem

2139 2692 2212 2728 ων
2233 2692 2244 2704 ·
2292 2694 2311 2726 ‹
2363 2675 2602 2747 Ἀληθῶς
2626 2676 2818 2748 χόρτος
2853 2677 2882 2729 6
2909 2676 3034 2739 λαός
3053 2694 3067 2708 ·
3102 2676 3374 2748 ἐξηράνθη
3412 2678 3439 2729 6
3466 2676 3643 2746 χόρτος,

420 2789 542 2844 qua:
599 2789 849 2845 magnam
901 2775 1138 2828 habeant
1178 2787 1304 2828 eum
1358 2771 1519 2826 dictis
1571 2771 1626 2826 in
1672 2771 1924 2841 przecedel

2141 2767 2325 2834 Ξὲπεσε
2348 2767 2408 2820 τὸ
2446 2769 2622 2832 ἄνθος,
2638 2787 2656 2819 ›
2689 2767 3013 2832 ἀκαλύπτως
3033 2768 3093 2820 τὸ
3131 2767 3400 2821 Ἰουδαίων
3424 2767 3558 2831 ἔθνος
3572 2768 3645 2836 δη·

419 2866 631 2936 psalmo
661 2867 997 2922 aﬁinitatem.
1027 2864 1160 2920 Nam
1201 2866 1291 2920 ille
1317 2863 1499 2934 populi
1525 2863 1887 2932 abjectionem
1918 2863 1923 2915 i

2137 2857 2296 2921 ώσας.
2335 2859 2484 2912 Λύτά
2527 2860 2590 2931 δὴ
2641 2853 2732 2912 οὖν
2776 2857 2949 2913 ταῦτα
2991 2859 3084 2912 καὶ
3128 2857 3222 2912 νῦν
3270 2859 3331 2912 τὸ
3362 2859 3569 2930 Πνεῦμα
3593 2859 3641 2910 τὺ

418 2957 621 3010 dicavit
657 2957 740 3012 his
787 2957 1009 3012 verbis:
1051 2974 1070 3007 ι
1101 2956 1506 3012 Convertentur
1531 2952 1599 3007 ad
1632 2967 1914 3023 vesperam

2136 2967 2252 3019 γιον
2291 2950 2377 3004 διὰ
2414 2950 2508 3004 τοῦ
2538 2949 2699 3004 Δαυῗδ
2730 2950 3082 3022 μαρτύρεται,
3125 2952 3535 3022 προαναφωνοῦν
3561 2951 3640 3020 τὴν

418 3046 616 3102 famem
645 3047 920 3116 patientur
945 3055 1004 3099 ut
1025 3053 1274 3110 canes,et
1296 3045 1606 3100 circuibunt
1633 3044 1922 3098 civitatem‘

2133 3051 2398 3103 ,έλλουσαν
2421 3049 2636 3103 ἔσεσθαι
2679 3049 2774 3104 τοῦ
2805 3048 2936 3103 λαοῦ
2979 3047 3266 3118 ἀλλοίωσιν
3300 3048 3394 3102 καὶ
3444 3045 3637 3120 μεταϐο-

417 3146 473 3195 et
499 3148 713 3193 caztera.
740 3137 950 3203 Quibus
973 3138 1087 3192 bzec
1113 3137 1179 3192 de
1201 3137 1488 3192 vocatione
1505 3135 1747 3207 gentium
1767 3133 1921 3204 subju

2133 3140 2221 3209 ήν.
2257 3139 2348 3192 Διὸ
2391 3138 2532 3192 κατά
2559 3139 2650 3191 τὸν
2693 3137 2923 3191 Ἀκύλαν
2963 3135 3197 3207 εἴρηται,
3240 3154 3258 3187 ι
3306 3136 3427 3189 Ἐπὶ
3471 3136 3637 3208 κρίνων

417 3230 495 3300 gi:
544 3249 555 3282 :
605 3247 624 3279 ι
657 3228 721 3282 Ει
752 3237 834 3292 ιιι,
868 3229 1094 3284 Domine
1122 3227 1264 3283 Deus
1307 3229 1598 3292 virtutum,
1627 3225 1768 3282 Deus
1804 3227 1919 3282 lsra

2135 3231 2424 3302 μαρτυρίας·
2455 3250 2471 3281 ι
2499 3233 2639 3284 κατά
2661 3229 2716 3283 δὲ
2744 3230 2834 3283 τὸν
2867 3229 3180 3299 Σύμμαχον,
3216 3248 3234 3279 ι
3267 3229 3436 3298 ’Υπὲρ
3460 3228 3554 3280 τῶν
3572 3229 3639 3280 ἁν-

413 3321 636 3376 intende
666 3321 734 3375 ad
768 3322 1072 3376 visitandas
1105 3337 1298 3378 omnes
1347 3329 1559 3396 gentes.
1603 3338 1621 3370 ›
1652 3316 1844 3370 .Tituli
1866 3333 1917 3371 νε

2134 3323 2208 3376 ῶν
2237 3324 2512 3394 μαρτυρία
2533 3339 2546 3352 ⁸
2584 3341 2601 3374 ι
2625 3321 2766 3375 κατά
2792 3321 2848 3373 δὲ
2879 3323 3003 3384 τοὺς
3041 3321 3459 3391 Ἑϐδομήκοντα,
3501 3339 3516 3370 ι
3537 3320 3635 3382 Τοῖς

412 3413 826 3482 inscriptionem
858 3413 918 3466 in
949 3412 1202 3481 praesenti
1237 3420 1292 3466 ut
1323 3420 1377 3466 et
1406 3410 1541 3464 alias
1571 3400 1787 3478 Aquila,
1839 3425 1857 3458 ι
1890 3407 1916 3460 h

2129 3413 2609 3483 ,λλοιωθησομένοις
2629 3414 2708 3475 εἰς
2731 3411 3148 3482 στηλογραφίαν.
3185 3429 3204 3462 ο
3238 3410 3443 3480 Πολλὴν
3464 3409 3515 3462 δέ
3531 3411 3633 3462 ἀκο-

414 3505 583 3567 ηιίίίε,
629 3505 862 3574 perfecti
894 3504 1144 3564 Davidis;
1181 3523 1200 3555 ι
1253 3504 1616 3574 Symmachus
1663 3516 1815 3564 vero,
1846 3519 1864 3551 ι
1895 3501 1918 3554 l1

2125 3505 2305 3559 ουθίαν
2327 3504 2438 3574 ἔχοι
2481 3503 2546 3557 ἂν
2577 3505 2710 3574 πρὸς
2732 3503 2800 3555 τὰ
2821 3506 2877 3556 ἐν
2901 3501 2979 3573 τῷ
3005 3501 3107 3573 πρὸ
3131 3500 3319 3554 τούτου
3349 3500 3628 3572 λελεγμένα.

413 3593 810 3651 milis‘Davidis
841 3605 894 3650 et
931 3595 1213 3664 inculpati,
1255 3613 1273 3644 ι
1308 3592 1647 3663 interpretati
1679 3597 1828 3648 sunt.
1850 3588 1917 3642 Na

2127 3599 2257 3652 Επεὶ
2279 3599 2526 3660 κάκεῖνος
2547 3598 2646 3668 τὴν
2675 3597 2764 3650 τοῦ
2807 3597 2992 3660 ἔθνους
3037 3593 3310 3665 ἀποϐολὴν
3353 3595 3529 3665 ἐδήλου
3562 3591 3631 3643 λέ-

409 3685 573 3753 cippo
615 3685 778 3755 digna
817 3693 934 3738 erat
983 3687 1118 3738 tanti
1150 3685 1293 3754 regis
1329 3683 1612 3739 modestia.
1666 3682 1803 3738 Cum
1837 3696 1906 3736 en

2125 3705 2230 3742 ωνο
2275 3708 2292 3739 ι
2339 3689 2788 3760 Ἐπιστρέψουσιν
2831 3688 2909 3752 εἰς
2943 3688 3199 3758 ἑσπέραν,
3223 3687 3317 3739 καὶ
3343 3684 3629 3756 λιμώξουσιν

410 3788 492 3832 tot
535 3780 672 3835 bella
708 3780 936 3836 feliciter
968 3782 1264 3850 gessisset,
1317 3787 1370 3836 et
1419 3780 1650 3851 populos
1693 3793 1868 3850 usque

2121 3799 2162 3844 ›ς
2187 3780 2354 3844 κύων,
2387 3781 2481 3834 καὶ
2527 3780 2863 3834 κυκλώσουσι
2896 3779 3046 3833 πόλιν
3069 3819 3083 3843 ,
3127 3800 3146 3830 ι
3181 3779 3272 3832 καὶ
3299 3778 3369 3832 τὰ
3405 3774 3625 3846 ἐπιφερό-

410 3871 856 3944 Mesopotamiam
911 3874 1215 3944 subegisset
1277 3874 1680 3944 vectigalesque
1741 3873 1914 3930 feciss«

2121 3891 2246 3926 ιενα.
2280 3869 2374 3937 Οἷς
2399 3875 2525 3944 ἐξῆς
2550 3875 2678 3945 περὶ
2710 3873 2804 3944 τῆς
2837 3873 3081 3944 κλήσεως
3103 3873 3209 3927 τῶν
3235 3871 3406 3925 ἐθνῶν
3435 3871 3625 3939 ἔφασκε

409 3975 732 4020 consuetum
777 3965 1027 4020 servabat
1086 3980 1314 4030 morem,
1366 3979 1476 4036 quo
1525 3972 1824 4020 exornatus
1866 3982 1913 4020 el

2147 3967 2254 4021 Καὶ
2279 3967 2365 4030 σὺ,
2402 3966 2570 4037 Κύριε
2604 3967 2632 4018 ὁ
2669 3965 2798 4029 Θεὸς
2829 3965 2934 4018 τῶν
2977 3965 3290 4035 δυνάμεων,
3321 3966 3349 4016 ὁ
3377 3963 3500 4023 Θεὸς
3546 3960 3625 4010 Ἱσ-

409 4069 532 4107 cum
562 4065 590 4107 a
617 4053 778 4108 Saule
810 4055 1118 4124 pelleretur,
1153 4069 1216 4108 ac
1248 4051 1506 4124 perfugus
1529 4054 1582 4108 in
1606 4055 1838 4110 desertis
1861 4070 1913 4124 ag

2113 4057 2246 4129 ιαὴλ,
2297 4057 2530 4129 πρόσχες
2555 4056 2646 4110 τοῦ
2681 4057 3080 4128 ἐπισκέψασθαι
3123 4058 3300 4111 πάντα
3343 4056 3412 4110 τά
3450 4055 3617 4124 ἔθνη.»

409 4155 510 4200 ret.
562 4143 696 4199 Nam
728 4154 858 4199 tunc
886 4160 1123 4216 quoque,
1175 4153 1235 4198 ut
1265 4145 1510 4209 humilis,
1546 4145 1840 4215 perfectus,
1875 4147 1908 4201 h

2116 4150 2194 4221 ’ὴν
2223 4149 2280 4203 δὲ
2309 4148 2706 4220 στηλογραφίαν
2733 4149 2827 4202 καὶ
2853 4149 2948 4202 νῦν
2980 4151 3056 4212 ὼς
3086 4149 3180 4202 καλ⁸
3215 4149 3273 4200 ἐν
3309 4152 3421 4212 τοῖς
3450 4148 3620 4218 ἔμπρο-

408 4237 608 4292 militer
642 4239 884 4293 sentiens
913 4245 966 4293 et
996 4237 1328 4308 inculpatus,
1359 4237 1580 4292 aeternis
1623 4237 1796 4308 cippis
1828 4253 1858 4291 a
1895 4255 1912 4292 ι

2109 4239 2208 4294 πθεν
2237 4242 2266 4294 6
2307 4241 2405 4310 μὲν
2452 4238 2701 4304 Ἀκύλας,
2738 4259 2756 4292 ι
2784 4240 3039 4294 ταπεινοῦ
3071 4240 3276 4293 τελείου
3305 4239 3395 4293 τοῦ
3419 4237 3613 4292 Δαυῖδη

403 4331 532 4384 vina
573 4327 853 4401 Scriptura
885 4331 1139 4402 dignatus
1167 4343 1272 4387 est.
1325 4331 1481 4386 Nunc
1515 4340 1695 4387 autem
1732 4347 1854 4386 cum
1887 4349 1907 4386 r

2137 4331 2194 4384 δὲ
2222 4331 2534 4404 Σύμμαχος,
2576 4351 2595 4382 ι
2630 4333 3050 4404 ταπεινόφρονος
3079 4334 3174 4387 τοῦ
3192 4333 3354 4387 Δαυῖδ
3384 4332 3472 4386 καὶ
3494 4325 3617 4400 ἀμώ-

406 4437 581 4492 gnans
623 4431 703 4477 tot
736 4423 986 4479 inimicos
1032 4423 1336 4490 invaderet,
1371 4423 1727 4493 omniumque
1755 4423 1908 4478 diviti

2111 4440 2203 4488 ιου,
2234 4441 2253 4475 ι
2287 4426 2661 4496 ἡρμήνευσαν.
2686 4425 2894 4496 Στήλης
2918 4424 3026 4496 γὰρ
3053 4421 3121 4496 ἦν
3144 4425 3327 4496 ἀξίαή
3356 4423 3449 4477 τοῦ
3470 4418 3615 4475 τοσού-

405 4513 718 4584 colligeret,
765 4515 820 4568 in
859 4513 1047 4570 eodem
1092 4513 1286 4570 aﬂectu
1336 4515 1750 4586 perseverabat;
1805 4529 1909 4584 qua

2109 4533 2168 4568 ου
2196 4514 2456 4585 βασιλέως
2487 4517 2935 4588 μετριοφροσύνη.
2966 4517 3245 4570 Τοσούτων
3260 4517 3370 4588 γὰρ
3401 4514 3613 4582 πολέμων

404 4611 460 4658 et
488 4604 621 4658 .ituli
652 4606 1009 4675 inscriptione
1037 4613 1092 4660 et
1119 4607 1314 4677 spiritu
1358 4605 1676 4677 prophetico
1717 4605 1903 4676 dignat

2104 4608 2514 4680 περιγενόμενος,
2545 4609 2640 4661 καὶ
2665 4610 2786 4672 τοὺς
2824 4608 2984 4680 μέχρι
3006 4609 3105 4678 τῆς
3126 4608 3318 4680 Μέσης
3339 4607 3444 4661 τῶν
3475 4618 3608 4659 ποτα·

400 4703 504 4758 εει.
2085 4698 2200 4769 μῶν
2220 4699 2511 4765 ὑποτάξας,
2534 4700 2837 4771 ὑποφόρους
2859 4717 2918 4753 τε
2934 4701 3131 4762 αὐτοὺς
3146 4699 3608 4770 καταστησάμενος.

401 4791 461 4842 ἐν
489 4790 565 4860 τῷ
591 4792 774 4862 υικείῳ
796 4791 1034 4863 διέμενεν
1060 4793 1200 4863 ἦθει,
1231 4786 1346 4860 ἐνῷ
1373 4794 1468 4846 καί.
1493 4793 1581 4846 ὅτε
1612 4791 1874 4864 ἠλαύνετο
1909 4792 2013 4846 ὑπὸ
2037 4789 2132 4845 τοῦ
2157 4793 2347 4856 Σαοὺλ,
2367 4792 2572 4856 καὶτὰς
2595 4794 2833 4865 ἐρήμους
2850 4793 3064 4861 φεύγων
3084 4790 3346 4861 κατῴκει,
3366 4789 3604 4858 διέπρεπε.

401 4887 510 4940 Καὶ
530 4888 648 4940 τότε
675 4888 782 4959 γὰρ
803 4888 908 4944 ὑπὸ
955 4889 1056 4960 τῆς
1111 4890 1261 4952 θείας
1294 4890 1536 4960 Γραφῆς,
1561 4890 1638 4952 ὡς
1698 4889 1949 4953 ταπεινὸς
1970 4888 2204 4953 τέλειος,
2243 4889 2276 4961 ἢ
2319 4889 2697 4960 ταπεινόφρων
2760 4890 2854 4942 καὶ
2900 4889 3128 4959 ἄμωμος
3167 4887 3380 4956 στηλῶν
3415 4883 3606 4939 αἰωνίων

400 4976 643 5045 ⁴ἤεξιοῦτοο
678 4981 769 5032 καὶ
798 4979 892 5032 νῦν
916 4981 959 5034 δ’
986 4984 1072 5035 ὅτε
1111 4981 1409 5051 βασιλεύων
1441 4983 1712 5046 τοσούτοις
1746 4983 1963 5055 ἐπεξῄει
2002 4981 2298 5052 πολεμίοις,
2349 4983 2442 5036 καὶ
2469 4982 2559 5036 τὸν
2590 4983 2842 5036 ἁπάντων
2877 4983 3074 5053 συνῆγε
3121 4979 3346 5033 πλοῦτον
3365 5020 3381 5044 ,
3421 4978 3504 5031 ἐπὶ
3533 4973 3605 5044 τῆς

400 5071 567 5143 αὐτῆς
604 5073 814 5143 διέμενε
861 5073 1253 5146 προαιρέσεως*
1304 5074 1386 5127 διὸ
1409 5073 1810 5146 στηλογραφίας
1842 5071 2074 5141 ἠξιοῦτο,
2115 5075 2209 5126 καὶ
2233 5073 2540 5143 πνεύματος
2569 5072 2784 5142 ἠξιοῦτο
2803 5068 3164 5144 προφητικοῦ.

471 5189 736 5244 Observes
787 5205 951 5260 porro
980 5193 1138 5246 velim
1185 5192 1287 5246 hoc
1329 5199 1592 5262 tempore,
1647 5205 1771 5243 cum
1807 5187 1973 5244 Israel

2154 5192 2432 5262 Ἐπιτήρει
2458 5191 2514 5244 δὲ
2545 5191 2692 5254 ὅπως
2723 5189 2864 5244 κατὰ
2899 5192 3089 5242 τούτου
3122 5187 3216 5242 τοῦ
3253 5187 3438 5258 χρόνου
3467 5187 3492 5238 6
3527 5183 3600 5236 Ἰσ-

318 5341 324 5350 ι
399 5286 657 5345 regnante
678 5278 904 5338 Davidc.
936 5297 1108 5349 usque
1135 5281 1201 5335 ad
1234 5280 1822 5351 Mesopotamiamimpe

2091 5287 2227 5358 >αὴλ,
2259 5285 2630 5356 βασιλεύοντος
2656 5283 2840 5348 Δαυῒδ,
2879 5284 3039 5354 μέχρι
3071 5285 3168 5353 τῆς
3203 5281 3389 5350 Μέσης
3407 5278 3505 5332 τῶν
3527 5291 3595 5327 πο·

398 5368 690 5433 obtineret,
732 5387 795 5425 ac
824 5375 1105 5442 vectigalia
1137 5389 1166 5426 a
1197 5373 1440 5428 ﬁnitimis
1471 5373 1726 5443 gentibus
1759 5372 1902 5440 accir

2092 5376 2256 5446 ταμῶν
2295 5376 2532 5446 ἐκράτει,
2563 5375 2656 5426 καὶ
2695 5373 2892 5445 φόρους
2921 5372 3068 5445 παρὰ
3103 5370 3211 5423 τῶν
3265 5368 3420 5441 πέριξ
3459 5363 3596 5419 ἐθνῶν

401 5471 507 5526 ret,
555 5465 968 5532 promissionem
1003 5467 1093 5520 Dei
1142 5467 1206 5520 ad
1238 5467 1510 5521 Abraham
1563 5466 1758 5519 factam
1807 5478 1905 5534 0pc

2094 5469 2357 5538 λάμϐανε,
2405 5469 2503 5537 τῆς
2543 5467 2635 5521 τοῦ
2670 5466 2802 5519 Θεοῦ
2851 5465 3181 5535 ἐπαγγελίας
3220 5463 3320 5534 τῆς
3365 5459 3489 5530 πρὸς
3525 5454 3593 5508 τὸν

399 5556 721 5624 completam
747 5573 891 5620 esse,
925 5573 1026 5626 qua
1052 5558 1328 5628 pollicitus
1356 5567 1476 5612 erat
1516 5575 1574 5613 se
1603 5561 1856 5611 daturum
1883 5573 1903 5611 ε

2087 5560 2324 5630 Ἀϐραὰμ
2347 5561 2426 5622 είς
2457 5559 2591 5629 ἔργα
2613 5559 2894 5630 χωρούσης
2913 5575 2926 5587 °
2953 5559 3020 5611 δι’
3045 5554 3111 5630 ἦς
3145 5553 3492 5626 ἐπηγγέλλετο
3510 5544 3591 5599 δὼ-

399 5647 532 5702 mini
561 5648 682 5726 ejus
713 5657 880 5704 lotam
914 5659 1111 5704 terram
1145 5666 1172 5703 a
1198 5651 1415 5706 ﬂumine
1443 5651 1659 5723 Egypti
1698 5668 1868 5721 usque
1895 5669 1903 5706 :

2086 5667 2174 5702 rsw
2197 5649 2274 5720 τῷ
2311 5649 2588 5719 σπέρματι
2616 5646 2778 5701 αὐτοῦ
2815 5649 2993 5702 πᾶσαν
3021 5647 3120 5718 τὴν
3151 5646 3253 5717 γῆν
3276 5643 3379 5697 ἀπὸ
3406 5636 3487 5693 τοῦ
3513 5649 3590 5686 πο·

455 5827 512 5902 ξ’
553 5825 742 5879 Matth.
780 5841 866 5890 vi,
902 5826 991 5878 28.
1066 5829 1111 5858 ”
1151 5828 1282 5883 ibid.
1319 5829 1406 5882 50.
1489 5831 1502 5860 ¹
1545 5829 1644 5884 lsa.
1681 5847 1779 5898 ιι,
1816 5831 1932 5886 6-8.

1356 5831 1406 5882 ο.
1489 5831 1502 5860 ¹
1545 5829 1644 5884 lsa.
1681 5847 1779 5898 ιι,
1816 5831 1932 5886 6-8.
2011 5833 2031 5860 ²
2069 5831 2200 5886 ibid.
2242 5833 2290 5885 7.
2370 5831 2389 5864 ⁸
2429 5829 2570 5885 Psal.
2611 5847 2774 5895 Lvm,
2813 5830 2860 5884 7.
