3808 6280
185 370 274 424 557
1272 372 1775 430 COMMENTARIA
1825 380 1890 433 ΙΝ
1932 380 2270 441 PSALMOS.

3290 399 3392 452 558

182 486 334 559 ταμοῦ
365 486 649 555 Αἰγύπτου,
713 487 873 559 μέχρι
907 487 1001 542 τοῦ
1047 491 1290 560 ποταμοῦ
1327 493 1610 565 Εὐφράτου
1633 515 1646 528 ο
1681 497 1712 551 ἃ

1818 497 2181 569 Euphratem;
2226 504 2372 572 quod
2410 503 2612 558 Davide
2642 516 2900 575 regnante
2930 524 3115 563 revera
3142 513 3391 579 conligit,

183 580 234 651 δὴ
261 577 614 647 βασιλεύοντος
646 580 733 632 τοῦ
766 580 927 633 Δαυῒδ
948 580 1127 654 ἔργοις
1172 583 1472 656 ἐπληροῦτο
1498 605 1509 617 ·
1562 588 1720 643 τοῦτο

183 670 292 740 γοῦν
316 670 401 724 καὶ
428 671 459 739 ἠ
486 670 846 741 παρατεθεῖσα
875 673 1081 744 ἱστορία
1114 674 1212 744 τῆς
1250 676 1541 733 Βασιλειῶν
1586 694 1720 752 γρα-

185 765 274 835 φῆς
322 763 629 835 ἐμαρτύρει.
687 764 843 818 Ἀλλά
870 765 978 837 γάρ
1032 769 1319 836 φωτισθεὶς
1358 772 1387 824 6
1435 776 1719 847 προφήτης

184 856 271 913 ὑπὸ
296 855 379 909 τοῦ
408 857 559 925 ἁγίου
591 858 924 928 Πνεύματος,
954 860 1197 926 θεσπίζει
1233 863 1302 915 τὰ
1343 865 1400 917 ἐν
1433 869 1543 929 τοῖς
1594 868 1720 938 μὲλ-

183 949 309 1002 λουσι
340 949 542 1019 χρόνοις
578 950 986 1020 συμϐησόμενα.
1022 953 1154 1007 Τίνα
1180 954 1234 1007 δέ
1261 950 1329 1025 ἦν
1374 957 1545 1011 ταῦτα
1576 960 1719 1012 διδά-

186 1058 283 1093 σκει
320 1039 482 1108 λέγων
501 1057 515 1071 ·
553 1061 570 1091 ι
600 1042 691 1103 Εἰς
714 1041 774 1093 τὸ
797 1042 950 1105 τέλος
976 1046 1087 1107 τοῖς
1118 1044 1650 1119 ἀλλοιωθησομένοις.
1694 1072 1712 1104 ›

184 1130 279 1187 Εἶθ’
308 1132 425 1202 ἐξῆς
458 1132 659 1201 προϊὼν
697 1134 924 1202 ἐπάγει·
960 1154 978 1184 ι
1030 1136 1087 1188 '0
1121 1136 1251 1200 Θεὸς
1272 1177 1284 1199 ,
1316 1138 1522 1194 ἀπώσω
1572 1144 1718 1213 ἡμᾶς

184 1226 260 1279 καὶ
282 1224 508 1287 καθεῖλες
535 1226 700 1295 ἡμᾶς,
738 1244 755 1276 ι
778 1225 868 1278 καὶ⁵
894 1224 963 1278 τὰ
986 1225 1137 1296 ἐξῆς·
1168 1222 1248 1291 οἷς
1272 1229 1389 1299 μεθ’
1418 1231 1579 1305 ἔτερα
1602 1237 1719 1288 ἐπι-

183 1316 333 1383 λέγει·
364 1334 381 1366 ι
428 1316 483 1369 Ὀ
506 1316 638 1379 Θεὸς
660 1317 922 1387 ἐλάλησεν
951 1318 1008 1370 ἐν
1042 1318 1120 1389 τῷ
1152 1321 1291 1391 ἁγίῳ
1318 1323 1482 1377 αὑτοῦ
1502 1345 1515 1357 ·
1553 1327 1719 1396 ἀγαλ-

184 1407 404 1478 λιάσομσι
445 1408 536 1461 καὶ
564 1407 824 1481 διαμεριῶ
844 1410 1063 1482 Σίκιμα,
1094 1414 1185 1465 καὶ
1214 1412 1312 1484 τὴν
1357 1416 1577 1471 κοιλάδα
1612 1418 1717 1472 τῶν

186 1499 364 1567 σκηνῶν
386 1499 744 1571 διαμετρήσω,
787 1520 804 1551 i
838 1503 931 1556 καὶ
957 1502 1024 1556 τὰ
1061 1502 1207 1575 ἑξῆς.
1238 1508 1500 1578 Σημαίνει
1535 1510 1591 1563 δέ
1629 1512 1716 1565 διά

182 1590 353 1643 τούτων
392 1590 479 1642 τοῦ
523 1590 655 1643 Θεοῦ
688 1591 979 1662 διαλλαγὰς
1014 1596 1150 1669 πρὸς
1187 1599 1313 1662 τοὺς
1365 1599 1712 1669 ἀλλοφύλους.

192 1682 238 1734 ὐ
269 1682 383 1745 Θεὸς
427 1682 531 1754 γὰρ
551 1724 564 1747 ,
593 1687 755 1756 φησὶν
783 1726 797 1750 ,
834 1687 1091 1758 ἐλάλησε,
1147 1690 1242 1743 καὶ
1284 1690 1523 1764 λαλήσας
1555 1694 1612 1747 ἐν
1638 1695 1715 1765 τῷ

182 1774 296 1846 ἁγίῳ
324 1774 476 1829 αύτοῦ
525 1776 602 1847 τῷ
653 1777 863 1832 Γαλαὰδ
912 1782 1004 1833 καί
1060 1781 1136 1851 τῷ
1164 1784 1462 1856 Μανασσῇ,
1508 1786 1600 1841 καὶ
1638 1787 1715 1856 τῷ

1823 599 1881 644 ut
1907 593 2071 648 allata
2098 594 2406 665 Regnorum
2442 597 2667 650 historia
2691 598 3109 655 testiﬁcabatur.
3166 603 3247 658 Ad
3280 603 3395 659 haec

1821 682 1983 736 etiam
2017 680 2223 753 Spiritu
2254 693 2447 739 sancto
2472 685 2777 741 illustratus
2799 686 3090 760 Propheta,
3129 694 3395 749 vaticina-

1822 783 1911 827 tur
1962 790 2025 829 ea
2074 791 2194 845 quae
2241 776 2424 832 futuro
2473 785 2597 848 post
2648 788 2890 847 tempore
2939 791 3199 839 eventura
3243 796 3391 843 sunt.

1823 866 2082 930 Quaenam
2132 877 2311 924 autem
2341 871 2433 925 illa
2460 879 2679 936 essent,
2709 871 2795 927 his
2822 874 3003 929 verbis
3046 876 3235 941 docet,
3275 899 3293 931 ι
3334 878 3391 933 1η

1821 961 1980 1015 tinem
2022 978 2121 1031 pro
2150 963 2217 1018 iis
2252 964 2344 1035 qui
2376 965 2830 1025 immutabuntur.
2867 990 2885 1023 ›
2948 970 3007 1024 1η
3038 973 3393 1042 sequentibus

1818 1066 1947 1104 vero
1975 1049 2161 1114 infert,
2185 1052 2379 1116 «Deus,
2407 1057 2652 1125 repulisti
2683 1075 2786 1114 nos
2807 1068 2862 1113 et
2890 1060 3207 1117 destruxisti
3234 1079 3385 1128 nos,i

1818 1148 1872 1195 et
1902 1148 2115 1198 cmtera.
2152 1142 2361 1208 Quibus
2391 1157 2575 1215 postea
2602 1150 2906 1221 subjungit,
2946 1171 2964 1201 ι
3003 1152 3146 1207 Deus
3180 1154 3394 1212 locutus

1819 1238 1903 1286 est
1929 1231 1984 1285 in
2009 1240 2202 1287 sancto
2225 1249 2345 1299 suo,
2372 1237 2658 1293 exsultabo
2688 1248 2743 1293 et
2768 1239 3007 1293 dividam
3039 1240 3311 1306 Sichima,
3340 1251 3397 1297 et

1818 1324 2118 1380 convallem
2149 1325 2646 1383 Tabernaculorum
2696 1331 2982 1396 dimetiar,
3024 1351 3042 1384 ι
3079 1342 3133 1389 et
3161 1336 3391 1406 reliqua.

1818 1412 1915 1469 His
1946 1431 2109 1485 porro
2133 1418 2403 1487 signiﬁcat
2432 1419 2524 1474 Dei
2554 1423 3052 1480 reconciliationem
3083 1441 3207 1481 cum
3259 1429 3395 1484 alie-

1817 1508 2051 1579 nigenis.
2094 1510 2238 1567 Deus
2266 1513 2431 1579 enim,
2467 1519 2561 1579 ait,
2593 1516 2809 1573 locutus
2839 1526 2957 1583 est,
2989 1535 3053 1575 ac
3096 1522 3151 1576 in
3198 1533 3393 1579 sancto

1818 1615 1919 1655 suo
1951 1602 2167 1657 locutus
2202 1603 2270 1658 ad
2299 1603 2523 1669 Galaad,
2561 1606 2845 1665 Manassen
2865 1650 2880 1673 ,
2918 1610 3174 1681 Ephraim
3206 1622 3261 1670 et
3290 1615 3391 1669 Ju-

1817 1692 1978 1759 dam;
2017 1693 2171 1749 Moab
2200 1704 2253 1750 et
2284 1695 2568 1753 ldumzeam
2599 1714 2663 1754 ac
2690 1702 2928 1772 reliquos
2976 1719 3164 1761 omnes
3196 1708 3392 1762 alieni-

1817 1799 1983 1853 genas
2024 1800 2131 1840 una
2177 1789 2573 1859 complectitur.
2609 1790 2741 1846 Nam
2780 1812 2796 1843 ι
2848 1793 3026 1863 Moab,
3079 1799 3275 1869 inquit,
3323 1801 3396 1854 lc-

192 1866 416 1937 Ἑφραῒμ,
448 1870 541 1921 καὶ
675 1871 864 1942 Ἰούδᾳ,
891 1845 1516 1945 συμπεριλαμϐάνει-’τὸν
1543 1845 1712 1934 Μωάϐ

1820 1845 1914 1929 bes
1948 1875 2063 1945 spei
2090 1845 2431 1949 mean-pro
2459 1896 2567 1950 quo
2596 1845 3392 1952 Symmachus

182 1958 259 2010 ita“.
280 1959 367 2030 τὴν
400 1960 702 2029 Ἰδουμαίαν
729 1964 820 2016 καὶ
855 1965 1063 2029 πάντας
1089 1967 1213 2030 τοὺς
1239 1967 1456 2033 λοιποὺς
1487 1971 1716 2041 ἀλλοφύ-

181 2049 297 2112 λους.
319 2070 335 2102 t
356 2051 521 2104 Μωὰϐ
551 2072 569 2103 ›
600 2053 732 2125 γὰρ,
769 2056 922 2126 φησὶ,
950 2076 967 2107 ι
997 2058 1157 2130 λέϐης
1183 2061 1283 2129 τῆς
1303 2061 1515 2127 ἐλπίδος
1542 2082 1661 2136 μου·
1690 2085 1708 2117 ι

181 2141 273 2194 ἀνθ’
298 2136 350 2196 οὗ
377 2145 402 2195 6
437 2143 734 2214 Σύμμαχος
757 2146 1007 2214 ἐξέδωκε,
1046 2170 1064 2201 ι
1099 2153 1272 2205 Μωάϐ
1313 2154 1479 2227 λέϐης
1520 2158 1716 2229 ἀμερι-

183 2233 314 2302 μνίας
352 2252 444 2303 μου
471 2252 483 2264 ’
517 2255 534 2288 ι
568 2238 594 2288 ὁ
620 2236 678 2288 δέ
722 2237 982 2304 Ἀκύλας,
1024 2260 1041 2292 ι
1081 2244 1254 2297 Μωάϐ
1292 2246 1453 2317 λέϐης
1488 2246 1713 2320 λουτροῦ

140 2356 145 2363 ~
182 2342 283 2395 μου.
322 2345 339 2376 ι
370 2320 495 2378 Εἶτα
520 2328 647 2399 περὶ
698 2329 795 2399 τῆς
842 2330 1144 2402 Ἰδουμαίας
1187 2336 1349 2400 αὐτὸς
1385 2340 1715 2408 ἐπαγγέλλε-

179 2434 251 2468 ται
294 2414 487 2483 λέγων·
528 2437 547 2467 ι
591 2418 716 2471 Ἐπὶ
743 2419 843 2490 τὴν
893 2421 1196 2492 Ἰδουμαίαν
1238 2429 1438 2481 ἐκτενῶ
1479 2431 1540 2484 τὸ
1585 2432 1715 2485 ὑπό-

180 2501 301 2593 ᾒλμά
341 2523 462 2576 μου·
504 2528 521 2561 ι
574 2510 605 2577 ἤ
660 2510 801 2563 κατά
844 2510 935 2563 τὸν
987 2514 1315 2587 Σύμμαχον,
1375 2538 1394 2570 ι
1443 2521 1566 2573 Ἐπὶ
1617 2523 1714 2593 τὴν

189 2589 449 2662 Ἰδουμαίαν
502 2597 837 2669 ἐπιϐήσομαι
895 2600 973 2671 τῷ
1020 2604 1324 2675 ύποδὴματί
1370 2626 1489 2679 μου.
1536 2630 1553 2661 ι
1604 2589 1713 2665 καὶ

177 2682 364 2737 τοιαῦτα
407 2686 499 2755 μὲν
547 2689 1049 2765 ἐπαγγέλλεταιτῷ
1083 2697 1254 2750 Μωάϐ
1293 2700 1386 2751 καὶ
1430 2704 1495 2771 τῇ
1555 2702 1712 2755 Ἰδου-

182 2773 309 2845 μαίᾳ.
347 2777 471 2845 Περὶ
515 2779 571 2832 δὲ
601 2781 712 2835 τῶν
738 2783 1051 2855 ἀλλοφύλων
1084 2789 1246 2841 πάλιν
1272 2792 1301 2843 6
1334 2791 1495 2856 αὐτὸς
1530 2794 1715 2847 ἐπιλέ-

179 2876 275 2954 γει·
306 2884 322 2915 ι
371 2867 516 2939 Ἐμοὶ
547 2871 835 2941 ἀλλόφυλοι
870 2876 1249 2949 ὑπετάγησαν⁸
1290 2900 1308 2932 ι
1342 2882 1399 2954 ἢ,
1436 2883 1577 2938 κατά
1623 2886 1713 2939 τὸν

189 2951 380 3037 ’Δκύλαν
402 2975 415 2988 ·
450 2979 467 3009 ι
510 2960 626 3014 Ἐπ’
651 2964 752 3034 ἐμὲ
784 2966 1099 3022 Φυλιστιαία
1135 2970 1256 3041 (sic)
1281 2951 1618 3047 ἡταιρήσατο
1640 2995 1652 3006 ·
1690 2998 1707 3028 ι

179 3048 292 3100 κατά
319 3050 369 3103 δὲ
394 3053 480 3106 τὸν
516 3054 866 3123 Θεοδοτίωνα,
908 3079 925 3110 ι
966 3062 1118 3132 Ἐμοὶ
1166 3063 1451 3132 ἀλλόφυλοι
1504 3069 1713 3137 ἐφιλία-

180 3155 276 3197 σαν.
302 3162 317 3193 ι
340 3145 475 3199 Αὑτά
502 3147 557 3201 δὲ
590 3149 764 3203 ταῦτα
796 3155 908 3216 τοῖς
936 3154 1118 3218 αὐτοῖς
1150 3156 1379 3226 ῥήμασι,
1403 3160 1497 3212 καὶ
1526 3161 1713 3225 αὐταῖς

178 3230 321 3296 λέξεσι
344 3239 428 3289 καὶ
453 3240 506 3290 ἐν
537 3240 615 3312 τῷ
647 3243 728 3313 ρξ’
758 3243 973 3314 εἴρηται
996 3246 1215 3319 ψαλμῷ,
1251 3251 1307 3302 ἐν
1347 3246 1391 3319 ᾧ
1437 3255 1529 3307 καὶ
1570 3255 1711 3309 κατά

179 3324 280 3413 τοὺς
325 3324 714 3401 Ἑϐδομήκοντα
753 3334 1019 3404 φιλιάσειν
1076 3337 1154 3409 τῷ
1184 3339 1302 3411 Θεῷ
1343 3343 1392 3394 οἱ
1426 3343 1709 3413 ἀλλόφυλοι

180 3412 497 3483 θεσπίζονται.
530 3426 845 3497 Γέγραπται
866 3429 995 3496 γοῦν
1023 3432 1115 3483 καὶ
1144 3433 1201 3485 ἐν
1227 3434 1441 3505 ἐκείνῳ·
1485 3455 1503 3488 (
1536 3412 1709 3490 Μωάϐ

177 3505 311 3579 λέδης
334 3513 422 3584 τῆς
450 3516 663 3578 ἐλπίδος
692 3537 812 3589 μου.
856 3521 977 3574 Ἐπὶ
1001 3523 1098 3593 τὴν
1138 3525 1441 3596 Ἰδουμαίαν
1468 3529 1711 3583 ἐπιϐαλῶ

178 3597 228 3650 τὸ
248 3601 476 3675 ὑπόδημά
520 3625 642 3677 μου,
675 3610 797 3681 ἐμοὶ
853 3612 1140 3682 ἀλλόφυλοι
1189 3616 1493 3685 ἐφιλίασαν.
1531 3640 1550 3673 ι
1600 3622 1712 3675 Καὶ

178 3691 318 3747 ταῦτα
340 3697 429 3766 μὲν
446 3701 569 3771 περὶ
598 3700 707 3754 τῶν
728 3702 1039 3772 ἀλλοφύλων
1060 3706 1260 3777 διῆλθε.
1287 3709 1441 3762 Μετὰ
1460 3711 1516 3764 δὲ
1539 3712 1709 3765 ταῦτα

179 3782 231 3833 ὲκ
251 3788 512 3857 προσώπου
540 3793 634 3846 τοῦ
679 3794 947 3849 Ἰουδαίων
988 3797 1117 3851 λαοῦ
1148 3802 1180 3869 ἡ
1212 3805 1516 3873 προφητεία
1551 3806 1710 3859 πάλιν

179 3874 339 3967 ἐπάγει
386 3883 664 3952 φάσκουσα
685 3903 699 3916 ο
752 3907 770 3938 ι
823 3889 955 3958 Οὐχὶ
981 3891 1045 3942 σὺ
1071 3891 1099 3942 6
1126 3891 1257 3956 Θεὸς
1296 3895 1324 3946 6
1351 3895 1710 3967 ἀπωσάμενος

180 3966 315 4034 ἡμᾶς,
344 3973 431 4026 καὶ
459 3976 555 4029 οὐκ
578 3976 837 4050 ἐξελεύσῃ
872 3983 929 4033 ἐν
952 3984 1071 4044 ταῖς
1118 3982 1408 4053 δυνάμεσιν
1444 3986 1637 4055 ἡμῶν;
1686 4008 1704 4038 ι

182 4058 236 4108 Ἃ
263 4059 317 4130 δὴ
335 4063 486 4132 ὅμοια
509 4066 702 4135 γένοιτ’
725 4067 789 4123 ἃν
810 4074 921 4134 τοῖς
953 4071 1094 4126 κατά
1125 4074 1221 4142 τὴν
1250 4075 1424 4147 ἀρχὴν
1455 4076 1711 4147 λελεγμέ-

179 4163 269 4213 νοις
307 4154 356 4205 ἐν
380 4156 453 4227 τῷ
478 4196 492 4219 ,
526 4177 543 4209 ι
590 4159 649 4213 '0
680 4159 832 4223 Θεὸς,
890 4162 1095 4216 ἀπώσω
1125 4166 1273 4234 ἡμᾶς
1317 4167 1411 4220 καὶ
1465 4166 1710 4227 καθεῖλες

179 4237 328 4307 ἡμᾶς’
362 4264 379 4295 ›
404 4246 465 4300 δι’
492 4242 566 4303 ὧν
586 4251 774 4320 σαφῶς
801 4253 1027 4317 ἑαυτοὺς
1063 4254 1159 4324 μὲν
1190 4256 1470 4311 ἀπεῶσθαι
1491 4257 1709 4325 λέγουσι

179 4332 254 4383 καὶ
285 4338 677 4411 καθαιρεῖσθαι,
737 4344 810 4415 μὴ
858 4345 1000 4416 ἔχειν
1042 4364 1101 4400 τε
1134 4349 1224 4401 τὸν
1250 4349 1381 4403 Θεόν
1431 4349 1623 4422 βοηθὸν
1654 4352 1710 4402 ἐν

177 4426 275 4487 ταῖς
305 4428 497 4485 ἑαυτῶν
537 4435 830 4505 δυνάμεσι·
861 4441 987 4502 τοὺς
1027 4437 1083 4492 δὲ
1122 4439 1449 4508 ἀλλοφύλους
1482 4441 1707 4497 καθόλου

1818 1964 1964 2021 lebes
1998 1968 2310 2025 securitatis
2364 1986 2530 2039 meae;
2566 1992 2584 2023 ι
2622 1974 2817 2044 Aquila
2868 1991 3020 2042 vero,
3061 1996 3080 2027 ι
3118 1977 3277 2034 Moab
3310 1982 3388 2035 lc-

1815 2056 1912 2113 bes
1947 2059 2150 2114 lavacri
2200 2062 2327 2116 mei.
2365 2082 2382 2113 ι
2432 2062 2697 2135 Deinceps
2730 2066 2799 2122 de
2844 2066 3074 2122 ldumaea
3110 2068 3225 2125 hac
3272 2072 3390 2141 ipso

1815 2150 2124 2220 pollicetur,
2162 2170 2180 2203 ‹
2213 2151 2269 2206 1η
2315 2152 2603 2210 Idumteam
2638 2157 2926 2213 extendam
2955 2160 3385 2218 calceamentum

1816 2259 2025 2310 meum;
2042 2264 2059 2296 ι
2086 2245 2200 2301 sive
2220 2247 2519 2301 secundum
2542 2248 2954 2320 Symmachum,
2980 2271 2998 2302 ι
3021 2251 3079 2306 1η
3097 2253 3385 2309 ldumaaam

1815 2337 2180 2392 conscendam
2234 2340 2607 2395 calceamento
2652 2356 2792 2397 meo.
2828 2361 2846 2394 ι
2899 2343 2966 2396 Et
3008 2344 3123 2399 haec
3168 2345 3385 2415 quidem

1814 2424 1973 2481 Moab
1999 2435 2053 2483 et
2087 2427 2334 2484 Idumam
2368 2430 2676 2499 pollicetur.
2713 2431 2786 2488 De
2813 2434 3133 2505 alienigenis
3167 2451 3385 2491 rursum

1815 2517 2025 2588 adjicit,
2065 2538 2085 2571 ι
2119 2518 2250 2574 Mihi
2277 2521 2593 2592 alienigenae
2633 2523 2836 2579 subditi
2882 2534 3043 2594 sunt;
3085 2546 3102 2579 ι
3138 2528 3253 2583 sive
3294 2544 3385 2582 se-

1815 2609 2053 2664 cundum
2095 2612 2348 2681 Aquilam
2369 2654 2385 2681 ,
2439 2632 2457 2664 ι
2494 2612 2623 2668 Mibi
2654 2612 2963 2671 Pbilistbaea
2992 2619 3166 2673 amica
3195 2618 3326 2684 fuit;
3364 2638 3385 2672 ι

1815 2700 2114 2755 secundum
2144 2701 2574 2760 Theodotionem
2608 2714 2811 2771 autem,
2849 2727 2867 2758 ι
2902 2707 3029 2762 Mihi
3072 2710 3390 2780 alienigena:

1815 2792 1975 2846 amici
2003 2790 2132 2847 facti
2162 2804 2310 2849 sunt.
2344 2813 2362 2846 ι
2402 2795 2528 2852 Haec
2578 2812 2741 2867 porro
2774 2799 2907 2868 ipsis
2936 2800 3117 2856 verbis
3146 2809 3199 2854 et
3241 2804 3392 2858 voci-

1814 2882 1918 2937 bus
1968 2882 2025 2937 in
2074 2898 2183 2938 cvn
2231 2886 2441 2955 psalmo
2489 2887 2633 2941 dicta
2667 2898 2816 2952 sunt,
2865 2889 2919 2942 in
2950 2906 3058 2959 quo
3088 2893 3386 2949 secundum

1813 2973 2322 3047 LXXlnterpretes,
2389 2979 2595 3035 amicos
2660 2980 2753 3036 Dei
2794 2980 3009 3038 futuros
3054 2984 3385 3057 alienigenas

1819 3067 1877 3120 in
1905 3068 2171 3123 vaticinio
2214 3069 2410 3127 fertur.
2466 3071 2742 3142 Scriptum
2791 3076 2974 3143 itaque
3016 3082 3102 3130 est
3143 3076 3199 3130 ir.
3250 3076 3386 3133 illo:

1740 3196 1780 3253 Ο
1820 3176 1842 3211 ι
1873 3160 2031 3216 Moab
2056 3161 2205 3217 lebes
2236 3163 2352 3232 Spei
2382 3178 2532 3219 meae.
2571 3164 2628 3220 In
2657 3164 2940 3221 ldumzeam
2966 3169 3254 3224 extendam
3275 3171 3391 3225 cal-

1814 3258 2157 3306 ceamentum
2211 3268 2427 3319 meum,
2484 3254 2618 3310 mihi
2673 3257 2989 3327 alienigena!
3045 3260 3205 3315 amici
3257 3259 3388 3321 facti

1814 3349 1943 3397 sunt
1973 3343 2013 3397 ⁸.
2053 3363 2071 3395 ι
2107 3342 2173 3397 Ει
2203 3345 2317 3399 haec
2343 3345 2559 3415 quidem
2606 3347 2675 3402 de
2724 3348 3042 3419 alienigenis
3090 3351 3386 3404 enarravit.

1817 3434 1933 3489 Sub
1964 3435 2077 3490 haec
2102 3445 2281 3490 autem
2326 3453 2393 3492 ex
2435 3453 2669 3507 persona
2696 3438 2910 3495 Iudaici
2946 3441 3128 3511 populi
3158 3443 3391 3512 prophe-

1813 3526 1886 3579 tia
1919 3540 2139 3582 rursum
2172 3525 2363 3595 adjici:
2396 3545 2409 3581 ε
2445 3547 2463 3578 ι
2497 3526 2686 3583 Nonne
2719 3539 2774 3583 tu
2797 3570 2811 3592 ,
2848 3527 2992 3586 Deus
3018 3573 3032 3598 ,
3068 3532 3161 3601 qui
3185 3533 3389 3601 repuli-

1814 3616 1883 3674 sti
1914 3630 2016 3670 nos
2036 3654 2050 3679 ,
2082 3622 2136 3670 et
2165 3630 2274 3670 non
2303 3617 2602 3687 egredieris
2630 3619 2685 3672 in
2715 3620 3008 3677 virtutibus
3036 3621 3243 3677 nostris
3271 3623 3332 3674 ’ἲ
3365 3642 3384 3675 ι

1814 3704 1945 3771 Quae
1990 3705 2189 3761 similia
2240 3715 2367 3763 sunt
2420 3708 2488 3763 iis
2534 3724 2654 3778 qua:
2700 3710 2770 3763 ab
2815 3710 2973 3765 initio
3022 3709 3169 3765 dicta
3215 3710 3387 3772 fuere,

1818 3814 1837 3846 ι
1862 3795 2029 3862 Deus,
2062 3796 2312 3866 repulisti
2333 3812 2433 3852 nos
2456 3809 2510 3851 et
2530 3798 2851 3854 destruxisti
2878 3814 3010 3854 nos:
3036 3819 3059 3851 ›
3080 3802 3237 3870 queis
3267 3818 3391 3872 per-

1812 3886 2001 3956 spicue
2031 3903 2089 3943 se
2120 3889 2369 3957 repulsos
2393 3895 2447 3941 et
2471 3888 2781 3945 destructos
2814 3889 2984 3945 fuisse
3012 3901 3258 3960 narrant,
3286 3910 3388 3949 nc-

1813 3992 1920 4046 que
1954 3975 2123 4031 Deum
2172 3978 2226 4032 in
2277 3977 2592 4042 virtutibus,
2643 3979 2758 4034 sive
2803 3980 2857 4034 in
2906 3982 3239 4039 exercitibus
3270 3985 3390 4039 suis

1813 4067 2165 4137 cpitulantem
2222 4069 2423 4125 habere
2472 4086 2487 4124 :
2537 4070 2868 4141 alienigenas
2910 4087 3042 4127 vero
3087 4076 3389 4144 generatim

1813 4174 2003 4214 omnes
2032 4160 2239 4215 amicos
2266 4159 2361 4215 Dei
2387 4159 2615 4216 effectos
2639 4176 2798 4229 esse;
2832 4159 2989 4218 Moab
3017 4179 3148 4219 vero
3176 4168 3391 4237 specia-

1814 4252 1910 4307 tim
1936 4251 2164 4307 lebetem
2191 4254 2308 4324 spei
2331 4253 2472 4323 ejus,
2511 4269 2608 4309 seu
2636 4255 2867 4309 lebetem
2899 4255 3102 4311 lavacri
3130 4257 3272 4327 ejus,
3303 4259 3389 4313 vd

1813 4342 2124 4397 securitatis
2146 4344 2445 4412 ejus'esse;
2474 4343 2871 4415 ldumatamque
2899 4345 3271 4402 calceamento
3292 4345 3388 4401 Dei

1812 4433 2088 4505 dignatam
2126 4435 2315 4492 fuisse.
2381 4435 2505 4492 Haec
2553 4436 2919 4492 illustrations
2950 4437 3188 4509 Spiritus
3218 4438 3388 4491 divini

181 4513 261 4579 μὲν
280 4520 467 4586 πάντας
490 4525 674 4593 φίλους
723 4527 1002 4595 γεγονέναι
1028 4528 1104 4599 τῷ
1130 4529 1247 4600 Θεῷ
1273 4569 1288 4593 ,
1340 4529 1482 4594 ἰδίως
1529 4530 1586 4585 δὲ
1618 4532 1709 4586 τὸν

1816 4525 2039 4581 edoctus
2064 4527 2233 4583 David
2256 4567 2271 4593 ,
2306 4529 2462 4598 quasi
2492 4544 2559 4583 ex
2586 4544 2818 4599 persona
2856 4530 3026 4583 totius
3054 4529 3273 4600 populi,
3304 4529 3390 4582 di-

178 4605 323 4662 Μωὰϐ
347 4611 539 4686 λέϐητα
560 4617 724 4671 αὑτοῦ
752 4618 853 4688 τῆς
879 4618 1089 4683 ἐλπίδος
1110 4658 1125 4684 ,
1159 4621 1191 4691 ἢ
1220 4620 1421 4692 λέϐητα
1449 4621 1543 4676 τοῦ
1586 4623 1709 4676 λου-

178 4698 283 4765 τροῦ
313 4703 541 4778 αύτοῢ,ἢ
577 4709 673 4780 τῆς
703 4710 1034 4783 ἀμεριμνίας
1067 4710 1231 4765 αὐτοῦ
1264 4711 1572 4781 γεγονέναι·
1610 4714 1709 4784 τὴν

178 4787 222 4840 δὲ
256 4791 532 4866 Ἰδουμαίαν
559 4800 653 4855 τοῦ
674 4802 1016 4874 ὑποδήματος
1042 4803 1135 4857 τοῦ
1160 4803 1296 4858 Θεοῦ
1319 4805 1705 4877 κατηξιῶσθαι.

180 4877 314 4933 Ταῦτ’
337 4882 426 4941 οὖν
449 4888 526 4960 τῷ
561 4891 838 4961 Πνεύματι
865 4892 943 4963 τῷ
977 4893 1105 4964 θείῳ
1138 4894 1426 4963 φωτισθεὶς
1454 4897 1483 4947 6
1523 4895 1706 4959 Δαυτδ,

181 4972 430 5033 κοινόποιεῖ
456 4982 542 5035 τὸν
565 4983 719 5052 λόγον
736 4984 811 5049 ὡς
839 4986 903 5038 ἐκ
926 4986 1215 5056 προσώπου
1244 4985 1338 5040 τοῦ
1359 4987 1558 5051 παντὸς
1579 4987 1707 5041 λαοῦ

180 5065 255 5117 καί
300 5086 478 5139 φησιν’
523 5093 541 5125 ι
592 5076 648 5129 ’0
677 5076 842 5139 Θεὸς,
888 5076 1093 5131 ἀπώσω
1134 5079 1280 5149 ἡμᾶς
1333 5080 1427 5133 καὶ
1466 5079 1710 5144 καθεῖλες

181 5155 324 5225 ἡμᾶς’
353 5182 369 5212 ι
393 5164 443 5234 ἢ,
477 5168 615 5221 κατά
644 5168 735 5243 τὸν
767 5170 1090 5240 Σύμμαχον*
1125 5189 1144 5221 ι
1194 5171 1253 5224 Ὅ
1268 5170 1708 5234 Θεὸς,ἀπεϐἀλου

180 5246 323 5333 ἡμᾶς,
353 5256 441 5308 καὶ
488 5258 738 5330 διέκοψας
783 5262 961 5332 ἡμᾶς·
1008 5282 1026 5312 ι
1072 5261 1257 5331 σαφῶς
1300 5262 1569 5333 ἀποϐολὴν
1615 5263 1708 5316 καὶ

183 5332 427 5414 ἀποκοπὴν
447 5337 620 5401 αὑτῶν
644 5349 906 5419 δηλώσας.
934 5347 1045 5404 Εἶτ’
1068 5350 1327 5419 ἐπιλέγω
1357 5370 1375 5402 ι
1400 5332 1704 5425 Ὠργγίσθηςν

1812 4620 1907 4683 cit,
1950 4638 1968 4669 α
1992 4618 2155 4677 Deus.
2180 4622 2425 4690 repulisti
2462 4636 2565 4676 nos
2596 4629 2651 4676 et
2673 4620 2996 4677 destruxisti
3026 4634 3161 4686 nos;
3194 4638 3215 4673 ι
3249 4620 3385 4682 sive,

1813 4711 2111 4765 secundum
2146 4711 2530 4782 Symmachum
2568 4732 2581 4765 :
2621 4731 2639 4764 ι
2672 4711 2837 4776 Deus,
2891 4710 3142 4781 abiecisti
3167 4726 3303 4774 nos,
3334 4720 3388 4767 et

1814 4802 2096 4857 abscidisti
2126 4818 2260 4867 nos.
2294 4823 2313 4856 ι
2348 4803 2708 4872 abjectionem
2753 4812 2807 4859 et
2839 4802 3233 4859 abscissionem
3266 4817 3386 4856 ma-

1814 4893 2012 4950 nifeste
2060 4895 2397 4965 significans.
2468 4894 2761 4966 Subjungit
2781 4902 3001 4965 postea,
3038 4913 3059 4945 ι
3097 4893 3274 4950 Iratus
3303 4909 3384 4956 es.

1816 4993 1870 5040 et
1915 4985 2172 5043 misertus
2219 5003 2280 5042 es
2327 4987 2516 5053 nobis;
2557 5006 2576 5039 ι
2623 4986 2923 5063 secundum
2952 4988 3205 5057 Aquilam
3233 5002 3383 5050 vero,

1823 5099 1843 5133 ι
1873 5080 2048 5139 Iratus
2085 5082 2326 5138 avertisti
2377 5097 2511 5147 nos;
2550 5100 2568 5134 ι
2620 5080 2922 5137 secundum
2974 5080 3384 5154 Symmachum,

1822 5192 1839 5223 ι
1873 5170 2049 5227 Iratus
2073 5187 2154 5240 es,
2178 5178 2230 5226 et
2252 5171 2662 5227 circumduxisti
2690 5186 2827 5239 nos;
2847 5190 2866 5223 ι
2901 5171 3201 5227 secundum
3226 5170 3389 5241 quin-

1816 5271 1926 5320 tam
1956 5264 2271 5329 editionem,
2302 5263 2408 5316 «Ει
2437 5263 2852 5319 circumduxisti
2890 5279 3046 5320 nos.»
3082 5262 3208 5318 Haec
3223 5279 3387 5334 porro

1814 5365 2041 5411 eventus
2067 5370 2247 5410 rerum
2280 5356 2399 5424 plus
2430 5370 2591 5426 quam
2618 5357 2781 5410 verba
2814 5355 3077 5411 declarat.

182 5426 260 5477 καὶ
282 5429 599 5508 ᾠκτείρησας
622 5442 841 5523 ἡμᾶς’)⁴
869 5444 1008 5496 κατά
1040 5444 1095 5496 δὲ
1123 5444 1215 5499 τὸν
1255 5446 1504 5512 Ἀκύλαν,
1530 5465 1549 5496 ι
1580 5446 1865 5518 Θυμωθεὶς
1891 5446 2259 5518 μετέστρεψας
2286 5448 2432 5517 ἡμᾶς
2451 5464 2496 5497 ·›
2520 5447 2659 5501 κατά
2684 5448 2740 5501 δέ
2766 5448 2858 5501 τὸν
2883 5448 3196 5519 Σύμμαχον,
3225 5466 3243 5495 ‹
3277 5448 3388 5517 Ὠρ-

182 5520 363 5594 γίσθης,
424 5533 511 5584 καὶ
576 5520 904 5606 περιήγαγες
969 5540 1144 5609 ἡμᾶς·
1186 5557 1204 5589 ι
1246 5540 1384 5593 κατά
1427 5540 1483 5593 δὲ
1525 5541 1622 5611 τὴν
1668 5541 1924 5613 πέμπτην
1986 5541 2213 5605 ἔκδοσιν,
2252 5561 2270 5593 ι
2318 5542 2427 5595 Καὶ
2461 5544 2797 5613 περιήγαγες
2834 5543 3003 5614 ἡμᾶς.
3043 5562 3061 5595 ι
3106 5540 3292 5596 Ταῦτα
3330 5542 3387 5595 δὲ

186 5615 354 5682 μᾶλλον
383 5624 481 5677 τῶν
503 5626 671 5696 λόγων
697 5633 730 5702 ἡ
760 5632 867 5684 τῶν
899 5632 1234 5703 πραγμάτων
1282 5632 1501 5698 ἔκϐασις
1540 5635 1854 5705 παρίστησι.
3040 5670 3044 5674 ’

251 5797 271 5827 ⁸
297 5801 425 5861 Psal.
458 5823 592 5874 cvu,
633 5780 717 5867 to:
794 5808 816 5845 ι
854 5814 984 5869 ibid.
1026 5814 1108 5870 η.
