3808 6280
395 390 500 446 859

1062 381 1331 441 EUSEBII
1369 376 1846 438 CAESARIENSIS
1894 377 2045 434 OPP;
2090 376 2269 438 PARS
2306 379 2392 436 ΠΙ.
2440 411 2508 420 -
2545 379 2958 438 EXEGETICA.
3515 383 3603 438 560

462 507 594 562 Post
605 504 900 560 Salvatoris
921 505 1100 574 itaque
1121 503 1293 557 nostri
1317 502 1627 562 adventum,
1645 502 1861 574 quando
1882 500 1959 554 in-

2130 502 2282 557 Μετά
2333 503 2464 573 γοῦν
2514 502 2613 572 τὴν
2669 502 2761 556 τοῦ
2822 501 3071 574 Σωτῆρος
3121 500 3280 573 ημῶν
3331 505 3605 574 παρουσίαν

391 599 533 654 vasit
558 612 655 652 eos
687 596 764 650 ira
794 596 849 650 in
878 593 1060 658 tinem,
1090 594 1203 648 haec
1221 595 1405 647 omnia
1428 594 1595 663 passi,
1620 593 1844 663 repulsi,
1875 594 1964 646 (Ie-

392 690 587 748 structi
605 696 657 745 et
672 688 873 757 alfjecti
902 694 1060 751 sunt;
1088 684 1317 741 abscissi
1346 684 1474 739 item
1498 695 1551 741 et
1578 683 1957 748 circumducti,

392 783 448 837 in
477 793 776 848 omnesque
822 786 1008 847 gentes
1039 775 1294 846 dispersi.
1325 771 1433 829 Sed
1464 774 1650 841 etiam,
1676 792 1696 826 ‹
1716 787 1962 827 commo-

391 867 539 931 visti,
580 865 773 935 inquit,
800 871 1001 919 terram
1038 872 1087 916 et
1133 862 1469 917 conturbasti
1487 877 1628 926 eam,
1672 861 1801 932 quia
1833 876 1962 917 sex-

391 967 549 1014 centa
574 958 646 1013 ibi
675 956 815 1010 mala
831 954 1073 1021 inerant;
1097 954 1151 1008 in
1187 964 1331 1009 terra
1361 955 1484 1008 dico
1508 969 1721 1017 eorum,
1751 953 1963 1008 scilicet

390 1051 713 1114 Jerusalem,
745 1047 839 1103 ubi
870 1047 1018 1118 regia
1051 1055 1103 1102 et
1134 1048 1533 1110 sanctuarium,
1567 1046 1656 1101 ubi
1691 1048 1874 1101 omnia
1904 1047 1960 1101 in

391 1145 507 1214 iege
532 1139 839 1198 veneranda
868 1138 1353 1208 persolvehautur:
1384 1137 1501 1195 sive
1543 1138 1709 1193 etiam
1761 1140 1815 1192 in
1847 1146 1960 1193 tota

389 1232 608 1285 illorum
651 1229 907 1299 regione;
950 1229 1065 1283 sive
1093 1229 1148 1284 in
1195 1228 1485 1283 animabus
1515 1242 1704 1282 eorum
1754 1228 1960 1298 tropice

392 1333 536 1379 terra
560 1323 909 1392 nuncupatis.
940 1320 1072 1387 Qum
1099 1319 1281 1375 omnia
1310 1318 1603 1375 confertim
1627 1319 1698 1375 ob
1716 1318 1960 1389 improha

391 1430 579 1471 eorum
611 1414 1176 1491 facinora,commota
1199 1421 1253 1467 et
1275 1412 1601 1467 conturbata
1631 1420 1780 1467 sunt.
1808 1412 1963 1466 Atta-

392 1523 515 1562 men
543 1514 696 1578 rogat
727 1504 997 1576 Propheta
1041 1505 1094 1559 in
1132 1504 1533 1575 sequentibus:
1573 1522 1593 1555 ι
1628 1503 1773 1557 Sana
1829 1518 1964 1557 con-

392 1597 642 1651 tritiones
663 1595 803 1665 ejus,
841 1595 966 1666 quia
995 1604 1267 1648 commota
1293 1600 1396 1648 est.
1433 1611 1454 1645 ι
1488 1592 1531 1645 A
1557 1593 1777 1662 proprio
1805 1607 1963 1647 nam-

390 1705 498 1759 que
528 1689 646 1743 loco
675 1695 730 1743 et
775 1688 884 1742 situ
928 1694 1204 1741 commota
1265 1694 1322 1740 et
1374 1699 1646 1740 concussa
1704 1683 1959 1754 praedicta

391 1790 560 1844 terra.
585 1778 1007 1835 contritionibus
1057 1786 1112 1833 et
1146 1776 1321 1832 ruinae
1351 1776 1593 1831 suberat.
1641 1775 1823 1843 Quare
1856 1778 1960 1833 sub

396 1874 511 1928 haec
537 1871 801 1927 additur:
841 1889 859 1923 ι
909 1869 1210 1926 Ostendisti
1270 1868 1471 1940 pupulo
1504 1876 1597 1923 tuo
1630 1869 1808 1923 dura:
1849 1889 1868 1921 ι
1906 1878 1961 1923 ct
1995 1847 2034 1902 Β

390 1965 521 2019 vino
572 1961 1014 2033 compunctionis
1066 1968 1219 2031 potat
1275 1961 1434 2028 illos;
1483 1961 1600 2017 sive
1658 1959 1959 2016 secundum

389 2056 665 2127 Aquilam,
699 2075 718 2107 ‹
756 2055 881 2110 vino
915 2055 1165 2125 sOporis;
1201 2072 1222 2106 ›
1271 2054 1390 2110 sive
1446 2053 1748 2108 secundum
1802 2051 1964 2125 Sym-

390 2149 664 2213 machum,
719 2165 739 2200 ι
776 2148 906 2203 vino
961 2145 1297 2216 iactationis.
1338 2163 1357 2198 ι
1414 2144 1493 2201 Ac
1550 2143 1736 2201 dicere
1792 2145 1917 2200 licet
1943 2184 1958 2207 ,

391 2238 698 2295 divinarum
759 2235 1168 2307 Scripturarum
1223 2234 1471 2301 verbum,
1525 2248 1634 2305 quo
1670 2249 1862 2289 eorum
1908 2234 1961 2288 in

390 2329 668 2385 Christum
724 2328 1080 2384 incredulitas
1138 2326 1407 2397 arguitur,
1442 2327 1628 2382 vinum
1655 2342 1781 2382 esse
1812 2341 1962 2381 com-

390 2422 722 2493 punelionis,
756 2436 943 2479 eorum
991 2419 1326 2473 conscientia
1377 2434 1476 2488 per
1520 2420 1834 2490 prophetias
1895 2420 1965 2474 de

390 2513 631 2576 Christo,
677 2527 886 2567 necnon
940 2528 1035 2582 per
1073 2519 1396 2582 praesentem
1448 2526 1633 2566 rerum
1693 2511 1965 2566 conditio-

392 2621 516 2661 nem
548 2643 566 2668 ,
619 2618 683 2658 ac
727 2620 821 2675 per
871 2605 1285 2659 conversionem
1341 2603 1579 2674 gentium
1636 2614 1963 2672 eompuncta

391 2709 445 2755 et
469 2697 775 2753 vulnerata.
809 2695 935 2752 Haec
962 2698 1186 2768 quippe,
1247 2695 1463 2753 etiamsi
1508 2712 1618 2751 non
1677 2696 1847 2751 fucati
1879 2697 1964 2750 vi-

391 2791 619 2846 deantur
637 2804 779 2855 esse,
806 2804 997 2845 eorum
1014 2789 1405 2845 conscientiam
1438 2795 1708 2860 pungunt,
1734 2786 1959 2854 feriunt,

390 2889 445 2937 et
477 2883 544 2937 ad
572 2896 794 2939 sensum
835 2897 950 2937 suae
1001 2897 1130 2953 erga
1184 2881 1521 2937 Salvatorem
1550 2889 1606 2938 et
1662 2880 1959 2936 Dominum

390 2984 640 3031 nostrum
671 2974 1009 3030 infidelitatis
1064 2972 1363 3029 adducunt.
1419 2972 1525 3029 Sed
1576 2972 1687 3028 illis
1742 2973 1959 3044 quidem

392 3066 508 3121 haec
530 3074 791 3121 eventura
818 3080 942 3122 esse
987 3065 1340 3120 vaticinatur.
1390 3065 1463 3121 lis
1508 3073 1692 3120 autem
1743 3067 1838 3136 qui
1890 3063 1958 3119 ad

390 3157 669 3212 Christum
696 3155 791 3212 Dei
824 3159 1168 3221 conventuri,
1214 3157 1444 3228 ejusque
1479 3158 1711 3214 salutem
1768 3173 1962 3213 susce-
1986 3198 2034 3261 ε

393 3250 537 3322 pturi
562 3258 709 3313 sunt,
755 3249 873 3303 haec
921 3259 1111 3319 postea
1166 3251 1504 3304 annuntiat:
1537 3267 1557 3302 ι
1595 3249 1800 3305 Dedisti
1840 3265 1957 3304 me»

394 3340 675 3396 tuentibus
704 3348 759 3395 te
781 3340 1254 3411 significationem,
1310 3349 1370 3395 ut
1396 3340 1606 3412 fugiant
1639 3356 1670 3394 a
1698 3340 1837 3396 facie
1877 3355 1965 3396 ar-

393 3447 528 3499 eus;
561 3449 582 3484 ι
615 3430 914 3493 secundum
943 3428 1194 3499 Aquilam
1227 3445 1375 3495 vero,
1427 3448 1447 3481 ι
1490 3429 1694 3485 Dedisti
1716 3439 1963 3486 metuen-

392 3524 541 3580 tibus
565 3531 620 3579 te
647 3524 885 3593 signum,
913 3528 976 3575 ut
997 3519 1422 3592 significentura
1442 3518 1580 3575 facie
1608 3520 1914 3588 firmitatis;
1937 3539 1956 3574 ι

394 3614 697 3671 secundum
724 3605 1110 3686 Symmachum
1139 3621 1344 3677 autem,
1383 3630 1404 3664 ι
1440 3612 1650 3668 Dedisti
1667 3614 1964 3669 metuenti-

392 3706 497 3762 bus
519 3714 574 3760 te
607 3706 846 3777 signum,
869 3713 930 3759 ut
973 3703 1183 3775 fugiant
1217 3718 1247 3758 a
1275 3702 1413 3761 facie
1458 3705 1802 3776 sagittarum.
1847 3723 1866 3758 ι
1904 3704 1963 3760 Si

394 3799 495 3864 illi,
523 3797 591 3852 de
616 3798 816 3868 quibus
841 3797 1117 3868 Superius,
1151 3799 1257 3855 hoc
1280 3800 1436 3870 signo
1469 3798 1643 3853 notati
1704 3798 1959 3862 fuissent,

394 3904 501 3943 non
533 3887 849 3957 repellendi,
886 3903 988 3944 nec
1034 3888 1376 3953 destruendi,
1426 3905 1528 3945 nec
1580 3891 1674 3945 iraa
1709 3890 1959 3946 tradendi

392 3988 569 4034 erant.
607 3978 713 4033 Sed
740 3980 868 4049 quia
903 3980 1120 4050 signum
1157 3981 1289 4036 illud
1324 3982 1564 4037 salutare
1594 3986 1838 4053 recipere
1863 3998 1965 4037 no—

395 4068 634 4131 inerunt,
662 4068 785 4135 iure
818 4068 873 4123 in
904 4069 1019 4125 haec
1042 4071 1371 4127 inciderunt.
1405 4073 1476 4127 At
1502 4074 1596 4144 qui
1628 4075 1822 4130 timent
1857 4073 1965 4130 Do-

395 4158 626 4224 minum,
660 4160 764 4229 (sic
785 4174 881 4215 eos
906 4162 1001 4231 qui
1033 4163 1264 4218 credunt
1313 4179 1381 4219 ex
1431 4167 1704 4236 gentibus,
1741 4176 1801 4223 ut
1848 4168 1964 4240 ple-

395 4262 628 4318 rumque
650 4248 1171 4321 demonstravimus,
1229 4254 1513 4327 Scriptura
1544 4260 1685 4315 solet
1715 4262 1960 4332 appella-

395 4343 500 4414 re.)
527 4349 750 4413 accepto
764 4342 942 4414 signo,
969 4343 1172 4415 illoque
1189 4347 1298 4410 usi,
1325 4362 1387 4402 ac
1403 4349 1460 4404 in
1482 4350 1635 4405 vultu
1662 4352 1959 4424 obsignati,

394 4434 576 4489 locum
605 4433 928 4493 invenerunt
962 4435 1202 4506 fugiendi
1231 4453 1261 4492 a
1289 4437 1427 4494 facie
1454 4455 1637 4506 arcus,
1671 4444 1822 4500 nullo
1850 4448 1964 4516 spi-

2064 595 2241 648 πάντα
2290 594 2460 648 ταῦτα
2492 593 2852 658 πεπόνθασιν,
2908 594 2995 647 ὅτε
3050 593 3281 663 ἔφθασεν
3326 594 3409 647 ἐπ’
3436 595 3606 660 αὐτοὺς

2061 685 2196 757 ὀργὴ
2224 686 2304 748 είς
2332 684 2503 747 τέλος,
2532 682 2862 754 ἁπώσθησάν
2890 700 2949 737 τε
2994 684 3087 737 καὶ
3118 683 3492 754 καθῃρέθησαν
3526 686 3606 740 καὶ

2062 775 2478 849 ἀπεϐλήθησαν·
2516 775 2845 848 διεκόπησὰν
2875 792 2935 829 τε
2975 776 3068 829 καὶ
3109 774 3477 847 περιήχθησαν
3505 776 3606 829 δια-

2063 869 2481 942 σκορπισθέντες
2529 870 2609 933 είς
2641 868 2817 922 πάντα
2849 868 2915 922 τὰ
2948 867 3094 939 ἔθνη.
3133 867 3294 922 Ἀλλὰ
3326 868 3418 922 καὶ
3447 887 3466 920 ι
3502 885 3606 922 συν.

2064 963 2299 1026 έσεισας,
2330 961 2480 1031 φησὶ,
2512 960 2610 1033 τὴν
2631 961 2754 1031 γῆν,
2783 960 2876 1014 καὶ
2899 958 3268 1032 συνετάραξας
3289 961 3473 1032 αὐτὴν,
3498 980 3515 1010 ι
3534 961 3606 1015 διὰ
3723 1010 3731 1021 ,

2060 1055 2121 1107 τὸ
2153 1053 2324 1125 μυρία
2356 1052 2501 1106 κακὰ
2530 1055 2587 1105 ἐν
2610 1052 2745 1123 αὐτῇ
2767 1051 3076 1121 γίγνεσθαν
3106 1052 3248 1122 λέγω
3276 1052 3333 1106 δὲ
3355 1054 3419 1124 τῇ
3451 1053 3607 1106 αὐτῶν

2060 1153 2153 1222 γῇ,
2190 1151 2307 1222 ῆτοι
2338 1153 2404 1222 τῇ
2443 1148 2809 1222 Ἰερουσαλὴμ,
2843 1152 2901 1203 ἐν
2995 1149 3088 1202 καὶ
3119 1148 3178 1200 τὸ
3213 1149 3495 1220 βασίλειον,
3527 1148 3606 1201 καὶ

2060 1241 2121 1294 τὺ
2149 1240 2416 1312 άγίασμα,
2442 1240 2534 1294 καὶ⁵
2566 1241 2740 1293 πάντα
2769 1239 2835 1293 τὰ
2864 1238 3037 1310 σεμνὰ
3068 1237 3161 1292 τοῦ
3204 1238 3369 1309 νόμου
3413 1256 3603 1292 συνετεο

2059 1333 2227 1387 λεῖτο·
2256 1332 2289 1404 ἢ
2321 1333 2415 1387 καὶ
2457 1332 2606 1407 πάσῃ
2637 1333 2816 1388 αὐτῶν
2847 1335 2914 1404 τῇ
2941 1331 3113 1404 χώρᾳ,
3150 1332 3182 1402 ἥ
3224 1333 3318 1385 καὶ
3363 1335 3479 1395 ταῖς
3517 1333 3606 1402 qm-

2060 1430 2181 1498 χαῖς
2202 1428 2378 1480 αὐτῶν
2398 1428 2672 1499 τροπικῶς
2691 1426 2793 1497 γῆν
2808 1425 3236 1497 ώνομασμέναις.
3273 1427 3339 1478 Ἀ
3370 1425 3431 1498 δὴ
3454 1426 3605 1481 πάντα

2060 1521 2270 1593 ἀθρόως
2295 1520 2384 1574 διὰ
2407 1520 2506 1584 τὰς
2532 1520 2882 1591 παρανόμως
2909 1518 3087 1572 αὐτῶν
3132 1518 3360 1590 πράξεις
3393 1519 3608 1572 συνεσεί-

2062 1612 2163 1683 σθη
2197 1611 2289 1666 καὶ
2319 1610 2716 1683 συνεταράχθη.
2754 1610 2943 1680 Ὅμως
2975 1610 3019 1662 δ’
3059 1605 3149 1664 οὖν
3191 1607 3423 1663 ἱκετεύει
3445 1611 3472 1662 ό
3496 1618 3608 1681 προ-

2062 1704 2237 1773 φήτης
2267 1701 2439 1771 λέγων
2472 1701 2618 1772 ἑξῆς·
2654 1720 2673 1750 ι
2714 1701 2890 1754 ἰασαι
2921 1698 2987 1752 τὰ
3024 1698 3404 1771 συντρίμματα
3440 1699 3605 1768 αὐτῆς,

2062 1796 2140 1849 ὃτι
2163 1792 2407 1865 ἐκινήθη.
2443 1812 2460 1844 ι
2494 1791 2787 1862 Κινηθεῖσα
2814 1790 2923 1862 γὰρ
2955 1789 3049 1844 καὶ
3085 1789 3404 1842 σαλευθεῖσα
3431 1792 3522 1860 τῆς
3544 1791 3609 1843 ol-

2063 1883 2214 1947 κείας
2248 1883 2411 1954 μονῆς
2434 1881 2526 1935 καὶ
2557 1880 2842 1951 στάσεωςή
2873 1878 3229 1951 προλεχθεῖσα
3258 1880 3349 1950 γῆ,
3373 1880 3607 1951 συντρὶμ-

2065 1993 2209 2049 ματα
2240 1976 2334 2030 καὶ
2358 1975 2683 2047 κατάγματα
2712 1975 2997 2044 ἐκτήσατο.
3046 1971 3244 2045 Διόπερ
3287 1972 3411 2042 ἑξῆς
3446 1972 3606 2025 ἐπιλέα

2061 2085 2216 2137 γεται
2236 2084 2248 2096 ’
2292 2087 2311 2119 ι
2339 2066 2588 2133 Ἔδειξας
2612 2066 2689 2137 τῷ
2715 2065 2830 2136 λαῷ
2852 2082 2944 2119 σου
2966 2064 3180 2137 σκληρά
3201 2082 3214 2096 ·
3254 2084 3275 2117 ι
3307 2064 3402 2118 καὶ
3425 2062 3608 2129 ποτίζει

2060 2160 2116 2212 δὲ
2148 2158 2342 2222 αὐτοὺς
2373 2155 2513 2213 οἶνον
2559 2157 2896 2224 κατανύξεως
2913 2176 2929 2191 ο
2981 2157 3038 2230 ἢ,
3069 2156 3210 2212 κατά
3234 2157 3328 2212 τὸν
3369 2155 3607 2219 Ἀκύλαν,

2069 2273 2087 2305 ι
2121 2248 2261 2307 οἶνον
2281 2249 2605 2324 καρώσεως·
2647 2270 2666 2303 ι
2697 2250 2752 2322 ἢ,
2786 2249 2925 2304 κατὰ
2952 2250 3044 2305 τὸν
3069 2250 3392 2323 Σύμμαχον,
3431 2270 3449 2302 ι
3486 2247 3609 2305 οἶνον

2063 2345 2246 2399 σάλου.
2281 2364 2300 2397 ι
2334 2345 2443 2397 Καὶ
2467 2342 2582 2397 ἐστι
2610 2360 2673 2413 γε
2698 2345 2870 2396 εἰπεῖν
2901 2344 2991 2397 τὸν
3015 2344 3123 2398 ἀπὸ
3150 2344 3260 2398 τῶν
3303 2344 3459 2398 θείων
3488 2344 3524 2396 Γ
3526 2360 3609 2415 ραι-

2062 2437 2178 2508 φῶν
2204 2436 2361 2506 λόγον
2386 2477 2401 2500 ,
2427 2435 2737 2505 ἐλεγκτικὸν
2768 2438 2895 2491 ὄντα
2916 2435 3092 2489 αὐτῶν
3117 2437 3216 2507 τῆς
3261 2436 3343 2498 είς
3372 2436 3459 2490 τὸν
3487 2437 3605 2507 Χρι-

2065 2527 2186 2581 στὸν
2215 2526 2309 2580 τοῦ
2336 2523 2472 2581 Θεοῦ
2499 2526 2773 2591 ἀπιστίας,
2804 2524 2944 2582 οἶνον
2970 2527 3235 2599 ὑπάρχειν
3266 2527 3602 2593 κατανύξεως,

2062 2633 2220 2670 νυττο
2226 2617 2392 2688 μένης
2404 2617 2582 2672 αὐτῶν
2597 2617 2692 2672 καὶ
2706 2618 3145 2689 τιτρωσκομένης
3159 2618 3260 2688 τῆς
3278 2610 3608 2689 συνειδήσεως

2061 2708 2171 2762 ἀπὸ
2196 2708 2305 2762 τῶν
2352 2708 2603 2782 περὶτοῦ
2658 2709 2909 2781 Σωτῆρος
2947 2709 3323 2782 προφητειῶν’
3358 2709 3415 2775 ἐξ
3451 2710 3609 2763 αὐτῶν

2061 2817 2121 2854 τε
2148 2801 2258 2855 τῶν
2307 2802 2668 2873 περιεχόντων
2706 2803 2903 2865 αὐτοὺς
2943 2802 3281 2874 πραγμάτων
3313 2802 3404 2857 καὶ
3430 2803 3491 2854 ἐκ
3523 2801 3607 2877 τῆς

2061 2895 2169 2949 τῶν
2195 2895 2363 2949 ἐθνῶν
2379 2896 2733 2970 ἐπιστροφῆς.
2758 2896 2942 2950 Ταῦτα
2962 2896 3090 2968 γὰρ,
3118 2895 3219 2949 κᾶν
3241 2895 3605 2968 ἀπροσποίητο.

2063 2983 2202 3043 εῖναι
2223 2990 2472 3054 δοκῶσιν,
2503 2990 2651 3062 ὅμως
2665 2991 2763 3061 τὴν
2793 2989 3092 3061 συνείδησιν
3111 2989 3292 3043 αὐτῶν
3316 2987 3605 3062 τιτρώσκει,

2063 3082 2364 3155 πλήττοντα
2397 3083 2491 3136 καὶ
2525 3085 2603 3146 είς
2628 3083 2973 3154 συναίσθησιν
2993 3081 3189 3146 αὐτοὺς
3214 3081 3415 3151 ἄγοντα
3432 3081 3524 3152 τῆς
3541 3081 3606 3145 εἰς

2062 3176 2153 3230 τὸν
2180 3176 2410 3248 Σωτῆρα
2437 3174 2532 3229 καὶ
2561 3173 2766 3248 Κύριον
2795 3173 2949 3246 ήμῶν
2975 3173 3250 3237 ἀπιστίας.
3310 3171 3446 3226 Ἀλλ’
3484 3173 3607 3226 ἐκεί-

2063 3283 2175 3331 νοις
2212 3267 2310 3337 μὲν
2359 3267 2583 3322 τοιαῦτα
2612 3266 2822 3338 μέλλειν
2851 3264 3067 3319 ἔσεσθαι
3093 3264 3359 3331 θεσπίζει.
3402 3264 3531 3328 Τοὺς
3559 3262 3606 3316 δὲ

2067 3356 2356 3428 μέλλοντας
2376 3355 2728 3431 προστρέχειν
2759 3355 2835 3427 τῷ
2862 3354 3083 3427 Χριστῷ
3106 3355 3199 3410 τοῦ
3229 3355 3384 3424 Θεοῦ,
3420 3356 3506 3410 καὶ
3527 3354 3609 3426 τὴν

2063 3449 2131 3502 δι’
2150 3448 2313 3502 αὐτοῦ
2337 3449 2606 3521 σωτηρίαν
2636 3447 3053 3520 παραδέχεσθαι,
3073 3448 3478 3518 εὐαγγελίζεται
3501 3448 3607 3519 ἑξῆς

2063 3540 2235 3610 λέγων
2254 3558 2267 3572 ·
2316 3560 2334 3592 ι
2374 3540 2618 3606 Ἔδωκας
2656 3543 2768 3606 τοῖς
2815 3539 3167 3612 φοϐουμένοις
3221 3558 3281 3594 σε
3334 3543 3609 3612 σημείωσιν
3668 3594 3671 3597 λ

2063 3632 2157 3686 τοῦ
2182 3635 2373 3703 φυγεῖν
2397 3632 2504 3687 άπὸ
2532 3633 2819 3707 προσώπου
2840 3631 3014 3699 τόξου.
3036 3652 3056 3686 ι
3091 3632 3247 3688 Κατά
3273 3633 3331 3687 δέ
3358 3634 3447 3688 τὸν
3473 3632 3609 3686 ’Δκύ-

2063 3724 2189 3778 λανο
2227 3742 2245 3775 ι
2290 3722 2537 3788 Ἔδωκας
2561 3763 2576 3788 ,
2612 3723 2781 3793 φησὶ,
2827 3726 2938 3788 τοῖς
2966 3721 3320 3795 φοϐουμένοις
3348 3738 3407 3776 σε
3434 3721 3609 3789 σύσση-

2068 3831 2187 3886 μον,
2212 3814 2305 3868 τοῦ
2334 3812 2686 3885 σημειοῦσθαι
2716 3813 2825 3868 ἀπὺ
2856 3812 3148 3885 προσώπου
3175 3813 3513 3886 βεϐαιότητος
3533 3831 3545 3844 ·
3586 3827 3604 3864 ι

2065 3907 2204 3961 κατὰ
2225 3907 2283 3961 δὲ
2309 3905 2401 3959 τὸν
2434 3904 2753 3978 Σύμμαχον·
2795 3924 2814 3958 ι
2852 3906 3100 3969 Ἔδωκας
3122 3909 3234 3970 τοῖς
3280 3907 3607 3978 φοϐουμένοις

2066 4015 2127 4052 σε
2152 4002 2394 4072 σημεῖον,
2426 4000 2506 4061 είς
2527 3996 2588 4051 τὸ
2612 4001 2868 4067 ἐκφυγεῖν
2895 3998 3001 4051 άπὸ
3040 4001 3333 4070 προσώπου
3364 3997 3605 4069 τοξεύμα-

2064 4108 2175 4155 τος.
2214 4110 2233 4144 ι
2266 4092 2329 4144 Ei
2357 4091 2457 4162 μὲν
2479 4086 2573 4145 οὖν
2595 4086 2735 4161 ἦσαν
2767 4090 2859 4144 καὶ
2875 4092 2924 4143 οί
2946 4090 3034 4144 δια
3061 4090 3168 4144 τῶν
3211 4089 3508 4165 ἔμπροσθεν
3530 4089 3608 4141 δε-

2063 4180 2360 4252 δηλωμένοι
2383 4179 2459 4250 τῷ
2494 4178 2702 4251 σημείῳ
2723 4178 2915 4248 τούτῳ,
2941 4178 3042 4231 οὐκ
3062 4176 3127 4231 ἂν
3145 4175 3489 4247 ἁπώσθησαν,
3511 4169 3606 4228 οὐδ’

2066 4277 2133 4331 ἂν
2161 4272 2564 4346 καθῃρέθησαν,
2593 4272 2702 4327 οὐδ’
2722 4271 2789 4327 ἂν
2816 4273 2881 4343 τῇ
2909 4271 3045 4343 ὀργῇ
3078 4272 3479 4344 παρεδόθησαν·
3505 4266 3606 4325 ἀλλ’

2066 4369 2186 4422 ἐπεὶ
2215 4366 2289 4439 μὴ
2314 4363 2689 4436 ἠϐουλήθησαν
2718 4361 3112 4429 καταδέξασθαι
3145 4362 3205 4416 τὸ
3236 4365 3490 4435 σωτήριον
3522 4376 3605 4430 cn]-

2071 4462 2241 4531 μεῖον,
2288 4452 2509 4521 εἰκότως
2530 4457 2740 4519 τούτοις
2788 4454 3289 4527 περιπεπτώκασιν.
3344 4457 3407 4510 οι
3461 4455 3511 4509 δέ
3551 4464 3606 4523 τι

397 4524 678 4581 ritualitnn
705 4525 1137 4588 etinvisibilium
1189 4529 1534 4587 inimicorum
1578 4534 1749 4604 ipsos,
1786 4535 1857 4591 ob
1887 4537 1962 4592 si—

2068 4524 2387 4621 φοϐούμενοι
2407 4547 2500 4602 τὸν
2523 4547 2724 4620 Κύριον
2752 4524 2914 4619 (οὕτω
2939 4545 2995 4600 δὲ
3024 4545 3181 4600 εἴωθε
3210 4547 3395 4601 καλεῖν
3422 4550 3450 4601 ό
3473 4546 3607 4613 λόγος

399 4631 565 4686 gnum
584 4629 712 4675 cum
732 4615 843 4672 illis
860 4627 974 4673 tum
995 4618 1237 4689 antiquis
1253 4621 1509 4687 inditum,
1524 4623 1690 4681 ferire
1703 4627 1959 4686 audente.

399 4707 614 4780 ﬂoyses
668 4709 937 4779 siquidem
981 4709 1270 4766 domorum
1303 4712 1490 4768 limina
1545 4718 1810 4786 sanguine
1840 4720 1971 4791 agni

399 4800 677 4868 paschalis
703 4799 980 4871 obsignari
1007 4799 1266 4858 lsraelitis
1292 4807 1564 4874 praecepit,
1613 4816 1673 4863 ut
1701 4814 1963 4867 exterrui-

398 4897 560 4945 nator
588 4897 926 4945 averteretur
951 4891 994 4946 ⁸.
1029 4889 1088 4946 In
1114 4891 1398 4950 Ezechiele
1437 4896 1645 4964 itidem,
1669 4915 1792 4955 cum
1813 4918 1964 4957 ever-

400 4980 565 5047 tenda
586 4981 723 5037 urbs
742 4990 910 5046 esset,
930 4981 1136 5039 dixisse
1155 4985 1417 5040 scribitur
1445 4985 1587 5044 Deus
1615 4990 1687 5054 ei,
1718 4993 1810 5062 qui
1836 5003 1967 5049 tunc

401 5075 665 5146 temporis
693 5074 896 5145 podere
921 5076 1249 5132 induebatur
1277 5096 1291 5134 :
1332 5096 1351 5129 ι
1380 5077 1576 5136 Transi
1611 5097 1708 5152 per
1730 5074 1967 5141 mediam
1998 5094 2022 5114 *

401 5165 675 5221 civitatem
703 5164 1026 5233 Jerusalem,
1068 5177 1124 5223 et
1149 5167 1219 5224 da
1250 5169 1407 5241 signa
1430 5186 1596 5241 super
1630 5174 1839 5233 frontes
1887 5179 1967 5232 vi-

404 5271 589 5310 rorum
624 5258 955 5327 gementium
980 5266 1034 5314 et
1058 5260 1355 5316 dolentium
1398 5278 1567 5333 super
1615 5268 1829 5325 cunctis
1861 5270 1968 5324 ini-

405 5348 705 5418 quitatibus
733 5366 854 5420 qum
905 5350 1039 5406 fiunt
1068 5350 1122 5406 in
1154 5352 1335 5408 medio
1363 5353 1607 5424 ipsorum
1633 5357 1675 5411 ⁷.
1717 5377 1736 5409 ι
1770 5357 1970 5416 Deinde

407 5436 530 5494 aliis
560 5439 763 5495 dicitur
787 5461 801 5496 :
827 5462 844 5494 ι
871 5440 949 5498 Ite
978 5443 1033 5498 in
1062 5443 1337 5501 civitatem
1358 5454 1482 5517 post
1503 5462 1652 5515 eum,
1683 5461 1737 5505 et
1769 5465 1967 5521 percu-
2007 5459 2027 5477 '

407 5532 541 5586 tite:
577 5547 643 5586 ne
672 5534 909 5602 parcatis
936 5536 1111 5592 oculis
1133 5536 1357 5604 vestris,
1376 5554 1555 5611 neque
1603 5542 1969 5601 misereamini

408 5640 592 5680 senem
620 5635 673 5681 et
707 5626 1129 5696 adolescentem,
1173 5632 1453 5700 parvulos,
1504 5641 1557 5691 et
1596 5638 1882 5709 virginem,
1914 5654 1967 5697 et

480 5803 698 5860 ‘Exod.
740 5822 835 5873 xu,
884 5808 936 5867 7.
1009 5809 1244 5867 'Ezech.
1288 5829 1363 5881 ts,
1399 5817 1453 5872 4.

2065 4645 2190 4707 τοὺς
2209 4642 2266 4711 ἐξ
2298 4639 2466 4696 ἐθνῶν
2492 4641 2859 4706 πιστεύοντας,
2883 4639 2959 4704 ὡς
2981 4641 3239 4705 πολλάκις
3262 4640 3353 4695 διὰ
3374 4640 3604 4695 πλειόνων

2068 4734 2390 4807 ἐδείξαμεν),
2414 4733 2668 4798 λαϐόντες
2694 4734 2753 4786 τὸ
2779 4732 2998 4804 σημεῖον
3020 4733 3357 4806 χρησάμενοι
3383 4751 3439 4787 τε
3461 4728 3604 4799 αὐτῷ,

2067 4830 2160 4883 καὶ
2187 4827 2329 4882 κατὰ
2353 4826 2445 4881 τοῦ
2481 4826 2771 4899 προσώπου
2804 4825 3245 4898 σφραγιζόμενοι,
3274 4825 3495 4898 εὕραντο
3517 4840 3604 4893 φυ-

2066 4920 2167 4991 γὴν
2182 4920 2298 4980 ’ἀπὸ
2316 4917 2605 4990 προσώπου
2629 4916 2804 4984 τόξου,
2829 4917 3054 4989 μηδενὸς
3069 4917 3259 4989 νοητοῦ
3281 4920 3377 4972 καὶ
3402 4915 3605 4990 ἀοράτου

2069 5011 2326 5081 πολεμίου
2358 5008 2571 5080 βάλλειν
2599 5009 2794 5072 αὐτοὺς
2819 5009 3123 5079 τολμῶντος
3145 5008 3234 5063 διὰ
3262 5008 3325 5062 τὺ
3353 5006 3605 5076 ἐπικείμε-

2067 5120 2157 5157 νον
2181 5104 2362 5165 αύτοῖς
2387 5104 2606 5173 σημεῖον
2632 5098 2852 5164 καὶτοῖς
2873 5100 3119 5166 παλαιοῖς
3136 5098 3436 5173 δεδομένον.
3466 5100 3606 5155 Maia-

2071 5195 2170 5265 σῆς
2226 5194 2322 5266 μὲν
2362 5193 2470 5264 γὰρ
2494 5192 2593 5257 τὰς
2623 5192 2781 5263 φλιὰς
2809 5192 2916 5247 τῶν
2935 5192 3098 5248 οἴκων
3124 5191 3237 5248 τῶν
3279 5188 3605 5267 Ἰσραηλιτῶν

2069 5285 2261 5356 αἵματι
2301 5283 2394 5338 τοῦ
2424 5283 2695 5357 προϐάτου
2747 5283 2838 5338 τοῦ
2889 5285 3081 5356 Πάσχα
3128 5281 3600 5357 κατασημαίνεσοαι

2068 5376 2345 5441 διετάξατο
2366 5377 2448 5439 εἰς
2477 5376 2791 5449 ἀποτροπὴν
2811 5376 2906 5431 τοῦ
2952 5375 3272 5449 ὀλοθρευτοῦ
3295 5394 3311 5409 ο
3349 5378 3438 5432 καὶ
3466 5377 3515 5429 ἐν
3535 5369 3602 5442 τῷ

2083 5468 2328 5540 Ἐζεκιὴλ
2382 5469 2438 5523 δὲ
2463 5508 2480 5535 ,
2538 5468 2835 5541 μελλούσης
2868 5469 3223 5540 ἀφανίζεσθαι
3261 5470 3360 5542 τῆς
3403 5468 3602 5529 πόλεως,

2072 5563 2525 5633 ἁναγέγραπταιό
2550 5562 2682 5627 θεὸς
2722 5561 2959 5634 εἰρηκὼς
2989 5564 3122 5635 πρὸς
3161 5563 3254 5618 τὸν
3287 5560 3600 5633 ἐνδεδυμένον

2070 5656 2161 5707 τὸν
2193 5654 2422 5725 ποδήρη,
2448 5654 2595 5716 ὅστις
2625 5653 2741 5706 ποτ’
2766 5648 2861 5725 ἦν·
2899 5671 2919 5705 ί
2939 5652 3121 5709 Διελθε
3157 5653 3327 5728 μέσην
3347 5653 3442 5727 τὴν
3469 5648 3604 5706 πόλιν
