3808 6280
243 290 339 350 56f

1373 287 1877 347 COMMENTARIA
1912 287 1978 342 IN
2015 286 2353 344 PSALMOS.

3386 242 3498 345 ι56ξὲ

240 407 336 477 τὴν
380 402 754 475 Ἰερουσαλὴμ,
786 403 880 456 καὶ
906 401 995 466 δὸς
1026 400 1097 457 τὰ
1132 405 1331 474 σημεῖα
1360 403 1453 456 ἐπὶ
1484 403 1550 457 τά
1578 403 1803 473 μέτωπα

1918 403 2171 457 mulieres
2205 402 2441 459 occidite
2463 401 2530 457 ad
2565 404 2990 461 internecionem
3029 424 3044 461 :
3084 404 3152 462 ad
3183 420 3280 463 eos
3314 414 3493 458 autem

239 500 344 552 τῶν
364 496 575 567 ἀνδρῶν
618 494 727 548 τῶν
761 494 1265 558 καταστεναζόντων
1305 494 1397 547 καὶ
1444 494 1549 546 τῶν
1589 493 1811 546 κατοδυ-

240 589 492 661 νωμένων
540 586 634 640 ἐπὶ
672 587 872 650 πάσαις
916 588 1036 649 ταῖς
1069 586 1319 655 ἀνομίαις
1353 588 1473 648 ταῖς
1500 584 1811 654 γινομέναις

237 686 294 737 ἐν
329 682 481 753 μέσῳ
512 680 713 734 αὐτῶν.
741 698 759 731 ι
795 674 907 732 Εἶθ’
937 678 1142 751 ἑτέροις
1181 677 1373 747 ἐλέχθη
1396 692 1407 704 ·
1447 695 1465 726 ι
1507 674 1808 746 Πορεύεσθε

234 777 313 838 εἰς
346 772 446 843 τὴν
480 772 632 825 πόλιν
665 771 840 824 ὀπίσω
868 769 1033 823 αὐτοῦ
1054 813 1067 834 ,
1111 771 1203 823 καὶ
1234 770 1460 822 κόπτετε
1482 784 1494 797 °
1533 767 1607 838 μὴ
1637 766 1810 835 φείδε-

235 863 327 917 σθε
353 866 467 927 τοῖς
494 862 791 932 ὀφθαλμοῖς
824 861 1001 933 ὑμῶν,
1028 861 1121 915 καὶ
1157 860 1231 931 μὴ
1276 859 1530 930 ἐλεήσητε
1568 857 1807 929 πρεσϐύ-

229 971 391 1025 τερον
422 954 519 1006 καὶ
560 952 863 1016 νεανίσκον,
898 953 992 1006 καὶ
1021 953 1187 1022 νήπια
1233 952 1326 1005 καὶ
1365 950 1670 1022 παρθένον,
1716 952 1809 1004 καὶ

229 1048 495 1113 γυναῖκας
523 1046 877 1099 ἀποκτείνατε
907 1045 987 1109 εἰς
1024 1044 1294 1113 ἐξάλειψιν
1319 1062 1333 1075 ο
1364 1046 1454 1099 ἐπὶ
1507 1044 1565 1097 δὲ
1603 1044 1809 1107 πάντας

228 1137 312 1204 ἐφ’
343 1136 441 1201 οὓς
485 1138 601 1189 ἐστι
649 1136 710 1189 τὸ
739 1136 962 1206 σημεῖον
995 1135 1068 1205 μὴ
1097 1136 1375 1205 ἐγγίσητε,
1425 1134 1517 1188 καὶ
1562 1135 1669 1188 ἀπὸ
1702 1133 1809 1187 τῶν

228 1227 401 1294 ἁγίων
444 1244 543 1297 μου
577 1224 832 1297 ἀρξαοθε.
872 1244 891 1276 ι
937 1225 1100 1295 Ὁρᾷς
1123 1225 1269 1288 ὅπως
1299 1226 1346 1277 οί
1384 1225 1481 1295 μὲν
1509 1223 1805 1278 ἀπώλοντο·

226 1320 274 1372 οἱ
306 1318 365 1371 δὲ
404 1318 462 1372 τὸ
498 1321 721 1388 σημεῖον
766 1318 859 1369 ἐπὶ
886 1316 977 1369 τοῦ
1016 1316 1266 1386 μετώπου
1316 1316 1570 1390 φέροντες
1621 1314 1808 1369 διεσώ-

226 1411 417 1475 (avra;
451 1409 679 1463 τοιοῦτοί
712 1426 857 1471 τινες
876 1404 1013 1479 ἦσαν
1046 1408 1140 1461 καὶ
1163 1408 1254 1471 οὓς
1282 1411 1314 1479 ἡ
1346 1410 1596 1479 παροῦσα
1620 1407 1808 1477 στηλο-

222 1504 438 1575 γραφία
464 1502 760 1574 παρίστησι
802 1503 1067 1570 λέγουσα·
1103 1520 1121 1552 ι
1159 1502 1407 1563 Ἔδωκας
1455 1503 1571 1564 τοῖς
1618 1502 1807 1569 φοϐου-

222 1596 412 1667 μένοις
433 1612 492 1647 σε
518 1595 815 1664 σημείωσιν
834 1592 927 1646 τοῦ
946 1596 1135 1661 φυγεῖν
1157 1594 1266 1647 ἀπὸ
1282 1590 1576 1664 προσώπου
1593 1592 1767 1657 τόξου·
1781 1612 1798 1644 ι

218 1688 279 1739 οὐ
309 1687 425 1759 γὰρ
444 1687 522 1757 τῷ
561 1685 774 1756 Ἰσραὴλ
795 1728 809 1751 ,
834 1687 1018 1756 φησὶν,
1050 1685 1277 1747 ἔδωκας,
1306 1684 1442 1737 ἀλλά
1476 1687 1588 1748 τοῖς
1619 1684 1805 1751 φοϐου-

220 1776 409 1847 μένοις
452 1793 531 1830 σε.
566 1778 685 1829 ’Ότι
714 1776 770 1828 δὲ
802 1776 921 1840 ἔθος
948 1776 1065 1829 ἐστὶ
1088 1777 1155 1845 τῇ
1195 1774 1500 1844 προφητείᾳ
1543 1772 1811 1843 φοὸουμέ-

217 1887 340 1933 νους
366 1871 463 1923 τὸν
500 1869 705 1940 Κύριον
728 1869 911 1921 καλεῖν
940 1870 1066 1931 τοὺς
1098 1866 1157 1933 ἐξ
1197 1866 1363 1920 ἐθνῶν
1394 1866 1485 1918 ἐπὶ
1535 1864 1624 1917 τὸν
1667 1864 1798 1916 Θεὸν

1912 511 2079 564 super
2106 511 2245 565 quos
2267 504 2352 550 est
2404 497 2619 566 signum
2656 514 2722 553 ne
2756 499 3051 563 accedatis,
3104 510 3156 555 et
3200 515 3231 554 a
3279 498 3493 555 sanctis

1910 587 2046 642 meis
2078 588 2297 658 incipite
2327 588 2366 640 ‘.
2412 609 2429 639 ι
2467 586 2659 643 Viden‘
2691 606 2799 659 quo
2829 599 2990 660 pacto
3021 592 3109 645 alii
3138 592 3359 662 quidem
3399 604 3497 644 0c—

1909 680 2049 745 cisi;
2083 680 2119 733 ii
2168 697 2298 736 vero
2327 681 2417 751 qui
2454 682 2670 751 signum
2719 685 2774 739 in
2820 684 2997 739 fronte
3045 685 3248 741 ferrent
3284 686 3487 745 servati

1911 766 2153 821 fuerint?
2182 766 2342 823 Tales
2402 769 2437 823 ii
2485 779 2665 833 erant,
2707 787 2847 842 quos
2877 773 2991 827 haec
3021 774 3162 828 tituli
3199 776 3483 847 inscriptio

1911 860 2115 915 indicat
2138 861 2223 916 his
2253 862 2436 918 verbis
2475 882 2486 917 :
2523 881 2540 915 ι
2576 863 2778 919 Dedisti
2812 866 3180 920 metuentibus
3202 875 3253 921 lc
3277 869 3484 938 signiﬁ-

1909 952 2203 1015 cationem,
2232 964 2289 1007 ut
2322 953 2533 1024 fugiant
2562 972 2591 1010 a
2618 956 2756 1012 facie
2785 973 2968 1013 arcus.
3012 977 3029 1009 ι
3062 958 3178 1012 Non
3208 960 3352 1014 enim
3382 964 3479 1024 ait,

1912 1045 2099 1099 lsraeli
2133 1044 2353 1111 dedisti,
2393 1048 2484 1102 sed
2521 1049 2836 1105 timentibus
2869 1057 2941 1105 te.
2972 1050 3127 1115 Quod
3151 1060 3329 1105 autem
3358 1067 3484 1121 pro-

1910 1135 2102 1204 phetiae
2123 1146 2447 1192 consuetum
2483 1140 2553 1194 sit
2575 1142 2828 1194 timentes
2853 1139 3138 1195 Dominum
3170 1156 3365 1199 vocare
3386 1158 3483 1198 eos

1907 1243 1975 1282 ex
1999 1229 2272 1299 gentibus,
2303 1230 2397 1301 qui
2427 1231 2493 1284 ad
2544 1230 2711 1285 Deum
2747 1232 3129 1302 confugerunt,
3162 1234 3483 1302 plerumque

1906 1321 2423 1385 demonstravimus,
2458 1323 2535 1377 uti
2564 1338 2730 1393 supra
2754 1323 2957 1377 dictum
2977 1333 3080 1380 est.
3114 1325 3481 1391 Quemadmo-

1906 1410 2035 1466 dum
2071 1413 2239 1483 igitur
2270 1416 2719 1470 exterminatoris
2772 1416 2980 1486 plagas,
3020 1418 3175 1487 signo
3196 1421 3481 1489 sanguinis

1906 1503 2013 1566 usi,
2049 1503 2328 1575 fugiebant
2357 1507 2447 1576 qui
2490 1506 2541 1559 in
2577 1505 2812 1576 IEgypto
2859 1518 3016 1562 erant
3062 1511 3102 1572 ',
3153 1510 3342 1566 eadem
3392 1527 3479 1565 ra-

1906 1595 2055 1648 tione
2078 1598 2142 1650 ati
2172 1598 2525 1651 avertendum
2547 1598 2906 1653 humanarum
2938 1602 3241 1656 animarum
3269 1604 3477 1658 hostem

1903 1696 1958 1739 et
1989 1687 2291 1753 inimicum,
2324 1689 2415 1759 qui
2452 1690 2589 1744 solet
2609 1705 2703 1745 eas
2732 1691 2849 1744 telis
2883 1692 3160 1762 impetere,
3196 1703 3250 1748 et
3280 1695 3330 1747 in
3366 1694 3477 1747 ido-

1906 1775 2135 1833 lolatria:
2170 1795 2410 1833 errorem
2435 1780 2726 1842 deducere,
2754 1780 2969 1849 signum
3003 1782 3091 1835 hic
3116 1793 3473 1837 memoratum

1906 1871 2275 1925 metuentibus
2302 1872 2585 1926 Dominum
2622 1872 2877 1925 collatum
2900 1881 3005 1928 est.

215 1960 689 2031 καταφεύγοντας,
722 1960 979 2021 πολλάκις
1020 1957 1401 2027 ἀπεδείξαμεν,
1428 1954 1610 2019 καθὼς
1648 1956 1984 2027 προείρηται.
2015 1961 2222 2033 Ὥσπερ
2261 1959 2352 2015 οὖν
2391 1963 2498 2015 ἀπὸ
2543 1962 2832 2031 προσώπου
2881 1963 2973 2017 τοῦ
3013 1964 3331 2036 ὀλοθρευτοῦ
3394 1965 3472 2019 δι-

213 2055 420 2123 έφυγον
460 2070 591 2107 ποτε
628 2055 676 2105 οί
702 2054 759 2105 ἐν
788 2051 1046 2120 Αἰγύπτῳ
1075 2050 1173 2112 τὰς
1205 2048 1415 2117 πληγὰς
1442 2087 1455 2109 ,
1500 2047 1801 2117 χρήσαντες
1838 2048 1914 2117 τῷ
1941 2052 2152 2121 σημείῳ
2217 2053 2310 2105 τοῦ
2348 2054 2594 2124 αἵματος,
2628 2058 2717 2111 τὸν
2756 2056 2917 2111 αὑτὸν
2955 2058 3153 2128 τρόπον
3197 2059 3274 2121 εἰς
3340 2059 3475 2112 ἀπο-

210 2144 555 2216 τροπιασμὸν
579 2144 672 2197 τοῦ
695 2144 955 2214 πολεμίου
982 2142 1073 2194 καὶ
1095 2140 1288 2210 ἐχθροῦ
1313 2140 1423 2191 τῶν
1476 2137 1831 2207 ἀνθρωπίνων
1868 2138 2074 2208 ψυχῶν,
2106 2142 2198 2194 τοῦ
2231 2143 2468 2207 τοξεύειν
2498 2147 2591 2199 καὶ
2622 2147 2980 2201 καταϐάλλειν
3021 2137 3188 2211 αὑτὰς
3225 2149 3318 2200 ἐπὶ
3372 2149 3473 2221 τὴν

212 2241 312 2311 τῆς
338 2239 784 2311 εἰδωλολατρείας
810 2239 1018 2309 πλάνην
1059 2236 1327 2300 εἰωθότος,
1390 2234 1594 2288 δέδοται
1623 2235 1683 2287 τὸ
1721 2234 2009 2305 λεγόμενον
2036 2240 2266 2293 ἐνταῦθα
2314 2247 2537 2314 σημεῖον
2577 2247 2688 2307 τοῖς
2734 2245 3089 2315 φοϐουμένοις
3116 2246 3207 2298 τὸν
3241 2246 3465 2318 Κύριον.

289 2358 308 2389 ι
354 2338 547 2400 Ὅπως
585 2339 652 2390 ἂν
688 2335 957 2407 ῥυσθῶσιν
984 2334 1032 2387 οἱ
1062 2332 1333 2402 ἀγαπητοί
1369 2348 1483 2394 σου,
1531 2331 1702 2383 σῶσον
1731 2333 1795 2399 τῇ

210 2428 362 2501 δεξιᾷ
386 2446 505 2487 σου.
530 2429 625 2482 καὶ
652 2427 953 2482 ἐπάκουσον
980 2444 1101 2497 μου.
1134 2444 1153 2476 ›
1181 2424 1365 2478 Ταῦτα
1388 2424 1481 2477 καὶ
1503 2423 1568 2475 τά
1592 2422 1800 2485 τούτοις

208 2522 484 2584 ἀκόλουθα
518 2522 680 2593 μέχρι
707 2520 798 2573 τοῦ
840 2520 1025 2582 τέλους
1065 2519 1158 2571 καὶ
1194 2520 1222 2571 6
1269 2515 1344 2588 ρξ’
1382 2516 1626 2586 περιέχει
1657 2515 1795 2584 ψαλ-

210 2616 332 2684 μός.
374 2613 516 2665 Ἀλλ’
554 2616 609 2665 ἐν
641 2612 738 2681 μὲν
766 2613 879 2673 τοῖς
906 2608 1288 2680 προκειμένοις
1326 2608 1394 2660 τά
1435 2606 1797 2678 προλεχθέντα

208 2704 487 2774 ἀποϐολὴν
509 2703 697 2774 ἐδήλου
736 2702 830 2755 τοῦ
875 2702 1127 2773 Ἰσραήλ·
1177 2698 1271 2754 τοῦ
1304 2700 1380 2771 ρξ’
1410 2699 1478 2752 τά
1523 2699 1630 2771 πρὸ
1673 2699 1796 2752 τού-

207 2815 328 2860 του,
361 2817 379 2848 ι
401 2796 549 2858 ὃπως
564 2794 629 2847 ἂν
648 2792 915 2865 ρυσθῶσιν
927 2796 974 2846 οἱ
998 2792 1269 2864 ἀγαπητοί
1287 2810 1380 2845 σου
1407 2812 1425 2844 ι
1444 2790 1658 2845 καὶτῶν
1683 2793 1799 2843 ἐπι-

206 2890 562 2962 φερομένων,
601 2893 743 2961 σαφῆ
777 2890 967 2961 κλῆσιν
1000 2889 1171 2945 ἐθνῶν
1215 2890 1480 2955 θεσπίζει.
1511 2888 1797 2962 Προειπὼν

1969 2332 2135 2390 Vens.
2166 2336 2219 2392 7.
2252 2356 2269 2388 ι
2298 2336 2368 2391 Ut
2412 2339 2711 2393 liberentur
2738 2340 2920 2394 dilecti
2978 2341 3078 2403 tui,
3137 2342 3344 2396 salvum
3384 2344 3468 2396 fac

1896 2427 2119 2481 dextera
2142 2435 2258 2491 tua,
2294 2440 2347 2482 et
2398 2431 2591 2484 exaudi
2626 2446 2732 2486 me.
2778 2450 2798 2483 ι
2833 2430 2957 2485 Ιιιυο
2995 2439 3049 2485 et
3079 2435 3362 2499 sequentia
3400 2436 3464 2488 ad

1898 2517 2057 2571 linem
2094 2534 2267 2589 usque
2288 2534 2395 2575 cvn
2422 2520 2545 2575 item
2580 2523 2822 2592 psalmus
2852 2524 3248 2592 complectitur.
3288 2522 3391 2579 Sed
3416 2526 3467 2579 in

1896 2613 2149 2679 praesenti
2172 2628 2292 2682 qua
2322 2617 2600 2683 praemissa
2626 2623 2773 2679 sunt,
2809 2616 3167 2685 abjectionem
3215 2616 3466 2683 lsraeiis;

1895 2717 2015 2772 qua:
2037 2702 2227 2757 isthaec
2257 2705 2420 2757 verba
2451 2705 2646 2774 psalmi
2677 2721 2809 2770 cvn,
2849 2725 2866 2758 ι
2905 2715 2960 2760 ut
3010 2707 3312 2760 liberentur
3338 2708 3469 2761 dile-

1893 2795 1963 2847 cti
2001 2796 2100 2857 tui,
2142 2812 2158 2845 ι
2196 2803 2249 2849 et
2281 2797 2563 2865 sequentia
2605 2798 2936 2865 prmcedunt,
2962 2799 3302 2851 vocationem
3342 2814 3466 2869 gen-

1894 2886 2028 2939 tium
2083 2888 2372 2942 manifeste
2405 2887 2795 2944 vaticinantur.
2852 2889 2987 2942 Nam
3020 2905 3143 2943 cum
3173 2892 3227 2944 in
3258 2892 3465 2961 psalmo

204 2987 320 3055 γὰρ
344 2986 374 3037 6
414 2983 569 3051 λόγος
590 2985 647 3037 ἐν
682 2982 758 3054 τῷ
801 2981 897 3055 ρξ’,
936 3002 955 3034 ‹
1017 2982 1236 3053 Ἐτοίμη
1283 2983 1315 3053 ἡ
1354 2981 1550 3053 καρδία
1602 2999 1736 3051 μου,
1765 2983 1794 3034 ὁ

1897 2990 2003 3029 cm
2031 2976 2282 3039 dixisset,
2319 2996 2337 3026 ι
2382 2976 2635 3031 Paratum
2660 2993 2756 3031 cor
2789 2995 2991 3041 meum,
3017 2978 3178 3047 Deus,
3211 2989 3463 3050 paratum

201 3078 366 3139 Θεὸς,
406 3075 598 3146 ἑτοίμη
628 3078 662 3147 ἡ
701 3076 898 3147 καρδία
933 3093 1031 3146 μου
1060 3094 1072 3107 ο
1108 3076 1309 3147 ᾄσομαι
1344 3076 1437 3127 καὶ
1473 3073 1645 3143 ψαλῶ.
1686 3074 1796 3140 Ἐξ-

202 3167 487 3237 εγέρθητι,
522 3169 555 3238 ἡ
586 3168 713 3233 δόξα
744 3184 865 3238 μου,
897 3167 1230 3237 ἐξεγέρθητι,
1261 3166 1552 3237 ψαλτήριον
1580 3166 1670 3219 καὶ
1713 3183 1795 3218 κι-

203 3260 374 3331 θάρα,
412 3259 841 3331 ἐξεγερθήσομαι
874 3260 1091 3330 ὄρθρου,
1130 3280 1147 3310 ι
1182 3258 1465 3330 ἐπιφέρει’
1510 3276 1529 3310 ι
1576 3258 1792 3328 Ἐξομο-

202 3352 514 3423 λογήσομαί
541 3369 621 3404 σοι
655 3354 713 3404 ἐν
744 3352 911 3414 λαοῖς,
949 3351 1141 3422 Κύριε,
1172 3351 1327 3420 ψαλῶ
1350 3366 1426 3404 σοι
1458 3352 1514 3403 ἐν
1543 3350 1749 3405 ἔθνεσιν
1775 3367 1789 3381 ο

202 3448 288 3498 ὅτι
345 3444 492 3514 μέγα
548 3444 733 3497 ἐπάνω
772 3443 881 3496 τῶν
910 3444 1155 3513 οὐρανῶν
1197 3444 1258 3496 τὸ
1306 3442 1453 3506 ἔλεός
1480 3460 1593 3507 σου,
1631 3445 1722 3496 καὶ
1754 3446 1786 3514 ἡ

199 3536 439 3608 ἁλήθειά
491 3553 583 3588 σου
614 3536 721 3598 ἕως
758 3535 867 3587 τῶν
894 3535 1149 3604 νεφελῶν,
1210 3532 1484 3603 ’Υψώθητι
1539 3535 1633 3586 ἐπὶ
1666 3535 1792 3598 τοὺς

198 3631 494 3702 οὐρανοὺς,
544 3632 572 3682 6
612 3628 773 3691 Θεὸς,
810 3629 905 3681 καὶ
934 3629 1025 3681 ἐπί
1054 3630 1235 3682 πᾶσαν
1278 3629 1375 3700 τὴν
1420 3631 1523 3700 γῆν
1575 3631 1607 3699 ὴ
1667 3628 1791 3695 δόξα

200 3740 324 3775 σου.
364 3742 383 3774 ι
418 3717 531 3773 Εἶτ’
571 3720 811 3788 ἐπιλέγει
854 3720 924 3773 τὰ
956 3722 1013 3774 ἐν
1044 3720 1122 3791 τῷ
1168 3721 1305 3791 μετά
1337 3724 1525 3793 χεῖρας
1571 3721 1792 3791 προκεί-

201 3831 347 3885 μενα
382 3812 554 3883 λόγῳ·
599 3832 617 3863 ‹
656 3813 843 3875 Ὅπως
870 3812 935 3865 ἂν
961 3812 1230 3883 ρυσθῶσιν
1267 3813 1315 3864 οἱ
1358 3812 1631 3881 ἁγατητοί
1672 3830 1786 3875 σου,

198 3906 382 3960 σῶσον
420 3908 488 3976 τῇ
520 3903 672 3976 δεξιᾷ
697 3922 813 3967 σου,
844 3905 939 3957 καὶ
986 3904 1291 3958 ἐπάκουσόν
1336 3922 1436 3975 μου
1464 3946 1477 3969 ,
1524 3923 1539 3955 ι
1579 3904 1672 3957 καὶ
1721 3903 1790 3957 τὰ

195 3998 367 4053 λοιπὰ
404 3997 710 4068 συμφώνως
737 3999 848 4061 τοῖς
871 3996 1268 4069 προκειμένοις.
1313 3996 1524 4067 Σφόδρα
1545 3996 1601 4049 δέ
1630 3995 1790 4048 ἐθαύ-

199 4105 356 4160 μασα
378 4088 472 4142 τοῦ
506 4088 661 4155 ἁγίου
696 4088 1014 4158 Πνεύματος
1041 4088 1139 4158 τὴν
1171 4088 1481 4158 οἰκονομίαν
1502 4106 1514 4117 ·
1546 4088 1651 4140 ἀπὸ
1679 4088 1787 4158 γάρ

192 4182 293 4236 δύο
329 4179 742 4252 στηλογραφιῶν
772 4180 867 4233 ἕνα
891 4178 1104 4249 ψαλμὸν
1135 4179 1422 4248 πεποίηκε,
1455 4179 1544 4232 τὸν
1576 4178 1671 4250 ρξ’.
1708 4179 1787 4232 Τά

196 4277 303 4346 μὲν
331 4273 445 4344 γὰρ
473 4272 686 4345 πρῶτα,
721 4274 779 4325 ἐν
811 4267 893 4336 οἷς
926 4272 1142 4341 ἐλέγετο
1163 4289 1174 4300 ·
1215 4290 1233 4321 (
1285 4270 1561 4342 Ἐτοίμηὴ
1590 4272 1785 4343 καρδία

196 4384 328 4437 μου,
342 4368 370 4418 6
386 4364 542 4431 Θεὸς,
564 4365 741 4418 καὶτὰ
760 4363 906 4434 ἐξῆς,
926 4363 1033 4417 ἀπὸ
1048 4363 1147 4432 τῆς
1166 4362 1259 4415 τοῦ
1280 4369 1365 4427 νς¹
1382 4363 1784 4433 στηλογραφίας

189 4459 291 4511 τοῦ
309 4457 475 4510 Δαυῒδ
500 4455 713 4521 ἐξελὼν,
732 4452 838 4529 ἐνῇ
861 4456 954 4508 καὶ
984 4456 1119 4526 αὐτῇ
1143 4454 1380 4507 λέλεκτοσ
1402 4456 1635 4527 ἐτοίμηὴ
1656 4474 1785 4526 καρ-

189 4549 279 4601 δία
304 4565 425 4618 μου,
444 4549 473 4599 6
488 4546 641 4609 Θεὸς.
660 4546 893 4616 ἐτοίμηὴ
912 4544 1104 4616 καρδία
1121 4557 1241 4614 μου·
1259 4544 1561 4615 ᾄσομαικαὶ
1575 4545 1748 4614 ψαλῶ,
1766 4566 1781 4595 ι

192 4640 294 4690 καὶ
324 4636 395 4689 τὰ
422 4635 789 4705 ἐπιλεγόμενα
818 4635 861 4687 δ’
884 4634 1013 4705 ἑξῆς
1046 4632 1351 4704 συμφώνως
1379 4636 1491 4696 τοῖς
1518 4637 1575 4687 ἐν
1600 4634 1676 4705 τῷ
1706 4636 1803 4705 ρξ’

195 4724 365 4792 μέχρι
389 4722 517 4774 τοῦ·
549 4718 571 4773 ι
616 4721 887 4793 ’Υψώθητι
926 4723 1019 4775 ἐπὶ
1067 4725 1191 4787 τοὺς
1220 4723 1481 4793 οὐρανοὺς
1506 4764 1519 4787 ,
1565 4725 1592 4775 6
1625 4724 1778 4789 Θεὸς,

191 4815 288 4867 καὶ
323 4813 419 4866 ἐπὶ
454 4815 637 4866 πᾶσαν
658 4813 755 4884 τὴν
778 4814 883 4883 γῆν
908 4815 941 4884 ἠ
966 4812 1091 4879 δόξα
1127 4831 1253 4867 σουο
1293 4834 1311 4866 ι
1357 4813 1423 4867 τὰ
1462 4814 1517 4867 δέ
1557 4814 1782 4887 δεύτερα

186 4904 261 4956 τὰ
297 4905 411 4958 ἀπὸ
437 4904 555 4965 τοῦ,
594 4923 611 4955 ι
657 4906 844 4968 Ὅπως
876 4904 941 4957 ἂν
979 4906 1244 4976 ρυσθῶσιν
1274 4908 1320 4958 οἱ
1353 4906 1626 4977 ἀγαπητοί
1662 4924 1777 4971 σου,

190 4994 374 5048 ⁸ιε’ὦσον
403 4997 470 5065 τῇ
488 4995 639 5065 δεξιᾷ
674 5012 766 5048 σου
786 4997 880 5048 καὶ
905 4994 1209 5050 ἐπάκουσόν
1243 5015 1400 5068 μου,›
1435 4999 1531 5050 σὺν
1557 5000 1671 5062 τοῖς
1696 4999 1784 5069 μέ-

189 5106 286 5160 χρι
319 5090 512 5152 τέλους
538 5090 993 5159 ἐπενηνεγμένοις
1037 5089 1256 5160 ἀπότῆς
1283 5088 1418 5160 μετά
1438 5092 1627 5161 χεῖρας
1655 5108 1783 5162 στη-

188 5178 522 5250 λογραφίας,
563 5178 905 5241 διδάσκοντος
938 5180 1083 5249 ἡμᾶς
1116 5178 1259 5231 θείου
1293 5178 1607 5250 ιῐνεύματος
1655 5182 1781 5251 μίαν

190 5272 290 5322 καὶ
340 5270 441 5341 τὴν
472 5271 642 5342 αὐτὴν
670 5272 907 5327 διάνοιαν
950 5272 1283 5344 ἐμφέρεσθαι
1328 5275 1385 5325 ἐν
1428 5272 1776 5344 ἀμφοτέροις.

205 5360 299 5413 Ἐν
328 5362 428 5431 μὲν
465 5361 574 5432 γὰρ
601 5361 679 5432 τῷ
707 5369 792 5428 νς¹
837 5361 1328 5434 ἐξομολογήσασθαι
1366 5361 1445 5433 τῷ
1486 5362 1675 5434 Κυρίῳ
1723 5365 1780 5415 ἐν

190 5450 349 5514 λαοῖς
377 5453 473 5505 καὶ
497 5452 720 5521 ψάλλειν
750 5453 898 5523 αὐτῷ
927 5455 984 5507 ἐν
1018 5452 1230 5507 ἔθνεσιν
1268 5452 1647 5525 εὐηγγελίζετο
1668 5470 1680 5482 ο
1722 5456 1779 5506 ἐν

190 5538 255 5590 δέ
289 5538 369 5609 τῷ
409 5540 546 5610 μετά
580 5542 769 5613 χεῖρας
799 5542 1068 5613 ἀποϐολὴν
1103 5541 1358 5614 σημαίνει
1397 5542 1490 5596 τοῦ
1543 5544 1777 5615 Ἰσραὴλ,

1896 3083 1991 3123 cor
2018 3083 2221 3133 meum,
2240 3070 2473 3123 cantabo
2500 3077 2551 3124 et
2576 3070 2823 3141 psallam.
2851 3069 3114 3141 Exsurge,
3134 3072 3301 3142 gloria
3321 3088 3464 3136 mea,

1893 3176 2148 3232 exsurge,
2210 3162 2526 3232 psalterium
2561 3172 2611 3217 et
2663 3162 2896 3223 cithara,
2932 3179 3220 3234 exsurgam
3260 3166 3466 3220 dilucu-

1895 3254 1946 3307 lo
1977 3254 2040 3318 ¹⁰,
2073 3273 2091 3305 ι
2120 3253 2308 3323 adjicit
2345 3269 2356 3304 :
2399 3274 2417 3305 ι
2455 3253 2767 3309 Conﬁtebor
2790 3254 2887 3308 tibi
2911 3256 2965 3309 in
3018 3257 3255 3326 populis,
3282 3255 3467 3313 Domi-

1893 3362 1981 3407 ne,
2008 3346 2236 3415 psallam
2266 3346 2361 3400 tibi
2414 3347 2468 3399 in
2498 3346 2750 3416 gentibus
2782 3362 2793 3397 :
2826 3348 3084 3416 quoniam
3144 3365 3337 3419 magna
3381 3360 3465 3404 est

1894 3453 2056 3507 super
2084 3439 2256 3491 oculos
2289 3437 2663 3491 misericordia
2695 3449 2807 3503 tua,
2840 3447 2893 3493 et
2942 3439 3145 3495 veritas
3177 3451 3266 3494 tua
3290 3458 3465 3512 usque

1892 3527 1959 3581 ad
1997 3528 2186 3583 nubes.
2220 3527 2472 3582 Exaltare
2506 3544 2672 3598 super
2718 3530 2909 3593 etelos,
2977 3528 3141 3597 Deus,
3192 3543 3246 3586 et
3300 3546 3464 3602 super

1892 3634 2108 3673 omnem
2133 3630 2332 3673 terram
2386 3618 2556 3690 gloria
2593 3627 2683 3671 tua
2714 3619 2780 3671 “.
2830 3638 2848 3670 ι
2904 3619 3107 3675 Deinde
3169 3619 3357 3689 adjicit
3397 3638 3460 3676 ea

1892 3727 2012 3781 quae
2036 3713 2091 3765 in
2122 3713 2375 3781 praesenti
2414 3710 2707 3763 feruntur:
2747 3727 2767 3759 ‹
2819 3709 2889 3764 Ut
2941 3711 3241 3765 liberentur
3283 3713 3462 3767 dilecti

1892 3806 1991 3866 tui,
2024 3805 2231 3860 salvum
2267 3804 2351 3857 fac
2383 3804 2605 3858 dextera
2629 3813 2743 3870 tua,
2772 3812 2826 3857 et
2877 3804 3073 3857 exaudi
3122 3821 3208 3858 me
3236 3806 3300 3867 ",
3336 3825 3353 3855 ι
3408 3814 3463 3859 et

1890 3906 2086 3951 caetera
2119 3894 2480 3964 praesentibus
2512 3894 2730 3949 similia.
2778 3894 3089 3949 Admodum
3126 3911 3251 3949 vero
3278 3896 3463 3950 mirari

1890 3986 2037 4043 subit
2082 3983 2319 4054 Spiritus
2374 3985 2552 4040 sancti
2597 3984 3061 4056 dispensationem
3103 4003 3211 4041 :ex
3248 3986 3463 4043 duabus

1892 4092 2125 4147 namque
2167 4078 2308 4131 tituli
2334 4077 2785 4146 inscriptionibus
2821 4095 2988 4132 unum
3036 4080 3306 4149 psalmum
3338 4096 3465 4136 con-

1888 4170 2149 4234 cinuavit,
2188 4170 2398 4225 scilicet
2427 4185 2552 4225 cvn.
2582 4170 2767 4225 Priora
2786 4174 2953 4234 enim,
2974 4188 3095 4242 quae
3115 4174 3195 4227 sic
3228 4173 3457 4229 habent:

1896 4282 1915 4314 ι
1950 4264 2205 4318 Paratum
2235 4279 2333 4319 cor
2362 4280 2562 4327 meum,
2596 4264 2760 4329 Deus,
2795 4284 2812 4317 ι
2848 4275 2902 4321 ct
2949 4275 3165 4332 caetera,
3217 4284 3281 4322 ex
3317 4270 3459 4321 tituli

1894 4354 2248 4424 inscriptione
2278 4355 2495 4411 Davidis
2521 4372 2610 4410 LVI
2657 4358 2981 4428 exsumpsit,
3010 4358 3064 4411 in
3092 4373 3198 4428 qua
3223 4359 3348 4413 item
3378 4359 3461 4413 di-

1892 4453 2039 4500 ctum
2076 4445 2252 4501 fuerat
2280 4466 2293 4497 :
2331 4465 2349 4497 ι
2387 4445 2638 4502 Paratum
2674 4465 2767 4503 cor
2790 4465 2990 4514 meum,
3019 4448 3179 4514 Deus,
3211 4460 3459 4519 paratum

1893 4551 1991 4589 cor
2014 4550 2218 4601 meum,
2243 4536 2477 4590 cantabo
2505 4544 2557 4590 et
2592 4538 2859 4607 psalmum
2893 4537 3067 4591 dicam
3106 4536 3169 4603 ",
3211 4556 3229 4587 ›
3265 4545 3317 4589 et
3341 4552 3461 4603 qua:

1891 4633 2216 4696 sequuntur,
2250 4627 2316 4681 iis
2347 4642 2466 4696 quae
2506 4628 2560 4681 in
2591 4643 2699 4682 cvn
2754 4628 3005 4683 feruntur
3030 4627 3253 4688 similia,
3288 4642 3462 4697 usque

1891 4719 1959 4773 ad
1993 4716 2147 4781 illud;
2173 4737 2191 4770 ι
2219 4718 2469 4772 Exaltare
2499 4736 2662 4789 super
2683 4722 2874 4783 cmlos,
2899 4720 3062 4783 Deus,
3082 4730 3135 4775 et
3165 4736 3329 4789 super
3350 4736 3462 4773 om-

1890 4824 2018 4865 nem
2055 4817 2256 4863 terram
2292 4809 2461 4880 gloria
2485 4817 2578 4863 tua
2610 4812 2654 4843 “
2685 4828 2700 4865 :
2743 4830 2760 4862 ι
2820 4810 3123 4879 posteriora
3179 4819 3358 4864 autem
3393 4809 3465 4863 ab

1890 4902 2004 4965 illo,
2041 4919 2060 4951 ‹
2105 4899 2174 4954 Ut
2205 4901 2506 4954 liberentur
2532 4900 2717 4955 dilecti
2741 4901 2839 4964 tui,
2874 4902 3082 4955 salvum
3118 4899 3201 4955 fac
3235 4901 3458 4954 dextera

1888 5000 2002 5057 tua,
2035 4999 2089 5046 et
2117 4992 2311 5046 exaudi
2335 5006 2441 5055 me,
2494 5011 2512 5043 ι
2541 5007 2666 5045 cum
2699 4990 2765 5044 iis
2822 5006 2942 5060 qum
2996 4990 3061 5044 ad
3090 4992 3248 5044 linem
3288 5006 3460 5058 usque

1884 5087 2175 5150 habentur,
2207 5102 2270 5141 ex
2303 5086 2553 5155 pra-senti
2596 5085 2738 5138 tituli
2789 5084 3148 5154 inscriptione
3179 5092 3459 5139 mutuatus

1883 5178 2254 5243 est;docente
2278 5194 2377 5232 nos
2419 5176 2625 5247 Spiritu
2654 5176 2842 5229 divino
2892 5192 3054 5229 unam
3104 5175 3462 5244 eamdemque

1888 5270 1941 5323 in
1968 5278 2199 5339 utroque
2226 5267 2551 5322 sententiam
2578 5266 2734 5331 ferri;
2763 5282 2888 5320 nam
2912 5266 2966 5320 in
3001 5281 3087 5320 ι.ιί
3120 5281 3177 5321 se
3210 5265 3459 5320 confiteri

1886 5358 2118 5414 Domino
2147 5360 2201 5413 in
2232 5358 2449 5428 populis
2474 5364 2528 5413 et
2572 5358 2805 5428 psallere
2836 5358 2937 5428 ipsi
2988 5358 3041 5411 in
3077 5359 3331 5429 gentibus
3365 5372 3463 5410 ari--

1890 5451 2213 5516 nuntiabat;
2238 5451 2291 5503 in
2322 5450 2576 5519 praasenti
2606 5456 2788 5503 autem
2832 5448 3143 5505 Iudaeorum
3196 5449 3462 5520 abjcctiu-

1889 5560 2011 5599 nem
2046 5542 2336 5615 significat,
2370 5549 2427 5596 ut
2465 5543 2518 5595 in
2552 5543 2852 5610 praemissis
2896 5544 3143 5613 docetur.
3204 5544 3281 5597 Ac
3337 5548 3462 5611 post

276 5744 297 5773 ⁸
334 5744 525 5801 ΕκρςΙι.
557 5760 630 5809 Ix,
661 5744 712 5807 5,
745 5744 797 5800 6.
847 5746 1050 5802 ’Exod.
1074 5764 1168 5813 xu,
1190 5746 1240 5800 7.
1283 5748 1324 5779 ¹⁹
1342 5746 1486 5805 Psal.
1512 5764 1645 5813 CVII,
1677 5747 1798 5816 2,5.

1900 5747 2029 5802 ibid.
2066 5746 2181 5801 4-6.
2219 5749 2259 5780 ¹²
2297 5747 2429 5803 ibid.
2470 5747 2519 5805 7.
2560 5749 2602 5781 ¹³
2642 5744 2785 5805 Psal.
2823 5763 2948 5814 ινι,
2985 5749 3038 5804 8.
3120 5749 3163 5779 "
3194 5745 3327 5803 ibid.
3366 5745 3453 5801 ιθ.

3398 5946 3427 5972 ἱ
