3808 6280
416 340 524 397 565
1120 338 1394 395 EUSEBII
1433 339 1910 397 CIESARIENSIS
1947 341 2096 398 OPP.
2141 341 2317 399 PARS
2354 341 2440 399 Ill.
2481 375 2548 387 —-
2578 343 2982 399 EXEGETICA.
3529 345 3612 403 εει

408 455 583 526 prima
614 456 726 520 illa,
758 456 915 527 queis
946 456 1291 512 indicabatur
1313 457 1546 528 abjectio
1580 459 1778 530 prioris
1810 475 1964 530 popu-

2083 460 2272 531 ὥσπερ
2295 457 2388 516 οῦν
2417 461 2658 514 ἐδίδασκε
2685 461 2751 515 τὰ
2783 460 3164 533 προλεχθέντα.
3191 456 3300 513 Καὶ
3325 459 3389 530 δὴ
3417 461 3540 530 μετά
3558 464 3613 516 τὰ

411 549 471 611 li,
497 549 819 620 signumque
848 551 1217 606 metuentibus
1253 551 1432 622 ipsum
1465 552 1858 608 conferendum
1887 570 1964 610 es-

2085 552 2292 622 πρῶτα,
2312 553 2377 605 δι’
2402 571 2477 607 ων
2500 551 2802 624 ὲδηλοῦτοή
2826 551 3061 622 ἀποϐολὴ
3087 550 3179 604 τοῦ
3204 551 3466 622 προτέρου
3485 553 3610 617 λαοῦ,

409 657 499 705 se;
528 641 852 696 intermedio
875 641 1254 711 diapsalmate.
1307 643 1611 699 orationem
1653 644 1764 700 Deo
1809 644 1964 715 Spiri-

2079 641 2139 694 τό
2165 657 2226 694 τε
2272 645 2493 714 σημεῖον
2524 642 2585 695 τὸ
2608 644 2720 706 τοῖς
2763 641 3112 712 φοϐουμένοις
3143 641 3304 694 αὐτὸν
3349 640 3613 711 δοθησόμε-

407 741 498 786 tus
521 740 745 788 sanctus
768 732 968 788 emittit
999 733 1187 789 dicens
1224 754 1234 788 :
1286 753 1304 785 ι
1340 733 1407 789 Ut
1437 735 1740 790 liberentur
1794 737 1964 792 dilect

2079 748 2167 783 νον
2195 772 2209 795 ,
2271 731 2396 800 ἑξῆς
2443 731 2606 801 μέσου
2649 730 3014 801 διαψάλματος
3069 729 3520 802 παρεντεθέντος,
3565 732 3614 784 τὸ

407 819 510 885 tui,
535 821 744 876 salvum
779 821 863 874 l'ac
915 822 1138 878 dextera
1168 831 1284 888 tua,
1339 832 1396 878 et
1447 825 1644 879 exaudi
1681 841 1785 880 me.
1825 846 1843 878 ι
1899 824 1982 879 Ita

405 924 537 965 vero
558 913 826 982 supplicat
857 911 1080 985 rogans,
1113 923 1191 981 ut,
1226 931 1324 971 sua
1366 931 1499 970 usus
1553 916 1798 982 dextera,
1833 917 1974 972 Deus

404 1002 908 1074 eripiatsalvosque
961 1003 1128 1059 faciat
1162 1004 1392 1062 dilectos
1422 1021 1583 1071 suos;
1620 1021 1793 1075 neque
1842 1007 1976 1060 sim-

403 1092 617 1162 pliciter
639 1093 714 1147 ita
743 1094 1036 1165 supplicat,
1075 1115 1094 1148 ι
1131 1095 1349 1149 Salvum
1380 1095 1487 1160 fac,
1531 1116 1549 1148 ι
1603 1096 1697 1151 sed
1753 1097 1967 1167 adjicit,

411 1202 430 1237 ι
468 1183 689 1254 dextera
713 1193 826 1253 tua,
872 1206 890 1238 ι
934 1187 1109 1256 primo
1143 1197 1202 1242 ut
1257 1188 1474 1258 eripiat,
1515 1191 1757 1244 secundo
1785 1197 1844 1243 ut
1865 1190 1968 1244 sal-

403 1291 531 1330 vum
563 1277 743 1332 faciat.
768 1277 1006 1334 Dilectos
1030 1291 1209 1334 autem
1242 1279 1333 1334 Dei
1365 1281 1546 1336 nullos
1594 1290 1840 1342 noverat,
1869 1283 1976 1336 nisi

390 1369 656 1425 momines
682 1369 774 1441 qui
803 1369 870 1424 ad
890 1371 1180 1440 imaginem
1205 1371 1324 1440 ejus
1360 1371 1488 1426 laeti
1545 1382 1691 1426 sunt.
1717 1371 1977 1438 Quamvis

401 1463 547 1516 enim
582 1463 636 1516 in
665 1471 886 1533 peccata
907 1463 1066 1533 lapsi,
1097 1471 1338 1520 attamen
1373 1465 1447 1519 ob
1475 1465 1836 1520 substantiam
1859 1465 1976 1519 ani-

404 1568 505 1608 mae
532 1553 873 1623 spiritualem
907 1563 961 1609 et
987 1554 1388 1618 rationabilem,
1429 1553 1615 1610 dilecti
1647 1553 1741 1610 Dei
1774 1570 1976 1610 vocan-

401 1653 510 1700 tur.
547 1643 715 1700 Deum
741 1646 942 1716 itaque.
976 1645 1253 1700 mentione
1291 1645 1613 1700 dilectorum
1635 1659 1858 1699 suorum
1893 1645 1970 1699 fa-

400 1745 510 1798 cta,
536 1737 750 1806 placare
787 1744 1039 1800 conatur,
1089 1744 1356 1806 rogatque
1407 1745 1468 1790 ut
1523 1754 1552 1790 a
1593 1737 1972 1807 spiritualibus

2081 822 2304 892 Πνεῦμα
2325 823 2384 874 τὸ
2416 822 2570 890 ἅγιον
2599 822 2760 893 εὐχὴν
2785 823 3091 893 ἀναπέμπει
3129 821 3205 892 τῷ
3249 821 3367 892 Θεῷ
3400 822 3607 889 φάσκονδ

2083 930 2102 962 ι
2135 913 2322 976 Ὅπως
2347 913 2412 967 ἂν
2435 913 2707 984 ρυσθῶσιν
2737 916 2787 966 οἱ
2813 914 3080 984 ἀγαπητοί
3109 930 3224 978 σου,
3262 913 3434 966 σῶσον
3468 913 3615 984 τῇδε·

2081 1003 2168 1074 ξιᾷ
2201 1019 2324 1069 σου,
2371 1005 2463 1057 καὶ
2516 1005 2817 1058 ὲπάκουσόν
2855 1023 2974 1074 μου.
3021 1024 3040 1058 ι
3109 1005 3360 1058 Ὶκετεῦει
3387 1004 3444 1057 δὲ
3469 1003 3612 1057 ταῦτα

2077 1096 2345 1164 δεόμενον,
2381 1097 2548 1158 ὅπως,
2581 1098 2646 1167 τῇ
2673 1095 2835 1149 αὑτοῦ
2868 1096 3207 1168 χρησάμενος
3252 1095 3400 1167 δεξιᾷ
3428 1097 3458 1147 ό
3482 1095 3611 1159 856.7,

2082 1184 2308 1255 ῥύσηται
2351 1185 2446 1238 καὶ
2485 1183 2632 1257 σώσῃ
2660 1185 2784 1248 τοὺς
2814 1186 3126 1254 ἀγαπητοὺς
3173 1185 3339 1238 αὐτοῦ
3361 1203 3374 1215 ·
3414 1187 3503 1238 καὶ
3533 1188 3613 1258 οὐχ

2079 1273 2264 1336 ἁπλῶς
2299 1274 2561 1337 ἱκετεύει,
2603 1293 2622 1325 ‹
2648 1273 2846 1338 Σῶσον,
2875 1295 2892 1326 ι
2927 1275 3060 1328 ἀλλὰ
3081 1295 3099 1327 ‹
3121 1279 3188 1346 τῇ
3226 1275 3375 1347 δεξιᾷ
3399 1277 3607 1330 ἑαυτοῦ»

2078 1364 2294 1437 πρῶτον
2324 1365 2421 1436 μὲν
2454 1363 2739 1436 ῥύσασθαι,
2774 1363 2962 1418 ἔπειτα
2987 1364 3175 1419 σῶσαι.
3221 1366 3549 1436 Ἀγαπητοὺς
3568 1367 3614 1419 δὲ

2075 1459 2169 1512 τοῦ
2197 1458 2332 1512 Θεοῦ
2372 1459 2482 1512 οὐδ’
2517 1459 2706 1522 ἄλλους
2747 1459 3008 1528 ἠπίστατο
3043 1459 3077 1530 ἢ
3116 1459 3241 1522 τοὺς
3293 1460 3413 1512 κατ’
3459 1460 3614 1512 εἰκόνα

2075 1550 2175 1620 τὴν
2200 1549 2364 1603 αὐτοῦ
2391 1550 2787 1620 πεποιημένους
2822 1549 3158 1622 ἀνθρώπους.
3196 1551 3257 1603 Εἰ
3302 1551 3410 1620 γὰρ
3449 1550 3534 1603 καὶ
3558 1550 3614 1603 τὰ

2079 1638 2313 1709 μάλιστα
2333 1639 2759 1692 ὑποπεπτώκασι
2787 1643 2852 1710 τῇ
2887 1639 3160 1712 ἁμαρτίᾳ,
3195 1639 3308 1692 ἀλλ’
3357 1641 3503 1710 ὅμως
3543 1641 3614 1692 διὰ

2075 1731 2171 1800 τὴν
2189 1731 2262 1802 (1)
2279 1731 2456 1802 ψυχῆς
2469 1730 2654 1784 οὐσίαν
2677 1732 2867 1804 νοεράν
2881 1728 3043 1785 οὖσαν
3059 1732 3152 1785 καὶ
3172 1731 3412 1802 λογικὴν,
3426 1733 3614 1799 ἀγαπηο

399 1827 638 1882 inimieis
665 1837 719 1882 et
747 1827 998 1882 hostibus
1025 1829 1349 1897 eripiantur,
1386 1836 1547 1898 atque
1571 1835 1807 1898 ereptos,
1831 1829 1964 1882 dex-

2072 1823 2153 1874 τοὶ
2178 1820 2421 1893 εἴρηνται
2459 1821 2552 1874 τοῦ
2587 1820 2741 1874 Θεοῦ.
2787 1825 3035 1875 Δυσωπεϊ
3078 1822 3253 1874 τοίνυν
3289 1823 3316 1874 6
3345 1820 3496 1888 λόγος
3540 1820 3614 1874 τὸν

398 1928 514 1974 tera
541 1935 638 1975 sua
664 1920 839 1975 salute
861 1921 1044 1975 donet.
1091 1920 1375 1977 Dexteram
1437 1931 1617 1976 autem
1649 1920 1742 1975 Dei
1798 1936 1964 1990 quam

399 2009 606 2066 dixeris
627 2026 773 2075 esse,
803 2010 912 2065 nisi
937 2009 1214 2065 Christum
1243 2011 1451 2081 tropice
1483 2011 1561 2065 sic
1587 2011 1873 2064 vocatum?
1897 2009 1968 2064 Ut

394 2099 542 2153 enim
573 2099 709 2154 alias
730 2100 903 2154 virtus
921 2107 975 2153 et
1019 2099 1312 2169 sapientia,
1339 2098 1555 2168 justitia
1581 2105 1636 2153 et
1661 2097 1968 2153 sanctiﬁca-

397 2191 476 2243 tio
497 2198 551 2245 et
579 2190 881 2261 redemptio
904 2190 1087 2245 dictus
1115 2201 1228 2256 est;
1254 2191 1333 2246 sic
1351 2191 1465 2259 jam
1495 2191 1716 2245 dextera
1739 2198 1966 2246 vocatus

399 2283 584 2344 finierit,
615 2283 742 2352 quia
765 2282 991 2338 dextera
1017 2293 1070 2338 et
1090 2283 1352 2338 salutaria
1375 2282 1629 2338 omnibus
1653 2281 1966 2338 hominibus

397 2380 791 2440 procuraturus
813 2379 950 2426 erat.

2071 1913 2202 1966 Θεὸν
2230 1912 2317 1966 διὰ
2349 1915 2447 1982 τῆς
2479 1914 2694 1984 μνήμης
2713 1913 2818 1967 τῶν
2842 1912 3140 1984 ἀγαπητῶν
3170 1911 3354 1976 αὑτοῦ,
3386 1929 3613 1984 παρακαο

2071 2005 2152 2058 λεῖ
2184 2021 2242 2057 τε
2269 2004 2532 2076 ῥύσασθαι
2578 2005 2772 2068 αὐτοὺς
2819 2005 2926 2058 ἀπὸ
2953 2005 3156 2075 νοητῶν
3188 2021 3246 2056 τε
3297 2003 3502 2074 ἐχθρῶν
3539 2004 3614 2056 καὶ

2075 2097 2348 2167 πολεμίων
2373 2113 2386 2127 ο
2426 2096 2727 2167 ρυσόιμενόν
2759 2113 2818 2148 τε
2849 2095 3017 2149 σῶσαι
3045 2097 3242 2159 αὐτοὺς
3267 2095 3356 2149 διὰ
3383 2095 3479 2164 τῆς
3509 2096 3614 2146 ἐαυ-

2071 2189 2166 2245 τοῦ
2209 2190 2408 2256 δεξιᾶς.
2443 2189 2634 2253 Δεξιὰν
2679 2188 2734 2242 δὲ
2763 2189 2856 2242 τοῦ
2889 2188 3024 2242 Θεοῦ
3051 2188 3171 2242 τίνα
3201 2189 3265 2240 ἄν
3298 2205 3381 2249 τις
3426 2189 3554 2240 εἴποι
3585 2186 3612 2258 ἢ

2072 2284 2162 2336 τὸν
2212 2282 2445 2355 Χριστὸν
2486 2282 2650 2337 αὑτοῦ
2689 2282 2965 2354 τροπικῶς
3005 2281 3177 2344 οὕτως
3217 2280 3612 2350 ὠνομασμένον,

2081 2373 2168 2439 Ὧς
2197 2376 2304 2446 γὰρ
2335 2373 2570 2445 ἀλλαχοῦ
2603 2373 2828 2445 δύναμις
2849 2375 2941 2427 καὶ
2970 2372 3128 2442 σοφία
3148 2372 3414 2437 λέλεκται,
3437 2371 3614 2425 δικαιο-

397 2465 531 2538 σύνη
563 2484 622 2519 τε
678 2466 770 2520 καὶ
803 2467 1095 2537 ἁγιασμὸς,
1149 2466 1242 2520 καὶ
1290 2465 1697 2538 ἀπολύτρωσις,
1744 2466 1885 2523 οὕτω
1925 2470 2017 2524 καὶ
2053 2470 2147 2523 νῦν
2201 2469 2350 2537 δεξιὰ
2375 2470 2762 2542 χρηματίσειεν
2801 2469 2863 2522 ἄν
2885 2485 2898 2498 ·
2927 2469 3113 2540 ἐπειδὴ
3141 2468 3206 2521 τὰ
3233 2468 3383 2534 δεξιά
3414 2468 3499 2521 καὶ
3524 2484 3613 2521 σω-

393 2561 556 2630 τήρια
579 2559 744 2612 πᾶσιν
771 2557 1076 2630 ἀνθρώποις
1106 2558 1451 2632 προξενήσειν
1485 2560 1726 2632 ἔμελλεν.

469 2649 631 2706 Vens.
665 2649 717 2716 8,
745 2649 798 2702 9.
845 2669 863 2702 ι
912 2647 1052 2706 Deus
1085 2649 1297 2705 locutus
1327 2659 1410 2704 est
1453 2650 1507 2704 in
1552 2658 1742 2705 sancto
1773 2664 1896 2714 suo,
1938 2669 1956 2699 ι

394 2751 450 2794 et
483 2749 698 2796 caetera.
727 2739 863 2795 Cum
905 2749 1159 2812 precatus
1189 2740 1426 2812 Spiritus
1473 2751 1695 2797 sanctus
1732 2749 1878 2796 esset
1906 2750 1968 2795 ut

396 2831 757 2885 liberarentur
787 2830 971 2886 dilecti
1020 2829 1145 2897 Dei,
1193 2832 1330 2886 nihil
1379 2840 1669 2887 cunctatus
1709 2829 1852 2886 Deus
1882 2847 1967 2887 re-

394 2920 624 2990 spondet
657 2920 741 2976 his
771 2922 984 2976 verbis:
1010 2940 1028 2973 ι
1070 2920 1363 2976 Exaltabor
1409 2930 1463 2976 et
1515 2921 1753 2976 dividam
1790 2919 1968 2975 Sichi-

394 3026 502 3065 ma.
526 3030 544 3063 ›
578 3009 702 3066 Haec
719 3027 814 3082 per
844 3009 1079 3067 Verbum
1103 3027 1285 3078 suum,
1319 3012 1472 3082 quasi
1499 3027 1592 3082 per
1615 3013 1967 3081 interpretem

2147 2668 2166 2701 ‹
2216 2650 2273 2703 '0
2308 2649 2440 2711 Θεὸς
2477 2648 2734 2720 ἐλάλησεν
2771 2649 2828 2700 ὲν
2856 2647 2932 2718 τῷ
2973 2647 3113 2718 ἁγίῳ
3142 2645 3327 2709 αὑτοῦ,
3373 2665 3390 2696 ι
3427 2646 3516 2699 καὶ
3558 2645 3613 2698 τὰ

2067 2743 2214 2812 ἑξῆς.
2255 2740 2567 2811 Εὑξαμένου
2601 2740 2694 2793 τοῦ
2726 2740 2880 2808 ἁγίου
2916 2737 3228 2809 Πνεῦματος
3257 2737 3406 2800 ὅπως
3435 2735 3614 2808 ρυσθῶο

2070 2851 2152 2886 σιν
2208 2834 2258 2886 οἱ
2297 2832 2570 2903 ἀγαπητοὶ
2619 2831 2714 2885 τοῦ
2771 2831 2927 2895 Θεοῦ,
2978 2831 3142 2902 μηδὲν
3199 2829 3612 2902 ὑπερθέμενοςό

2069 2925 2199 2990 Θεὸς
2225 2924 2580 2994 ἀποκρίνεται
2603 2923 2775 2992 λέγων
2795 2940 2810 2954 ·
2850 2943 2868 2974 ‹
2915 2923 3304 2995 ’Υψωθήσομαι
3331 2923 3423 2975 καὶ
3443 2921 3612 2991 διαμε-

2073 3015 2171 3088 ριῶ
2225 3017 2443 3087 Σίκιμα.
2483 3035 2502 3068 ι
2552 3016 2736 3070 Ταῦτα
2781 3015 2838 3070 δὲ
2883 3014 2976 3068 τοῦ
3021 3014 3156 3068 Θεοῦ
3201 3013 3426 3081 διάιτοῦ
3464 3013 3612 3080 Λόγου

397 3105 640 3156 locutum
670 3102 838 3158 Deum
883 3103 1111 3158 audiens
1143 3102 1382 3174 Spiritus
1429 3111 1674 3168 sanctus,
1704 3103 1820 3158 hinc
1848 3103 1964 3172 ipsa

2072 3100 2234 3154 αὑτοῦ
2279 3102 2355 3165 ὡς
2399 3101 2466 3154 δι’
2506 3103 2788 3175 ἑρμηνέως
2834 3102 3184 3173 λαλήσαντος,
3231 3103 3292 3155 τὸ
3329 3099 3614 3172 Πνεῦματὸ

395 3211 498 3250 nos
517 3195 748 3249 edocet:
782 3210 950 3265 quare
973 3195 1067 3258 ait,
1100 3213 1120 3246 ι
1159 3194 1301 3250 Deus
1332 3196 1546 3251 locutus
1571 3205 1654 3251 est
1679 3196 1736 3250 in
1773 3201 1964 3250 sancto

2072 3191 2221 3260 ἅγιον
2265 3193 2596 3259 ἐπακοῦσαν,
2636 3195 2872 3248 διδάσκει
2920 3195 3012 3248 καὶ
3048 3195 3194 3265 ἡμᾶς
3237 3194 3429 3247 εἰδέναι
3475 3192 3610 3246 αὐτάο

395 3299 513 3340 suo.
559 3303 579 3336 ι
621 3283 881 3340 Sanctum
909 3300 1071 3354 porro
1097 3284 1212 3350 Dei,
1236 3286 1330 3357 qui
1358 3286 1586 3341 formam
1615 3285 1759 3344 servi
1807 3301 1964 3342 acce-

393 3377 492 3446 pit,
541 3390 652 3429 non
692 3375 1017 3445 ignorabant
1053 3377 1179 3432 olim
1243 3377 1555 3432 dremones:
1610 3377 1964 3449 quamobrem

394 3467 723 3532 clamabant,
753 3483 772 3518 σ
816 3465 1033 3529 Scimus
1059 3475 1112 3531 te
1147 3468 1270 3538 quis
1297 3469 1394 3533 sis,
1429 3467 1664 3534 Sanctus
1696 3468 1792 3524 Dei
1832 3470 1896 3523 ³⁸.
1939 3488 1958 3522 ›

392 3555 510 3613 Ιιηο
544 3572 673 3612 vero
700 3559 755 3612 in
785 3573 1031 3612 axxxvm
1061 3559 1270 3629 psalmo
1317 3559 1521 3613 dictum
1550 3569 1635 3616 est
1663 3580 1674 3614 :
1713 3577 1733 3612 ι
1782 3559 1961 3615 Semel

392 3647 572 3718 juravi
596 3648 652 3704 in
675 3657 867 3705 sancto
895 3665 1039 3715 meo,
1070 3649 1118 3706 si
1149 3647 1321 3704 David
1348 3651 1580 3705 mentiar
1613 3653 1678 3707 “.
1718 3672 1736 3706 ι
1763 3650 1964 3718 Quem-

395 3739 688 3795 admodum
716 3743 863 3796 enim
898 3751 1051 3812 pater
1081 3743 1137 3798 in
1168 3742 1278 3797 lilio
1307 3743 1529 3809 dilecto,
1562 3745 1645 3800 sic
1676 3745 1961 3802 universo-

393 3847 514 3886 rum
551 3832 692 3889 Deus
741 3834 794 3889 in
842 3833 980 3889 Filio
1013 3836 1184 3905 iurat.
1223 3835 1322 3891 Hic
1358 3837 1522 3907 igitur
1547 3839 1706 3894 etiam
1751 3857 1770 3889 ι
1820 3837 1963 3896 Deus

393 3921 612 3978 locutus
641 3931 727 3978 est
763 3924 816 3978 in
837 3933 1025 3980 sancto
1056 3941 1196 3994 suo;
1236 3946 1264 3986 ι.
1291 3927 1426 3993 sive,
1457 3929 1758 3984 secundum
1791 3931 1962 4001 Aqui-

396 4013 535 4077 lam,
597 4032 615 4066 ι
673 4013 817 4070 Deus
874 4018 1089 4073 locutus
1132 4029 1218 4075 est
1270 4020 1326 4073 in
1379 4021 1718 4078 sanetilicato
1764 4039 1882 4079 suo.
1939 4043 1958 4075 ι

394 4105 754 4172 Quandonam
779 4109 832 4162 id
863 4110 1142 4180 impletum
1163 4117 1266 4178 est,
1291 4113 1396 4168 nisi
1427 4129 1549 4168 cum
1583 4114 1638 4168 in
1663 4115 1964 4170 novissimo

393 4196 607 4252 dierum
653 4198 868 4253 locutus
897 4206 981 4254 est
1021 4199 1177 4256 nobis
1223 4201 1278 4256 in
1308 4200 1475 4256 Filio?
1505 4203 1647 4268 Quid
1671 4214 1853 4258 autem
1883 4204 1966 4260 lo-

394 4296 557 4344 cutus
586 4299 668 4343 est
697 4289 801 4344 nisi
835 4290 947 4345 haec
992 4306 1114 4361 qua“:
1163 4302 1487 4362 sequuntur,
1522 4314 1540 4344 ι
1585 4293 1881 4350 Exsultabo
1908 4305 1964 4350 et

393 4378 630 4433 dividam
686 4378 1003 4434 Sichima?»
1083 4381 1144 4436 ln
1199 4396 1305 4437 cvn
1366 4386 1546 4453 itaque
1579 4385 1782 4439 dictum
1841 4394 1961 4451 est,

399 4489 418 4522 ι
461 4471 771 4538 Exaltabor,
801 4482 856 4528 et
895 4473 1132 4528 dividam
1166 4473 1406 4530 Sichima
1444 4479 1520 4543 ‘7;

393 4563 706 4630 admodum,
733 4565 862 4634 quia
885 4565 938 4619 in
964 4566 1152 4622 eodem
1177 4567 1384 4621 dictum
1417 4576 1574 4621 antea
1599 4567 1720 4631 fuit,
1754 4587 1772 4620 ι
1803 4567 1964 4623 Exal-

394 4663 510 4712 tare
567 4671 731 4727 super
763 4657 954 4724 cmlos,
991 4656 1133 4714 Deus
1157 4699 1172 4723 ,
1195 4667 1250 4712 et
1284 4675 1447 4728 super
1495 4673 1710 4714 omnem
1761 4668 1961 4716 terram

391 4748 564 4819 gloria
590 4757 681 4804 tua
711 4749 773 4803 ³⁸.
805 4769 823 4800 ι
863 4749 945 4804 Ad
976 4751 1106 4804 illud
1139 4751 1306 4812 enim,
1339 4769 1357 4801 ι
1397 4752 1656 4814 exaltare,
1689 4770 1707 4802 ι
1737 4751 1841 4808 hoc
1876 4769 1962 4808 re—

393 4837 632 4906 ponitur,
669 4856 688 4890 (
724 4839 1036 4904 exaltabor;
1080 4858 1098 4890 ι
1126 4838 1216 4892 hic
1244 4853 1372 4893 vero
1400 4839 1466 4892 ad
1493 4840 1645 4904 illud,
1680 4861 1697 4892 ι
1735 4841 1955 4896 Salvum

389 4924 481 4980 fac
505 4927 728 4982 dextera
754 4938 878 4991 tua,
921 4947 940 4979 ι
976 4936 1030 4982 et
1055 4927 1121 4982 ad
1154 4927 1309 4996 illud,
1343 4947 1361 4980 ι
1393 4928 1462 4984 Ut
1492 4931 1790 4986 liberentur
1821 4933 1956 4987 dile-

389 5021 465 5076 cti
496 5022 598 5087 tui,
637 5042 655 5074 ι
687 5021 756 5077 de
783 5022 1107 5076 dilectarum
1135 5038 1360 5080 suorum
1397 5026 1572 5080 salute
1608 5025 1852 5095 gaudens
1879 5027 1959 5081 sic

389 5114 700 5183 respondet,
733 5133 753 5166 ‹
789 5113 1114 5182 Exsultabo;
1150 5136 1169 5168 ι
1207 5118 1340 5181 sive,
1370 5116 1668 5172 secundum
1686 5117 1957 5188 Aquilam,

395 5223 416 5256 ι
451 5201 772 5273 Gloriabor;
814 5226 832 5258 ι
863 5207 998 5274 sive,
1029 5209 1326 5264 secundum
1358 5207 1762 5280 Symmachum,
1785 5227 1805 5263 ι
1839 5206 1960 5262 Glo-

389 5297 572 5352 riabor
601 5305 656 5352 et
688 5297 1011 5354 distribuam
1054 5299 1314 5355 Siebima.
1351 5318 1372 5350 ι
1407 5298 1532 5353 Haec
1564 5307 1742 5353 autem
1774 5298 1954 5369 portio

389 5387 519 5442 olim
539 5377 776 5460 Josepho
797 5406 863 5445 ex
890 5393 1247 5463 praerogativa
1269 5391 1504 5462 quadam
1525 5390 1783 5462 deputata
1811 5390 1910 5444 fuit
1936 5409 1951 5444 :

389 5477 463 5533 ob
488 5494 650 5549 quam
681 5482 809 5536 olim
843 5483 1010 5539 altum
1064 5484 1349 5553 sapiebant
1400 5481 1572 5539 Judai
1593 5521 1610 5548 ,
1639 5497 1785 5537 nunc
1829 5497 1958 5538 vero

388 5583 524 5640 gens
560 5566 1049 5628 Samaritanorum.
1101 5571 1176 5627 Ea
1221 5581 1402 5628 autem
1435 5574 1553 5644 ipsa
1595 5580 1681 5628 est
1721 5570 1959 5628 Sichima

466 5663 508 5692 “
549 5662 678 5716 Luc.
720 5679 793 5728 iv,
828 5663 916 5718 ει.
996 5663 1038 5696 ⁸⁸
1075 5659 1221 5716 Psal.
1258 5679 1528 5729 Lxxxvm,
1563 5664 1652 5720 36.

466 5752 542 5824 (1)
584 5751 742 5806 Forte
773 5753 925 5808 deest
957 5752 1072 5821 τῆς.
1108 5749 1265 5806 Ευιτ.

2065 3283 2147 3337 διό
2186 3303 2349 3356 φησιν
2390 3303 2404 3315 ·
2446 3304 2465 3336 ι
2504 3287 2562 3341 '0
2587 3287 2720 3350 Θεὸς
2747 3287 3004 3358 ἐλάλησεν
3033 3288 3089 3339 ὲν
3115 3285 3194 3357 τῷ
3219 3286 3360 3356 ἀγίῳ
3391 3283 3561 3339 αὑτοῦ.
3593 3301 3608 3336 ι

2067 3375 2170 3428 Τὸν
2208 3375 2266 3429 δὲ
2307 3376 2460 3444 ἅγιον
2493 3377 2585 3432 τοῦ
2627 3377 2762 3431 Θεοῦ
2803 3377 3013 3449 μορφὴν
3045 3377 3230 3431 δούλου
3269 3377 3496 3430 λαϐόντα
3529 3375 3614 3428 οὐκ

2065 3465 2338 3536 ἡγνόησάν
2389 3483 2517 3520 ποτε
2575 3470 2623 3520 οἱ
2681 3467 2958 3538 δαίμονες·
3003 3467 3083 3520 διὸ
3133 3467 3302 3520 ὲῦόων
3359 3466 3610 3533 λέγοντες·

2072 3576 2089 3607 ι
2133 3557 2367 3626 Οἴδαμέν
2401 3575 2462 3610 σε
2495 3558 2581 3621 τίς
2625 3554 2694 3622 εἴ,
2729 3561 2758 3612 6
2782 3560 2932 3626 ἀγιος
2964 3558 3057 3612 τοῦ
3085 3558 3241 3612 Θεοῦ.
3281 3577 3300 3610 ι
3344 3557 3497 3610 Ἀλλά
3535 3557 3613 3609 καὶ

2068 3649 2130 3700 ὲν
2163 3648 2469 3720 πη’ψαλμῷ
2503 3648 2751 3702 λέλεκται
2770 3668 2783 3681 ο
2815 3669 2832 3700 ‹
2869 3649 3048 3716 Ἀπαξ
3084 3648 3272 3720 ὤμοσα
3302 3650 3357 3701 ὲν
3388 3646 3462 3718 τῷ
3491 3646 3610 3716 ἁγίῳ

2070 3756 2192 3808 μου,
2233 3741 2281 3792 εἰ
2319 3740 2397 3811 τῷ
2438 3740 2599 3794 Δαυῒδ
2637 3740 2926 3812 ψεύσομαι.
2989 3761 3009 3793 ›
3057 3742 3144 3805 Ὠς
3170 3742 3278 3815 γὰρ
3323 3743 3496 3813 πατὴρ
3537 3740 3610 3808 ἐφ’

2067 3830 2166 3901 υἱῷ
2199 3831 2485 3904 ἀγαπητῷ,
2529 3831 2701 3896 οὕτως
2730 3835 2758 3886 6
2799 3833 2908 3886 τῶν
2953 3833 3089 3886 ὅλων
3117 3833 3248 3897 Θεὸς
3277 3835 3369 3886 ἐπὶ
3396 3832 3483 3903 ξτῷ
3514 3829 3611 3900 Υἱῷ

2065 3921 2294 3993 ῶμνυσι.
2325 3925 2434 3978 Καὶ
2459 3924 2692 3978 ἐνταῦθα
2717 3925 2895 3978 τοίνυν
2922 3943 2940 3975 ι
2971 3925 3000 3976 ὁ
3030 3924 3162 3988 Θεὸς
3193 3925 3450 3997 ἐλάλησεν
3473 3925 3525 3976 ὲν
3548 3921 3613 3991 τῷ

2066 4013 2204 4083 ἁγίῳ
2233 4012 2397 4066 αὑτοῦ
2420 4029 2434 4044 ο
2472 4034 2490 4066 ι
2523 4014 2580 4084 ἢ,
2617 4013 2758 4068 κατά
2788 4016 2880 4068 τὸν
2923 4015 3170 4078 Ἀκύλαν,
3204 4034 3222 4066 ι
3265 4017 3322 4068 Ὀ
3349 4015 3474 4077 Θεὸς
3508 4010 3612 4067 ἑλά-

2064 4102 2227 4176 λησεν
2251 4107 2309 4158 ὲν
2339 4105 2657 4176 ὴγιασμένῳ
2683 4106 2865 4158 αὑτοῦ.
2889 4126 2907 4158 ι
2935 4106 3069 4158 Πότε
3089 4106 3145 4159 δὲ
3177 4105 3272 4159 καὶ
3305 4104 3445 4158 τοῦτ’
3463 4103 3610 4173 ἐπλη-

2071 4197 2247 4267 ροῦτο,
2281 4197 2312 4268 ἢ
2343 4197 2430 4251 ὅτε
2464 4197 2548 4250 ἐπ’
2580 4198 2804 4268 ἐσχάτου
2838 4198 2943 4252 τῶν
2973 4198 3194 4269 ἡμερῶν
3224 4197 3477 4268 ἐλάλησεν
3497 4195 3610 4265 ἡμῖν

2065 4292 2123 4342 ὲν
2163 4287 2310 4360 mp;
2347 4289 2410 4341 Ti
2445 4289 2502 4342 δὲ
2538 4289 2795 4361 ἐλάλησεν
2839 4289 2871 4361 ἢ
2910 4289 2979 4342 τά
3019 4290 3386 4362 ἐπιφερόμενα
3425 4287 3607 4355 λέγων·

2071 4401 2088 4434 ι
2143 4383 2560 4454 Ἀγαλλιάσομαι
2600 4385 2692 4438 καὶ
2739 4384 3000 4456 διαμεριῶ
3051 4385 3281 4456 Σίκιμας
3321 4405 3340 4436 ι
3392 4385 3471 4438 Ἐν
3527 4383 3610 4454 μὲν

1563 4495 1581 4526 ι
1616 4476 1778 4547 idque
1809 4493 1874 4532 ex
1911 4494 1964 4534 re

2072 4471 2164 4528 οῦν
2207 4475 2286 4546 τῷ
2333 4476 2411 4548 ρξ’
2439 4476 2684 4549 εἴρηται·
2731 4495 2749 4526 ί
2803 4476 3208 4547 ’Υψωθήσομαμ
3245 4477 3341 4529 καὶ
3375 4473 3609 4545 διαμεριῶ

2071 4567 2292 4638 Σίκιμα,
2324 4587 2341 4619 ι
2366 4569 2570 4640 σφόδρα
2613 4569 2992 4640 καταλλήλωςο
3038 4568 3222 4639 ἐπειδὴ
3255 4569 3313 4621 ἐν
3347 4567 3526 4634 ἐκείνῳ
3559 4564 3607 4614 ἓν

2065 4661 2177 4721 τοῖς
2211 4658 2515 4729 ἔμπροσθεν
2557 4659 2787 4728 ἐλέγετο·
2824 4679 2844 4710 ι
2894 4658 3166 4729 ’Υψὼθητι
3194 4660 3287 4711 ἐπὶ
3315 4659 3436 4722 τοὺς
3461 4659 3607 4726 οὐρα·

2067 4749 2211 4814 νοῦς,
2241 4752 2268 4804 ὁ
2309 4751 2469 4815 Θεὸς,
2505 4754 2598 4808 καὶ
2640 4754 2730 4804 ἐπὶ
2761 4755 2938 4808 πᾶσαν
2969 4752 3066 4823 τὴν
3094 4752 3198 4822 γῆν
3232 4754 3266 4823 ή
3302 4753 3424 4816 δόξα
3450 4767 3556 4803 σου.
3585 4764 3604 4798 ι

2067 4840 2211 4910 Πρὸς
2239 4841 2345 4913 γὰρ
2370 4842 2451 4904 τὸ,
2485 4859 2504 4892 ε
2547 4842 2809 4912 ὑψώθητι,
2843 4861 2861 4894 ι
2891 4843 3242 4913 ὲπενήνεκται
3264 4843 3346 4904 τὸ,
3378 4860 3396 4892 ι
3424 4837 3610 4909 ὑψωθή-

2062 4947 2256 5002 σομαιο
2293 4950 2312 4984 ι
2352 4931 2584 4986 ἐνταῦθα
2603 4932 2660 4985 δὲ
2683 4933 2816 5003 πρὸς
2837 4933 2916 4997 τὸ,
2956 4951 2974 4982 ι
3008 4933 3176 4986 σῶσον
3203 4935 3270 5004 τῇ
3297 4932 3441 5002 δεξιᾷ
3464 4947 3566 4995 σου,
3586 4945 3602 4978 ι

2064 5026 2159 5079 καὶ
2193 5023 2327 5096 πρὸς
2349 5025 2429 5088 τὸ,
2456 5043 2473 5074 ι
2495 5025 2644 5088 ὅπως
2679 5023 2745 5079 ἂν
2769 5024 3038 5096 ῥυσθῶσιν
3087 5026 3135 5078 οἱ
3163 5025 3431 5096 ἀγαπητοί
3461 5040 3565 5086 σου,
3584 5039 3600 5072 ι

2061 5114 2267 5186 χαίρων
2302 5115 2394 5167 ἐπὶ
2437 5119 2503 5186 τῇ
2552 5115 2664 5167 τῶν
2709 5115 3001 5186 ἀγαπητῶν
3039 5114 3203 5168 αὑτοῦ
3239 5115 3491 5186 σωτηρίᾳ,
3523 5110 3606 5178 τὴν

2065 5206 2354 5276 ἀπόκρισιν
2386 5209 2617 5259 ποιεῖται
2641 5205 2834 5274 λέγων,
2861 5223 2880 5258 ι
2917 5205 3358 5276 ’Δγαλλιάσομαιο
3381 5205 3462 5275 νῆ,
3482 5199 3605 5255 κατὰ

2060 5297 2151 5349 τὸν
2167 5295 2414 5362 Ἀκύλαν,
2443 5315 2463 5348 ι
2495 5296 2862 5368 Γαυριάσομαι
2881 5314 2894 5327 ·
2925 5317 2944 5348 ι
2967 5297 3022 5370 ἦ,
3045 5297 3184 5352 κατὰ
3211 5297 3302 5350 τὸν
3319 5297 3602 5365 Σύμμαχον,

2069 5405 2088 5438 ε
2127 5388 2415 5460 Γαυριάσω
2457 5389 2552 5442 καὶ
2578 5388 2888 5459 διανεμήσω
2917 5388 3133 5458 Σίκιμαο
3171 5409 3190 5441 ι
3231 5388 3378 5459 Αὕτη
3407 5386 3459 5439 δὲ
3492 5380 3602 5454 ἦνή

2067 5481 2233 5536 πάλαι
2257 5480 2612 5553 ἀφωρισμένη
2643 5479 2720 5550 τῷ
2764 5480 2958 5552 Ἰωσὴφ
2993 5481 3148 5552 μερὶς
3181 5482 3302 5535 κατ’
3333 5478 3600 5549 ἐξαίρετον.

2067 5573 2151 5643 ἐφ’
2201 5567 2233 5644 ᾖ
2275 5575 2370 5627 καὶ
2406 5573 2548 5644 μέγα
2596 5573 2854 5644 ἐφρόνουν
2909 5573 3170 5644 πρότερον
3213 5573 3312 5642 μὲν
3360 5567 3601 5626 Ἰουδαίων

1733 5665 1773 5695 ¹τ
1811 5661 1957 5726 Psal.
1998 5679 2137 5730 cvu,
2175 5665 2228 5721 8.
2307 5666 2349 5697 ¹⁸
2390 5664 2673 5730 Psal.cvuf,
2695 5667 2748 5721 6.
