3808 6280
200 331 298 390 565

1312 331 1816 387 COMMENTARIA
1856 331 1927 388 ΙΝ
1967 330 2305 389 PSALMOS.

3327 326 3432 384 556

200 448 391 513 παῖδες,
445 446 540 502 νῦν
594 449 649 501 δὲ
698 448 757 501 τὸ
794 447 1145 520 Σαμαρειτῶν
1195 448 1375 516 φῦλον.
1419 452 1481 503 Ἠ
1534 452 1671 522 αύτὴ
1709 453 1754 505 δέ

1869 469 1988 521 qua:
2018 453 2256 516 Sichem,
2288 467 2450 522 quam
2472 450 2708 521 Josepho
2739 453 2885 507 dedit
2910 451 3099 514 Jacob.
3120 452 3209 505 ubi
3239 461 3436 521 puteus

200 542 301 595 ἔπι
328 540 523 610 Σίκιμα
546 545 614 611 τῇ
636 542 835 611 Συχὲμ,
862 543 927 611 ἠν
959 542 1154 597 έδωκεν
1186 543 1379 597 Ἰακὼὸ
1406 544 1482 615 τῷ
1523 546 1719 614 Ἰωσήφ
1741 561 1753 574 ο

197 632 312 685 ἔνθα
340 632 431 684 καὶ
456 632 515 684 τὸ
542 632 718 703 φρέαρ
746 634 837 685 καὶ
868 635 900 703 ἠ
934 634 1082 704 πηγὴ
1114 634 1206 688 τοῦ
1252 634 1443 689 Ἰακὼὸ
1479 636 1756 705 τυγχάνει,

197 718 264 775 ὧν
293 722 559 792 μέμνηται
592 722 649 775 τὸ
675 723 1023 791 Εύαγγέλιον,
1050 725 1139 778 τὸν
1170 726 1399 796 Σωτῆρα
1421 728 1623 795 φάσκον
1644 728 1761 779 ἐπι-

194 813 562 884 δεδημηκέναι,
611 814 834 878 πολλούς
848 832 921 868 ιε
954 816 1131 869 αὐτῶν
1169 819 1247 880 εἰς
1276 818 1438 870 αὐτὸν
1470 834 1760 870 πεπιστευ-

194 907 354 959 κέναι.
387 906 549 958 una;
578 907 672 960 καὶ
703 906 840 978 μετά
865 909 963 981 τὴν
982 908 1247 979 ἀνάληψιν
1266 909 1430 963 αὑτοῦ
1457 910 1507 963 οἱ
1530 910 1761 963 ἀπόστο-

194 995 285 1058 λοι,
318 997 372 1047 ὲν
411 998 477 1066 τῇ
528 996 813 1068 Σαμαρείᾳ
844 998 1145 1069 γενόμενοι,
1183 1002 1383 1070 σημεῖα
1427 1000 1520 1054 καὶ
1559 1000 1761 1071 τέρατα

193 1085 392 1138 ἐποίουν
438 1087 497 1138 ὲν
549 1088 709 1157 αὐτῇ,
761 1088 836 1151 ὡς
878 1090 1203 1161 ἱστορεῖσθαι
1254 1093 1310 1143 ὲν
1362 1095 1482 1155 ταῖς
1524 1090 1761 1161 Πράξεσι

191 1177 287 1228 τῶν
316 1176 630 1230 ἀποστόλων
656 1177 718 1229 τὸ
751 1179 975 1250 Πνεῦμα
1006 1180 1067 1233 τὸ
1090 1181 1242 1250 ἆγιον
1275 1182 1515 1236 δεδόσθαι
1538 1186 1649 1246 rei;
1672 1183 1762 1235 τὸν

192 1267 339 1320 τόπον
386 1266 622 1331 οἰκοῦσι,
672 1272 845 1340 χαράν
873 1289 931 1323 τε
977 1273 1218 1344 μεγάλην
1250 1274 1527 1343 γεγονέναι
1554 1273 1759 1329 αὐτόθι.

193 1358 487 1428 Γέγραπται
550 1362 702 1429 γοῦν,
751 1364 832 1416 ὅτι
889 1363 1170 1429 Φίλιππος,
1230 1364 1504 1418 κατελθὼν
1552 1368 1629 1429 είς
1667 1365 1763 1436 τὴν

192 1448 328 1501 πόλιν
353 1448 452 1520 τῆς
480 1450 818 1523 Σαμαρείας,
844 1452 1146 1523 ἐκήρυσσεν
1176 1455 1356 1518 αὺτοῖς
1390 1455 1480 1507 τὸν
1508 1457 1761 1526 Χριστόν.

192 1540 467 1610 Πῳσείχον
495 1541 555 1594 δὲ
603 1544 654 1594 οἰ
705 1543 850 1613 ὄχλοι
895 1547 1009 1608 τοῖς
1057 1546 1365 1616 λεγομένοις
1402 1548 1507 1600 ὑπὸ
1539 1548 1632 1600 τοῦ
1671 1549 1763 1599 Φι-

189 1630 369 1683 λίππου
417 1632 789 1704 ὁμοθυμαδὸν,
825 1637 883 1688 ὲν
936 1637 1014 1708 τῷ
1046 1638 1264 1692 ἀκούειν
1308 1640 1504 1703 αὐτοὺς
1530 1642 1622 1693 καὶ
1644 1640 1762 1711 βλέ-

192 1742 298 1777 πειν
346 1724 414 1778 τά
460 1730 669 1797 σημεῖα
718 1728 754 1782 ά
800 1729 1005 1782 ἐποίει·
1039 1732 1255 1800 ἐγένετο
1291 1732 1348 1785 δὲ
1393 1735 1544 1805 φωνὴ
1591 1735 1764 1804 χαρᾶς

1859 553 1912 597 et
1948 544 2067 597 l'ons
2097 541 2265 596 Jacob
2299 549 2404 595 est.
2468 539 2712 605 Quorum
2748 543 2994 596 meminit
3047 539 3434 610 Evangelium.

1860 634 2048 688 dicens
2085 633 2421 687 Salvatorem
2452 647 2517 685 eo
2550 630 2834 687 advenisse
2854 675 2869 699 ,
2910 649 3206 705 eorumque
3235 632 3437 687 multos

1861 724 1915 777 in
1952 725 2125 793 ipsum
2158 723 2476 777 credidisse.
2515 721 2656 787 Quin
2688 724 2850 777 etiam
2906 732 3028 793 post
3073 726 3193 793 ejus
3221 739 3439 779 assum—

1864 813 2133 882 ptionem,
2201 813 2432 884 apostoli
2487 814 2788 867 Samariam
2850 822 3131 884 petentes,
3189 815 3345 885 signa
3382 822 3437 870 et

1863 905 2105 974 prodigia
2138 906 2503 975 operabantur
2549 907 2604 960 in
2658 907 2798 976 ipsa,
2857 907 2931 959 ita
2988 913 3047 959 ut
3097 907 3153 960 in
3208 907 3440 961 Actibus

1864 999 2233 1066 apostolorum
2262 1009 2511 1052 narretur
2548 997 2809 1067 Spiritum
2854 1008 3103 1052 sanctum
3134 998 3253 1066 ejus
3284 999 3437 1052 inco-

1863 1088 1930 1143 lis
1968 1089 2157 1142 datum
2211 1089 2419 1154 fuisse,
2465 1089 2649 1159 ibique
2694 1104 2947 1159 magnum
3001 1089 3276 1143 exstitisse
3304 1104 3439 1159 gau-

1862 1178 2030 1233 dium.
2072 1178 2344 1232 Scribitur
2371 1194 2593 1248 quoque
2621 1176 2933 1247 Philippum
2988 1176 3339 1232 descendisse
3381 1178 3438 1231 in

1864 1270 2051 1324 urbem
2082 1268 2382 1324 Samariam
2410 1310 2426 1333 ,
2486 1271 2729 1340 ipsisque
2775 1269 3103 1340 praedicasse
3134 1268 3434 1324 Christum.

1865 1360 2061 1416 Turbae
2085 1377 2246 1432 porro
2290 1361 2453 1416 dictis
2482 1362 2715 1434 Philippi
2746 1363 3079 1417 unanimiter
3133 1362 3434 1425 haerebant,

1865 1469 1987 1508 cum
2016 1455 2265 1511 audirent
2298 1470 2361 1509 ac
2380 1454 2626 1510 viderent
2647 1456 2800 1525 signa
2829 1470 2949 1529 quae
2977 1455 3206 1509 faciebat
3238 1473 3250 1507 :
3279 1470 3439 1509 exor—

1864 1553 2028 1615 taque
2061 1560 2255 1615 magna
2287 1560 2388 1598 vox
2423 1546 2618 1599 laetitia:
2645 1553 2728 1598 est
2772 1545 2825 1598 in
2876 1546 3096 1599 civitate
3127 1545 3240 1599 illa.
3284 1543 3439 1598 Dein-

1865 1638 2040 1707 deque
2070 1638 2315 1692 dicitur:
2355 1656 2374 1689 ι
2429 1637 2561 1692 Cum
2624 1646 2801 1691 autem
2857 1638 3140 1691 audissent
3182 1639 3448 1706 apostoli,

1867 1730 1959 1799 qui
2000 1737 2154 1784 erant
2186 1728 2575 1799 Hierosolymis
2605 1768 2620 1793 ,
2653 1728 2798 1797 quod
2842 1728 3139 1796 recepisset
3189 1728 3435 1781 Samaria

192 1815 381 1885 μεγάλη
434 1818 493 1872 ὲν
560 1821 629 1889 τῇ
680 1821 831 1873 πόλει
893 1823 1097 1896 ἐκείνῃ.
1167 1824 1277 1878 Καὶ
1335 1799 1460 1895 ἑξῆς
1514 1799 1754 1896 εἴρηται·

1871 1822 2092 1875 verbum
2122 1821 2240 1883 Dei,
2270 1821 2538 1875 miserunt
2578 1819 2644 1874 ad
2682 1834 2776 1874 eos
2820 1818 3038 1875 Petrum
3068 1827 3122 1874 et
3150 1817 3445 1874 Joannem-

194 1906 579 1971 «Ἀκούσαντες
610 1910 667 1963 δὲ
720 1914 769 1965 oi
807 1914 864 1965 έν
937 1914 1324 1986 Ἱεροσολύμοις
1361 1917 1764 1979 ἀπόστολοι,δτι

188 1996 464 2069 δέδεκταιή
496 2000 784 2073 Σαμάρεια
812 2005 905 2059 τὸν
937 2006 1093 2075 λόγον
1132 2007 1224 2060 τοῦ
1250 2007 1404 2071 Θεοῦ,
1445 2009 1766 2065 ἀπέστειλαν

190 2085 311 2155 πρὸς
365 2088 565 2151 αὐτοὺς
625 2091 830 2159 Πέτρον
893 2097 985 2147 καὶ
1026 2096 1305 2167 Ἰωάννην·
1353 2097 1547 2161 οἵτινες
1594 2118 1764 2154 κατα-

190 2175 364 2242 ϐάντες
392 2181 775 2252 προσηύξαντο
810 2186 937 2257 περὶ
963 2186 1142 2240 αὐτῶν
1182 2190 1329 2252 ὅπως
1360 2188 1564 2243 λάϐωσι
1597 2191 1767 2245 Πνεῦ-

193 2286 258 2338 μα
296 2272 476 2339 ἀγιον·
524 2293 542 2324 ι
603 2275 699 2328 καὶ
744 2277 1015 2345 ἐπιλέγει·
1044 2294 1083 2330 ἰ
1116 2281 1248 2333 Τότε
1300 2282 1618 2336 ἐπετίθεσαν
1667 2284 1766 2349 τάς

200 2364 371 2433 χεῖρας
400 2364 485 2416 ἐπ’
517 2366 741 2430 αὐτοὺς,
787 2368 881 2421 καὶ
926 2369 1229 2440 ἐλάμϐανον
1278 2372 1500 2443 Πνεῦμα
1535 2374 1703 2443 ἅγιον.
1741 2396 1760 2428 ι

203 2450 351 2503 Ταῦτ’
383 2448 475 2505 οὖν
506 2455 729 2522 ἐγένετο
757 2459 813 2509 ὲν
848 2461 913 2529 τῇ
937 2461 1238 2531 Σαμαρείᾳ,
1264 2462 1641 2534 πληρουμένης
1665 2465 1765 2535 τῆς

193 2544 314 2614 μετά
347 2550 531 2618 χεῖρας
565 2550 922 2617 ἐπαγγελίας,
947 2552 1292 2622 φασκούσης·
1325 2572 1342 2604 ι
1377 2554 1763 2626 Ὑψωθήσομαι

190 2637 271 2688 καὶ
294 2637 552 2710 διαμεριῶ
610 2640 831 2711 Σίκιμα.
882 2643 1006 2706 Τοῖς
1042 2644 1149 2715 γὰρ
1197 2645 1289 2698 ἐπὶ
1324 2646 1422 2715 τῆς
1454 2646 1764 2718 Σαμαρείας

189 2729 439 2802 διεμέρισε
479 2733 541 2785 τὸ
585 2733 813 2803 Πνεῦμα
854 2733 915 2786 τὸ
954 2734 1107 2803 άγιον
1156 2736 1292 2805 μετά
1338 2738 1435 2807 τὴν
1498 2737 1762 2808 ἀνάληψιν

191 2822 355 2889 αὑτοῦ,
379 2826 471 2876 καὶ
510 2823 745 2894 μετά.τὸ
773 2824 1051 2897 ὑψωθῆναι
1094 2827 1377 2892 αύτὸν,ὄτε
1403 2848 1419 2878 ι
1450 2829 1656 2891 ἀναϐάς
1682 2831 1762 2894 εἰς

193 2910 305 2979 ὕψος
341 2913 764 2983 ᾐχμαλώτευσεν
794 2916 1193 2985 αἰχμαλωσίαν,
1230 2919 1323 2971 καὶ
1354 2917 1521 2971 ἔδωκε
1553 2919 1759 2991 δόματα

191 3004 240 3056 ὲν
263 3004 579 3073 ἀνθρώποις.
626 3025 644 3057 ι
685 3006 794 3060 Καὶ
835 3005 1009 3060 ταῦτα
1041 3008 1249 3076 ἐγίνετο
1274 3009 1413 3080 μετά
1434 3011 1496 3063 τὸ
1524 3012 1759 3083 διωχθῆ-

192 3111 266 3147 ναι
324 3098 443 3161 τοὺς
489 3097 743 3168 μαθητάς
779 3099 872 3152 τοῦ
916 3102 1167 3173 Σωτῆρος
1204 3104 1310 3156 ἀπὸ
1351 3104 1754 3175 Ἰεροσολύμων.

192 3185 335 3253 Λέγει
368 3188 495 3254 γοῦν
538 3190 576 3259 ἡ
622 3189 810 3259 Γραφή
833 3206 845 3219 ·
886 3210 903 3241 ι
957 3192 1201 3259 Ἐγένετο
1228 3192 1284 3245 δὲ
1311 3192 1546 3265 διωγμὸς
1578 3196 1751 3265 μέγας

192 3277 272 3329 ἐπὶ
310 3277 402 3349 τὴν
451 3280 781 3350 Ἐκκλησίαν
820 3282 918 3353 τὴν
965 3286 1022 3336 έν
1082 3285 1500 3356 Ἰεροσολύμοις’
1553 3289 1751 3352 πάντες

190 3366 240 3420 δὲ
266 3368 629 3444 διεσπάρησαν
651 3391 663 3402 ·
707 3394 725 3425 ι
757 3375 849 3427 καὶ
879 3375 1039 3428 πάλιν
1063 3393 1075 3405 ·
1121 3395 1139 3427 ι
1180 3378 1242 3429 Oi
1272 3379 1368 3448 μὲν
1395 3375 1488 3432 οῦν
1522 3381 1753 3435 διασπα-

194 3457 357 3527 ρέντες
394 3462 616 3531 διῆλθον
655 3464 1128 3537 εὐαγγελιζόμενοι
1189 3468 1280 3521 τὸν
1316 3468 1493 3537 λόγον.
1547 3490 1565 3521 ι
1634 3468 1749 3525 Εἴθ’

192 3550 303 3620 ἑξῆς
356 3553 573 3625 εἴρηται
618 3556 764 3619 ὅπως
804 3558 914 3619 τοῖς
947 3558 1005 3611 ὲν
1037 3560 1102 3628 τῇ
1154 3560 1437 3632 Σαμαρείᾳ
1465 3562 1749 3633 εὐηγγελί-

192 3639 345 3711 ζοντο,
378 3647 471 3699 καὶ
500 3647 580 3710 ὼς
607 3646 701 3700 τοῦ
736 3648 1050 3719 Πνεύματος
1082 3650 1176 3703 τοῦ
1219 3652 1370 3719 ἁγίου
1409 3655 1750 3724 μετεδίδοσαν

193 3734 355 3799 αὐτοῖς
384 3740 431 3790 οἰ
463 3738 775 3793 ἀπόστολοι.
831 3740 1109 3795 Δέδεικται
1154 3743 1332 3797 τοίνυν
1360 3745 1509 3809 ὃπως
1536 3748 1749 3823 εἴρηται

193 3824 260 3890 τὸ,
290 3847 307 3878 ι
330 3830 717 3902 ’Υψωθήσομαι
746 3832 839 3884 καὶ
861 3832 1123 3904 διαμεριῶ
1144 3835 1368 3905 Σίκιμα·
1404 3858 1423 3890 ι
1470 3841 1607 3909 μετὰ
1642 3841 1750 3913 γὰρ

190 3916 244 3968 τὸ
284 3919 559 3993 ὑψωθῆναι
600 3923 691 3975 τὸν
730 3924 956 3994 Σωτῆρα
1006 3925 1181 3978 πάντα
1212 3927 1383 3980 ταῦτα
1423 3931 1745 4002 ἐπληροῦτο.

195 4008 365 4076 Ἄλλος
408 4013 452 4066 δ’
486 4013 555 4067 ἂν
585 4015 751 4079 εἴποι,
792 4015 879 4068 διά
909 4015 967 4068 τὸ
1002 4016 1169 4069 πάλαι
1199 4018 1295 4088 μὲν
1327 4020 1435 4073 τῶν
1482 4023 1750 4077 Ἰουδαίων

192 4094 309 4154 εἶναι
332 4104 634 4185 τὸν-τόπον,
665 4106 782 4158 νυνὶ
811 4107 868 4159 δὲ
899 4107 1035 4178 μετά
1073 4106 1167 4177 τὴν
1192 4108 1286 4160 τοῦ
1316 4110 1565 4182 Σωτῆρος
1594 4115 1749 4184 ήμῶν

190 4191 434 4266 ἀνάληψιν
454 4196 681 4268 Ἕλλησι
714 4198 807 4252 καὶ
824 4199 1191 4271 Σαμαρείταις
1208 4202 1533 4267 ἐκδεδόσθαι,
1559 4206 1748 4260 τούτου

194 4282 335 4352 χάριν
367 4284 623 4356 εἰρῆσθαι
650 4284 731 4348 τὸ,
781 4304 798 4335 ι
842 4286 1226 4359 ’Υψωθήσομαι
1258 4290 1350 4341 καὶ
1376 4289 1640 4362 διαμεριῶ
1666 4292 1751 4345 Σί-

191 4385 339 4440 κιμα⁸
369 4393 387 4425 ι
414 4374 551 4428 άλλά
591 4375 685 4428 καὶ
715 4394 733 4425 ι
781 4373 879 4445 τὴν
918 4376 1140 4432 κοιλάδα
1171 4378 1277 4431 τῶν
1318 4381 1534 4451 σκηνῶν
1561 4382 1750 4453 διαμε-

1867 1912 2113 1977 Quicum
2147 1912 2444 1977 venissent,
2476 1918 2765 1964 oraverunt
2814 1925 2912 1979 pro
2946 1910 3078 1979 ipsis
3118 1917 3176 1962 ut
3230 1910 3438 1977 accipe-

1866 2010 1985 2057 rent
2013 2000 2276 2071 Spiritum
2301 2012 2583 2066 sanctum;
2618 2019 2634 2050 ι
2674 2014 2738 2052 ac
2782 1999 3131 2069 subjungitur
3174 2016 3186 2051 :
3218 2016 3235 2047 ι
3280 1996 3435 2051 Tunc

1866 2098 2216 2166 imponebant
2247 2113 2441 2151 manus
2482 2110 2646 2165 super
2675 2094 2817 2157 illos,
2853 2102 2907 2149 et
2938 2094 3275 2162 accipiebant
3314 2091 3435 2160 Spi-

1864 2189 2028 2242 ritum
2058 2196 2308 2242 sanctum
2342 2188 2406 2241 ¹⁹.
2446 2207 2464 2240 ι
2490 2186 2613 2242 Haec
2642 2188 2807 2257 igitur
2830 2184 3088 2239 Samaria
3108 2182 3253 2236 facta
3283 2191 3431 2245 sunt,

1865 2281 1940 2333 ita
1972 2288 2028 2333 ut
2061 2280 2175 2334 haec
2203 2279 2494 2349 promissio
2520 2280 2862 2347 impleretur:
2889 2295 2907 2328 ι
2950 2276 3241 2330 EXaltabor
3272 2281 3326 2328 et
3351 2274 3433 2328 di-

1867 2373 2044 2426 vidam
2087 2372 2348 2427 Sichima.
2386 2392 2405 2424 ι
2456 2370 2587 2425 Nam
2616 2370 2975 2425 Samaritanis
3011 2367 3274 2438 Spiritum
3315 2383 3435 2421 san-

1862 2472 2010 2519 ctum
2048 2464 2327 2519 distribuit
2365 2472 2487 2533 post
2531 2464 2956 2532 assumptionem
3012 2476 3165 2515 suam
3200 2467 3254 2513 et
3293 2470 3434 2528 post-

1862 2571 2024 2625 quam
2053 2556 2326 2611 exaltatus
2356 2563 2479 2620 est,
2534 2554 2751 2625 quando
2790 2572 2808 2604 ι
2849 2552 3148 2608 ascendens
3180 2552 3232 2605 in
3265 2552 3431 2603 altum

1861 2647 2129 2717 captivam
2172 2646 2331 2701 duxit
2357 2645 2753 2714 captivitatem,
2775 2653 2830 2700 et
2855 2643 3001 2698 dedit
3028 2642 3169 2697 dona
3198 2642 3432 2697 homini-

1861 2739 1964 2793 bus
1986 2739 2053 2793 ²⁰.
2093 2758 2111 2790 ι
2146 2737 2272 2792 Ηαιο
2305 2752 2469 2807 porro
2511 2737 2650 2791 facta
2692 2744 2818 2791 sunt
2846 2743 3130 2806 postquam
3174 2734 3430 2803 discipuli

1864 2830 2163 2885 Salvatoris
2198 2829 2586 2899 Hierosolyma:
2610 2827 3043 2898 persecutionem
3091 2825 3238 2896 passi
3281 2832 3427 2880 sunt.

1859 2922 1949 2975 Ait
1979 2923 2159 2992 itaque
2187 2919 2469 2991 Scriptura
2497 2938 2513 2975 :
2547 2938 2565 2971 ι
2606 2919 2771 2974 Facta
2793 2927 2876 2973 est
2907 2918 3212 2988 persecutio
3237 2932 3430 2986 magna

1860 3014 1916 3068 in
1936 3013 2175 3068 Ecclesia
2188 3029 2309 3083 qua:
2330 3023 2446 3068 erat
2471 3011 2882 3082 Hierosolymis,
2907 3018 2961 3066 et
2984 3025 3175 3066 omnes
3196 3009 3427 3079 dispersi

1861 3106 2094 3171 sunt“;
2131 3124 2148 3155 ι
2176 3119 2240 3158 ac
2269 3120 2485 3159 rursum
2518 3122 2531 3158 :
2566 3122 2584 3155 ι
2622 3102 2789 3174 Igitur
2842 3104 2937 3172 qui
2985 3102 3217 3172 dispersi
3273 3108 3430 3155 erant

1861 3198 2293 3268 pertransibant,
2321 3196 2758 3267 evangelizantes
2789 3196 3015 3250 verbum
3052 3197 3118 3251 “.
3158 3213 3177 3246 ι
3227 3193 3431 3247 Deinde

1854 3289 2059 3344 dictum
2094 3296 2199 3352 est,
2222 3304 2328 3358 qua
2356 3288 2565 3343 ratione
2593 3287 2950 3341 Samaritanis
2972 3286 3426 3356 evangelizarent,

1852 3388 1906 3434 et
1939 3380 2215 3449 quomodo
2249 3378 2481 3450 apostoli
2518 3377 2783 3447 Spiritum
2834 3385 3082 3432 sanctum
3139 3377 3273 3445 ipsis
3327 3376 3429 3429 imo

1853 3471 2138 3542 pertirent.
2176 3469 2620 3525 Demonstratum
2657 3483 2788 3539 ergo
2816 3478 2900 3523 est
2925 3484 3095 3539 quare
3124 3468 3329 3522 dictum
3354 3468 3430 3523 si:

1853 3563 2009 3627 illud,
2043 3581 2062 3614 ι
2100 3561 2420 3626 Exaltabor,
2446 3569 2500 3616 et
2538 3561 2776 3616 dividam
2801 3561 3063 3615 Sichima.
3098 3580 3117 3612 ι
3150 3559 3285 3613 Nam
3314 3558 3429 3614 haec

1851 3654 2034 3709 omnia
2088 3653 2449 3723 implebantur
2491 3660 2780 3723 postquam
2840 3652 3087 3706 Salvator
3153 3652 3425 3705 exaltatus

1850 3754 1953 3802 est.
1981 3745 2189 3799 Dixerit
2218 3744 2405 3800 forsan
2433 3746 2595 3809 alius,
2620 3746 2748 3814 quia
2778 3744 2906 3798 olim
2937 3742 3247 3797 Judazorum
3271 3743 3427 3797 locus

1850 3848 1990 3902 erat,
2030 3854 2178 3892 nunc
2233 3848 2414 3893 autem
2467 3844 2589 3907 post
2634 3836 2935 3891 Salvatoris
2984 3836 3156 3889 nostri
3209 3849 3425 3890 assum-

1852 3930 2115 3999 ptionem,
2174 3929 2378 3984 Graecis
2427 3939 2481 3984 et
2537 3927 2897 3983 Samaritanis
2958 3942 3251 3982 concessus
3304 3925 3437 3981 fuex

1852 4031 1957 4086 rat,
1992 4023 2114 4076 ideo
2135 4022 2362 4086 dictum,
2393 4040 2411 4071 ι
2439 4021 2749 4086 Exaltabor,
2769 4030 2822 4075 et
2837 4020 3070 4074 dividam
3097 4018 3337 4074 Sichima
3362 4037 3376 4085 ;
3400 4039 3437 4071 ι.

1853 4115 1947 4169 sed
1977 4115 2163 4181 etiam,
2196 4132 2215 4166 ι
2262 4114 2563 4169 convallem
2598 4113 3071 4168 tabernaculorum
3097 4112 3364 4166 dimetiar.
3400 4129 3437 4163 ι-

1850 4208 2160 4262 Convallem
2212 4208 2590 4263 universorum
2628 4206 2910 4261 hominum
2954 4204 3291 4260 domicilium
3329 4218 3430 4257 γοα

1852 4314 1979 4353 care
2016 4299 2301 4353 consuevit
2340 4298 2689 4368 propheticus
2715 4312 2925 4352 sermo:
2964 4311 3133 4367 quare
3163 4295 3290 4348 alibi
3339 4293 3424 4348 di-

1853 4400 2002 4446 ctum
2042 4399 2165 4445 est:
2206 4410 2224 4441 ι
2280 4389 2559 4460 Disposuit
2610 4390 2665 4444 in
2712 4390 2851 4445 valle
2893 4390 3259 4460 lacrymarum
3281 4385 3347 4438 ³³.
3396 4403 3429 4436 ι.

189 4464 374 4532 τρήσω.
413 4486 433 4518 ›
469 4466 708 4522 Κοιλάδα
739 4467 795 4519 δὲ
837 4466 1026 4521 εἴωθεν
1055 4470 1339 4541 ὀνομάζειν
1365 4475 1392 4525 ὁ
1414 4475 1747 4545 προφητικὸς

1858 4481 1969 4537 Hoc
1996 4483 2179 4552 itaque
2208 4483 2487 4545 hominum
2526 4484 2770 4536 omnium
2810 4480 3169 4540 domicilium.
3202 4488 3255 4533 et
3283 4491 3424 4530 con-

189 4547 327 4620 λόγος
357 4555 414 4607 τὸ
442 4557 661 4609 πάντων
690 4556 991 4628 ἀνθρώπων
1030 4561 1373 4631 οἰκητήριον·
1402 4562 1482 4614 διὸ
1504 4562 1747 4617 λέλεκται

1858 4573 2047 4627 vallem
2078 4547 2259 4636 istam,
2292 4572 2559 4636 ecclesiis,
2591 4572 2799 4642 inquit,
2832 4570 2968 4625 meis
2999 4567 3234 4637 replebo.
3266 4563 3421 4630 Quod

187 4642 433 4715 ἀλλαχοῦ·
480 4666 500 4699 ι
548 4646 761 4700 Διέθετο
807 4651 887 4713 εἰς
928 4651 1026 4721 τὴν
1069 4652 1291 4706 κοιλάδα
1331 4654 1424 4707 τοῦ
1456 4656 1747 4727 κλαυθμῶ-

188 4751 283 4801 νος.
313 4759 330 4791 ι
361 4740 532 4794 Τοῦτο
575 4740 639 4812 δὴ
685 4737 777 4794 οῦν
808 4742 870 4795 τὸ
914 4745 1130 4800 πάντων
1179 4747 1480 4817 ἀνθρώπων
1522 4752 1745 4821 οἰκητή-

190 4845 310 4898 ριον,
355 4836 447 4890 καὶ
505 4835 603 4907 τὴν
657 4837 878 4893 κοιλάδα
930 4840 1133 4908 ταύτην
1190 4840 1513 4911 ἐκκλησιῶν,
1560 4843 1747 4913 φησιν,

187 4924 407 4993 ἐμαυτοῦ
460 4930 763 5003 πληρώσωο
814 4932 842 4985 ὃ
886 4933 950 5003 δὴ
984 4934 1277 4986 αἰνίττεται
1306 4934 1499 5003 λέγων,
1533 4955 1551 4987 ι
1603 4937 1746 5008 Σκη-

100 5064 107 5073 .
187 5013 281 5067 νῶν
308 5017 669 5094 διαμετρήσω.
712 5044 733 5075 ι
785 5024 947 5078 Καὶό
986 5026 1218 5089 Ἀκύλας
1250 5026 1307 5079 δὲ
1355 5027 1543 5082 τοῦτον
1564 5031 1746 5101 ἡρμή-

188 5122 330 5163 νευσε
376 5112 473 5164 τὸν
517 5115 735 5185 τρόπον,
770 5134 789 5167 ι
833 5118 1071 5171 Κοιλάδα
1119 5121 1470 5190 συσκιασμῶν
1508 5139 1747 5192 καταμε-

188 5202 376 5271 τρήσω.
408 5222 427 5255 ι
464 5201 575 5258 Εἰθ’
606 5206 795 5279 ὥσπερ
834 5210 985 5279 ἐμὸς,
1020 5211 1170 5280 φησι.
1204 5211 1425 5279 γέγονεν
1457 5215 1484 5266 ὁ
1514 5214 1745 5281 Γαλαὰδ,

192 5292 275 5343 καὶ
297 5292 422 5363 ἐμὸς
454 5296 641 5365 γέγονέ
673 5316 803 5353 ποτε
836 5303 865 5353 ὁ
903 5302 1220 5371 Μανασσῆς,
1268 5304 1363 5355 καὶ
1401 5304 1639 5375 Ἐφραῒμ
1679 5302 1747 5377 ἦν

191 5397 327 5446 ποτε,
358 5386 446 5439 ὅτε
486 5388 718 5461 ὑπῆρχε,
755 5410 774 5441 ι
810 5394 1143 5462 κραταίωσις
1168 5395 1267 5465 τῆς
1288 5396 1532 5466 κεφαλῆς
1562 5414 1684 5468 μου,
1721 5418 1740 5451 ι

190 5471 240 5543 ἦ,
280 5477 415 5531 κατά
462 5480 554 5535 τὸν
601 5482 913 5555 Σύμμαχον,
945 5505 963 5536 ι
1003 5489 1154 5558 ἰσχὺς
1199 5488 1297 5558 τῆς
1343 5489 1517 5559 ἀρχῆς
1549 5507 1687 5559 μου’
1720 5512 1740 5544 ι

191 5564 445 5633 ἁμοίωςτε
460 5570 665 5648 ὥσπερ,
693 5570 762 5647 ἦν
777 5594 908 5631 ποτε
941 5596 960 5629 ι
994 5579 1023 5630 ό
1053 5578 1249 5643 Ἰούδας
1284 5578 1535 5649 βασιλεύς
1580 5600 1738 5654 pou,»

1855 4665 1940 4720 bis
1969 4665 2151 4719 verbis
2174 4665 2503 4727 subindicat,
2529 4682 2547 4716 (
2579 4662 3081 4718 Tabernaculorum
3100 4660 3369 4715 dimetiar.
3395 4678 3414 4709 ι

1855 4755 2049 4823 Aquila
2074 4769 2201 4809 vero
2226 4754 2305 4809 sic
2341 4755 2732 4826 interpretatus
2761 4762 2863 4818 est,
2911 4770 2933 4803 ι
2962 4751 3275 4807 Convallem
3301 4765 3421 4804 um-

1854 4844 2203 4899 braculorum
2234 4845 2446 4900 metiar.
2484 4864 2501 4896 ›
2538 4843 2834 4908 Deinde,ut
2862 4842 3011 4905 olim,
3038 4841 3233 4911 inquit,
3266 4854 3420 4894 meus

1854 4936 1957 4990 fuit
2007 4936 2206 4991 Galaad
2236 4977 2252 5003 ,
2309 4952 2462 4991 meus
2494 4937 2619 4990 item
2651 4934 2929 4988 Manasses
2956 4972 2971 4997 ,
3012 4940 3067 4988 et
3121 4931 3374 5002 Ephraim
3399 4971 3416 4994 ,

1858 5047 1876 5080 ι
1916 5029 2175 5084 fortitudo
2199 5029 2390 5098 capitis
2419 5028 2524 5082 mei
2557 5047 2576 5079 ›
2606 5025 2877 5095 quondam
2897 5031 3046 5090 erat;
3079 5024 3212 5088 sive,
3230 5036 3423 5077 secun-

1851 5119 1979 5174 dum
2005 5119 2411 5191 Symmachum,
2440 5137 2459 5170 ι
2492 5117 2658 5172 robur
2689 5117 3023 5184 principatus
3055 5114 3181 5178 mei;
3213 5132 3230 5163 ι
3266 5113 3416 5177 item,

1853 5223 1912 5265 ut
1935 5212 2064 5266 olim
2093 5230 2112 5262 ι
2152 5210 2321 5266 Judas
2375 5225 2468 5263 rex
2516 5224 2679 5262 meus.
2713 5228 2731 5259 ι
2780 5206 2915 5268 fuit;
2968 5214 3061 5259 aut
3117 5202 3418 5259 secundum

1850 5301 2123 5372 Aquilam,
2162 5319 2181 5352 ι
2219 5298 2388 5355 Judas
2420 5298 2659 5367 diligens
2701 5296 2989 5365 inquisitor
3021 5310 3206 5359 meus;
3253 5312 3272 5343 ι
3319 5306 3417 5346 ea-

1851 5396 1972 5450 dem
2003 5410 2230 5465 prorsus
2259 5392 2572 5449 conditione
2599 5391 2704 5445 erit
2728 5389 3152 5459 alienigenarum
3187 5385 3337 5457 regio
3363 5396 3418 5439 et

1853 5490 2004 5553 urbs,
2036 5503 2157 5556 quae
2186 5486 2389 5541 dicitur
2434 5484 2630 5541 Moab:
2682 5482 2944 5539 eﬂicietur
2993 5484 3139 5538 enim
3199 5500 3219 5534 ι
3269 5481 3418 5536 lebes

1851 5582 1966 5651 spei
1996 5596 2163 5646 mete;
2205 5600 2222 5632 ι
2266 5580 2382 5646 vel,
2423 5579 2726 5634 secundum
2757 5576 3046 5647 Aquilam,
3093 5596 3111 5630 ι
3150 5577 3302 5632 lebes
3334 5577 3417 5630 la-

262 5741 301 5775 "
332 5743 579 5815 Act.vm,
616 5751 797 5809 14-17.
875 5756 919 5788 ³ο
939 5754 1081 5813 Psal.
1118 5771 1287 5823 txvn,
1326 5760 1409 5815 l9.
1489 5760 1669 5817 "Act.
1708 5761 1897 5828 vm,i.
1972 5762 2016 5792 “
2092 5760 2225 5817 ibid.
2260 5762 2311 5817 4.
2390 5758 2597 5815 "Psal.
2636 5774 2828 5827 LXXIII,
2865 5758 2921 5816 θ.
