3808 6280
389 315 497 371 567
1059 313 1332 372 EUSEBII
1370 301 1846 370 CESARIENSIS
1877 312 2026 368 OPP.
2065 310 2247 366 PARS
2279 309 2367 365 Ill.
2389 343 2458 351 —
2493 307 2898 364 EXEGETICA.
3523 308 3610 363 568

389 431 539 488 vacri
571 430 714 498 mei;
752 449 770 488 ι
806 438 899 485 aut
928 449 949 482 ι
987 432 1135 487 lebes
1170 432 1478 487 securitatis
1512 447 1663 494 meae,
1702 451 1722 484 ο
1766 447 1940 486 secun

2063 428 2119 499 ἦ,
2147 428 2288 482 κατά
2315 428 2405 482 τὸν
2430 428 2675 488 Ἀκύλαν,
2711 447 2728 478 ι
2751 427 2948 489 Ἰούδας
2982 425 3312 497 ἀκριϐαστής
3337 443 3465 496 μου’
3494 446 3512 478 ι
3533 426 3610 480 τὸν

388 525 518 579 dum
557 521 966 593 Symmachum.
1003 524 1260 595 Ephraim
1300 539 1430 579 vero
1456 523 1828 578 fortitudinem
1859 539 1940 577 ca-

2062 521 2224 573 αὐτὸν
2249 521 2446 592 τρόπον
2470 520 2620 572 ἔσται
2645 519 2739 571 καὶ
2766 520 2798 588 ἡ
2827 518 2934 571 τῶν
2956 518 3262 587 ἀλλοφύλων
3278 516 3426 589 χώρα
3451 534 3508 570 τε
3531 520 3608 571 καὶ

388 618 516 686 pitis
543 616 650 674 sui.
685 616 800 671 sive
831 617 1001 671 robur
1027 617 1363 686 principatus
1393 616 1501 678 sui,
1533 615 1742 670 vocavit
1770 633 1783 668 :
1817 629 1940 684 quo-

2062 610 2216 674 πόλις
2270 612 2303 680 ἡ
2347 611 2656 681 καλουμένη
2700 609 2904 663 Μωάϐ·
2941 611 3225 680 γενήσεται
3279 609 3388 679 γὰρ
3418 628 3436 658 ι
3467 608 3610 681 λέϐης

387 710 531 763 niam
555 708 649 778 qui
669 723 735 763 ex
763 709 908 763 tribu
937 707 1193 780 prraim
1219 709 1346 764 olim
1403 717 1718 778 regnarunt,
1757 707 1808 760 in
1858 721 1940 760 no-

2057 701 2155 772 τῆς
2212 702 2422 765 ἐλπίδος
2457 718 2579 773 μου,
2619 720 2636 752 ι
2669 702 2725 773 ἢ,
2760 701 2898 754 κατά
2951 700 3041 754 τὸν
3106 699 3366 753 Ἀκύλανσ
3413 719 3431 749 ι
3467 701 3608 773 λέϐης

383 814 503 854 vem
531 806 586 856 et
613 799 891 854 dimidiam
949 816 1016 855 ex
1060 801 1312 856 tribubus
1364 798 1528 856 Israel
1565 799 1849 870 imperium
1897 799 1940 851 in

2058 793 2284 865 λουτροῦ
2327 811 2426 864 μου
2451 811 2463 823 ·
2505 813 2523 846 ι
2558 794 2612 863 ἢ,
2649 812 2667 844 ε
2701 793 2863 863 λέϐης
2909 793 3235 863 ἀμεριμνίας
3270 810 3393 862 μου,
3432 812 3450 844 ›
3487 795 3607 847 κατὰ

387 890 633 945 Samaria
666 889 1042 945 obtinuerunt.
1591 923 1593 925 ι

2057 885 2146 938 τὸν
2196 884 2507 955 Σύμμαχον.
2542 885 2644 938 Τὸν
2671 885 2728 938 δὲ
2773 881 3010 955 Ἐφραῒμ
3041 883 3372 954 κραταίωσιν
3409 884 3504 954 τῆς
3532 903 3608 936 κε-

383 989 559 1060 φαλῆς
594 986 786 1045 ἑαυτοῦ
831 986 1130 1059 ὠνόμασεν,
1167 985 1202 1056 ἢ
1265 987 1415 1057 ἰσχὺν
1443 987 1542 1056 τῆς
1570 985 1742 1059 ἀρχῆς
1775 980 1991 1037 ἑαυτοῦ’
2033 979 2325 1052 ἐπειδήπερ
2351 981 2400 1032 οἱ
2423 980 2487 1032 ἐκ
2513 979 2684 1054 φυλῆς
2724 979 2960 1050 Ἐφραίμ
2985 977 3397 1048 βασιλεύσαντες
3457 973 3606 1048 ἦρξαν

385 1097 513 1136 ποτε
553 1084 610 1138 ἐν
642 1085 707 1155 τῇ
743 1082 1026 1154 Σαμαρείᾳ
1069 1080 1177 1134 τῶν
1215 1081 1370 1134 ἐννέα
1414 1081 1585 1152 ἥμισυ
1632 1080 1812 1149 φυλῶν
1839 1078 1932 1132 τοῦ
1968 1076 2200 1148 Ἰσραήλ.

455 1173 592 1226 Cum
622 1183 802 1226 autem
831 1171 940 1225 duo
967 1169 1188 1241 Josephi
1220 1169 1313 1224 filii
1346 1169 1568 1233 fuerint,
1606 1168 1861 1239 Ephraim
1906 1180 1940 1221 et

2127 1165 2232 1218 Δύο
2257 1165 2313 1219 δὲ
2357 1165 2561 1219 παίδων
2587 1165 2890 1240 γενομένων
2908 1165 2985 1236 τῷ
3015 1165 3232 1236 Ἰωσὴφ,
3255 1164 3350 1219 τοῦ
3391 1165 3606 1237 Ἐφραίμ

387 1261 665 1320 Manasses
697 1283 710 1318 :
753 1262 1103 1333 prraimitaa
1132 1278 1254 1318 sese
1289 1263 1358 1316 ab
1413 1260 1716 1316 Jerusalem
1768 1276 1940 1331 segre-

2059 1258 2151 1309 xai.
2175 1256 2268 1310 τοῦ
2295 1257 2580 1326 Μανασσῆ,
2612 1260 2658 1310 οἰ
2693 1257 2789 1327 μὲν
2817 1256 2910 1308 τοῦ
2953 1256 3206 1327 Ἐφραίμ,
3230 1257 3604 1325 ἀποσχίσαντες

383 1358 596 1418 gantes,
630 1351 686 1405 in
718 1349 985 1414 Samaria,
1021 1349 1136 1406 sive
1182 1351 1237 1404 in
1277 1350 1529 1420 praedicta
1563 1349 1793 1420 Sychem
1839 1365 1940 1418 qua

2057 1349 2155 1418 τῆς
2197 1347 2565 1418 Ἰερουσαλὴμ,
2592 1350 2647 1401 ὲν
2669 1350 2734 1419 τῇ
2760 1349 3038 1418 Σαμαρείᾳ
3061 1349 3152 1400 καὶ
3176 1351 3240 1417 τῇ
3267 1347 3604 1422 προλεχθεωη

381 1449 436 1495 et
503 1440 782 1506 Sichima,
853 1443 1057 1513 regiam
1110 1443 1535 1498 constituerunt.
1595 1442 1940 1509 Quamobren

2057 1439 2242 1510 Συχὲμ
2273 1441 2340 1509 τῇ
2375 1441 2469 1492 καὶ
2497 1439 2693 1509 Σίκιμα
2741 1439 3074 1509 συνέστησαν
3113 1439 3173 1491 τὸ
3217 1439 3511 1508 βασίλειον·
3536 1439 3603 1492 διὸ

382 1535 588 1589 dictum
641 1544 764 1590 est:
807 1553 827 1586 ι
872 1533 1129 1604 Ephraim
1190 1534 1453 1590 fortitudo
1509 1536 1704 1604 capitis
1746 1534 1886 1596 mei,
1934 1555 1940 1588 ι

2055 1531 2330 1584 λέλεκταιο
2355 1549 2373 1580 ι
2416 1529 2651 1601 Ἐφραῖμ
2681 1529 3008 1601 κραταίωσις
3038 1530 3139 1598 τῆς
3171 1531 3413 1599 κεφαλῆς
3442 1548 3554 1600 μου,
3582 1551 3597 1581 ι

383 1627 521 1691 sive,
561 1645 582 1678 ι
639 1627 806 1681 robur
863 1626 1202 1696 principatus
1258 1627 1385 1682 mei.
1441 1646 1459 1679 ι
1503 1627 1604 1693 Qui
1662 1635 1842 1682 autem
1891 1641 1940 1680 ex

2054 1622 2112 1692 ἢ,
2149 1639 2166 1671 ι
2213 1621 2363 1691 ἰσχὺς
2389 1619 2486 1690 τῆς
2519 1619 2691 1690 ἀρχῆς
2724 1634 2854 1689 μου·
2895 1637 2912 1669 ι
2951 1619 2996 1669 οἱ
3029 1617 3084 1669 δὲ
3115 1621 3178 1670 ἐκ
3217 1617 3310 1670 τοῦ
3355 1617 3600 1686 Μανασσῆ

383 1719 528 1774 tribu
558 1719 806 1774 Manasse
851 1719 1094 1783 fuerunt,
1137 1718 1339 1775 Galaad
1375 1720 1712 1775 obtinebant.
1777 1717 1940 1785 Quart

2055 1713 2336 1782 γενόμενοι
2392 1713 2547 1782 ἔσχον
2593 1714 2691 1782 τὴν
2729 1711 2967 1764 Γαλαὰδ·
3009 1711 3089 1764 διὸ
3140 1711 3380 1782 εἴρηται’
3405 1729 3424 1760 ι
3459 1709 3602 1778 Ἐμός

381 1811 589 1866 dictum
615 1819 698 1866 est
723 1831 738 1866 :
779 1829 798 1862 ι
837 1810 984 1866 Meus
1013 1819 1096 1866 est
1119 1811 1344 1876 Galaad,
1367 1819 1421 1867 et
1451 1829 1606 1868 meus
1638 1820 1722 1868 est
1748 1811 1934 1866 Manas

2058 1809 2172 1859 ἐστι
2196 1805 2426 1870 Γαλαὰδ,
2455 1807 2548 1859 καλ⁵
2581 1805 2711 1875 ὲμός
2739 1805 2854 1858 ἐστι
2882 1803 3193 1872 Μανασσῆς.
3232 1823 3250 1854 ι
3297 1803 3354 1855 '0
3384 1802 3477 1871 μὲν
3507 1801 3599 1871 γὰρ

381 1918 489 1957 ses.
531 1922 550 1954 ι
587 1901 720 1955 Nam
755 1902 908 1958 locus
931 1903 1133 1958 Galaad
1156 1911 1382 1960 vocatus
1402 1913 1506 1968 est,
1541 1915 1595 1961 et
1623 1905 1940 1961 habitatores

2053 1899 2215 1962 τόπος
2245 1900 2310 1952 ἐκ
2342 1900 2436 1953 τοῦ
2473 1899 2683 1953 Γαλαὰδ
2717 1898 3058 1969 ἐσημαίνετο,
3084 1899 3134 1950 οί
3170 1897 3226 1949 δὲ
3251 1898 3521 1967 οἰκήτορες
3545 1898 3599 1948 ἐκ

377 1993 658 2049 Manasses
687 1995 941 2064 appellati
997 2003 1148 2051 sunt.
1191 1995 1260 2050 Ut
1313 1997 1478 2067 igitur
1518 1997 1594 2052 illi
1621 2036 1637 2059 ,
1679 1997 1786 2060 ait,
1848 1999 1940 2053 mei

2052 1989 2146 2042 τοῦ
2199 1989 2484 2060 Μανασσῆ.
2543 1989 2751 2059 Ὠσπερ
2794 1983 2885 2040 οὖν
2937 1982 3102 2049 οὗτοι,
3143 1987 3309 2054 φησι,
3337 1987 3599 2054 γεγόνασιν

381 2086 551 2153 fuere,
586 2087 797 2141 scilicet
846 2087 942 2142 lilii
975 2086 1246 2152 Manasse,
1273 2088 1476 2144 Galaad
1527 2091 1828 2146 incolentes
1852 2130 1867 2152 ,
1899 2077 1940 2146 el

2053 2082 2198 2152 ἐμοὶ,
2225 2081 2279 2132 οῖ
2299 2097 2359 2132 τε
2392 2079 2488 2151 τὴν
2511 2079 2721 2133 Γαλαὰδ
2745 2081 3061 2148 οἰκήσαντες
3087 2078 3191 2129 υἱοὶ
3219 2077 3500 2146 Μανασσῇ,
3520 2077 3598 2129 καὶ

377 2179 471 2248 qui
511 2179 567 2233 in
604 2179 863 2235 Siehimis
903 2179 1088 2250 populi
1147 2179 1514 2250 principatum
1550 2190 1772 2237 tenuere
1797 2221 1812 2246 ,
1856 2181 1940 2236 lilii

2051 2171 2100 2222 οἱ
2147 2173 2204 2223 ἐν
2248 2170 2493 2240 Σικίμοις
2543 2169 2802 2241 ἄρξαντες
2852 2168 2946 2222 τοῦ
2983 2167 3112 2221 λαοῦ
3171 2168 3279 2220 υἱοὶ
3347 2167 3594 2238 Ἐφραῖμο

377 2267 666 2339 Ephraim;
698 2269 831 2339 quin
861 2270 1024 2323 etiam
1065 2276 1124 2323 ut
1180 2270 1216 2324 ii
1277 2270 1368 2340 qui
1420 2271 1474 2324 in
1505 2272 1621 2340 ipsa
1649 2269 1940 2326 Jerusalem

2051 2261 2187 2314 ἀλλὰ
2237 2264 2332 2314 καὶ
2379 2261 2455 2325 ὡς
2503 2261 2562 2313 ἐν
2608 2261 2743 2331 αὐτῇ
2789 2263 2856 2331 τῇ
2894 2258 3247 2330 Ἰερουσαλὴμ
3283 2259 3332 2309 οἱ
3357 2260 3420 2310 ἐκ
3444 2258 3597 2326 φυλῆς

378 2360 681 2428 regnabant
731 2374 797 2414 ex
858 2360 1002 2415 tribu
1052 2357 1211 2425 Juda,
1248 2361 1352 2415 mei
1390 2344 1444 2416 et
1503 2378 1636 2417 mete
1685 2363 1940 2432 portionis

2064 2355 2231 2407 Ἰούδα
2255 2353 2669 2424 βασιλεύσαντες
2688 2349 2828 2424 ἦσαν
2851 2354 2993 2424 ἐμοὶ,
3010 2352 3214 2422 καὶτῆς
3239 2351 3378 2421 ἐμῆς
3405 2350 3596 2420 μερίδος

377 2453 536 2501 erant
581 2462 764 2518 reges;
806 2449 886 2502 sic
933 2449 1226 2518 aliquando
1274 2467 1405 2506 mea:
1431 2460 1594 2507 erunt
1635 2453 1940 2524 alienigena

2051 2446 2287 2516 βασιλεῖς
2309 2463 2322 2476 ·
2352 2446 2522 2509 οὕτως
2560 2446 2711 2498 ἔσται
2751 2445 2879 2498 ποτέ
2939 2444 3047 2514 ὲμά
3091 2445 3185 2495 καὶ
3231 2443 3299 2494 τὰ
3330 2443 3431 2494 τῶν
3457 2440 3594 2494 ἀλλο-

379 2541 590 2607 geut‘es.
636 2537 836 2594 Omnes
865 2555 1028 2609 porro
1072 2540 1404 2612 alienigenas
1431 2559 1527 2613 per
1551 2544 1708 2598 Moab
1735 2557 1782 2600 et
1826 2543 1940 2599 ldu-

2064 2539 2245 2606 φύλων
2292 2539 2438 2609 ἔθνη.
2493 2538 2657 2609 Δηλοῖ
2695 2538 2752 2590 δὲ
2797 2539 3004 2600 πάντας
3035 2535 3360 2605 ἀλλοφύλους
3399 2534 3476 2587 διὰ
3513 2534 3593 2586 τοῦ

380 2641 569 2681 loream
601 2628 838 2694 indicat,
892 2631 947 2685 in
987 2630 1199 2688 duabus
1253 2633 1362 2688 illis
1399 2636 1651 2705 gentibus
1675 2675 1690 2698 ,
1748 2637 1940 2707 quibus

2055 2630 2232 2684 Μωὰϐ
2292 2632 2386 2682 καὶ
2458 2629 2548 2683 διά
2623 2630 2720 2699 τῆς
2787 2628 3107 2698 Ἰδουμαίας,
3153 2628 3217 2679 ἐκ
3272 2626 3366 2679 δύο
3413 2623 3594 2676 τούτων

380 2718 711 2788 prohibitum
744 2729 862 2776 erat
893 2722 1102 2792 ingredi
1142 2723 1197 2778 in
1218 2722 1517 2780 Ecclesiam
1553 2726 1665 2791 Dei,
1706 2729 1940 2799 reliquas

2052 2727 2225 2781 ἐθνῶν
2276 2727 2384 2780 τῶν
2421 2724 2879 2797 ἀπηγορευμένων
2928 2724 3149 2775 εἰσιέναι
3199 2723 3278 2784 εἰς
3335 2721 3428 2791 τὴν
3486 2719 3593 2771 Ἐκ-

378 2823 569 2865 omnes
618 2826 723 2864 una
782 2813 1118 2882 complexus.
1192 2811 1464 2884 Scriptum
1521 2831 1756 2886 namque
1816 2828 1940 2873 est:

2046 2817 2278 2890 κλησίαν
2332 2815 2424 2870 τοῦ
2484 2814 2619 2868 Θεοῦ
2673 2816 2765 2868 καὶ
2795 2814 2866 2867 τὰ
2888 2813 3047 2866 λοιπὰ
3086 2813 3262 2866 πάντα
3315 2808 3592 2881 παραδεξά-

383 2917 402 2949 ‹
439 2899 762 2957 Ammonitae
790 2911 844 2956 et
871 2901 1117 2956 Moabitae
1146 2917 1252 2956 nou
1277 2902 1652 2972 ingrcdientur
1672 2906 1726 2960 in
1760 2906 1940 2960 Eccle-

2048 2929 2226 2984 μενος.
2259 2911 2570 2982 Γέγραπται
2599 2909 2758 2977 γοῦν
2793 2928 2812 2959 ι
2859 2908 3184 2978 Ἀμμανῖται
3216 2904 3308 2956 καὶ
3335 2902 3591 2957 Μωαϐῖται

379 2991 516 3045 siam
543 2986 774 3058 Domini,
816 3010 988 3063 usque
1009 2993 1074 3048 ad
1108 2995 1318 3050 tertiam
1354 3003 1408 3050 et
1439 3005 1686 3066 quartam
1715 3013 1940 3067 genera-

2043 3007 2143 3060 οὐκ
2175 3003 2568 3058 εἰσελεύσονται
2607 3002 2686 3064 εἰς
2721 2999 3043 3070 Ἐκκλησίαν
3070 2998 3275 3069 Κυρίου
3304 2997 3405 3059 ἓως
3430 2995 3592 3064 τρίτης

377 3085 603 3153 tionem,
627 3095 680 3142 et
711 3103 884 3157 usque
925 3087 979 3141 in
1027 3089 1284 3143 saeculum
1329 3088 1397 3143 “.
1429 3109 1447 3142 ι
1484 3089 1641 3145 Moab
1673 3103 1852 3146 autem
1892 3099 1940 3147 et

2047 3096 2142 3150 καὶ
2173 3094 2437 3164 τετάρτης
2478 3091 2688 3160 γενεᾶς,
2713 3090 2807 3144 καὶ
2830 3089 2934 3152 ’έως
2958 3091 3037 3152 εἰς
3061 3088 3149 3141 τὸν
3180 3087 3371 3141 αἰῶνα.
3401 3106 3418 3138 ι
3440 3084 3590 3140 Μωάϐ

377 3178 610 3231 Ammon
659 3177 751 3231 lilii
795 3177 896 3232 Lot
935 3179 1115 3246 fuere,
1145 3194 1210 3234 ex
1246 3181 1515 3236 scelerata
1562 3182 1655 3236 illa
1690 3175 1940 3237 ﬁliarum

2045 3187 2100 3240 δὲ
2133 3186 2226 3239 καὶ
2266 3184 2479 3256 Ἀμμὰν
2538 3183 2824 3250 γεγόνασιν
2879 3182 2983 3234 υἱοὶ
3037 3179 3159 3233 Λὼτ
3197 3181 3262 3232 ἐκ
3303 3179 3588 3250 παρανόμου

379 3280 602 3321 suarum
625 3267 1025 3333 commistione,
1057 3277 1218 3340 atque
1240 3287 1307 3327 ex
1335 3268 1671 3327 Sodomitico
1699 3275 1941 3330 semine:

379 3373 612 3428 quorum
649 3359 1078 3424 successionem,
1118 3360 1384 3419 Moabitas
1440 3365 1695 3419 nimirum
1729 3374 1782 3421 et
1810 3366 1944 3420 Am-

380 3449 633 3513 monitas,
669 3450 754 3505 lex
793 3449 994 3522 Moysis
1025 3454 1294 3522 repudiat.
1326 3456 1396 3509 At
1442 3457 1524 3511 lex
1565 3472 1804 3527 praesens
1842 3459 1944 3530 ipsi

380 3541 537 3598 Moab
567 3543 935 3613 pulcherrima
991 3549 1315 3613 annuntiat,
1347 3548 1577 3604 dicens:
1619 3568 1639 3603 ι
1679 3550 1836 3607 Moab
1864 3553 1944 3608 le-

382 3635 478 3689 bes
503 3635 617 3705 spei
651 3651 823 3702 meae;
871 3657 890 3689 ι
927 3639 1079 3694 alteri
1111 3655 1242 3696 vero
1268 3642 1414 3712 genti
1443 3641 1586 3698 Esau
1617 3651 1752 3698 ortae
1805 3644 1946 3699 bona

377 3727 686 3791 denuntiat,
709 3729 824 3783 haec
852 3728 1118 3798 adjiciens
1151 3750 1164 3786 :
1204 3749 1222 3784 ι
1253 3735 1313 3787 1η
1336 3731 1622 3788 Ιάιιιιιαξειιι
1653 3735 1943 3790 extendam

380 3819 808 3876 (-alceamentum
857 3839 1057 3879 meum.
1111 3843 1129 3876 ι
1177 3825 1409 3879 Idumzea
1458 3840 1624 3894 porro
1658 3826 1726 3881 ab
1775 3825 1944 3881 Edom

380 3926 575 3967 nomen
609 3914 821 3968 sortita.
852 3913 952 3969 Hic
983 3925 1101 3972 crat
1146 3916 1287 3972 Esau
1333 3917 1401 3972 de
1432 3935 1540 3989 quo
1578 3919 1782 3975 dictum
1815 3927 1899 3975 est
1927 3939 1942 3974 :

387 4023 406 4052 ι
442 4003 519 4060 Ne
567 4005 692 4074 quis
739 4007 1008 4071 moechus,
1047 4016 1140 4063 aut
1189 4009 1473 4079 profanus,
1511 4019 1569 4065 ut
1619 4011 1764 4068 Esau
1794 4013 1860 4066 ’⁵.
1920 4029 1938 4062 ι

382 4096 664 4150 Sexcentze
701 4112 916 4166 quoque
954 4100 1072 4154 aliae
1124 4101 1421 4172 prophetiae
1452 4111 1644 4158 contra
1679 4105 1944 4160 ldumaaos

377 4195 430 4242 et
479 4185 768 4244 ldumaaam
830 4191 1097 4247 feruntur.
1151 4192 1257 4248 Sed
1311 4195 1378 4251 iis
1440 4211 1656 4266 quoque
1703 4212 1944 4266 praesens

377 4295 557 4334 sermo
600 4282 965 4351 pulcherrima
999 4287 1318 4350 annuntiat,
1357 4286 1572 4342 dicente
1623 4286 1768 4343 Deo:
1809 4309 1827 4339 ε
1883 4290 1942 4344 In

379 4376 662 4433 ldumaaam
691 4380 973 4435 extendam
997 4382 1418 4438 caleeamentum
1459 4399 1658 4439 meum.
1691 4404 1711 4436 ι
1739 4383 1943 4441 Deinde

2047 3278 2246 3350 μίξεως
2276 3277 2386 3329 τῶν
2419 3275 2582 3329 αὐτοῦ
2617 3273 2948 3344 θυγατέρων,
2983 3273 3046 3324 ἐκ
3064 3288 3123 3324 τε
3144 3270 3238 3323 τοῦ
3273 3265 3590 3339 Σοδομιτικοῦ

2047 3371 2358 3442 σπέρματος
2376 3388 2389 3401 ·
2424 3362 2498 3422 ὧν
2525 3367 2621 3438 τὴν
2652 3365 2920 3436 διαδοχὴν,
2949 3364 3242 3425 Μωαϐίτας
3272 3363 3368 3415 καὶ
3405 3363 3588 3430 Ἀμμα-

2043 3463 2214 3527 νίτας,
2247 3459 2586 3531 ἀποϐλήτους
2611 3461 2841 3511 ποιεῖται
2861 3458 2890 3510 ὁ
2912 3454 3186 3518 Μωῦσέως
3211 3455 3392 3525 νόμος.
3423 3452 3543 3505 Ἀλλ’
3564 3453 3588 3504 ὁ

2045 3552 2234 3624 παρὼν
2271 3554 2431 3623 νόμος
2462 3553 2539 3623 τῷ
2575 3552 2670 3622 μὲν
2691 3549 2864 3604 Μωάϐ
2897 3546 3307 3616 εὐαγγελίζεται
3358 3545 3587 3598 κάλλιστα

2043 3646 2240 3715 λέγων·
2275 3664 2293 3696 ι
2332 3643 2707 3712 Μωὰ6,λέϐης
2732 3641 2833 3711 τῆς
2864 3639 3075 3702 ἐλπίδος
3120 3655 3219 3708 μου
3244 3656 3258 3670 ·
3300 3658 3319 3690 ›
3358 3637 3514 3707 ἑτέρῳ
3538 3633 3585 3686 δὲ

2043 3737 2184 3790 ἔθνει
2214 3734 2290 3806 τῷ
2317 3735 2424 3788 ἀπὸ
2448 3734 2540 3787 τοῦ
2581 3733 2748 3786 Ἡσαῦ
2778 3730 3046 3800 ύφεστῶτι
3078 3730 3144 3781 τά
3171 3726 3386 3799 χρηστὰ
3413 3723 3584 3796 σημαί-

2043 3847 2143 3894 νει,
2191 3828 2466 3900 ἐπιφέρων
2515 3826 2672 3897 ὲξῆς·
2713 3844 2730 3875 ι
2779 3824 2898 3877 Ἐπὶ
2939 3823 3039 3893 τὴν
3081 3819 3384 3890 Ἰδουμαίαν
3412 3813 3586 3870 ἐκτενῶ

2041 3923 2100 3976 τὸ
2148 3921 2400 3991 ὑπόδημα
2434 3937 2554 3990 μου.
2588 3939 2606 3969 ι
2657 3917 2922 3986 Ἰδουμαία
2965 3915 3009 3967 δ’
3065 3912 3325 3981 ἐκέκλητο
3368 3911 3469 3964 ἀπὸ
3506 3906 3584 3960 τοῦ

2055 4012 2265 4082 Ἐδώμο
2302 4006 2455 4074 οὗτος
2482 4011 2540 4062 δὲ
2567 4006 2636 4080 ἦν
2664 4011 2692 4062 ὁ
2727 4007 2892 4060 Ἠσαῦ
2923 4005 3049 4076 περὶ
3079 3997 3140 4056 οὗ
3159 4002 3435 4055 λέλεκται·
3461 4017 3478 4047 4
3508 3998 3582 4064 Μή

2041 4120 2122 4167 τις
2150 4103 2366 4174 πόρνος,
2398 4101 2431 4170 ἢ
2479 4099 2722 4170 βέϐηλος,
2756 4097 2830 4161 ὡς
2866 4095 3056 4150 Ἠσαῦ.
3091 4114 3112 4147 ι
3141 4093 3346 4164 Μυρίαι
3372 4108 3428 4144 τε
3454 4087 3583 4144 ἄλλαι

2043 4196 2368 4266 προφητεῖαι
2403 4192 2543 4246 κατά
2563 4192 2670 4246 τῶν
2712 4191 3022 4260 Ἰδουμαίων
3049 4190 3141 4242 καὶ
3164 4188 3306 4242 κατά
3329 4186 3424 4256 τῆς
3457 4184 3583 4235 Ἰδού⁹

2045 4285 2210 4357 μαίας
2244 4285 2508 4356 εἴρηνται.
2557 4283 2692 4336 Ἀλλ’
2731 4284 2759 4336 ὁ
2793 4280 2981 4352 παρὼν
3025 4281 3182 4347 λόγος
3224 4279 3296 4332 τὰ
3351 4276 3582 4331 κάλλιστα

2043 4376 2138 4429 καὶ
2164 4375 2371 4439 τούτοις
2399 4373 2824 4444 εὐαγγελίζεται,
2851 4373 3096 4441 λέγοντος
3123 4371 3212 4423 τοῦ
3244 4369 3400 4424 Θεοῦ·
3431 4387 3448 4417 ι
3481 4365 3580 4419 Ἐπὶ

375 4485 504 4525 vero
533 4471 600 4525 de
633 4472 858 4542 reliquis
896 4473 1146 4544 gentibus
1189 4474 1665 4531 indiscriminatim
1711 4478 1940 4548 subjun-

2043 4470 2140 4539 τὴν
2187 4468 2486 4540 Ἰδουμαίαν
2512 4467 2713 4521 ἐκτενῶ
2747 4467 2806 4520 τὸ
2841 4465 3092 4536 ὑπόδημα
3127 4481 3246 4535 μου.
3288 4483 3306 4515 ›
3338 4459 3442 4516 Εἶθ’
3476 4459 3579 4528 ἑξῆς

377 4565 489 4630 git:
530 4583 548 4614 ι
582 4563 711 4618 Mihi
735 4565 1052 4637 alienigenae
1078 4568 1278 4624 subditi
1305 4579 1454 4632 sunt,
1491 4587 1511 4620 ι
1545 4568 1680 4632 sive,
1721 4589 1740 4621 ι
1779 4570 1940 4626 amici

379 4656 504 4708 lacti
536 4664 681 4712 sunt.
717 4677 737 4709 ι
772 4657 932 4714 Moab
950 4675 1079 4715 vero
1113 4661 1338 4716 lebetem
1369 4661 1484 4730 spei
1507 4677 1619 4716 sua:
1647 4671 1825 4726 vocat,
1845 4679 1941 4720 seu

377 4750 600 4804 Iebetem
628 4749 828 4804 lavacri
869 4753 972 4814 sui,
1007 4758 1102 4805 aut
1142 4753 1452 4808 securitatis
1505 4769 1636 4817 suae,
1668 4755 1794 4824 quia
1833 4757 1942 4810 alio

375 4839 538 4893 modo
571 4854 679 4894 non
711 4841 918 4896 licitum
947 4844 1049 4913 ipsi
1095 4843 1309 4910 fuisset,
1347 4855 1531 4917 utpote
1572 4849 1739 4904 semel
1771 4865 1939 4919 repu-

372 4930 543 4997 diato,
586 4930 640 4984 in
692 4929 990 4987 Ecclesiam
1018 4933 1110 4990 Dei
1141 4935 1460 5002 concedere,
1492 4938 1597 4992 nisi
1640 4953 1738 5008 per
1783 4939 1935 4993 lava-

372 5037 526 5075 crum
559 5023 1012 5090 regenerationis.
1053 5025 1241 5096 ltaque
1274 5041 1374 5082 ceu
1415 5027 1471 5082 in
1503 5028 1680 5084 lebete
1718 5029 1939 5086 ablutus

371 5121 425 5168 et
459 5121 722 5183 purgatus
751 5129 780 5166 a
815 5114 1050 5184 pristina
1107 5118 1405 5188 impietate,
1452 5121 1625 5190 gratia
1664 5121 1902 5176 donatur
1923 5163 1938 5186 ,

372 5214 535 5274 atque
566 5206 639 5258 ita
691 5207 1043 5262 securitatem
1081 5208 1311 5264 obtinet.
1345 5209 1409 5266 Et
1443 5211 1556 5266 haec
1585 5227 1750 5282 opere
1791 5227 1941 5266 como

368 5293 516 5365 pleta
547 5295 672 5351 licet
703 5296 839 5365 ipsis
866 5299 1041 5354 oculis
1073 5301 1350 5371 percipere
1393 5303 1463 5357 iis
1488 5303 1582 5372 qui
1616 5303 1669 5358 in
1697 5301 1938 5357 Arabum

369 5387 592 5456 regione
648 5390 1091 5459 peregrinantur,
1150 5394 1547 5451 cum-videant
1594 5394 1858 5450 Moabitas
1887 5403 1940 5449 et

371 5477 711 5533 Ammanitae
737 5519 752 5541 ,
803 5483 895 5550 qui
930 5499 1094 5552 penes
1128 5485 1248 5539 illos
1282 5501 1479 5543 magno
1508 5501 1738 5542 numero
1769 5494 1934 5550 sunt,

371 5565 648 5633 Ecclesias
693 5571 790 5628 Dei
841 5576 1090 5644 implere.
1159 5575 1571 5651 Similiterque,
1626 5598 1644 5631 ι
1705 5579 1765 5635 In
1811 5579 1937 5634 ldu-

373 5678 423 5716 m
475 5679 598 5729 am,
635 5666 846 5739 inquit,
894 5670 1258 5725 conscendam
1309 5673 1677 5731 calceamento
1711 5689 1863 5738 meo,
1905 5691 1924 5724 ι

461 5777 504 5805 ³³
548 5777 704 5830 Deut;
744 5791 914 5836 χχιιι,
954 5776 1005 5828 5.
1085 5779 1128 5809 ’⁵
1174 5777 1336 5832 ιιριιτ.
1377 5798 1482 5843 xu,
1522 5782 1605 5834 16.

2044 4565 2137 4616 καὶ
2203 4563 2330 4634 περὶ
2380 4559 2487 4614 τῶν
2533 4560 2732 4613 λοιπῶν
2781 4559 2948 4611 ἐθνῶν
2977 4559 3291 4629 ἀδιορίστως
3338 4553 3578 4621 ἐπιλέγει·

2051 4674 2070 4705 ι
2118 4655 2270 4725 Ἐμοὶ
2328 4654 2612 4722 ἀλλόφυλοι
2663 4651 3035 4720 ὑπετάγησαν,
3063 4669 3080 4700 ι
3118 4649 3152 4718 ἦ
3184 4671 3203 4698 ε
3241 4646 3526 4716 ἐφιλίασαν.
3560 4659 3578 4692 ι

2043 4745 2260 4816 Δέϐητα
2303 4743 2360 4796 δὲ
2399 4745 2490 4797 τὸν
2533 4743 2708 4797 Μωάϐ
2734 4743 2834 4811 τῆς
2872 4740 3065 4794 ἑαυτοῦ
3109 4739 3322 4800 ἐλπίδος
3375 4731 3580 4800 καλεί,ῆ

2040 4837 2240 4910 λέϐητα
2271 4836 2365 4890 τοῦ
2398 4835 2621 4907 λουτροῦ
2671 4833 2886 4896 ἐαυτοῦ,
2916 4833 2948 4903 ἢ
2982 4833 3081 4901 τῆς
3112 4829 3439 4901 ἀμεριμνίας
3475 4828 3583 4878 ἐαυ-

2042 4931 2134 4985 τοῦ
2155 4948 2168 4961 °
2203 4929 2388 5000 ἐπειδὴ
2415 4931 2516 4982 οὐκ
2548 4928 2721 4990 ἄλλως
2770 4925 2897 4996 ἐξῆν
2935 4923 3100 4994 αὐτῷ,
3135 4921 3282 4988 ἅπαξ
3326 4918 3586 4987 ἀποϐλητῳ

2043 5023 2339 5092 γενομένῳ,
2383 5025 2462 5086 εἰς
2505 5022 2603 5094 τὴν
2664 5019 2986 5088 Ἐκκλησίαν
3018 5015 3112 5070 τοῦ
3144 5013 3281 5068 Θεοῦ
3335 5007 3586 5084 παραϐάλ-

2041 5115 2173 5178 λειν,
2206 5114 2279 5184 μὴ
2307 5114 2428 5185 οὐχ).
2452 5113 2540 5167 διὰ
2565 5111 2788 5182 λουτροῦ
2819 5106 3255 5176 παλιγγενεσίας.
3286 5107 3486 5174 ’Ὠσπερ
3507 5095 3584 5153 οὖν

2042 5208 2226 5278 λέϐητι
2261 5207 2699 5276 ἀπολουσάμενος
2736 5205 2829 5259 καὶ¹
2868 5200 3274 5272 ἀποκαθαρθεὶς
3299 5199 3399 5268 τῆς
3416 5192 3583 5266 προτέ-

2046 5317 2145 5372 ρας
2171 5298 2508 5361 δυσσεϐείας,
2542 5293 2888 5362 καταξιοῦται
2915 5295 3014 5365 τῆς
3050 5294 3288 5364 χάριτος,
3321 5290 3412 5344 καὶ
3435 5285 3584 5346 οὕτως

2041 5391 2370 5462 ἀμεριμνίας
2389 5389 2666 5460 τυγχάνει.
2703 5389 2812 5441 Καὶ
2842 5385 3016 5440 ταῦτα
3052 5385 3117 5437 δι’
3143 5384 3318 5454 ἔργων
3359 5391 3580 5450 κεχωρη-

2040 5487 2173 5536 κότα
2193 5483 2454 5554 πάρεστιν
2472 5480 2765 5551 ὀφθαλμοῖς
2782 5477 3136 5550 παραλαϐεῖν,
3156 5478 3222 5546 τῇ
3242 5473 3349 5527 τῶν
3365 5474 3414 5525 Ἀ
3423 5467 3580 5542 ράϐων

2041 5577 2481 5648 ἐπιδημήσαντας
2521 5575 2693 5646 χώρᾳ,
2738 5572 3040 5644 θεωμένους
3079 5585 3140 5621 τε
3171 5567 3298 5629 τοὺς
3335 5562 3454 5633 παρ’
3492 5557 3576 5611 αὑ·

2039 5675 2152 5737 τοῖς
2185 5672 2552 5744 πληθύνοντας
2594 5669 2775 5730 λαοὺς,
2814 5666 3105 5728 Μωαϐίτας
3135 5665 3226 5718 καὶ
3269 5653 3574 5732 Ἀμμανίτας
