3808 6280
288 250 403 311 509

1434 254 1945 314 COMMENTARIA
1977 258 2042 313 IN
2074 258 2414 319 PSALMOS.

3438 274 3546 330 570

288 372 633 443 πληροῦντας
654 371 752 435 τὰς
802 371 1124 443 Ἐκκλησίας
1144 372 1242 426 τοῦ
1291 373 1446 427 Θεοῦ.
1493 375 1765 439 Ὡσαύτως
1816 375 1844 429 δ

1976 380 2276 435 secundum
2312 378 2721 453 Symmacnum.
2773 382 2944 450 Quam
2977 388 3102 443 item
3136 390 3542 458 praedictionem

288 464 409 529 καὶ,
448 484 465 512 ι
523 464 646 517 Ἐπὶ
673 464 979 535 Ἰδουμαίαν
1012 466 1366 537 ἐπιϐήσομαι,
1412 468 1581 537 φησὶ,
1628 468 1707 538 τῷ
1742 469 1872 521 ὑπο-

285 554 493 626 δήματί
538 572 661 625 μου,
704 575 721 606 ι
753 555 895 609 κατά
940 557 1031 609 τὸν
1085 557 1399 627 Σύμμαχον.
1455 559 1565 611 Καὶ
1593 559 1794 629 ταύτην
1812 560 1869 612 δὲ

282 647 389 718 τὴν
437 648 739 718 πρόρρησιν
779 648 932 701 οὐδὲν
976 647 1040 701 ἂν
1077 648 1162 721 εἴη
1196 649 1456 720 δυσχερὲς
1496 650 1641 715 ίδείν,
1673 653 1739 721 τῇ
1762 651 1871 703 τῶν

297 740 616 812 Ἰδουμαίων
644 742 973 804 ὲπιστάντας
996 740 1149 812 χώρᾳ
1191 742 1285 794 καὶ
1316 742 1384 795 τὰ
1422 740 1597 813 πλήθη
1628 743 1733 795 τῶν
1770 743 1867 796 αύ-

279 833 403 885 τόθι
433 831 769 902 Ἐκκλησιῶν
797 832 889 885 τοῦ
918 831 1054 885 Θεοῦ
1080 832 1201 902 ὄψει
1219 834 1631 905 παραλαϐόντας
1651 852 1665 864 ·
1682 834 1757 897 ὡς
1795 835 1869 905 μὴ

275 924 513 995 ὀκνῆσαί
536 941 656 978 τινα
686 924 905 995 ἀληθῶς
939 924 1193 978 ἐπίϐασιν
1225 927 1505 993 γεγονέναι
1538 928 1651 988 τοῖς
1684 925 1869 989 τόποις

276 1016 513 1079 ἐκείνοις
537 1017 894 1086 ὁμολογῆσαι.
917 1017 1014 1069 Διά
1039 1017 1103 1087 δὴ
1130 1017 1301 1083 ταῦτα
1337 1018 1592 1088 ἀνωτέρω
1621 1016 1864 1084 ἐλέγετο·

281 1128 305 1158 ι
371 1109 430 1162 Ὁ
468 1108 601 1172 Θεὸς
641 1108 904 1179 ἐλάλησεν
935 1111 993 1161 ἐν
1020 1109 1098 1179 τῷ
1131 1110 1270 1180 ἁγίῳ
1296 1108 1481 1163 αὐτοῦ·
1520 1109 1868 1177 Ἀγαλλιάσο-

276 1218 403 1271 μαι.
454 1220 472 1253 ι
500 1200 709 1255 Μέλλον
746 1200 857 1271 γὰρ
892 1203 1001 1254 πᾶν
1031 1202 1093 1253 τὸ
1125 1200 1232 1254 τῶν
1264 1201 1567 1274 ἀνθρώπων
1596 1200 1751 1270 γένος
1776 1201 1868 1254 ἐπὶ

275 1292 529 1363 σωτηρίᾳ⁵
575 1291 983 1357 ἀνακαλεῖσθαι,
1017 1293 1332 1363 πρεπόντως
1374 1293 1537 1347 αὐτοῦ
1568 1296 1632 1365 τῇ
1677 1292 1866 1363 φιλαν-

270 1384 520 1454 θρωπία,
549 1385 833 1455 συνέχαιρε
865 1388 932 1457 τῇ
960 1384 1068 1438 τῶν
1105 1384 1426 1455 σωζομένων
1458 1386 1720 1456 σωτηρίᾳ.
1757 1386 1867 1438 Καὶ

270 1478 455 1540 ἄλλως
480 1478 537 1531 δὲ
561 1479 812 1548 ὑπόδημα
840 1481 904 1532 αύ
916 1478 1005 1532 τοῦ
1032 1480 1131 1532 οὐκ
1161 1479 1225 1533 ἂν
1260 1479 1523 1550 ἁμάρτοις
1547 1478 1718 1548 λέγων
1739 1483 1865 1544 τοὺς

268 1569 628 1633 ἀποστόλους,
665 1570 698 1640 ἥ
731 1573 857 1634 τοὺς
888 1571 966 1634 εἰς
1007 1570 1085 1622 ἔτι
1114 1570 1274 1640 δεῦρο
1302 1570 1379 1640 τῷ
1408 1572 1536 1640 περὶ
1570 1569 1735 1624 αὐτοῦ
1765 1590 1864 1642 κη-

271 1659 517 1729 ρύγματι
548 1660 1014 1730 διακονουμένους.
1049 1659 1232 1713 Ταῦτα
1265 1660 1327 1730 δὴ
1345 1655 1437 1713 οὖν
1467 1659 1646 1713 πάντα
1675 1662 1862 1732 εἰργά-

268 1767 411 1803 σατο
457 1753 485 1803 6
518 1751 670 1814 Θεὸς,
712 1752 799 1804 ὅτε
847 1754 933 1805 ἐπ’
973 1752 1187 1822 ἐσχάτῳ
1215 1752 1323 1804 τῶν
1353 1752 1575 1823 ήμερῶν
1600 1752 1859 1824 ἐλάλησεν
1894 1737 1932 1789 Β

265 1842 407 1910 ἡμῖν
439 1843 498 1894 ὲν
523 1842 601 1912 τῷ
639 1842 777 1913 ἁγίῳ
806 1841 991 1895 αὑτοῦ.
1032 1842 1169 1895 Καθ’
1201 1842 1397 1913 ὲτέραν
1412 1842 1467 1895 δὲ
1502 1842 1727 1913 ἐκδοχὴν
1762 1844 1859 1896 λα-

262 1931 446 2001 λήσας
474 1936 503 1986 6
543 1933 675 1996 Θεὸς
701 1936 759 1987 ὲν
789 1933 866 2005 τῷ
893 1935 1032 2003 ἁγίῳ
1059 1933 1248 1995 αὑτοῦ,
1282 1934 1491 1998 πάντας
1524 1934 1859 2001 ἁπαξαπλῶς

276 2024 573 2088 Ἰουδαίους
594 2043 653 2078 τε
681 2027 774 2080 καὶ
791 2026 1079 2097 Ἕλληνας,
1104 2027 1173 2079 τά
1188 2043 1244 2078 τε
1268 2027 1389 2079 καθ’
1411 2026 1538 2096 ὅλης
1558 2027 1657 2096 τῆς
1682 2029 1830 2080 οἰκου
1844 2057 1858 2068 -

268 2114 446 2186 μένης
488 2116 614 2187 έθνη
649 2120 730 2180 είς
772 2117 871 2187 τὴν
906 2116 1101 2171 ἑαυτοῦ
1152 2121 1310 2189 χάριν
1348 2119 1734 2174 ἀνεκαλέσατο·
1776 2123 1857 2174 διὸ

261 2208 365 2259 καὶ
386 2207 483 2277 τὴν
513 2210 714 2279 Σίκιμα
733 2211 827 2263 καὶ
859 2211 950 2263 τὸν
976 2209 1189 2263 Γαλαὰδ
1210 2211 1309 2282 (1),
1329 2211 1421 2264 καὶ
1445 2212 1536 2265 τὸν
1558 2213 1856 2283 Μανασσῆν

262 2299 366 2353 ’καὶ
390 2298 482 2350 τὸν
520 2300 758 2373 Ἐφρατμ
786 2303 881 2355 καὶ
913 2303 1003 2356 τὸν
1049 2302 1251 2355 Ἰούδαν
1293 2304 1387 2356 καὶ
1429 2305 1520 2358 τὸν
1553 2305 1727 2357 Μωάϐ
1762 2306 1855 2359 καὶ

259 2392 370 2460 τὴν
415 2392 716 2462 Ἰδουμαίαν
771 2395 865 2448 καὶ
902 2397 1029 2459 τοὺς
1075 2395 1405 2464 ἀλλοφύλους
1447 2398 1694 2462 ἅπαντας
1728 2417 1858 2453 κατ-

260 2478 635 2551 ηριθμήσατο,
667 2480 727 2546 ἐξ
758 2482 870 2535 ίσου
906 2483 1003 2554 τῆς
1033 2484 1223 2554 ὁμοίας
1248 2484 1490 2555 κλήσεως
1513 2487 1854 2554 καταξιώσας

260 2573 416 2635 ἆπαν
446 2574 509 2626 τὸ
541 2574 647 2626 τῶν
676 2573 978 2645 ἀνθρώπων
1009 2573 1164 2642 γένος
1187 2591 1200 2604 ·
1234 2575 1371 2647 πλὴν
1420 2577 1554 2631 ἀλλά
1605 2578 1854 2650 πρώτους

257 2666 393 2727 τοὺς
413 2664 520 2717 ἀπὸ
552 2664 644 2717 τού
686 2665 900 2736 Ἰσραὴλ
940 2665 1113 2720 καλεῖ.
1159 2665 1353 2737 Ἐχρῆν
1382 2667 1490 2739 γάρ
1516 2666 1583 2720 τὰ
1607 2672 1851 2740 πρωτεῖα

259 2758 362 2810 καὶ
390 2756 490 2819 τάς
516 2758 770 2828 ἀπαρχὰς
798 2755 892 2809 τοῦ
926 2757 1281 2827 εύαγγελικοῦ
1310 2759 1664 2830 κηρύγματος
1697 2762 1850 2832 πρώ-

256 2864 379 2911 τοις
408 2849 590 2912 αὐτοῖς
615 2850 907 2919 ἀπονεῖμαι
930 2848 1017 2901 διὰ
1045 2848 1143 2912 τὰς
1166 2850 1301 2919 πρὸς
1325 2852 1451 2913 τοὺς
1477 2850 1655 2903 αὐτῶν
1682 2854 1851 2907 πατέ-

259 2957 369 3010 ρας
422 2941 777 3009 ἐπαγγελίας,
815 2941 882 2994 δι’
931 2941 999 3004 ἀς
1032 2944 1127 2996 καὶ
1152 2943 1312 3005 αὐτὸς
1339 2944 1368 2994 6
1399 2942 1587 3015 Σωτὴρ
1612 2944 1849 3015 πρώτοις

254 3035 446 3097 αὐτοῖς
524 3034 907 3106 εὐηγγελίζετο
979 3036 1387 3108 μαρτυρόμενος
1468 3038 1564 3090 καὶ
1636 3037 1842 3105 λέγων·
1874 3069 1919 3129 C

261 3146 284 3175 ο
326 3124 443 3179 Οὐκ
469 3122 632 3196 ἦλθον
668 3129 716 3180 εί
753 3126 827 3198 μὴ
876 3128 957 3191 είς
1005 3128 1073 3181 τά
1117 3128 1366 3200 πρόϐατα
1412 3128 1480 3182 τὰ
1532 3128 1847 3205 ἀπολωλότα

164 3218 167 3219 ⁷
251 3215 412 3270 οἴκου
442 3218 678 3289 Ἰσραήλ.
696 3238 714 3269 ι
747 3219 857 3273 Καὶ
880 3223 992 3282 τοῖς
1015 3220 1335 3283 ἀποστόλοις
1350 3220 1405 3273 δὲ
1429 3222 1591 3275 αὑτοῦ
1610 3219 1844 3291 πρώτοις

252 3309 446 3371 αὐτοῖς
490 3309 785 3380 κηρύσσειν
831 3309 893 3362 τὸ
951 3311 1279 3380 Εὐαγγέλιον
1321 3314 1552 3385 παρῄνει
1590 3316 1840 3384 φάσκωνσ

260 3419 282 3449 ι
318 3401 411 3463 Εἰς
436 3400 556 3454 ὁδὸν
580 3400 750 3455 ἐθνῶν
776 3402 849 3473 μὴ
878 3401 1167 3474 ἀπέλθητε,
1204 3404 1299 3457 καὶ
1328 3407 1407 3469 είς
1453 3406 1604 3458 πόλιν
1659 3409 1845 3479 Σαμα-

256 3492 459 3563 ρειτῶν
495 3493 570 3565 μὴ
623 3493 903 3565 εἰσέλθητε
925 3512 938 3524 ·
968 3496 1264 3567 πορεύεσθε
1298 3496 1355 3550 δὲ
1384 3498 1583 3567 μᾶλλον
1612 3499 1748 3570 πρὸς
1774 3500 1843 3554 τά

252 3584 507 3655 πρόϐατα
534 3586 602 3637 τὰ
635 3584 951 3640 ἀπολωλότα
977 3586 1125 3640 οῐκου
1189 3586 1423 3660 Ἰσραήλ.
1468 3611 1486 3642 ι
1532 3586 1664 3643 Εἶτα
1725 3592 1840 3662 μετ’

251 3677 499 3739 ἐκείνους
540 3677 870 3747 προσέταττε
916 3682 1025 3743 τοῖς
1069 3678 1262 3733 ἑαυτοῦ
1310 3681 1580 3753 μαθηταῖς
1612 3683 1844 3753 εὐαγγε-

250 3767 501 3831 λίζεσθαι
533 3769 714 3822 πάντα
740 3768 809 3821 τὰ
833 3769 961 3841 ἔθνη
989 3773 1047 3823 ὲν
1084 3770 1162 3841 τῷ
1192 3771 1415 3843 ὀνόματι
1438 3772 1622 3827 αὐτοῦ.
1654 3773 1842 3840 Οὕτως

249 3857 351 3915 οὖν
372 3861 469 3914 καὶ
499 3861 592 3913 ἐπὶ
615 3861 710 3913 τοῦ
741 3863 1007 3933 παρόντος
1034 3865 1063 3914 ὁ
1093 3862 1201 3927 τῶν
1230 3863 1364 3917 ὅλων
1389 3864 1520 3928 Θεὸς
1539 3867 1842 3937 ὲνοικήσειν

250 3957 312 4007 ἑν
342 3951 423 4023 τῷ
458 3953 599 4024 ἁγίῳ
628 3954 816 4017 αὑτοῦ,
850 3957 907 4008 ὲν
927 3954 1076 4025 αύτῷ
1107 3973 1167 4008 τε
1195 3956 1289 4009 καὶ
1316 3956 1380 4009 δι’
1404 3957 1565 4010 αὐτοῦ
1589 3956 1841 4029 λαλήσειν

250 4044 573 4115 ἀνθρώποις
633 4045 978 4109 θεσπίζεταιο
1037 4049 1132 4100 καὶ
1176 4048 1251 4111 ὡς
1298 4048 1430 4119 ὁμοῦ
1466 4052 1561 4103 καὶ
1606 4051 1747 4104 κατά
1781 4051 1841 4104 τὸ

248 4137 385 4189 αὐτὸ
414 4136 508 4190 τὸν
551 4136 790 4209 Ἐφραίμ
816 4138 911 4191 καὶ
940 4138 1031 4191 τὸν
1067 4138 1367 4210 Μανασσῆν
1393 4141 1487 4194 καὶ
1514 4140 1604 4194 τὸν
1642 4140 1839 4196 Ἰούδαν

245 4228 583 4295 εἰσδέξεται-
646 4230 696 4283 οἳ
753 4229 921 4282 παλαι
978 4230 1075 4299 μὲν
1120 4226 1260 4301 ἦσαν
1319 4231 1622 4295 διεστῶτες,
1672 4233 1760 4285 ὅτε
1810 4236 1839 4287 6

247 4322 355 4392 μὲν
392 4320 595 4385 Ἰούδας
624 4320 935 4374 ἐϐασίλευεν
960 4323 1016 4375 ὲν
1051 4321 1424 4393 Ἰερουσαλὴμ,
1442 4325 1469 4376 6
1491 4323 1546 4375 δὲ
1578 4323 1833 4395 Ἐφραῒμ,

1974 473 2028 526 in
2050 480 2304 542 promptu
2332 481 2417 527 est
2432 475 2756 543 completam
2783 477 2965 531 videre
2991 478 3056 532 iis
3073 480 3165 547 qui
3186 480 3237 533 in
3258 478 3544 535 ldumaaam

1971 563 2301 628 concedunt,
2337 576 2391 621 et
2448 565 2849 622 multitudinem
2904 567 3270 625 Ecclesiarum
3330 569 3425 625 Dei
3469 571 3545 625 ibi

1971 657 2351 725 conSpiciunt;
2385 665 2443 712 ut
2469 666 2759 714 cunctetur
2796 674 2956 713 nemo
2992 662 3239 716 confiteri
3266 704 3279 727 ,
3314 679 3440 718 vere
3487 664 3543 718 in

1970 746 2089 800 loca
2113 747 2203 800 illa
2230 762 2593 804 conscensum
2624 747 2825 805 factum
2856 765 2998 805 esse.
3054 749 3348 821 Pmpterea
3381 769 3545 822 supe-

1969 837 2087 891 rius
2122 836 2329 892 dictum
2358 850 2441 894 est
2468 859 2481 894 :
2506 858 2525 891 ‹
2564 839 2705 895 Deus
2736 841 2952 896 locutus
2979 849 3063 896 est
3096 844 3151 895 in
3183 852 3375 897 sancto
3404 840 3538 900 suo:

1968 928 2289 986 Exsultabo.
2323 950 2341 982 ι
2368 930 2503 987 Nam
2524 949 2647 988 cum
2688 933 2984 988 humanum
3016 949 3186 1004 genus
3227 936 3540 991 universum

1968 1020 2034 1073 ad
2066 1022 2298 1077 salutem
2332 1023 2694 1077 revocandum
2714 1031 2882 1089 esset,
2914 1032 2973 1078 ut
2993 1025 3113 1092 ejus
3140 1039 3265 1094 erga
3292 1025 3543 1080 homines

1967 1124 2209 1165 amorem
2239 1111 2504 1176 decebat,
2558 1113 2789 1167 salutem
2826 1114 3005 1168 nactis
3040 1115 3366 1183 gratulatur.
3420 1115 3539 1169 Alia

1966 1213 2146 1259 autem
2175 1203 2388 1258 ratione
2414 1203 2547 1257 nihil
2574 1204 2799 1259 aberres
2828 1206 2873 1259 si
2912 1202 3085 1267 dicas,
3111 1207 3537 1260 calceamentmn

1964 1294 2085 1363 ejus
2117 1293 2287 1348 fuisse
2312 1293 2611 1362 apostolos,
2636 1295 2750 1349 sive
2778 1295 2940 1349 etiam
2972 1295 3092 1364 ejus
3114 1298 3179 1349 ad
3205 1296 3345 1349 hanc
3368 1312 3540 1366 usque

1964 1385 2106 1439 diem
2144 1385 2552 1454 praedicationis
2613 1386 2919 1441 ministros.
2960 1386 3084 1441 Haec
3126 1387 3309 1457 itaque
3356 1390 3539 1443 omnia

1962 1489 2216 1547 operatus
2248 1488 2332 1535 est
2366 1478 2505 1534 Deus
2531 1518 2547 1543 ,
2608 1480 2827 1548 quando
2882 1480 2936 1534 in
2993 1481 3291 1536 novissimo
3325 1481 3537 1535 dierum

1964 1571 2180 1625 locutus
2221 1579 2307 1626 est
2341 1571 2496 1625 nobis
2534 1571 2586 1625 in
2620 1570 2821 1625 Sancto
2857 1588 2977 1625 suo.
3017 1572 3329 1627 Secundum
3374 1574 3535 1626 aliam

1964 1679 2091 1717 vero
2123 1664 2561 1732 explicationem,
2608 1664 2825 1717 locutus
2862 1664 3001 1719 Deus
3051 1667 3103 1718 in
3161 1665 3364 1719 Sancto
3404 1681 3531 1727 suo,

1962 1771 2154 1811 omnes
2201 1757 2425 1810 omnino
2474 1754 2692 1810 Judaaos
2740 1767 2793 1810 et
2828 1755 3046 1811 Graecos
3079 1797 3093 1819 ,
3151 1757 3394 1826 aliasque
3442 1773 3537 1826 per

1964 1841 2276 1897 universum
2301 1843 2489 1896 orbem
2520 1852 2710 1913 gentes
2750 1843 2815 1897 ad
2853 1844 3081 1913 gratiam
3117 1860 3270 1898 suam
3308 1861 3534 1900 revoca-

1961 1933 2056 1985 vit.
2098 1932 2281 1998 Quare
2313 1930 2576 1993 Sichima,
2608 1932 2832 2000 Galaad,
2865 1934 3151 1989 Manassen
3176 1976 3190 1999 ,
3238 1934 3493 2003 Ephraim
3516 1975 3530 1999 ,

1956 2027 2189 2091 Judam,
2230 2027 2422 2091 Moab,
2478 2029 2811 2094 lduniaeam,
2862 2036 2916 2082 et
2969 2029 3301 2098 alienigenas
3344 2044 3532 2082 omnes

1957 2120 2315 2184 enumeravit,
2333 2120 2499 2175 simili
2534 2121 2815 2174 vocatione
2845 2128 3016 2173 totum
3040 2136 3210 2190 genus
3234 2120 3530 2173 humanum

1955 2227 2107 2281 atque
2130 2212 2423 2281 dignatus;
2463 2212 2557 2268 sed
2589 2213 2800 2282 priores
2826 2215 2915 2281 qui
2945 2228 3008 2267 ex
3033 2211 3199 2267 lsracl
3233 2220 3387 2265 erant
3419 2227 3533 2271 rne-

1956 2304 2207 2357 moravit.
2250 2302 2502 2373 Oportuit
2542 2305 2688 2358 enim
2726 2303 2997 2374 primitias
3022 2303 3345 2372 evangelica:
3395 2318 3531 2373 prae-

1926 2389 2247 2451 'dicationis
2278 2396 2412 2466 ipsis
2441 2395 2719 2464 impertire
2742 2434 2758 2459 ,
2811 2395 2881 2450 ob
2939 2394 3331 2464 promissiones
3362 2394 3533 2463 patri-

1952 2486 2057 2541 bus
2087 2502 2275 2542 eorum
2314 2484 2521 2549 factas,
2586 2500 2819 2555 quarum
2877 2500 3043 2540 causa
3094 2484 3341 2538 Salvator
3398 2483 3533 2553 ipsis

1953 2578 2232 2648 prioribus
2274 2577 2625 2649 Evangelium
2659 2576 3005 2647 praedicabat.
3034 2576 3147 2630 haec
3174 2574 3528 2630 testiﬁcatus:

1958 2667 2106 2722 «Non
2122 2668 2243 2723 veni
2261 2668 2364 2721 nisi
2384 2668 2448 2721 ad
2463 2683 2592 2720 oves
2610 2682 2727 2735 quae
2744 2665 3020 2736 perierunt
3037 2667 3232 2719 domus
3247 2666 3408 2719 Israel
3427 2665 3491 2718 ".
3505 2685 3526 2719 ›

1950 2758 2232 2829 Apostolis
2264 2773 2483 2829 quoque
2512 2760 2627 2813 suis
2650 2758 3018 2826 praecipiebat,
3038 2767 3095 2809 ut
3132 2756 3267 2825 ipsis
3294 2744 3529 2827 primum

1952 2850 2305 2919 Evangelium
2328 2848 2686 2919 przedicarent
2719 2848 2907 2901 dicens
2935 2866 2946 2901 :
2985 2866 3003 2899 ι
3037 2846 3095 2900 ln
3116 2848 3258 2901 viam
3286 2848 3528 2917 gentium

1951 2957 2020 2994 ne
2052 2940 2321 3004 abieritis,
2357 2948 2411 2993 et
2450 2939 2506 2993 in
2537 2940 2811 2992 civitatem
2842 2936 3312 2992 Samaritanorum
3345 2956 3413 2992 ne
3448 2941 3529 2992 in-

1950 3033 2228 3097 traveritis
2250 3050 2265 3099 ;
2298 3032 2391 3088 sed
2411 3032 2483 3087 ite
2512 3032 2695 3101 potius
2713 3032 2779 3085 ad
2798 3046 2949 3094 oves,
2967 3047 3089 3100 qua:
3112 3032 3411 3101 perierunt,
3431 3029 3531 3084 do-

1952 3142 2074 3181 mus
2092 3124 2335 3181 Israel".
2364 3144 2382 3176 ι
2403 3122 2713 3179 Secundum
2735 3123 2857 3177 illos
2870 3130 3048 3177 autem
3063 3121 3363 3191 jubetdisci
3373 3123 3527 3191 pulos

1949 3234 2080 3274 suos
2114 3216 2467 3285 Evangelium
2511 3215 2810 3287 praedicare
2862 3214 3116 3269 omnibus
3176 3214 3429 3284 gentibus
3474 3214 3528 3267 in

1948 3307 2169 3361 nomine
2196 3322 2317 3361 suo.
2347 3306 2438 3360 Sic
2463 3321 2593 3375 ergo
2610 3306 2663 3359 in
2698 3305 2953 3376 praesenti
2976 3306 3359 3359 universorum
3384 3303 3530 3360 Deus

1949 3398 2004 3452 in
2039 3397 2241 3453 Sancto
2261 3414 2361 3453 suo
2394 3397 2765 3452 habitaturum
2797 3412 2878 3462 se,
2910 3404 3073 3466 atque
3103 3396 3156 3449 in
3192 3396 3311 3467 ipso
3350 3406 3402 3450 et
3432 3410 3529 3466 βικ-

1948 3489 2129 3560 ipsum
2161 3489 2471 3545 locuturum
2500 3504 2621 3544 esse
2644 3489 2957 3543 hominibus
2977 3489 3337 3541 vaticinatur:
3369 3497 3422 3542 et
3453 3490 3529 3542 ait

1948 3570 2216 3634 se‘simul
2249 3579 2561 3648 pariterque
2589 3577 2870 3646 Ephraim,
2902 3576 3189 3631 Manassen
3235 3584 3289 3631 et
3329 3576 3527 3631 Judam

1949 3678 2308 3741 excepturum
2347 3686 2507 3736 esse;
2545 3670 2636 3740 qui
2683 3670 2811 3723 olim
2842 3670 3059 3738 quidem
3112 3668 3292 3723 dissiti
3326 3680 3475 3723 erant
3508 3710 3524 3729 ,

1945 3763 2168 3833 quando
2194 3761 2334 3816 Juda
2356 3762 2616 3832 regnabat
2639 3762 2692 3815 in
2721 3759 3047 3826 Jerusalem,
3072 3760 3326 3829 Ephraim
3352 3761 3406 3813 in
3440 3759 3530 3813 Si-

1946 3854 2144 3909 chimis
2176 3862 2230 3907 et
2254 3852 2522 3916 Samaria,
2547 3851 2827 3905 Manasses
2857 3838 2983 3905 vero
3013 3852 3293 3907 habitabat
3332 3852 3387 3906 in
3415 3849 3525 3906 Ga-

1945 3948 2087 4003 laad.
2126 3945 2198 4002 Ut
2228 3947 2380 4001 nullo
2424 3947 2591 4016 igitur
2622 3946 2851 4000 ulterius
2885 3943 3201 3999 discrimine
3260 3945 3525 4001 interces-

1946 4056 2097 4106 suro,
2128 4040 2387 4109 nullaque
2419 4040 2558 4092 inter
2587 4052 2683 4092 eos
2713 4037 3079 4108 discrepantia
3120 4035 3337 4104 futura,
3374 4039 3523 4107 ipsus

1943 4133 2157 4203 priores
2221 4132 2489 4199 advocat;
2548 4129 2745 4184 deinde
2800 4128 3105 4194 Moabitas,
3158 4130 3522 4191 Ammonitas,

1944 4226 2235 4295 Idumaeos,
2268 4237 2608 4294 cazterosque
2642 4225 2892 4278 homines
2925 4238 3115 4277 omnes
3137 4263 3151 4286 ,
3208 4223 3520 4278 universum

1943 4318 2130 4374 orbem
2160 4318 2485 4372 incolentes.
2519 4315 2594 4369 Ex
2636 4316 2862 4371 historia
2902 4330 3065 4384 porro
3108 4313 3522 4385 Evangeliorum

243 4416 304 4465 ὲν
338 4412 592 4481 Σικίμοις
626 4413 718 4467 καὶ
746 4412 1052 4484 Σαμαρείᾳ,
1089 4415 1117 4465 6
1160 4414 1217 4465 δὲ
1243 4414 1538 4483 Μανασσῆς
1568 4413 1702 4483 ᾧκει
1734 4416 1833 4486 τὴν

1956 4409 2172 4474 :discas,
2213 4424 2322 4479 (luo
2349 4411 2609 4480 tempore]
2633 4405 2867 4461 Sanctus
2899 4405 2988 4461 Dei
3040 4408 3093 4459 in
3140 4405 3395 4459 Sichimis
3428 4419 3522 4474 pe-

242 4507 283 4559 Γ
286 4504 484 4558 αλαάδ.
536 4506 621 4566 Ὠς
653 4505 849 4574 μηκέτι
877 4505 1056 4557 τοίνυν
1080 4502 1408 4575 ἀφορισμοῦ,
1448 4505 1583 4575 μήτε
1611 4503 1832 4558 διαστά-

241 4613 391 4659 σεως
424 4593 592 4665 οὔσης
634 4596 690 4647 ὲν
722 4593 924 4658 αὐτοῖς,
953 4593 1201 4664 πρώτους
1236 4594 1433 4656 αὐτοὺς
1468 4593 1796 4647 εἰσ-καλεῖται
1818 4612 1833 4625 ο

238 4684 369 4741 εἶτα
402 4686 700 4749 Μωαϐίτας
735 4685 830 4739 καὶ
872 4685 1227 4756 Ἀμμανίτας,
1273 4684 1601 4754 Ἰδουμαίους
1636 4702 1695 4738 τε
1742 4686 1836 4739 καὶ

238 4781 378 4841 τοὺς
409 4778 629 4843 λοιποὺς
660 4778 908 4841 ἅπαντας
940 4778 1259 4849 ἀνθρώπους
1289 4778 1413 4840 τοὺς
1441 4777 1558 4829 καθ’
1584 4778 1711 4847 ὅλης
1738 4780 1836 4850 τῆς

242 4868 576 4939 οἰκουμένης
602 4866 902 4931 οἰκοῦντας.
937 4866 1171 4930 Γνώσεις
1199 4868 1243 4920 δ’
1274 4866 1339 4919 ἂν
1370 4870 1434 4921 ἐκ
1460 4868 1558 4937 τῆς
1597 4870 1837 4941 ἱστορίας

242 4959 359 5012 τῶν
388 4960 758 5030 Εύαγγελίων,
792 4961 940 5023 ὅπως
981 4957 1103 5013 καθ’
1129 4957 1221 5019 οὓς
1252 4960 1473 5029 χρόνους
1504 4962 1531 5013 6
1565 4960 1716 5028 ἅγιος
1738 4960 1833 5013 τοῦ

244 5050 385 5104 Θεοῦ
419 5052 513 5105 καὶ
550 5055 660 5116 τοῖς
694 5053 941 5123 Σικίμοις
996 5051 1276 5125 ἐπεδήμει,
1309 5054 1403 5106 καὶ
1460 5054 1599 5124 αὐτῇ
1649 5055 1833 5125 Σαμα-

1942 4502 2348 4571 regrinabatur,
2383 4501 2513 4555 etin
2535 4501 2651 4572 ipsa
2683 4500 2948 4562 Samaria,
2972 4513 3184 4553 necnon
3208 4498 3261 4551 in
3297 4495 3521 4550 Jerusa-

1942 4594 2069 4660 lem,
2100 4594 2353 4648 lsraelcm
2403 4602 2517 4646 tum
2571 4594 2921 4663 conjunctum
2954 4592 3157 4654 fuisse,
3207 4590 3518 4658 nullamque

1941 4685 2323 4741 intercessisse
2352 4684 2708 4751 divisionem;
2746 4686 2825 4740 sic
2847 4692 2900 4739 et
2932 4683 3209 4752 apostolos
3245 4697 3373 4737 suos
3408 4682 3520 4751 pri-

1943 4794 2031 4831 mo
2092 4778 2157 4832 ad
2208 4793 2338 4833 oves
2372 4792 2493 4847 qua:
2546 4777 2818 4848 perierant
2870 4775 3066 4829 domus
3115 4773 3280 4829 Israel
3328 4774 3515 4836 misit;

1944 4878 2132 4941 postea
2161 4879 2363 4935 autem,
2403 4869 2595 4924 iisdem
2633 4885 2764 4923 usus
2790 4883 2890 4922 ceu
2921 4867 3339 4928 calceamentis,
3391 4866 3515 4919 uui-

1941 4976 2161 5015 versum
2193 4960 2477 5015 hominum
2521 4975 2692 5032 genus
2745 4959 2969 5015 salutari
3028 4957 3202 5030 gratia
3264 4958 3516 5030 dignatus

1938 5058 2044 5106 cst.

254 5146 399 5215 ρείᾳ,
429 5148 493 5216 τῇ
523 5162 583 5197 τε
621 5145 994 5218 Ἰερουσαλὴμ,
1021 5145 1299 5215 ἡνωμένον
1354 5145 1475 5199 τότε
1509 5147 1603 5198 τοῦ
1640 5146 1874 5217 Ἰσραὴλ,
1935 5145 2030 5197 καὶ
2081 5144 2350 5215 μηδεμιᾶς
2382 5142 2549 5213 οὔσης
2584 5144 2639 5194 ἐν
2674 5139 2821 5211 αὐτῷ
2853 5141 3219 5204 διαστάσεως·
3269 5140 3410 5193 οὕτω
3457 5140 3513 5193 δὲ

253 5238 507 5302 καὶτοὺς
560 5238 754 5291 ἑαυτοῦ
783 5236 1110 5300 ἀποστόλους
1138 5238 1273 5309 πρὸς
1305 5240 1373 5292 τὰ
1414 5237 1660 5311 πρόϐατα
1692 5238 2007 5291 ἀπολωλότα
2054 5237 2203 5290 οἴκου
2257 5234 2469 5307 Ἰσραὴλ
2523 5235 2582 5286 ὲν
2652 5233 2885 5304 πρώτοις
2950 5234 3312 5305 διεπέμπετο*
3378 5234 3516 5306 μετά

257 5327 521 5392 δὲταῦτα,
537 5331 649 5393 τοῖς
666 5331 846 5394 αὐτοῖς
880 5328 1069 5401 ὥσπερ
1098 5330 1403 5402 ὑποδήμασι
1438 5330 1737 5403 χρώμενος,
1757 5331 1818 5383 τὸ
1834 5332 2049 5385 πάντων
2065 5330 2369 5403 ἀνθρώπων
2395 5330 2551 5399 γένος
2580 5328 2676 5399 τῆς
2707 5328 2973 5398 σωτηρίου
2993 5327 3249 5399 κατηξίου
3272 5328 3512 5399 χάριτος.

335 5443 353 5473 ο
389 5425 484 5486 Τίς
518 5423 716 5488 ἀπάξει
752 5442 817 5490 με
840 5427 919 5489 είς
946 5427 1098 5479 πόλιν
1127 5427 1420 5498 περιοχῆς;
1455 5427 1487 5498 ἣ
1525 5428 1608 5490 τίς
1639 5428 1836 5498 ὁδηγή-

262 5531 338 5568 σει
374 5533 440 5585 με
472 5515 578 5579 ἓως
612 5516 710 5585 τῆς
768 5510 1098 5588 Ἰδουμαίας;
1134 5518 1268 5589 Οὐχὶ
1314 5520 1378 5572 σὺ
1432 5520 1461 5571 6
1505 5518 1635 5581 Θεὸς
1667 5521 1695 5571 ὁ
1727 5520 1835 5572 ἀπ-

328 5628 373 5658 ’⁶
410 5626 610 5681 Matth.
648 5644 741 5691 xv,
775 5628 865 5682 26.
940 5630 983 5661 ’⁷
1019 5626 1210 5682 Matth.
1247 5646 1303 5695 ι,
1341 5630 1464 5697 5,6.

2019 5425 2187 5482 Vens.
2224 5428 2312 5481 ll.
2373 5445 2391 5476 ι
2423 5425 2556 5491 Quis
2584 5426 2815 5482 abducet
2846 5441 2931 5479 me
2957 5425 3011 5478 in
3034 5424 3306 5478 civitatem
3336 5424 3513 5477 muni-

1945 5519 2096 5572 tam?
2128 5527 2223 5572 ant
2268 5518 2393 5590 quis
2434 5517 2665 5574 deducet
2727 5534 2812 5572 me
2861 5532 3034 5589 usque
3074 5518 3125 5571 in
3188 5512 3523 5572 ldumwaml

325 5740 400 5807 (ι,
436 5739 556 5808 Τὴν
589 5740 810 5810 Σίκυμα
832 5740 928 5795 καὶ
957 5742 1059 5796 τὸν
1086 5743 1350 5798 Γαλαιίδ.
1388 5745 1549 5803 Forte
1584 5745 1646 5801 τὰ
1674 5747 1732 5801 Σ.
1763 5762 1816 5801 κ.

1977 5744 2033 5798 Γ.
2058 5742 2215 5799 Ευιτ.
