3808 6280
192 342 287 396 573
1301 322 1799 381 COMMENTARlA
1838 320 1903 375 IN
1943 320 2281 376 PSALMOS.
3308 318 3412 372 57‘

190 461 471 531 λογραφίας
503 454 700 521 ἔλεγεν·
732 470 748 501 ‹
796 448 853 502 '0
882 447 1034 510 Θεὸς,
1060 444 1268 498 ἀπώσω
1302 444 1447 513 ἡμᾶς
1481 441 1575 494 καὶ
1608 438 1745 493 καθ-

1885 455 1975 493 um
2030 436 2199 493 semel
2237 442 2291 489 et
2324 433 2567 487 secundo
2599 432 2845 498 dixisset,
2867 452 2883 483 ι
2905 430 3081 498 Quis?
3112 451 3131 484 ι
3167 446 3288 485 eum
3318 433 3411 501 qui

192 522 315 616 εἷλες
354 522 517 621 ημᾶς.
566 567 582 597 ι
626 545 714 598 Διὸ
769 542 903 615 πρὸς
947 540 1159 609 ἐκείνην
1200 535 1295 606 τὴν
1340 532 1519 604 φωνὴν
1562 531 1745 589 ἀποδί-

1879 532 1997 583 olus
2038 528 2169 582 talia
2210 524 2500 581 ostendere
2548 525 2722 593 possit
2772 539 3104 594 cognoscere
3141 539 3198 577 se
3242 522 3415 576 conli-

191 648 337 699 δωσιν
374 639 605 695 ἐνταῦθα
631 637 727 708 τὴν
755 637 920 704 αὐτὴν
943 633 1179 686 διάνοιαν
1214 628 1416 696 λέγων·
1460 644 1477 675 ι
1508 624 1640 694 Οὐχὶ
1682 624 1743 675 σὺ

1879 632 2025 688 etur;
2062 622 2149 676 hic
2172 634 2335 690 porro
2370 617 2515 673 Deus
2544 627 2695 681 erat;
2729 616 2872 685 quod
2909 616 3069 669 etiam
3127 614 3282 668 initio
3313 614 3417 666 hu-

191 740 217 791 6
238 736 359 797 Θεὸς
405 734 433 785 6
460 705 813 799 ἀπωσάμενος
855 727 1031 796 ήμᾶς;
1066 742 1084 775 ι
1125 721 1221 783 Τίς
1248 719 1354 789 γὰρ
1384 716 1559 780 ἄλλος,
1592 715 1743 785 φησι,

1879 732 1933 771 us
1966 713 2115 767 tituli
2166 709 2545 781 inscriptionis
2595 707 2812 763 dicebat
2845 727 2859 762 :
2896 727 2913 758 ‹
2954 707 3117 769 Deus,
3164 705 3415 777 repulisti

192 827 393 881 δύναται
419 823 585 887 δεῖξαι
613 822 743 891 ἡμῖν
775 817 872 880 τὰς
900 812 1231 883 ἐπαγγελίας
1263 810 1363 873 τὰς
1393 809 1490 872 σὰς
1525 807 1746 860 καὶτῶν

1886 824 1947 863 os
1974 818 2028 861 et
2053 804 2376 861 destruxisti
2408 817 2563 857 nos.»
2597 801 2777 868 Quare
2810 800 2875 854 ad
2906 800 3050 853 illam
3069 817 3255 856 vocem
3286 815 3410 869 spe-

198 917 290 971 σῶν
312 916 480 983 λόγων
514 913 579 966 τὰ
611 909 1046 978 ἀποτελέσματα,
1081 906 1129 957 εί
1166 904 1238 975 μὴ
1268 904 1332 956 σὺ
1364 900 1524 962 αὐτὸς
1571 902 1600 951 6
1643 899 1747 951 ἀπο

1882 909 2025 965 tans,
2066 896 2317 953 eamdem
2370 897 2461 952 hic
2526 893 2728 967 profert
2790 894 3111 949 sententiam
3183 891 3411 947 dicens:

195 1006 456 1074 ωσάμενος
489 1003 671 1072 fusae;
700 1000 755 1070 ἢ,
787 996 929 1050 κατὰ
964 994 1054 1048 τὸν
1084 993 1397 1063 Σύμμαχον,
1427 1009 1445 1040 ι
1482 990 1544 1041 Εἰ
1578 989 1651 1059 μὴ
1684 988 1747 1039 σὺ

196 1096 220 1146 6
248 1093 368 1156 Θεὸς
397 1093 425 1143 6
457 1088 891 1159 ἀποδαλλὸμενος
916 1088 1084 1158 ἡμᾶς,
1112 1083 1206 1137 καὶ
1241 1082 1315 1153 μὴ
1350 1078 1661 1151 προσελθὼν
1692 1080 1749 1131 ἐν

196 1187 300 1247 ταῖς
344 1182 723 1253 στρατεύσεσιν
762 1179 953 1249 ἡμῶν;
996 1197 1015 1229 ι
1064 1174 1293 1231 Ἀπώσω
1323 1174 1429 1244 γὰρ
1472 1172 1619 1241 ἡμᾶς
1662 1171 1746 1233 σὺ,

198 1279 369 1348 Κύριε,
404 1276 494 1329 καὶ
533 1272 780 1336 καθεῖλες
817 1274 992 1343 ἡμᾶς·
1030 1268 1163 1322 ἀλλὰ
1197 1266 1291 1318 καὶ
1333 1263 1499 1317 πάλαι
1546 1260 1749 1324 εἰωθὼς

202 1365 478 1430 συνεξιέναι
523 1365 616 1417 καὶ
669 1362 1035 1433 συμπολεμεῖν
1081 1361 1202 1421 ταῖς
1254 1356 1549 1427 ἡμετέραις
1596 1352 1751 1404 δυνά-

1854 1013 1871 1045 ‹
1900 994 2090 1048 Nonne
2112 1000 2198 1053 tu,
2232 989 2400 1055 Deus,
2438 990 2531 1058 qui
2581 989 2829 1059 repulisti
2857 986 2995 1041 nos?
3022 1004 3040 1037 ι
3095 986 3228 1050 Quis
3268 986 3412 1039 enim

1852 1086 2016 1145 alius,
2067 1085 2266 1154 inquit,
2318 1083 2585 1153 promissa
2616 1089 2729 1145 tua,
2780 1086 2836 1133 et
2878 1078 3170 1132 verborum
3199 1087 3414 1129 tuorum

1850 1178 2056 1231 exitum
2122 1175 2378 1230 exhibere
2434 1172 2589 1227 nobis
2650 1171 2845 1229 valeat,
2914 1169 3017 1222 nisi
3072 1176 3130 1220 tu
3172 1166 3287 1236 ipse
3324 1167 3417 1235 qu’i

1853 1266 2099 1336 repulisti
2136 1264 2281 1319 nos?
2312 1264 2448 1326 sive,
2485 1262 2787 1318 secundum
2821 1258 3227 1331 Symmachum,
3259 1275 3275 1307 ι
3301 1256 3418 1310 Nisi

1858 1368 1938 1422 tu,
1972 1358 2136 1420 Deus,
2160 1358 2251 1427 qui
2286 1357 2483 1425 abjicis
2519 1370 2640 1419 nos,
2689 1362 2743 1407 et
2772 1368 2881 1407 non
2913 1349 3128 1405 accedis
3167 1349 3234 1402 ad
3266 1365 3421 1404 exer-

200 1477 329 1533 μεσι,
348 1458 440 1511 νῦν
460 1458 547 1510 ὅτε
578 1457 675 1526 τὴν
704 1455 895 1524 κλῆσιν
919 1454 1156 1522 ἐποιήσω
1189 1450 1297 1501 τῶν
1326 1446 1515 1511 ἐθνῶν,
1549 1443 1753 1498 ἀπώσω

1879 1453 1999 1506 :itus
2034 1449 2290 1504 nostros?
2322 1469 2340 1500 ι
2418 1446 2693 1517 Siquidem
2723 1443 2973 1514 repulisti
3030 1458 3153 1508 nos,
3206 1448 3265 1494 tu
3314 1439 3422 1494 bo-

200 1554 329 1624 ημᾶς
353 1550 442 1603 καὶ
470 1549 655 1601 οὐκέτι
685 1546 975 1616 συνεξέρχῃ
1000 1548 1117 1608 ταῖς
1146 1542 1444 1613 ἡμετέραις
1470 1538 1747 1609 δυνάμεσι.

1879 1543 2025 1605 nine,
2057 1549 2110 1594 et
2141 1540 2332 1595 destru
2351 1539 2475 1593 xisti
2508 1554 2648 1592 nos:
2686 1536 2781 1591 sed
2815 1536 2907 1605 qui
2936 1535 3063 1587 olim
3100 1548 3207 1587 una
3235 1532 3423 1588 nobis-i

202 1644 349 1713 Ἄλλη
397 1638 487 1696 οὖν
520 1642 622 1695 οὐκ
655 1640 798 1693 ἔστιν
848 1641 979 1709 ἡμῖν
1005 1638 1158 1700 ἐλπὶς
1190 1636 1325 1707 πρὸς
1358 1632 1417 1686 τὸ
1459 1630 1752 1686 θεάσασθαί

1879 1650 1982 1689 :um
2028 1635 2200 1695 exire,
2273 1639 2325 1687 et
2366 1647 2488 1684 cum
2543 1629 2877 1684 exercitibus
2930 1625 3135 1681 nostris
3184 1639 3425 1694 pugnare

198 1756 277 1792 σου
318 1736 411 1800 τὰς
454 1735 808 1804 ἐπαγγελίας,
855 1733 904 1785 εί
964 1732 1037 1801 μὴ
1088 1731 1152 1782 σὺ
1207 1727 1366 1790 αὐτὸς
1413 1723 1746 1795 βουληθείης.

1862 1726 2097 1789 solebas,
2131 1740 2279 1778 nunc
2323 1733 2444 1792 post
2474 1729 2751 1791 peractam
2784 1720 3023 1790 gentium
3057 1718 3421 1789 vocationem,

197 1828 282 1882 Σοῦ
306 1798 408 1899 γὰρ
447 1798 793 1898 θελήσαντος,
822 1798 1047 1876 δυνατὸν
1098 1822 1229 1891 ἡμῖν
1288 1818 1413 1880 τοὺς
1460 1817 1584 1877 σοὺς
1623 1829 1754 1882 προ-

1879 1816 2110 1885 ·ερυιίδιὶ
2144 1830 2267 1877 nos,
2329 1828 2503 1882 neque
2532 1812 2675 1865 ultra
2729 1809 3005 1878 egrederis
3053 1822 3175 1862 cum
3206 1806 3425 1862 virtuti-

198 1924 350 1993 φήτας
388 1918 863 1988 συγκαταλεγῆναι
893 1918 959 1986 τῇ
996 1913 1146 1966 πόλει
1195 1927 1287 1963 σου
1313 1912 1379 1980 τῇ
1410 1921 1750 1980 περιπεφρα-

196 2013 373 2086 γμένῃ,
410 2011 500 2065 καὶ
531 2009 885 2082 ῥδηγηθῆναι
915 2007 1018 2069 ἕως
1044 2004 1144 2075 τῆς
1173 2000 1581 2072 ἀποδειχθείσης
1606 1997 1755 2050 Ἰδου-

202 2107 347 2179 μαίας

267 2394 283 2426 ι
324 2372 416 2435 Δὸς
452 2372 586 2442 ἡμῖν
622 2368 873 2440 βοήθειαν
913 2367 977 2419 ἐκ
1012 2364 1263 2433 θλίψεως,
1295 2362 1387 2416 καὶ
1417 2359 1619 2433 ματαία
1652 2376 1757 2413 σω-

199 2467 345 2539 τηρία
387 2462 708 2534 ἀνθρώπων.
752 2460 840 2512 Ἐν
888 2458 965 2527 τῷ
1002 2456 1121 2526 Θεῷ
1169 2457 1465 2525 ποιήσομεν
1509 2453 1758 2523 δύναμιν,

211 2558 291 2611 καὶ
312 2556 461 2619 αὐτὸς
483 2550 834 2619 ἐξουδενὼσει
859 2551 983 2612 τοὺς
1010 2547 1286 2611 θλίϐοντας
1317 2546 1482 2616 ἡμᾶς.
1520 2563 1538 2595 ι
1566 2546 1629 2596 0i
1652 2543 1760 2597 τῶν

212 2646 528 2716 ἐπαγγελιῶν
558 2641 987 2708 καταξιωθέντες
1020 2638 1356 2691 διδάσκονται
1387 2635 1474 2689 διὰ
1497 2634 1604 2687 τῶν
1633 2652 1764 2706 προ-

206 2739 442 2811 κειμένων
473 2742 665 2808 νήφειν
701 2734 793 2787 καὶ
826 2730 1204 2801 ἐγρηγορέναι,
1248 2723 1762 2797 παρασκευάζεσθαί

203 2850 253 2885 τε
281 2834 351 2895 είς
395 2830 627 2898 θλίψεις,
659 2826 752 2879 καὶ
784 2825 851 2877 δι’
881 2823 1055 2892 εὐχῶν
1099 2822 1274 2889 λέγειν
1301 2819 1380 2891 τῷ
1415 2819 1624 2872 ἑαυτῶν
1670 2817 1765 2887 βα-

208 2926 352 2980 σιλεῖ·
385 2944 403 2977 ι
439 2924 538 2986 Δὸς
579 2923 712 2991 ἡμῖν
743 2915 991 2987 βοήθειαν
1031 2915 1096 2967 ἐκ
1148 2912 1416 2981 θλίψεωςο
1456 2930 1475 2962 ι
1531 2908 1765 2981 ματαίαν

207 3019 301 3090 γὰρ
338 3012 471 3071 εἶναι
506 3018 692 3068 πᾶσαν
722 3010 818 3080 τὴν
857 3007 914 3074 ἐξ
947 3004 1246 3077 ἀνθρώπων
1278 3002 1489 3057 ἐλπίδα.
1529 2998 1643 3054 Εἶτ’
1672 2999 1765 3053 εύ-

210 3111 404 3180 ξάμενοι
431 3106 628 3166 ταῦτα,
660 3103 759 3173 τὴν
788 3097 997 3169 ἀγαθὴν
1026 3094 1422 3148 ἐπιδείκνυνται
1454 3090 1764 3162 προθυμίαν

210 3202 461 3268 λέγοντες·
513 3215 533 3247 ι
583 3196 671 3247 Ἐν
710 3191 826 3261 Θεῷ
867 3190 1165 3260 ποιήσομεν
1201 3186 1448 3254 δύναμιν,
1478 3183 1572 3237 καὶ
1605 3180 1765 3244 αὐτὸς

209 3288 527 3356 ἐξουδενώσει
578 3285 706 3346 τοὺς
753 3280 1031 3342 θλίϐοντας
1072 3278 1237 3349 ἡμᾶς.
1284 3295 1302 3328 ι
1348 3274 1598 3337 Τοιοῦτος
1638 3270 1705 3344 ἦν
1742 3274 1769 3325 6

214 3382 401 3443 Παῦλος
431 3379 608 3446 λέγων
628 3392 641 3406 ο
698 3394 716 3424 ι
748 3373 929 3426 Πάντα
968 3369 1135 3440 ἰσχύω
1167 3371 1223 3421 ἐν
1263 3366 1343 3437 τῷ
1382 3363 1769 3435 ἐνδυναμοῦντί

216 3488 301 3541 με’
343 3489 360 3520 ι
424 3467 520 3522 καὶ
582 3464 774 3516 πάλιν·
844 3480 861 3512 ‹
909 3461 1023 3514 Οὐκ
1044 3457 1153 3527 ἐγὼ
1174 3457 1253 3521 δὲ,
1328 3458 1512 3527 φησὶν,
1579 3454 1693 3507 ἀλλ’
1737 3455 1770 3523 ἡ

213 3563 351 3631 χάρις
392 3563 424 3631 ἡ
456 3562 554 3612 σὺν
583 3556 726 3625 ἐμοί.
765 3573 783 3606 ι
826 3552 1011 3605 Ταῦτα
1050 3551 1106 3603 δὲ
1134 3550 1311 3619 λέγειν
1346 3549 1685 3602 παιδεύονται
1721 3549 1771 3600 οἱ

214 3656 270 3706 ἐκ
305 3653 396 3722 τῆς
433 3647 741 3719 Ἰδουμαίας
770 3645 864 3699 καὶ
908 3646 971 3695 ἐκ
1012 3642 1120 3695 τῶν
1152 3642 1464 3709 ἀλλοφύλων
1509 3640 1677 3694 ἐθνῶν
1704 3642 1771 3709 τῇ

215 3743 295 3798 τοῦ
322 3741 449 3808 Θεοῦ
482 3742 667 3812 χάριτι
696 3733 1177 3807 προσεληλυθότες.
1214 3734 1276 3786 Ei
1302 3733 1360 3785 δέ
1392 3735 1455 3786 ἐκ
1481 3731 1773 3804 προσώπου

215 3834 295 3889 τοῦ
318 3805 653 3905 προφητικοῦ
681 3805 841 3900 χοροῦ
879 3826 1089 3893 λέγοιτο
1131 3823 1442 3887 καὶταῦτα,
1476 3822 1677 3893 πρέποι
1711 3820 1777 3874 ἂν
1813 3805 1818 3809 ’

214 3930 409 3991 αὐτοὺς,
442 3920 962 3991 ἀποκλαυσαμένους
989 3917 1080 3970 τὸν
1110 3916 1371 3986 ἀπωσμὸν
1401 3915 1495 3967 καὶ
1528 3914 1625 3985 τὴν
1649 3911 1779 3967 καθ-

216 4018 403 4089 αίρεσιν
442 4017 539 4070 τοῦ
576 4012 843 4085 προτέρου
889 4008 1042 4072 λαοῦ,
1072 4006 1234 4077 εὐχὴν
1274 4002 1613 4075 ἁναπέμπείν
1640 4005 1780 4075 ὑπὲρ

217 4111 299 4164 τοῦ
342 4109 517 4165 κοινοῦ
560 4108 778 4161 πάντων
806 4102 984 4157 αὐτῶν
1028 4101 1299 4172 σώματος,
1343 4098 1437 4153 καὶ
1477 4098 1656 4165 λέγειν
1702 4095 1781 4166 τῷ

218 4201 324 4273 Θεῴ
350 4202 418 4256 τὰ
440 4199 802 4272 προκείμενα.

276 4316 320 4368 ι.
359 4314 463 4368 ειΣ
493 4313 582 4365 το
614 4308 832 4362 ΤΕΑυΣ
863 4306 956 4360 EN
985 4305 1267 4368 ΥΜΝοιΣ,
1301 4302 1388 4356 To
1420 4302 1615 4355 ΔΑΥΙΔ
1646 4302 1721 4357 Ξο.

289 4446 307 4479 ι
348 4427 699 4485 Εἰσὰκουσον,
730 4422 757 4473 6
783 4419 933 4483 Θεὸς,
972 4422 1072 4490 τῆς
1114 4416 1348 4489 δεήσεὼς
1386 4434 1507 4487 μου,
1552 4415 1783 4485 πρόσχες

221 4522 281 4591 τῇ
309 4521 576 4591 προσευχῇ
611 4534 733 4588 μου.
782 4536 800 4566 ι
850 4515 911 4567 Οἱ
955 4486 1051 4583 μὲν
1086 4486 1557 4581 ἐπιγεγραμμένοι
1595 4506 1769 4576 στηλο-

1895 4512 2073 4550 meam
2099 4534 2112 4558 ,
2163 4489 2385 4546 intende
2426 4486 2665 4543 orationi
2710 4500 2862 4541 meae.

222 4612 445 4681 γραιρίας
479 4609 675 4679 ἐφεξῆς
712 4607 873 4659 πέντε
907 4604 1066 4675 μέχρι
1102 4600 1195 4654 τοῦ
1226 4600 1300 4653 νϐ’
1343 4599 1494 4661 τέλος
1535 4598 1777 4667 έχουσινο

226 4704 320 4756 sic“.
342 4703 395 4755 δὲ
429 4702 630 4763 πάντες
654 4701 701 4752 οἱ
724 4698 926 4766 ταύτην
957 4695 1170 4765 ἔχοντες
1194 4692 1293 4762 τὴν
1338 4688 1662 4761 προγραφὴν
1686 4688 1746 4754 ἐξ
1766 4705 1778 4718 ·

227 4793 342 4846 οἵτε
376 4790 761 4865 προλεχθέντες
795 4787 888 4840 καὶ
910 4789 938 4838 6
967 4791 1025 4837 ιε’
1059 4785 1117 4836 ἐν
1141 4781 1218 4852 τῷ
1259 4780 1459 4853 πρώτῳ
1499 4780 1655 4851 μέρει
1687 4782 1786 4849 τῆς

231 4885 399 4957 βίϐλου
427 4885 533 4939 τῶν
563 4881 810 4953 Ψαλμῶν
832 4878 1102 4949 κείμενος.
1133 4876 1199 4929 Ὅ
1227 4892 1289 4943 γε
1324 4872 1427 4945 μὴν
1456 4872 1589 4945 μετὰ
1602 4875 1788 4944 χεῖρας

231 4975 383 5049 ὕμνος
409 4978 483 5031 ῶν
531 4977 623 5029 κα)⁵
656 4971 818 5034 αὐτὸς
848 4972 927 5034 είς
970 4967 1030 5022 τὸ
1057 4967 1209 5031 τέλος
1242 4965 1329 5019 διὰ
1373 4964 1471 5028 τὰς
1516 4964 1607 5015 ἐπὶ
1650 4963 1791 5017 τέλει

231 5070 314 5123 τοῦ
358 5070 524 5142 ὕμνου
566 5064 868 5139 φερομένας
909 5061 1243 5130 ἐπιχρήστας
1294 5056 1624 5126 ἐπαγγελίας
1662 5055 1791 5108 ἀνα-

233 5165 445 5232 πέμπει.
503 5162 624 5214 Είσὶ
675 5160 733 5213 δὲ
792 5160 989 5219 πάντες
1039 5156 1088 5207 οἱ
1146 5148 1614 5222 ἐπιγεγραμμένοι
1650 5167 1668 5197 ι
1702 5146 1790 5199 Ἐν

234 5253 409 5323 ὕμνοις
445 5275 463 5306 ι
507 5255 697 5306 πέντεο
748 5252 841 5305 δύο
892 5250 987 5320 μὲν
1032 5250 1088 5300 ἐν
1134 5246 1212 5316 τῷ
1263 5241 1465 5313 πρώτῳ
1501 5239 1653 5311 μέρει
1692 5242 1792 5308 τῆς

243 5347 431 5416 βίϐλου,
470 5348 498 5399 6
538 5348 790 5417 τέταρτος
834 5343 926 5398 καὶ
970 5344 998 5394 6
1043 5345 1115 5403 ς’.
1156 5335 1296 5389 Ἀλλ’
1338 5329 1480 5388 οὗτοι
1509 5333 1609 5402 μὲν
1652 5351 1669 5383 ι
1708 5331 1795 5384 Ἐν

243 5438 416 5508 ὕμνοις
443 5439 645 5511 ψαλμοὶ
681 5460 698 5488 ι
730 5439 975 5505 λέγονται
1000 5452 1013 5465 ·
1039 5435 1087 5487 οἱ
1109 5432 1165 5485 δὲ
1191 5433 1247 5483 ἐν
1276 5428 1354 5499 τῷ
1380 5428 1614 5497 δευτέρῳ
1644 5424 1797 5495 μέρει

241 5531 327 5600 τῆς
356 5530 531 5601 βίόλου
557 5533 703 5603 τρεῖς
736 5549 753 5581 ‹
778 5530 867 5583 Ἐν
899 5528 1087 5597 ὕμνοις
1123 5544 1139 5575 ι
1188 5522 1580 5591 ἐπιγράφονται
1615 5516 1794 5587 μόνον,

242 5621 267 5671 ὅ
294 5628 388 5689 νγ,
421 5622 513 5676 καὶ
544 5626 572 5677 6
594 5623 686 5686 νδ’,
715 5623 805 5677 καὶ
824 5625 853 5675 6
882 5619 1019 5690 μετὰ
1042 5621 1246 5689 χεῖρας.
1306 5614 1364 5667 ΟΞ
1395 5612 1492 5681 μὲν
1516 5606 1607 5664 οὖν
1643 5628 1659 5661 ι
1707 5607 1795 5661 Ἐν

318 5780 354 5813 ¹¹¹
392 5780 583 5854 Philip.
620 5796 693 5847 ιν,
732 5779 817 5836 15.
896 5780 938 5811 ⁸⁹
974 5774 997 5831 l
1036 5774 1163 5831 Cor.
1201 5790 1293 5839 xv,
1331 5772 1419 5829 10.

1863 1909 1967 1962 bus
2018 1908 2245 1962 nostris.
2304 1902 2424 1957 Non
2478 1904 2583 1958 alia
2635 1904 2817 1971 itaque
2847 1901 3035 1955 subest
3083 1898 3243 1952 nobis
3297 1911 3425 1966 spes

1858 2000 2080 2052 videndi
2117 1999 2384 2068 promissa
2424 2008 2538 2060 tua,
2593 1995 2699 2049 nisi
2759 2006 2815 2048 tu
2855 1993 2973 2063 ipse
3019 1992 3276 2046 volueris.
3348 1989 3425 2044 Te

1858 2091 2062 2161 quippe
2093 2091 2328 2154 volente,
2363 2103 2659 2159 possumus
2685 2102 2785 2140 nos
2815 2085 3091 2155 prophetae
3122 2083 3202 2137 tui
3239 2083 3293 2137 in
3318 2084 3426 2136 cir-

1859 2191 2144 2250 cumsepta
2179 2182 2397 2235 civitate
2431 2188 2523 2232 tua
2574 2176 2945 2242 annumerari,
2986 2191 3049 2229 ae
3092 2174 3286 2229 deduci
3332 2188 3427 2226 us—
3466 2186 3467 2189 ‘

1862 2291 1968 2344 que
1996 2274 2331 2327 declaratam
2363 2272 2509 2325 illam
2558 2269 2866 2337 ldurnaeani.

1934 2344 2343 2427 \’£ns.13,l4.
2392 2361 2513 2414 «Da
2564 2362 2724 2415 nobis
2768 2359 3030 2414 auxilium
3080 2358 3147 2412 de
3199 2357 3430 2411 tribula-

1863 2457 2032 2519 tione,
2086 2466 2139 2510 et
2184 2469 2321 2509 vana
2373 2452 2523 2509 salus
2558 2449 2864 2505 hominum.
2918 2449 2978 2501 ln
3010 2446 3118 2501 Deo
3162 2446 3428 2500 faciemus

1864 2549 2144 2611 virtutem,
2173 2556 2228 2601 et
2276 2547 2394 2616 ipse
2444 2543 2512 2598 ad
2562 2543 2791 2597 nihilum
2838 2539 3067 2596 deducet
3103 2538 3431 2592 tribulantes

1865 2656 1988 2694 nos.
2014 2661 2032 2691 ι
2092 2637 2196 2705 Qui
2231 2638 2518 2708 promissis
2550 2635 2753 2705 dignati
2807 2642 2958 2698 sunt,
3015 2632 3099 2686 his
3132 2630 3432 2685 edocentur

1868 2733 2048 2787 sobrie
2077 2732 2345 2801 agendum
2373 2738 2427 2784 et
2454 2728 2788 2798 vigilandum
2806 2741 2947 2791 esse,
2970 2732 3132 2793 atque
3149 2723 3215 2776 ad
3236 2736 3437 2775 aerum-

1869 2840 1970 2879 nas
2026 2833 2247 2894 paratos
2287 2838 2410 2877 esse
2463 2831 2734 2891 oportere,
2771 2834 2835 2873 ac
2867 2819 3050 2872 dicere
3084 2815 3194 2884 regi
3225 2829 3325 2869 suo
3380 2814 3434 2866 in

1869 2916 2226 2980 orationibus,
2278 2932 2296 2966 ι
2318 2914 2393 2966 Da
2427 2913 2585 2967 nobis
2614 2912 2875 2966 auxilium
2903 2910 2969 2964 de
2993 2909 3345 2963 tribulatione
3369 2926 3381 2959 :
3411 2926 3430 2958 ι

1869 3023 2010 3063 vana
2059 3008 2259 3078 quippe
2293 3014 2377 3060 est
2436 3020 2563 3075 spes
2606 3006 2660 3059 in
2713 3004 2931 3058 homine
2983 3001 3181 3072 posita.
3233 2997 3437 3053 Deinde

1872 3103 1988 3157 haec
2003 3102 2231 3171 precati,
2255 3098 2555 3153 alacritatis
2578 3112 2691 3151 sum
2714 3096 2868 3167 signa
2892 3095 3134 3165 praebent
3156 3092 3435 3149 dicentes:

1878 3214 1896 3245 ι
1922 3196 1979 3249 In
2010 3194 2118 3248 Deo
2153 3192 2415 3246 faciemus
2442 3191 2720 3252 virtutem,
2754 3197 2806 3243 et
2831 3188 2944 3256 ipse
2978 3188 3045 3240 ad
3084 3185 3316 3238 nihilum
3343 3181 3438 3236 de-

1867 3288 2029 3343 ducet
2083 3288 2409 3342 tribulantes
2470 3300 2590 3338 nos.
2621 3302 2640 3333 ι
2719 3281 2868 3334 Talis
2915 3286 3032 3334 erat
3069 3276 3301 3337 Paulus,
3346 3274 3440 3343 qui

1870 3382 2117 3435 dicebat:
2155 3401 2173 3431 ι
2214 3380 2407 3434 Omnia
2438 3391 2660 3448 possum
2719 3374 2775 3427 in
2818 3388 2882 3428 eo
2942 3372 3034 3442 qui
3085 3386 3169 3424 me
3219 3367 3440 3423 confor-

1872 3474 2005 3527 tat“
2034 3490 2049 3538 ;
2080 3492 2099 3523 ›
2157 3487 2220 3525 ac
2268 3486 2526 3534 rursum;
2586 3466 2703 3521 Non
2751 3481 2873 3536 ego,
2921 3463 3118 3533 inquit,
3179 3460 3274 3517 sed
3317 3475 3443 3531 gra—

1874 3568 1948 3619 tia
1992 3580 2113 3635 quae
2158 3572 2240 3619 est
2298 3561 2591 3618 mecum".
2622 3580 2640 3611 ι
2711 3558 2793 3611 Ad
2855 3557 2970 3611 haec
3030 3552 3259 3609 dicenda
3311 3565 3442 3604 eru-

1875 3658 2122 3722 diuntur,
2159 3656 2251 3725 qui
2279 3671 2345 3709 ex
2384 3654 2622 3708 ldumzea
2652 3658 2705 3704 et
2738 3666 2803 3704 ex
2832 3645 3153 3715 alienigenis
3184 3641 3443 3713 gentibus

1878 3750 1945 3803 ad
2010 3748 2104 3803 Dei
2169 3748 2400 3817 gratiam
2455 3755 2759 3797 accessere.
2818 3737 2973 3803 Quod
3008 3736 3054 3790 si
3082 3751 3166 3798 ,ex
3212 3747 3443 3804 persona

1879 3839 2183 3912 prophetici
2216 3836 2371 3891 chori
2414 3835 2687 3893 dicantur,
2721 3844 2853 3884 sane
2896 3828 3053 3881 decet
3082 3826 3228 3895 ipsos
3260 3823 3445 3892 repul-

1882 3948 1996 3986 sam
2041 3938 2097 3985 et
2123 3931 2337 3983 ruinam
2382 3925 2582 3995 prioris
2615 3921 2799 3994 pepuli
2839 3919 3211 3988 deplorantes,
3241 3914 3448 3968 oratio-

1880 4038 2005 4077 nem
2051 4020 2330 4075 ell‘undere
2357 4031 2456 4086 pro
2488 4012 2766 4069 communi
2807 4026 2907 4067 suo
2947 4023 3199 4079 corpore,
3239 4017 3291 4061 et
3331 4005 3447 4060 haec

1882 4115 2048 4169 verba
2072 4112 2182 4168 Deo
2212 4110 2476 4181 proferre.

2026 4268 2076 4322 1.
2112 4264 2178 4319 ΙΝ
2210 4261 2441 4330 FINEM,
2481 4259 2550 4314 ΙΝ
2585 4257 2867 4328 HYMNIS,
2910 4255 3157 4312 DAVIDI.
3202 4253 3313 4308 LX.

1960 4402 2129 4457 Vens.
2181 4400 2250 4465 2,
2293 4400 2344 4453 '5.
2397 4416 2415 4449 ‹
2470 4393 2721 4459 Exaudi,
2782 4392 2962 4454 Deus,
3021 4387 3455 4459 deprecationem

2900 4502 2919 4536 ι
2952 4481 3057 4548 Qui
3089 4480 3228 4534 tituli
3259 4477 3455 4531 inscri-

1891 4590 2110 4659 ptiones
2171 4586 2467 4647 dicuntur,
2530 4585 2930 4648 consequenter
2999 4571 3164 4643 positi
3228 4582 3457 4623 numero

1890 4680 2165 4750 quinque,
2207 4677 2263 4729 in
2312 4692 2401 4729 1.1x
2459 4673 2739 4728 desinunt.
2786 4666 2927 4721 Sunt
3001 4672 3184 4717 autem
3225 4675 3453 4722 omnes,

1892 4774 1985 4843 qui
2033 4770 2349 4841 hujusmodi
2399 4767 2560 4822 titulo
2609 4762 3008 4819 inscribuntur,
3058 4767 3287 4809 numero
3317 4766 3454 4815 sex;

1894 4880 2088 4935 nempe
2133 4863 2226 4934 qui
2253 4862 2366 4932 jam
2398 4857 2686 4915 memorati
2730 4859 2895 4914 sunt,
2926 4858 2980 4904 et
3024 4847 3270 4902 decimus
3297 4843 3460 4914 quin-

1897 4971 2018 5021 tus,
2073 4958 2129 5010 in
2181 4957 2354 5025 prima
2401 4962 2553 5023 parte
2600 4948 2724 5002 libri
2761 4944 3102 5000 Psalmorum
3156 4940 3313 4994 situs.
3362 4936 3462 4989 Hic

1894 5068 2025 5107 vero
2055 5065 2215 5120 quem
2261 5049 2377 5118 jam
2425 5052 2726 5100 tractamus
2765 5038 3033 5109 hymnus,
3065 5032 3132 5086 ad
3165 5030 3323 5083 ﬁnem
3345 5068 3361 5091 ,
3393 5026 3463 5081 ob

1896 5142 2149 5216 perutilia
2182 5141 2273 5195 illa
2315 5137 2586 5207 promissa
2610 5174 2625 5200 ,
2659 5146 2780 5202 quae
2808 5131 2863 5184 in
2904 5127 3011 5182 ﬁne
3058 5124 3329 5185 feruntur,
3376 5133 3465 5174 re-

1898 5212 2084 5290 inittit.
2126 5232 2265 5287 Sunt
2296 5238 2475 5283 autem
2510 5246 2527 5277 ι
2557 5227 2617 5280 1η
2647 5223 2864 5295 hymnis
2897 5240 2916 5273 ›
2947 5215 3196 5285 inscripti
3225 5212 3465 5282 quinque

1901 5338 2169 5381 numero:
2216 5334 2447 5390 quorum
2492 5317 2603 5370 duo
2644 5315 2699 5369 in
2746 5314 2919 5382 prima
2962 5315 3112 5378 parte
3150 5303 3272 5357 libri
3302 5307 3462 5363 sunt,

1898 5426 2128 5488 quartus
2149 5428 2364 5483 nempe,
2389 5420 2441 5465 et
2471 5418 2677 5464 sextus.
2710 5406 2815 5462 Sed
2840 5404 2915 5457 illi
2938 5402 3157 5473 quidem
3188 5418 3203 5449 ι
3234 5398 3290 5451 In
3313 5397 3467 5467 hym-

1905 5512 1993 5565 nis
2026 5507 2217 5579 psalmi
2248 5525 2264 5557 ι
2296 5504 2555 5558 dicuntur
2584 5517 2598 5566 ;
2648 5498 2741 5570 qui
2785 5512 2911 5552 vero
2941 5497 2996 5549 in
3038 5490 3275 5548 secunda
3317 5496 3469 5558 parte

1908 5602 2033 5657 libri
2076 5608 2206 5657 sunt
2229 5636 2244 5664 ,
2288 5603 2401 5652 tres
2443 5608 2707 5659 numero,
2739 5608 2758 5643 ι
2790 5589 2847 5645 In
2882 5586 3098 5661 hymnis
3120 5605 3139 5638 ι
3170 5583 3344 5640 solum
3384 5579 3471 5634 in-
