3808 6280
419 303 526 362 ξ’τῦ

421 436 788 501 scribuntur;
821 446 1015 502 nempe
1047 445 1140 484 LIII
1167 470 1182 490 .
1215 446 1326 492 Liv,
1358 439 1410 482 et
1451 429 1541 483 hic
1582 445 1745 499 quem
1795 435 1998 482 tracta-
2032 411 2074 464 Α
2105 401 2293 502 ὖμξνοις

417 543 562 585 mus.
596 527 699 594 Qui
731 525 899 597 igitur
929 542 948 576 ‹
978 523 1038 577 In
1083 523 1301 594 hymnis
1325 521 1522 592 psalmi
1555 539 1576 573 ι
1600 521 1881 582 dicuntur,
1915 520 1996 574 vi-

415 619 616 674 dentur
647 632 773 671 cum
804 614 1018 670 musico
1060 614 1461 677 instrumento,
1490 609 1640 680 quod
1679 608 1997 679 psalterium

416 713 643 774 dicunt,
674 707 1018 780 pronuntiati
1065 704 1278 761 fuisse:
1321 705 1582 775 quoniam
1629 702 1724 773 qui
1777 701 1994 772 psallit,

414 803 665 872 corporis
689 839 704 864 ,
738 799 884 870 quod
919 800 1354 854 instrumentum
1397 797 1594 850 anima:
1622 802 1748 859 est,
1780 794 1998 849 actione

415 893 640 966 indiget.
688 891 794 959 Qui
848 900 1030 946 autem
1082 890 1273 962 hymni
1321 888 1496 946 solum
1536 889 1832 952 dicuntur,
1878 887 1994 942 sola

413 1000 546 1038 voce
593 983 856 1055 hymnum
900 981 1216 1047 oﬁ‘erentis,
1267 981 1419 1034 nulla
1461 979 1705 1035 adhibita
1746 980 1990 1050 psalterii

416 1074 727 1148 pulsatione
747 1116 762 1137 .
794 1075 925 1130 dicti
958 1082 1087 1130 sunt
1115 1092 1130 1141 ;
1161 1073 1254 1145 qui
1285 1087 1567 1128 sermones
1597 1071 1796 1126 ibidem
1829 1071 1992 1142 positi

414 1169 532 1222 sola
577 1168 774 1222 nieutis
815 1167 1191 1238 speculatione
1234 1181 1374 1235 opus
1418 1164 1674 1219 habeant.
1706 1162 1871 1233 ldque
1897 1163 1993 1217 de-

412 1259 586 1312 clarat
617 1275 862 1328 praesens
894 1257 1131 1328 hymnus
1162 1255 1256 1326 qui
1302 1255 1382 1310 sic
1430 1254 1594 1308 habet
1622 1273 1634 1308 :
1665 1273 1684 1304 ι
1713 1253 1759 1306 Α
1791 1253 1990 1308 ﬁnibus

411 1359 574 1404 terra:
614 1348 684 1403 ad
728 1357 782 1402 te
829 1348 1109 1413 clamavi;
1144 1366 1161 1392 ι
1189 1361 1300 1417 quo
1347 1345 1618 1417 signiﬁcat
1660 1343 1986 1414 Prophetam

406 1442 565 1510 quasi
593 1450 750 1496 extra
799 1440 1049 1510 corporis
1096 1439 1360 1494 ambitum
1403 1454 1433 1492 a
1482 1437 1594 1492 Deo
1626 1449 1986 1508 assumptum

407 1533 597 1589 fuisse.
627 1531 737 1588 Nec
766 1533 957 1603 ignoro
987 1533 1230 1601 reliquos
1255 1533 1583 1602 interpretes
1613 1530 1721 1584 alia
1747 1529 1988 1587 edidisse

404 1626 637 1681 ratione.
698 1624 799 1678 llic
850 1632 1034 1679 autem
1088 1625 1342 1680 obsecrat
1399 1621 1568 1678 David
1621 1623 1707 1678 his
1758 1624 1982 1678 verbis:

409 1735 426 1766 σ
456 1716 701 1781 Exaudi,
732 1716 875 1772 Deus
895 1756 909 1780 ,
938 1716 1380 1787 deprecationem
1412 1729 1609 1769 meam.
1633 1731 1654 1766 ι
1681 1715 1815 1768 Cum
1837 1716 1982 1768 enim

401 1811 617 1881 magnis
657 1810 970 1881 divinisque
1011 1809 1174 1864 rebus
1212 1815 1406 1880 egeat,
1449 1807 1564 1862 haec
1609 1808 1874 1879 consequi
1922 1824 1981 1864 se

400 1901 664 1970 postulat.
710 1900 918 1958 Deinde
966 1908 1023 1956 ut
1065 1917 1124 1956 se
1165 1900 1393 1971 dignum
1420 1899 1658 1956 declaret
1687 1901 1779 1970 qui
1812 1916 1980 1956 exau-

400 1991 602 2057 diatur,
637 1993 959 2065 subjungit:
991 2011 1009 2044 ι
1041 1991 1266 2047 intende
1291 1991 1530 2046 orationi
1575 2007 1727 2046 meae.
1761 2011 1778 2044 ι
1812 1991 1978 2046 Suam

397 2082 544 2137 enim
576 2084 879 2138 orationem
909 2097 1105 2153 magna
1133 2090 1188 2136 et
1215 2080 1483 2151 profunda
1511 2081 1748 2151 quadam
1778 2081 1979 2135 intelli-

397 2175 579 2243 gentia
626 2177 890 2245 repletam
928 2190 1050 2230 esse
1088 2174 1368 2240 conﬁsus,
1416 2176 1648 2247 rogabat
1695 2173 1867 2229 Deum
1917 2183 1977 2227 ut

397 2268 698 2337 respiceret
739 2274 795 2322 et
828 2266 994 2322 verba
1027 2281 1126 2321 sua
1157 2267 1558 2336 specularetur,
1586 2265 1733 2320 dicta
1761 2266 1976 2320 exami-

395 2364 581 2420 naret,
611 2367 796 2428 utpote
825 2358 942 2413 suis
969 2357 1197 2412 auribus
1241 2357 1428 2428 digna.
1476 2356 1681 2413 Deinde
1726 2372 1837 2411 rem
1881 2359 1976 2412 de-

394 2449 569 2503 clarat
595 2451 754 2519 cujus
793 2465 963 2506 causa
991 2449 1161 2506 Deum
1205 2451 1474 2508 orationis
1511 2460 1626 2508 suae
1668 2454 1976 2522 speculato-

395 2557 509 2596 rein
540 2542 865 2608 advocaret,
895 2559 1021 2598 cum
1053 2544 1279 2615 adjicit:
1315 2565 1334 2596 ι
1367 2546 1410 2599 A
1457 2545 1658 2602 ﬁnibus
1704 2556 1862 2602 terra;
1906 2547 1974 2601 ad

393 2639 448 2686 te
474 2634 726 2689 clamavi.
757 2633 860 2689 »Ει
887 2637 1014 2706 quia
1043 2637 1236 2707 reliqui
1265 2640 1592 2708 interpretes
1619 2639 1781 2694 simili
1812 2639 1973 2694 modo

392 2727 736 2796 interpretati
787 2735 950 2794 sunt,
1003 2730 1196 2799 Aquila
1251 2732 1497 2798 scilicet,
1548 2751 1566 2783 ι
1597 2732 1681 2787 Ab
1725 2741 1972 2788 extremo

391 2826 553 2872 terra:
581 2818 648 2872 ad
680 2826 732 2874 te
757 2819 1006 2876 clamabo
1031 2839 1046 2888 ;
1075 2843 1094 2875 ι
1129 2821 1493 2895 Symmachus
1522 2839 1655 2879 vero
1678 2864 1692 2888 ,
1723 2843 1742 2876 ι
1771 2825 1816 2878 Α
1850 2825 1973 2878 ﬁni-

387 2909 492 2963 bus
520 2917 682 2965 terraa
708 2919 759 2966 te
790 2913 1056 2968 invocabo
1083 2932 1098 2976 ;
1133 2935 1152 2968 ι
1179 2915 1369 2986 quinta
1409 2925 1588 2972 autem
1633 2916 1803 2971 editio
1827 2958 1842 2984 ,
1877 2937 1894 2969 ι
1924 2917 1969 2970 Α

388 2998 591 3055 ﬁnibus
634 3008 794 3056 terra:
834 3003 902 3057 ad
954 3013 1006 3058 te
1035 3006 1317 3073 clamabo;
1354 3027 1371 3060 ι
1399 3008 1524 3077 quis
1550 3023 1660 3062 non
1689 3008 1820 3063 dicti
1850 3025 1971 3063 scn-

389 3093 615 3145 tentiam
644 3094 840 3147 merito
869 3085 1152 3166 requirat?
1178 3097 1282 3164 Qui
1312 3100 1457 3154 enim
1488 3102 1664 3170 possit
1688 3101 1962 3171 quispiam

905 3147 1109 3166 ⁷·ι’““”’
1134 3147 1144 3150 “
1187 3147 1282 3164 ι’*
1319 3147 1457 3154 """'
1488 3147 1664 3170 r""'
1690 3147 1962 3171 Ί“““¹Ι’““”“’
2076 3168 2086 3184 ο
2195 3168 2210 3182 ,

385 3193 563 3237 totum
621 3185 810 3240 orbem
865 3198 1319 3259 praetergressus,
1379 3207 1502 3246 cum
1567 3208 1734 3262 super
1785 3194 1964 3264 ipsum
1995 3147 2037 3202 Ο

387 3273 665 3330 Oceanum
714 3276 1026 3343 devenerit,
1081 3281 1194 3335 haec
1250 3282 1579 3338 vociferari:
1626 3303 1644 3335 ι
1678 3283 1724 3338 Α
1769 3285 1971 3341 ﬁnibus

387 3374 548 3421 terra:
571 3367 641 3421 ad
669 3378 721 3423 te
747 3370 978 3425 clamavi
1002 3372 1024 3425 ?
1059 3393 1078 3424 ι
1110 3373 1179 3426 At
1207 3376 1522 3433 consideres
1555 3379 1716 3432 velim
1740 3419 1754 3443 ,
1788 3394 1969 3433 annon

388 3460 571 3515 omnis
603 3459 699 3515 Dei
729 3461 943 3518 amicus
973 3463 1107 3521 ﬁnes
1137 3473 1296 3522 terra:
1325 3477 1693 3538 congruenter
1719 3483 1963 3527 vocetur.

384 3548 520 3605 Nam
551 3552 832 3624 improbus
873 3557 1036 3613 homo
1082 3560 1179 3631 qui
1231 3561 1408 3616 forum
1439 3573 1494 3618 et
1525 3567 1713 3621 turbas
1733 3606 1747 3629 ,
1781 3568 1966 3621 curias

383 3652 436 3697 et
483 3643 780 3701 tribunalia
830 3649 1267 3718 circumcursat,
1306 3663 1566 3728 totusque
1598 3659 1654 3712 in
1682 3659 1964 3728 corporeis

381 3735 755 3806 voluptatibus
786 3740 1040 3799 defossus
1071 3752 1193 3811 est,
1223 3746 1348 3816 jure
1388 3749 1442 3803 in
1485 3749 1758 3820 profundo
1805 3765 1965 3806 terra:

381 3827 634 3885 habitare
665 3819 918 3901 dicatur;
951 3836 1046 3906 qui
1077 3853 1207 3892 vero
1235 3858 1252 3890 ι
1283 3840 1608 3896 circuierint
1640 3844 1696 3897 in
1744 3846 1960 3901 melotis

378 3930 434 3975 ct
478 3923 532 3976 in
579 3925 816 3994 pellibus
853 3930 1097 3998 caprinis
1144 3939 1396 4002 egentes,
1445 3937 1779 4006 angustiati,
1821 3937 1960 3991 allli~

377 4017 454 4068 cti
485 4016 550 4080 ³³,
579 4038 598 4070 ι
624 4026 678 4073 et
708 4035 738 4072 a
767 4021 946 4076 medio
979 4025 1193 4078 urbium
1230 4025 1520 4097 fugerunt,
1552 4045 1615 4084 ac
1645 4031 1698 4084 in
1728 4032 1958 4086 desertis

377 4113 703 4166 commorati
748 4123 922 4180 sunt,
973 4117 1030 4172 in
1079 4121 1394 4186 montibus,
1429 4122 1484 4176 in
1518 4124 1771 4179 cavernis
1816 4124 1956 4180 etin

379 4204 743 4264 foraminibus
783 4216 976 4275 terrae,
1022 4214 1218 4267 merito
1259 4213 1515 4270 dicantur
1555 4226 1711 4272 extra
1757 4226 1954 4272 terram

377 4312 544 4354 esse:
602 4314 669 4354 ac
718 4302 938 4358 etiamsi
987 4319 1098 4360 non
1154 4321 1382 4376 prorsus
1432 4317 1590 4364 erant
1641 4324 1672 4362 a
1721 4325 1952 4381 corpore

375 4388 652 4457 exempti,
683 4390 786 4445 etsi
835 4398 993 4447 extra
1035 4393 1171 4448 illud
1216 4402 1443 4463 essent,
1491 4404 1622 4452 tunc
1664 4407 1848 4454 tamen
1895 4400 1952 4455 in

375 4477 497 4548 ipso
538 4479 814 4544 viventes,
846 4481 1050 4552 illoque
1078 4492 1136 4538 ut
1167 4485 1535 4540 instrumento
1570 4494 1786 4544 utentes
1806 4529 1819 4553 ,
1853 4505 1943 4544 ne-
1981 4520 2030 4579 υ

371 4583 647 4639 quaquam
675 4571 730 4624 in
758 4572 886 4627 vitae
910 4575 1050 4628 mala
1076 4575 1569 4648 demergebantur;
1597 4580 1688 4634 sed
1719 4585 1949 4652 carptim

370 4665 714 4720 solummodo
739 4669 1109 4723 necessarium
1141 4671 1346 4738 cibum,
1383 4680 1436 4727 et
1463 4673 1668 4743 reliqua
1697 4675 1764 4730 ad
1790 4693 1946 4732 usum

372 4759 634 4827 requisita
677 4761 1056 4831 contingentes
1099 4763 1407 4834 degebant;
1436 4765 1563 4834 jure
1602 4767 1659 4821 in
1689 4771 1949 4825 extremis

369 4856 424 4903 et
452 4850 506 4903 in
537 4849 738 4907 ﬁnibus
766 4855 1015 4923 corporis
1054 4855 1146 4910 siti
1187 4857 1550 4914 videbantur:
1599 4864 1780 4932 qualis
1825 4874 1950 4918 erat

369 4937 597 5008 Paulus,
630 4944 724 5013 qui
774 4945 992 5000 dicebat
1043 4965 1056 5000 :
1104 4965 1123 4998 ι
1176 4949 1237 5005 ιη
1267 4965 1432 5006 carne
1469 4953 1616 5008 enim
1662 4955 1945 5020 viventes,

367 5047 479 5086 non
523 5035 826 5092 secundum
869 5051 1091 5093 carnem
1134 5042 1434 5100 militamus
1477 5045 1558 5115 ³⁸;
1592 5066 1609 5094 ι
1635 5055 1720 5104 et:
1756 5066 1775 5099 ί
1810 5049 1946 5104 Cum

368 5125 594 5184 Christo
619 5131 919 5188 cruciﬁxus
945 5149 1065 5189 sum
1095 5153 1109 5202 ;
1141 5135 1266 5190 vivo
1295 5147 1478 5193 autem
1498 5181 1513 5205 ,
1540 5141 1654 5211 jam
1683 5159 1793 5198 non
1823 5161 1941 5214 ego,

367 5217 502 5272 vivit
530 5236 660 5276 vero
691 5222 747 5277 in
778 5239 864 5280 me
890 5223 1146 5282 Christus
1177 5228 1241 5283 ³⁵.
1274 5246 1292 5280 ι
1323 5228 1428 5295 Qui
1458 5248 1589 5302 ergo
1614 5233 1696 5288 sic
1721 5234 1946 5292 aﬁ‘ectus

369 5321 487 5368 est.
513 5312 638 5380 jure
668 5315 814 5370 dicat
840 5315 982 5373 Deo:
1012 5335 1031 5368 ι
1058 5317 1284 5376 Intende
1312 5324 1550 5378 orationi
1582 5341 1733 5380 meae.
1766 5345 1784 5378 ι
1810 5327 1947 5382 Mul-

372 5412 590 5473 tamque
619 5406 672 5461 in
699 5407 1012 5478 hujusmodi
1039 5411 1148 5467 vita
1180 5413 1432 5470 ﬁduciam
1465 5416 1671 5474 habens
1691 5460 1705 5481 .
1737 5437 1944 5491 nequa-

373 5506 536 5561 quam
586 5499 848 5553 mentitur
890 5517 1013 5556 cum
1055 5503 1225 5559 dicit:
1256 5523 1275 5557 ι
1302 5504 1348 5559 Α
1379 5509 1578 5564 ﬁnibus
1607 5519 1766 5566 terra:
1793 5514 1859 5568 ad
1891 5523 1945 5571 te

373 5584 624 5640 clamavi.
654 5607 672 5640 ι
701 5589 938 5645 Causam
971 5607 1102 5648 vero
1131 5595 1319 5666 adjicit
1363 5599 1447 5654 his
1498 5603 1679 5659 verbis
1701 5644 1715 5669 ,
1749 5623 1767 5656 ι
1805 5605 1940 5661 Dum

447 5785 492 5817 ιε
532 5785 668 5842 ιιςςι.
711 5807 761 5844 x.
788 5832 801 5858 ,
833 5791 919 5844 57.
1003 5795 1044 5825 δι
1087 5796 1128 5850 ιι
1161 5798 1284 5852 Cor.
1330 5817 1392 5866 κ,
1422 5803 1474 5858 5.

1555 5805 1598 5836 ³⁸
1642 5806 1757 5862 Gal.
1799 5827 1864 5876 ll,
1901 5814 1991 5869 20.

1095 294 1362 352 EUSEBII
1399 290 1888 349 CESARIENSIS
1929 289 2080 345 OPP.
2128 286 2304 343 PARS
2341 285 2428 342 111.
2473 318 2542 328 -—
2571 281 2965 340 EXEGETICA
3559 285 3640 339 576

2321 401 2524 472 ψαλμοὶ
2566 419 2584 453 ι
2620 400 2829 455 ἐοίκασι
2866 400 2963 453 σὺν
2985 400 3063 470 τῷ
3091 398 3334 470 μουσικῷ
3357 400 3557 473 ὀργάνῳ
3582 405 3642 475 τῷ

2101 495 2418 566 καλουμένῳ
2446 492 2729 566 ψαλτηρίῳ
2761 490 3029 563 λελέχθαι,
3063 492 3139 556 ὡς
3162 491 3442 562 δεηθέντος
3466 497 3554 565 τῆς
3575 497 3642 550 δια

2097 587 2191 641 τοῦ
2222 586 2492 658 σώματος,
2535 585 2674 658 ὅπερ
2717 585 2864 638 ἐστὶν
2894 585 3123 659 ὄργανον
3168 585 3265 655 τῆς
3309 583 3498 656 ψυχῆς,
3528 604 3642 657 πρα-

2098 682 2292 753 κτικῆς
2323 680 2605 754 ἐνεργείας
2635 679 2728 733 τοῦ
2761 680 3073 752 ψάλλοντος.
3111 681 3176 734 Οἱ
3204 680 3260 734 δὲ
3303 680 3482 745 ἁπλῶς
3512 681 3640 752 ὕμνοι

2095 775 2181 828 διὰ
2206 775 2372 848 μόνης
2399 776 2582 845 φωνῆς
2609 772 2704 827 τοῦ
2734 772 2827 827 τὸν
2855 773 3023 847 ὕμνον
3047 773 3466 844 ἀναπέμψαντος
3491 773 3640 844 εἴρην-

2095 883 2204 932 ται,
2238 867 2298 918 οὑ
2351 866 2917 938 συμπαραληφθείσης
2965 865 3066 937 τῆς
3113 865 3200 920 διὰ
3232 864 3326 918 τοῦ
3375 864 3636 938 ψαλτηρίου

2096 956 2392 1028 κρούσεως,
2429 957 2508 1028 τῷ
2543 959 2710 1028 μόνης
2742 960 2839 1029 τῆς
2869 957 3012 1013 κατά
3049 957 3288 1011 διάνοιαν
3321 957 3540 1029 θεωρίας
3569 958 3638 1011 δε-

2093 1047 2313 1119 δεῆσθαι
2345 1049 2471 1112 τοὺς
2495 1050 2552 1102 ἐν
2595 1049 2777 1113 αὐτοῖς
2818 1049 3030 1118 λόγους.
3060 1048 3229 1102 Τοῦτο
3254 1049 3382 1117 γοῦν
3411 1051 3639 1125 παρίστη-

2094 1155 2176 1191 σιν
2203 1141 2232 1191 ὸ
2262 1139 2400 1209 μετά
2425 1143 2610 1212 χεῖρας
2642 1139 2809 1210 ὕμνος
2841 1139 3014 1210 λέγων
3043 1158 3056 1171 ο
3095 1160 3114 1192 ι
3150 1140 3258 1194 ἀπὸ
3286 1141 3394 1193 τῶν
3424 1143 3639 1212 περάτων

2091 1230 2188 1298 τῆς
2216 1230 2318 1299 γῆς
2341 1228 2478 1300 πρὸς
2512 1229 2571 1282 σὲ
2603 1230 2878 1298 ἐκέκραξα
2904 1248 2916 1260 ·
2955 1249 2974 1282 ι
3011 1230 3079 1283 δι’
3107 1224 3168 1284 οὗ
3196 1231 3448 1301 σημαίνει
3483 1230 3636 1302 ὥσπερ

2090 1319 2193 1384 ἔξω
2230 1321 2554 1392 γεγενῆσθαι
2589 1323 2689 1393 τῆς
2723 1323 2819 1376 τοῦ
2853 1323 3102 1394 σώματος
3133 1323 3514 1387 καταστάσεως
3548 1324 3638 1378 θεο-

2088 1407 2460 1479 ληπτούμενον
2491 1410 2583 1463 τὸν
2616 1412 2930 1484 Προφήτην.
2962 1413 3076 1466 Οὐκ
3108 1414 3285 1482 ἀγνοῶ
3316 1414 3370 1467 δὲ
3403 1415 3520 1478 τοὺς
3548 1417 3610 1471 λοι

2089 1502 2223 1564 ποὺς
2249 1502 2589 1572 έρμηνευτάς
2621 1506 2718 1576 οὐχ
2764 1505 2968 1578 ἑτέρως
2994 1505 3366 1560 ἐκδεδωκέναι.
3413 1509 3636 1580 Παρακα-

2086 1592 2168 1646 λεί
2204 1592 2261 1645 δὲ
2293 1594 2380 1647 διὰ
2405 1594 2512 1648 τῶν
2546 1599 2682 1666 μετά
2723 1599 2912 1668 χεῖρας
2953 1599 2981 1651 6
3038 1598 3201 1651 Δαυῒδ
3247 1599 3450 1668 λέγων·
3486 1619 3502 1652 ι
3536 1602 3635 1654 Ela-

2087 1684 2337 1751 άκουσον,
2363 1685 2391 1738 6
2421 1686 2572 1754 Θεὸς,
2601 1688 2699 1759 τῆς
2727 1687 2962 1759 δεήσεώς
2993 1707 3117 1762 μου.
3150 1713 3168 1740 ι
3218 1691 3430 1763 Ἐνδεὴς
3462 1693 3556 1763 γάρ
3575 1693 3633 1745 ὢν

2089 1780 2338 1852 μεγάλων
2366 1779 2530 1834 τινῶν
2566 1781 2661 1834 καὶ
2708 1779 2892 1846 θείων,
2923 1780 3130 1834 τούτων
3173 1784 3459 1854 τυγχάνειν
3489 1802 3633 1855 παρα-

2088 1870 2261 1924 καλεῖ.
2311 1867 2426 1924 Εἶθ’
2474 1871 2664 1944 ὥσπερ
2705 1871 2854 1937 ἄξιον
2887 1873 3078 1927 ἑαυτὸν
3119 1875 3212 1928 τοῦ
3255 1877 3637 1948 είσακουσθῆναι

2087 1965 2462 2035 παραστήσας,
2487 1964 2752 2033 ἐπιλέγει·
2789 1982 2808 2015 ι
2839 1964 3081 2036 Πρόσχες
3108 1969 3173 2037 τῇ
3201 1969 3471 2037 προσευχῇ
3495 1985 3628 2037 μου.»

2086 2053 2292 2124 Πολλῆς
2319 2053 2428 2125 γὰρ
2476 2055 2569 2108 καὶ
2605 2054 2826 2125 βαθείας
2871 2055 3108 2120 διανοίας
3149 2058 3531 2130 πεπληρῶσθαι
3555 2062 3632 2112 aa-

2082 2143 2176 2196 τοῦ
2205 2145 2304 2213 τὴν
2344 2143 2652 2215 προσευχὴν
2695 2145 2933 2217 θαρσῶν,
2967 2147 3120 2216 ἠξίου
3160 2146 3254 2200 τὸν
3294 2147 3425 2201 Θεὸν
3451 2149 3632 2202 ἐπιϐλέ-

2081 2234 2200 2303 ψαι,
2229 2235 2321 2287 καὶ
2351 2237 2461 2299 τοῖς
2494 2238 2553 2288 ὲν
2584 2238 2719 2308 αὐτῇ
2756 2237 2932 2306 λόγοις
2970 2241 3297 2305 ὲνατενίσαι,
3329 2245 3423 2297 καὶ
3442 2244 3630 2314 δοκιμά-

2083 2341 2173 2378 σαι
2197 2326 2265 2380 τά
2292 2325 2580 2397 λεγόμενα,
2619 2328 2696 2393 ὡς
2732 2329 2797 2383 ἂν
2825 2331 2932 2384 τῶν
2960 2333 3123 2386 αὐτοῦ
3156 2335 3337 2388 ἀκοῶν
3362 2335 3498 2403 ἀξια.
3523 2333 3629 2391 Εἶτα

2082 2419 2176 2470 καὶ
2219 2418 2278 2471 τὸ
2311 2418 2472 2489 ἔργον
2518 2419 2815 2487 δείκνυσιν,
2859 2418 2921 2478 οὗ
2970 2427 3129 2497 χάριν
3166 2427 3369 2500 θεωρὸν
3410 2431 3495 2484 τὸν
3521 2432 3628 2486 Θεὸν

2078 2509 2176 2579 τῆς
2227 2511 2421 2566 ἑαυτοῦ
2478 2515 2785 2585 προσευχῆς
2845 2516 3194 2572 ἀνεκαλεῖτο·
3251 2521 3331 2574 διὸ
3385 2525 3625 2593 ἐπιλέγει·

2086 2617 2104 2649 ι
2154 2599 2287 2654 Ἀπὸ
2313 2601 2421 2657 τῶν
2468 2603 2721 2674 περάτων
2753 2605 2853 2675 τῆς
2899 2607 3002 2676 γῆς
3034 2609 3168 2680 πρὸς
3201 2610 3269 2663 σὲΔ
3311 2613 3580 2684 ἐκέκραξα.
3609 2636 3623 2664 ι

2079 2689 2189 2742 Καὶ
2214 2692 2511 2764 ἐπειδήπερ
2544 2696 2849 2764 συμφώνως
2878 2698 2926 2749 οί
2953 2695 3127 2751 λοιποὶ⁵
3156 2701 3479 2774 ὲρμηνευταὶ
3504 2706 3629 2760 ἐκδεο

2077 2779 2331 2845 δὼκασιν,
2362 2784 2391 2835 6
2419 2784 2516 2854 μὲν
2544 2785 2775 2850 Ἀκύλας
2806 2786 2997 2853 εἰπὼν,
3028 2809 3046 2840 ι
3075 2793 3205 2846 Ἀπὸ
3230 2795 3526 2851 τελευταίου
3549 2803 3628 2870 τῆς

2076 2872 2180 2942 γῆς
2209 2873 2343 2944 πρὸς
2377 2875 2437 2928 σὲ
2469 2876 2884 2949 ὲπικαλέσομαι·
2923 2900 2941 2932 ι
2979 2884 3007 2935 6
3037 2883 3093 2936 δὲ
3123 2884 3435 2959 Σύμμαχος,
3470 2911 3487 2942 ε
3513 2892 3625 2945 Ἀπὸ

2079 2965 2328 3036 περάτων
2369 2968 2468 3039 τῆς
2498 2969 2602 3041 γῆς
2649 2970 2707 3024 σὲ
2751 2972 3150 3045 ἐπικαλοῦμαι·
3199 2999 3218 3030 ›
3257 2984 3290 3052 ή
3330 2982 3387 3035 δὲ
3431 2984 3624 3055 dum

2076 3055 2305 3124 ἕκδοσις,
2347 3077 2366 3111 ι
2410 3061 2544 3114 Ἀπὸ
2583 3064 2838 3135 περάτων
2867 3067 2968 3138 τῆς
2997 3069 3100 3139 γῆς
3143 3071 3281 3144 πρὸς
3308 3076 3365 3129 σὲ
3397 3077 3624 3148 κεκράξο-

2231 3169 2264 3222 )
2294 3152 2379 3216 τίς
2401 3154 2503 3208 οὐκ
2545 3154 2611 3208 ἂν
2643 3157 2880 3226 εὐλόγως
2901 3163 2992 3214 τὸν
3017 3161 3139 3218 νοῦν
3173 3165 3274 3237 τῆς
3299 3168 3485 3235 λέξεως
3519 3173 3620 3223 ἐπι-

2077 3243 2364 3316 ζητήσειες
2408 3248 2532 3312 Πῶς
2573 3249 2682 3323 γὰρ
2723 3253 2789 3306 ἄν
2833 3271 2916 3318 τις
2963 3255 3206 3324 δύναται,
3233 3261 3335 3333 τὴν
3363 3261 3619 3332 σύμπασαν

2077 3333 2320 3406 ὑπερϐὰς
2372 3338 2722 3411 οἰκουμένην,
2777 3345 2872 3398 καὶ
2929 3347 3068 3420 ὑπὲρ
3124 3351 3287 3406 αὑτὸν
3345 3354 3503 3408 ἐλθὼν
3547 3356 3619 3409 τὸν

2085 3428 2356 3495 Ὠκεανὸν,
2393 3451 2411 3482 ι
2451 3433 2583 3487 Ἀπὸ
2604 3435 2712 3490 τῶν
2736 3441 2988 3510 περάτων
3013 3444 3114 3515 τῆς
3143 3446 3248 3517 γῆς
3277 3449 3409 3520 πρὸς
3437 3452 3487 3504 σὲ
3521 3453 3620 3504 ἐκέ-

2071 3519 2270 3613 κραξα,
2306 3541 2325 3572 ι
2364 3522 2527 3594 βοᾷν;
2571 3526 2709 3580 Ἀλλ’
2741 3531 2842 3601 ὅρα
2869 3535 2918 3585 εί
2963 3534 3036 3606 μὴ
3083 3539 3189 3602 πᾶς
3219 3542 3250 3592 6
3279 3519 3355 3611 τῷ
3399 3541 3504 3613 Θεῷ
3543 3543 3616 3612 φί-

2067 3612 2158 3677 λος
2186 3615 2423 3685 εὐλόγως
2465 3619 2531 3672 ἂν
2570 3621 2638 3675 τὰ
2685 3624 2896 3695 πέρατα
2937 3628 3040 3697 τῆς
3078 3632 3182 3701 γῆς
3212 3634 3419 3706 ῥηθείη.
3534 3636 3628 3706 μὲν

2066 3706 2172 3779 γὰρ
2204 3707 2408 3776 φαῦλος
2443 3713 2604 3785 ἀνὴρ,
2649 3715 2856 3786 ἀγορὰς
2889 3721 2982 3773 καὶ
3027 3722 3252 3794 δήμους,
3298 3727 3615 3800 βουλευτήριά

2062 3814 2121 3851 τε
2151 3801 2245 3854 καὶ
2273 3803 2598 3877 δικαστήρια
2631 3813 2986 3884 περιτρέχων,
3014 3816 3152 3882 ὅλως
3176 3835 3236 3872 τε
3265 3824 3387 3885 ταῖς
3417 3821 3504 3876 τοῦ
3529 3821 3614 3874 σώ-

2065 3907 2233 3986 ματος
2275 3894 2631 3966 ἡδυπαθείαις
2678 3909 3200 3979 κατορωρυγμένος,
3250 3913 3308 3965 ἐν
3356 3914 3492 3986 βυθῷ
3529 3913 3610 3984 τῆς

2060 3984 2166 4055 γῆς
2189 3985 2358 4042 οἰκεῖν
2378 3989 2576 4058 λέγοιτ’
2600 3993 2665 4047 ἂν
2693 3997 2920 4064 εἰκότως
2940 4017 2953 4030 ·
2978 4003 3028 4054 οί
3053 4001 3109 4055 δὲ
3147 4022 3164 4054 ι
3187 3984 3542 4077 περιελθόντες
3563 4009 3609 4059 ἐν

2062 4077 2339 4171 μηλωταῖς
2387 4084 2480 4136 καὶ
2526 4086 2584 4138 ἐν
2626 4088 2856 4157 αίγίνοις
2901 4092 3185 4166 δέρμασιν,
3235 4098 3606 4171 ὑστερούμενοι,

2058 4168 2382 4262 θλισόμενοι,
2413 4178 2862 4251 κακουχούμενοι,
2897 4203 2917 4233 ι
2967 4185 3263 4256 φεύγοντές
3296 4168 3477 4245 τεντάή
3494 4191 3609 4262 μέσα

2054 4257 2161 4311 τῶν
2183 4260 2409 4328 πόλεων,
2439 4267 2535 4319 καὶ⁴
2569 4269 2667 4333 τὰς
2697 4271 2980 4345 διατριϐὰς
3009 4277 3066 4335 ὲν
3097 4279 3357 4350 ἐρημίαις
3387 4257 3609 4352 ποιούμε-

2054 4365 2132 4402 νοι
2167 4352 2261 4405 καὶ
2294 4352 2444 4425 ὄρεσι
2475 4359 2570 4411 καὶ
2599 4361 2889 4432 σπηλαίοις
2923 4367 3016 4420 καὶ
3051 4372 3174 4434 ταῖς
3202 4371 3363 4436 ὀπαῖς
3389 4374 3482 4445 τῆς
3506 4373 3606 4442 γῆς.

2052 4444 2288 4514 εὐλόγως
2318 4447 2384 4501 ἂν
2421 4449 2658 4522 λεχθεῖεν
2690 4453 2797 4520 ἔξω
2846 4459 3139 4532 τυγχάνειν
3168 4465 3268 4536 τῆς
3293 4465 3400 4537 γῆς
3419 4444 3549 4520 ’καὶ
3571 4467 3608 4519 εἰ

2057 4537 2156 4606 μὲν
2189 4539 2264 4610 μὴ
2298 4543 2577 4608 παντελῶς
2609 4541 2749 4617 ἦσαν
2792 4551 3205 4625 ἀπηλλαγμένοι
3236 4557 3332 4610 τοῦ
3370 4558 3606 4630 σώματος,

2055 4630 2160 4684 κᾶν
2188 4633 2342 4696 ἐκτὸς
2371 4631 2510 4706 ἦσαν
2545 4640 2706 4693 αὑτοῦ
2726 4658 2740 4672 ·
2777 4643 2871 4696 νῦν
2897 4646 2952 4698 δὲ
2985 4648 3170 4720 ἐπειδὴ
3203 4651 3260 4702 ὲν
3289 4651 3435 4722 αὑτῷ
3461 4651 3608 4721 βιοῦν-

2055 4739 2164 4786 τες,
2193 4725 2407 4795 ὀργάνῳ
2444 4745 2504 4781 τε
2551 4731 2701 4802 αὐτῷ
2747 4734 3040 4806 χρώμενοι,
3083 4739 3182 4792 οὐκ
3227 4739 3608 4805 ὲνεὸαπτίζοντο

2055 4814 2167 4905 τοῖς
2193 4812 2286 4868 τοῦ
2338 4816 2454 4886 βίου
2505 4825 2718 4886 κακοῖς,
2751 4826 3054 4897 ἁκροθίνως
3097 4829 3154 4883 δὲ
3184 4832 3318 4885 αὐτὸ
3350 4835 3502 4905 μόνον
3528 4834 3608 4902 τῆς

2057 4904 2356 4973 ἀναγκαίας
2395 4911 2621 4982 τροφῆς,
2653 4915 2744 4967 καὶ
2774 4917 2884 4970 τῶν
2922 4918 3122 4974 λοιπῶν
3167 4904 3367 4994 χρειῶν
3397 4925 3606 4994 ἐφαπτόο

2060 5011 2208 5063 μενοι
2235 4995 2503 5054 διετέλουν
2521 5019 2535 5031 ·
2566 5005 2794 5072 εἰκότως
2826 5010 2885 5063 ὲν
2913 5008 3103 5083 ἄκροις
3131 5014 3350 5068 ἐδόκουν
3378 5013 3505 5072 εἶναι
3531 5017 3605 5069 καὶ

2057 5085 2113 5137 ἐν
2156 5088 2266 5152 τοῖς
2296 5092 2494 5160 πέρασι
2538 5094 2630 5148 τοῦ
2672 5101 2923 5170 σώματος
2946 5119 2960 5133 ·
3000 5099 3111 5168 οἷος
3140 5099 3208 5177 ἦν
3242 5109 3271 5160 ὁ
3303 5109 3504 5173 Παῦλος
3531 5108 3604 5160 λέ-

2055 5193 2195 5275 γωνΔ·
2227 5181 2374 5275 ι-Ὲν
2405 5187 2570 5256 σαρκὶ
2595 5188 2704 5260 γάρ
2735 5192 2955 5262 ζῶντες,
2981 5198 3043 5250 οὐ
3079 5199 3223 5252 κατὰ
3256 5203 3432 5275 σάρκα
3461 5218 3602 5274 στρα-

2055 5270 2356 5341 τευόμεθα·
2388 5294 2408 5328 ι
2445 5279 2559 5345 καὶ,
2599 5300 2617 5333 ι
2663 5283 2883 5358 Χριστῷ
2927 5293 3376 5365 συνεσταύρωμαι
3401 5314 3413 5325 ·
3457 5295 3525 5360 ζῶ
3557 5294 3601 5346 δὲ

2051 5365 2233 5460 οὐκέτι
2258 5367 2387 5438 ἐγὼ,
2419 5370 2484 5444 ζῇ
2509 5374 2566 5427 δὲ
2592 5377 2649 5429 ὲν
2674 5379 2798 5448 ἐμοὶ
2831 5382 3062 5453 Χριστός
3086 5402 3099 5416 ο
3141 5406 3160 5438 ι
3198 5389 3258 5440 Ὀ
3279 5389 3343 5460 δὴ
3368 5385 3456 5442 οὖν
3482 5386 3601 5442 ούτω

2050 5456 2390 5553 διακείμενος
2428 5465 2664 5537 εὐλόγως
2696 5469 2763 5523 ἂν
2805 5473 2949 5528 εἴποι
2995 5475 3074 5548 τῷ
3113 5478 3271 5550 Θεῷ·
3384 5481 3600 5553 Πρόσχες

2051 5548 2116 5616 τῇ
2155 5557 2424 5646 προσευχῇ
2468 5574 2594 5628 μου,
2639 5580 2655 5612 ι
2696 5565 2893 5637 πολλὴν
2920 5569 3068 5638 ἄγων
3101 5548 3410 5646 παρρησίαν
3432 5548 3595 5642 ixi-‘71]

2053 5638 2272 5713 τοιαυτῃ
2317 5644 2410 5699 τοῦ
2453 5647 2568 5717 βίου
2613 5651 2748 5727 ζωῇ·
2793 5659 2899 5712 οὐδ’
2947 5661 3013 5715 ἂν
3058 5664 3318 5734 ψεύσαιτο
3361 5666 3592 5737 τάσκων·
