3808 6280
172 312 269 366 5ῖ7

1305 307 1805 365 COMMENTARIA
1837 307 1904 364 ΙΝ
1945 306 2287 369 ΡεΑιΜοδ.

174 453 190 483 ι
235 431 363 483 Ἀπὸ
406 429 520 481 τῶν
574 427 819 501 περάτων
848 427 946 500 τῆς
978 429 1080 500 γῆς
1121 429 1255 502 πρὸς
1285 432 1345 485 σὲ
1394 432 1687 503 ἐκέκραξα.
1726 452 1734 482 1

1852 431 2173 486 anxiaretur
2219 443 2314 485 cor
2365 445 2586 498 meum;
2619 449 2637 483 ι
2667 432 2782 487 sive
2828 433 3129 487 secundum
3184 432 3436 505 Symma-

169 522 495 594 Προστίθησι
550 522 605 576 δὲ
642 523 734 576 καὶ
785 523 881 593 τὴν
926 524 1105 576 αίτίαν
1146 524 1433 593 ἐπιλέγων,
1473 544 1490 575 ι
1538 526 1625 578 Ἐν
1670 526 1746 595 τῷ

170 614 454 684 ἀκηδιάσαι
481 613 586 685 τὴν
623 614 843 686 καρδίαν
875 632 973 686 μου
996 632 1008 645 ·
1052 634 1069 667 ι
1108 617 1140 687 ἢ
1180 635 1197 667 ι
1242 618 1331 671 Ἐν
1357 618 1434 690 τῷ
1458 619 1747 691 ἀδημονεῖν

169 707 258 777 τὴν
279 706 508 777 καρδίαν
545 725 666 776 μου,
700 728 718 758 ι
752 708 891 761 κατὰ
920 708 1010 760 τὸν
1033 708 1344 781 Σύμμαχον.
1365 710 1587 781 Ἀκηδιᾷ
1612 711 1743 783 γὰρ,

171 798 255 848 καὶ
289 795 556 864 ἀδημονεῖ
589 797 735 847 πᾶσα
771 795 1020 866 θεοφιλὴς
1052 796 1198 867 ψυχὴ
1232 796 1309 867 τῷ
1347 796 1536 868 θνητῷ
1573 797 1747 850 ἐνδια-

169 888 412 958 τρίϐουσα
448 886 582 958 βίῳο
618 888 698 940 διὸ
734 888 824 941 καὶ
857 890 1025 959 φήσαι
1050 887 1135 952 ἂν,
1165 884 1349 959 οἶμαι·
1388 907 1405 940 ι
1441 890 1559 941 Ὀτι
1604 891 1742 959 ἐμα-

171 978 359 1049 κρύνθη
390 982 423 1049 ἡ
460 980 729 1050 παροικία
763 998 888 1049 μου.
916 999 939 1030 ο
990 981 1097 1034 Καὶ
1129 983 1287 1051 ἡμεῖς
1320 982 1368 1033 οἱ
1401 981 1551 1044 ὄντες
1581 982 1638 1033 ὲν
1664 981 1741 1052 τῷ

173 1076 342 1144 σκήνει
378 1074 713 1145 στενάζομεν
766 1074 1108 1147 βαρούμενοι.
1144 1076 1397 1128 Ἔστενεν
1438 1071 1530 1129 οὖν
1576 1076 1671 1129 καὶ
1714 1081 1742 1132 6

173 1170 363 1231 Παῦλος
389 1169 630 1239 ἀκηδιῶν
661 1171 752 1223 ἐπὶ
777 1174 841 1241 τῇ
872 1171 1204 1241 παρεκτάσει
1236 1170 1330 1225 τοῦ
1364 1172 1558 1243 θνητοῦ
1589 1172 1737 1244 βίου’

167 1258 238 1310 διὸ
262 1260 349 1311 καὶ
374 1260 681 1331 ἀπεκλᾲετο
714 1260 884 1329 λέγων
910 1279 922 1292 °
959 1282 975 1312 ‹
1010 1263 1366 1334 Ταλαίπωρος
1396 1264 1504 1333 ἐγὼ
1533 1266 1740 1338 ἄνθρω-

171 1368 275 1413 πος,
308 1350 389 1413 τίς
432 1368 501 1421 με
552 1352 773 1422 ῥύσεται
821 1355 883 1406 ὲκ
933 1355 1024 1407 τοῦ
1066 1356 1319 1426 σώματος
1366 1358 1460 1412 τοῦ
1507 1359 1735 1414 θανάτου

167 1440 373 1504 τούτου;
413 1458 434 1492 ι
478 1441 702 1513 Ἀκηδιᾷ
734 1443 791 1495 δὲ
845 1445 940 1497 καὶ
986 1446 1244 1517 ἀδημονεῖ
1282 1449 1375 1501 καὶ
1418 1448 1503 1502 διὰ
1551 1452 1737 1520 φιλαν-

171 1530 416 1600 θρωπίαν,
476 1531 539 1583 τὸ
608 1532 809 1603 πλῆθος
861 1536 966 1587 τῶν
1026 1537 1413 1609 ἀπολλυμένων
1473 1540 1689 1615 θεωρῶν
1718 1560 1731 1573 ·

168 1620 331 1691 ἐπειδὴ
366 1638 384 1671 ι
424 1621 658 1675 πλατεῖα
690 1625 783 1677 καὶ
818 1626 1127 1698 εὐρύχωρος
1157 1631 1188 1698 ἡ
1222 1628 1339 1693 ὁδὸς
1381 1632 1413 1699 ἡ
1445 1632 1736 1699 ἀπάγουσα

170 1712 236 1774 εἰς
276 1712 367 1780 τὴν
414 1712 735 1767 ἀπώλειανο
776 1735 795 1767 ι
835 1716 1008 1781 οὔτως
1056 1719 1216 1773 πάλιν
1262 1721 1290 1773 6
1336 1721 1496 1784 αὐτὸς
1548 1722 1734 1775 πενθεῖ

1853 524 2015 578 chum
2038 565 2052 591 ,
2089 544 2106 575 ‹
2138 522 2276 577 Dum
2333 522 2655 594 desperaret
2711 540 2807 579 cor
2865 541 3068 582 meum.
3105 546 3123 578 )
3160 525 3436 581 Anxiatur

1851 616 1996 670 enim
2026 625 2080 669 et
2109 616 2266 687 quasi
2300 615 2557 687 desperat
2603 616 2860 686 religiosa
2906 618 3160 687 quaelibet
3212 621 3428 680 anima,

1848 706 1974 762 dum
2001 709 2055 763 in
2080 709 2295 763 mortali
2323 708 2432 762 vita
2462 720 2749 763 versatur:
2797 724 2901 779 qua
2942 710 3009 763 de
3051 724 3215 764 causa
3253 710 3428 781 ipsam

1847 798 2033 855 dicere
2062 799 2319 863 arbitror,
2354 818 2371 850 ι
2402 798 2543 865 Quia
2573 800 2847 853 incolatus
2883 814 3037 853 meus
3068 800 3427 871 prolongatus

1846 896 1931 943 est
1961 889 2025 944 ".
2058 908 2076 939 ι
2109 890 2171 942 Ει
2199 906 2301 945 nos
2331 906 2549 962 quoque
2571 890 2699 943 dum
2728 889 2782 943 in
2814 889 2917 943 hoc
2945 890 3303 945 tabernaculo
3332 898 3427 945 Su-

1846 996 1966 1035 mus
2000 980 2205 1045 alllicti,
2226 982 2657 1053 ingemiscimus.
2694 980 3090 1051 lngemiscebat
3120 983 3247 1036 item
3278 980 3422 1035 Pau-

1847 1073 1931 1128 lus
1960 1074 2031 1128 ob
2060 1075 2307 1129 mortalis
2337 1076 2463 1128 vitae
2493 1074 2915 1128 diuturnitatem
2948 1073 3110 1128 taedio
3140 1072 3369 1128 affectus
3406 1093 3418 1127 :

1842 1181 2013 1236 quare
2061 1182 2184 1220 cum
2233 1166 2490 1237 laerymis
2521 1166 2772 1229 dicebat,
2812 1185 2830 1216 ι
2863 1165 3058 1220 Infelix
3087 1181 3189 1236 ego
3218 1166 3382 1219 homo
3403 1205 3417 1227 ,

1842 1258 1966 1329 quis
1996 1274 2081 1313 me
2104 1259 2356 1314 liberabit
2381 1257 2449 1313 de
2473 1274 2705 1328 corpore
2739 1259 2930 1312 mortis
2957 1257 3122 1327 hujus
3155 1258 3237 1310 '7?
3258 1277 3276 1309 ι
3306 1258 3422 1311 Au-

1841 1348 2113 1417 gustiatur
2162 1357 2343 1402 autem
2389 1357 2443 1402 et
2484 1348 2643 1417 quasi
2687 1348 2992 1417 despondet
3036 1348 3313 1413 animum,
3346 1348 3419 1402 ob

1840 1439 2199 1495 humanitatis
2243 1456 2496 1503 sensum,
2530 1447 2736 1493 tantam
2788 1455 3020 1494 cernens
3069 1442 3415 1509 pereuntium

1839 1530 2242 1585 multitudinem
2278 1550 2290 1585 :
2340 1531 2610 1601 siquidem
2648 1550 2665 1582 ‹
2699 1531 2807 1584 lata
2841 1538 2893 1585 et
2926 1530 3169 1601 spatiosa
3210 1531 3297 1585 via
3331 1536 3418 1586 est

1837 1640 1958 1693 quae
1999 1623 2153 1678 ducit
2199 1624 2265 1677 ad
2312 1624 2675 1693 perditionem
2708 1623 2774 1679 ³⁸.
2811 1642 2829 1675 ι
2866 1622 2956 1677 Sic
3000 1627 3163 1678 etiam
3206 1624 3253 1678 is
3298 1622 3417 1692 ipse

1838 1716 2042 1769 multos
2076 1716 2220 1785 luget
2250 1714 2318 1770 de
2346 1715 2549 1785 quibus
2596 1714 2813 1770 dicebat
2843 1734 2855 1770 :
2892 1734 2910 1765 ι
2943 1714 3163 1785 Lugebo
3207 1716 3413 1771 multos

168 1802 389 1869 πολλοὺς,
424 1806 553 1877 περὶ
600 1800 676 1861 ὧν
720 1807 908 1877 ἔλεγε·
974 1829 991 1861 ι
1040 1811 1299 1883 Πενθήσω
1349 1812 1576 1877 πολλοὺς
1626 1814 1734 1869 τῶν

1836 1824 1900 1862 ει
1949 1809 2014 1863 iis
2053 1809 2144 1877 qui
2178 1818 2303 1863 ante
2332 1815 2727 1877 peccaverunt,
2759 1817 2812 1862 et
2838 1823 2946 1861 non
2976 1814 3205 1877 egerunt
3236 1807 3412 1877 pmui-

170 1899 675 1969 προημαρτηκότων,
726 1902 817 1955 καὶ
883 1904 957 1975 μὴ
1018 1907 1462 1977 μετανοησάντων
1524 1908 1616 1961 ἐπὶ
1663 1912 1728 1982 τῇ

168 1985 384 2058 ἁμαρτίᾳ
415 1989 511 2042 καὶ
550 1991 752 2064 ἀνομία
786 1996 877 2046 καὶ
912 1994 1133 2066 ἀσεϐείᾳ
1236 1997 1498 2069 ἔπραξαν.
1533 2018 1551 2051 ι
1593 2001 1651 2054 '0
1683 2001 1730 2055 δ’

169 2077 306 2140 αὐτὸς
363 2080 691 2152 ὑπεραλγῶν
744 2086 838 2138 καὶ
902 2087 1267 2157 ὑπερπάσχων
1308 2091 1511 2162 ἑτέρων
1558 2092 1726 2145 ὲόόαο

173 2188 187 2215 ι
219 2170 302 2232 Τίς
343 2172 576 2236 ἀσθενεῖ,
627 2177 720 2228 καὶ
751 2178 849 2229 οὐκ
888 2177 1133 2244 ἀσθενῶς
1167 2181 1261 2243 Τίς
1292 2182 1726 2249 σκανδαλίζεται,

167 2262 246 2313 καὶ
268 2264 358 2314 οὐκ
391 2265 501 2334 ἐγὼ
532 2268 845 2339 πυροῦμαις
884 2288 902 2319 )
943 2270 1175 2341 Ὁμοίως
1204 2272 1260 2325 δὲ
1295 2275 1389 2328 καὶ
1422 2276 1471 2327 οἶ
1509 2279 1725 2348 προφῆ-

166 2368 242 2404 ται
281 2354 365 2408 τὸν
411 2358 581 2411 πάλαι
627 2360 965 2431 ἀπεκλᾴοντο
1000 2362 1152 2429 λαὸν,
1188 2363 1377 2437 ῶσπερ
1425 2363 1518 2421 οῦν
1560 2369 1655 2421 καὶ
1697 2371 1725 2422 ό

168 2441 324 2496 Δαυῖδ.
362 2443 448 2495 Διὸ
482 2447 648 2510 αὐτὸς
694 2449 791 2519 μὲν
837 2450 1030 2519 ἔφευγε
1056 2451 1124 2505 τὰ
1174 2455 1311 2524 μέσα
1340 2456 1438 2527 τῆς
1472 2458 1595 2528 γῆς,
1630 2460 1725 2513 καὶ

166 2531 215 2581 ὲν
242 2530 414 2602 ἄκροις
450 2535 633 2589 αὐτῶν
661 2545 942 2610 γινόμενος
974 2541 1104 2594 ἐϐόα
1136 2545 1273 2615 πρὸς
1302 2546 1391 2599 τὸν
1423 2547 1582 2601 Θεόνο
1629 2553 1723 2605 ἐπὶ

166 2619 213 2671 δὲ
238 2624 297 2691 τῇ
320 2623 423 2675 τῶν
456 2626 670 2679 πολλῶν
700 2629 791 2680 καὶ
823 2630 988 2684 αὐτοῦ
1030 2632 1124 2687 τοῦ
1155 2635 1329 2689 Σαοὺλ
1350 2637 1599 2710 ἀπωλείᾳ
1623 2643 1721 2714 τὴν

1835 1900 2058 1953 tentiam
2089 1900 2154 1953 de
2181 1907 2405 1968 peccato
2433 1909 2488 1954 et
2514 1899 2798 1968 iniquitate
2819 1906 2874 1954 et
2900 1898 3177 1968 impietate
3196 1938 3212 1963 ,
3240 1914 3407 1969 quam

1830 2001 2117 2060 gesserunt
2142 1991 2206 2045 ³⁸.
2238 2011 2256 2043 ι
2281 1991 2424 2045 Idem
2454 2006 2674 2061 quoque
2702 2007 2799 2061 pro
2829 1992 2951 2047 aliis
2981 2008 3149 2062 supra
3183 1992 3408 2047 modum

1827 2082 2020 2152 lugens
2059 2090 2110 2137 et
2157 2082 2389 2137 amictus
2426 2083 2697 2137 clamabat
2724 2102 2737 2137 :
2766 2102 2782 2133 ι
2811 2082 2947 2149 Quis
2984 2083 3318 2146 infirmatur,
3350 2094 3405 2138 et

1827 2188 1927 2244 ego
1968 2190 2075 2228 non
2119 2174 2365 2229 inflrmor
2394 2175 2416 2228 Ῥ
2445 2175 2579 2241 Quis
2610 2176 3048 2240 scandalizatur,
3078 2183 3132 2232 et
3161 2192 3261 2247 ego
3294 2193 3404 2231 non

1827 2282 1957 2321 uror
1979 2266 2059 2320 ’δοῖ
2085 2286 2103 2317 ι
2127 2265 2390 2321 Similiter
2417 2268 2694 2337 prophetae
2723 2268 3014 2337 pristinum
3048 2269 3200 2323 illum
3236 2285 3405 2338 popu-

1826 2359 1935 2413 lum
1967 2359 2367 2429 deplorabant,
2396 2358 2864 2429 quemadmodum
2896 2367 2953 2414 et
2991 2359 3185 2414 David.
3220 2360 3404 2426 Quare

1827 2451 1943 2520 ipse
1970 2451 2193 2521 quidem
2224 2450 2291 2506 de
2319 2450 2503 2505 medio
2534 2458 2697 2505 terrae
2726 2450 3001 2521 fugiebat,
3034 2468 3098 2506 ac
3128 2452 3185 2507 in
3214 2462 3400 2508 extre-

1824 2542 1928 2596 mis
1970 2543 2091 2612 ejus
2134 2542 2384 2611 partibus
2414 2542 2752 2597 constitutus
2781 2544 3054 2597 clamabat
3090 2543 3157 2598 ad
3191 2542 3399 2607 Deum,

1822 2642 1876 2687 et
1911 2633 1979 2688 de
2015 2634 2310 2688 multorum
2353 2634 2530 2703 deque
2574 2632 2756 2689 Saulis
2798 2636 3042 2705 pernicie
3083 2637 3267 2691 animo
3315 2636 3399 2690 lu-

3328 317 3432 371 573
3498 370 3499 373 η

166 2710 315 2781 ψυχὴν
341 2713 514 2783 ἀλγῶν
550 2719 657 2770 ἀπε
665 2719 878 2791 κλᾲετο.
1678 2710 1688 2714 -

1836 2740 1951 2795 gens
1981 2726 2249 2797 lacrymas
2292 2724 2574 2781 fundebat.

229 2844 245 2875 ι
271 2827 349 2879 Ἐν
386 2830 561 2901 πέτρᾳ
602 2831 823 2902 ὖψωσάς
857 2853 923 2906 με
944 2875 958 2899 ,
993 2837 1071 2890 ὅτι
1100 2837 1362 2912 ὲγενήθης
1395 2840 1547 2906 ἐλπίς
1583 2861 1715 2913 μου,

1889 2836 2059 2892 Vens.
2093 2839 2149 2902 4,
2184 2839 2236 2893 5.
2280 2856 2297 2889 ι
2336 2839 2391 2891 In
2436 2848 2589 2909 petra
2630 2838 2882 2893 exaltasti
2914 2855 3020 2903 me,
3050 2838 3175 2909 quia
3211 2838 3391 2896 factus

166 2915 342 2987 πύργος
375 2921 553 2991 ἰσχύος
586 2923 691 2976 ἀπὸ
716 2927 1006 2994 προσώπου
1032 2929 1227 3001 ἐχθροῦ
1249 2947 1261 2961 ·
1290 2951 1309 2984 ι
1344 2935 1437 2985 καὶ
1464 2932 1533 2987 τὰ
1564 2934 1712 3005 ἑξῆς.

1836 2944 1877 2984 :s
1903 2943 2028 2997 spes
2066 2944 2205 2989 mea,
2240 2930 2408 2983 turris
2466 2929 2809 2983 fortitudinis
2853 2945 2881 2982 a
2927 2930 3067 2985 facie
3094 2931 3323 2992 inimici,
3364 2951 3384 2983 ι

167 3007 299 3098 Κατὰ
326 3012 415 3082 μὲν
448 3017 576 3078 τοὺς
621 3016 1039 3090 Ἐὀδομήκοντα,
1069 3022 1419 3094 εὐχαριστίαν
1472 3028 1714 3098 περιέχει

1836 3027 1869 3074 ει
1907 3032 2122 3075 caetera.
2176 3019 2486 3075 Secundum
2545 3020 2687 3074 LXX
2725 3021 3050 3091 lnterpretes
3089 3024 3388 3094 gratiarum

165 3096 354 3167 ὀλόγος.
389 3104 575 3158 Ταῦτά
601 3125 719 3176 μοι,
752 3110 915 3181 φησὶν
934 3150 948 3176 ,
975 3112 1217 3183 ὑπῆρξεν
1241 3115 1340 3168 ὅσα
1370 3096 1676 3189 προείρηκα
1694 3136 1706 3149 ·

1836 3113 2082 3167 notionem
2116 3128 2297 3167 sermo
2323 3113 2721 3181 complectitur.
2760 3112 2904 3175 Haec,
2938 3115 3133 3183 inquit,
3157 3130 3277 3185 quae
3293 3129 3389 3169 su-

166 3190 320 3264 ὲπειδὴ
347 3196 406 3249 σὺ
427 3172 641 3263 αὑτὸς-ὁ
665 3172 794 3265 Θεὸς
812 3172 1030 3275 ’ὲπῆράς
1140 3172 1242 3260 ⁷καὶ
1266 3172 1486 3277 ὕψωσας
1509 3172 1711 3283 στησας

1836 3221 1910 3259 ira
1946 3206 2077 3268 dixi,
2107 3205 2239 3259 mihi
2294 3204 2554 3273 aderant;
2585 3207 2714 3277 quia
2757 3214 2815 3261 tu
2849 3209 2963 3276 ipse
2998 3206 3139 3261 Deus
3162 3206 3385 3262 elevasli

164 3286 211 3337 ὲν
241 3291 297 3359 τῇ
327 3291 472 3363 παρά
494 3293 580 3345 σοὶ
610 3294 787 3365 πέτρᾳ
810 3334 825 3358 ,
872 3297 992 3366 ἥτις
1020 3298 1164 3350 ἐστὶν
1193 3300 1221 3350 ὁ
1248 3297 1451 3370 προϊών
1490 3318 1580 3354 σου
1608 3304 1710 3356 Λό-

1836 3305 1865 3351 :t
1899 3298 2177 3361 exaltasti,
2211 3312 2274 3351 ac
2298 3297 2353 3351 in
2390 3305 2543 3366 petra
2589 3299 2701 3359 illa,
2735 3314 2856 3368 qua:
2888 3298 3028 3367 apud
3057 3305 3109 3352 te
3138 3305 3240 3361 εει,
3272 3304 3386 3350 sta-

164 3394 265 3444 γος·
290 3383 319 3451 ἡ
345 3383 511 3455 πέτρα
547 3386 656 3457 γὰρ
688 3382 755 3456 ἦν
788 3389 815 3439 6
847 3388 1098 3457 Χριστός.
1150 3389 1301 3444 Ἐπεὶ
1336 3390 1512 3444 τοίνυν
1545 3394 1603 3447 ὲν
1630 3395 1708 3466 τῷ

1836 3389 1959 3443 uisti
1993 3405 2098 3453 me,
2131 3404 2252 3460 quae
2271 3401 2349 3444 est
2383 3387 2614 3443 Verbum
2650 3391 2749 3445 abs
2778 3398 2830 3443 te
2864 3388 3200 3460 procedens:
3223 3406 3242 3438 ι
3276 3385 3384 3443 Pe-

163 3468 292 3539 Λόγῳ
316 3489 399 3525 σου
427 3474 648 3543 ὕψωσάς
667 3493 733 3541 με
764 3476 857 3530 καὶ
877 3477 1146 3549 μετέωρον
1171 3480 1448 3552 ἐποίησας,
1471 3483 1545 3547 ὡς
1576 3502 1709 3555 μηκ-

1836 3499 1890 3537 ra
1933 3502 1951 3534 ι
1989 3483 2133 3537 enim
2160 3502 2177 3534 ι
2218 3489 2333 3535 erat
2361 3481 2616 3536 Christus
2652 3482 2716 3533 “.
2750 3501 2768 3533 ι
2804 3482 2940 3547 Quia
2974 3482 3140 3551 igitur
3165 3481 3220 3534 in
3251 3479 3386 3535 Ver-

164 3556 228 3611 ἑτι
268 3570 522 3619 κατοικεῖν
553 3568 621 3620 τὰ
646 3568 784 3638 μέσα
816 3570 913 3639 τῆς
952 3570 1075 3640 γῆς,
1106 3571 1218 3623 ἀλλ’
1244 3574 1299 3625 ἐν
1324 3575 1511 3645 ἄκροις
1534 3576 1705 3645 αὐτῆς

1836 3589 1877 3628 ιο
1909 3581 2003 3627 tuo
2032 3573 2285 3627 exaltasti
2316 3579 2369 3625 et
2404 3571 2689 3626 sublimem
2726 3569 2901 3625 fecisti
2928 3584 3053 3635 me;
3086 3570 3157 3622 ita
3191 3576 3248 3621 ut
3269 3583 3378 3622 non

162 3650 395 3719 γενέσθαι,
424 3657 523 3727 ἤδη
554 3657 608 3710 δὲ
638 3660 729 3712 καὶ
752 3659 1042 3731 ῶδὴγησάς
1069 3679 1156 3732 με,
1190 3662 1329 3717 ὥστε
1355 3665 1580 3736 πλησίον
1610 3685 1701 3720 σου

1836 3666 1945 3719 χ1ιινιι
1984 3665 2038 3718 in
2076 3663 2254 3718 medio
2284 3670 2443 3716 terrm
2498 3662 2753 3724 habitem,
2789 3654 2987 3715 sed'in
3018 3660 3380 3714 extremitatio

164 3739 329 3805 φθάσαι
346 3763 358 3774 ·
388 3748 614 3817 γέγονας
644 3767 703 3803 τε
726 3750 878 3815 ὲλπίς
905 3770 1027 3823 μου,
1055 3754 1120 3805 δι’
1137 3754 1201 3825 ἣν
1221 3756 1410 3809 ἐλπίδα
1431 3758 1488 3809 ού
1509 3775 1703 3811 καται-

1836 3774 1907 3811 ιυε
1934 3757 2053 3825 ejus
2091 3755 2386 3809 consistam
2414 3771 2427 3818 ;
2461 3753 2683 3822 jamque
2709 3753 2983 3807 deduxisti
3019 3767 3124 3815 me,
3160 3758 3219 3802 ut
3250 3766 3378 3820 pro-

164 3831 514 3906 σχννθήσομαι·
576 3838 710 3891 ἀλλὰ
758 3840 852 3892 καὶ
926 3840 1136 3893 πολλῶν
1196 3844 1559 3912 ἐπικειμένων
1610 3863 1698 3915 μοι

1838 3866 1867 3904 ε
1898 3858 1950 3903 ιε
2001 3847 2341 3911 accederem,
2377 3845 2554 3900 factus
2606 3861 2666 3900 es
2696 3860 2820 3914 spes
2881 3859 3020 3905 mea.
3054 3845 3213 3913 cujus
3257 3846 3373 3915 spei

160 3924 331 3991 νοητῶν
372 3929 580 4001 ἐχθρῶν
631 3932 724 3985 καὶ
773 3932 1044 4004 πολεμίων
1088 3932 1196 3986 τῶν
1237 3934 1540 4005 ζητούντων
1599 3938 1697 4009 τὴν

1836 3955 1965 3995 ausa
1991 3954 2099 3993 non
2133 3937 2438 3991 confundar
2470 3955 2482 3990 :
2517 3936 2610 3990 sed
2671 3936 2835 3989 etiam
2898 3936 3085 3991 multis
3116 3935 3373 3990 instanti-

160 4013 303 4086 φδχήν
331 4036 424 4088 μου
450 4061 464 4085 ,
502 4024 623 4077 ἀντὶ
650 4024 867 4077 πάντων
898 4025 1009 4096 ἀπή
1020 4042 1216 4095 ρκεσας
1246 4028 1310 4081 σὺ
1347 4028 1526 4097 μόνος,
1561 4029 1697 4100 πύρ-

1838 4049 1899 4087 us
1933 4032 2064 4085 mihi
2117 4029 2494 4100 spiritualibus
2526 4027 2767 4083 inimicis
2815 4036 2868 4083 et
2917 4027 3189 4091 hostibus,
3222 4043 3371 4099 quaa-

162 4119 234 4167 τος
258 4106 432 4179 ὀχυράς
467 4130 556 4183 μοι
589 4114 877 4185 γενόμενος
899 4156 913 4180 ,
970 4118 1063 4170 καὶ
1112 4120 1495 4190 περιφράττων
1537 4137 1602 4191 με
1635 4124 1693 4174 ὲν

1836 4122 2042 4177 antibus
2084 4121 2319 4175 animam
2366 4134 2579 4186 meam;
2610 4119 2785 4173 instar
2817 4119 3059 4173 omnium
3096 4121 3226 4174 mihi
3264 4120 3369 4173 fui-

159 4194 353 4284 ᾄσφαλεῐ
372 4204 463 4275 τῆς
491 4208 639 4278 παρά
663 4208 747 4261 σοὶ
775 4210 1064 4280 σωτηρίας,
1083 4210 1157 4272 ὡς
1179 4210 1381 4284 μηδένα
1406 4211 1514 4265 τῶν
1543 4214 1692 4284 ἐμῶν

1836 4218 1863 4269 li
1895 4235 1907 4270 :
1938 4223 2104 4284 tuque
2133 4213 2285 4268 solus
2312 4212 2445 4266 mihi
2467 4211 2636 4266 turris
2667 4211 2971 4266 fortissima
3002 4211 3229 4267 effectus
3257 4214 3368 4267 circ

159 4282 330 4356 ὲχθρῶν
356 4292 767 4367 ἐπιστρέφεσθαι
787 4314 800 4328 ·
837 4299 1058 4363 είκότως
1084 4299 1287 4354 τούτων
1315 4300 1571 4355 ἁπάντων
1598 4320 1691 4355 τυ-

1836 4282 2147 4361 ummunisti
2182 4319 2289 4367 me,
2321 4313 2374 4357 et
2421 4304 2476 4356 in
2529 4302 2699 4355 tutela
2740 4302 2955 4358 salutis.
2978 4318 3100 4372 quae
3144 4303 3286 4373 apud
3312 4310 3366 4359 te

159 4375 272 4444 χὼν,
305 4384 379 4436 σοὶ
412 4390 535 4451 τοὺς
567 4387 770 4459 ὕμνους
801 4390 1141 4462 ἀναπέμπω,
1199 4393 1274 4455 ὼς
1306 4395 1560 4449 ἁπάντων
1598 4414 1687 4467 μοι

1836 4406 1892 4459 st,
1927 4396 2201 4466 posuisti;
2234 4403 2293 4446 ut
2318 4393 2531 4447 nullum
2561 4392 2672 4462 jam
2720 4392 3069 4447 inimicorum
3114 4407 3362 4447 meorum

158 4468 241 4522 τῶν
261 4475 461 4573 ἀγαθῶν
490 4483 764 4554 γενομένῳ
786 4484 961 4554 αἰτίῳ.
1008 4484 1152 4538 Ἀντλ⁵
1171 4484 1228 4539 δὲ
1250 4485 1342 4539 τοῦ
1360 4525 1375 4552 ,
1411 4505 1429 4537 ι
1472 4488 1558 4539 Ἑν
1589 4488 1686 4541 πέ-
1721 4519 1734 4573 1

1836 4487 2135 4541 :formidem
2175 4504 2188 4539 :
2222 4484 2335 4539 haec
2369 4483 2553 4538 omnia
2601 4492 2819 4546 nactus,
2858 4483 2952 4538 tibi
3004 4490 3064 4537 ut
3116 4483 3360 4537 omnium

158 4577 240 4653 ῖρᾳ
267 4565 466 4637 ὖιῖιωσάς
499 4591 585 4646 με,
614 4594 631 4627 ι
672 4578 766 4630 καὶ
797 4576 903 4630 τῶν
938 4576 1083 4648 ἑξῆς,
1115 4578 1144 4629 ὁ
1176 4578 1469 4650 Σύμμαχος
1500 4580 1683 4653 ἕτερον
1721 4565 1734 4573 ’

1836 4578 1921 4632 tibi
1983 4577 2253 4633 bonorum
2301 4575 2551 4638 Auctori,
2604 4573 2836 4646 hymnos
2869 4575 3078 4628 emitto.
3129 4571 3236 4625 Pro
3266 4573 3359 4625 illo

158 4651 363 4713 ἀπέδωκε
392 4665 509 4719 νοῦν
541 4666 709 4720 εἰταὺν
732 4685 745 4698 ο
782 4688 800 4719 ι
829 4670 995 4721 Ὅταν
1046 4670 1265 4741 στερεὸς
1293 4671 1682 4742 κατεπαίρεταί

1836 4680 1969 4723 atem
2004 4686 2017 4722 :
2054 4686 2071 4719 ι
2117 4669 2175 4720 ln
2205 4674 2355 4736 petra
2385 4664 2639 4720 exaltasti
2669 4679 2775 4727 me,
2809 4681 2829 4714 ι
2856 4670 2987 4726 etc.,
3010 4662 3171 4715 aliam
3208 4659 3360 4732 Sym-

161 4755 258 4832 lf?°.
284 4747 549 4824 ὁδηγήσεις
580 4773 665 4824 με.
713 4756 930 4824 Ἐγένου
959 4759 1066 4829 γὰρ
1087 4758 1284 4827 ἀφοϐία
1311 4777 1434 4830 μου,
1474 4760 1682 4832 πύργος

1836 4757 2015 4812 ιεεὴιιε
2045 4757 2369 4812 sententiam
2408 4754 2599 4810 extulit
2638 4754 2724 4809 his
2758 4754 2937 4808 verbis
2966 4771 2978 4806 :
3009 4771 3028 4802 ι
3074 4750 3208 4805 Cum
3244 4752 3357 4804 for-

158 4827 320 4921 Wtle
342 4840 442 4896 ἀπὸ
460 4848 745 4916 προσώπου
773 4849 989 4919 ἐχθροῦ
1017 4827 1151 4903 »καὶ
1175 4854 1203 4904 6
1232 4827 1461 4915 Ἀκύλας
1485 4827 1682 4921 ὁμοίως

1836 4863 1858 4902 s
1880 4848 2124 4918 insurget
2150 4847 2439 4902 advel-Sum
2466 4858 2575 4908 me,
2609 4842 2847 4897 deduces
2870 4856 2975 4896 me.
2999 4839 3171 4895 Fuisti
3206 4843 3355 4896 enim

158 4920 228 4972 τὸν
252 4929 393 4985 αὑτὸν
418 4937 660 4993 ἀπέδωκε
676 4941 800 4994 νοῦν
826 4941 996 4995 είπὼν
1015 4958 1029 4971 ·
1053 4962 1072 4994 ‹
1105 4943 1191 4997 Ἐν
1219 4943 1422 5015 στερεῷ
1439 4920 1679 5014 ὑψῶθητι

1836 4945 2054 4997 :curitas
2110 4956 2250 5004 mea,
2286 4940 2458 4994 turris
2506 4938 2723 4993 excelsa
2769 4950 2799 4989 a
2856 4934 2997 4989 facie
3037 4933 3246 4988 inimici
3279 4950 3293 4986 :
3325 4953 3348 4986 ›

159 5017 261 5105 αρ’
282 5022 401 5092 ἐμὲ,
430 5030 817 5104 καθοδηγήσεις
848 5051 937 5105 με,
970 5054 989 5087 ι
1022 5035 1116 5089 καὶ
1141 5036 1209 5089 τά
1236 5035 1382 5104 ἑξῆς.
1427 5037 1676 5091 Διδάσκει

1836 5033 1976 5102 quila
2010 5033 2137 5086 item
2171 5032 2361 5086 eadem
2392 5037 2663 5085 sententia
2708 5026 3097 5095 interpretatus
3131 5034 3217 5080 est
3246 5024 3352 5080 hoc

158 5098 341 5199 “illa:
364 5116 446 5173 διὰ
473 5098 698 5178 totitva
719 5127 747 5180 6
791 5098 948 5194 λόγος
983 5126 1182 5197 μηδένα
1207 5098 1673 5199 τῶν-κατεπαιρο-

1836 5126 1951 5180 ιοάο
1986 5144 1998 5179 :
2031 5144 2048 5176 ι
2079 5123 2132 5178 In
2166 5124 2322 5178 firmo
2348 5122 2586 5177 exaltare
2606 5119 2746 5189 apud
2776 5134 2880 5181 me,
2909 5118 3148 5172 deduces
3170 5132 3278 5181 me,
3322 5137 3345 5169 ι

162 5196 300 5287 θέθων
339 5212 483 5281 ἡμῶν
525 5196 992 5289 ἐπιστρέφεσθαι,
1027 5196 1177 5283 ὅλους
1207 5220 1263 5273 δὲ
1296 5219 1548 5289 γενέσθαι
1578 5196 1670 5272 τοῦ

1836 5233 1888 5273 c.
1917 5215 2014 5271 llis
2036 5232 2201 5286 porro
2221 5216 2483 5271 docemur
2516 5213 2786 5266 neminem
2808 5218 2870 5264 ut
2904 5208 3346 5265 adversariorum

160 5289 282 5382 θεοῦ,
310 5300 386 5352 ἐπ’
415 5308 556 5377 αὐτῷ
601 5310 743 5379 μόνῳ
775 5310 1127 5382 θαρσοῦντας.
1193 5312 1251 5362 '0
1282 5309 1408 5379 γοῦν
1440 5309 1670 5379 ἀγαθαῖς

1841 5307 2228 5369 formidemus,
2265 5304 2359 5359 sed
2404 5317 2505 5357 nos
2546 5300 2656 5355 Deo
2703 5302 2924 5371 penitus
2954 5305 3256 5364 tradamus,
3286 5304 3345 5356 in

161 5377 329 5440 ἐλπίσιν
343 5377 725 5468 ὲςωδιασμένος
750 5441 763 5465 ,
790 5377 882 5453 καὶ
900 5401 990 5454 τὸν
1010 5401 1140 5454 Θεὸν
1163 5377 1499 5473 κτησάμενος
1534 5402 1671 5472 πύρ-

1836 5414 1894 5453 so
1950 5397 2068 5453 solo
2115 5394 2470 5450 confidentes.
2516 5391 2621 5459 Qui
2654 5406 2785 5459 ergo
2817 5391 3092 5462 bona‘spe
3131 5392 3345 5447 insin...

161 5481 234 5534 γον
259 5476 431 5551 ἰσχύος,
453 5488 504 5560 ἢ,
524 5490 665 5545 κατὰ
684 5491 772 5544 τὸν
804 5490 1050 5557 Ἀκύλαν,
1080 5511 1098 5543 ι
1128 5491 1333 5564 πύργον
1354 5492 1583 5563 κράτους
1604 5509 1616 5521 ·
1645 5510 1663 5541 ι

1836 5507 1930 5554 us,
1974 5489 2141 5544 Deum
2208 5489 2262 5542 in
2323 5488 2514 5540 turrim
2557 5485 2893 5541 fortitudinis
2954 5487 3154 5555 habet;
3194 5487 3333 5553 sive,

164 5711 195 5745 ιι
218 5646 435 5787 ῗὲξβι.κ
470 5682 628 5788 εἶικ,
666 5667 718 5721 5.
796 5669 836 5700 ³⁷
878 5668 1034 5725 Rom.
1087 5685 1159 5724 vn
1186 5710 1198 5734 ,
1248 5670 1337 5725 24.
1419 5671 1462 5702 ⁸³
1502 5670 1692 5724 Matth.

1836 5708 1845 5732 ,
1895 5670 1975 5723 l3.
2054 5669 2097 5699 ³⁸
2138 5666 2179 5721 Il
2214 5666 2341 5723 Cor.
2408 5680 2521 5730 ιιι,
2581 5664 2673 5717 21.
2750 5664 2793 5697 ⁸ο
2835 5665 2875 5720 ll
2912 5664 3038 5721 Cor.
3096 5680 3182 5731 XI,
3237 5665 3327 5720 29.
