3808 6280
446 353 552 409 5'79

1148 354 1417 410 EUSEBII
1460 352 1940 409 CESARIENSIS
1973 352 2120 408 OPP.
2163 351 2342 407 PARS
2401 353 2487 407 Ill.
2519 383 2588 394 --
2631 349 3044 406 EXEGETICA.
3557 361 3642 413 550

437 469 738 526 secundum
771 467 1040 537 Aquilam,
1072 487 1090 518 σ
1129 468 1323 522 turrim
1357 467 1605 533 roboris;
1639 487 1658 519 ι
1685 478 1776 522 aut
1809 481 1997 522 secun-

2105 467 2172 537 ἦ,
2213 486 2232 519 ι
2259 467 2464 536 πύργον
2494 466 2686 537 ὀχυρὸν
2711 506 2725 528 ,
2753 488 2770 518 ι
2823 467 2974 542 κατὰ,
3011 467 3104 520 τὸν
3135 467 3426 539 Σύμμαχον
3446 488 3458 500 ·
3521 473 3640 544 ὲρεί·

435 561 564 617 dum
624 559 1032 631 Symmachum,
1077 577 1094 609 ι
1141 561 1340 613 turrim
1398 560 1696 625 munitam;
1727 579 1745 610 ι
1792 560 1860 622 is,
1917 559 2004 612 in-

434 667 618 722 quam,
649 650 793 705 dicet
827 669 839 704 :
873 668 890 700 ι
927 651 1249 705 Inhabitabo
1296 652 1350 704 in
1409 650 1763 704 tabernaculo
1814 659 1908 704 tuo
1953 651 2005 704 in

434 744 659 806 saecula,
690 751 947 813 protegar
989 744 1043 798 in
1097 744 1400 798 velamento
1459 744 1668 796 alarum
1711 752 1946 798 tuarum.
1982 763 2001 796 ι

439 832 628 903 Neque
691 837 858 900 enim,
895 834 991 899 ait,
1033 835 1090 888 in
1143 849 1231 888 me
1291 833 1582 896 conﬁdam,
1624 832 1718 887 sed
1753 833 1808 887 in
1861 835 2008 887 vela-

436 935 621 982 mento
647 927 855 979 alarum
882 935 1122 980 tuarum.
1169 924 1246 979 lta
1295 941 1462 995 porro
1494 941 1691 981 vocare
1723 925 2006 996 Scriptura

434 1021 571 1074 solet
615 1021 847 1072 virtutes
877 1018 969 1072 Dei
1001 1018 1357 1088 providentia:
1396 1018 1774 1080 administras,
1807 1019 2005 1090 quibus

433 1109 706 1177 obtegitur
752 1109 1041 1178 religiosus
1094 1108 1280 1170 homo,
1317 1109 1411 1178 qui
1467 1123 1498 1161 a
1557 1113 1861 1163 velamento
1913 1107 2005 1162 Dei

432 1216 710 1270 nunquam
745 1201 973 1262 recedit,
1002 1201 1096 1254 sed
1131 1199 1272 1254 intra
1305 1201 1482 1270 ipsum
1537 1200 1592 1254 in
1620 1200 1878 1255 saeculum
1906 1200 2005 1254 ha-

433 1290 570 1346 bitat
598 1311 610 1344 :
643 1292 866 1362 jamque
911 1292 1154 1347 Ecclesia
1186 1292 1306 1360 ejus
1339 1299 1394 1346 et
1445 1291 1643 1346 decore
1666 1293 1861 1347 domus
1886 1292 2005 1360 ejus

432 1382 653 1448 fruitur,
683 1391 741 1437 ut
770 1384 916 1437 dicat
941 1403 956 1438 :
994 1402 1011 1434 ι
1049 1383 1294 1446 Domine,
1320 1383 1483 1437 dilexi
1531 1383 1783 1438 decorem
1809 1383 2004 1439 domus

433 1483 558 1536 tuae,
609 1482 664 1528 et
723 1476 903 1529 locum
939 1475 1298 1529 habitationis
1331 1475 1514 1545 gloria:
1559 1483 1666 1528 tuae
1711 1475 1791 1541 “;
1825 1495 1844 1527 ι
1903 1485 2000 1529 et:

438 1583 458 1615 ι
503 1565 675 1620 Unam
705 1568 832 1638 petii
867 1584 896 1622 a
933 1567 1183 1632 Domino,
1224 1567 1364 1621 hanc
1423 1567 1716 1637 requiram,
1752 1573 1812 1621 ut
1856 1567 2006 1621 inha-

430 1656 596 1712 bilem
628 1660 681 1712 in
716 1661 878 1714 domo
910 1658 1125 1714 Domini
1170 1660 1426 1714 omnibus
1457 1659 1652 1714 diebus
1680 1659 1802 1714 vitae
1827 1675 1959 1714 meae
1987 1682 1999 1716 :

432 1755 491 1800 ut
527 1748 736 1802 videam
761 1751 1097 1820 voluptatem
1131 1751 1345 1805 Domini
1371 1789 1386 1813 ,
1418 1757 1472 1804 et
1497 1749 1711 1804 visitem
1738 1749 2000 1818 templum

2114 577 2130 607 ι
2157 557 2484 628 Παροικησω
2511 560 2568 611 ἐν
2591 557 2668 628 τῷ
2698 545 3014 630 σκηνώματί
3043 577 3135 612 σου
3167 563 3247 625 είς
3278 565 3401 627 τοὺς
3433 565 3642 633 αἰῶνας·

2109 648 2559 719 σκεπασθήσομαι
2591 651 2648 702 ὲν
2676 651 2740 719 τῇ
2773 649 2944 720 σκέπῃ
2973 649 3081 702 τῶν
3109 652 3396 722 πτερύγων
3426 671 3514 707 σου
3547 661 3642 712 »ού

2106 741 2210 812 γάρ
2245 743 2330 792 ἐπ’
2361 739 2580 810 ἐμαυτῷ
2605 781 2618 803 ,
2669 743 2830 812 φησὶν
2855 783 2869 807 ,
2907 743 3225 820 εὐθαρσήσω
3246 785 3261 809 ,
3314 746 3426 798 ἀλλ’
3474 749 3556 801 ἐπὶ
3591 757 3642 822 τῇ

2107 832 2283 903 σκέπῃ
2329 831 2434 885 τῶν
2487 831 2592 884 σῶν
2641 832 2944 904 πτερύγων.
2999 835 3152 889 Οὕτω
3183 838 3238 891 δὲ
3273 838 3455 892 καλεῖν
3485 841 3642 912 εἴωθεν
3712 887 3729 912 τ

2105 923 2134 972 6
2164 922 2334 990 Λόγος
2361 921 2458 984 τὰς
2493 922 2848 994 προνοητικάς
2875 923 2968 977 τοῦ
3001 925 3134 980 Θεοῦ
3164 928 3420 998 δυνάμεις
3442 970 3457 993 ,
3492 931 3569 998 ὑφ’
3592 934 3642 996 ἃς

2107 1014 2431 1077 σκεπάζεται
2481 1016 2508 1067 6
2540 1013 2824 1085 θεοφιλὴς,
2882 1017 3147 1086 μηδέποτε
3176 1020 3276 1089 τῆς
3310 1021 3512 1090 σκέπης
3538 1023 3643 1077 ἀνα·
3732 1011 3743 1038 ³

2105 1103 2293 1172 χωρῶν
2326 1103 2420 1187 τοῦ
2452 1103 2606 1166 Θεοῦ,
2640 1104 2773 1157 ἀλλά
2804 1105 2869 1157 δι’
2899 1107 3092 1170 αἰῶνος
3130 1108 3275 1163 ἔνδον
3308 1114 3367 1167 ὲν
3385 1115 3515 1186 αὐτῇ
3539 1135 3644 1170 κατ-

2104 1193 2266 1246 οικῶν
2283 1212 2294 1222 ·
2324 1196 2418 1247 καὶ
2445 1195 2542 1266 ἤδη
2589 1197 2686 1266 μὲν
2712 1195 2994 1250 ἀπολαύων
3038 1199 3136 1268 τῆς
3165 1201 3484 1274 Ἐκκλησίας
3509 1209 3640 1262 αὐτοῦ

2105 1286 2198 1338 καὶ
2242 1285 2342 1354 τῆς
2375 1286 2702 1356 εὐπρεπείας
2735 1286 2824 1340 τοῦ
2855 1289 3002 1342 οἴκου
3031 1290 3225 1356 αὐτοῦ,
3277 1295 3417 1348 ὥστε
3465 1299 3638 1367 λέγειν·

2110 1395 2127 1426 ι
2153 1376 2344 1448 Κύριε,
2363 1377 2620 1448 ἠγάπησα
2644 1378 2974 1449 εὐπρέπειαν
2993 1380 3140 1434 οἴκου
3173 1400 3265 1437 σου
3312 1405 3330 1436 ι
3364 1388 3455 1441 καὶ
3484 1391 3642 1446 «τόπον

2105 1469 2457 1540 σκηνώματος
2488 1471 2586 1541 τῆς
2611 1469 2768 1543 δόξης
2799 1489 2920 1524 σου·
2947 1491 2965 1523 ι
3001 1474 3124 1538 καὶ,
3161 1493 3179 1527 ι
3207 1479 3355 1532 Μίαν
3388 1481 3642 1556 ᾐτησάμην

2103 1561 2254 1633 παρά
2282 1562 2483 1634 Κυρίου
2505 1602 2521 1626 ,
2569 1562 2772 1634 ταύτην
2802 1563 3052 1634 ζητήσω,
3091 1565 3169 1620 ,τὸ
3219 1574 3491 1623 κατοικεῖν
3518 1591 3575 1642 με
3598 1577 3642 1626 ἐν

2102 1652 2234 1724 οἴκῳ
2265 1654 2468 1726 Κυρίου
2503 1655 2681 1719 πάσας
2713 1656 2810 1719 τὰς
2843 1657 3053 1728 ἡμέρας
3084 1660 3181 1730 τῆς
3210 1658 3357 1731 ζωῆς
3393 1680 3522 1732 μου·
3567 1665 3641 1718 τοῦ

2109 1743 2330 1816 θεωρεῖν
2360 1763 2425 1815 με
2455 1746 2552 1814 τὴν
2573 1748 2910 1818 τερπνότητα
2929 1748 3021 1801 τοῦ
3044 1751 3249 1822 Κυρίου
3268 1793 3283 1813 ,
3326 1756 3416 1807 καὶ
3457 1757 3642 1810 ἐπισκέ-

429 1839 549 1906 ejus
577 1839 639 1893 ⁸³.
681 1861 700 1892 ι
728 1840 883 1906 Quod
925 1844 969 1898 si
1003 1843 1411 1897 tabernaculum
1463 1849 1549 1896 est
1577 1842 1819 1904 caeleste,
1854 1841 1997 1911 quod

2102 1837 2329 1890 πτεσθαι
2357 1837 2446 1890 τὸν
2479 1837 2602 1890 ναὸν
2629 1838 2811 1894 αὐτοῦ.
2839 1859 2857 1890 ι
2891 1840 2953 1892 Εἰ
2986 1841 3042 1894 δέ
3070 1843 3184 1894 ἐστι
3229 1845 3322 1896 καὶ
3355 1845 3641 1918 ἐπουράνιος

430 1928 546 1982 tixlt
607 1928 888 1993 Dominus,
940 1948 1048 1985 non
1111 1932 1295 1996 homo,
1329 1933 1396 1987 ad
1451 1931 1608 2001 cujus
1668 1933 1996 2002 exemplum,

422 2019 616 2088 jussus
646 2021 858 2093 Moyses
894 2023 1039 2077 aliud
1072 2024 1370 2079 fabricatus
1423 2033 1532 2089 est,
1580 2025 1648 2078 ad
1681 2023 1814 2078 illud
1869 2038 2001 2079 sane

427 2112 846 2168 tabernaculum
907 2117 1217 2179 remittens,
1250 2117 1450 2172 dixerit
1484 2136 1497 2172 :
1532 2136 1551 2168 ι
1590 2117 1911 2172 lnhabitabo
1944 2117 2001 2170 in

427 2205 789 2261 tabernaculo
829 2217 921 2261 luo
953 2208 1008 2261 in
1039 2209 1258 2263 saecula.
1296 2228 1315 2261 ι
1345 2207 1528 2264 Talem
1559 2211 1703 2264 enim
1727 2209 2000 2279 perfectus

429 2295 594 2352 homo
625 2299 1046 2368 promissionem
1099 2301 1328 2370 accepit,
1362 2300 1587 2355 minime
1630 2311 1882 2372 spectans
1936 2317 2001 2357 ea

431 2403 556 2457 quae
583 2389 688 2443 sub
728 2397 1082 2460 conspectum
1115 2392 1338 2454 cadunt,
1370 2391 1464 2446 sed
1511 2408 1633 2462 qua:
1679 2407 1790 2447 non
1813 2393 2002 2449 viden-

429 2483 539 2529 tur.
567 2476 704 2530 Nam
741 2493 860 2550 quae
890 2479 1168 2542 videntur,
1203 2486 1593 2549 temporanea;
1629 2496 1749 2552 quae
1775 2498 1885 2537 non
1919 2483 2002 2537 vi-

427 2568 649 2632 dentur,
667 2579 869 2624 aeterna
899 2579 1045 2625 sunt.

499 2659 667 2716 Vens.
700 2661 751 2715 6.
801 2679 820 2710 ι
860 2660 1130 2727 Quoniam
1167 2671 1246 2727 tu,
1285 2662 1446 2727 Deus,
1489 2664 1762 2720 exaudisti
1793 2667 1997 2720 oratio-

428 2766 527 2806 nes
555 2768 730 2817 Ineas,
763 2753 964 2808 dedisti
999 2753 1372 2808 hereditatem
1431 2755 1749 2810 timentibus
1799 2771 2000 2812 nomen

425 2851 602 2900 tuum.
619 2865 634 2896 ι
661 2843 718 2900 Si
749 2847 987 2918 vulgaris
1012 2847 1257 2917 quaedam
1283 2848 1456 2903 oratio
1477 2855 1622 2903 esset
1649 2863 1733 2911 ea,
1752 2849 1998 2919 qutejam

427 2951 458 2989 a
491 2935 692 2993 Davide
713 2939 912 2995 emissa
942 2947 1044 3004 est,
1079 2955 1187 2994 non
1221 2955 1446 2996 necesse
1471 2955 1604 2995 sane
1650 2939 1847 2996 fuisset
1879 2957 1997 2996 eam

427 3028 484 3082 in
519 3030 658 3084 libro
692 3030 1036 3087 Psalmorum
1086 3034 1274 3103 reponi
1301 3052 1317 3088 :
1343 3034 1640 3088 verisimile
1689 3035 1890 3104 quippe
1918 3043 2002 3089 est

424 3133 550 3172 eum
589 3130 874 3176 sexcentas
916 3121 1052 3176 alias
1091 3122 1365 3177 orationes
1407 3120 1472 3174 ad
1512 3123 1677 3177 Deum
1713 3123 1999 3190 elfudisse;

2105 1929 2302 2000 σκηνὴ,
2353 1931 2418 2002 ἢν
2461 1927 2657 1999 ἔπηξεν
2682 1931 2709 1982 6
2737 1928 2938 2001 Κύριος
2958 1973 2971 1993 ,
3005 1935 3099 1987 καὶ
3131 1936 3231 1988 οὐκ
3257 1937 3564 2009 ἄνθρωπος,
3590 1936 3642 2010 ἧς

2103 2020 2200 2092 τὴν
2225 2020 2410 2073 εἰκόνα
2438 2019 2678 2088 Μωῦσῆς
2707 2022 3067 2093 προσταχθεὶς
3100 2027 3270 2079 ἐποίει
3290 2067 3304 2091 ,
3355 2030 3432 2092 εἰς
3463 2031 3641 2101 ἐκείνην

2100 2111 2438 2182 ἀναπέμπων
2471 2109 2568 2180 τὴν
2601 2111 2802 2181 σκηνὴν
2826 2150 2842 2175 ,
2885 2111 3028 2166 εἴποι
3061 2114 3126 2167 ἂν
3153 2117 3244 2169 τό·
3307 2136 3324 2168 ι
3350 2117 3641 2192 Παροικησω

2099 2205 2157 2256 ὲν
2185 2205 2261 2275 τῷ
2285 2203 2599 2276 σκηνώματι
2630 2222 2721 2257 σου
2746 2207 2826 2268 είς
2849 2207 2974 2269 τοὺς
3001 2205 3220 2272 αἰῶνας.
3249 2229 3268 2262 ι
3327 2211 3536 2282 Ταύτην
3557 2214 3639 2284 γάρ

2102 2299 2293 2371 εἴληφε
2326 2299 2421 2370 τὴν
2450 2300 2777 2368 ἐπαγγελίαν
2805 2302 2833 2354 6
2864 2301 3093 2366 τέλειος,
3125 2304 3184 2356 οὐ
3219 2305 3436 2358 σκοπῶν
3464 2305 3526 2358 τά
3549 2305 3642 2375 βλε-

2101 2393 2330 2462 πόμενα,
2361 2391 2494 2445 ἀλλὰ
2519 2391 2588 2445 τά
2616 2395 2688 2463 μὴ
2732 2393 3066 2466 βλεπόμενα·
3117 2395 3186 2448 τά
3216 2396 3326 2468 γὰρ
3369 2397 3639 2469 βλεπόμενα

2101 2483 2414 2554 πρόσκαιρα
2435 2525 2450 2548 ,
2480 2483 2548 2536 τὰ
2579 2484 2634 2537 δὲ
2669 2485 2743 2556 μὴ
2773 2485 3078 2557 βλεπόμενα
3108 2487 3318 2543 αἰώνια.

2171 2677 2190 2710 ‹
2205 2659 2324 2712 Ὅτι
2346 2660 2433 2721 σὺ,
2450 2661 2476 2712 6
2497 2659 2647 2724 Θεὸς,
2668 2661 2989 2733 είσήκουσας
3013 2663 3120 2716 τῶν
3135 2663 3307 2734 εὐχῶν
3332 2683 3452 2736 μου,
3470 2667 3637 2728 ἔδωκας

2099 2748 2455 2821 κληρονομίαν
2487 2754 2597 2816 τοῖς
2627 2751 2976 2823 φοϐουμένοις
3004 2754 3065 2807 τὸ
3095 2755 3265 2826 ὄνομά
3292 2773 3406 2809 σου.
3433 2777 3453 2809 ι
3487 2758 3541 2810 Εἰ
3560 2758 3638 2827 μὲν

2097 2841 2225 2913 ψιλή
2250 2860 2332 2906 τις
2359 2837 2426 2913 ἦν
2451 2845 2726 2916 προσευχὴ
2757 2845 2862 2898 ὐπὺ
2892 2845 2984 2899 τοῦ
3015 2847 3178 2900 Δαυῒδ
3199 2849 3634 2919 ἀναπεμφθείσαή

2102 2932 2238 3002 μετά
2262 2935 2449 3004 χεῖρας
2470 2974 2485 2996 ,
2515 2933 2662 2986 οὐδὲν
2684 2931 2752 3005 ἦν
2777 2935 3070 3005 ἀναγκαῖον
3099 2938 3269 3010 αὐτὴν
3299 2939 3634 3010 ἀναληφθῆναι

2097 3025 2164 3094 τῇ
2201 3023 2365 3094 βίϐλῳ
2396 3024 2503 3077 τῶν
2536 3025 2798 3097 Ψαλμῶν·
2849 3029 2993 3093 εἰκὸς
3027 3029 3131 3100 γάρ
3160 3031 3318 3084 αὐτὸν
3347 3032 3440 3086 καὶ
3473 3032 3634 3102 μυρίας

2103 3114 2266 3179 ἄλλας
2293 3115 2456 3188 εὐχάς
2490 3117 2623 3188 πρὸς
2656 3118 2744 3171 τὸν
2776 3119 2907 3172 Θεὸν
2955 3121 3309 3192 πεποιῆσθαι·
3361 3123 3537 3193 ῶσπερ
3564 3118 3634 3175 οὖν

424 3212 884 3281 quemadmodum
915 3229 1015 3269 nos
1036 3230 1252 3284 quoque
1281 3213 1527 3284 quotidie
1548 3215 1824 3286 variisque
1857 3225 1993 3271 tem-

2100 3207 2189 3260 καὶ
2215 3210 2372 3279 ἡμεῖς
2423 3209 2506 3278 ἐφ’
2551 3210 2785 3281 ἑκάστης
2827 3212 3067 3284 ἡμέρας,
3118 3215 3210 3267 καὶ
3255 3217 3399 3270 κατά
3444 3217 3633 3287 καιρώς

423 3302 652 3373 poribus
682 3318 1002 3372 precamur;
1034 3312 1090 3358 at
1131 3306 1260 3375 quia
1285 3306 1605 3376 plerumque
1636 3307 1764 3361 dum
1801 3323 1992 3377 preca-

423 3402 601 3458 retur,
645 3403 740 3448 ant
790 3395 1032 3465 psalmos
1059 3397 1321 3465 pulsaret,
1347 3397 1648 3467 hymnosve
1699 3401 1990 3462 emitteret,

425 3485 746 3555 prophetica
788 3487 990 3540 virtute
1045 3486 1387 3556 replebatur;
1419 3489 1611 3542 merito
1638 3487 1750 3556 jam
1784 3503 1894 3542 non
1937 3496 1994 3541 ut

423 3575 678 3644 vulgares
708 3577 1011 3640 orationes,
1043 3577 1138 3632 sed
1169 3586 1226 3632 ut
1258 3595 1541 3636 sermones
1574 3581 1666 3634 alii
1691 3581 1992 3651 prophetici

426 3667 541 3722 haec
570 3669 1037 3739 obsignabantur;
1068 3685 1239 3740 eaque
1272 3672 1326 3725 in
1349 3672 1547 3727 divinis
1581 3672 1736 3728 libris
1765 3688 1993 3742 repone-

423 3761 577 3825 bant,
612 3760 708 3828 qui
735 3761 1090 3816 discretionis
1137 3763 1428 3831 spirituum
1485 3764 1712 3833 gratiam
1769 3779 1993 3835 accepe-

421 3859 567 3906 rant.
630 3851 723 3906 Sic
779 3867 910 3922 ergo
963 3860 1084 3921 post
1118 3853 1375 3922 praedicta
1419 3854 1606 3919 verba,
1671 3854 1992 3910 intermedio

421 3942 824 4011 diapsalmate,
885 3941 1156 4014 Propheta
1212 3945 1389 4000 sancti
1448 3944 1686 4014 Spiritus
1740 3946 1991 4018 illapsum

421 4034 882 4099 animadverteris,
948 4035 1190 4104 adeoque
1248 4037 1571 4104 illustratus,
1621 4052 1745 4092 cum
1804 4046 1993 4093 nosset

422 4126 758 4196 praemissam
781 4127 850 4180 ab
883 4141 942 4182 se
961 4128 1263 4181 orationem
1298 4143 1327 4180 a
1367 4126 1476 4182 Deo
1501 4129 1812 4184 exauditam
1845 4145 1989 4196 esse,

415 4219 532 4289 jam
562 4219 918 4274 mutationem
954 4219 1222 4274 sermonis
1253 4219 1479 4275 inducit.
1503 4219 1865 4286 Quamobrem
1897 4237 1992 4274 su-

2096 3297 2282 3351 ἇλλοτε
2315 3298 2505 3362 ἄλλους
2537 3300 2803 3370 εὐχόμεθα
2833 3302 3120 3375 διαφόρους
3138 3322 3150 3334 ·
3176 3306 3297 3358 ἐπεὶ
3325 3306 3382 3358 δὲ
3413 3306 3634 3366 πολλάκις

2095 3388 2153 3440 ὲν
2175 3386 2322 3458 αὐτῷ
2346 3388 2422 3458 τῷ
2439 3390 2861 3461 προσεύχεσθαι,
2914 3393 2946 3464 ἣ
2970 3395 3092 3458 τοὺς
3111 3395 3358 3465 ψαλμοὺς
3377 3393 3634 3469 ἀνακρούε-

2100 3479 2242 3543 σθαι,
2273 3481 2305 3552 ἢ
2335 3483 2460 3543 τοὺς
2490 3480 2690 3552 ὕμνους
2721 3484 3086 3556 ἀναπέμπειν,
3128 3490 3468 3559 προφητικῆς
3498 3491 3632 3559 ἐπλη-

2102 3572 2256 3643 ροῦτο
2279 3574 2554 3644 δυνάμεως
2577 3593 2589 3605 ·
2614 3576 2834 3641 εἰκότως
2855 3579 3032 3632 οὐκέθ’
3053 3580 3126 3643 ὡς
3150 3579 3311 3649 ψιλὰς
3337 3583 3629 3653 προσευχὰς,

2095 3663 2284 3728 ἀλλ’ὡς
2312 3665 2500 3727 ἄλλους
2528 3667 2715 3734 λόγους
2743 3672 3109 3740 προφητικοὺς
3139 3672 3555 3742 ἐπεσημαίνοντο
3579 3672 3632 3724 τά

2093 3755 2359 3826 λεγόμενα
2377 3795 2389 3819 ,
2417 3758 2510 3810 καὶ
2539 3761 2658 3821 ταῖς
2683 3758 2852 3822 θείαις
2880 3759 3079 3828 βίϐλοις
3105 3762 3492 3830 ὲγκατέταττον
3519 3766 3562 3817 οἱ
3586 3763 3630 3814 τὸ

2094 3847 2338 3918 χάρισμα
2382 3848 2480 3918 τῆς
2509 3848 2828 3920 διακρίσεως
2865 3851 2970 3905 τῶν
3017 3855 3338 3923 πνευμάτων
3365 3857 3627 3926 εἰληφότες.

2095 3938 2279 4002 Οὕτως
2299 3935 2389 3993 οὖν
2411 3941 2504 3992 καὶ
2534 3941 2763 3994 ἐνταῦθα
2791 3943 2926 4013 μετά
2949 3943 3016 3997 τά
3038 3945 3420 4016 προλεχθέντα,
3443 3945 3631 4016 διαψάλ-

2098 4047 2267 4100 ματος
2310 4030 2513 4103 μεταξὺ
2561 4034 3010 4104 παρεντεθέντος,
3081 4038 3380 4110 μεταϐολὴν
3431 4042 3628 4093 ποιεῖται

2094 4121 2188 4176 τοῦ
2209 4121 2364 4190 λόγου
2385 4125 2412 4176 6
2435 4124 2743 4196 Προφήτης,
2765 4126 3078 4198 αἰσθόμενος
3099 4129 3197 4198 τῆς
3217 4130 3310 4184 τοῦ
3332 4131 3483 4200 ἁγίου
3497 4129 3630 4184 Πνεύ⁸

2096 4233 2263 4286 ματος
2295 4217 2529 4285 ἀφίξεως
2553 4257 2567 4282 ,
2626 4219 2914 4285 φωτισθείς
2941 4221 3120 4274 τε.ύπ“
3153 4221 3316 4275 αὐτοῦ
3346 4223 3439 4276 καὶ
3478 4224 3627 4292 γνοὺς,

421 4309 608 4380 perius
632 4309 848 4379 quidem
878 4310 958 4364 sic
984 4311 1310 4380 precabatur
1353 4330 1366 4365 :
1403 4330 1421 4362 ι
1455 4311 1684 4374 Exaudi,
1717 4311 1880 4377 Deus,
1897 4313 1992 4366 de-

2100 4306 2171 4358 ὅτι
2197 4307 2263 4359 τὰ
2286 4308 2382 4378 τῆς
2406 4307 2795 4381 προλεχθείσης
2823 4309 2969 4381 αὐτῷ
2994 4311 3226 4382 δεήσεως
3247 4315 3482 4384 ἐπηκόου
3502 4314 3627 4381 ἔτυχε

419 4403 786 4474 precationem
817 4418 1028 4471 meam;
1069 4425 1087 4456 ι
1126 4405 1217 4458 hic
1247 4421 1376 4460 vero
1405 4413 1528 4475 post
1571 4403 1872 4473 diapsalma
1906 4403 1990 4457 di-

2100 4395 2184 4449 τοῦ
2213 4395 2367 4449 Θεοῦ.
2403 4397 2493 4450 Διὸ
2515 4398 2770 4469 ἀνωτέρω
2801 4398 2899 4470 μὲν
2932 4399 3221 4470 εὐχόμενος
3257 4401 3442 4472 ἔλεγε·
3479 4421 3496 4453 ι
3525 4401 3627 4454 Εἰσ-

419 4494 496 4548 cit
558 4512 572 4548 :
633 4513 651 4545 ι
697 4492 965 4560 Quoniam
1018 4504 1110 4560 tu,
1160 4496 1342 4561 Deus,
1388 4495 1657 4550 exaudisti
1713 4496 1989 4550 orationes

2100 4486 2339 4549 άκουσον,
2359 4489 2386 4540 6
2407 4487 2558 4551 Θεὸς,
2583 4487 2681 4557 τῆς
2709 4487 2945 4560 δεήσεως
2981 4506 3099 4560 μου·
3129 4510 3146 4541 ι
3182 4491 3413 4545 ἐνταῦθα
3439 4493 3490 4546 δὲ
3518 4490 3627 4562 μετὰ

420 4601 570 4641 meas
588 4585 653 4640 “.
671 4605 688 4638 ι
710 4585 899 4642 Viden‘
939 4604 1048 4658 quo
1077 4597 1235 4658 pacto
1265 4603 1326 4642 se
1367 4586 1682 4643 exauditum
1711 4601 1834 4641 esse
1863 4601 1989 4640 sen-

2100 4579 2150 4632 t6
2170 4579 2442 4651 διάψαλμα
2467 4580 2686 4650 φάσκει·
2709 4599 2727 4630 ι
2743 4557 2861 4634 Ὅτι
2889 4557 3028 4646 σὺζδ
3045 4583 3195 4648 Θεὸς,
3211 4557 3529 4655 εἰσήκουσας
3541 4582 3627 4635 τῶν

418 4680 622 4734 tiehat?
645 4678 712 4732 Et
743 4679 874 4733 illud
902 4687 1020 4734 erat
1050 4695 1146 4750 per
1201 4678 1395 4734 Isaiam
1456 4677 1776 4748 prophetam
1805 4675 1988 4746 dignis

2100 4672 2267 4743 εὐχῶν
2305 4689 2423 4742 μου.
2451 4691 2470 4723 ι
2553 4673 2715 4744 Ὁρᾷς
2746 4673 2892 4736 ὅπως
2924 4672 3216 4745 συνῄσθετο
3247 4673 3624 4735 είσακουσθείςξ

417 4769 732 4823 hominibus
764 4769 1092 4837 promissum
1119 4783 1148 4821 a
1179 4767 1290 4823 Deo
1317 4786 1330 4822 :
1363 4786 1382 4819 ι
1410 4765 1605 4820 Adhuc
1635 4774 1687 4820 te
1729 4766 1986 4836 loquente

2100 4763 2186 4815 mi.
2211 4761 2355 4815 τοῦτ’
2379 4758 2448 4833 ἦν
2475 4762 2535 4815 τὸ
2555 4761 2642 4814 διὰ
2673 4761 2766 4815 τοῦ
2795 4764 3074 4834 προφήτου
3112 4763 3333 4818 Ἡσαΐου
3360 4767 3464 4828 τοῖς
3485 4761 3626 4830 ἀξίοις

417 4859 594 4913 dicam
629 4877 644 4914 :
671 4858 810 4915 Ecce
832 4859 1023 4915 adsum
1057 4859 1123 4912 ⁸⁸.
1151 4879 1169 4912 ι
1205 4856 1340 4912 Nam
1370 4857 1548 4911 adhuc
1577 4858 1830 4927 loquente
1852 4854 1985 4909 Pro-

2100 4853 2496 4925 ἐπηγγελμένον
2527 4853 2631 4907 ὐπὸ
2654 4853 2747 4906 τοῦ
2776 4853 3023 4921 λέγοντος
3045 4855 3178 4909 Θεοῦ
3197 4872 3210 4885 ·
3254 4874 3272 4907 ι
3300 4855 3418 4910 Ἔτι
3440 4853 3626 4909 λαλοῦν-

415 4951 599 5020 pheta,
635 4958 824 5006 astans
868 4951 1105 5021 Spiritus
1145 4949 1417 5005 indicebat
1447 4949 1548 5020 ipsi
1580 4949 1892 5004 exauditum
1925 4963 1982 5002 se

415 5055 558 5098 esse.
596 5041 778 5107 Quare
825 5041 901 5096 ait
933 5061 946 5097 τ
981 5061 998 5092 ι
1047 5041 1314 5107 Quoniam
1369 5069 1448 5107 ου,
1500 5055 1663 5106 acus,
1713 5038 1983 5095 exaudisti

414 5137 693 5192 orationes
749 5151 919 5191 meas.
964 5154 982 5185 ι
1039 5133 1352 5204 Eademque
1397 5134 1696 5190 secundum
1747 5133 1984 5201 reliquos

413 5227 748 5297 interpretes
789 5227 1058 5282 sententia
1112 5226 1424 5282 declaratur
1459 5244 1473 5280 :
1510 5239 1635 5280 nam
1683 5223 1982 5280 secundum

417 5316 668 5384 Aquilam
706 5315 909 5370 dicitur
972 5333 987 5372 :
1047 5334 1066 5366 ι
1115 5313 1382 5382 Quoniam
1433 5320 1515 5378 tu,
1573 5305 1983 5375 Deus,‘andisti

413 5407 694 5462 orationes
743 5423 924 5475 meas;
964 5427 982 5459 ι
1017 5407 1320 5463 secundum
1359 5423 1489 5463 vero
1539 5403 1927 5478 Symmachum
1964 5424 1976 5458 :

2100 5401 2208 5455 imi
2237 5402 2375 5455 κατὰ
2421 5403 2512 5456 τὸν
2571 5401 2798 5455 ’Δκύλαν
2830 5401 3042 5474 εἴρηται
3061 5419 3075 5433 ·
3114 5423 3132 5454 ι
3162 5403 3282 5456 Ὅτι
3317 5404 3379 5457 σὺ
3400 5443 3413 5466 ,
3449 5395 3491 5453 ὦ
3515 5397 3613 5458 Θεὲς

417 5511 436 5545 ι
475 5493 558 5548 Tu
587 5495 752 5558 enim,
785 5494 949 5560 Deus,
973 5497 1243 5553 exaudistl
1275 5512 1466 5566 preces
1489 5511 1660 5551 meas.
1701 5514 1720 5548 ι
1773 5494 1975 5563 Adjicit

2100 5493 2318 5564 δκουσας
2341 5494 2447 5546 τῶν
2465 5493 2638 5565 εὐχῶν
2665 5512 2764 5565 μου
2779 5511 2792 5524 ·
2822 5513 2841 5546 ι
2865 5494 3006 5548 κατά
3019 5495 3075 5548 δὲ
3092 5495 3181 5548 τὸν
3199 5495 3497 5566 Σύμμαχον·
3520 5508 3535 5540 ι
3557 5483 3613 5540 ΣΞ)

411 5587 651 5643 deinde:
691 5605 718 5645 ι.
750 5584 948 5641 Dedisti
999 5588 1366 5644 hereditatem
1405 5587 1722 5644 timentibus
1772 5602 1972 5646 nomen

2100 5585 2208 5657 γὰρ,
2236 5589 2264 5639 6
2293 5585 2444 5650 Θεὸς,
2476 5588 2800 5658 εἰσήκουσας
2827 5585 2934 5640 τῶν
2966 5586 3279 5658 προσευχῶν
3327 5603 3439 5658 μου.
3465 5603 3482 5635 ι
3522 5574 3616 5634 Εῑτ⁹

2079 4945 2170 5008 τός
2202 4962 2294 4998 σου
2340 4945 2468 5016 ὲρῶ·
2513 4945 2642 4999 ’ἰδοὺ
2670 4946 2920 5017 πάρειμι·
2952 4967 2973 4999 ι
3027 4946 3104 5000 ἔτι
3133 4948 3242 5020 γάρ
3289 4945 3623 5018 φθεγγομένου

2079 5035 2172 5088 τοῦ
2221 5035 2506 5107 Προφήτου
2528 5080 2543 5103 ,
2583 5039 2644 5091 τὸ
2674 5038 2897 5110 Πνεῦμα
2928 5039 3152 5092 ἐπιστάν
3178 5039 3240 5093 τὸ
3281 5041 3431 5109 ἅγιον
3464 5038 3621 5107 εδήλου

2079 5127 2248 5198 αὐτῷ,
2277 5127 2352 5191 ὡς
2372 5129 2478 5201 ἄρα
2505 5128 2878 5194 εἰσακουσθεὶς
2905 5130 3008 5201 εἴη.
3035 5129 3125 5182 Διό
3157 5147 3322 5200 φησιν
3341 5148 3354 5161 ·
3385 5131 3523 5182 «Ὅτι
3550 5127 3618 5186 σὺ.

2080 5221 2110 5272 6
2134 5219 2284 5284 Θεὸς,
2313 5222 2640 5291 είσήκουσας
2666 5219 2775 5273 τῶν
2799 5221 2974 5291 εὐχῶν
3005 5239 3126 5292 μου.
3153 5241 3172 5274 ι
3223 5223 3336 5276 Καὶ
3363 5220 3494 5276 κατὰ
3517 5217 3619 5278 τοὺς

2087 5309 2304 5373 λοιποὺς
2331 5311 2387 5364 δὲ
2432 5309 2770 5381 ἑρμηνευτάς
2792 5313 2825 5380 ἡ
2863 5311 3002 5383 αὐτὴ
3055 5311 3382 5382 ⁴παρίσταται
3406 5309 3614 5364 διάνοια·

484 5770 529 5800 ⁸⁸
569 5767 714 5824 Psal.
751 5783 876 5830 xxv,
910 5767 962 5821 8.
1041 5767 1084 5798 “
1124 5765 1267 5822 Psal.
1307 5784 1460 5832 xxvr,
1495 5769 1549 5824 4.
1628 5771 1672 5801 ⁸⁸
1708 5768 1859 5829 Psal.
1895 5787 1992 5833 I.x,

2157 5766 2200 5798 ⁵⁵
2243 5765 2344 5822 lsa.
2385 5781 2540 5832 LVIII,
2576 5767 2627 5820 9.
