3808 6280
145 371 232 427 581
1267 362 1775 421 COMMENTARIA
1815 362 1881 417 1N
1922 362 2260 420 PSALMOS.

3278 367 3383 424 582

148 482 393 550 ἐκλέγει·
457 499 474 532 ι
504 481 750 543 Ἕδωκας
793 478 1154 550 κληρονομίαν
1199 481 1311 543 τοῖς
1354 478 1704 549 φοϐουμένοις

1819 486 1983 531 tuum.
2022 496 2040 527 ι
2085 476 2167 532 Me
2199 478 2398 547 quippe
2436 476 2549 546 jam
2571 478 2841 534 exaudisti
2880 497 2891 532 :
2925 494 2989 533 ac
3022 477 3161 535 bene
3192 482 3318 534 novi
3352 498 3383 537 a

151 580 195 631 τὸ
243 575 405 646 δνομά
428 591 541 627 σου.
570 594 588 623 ι
654 572 816 643 Ἐμοῦ
856 573 952 643 μὲν
988 572 1095 644 γάρ
1154 572 1289 635 τέως
1338 571 1694 642 εἰσήκουσας’

148 671 295 739 εγνιιιν
321 667 374 720 δὲ
404 666 506 719 ὐπὸ
538 665 631 718 τοῦ
660 665 753 718 σοῦ
780 664 1095 735 Πνεύματος
1129 663 1415 733 φωτισθεὶς
1439 703 1453 727 ,
1487 665 1569 716 ὅτι
1602 663 1700 717 οὐκ

148 764 252 835 ἐμοὶ
270 762 424 831 μόνῳ,
444 759 582 814 ἀλλὰ
603 760 693 812 καὶ
710 760 839 811 πᾶσι
856 761 966 822 τοῖς
984 758 1147 827 φοδου
1156 758 1333 827 μένοις
1349 758 1408 809 τὸ
1423 757 1591 827 ὄνομά
1610 774 1699 809 σου

147 855 331 926 καρπὸν
345 854 489 919 ἄξιον
504 852 600 904 τοῦ
624 852 715 904 σοῦ
735 852 896 920 φόϐου
914 849 1126 913 δώσεις,
1145 849 1241 920 τὴν
1258 849 1618 920 κληρονομίαν
1636 850 1701 917 ἣν

147 946 427 1017 ἐπηγγείλω
448 945 650 1006 αὐτοῖς.
689 943 977 1015 ’Λορίστως
994 942 1049 994 δὲ
1066 941 1255 1005 είπὼν,
1280 961 1297 991 ι
1320 944 1430 1003 τοῖς
1446 939 1607 1008 φοὸου
1618 939 1704 1010 μέ-

147 1057 240 1102 νοις
265 1038 321 1090 τὸ
339 1037 507 1107 ὄνομά
528 1054 621 1089 σου
642 1076 657 1100 ,
697 1056 714 1086 ι
739 1036 957 1105 ἤπλωσε
981 1036 1077 1107 τὴν
1100 1036 1256 1105 χάριν
1280 1035 1372 1086 ἐπὶ
1396 1034 1604 1095 πάντας
1618 1034 1705 1085 ἁν-

150 1130 391 1200 θρὼπους.
415 1128 490 1180 Οὐ
513 1129 623 1198 γὰρ
647 1126 722 1197 τῷ
752 1127 967 1197 Ἰσραὴλ
986 1126 1319 1196 ἐπήγγελται
1336 1125 1433 1196 τὴν
1456 1126 1557 1196 κλη
1568 1142 1705 1196 ρονο-

154 1220 261 1291 μίαν
275 1259 288 1281 ,
302 1217 414 1270 οὐδὲ
433 1216 512 1287 τῷ
541 1218 807 1270 Ἰουδαίων
826 1217 964 1270 ἔθνει
984 1218 1140 1288 μόνον
1158 1256 1171 1278 ,
1191 1217 1325 1270 ἀλλὰ
1345 1217 1435 1270 καὶ
1452 1218 1703 1279 πᾶσιτοῖς

151 1311 472 1382 φοϐουμένοις
502 1311 565 1363 τὸ
596 1311 763 1379 ὄνομα
794 1309 978 1364 αὐτοῦ.
1032 1328 1049 1359 ι
1073 1309 1309 1380 Ἰουδαίῳ
1338 1327 1398 1362 τε
1423 1308 1654 1379 πρῶτον,
1680 1327 1697 1358 ι

150 1405 331 1476 φησὶνό
358 1403 679 1467 Ἀπόστολος
700 1443 714 1464 ,
744 1422 761 1452 ι
787 1404 879 1462 καὶ
910 1402 1147 1473 Ἕλληνι.
1173 1422 1191 1453 ι
1216 1402 1481 1465 Πολλάκις
1503 1400 1558 1453 δὲ
1574 1404 1703 1471 ήμίν

150 1499 516 1558 ἀποδέδεικται,
547 1497 625 1559 ὡς
655 1496 862 1559 πάντας
878 1498 1004 1559 τοὺς
1025 1496 1081 1562 ἐξ
1102 1494 1267 1548 ἐθνῶν
1290 1494 1365 1564 τῷ
1392 1494 1511 1563 Θεῷ
1533 1511 1703 1564 προσ-

155 1593 324 1654 ιόντας.
345 1590 714 1658 φοϐουμένους
751 1588 841 1641 τὸν
870 1588 1073 1658 Κύριον
1106 1586 1291 1641 καλεῖν
1320 1585 1505 1639 εἴωθεν
1540 1587 1568 1638 6
1601 1586 1703 1638 Λό-

151 1704 248 1755 γος.
273 1685 488 1748 Τούτοις
511 1681 609 1738 οὖν
640 1685 840 1747 αὐτοῖς,
867 1685 1051 1753 φησιν,
1076 1683 1279 1745 ἔδωκας
1306 1682 1666 1753 κληρονομίαν
1686 1698 1698 1711 ο

153 1778 230 1831 καὶ
248 1776 393 1830 ποίαν
415 1777 514 1829 οὐκ
534 1773 710 1837 εἶπεν,
734 1778 864 1845 ἡμῖν
893 1776 948 1829 δὲ
970 1774 1354 1828 καταλέλοιπεν
1385 1774 1589 1843 ζητεῖν.
1615 1772 1705 1843 Τῷ

157 1869 237 1939 μὲν
266 1862 350 1920 οὖν
401 1865 623 1937 Ἰσραὴλ
668 1865 762 1936 τὴν
796 1866 1024 1937 ῥέουσαν
1063 1864 1185 1935 μέλι
1228 1865 1322 1917 καὶ
1354 1862 1493 1932 γάλα
1535 1865 1707 1933 ἐπήγ-

153 1961 312 2029 γελται
348 1959 433 2013 διὰ
494 1958 795 2021 Μωῦσέως·
832 1961 942 2020 τοῖς
992 1957 1047 2009 δὲ
1106 1956 1459 2026 φοῆουμένοις
1515 1955 1705 2010 ὁποίαν

154 2033 296 2104 εδῶκε
326 2049 712 2121 κληρονομίαν,
738 2048 887 2101 εἴασε
925 2047 1225 2119 ζητεῖσθαι.
1258 2048 1525 2119 Εὐρήσεις
1557 2047 1614 2099 δὲ
1649 2050 1707 2101 ἐν

153 2142 353 2207 τοῖςτοῦ
384 2144 641 2213 Σωτῆρος
669 2143 825 2213 ήμῶν
858 2142 1229 2212 μακαρισμοῖς
1260 2139 1487 2211 ταύτην,
1525 2141 1583 2192 ὲν
1626 2138 1707 2204 οἷς

154 2236 369 2305 εἴρηται’
425 2253 443 2283 ι
485 2234 767 2303 Μακάριοι
800 2232 849 2284 οί
906 2232 1109 2302 πτωχοὶ
1149 2229 1225 2300 τῷ
1278 2230 1580 2301 πνεύματι,
1626 2231 1707 2283 ὅτι

153 2328 305 2380 αὐτῶν
336 2328 541 2396 ὲστινή
596 2325 843 2396 βασιλεία
885 2324 992 2377 τῶν
1031 2323 1306 2395 οὐρανῶν·
1348 2345 1365 2376 ι
1410 2324 1503 2377 καὶ
1546 2322 1708 2378 πάλιν

153 2418 274 2487 ἔχεις
316 2416 404 2470 τοῦ
445 2417 705 2486 Σωτῆρος
740 2415 897 2487 ήμῶν
943 2416 1297 2484 ἐπαγγελίαν,
1323 2415 1390 2469 δι’
1420 2410 1488 2486 ἦς
1532 2431 1703 2486 φησιο

159 2527 174 2560 ι
204 2509 300 2562 Καὶ
327 2511 381 2562 ὲν
408 2507 485 2578 τῷ
518 2508 677 2561 αίῶνι
703 2506 877 2576 τούτῳ
903 2506 1304 2561 πολυπλασίονα
1328 2507 1579 2579 λήψεται,
1613 2505 1707 2560 καί¹

154 2605 201 2656 ὲν
238 2603 308 2674 τῷ
334 2602 577 2674 μέλλοντι
622 2600 766 2673 ζωὴν
812 2600 1029 2654 αἰώνιον
1062 2600 1481 2673 κληρονομήσει.
1536 2619 1554 2651 ι
1598 2598 1708 2651 Καὶ

154 2694 328 2765 ταύτης
375 2696 536 2748 ἕνεκα
585 2694 687 2763 τῆς
717 2693 1076 2765 κληρονομίας
1121 2696 1149 2747 6
1193 2694 1441 2764 πέμπτος
1496 2691 1708 2762 ψαλμὸς

155 2786 525 2859 ἐπεγέγραπτο,
564 2804 583 2837 ι
626 2787 718 2847 Ei;
740 2786 802 2838 τὸ
823 2786 994 2849 τέλος,
1028 2787 1167 2857 ὑπὲρ
1201 2786 1301 2855 τῆς
1339 2784 1711 2856 κληρονομού-

157 2896 271 2948 σης·
308 2899 325 2930 ι
361 2881 449 2932 καὶ
480 2880 539 2931 ὲν
576 2878 654 2949 τῷ
698 2885 758 2931 ιε’
787 2879 843 2930 δὲ
883 2878 1083 2949 ψαλμῷ
1191 2878 1329 2948 αὐτὴ
1375 2877 1711 2948 κληρονομία

156 2971 377 3042 ἐδηλοῦτο
403 2972 545 3025 κατὰ
578 2971 640 3025 τὸ
665 3012 679 3035 ,
719 2990 738 3023 ‹
774 2969 979 3041 Κύριος
1012 2973 1045 3042 ἡ
1104 2970 1259 3041 μερίς
1306 2969 1405 3040 τῆς
1450 2970 1711 3041 κληρονο-

158 3064 265 3134 μίας
293 3084 386 3136 μου
420 3067 513 3119 καὶ
542 3065 641 3118 τοῦ
669 3065 927 3136 ποτηρίου
957 3082 1077 3135 μου,
1109 3064 1171 3117 σὺ
1205 3060 1257 3116 εἷ
1277 3064 1305 3115 6
1328 3062 1712 3117 άποκαθιστῶν

154 3159 236 3229 τήν
274 3161 632 3232 κληρονομίαν
670 3177 769 3229 μου
814 3161 955 3230 ὲμοί.
998 3158 1107 3212 Καὶ
1156 3158 1264 3230 γὰρ
1297 3161 1330 3227 ή
1379 3157 1712 3230 κληρονομία
1741 3186 1783 3243 C

158 3268 243 3320 μου
266 3254 523 3323 κρατίστη
562 3253 654 3323 μοί
683 3254 853 3307 ἐστιν.
904 3272 921 3303 ι

218 3363 233 3395 ι
280 3346 509 3416 Ἡμέρας
541 3345 627 3413 ἐφ’
659 3345 870 3415 ἡμέρας
905 3343 1167 3415 βασιλέως
1220 3342 1551 3415 προσθήσεις
1573 3360 1584 3372 ·
1641 3342 1711 3396 τά

155 3432 234 3505 ἐτη
265 3435 419 3487 αὐτοῦ
459 3435 565 3498 ἕως
597 3433 807 3506 ἡμέρας
834 3435 1025 3501 γενεᾶς
1055 3433 1147 3485 καὶ
1177 3434 1370 3502 γενεᾶς
1399 3431 1567 3485 αὐτοῦ
1595 3430 1712 3484 δια-

159 3531 288 3595 μενεῖ
317 3530 392 3591 είς
433 3528 525 3581 τὸν
557 3527 728 3579 αἰῶνα
776 3524 1003 3579 ἐνώπιον
1037 3525 1127 3579 τοῦ
1174 3523 1329 3578 Θεοῦ.
1382 3525 1567 3587 Ἔλεος
1619 3525 1712 3578 καὶ

156 3618 384 3690 ἀλήθειαν
423 3621 507 3684 τίς
559 3619 854 3691 ἐκζητήσει
881 3618 1082 3683 αὐτοῦ;
1128 3638 1146 3669 ι
1188 3616 1492 3689 Προειπὼν,
1526 3636 1543 3668 ι
1590 3618 1711 3671 ’Ὁτι

159 3714 231 3774 σύ,
256 3714 281 3764 6
308 3712 452 3780 Θεὸς,
478 3713 805 3783 είσήκουσας
837 3710 944 3763 τῶν
970 3710 1142 3781 εὐχῶν
1177 3728 1277 3781 μου
1300 3751 1315 3775 ,
1349 3730 1365 3760 ι
1402 3709 1521 3763 καθ’
1550 3710 1716 3780 ὐπερ-

158 3802 297 3858 δατὸν
348 3805 549 3875 συνῆψε
585 3804 677 3866 τὸ,
726 3824 742 3854 ι
784 3804 1025 3875 Ἡμέρας
1060 3805 1144 3871 ἐφ’
1184 3802 1401 3873 ἡμέρας
1447 3801 1712 3871 βασιλέως

159 3898 477 3969 προσθήσεις.
508 3916 525 3948 ›
553 3898 885 3951 Είσάκουσον
908 3896 1037 3967 γὰρ,
1075 3896 1227 3965 φησὶ,
1262 3895 1370 3945 τῶν
1394 3894 1566 3963 εὐχῶν
1591 3910 1712 3963 μου,

159 3988 346 4058 ἡμέρας
387 3991 473 4059 ἐφ’
515 3989 731 4060 ἡμέρας
776 4006 864 4060 μοι
911 3987 1278 4058 προσέθηκας.
1317 3986 1415 4039 Διὰ
1459 3986 1624 4056 μέσου
1659 3984 1716 4036 δὲ

159 4082 395 4155 ἐνεϐλήθη
426 4086 460 4155 ή
484 4085 613 4155 περὶ
636 4083 742 4136 τῶν
784 4080 1133 4152 φοϐουμένων
1167 4080 1228 4133 τὸ
1268 4079 1438 4149 ὄνομα
1469 4078 1563 4131 τοῦ
1606 4079 1716 4130 Κυ-

162 4174 261 4243 ρίου
290 4177 472 4247 μνήμη
495 4193 507 4205 ο
546 4174 733 4245 ἐπειδὴ
760 4175 854 4227 καὶ
887 4174 1069 4235 αὐτοῖς
1096 4171 1431 4243 ἐπήγγελται
1460 4170 1557 4238 τὴν
1586 4170 1716 4239 κλη-

163 4266 446 4338 ρονομίανὴ
472 4267 798 4338 προφητεία.
820 4261 929 4320 Ἦν
951 4265 1056 4335 δὲή
1079 4265 1415 4337 κληρονομία
1442 4265 1475 4334 ή
1500 4262 1717 4324 αἰώνιος

162 4357 285 4430 ζωή,
318 4361 383 4431 ἦν
421 4363 450 4413 6
481 4361 642 4429 λόγος
676 4359 929 4429 σημαίνει
976 4358 1199 4427 φάσκων
1222 4374 1235 4387 ο
1281 4376 1299 4408 ι
1346 4356 1590 4427 Ἡμέρας
1632 4353 1717 4423 ἐφ’

161 4450 351 4522 ἡμέρας
383 4450 643 4521 βασιλέως
667 4450 1012 4521 προσθήσεις.
1052 4470 1069 4501 ›
1100 4450 1326 4517 Μεγάλα
1355 4448 1532 4500 τοίνυν
1558 4446 1715 4510 εὐξα-

1760 566 2011 638 ~Spiritu
2046 578 2138 624 tuo
2197 570 2528 632 illustratus.
2565 587 2675 624 non
2728 571 2855 624 mihi
2909 572 3032 632 soli,
3067 572 3161 627 sed
3219 573 3383 628 etiam

1803 660 2061 715 omnibus
2088 660 2409 716 timentibus
2436 678 2635 718 nomen
2670 670 2848 725 tuum,
2880 669 2934 717 te
2965 662 3188 733 dignum
3219 663 3384 717 timo-

1803 767 1863 805 re
1914 760 2006 805 tuo
2058 752 2293 806 fructum
2332 753 2587 808 daturum
2620 770 2765 816 esse,
2802 754 3017 809 scilicet
3061 771 3181 810 eam
3218 771 3383 826 quam

1803 842 2078 909 pollicitus
2124 842 2258 911 ipsis
2280 859 2361 903 es,
2401 843 2792 897 haereditatem.
2826 842 2963 897 Cum
3000 852 3178 898 autem
3208 844 3384 898 indis-

1805 933 2137 987 criminatim
2185 933 2424 1000 dixerit,
2474 954 2491 985 ι
2530 935 2853 989 timentibus
2890 950 3088 988 nomen
3142 945 3317 998 tuum,
3358 954 3379 986 ι

1806 1028 1859 1080 in
1887 1043 2076 1081 omnes
2108 1027 2358 1105 homines
2410 1029 2641 1097 gratiam
2688 1027 2953 1082 extendit.
3001 1026 3185 1095 Neque
3238 1028 3381 1081 enim

1806 1120 2017 1186 lsraeli,
2075 1136 2253 1190 neque
2298 1118 2528 1175 Judaico
2580 1120 2781 1190 populo
2832 1126 3044 1172 tantum
3100 1118 3387 1176 [neredita-

1806 1220 1913 1267 tem
1967 1213 2243 1282 pollicitus
2282 1221 2398 1276 est,
2435 1212 2526 1267 sed
2559 1213 2722 1266 etiam
2776 1210 3034 1265 omnibus
3064 1210 3388 1265 timentibus

1805 1320 2005 1358 nomen
2038 1321 2219 1359 suum.
2262 1325 2279 1355 ι
2319 1303 2507 1358 Judaeo
2534 1304 2790 1374 primum,
2824 1323 2842 1355 ι
2869 1303 3046 1373 inquit
3067 1302 3385 1372 Apostolus,

1814 1416 1830 1447 ι
1870 1404 1917 1449 et
1967 1395 2156 1450 Grazco
2180 1396 2246 1449 “.
2285 1416 2302 1447 ι
2337 1395 2453 1449 Jam
2508 1397 2830 1465 plerumque
2870 1396 3305 1449 demonstratum
3354 1406 3386 1446 a

1806 1489 1968 1542 nobis
2015 1498 2115 1553 est,
2157 1486 2497 1557 Scripturam
2534 1502 2741 1557 _omnes
2775 1487 2869 1556 qui
2927 1502 2994 1541 ex
3024 1486 3277 1556 gentibus
3317 1484 3385 1539 ad

1809 1578 1978 1633 Deum
2014 1579 2304 1645 accedunt,
2328 1555 2583 1632 timentcs
2618 1577 2911 1631 Dominum
2944 1593 3138 1632 vocare
3186 1577 3385 1630 solere.

1808 1662 1904 1719 His
1933 1665 2118 1732 itaque
2154 1665 2309 1733 ipsis,
2344 1666 2440 1726 ait,
2472 1663 2670 1717 dedisti
2691 1662 3063 1716 haereditatem
3088 1681 3098 1715 :
3125 1663 3338 1732 qualem
3368 1701 3383 1724 ,

1809 1770 1918 1808 non
1980 1755 2257 1823 explicat,
2319 1754 2413 1809 sed
2481 1752 2867 1823 inquirendum
2918 1753 3080 1808 nobis
3141 1754 3386 1823 reliquit.

1812 1844 1996 1900 Israeli
2026 1846 2210 1915 itaque
2246 1853 2449 1900 terram
2479 1845 2747 1899 'ﬂuentem
2785 1845 2892 1899 mel
2927 1853 2981 1899 et
3010 1845 3094 1898 lac
3119 1860 3215 1915 per
3240 1844 3388 1918 Moy-

1811 1954 1907 1992 sen
1953 1936 2235 2006 promisit;
2266 1936 2587 1992 timentibus
2618 1945 2799 1991 autem
2826 1952 2988 2006 quam
3026 1936 3117 1992 det
3154 1937 3388 1992 haeredi-

1812 2036 1996 2094 tatem,
2032 2029 2386 2099 quaarendum
2418 2029 2660 2101 reliquit.
2685 2032 2818 2085 Eam
2848 2045 2977 2085 vero
3000 2031 3053 2084 in
3086 2029 3389 2086 Salvatoris

1810 2123 1984 2177 nostri
2003 2122 2436 2178 beatitudinibus
2454 2122 2847 2193 deprehendas,
2862 2123 2955 2177 ubi
2970 2123 3171 2176 dicitur
3192 2142 3202 2175 :
3223 2142 3241 2173 ι
3261 2121 3393 2177 Bea-

1811 2217 1847 2268 ti
1887 2231 2156 2286 pauperes
2187 2215 2691 2286 spiritu,quoniam
2722 2217 2967 2285 ipsorum
3023 2222 3107 2271 est
3162 2230 3389 2285 regnum

1810 2308 2075 2362 caelorum
2102 2308 2145 2339 ⁸⁷
2171 2326 2185 2374 ;
2214 2328 2231 2359 ι
2269 2324 2332 2361 ac
2367 2324 2587 2362 rursum
2626 2306 2927 2362 Salvatoris
2954 2307 3127 2362 nostri
3154 2306 3390 2376 promis-

1811 2416 1930 2456 sum
1954 2400 2144 2463 habes,
2182 2415 2291 2470 quo
2316 2400 2392 2453 ait
2426 2419 2438 2454 :
2476 2418 2493 2450 ι
2534 2398 2602 2452 Ει
2625 2400 2678 2453 in
2705 2400 2808 2454 hoc
2837 2399 3037 2454 saeculo
3068 2399 3238 2453 multo
3270 2399 3393 2467 plu-

1811 2507 1871 2545 ra
1893 2491 2142 2561 recipiet,
2171 2498 2225 2545 et
2277 2490 2331 2544 in
2383 2490 2568 2543 futuro
2617 2492 2785 2543 vitam
2828 2498 3085 2543 :eternam
3143 2487 3391 2557 posside-

1810 2582 1889 2636 bit
1918 2582 1984 2634 “.
2029 2600 2045 2631 ι
2082 2579 2258 2650 Hujus
2286 2581 2621 2634 hmreditatis
2696 2594 2865 2633 causa
2899 2578 3126 2648 quintus
3146 2578 3393 2647 psalmus

1812 2673 2113 2742 inscriptus
2148 2679 2231 2727 est
2262 2690 2275 2725 :
2319 2690 2337 2722 α
2388 2671 2444 2724 In
2482 2671 2664 2734 tinem,
2696 2686 2794 2740 pro
2843 2686 2905 2723 ea
2950 2684 3072 2739 quae
3106 2668 3395 2723 liazredita-

1812 2770 1920 2817 tem
1953 2763 2193 2832 accipit;
2231 2782 2249 2813 ι
2278 2769 2333 2815 et
2365 2762 2420 2814 in
2470 2760 2683 2814 decimo
2728 2760 2921 2829 quinto
2959 2759 3173 2828 psalmo
3203 2759 3394 2813 eadem

1813 2857 1932 2927 ipsa
1967 2856 2258 2910 haereditas
2308 2854 2621 2908 declaratur
2679 2853 2781 2905 hoc
2835 2852 3025 2905 dicto:
3074 2869 3093 2901 ι
3134 2850 3396 2904 Dominus

1814 2965 1941 3021 pars
1970 2948 2306 3003 haereditatis
2348 2962 2480 3001 mea:
2521 2954 2575 2999 et
2608 2946 2795 3000 ealicis
2817 2946 2920 2998 mei
2957 2964 2970 2998 :
3004 2954 3059 2997 tu
3090 2959 3149 2997 es
3177 2942 3270 3012 qui
3304 2956 3394 2995 re-

1816 3045 2011 3099 stitues
2047 3042 2416 3096 haereditatem
2458 3054 2636 3093 meam
2671 3038 2825 3091 mihi.
2852 3036 3067 3092 Etenim
3100 3036 3393 3091 han-editas

1814 3153 1934 3193 mea
1963 3136 2230 3208 praeclara
2255 3141 2340 3189 est
2373 3131 2508 3185 mihi
2539 3130 2604 3184 δν.
2652 3149 2671 3181 ›

1883 3330 2051 3385 Vens.
2081 3328 2133 3393 7,
2159 3326 2214 3381 8.
2241 3344 2260 3377 ι
2298 3323 2422 3379 Dies
2463 3337 2628 3392 super
2651 3320 2769 3375 dies
2798 3318 2942 3387 regis
2972 3315 3221 3387 adjicies,
3268 3317 3398 3370 anni

1814 3423 1934 3494 ejus
1969 3436 2143 3492 usque
2199 3420 2254 3473 in
2304 3417 2447 3471 diem
2500 3411 2871 3485 generationis
2909 3418 2963 3464 et
3027 3408 3400 3480 generationis

1815 3517 1935 3585 ejus
1974 3511 2375 3584 permanebunt
2414 3507 2469 3561 in
2527 3513 2791 3560 aeternum
2828 3504 2883 3557 in
2935 3509 3239 3572 conspectu
3279 3496 3396 3552 Dei.

1816 3605 2249 3663 Misericordiam
2287 3609 2341 3657 et
2389 3599 2675 3654 veritatem
2713 3598 2830 3666 ejus
2880 3595 3003 3665 quis
3052 3591 3340 3663 requiret?
3376 3611 3395 3642 ι

1816 3700 1952 3755 Cum
1989 3706 2147 3753 antea
2187 3696 2440 3756 dixisset,
2478 3710 2497 3743 ι
2541 3691 2815 3756 Quoniam
2869 3695 2960 3751 tu,
3014 3688 3178 3749 Deus,
3232 3698 3402 3738 exau-

1817 3791 1944 3845 disti
1972 3792 2250 3845 orationes
2284 3801 2456 3849 meas,
2488 3802 2506 3834 ›
2544 3799 2641 3853 per
2667 3780 3167 3850 transgressionem
3201 3776 3402 3844 adjecit

1819 3881 1976 3942 illud,
2026 3899 2047 3932 ι
2090 3878 2218 3932 Dies
2263 3890 2429 3943 super
2475 3872 2592 3925 dies
2641 3870 2786 3940 regis
2824 3868 3068 3936 adjicies.
3113 3884 3131 3916 ι
3165 3863 3399 3925 Exaudi,

1820 3976 2018 4044 inquit,
2055 3972 2336 4027 orationes
2386 3983 2562 4031 meas,
2615 3966 2732 4020 dies
2779 3977 2943 4033 super
2990 3962 3104 4015 dies
3134 3958 3264 4013 mihi
3311 3958 3406 4014 ad-

1815 4067 1999 4138 jecisti
2033 4085 2048 4132 ;
2088 4066 2141 4118 in
2179 4062 2361 4118 medio
2406 4069 2587 4114 autem
2623 4054 2947 4125 interposita
2979 4062 3063 4107 est
3090 4050 3402 4105 timentium

1820 4176 2019 4216 nomen
2076 4158 2289 4213 Domini
2342 4155 2569 4219 mentio,
2604 4152 2733 4223 quia
2768 4147 3054 4220 prophetia
3101 4147 3237 4217 ipsis
3266 4160 3407 4215 quo-

1821 4270 1928 4326 que
1957 4252 2333 4307 hmreditatem
2383 4247 2659 4319 promisit.
2715 4242 3020 4297 llmreditas
3075 4248 3259 4326 autem
3310 4239 3403 4291 illa

1821 4324 2023 4398 aaterna
2061 4342 2171 4395 vita
2204 4346 2341 4401 erat,
2377 4351 2497 4407 quae
2519 4335 2605 4389 his
2639 4330 3003 4402 signiﬁcatur,
3035 4345 3053 4377 ι
3085 4324 3210 4381 Dies
3239 4338 3406 4395 super

1825 4437 1941 4490 dies
1975 4434 2120 4503 regis
2156 4430 2402 4501 adjicies.
2438 4447 2456 4478 ›
2497 4426 2690 4497 Magna
2720 4425 2904 4495 itaque
2953 4416 3252 4491 postulanti
3288 4416 3403 4487 regi

94 4598 102 4607 ,
166 4516 294 4611 μένω
322 4516 396 4611 τῷ
428 4540 635 4611 βασιλεῖ
676 4516 837 4592 Δαυῖδ
861 4516 1207 4610 ’ἐπήγγελται
1252 4538 1280 4590 ὁ
1315 4536 1446 4597 Θεὸς
1492 4535 1579 4587 διὰ
1622 4533 1710 4586 τοῦ

1827 4528 2043 4592 Davidi,
2080 4527 2370 4598 pollicetur
2402 4521 2547 4577 Deus
2597 4534 2695 4590 per
2735 4516 2997 4587 Spiritum
3034 4518 3310 4572 sanctum,
3346 4523 3405 4608 se

100 4630 113 4675 ἲ
164 4629 453 4701 Πνεύματος
483 4631 695 4702 ἡμέρας
728 4630 811 4698 ἐφ’
842 4629 1058 4700 ἡμέρας
1102 4626 1463 4699 προσθήσειν,
1503 4625 1598 4678 καὶ
1650 4625 1718 4677 τά

164 4721 245 4793 ἔτη
271 4724 431 4778 αὐτοῦ
472 4725 580 4788 ἕως
621 4723 835 4794 ἡμέρας
882 4723 1076 4789 γενεᾶς
1113 4720 1207 4773 καλ⁵
1233 4720 1442 4787 γενεᾶς.
1500 4718 1717 4787 Ταύτην

165 4816 259 4884 γάρ
289 4816 433 4885 αὐτῷ
451 4815 548 4886 τὴν
584 4814 947 4887 κληρονομίαν
973 4811 1334 4881 ἐπηγγείλατο
1354 4828 1365 4838 ·
1403 4811 1430 4864 ὃ
1449 4810 1513 4881 δὴ
1545 4811 1638 4864 καὶ
1662 4813 1720 4863 ὲν

165 4905 233 4974 τῷ
258 4913 301 4958 κ’
321 4905 571 4977 δηλοῦται
592 4905 813 4977 ψαλμῷ,
840 4906 898 4958 ὲν
920 4900 964 4973 ᾧ
992 4904 1203 4975 εἴρηται
1227 4919 1240 4932 ·
1283 4921 1301 4953 ι
1341 4901 1534 4973 Κύριε,
1568 4904 1624 4955 ἐν
1653 4904 1718 4972 τῇ

118 5048 123 5053 .
165 4997 372 5069 δυνάμει
402 5016 497 5052 σου
526 4999 955 5070 εὐφρανθήσεται
1002 4998 1029 5049 6
1069 4993 1341 5067 βασιλεύς.
1378 4993 1487 5064 Τὴν
1536 4992 1723 5045 ἐπιθυ-

171 5088 282 5156 μίαν
308 5090 403 5160 τῆς
436 5089 661 5159 καρδίας
693 5087 856 5141 αὐτοῦ
899 5086 1103 5149 ἔδωκας
1143 5083 1291 5153 αὐτῷ
1314 5100 1327 5113 ·
1365 5101 1382 5133 ›
1433 5083 1524 5134 καὶ
1555 5080 1680 5151 ἑξῆς
1706 5098 1719 5110 ’

174 5198 189 5229 ι
224 5180 365 5251 Ζωὴν
414 5183 651 5251 ῂτήσατό
705 5198 785 5245 σε,
823 5180 915 5231 καὶ
967 5178 1173 5239 ἔδωκας
1224 5173 1371 5245 αὐτῷ
1408 5175 1723 5245 μακρότητα

170 5271 373 5343 ἡμερῶν
404 5274 479 5337 είς
507 5274 676 5328 αἰῶνα
691 5273 783 5326 καὶ
806 5272 885 5335 είς
903 5270 1072 5323 αίῶνα
1086 5268 1297 5331 αίῶνος.
1322 5286 1339 5317 ι
1372 5264 1589 5335 Ἐπειδὴ
1617 5264 1725 5335 γὰρ

171 5363 265 5416 τῶν
293 5366 551 5437 οὐρανίων
577 5364 940 5438 ὀριγνώμενος
960 5403 973 5425 ,
1010 5362 1103 5415 καὶ⁸
1137 5360 1245 5413 τῶν
1281 5359 1428 5429 παρὰ
1480 5358 1559 5411 σοὶ
1592 5358 1726 5425 ἀγα-

174 5453 271 5507 θῶν
307 5457 663 5528 ὲπιθυμήσας,
696 5456 915 5529 ηὐξατο·
951 5456 1277 5525 είσήκουσας
1310 5450 1473 5503 αὐτοῦ
1499 5490 1513 5512 ,
1558 5450 1724 5520 φησὶ,

175 5546 260 5599 καὶ
286 5548 622 5615 είσακούσας,
663 5568 679 5599 ι
709 5549 806 5619 τὴν
844 5544 1135 5615 ἐπιθυμίαν
1173 5544 1272 5613 τῆς
1302 5540 1528 5612 καρδίας
1564 5538 1727 5593 αὐτοῦ

1827 4619 1946 4675 dies
1978 4597 2143 4686 super
2185 4613 2303 4668 dies
2337 4611 2441 4681 ipsi
2486 4610 2849 4680 adjecturum,
2884 4614 2937 4659 et
2972 4615 3146 4655 annos
3196 4599 3316 4667 ejus
3348 4597 3404 4650 in

1827 4712 1969 4766 diem
2005 4703 2376 4779 generationis
2404 4710 2459 4756 et
2493 4696 2883 4772 generationis.
2926 4692 3080 4746 Hanc
3123 4688 3267 4744 enim
3299 4686 3405 4756 ipsi

1826 4778 2083 4872 promisit
2132 4797 2545 4852 haereditatem:
2582 4789 2727 4861 quod
2758 4795 2811 4843 et
2846 4787 2901 4840 in
2930 4799 2999 4837 xx
3060 4780 3273 4851 psalmo
3312 4778 3407 4872 de-

1829 4870 2074 4948 claratur
2110 4890 2195 4944 his
2229 4888 2450 4942 verbis:
2491 4904 2509 4936 ι
2556 4882 2802 4942 Domine,
2845 4879 2901 4931 in
2943 4876 3143 4929 virtute
3190 4879 3284 4925 tua
3313 4870 3406 4922 iae-

1829 4985 2038 5039 tabitur
2060 4999 2177 5037 rex.
2212 4978 2552 5034 Desiderium
2579 4972 2762 5029 cordis
2784 4971 2905 5039 ejus
2927 4964 3167 5021 tribuisti
3196 4962 3245 5017 ei
3269 4961 3349 5027 ";
3379 4980 3397 5012 ι

1830 5085 1884 5133 et
1914 5084 2103 5148 postea
2133 5093 2146 5129 :
2188 5092 2206 5123 ι
2244 5070 2423 5125 Vitam
2455 5068 2610 5138 petiit
2640 5080 2668 5117 a
2698 5072 2774 5127 te,
2820 5069 2873 5116 et
2908 5055 3148 5113 tribuisti
3197 5054 3246 5110 ei
3281 5054 3404 5107 Ion-

1829 5168 2131 5241 gitudinem
2165 5164 2375 5218 dierum
2417 5161 2470 5214 in
2520 5157 2780 5214 saeculum
2814 5160 2868 5207 et
2912 5151 2966 5205 in
3000 5148 3259 5203 saeculum
3305 5158 3407 5198 sa:-

1827 5238 2037 5315 culi".
2089 5276 2108 5309 ›
2169 5255 2308 5322 Quia
2370 5253 2514 5307 enim
2572 5247 2880 5303 caelestium
2928 5238 3294 5313 percupidus,
3353 5244 3408 5289 et

1828 5353 1973 5407 bon‘a
2005 5364 2127 5419 quae
2176 5361 2345 5417 penes
2398 5352 2450 5397 te
2497 5348 2626 5397 sunt
2680 5337 3113 5406 concupiscens,
3152 5340 3408 5403 precatus

1829 5452 1955 5508 est;
2006 5440 2277 5497 exaudisti
2332 5451 2476 5500 eum,
2531 5432 2730 5502 inquit,
2779 5439 2833 5484 et
2889 5444 3013 5483 cum
3065 5426 3406 5488 exaudisses,

1839 5557 1856 5587 ι
1898 5535 2227 5589 desiderium
2256 5529 2440 5585 cordis
2473 5527 2593 5596 ejus
2639 5524 2880 5580 tribuisti
2928 5522 3001 5584 ei,
3035 5530 3090 5577 et
3130 5519 3409 5573 voluntate

178 5638 363 5704 ῐδωκας
388 5640 553 5710 αὐτῷ,
584 5642 674 5694 καὶ
694 5639 789 5711 τήν
821 5639 1036 5707 θέλησιν
1056 5634 1163 5687 τῶν
1184 5633 1405 5705 χειλέων
1442 5630 1603 5687 αὐτοῦ
1631 5633 1710 5683 οὐι

1832 5627 2100 5682 labiorum
2134 5624 2253 5694 ejus
2287 5638 2399 5676 non
2428 5618 2697 5674 iraudasti
2727 5631 2870 5673 eum.
2918 5635 2937 5667 ι
2980 5613 3111 5681 Qua:
3144 5611 3234 5666 illa
3278 5624 3412 5664 con-

245 5818 293 5901 “,
327 5819 481 5876 Rom.
517 5838 574 5885 ll,
616 5824 697 5877 10.
776 5824 814 5855 ³⁷
861 5820 1045 5875 Matth.
1088 5836 1134 5882 ι’,
1170 5817 1219 5871 5.

1300 5815 1343 5848 ⁸⁸
1384 5811 1573 5868 Matth.
1612 5828 1701 5865 XIX

1819 5810 1858 5864 δ.
1936 5806 1980 5840 δ’
2021 5805 2166 5861 Psal.
2204 5822 2293 5871 xv,
2325 5804 2379 5871 5,
2421 5801 2475 5859 θ.
2552 5800 2602 5835 ⁵⁸
2636 5797 2781 5856 Psal.
2820 5814 2925 5862 xx,
2956 5794 3009 5850 2.
3089 5793 3132 5827 ⁸⁸
3175 5790 3308 5849 ibid.
3347 5786 3409 5851 Β.
