  <div class='ocr_page' id='page_1' title='image "/cluster/home/n/w/nwhite01/storage/ocr_20150623/23/mdp.39015078384396/299.png"; bbox 0 0 3808 6280; ppageno 0'>
   <div class='ocr_carea' id='block_1_1' title="bbox 393 365 502 423">
    <p class='ocr_par' dir='ltr' id='par_1_1' title="bbox 393 365 502 423">
     <span class='ocr_line' id='line_1_1' title="bbox 393 365 502 423; baseline 0.018 -2"><span class='ocrx_word' id='word_1_1' title='bbox 393 365 502 423; x_wconf 72' lang='lat'><strong>585</strong></span> 
     </span>
    </p>
   </div>
   <div class='ocr_carea' id='block_1_2' title="bbox 1109 361 3638 434">
    <p class='ocr_par' dir='ltr' id='par_1_2' title="bbox 1109 361 3638 434">
     <span class='ocr_line' id='line_1_2' title="bbox 1109 361 3638 434; baseline 0.006 -14"><span class='ocrx_word' id='word_1_2' title='bbox 1109 365 1377 422; x_wconf 73' lang='lat' dir='ltr'><strong>EUSEIHI</strong></span> <span class='ocrx_word' id='word_1_3' title='bbox 1415 364 1903 422; x_wconf 61' lang='lat' dir='ltr'><strong>CAESARIENSIS</strong></span> <span class='ocrx_word' id='word_1_4' title='bbox 1937 361 2086 418; x_wconf 84' lang='lat' dir='ltr'><strong>OPP.</strong></span> <span class='ocrx_word' id='word_1_5' title='bbox 2122 364 2302 422; x_wconf 82' lang='lat' dir='ltr'><strong>PARS</strong></span> <span class='ocrx_word' id='word_1_6' title='bbox 2331 367 2421 424; x_wconf 85' lang='grc'><strong>111.</strong></span> <span class='ocrx_word' id='word_1_7' title='bbox 2445 366 2944 427; x_wconf 72' lang='lat' dir='ltr'><strong>—EXEGETICA.</strong></span> <span class='ocrx_word' id='word_1_8' title='bbox 3553 379 3638 434; x_wconf 70' lang='grc'><strong>584</strong></span> 
     </span>
    </p>
   </div>
   <div class='ocr_carea' id='block_1_3' title="bbox 393 486 1966 568">
    <p class='ocr_par' dir='ltr' id='par_1_3' title="bbox 393 486 1966 559">
     <span class='ocr_line' id='line_1_3' title="bbox 393 486 1966 559; baseline -0.001 -17"><span class='ocrx_word' id='word_1_9' title='bbox 393 487 731 558; x_wconf 87' lang='lat' dir='ltr'><strong>cupiscentia</strong></span> <span class='ocrx_word' id='word_1_10' title='bbox 761 486 902 558; x_wconf 90' lang='lat' dir='ltr'><strong>ejus,</strong></span> <span class='ocrx_word' id='word_1_11' title='bbox 932 501 1055 558; x_wconf 75' lang='lat' dir='ltr'><strong>qua:</strong></span> <span class='ocrx_word' id='word_1_12' title='bbox 1086 488 1278 558; x_wconf 88' lang='lat' dir='ltr'><strong>petitio</strong></span> <span class='ocrx_word' id='word_1_13' title='bbox 1308 488 1578 543; x_wconf 90' lang='lat' dir='ltr'><strong>labiorum</strong></span> <span class='ocrx_word' id='word_1_14' title='bbox 1608 487 1728 559; x_wconf 98' lang='lat' dir='ltr'><strong>ejus</strong></span> <span class='ocrx_word' id='word_1_15' title='bbox 1751 487 1842 551; x_wconf 90' lang='lat' dir='ltr'><strong>sit,</strong></span> <span class='ocrx_word' id='word_1_16' title='bbox 1879 486 1966 542; x_wconf 89' lang='lat' dir='ltr'><strong>sul</strong></span> 
     </span>
    </p>
   </div>
   <div class='ocr_carea' id='block_1_4' title="bbox 2076 486 3638 568">
    <p class='ocr_par' dir='ltr' id='par_1_4' title="bbox 2085 487 3638 568">
     <span class='ocr_line' id='line_1_4' title="bbox 2085 487 3638 568; baseline 0.01 -29"><span class='ocrx_word' id='word_1_17' title='bbox 2085 487 2388 560; x_wconf 81' lang='grc' dir='ltr'><strong>ἐστέρησας</strong></span> <span class='ocrx_word' id='word_1_18' title='bbox 2415 491 2594 544; x_wconf 80' lang='grc' dir='ltr'>αὐτόν.</span> <span class='ocrx_word' id='word_1_19' title='bbox 2639 511 2657 544; x_wconf 77' lang='grc' dir='ltr'><strong>ι</strong></span> <span class='ocrx_word' id='word_1_20' title='bbox 2698 493 2793 556; x_wconf 86' lang='grc' dir='ltr'>Τίς</span> <span class='ocrx_word' id='word_1_21' title='bbox 2825 492 2880 546; x_wconf 82' lang='grc' dir='ltr'><strong>δὲ</strong></span> <span class='ocrx_word' id='word_1_22' title='bbox 2909 489 2975 564; x_wconf 78' lang='grc' dir='ltr'>ἦν</span> <span class='ocrx_word' id='word_1_23' title='bbox 3002 497 3034 565; x_wconf 79' lang='grc' dir='ltr'><strong>ἡ</strong></span> <span class='ocrx_word' id='word_1_24' title='bbox 3063 495 3329 568; x_wconf 81' lang='grc' dir='ltr'>ἐπιθυμία</span> <span class='ocrx_word' id='word_1_25' title='bbox 3365 498 3638 562; x_wconf 80' lang='grc' dir='ltr'>αὐτοῦ.καί</span> 
     </span>
    </p>
   </div>
   <div class='ocr_carea' id='block_1_5' title="bbox 394 579 1978 650">
    <p class='ocr_par' dir='ltr' id='par_1_5' title="bbox 394 579 1978 650">
     <span class='ocr_line' id='line_1_5' title="bbox 394 579 1978 650; baseline -0.002 -15"><span class='ocrx_word' id='word_1_26' title='bbox 394 581 510 636; x_wconf 64' lang='lat' dir='ltr'><strong>haec</strong></span> <span class='ocrx_word' id='word_1_27' title='bbox 544 580 702 635; x_wconf 85' lang='lat' dir='ltr'><strong>docet</strong></span> <span class='ocrx_word' id='word_1_28' title='bbox 729 579 815 636; x_wconf 93' lang='lat' dir='ltr'><strong>his</strong></span> <span class='ocrx_word' id='word_1_29' title='bbox 854 580 1078 636; x_wconf 84' lang='lat' dir='ltr'><strong>verbis:</strong></span> <span class='ocrx_word' id='word_1_30' title='bbox 1117 599 1135 631; x_wconf 72' lang='grc' dir='ltr'><strong>ι</strong></span> <span class='ocrx_word' id='word_1_31' title='bbox 1190 579 1366 634; x_wconf 82' lang='lat' dir='ltr'><strong>Vitam</strong></span> <span class='ocrx_word' id='word_1_32' title='bbox 1406 581 1561 650; x_wconf 86' lang='lat' dir='ltr'><strong>petiit</strong></span> <span class='ocrx_word' id='word_1_33' title='bbox 1599 595 1630 634; x_wconf 89' lang='lat' dir='ltr'><strong>a</strong></span> <span class='ocrx_word' id='word_1_34' title='bbox 1679 588 1756 644; x_wconf 91' lang='lat' dir='ltr'><strong>te,</strong></span> <span class='ocrx_word' id='word_1_35' title='bbox 1789 589 1844 635; x_wconf 92' lang='lat' dir='ltr'><strong>et</strong></span> <span class='ocrx_word' id='word_1_36' title='bbox 1873 579 1978 634; x_wconf 91' lang='lat' dir='ltr'><strong>tri-</strong></span> 
     </span>
    </p>
   </div>
   <div class='ocr_carea' id='block_1_6' title="bbox 393 669 1979 743">
    <p class='ocr_par' dir='ltr' id='par_1_6' title="bbox 393 669 1979 743">
     <span class='ocr_line' id='line_1_6' title="bbox 393 669 1979 743; baseline -0.001 -15"><span class='ocrx_word' id='word_1_37' title='bbox 393 671 562 728; x_wconf 86' lang='lat' dir='ltr'><strong>buisti</strong></span> <span class='ocrx_word' id='word_1_38' title='bbox 621 671 669 727; x_wconf 94' lang='lat' dir='ltr'><strong>ei</strong></span> <span class='ocrx_word' id='word_1_39' title='bbox 721 670 1116 743; x_wconf 88' lang='lat' dir='ltr'><strong>longitudinem</strong></span> <span class='ocrx_word' id='word_1_40' title='bbox 1165 669 1376 726; x_wconf 85' lang='lat' dir='ltr'><strong>dierum</strong></span> <span class='ocrx_word' id='word_1_41' title='bbox 1429 674 1484 726; x_wconf 90' lang='lat' dir='ltr'><strong>in</strong></span> <span class='ocrx_word' id='word_1_42' title='bbox 1523 673 1786 728; x_wconf 81' lang='lat' dir='ltr'><strong>saeculum</strong></span> <span class='ocrx_word' id='word_1_43' title='bbox 1835 673 1979 727; x_wconf 90' lang='lat' dir='ltr'><strong>etin</strong></span> 
     </span>
    </p>
   </div>
   <div class='ocr_carea' id='block_1_7' title="bbox 395 761 1980 835">
    <p class='ocr_par' dir='ltr' id='par_1_7' title="bbox 395 761 1980 835">
     <span class='ocr_line' id='line_1_7' title="bbox 395 761 1980 835; baseline -0.001 -15"><span class='ocrx_word' id='word_1_44' title='bbox 395 765 658 820; x_wconf 74' lang='lat' dir='ltr'><strong>saeculum</strong></span> <span class='ocrx_word' id='word_1_45' title='bbox 694 765 903 820; x_wconf 65' lang='lat' dir='ltr'><strong>saeculi.</strong></span> <span class='ocrx_word' id='word_1_46' title='bbox 937 783 955 816; x_wconf 75' lang='grc' dir='ltr'><strong>ι</strong></span> <span class='ocrx_word' id='word_1_47' title='bbox 996 761 1050 817; x_wconf 84' lang='lat' dir='ltr'><strong>la</strong></span> <span class='ocrx_word' id='word_1_48' title='bbox 1082 765 1336 835; x_wconf 72' lang='lat' dir='ltr'><strong>praesenti</strong></span> <span class='ocrx_word' id='word_1_49' title='bbox 1382 764 1551 835; x_wconf 78' lang='lat' dir='ltr'><strong>igitur</strong></span> <span class='ocrx_word' id='word_1_50' title='bbox 1592 765 1783 819; x_wconf 90' lang='lat' dir='ltr'><strong>eodem</strong></span> <span class='ocrx_word' id='word_1_51' title='bbox 1815 765 1980 819; x_wconf 92' lang='lat' dir='ltr'><strong>modo</strong></span> 
     </span>
    </p>
   </div>
   <div class='ocr_carea' id='block_1_8' title="bbox 392 855 1972 931">
    <p class='ocr_par' dir='ltr' id='par_1_8' title="bbox 392 855 1972 931">
     <span class='ocr_line' id='line_1_8' title="bbox 392 855 1972 931; baseline -0.001 -18"><span class='ocrx_word' id='word_1_52' title='bbox 392 868 651 931; x_wconf 79' lang='lat' dir='ltr'><strong>precatus</strong></span> <span class='ocrx_word' id='word_1_53' title='bbox 683 855 853 911; x_wconf 81' lang='lat' dir='ltr'><strong>David</strong></span> <span class='ocrx_word' id='word_1_54' title='bbox 883 865 988 917; x_wconf 84' lang='lat' dir='ltr'><strong>est.</strong></span> <span class='ocrx_word' id='word_1_55' title='bbox 1019 865 1073 911; x_wconf 92' lang='lat' dir='ltr'><strong>et</strong></span> <span class='ocrx_word' id='word_1_56' title='bbox 1116 872 1306 928; x_wconf 88' lang='lat' dir='ltr'><strong>preces</strong></span> <span class='ocrx_word' id='word_1_57' title='bbox 1336 856 1457 927; x_wconf 86' lang='lat' dir='ltr'><strong>ejus</strong></span> <span class='ocrx_word' id='word_1_58' title='bbox 1496 857 1764 911; x_wconf 67' lang='lat' dir='ltr'><strong>exaudita:</strong></span> <span class='ocrx_word' id='word_1_59' title='bbox 1805 865 1931 912; x_wconf 88' lang='lat' dir='ltr'><strong>sunt</strong></span> <span class='ocrx_word' id='word_1_60' title='bbox 1961 877 1972 911; x_wconf 93' lang='lat'>:</span> 
     </span>
    </p>
   </div>
   <div class='ocr_carea' id='block_1_9' title="bbox 391 949 1978 1020">
    <p class='ocr_par' dir='ltr' id='par_1_9' title="bbox 391 949 1978 1020">
     <span class='ocr_line' id='line_1_9' title="bbox 391 949 1978 1020; baseline -0.002 -14"><span class='ocrx_word' id='word_1_61' title='bbox 391 951 685 1006; x_wconf 80' lang='lat' dir='ltr'><strong>exauditus</strong></span> <span class='ocrx_word' id='word_1_62' title='bbox 714 951 856 1004; x_wconf 92' lang='lat' dir='ltr'><strong>hanc</strong></span> <span class='ocrx_word' id='word_1_63' title='bbox 884 958 1219 1004; x_wconf 89' lang='lat' dir='ltr'><strong>consecutus</strong></span> <span class='ocrx_word' id='word_1_64' title='bbox 1255 957 1338 1004; x_wconf 87' lang='lat' dir='ltr'><strong>est</strong></span> <span class='ocrx_word' id='word_1_65' title='bbox 1373 949 1794 1020; x_wconf 83' lang='lat' dir='ltr'><strong>promissionem</strong></span> <span class='ocrx_word' id='word_1_66' title='bbox 1814 989 1828 1014; x_wconf 93' lang='lat'><strong>,</strong></span> <span class='ocrx_word' id='word_1_67' title='bbox 1870 965 1978 1019; x_wconf 87' lang='lat' dir='ltr'><strong>qua</strong></span> 
     </span>
    </p>
   </div>
   <div class='ocr_carea' id='block_1_10' title="bbox 393 1045 1978 1116">
    <p class='ocr_par' dir='ltr' id='par_1_10' title="bbox 393 1045 1978 1116">
     <span class='ocr_line' id='line_1_10' title="bbox 393 1045 1978 1116; baseline -0.001 -16"><span class='ocrx_word' id='word_1_68' title='bbox 393 1046 635 1102; x_wconf 84' lang='lat' dir='ltr'><strong>dicitur:</strong></span> <span class='ocrx_word' id='word_1_69' title='bbox 679 1065 698 1098; x_wconf 77' lang='grc' dir='ltr'><strong>ι</strong></span> <span class='ocrx_word' id='word_1_70' title='bbox 755 1045 880 1101; x_wconf 90' lang='lat' dir='ltr'><strong>Dies</strong></span> <span class='ocrx_word' id='word_1_71' title='bbox 929 1061 1095 1116; x_wconf 89' lang='lat' dir='ltr'><strong>super</strong></span> <span class='ocrx_word' id='word_1_72' title='bbox 1147 1045 1265 1100; x_wconf 90' lang='lat' dir='ltr'><strong>dies</strong></span> <span class='ocrx_word' id='word_1_73' title='bbox 1319 1046 1462 1116; x_wconf 85' lang='lat' dir='ltr'><strong>regis</strong></span> <span class='ocrx_word' id='word_1_74' title='bbox 1509 1045 1761 1114; x_wconf 87' lang='lat' dir='ltr'><strong>adjicies,</strong></span> <span class='ocrx_word' id='word_1_75' title='bbox 1804 1059 1978 1098; x_wconf 86' lang='lat' dir='ltr'><strong>annos</strong></span> 
     </span>
    </p>
   </div>
   <div class='ocr_carea' id='block_1_11' title="bbox 397 1139 1972 1213">
    <p class='ocr_par' dir='ltr' id='par_1_11' title="bbox 397 1139 1972 1213">
     <span class='ocr_line' id='line_1_11' title="bbox 397 1139 1972 1213; baseline -0.004 -16"><span class='ocrx_word' id='word_1_76' title='bbox 397 1143 518 1213; x_wconf 77' lang='lat' dir='ltr'><strong>ejus</strong></span> <span class='ocrx_word' id='word_1_77' title='bbox 551 1156 724 1212; x_wconf 88' lang='lat' dir='ltr'><strong>usque</strong></span> <span class='ocrx_word' id='word_1_78' title='bbox 757 1140 812 1194; x_wconf 89' lang='lat' dir='ltr'><strong>in</strong></span> <span class='ocrx_word' id='word_1_79' title='bbox 849 1139 993 1194; x_wconf 89' lang='lat' dir='ltr'><strong>diem</strong></span> <span class='ocrx_word' id='word_1_80' title='bbox 1023 1139 1392 1210; x_wconf 76' lang='lat' dir='ltr'><strong>generationis</strong></span> <span class='ocrx_word' id='word_1_81' title='bbox 1416 1149 1464 1192; x_wconf 88' lang='lat' dir='ltr'><strong>et</strong></span> <span class='ocrx_word' id='word_1_82' title='bbox 1489 1139 1861 1207; x_wconf 69' lang='lat' dir='ltr'><strong>generationis</strong></span> <span class='ocrx_word' id='word_1_83' title='bbox 1890 1155 1904 1203; x_wconf 92' lang='lat'><strong>;</strong></span> <span class='ocrx_word' id='word_1_84' title='bbox 1955 1157 1972 1190; x_wconf 70' lang='grc' dir='ltr'><strong>ι</strong></span> 
     </span>
    </p>
   </div>
   <div class='ocr_carea' id='block_1_12' title="bbox 397 1231 1977 1305">
    <p class='ocr_par' dir='ltr' id='par_1_12' title="bbox 397 1231 1977 1305">
     <span class='ocr_line' id='line_1_12' title="bbox 397 1231 1977 1305; baseline -0.004 -14"><span class='ocrx_word' id='word_1_85' title='bbox 397 1237 535 1296; x_wconf 76' lang='lat' dir='ltr'><strong>sive.</strong></span> <span class='ocrx_word' id='word_1_86' title='bbox 573 1232 878 1290; x_wconf 88' lang='lat' dir='ltr'><strong>secundum</strong></span> <span class='ocrx_word' id='word_1_87' title='bbox 912 1233 1326 1305; x_wconf 76' lang='lat' dir='ltr'><strong>Symmachum,</strong></span> <span class='ocrx_word' id='word_1_88' title='bbox 1365 1251 1384 1283; x_wconf 74' lang='grc' dir='ltr'><strong>ι</strong></span> <span class='ocrx_word' id='word_1_89' title='bbox 1432 1231 1549 1286; x_wconf 85' lang='lat' dir='ltr'><strong>dies</strong></span> <span class='ocrx_word' id='word_1_90' title='bbox 1597 1231 1793 1286; x_wconf 86' lang='lat' dir='ltr'><strong>diebus</strong></span> <span class='ocrx_word' id='word_1_91' title='bbox 1832 1232 1977 1303; x_wconf 89' lang='lat' dir='ltr'><strong>regis</strong></span> 
     </span>
    </p>
   </div>
   <div class='ocr_carea' id='block_1_13' title="bbox 393 1325 1978 1397">
    <p class='ocr_par' dir='ltr' id='par_1_13' title="bbox 393 1325 1978 1397">
     <span class='ocr_line' id='line_1_13' title="bbox 393 1325 1978 1397; baseline -0.006 -10"><span class='ocrx_word' id='word_1_92' title='bbox 393 1327 642 1397; x_wconf 82' lang='lat' dir='ltr'><strong>adjicics,</strong></span> <span class='ocrx_word' id='word_1_93' title='bbox 677 1341 852 1382; x_wconf 88' lang='lat' dir='ltr'><strong>annos</strong></span> <span class='ocrx_word' id='word_1_94' title='bbox 902 1327 1022 1396; x_wconf 89' lang='lat' dir='ltr'><strong>ejus</strong></span> <span class='ocrx_word' id='word_1_95' title='bbox 1064 1326 1118 1380; x_wconf 82' lang='lat' dir='ltr'><strong>in</strong></span> <span class='ocrx_word' id='word_1_96' title='bbox 1170 1334 1434 1396; x_wconf 90' lang='lat' dir='ltr'><strong>quantum</strong></span> <span class='ocrx_word' id='word_1_97' title='bbox 1467 1325 1748 1394; x_wconf 78' lang='lat' dir='ltr'><strong>generatio</strong></span> <span class='ocrx_word' id='word_1_98' title='bbox 1793 1331 1848 1379; x_wconf 91' lang='lat' dir='ltr'><strong>et</strong></span> <span class='ocrx_word' id='word_1_99' title='bbox 1885 1339 1978 1394; x_wconf 85' lang='lat' dir='ltr'><strong>ge-</strong></span> 
     </span>
    </p>
   </div>
   <div class='ocr_carea' id='block_1_14' title="bbox 391 1414 1973 1486">
    <p class='ocr_par' dir='ltr' id='par_1_14' title="bbox 391 1414 1973 1486">
     <span class='ocr_line' id='line_1_14' title="bbox 391 1414 1973 1486; baseline -0.002 -14"><span class='ocrx_word' id='word_1_100' title='bbox 391 1418 648 1474; x_wconf 84' lang='lat' dir='ltr'><strong>neratio:</strong></span> <span class='ocrx_word' id='word_1_101' title='bbox 699 1417 972 1473; x_wconf 80' lang='lat' dir='ltr'><strong>habitabit</strong></span> <span class='ocrx_word' id='word_1_102' title='bbox 1008 1417 1063 1470; x_wconf 91' lang='lat' dir='ltr'><strong>in</strong></span> <span class='ocrx_word' id='word_1_103' title='bbox 1102 1426 1369 1471; x_wconf 43' lang='lat' dir='ltr'><strong>atternum</strong></span> <span class='ocrx_word' id='word_1_104' title='bbox 1405 1416 1458 1469; x_wconf 92' lang='lat' dir='ltr'><strong>in</strong></span> <span class='ocrx_word' id='word_1_105' title='bbox 1493 1422 1795 1486; x_wconf 90' lang='lat' dir='ltr'><strong>conspectu</strong></span> <span class='ocrx_word' id='word_1_106' title='bbox 1827 1414 1922 1470; x_wconf 90' lang='lat' dir='ltr'><strong>Dei</strong></span> <span class='ocrx_word' id='word_1_107' title='bbox 1960 1435 1973 1469; x_wconf 94' lang='lat'>:</span> 
     </span>
    </p>
   </div>
   <div class='ocr_carea' id='block_1_15' title="bbox 391 1504 1975 1578">
    <p class='ocr_par' dir='ltr' id='par_1_15' title="bbox 391 1504 1975 1578">
     <span class='ocr_line' id='line_1_15' title="bbox 391 1504 1975 1578; baseline 0 -17"><span class='ocrx_word' id='word_1_108' title='bbox 391 1507 773 1563; x_wconf 89' lang='lat' dir='ltr'><strong>misericordia</strong></span> <span class='ocrx_word' id='word_1_109' title='bbox 797 1518 850 1563; x_wconf 92' lang='lat' dir='ltr'><strong>et</strong></span> <span class='ocrx_word' id='word_1_110' title='bbox 876 1509 1078 1563; x_wconf 85' lang='lat' dir='ltr'><strong>veritas</strong></span> <span class='ocrx_word' id='word_1_111' title='bbox 1112 1507 1540 1562; x_wconf 88' lang='lat' dir='ltr'><strong>circummuniet</strong></span> <span class='ocrx_word' id='word_1_112' title='bbox 1572 1508 1809 1578; x_wconf 67' lang='lat' dir='ltr'><strong>ipsum.»</strong></span> <span class='ocrx_word' id='word_1_113' title='bbox 1844 1504 1975 1561; x_wconf 68' lang='lat' dir='ltr'><strong>llaec</strong></span> 
     </span>
    </p>
   </div>
   <div class='ocr_carea' id='block_1_16' title="bbox 395 1598 1978 1670">
    <p class='ocr_par' dir='ltr' id='par_1_16' title="bbox 395 1598 1978 1670">
     <span class='ocr_line' id='line_1_16' title="bbox 395 1598 1978 1670; baseline 0.001 -18"><span class='ocrx_word' id='word_1_114' title='bbox 395 1601 580 1652; x_wconf 89' lang='lat' dir='ltr'><strong>omnia</strong></span> <span class='ocrx_word' id='word_1_115' title='bbox 633 1599 970 1670; x_wconf 88' lang='lat' dir='ltr'><strong>adipiscetur</strong></span> <span class='ocrx_word' id='word_1_116' title='bbox 1008 1600 1100 1669; x_wconf 84' lang='lat' dir='ltr'><strong>qui</strong></span> <span class='ocrx_word' id='word_1_117' title='bbox 1135 1599 1320 1654; x_wconf 87' lang='lat' dir='ltr'><strong>dicere</strong></span> <span class='ocrx_word' id='word_1_118' title='bbox 1368 1599 1546 1668; x_wconf 90' lang='lat' dir='ltr'><strong>potuit</strong></span> <span class='ocrx_word' id='word_1_119' title='bbox 1580 1617 1592 1652; x_wconf 92' lang='lat'>:</span> <span class='ocrx_word' id='word_1_120' title='bbox 1637 1616 1654 1649; x_wconf 74' lang='grc' dir='ltr'><strong>ι</strong></span> <span class='ocrx_word' id='word_1_121' title='bbox 1701 1599 1744 1651; x_wconf 85' lang='grc' dir='ltr'>Α</span> <span class='ocrx_word' id='word_1_122' title='bbox 1777 1598 1978 1654; x_wconf 81' lang='lat' dir='ltr'><strong>ﬁnibus</strong></span> 
     </span>
    </p>
   </div>
   <div class='ocr_carea' id='block_1_17' title="bbox 398 1691 1971 1754">
    <p class='ocr_par' dir='ltr' id='par_1_17' title="bbox 398 1691 1971 1754">
     <span class='ocr_line' id='line_1_17' title="bbox 398 1691 1971 1754; baseline -0.001 -10"><span class='ocrx_word' id='word_1_123' title='bbox 398 1691 642 1746; x_wconf 62' lang='lat' dir='ltr'><strong>terraaad</strong></span> <span class='ocrx_word' id='word_1_124' title='bbox 671 1699 723 1746; x_wconf 91' lang='lat' dir='ltr'><strong>te</strong></span> <span class='ocrx_word' id='word_1_125' title='bbox 757 1692 1012 1754; x_wconf 81' lang='lat' dir='ltr'><strong>clamavi,</strong></span> <span class='ocrx_word' id='word_1_126' title='bbox 1057 1691 1185 1746; x_wconf 84' lang='lat' dir='ltr'><strong>dum</strong></span> <span class='ocrx_word' id='word_1_127' title='bbox 1233 1691 1552 1746; x_wconf 68' lang='lat' dir='ltr'><strong>anxiaretur</strong></span> <span class='ocrx_word' id='word_1_128' title='bbox 1590 1706 1688 1744; x_wconf 89' lang='lat' dir='ltr'><strong>cor</strong></span> <span class='ocrx_word' id='word_1_129' title='bbox 1736 1705 1971 1745; x_wconf 66' lang='lat' dir='ltr'><strong>meum.»</strong></span> 
     </span>
    </p>
   </div>
   <div class='ocr_carea' id='block_1_18' title="bbox 397 1781 1979 1854">
    <p class='ocr_par' dir='ltr' id='par_1_18' title="bbox 397 1781 1979 1854">
     <span class='ocr_line' id='line_1_18' title="bbox 397 1781 1979 1854; baseline 0 -17"><span class='ocrx_word' id='word_1_130' title='bbox 397 1781 863 1852; x_wconf 80' lang='lat' dir='ltr'><strong>Namhujusmodi</strong></span> <span class='ocrx_word' id='word_1_131' title='bbox 890 1783 1166 1854; x_wconf 84' lang='lat' dir='ltr'><strong>profectus</strong></span> <span class='ocrx_word' id='word_1_132' title='bbox 1195 1785 1527 1854; x_wconf 86' lang='lat' dir='ltr'><strong>condignum</strong></span> <span class='ocrx_word' id='word_1_133' title='bbox 1558 1783 1794 1839; x_wconf 81' lang='lat' dir='ltr'><strong>fructum</strong></span> <span class='ocrx_word' id='word_1_134' title='bbox 1831 1784 1979 1838; x_wconf 86' lang='lat' dir='ltr'><strong>acci-</strong></span> 
     </span>
    </p>
   </div>
   <div class='ocr_carea' id='block_1_19' title="bbox 397 1877 1976 1954">
    <p class='ocr_par' dir='ltr' id='par_1_19' title="bbox 397 1877 1976 1954">
     <span class='ocr_line' id='line_1_19' title="bbox 397 1877 1976 1954; baseline 0 -22"><span class='ocrx_word' id='word_1_135' title='bbox 397 1879 530 1954; x_wconf 86' lang='lat' dir='ltr'><strong>piet,</strong></span> <span class='ocrx_word' id='word_1_136' title='bbox 552 1879 714 1932; x_wconf 77' lang='lat' dir='ltr'><strong>vitam</strong></span> <span class='ocrx_word' id='word_1_137' title='bbox 730 1886 1010 1933; x_wconf 66' lang='lat' dir='ltr'><strong>aeternam.</strong></span> <span class='ocrx_word' id='word_1_138' title='bbox 1030 1877 1166 1932; x_wconf 89' lang='lat' dir='ltr'><strong>Cum</strong></span> <span class='ocrx_word' id='word_1_139' title='bbox 1190 1877 1392 1932; x_wconf 87' lang='lat' dir='ltr'><strong>dicitur</strong></span> <span class='ocrx_word' id='word_1_140' title='bbox 1409 1886 1612 1939; x_wconf 86' lang='lat' dir='ltr'><strong>autem,</strong></span> <span class='ocrx_word' id='word_1_141' title='bbox 1640 1897 1657 1929; x_wconf 74' lang='grc' dir='ltr'><strong>ι</strong></span> <span class='ocrx_word' id='word_1_142' title='bbox 1683 1877 1826 1932; x_wconf 82' lang='lat' dir='ltr'><strong>Anni</strong></span> <span class='ocrx_word' id='word_1_143' title='bbox 1855 1878 1976 1947; x_wconf 87' lang='lat' dir='ltr'><strong>ejus</strong></span> 
     </span>
    </p>
   </div>
   <div class='ocr_carea' id='block_1_20' title="bbox 398 1969 1977 2044">
    <p class='ocr_par' dir='ltr' id='par_1_20' title="bbox 398 1969 1977 2044">
     <span class='ocr_line' id='line_1_20' title="bbox 398 1969 1977 2044; baseline 0 -18"><span class='ocrx_word' id='word_1_144' title='bbox 398 1987 572 2044; x_wconf 87' lang='lat' dir='ltr'><strong>usque</strong></span> <span class='ocrx_word' id='word_1_145' title='bbox 599 1971 652 2024; x_wconf 90' lang='lat' dir='ltr'><strong>in</strong></span> <span class='ocrx_word' id='word_1_146' title='bbox 684 1969 829 2025; x_wconf 86' lang='lat' dir='ltr'><strong>diem</strong></span> <span class='ocrx_word' id='word_1_147' title='bbox 858 1972 1228 2042; x_wconf 79' lang='lat' dir='ltr'><strong>generationis</strong></span> <span class='ocrx_word' id='word_1_148' title='bbox 1251 1980 1306 2026; x_wconf 90' lang='lat' dir='ltr'><strong>et</strong></span> <span class='ocrx_word' id='word_1_149' title='bbox 1338 1971 1777 2042; x_wconf 65' lang='lat' dir='ltr'><strong>generationis,»</strong></span> <span class='ocrx_word' id='word_1_150' title='bbox 1805 1971 1977 2042; x_wconf 77' lang='lat' dir='ltr'><strong>signi-</strong></span> 
     </span>
    </p>
   </div>
   <div class='ocr_carea' id='block_1_21' title="bbox 393 2062 1975 2134">
    <p class='ocr_par' dir='ltr' id='par_1_21' title="bbox 393 2062 1975 2134">
     <span class='ocr_line' id='line_1_21' title="bbox 393 2062 1975 2134; baseline 0.001 -16"><span class='ocrx_word' id='word_1_151' title='bbox 393 2064 591 2118; x_wconf 86' lang='lat' dir='ltr'><strong>ﬁcatur</strong></span> <span class='ocrx_word' id='word_1_152' title='bbox 639 2062 900 2118; x_wconf 88' lang='lat' dir='ltr'><strong>Davidem</strong></span> <span class='ocrx_word' id='word_1_153' title='bbox 940 2079 1049 2118; x_wconf 92' lang='lat' dir='ltr'><strong>non</strong></span> <span class='ocrx_word' id='word_1_154' title='bbox 1083 2065 1258 2118; x_wconf 85' lang='lat' dir='ltr'><strong>solum</strong></span> <span class='ocrx_word' id='word_1_155' title='bbox 1289 2071 1537 2134; x_wconf 89' lang='lat' dir='ltr'><strong>tempore</strong></span> <span class='ocrx_word' id='word_1_156' title='bbox 1563 2065 1686 2119; x_wconf 65' lang='lat' dir='ltr'><strong>vitae</strong></span> <span class='ocrx_word' id='word_1_157' title='bbox 1715 2080 1828 2120; x_wconf 76' lang='lat' dir='ltr'><strong>sua:</strong></span> <span class='ocrx_word' id='word_1_158' title='bbox 1859 2079 1975 2119; x_wconf 88' lang='lat' dir='ltr'><strong>me-</strong></span> 
     </span>
    </p>
   </div>
   <div class='ocr_carea' id='block_1_22' title="bbox 392 2155 1976 2226">
    <p class='ocr_par' dir='ltr' id='par_1_22' title="bbox 392 2155 1976 2226">
     <span class='ocr_line' id='line_1_22' title="bbox 392 2155 1976 2226; baseline 0.001 -16"><span class='ocrx_word' id='word_1_159' title='bbox 392 2156 717 2212; x_wconf 88' lang='lat' dir='ltr'><strong>morandum</strong></span> <span class='ocrx_word' id='word_1_160' title='bbox 749 2171 893 2219; x_wconf 79' lang='lat' dir='ltr'><strong>esse,</strong></span> <span class='ocrx_word' id='word_1_161' title='bbox 924 2156 1017 2211; x_wconf 89' lang='lat' dir='ltr'><strong>sed</strong></span> <span class='ocrx_word' id='word_1_162' title='bbox 1037 2171 1132 2225; x_wconf 88' lang='lat' dir='ltr'><strong>per</strong></span> <span class='ocrx_word' id='word_1_163' title='bbox 1151 2155 1396 2226; x_wconf 88' lang='lat' dir='ltr'><strong>singulas</strong></span> <span class='ocrx_word' id='word_1_164' title='bbox 1421 2156 1802 2226; x_wconf 78' lang='lat' dir='ltr'><strong>generationes</strong></span> <span class='ocrx_word' id='word_1_165' title='bbox 1824 2173 1840 2223; x_wconf 91' lang='lat'><strong>;</strong></span> <span class='ocrx_word' id='word_1_166' title='bbox 1859 2157 1976 2212; x_wconf 90' lang='lat' dir='ltr'><strong>sive</strong></span> 
     </span>
    </p>
   </div>
   <div class='ocr_carea' id='block_1_23' title="bbox 392 2248 1975 2320">
    <p class='ocr_par' dir='ltr' id='par_1_23' title="bbox 392 2248 1975 2320">
     <span class='ocr_line' id='line_1_23' title="bbox 392 2248 1975 2320; baseline -0.001 -15"><span class='ocrx_word' id='word_1_167' title='bbox 392 2266 489 2319; x_wconf 82' lang='lat' dir='ltr'><strong>per</strong></span> <span class='ocrx_word' id='word_1_168' title='bbox 507 2251 645 2305; x_wconf 89' lang='lat' dir='ltr'><strong>duas</strong></span> <span class='ocrx_word' id='word_1_169' title='bbox 670 2249 1046 2319; x_wconf 83' lang='lat' dir='ltr'><strong>generationes</strong></span> <span class='ocrx_word' id='word_1_170' title='bbox 1066 2288 1080 2313; x_wconf 91' lang='lat'><strong>,</strong></span> <span class='ocrx_word' id='word_1_171' title='bbox 1123 2248 1280 2319; x_wconf 86' lang='lat' dir='ltr'><strong>queis</strong></span> <span class='ocrx_word' id='word_1_172' title='bbox 1321 2248 1701 2303; x_wconf 89' lang='lat' dir='ltr'><strong>subindicatur</strong></span> <span class='ocrx_word' id='word_1_173' title='bbox 1739 2249 1975 2320; x_wconf 89' lang='lat' dir='ltr'><strong>populus</strong></span> 
     </span>
    </p>
   </div>
   <div class='ocr_carea' id='block_1_24' title="bbox 393 2337 1976 2409">
    <p class='ocr_par' dir='ltr' id='par_1_24' title="bbox 393 2337 1976 2409">
     <span class='ocr_line' id='line_1_24' title="bbox 393 2337 1976 2409; baseline -0.002 -14"><span class='ocrx_word' id='word_1_174' title='bbox 393 2356 461 2395; x_wconf 78' lang='lat' dir='ltr'><strong>cx</strong></span> <span class='ocrx_word' id='word_1_175' title='bbox 492 2339 939 2404; x_wconf 87' lang='lat' dir='ltr'><strong>circumcisione,</strong></span> <span class='ocrx_word' id='word_1_176' title='bbox 967 2348 1021 2394; x_wconf 88' lang='lat' dir='ltr'><strong>et</strong></span> <span class='ocrx_word' id='word_1_177' title='bbox 1053 2338 1300 2394; x_wconf 81' lang='lat' dir='ltr'><strong>Ecclesia</strong></span> <span class='ocrx_word' id='word_1_178' title='bbox 1331 2355 1397 2393; x_wconf 86' lang='lat' dir='ltr'><strong>ex</strong></span> <span class='ocrx_word' id='word_1_179' title='bbox 1441 2338 1718 2409; x_wconf 83' lang='lat' dir='ltr'><strong>gentibus.</strong></span> <span class='ocrx_word' id='word_1_180' title='bbox 1757 2337 1976 2405; x_wconf 83' lang='lat' dir='ltr'><strong>Quanto</strong></span> 
     </span>
    </p>
   </div>
   <div class='ocr_carea' id='block_1_25' title="bbox 395 2429 1976 2501">
    <p class='ocr_par' dir='ltr' id='par_1_25' title="bbox 395 2429 1976 2501">
     <span class='ocr_line' id='line_1_25' title="bbox 395 2429 1976 2501; baseline 0.001 -19"><span class='ocrx_word' id='word_1_181' title='bbox 395 2429 565 2498; x_wconf 80' lang='lat' dir='ltr'><strong>igitur</strong></span> <span class='ocrx_word' id='word_1_182' title='bbox 596 2437 842 2497; x_wconf 89' lang='lat' dir='ltr'><strong>tempore</strong></span> <span class='ocrx_word' id='word_1_183' title='bbox 877 2429 1053 2498; x_wconf 88' lang='lat' dir='ltr'><strong>prima</strong></span> <span class='ocrx_word' id='word_1_184' title='bbox 1108 2429 1201 2483; x_wconf 90' lang='lat' dir='ltr'><strong>illa</strong></span> <span class='ocrx_word' id='word_1_185' title='bbox 1253 2430 1532 2498; x_wconf 84' lang='lat' dir='ltr'><strong>generatio</strong></span> <span class='ocrx_word' id='word_1_186' title='bbox 1580 2429 1799 2486; x_wconf 83' lang='lat' dir='ltr'><strong>divinas</strong></span> <span class='ocrx_word' id='word_1_187' title='bbox 1847 2431 1976 2501; x_wconf 86' lang='lat' dir='ltr'><strong>legit</strong></span> 
     </span>
    </p>
   </div>
   <div class='ocr_carea' id='block_1_26' title="bbox 395 2520 1974 2594">
    <p class='ocr_par' dir='ltr' id='par_1_26' title="bbox 395 2520 1974 2594">
     <span class='ocr_line' id='line_1_26' title="bbox 395 2520 1974 2594; baseline 0.001 -18"><span class='ocrx_word' id='word_1_188' title='bbox 395 2523 732 2594; x_wconf 82' lang='lat' dir='ltr'><strong>Scripturas,</strong></span> <span class='ocrx_word' id='word_1_189' title='bbox 767 2520 1026 2576; x_wconf 82' lang='lat' dir='ltr'><strong>Davidem</strong></span> <span class='ocrx_word' id='word_1_190' title='bbox 1059 2522 1116 2576; x_wconf 89' lang='lat' dir='ltr'><strong>in</strong></span> <span class='ocrx_word' id='word_1_191' title='bbox 1152 2523 1414 2577; x_wconf 87' lang='lat' dir='ltr'><strong>memoria</strong></span> <span class='ocrx_word' id='word_1_192' title='bbox 1454 2523 1692 2590; x_wconf 84' lang='lat' dir='ltr'><strong>retinet;</strong></span> <span class='ocrx_word' id='word_1_193' title='bbox 1731 2525 1974 2578; x_wconf 87' lang='lat' dir='ltr'><strong>secunda</strong></span> 
     </span>
    </p>
   </div>
   <div class='ocr_carea' id='block_1_27' title="bbox 391 2615 1975 2686">
    <p class='ocr_par' dir='ltr' id='par_1_27' title="bbox 391 2615 1975 2686">
     <span class='ocr_line' id='line_1_27' title="bbox 391 2615 1975 2686; baseline 0.003 -17"><span class='ocrx_word' id='word_1_194' title='bbox 391 2632 522 2672; x_wconf 90' lang='lat' dir='ltr'><strong>vero</strong></span> <span class='ocrx_word' id='word_1_195' title='bbox 570 2616 869 2686; x_wconf 78' lang='lat' dir='ltr'><strong>generatio,</strong></span> <span class='ocrx_word' id='word_1_196' title='bbox 915 2631 1037 2686; x_wconf 68' lang='lat' dir='ltr'><strong>quae</strong></span> <span class='ocrx_word' id='word_1_197' title='bbox 1084 2615 1259 2671; x_wconf 82' lang='lat' dir='ltr'><strong>electa</strong></span> <span class='ocrx_word' id='word_1_198' title='bbox 1301 2631 1369 2670; x_wconf 72' lang='lat' dir='ltr'><strong>ex</strong></span> <span class='ocrx_word' id='word_1_199' title='bbox 1413 2615 1673 2672; x_wconf 90' lang='lat' dir='ltr'><strong>omnibus</strong></span> <span class='ocrx_word' id='word_1_200' title='bbox 1719 2617 1975 2686; x_wconf 81' lang='lat' dir='ltr'><strong>gentibus</strong></span> 
     </span>
    </p>
   </div>
   <div class='ocr_carea' id='block_1_28' title="bbox 396 2708 1975 2780">
    <p class='ocr_par' dir='ltr' id='par_1_28' title="bbox 396 2708 1975 2780">
     <span class='ocr_line' id='line_1_28' title="bbox 396 2708 1975 2780; baseline -0.002 -13"><span class='ocrx_word' id='word_1_201' title='bbox 396 2717 504 2774; x_wconf 82' lang='lat' dir='ltr'><strong>est,</strong></span> <span class='ocrx_word' id='word_1_202' title='bbox 537 2708 790 2764; x_wconf 87' lang='lat' dir='ltr'><strong>similiter</strong></span> <span class='ocrx_word' id='word_1_203' title='bbox 815 2723 1094 2780; x_wconf 83' lang='lat' dir='ltr'><strong>nunquam</strong></span> <span class='ocrx_word' id='word_1_204' title='bbox 1131 2708 1292 2764; x_wconf 79' lang='lat' dir='ltr'><strong>tinent</strong></span> <span class='ocrx_word' id='word_1_205' title='bbox 1323 2709 1454 2764; x_wconf 82' lang='lat' dir='ltr'><strong>facit</strong></span> <span class='ocrx_word' id='word_1_206' title='bbox 1475 2708 1732 2764; x_wconf 87' lang='lat' dir='ltr'><strong>Davidem</strong></span> <span class='ocrx_word' id='word_1_207' title='bbox 1768 2725 1975 2766; x_wconf 88' lang='lat' dir='ltr'><strong>memo-</strong></span> 
     </span>
    </p>
   </div>
   <div class='ocr_carea' id='block_1_29' title="bbox 394 2803 1974 2882">
    <p class='ocr_par' dir='ltr' id='par_1_29' title="bbox 394 2803 1974 2882">
     <span class='ocr_line' id='line_1_29' title="bbox 394 2803 1974 2882; baseline 0.008 -26"><span class='ocrx_word' id='word_1_208' title='bbox 394 2803 573 2864; x_wconf 86' lang='lat' dir='ltr'><strong>randi.</strong></span> <span class='ocrx_word' id='word_1_209' title='bbox 605 2804 734 2873; x_wconf 89' lang='lat' dir='ltr'><strong>quia</strong></span> <span class='ocrx_word' id='word_1_210' title='bbox 771 2804 892 2873; x_wconf 90' lang='lat' dir='ltr'><strong>ejus</strong></span> <span class='ocrx_word' id='word_1_211' title='bbox 933 2804 987 2858; x_wconf 91' lang='lat' dir='ltr'><strong>in</strong></span> <span class='ocrx_word' id='word_1_212' title='bbox 1025 2819 1122 2860; x_wconf 89' lang='lat' dir='ltr'><strong>ore</strong></span> <span class='ocrx_word' id='word_1_213' title='bbox 1152 2814 1405 2862; x_wconf 77' lang='lat' dir='ltr'><strong>versatur</strong></span> <span class='ocrx_word' id='word_1_214' title='bbox 1435 2809 1574 2866; x_wconf 87' lang='lat' dir='ltr'><strong>liber</strong></span> <span class='ocrx_word' id='word_1_215' title='bbox 1601 2811 1974 2882; x_wconf 84' lang='lat' dir='ltr'><strong>generationis</strong></span> 
     </span>
    </p>
   </div>
   <div class='ocr_carea' id='block_1_30' title="bbox 390 2893 1973 2972">
    <p class='ocr_par' dir='ltr' id='par_1_30' title="bbox 390 2893 1973 2972">
     <span class='ocr_line' id='line_1_30' title="bbox 390 2893 1973 2972; baseline 0.007 -22"><span class='ocrx_word' id='word_1_216' title='bbox 390 2894 523 2953; x_wconf 79' lang='lat' dir='ltr'><strong>Jesu</strong></span> <span class='ocrx_word' id='word_1_217' title='bbox 552 2893 759 2953; x_wconf 79' lang='lat' dir='ltr'><strong>Christi</strong></span> <span class='ocrx_word' id='word_1_218' title='bbox 800 2898 894 2952; x_wconf 87' lang='lat' dir='ltr'><strong>lilii</strong></span> <span class='ocrx_word' id='word_1_219' title='bbox 929 2897 1116 2953; x_wconf 84' lang='lat' dir='ltr'><strong>David.</strong></span> <span class='ocrx_word' id='word_1_220' title='bbox 1150 2899 1207 2954; x_wconf 88' lang='lat' dir='ltr'><strong>id</strong></span> <span class='ocrx_word' id='word_1_221' title='bbox 1246 2900 1432 2972; x_wconf 88' lang='lat' dir='ltr'><strong>itaque</strong></span> <span class='ocrx_word' id='word_1_222' title='bbox 1475 2903 1857 2961; x_wconf 85' lang='lat' dir='ltr'><strong>subindicatur</strong></span> <span class='ocrx_word' id='word_1_223' title='bbox 1887 2905 1973 2962; x_wconf 88' lang='lat' dir='ltr'><strong>his</strong></span> 
     </span>
    </p>
   </div>
   <div class='ocr_carea' id='block_1_31' title="bbox 391 2989 1973 3067">
    <p class='ocr_par' dir='ltr' id='par_1_31' title="bbox 391 2989 1973 3067">
     <span class='ocr_line' id='line_1_31' title="bbox 391 2989 1973 3067; baseline 0.007 -23"><span class='ocrx_word' id='word_1_224' title='bbox 391 2989 598 3055; x_wconf 77' lang='lat' dir='ltr'><strong>verbis,</strong></span> <span class='ocrx_word' id='word_1_225' title='bbox 638 3009 656 3042; x_wconf 73' lang='grc' dir='ltr'><strong>ι</strong></span> <span class='ocrx_word' id='word_1_226' title='bbox 702 2989 845 3046; x_wconf 76' lang='lat' dir='ltr'><strong>Anni</strong></span> <span class='ocrx_word' id='word_1_227' title='bbox 878 2992 998 3062; x_wconf 90' lang='lat' dir='ltr'><strong>ejus</strong></span> <span class='ocrx_word' id='word_1_228' title='bbox 1030 3009 1205 3064; x_wconf 85' lang='lat' dir='ltr'><strong>usque</strong></span> <span class='ocrx_word' id='word_1_229' title='bbox 1232 2993 1289 3049; x_wconf 90' lang='lat' dir='ltr'><strong>in</strong></span> <span class='ocrx_word' id='word_1_230' title='bbox 1320 2995 1464 3050; x_wconf 88' lang='lat' dir='ltr'><strong>diem</strong></span> <span class='ocrx_word' id='word_1_231' title='bbox 1511 2998 1882 3067; x_wconf 84' lang='lat' dir='ltr'><strong>generationis</strong></span> <span class='ocrx_word' id='word_1_232' title='bbox 1917 3010 1973 3055; x_wconf 93' lang='lat' dir='ltr'><strong>et</strong></span> 
     </span>
    </p>
   </div>
   <div class='ocr_carea' id='block_1_32' title="bbox 393 3081 1971 3156">
    <p class='ocr_par' dir='ltr' id='par_1_32' title="bbox 393 3081 1971 3156">
     <span class='ocr_line' id='line_1_32' title="bbox 393 3081 1971 3156; baseline 0.009 -22"><span class='ocrx_word' id='word_1_233' title='bbox 393 3082 788 3152; x_wconf 80' lang='lat' dir='ltr'><strong>generationis.</strong></span> <span class='ocrx_word' id='word_1_234' title='bbox 843 3101 861 3135; x_wconf 73' lang='grc' dir='ltr'><strong>ι</strong></span> <span class='ocrx_word' id='word_1_235' title='bbox 923 3081 991 3137; x_wconf 83' lang='lat' dir='ltr'><strong>Et</strong></span> <span class='ocrx_word' id='word_1_236' title='bbox 1043 3083 1186 3139; x_wconf 88' lang='lat' dir='ltr'><strong>hanc</strong></span> <span class='ocrx_word' id='word_1_237' title='bbox 1234 3086 1454 3156; x_wconf 88' lang='lat' dir='ltr'><strong>quidem</strong></span> <span class='ocrx_word' id='word_1_238' title='bbox 1503 3103 1670 3156; x_wconf 87' lang='lat' dir='ltr'><strong>penes</strong></span> <span class='ocrx_word' id='word_1_239' title='bbox 1721 3089 1971 3148; x_wconf 80' lang='lat' dir='ltr'><strong>homines</strong></span> 
     </span>
    </p>
   </div>
   <div class='ocr_carea' id='block_1_33' title="bbox 389 3175 1966 3252">
    <p class='ocr_par' dir='ltr' id='par_1_33' title="bbox 389 3175 1966 3252">
     <span class='ocr_line' id='line_1_33' title="bbox 389 3175 1966 3252; baseline 0.004 -23"><span class='ocrx_word' id='word_1_240' title='bbox 389 3175 809 3230; x_wconf 85' lang='lat' dir='ltr'><strong>diuturnitatem</strong></span> <span class='ocrx_word' id='word_1_241' title='bbox 836 3176 1124 3230; x_wconf 91' lang='lat' dir='ltr'><strong>obtinebit.</strong></span> <span class='ocrx_word' id='word_1_242' title='bbox 1151 3177 1307 3247; x_wconf 85' lang='lat' dir='ltr'><strong>Apud</strong></span> <span class='ocrx_word' id='word_1_243' title='bbox 1339 3177 1508 3233; x_wconf 86' lang='lat' dir='ltr'><strong>Deum</strong></span> <span class='ocrx_word' id='word_1_244' title='bbox 1537 3188 1741 3246; x_wconf 88' lang='lat' dir='ltr'><strong>autem,</strong></span> <span class='ocrx_word' id='word_1_245' title='bbox 1770 3181 1966 3252; x_wconf 91' lang='lat' dir='ltr'><strong>inquit,</strong></span> 
     </span>
    </p>
   </div>
   <div class='ocr_carea' id='block_1_34' title="bbox 393 3267 1974 3344">
    <p class='ocr_par' dir='ltr' id='par_1_34' title="bbox 393 3267 1974 3344">
     <span class='ocr_line' id='line_1_34' title="bbox 393 3267 1974 3344; baseline 0.006 -24"><span class='ocrx_word' id='word_1_246' title='bbox 393 3283 672 3338; x_wconf 89' lang='lat' dir='ltr'><strong>nunquam</strong></span> <span class='ocrx_word' id='word_1_247' title='bbox 712 3267 954 3338; x_wconf 89' lang='lat' dir='ltr'><strong>peribit;</strong></span> <span class='ocrx_word' id='word_1_248' title='bbox 990 3268 1088 3324; x_wconf 88' lang='lat' dir='ltr'><strong>sed</strong></span> <span class='ocrx_word' id='word_1_249' title='bbox 1133 3269 1505 3327; x_wconf 87' lang='lat' dir='ltr'><strong>immortalem</strong></span> <span class='ocrx_word' id='word_1_250' title='bbox 1557 3281 1721 3344; x_wconf 90' lang='lat' dir='ltr'><strong>atque</strong></span> <span class='ocrx_word' id='word_1_251' title='bbox 1753 3273 1809 3328; x_wconf 90' lang='lat' dir='ltr'><strong>in</strong></span> <span class='ocrx_word' id='word_1_252' title='bbox 1848 3275 1974 3329; x_wconf 86' lang='lat' dir='ltr'><strong>inli-</strong></span> 
     </span>
    </p>
   </div>
   <div class='ocr_carea' id='block_1_35' title="bbox 391 3355 1969 3435">
    <p class='ocr_par' dir='ltr' id='par_1_35' title="bbox 391 3355 1969 3435">
     <span class='ocr_line' id='line_1_35' title="bbox 391 3355 1969 3435; baseline 0.006 -25"><span class='ocrx_word' id='word_1_253' title='bbox 391 3357 569 3410; x_wconf 90' lang='lat' dir='ltr'><strong>nitum</strong></span> <span class='ocrx_word' id='word_1_254' title='bbox 620 3355 912 3412; x_wconf 90' lang='lat' dir='ltr'><strong>durantem</strong></span> <span class='ocrx_word' id='word_1_255' title='bbox 961 3368 1157 3414; x_wconf 88' lang='lat' dir='ltr'><strong>nactus</strong></span> <span class='ocrx_word' id='word_1_256' title='bbox 1201 3361 1392 3425; x_wconf 87' lang='lat' dir='ltr'><strong>vitam,</strong></span> <span class='ocrx_word' id='word_1_257' title='bbox 1450 3379 1470 3414; x_wconf 70' lang='grc' dir='ltr'><strong>ι</strong></span> <span class='ocrx_word' id='word_1_258' title='bbox 1512 3364 1858 3435; x_wconf 90' lang='lat' dir='ltr'><strong>permanebit</strong></span> <span class='ocrx_word' id='word_1_259' title='bbox 1914 3367 1969 3420; x_wconf 90' lang='lat' dir='ltr'><strong>in</strong></span> 
     </span>
    </p>
   </div>
   <div class='ocr_carea' id='block_1_36' title="bbox 389 3449 1973 3520">
    <p class='ocr_par' dir='ltr' id='par_1_36' title="bbox 389 3449 1973 3520">
     <span class='ocr_line' id='line_1_36' title="bbox 389 3449 1973 3520; baseline 0.006 -18"><span class='ocrx_word' id='word_1_260' title='bbox 389 3457 656 3504; x_wconf 70' lang='lat' dir='ltr'><strong>aeternum</strong></span> <span class='ocrx_word' id='word_1_261' title='bbox 696 3449 752 3504; x_wconf 93' lang='lat' dir='ltr'><strong>in</strong></span> <span class='ocrx_word' id='word_1_262' title='bbox 785 3457 1088 3520; x_wconf 85' lang='lat' dir='ltr'><strong>conspectu</strong></span> <span class='ocrx_word' id='word_1_263' title='bbox 1128 3449 1247 3506; x_wconf 90' lang='lat' dir='ltr'><strong>Dei.</strong></span> <span class='ocrx_word' id='word_1_264' title='bbox 1286 3469 1305 3503; x_wconf 87' lang='grc'><strong>›</strong></span> <span class='ocrx_word' id='word_1_265' title='bbox 1340 3450 1625 3520; x_wconf 85' lang='lat' dir='ltr'><strong>Quomodo</strong></span> <span class='ocrx_word' id='word_1_266' title='bbox 1653 3464 1834 3510; x_wconf 89' lang='lat' dir='ltr'><strong>autem</strong></span> <span class='ocrx_word' id='word_1_267' title='bbox 1865 3454 1973 3510; x_wconf 83' lang='lat' dir='ltr'><strong>du-</strong></span> 
     </span>
    </p>
   </div>
   <div class='ocr_carea' id='block_1_37' title="bbox 392 3541 1970 3614">
    <p class='ocr_par' dir='ltr' id='par_1_37' title="bbox 392 3541 1970 3614">
     <span class='ocr_line' id='line_1_37' title="bbox 392 3541 1970 3614; baseline 0.002 -18"><span class='ocrx_word' id='word_1_268' title='bbox 392 3558 516 3598; x_wconf 89' lang='lat' dir='ltr'><strong>rare</strong></span> <span class='ocrx_word' id='word_1_269' title='bbox 548 3543 725 3613; x_wconf 88' lang='lat' dir='ltr'><strong>possit</strong></span> <span class='ocrx_word' id='word_1_270' title='bbox 753 3550 808 3598; x_wconf 91' lang='lat' dir='ltr'><strong>et</strong></span> <span class='ocrx_word' id='word_1_271' title='bbox 858 3541 954 3598; x_wconf 89' lang='lat' dir='ltr'><strong>Dei</strong></span> <span class='ocrx_word' id='word_1_272' title='bbox 1006 3543 1130 3598; x_wconf 70' lang='lat' dir='ltr'><strong>vitae</strong></span> <span class='ocrx_word' id='word_1_273' title='bbox 1173 3542 1444 3614; x_wconf 72' lang='lat' dir='ltr'><strong>e&#39;ozequari</strong></span> <span class='ocrx_word' id='word_1_274' title='bbox 1498 3544 1784 3599; x_wconf 90' lang='lat' dir='ltr'><strong>hominum</strong></span> <span class='ocrx_word' id='word_1_275' title='bbox 1840 3547 1970 3612; x_wconf 85' lang='lat' dir='ltr'><strong>vita,</strong></span> 
     </span>
    </p>
   </div>
   <div class='ocr_carea' id='block_1_38' title="bbox 391 3632 1972 3693">
    <p class='ocr_par' dir='ltr' id='par_1_38' title="bbox 391 3632 1972 3693">
     <span class='ocr_line' id='line_1_38' title="bbox 391 3632 1972 3693; baseline 0.003 -7"><span class='ocrx_word' id='word_1_276' title='bbox 391 3632 496 3688; x_wconf 90' lang='lat' dir='ltr'><strong>sub</strong></span> <span class='ocrx_word' id='word_1_277' title='bbox 529 3633 644 3688; x_wconf 61' lang='lat' dir='ltr'><strong>haec</strong></span> <span class='ocrx_word' id='word_1_278' title='bbox 671 3633 831 3688; x_wconf 89' lang='lat' dir='ltr'><strong>docet</strong></span> <span class='ocrx_word' id='word_1_279' title='bbox 857 3633 943 3690; x_wconf 91' lang='lat' dir='ltr'><strong>his</strong></span> <span class='ocrx_word' id='word_1_280' title='bbox 969 3634 1154 3691; x_wconf 79' lang='lat' dir='ltr'><strong>verbis</strong></span> <span class='ocrx_word' id='word_1_281' title='bbox 1183 3653 1196 3690; x_wconf 92' lang='lat'>:</span> <span class='ocrx_word' id='word_1_282' title='bbox 1232 3654 1251 3687; x_wconf 70' lang='grc' dir='ltr'><strong>ε</strong></span> <span class='ocrx_word' id='word_1_283' title='bbox 1285 3634 1716 3690; x_wconf 79' lang='lat' dir='ltr'><strong>Misericordiam</strong></span> <span class='ocrx_word' id='word_1_284' title='bbox 1748 3646 1802 3693; x_wconf 90' lang='lat' dir='ltr'><strong>et</strong></span> <span class='ocrx_word' id='word_1_285' title='bbox 1827 3638 1972 3692; x_wconf 89' lang='lat' dir='ltr'><strong>veri-</strong></span> 
     </span>
    </p>
   </div>
   <div class='ocr_carea' id='block_1_39' title="bbox 391 3726 1971 3799">
    <p class='ocr_par' dir='ltr' id='par_1_39' title="bbox 391 3726 1971 3799">
     <span class='ocr_line' id='line_1_39' title="bbox 391 3726 1971 3799; baseline 0.004 -21"><span class='ocrx_word' id='word_1_286' title='bbox 391 3734 559 3781; x_wconf 86' lang='lat' dir='ltr'><strong>tatem</strong></span> <span class='ocrx_word' id='word_1_287' title='bbox 589 3727 710 3795; x_wconf 89' lang='lat' dir='ltr'><strong>ejus</strong></span> <span class='ocrx_word' id='word_1_288' title='bbox 725 3728 852 3798; x_wconf 87' lang='lat' dir='ltr'><strong>quis</strong></span> <span class='ocrx_word' id='word_1_289' title='bbox 885 3728 1174 3798; x_wconf 87' lang='lat' dir='ltr'><strong>requiret?</strong></span> <span class='ocrx_word' id='word_1_290' title='bbox 1199 3747 1218 3780; x_wconf 74' lang='grc' dir='ltr'><strong>ι</strong></span> <span class='ocrx_word' id='word_1_291' title='bbox 1251 3726 1409 3795; x_wconf 86' lang='lat' dir='ltr'><strong>Quod</strong></span> <span class='ocrx_word' id='word_1_292' title='bbox 1432 3729 1677 3799; x_wconf 87' lang='lat' dir='ltr'><strong>apertius</strong></span> <span class='ocrx_word' id='word_1_293' title='bbox 1699 3729 1971 3799; x_wconf 88' lang='lat' dir='ltr'><strong>interpre-</strong></span> 
     </span>
    </p>
   </div>
   <div class='ocr_carea' id='block_1_40' title="bbox 392 3819 1969 3888">
    <p class='ocr_par' dir='ltr' id='par_1_40' title="bbox 392 3819 1969 3888">
     <span class='ocr_line' id='line_1_40' title="bbox 392 3819 1969 3888; baseline 0.003 -18"><span class='ocrx_word' id='word_1_294' title='bbox 392 3825 540 3873; x_wconf 91' lang='lat' dir='ltr'><strong>tatus</strong></span> <span class='ocrx_word' id='word_1_295' title='bbox 590 3819 954 3888; x_wconf 83' lang='lat' dir='ltr'><strong>Symmachus</strong></span> <span class='ocrx_word' id='word_1_296' title='bbox 1014 3826 1099 3874; x_wconf 89' lang='lat' dir='ltr'><strong>est</strong></span> <span class='ocrx_word' id='word_1_297' title='bbox 1145 3819 1377 3875; x_wconf 84' lang='lat' dir='ltr'><strong>dicens:</strong></span> <span class='ocrx_word' id='word_1_298' title='bbox 1425 3837 1444 3871; x_wconf 86' lang='grc'><em>‹</em></span> <span class='ocrx_word' id='word_1_299' title='bbox 1494 3819 1866 3876; x_wconf 85' lang='lat' dir='ltr'><strong>Misericordia</strong></span> <span class='ocrx_word' id='word_1_300' title='bbox 1915 3831 1969 3878; x_wconf 86' lang='lat' dir='ltr'><strong>et</strong></span> 
     </span>
    </p>
   </div>
   <div class='ocr_carea' id='block_1_41' title="bbox 389 3907 1964 3987">
    <p class='ocr_par' dir='ltr' id='par_1_41' title="bbox 389 3907 1964 3987">
     <span class='ocr_line' id='line_1_41' title="bbox 389 3907 1964 3987; baseline 0.003 -23"><span class='ocrx_word' id='word_1_301' title='bbox 389 3911 596 3966; x_wconf 81' lang='lat' dir='ltr'><strong>veritas</strong></span> <span class='ocrx_word' id='word_1_302' title='bbox 648 3907 1075 3967; x_wconf 82' lang='lat' dir='ltr'><strong>circummuniet</strong></span> <span class='ocrx_word' id='word_1_303' title='bbox 1112 3912 1334 3982; x_wconf 88' lang='lat' dir='ltr'><strong>ipsum;</strong></span> <span class='ocrx_word' id='word_1_304' title='bbox 1375 3931 1392 3964; x_wconf 79' lang='grc' dir='ltr'><strong>ι</strong></span> <span class='ocrx_word' id='word_1_305' title='bbox 1455 3914 1708 3971; x_wconf 87' lang='lat' dir='ltr'><strong>similiter</strong></span> <span class='ocrx_word' id='word_1_306' title='bbox 1747 3915 1964 3987; x_wconf 83' lang='lat' dir='ltr'><strong>Aquila,</strong></span> 
     </span>
    </p>
   </div>
   <div class='ocr_carea' id='block_1_42' title="bbox 396 4001 1967 4064">
    <p class='ocr_par' dir='ltr' id='par_1_42' title="bbox 396 4001 1967 4064">
     <span class='ocr_line' id='line_1_42' title="bbox 396 4001 1967 4064; baseline 0.006 -9"><span class='ocrx_word' id='word_1_307' title='bbox 396 4021 416 4055; x_wconf 73' lang='grc' dir='ltr'><strong>ι</strong></span> <span class='ocrx_word' id='word_1_308' title='bbox 457 4001 829 4057; x_wconf 81' lang='lat' dir='ltr'><strong>Misericordia</strong></span> <span class='ocrx_word' id='word_1_309' title='bbox 877 4011 932 4058; x_wconf 93' lang='lat' dir='ltr'><strong>et</strong></span> <span class='ocrx_word' id='word_1_310' title='bbox 983 4005 1186 4060; x_wconf 87' lang='lat' dir='ltr'><strong>veritas</strong></span> <span class='ocrx_word' id='word_1_311' title='bbox 1237 4007 1534 4062; x_wconf 85' lang='lat' dir='ltr'><strong>servabunt</strong></span> <span class='ocrx_word' id='word_1_312' title='bbox 1565 4023 1710 4063; x_wconf 90' lang='lat' dir='ltr'><strong>eum.</strong></span> <span class='ocrx_word' id='word_1_313' title='bbox 1769 4027 1788 4061; x_wconf 74' lang='grc' dir='ltr'><strong>ι</strong></span> <span class='ocrx_word' id='word_1_314' title='bbox 1841 4008 1967 4064; x_wconf 69' lang='lat' dir='ltr'><strong>Haec</strong></span> 
     </span>
    </p>
   </div>
   <div class='ocr_carea' id='block_1_43' title="bbox 389 4094 1965 4168">
    <p class='ocr_par' dir='ltr' id='par_1_43' title="bbox 389 4094 1965 4168">
     <span class='ocr_line' id='line_1_43' title="bbox 389 4094 1965 4168; baseline 0.002 -19"><span class='ocrx_word' id='word_1_315' title='bbox 389 4095 526 4164; x_wconf 84' lang='lat' dir='ltr'><strong>ipsis</strong></span> <span class='ocrx_word' id='word_1_316' title='bbox 560 4094 990 4151; x_wconf 87' lang='lat' dir='ltr'><strong>immortalitatis</strong></span> <span class='ocrx_word' id='word_1_317' title='bbox 1020 4110 1208 4163; x_wconf 88' lang='lat' dir='ltr'><strong>causa,</strong></span> <span class='ocrx_word' id='word_1_318' title='bbox 1237 4113 1433 4168; x_wconf 86' lang='lat' dir='ltr'><strong>nempe</strong></span> <span class='ocrx_word' id='word_1_319' title='bbox 1462 4096 1556 4153; x_wconf 88' lang='lat' dir='ltr'><strong>Dei</strong></span> <span class='ocrx_word' id='word_1_320' title='bbox 1593 4099 1965 4154; x_wconf 84' lang='lat' dir='ltr'><strong>misericordia</strong></span> 
     </span>
    </p>
   </div>
   <div class='ocr_carea' id='block_1_44' title="bbox 389 4185 1962 4262">
    <p class='ocr_par' dir='ltr' id='par_1_44' title="bbox 389 4185 1962 4262">
     <span class='ocr_line' id='line_1_44' title="bbox 389 4185 1962 4262; baseline 0.003 -22"><span class='ocrx_word' id='word_1_321' title='bbox 389 4194 446 4240; x_wconf 86' lang='lat' dir='ltr'><strong>et</strong></span> <span class='ocrx_word' id='word_1_322' title='bbox 471 4185 674 4242; x_wconf 86' lang='lat' dir='ltr'><strong>veritas</strong></span> <span class='ocrx_word' id='word_1_323' title='bbox 700 4205 713 4241; x_wconf 88' lang='lat'><strong>:</strong></span> <span class='ocrx_word' id='word_1_324' title='bbox 743 4201 977 4257; x_wconf 86' lang='lat' dir='ltr'><strong>quarum</strong></span> <span class='ocrx_word' id='word_1_325' title='bbox 1001 4202 1231 4246; x_wconf 91' lang='lat' dir='ltr'><strong>consors</strong></span> <span class='ocrx_word' id='word_1_326' title='bbox 1261 4190 1552 4261; x_wconf 88' lang='lat' dir='ltr'><strong>religiosus</strong></span> <span class='ocrx_word' id='word_1_327' title='bbox 1573 4193 1753 4262; x_wconf 86' lang='lat' dir='ltr'><strong>quivis</strong></span> <span class='ocrx_word' id='word_1_328' title='bbox 1780 4192 1962 4254; x_wconf 85' lang='lat' dir='ltr'><strong>homo.</strong></span> 
     </span>
    </p>
   </div>
   <div class='ocr_carea' id='block_1_45' title="bbox 389 4275 1962 4346">
    <p class='ocr_par' dir='ltr' id='par_1_45' title="bbox 389 4275 1962 4346">
     <span class='ocr_line' id='line_1_45' title="bbox 389 4275 1962 4346; baseline 0.004 -16"><span class='ocrx_word' id='word_1_329' title='bbox 389 4276 550 4346; x_wconf 87' lang='lat' dir='ltr'><strong>quasi</strong></span> <span class='ocrx_word' id='word_1_330' title='bbox 602 4277 716 4331; x_wconf 90' lang='lat' dir='ltr'><strong>sale</strong></span> <span class='ocrx_word' id='word_1_331' title='bbox 741 4275 1018 4345; x_wconf 89' lang='lat' dir='ltr'><strong>conditus,</strong></span> <span class='ocrx_word' id='word_1_332' title='bbox 1053 4279 1110 4333; x_wconf 90' lang='lat' dir='ltr'><strong>in</strong></span> <span class='ocrx_word' id='word_1_333' title='bbox 1141 4285 1402 4336; x_wconf 88' lang='lat' dir='ltr'><strong>aeternam</strong></span> <span class='ocrx_word' id='word_1_334' title='bbox 1436 4281 1602 4336; x_wconf 84' lang='lat' dir='ltr'><strong>vitam</strong></span> <span class='ocrx_word' id='word_1_335' title='bbox 1635 4282 1962 4337; x_wconf 86' lang='lat' dir='ltr'><strong>servabitur.</strong></span> 
     </span>
    </p>
   </div>
   <div class='ocr_carea' id='block_1_46' title="bbox 387 4369 1966 4442">
    <p class='ocr_par' dir='ltr' id='par_1_46' title="bbox 387 4369 1966 4442">
     <span class='ocr_line' id='line_1_46' title="bbox 387 4369 1966 4442; baseline 0.003 -18"><span class='ocrx_word' id='word_1_336' title='bbox 387 4369 574 4441; x_wconf 84' lang='lat' dir='ltr'><strong>Neque</strong></span> <span class='ocrx_word' id='word_1_337' title='bbox 607 4371 754 4426; x_wconf 90' lang='lat' dir='ltr'><strong>enim</strong></span> <span class='ocrx_word' id='word_1_338' title='bbox 782 4371 926 4442; x_wconf 87' lang='lat' dir='ltr'><strong>quod</strong></span> <span class='ocrx_word' id='word_1_339' title='bbox 969 4373 1164 4428; x_wconf 86' lang='lat' dir='ltr'><strong>similis</strong></span> <span class='ocrx_word' id='word_1_340' title='bbox 1209 4372 1322 4430; x_wconf 90' lang='lat' dir='ltr'><strong>Deo</strong></span> <span class='ocrx_word' id='word_1_341' title='bbox 1355 4375 1657 4429; x_wconf 89' lang='lat' dir='ltr'><strong>secundum</strong></span> <span class='ocrx_word' id='word_1_342' title='bbox 1709 4375 1966 4431; x_wconf 88' lang='lat' dir='ltr'><strong>substan-</strong></span> 
     </span>
    </p>
   </div>
   <div class='ocr_carea' id='block_1_47' title="bbox 390 4461 1966 4537">
    <p class='ocr_par' dir='ltr' id='par_1_47' title="bbox 390 4461 1966 4537">
     <span class='ocr_line' id='line_1_47' title="bbox 390 4461 1966 4537; baseline 0.006 -21"><span class='ocrx_word' id='word_1_343' title='bbox 390 4463 522 4516; x_wconf 86' lang='lat' dir='ltr'><strong>tiam</strong></span> <span class='ocrx_word' id='word_1_344' title='bbox 547 4462 638 4529; x_wconf 87' lang='lat' dir='ltr'><strong>sit,</strong></span> <span class='ocrx_word' id='word_1_345' title='bbox 673 4463 794 4518; x_wconf 92' lang='lat' dir='ltr'><strong>ideo</strong></span> <span class='ocrx_word' id='word_1_346' title='bbox 825 4463 1077 4521; x_wconf 89' lang='lat' dir='ltr'><strong>similiter</strong></span> <span class='ocrx_word' id='word_1_347' title='bbox 1108 4466 1254 4521; x_wconf 91' lang='lat' dir='ltr'><strong>vivet</strong></span> <span class='ocrx_word' id='word_1_348' title='bbox 1285 4461 1310 4532; x_wconf 68' lang='grc' dir='ltr'><em>ξ</em></span> <span class='ocrx_word' id='word_1_349' title='bbox 1342 4467 1439 4521; x_wconf 90' lang='lat' dir='ltr'><strong>sed</strong></span> <span class='ocrx_word' id='word_1_350' title='bbox 1489 4469 1617 4537; x_wconf 89' lang='lat' dir='ltr'><strong>quia</strong></span> <span class='ocrx_word' id='word_1_351' title='bbox 1673 4482 1704 4523; x_wconf 92' lang='lat' dir='ltr'><strong>a</strong></span> <span class='ocrx_word' id='word_1_352' title='bbox 1749 4468 1966 4526; x_wconf 77' lang='lat' dir='ltr'><strong>miseri:</strong></span> 
     </span>
    </p>
   </div>
   <div class='ocr_carea' id='block_1_48' title="bbox 387 4553 1676 4627">
    <p class='ocr_par' dir='ltr' id='par_1_48' title="bbox 387 4553 1676 4627">
     <span class='ocr_line' id='line_1_48' title="bbox 387 4553 1676 4627; baseline 0.005 -19"><span class='ocrx_word' id='word_1_353' title='bbox 387 4553 575 4608; x_wconf 86' lang='lat' dir='ltr'><strong>cordia</strong></span> <span class='ocrx_word' id='word_1_354' title='bbox 612 4553 702 4608; x_wconf 92' lang='lat' dir='ltr'><strong>Dei</strong></span> <span class='ocrx_word' id='word_1_355' title='bbox 735 4562 788 4609; x_wconf 93' lang='lat' dir='ltr'><strong>et</strong></span> <span class='ocrx_word' id='word_1_356' title='bbox 817 4569 848 4607; x_wconf 89' lang='lat' dir='ltr'><strong>a</strong></span> <span class='ocrx_word' id='word_1_357' title='bbox 884 4555 1112 4612; x_wconf 87' lang='lat' dir='ltr'><strong>veritate</strong></span> <span class='ocrx_word' id='word_1_358' title='bbox 1145 4556 1266 4627; x_wconf 88' lang='lat' dir='ltr'><strong>ejus</strong></span> <span class='ocrx_word' id='word_1_359' title='bbox 1300 4569 1676 4614; x_wconf 88' lang='lat' dir='ltr'><strong>conservatur.</strong></span> 
     </span>
    </p>
   </div>
   <div class='ocr_carea' id='block_1_49' title="bbox 460 4730 1962 4805">
    <p class='ocr_par' dir='ltr' id='par_1_49' title="bbox 460 4730 1962 4805">
     <span class='ocr_line' id='line_1_49' title="bbox 460 4730 1962 4805; baseline 0.008 -22"><span class='ocrx_word' id='word_1_360' title='bbox 460 4730 626 4786; x_wconf 70' lang='lat' dir='ltr'><strong>Vens.</strong></span> <span class='ocrx_word' id='word_1_361' title='bbox 669 4732 721 4789; x_wconf 91' lang='lat'><strong>9.</strong></span> <span class='ocrx_word' id='word_1_362' title='bbox 759 4750 776 4783; x_wconf 86' lang='grc'><em>‹</em></span> <span class='ocrx_word' id='word_1_363' title='bbox 823 4731 916 4788; x_wconf 92' lang='lat' dir='ltr'><strong>Sic</strong></span> <span class='ocrx_word' id='word_1_364' title='bbox 967 4735 1237 4805; x_wconf 91' lang='lat' dir='ltr'><strong>psalmum</strong></span> <span class='ocrx_word' id='word_1_365' title='bbox 1297 4734 1476 4792; x_wconf 88' lang='lat' dir='ltr'><strong>dicam</strong></span> <span class='ocrx_word' id='word_1_366' title='bbox 1506 4738 1714 4794; x_wconf 90' lang='lat' dir='ltr'><strong>nomini</strong></span> <span class='ocrx_word' id='word_1_367' title='bbox 1766 4747 1859 4794; x_wconf 90' lang='lat' dir='ltr'><strong>tuo</strong></span> <span class='ocrx_word' id='word_1_368' title='bbox 1906 4740 1962 4795; x_wconf 90' lang='lat' dir='ltr'><strong>in</strong></span> 
     </span>
    </p>
   </div>
   <div class='ocr_carea' id='block_1_50' title="bbox 387 4825 1962 4894">
    <p class='ocr_par' dir='ltr' id='par_1_50' title="bbox 387 4825 1962 4894">
     <span class='ocr_line' id='line_1_50' title="bbox 387 4825 1962 4894; baseline 0.005 -16"><span class='ocrx_word' id='word_1_369' title='bbox 387 4825 649 4878; x_wconf 66' lang='lat' dir='ltr'><strong>saeculum</strong></span> <span class='ocrx_word' id='word_1_370' title='bbox 700 4826 906 4894; x_wconf 65' lang='lat' dir='ltr'><strong>saeculi,</strong></span> <span class='ocrx_word' id='word_1_371' title='bbox 945 4836 1001 4880; x_wconf 94' lang='lat' dir='ltr'><strong>ut</strong></span> <span class='ocrx_word' id='word_1_372' title='bbox 1034 4827 1256 4880; x_wconf 86' lang='lat' dir='ltr'><strong>reddam</strong></span> <span class='ocrx_word' id='word_1_373' title='bbox 1313 4836 1437 4882; x_wconf 81' lang='lat' dir='ltr'><strong>vota</strong></span> <span class='ocrx_word' id='word_1_374' title='bbox 1484 4844 1603 4883; x_wconf 90' lang='lat' dir='ltr'><strong>mea</strong></span> <span class='ocrx_word' id='word_1_375' title='bbox 1653 4830 1721 4884; x_wconf 91' lang='lat' dir='ltr'><strong>de</strong></span> <span class='ocrx_word' id='word_1_376' title='bbox 1763 4830 1852 4886; x_wconf 92' lang='lat' dir='ltr'><strong>die</strong></span> <span class='ocrx_word' id='word_1_377' title='bbox 1905 4832 1962 4886; x_wconf 87' lang='lat' dir='ltr'><strong>in</strong></span> 
     </span>
    </p>
   </div>
   <div class='ocr_carea' id='block_1_51' title="bbox 381 4917 1963 4991">
    <p class='ocr_par' dir='ltr' id='par_1_51' title="bbox 381 4917 1963 4991">
     <span class='ocr_line' id='line_1_51' title="bbox 381 4917 1963 4991; baseline 0.004 -19"><span class='ocrx_word' id='word_1_378' title='bbox 381 4918 550 4973; x_wconf 79' lang='lat' dir='ltr'><strong>diem.</strong></span> <span class='ocrx_word' id='word_1_379' title='bbox 594 4938 610 4968; x_wconf 77' lang='grc' dir='ltr'><strong>ι</strong></span> <span class='ocrx_word' id='word_1_380' title='bbox 645 4917 768 4972; x_wconf 81' lang='lat' dir='ltr'><strong>llaec</strong></span> <span class='ocrx_word' id='word_1_381' title='bbox 797 4935 923 4974; x_wconf 91' lang='lat' dir='ltr'><strong>cum</strong></span> <span class='ocrx_word' id='word_1_382' title='bbox 957 4918 1194 4991; x_wconf 90' lang='lat' dir='ltr'><strong>Spiritus</strong></span> <span class='ocrx_word' id='word_1_383' title='bbox 1237 4929 1464 4977; x_wconf 90' lang='lat' dir='ltr'><strong>sanctus</strong></span> <span class='ocrx_word' id='word_1_384' title='bbox 1513 4921 1733 4980; x_wconf 90' lang='lat' dir='ltr'><strong>Davidis</strong></span> <span class='ocrx_word' id='word_1_385' title='bbox 1770 4926 1963 4980; x_wconf 66' lang='lat' dir='ltr'><strong>animae</strong></span> 
     </span>
    </p>
   </div>
   <div class='ocr_carea' id='block_1_52' title="bbox 385 5010 1961 5083">
    <p class='ocr_par' dir='ltr' id='par_1_52' title="bbox 385 5010 1961 5083">
     <span class='ocr_line' id='line_1_52' title="bbox 385 5010 1961 5083; baseline 0.004 -19"><span class='ocrx_word' id='word_1_386' title='bbox 385 5010 736 5082; x_wconf 77' lang='lat' dir='ltr'><strong>inspirasset,</strong></span> <span class='ocrx_word' id='word_1_387' title='bbox 771 5013 928 5082; x_wconf 84' lang='lat' dir='ltr'><strong>quasi</strong></span> <span class='ocrx_word' id='word_1_388' title='bbox 961 5027 990 5066; x_wconf 91' lang='lat' dir='ltr'><strong>a</strong></span> <span class='ocrx_word' id='word_1_389' title='bbox 1022 5013 1286 5083; x_wconf 85' lang='lat' dir='ltr'><strong>magistro</strong></span> <span class='ocrx_word' id='word_1_390' title='bbox 1321 5013 1400 5068; x_wconf 87' lang='lat' dir='ltr'><strong>sic</strong></span> <span class='ocrx_word' id='word_1_391' title='bbox 1431 5015 1681 5078; x_wconf 91' lang='lat' dir='ltr'><strong>edoctus,</strong></span> <span class='ocrx_word' id='word_1_392' title='bbox 1710 5015 1815 5070; x_wconf 83' lang='lat' dir='ltr'><strong>ﬁde</strong></span> <span class='ocrx_word' id='word_1_393' title='bbox 1844 5033 1961 5071; x_wconf 88' lang='lat' dir='ltr'><strong>ser-</strong></span> 
     </span>
    </p>
   </div>
   <div class='ocr_carea' id='block_1_53' title="bbox 387 5103 1957 5177">
    <p class='ocr_par' dir='ltr' id='par_1_53' title="bbox 387 5103 1957 5177">
     <span class='ocr_line' id='line_1_53' title="bbox 387 5103 1957 5177; baseline 0.004 -21"><span class='ocrx_word' id='word_1_394' title='bbox 387 5118 605 5158; x_wconf 82' lang='lat' dir='ltr'><strong>monem</strong></span> <span class='ocrx_word' id='word_1_395' title='bbox 655 5103 908 5174; x_wconf 84' lang='lat' dir='ltr'><strong>obsignat</strong></span> <span class='ocrx_word' id='word_1_396' title='bbox 952 5103 1067 5158; x_wconf 74' lang='lat' dir='ltr'><strong>inec</strong></span> <span class='ocrx_word' id='word_1_397' title='bbox 1101 5104 1446 5160; x_wconf 81' lang='lat' dir='ltr'><strong>vociferans:</strong></span> <span class='ocrx_word' id='word_1_398' title='bbox 1489 5124 1508 5157; x_wconf 86' lang='grc'><em>‹</em></span> <span class='ocrx_word' id='word_1_399' title='bbox 1568 5105 1660 5162; x_wconf 92' lang='lat' dir='ltr'><strong>Sic</strong></span> <span class='ocrx_word' id='word_1_400' title='bbox 1689 5107 1957 5177; x_wconf 87' lang='lat' dir='ltr'><strong>psalmum</strong></span> 
     </span>
    </p>
   </div>
   <div class='ocr_carea' id='block_1_54' title="bbox 384 5193 1962 5256">
    <p class='ocr_par' dir='ltr' id='par_1_54' title="bbox 384 5193 1962 5256">
     <span class='ocr_line' id='line_1_54' title="bbox 384 5193 1962 5256; baseline 0.005 -10"><span class='ocrx_word' id='word_1_401' title='bbox 384 5193 562 5248; x_wconf 88' lang='lat' dir='ltr'><strong>dicam</strong></span> <span class='ocrx_word' id='word_1_402' title='bbox 617 5197 823 5249; x_wconf 90' lang='lat' dir='ltr'><strong>nomini</strong></span> <span class='ocrx_word' id='word_1_403' title='bbox 856 5204 950 5249; x_wconf 89' lang='lat' dir='ltr'><strong>tuo</strong></span> <span class='ocrx_word' id='word_1_404' title='bbox 987 5196 1042 5250; x_wconf 90' lang='lat' dir='ltr'><strong>in</strong></span> <span class='ocrx_word' id='word_1_405' title='bbox 1076 5198 1334 5251; x_wconf 68' lang='lat' dir='ltr'><strong>saeculum</strong></span> <span class='ocrx_word' id='word_1_406' title='bbox 1371 5199 1575 5255; x_wconf 67' lang='lat' dir='ltr'><strong>saeculi.</strong></span> <span class='ocrx_word' id='word_1_407' title='bbox 1620 5221 1640 5253; x_wconf 75' lang='grc' dir='ltr'><strong>ι</strong></span> <span class='ocrx_word' id='word_1_408' title='bbox 1671 5200 1781 5256; x_wconf 87' lang='lat' dir='ltr'><strong>Nec</strong></span> <span class='ocrx_word' id='word_1_409' title='bbox 1828 5200 1962 5256; x_wconf 89' lang='lat' dir='ltr'><strong>sim—</strong></span> 
     </span>
    </p>
   </div>
   <div class='ocr_carea' id='block_1_55' title="bbox 387 5287 1960 5358">
    <p class='ocr_par' dir='ltr' id='par_1_55' title="bbox 387 5287 1960 5358">
     <span class='ocr_line' id='line_1_55' title="bbox 387 5287 1960 5358; baseline 0.006 -18"><span class='ocrx_word' id='word_1_410' title='bbox 387 5287 601 5358; x_wconf 83' lang='lat' dir='ltr'><strong>pliciter</strong></span> <span class='ocrx_word' id='word_1_411' title='bbox 627 5291 726 5352; x_wconf 86' lang='lat' dir='ltr'><strong>ait,</strong></span> <span class='ocrx_word' id='word_1_412' title='bbox 761 5309 779 5340; x_wconf 79' lang='grc' dir='ltr'><strong>ι</strong></span> <span class='ocrx_word' id='word_1_413' title='bbox 823 5289 1060 5345; x_wconf 88' lang='lat' dir='ltr'><strong>Psallam</strong></span> <span class='ocrx_word' id='word_1_414' title='bbox 1089 5292 1295 5347; x_wconf 89' lang='lat' dir='ltr'><strong>nomini</strong></span> <span class='ocrx_word' id='word_1_415' title='bbox 1342 5300 1437 5346; x_wconf 91' lang='lat' dir='ltr'><strong>tuo</strong></span> <span class='ocrx_word' id='word_1_416' title='bbox 1469 5294 1524 5346; x_wconf 93' lang='lat' dir='ltr'><strong>in</strong></span> <span class='ocrx_word' id='word_1_417' title='bbox 1576 5294 1832 5348; x_wconf 71' lang='lat' dir='ltr'><strong>saeculum</strong></span> <span class='ocrx_word' id='word_1_418' title='bbox 1867 5310 1960 5349; x_wconf 66' lang='lat' dir='ltr'><strong>sae-</strong></span> 
     </span>
    </p>
   </div>
   <div class='ocr_carea' id='block_1_56' title="bbox 387 5374 1959 5451">
    <p class='ocr_par' dir='ltr' id='par_1_56' title="bbox 387 5374 1959 5451">
     <span class='ocr_line' id='line_1_56' title="bbox 387 5374 1959 5451; baseline 0.007 -25"><span class='ocrx_word' id='word_1_419' title='bbox 387 5374 519 5436; x_wconf 92' lang='lat' dir='ltr'><strong>culi,</strong></span> <span class='ocrx_word' id='word_1_420' title='bbox 550 5392 568 5424; x_wconf 74' lang='grc' dir='ltr'><strong>ι</strong></span> <span class='ocrx_word' id='word_1_421' title='bbox 605 5375 702 5429; x_wconf 90' lang='lat' dir='ltr'><strong>sed</strong></span> <span class='ocrx_word' id='word_1_422' title='bbox 733 5375 915 5432; x_wconf 86' lang='lat' dir='ltr'><strong>addita</strong></span> <span class='ocrx_word' id='word_1_423' title='bbox 950 5394 1102 5444; x_wconf 89' lang='lat' dir='ltr'><strong>voce,</strong></span> <span class='ocrx_word' id='word_1_424' title='bbox 1137 5399 1154 5431; x_wconf 71' lang='grc' dir='ltr'><strong>ι</strong></span> <span class='ocrx_word' id='word_1_425' title='bbox 1196 5377 1306 5436; x_wconf 89' lang='lat' dir='ltr'><strong>Sic.</strong></span> <span class='ocrx_word' id='word_1_426' title='bbox 1345 5401 1363 5433; x_wconf 75' lang='grc' dir='ltr'><strong>ι</strong></span> <span class='ocrx_word' id='word_1_427' title='bbox 1391 5380 1483 5436; x_wconf 89' lang='lat' dir='ltr'><strong>Sic</strong></span> <span class='ocrx_word' id='word_1_428' title='bbox 1512 5383 1824 5451; x_wconf 87' lang='lat' dir='ltr'><strong>quomodo?</strong></span> <span class='ocrx_word' id='word_1_429' title='bbox 1853 5383 1959 5438; x_wconf 88' lang='lat' dir='ltr'><strong>nisi</strong></span> 
     </span>
    </p>
   </div>
   <div class='ocr_carea' id='block_1_57' title="bbox 390 5465 1956 5548">
    <p class='ocr_par' dir='ltr' id='par_1_57' title="bbox 390 5465 1956 5548">
     <span class='ocr_line' id='line_1_57' title="bbox 390 5465 1956 5548; baseline 0.008 -28"><span class='ocrx_word' id='word_1_430' title='bbox 390 5476 450 5532; x_wconf 75' lang='lat' dir='ltr'><strong>ut</strong></span> <span class='ocrx_word' id='word_1_431' title='bbox 498 5465 738 5538; x_wconf 89' lang='lat' dir='ltr'><strong>Spiritus</strong></span> <span class='ocrx_word' id='word_1_432' title='bbox 794 5484 1018 5531; x_wconf 90' lang='lat' dir='ltr'><strong>sanctus</strong></span> <span class='ocrx_word' id='word_1_433' title='bbox 1077 5476 1264 5530; x_wconf 91' lang='lat' dir='ltr'><strong>docuit</strong></span> <span class='ocrx_word' id='word_1_434' title='bbox 1314 5480 1567 5548; x_wconf 90' lang='lat' dir='ltr'><strong>superius</strong></span> <span class='ocrx_word' id='word_1_435' title='bbox 1616 5469 1701 5534; x_wconf 83' lang='lat' dir='ltr'><strong>his</strong></span> <span class='ocrx_word' id='word_1_436' title='bbox 1753 5479 1956 5544; x_wconf 84' lang='lat' dir='ltr'><strong>verbis.</strong></span> 
     </span>
    </p>
   </div>
   <div class='ocr_carea' id='block_1_58' title="bbox 395 5561 1953 5641">
    <p class='ocr_par' dir='ltr' id='par_1_58' title="bbox 395 5561 1953 5641">
     <span class='ocr_line' id='line_1_58' title="bbox 395 5561 1953 5641; baseline 0.008 -28"><span class='ocrx_word' id='word_1_437' title='bbox 395 5579 416 5606; x_wconf 68' lang='grc' dir='ltr'><strong>ι</strong></span> <span class='ocrx_word' id='word_1_438' title='bbox 455 5561 824 5618; x_wconf 82' lang='lat' dir='ltr'><strong>Misericordia</strong></span> <span class='ocrx_word' id='word_1_439' title='bbox 871 5573 925 5620; x_wconf 88' lang='lat' dir='ltr'><strong>et</strong></span> <span class='ocrx_word' id='word_1_440' title='bbox 971 5569 1174 5623; x_wconf 80' lang='lat' dir='ltr'><strong>veritas</strong></span> <span class='ocrx_word' id='word_1_441' title='bbox 1212 5570 1636 5626; x_wconf 89' lang='lat' dir='ltr'><strong>circummuniet</strong></span> <span class='ocrx_word' id='word_1_442' title='bbox 1685 5574 1884 5641; x_wconf 85' lang='lat' dir='ltr'><strong>ipsum.</strong></span> <span class='ocrx_word' id='word_1_443' title='bbox 1933 5593 1953 5626; x_wconf 69' lang='grc' dir='ltr'><strong>ι</strong></span> 
     </span>
    </p>
   </div>
   <div class='ocr_carea' id='block_1_59' title="bbox 397 5652 1960 5718">
    <p class='ocr_par' dir='ltr' id='par_1_59' title="bbox 397 5652 1960 5718">
     <span class='ocr_line' id='line_1_59' title="bbox 397 5652 1960 5718; baseline 0.008 -13"><span class='ocrx_word' id='word_1_444' title='bbox 397 5652 488 5706; x_wconf 79' lang='lat' dir='ltr'><strong>Sic</strong></span> <span class='ocrx_word' id='word_1_445' title='bbox 520 5655 665 5707; x_wconf 72' lang='lat' dir='ltr'><strong>enim</strong></span> <span class='ocrx_word' id='word_1_446' title='bbox 698 5657 1070 5713; x_wconf 88' lang='lat' dir='ltr'><strong>misericordia</strong></span> <span class='ocrx_word' id='word_1_447' title='bbox 1109 5666 1202 5713; x_wconf 89' lang='lat' dir='ltr'><strong>tua</strong></span> <span class='ocrx_word' id='word_1_448' title='bbox 1236 5666 1290 5714; x_wconf 90' lang='lat' dir='ltr'><strong>et</strong></span> <span class='ocrx_word' id='word_1_449' title='bbox 1319 5663 1547 5716; x_wconf 87' lang='lat' dir='ltr'><strong>veritate</strong></span> <span class='ocrx_word' id='word_1_450' title='bbox 1593 5671 1685 5716; x_wconf 86' lang='lat' dir='ltr'><strong>tua</strong></span> <span class='ocrx_word' id='word_1_451' title='bbox 1722 5665 1960 5718; x_wconf 60' lang='lat' dir='ltr'><strong>circum»</strong></span> 
     </span>
    </p>
   </div>
   <div class='ocr_carea' id='block_1_60' title="bbox 398 5746 1960 5819">
    <p class='ocr_par' dir='ltr' id='par_1_60' title="bbox 398 5746 1960 5819">
     <span class='ocr_line' id='line_1_60' title="bbox 398 5746 1960 5819; baseline 0.007 -21"><span class='ocrx_word' id='word_1_452' title='bbox 398 5746 641 5802; x_wconf 85' lang='lat' dir='ltr'><strong>munitus</strong></span> <span class='ocrx_word' id='word_1_453' title='bbox 671 5756 725 5801; x_wconf 87' lang='lat' dir='ltr'><strong>et</strong></span> <span class='ocrx_word' id='word_1_454' title='bbox 757 5756 1028 5812; x_wconf 87' lang='lat' dir='ltr'><strong>servatus,</strong></span> <span class='ocrx_word' id='word_1_455' title='bbox 1076 5751 1305 5819; x_wconf 83' lang='lat' dir='ltr'><strong>psallam</strong></span> <span class='ocrx_word' id='word_1_456' title='bbox 1340 5755 1548 5809; x_wconf 88' lang='lat' dir='ltr'><strong>nomini</strong></span> <span class='ocrx_word' id='word_1_457' title='bbox 1577 5763 1674 5810; x_wconf 88' lang='lat' dir='ltr'><strong>tuo</strong></span> <span class='ocrx_word' id='word_1_458' title='bbox 1702 5757 1756 5811; x_wconf 88' lang='lat' dir='ltr'><strong>in</strong></span> <span class='ocrx_word' id='word_1_459' title='bbox 1786 5771 1960 5814; x_wconf 58' lang='lat' dir='ltr'><strong>sacu-</strong></span> 
     </span>
    </p>
   </div>
   <div class='ocr_carea' id='block_1_61' title="bbox 401 5831 1958 5897">
    <p class='ocr_par' dir='ltr' id='par_1_61' title="bbox 401 5831 1958 5897">
     <span class='ocr_line' id='line_1_61' title="bbox 401 5831 1958 5897; baseline 0.007 -12"><span class='ocrx_word' id='word_1_460' title='bbox 401 5834 512 5886; x_wconf 89' lang='lat' dir='ltr'><strong>lum</strong></span> <span class='ocrx_word' id='word_1_461' title='bbox 541 5833 746 5886; x_wconf 66' lang='lat' dir='ltr'><strong>saeculi.</strong></span> <span class='ocrx_word' id='word_1_462' title='bbox 777 5831 1004 5888; x_wconf 80' lang='lat' dir='ltr'><strong>Conﬁdo</strong></span> <span class='ocrx_word' id='word_1_463' title='bbox 1038 5837 1183 5890; x_wconf 90' lang='lat' dir='ltr'><strong>enim</strong></span> <span class='ocrx_word' id='word_1_464' title='bbox 1216 5838 1594 5896; x_wconf 87' lang='lat' dir='ltr'><strong>misericordia</strong></span> <span class='ocrx_word' id='word_1_465' title='bbox 1623 5849 1678 5896; x_wconf 85' lang='lat' dir='ltr'><strong>et</strong></span> <span class='ocrx_word' id='word_1_466' title='bbox 1729 5842 1958 5897; x_wconf 77' lang='lat' dir='ltr'><strong>veritate</strong></span> 
     </span>
    </p>
   </div>
   <div class='ocr_carea' id='block_1_62' title="bbox 2084 579 3637 662">
    <p class='ocr_par' dir='ltr' id='par_1_62' title="bbox 2084 579 3637 662">
     <span class='ocr_line' id='line_1_62' title="bbox 2084 579 3637 662; baseline 0.009 -30"><span class='ocrx_word' id='word_1_467' title='bbox 2084 579 2169 642; x_wconf 88' lang='grc' dir='ltr'><strong>τίς</strong></span> <span class='ocrx_word' id='word_1_468' title='bbox 2192 580 2224 650; x_wconf 87' lang='grc' dir='ltr'>ἡ</span> <span class='ocrx_word' id='word_1_469' title='bbox 2250 581 2464 650; x_wconf 71' lang='grc' dir='ltr'>αἴτησις</span> <span class='ocrx_word' id='word_1_470' title='bbox 2488 583 2598 635; x_wconf 92' lang='grc' dir='ltr'><strong>τῶν</strong></span> <span class='ocrx_word' id='word_1_471' title='bbox 2633 583 2856 654; x_wconf 83' lang='grc' dir='ltr'>χειλέων</span> <span class='ocrx_word' id='word_1_472' title='bbox 2903 585 3066 639; x_wconf 78' lang='grc' dir='ltr'>αὑτοῦ</span> <span class='ocrx_word' id='word_1_473' title='bbox 3089 629 3103 650; x_wconf 94' lang='grc'><strong>,</strong></span> <span class='ocrx_word' id='word_1_474' title='bbox 3141 588 3381 643; x_wconf 79' lang='grc' dir='ltr'><strong>διδάσκει</strong></span> <span class='ocrx_word' id='word_1_475' title='bbox 3411 590 3531 662; x_wconf 78' lang='grc' dir='ltr'>ἑξῆς</span> <span class='ocrx_word' id='word_1_476' title='bbox 3565 593 3637 646; x_wconf 84' lang='grc' dir='ltr'><strong>λέ-</strong></span> 
     </span>
    </p>
   </div>
   <div class='ocr_carea' id='block_1_63' title="bbox 2085 675 3637 756">
    <p class='ocr_par' dir='ltr' id='par_1_63' title="bbox 2085 675 3637 756">
     <span class='ocr_line' id='line_1_63' title="bbox 2085 675 3637 756; baseline 0.007 -30"><span class='ocrx_word' id='word_1_477' title='bbox 2085 690 2196 741; x_wconf 88' lang='grc' dir='ltr'><strong>γων</strong></span> <span class='ocrx_word' id='word_1_478' title='bbox 2217 691 2228 701; x_wconf 92' lang='grc'>·</span> <span class='ocrx_word' id='word_1_479' title='bbox 2270 693 2288 724; x_wconf 74' lang='grc' dir='ltr'><strong>ι</strong></span> <span class='ocrx_word' id='word_1_480' title='bbox 2326 675 2479 746; x_wconf 77' lang='grc' dir='ltr'>Ζωὴν</span> <span class='ocrx_word' id='word_1_481' title='bbox 2508 677 2748 747; x_wconf 74' lang='grc' dir='ltr'>ᾐτήσατο</span> <span class='ocrx_word' id='word_1_482' title='bbox 2782 693 2862 740; x_wconf 91' lang='grc' dir='ltr'><strong>σε,</strong></span> <span class='ocrx_word' id='word_1_483' title='bbox 2899 679 2994 731; x_wconf 74' lang='grc' dir='ltr'><strong>καὶ</strong></span> <span class='ocrx_word' id='word_1_484' title='bbox 3031 680 3240 745; x_wconf 81' lang='grc' dir='ltr'>ἔδωκας</span> <span class='ocrx_word' id='word_1_485' title='bbox 3273 682 3426 753; x_wconf 71' lang='grc' dir='ltr'>αὐτῷ</span> <span class='ocrx_word' id='word_1_486' title='bbox 3454 686 3637 756; x_wconf 69' lang='grc' dir='ltr'>μακρό-</span> 
     </span>
    </p>
   </div>
   <div class='ocr_carea' id='block_1_64' title="bbox 2084 766 3634 839">
    <p class='ocr_par' dir='ltr' id='par_1_64' title="bbox 2084 766 3634 839">
     <span class='ocr_line' id='line_1_64' title="bbox 2084 766 3634 839; baseline 0.006 -20"><span class='ocrx_word' id='word_1_487' title='bbox 2084 783 2223 838; x_wconf 86' lang='grc' dir='ltr'>τητα</span> <span class='ocrx_word' id='word_1_488' title='bbox 2252 766 2473 838; x_wconf 81' lang='grc' dir='ltr'>ἡμερῶν</span> <span class='ocrx_word' id='word_1_489' title='bbox 2507 768 2588 830; x_wconf 88' lang='grc' dir='ltr'><strong>εἰς</strong></span> <span class='ocrx_word' id='word_1_490' title='bbox 2623 767 2794 822; x_wconf 88' lang='grc' dir='ltr'>αἰῶνα</span> <span class='ocrx_word' id='word_1_491' title='bbox 2820 770 2914 824; x_wconf 70' lang='grc' dir='ltr'><strong>καὶ</strong></span> <span class='ocrx_word' id='word_1_492' title='bbox 2941 771 3020 834; x_wconf 87' lang='grc' dir='ltr'><strong>εἰς</strong></span> <span class='ocrx_word' id='word_1_493' title='bbox 3055 771 3228 824; x_wconf 84' lang='grc' dir='ltr'><strong>αἰῶνα</strong></span> <span class='ocrx_word' id='word_1_494' title='bbox 3260 772 3354 825; x_wconf 91' lang='grc' dir='ltr'><strong>τοῦ</strong></span> <span class='ocrx_word' id='word_1_495' title='bbox 3385 773 3586 839; x_wconf 89' lang='grc' dir='ltr'>αἰῶνος.</span> <span class='ocrx_word' id='word_1_496' title='bbox 3621 797 3634 828; x_wconf 77' lang='grc' dir='ltr'><strong>ι</strong></span> 
     </span>
    </p>
   </div>
   <div class='ocr_carea' id='block_1_65' title="bbox 2086 858 3640 935">
    <p class='ocr_par' dir='ltr' id='par_1_65' title="bbox 2086 858 3640 935">
     <span class='ocr_line' id='line_1_65' title="bbox 2086 858 3640 935; baseline 0.006 -25"><span class='ocrx_word' id='word_1_497' title='bbox 2086 859 2193 912; x_wconf 69' lang='grc' dir='ltr'>Καὶ</span> <span class='ocrx_word' id='word_1_498' title='bbox 2213 860 2306 912; x_wconf 75' lang='grc' dir='ltr'>ἐπὶ</span> <span class='ocrx_word' id='word_1_499' title='bbox 2334 858 2428 912; x_wconf 87' lang='grc' dir='ltr'><strong>τοῦ</strong></span> <span class='ocrx_word' id='word_1_500' title='bbox 2463 859 2728 932; x_wconf 77' lang='grc' dir='ltr'><strong>παρόντος</strong></span> <span class='ocrx_word' id='word_1_501' title='bbox 2773 861 2950 915; x_wconf 84' lang='grc' dir='ltr'><strong>τοίνυν</strong></span> <span class='ocrx_word' id='word_1_502' title='bbox 2997 863 3397 935; x_wconf 78' lang='grc' dir='ltr'><strong>παραπλησίως</strong></span> <span class='ocrx_word' id='word_1_503' title='bbox 3439 865 3640 931; x_wconf 77' lang='grc' dir='ltr'>ἐκείνοις</span> 
     </span>
    </p>
   </div>
   <div class='ocr_carea' id='block_1_66' title="bbox 2082 951 3636 1028">
    <p class='ocr_par' dir='ltr' id='par_1_66' title="bbox 2082 951 3636 1028">
     <span class='ocr_line' id='line_1_66' title="bbox 2082 951 3636 1028; baseline 0.004 -24"><span class='ocrx_word' id='word_1_504' title='bbox 2082 951 2284 1023; x_wconf 74' lang='grc' dir='ltr'>ηὔξατο</span> <span class='ocrx_word' id='word_1_505' title='bbox 2308 952 2491 1014; x_wconf 76' lang='grc' dir='ltr'>Δαυῒδ,</span> <span class='ocrx_word' id='word_1_506' title='bbox 2536 953 2630 1006; x_wconf 70' lang='grc' dir='ltr'><strong>καὶ</strong></span> <span class='ocrx_word' id='word_1_507' title='bbox 2656 953 2952 1024; x_wconf 78' lang='grc' dir='ltr'>εὐξάμενος</span> <span class='ocrx_word' id='word_1_508' title='bbox 2999 955 3324 1028; x_wconf 75' lang='grc' dir='ltr'><strong>εἰσηκούσθη</strong></span> <span class='ocrx_word' id='word_1_509' title='bbox 3346 973 3361 986; x_wconf 77' lang='grc' dir='ltr'><strong><em>ο</em></strong></span> <span class='ocrx_word' id='word_1_510' title='bbox 3412 958 3636 1011; x_wconf 74' lang='grc' dir='ltr'>εἰσακουο</span> 
     </span>
    </p>
   </div>
   <div class='ocr_carea' id='block_1_67' title="bbox 2086 1044 3634 1122">
    <p class='ocr_par' dir='ltr' id='par_1_67' title="bbox 2086 1044 3634 1122">
     <span class='ocr_line' id='line_1_67' title="bbox 2086 1044 3634 1122; baseline 0.005 -26"><span class='ocrx_word' id='word_1_511' title='bbox 2086 1044 2233 1108; x_wconf 87' lang='grc' dir='ltr'>σθείς</span> <span class='ocrx_word' id='word_1_512' title='bbox 2256 1062 2314 1097; x_wconf 87' lang='grc' dir='ltr'><strong>τε</strong></span> <span class='ocrx_word' id='word_1_513' title='bbox 2339 1045 2545 1118; x_wconf 79' lang='grc' dir='ltr'><strong>ταύτης</strong></span> <span class='ocrx_word' id='word_1_514' title='bbox 2569 1046 2723 1116; x_wconf 81' lang='grc' dir='ltr'>ἔτυχε</span> <span class='ocrx_word' id='word_1_515' title='bbox 2750 1047 2848 1118; x_wconf 79' lang='grc' dir='ltr'><strong>τῆς</strong></span> <span class='ocrx_word' id='word_1_516' title='bbox 2868 1049 3220 1118; x_wconf 78' lang='grc' dir='ltr'>ἐπαγγελίας,</span> <span class='ocrx_word' id='word_1_517' title='bbox 3245 1049 3313 1103; x_wconf 83' lang='grc' dir='ltr'>δι’</span> <span class='ocrx_word' id='word_1_518' title='bbox 3335 1045 3405 1121; x_wconf 79' lang='grc' dir='ltr'>ἧς</span> <span class='ocrx_word' id='word_1_519' title='bbox 3425 1050 3634 1122; x_wconf 75' lang='grc' dir='ltr'>εἰρηται·</span> 
     </span>
    </p>
   </div>
   <div class='ocr_carea' id='block_1_68' title="bbox 2091 1137 3635 1217">
    <p class='ocr_par' dir='ltr' id='par_1_68' title="bbox 2091 1137 3635 1217">
     <span class='ocr_line' id='line_1_68' title="bbox 2091 1137 3635 1217; baseline 0.006 -30"><span class='ocrx_word' id='word_1_520' title='bbox 2091 1156 2109 1187; x_wconf 74' lang='grc' dir='ltr'><strong>ι</strong></span> <span class='ocrx_word' id='word_1_521' title='bbox 2155 1137 2400 1209; x_wconf 77' lang='grc' dir='ltr'><strong>Ἡμέρας</strong></span> <span class='ocrx_word' id='word_1_522' title='bbox 2424 1139 2508 1207; x_wconf 81' lang='grc' dir='ltr'><strong>ἐφ’</strong></span> <span class='ocrx_word' id='word_1_523' title='bbox 2540 1139 2756 1211; x_wconf 75' lang='grc' dir='ltr'>ἡμέρας</span> <span class='ocrx_word' id='word_1_524' title='bbox 2782 1139 3046 1209; x_wconf 78' lang='grc' dir='ltr'>βασιλέως</span> <span class='ocrx_word' id='word_1_525' title='bbox 3079 1141 3436 1213; x_wconf 71' lang='grc' dir='ltr'><strong>προσθήσεις·</strong></span> <span class='ocrx_word' id='word_1_526' title='bbox 3471 1141 3535 1196; x_wconf 79' lang='grc' dir='ltr'>τὰ</span> <span class='ocrx_word' id='word_1_527' title='bbox 3557 1143 3635 1217; x_wconf 71' lang='grc' dir='ltr'><strong>ἔτη</strong></span> 
     </span>
    </p>
   </div>
   <div class='ocr_carea' id='block_1_69' title="bbox 2084 1227 3637 1303">
    <p class='ocr_par' dir='ltr' id='par_1_69' title="bbox 2084 1227 3637 1303">
     <span class='ocr_line' id='line_1_69' title="bbox 2084 1227 3637 1303; baseline 0.006 -23"><span class='ocrx_word' id='word_1_528' title='bbox 2084 1227 2248 1281; x_wconf 79' lang='grc' dir='ltr'>αὑτοῦ</span> <span class='ocrx_word' id='word_1_529' title='bbox 2273 1228 2376 1292; x_wconf 78' lang='grc' dir='ltr'>ἕως</span> <span class='ocrx_word' id='word_1_530' title='bbox 2401 1229 2613 1300; x_wconf 77' lang='grc' dir='ltr'>ἡμέρας</span> <span class='ocrx_word' id='word_1_531' title='bbox 2637 1231 2830 1297; x_wconf 75' lang='grc' dir='ltr'>γενεᾶς</span> <span class='ocrx_word' id='word_1_532' title='bbox 2863 1232 2957 1284; x_wconf 75' lang='grc' dir='ltr'>καὶ</span> <span class='ocrx_word' id='word_1_533' title='bbox 2985 1234 3203 1299; x_wconf 82' lang='grc' dir='ltr'>γενεᾶς·</span> <span class='ocrx_word' id='word_1_534' title='bbox 3241 1253 3260 1286; x_wconf 75' lang='grc' dir='ltr'><strong>ι</strong></span> <span class='ocrx_word' id='word_1_535' title='bbox 3295 1235 3354 1303; x_wconf 84' lang='grc' dir='ltr'>ἢ,</span> <span class='ocrx_word' id='word_1_536' title='bbox 3390 1235 3524 1288; x_wconf 73' lang='grc' dir='ltr'>κατὰ</span> <span class='ocrx_word' id='word_1_537' title='bbox 3560 1237 3637 1290; x_wconf 65' lang='grc' dir='ltr'><strong>τὴν</strong></span> 
     </span>
    </p>
   </div>
   <div class='ocr_carea' id='block_1_70' title="bbox 2084 1320 3638 1397">
    <p class='ocr_par' dir='ltr' id='par_1_70' title="bbox 2084 1320 3638 1397">
     <span class='ocr_line' id='line_1_70' title="bbox 2084 1320 3638 1397; baseline 0.005 -25"><span class='ocrx_word' id='word_1_538' title='bbox 2084 1320 2412 1391; x_wconf 70' lang='grc' dir='ltr'>Σύμμαχον*</span> <span class='ocrx_word' id='word_1_539' title='bbox 2467 1341 2486 1372; x_wconf 86' lang='grc'><strong>‹</strong></span> <span class='ocrx_word' id='word_1_540' title='bbox 2538 1321 2780 1393; x_wconf 82' lang='grc' dir='ltr'>Ἡμέρας</span> <span class='ocrx_word' id='word_1_541' title='bbox 2827 1327 2946 1387; x_wconf 83' lang='grc' dir='ltr'>ταῖς</span> <span class='ocrx_word' id='word_1_542' title='bbox 2981 1325 3212 1396; x_wconf 78' lang='grc' dir='ltr'>ἡμέραις</span> <span class='ocrx_word' id='word_1_543' title='bbox 3253 1325 3348 1379; x_wconf 88' lang='grc' dir='ltr'><strong>τοῦ</strong></span> <span class='ocrx_word' id='word_1_544' title='bbox 3397 1327 3638 1397; x_wconf 86' lang='grc' dir='ltr'>βασιλέως</span> 
     </span>
    </p>
   </div>
   <div class='ocr_carea' id='block_1_71' title="bbox 2085 1412 3634 1488">
    <p class='ocr_par' dir='ltr' id='par_1_71' title="bbox 2085 1412 3634 1488">
     <span class='ocr_line' id='line_1_71' title="bbox 2085 1412 3634 1488; baseline 0.006 -24"><span class='ocrx_word' id='word_1_545' title='bbox 2085 1412 2433 1483; x_wconf 77' lang='grc' dir='ltr'>προσθήσεις,</span> <span class='ocrx_word' id='word_1_546' title='bbox 2468 1413 2563 1484; x_wconf 79' lang='grc' dir='ltr'><strong>ἔτη</strong></span> <span class='ocrx_word' id='word_1_547' title='bbox 2596 1413 2781 1477; x_wconf 77' lang='grc' dir='ltr'>αὑτοῦ,</span> <span class='ocrx_word' id='word_1_548' title='bbox 2832 1417 2918 1485; x_wconf 72' lang='grc' dir='ltr'><strong>ἐφ’</strong></span> <span class='ocrx_word' id='word_1_549' title='bbox 2961 1417 3082 1470; x_wconf 85' lang='grc' dir='ltr'>ὅσον</span> <span class='ocrx_word' id='word_1_550' title='bbox 3131 1417 3294 1486; x_wconf 85' lang='grc' dir='ltr'>γενεὰ</span> <span class='ocrx_word' id='word_1_551' title='bbox 3322 1419 3416 1471; x_wconf 64' lang='grc' dir='ltr'><strong>κα)⁵</strong></span> <span class='ocrx_word' id='word_1_552' title='bbox 3461 1421 3634 1488; x_wconf 73' lang='grc' dir='ltr'>γενεάσ</span> 
     </span>
    </p>
   </div>
   <div class='ocr_carea' id='block_1_72' title="bbox 2084 1503 3639 1585">
    <p class='ocr_par' dir='ltr' id='par_1_72' title="bbox 2084 1503 3639 1585">
     <span class='ocr_line' id='line_1_72' title="bbox 2084 1503 3639 1585; baseline 0.004 -29"><span class='ocrx_word' id='word_1_553' title='bbox 2084 1503 2293 1574; x_wconf 82' lang='grc' dir='ltr'>οἰκήσει</span> <span class='ocrx_word' id='word_1_554' title='bbox 2319 1504 2552 1566; x_wconf 88' lang='grc' dir='ltr'>αἰωνίως</span> <span class='ocrx_word' id='word_1_555' title='bbox 2575 1503 2882 1576; x_wconf 78' lang='grc' dir='ltr'>ἔμπροσθεν</span> <span class='ocrx_word' id='word_1_556' title='bbox 2914 1505 3008 1558; x_wconf 90' lang='grc' dir='ltr'><strong>τοῦ</strong></span> <span class='ocrx_word' id='word_1_557' title='bbox 3038 1506 3173 1560; x_wconf 77' lang='grc' dir='ltr'>Θεοῦ</span> <span class='ocrx_word' id='word_1_558' title='bbox 3199 1524 3212 1536; x_wconf 89' lang='grc'><strong>·</strong></span> <span class='ocrx_word' id='word_1_559' title='bbox 3245 1508 3393 1574; x_wconf 75' lang='grc' dir='ltr'>ἔλεος</span> <span class='ocrx_word' id='word_1_560' title='bbox 3418 1512 3510 1564; x_wconf 75' lang='grc' dir='ltr'>καὶ</span> <span class='ocrx_word' id='word_1_561' title='bbox 3528 1512 3639 1585; x_wconf 76' lang='grc' dir='ltr'>ἁλή-</span> 
     </span>
    </p>
   </div>
   <div class='ocr_carea' id='block_1_73' title="bbox 2084 1592 3638 1666">
    <p class='ocr_par' dir='ltr' id='par_1_73' title="bbox 2084 1592 3638 1666">
     <span class='ocr_line' id='line_1_73' title="bbox 2084 1592 3638 1666; baseline 0.006 -20"><span class='ocrx_word' id='word_1_562' title='bbox 2084 1592 2204 1646; x_wconf 90' lang='grc' dir='ltr'>θεια</span> <span class='ocrx_word' id='word_1_563' title='bbox 2233 1593 2557 1664; x_wconf 77' lang='grc' dir='ltr'>περιφραξει</span> <span class='ocrx_word' id='word_1_564' title='bbox 2583 1594 2762 1647; x_wconf 77' lang='grc' dir='ltr'>αὐτόν.</span> <span class='ocrx_word' id='word_1_565' title='bbox 2811 1613 2828 1646; x_wconf 77' lang='grc' dir='ltr'><strong>ι</strong></span> <span class='ocrx_word' id='word_1_566' title='bbox 2868 1595 3084 1649; x_wconf 85' lang='grc' dir='ltr'><strong>Τούτων</strong></span> <span class='ocrx_word' id='word_1_567' title='bbox 3117 1597 3174 1650; x_wconf 77' lang='grc' dir='ltr'>δὲ</span> <span class='ocrx_word' id='word_1_568' title='bbox 3220 1599 3438 1653; x_wconf 85' lang='grc' dir='ltr'>πάντων</span> <span class='ocrx_word' id='word_1_569' title='bbox 3475 1601 3638 1666; x_wconf 79' lang='grc' dir='ltr'>τεύξε-</span> 
     </span>
    </p>
   </div>
   <div class='ocr_carea' id='block_1_74' title="bbox 2082 1684 3636 1764">
    <p class='ocr_par' dir='ltr' id='par_1_74' title="bbox 2082 1684 3636 1764">
     <span class='ocr_line' id='line_1_74' title="bbox 2082 1684 3636 1764; baseline 0.006 -26"><span class='ocrx_word' id='word_1_570' title='bbox 2082 1702 2172 1739; x_wconf 87' lang='grc' dir='ltr'><strong>ται</strong></span> <span class='ocrx_word' id='word_1_571' title='bbox 2205 1687 2234 1739; x_wconf 93' lang='lat'><strong>6</strong></span> <span class='ocrx_word' id='word_1_572' title='bbox 2262 1684 2509 1756; x_wconf 80' lang='grc' dir='ltr'>δυνηθεὶς</span> <span class='ocrx_word' id='word_1_573' title='bbox 2536 1687 2737 1740; x_wconf 83' lang='grc' dir='ltr'>εἰπεῖν’</span> <span class='ocrx_word' id='word_1_574' title='bbox 2769 1705 2788 1738; x_wconf 72' lang='grc' dir='ltr'><strong>ι</strong></span> <span class='ocrx_word' id='word_1_575' title='bbox 2831 1685 2962 1740; x_wconf 82' lang='grc' dir='ltr'><strong>Ἀπὸ</strong></span> <span class='ocrx_word' id='word_1_576' title='bbox 2985 1687 3091 1741; x_wconf 90' lang='grc' dir='ltr'><strong>τῶν</strong></span> <span class='ocrx_word' id='word_1_577' title='bbox 3123 1689 3411 1762; x_wconf 86' lang='grc' dir='ltr'>πτερύγων</span> <span class='ocrx_word' id='word_1_578' title='bbox 3431 1693 3527 1764; x_wconf 83' lang='grc' dir='ltr'>τῆς</span> <span class='ocrx_word' id='word_1_579' title='bbox 3554 1696 3636 1764; x_wconf 75' lang='grc' dir='ltr'>γῆς</span> 
     </span>
    </p>
   </div>
   <div class='ocr_carea' id='block_1_75' title="bbox 2085 1777 3632 1856">
    <p class='ocr_par' dir='ltr' id='par_1_75' title="bbox 2085 1777 3632 1856">
     <span class='ocr_line' id='line_1_75' title="bbox 2085 1777 3632 1856; baseline 0.006 -27"><span class='ocrx_word' id='word_1_580' title='bbox 2085 1777 2224 1848; x_wconf 85' lang='grc' dir='ltr'>πρὸς</span> <span class='ocrx_word' id='word_1_581' title='bbox 2238 1777 2298 1830; x_wconf 82' lang='grc' dir='ltr'><strong>σὲ</strong></span> <span class='ocrx_word' id='word_1_582' title='bbox 2319 1777 2596 1849; x_wconf 74' lang='grc' dir='ltr'>ἐκέκραξα</span> <span class='ocrx_word' id='word_1_583' title='bbox 2622 1781 2678 1831; x_wconf 79' lang='grc' dir='ltr'>ἐν</span> <span class='ocrx_word' id='word_1_584' title='bbox 2706 1778 2782 1850; x_wconf 81' lang='grc' dir='ltr'>τῷ</span> <span class='ocrx_word' id='word_1_585' title='bbox 2797 1779 3089 1851; x_wconf 82' lang='grc' dir='ltr'>ἀκηδιᾶσαι</span> <span class='ocrx_word' id='word_1_586' title='bbox 3108 1781 3205 1852; x_wconf 81' lang='grc' dir='ltr'><strong>τὴν</strong></span> <span class='ocrx_word' id='word_1_587' title='bbox 3235 1783 3460 1853; x_wconf 86' lang='grc' dir='ltr'>καρδίαν</span> <span class='ocrx_word' id='word_1_588' title='bbox 3495 1802 3632 1856; x_wconf 72' lang='grc' dir='ltr'>μου.»</span> 
     </span>
    </p>
   </div>
   <div class='ocr_carea' id='block_1_76' title="bbox 2009 1859 3637 1950">
    <p class='ocr_par' dir='ltr' id='par_1_76' title="bbox 2009 1859 3637 1950">
     <span class='ocr_line' id='line_1_76' title="bbox 2009 1859 3637 1950; baseline 0.007 -29"><span class='ocrx_word' id='word_1_589' title='bbox 2009 1859 2051 1913; x_wconf 80' lang='grc' dir='ltr'><strong>Β</strong></span> <span class='ocrx_word' id='word_1_590' title='bbox 2083 1873 2194 1943; x_wconf 77' lang='grc' dir='ltr'>Τῆς</span> <span class='ocrx_word' id='word_1_591' title='bbox 2228 1871 2338 1942; x_wconf 85' lang='grc' dir='ltr'>γὰρ</span> <span class='ocrx_word' id='word_1_592' title='bbox 2358 1869 2613 1942; x_wconf 81' lang='grc' dir='ltr'>τοιαύτης</span> <span class='ocrx_word' id='word_1_593' title='bbox 2643 1873 2924 1944; x_wconf 83' lang='grc' dir='ltr'>προκοπῆς</span> <span class='ocrx_word' id='word_1_594' title='bbox 2945 1874 3154 1945; x_wconf 82' lang='grc' dir='ltr'>καρπὸν</span> <span class='ocrx_word' id='word_1_595' title='bbox 3193 1875 3411 1941; x_wconf 78' lang='grc' dir='ltr'>ἐπάξιον</span> <span class='ocrx_word' id='word_1_596' title='bbox 3431 1878 3637 1950; x_wconf 71' lang='grc' dir='ltr'>λήψεται</span> 
     </span>
    </p>
   </div>
   <div class='ocr_carea' id='block_1_77' title="bbox 2081 1961 3636 2040">
    <p class='ocr_par' dir='ltr' id='par_1_77' title="bbox 2081 1961 3636 2040">
     <span class='ocr_line' id='line_1_77' title="bbox 2081 1961 3636 2040; baseline 0.005 -25"><span class='ocrx_word' id='word_1_597' title='bbox 2081 1963 2180 2034; x_wconf 85' lang='grc' dir='ltr'>τὴν</span> <span class='ocrx_word' id='word_1_598' title='bbox 2211 1961 2426 2016; x_wconf 86' lang='grc' dir='ltr'>αἰώνιον</span> <span class='ocrx_word' id='word_1_599' title='bbox 2445 1963 2607 2034; x_wconf 77' lang='grc' dir='ltr'><strong>ζωήν.</strong></span> <span class='ocrx_word' id='word_1_600' title='bbox 2639 1963 2868 2017; x_wconf 83' lang='grc' dir='ltr'>Φάσκων</span> <span class='ocrx_word' id='word_1_601' title='bbox 2896 1964 2951 2018; x_wconf 82' lang='grc' dir='ltr'><strong>δὲ</strong></span> <span class='ocrx_word' id='word_1_602' title='bbox 2973 1967 3000 2018; x_wconf 99' lang='lat'><strong>6</strong></span> <span class='ocrx_word' id='word_1_603' title='bbox 3023 1964 3198 2035; x_wconf 87' lang='grc' dir='ltr'>λόγος,</span> <span class='ocrx_word' id='word_1_604' title='bbox 3221 1985 3238 2018; x_wconf 73' lang='grc' dir='ltr'><strong>ι</strong></span> <span class='ocrx_word' id='word_1_605' title='bbox 3265 1966 3346 2021; x_wconf 82' lang='grc' dir='ltr'><strong>Τὰ</strong></span> <span class='ocrx_word' id='word_1_606' title='bbox 3373 1969 3463 2040; x_wconf 77' lang='grc' dir='ltr'><strong>ἐτη</strong></span> <span class='ocrx_word' id='word_1_607' title='bbox 3492 1969 3636 2022; x_wconf 81' lang='grc' dir='ltr'>αὑτοῦ</span> 
     </span>
    </p>
   </div>
   <div class='ocr_carea' id='block_1_78' title="bbox 2083 2054 3636 2133">
    <p class='ocr_par' dir='ltr' id='par_1_78' title="bbox 2083 2054 3636 2133">
     <span class='ocr_line' id='line_1_78' title="bbox 2083 2054 3636 2133; baseline 0.003 -24"><span class='ocrx_word' id='word_1_608' title='bbox 2083 2054 2184 2117; x_wconf 79' lang='grc' dir='ltr'>ἓως</span> <span class='ocrx_word' id='word_1_609' title='bbox 2244 2054 2457 2125; x_wconf 74' lang='grc' dir='ltr'>ἡμέρας</span> <span class='ocrx_word' id='word_1_610' title='bbox 2503 2056 2696 2122; x_wconf 79' lang='grc' dir='ltr'>γενεᾶς</span> <span class='ocrx_word' id='word_1_611' title='bbox 2727 2055 2820 2108; x_wconf 67' lang='grc' dir='ltr'><strong>κα)⁵</strong></span> <span class='ocrx_word' id='word_1_612' title='bbox 2842 2058 3054 2124; x_wconf 78' lang='grc' dir='ltr'>γενεᾶς,</span> <span class='ocrx_word' id='word_1_613' title='bbox 3095 2077 3114 2109; x_wconf 72' lang='grc' dir='ltr'><strong>ι</strong></span> <span class='ocrx_word' id='word_1_614' title='bbox 3151 2059 3422 2129; x_wconf 77' lang='grc' dir='ltr'>σημαίνει,</span> <span class='ocrx_word' id='word_1_615' title='bbox 3446 2061 3520 2125; x_wconf 85' lang='grc' dir='ltr'>ὡς</span> <span class='ocrx_word' id='word_1_616' title='bbox 3548 2062 3636 2133; x_wconf 76' lang='grc' dir='ltr'>ἄρα</span> 
     </span>
    </p>
   </div>
   <div class='ocr_carea' id='block_1_79' title="bbox 2083 2145 3635 2222">
    <p class='ocr_par' dir='ltr' id='par_1_79' title="bbox 2083 2145 3635 2222">
     <span class='ocr_line' id='line_1_79' title="bbox 2083 2145 3635 2222; baseline 0.005 -23"><span class='ocrx_word' id='word_1_617' title='bbox 2083 2145 2230 2199; x_wconf 79' lang='grc' dir='ltr'>ἔσται</span> <span class='ocrx_word' id='word_1_618' title='bbox 2263 2148 2292 2198; x_wconf 89' lang='lat'><strong>6</strong></span> <span class='ocrx_word' id='word_1_619' title='bbox 2321 2145 2484 2200; x_wconf 80' lang='grc' dir='ltr'>Δαυῒδ</span> <span class='ocrx_word' id='word_1_620' title='bbox 2499 2147 2970 2219; x_wconf 73' lang='grc' dir='ltr'>μνημονευόμενος</span> <span class='ocrx_word' id='word_1_621' title='bbox 2991 2149 3051 2201; x_wconf 85' lang='grc' dir='ltr'><strong>οὑ</strong></span> <span class='ocrx_word' id='word_1_622' title='bbox 3085 2149 3205 2202; x_wconf 85' lang='grc' dir='ltr'>καθ’</span> <span class='ocrx_word' id='word_1_623' title='bbox 3237 2151 3297 2204; x_wconf 80' lang='grc' dir='ltr'>ὃν</span> <span class='ocrx_word' id='word_1_624' title='bbox 3330 2153 3485 2222; x_wconf 86' lang='grc' dir='ltr'>μόνον</span> <span class='ocrx_word' id='word_1_625' title='bbox 3511 2153 3635 2208; x_wconf 76' lang='grc' dir='ltr'>ὲϐίου</span> 
     </span>
    </p>
   </div>
   <div class='ocr_carea' id='block_1_80' title="bbox 2082 2237 3636 2314">
    <p class='ocr_par' dir='ltr' id='par_1_80' title="bbox 2082 2237 3636 2314">
     <span class='ocr_line' id='line_1_80' title="bbox 2082 2237 3636 2314; baseline 0.004 -23"><span class='ocrx_word' id='word_1_626' title='bbox 2082 2237 2294 2310; x_wconf 82' lang='grc' dir='ltr'>χρόνον,</span> <span class='ocrx_word' id='word_1_627' title='bbox 2325 2237 2462 2291; x_wconf 77' lang='grc' dir='ltr'>ἀλλὰ</span> <span class='ocrx_word' id='word_1_628' title='bbox 2504 2240 2599 2292; x_wconf 80' lang='grc' dir='ltr'><strong>καὶ</strong></span> <span class='ocrx_word' id='word_1_629' title='bbox 2625 2239 2744 2292; x_wconf 84' lang='grc' dir='ltr'>καθ’</span> <span class='ocrx_word' id='word_1_630' title='bbox 2771 2239 3010 2312; x_wconf 77' lang='grc' dir='ltr'>ἑκάστην</span> <span class='ocrx_word' id='word_1_631' title='bbox 3038 2241 3232 2310; x_wconf 82' lang='grc' dir='ltr'>γενεὰν</span> <span class='ocrx_word' id='word_1_632' title='bbox 3251 2283 3265 2307; x_wconf 94' lang='grc'><strong>,</strong></span> <span class='ocrx_word' id='word_1_633' title='bbox 3296 2243 3328 2314; x_wconf 82' lang='grc' dir='ltr'>ἢ</span> <span class='ocrx_word' id='word_1_634' title='bbox 3382 2244 3522 2298; x_wconf 76' lang='grc' dir='ltr'>κατὰ</span> <span class='ocrx_word' id='word_1_635' title='bbox 3562 2245 3636 2299; x_wconf 84' lang='grc' dir='ltr'><strong>δύο</strong></span> 
     </span>
    </p>
   </div>
   <div class='ocr_carea' id='block_1_81' title="bbox 2082 2330 3637 2403">
    <p class='ocr_par' dir='ltr' id='par_1_81' title="bbox 2082 2330 3637 2403">
     <span class='ocr_line' id='line_1_81' title="bbox 2082 2330 3637 2403; baseline 0.005 -20"><span class='ocrx_word' id='word_1_636' title='bbox 2082 2330 2232 2394; x_wconf 83' lang='grc' dir='ltr'>τινὰς</span> <span class='ocrx_word' id='word_1_637' title='bbox 2259 2330 2480 2400; x_wconf 83' lang='grc' dir='ltr'>γενεὰς,</span> <span class='ocrx_word' id='word_1_638' title='bbox 2515 2332 2886 2403; x_wconf 83' lang='grc' dir='ltr'>αἰνιττομένου</span> <span class='ocrx_word' id='word_1_639' title='bbox 2919 2333 3011 2386; x_wconf 91' lang='grc' dir='ltr'><strong>τοῦ</strong></span> <span class='ocrx_word' id='word_1_640' title='bbox 3052 2334 3209 2402; x_wconf 88' lang='grc' dir='ltr'>λόγου</span> <span class='ocrx_word' id='word_1_641' title='bbox 3255 2336 3344 2389; x_wconf 85' lang='grc' dir='ltr'>τόν</span> <span class='ocrx_word' id='word_1_642' title='bbox 3371 2353 3431 2388; x_wconf 87' lang='grc' dir='ltr'><strong>τε</strong></span> <span class='ocrx_word' id='word_1_643' title='bbox 3463 2338 3527 2390; x_wconf 80' lang='grc' dir='ltr'>ἐκ</span> <span class='ocrx_word' id='word_1_644' title='bbox 3557 2355 3637 2390; x_wconf 81' lang='grc' dir='ltr'>πε-</span> 
     </span>
    </p>
   </div>
   <div class='ocr_carea' id='block_1_82' title="bbox 2086 2423 3635 2500">
    <p class='ocr_par' dir='ltr' id='par_1_82' title="bbox 2086 2423 3635 2500">
     <span class='ocr_line' id='line_1_82' title="bbox 2086 2423 3635 2500; baseline -0.017 -23"><span class='ocrx_word' id='word_1_645' title='bbox 2086 2423 2316 2494; x_wconf 84' lang='grc' dir='ltr'>ριτομῆς</span> <span class='ocrx_word' id='word_1_646' title='bbox 2365 2423 2492 2478; x_wconf 80' lang='grc' dir='ltr'>λαὸν</span> <span class='ocrx_word' id='word_1_647' title='bbox 2526 2424 2619 2478; x_wconf 79' lang='grc' dir='ltr'><strong>καὶ</strong></span> <span class='ocrx_word' id='word_1_648' title='bbox 2652 2424 2750 2496; x_wconf 81' lang='grc' dir='ltr'>τὴν</span> <span class='ocrx_word' id='word_1_649' title='bbox 2793 2424 2850 2491; x_wconf 76' lang='grc' dir='ltr'>ἐξ</span> <span class='ocrx_word' id='word_1_650' title='bbox 2907 2425 3075 2480; x_wconf 74' lang='grc' dir='ltr'>ἐθνῶν</span> <span class='ocrx_word' id='word_1_651' title='bbox 3137 2428 3482 2500; x_wconf 76' lang='grc' dir='ltr'>Ἐκκλησίαν.</span> <span class='ocrx_word' id='word_1_652' title='bbox 3539 2431 3635 2498; x_wconf 40' lang='grc' dir='ltr'><strong>Ἐς)</strong></span> 
     </span>
    </p>
   </div>
   <div class='ocr_carea' id='block_1_83' title="bbox 2082 2514 3634 2590">
    <p class='ocr_par' dir='ltr' id='par_1_83' title="bbox 2082 2514 3634 2590">
     <span class='ocr_line' id='line_1_83' title="bbox 2082 2514 3634 2590; baseline 0.003 -21"><span class='ocrx_word' id='word_1_653' title='bbox 2082 2517 2205 2569; x_wconf 83' lang='grc' dir='ltr'>ὅσον</span> <span class='ocrx_word' id='word_1_654' title='bbox 2235 2514 2367 2584; x_wconf 88' lang='grc' dir='ltr'>γοῦν</span> <span class='ocrx_word' id='word_1_655' title='bbox 2395 2515 2584 2587; x_wconf 83' lang='grc' dir='ltr'>χρόνον</span> <span class='ocrx_word' id='word_1_656' title='bbox 2611 2518 2644 2587; x_wconf 76' lang='grc' dir='ltr'>ἡ</span> <span class='ocrx_word' id='word_1_657' title='bbox 2673 2516 2889 2588; x_wconf 79' lang='grc' dir='ltr'>γενεὰὴ</span> <span class='ocrx_word' id='word_1_658' title='bbox 2916 2517 3105 2590; x_wconf 84' lang='grc' dir='ltr'>πρώτη</span> <span class='ocrx_word' id='word_1_659' title='bbox 3135 2521 3247 2582; x_wconf 87' lang='grc' dir='ltr'>τοῖς</span> <span class='ocrx_word' id='word_1_660' title='bbox 3281 2520 3442 2584; x_wconf 88' lang='grc' dir='ltr'>θείοις</span> <span class='ocrx_word' id='word_1_661' title='bbox 3463 2522 3634 2589; x_wconf 68' lang='grc' dir='ltr'>ἐντυγ-</span> 
     </span>
    </p>
   </div>
   <div class='ocr_carea' id='block_1_84' title="bbox 2082 2607 3632 2685">
    <p class='ocr_par' dir='ltr' id='par_1_84' title="bbox 2082 2607 3632 2685">
     <span class='ocr_line' id='line_1_84' title="bbox 2082 2607 3632 2685; baseline 0.003 -22"><span class='ocrx_word' id='word_1_662' title='bbox 2082 2609 2233 2680; x_wconf 84' lang='grc' dir='ltr'>χάνει</span> <span class='ocrx_word' id='word_1_663' title='bbox 2257 2607 2568 2680; x_wconf 80' lang='grc' dir='ltr'>γράμμασι,</span> <span class='ocrx_word' id='word_1_664' title='bbox 2599 2609 2753 2680; x_wconf 78' lang='grc' dir='ltr'>φέρει</span> <span class='ocrx_word' id='word_1_665' title='bbox 2785 2609 2874 2662; x_wconf 83' lang='grc' dir='ltr'>διὰ</span> <span class='ocrx_word' id='word_1_666' title='bbox 2909 2611 3125 2682; x_wconf 81' lang='grc' dir='ltr'>μνήμης</span> <span class='ocrx_word' id='word_1_667' title='bbox 3148 2612 3240 2666; x_wconf 84' lang='grc' dir='ltr'><strong>τὸν</strong></span> <span class='ocrx_word' id='word_1_668' title='bbox 3264 2613 3424 2666; x_wconf 82' lang='grc' dir='ltr'><strong>Δαυῖδ</strong></span> <span class='ocrx_word' id='word_1_669' title='bbox 3445 2630 3460 2644; x_wconf 75' lang='grc' dir='ltr'><strong>ο</strong></span> <span class='ocrx_word' id='word_1_670' title='bbox 3488 2616 3576 2668; x_wconf 76' lang='grc' dir='ltr'>καὶ</span> <span class='ocrx_word' id='word_1_671' title='bbox 3606 2618 3632 2685; x_wconf 78' lang='grc' dir='ltr'><strong>ἡ</strong></span> 
     </span>
    </p>
   </div>
   <div class='ocr_carea' id='block_1_85' title="bbox 2081 2699 3633 2778">
    <p class='ocr_par' dir='ltr' id='par_1_85' title="bbox 2081 2699 3633 2778">
     <span class='ocr_line' id='line_1_85' title="bbox 2081 2699 3633 2778; baseline 0.006 -27"><span class='ocrx_word' id='word_1_672' title='bbox 2081 2699 2306 2770; x_wconf 85' lang='grc' dir='ltr'>δευτέρα</span> <span class='ocrx_word' id='word_1_673' title='bbox 2356 2699 2412 2752; x_wconf 89' lang='grc' dir='ltr'>δὲ</span> <span class='ocrx_word' id='word_1_674' title='bbox 2444 2699 2606 2767; x_wconf 82' lang='grc' dir='ltr'>γενεὰ</span> <span class='ocrx_word' id='word_1_675' title='bbox 2645 2701 2678 2771; x_wconf 81' lang='grc' dir='ltr'>ἡ</span> <span class='ocrx_word' id='word_1_676' title='bbox 2718 2701 2815 2772; x_wconf 78' lang='grc' dir='ltr'>τῆς</span> <span class='ocrx_word' id='word_1_677' title='bbox 2856 2699 2915 2766; x_wconf 80' lang='grc' dir='ltr'><strong>ἐξ</strong></span> <span class='ocrx_word' id='word_1_678' title='bbox 2945 2701 3200 2757; x_wconf 85' lang='grc' dir='ltr'>ἁπάντων</span> <span class='ocrx_word' id='word_1_679' title='bbox 3228 2703 3396 2758; x_wconf 85' lang='grc' dir='ltr'>ὲθνῶν</span> <span class='ocrx_word' id='word_1_680' title='bbox 3428 2707 3633 2778; x_wconf 73' lang='grc' dir='ltr'>ἐκλογῆς</span> 
     </span>
    </p>
   </div>
   <div class='ocr_carea' id='block_1_86' title="bbox 2081 2791 3630 2868">
    <p class='ocr_par' dir='ltr' id='par_1_86' title="bbox 2081 2791 3630 2868">
     <span class='ocr_line' id='line_1_86' title="bbox 2081 2791 3630 2868; baseline 0.006 -25"><span class='ocrx_word' id='word_1_681' title='bbox 2081 2791 2342 2855; x_wconf 83' lang='grc' dir='ltr'>ὡσαύτως</span> <span class='ocrx_word' id='word_1_682' title='bbox 2373 2791 2467 2844; x_wconf 87' lang='grc' dir='ltr'><strong>τοῦ</strong></span> <span class='ocrx_word' id='word_1_683' title='bbox 2509 2791 2670 2846; x_wconf 82' lang='grc' dir='ltr'>Δαυῒδ</span> <span class='ocrx_word' id='word_1_684' title='bbox 2701 2791 2896 2846; x_wconf 78' lang='grc' dir='ltr'>οὔποτε</span> <span class='ocrx_word' id='word_1_685' title='bbox 2923 2793 3185 2848; x_wconf 79' lang='grc' dir='ltr'>διαλείπει</span> <span class='ocrx_word' id='word_1_686' title='bbox 3221 2798 3630 2868; x_wconf 84' lang='grc' dir='ltr'>μνημονεύουσα,</span> 
     </span>
    </p>
   </div>
   <div class='ocr_carea' id='block_1_87' title="bbox 2080 2881 3633 2959">
    <p class='ocr_par' dir='ltr' id='par_1_87' title="bbox 2080 2881 3633 2959">
     <span class='ocr_line' id='line_1_87' title="bbox 2080 2881 3633 2959; baseline 0.005 -25"><span class='ocrx_word' id='word_1_687' title='bbox 2080 2881 2168 2935; x_wconf 83' lang='grc' dir='ltr'>διὰ</span> <span class='ocrx_word' id='word_1_688' title='bbox 2213 2881 2274 2935; x_wconf 81' lang='grc' dir='ltr'><strong>τὸ</strong></span> <span class='ocrx_word' id='word_1_689' title='bbox 2305 2881 2490 2954; x_wconf 81' lang='grc' dir='ltr'>φέρειν</span> <span class='ocrx_word' id='word_1_690' title='bbox 2544 2883 2648 2936; x_wconf 75' lang='grc' dir='ltr'><strong>ἀνὰ</strong></span> <span class='ocrx_word' id='word_1_691' title='bbox 2681 2883 2858 2954; x_wconf 86' lang='grc' dir='ltr'>στόμα</span> <span class='ocrx_word' id='word_1_692' title='bbox 2895 2884 2992 2956; x_wconf 80' lang='grc' dir='ltr'>τὴν</span> <span class='ocrx_word' id='word_1_693' title='bbox 3037 2884 3215 2955; x_wconf 76' lang='grc' dir='ltr'>βίϐλον</span> <span class='ocrx_word' id='word_1_694' title='bbox 3246 2888 3344 2959; x_wconf 80' lang='grc' dir='ltr'><strong>τῆς</strong></span> <span class='ocrx_word' id='word_1_695' title='bbox 3388 2889 3633 2958; x_wconf 77' lang='grc' dir='ltr'>γενέσεως</span> 
     </span>
    </p>
   </div>
   <div class='ocr_carea' id='block_1_88' title="bbox 2093 2975 3631 3053">
    <p class='ocr_par' dir='ltr' id='par_1_88' title="bbox 2093 2975 3631 3053">
     <span class='ocr_line' id='line_1_88' title="bbox 2093 2975 3631 3053; baseline 0.006 -25"><span class='ocrx_word' id='word_1_696' title='bbox 2093 2975 2266 3048; x_wconf 82' lang='grc' dir='ltr'>Ἰησοῦ</span> <span class='ocrx_word' id='word_1_697' title='bbox 2305 2976 2540 3048; x_wconf 82' lang='grc' dir='ltr'>Χριστοῦ</span> <span class='ocrx_word' id='word_1_698' title='bbox 2591 2976 2685 3030; x_wconf 90' lang='grc' dir='ltr'><strong>τοῦ</strong></span> <span class='ocrx_word' id='word_1_699' title='bbox 2737 2977 2851 3031; x_wconf 80' lang='grc' dir='ltr'>υἱοῦ</span> <span class='ocrx_word' id='word_1_700' title='bbox 2885 2979 3064 3032; x_wconf 84' lang='grc' dir='ltr'>Δαυῖδ.</span> <span class='ocrx_word' id='word_1_701' title='bbox 3101 2979 3269 3034; x_wconf 86' lang='grc' dir='ltr'>Τοῦτο</span> <span class='ocrx_word' id='word_1_702' title='bbox 3300 2977 3393 3036; x_wconf 82' lang='grc' dir='ltr'><strong>οῦν</strong></span> <span class='ocrx_word' id='word_1_703' title='bbox 3437 2983 3631 3053; x_wconf 73' lang='grc' dir='ltr'>ᾐνίξατο</span> 
     </span>
    </p>
   </div>
   <div class='ocr_carea' id='block_1_89' title="bbox 2080 3070 3631 3147">
    <p class='ocr_par' dir='ltr' id='par_1_89' title="bbox 2080 3070 3631 3147">
     <span class='ocr_line' id='line_1_89' title="bbox 2080 3070 3631 3147; baseline 0.006 -24"><span class='ocrx_word' id='word_1_704' title='bbox 2080 3074 2257 3142; x_wconf 80' lang='grc' dir='ltr'>φήσας</span> <span class='ocrx_word' id='word_1_705' title='bbox 2279 3072 2309 3124; x_wconf 90' lang='lat'><strong>6</strong></span> <span class='ocrx_word' id='word_1_706' title='bbox 2337 3070 2494 3141; x_wconf 82' lang='grc' dir='ltr'>λόγος</span> <span class='ocrx_word' id='word_1_707' title='bbox 2509 3087 2524 3104; x_wconf 88' lang='grc'><strong>·</strong></span> <span class='ocrx_word' id='word_1_708' title='bbox 2549 3091 2567 3124; x_wconf 81' lang='grc' dir='ltr'><strong>ι</strong></span> <span class='ocrx_word' id='word_1_709' title='bbox 2587 3072 2668 3126; x_wconf 81' lang='grc' dir='ltr'><strong>Τὰ</strong></span> <span class='ocrx_word' id='word_1_710' title='bbox 2689 3072 2782 3144; x_wconf 80' lang='grc' dir='ltr'><strong>έτη</strong></span> <span class='ocrx_word' id='word_1_711' title='bbox 2805 3071 2969 3127; x_wconf 79' lang='grc' dir='ltr'>αὑτοῦ</span> <span class='ocrx_word' id='word_1_712' title='bbox 2991 3073 3097 3138; x_wconf 74' lang='grc' dir='ltr'>ἕως</span> <span class='ocrx_word' id='word_1_713' title='bbox 3117 3074 3328 3147; x_wconf 79' lang='grc' dir='ltr'>ἡμέρας</span> <span class='ocrx_word' id='word_1_714' title='bbox 3343 3081 3530 3144; x_wconf 81' lang='grc' dir='ltr'>γενεᾶς</span> <span class='ocrx_word' id='word_1_715' title='bbox 3553 3080 3631 3132; x_wconf 73' lang='grc' dir='ltr'><strong>καὶ</strong></span> 
     </span>
    </p>
   </div>
   <div class='ocr_carea' id='block_1_90' title="bbox 2077 3165 3629 3242">
    <p class='ocr_par' dir='ltr' id='par_1_90' title="bbox 2077 3165 3629 3242">
     <span class='ocr_line' id='line_1_90' title="bbox 2077 3165 3629 3242; baseline 0.004 -24"><span class='ocrx_word' id='word_1_716' title='bbox 2077 3167 2290 3233; x_wconf 81' lang='grc' dir='ltr'>γενεᾶς.</span> <span class='ocrx_word' id='word_1_717' title='bbox 2317 3184 2336 3217; x_wconf 75' lang='grc' dir='ltr'><strong>ι</strong></span> <span class='ocrx_word' id='word_1_718' title='bbox 2373 3166 2480 3219; x_wconf 78' lang='grc' dir='ltr'>Καὶ</span> <span class='ocrx_word' id='word_1_719' title='bbox 2508 3167 2564 3220; x_wconf 82' lang='grc' dir='ltr'>ὲν</span> <span class='ocrx_word' id='word_1_720' title='bbox 2594 3167 2691 3237; x_wconf 81' lang='grc' dir='ltr'><strong>μὲν</strong></span> <span class='ocrx_word' id='word_1_721' title='bbox 2730 3165 3036 3239; x_wconf 84' lang='grc' dir='ltr'>ἀνθρώποις</span> <span class='ocrx_word' id='word_1_722' title='bbox 3051 3167 3254 3239; x_wconf 78' lang='grc' dir='ltr'>ταύτης</span> <span class='ocrx_word' id='word_1_723' title='bbox 3278 3169 3521 3235; x_wconf 79' lang='grc' dir='ltr'>τεύξεται</span> <span class='ocrx_word' id='word_1_724' title='bbox 3547 3174 3629 3242; x_wconf 77' lang='grc' dir='ltr'>τῆς</span> 
     </span>
    </p>
   </div>
   <div class='ocr_carea' id='block_1_91' title="bbox 2079 3259 3626 3334">
    <p class='ocr_par' dir='ltr' id='par_1_91' title="bbox 2079 3259 3626 3334">
     <span class='ocr_line' id='line_1_91' title="bbox 2079 3259 3626 3334; baseline 0.001 -21"><span class='ocrx_word' id='word_1_725' title='bbox 2079 3259 2419 3330; x_wconf 78' lang='grc' dir='ltr'>μακρὸτητος</span> <span class='ocrx_word' id='word_1_726' title='bbox 2438 3276 2452 3290; x_wconf 78' lang='grc'><strong>’</strong></span> <span class='ocrx_word' id='word_1_727' title='bbox 2483 3260 2634 3331; x_wconf 71' lang='grc' dir='ltr'>παρὰ</span> <span class='ocrx_word' id='word_1_728' title='bbox 2659 3260 2716 3313; x_wconf 87' lang='grc' dir='ltr'>δὲ</span> <span class='ocrx_word' id='word_1_729' title='bbox 2741 3260 2891 3331; x_wconf 81' lang='grc' dir='ltr'><strong>αὺτῷ</strong></span> <span class='ocrx_word' id='word_1_730' title='bbox 2929 3259 3006 3331; x_wconf 84' lang='grc' dir='ltr'>τῷ</span> <span class='ocrx_word' id='word_1_731' title='bbox 3034 3261 3153 3330; x_wconf 85' lang='grc' dir='ltr'>Θεῷ</span> <span class='ocrx_word' id='word_1_732' title='bbox 3187 3261 3380 3316; x_wconf 78' lang='grc' dir='ltr'>οὔποτε</span> <span class='ocrx_word' id='word_1_733' title='bbox 3403 3303 3415 3326; x_wconf 93' lang='grc'><strong>,</strong></span> <span class='ocrx_word' id='word_1_734' title='bbox 3463 3266 3626 3334; x_wconf 73' lang='grc' dir='ltr'>φησὶν,</span> 
     </span>
    </p>
   </div>
   <div class='ocr_carea' id='block_1_92' title="bbox 2075 3339 3628 3430">
    <p class='ocr_par' dir='ltr' id='par_1_92' title="bbox 2075 3339 3628 3430">
     <span class='ocr_line' id='line_1_92' title="bbox 2075 3339 3628 3430; baseline 0.003 -24"><span class='ocrx_word' id='word_1_735' title='bbox 2075 3352 2387 3406; x_wconf 77' lang='grc' dir='ltr'>ἀπολεῖται·</span> <span class='ocrx_word' id='word_1_736' title='bbox 2412 3353 2680 3407; x_wconf 83' lang='grc' dir='ltr'>ἀθανάτου</span> <span class='ocrx_word' id='word_1_737' title='bbox 2708 3354 2765 3407; x_wconf 84' lang='grc' dir='ltr'>δὲ</span> <span class='ocrx_word' id='word_1_738' title='bbox 2801 3355 2895 3407; x_wconf 78' lang='grc' dir='ltr'><strong>καὶ</strong></span> <span class='ocrx_word' id='word_1_739' title='bbox 2928 3355 3011 3418; x_wconf 89' lang='grc' dir='ltr'><strong>εἰς</strong></span> <span class='ocrx_word' id='word_1_740' title='bbox 3042 3339 3270 3424; x_wconf 65' lang='grc' dir='ltr'>ἄπειρον</span> <span class='ocrx_word' id='word_1_741' title='bbox 3321 3356 3628 3430; x_wconf 74' lang='grc' dir='ltr'>διαρκούσης</span> 
     </span>
    </p>
   </div>
   <div class='ocr_carea' id='block_1_93' title="bbox 2075 3445 3626 3517">
    <p class='ocr_par' dir='ltr' id='par_1_93' title="bbox 2075 3445 3626 3517">
     <span class='ocr_line' id='line_1_93' title="bbox 2075 3445 3626 3517; baseline 0.003 -19"><span class='ocrx_word' id='word_1_742' title='bbox 2075 3445 2222 3516; x_wconf 80' lang='grc' dir='ltr'>ζωῆς</span> <span class='ocrx_word' id='word_1_743' title='bbox 2259 3445 2468 3516; x_wconf 87' lang='grc' dir='ltr'>τυχὼν,</span> <span class='ocrx_word' id='word_1_744' title='bbox 2511 3466 2530 3498; x_wconf 72' lang='grc' dir='ltr'><strong>ι</strong></span> <span class='ocrx_word' id='word_1_745' title='bbox 2569 3446 2816 3517; x_wconf 81' lang='grc' dir='ltr'>διαμενεῖ</span> <span class='ocrx_word' id='word_1_746' title='bbox 2860 3448 2940 3510; x_wconf 89' lang='grc' dir='ltr'><strong>εἰς</strong></span> <span class='ocrx_word' id='word_1_747' title='bbox 2971 3447 3062 3500; x_wconf 86' lang='grc' dir='ltr'><strong>τὸν</strong></span> <span class='ocrx_word' id='word_1_748' title='bbox 3099 3447 3271 3500; x_wconf 86' lang='grc' dir='ltr'>αἰῶνα</span> <span class='ocrx_word' id='word_1_749' title='bbox 3299 3448 3523 3503; x_wconf 75' lang='grc' dir='ltr'>ἐνώπιον</span> <span class='ocrx_word' id='word_1_750' title='bbox 3548 3449 3626 3503; x_wconf 83' lang='grc' dir='ltr'><strong>τοῦ</strong></span> 
     </span>
    </p>
   </div>
   <div class='ocr_carea' id='block_1_94' title="bbox 2071 3537 3629 3612">
    <p class='ocr_par' dir='ltr' id='par_1_94' title="bbox 2071 3537 3629 3612">
     <span class='ocr_line' id='line_1_94' title="bbox 2071 3537 3629 3612; baseline 0.003 -22"><span class='ocrx_word' id='word_1_751' title='bbox 2071 3537 2228 3591; x_wconf 90' lang='grc' dir='ltr'>Θεοῦ.</span> <span class='ocrx_word' id='word_1_752' title='bbox 2273 3557 2290 3589; x_wconf 75' lang='grc' dir='ltr'><strong>ι</strong></span> <span class='ocrx_word' id='word_1_753' title='bbox 2331 3538 2456 3602; x_wconf 85' lang='grc' dir='ltr'><strong>Πῶς</strong></span> <span class='ocrx_word' id='word_1_754' title='bbox 2485 3537 2541 3591; x_wconf 85' lang='grc' dir='ltr'>δὲ</span> <span class='ocrx_word' id='word_1_755' title='bbox 2563 3538 2805 3608; x_wconf 86' lang='grc' dir='ltr'>διαρκεῖν</span> <span class='ocrx_word' id='word_1_756' title='bbox 2833 3540 2925 3593; x_wconf 71' lang='grc' dir='ltr'>καὶ</span> <span class='ocrx_word' id='word_1_757' title='bbox 2964 3543 3028 3610; x_wconf 84' lang='grc' dir='ltr'>τῇ</span> <span class='ocrx_word' id='word_1_758' title='bbox 3066 3539 3158 3593; x_wconf 92' lang='grc' dir='ltr'><strong>τοῦ</strong></span> <span class='ocrx_word' id='word_1_759' title='bbox 3189 3539 3328 3594; x_wconf 85' lang='grc' dir='ltr'>Θεοῦ</span> <span class='ocrx_word' id='word_1_760' title='bbox 3373 3541 3478 3612; x_wconf 78' lang='grc' dir='ltr'>ζωῇ</span> <span class='ocrx_word' id='word_1_761' title='bbox 3513 3559 3629 3612; x_wconf 83' lang='grc' dir='ltr'>συμ-</span> 
     </span>
    </p>
   </div>
   <div class='ocr_carea' id='block_1_95' title="bbox 2073 3629 3628 3705">
    <p class='ocr_par' dir='ltr' id='par_1_95' title="bbox 2073 3629 3628 3705">
     <span class='ocr_line' id='line_1_95' title="bbox 2073 3629 3628 3705; baseline 0.002 -22"><span class='ocrx_word' id='word_1_762' title='bbox 2073 3630 2524 3702; x_wconf 83' lang='grc' dir='ltr'>παρεκτείνεσθαι</span> <span class='ocrx_word' id='word_1_763' title='bbox 2557 3629 2843 3702; x_wconf 76' lang='grc' dir='ltr'>ἀνθρώπου</span> <span class='ocrx_word' id='word_1_764' title='bbox 2869 3631 3028 3700; x_wconf 84' lang='grc' dir='ltr'>φύσις</span> <span class='ocrx_word' id='word_1_765' title='bbox 3055 3632 3141 3685; x_wconf 79' lang='grc' dir='ltr'><strong>οἶα</strong></span> <span class='ocrx_word' id='word_1_766' title='bbox 3166 3649 3225 3686; x_wconf 91' lang='grc' dir='ltr'><strong>τε</strong></span> <span class='ocrx_word' id='word_1_767' title='bbox 3254 3633 3320 3686; x_wconf 84' lang='grc' dir='ltr'><strong>ἂν</strong></span> <span class='ocrx_word' id='word_1_768' title='bbox 3354 3633 3436 3705; x_wconf 77' lang='grc' dir='ltr'><strong>εἴη</strong></span> <span class='ocrx_word' id='word_1_769' title='bbox 3457 3675 3470 3698; x_wconf 94' lang='grc'><strong>,</strong></span> <span class='ocrx_word' id='word_1_770' title='bbox 3504 3633 3628 3686; x_wconf 65' lang='grc' dir='ltr'>διδά-</span> 
     </span>
    </p>
   </div>
   <div class='ocr_carea' id='block_1_96' title="bbox 2074 3721 3625 3796">
    <p class='ocr_par' dir='ltr' id='par_1_96' title="bbox 2074 3721 3625 3796">
     <span class='ocr_line' id='line_1_96' title="bbox 2074 3721 3625 3796; baseline 0.001 -22"><span class='ocrx_word' id='word_1_771' title='bbox 2074 3739 2195 3775; x_wconf 90' lang='grc' dir='ltr'>σκει</span> <span class='ocrx_word' id='word_1_772' title='bbox 2221 3721 2346 3792; x_wconf 77' lang='grc' dir='ltr'>ἑξῆς</span> <span class='ocrx_word' id='word_1_773' title='bbox 2378 3721 2634 3790; x_wconf 83' lang='grc' dir='ltr'>φάσκων·</span> <span class='ocrx_word' id='word_1_774' title='bbox 2672 3742 2689 3774; x_wconf 80' lang='grc' dir='ltr'><strong>ι</strong></span> <span class='ocrx_word' id='word_1_775' title='bbox 2735 3722 2920 3786; x_wconf 87' lang='grc' dir='ltr'>Ἔλεος</span> <span class='ocrx_word' id='word_1_776' title='bbox 2955 3723 3046 3776; x_wconf 71' lang='grc' dir='ltr'><strong>καὶ</strong></span> <span class='ocrx_word' id='word_1_777' title='bbox 3077 3724 3336 3796; x_wconf 75' lang='grc' dir='ltr'>ἀλήθειαν</span> <span class='ocrx_word' id='word_1_778' title='bbox 3360 3725 3440 3788; x_wconf 85' lang='grc' dir='ltr'><strong>τίς</strong></span> <span class='ocrx_word' id='word_1_779' title='bbox 3477 3723 3625 3792; x_wconf 77' lang='grc' dir='ltr'>ἐκζη-</span> 
     </span>
    </p>
   </div>
   <div class='ocr_carea' id='block_1_97' title="bbox 2069 3813 3626 3887">
    <p class='ocr_par' dir='ltr' id='par_1_97' title="bbox 2069 3813 3626 3887">
     <span class='ocr_line' id='line_1_97' title="bbox 2069 3813 3626 3887; baseline 0.001 -20"><span class='ocrx_word' id='word_1_780' title='bbox 2069 3815 2222 3885; x_wconf 81' lang='grc' dir='ltr'>τήσει</span> <span class='ocrx_word' id='word_1_781' title='bbox 2252 3813 2451 3878; x_wconf 76' lang='grc' dir='ltr'>αὐτοῦς</span> <span class='ocrx_word' id='word_1_782' title='bbox 2479 3833 2496 3864; x_wconf 77' lang='grc' dir='ltr'><strong>ι</strong></span> <span class='ocrx_word' id='word_1_783' title='bbox 2526 3815 2701 3885; x_wconf 85' lang='grc' dir='ltr'>Ὅπερ</span> <span class='ocrx_word' id='word_1_784' title='bbox 2729 3815 3060 3887; x_wconf 73' lang='grc' dir='ltr'>σαφέστερον</span> <span class='ocrx_word' id='word_1_785' title='bbox 3085 3818 3474 3887; x_wconf 77' lang='grc' dir='ltr'>ἡρμήνευσενό</span> <span class='ocrx_word' id='word_1_786' title='bbox 3499 3816 3626 3887; x_wconf 84' lang='grc' dir='ltr'>Σύμ-</span> 
     </span>
    </p>
   </div>
   <div class='ocr_carea' id='block_1_98' title="bbox 2073 3907 3624 3982">
    <p class='ocr_par' dir='ltr' id='par_1_98' title="bbox 2073 3907 3624 3982">
     <span class='ocr_line' id='line_1_98' title="bbox 2073 3907 3624 3982; baseline 0 -22"><span class='ocrx_word' id='word_1_787' title='bbox 2073 3924 2244 3978; x_wconf 85' lang='grc' dir='ltr'>μαχος</span> <span class='ocrx_word' id='word_1_788' title='bbox 2301 3908 2500 3960; x_wconf 69' lang='grc' dir='ltr'>εἰπών’</span> <span class='ocrx_word' id='word_1_789' title='bbox 2568 3925 2586 3957; x_wconf 77' lang='grc' dir='ltr'><strong>ι</strong></span> <span class='ocrx_word' id='word_1_790' title='bbox 2647 3908 2835 3971; x_wconf 86' lang='grc' dir='ltr'>Ἔλεος</span> <span class='ocrx_word' id='word_1_791' title='bbox 2895 3910 2989 3961; x_wconf 76' lang='grc' dir='ltr'>καὶ</span> <span class='ocrx_word' id='word_1_792' title='bbox 3042 3907 3266 3980; x_wconf 82' lang='grc' dir='ltr'>ἀλήθεια</span> <span class='ocrx_word' id='word_1_793' title='bbox 3323 3907 3624 3982; x_wconf 69' lang='grc' dir='ltr'>περιφράξει</span> 
     </span>
    </p>
   </div>
   <div class='ocr_carea' id='block_1_99' title="bbox 2069 3999 3623 4072">
    <p class='ocr_par' dir='ltr' id='par_1_99' title="bbox 2069 3999 3623 4072">
     <span class='ocr_line' id='line_1_99' title="bbox 2069 3999 3623 4072; baseline 0.003 -20"><span class='ocrx_word' id='word_1_794' title='bbox 2069 4000 2231 4053; x_wconf 77' lang='grc' dir='ltr'>αὐτόν</span> <span class='ocrx_word' id='word_1_795' title='bbox 2257 4014 2270 4027; x_wconf 80' lang='grc'><strong><em>⁸</em></strong></span> <span class='ocrx_word' id='word_1_796' title='bbox 2312 4019 2331 4050; x_wconf 79' lang='grc' dir='ltr'><strong>ι</strong></span> <span class='ocrx_word' id='word_1_797' title='bbox 2369 3999 2462 4053; x_wconf 77' lang='grc' dir='ltr'><strong>καὶ</strong></span> <span class='ocrx_word' id='word_1_798' title='bbox 2491 4001 2520 4053; x_wconf 89' lang='lat'><strong>6</strong></span> <span class='ocrx_word' id='word_1_799' title='bbox 2556 3999 2786 4064; x_wconf 84' lang='grc' dir='ltr'>Ἀκύλας</span> <span class='ocrx_word' id='word_1_800' title='bbox 2825 4001 3060 4072; x_wconf 81' lang='grc' dir='ltr'>ὁμοίως,</span> <span class='ocrx_word' id='word_1_801' title='bbox 3096 4019 3114 4052; x_wconf 75' lang='grc' dir='ltr'><strong>ι</strong></span> <span class='ocrx_word' id='word_1_802' title='bbox 3161 4001 3350 4065; x_wconf 83' lang='grc' dir='ltr'>Ἔλεος</span> <span class='ocrx_word' id='word_1_803' title='bbox 3393 4005 3482 4056; x_wconf 79' lang='grc' dir='ltr'>καὶ</span> <span class='ocrx_word' id='word_1_804' title='bbox 3506 4002 3623 4072; x_wconf 81' lang='grc' dir='ltr'><strong>ἀλή-</strong></span> 
     </span>
    </p>
   </div>
   <div class='ocr_carea' id='block_1_100' title="bbox 2070 4091 3625 4165">
    <p class='ocr_par' dir='ltr' id='par_1_100' title="bbox 2070 4091 3625 4165">
     <span class='ocr_line' id='line_1_100' title="bbox 2070 4091 3625 4165; baseline 0.002 -22"><span class='ocrx_word' id='word_1_805' title='bbox 2070 4091 2190 4144; x_wconf 90' lang='grc' dir='ltr'>θεια</span> <span class='ocrx_word' id='word_1_806' title='bbox 2218 4091 2633 4162; x_wconf 84' lang='grc' dir='ltr'>διατηρήσουσιν</span> <span class='ocrx_word' id='word_1_807' title='bbox 2658 4093 2840 4146; x_wconf 80' lang='grc' dir='ltr'>αὐτόν.</span> <span class='ocrx_word' id='word_1_808' title='bbox 2891 4113 2908 4143; x_wconf 75' lang='grc' dir='ltr'><strong>ι</strong></span> <span class='ocrx_word' id='word_1_809' title='bbox 2941 4093 3127 4147; x_wconf 87' lang='grc' dir='ltr'>Ταῦτα</span> <span class='ocrx_word' id='word_1_810' title='bbox 3156 4093 3263 4165; x_wconf 83' lang='grc' dir='ltr'>γὰρ</span> <span class='ocrx_word' id='word_1_811' title='bbox 3309 4094 3410 4165; x_wconf 83' lang='grc' dir='ltr'>τῆς</span> <span class='ocrx_word' id='word_1_812' title='bbox 3446 4094 3625 4148; x_wconf 82' lang='grc' dir='ltr'>ἀθανα-</span> 
     </span>
    </p>
   </div>
   <div class='ocr_carea' id='block_1_101' title="bbox 2071 4183 3622 4255">
    <p class='ocr_par' dir='ltr' id='par_1_101' title="bbox 2071 4183 3622 4255">
     <span class='ocr_line' id='line_1_101' title="bbox 2071 4183 3622 4255; baseline 0.003 -19"><span class='ocrx_word' id='word_1_813' title='bbox 2071 4185 2191 4247; x_wconf 91' lang='grc' dir='ltr'>σίας</span> <span class='ocrx_word' id='word_1_814' title='bbox 2219 4183 2369 4255; x_wconf 80' lang='grc' dir='ltr'>αὺτῷ</span> <span class='ocrx_word' id='word_1_815' title='bbox 2419 4184 2570 4237; x_wconf 76' lang='grc' dir='ltr'>ἔσται</span> <span class='ocrx_word' id='word_1_816' title='bbox 2621 4183 2791 4244; x_wconf 78' lang='grc' dir='ltr'>αἴτια.</span> <span class='ocrx_word' id='word_1_817' title='bbox 2823 4183 2883 4237; x_wconf 75' lang='grc' dir='ltr'>τὸ</span> <span class='ocrx_word' id='word_1_818' title='bbox 2908 4183 3000 4237; x_wconf 91' lang='grc' dir='ltr'><strong>τοῦ</strong></span> <span class='ocrx_word' id='word_1_819' title='bbox 3031 4183 3164 4236; x_wconf 90' lang='grc' dir='ltr'>Θεοῦ</span> <span class='ocrx_word' id='word_1_820' title='bbox 3199 4184 3347 4248; x_wconf 76' lang='grc' dir='ltr'>ἕλεος</span> <span class='ocrx_word' id='word_1_821' title='bbox 3377 4185 3470 4240; x_wconf 72' lang='grc' dir='ltr'><strong>καὶ</strong></span> <span class='ocrx_word' id='word_1_822' title='bbox 3505 4185 3622 4254; x_wconf 80' lang='grc' dir='ltr'>ἁλή-</span> 
     </span>
    </p>
   </div>
   <div class='ocr_carea' id='block_1_102' title="bbox 2068 4267 3624 4349">
    <p class='ocr_par' dir='ltr' id='par_1_102' title="bbox 2068 4267 3624 4349">
     <span class='ocr_line' id='line_1_102' title="bbox 2068 4267 3624 4349; baseline 0.001 -23"><span class='ocrx_word' id='word_1_823' title='bbox 2068 4273 2188 4329; x_wconf 90' lang='grc' dir='ltr'>θεια</span> <span class='ocrx_word' id='word_1_824' title='bbox 2207 4292 2219 4305; x_wconf 88' lang='grc'>·</span> <span class='ocrx_word' id='word_1_825' title='bbox 2245 4267 2318 4326; x_wconf 83' lang='grc' dir='ltr'><strong>ὧν</strong></span> <span class='ocrx_word' id='word_1_826' title='bbox 2348 4273 2776 4346; x_wconf 73' lang='grc' dir='ltr'>μεταλαμῦάνιοιν</span> <span class='ocrx_word' id='word_1_827' title='bbox 2808 4276 2915 4338; x_wconf 78' lang='grc' dir='ltr'>πᾶς</span> <span class='ocrx_word' id='word_1_828' title='bbox 2941 4274 2968 4326; x_wconf 93' lang='lat'><strong>6</strong></span> <span class='ocrx_word' id='word_1_829' title='bbox 2995 4273 3248 4345; x_wconf 76' lang='grc' dir='ltr'>θεοφιλὴς</span> <span class='ocrx_word' id='word_1_830' title='bbox 3271 4316 3285 4339; x_wconf 90' lang='grc'><strong>,</strong></span> <span class='ocrx_word' id='word_1_831' title='bbox 3323 4275 3508 4349; x_wconf 86' lang='grc' dir='ltr'>ῶσπερ</span> <span class='ocrx_word' id='word_1_832' title='bbox 3530 4275 3624 4330; x_wconf 71' lang='grc' dir='ltr'><strong>ἀπὸ</strong></span> 
     </span>
    </p>
   </div>
   <div class='ocr_carea' id='block_1_103' title="bbox 2069 4362 3618 4438">
    <p class='ocr_par' dir='ltr' id='par_1_103' title="bbox 2069 4362 3618 4438">
     <span class='ocr_line' id='line_1_103' title="bbox 2069 4362 3618 4438; baseline -0.001 -19"><span class='ocrx_word' id='word_1_833' title='bbox 2069 4366 2211 4420; x_wconf 83' lang='grc' dir='ltr'>ἁλῶν</span> <span class='ocrx_word' id='word_1_834' title='bbox 2245 4365 2556 4437; x_wconf 83' lang='grc' dir='ltr'>ἀλιζὸμενος</span> <span class='ocrx_word' id='word_1_835' title='bbox 2580 4405 2595 4431; x_wconf 94' lang='grc'><strong>,</strong></span> <span class='ocrx_word' id='word_1_836' title='bbox 2632 4362 3032 4438; x_wconf 82' lang='grc' dir='ltr'>φυλαχθήσεται</span> <span class='ocrx_word' id='word_1_837' title='bbox 3083 4368 3162 4430; x_wconf 88' lang='grc' dir='ltr'><strong>εἰς</strong></span> <span class='ocrx_word' id='word_1_838' title='bbox 3214 4368 3432 4423; x_wconf 82' lang='grc' dir='ltr'>αἰώνιον</span> <span class='ocrx_word' id='word_1_839' title='bbox 3475 4368 3618 4438; x_wconf 70' lang='grc' dir='ltr'>ζωήν.</span> 
     </span>
    </p>
   </div>
   <div class='ocr_carea' id='block_1_104' title="bbox 2071 4458 3617 4535">
    <p class='ocr_par' dir='ltr' id='par_1_104' title="bbox 2071 4458 3617 4535">
     <span class='ocr_line' id='line_1_104' title="bbox 2071 4458 3617 4535; baseline -0.001 -23"><span class='ocrx_word' id='word_1_840' title='bbox 2071 4459 2146 4512; x_wconf 84' lang='grc' dir='ltr'><strong>Οὐ</strong></span> <span class='ocrx_word' id='word_1_841' title='bbox 2193 4458 2302 4530; x_wconf 84' lang='grc' dir='ltr'>γὰρ</span> <span class='ocrx_word' id='word_1_842' title='bbox 2351 4458 2415 4528; x_wconf 83' lang='grc' dir='ltr'>δὴ</span> <span class='ocrx_word' id='word_1_843' title='bbox 2466 4458 2670 4530; x_wconf 85' lang='grc' dir='ltr'>ὁμοίως</span> <span class='ocrx_word' id='word_1_844' title='bbox 2725 4459 2803 4530; x_wconf 84' lang='grc' dir='ltr'>τῷ</span> <span class='ocrx_word' id='word_1_845' title='bbox 2827 4460 2946 4532; x_wconf 84' lang='grc' dir='ltr'><strong>Θεῷ</strong></span> <span class='ocrx_word' id='word_1_846' title='bbox 2979 4461 3239 4531; x_wconf 78' lang='grc' dir='ltr'>πεφυκὼς</span> <span class='ocrx_word' id='word_1_847' title='bbox 3284 4463 3384 4535; x_wconf 81' lang='grc' dir='ltr'>τὴν</span> <span class='ocrx_word' id='word_1_848' title='bbox 3433 4462 3617 4523; x_wconf 80' lang='grc' dir='ltr'>οὐσίαν,</span> 
     </span>
    </p>
   </div>
   <div class='ocr_carea' id='block_1_105' title="bbox 1993 4549 3618 4622">
    <p class='ocr_par' dir='ltr' id='par_1_105' title="bbox 1993 4549 3618 4622">
     <span class='ocr_line' id='line_1_105' title="bbox 1993 4549 3618 4622; baseline -0.001 -18"><span class='ocrx_word' id='word_1_849' title='bbox 1993 4563 2039 4618; x_wconf 82' lang='grc' dir='ltr'>ι)</span> <span class='ocrx_word' id='word_1_850' title='bbox 2067 4552 2268 4622; x_wconf 86' lang='grc' dir='ltr'>ὁμοίως</span> <span class='ocrx_word' id='word_1_851' title='bbox 2301 4550 2447 4621; x_wconf 83' lang='grc' dir='ltr'>αὑτῷ</span> <span class='ocrx_word' id='word_1_852' title='bbox 2476 4551 2717 4622; x_wconf 72' lang='grc' dir='ltr'>ζήσεται,</span> <span class='ocrx_word' id='word_1_853' title='bbox 2747 4552 2861 4613; x_wconf 85' lang='grc' dir='ltr'>ἀλλ’</span> <span class='ocrx_word' id='word_1_854' title='bbox 2895 4553 2999 4606; x_wconf 80' lang='grc' dir='ltr'><strong>ὑπὸ</strong></span> <span class='ocrx_word' id='word_1_855' title='bbox 3037 4553 3128 4606; x_wconf 89' lang='grc' dir='ltr'><strong>τοῦ</strong></span> <span class='ocrx_word' id='word_1_856' title='bbox 3165 4553 3346 4619; x_wconf 70' lang='grc' dir='ltr'>ἐλέους</span> <span class='ocrx_word' id='word_1_857' title='bbox 3375 4552 3470 4608; x_wconf 88' lang='grc' dir='ltr'><strong>τοῦ</strong></span> <span class='ocrx_word' id='word_1_858' title='bbox 3505 4549 3618 4605; x_wconf 84' lang='grc' dir='ltr'>Θεοῦ</span> 
     </span>
    </p>
   </div>
   <div class='ocr_carea' id='block_1_106' title="bbox 2067 4644 3400 4716">
    <p class='ocr_par' dir='ltr' id='par_1_106' title="bbox 2067 4644 3400 4716">
     <span class='ocr_line' id='line_1_106' title="bbox 2067 4644 3400 4716; baseline 0.001 -18"><span class='ocrx_word' id='word_1_859' title='bbox 2067 4647 2159 4698; x_wconf 71' lang='grc' dir='ltr'>καὶ</span> <span class='ocrx_word' id='word_1_860' title='bbox 2189 4645 2294 4698; x_wconf 84' lang='grc' dir='ltr'><strong>ὑπὸ</strong></span> <span class='ocrx_word' id='word_1_861' title='bbox 2324 4645 2421 4714; x_wconf 86' lang='grc' dir='ltr'><strong>τῆς</strong></span> <span class='ocrx_word' id='word_1_862' title='bbox 2451 4644 2706 4715; x_wconf 80' lang='grc' dir='ltr'>ἀληθείας</span> <span class='ocrx_word' id='word_1_863' title='bbox 2734 4644 2900 4698; x_wconf 78' lang='grc' dir='ltr'>αὐτοῦ</span> <span class='ocrx_word' id='word_1_864' title='bbox 2927 4645 3400 4716; x_wconf 82' lang='grc' dir='ltr'>διακρατούμενος.</span> 
     </span>
    </p>
   </div>
   <div class='ocr_carea' id='block_1_107' title="bbox 2139 4732 3615 4806">
    <p class='ocr_par' dir='ltr' id='par_1_107' title="bbox 2139 4732 3615 4806">
     <span class='ocr_line' id='line_1_107' title="bbox 2139 4732 3615 4806; baseline -0.001 -19"><span class='ocrx_word' id='word_1_865' title='bbox 2139 4755 2155 4787; x_wconf 77' lang='grc' dir='ltr'><strong>ι</strong></span> <span class='ocrx_word' id='word_1_866' title='bbox 2192 4735 2378 4800; x_wconf 75' lang='grc' dir='ltr'>Οὕτως</span> <span class='ocrx_word' id='word_1_867' title='bbox 2405 4735 2558 4805; x_wconf 73' lang='grc' dir='ltr'>ψαλῶ</span> <span class='ocrx_word' id='word_1_868' title='bbox 2579 4735 2655 4806; x_wconf 84' lang='grc' dir='ltr'>τῷ</span> <span class='ocrx_word' id='word_1_869' title='bbox 2680 4737 2905 4805; x_wconf 80' lang='grc' dir='ltr'>ὀνόματί</span> <span class='ocrx_word' id='word_1_870' title='bbox 2941 4753 3036 4790; x_wconf 93' lang='grc' dir='ltr'><strong>σου</strong></span> <span class='ocrx_word' id='word_1_871' title='bbox 3091 4739 3170 4802; x_wconf 89' lang='grc' dir='ltr'><strong>εἰς</strong></span> <span class='ocrx_word' id='word_1_872' title='bbox 3208 4737 3300 4791; x_wconf 77' lang='grc' dir='ltr'>τὸν</span> <span class='ocrx_word' id='word_1_873' title='bbox 3341 4737 3511 4792; x_wconf 85' lang='grc' dir='ltr'>αἰῶνα</span> <span class='ocrx_word' id='word_1_874' title='bbox 3536 4732 3615 4788; x_wconf 86' lang='grc' dir='ltr'><strong>τοῦ</strong></span> 
     </span>
    </p>
   </div>
   <div class='ocr_carea' id='block_1_108' title="bbox 2063 4825 3615 4902">
    <p class='ocr_par' dir='ltr' id='par_1_108' title="bbox 2063 4825 3615 4902">
     <span class='ocr_line' id='line_1_108' title="bbox 2063 4825 3615 4902; baseline -0.001 -21"><span class='ocrx_word' id='word_1_875' title='bbox 2063 4830 2274 4893; x_wconf 84' lang='grc' dir='ltr'>αἰῶνος,</span> <span class='ocrx_word' id='word_1_876' title='bbox 2302 4827 2396 4880; x_wconf 88' lang='grc' dir='ltr'><strong>τοῦ</strong></span> <span class='ocrx_word' id='word_1_877' title='bbox 2426 4827 2715 4881; x_wconf 85' lang='grc' dir='ltr'>ἀποδοῦναί</span> <span class='ocrx_word' id='word_1_878' title='bbox 2747 4845 2814 4900; x_wconf 89' lang='grc' dir='ltr'><strong>με</strong></span> <span class='ocrx_word' id='word_1_879' title='bbox 2853 4829 2949 4892; x_wconf 83' lang='grc' dir='ltr'>τὰς</span> <span class='ocrx_word' id='word_1_880' title='bbox 2984 4829 3150 4899; x_wconf 78' lang='grc' dir='ltr'>εὐχάς</span> <span class='ocrx_word' id='word_1_881' title='bbox 3190 4847 3292 4900; x_wconf 89' lang='grc' dir='ltr'><strong>μου</strong></span> <span class='ocrx_word' id='word_1_882' title='bbox 3338 4830 3538 4902; x_wconf 75' lang='grc' dir='ltr'>ἡμέραν</span> <span class='ocrx_word' id='word_1_883' title='bbox 3566 4825 3615 4890; x_wconf 74' lang='grc' dir='ltr'><strong>ἐξ</strong></span> 
     </span>
    </p>
   </div>
   <div class='ocr_carea' id='block_1_109' title="bbox 2063 4917 3614 4993">
    <p class='ocr_par' dir='ltr' id='par_1_109' title="bbox 2063 4917 3614 4993">
     <span class='ocr_line' id='line_1_109' title="bbox 2063 4917 3614 4993; baseline -0.003 -20"><span class='ocrx_word' id='word_1_884' title='bbox 2063 4919 2292 4991; x_wconf 79' lang='grc' dir='ltr'>ἡμέρας.</span> <span class='ocrx_word' id='word_1_885' title='bbox 2337 4939 2356 4973; x_wconf 75' lang='grc' dir='ltr'><strong>ι</strong></span> <span class='ocrx_word' id='word_1_886' title='bbox 2385 4919 2570 4972; x_wconf 88' lang='grc' dir='ltr'>Ταῦτα</span> <span class='ocrx_word' id='word_1_887' title='bbox 2605 4918 2698 4972; x_wconf 90' lang='grc' dir='ltr'><strong>τοῦ</strong></span> <span class='ocrx_word' id='word_1_888' title='bbox 2729 4921 2883 4988; x_wconf 84' lang='grc' dir='ltr'>ἁγίου</span> <span class='ocrx_word' id='word_1_889' title='bbox 2912 4921 3230 4992; x_wconf 87' lang='grc' dir='ltr'>Πνεύματος</span> <span class='ocrx_word' id='word_1_890' title='bbox 3259 4924 3325 4993; x_wconf 87' lang='grc' dir='ltr'>τῇ</span> <span class='ocrx_word' id='word_1_891' title='bbox 3357 4921 3452 4976; x_wconf 88' lang='grc' dir='ltr'><strong>τοῦ</strong></span> <span class='ocrx_word' id='word_1_892' title='bbox 3477 4917 3614 4974; x_wconf 65' lang='grc' dir='ltr'><strong>Μνῖδ</strong></span> 
     </span>
    </p>
   </div>
   <div class='ocr_carea' id='block_1_110' title="bbox 2064 5012 3613 5087">
    <p class='ocr_par' dir='ltr' id='par_1_110' title="bbox 2064 5012 3613 5087">
     <span class='ocr_line' id='line_1_110' title="bbox 2064 5012 3613 5087; baseline -0.003 -20"><span class='ocrx_word' id='word_1_893' title='bbox 2064 5013 2446 5084; x_wconf 74' lang='grc' dir='ltr'>ὑφηγήσαντος</span> <span class='ocrx_word' id='word_1_894' title='bbox 2481 5013 2651 5085; x_wconf 73' lang='grc' dir='ltr'>ψυχῇ,</span> <span class='ocrx_word' id='word_1_895' title='bbox 2684 5012 2870 5084; x_wconf 85' lang='grc' dir='ltr'>μαθὼν</span> <span class='ocrx_word' id='word_1_896' title='bbox 2899 5014 3087 5086; x_wconf 86' lang='grc' dir='ltr'>ὥσπερ</span> <span class='ocrx_word' id='word_1_897' title='bbox 3119 5014 3271 5087; x_wconf 82' lang='grc' dir='ltr'>παρὰ</span> <span class='ocrx_word' id='word_1_898' title='bbox 3313 5012 3613 5070; x_wconf 76' lang='grc' dir='ltr'>διδασκάλου</span> 
     </span>
    </p>
   </div>
   <div class='ocr_carea' id='block_1_111' title="bbox 2063 5103 3614 5175">
    <p class='ocr_par' dir='ltr' id='par_1_111' title="bbox 2063 5103 3614 5175">
     <span class='ocr_line' id='line_1_111' title="bbox 2063 5103 3614 5175; baseline -0.005 -17"><span class='ocrx_word' id='word_1_899' title='bbox 2063 5107 2130 5158; x_wconf 88' lang='grc' dir='ltr'>τὰ</span> <span class='ocrx_word' id='word_1_900' title='bbox 2154 5103 2429 5174; x_wconf 86' lang='grc' dir='ltr'>λεχθέντα,</span> <span class='ocrx_word' id='word_1_901' title='bbox 2453 5103 2906 5174; x_wconf 75' lang='grc' dir='ltr'>ὲπισφραγίζεται</span> <span class='ocrx_word' id='word_1_902' title='bbox 2929 5107 2996 5175; x_wconf 76' lang='grc' dir='ltr'>τῇ</span> <span class='ocrx_word' id='word_1_903' title='bbox 3023 5104 3201 5157; x_wconf 79' lang='grc' dir='ltr'>πίστει</span> <span class='ocrx_word' id='word_1_904' title='bbox 3223 5104 3314 5157; x_wconf 83' lang='grc' dir='ltr'><strong>τὸν</strong></span> <span class='ocrx_word' id='word_1_905' title='bbox 3335 5104 3488 5172; x_wconf 76' lang='grc' dir='ltr'>λόγον</span> <span class='ocrx_word' id='word_1_906' title='bbox 3507 5103 3614 5156; x_wconf 70' lang='lat' dir='ltr'><strong>ava-</strong></span> 
     </span>
    </p>
   </div>
   <div class='ocr_carea' id='block_1_112' title="bbox 2063 5195 3612 5267">
    <p class='ocr_par' dir='ltr' id='par_1_112' title="bbox 2063 5195 3612 5267">
     <span class='ocr_line' id='line_1_112' title="bbox 2063 5195 3612 5267; baseline -0.002 -19"><span class='ocrx_word' id='word_1_907' title='bbox 2063 5195 2255 5264; x_wconf 81' lang='grc' dir='ltr'>φωνῶν</span> <span class='ocrx_word' id='word_1_908' title='bbox 2288 5195 2381 5248; x_wconf 75' lang='grc' dir='ltr'><strong>καὶ</strong></span> <span class='ocrx_word' id='word_1_909' title='bbox 2405 5195 2579 5263; x_wconf 88' lang='grc' dir='ltr'>λέγων</span> <span class='ocrx_word' id='word_1_910' title='bbox 2597 5212 2609 5225; x_wconf 75' lang='grc' dir='ltr'><strong>ο</strong></span> <span class='ocrx_word' id='word_1_911' title='bbox 2648 5214 2666 5246; x_wconf 75' lang='grc' dir='ltr'><strong>ι</strong></span> <span class='ocrx_word' id='word_1_912' title='bbox 2709 5195 2864 5248; x_wconf 85' lang='grc' dir='ltr'>Οῦτω</span> <span class='ocrx_word' id='word_1_913' title='bbox 2891 5195 3044 5266; x_wconf 78' lang='grc' dir='ltr'>ψαλῶ</span> <span class='ocrx_word' id='word_1_914' title='bbox 3074 5196 3153 5266; x_wconf 85' lang='grc' dir='ltr'>τῷ</span> <span class='ocrx_word' id='word_1_915' title='bbox 3174 5197 3400 5267; x_wconf 80' lang='grc' dir='ltr'>ὀνόματί</span> <span class='ocrx_word' id='word_1_916' title='bbox 3435 5215 3518 5249; x_wconf 86' lang='grc' dir='ltr'><strong>σου</strong></span> <span class='ocrx_word' id='word_1_917' title='bbox 3544 5197 3612 5256; x_wconf 78' lang='grc' dir='ltr'><strong>εἰς</strong></span> 
     </span>
    </p>
   </div>
   <div class='ocr_carea' id='block_1_113' title="bbox 2061 5285 3607 5360">
    <p class='ocr_par' dir='ltr' id='par_1_113' title="bbox 2061 5285 3607 5360">
     <span class='ocr_line' id='line_1_113' title="bbox 2061 5285 3607 5360; baseline 0.003 -21"><span class='ocrx_word' id='word_1_918' title='bbox 2061 5288 2154 5340; x_wconf 83' lang='grc' dir='ltr'><strong>τὸν</strong></span> <span class='ocrx_word' id='word_1_919' title='bbox 2182 5287 2353 5341; x_wconf 81' lang='grc' dir='ltr'>αἰῶνα</span> <span class='ocrx_word' id='word_1_920' title='bbox 2378 5286 2470 5340; x_wconf 91' lang='grc' dir='ltr'><strong>τοῦ</strong></span> <span class='ocrx_word' id='word_1_921' title='bbox 2497 5285 2692 5350; x_wconf 83' lang='grc' dir='ltr'>αἰῶνος</span> <span class='ocrx_word' id='word_1_922' title='bbox 2711 5304 2724 5318; x_wconf 72' lang='grc' dir='ltr'><strong>ο</strong></span> <span class='ocrx_word' id='word_1_923' title='bbox 2754 5307 2772 5338; x_wconf 70' lang='grc' dir='ltr'><strong>ι</strong></span> <span class='ocrx_word' id='word_1_924' title='bbox 2793 5289 2888 5360; x_wconf 78' lang='grc' dir='ltr'><strong>οὐχ</strong></span> <span class='ocrx_word' id='word_1_925' title='bbox 2909 5288 3095 5351; x_wconf 84' lang='grc' dir='ltr'>ἁπλῶς</span> <span class='ocrx_word' id='word_1_926' title='bbox 3117 5289 3194 5353; x_wconf 75' lang='grc' dir='ltr'>δὲ,</span> <span class='ocrx_word' id='word_1_927' title='bbox 3216 5307 3234 5340; x_wconf 78' lang='grc' dir='ltr'><strong>ι</strong></span> <span class='ocrx_word' id='word_1_928' title='bbox 3260 5289 3451 5355; x_wconf 75' lang='grc' dir='ltr'>Ψαλῶ,</span> <span class='ocrx_word' id='word_1_929' title='bbox 3475 5285 3607 5356; x_wconf 75' lang='grc' dir='ltr'><strong>φησί.</strong></span> 
     </span>
    </p>
   </div>
   <div class='ocr_carea' id='block_1_114' title="bbox 2060 5375 3609 5451">
    <p class='ocr_par' dir='ltr' id='par_1_114' title="bbox 2060 5375 3609 5451">
     <span class='ocr_line' id='line_1_114' title="bbox 2060 5375 3609 5451; baseline -0.002 -19"><span class='ocrx_word' id='word_1_930' title='bbox 2060 5381 2139 5451; x_wconf 81' lang='grc' dir='ltr'>τῷ</span> <span class='ocrx_word' id='word_1_931' title='bbox 2165 5379 2388 5451; x_wconf 81' lang='grc' dir='ltr'>ὀνόματί</span> <span class='ocrx_word' id='word_1_932' title='bbox 2439 5396 2530 5432; x_wconf 94' lang='grc' dir='ltr'><strong>σου</strong></span> <span class='ocrx_word' id='word_1_933' title='bbox 2582 5382 2661 5443; x_wconf 88' lang='grc' dir='ltr'><strong>εἰς</strong></span> <span class='ocrx_word' id='word_1_934' title='bbox 2712 5379 2806 5433; x_wconf 85' lang='grc' dir='ltr'><strong>τὸν</strong></span> <span class='ocrx_word' id='word_1_935' title='bbox 2834 5381 3005 5435; x_wconf 87' lang='grc' dir='ltr'>αἰῶνα</span> <span class='ocrx_word' id='word_1_936' title='bbox 3049 5379 3144 5432; x_wconf 88' lang='grc' dir='ltr'><strong>τοῦ</strong></span> <span class='ocrx_word' id='word_1_937' title='bbox 3174 5379 3403 5445; x_wconf 90' lang='grc' dir='ltr'>αἰῶνος,</span> <span class='ocrx_word' id='word_1_938' title='bbox 3438 5399 3459 5432; x_wconf 74' lang='grc' dir='ltr'><strong>ι</strong></span> <span class='ocrx_word' id='word_1_939' title='bbox 3493 5375 3609 5432; x_wconf 80' lang='grc' dir='ltr'>ἀλλὰ</span> 
     </span>
    </p>
   </div>
   <div class='ocr_carea' id='block_1_115' title="bbox 2065 5463 3606 5543">
    <p class='ocr_par' dir='ltr' id='par_1_115' title="bbox 2065 5463 3606 5543">
     <span class='ocr_line' id='line_1_115' title="bbox 2065 5463 3606 5543; baseline -0.004 -18"><span class='ocrx_word' id='word_1_940' title='bbox 2065 5471 2200 5543; x_wconf 76' lang='grc' dir='ltr'>μετὰ</span> <span class='ocrx_word' id='word_1_941' title='bbox 2235 5469 2550 5543; x_wconf 84' lang='grc' dir='ltr'>προσθήκης</span> <span class='ocrx_word' id='word_1_942' title='bbox 2582 5469 2706 5538; x_wconf 81' lang='grc' dir='ltr'>τῆς,</span> <span class='ocrx_word' id='word_1_943' title='bbox 2747 5489 2766 5520; x_wconf 71' lang='grc' dir='ltr'><strong>ι</strong></span> <span class='ocrx_word' id='word_1_944' title='bbox 2805 5469 2977 5524; x_wconf 80' lang='grc' dir='ltr'>οῡτω.</span> <span class='ocrx_word' id='word_1_945' title='bbox 3024 5490 3041 5522; x_wconf 85' lang='grc'><strong>›</strong></span> <span class='ocrx_word' id='word_1_946' title='bbox 3070 5469 3194 5533; x_wconf 92' lang='grc' dir='ltr'>Πῶς</span> <span class='ocrx_word' id='word_1_947' title='bbox 3225 5469 3281 5522; x_wconf 78' lang='grc' dir='ltr'>δὲ</span> <span class='ocrx_word' id='word_1_948' title='bbox 3313 5467 3481 5532; x_wconf 74' lang='grc' dir='ltr'>οὕτως</span> <span class='ocrx_word' id='word_1_949' title='bbox 3507 5463 3606 5519; x_wconf 76' lang='grc' dir='ltr'>ἀλλ’</span> 
     </span>
    </p>
   </div>
   <div class='ocr_carea' id='block_1_116' title="bbox 2061 5561 3602 5636">
    <p class='ocr_par' dir='ltr' id='par_1_116' title="bbox 2061 5561 3602 5636">
     <span class='ocr_line' id='line_1_116' title="bbox 2061 5561 3602 5636; baseline -0.005 -17"><span class='ocrx_word' id='word_1_950' title='bbox 2061 5568 2136 5631; x_wconf 86' lang='grc' dir='ltr'>ὼς</span> <span class='ocrx_word' id='word_1_951' title='bbox 2162 5565 2474 5636; x_wconf 79' lang='grc' dir='ltr'>προεδίδαξε</span> <span class='ocrx_word' id='word_1_952' title='bbox 2497 5565 2555 5618; x_wconf 75' lang='grc' dir='ltr'>τὸ</span> <span class='ocrx_word' id='word_1_953' title='bbox 2582 5565 2807 5636; x_wconf 83' lang='grc' dir='ltr'>Πνεῦμα</span> <span class='ocrx_word' id='word_1_954' title='bbox 2833 5565 2893 5618; x_wconf 83' lang='grc' dir='ltr'>τὸ</span> <span class='ocrx_word' id='word_1_955' title='bbox 2936 5564 3089 5634; x_wconf 74' lang='grc' dir='ltr'>ἅγιον</span> <span class='ocrx_word' id='word_1_956' title='bbox 3127 5565 3307 5635; x_wconf 81' lang='grc' dir='ltr'>φῆσαν</span> <span class='ocrx_word' id='word_1_957' title='bbox 3331 5582 3344 5595; x_wconf 88' lang='grc'><strong>·</strong></span> <span class='ocrx_word' id='word_1_958' title='bbox 3386 5584 3404 5614; x_wconf 78' lang='grc' dir='ltr'><strong>ι</strong></span> <span class='ocrx_word' id='word_1_959' title='bbox 3440 5561 3602 5621; x_wconf 79' lang='grc' dir='ltr'>Ἔλεος</span> 
     </span>
    </p>
   </div>
   <div class='ocr_carea' id='block_1_117' title="bbox 2061 5649 3600 5727">
    <p class='ocr_par' dir='ltr' id='par_1_117' title="bbox 2061 5649 3600 5727">
     <span class='ocr_line' id='line_1_117' title="bbox 2061 5649 3600 5727; baseline -0.005 -17"><span class='ocrx_word' id='word_1_960' title='bbox 2061 5659 2155 5710; x_wconf 82' lang='grc' dir='ltr'><strong>καὶ</strong></span> <span class='ocrx_word' id='word_1_961' title='bbox 2173 5655 2401 5726; x_wconf 79' lang='grc' dir='ltr'>ἀλήθεια</span> <span class='ocrx_word' id='word_1_962' title='bbox 2434 5655 2759 5727; x_wconf 79' lang='grc' dir='ltr'>περιφράξει</span> <span class='ocrx_word' id='word_1_963' title='bbox 2785 5656 2966 5709; x_wconf 78' lang='grc' dir='ltr'>αὐτόν.</span> <span class='ocrx_word' id='word_1_964' title='bbox 3009 5675 3028 5708; x_wconf 69' lang='grc' dir='ltr'><strong>ι</strong></span> <span class='ocrx_word' id='word_1_965' title='bbox 3055 5656 3212 5710; x_wconf 76' lang='grc' dir='ltr'>Οὕτω</span> <span class='ocrx_word' id='word_1_966' title='bbox 3253 5655 3360 5726; x_wconf 76' lang='grc' dir='ltr'>γὰρ</span> <span class='ocrx_word' id='word_1_967' title='bbox 3390 5655 3487 5707; x_wconf 76' lang='grc' dir='ltr'>ὑπὸ</span> <span class='ocrx_word' id='word_1_968' title='bbox 3516 5649 3600 5703; x_wconf 80' lang='grc' dir='ltr'><strong>τοῦ</strong></span> 
     </span>
    </p>
   </div>
   <div class='ocr_carea' id='block_1_118' title="bbox 2061 5744 3600 5820">
    <p class='ocr_par' dir='ltr' id='par_1_118' title="bbox 2061 5744 3600 5820">
     <span class='ocr_line' id='line_1_118' title="bbox 2061 5744 3600 5820; baseline -0.002 -20"><span class='ocrx_word' id='word_1_969' title='bbox 2061 5747 2154 5801; x_wconf 92' lang='grc' dir='ltr'><strong>σοῦ</strong></span> <span class='ocrx_word' id='word_1_970' title='bbox 2180 5748 2360 5811; x_wconf 71' lang='grc' dir='ltr'>ἐλέους</span> <span class='ocrx_word' id='word_1_971' title='bbox 2384 5749 2482 5802; x_wconf 70' lang='grc' dir='ltr'>καὶ</span> <span class='ocrx_word' id='word_1_972' title='bbox 2505 5748 2610 5800; x_wconf 81' lang='grc' dir='ltr'>ὑπὺ</span> <span class='ocrx_word' id='word_1_973' title='bbox 2633 5747 2738 5818; x_wconf 40' lang='grc' dir='ltr'>,τῆς</span> <span class='ocrx_word' id='word_1_974' title='bbox 2766 5747 2866 5817; x_wconf 77' lang='grc' dir='ltr'>σῆς</span> <span class='ocrx_word' id='word_1_975' title='bbox 2895 5746 3150 5820; x_wconf 81' lang='grc' dir='ltr'>ἀληθείας</span> <span class='ocrx_word' id='word_1_976' title='bbox 3191 5744 3600 5819; x_wconf 76' lang='grc' dir='ltr'>περιφραττόμε-</span> 
     </span>
    </p>
   </div>
   <div class='ocr_carea' id='block_1_119' title="bbox 2059 5833 3598 5912">
    <p class='ocr_par' dir='ltr' id='par_1_119' title="bbox 2059 5833 3598 5912">
     <span class='ocr_line' id='line_1_119' title="bbox 2059 5833 3598 5912; baseline -0.005 -18"><span class='ocrx_word' id='word_1_977' title='bbox 2059 5858 2147 5904; x_wconf 88' lang='grc' dir='ltr'><strong>νος</strong></span> <span class='ocrx_word' id='word_1_978' title='bbox 2181 5841 2273 5894; x_wconf 72' lang='grc' dir='ltr'>καὶ</span> <span class='ocrx_word' id='word_1_979' title='bbox 2301 5839 2740 5910; x_wconf 79' lang='grc' dir='ltr'>διατηρούμενος,</span> <span class='ocrx_word' id='word_1_980' title='bbox 2772 5839 2928 5911; x_wconf 72' lang='grc' dir='ltr'>ψαλῶ</span> <span class='ocrx_word' id='word_1_981' title='bbox 2958 5838 3037 5911; x_wconf 79' lang='grc' dir='ltr'>τῷ</span> <span class='ocrx_word' id='word_1_982' title='bbox 3063 5839 3286 5912; x_wconf 83' lang='grc' dir='ltr'>ὀνόματί</span> <span class='ocrx_word' id='word_1_983' title='bbox 3314 5853 3403 5892; x_wconf 86' lang='grc' dir='ltr'><strong>σου</strong></span> <span class='ocrx_word' id='word_1_984' title='bbox 3426 5837 3496 5898; x_wconf 74' lang='grc' dir='ltr'>εἷς</span> <span class='ocrx_word' id='word_1_985' title='bbox 3517 5833 3598 5886; x_wconf 78' lang='grc' dir='ltr'><strong>τὸν</strong></span> 
     </span>
    </p>
   </div>
  </div>
