  <div class='ocr_page' id='page_1' title='image "/cluster/home/n/w/nwhite01/storage/ocr_20150623/23/mdp.39015078384396/300.png"; bbox 0 0 3808 6280; ppageno 0'>
   <div class='ocr_carea' id='block_1_1' title="bbox 144 369 1664 444">
    <p class='ocr_par' dir='ltr' id='par_1_1' title="bbox 144 369 1664 438">
     <span class='ocr_line' id='line_1_1' title="bbox 144 369 1664 438; baseline 0 0"><span class='ocrx_word' id='word_1_1' title='bbox 144 381 240 438; x_wconf 71' lang='grc'><strong>585</strong></span> <span class='ocrx_word' id='word_1_2' title='bbox 1246 369 1664 438; x_wconf 67' lang='grc' dir='ltr'><strong>(ΣΟΜΜΕΝΤΑἨ</strong></span> 
     </span>
    </p>
   </div>
   <div class='ocr_carea' id='block_1_2' title="bbox 1770 369 3358 444">
    <p class='ocr_par' dir='ltr' id='par_1_2' title="bbox 1787 372 3358 444">
     <span class='ocr_line' id='line_1_2' title="bbox 1787 372 3358 444; baseline 0.002 -3"><span class='ocrx_word' id='word_1_3' title='bbox 1787 372 1857 441; x_wconf 80' lang='grc' dir='ltr'><strong>ΙΝ</strong></span> <span class='ocrx_word' id='word_1_4' title='bbox 1892 382 2233 442; x_wconf 78' lang='lat' dir='ltr'><strong>PSALMOS.</strong></span> <span class='ocrx_word' id='word_1_5' title='bbox 3253 387 3358 444; x_wconf 74' lang='lat'><strong>586</strong></span> 
     </span>
    </p>
   </div>
   <div class='ocr_carea' id='block_1_3' title="bbox 143 495 1664 581">
    <p class='ocr_par' dir='ltr' id='par_1_3' title="bbox 143 495 1661 570">
     <span class='ocr_line' id='line_1_3' title="bbox 143 495 1661 570; baseline 0.001 -15"><span class='ocrx_word' id='word_1_6' title='bbox 143 500 298 555; x_wconf 80' lang='grc' dir='ltr'>αἰῶνα</span> <span class='ocrx_word' id='word_1_7' title='bbox 314 495 407 553; x_wconf 81' lang='grc' dir='ltr'>τοῦ</span> <span class='ocrx_word' id='word_1_8' title='bbox 432 497 638 562; x_wconf 84' lang='grc' dir='ltr'>αἰῶνος.</span> <span class='ocrx_word' id='word_1_9' title='bbox 668 496 988 568; x_wconf 81' lang='grc' dir='ltr'>Τεοάρσηκα</span> <span class='ocrx_word' id='word_1_10' title='bbox 1018 497 1124 570; x_wconf 79' lang='grc' dir='ltr'><strong>γὰρ</strong></span> <span class='ocrx_word' id='word_1_11' title='bbox 1155 497 1301 570; x_wconf 76' lang='grc' dir='ltr'>ζωῆς</span> <span class='ocrx_word' id='word_1_12' title='bbox 1330 502 1548 556; x_wconf 88' lang='grc' dir='ltr'>αἰωνίου</span> <span class='ocrx_word' id='word_1_13' title='bbox 1569 502 1661 556; x_wconf 83' lang='grc' dir='ltr'><strong>τεύ</strong></span> 
     </span>
    </p>
   </div>
   <div class='ocr_carea' id='block_1_4' title="bbox 1770 495 3360 581">
    <p class='ocr_par' dir='ltr' id='par_1_4' title="bbox 1792 503 3360 570">
     <span class='ocr_line' id='line_1_4' title="bbox 1792 503 3360 570; baseline 0.003 -11"><span class='ocrx_word' id='word_1_14' title='bbox 1792 514 1904 569; x_wconf 88' lang='lat' dir='ltr'><strong>tua,</strong></span> <span class='ocrx_word' id='word_1_15' title='bbox 1941 520 2048 560; x_wconf 92' lang='lat' dir='ltr'><strong>non</strong></span> <span class='ocrx_word' id='word_1_16' title='bbox 2081 520 2200 561; x_wconf 90' lang='lat' dir='ltr'><strong>mea</strong></span> <span class='ocrx_word' id='word_1_17' title='bbox 2231 503 2452 566; x_wconf 87' lang='lat' dir='ltr'><strong>virtute,</strong></span> <span class='ocrx_word' id='word_1_18' title='bbox 2487 518 2574 560; x_wconf 86' lang='lat' dir='ltr'><strong>me</strong></span> <span class='ocrx_word' id='word_1_19' title='bbox 2605 504 2768 560; x_wconf 87' lang='lat' dir='ltr'><strong>vitam</strong></span> <span class='ocrx_word' id='word_1_20' title='bbox 2823 514 3101 570; x_wconf 62' lang='lat' dir='ltr'><strong>aeternam,</strong></span> <span class='ocrx_word' id='word_1_21' title='bbox 3157 517 3211 564; x_wconf 90' lang='lat' dir='ltr'><strong>et</strong></span> <span class='ocrx_word' id='word_1_22' title='bbox 3243 524 3360 564; x_wconf 90' lang='lat' dir='ltr'><strong>eam</strong></span> 
     </span>
    </p>
   </div>
   <div class='ocr_carea' id='block_1_5' title="bbox 126 589 1664 673">
    <p class='ocr_par' dir='ltr' id='par_1_5' title="bbox 126 589 1664 673">
     <span class='ocr_line' id='line_1_5' title="bbox 126 589 1664 673; baseline 0.001 -26"><span class='ocrx_word' id='word_1_23' title='bbox 126 593 309 673; x_wconf 80' lang='grc' dir='ltr'><strong>¹ξειτθιιι</strong></span> <span class='ocrx_word' id='word_1_24' title='bbox 332 591 426 645; x_wconf 72' lang='grc' dir='ltr'><strong>καὶ</strong></span> <span class='ocrx_word' id='word_1_25' title='bbox 448 589 739 655; x_wconf 79' lang='grc' dir='ltr'>ἀθανασίας</span> <span class='ocrx_word' id='word_1_26' title='bbox 774 592 872 660; x_wconf 87' lang='grc' dir='ltr'><strong>τῆς</strong></span> <span class='ocrx_word' id='word_1_27' title='bbox 894 592 1043 662; x_wconf 83' lang='grc' dir='ltr'><strong>παρά</strong></span> <span class='ocrx_word' id='word_1_28' title='bbox 1071 592 1153 644; x_wconf 74' lang='grc' dir='ltr'>σοὶ</span> <span class='ocrx_word' id='word_1_29' title='bbox 1183 592 1270 646; x_wconf 77' lang='grc' dir='ltr'>διὰ</span> <span class='ocrx_word' id='word_1_30' title='bbox 1300 593 1390 646; x_wconf 81' lang='grc' dir='ltr'>τὸν</span> <span class='ocrx_word' id='word_1_31' title='bbox 1428 593 1519 646; x_wconf 82' lang='grc' dir='ltr'><strong>σδν</strong></span> <span class='ocrx_word' id='word_1_32' title='bbox 1541 594 1664 648; x_wconf 69' lang='grc' dir='ltr'>έλεοε</span> 
     </span>
    </p>
   </div>
   <div class='ocr_carea' id='block_1_6' title="bbox 1770 589 3357 673">
    <p class='ocr_par' dir='ltr' id='par_1_6' title="bbox 1794 594 3357 668">
     <span class='ocr_line' id='line_1_6' title="bbox 1794 594 3357 668; baseline 0.003 -18"><span class='ocrx_word' id='word_1_33' title='bbox 1794 610 1916 666; x_wconf 66' lang='lat' dir='ltr'><strong>quae</strong></span> <span class='ocrx_word' id='word_1_34' title='bbox 1937 597 2078 666; x_wconf 92' lang='lat' dir='ltr'><strong>apud</strong></span> <span class='ocrx_word' id='word_1_35' title='bbox 2109 605 2162 652; x_wconf 89' lang='lat' dir='ltr'><strong>te</strong></span> <span class='ocrx_word' id='word_1_36' title='bbox 2183 602 2269 652; x_wconf 85' lang='lat' dir='ltr'><strong>est</strong></span> <span class='ocrx_word' id='word_1_37' title='bbox 2291 594 2750 652; x_wconf 75' lang='lat' dir='ltr'><strong>immortalitatem</strong></span> <span class='ocrx_word' id='word_1_38' title='bbox 2780 597 3121 668; x_wconf 77' lang='lat' dir='ltr'><strong>adepturum.</strong></span> <span class='ocrx_word' id='word_1_39' title='bbox 3159 619 3178 650; x_wconf 74' lang='grc' dir='ltr'><strong>ι</strong></span> <span class='ocrx_word' id='word_1_40' title='bbox 3218 598 3310 656; x_wconf 87' lang='lat' dir='ltr'><strong>Sic</strong></span> <span class='ocrx_word' id='word_1_41' title='bbox 3339 622 3357 654; x_wconf 74' lang='grc' dir='ltr'><strong>ι</strong></span> 
     </span>
    </p>
   </div>
   <div class='ocr_carea' id='block_1_7' title="bbox 125 682 1664 756">
    <p class='ocr_par' dir='ltr' id='par_1_7' title="bbox 125 682 1664 756">
     <span class='ocr_line' id='line_1_7' title="bbox 125 682 1664 756; baseline -0.004 -14"><span class='ocrx_word' id='word_1_42' title='bbox 125 683 223 742; x_wconf 68' lang='grc' dir='ltr'>’καὶ</span> <span class='ocrx_word' id='word_1_43' title='bbox 247 686 328 741; x_wconf 69' lang='grc' dir='ltr'><strong>διὰ</strong></span> <span class='ocrx_word' id='word_1_44' title='bbox 359 684 457 756; x_wconf 79' lang='grc' dir='ltr'>τὴν</span> <span class='ocrx_word' id='word_1_45' title='bbox 486 684 584 755; x_wconf 76' lang='grc' dir='ltr'>σὴν</span> <span class='ocrx_word' id='word_1_46' title='bbox 620 682 896 754; x_wconf 82' lang='grc' dir='ltr'>ἀλήθειαν,</span> <span class='ocrx_word' id='word_1_47' title='bbox 922 682 1036 736; x_wconf 78' lang='grc' dir='ltr'>ἀλλ’</span> <span class='ocrx_word' id='word_1_48' title='bbox 1059 683 1120 736; x_wconf 87' lang='grc' dir='ltr'>οὑ</span> <span class='ocrx_word' id='word_1_49' title='bbox 1147 682 1235 736; x_wconf 81' lang='grc' dir='ltr'>διὰ</span> <span class='ocrx_word' id='word_1_50' title='bbox 1258 684 1356 747; x_wconf 73' lang='grc' dir='ltr'><strong>τὰς</strong></span> <span class='ocrx_word' id='word_1_51' title='bbox 1387 685 1526 756; x_wconf 80' lang='grc' dir='ltr'>ἐμὰς</span> <span class='ocrx_word' id='word_1_52' title='bbox 1558 685 1664 756; x_wconf 77' lang='grc' dir='ltr'>ἀρε·</span> 
     </span>
    </p>
   </div>
   <div class='ocr_carea' id='block_1_8' title="bbox 1770 682 3363 756">
    <p class='ocr_par' dir='ltr' id='par_1_8' title="bbox 1794 682 3363 754">
     <span class='ocr_line' id='line_1_8' title="bbox 1794 682 3363 754; baseline 0.004 -16"><span class='ocrx_word' id='word_1_53' title='bbox 1794 682 1978 753; x_wconf 88' lang='lat' dir='ltr'><strong>itaque</strong></span> <span class='ocrx_word' id='word_1_54' title='bbox 2013 701 2032 736; x_wconf 76' lang='grc' dir='ltr'><strong>ι</strong></span> <span class='ocrx_word' id='word_1_55' title='bbox 2071 684 2298 754; x_wconf 83' lang='lat' dir='ltr'><strong>psallam</strong></span> <span class='ocrx_word' id='word_1_56' title='bbox 2330 685 2535 739; x_wconf 87' lang='lat' dir='ltr'><strong>nomini</strong></span> <span class='ocrx_word' id='word_1_57' title='bbox 2566 696 2661 740; x_wconf 90' lang='lat' dir='ltr'><strong>tuo</strong></span> <span class='ocrx_word' id='word_1_58' title='bbox 2692 687 2743 741; x_wconf 92' lang='lat' dir='ltr'><strong>in</strong></span> <span class='ocrx_word' id='word_1_59' title='bbox 2773 687 3031 743; x_wconf 76' lang='lat' dir='ltr'><strong>saeculum</strong></span> <span class='ocrx_word' id='word_1_60' title='bbox 3052 691 3264 753; x_wconf 55' lang='lat' dir='ltr'><strong>saeculi,</strong></span> <span class='ocrx_word' id='word_1_61' title='bbox 3305 701 3363 745; x_wconf 91' lang='lat' dir='ltr'><strong>ut</strong></span> 
     </span>
    </p>
   </div>
   <div class='ocr_carea' id='block_1_9' title="bbox 139 771 1664 847">
    <p class='ocr_par' dir='ltr' id='par_1_9' title="bbox 139 771 1664 847">
     <span class='ocr_line' id='line_1_9' title="bbox 139 771 1664 847; baseline -0.001 -15"><span class='ocrx_word' id='word_1_62' title='bbox 139 779 241 842; x_wconf 75' lang='grc' dir='ltr'>τ’ἀς.</span> <span class='ocrx_word' id='word_1_63' title='bbox 282 796 299 828; x_wconf 76' lang='grc' dir='ltr'><strong>ι</strong></span> <span class='ocrx_word' id='word_1_64' title='bbox 333 776 516 839; x_wconf 74' lang='grc' dir='ltr'>Οὕτως</span> <span class='ocrx_word' id='word_1_65' title='bbox 570 771 662 830; x_wconf 82' lang='grc' dir='ltr'>οὖν</span> <span class='ocrx_word' id='word_1_66' title='bbox 714 774 870 845; x_wconf 77' lang='grc' dir='ltr'>ψαλῶ</span> <span class='ocrx_word' id='word_1_67' title='bbox 915 775 994 846; x_wconf 79' lang='grc' dir='ltr'>τῷ</span> <span class='ocrx_word' id='word_1_68' title='bbox 1041 775 1265 847; x_wconf 84' lang='grc' dir='ltr'>ὀνόματί</span> <span class='ocrx_word' id='word_1_69' title='bbox 1326 794 1421 830; x_wconf 93' lang='grc' dir='ltr'><strong>σου</strong></span> <span class='ocrx_word' id='word_1_70' title='bbox 1469 779 1549 841; x_wconf 82' lang='grc' dir='ltr'><strong>εἰς</strong></span> <span class='ocrx_word' id='word_1_71' title='bbox 1595 777 1664 831; x_wconf 70' lang='grc' dir='ltr'><strong>τὸε</strong></span> 
     </span>
    </p>
   </div>
   <div class='ocr_carea' id='block_1_10' title="bbox 1770 771 3358 847">
    <p class='ocr_par' dir='ltr' id='par_1_10' title="bbox 1794 775 3358 844">
     <span class='ocr_line' id='line_1_10' title="bbox 1794 775 3358 844; baseline 0.006 -16"><span class='ocrx_word' id='word_1_72' title='bbox 1794 775 2017 830; x_wconf 85' lang='lat' dir='ltr'><strong>reddam</strong></span> <span class='ocrx_word' id='word_1_73' title='bbox 2050 783 2172 831; x_wconf 88' lang='lat' dir='ltr'><strong>vota</strong></span> <span class='ocrx_word' id='word_1_74' title='bbox 2202 791 2319 831; x_wconf 90' lang='lat' dir='ltr'><strong>mea</strong></span> <span class='ocrx_word' id='word_1_75' title='bbox 2343 776 2410 832; x_wconf 87' lang='lat' dir='ltr'><strong>de</strong></span> <span class='ocrx_word' id='word_1_76' title='bbox 2438 776 2526 832; x_wconf 92' lang='lat' dir='ltr'><strong>die</strong></span> <span class='ocrx_word' id='word_1_77' title='bbox 2556 778 2610 832; x_wconf 89' lang='lat' dir='ltr'><strong>in</strong></span> <span class='ocrx_word' id='word_1_78' title='bbox 2639 778 2780 833; x_wconf 87' lang='lat' dir='ltr'><strong>diem</strong></span> <span class='ocrx_word' id='word_1_79' title='bbox 2806 796 2820 844; x_wconf 92' lang='lat'><strong>;</strong></span> <span class='ocrx_word' id='word_1_80' title='bbox 2861 800 2880 832; x_wconf 71' lang='grc' dir='ltr'><strong>ι</strong></span> <span class='ocrx_word' id='word_1_81' title='bbox 2916 781 3030 836; x_wconf 82' lang='lat' dir='ltr'><strong>sive</strong></span> <span class='ocrx_word' id='word_1_82' title='bbox 3060 785 3358 838; x_wconf 86' lang='lat' dir='ltr'><strong>secundum</strong></span> 
     </span>
    </p>
   </div>
   <div class='ocr_carea' id='block_1_11' title="bbox 139 865 1664 942">
    <p class='ocr_par' dir='ltr' id='par_1_11' title="bbox 139 865 1664 939">
     <span class='ocr_line' id='line_1_11' title="bbox 139 865 1664 939; baseline -0.001 -17"><span class='ocrx_word' id='word_1_83' title='bbox 139 869 288 922; x_wconf 81' lang='grc' dir='ltr'>αἰῶνα</span> <span class='ocrx_word' id='word_1_84' title='bbox 321 866 417 921; x_wconf 84' lang='grc' dir='ltr'>τοῦ</span> <span class='ocrx_word' id='word_1_85' title='bbox 446 867 657 930; x_wconf 87' lang='grc' dir='ltr'>αἰῶνος,</span> <span class='ocrx_word' id='word_1_86' title='bbox 684 865 778 920; x_wconf 83' lang='grc' dir='ltr'>τοῦ</span> <span class='ocrx_word' id='word_1_87' title='bbox 809 867 1100 922; x_wconf 83' lang='grc' dir='ltr'>ἀποδοῦναί</span> <span class='ocrx_word' id='word_1_88' title='bbox 1135 885 1203 938; x_wconf 85' lang='grc' dir='ltr'><strong>με</strong></span> <span class='ocrx_word' id='word_1_89' title='bbox 1231 868 1330 932; x_wconf 74' lang='grc' dir='ltr'><strong>τὰς</strong></span> <span class='ocrx_word' id='word_1_90' title='bbox 1373 869 1536 939; x_wconf 77' lang='grc' dir='ltr'>εὐχάς</span> <span class='ocrx_word' id='word_1_91' title='bbox 1583 885 1664 939; x_wconf 77' lang='grc' dir='ltr'><strong>μοι</strong></span> 
     </span>
    </p>
   </div>
   <div class='ocr_carea' id='block_1_12' title="bbox 1770 865 3361 942">
    <p class='ocr_par' dir='ltr' id='par_1_12' title="bbox 1797 865 3361 942">
     <span class='ocr_line' id='line_1_12' title="bbox 1797 865 3361 942; baseline 0.006 -23"><span class='ocrx_word' id='word_1_92' title='bbox 1797 865 2203 938; x_wconf 85' lang='lat' dir='ltr'><strong>Symmachum,</strong></span> <span class='ocrx_word' id='word_1_93' title='bbox 2258 884 2276 918; x_wconf 70' lang='grc' dir='ltr'><strong>ι</strong></span> <span class='ocrx_word' id='word_1_94' title='bbox 2338 865 2590 924; x_wconf 80' lang='lat' dir='ltr'><strong>Reddens</strong></span> <span class='ocrx_word' id='word_1_95' title='bbox 2635 877 2758 924; x_wconf 89' lang='lat' dir='ltr'><strong>vota</strong></span> <span class='ocrx_word' id='word_1_96' title='bbox 2798 884 2917 925; x_wconf 89' lang='lat' dir='ltr'><strong>mea</strong></span> <span class='ocrx_word' id='word_1_97' title='bbox 2969 868 3199 942; x_wconf 79' lang='lat' dir='ltr'><strong>singulis</strong></span> <span class='ocrx_word' id='word_1_98' title='bbox 3248 874 3361 928; x_wconf 81' lang='lat' dir='ltr'><strong>die-</strong></span> 
     </span>
    </p>
   </div>
   <div class='ocr_carea' id='block_1_13' title="bbox 138 957 1664 1032">
    <p class='ocr_par' dir='ltr' id='par_1_13' title="bbox 138 958 1664 1032">
     <span class='ocr_line' id='line_1_13' title="bbox 138 958 1664 1032; baseline -0.001 -18"><span class='ocrx_word' id='word_1_99' title='bbox 138 960 328 1032; x_wconf 75' lang='grc' dir='ltr'>ήμέραν</span> <span class='ocrx_word' id='word_1_100' title='bbox 353 960 414 1028; x_wconf 78' lang='grc' dir='ltr'>ἒξ</span> <span class='ocrx_word' id='word_1_101' title='bbox 437 960 680 1032; x_wconf 77' lang='grc' dir='ltr'>ἡμέρας·</span> <span class='ocrx_word' id='word_1_102' title='bbox 715 979 732 1012; x_wconf 76' lang='grc' dir='ltr'><strong>ι</strong></span> <span class='ocrx_word' id='word_1_103' title='bbox 767 959 800 1031; x_wconf 78' lang='grc' dir='ltr'>ἢ</span> <span class='ocrx_word' id='word_1_104' title='bbox 831 958 972 1014; x_wconf 88' lang='grc' dir='ltr'><strong>κατά</strong></span> <span class='ocrx_word' id='word_1_105' title='bbox 989 960 1079 1013; x_wconf 85' lang='grc' dir='ltr'>τὸν</span> <span class='ocrx_word' id='word_1_106' title='bbox 1109 959 1422 1032; x_wconf 81' lang='grc' dir='ltr'><strong>Σύμμαχον,</strong></span> <span class='ocrx_word' id='word_1_107' title='bbox 1465 979 1483 1011; x_wconf 78' lang='grc' dir='ltr'><strong>ι</strong></span> <span class='ocrx_word' id='word_1_108' title='bbox 1520 959 1664 1013; x_wconf 81' lang='grc' dir='ltr'>Ἀπο-</span> 
     </span>
    </p>
   </div>
   <div class='ocr_carea' id='block_1_14' title="bbox 1770 957 3357 1032">
    <p class='ocr_par' dir='ltr' id='par_1_14' title="bbox 1793 957 3357 1031">
     <span class='ocr_line' id='line_1_14' title="bbox 1793 957 3357 1031; baseline 0.001 -17"><span class='ocrx_word' id='word_1_109' title='bbox 1793 958 1918 1014; x_wconf 83' lang='lat' dir='ltr'><strong>bus.</strong></span> <span class='ocrx_word' id='word_1_110' title='bbox 1954 977 1974 1010; x_wconf 73' lang='grc' dir='ltr'><strong>ι</strong></span> <span class='ocrx_word' id='word_1_111' title='bbox 2027 957 2313 1028; x_wconf 80' lang='lat' dir='ltr'><strong>Nunquam</strong></span> <span class='ocrx_word' id='word_1_112' title='bbox 2368 973 2501 1015; x_wconf 86' lang='lat' dir='ltr'><strong>sane</strong></span> <span class='ocrx_word' id='word_1_113' title='bbox 2555 960 2802 1016; x_wconf 82' lang='lat' dir='ltr'><strong>desinam</strong></span> <span class='ocrx_word' id='word_1_114' title='bbox 2851 962 3140 1031; x_wconf 84' lang='lat' dir='ltr'><strong>promissis</strong></span> <span class='ocrx_word' id='word_1_115' title='bbox 3191 971 3357 1025; x_wconf 69' lang='lat' dir='ltr'><strong>stare,</strong></span> 
     </span>
    </p>
   </div>
   <div class='ocr_carea' id='block_1_15' title="bbox 137 1042 1664 1122">
    <p class='ocr_par' dir='ltr' id='par_1_15' title="bbox 137 1049 1664 1122">
     <span class='ocr_line' id='line_1_15' title="bbox 137 1049 1664 1122; baseline -0.002 -17"><span class='ocrx_word' id='word_1_116' title='bbox 137 1052 290 1114; x_wconf 71' lang='grc' dir='ltr'>διδοὺς</span> <span class='ocrx_word' id='word_1_117' title='bbox 317 1049 415 1114; x_wconf 74' lang='grc' dir='ltr'><strong>τὰς</strong></span> <span class='ocrx_word' id='word_1_118' title='bbox 443 1050 605 1121; x_wconf 81' lang='grc' dir='ltr'>εὐχάς</span> <span class='ocrx_word' id='word_1_119' title='bbox 639 1067 739 1119; x_wconf 90' lang='grc' dir='ltr'><strong>μου</strong></span> <span class='ocrx_word' id='word_1_120' title='bbox 768 1049 888 1103; x_wconf 83' lang='grc' dir='ltr'>καθ’</span> <span class='ocrx_word' id='word_1_121' title='bbox 910 1051 1146 1120; x_wconf 74' lang='grc' dir='ltr'>ἑκάστην</span> <span class='ocrx_word' id='word_1_122' title='bbox 1186 1051 1419 1122; x_wconf 70' lang='grc' dir='ltr'>ἡμέραν.</span> <span class='ocrx_word' id='word_1_123' title='bbox 1468 1070 1486 1102; x_wconf 71' lang='grc' dir='ltr'><strong>ι</strong></span> <span class='ocrx_word' id='word_1_124' title='bbox 1522 1051 1664 1103; x_wconf 81' lang='grc' dir='ltr'>Οὐδε-</span> 
     </span>
    </p>
   </div>
   <div class='ocr_carea' id='block_1_16' title="bbox 1770 1042 3360 1122">
    <p class='ocr_par' dir='ltr' id='par_1_16' title="bbox 1792 1042 3360 1122">
     <span class='ocr_line' id='line_1_16' title="bbox 1792 1042 3360 1122; baseline -0.001 -15"><span class='ocrx_word' id='word_1_125' title='bbox 1792 1050 1949 1122; x_wconf 82' lang='lat' dir='ltr'><strong>quasi</strong></span> <span class='ocrx_word' id='word_1_126' title='bbox 1994 1050 2272 1122; x_wconf 85' lang='lat' dir='ltr'><strong>perpetuis</strong></span> <span class='ocrx_word' id='word_1_127' title='bbox 2318 1042 2560 1122; x_wconf 80' lang='lat' dir='ltr'><strong>mihique</strong></span> <span class='ocrx_word' id='word_1_128' title='bbox 2613 1052 2946 1109; x_wconf 86' lang='lat' dir='ltr'><strong>salutaribus</strong></span> <span class='ocrx_word' id='word_1_129' title='bbox 2991 1043 3210 1110; x_wconf 85' lang='lat' dir='ltr'><strong>debitis.</strong></span> <span class='ocrx_word' id='word_1_130' title='bbox 3267 1053 3360 1108; x_wconf 83' lang='lat' dir='ltr'><strong>Illa</strong></span> 
     </span>
    </p>
   </div>
   <div class='ocr_carea' id='block_1_17' title="bbox 138 1140 1664 1216">
    <p class='ocr_par' dir='ltr' id='par_1_17' title="bbox 138 1140 1664 1213">
     <span class='ocr_line' id='line_1_17' title="bbox 138 1140 1664 1213; baseline -0.003 -17"><span class='ocrx_word' id='word_1_131' title='bbox 138 1142 332 1196; x_wconf 75' lang='grc' dir='ltr'>πώποτε</span> <span class='ocrx_word' id='word_1_132' title='bbox 384 1141 492 1213; x_wconf 80' lang='grc' dir='ltr'>γὰρ</span> <span class='ocrx_word' id='word_1_133' title='bbox 534 1141 895 1212; x_wconf 68' lang='grc' dir='ltr'>ἀπολείψομαι</span> <span class='ocrx_word' id='word_1_134' title='bbox 948 1141 1040 1195; x_wconf 79' lang='grc' dir='ltr'>τοῦ</span> <span class='ocrx_word' id='word_1_135' title='bbox 1095 1140 1169 1212; x_wconf 82' lang='grc' dir='ltr'>μὴ</span> <span class='ocrx_word' id='word_1_136' title='bbox 1224 1140 1532 1196; x_wconf 80' lang='grc' dir='ltr'><strong>ἀποδιδόναι</strong></span> <span class='ocrx_word' id='word_1_137' title='bbox 1590 1140 1664 1194; x_wconf 65' lang='grc' dir='ltr'><strong>τὰς</strong></span> 
     </span>
    </p>
   </div>
   <div class='ocr_carea' id='block_1_18' title="bbox 1770 1140 3356 1216">
    <p class='ocr_par' dir='ltr' id='par_1_18' title="bbox 1790 1142 3356 1216">
     <span class='ocr_line' id='line_1_18' title="bbox 1790 1142 3356 1216; baseline 0.001 -18"><span class='ocrx_word' id='word_1_138' title='bbox 1790 1144 1935 1199; x_wconf 91' lang='lat' dir='ltr'><strong>enim</strong></span> <span class='ocrx_word' id='word_1_139' title='bbox 1962 1143 2045 1198; x_wconf 92' lang='lat' dir='ltr'><strong>vel</strong></span> <span class='ocrx_word' id='word_1_140' title='bbox 2074 1159 2170 1214; x_wconf 87' lang='lat' dir='ltr'><strong>per</strong></span> <span class='ocrx_word' id='word_1_141' title='bbox 2196 1142 2408 1196; x_wconf 75' lang='lat' dir='ltr'><strong>infinita</strong></span> <span class='ocrx_word' id='word_1_142' title='bbox 2451 1144 2650 1199; x_wconf 66' lang='lat' dir='ltr'><strong>saecula</strong></span> <span class='ocrx_word' id='word_1_143' title='bbox 2699 1145 2928 1201; x_wconf 89' lang='lat' dir='ltr'><strong>reddere</strong></span> <span class='ocrx_word' id='word_1_144' title='bbox 2974 1146 3356 1216; x_wconf 86' lang='lat' dir='ltr'><strong>perseverabo.</strong></span> 
     </span>
    </p>
   </div>
   <div class='ocr_carea' id='block_1_19' title="bbox 137 1226 1664 1306">
    <p class='ocr_par' dir='ltr' id='par_1_19' title="bbox 137 1232 1664 1306">
     <span class='ocr_line' id='line_1_19' title="bbox 137 1232 1664 1306; baseline -0.003 -17"><span class='ocrx_word' id='word_1_145' title='bbox 137 1235 257 1305; x_wconf 73' lang='grc' dir='ltr'>ἐμὰς</span> <span class='ocrx_word' id='word_1_146' title='bbox 286 1233 633 1303; x_wconf 78' lang='grc' dir='ltr'>ἐπαγγελίας,</span> <span class='ocrx_word' id='word_1_147' title='bbox 666 1232 854 1306; x_wconf 83' lang='grc' dir='ltr'>ὥσπερ</span> <span class='ocrx_word' id='word_1_148' title='bbox 878 1232 1102 1302; x_wconf 74' lang='grc' dir='ltr'>ὀφειλάς</span> <span class='ocrx_word' id='word_1_149' title='bbox 1123 1234 1390 1304; x_wconf 83' lang='grc' dir='ltr'><strong>διηνεκεῖς</strong></span> <span class='ocrx_word' id='word_1_150' title='bbox 1438 1232 1534 1286; x_wconf 73' lang='grc' dir='ltr'>καὶ</span> <span class='ocrx_word' id='word_1_151' title='bbox 1563 1233 1664 1303; x_wconf 82' lang='grc' dir='ltr'>ὲμο</span> 
     </span>
    </p>
   </div>
   <div class='ocr_carea' id='block_1_20' title="bbox 1770 1226 3359 1306">
    <p class='ocr_par' dir='ltr' id='par_1_20' title="bbox 1793 1226 3359 1304">
     <span class='ocr_line' id='line_1_20' title="bbox 1793 1226 3359 1304; baseline -0.001 -16"><span class='ocrx_word' id='word_1_152' title='bbox 1793 1232 2071 1304; x_wconf 88' lang='lat' dir='ltr'><strong>Siquidem</strong></span> <span class='ocrx_word' id='word_1_153' title='bbox 2104 1247 2214 1286; x_wconf 89' lang='lat' dir='ltr'><strong>non</strong></span> <span class='ocrx_word' id='word_1_154' title='bbox 2257 1231 2489 1297; x_wconf 92' lang='lat' dir='ltr'><strong>otiosus,</strong></span> <span class='ocrx_word' id='word_1_155' title='bbox 2530 1247 2638 1287; x_wconf 93' lang='lat' dir='ltr'><strong>non</strong></span> <span class='ocrx_word' id='word_1_156' title='bbox 2687 1247 2853 1303; x_wconf 89' lang='lat' dir='ltr'><strong>opere</strong></span> <span class='ocrx_word' id='word_1_157' title='bbox 2897 1247 3103 1288; x_wconf 84' lang='lat' dir='ltr'><strong>vacuus</strong></span> <span class='ocrx_word' id='word_1_158' title='bbox 3150 1226 3210 1287; x_wconf 83' lang='lat' dir='ltr'><strong>in</strong></span> <span class='ocrx_word' id='word_1_159' title='bbox 3266 1232 3359 1288; x_wconf 87' lang='lat' dir='ltr'><strong>illa</strong></span> 
     </span>
    </p>
   </div>
   <div class='ocr_carea' id='block_1_21' title="bbox 138 1325 1684 1398">
    <p class='ocr_par' dir='ltr' id='par_1_21' title="bbox 138 1325 1684 1398">
     <span class='ocr_line' id='line_1_21' title="bbox 138 1325 1684 1398; baseline -0.001 -20"><span class='ocrx_word' id='word_1_160' title='bbox 138 1326 431 1396; x_wconf 79' lang='grc' dir='ltr'><strong>σωτηρίους.</strong></span> <span class='ocrx_word' id='word_1_161' title='bbox 469 1325 682 1390; x_wconf 78' lang='grc' dir='ltr'>Ταύτας</span> <span class='ocrx_word' id='word_1_162' title='bbox 709 1325 818 1398; x_wconf 85' lang='grc' dir='ltr'><strong>γὰρ</strong></span> <span class='ocrx_word' id='word_1_163' title='bbox 844 1326 1134 1380; x_wconf 82' lang='grc' dir='ltr'>διατελέσω</span> <span class='ocrx_word' id='word_1_164' title='bbox 1173 1327 1266 1379; x_wconf 81' lang='grc' dir='ltr'>καὶ</span> <span class='ocrx_word' id='word_1_165' title='bbox 1291 1327 1370 1389; x_wconf 89' lang='grc' dir='ltr'><strong>εἰς</strong></span> <span class='ocrx_word' id='word_1_166' title='bbox 1415 1325 1506 1379; x_wconf 83' lang='grc' dir='ltr'>τὸν</span> <span class='ocrx_word' id='word_1_167' title='bbox 1528 1325 1684 1379; x_wconf 78' lang='grc' dir='ltr'>ἄπει-</span> 
     </span>
    </p>
   </div>
   <div class='ocr_carea' id='block_1_22' title="bbox 136 1418 1683 1491">
    <p class='ocr_par' dir='ltr' id='par_1_22' title="bbox 136 1418 1683 1491">
     <span class='ocr_line' id='line_1_22' title="bbox 136 1418 1683 1491; baseline -0.001 -20"><span class='ocrx_word' id='word_1_168' title='bbox 136 1436 215 1490; x_wconf 88' lang='grc' dir='ltr'><strong>ρον</strong></span> <span class='ocrx_word' id='word_1_169' title='bbox 237 1418 396 1472; x_wconf 88' lang='grc' dir='ltr'>αἰῶνα</span> <span class='ocrx_word' id='word_1_170' title='bbox 427 1419 729 1482; x_wconf 83' lang='grc' dir='ltr'>ἀποδιδούς.</span> <span class='ocrx_word' id='word_1_171' title='bbox 764 1419 899 1473; x_wconf 79' lang='grc' dir='ltr'>Ούδὲ</span> <span class='ocrx_word' id='word_1_172' title='bbox 930 1419 1038 1491; x_wconf 78' lang='grc' dir='ltr'><strong>γὰρ</strong></span> <span class='ocrx_word' id='word_1_173' title='bbox 1067 1419 1234 1490; x_wconf 78' lang='grc' dir='ltr'>ἀργὸς</span> <span class='ocrx_word' id='word_1_174' title='bbox 1266 1419 1360 1472; x_wconf 78' lang='grc' dir='ltr'>καὶ</span> <span class='ocrx_word' id='word_1_175' title='bbox 1403 1418 1683 1490; x_wconf 73' lang='grc' dir='ltr'>ἄπρακτος</span> 
     </span>
    </p>
   </div>
   <div class='ocr_carea' id='block_1_23' title="bbox 134 1508 1681 1584">
    <p class='ocr_par' dir='ltr' id='par_1_23' title="bbox 134 1508 1681 1584">
     <span class='ocr_line' id='line_1_23' title="bbox 134 1508 1681 1584; baseline -0.001 -22"><span class='ocrx_word' id='word_1_176' title='bbox 134 1510 304 1579; x_wconf 77' lang='grc' dir='ltr'>ἔσομαι</span> <span class='ocrx_word' id='word_1_177' title='bbox 327 1509 446 1562; x_wconf 84' lang='grc' dir='ltr'>κατ’</span> <span class='ocrx_word' id='word_1_178' title='bbox 478 1509 694 1581; x_wconf 81' lang='grc' dir='ltr'>ἐκείνην</span> <span class='ocrx_word' id='word_1_179' title='bbox 721 1509 819 1581; x_wconf 80' lang='grc' dir='ltr'>τὴν</span> <span class='ocrx_word' id='word_1_180' title='bbox 849 1510 1068 1566; x_wconf 82' lang='grc' dir='ltr'>αἰώνιον</span> <span class='ocrx_word' id='word_1_181' title='bbox 1100 1511 1246 1584; x_wconf 77' lang='grc' dir='ltr'>ζωὴν</span> <span class='ocrx_word' id='word_1_182' title='bbox 1265 1551 1281 1575; x_wconf 90' lang='grc'><strong>,</strong></span> <span class='ocrx_word' id='word_1_183' title='bbox 1311 1510 1410 1582; x_wconf 77' lang='grc' dir='ltr'>τὴν</span> <span class='ocrx_word' id='word_1_184' title='bbox 1451 1510 1506 1563; x_wconf 85' lang='grc' dir='ltr'>δὲ</span> <span class='ocrx_word' id='word_1_185' title='bbox 1547 1508 1681 1580; x_wconf 88' lang='grc' dir='ltr'>πρέ-</span> 
     </span>
    </p>
   </div>
   <div class='ocr_carea' id='block_1_24' title="bbox 1788 1319 3362 1412">
    <p class='ocr_par' dir='ltr' id='par_1_24' title="bbox 1788 1319 3362 1412">
     <span class='ocr_line' id='line_1_24' title="bbox 1788 1319 3362 1412; baseline -0.003 -31"><span class='ocrx_word' id='word_1_186' title='bbox 1788 1337 1992 1381; x_wconf 68' lang='lat' dir='ltr'><strong>aaterna</strong></span> <span class='ocrx_word' id='word_1_187' title='bbox 2018 1324 2127 1378; x_wconf 85' lang='lat' dir='ltr'><strong>vita</strong></span> <span class='ocrx_word' id='word_1_188' title='bbox 2160 1337 2297 1390; x_wconf 88' lang='lat' dir='ltr'><strong>ero;</strong></span> <span class='ocrx_word' id='word_1_189' title='bbox 2328 1321 2425 1377; x_wconf 89' lang='lat' dir='ltr'><strong>sed</strong></span> <span class='ocrx_word' id='word_1_190' title='bbox 2454 1329 2842 1412; x_wconf 70' lang='lat' dir='ltr'><strong>congruentem</strong></span> <span class='ocrx_word' id='word_1_191' title='bbox 2871 1320 3222 1393; x_wconf 85' lang='lat' dir='ltr'><strong>debitamque</strong></span> <span class='ocrx_word' id='word_1_192' title='bbox 3250 1319 3362 1376; x_wconf 84' lang='lat' dir='ltr'><strong>Deo</strong></span> 
     </span>
    </p>
   </div>
   <div class='ocr_carea' id='block_1_25' title="bbox 1789 1412 3363 1486">
    <p class='ocr_par' dir='ltr' id='par_1_25' title="bbox 1789 1412 3363 1486">
     <span class='ocr_line' id='line_1_25' title="bbox 1789 1412 3363 1486; baseline -0.002 -16"><span class='ocrx_word' id='word_1_193' title='bbox 1789 1415 1864 1470; x_wconf 90' lang='lat' dir='ltr'><strong>ibi</strong></span> <span class='ocrx_word' id='word_1_194' title='bbox 1916 1429 2136 1486; x_wconf 89' lang='lat' dir='ltr'><strong>operam</strong></span> <span class='ocrx_word' id='word_1_195' title='bbox 2186 1413 2474 1484; x_wconf 65' lang='lat' dir='ltr'><strong>praestabo.</strong></span> <span class='ocrx_word' id='word_1_196' title='bbox 2535 1412 2660 1468; x_wconf 85' lang='lat' dir='ltr'><strong>Haec</strong></span> <span class='ocrx_word' id='word_1_197' title='bbox 2707 1415 2907 1486; x_wconf 89' lang='lat' dir='ltr'><strong>quippe</strong></span> <span class='ocrx_word' id='word_1_198' title='bbox 2945 1421 3031 1470; x_wconf 91' lang='lat' dir='ltr'><strong>est</strong></span> <span class='ocrx_word' id='word_1_199' title='bbox 3081 1414 3264 1470; x_wconf 87' lang='lat' dir='ltr'><strong>debita</strong></span> <span class='ocrx_word' id='word_1_200' title='bbox 3309 1422 3363 1468; x_wconf 88' lang='lat' dir='ltr'><strong>et</strong></span> 
     </span>
    </p>
   </div>
   <div class='ocr_carea' id='block_1_26' title="bbox 1785 1504 3044 1577">
    <p class='ocr_par' dir='ltr' id='par_1_26' title="bbox 1785 1504 3044 1577">
     <span class='ocr_line' id='line_1_26' title="bbox 1785 1504 3044 1577; baseline -0.003 -15"><span class='ocrx_word' id='word_1_201' title='bbox 1785 1504 1891 1577; x_wconf 88' lang='lat' dir='ltr'><strong>ipsi</strong></span> <span class='ocrx_word' id='word_1_202' title='bbox 1921 1520 2231 1576; x_wconf 79' lang='lat' dir='ltr'><strong>congruens</strong></span> <span class='ocrx_word' id='word_1_203' title='bbox 2258 1512 2518 1575; x_wconf 84' lang='lat' dir='ltr'><strong>perpetua</strong></span> <span class='ocrx_word' id='word_1_204' title='bbox 2553 1505 2852 1577; x_wconf 78' lang='lat' dir='ltr'><strong>gratiarum</strong></span> <span class='ocrx_word' id='word_1_205' title='bbox 2883 1507 3044 1562; x_wconf 91' lang='lat' dir='ltr'><strong>actio.</strong></span> 
     </span>
    </p>
   </div>
   <div class='ocr_carea' id='block_1_27' title="bbox 135 1586 3362 1676">
    <p class='ocr_par' dir='ltr' id='par_1_27' title="bbox 135 1586 3362 1676">
     <span class='ocr_line' id='line_1_27' title="bbox 135 1586 3362 1676; baseline 0 -24"><span class='ocrx_word' id='word_1_206' title='bbox 135 1617 314 1654; x_wconf 80' lang='grc' dir='ltr'>πονσαν</span> <span class='ocrx_word' id='word_1_207' title='bbox 358 1602 453 1654; x_wconf 82' lang='grc' dir='ltr'>καὶ</span> <span class='ocrx_word' id='word_1_208' title='bbox 494 1601 850 1676; x_wconf 82' lang='grc' dir='ltr'><strong>ὀφειλομένην</strong></span> <span class='ocrx_word' id='word_1_209' title='bbox 897 1603 1182 1668; x_wconf 85' lang='grc' dir='ltr'>ἀποδιδοὺς</span> <span class='ocrx_word' id='word_1_210' title='bbox 1212 1602 1292 1674; x_wconf 82' lang='grc' dir='ltr'>τῷ</span> <span class='ocrx_word' id='word_1_211' title='bbox 1345 1600 1465 1672; x_wconf 86' lang='grc' dir='ltr'><strong>Θεῷ</strong></span> <span class='ocrx_word' id='word_1_212' title='bbox 1511 1602 1672 1655; x_wconf 82' lang='grc' dir='ltr'>κάκεῖ</span> <span class='ocrx_word' id='word_1_213' title='bbox 1707 1598 1906 1670; x_wconf 80' lang='grc' dir='ltr'>πρᾶξιν</span> <span class='ocrx_word' id='word_1_214' title='bbox 1941 1595 2253 1651; x_wconf 86' lang='grc' dir='ltr'>διατελέσω.</span> <span class='ocrx_word' id='word_1_215' title='bbox 2289 1586 2438 1669; x_wconf 66' lang='grc' dir='ltr'>Αὕτη</span> <span class='ocrx_word' id='word_1_216' title='bbox 2480 1589 2537 1650; x_wconf 86' lang='grc' dir='ltr'><strong>δέ</strong></span> <span class='ocrx_word' id='word_1_217' title='bbox 2607 1599 2754 1652; x_wconf 76' lang='grc' dir='ltr'>ἐστιν</span> <span class='ocrx_word' id='word_1_218' title='bbox 2792 1598 2825 1669; x_wconf 82' lang='grc' dir='ltr'>ἡ</span> <span class='ocrx_word' id='word_1_219' title='bbox 2899 1595 3222 1670; x_wconf 80' lang='grc' dir='ltr'>ὀφειλομένη</span> <span class='ocrx_word' id='word_1_220' title='bbox 3267 1597 3362 1652; x_wconf 73' lang='grc' dir='ltr'><strong>καὶ</strong></span> 
     </span>
    </p>
   </div>
   <div class='ocr_carea' id='block_1_28' title="bbox 134 1691 1308 1766">
    <p class='ocr_par' dir='ltr' id='par_1_28' title="bbox 134 1691 1308 1766">
     <span class='ocr_line' id='line_1_28' title="bbox 134 1691 1308 1766; baseline 0.003 -22"><span class='ocrx_word' id='word_1_221' title='bbox 134 1691 259 1762; x_wconf 84' lang='grc' dir='ltr'><strong>αὐτῷ</strong></span> <span class='ocrx_word' id='word_1_222' title='bbox 283 1691 559 1763; x_wconf 84' lang='grc' dir='ltr'>πρέπουσα</span> <span class='ocrx_word' id='word_1_223' title='bbox 579 1694 830 1766; x_wconf 73' lang='grc' dir='ltr'>διηνεκὴς</span> <span class='ocrx_word' id='word_1_224' title='bbox 862 1695 1183 1766; x_wconf 82' lang='grc' dir='ltr'><strong>εὐχαριστία</strong></span> <span class='ocrx_word' id='word_1_225' title='bbox 1212 1696 1308 1765; x_wconf 84' lang='grc'><strong>(1).</strong></span> 
     </span>
    </p>
   </div>
   <div class='ocr_carea' id='block_1_29' title="bbox 133 1793 1664 1880">
    <p class='ocr_par' dir='ltr' id='par_1_29' title="bbox 133 1809 1664 1880">
     <span class='ocr_line' id='line_1_29' title="bbox 133 1809 1664 1880; baseline 0 -16"><span class='ocrx_word' id='word_1_226' title='bbox 133 1809 224 1864; x_wconf 84' lang='grc' dir='ltr'><strong>ΕΙΣ</strong></span> <span class='ocrx_word' id='word_1_227' title='bbox 267 1809 348 1862; x_wconf 88' lang='grc' dir='ltr'>ΤΟ</span> <span class='ocrx_word' id='word_1_228' title='bbox 386 1810 640 1876; x_wconf 84' lang='grc' dir='ltr'><strong>ΤΕΛΟΣ,</strong></span> <span class='ocrx_word' id='word_1_229' title='bbox 690 1811 874 1864; x_wconf 86' lang='grc' dir='ltr'><strong>ΥΠΕΡ</strong></span> <span class='ocrx_word' id='word_1_230' title='bbox 923 1812 1204 1867; x_wconf 79' lang='grc' dir='ltr'><strong>ΙΔΙΘΟΥΜ</strong></span> <span class='ocrx_word' id='word_1_231' title='bbox 1254 1813 1546 1867; x_wconf 77' lang='grc' dir='ltr'><strong>ΨΑΛΜΟΣ</strong></span> <span class='ocrx_word' id='word_1_232' title='bbox 1600 1809 1664 1880; x_wconf 60' lang='grc' dir='ltr'>Τί</span> 
     </span>
    </p>
   </div>
   <div class='ocr_carea' id='block_1_30' title="bbox 1770 1793 3269 1880">
    <p class='ocr_par' dir='ltr' id='par_1_30' title="bbox 1856 1793 3269 1880">
     <span class='ocr_line' id='line_1_30' title="bbox 1856 1793 3269 1880; baseline -0.001 -21"><span class='ocrx_word' id='word_1_233' title='bbox 1856 1805 1934 1877; x_wconf 75' lang='lat' dir='ltr'><strong>,t.</strong></span> <span class='ocrx_word' id='word_1_234' title='bbox 1993 1801 2061 1856; x_wconf 84' lang='lat' dir='ltr'><strong>IN</strong></span> <span class='ocrx_word' id='word_1_235' title='bbox 2113 1798 2887 1880; x_wconf 66' lang='lat' dir='ltr'><strong>FINEM,_p_n9_n)t_r_HUM</strong></span> <span class='ocrx_word' id='word_1_236' title='bbox 2943 1793 3269 1862; x_wconf 81' lang='lat' dir='ltr'><strong>PSALMUS</strong></span> 
     </span>
    </p>
   </div>
   <div class='ocr_carea' id='block_1_31' title="bbox 717 1881 1073 1936">
    <p class='ocr_par' dir='ltr' id='par_1_31' title="bbox 717 1881 1073 1936">
     <span class='ocr_line' id='line_1_31' title="bbox 717 1881 1073 1936; baseline 0.003 -1"><span class='ocrx_word' id='word_1_237' title='bbox 717 1881 912 1936; x_wconf 84' lang='grc' dir='ltr'><strong>ΔΑΥΙΔ</strong></span> <span class='ocrx_word' id='word_1_238' title='bbox 952 1883 1073 1936; x_wconf 76' lang='lat' dir='ltr'><strong>EA&#39;.</strong></span> 
     </span>
    </p>
   </div>
   <div class='ocr_carea' id='block_1_32' title="bbox 195 1990 1681 2068">
    <p class='ocr_par' dir='ltr' id='par_1_32' title="bbox 195 1990 1681 2068">
     <span class='ocr_line' id='line_1_32' title="bbox 195 1990 1681 2068; baseline 0.001 -21"><span class='ocrx_word' id='word_1_239' title='bbox 195 2013 211 2046; x_wconf 84' lang='grc' dir='ltr'><strong>ι</strong></span> <span class='ocrx_word' id='word_1_240' title='bbox 247 1994 372 2066; x_wconf 73' lang='grc' dir='ltr'>Οὐχὶ</span> <span class='ocrx_word' id='word_1_241' title='bbox 399 1994 478 2066; x_wconf 82' lang='grc' dir='ltr'>τῷ</span> <span class='ocrx_word' id='word_1_242' title='bbox 519 1995 638 2068; x_wconf 83' lang='grc' dir='ltr'><strong>Θεῷ</strong></span> <span class='ocrx_word' id='word_1_243' title='bbox 663 1994 1064 2068; x_wconf 82' lang='grc' dir='ltr'>ὖποταγήσεται</span> <span class='ocrx_word' id='word_1_244' title='bbox 1178 1996 1324 2068; x_wconf 79' lang='grc' dir='ltr'>ψυχή</span> <span class='ocrx_word' id='word_1_245' title='bbox 1361 2012 1498 2067; x_wconf 88' lang='grc' dir='ltr'>μου;</span> <span class='ocrx_word' id='word_1_246' title='bbox 1548 1997 1681 2067; x_wconf 87' lang='grc' dir='ltr'>παρ’</span> 
     </span>
    </p>
   </div>
   <div class='ocr_carea' id='block_1_33' title="bbox 131 2078 1681 2156">
    <p class='ocr_par' dir='ltr' id='par_1_33' title="bbox 131 2078 1681 2156">
     <span class='ocr_line' id='line_1_33' title="bbox 131 2078 1681 2156; baseline 0.003 -22"><span class='ocrx_word' id='word_1_247' title='bbox 131 2078 253 2150; x_wconf 81' lang='grc' dir='ltr'>αὐτῷ</span> <span class='ocrx_word' id='word_1_248' title='bbox 290 2083 394 2154; x_wconf 85' lang='grc' dir='ltr'>γὰρ</span> <span class='ocrx_word' id='word_1_249' title='bbox 423 2083 487 2136; x_wconf 77' lang='grc' dir='ltr'><strong>τὺ</strong></span> <span class='ocrx_word' id='word_1_250' title='bbox 522 2084 793 2155; x_wconf 82' lang='grc' dir='ltr'>Σωτήριόν</span> <span class='ocrx_word' id='word_1_251' title='bbox 835 2101 956 2155; x_wconf 88' lang='grc' dir='ltr'>μου.</span> <span class='ocrx_word' id='word_1_252' title='bbox 999 2104 1017 2137; x_wconf 73' lang='grc' dir='ltr'><strong>ι</strong></span> <span class='ocrx_word' id='word_1_253' title='bbox 1059 2086 1116 2138; x_wconf 88' lang='lat'><strong>&#39;0</strong></span> <span class='ocrx_word' id='word_1_254' title='bbox 1173 2085 1272 2156; x_wconf 78' lang='grc' dir='ltr'>μὲν</span> <span class='ocrx_word' id='word_1_255' title='bbox 1319 2085 1681 2156; x_wconf 83' lang='grc' dir='ltr'>προκείμενος</span> 
     </span>
    </p>
   </div>
   <div class='ocr_carea' id='block_1_34' title="bbox 139 2172 1676 2248">
    <p class='ocr_par' dir='ltr' id='par_1_34' title="bbox 139 2172 1676 2248">
     <span class='ocr_line' id='line_1_34' title="bbox 139 2172 1676 2248; baseline 0.002 -21"><span class='ocrx_word' id='word_1_256' title='bbox 139 2172 311 2244; x_wconf 53' lang='grc' dir='ltr'>ᾂαλμδς</span> <span class='ocrx_word' id='word_1_257' title='bbox 337 2172 554 2246; x_wconf 86' lang='grc' dir='ltr'>εἴρηται</span> <span class='ocrx_word' id='word_1_258' title='bbox 590 2175 690 2246; x_wconf 84' lang='grc' dir='ltr'>μὲν</span> <span class='ocrx_word' id='word_1_259' title='bbox 713 2173 790 2246; x_wconf 77' lang='grc' dir='ltr'>τῷ</span> <span class='ocrx_word' id='word_1_260' title='bbox 817 2174 1002 2239; x_wconf 82' lang='grc' dir='ltr'>Δαυῒδ,</span> <span class='ocrx_word' id='word_1_261' title='bbox 1033 2175 1316 2248; x_wconf 69' lang='grc' dir='ltr'>πρόκειται</span> <span class='ocrx_word' id='word_1_262' title='bbox 1341 2176 1398 2230; x_wconf 81' lang='grc' dir='ltr'>δὲ</span> <span class='ocrx_word' id='word_1_263' title='bbox 1439 2177 1504 2248; x_wconf 80' lang='grc' dir='ltr'>τῇ</span> <span class='ocrx_word' id='word_1_264' title='bbox 1551 2177 1676 2230; x_wconf 77' lang='grc' dir='ltr'>’ὲπι-</span> 
     </span>
    </p>
   </div>
   <div class='ocr_carea' id='block_1_35' title="bbox 134 2265 1675 2338">
    <p class='ocr_par' dir='ltr' id='par_1_35' title="bbox 134 2265 1675 2338">
     <span class='ocr_line' id='line_1_35' title="bbox 134 2265 1675 2338; baseline 0 -19"><span class='ocrx_word' id='word_1_265' title='bbox 134 2267 321 2336; x_wconf 72' lang='grc' dir='ltr'>γραφῇ,</span> <span class='ocrx_word' id='word_1_266' title='bbox 353 2281 377 2320; x_wconf 74' lang='grc' dir='ltr'><strong>ι</strong></span> <span class='ocrx_word' id='word_1_267' title='bbox 425 2266 569 2338; x_wconf 80' lang='grc' dir='ltr'>ὑπὲρ</span> <span class='ocrx_word' id='word_1_268' title='bbox 636 2266 904 2338; x_wconf 79' lang='grc' dir='ltr'>’1διθούμ’</span> <span class='ocrx_word' id='word_1_269' title='bbox 945 2287 964 2319; x_wconf 73' lang='grc' dir='ltr'><strong>ι</strong></span> <span class='ocrx_word' id='word_1_270' title='bbox 1007 2267 1345 2331; x_wconf 84' lang='grc' dir='ltr'>διδάσκοντος</span> <span class='ocrx_word' id='word_1_271' title='bbox 1377 2269 1526 2338; x_wconf 82' lang='grc' dir='ltr'>ἡμᾶς</span> <span class='ocrx_word' id='word_1_272' title='bbox 1581 2265 1675 2320; x_wconf 78' lang='grc' dir='ltr'>τοῦ</span> 
     </span>
    </p>
   </div>
   <div class='ocr_carea' id='block_1_36' title="bbox 136 2355 1676 2431">
    <p class='ocr_par' dir='ltr' id='par_1_36' title="bbox 136 2355 1676 2431">
     <span class='ocr_line' id='line_1_36' title="bbox 136 2355 1676 2431; baseline 0.003 -23"><span class='ocrx_word' id='word_1_273' title='bbox 136 2355 281 2423; x_wconf 51' lang='grc' dir='ltr'>λόγου,</span> <span class='ocrx_word' id='word_1_274' title='bbox 303 2357 376 2421; x_wconf 86' lang='grc' dir='ltr'>ὡς</span> <span class='ocrx_word' id='word_1_275' title='bbox 407 2358 520 2428; x_wconf 82' lang='grc' dir='ltr'>ἄρα</span> <span class='ocrx_word' id='word_1_276' title='bbox 541 2360 570 2412; x_wconf 91' lang='grc' dir='ltr'><strong>ὀ</strong></span> <span class='ocrx_word' id='word_1_277' title='bbox 599 2359 780 2421; x_wconf 78' lang='grc' dir='ltr'>Δαυῖδ,</span> <span class='ocrx_word' id='word_1_278' title='bbox 824 2359 962 2431; x_wconf 83' lang='grc' dir='ltr'>ὑπὲρ</span> <span class='ocrx_word' id='word_1_279' title='bbox 989 2359 1085 2412; x_wconf 83' lang='grc' dir='ltr'><strong>τοῦ</strong></span> <span class='ocrx_word' id='word_1_280' title='bbox 1142 2358 1377 2429; x_wconf 79' lang='grc' dir='ltr'>Ἱδιθοὺμ</span> <span class='ocrx_word' id='word_1_281' title='bbox 1410 2357 1676 2425; x_wconf 76' lang='grc' dir='ltr'>συντάξας</span> 
     </span>
    </p>
   </div>
   <div class='ocr_carea' id='block_1_37' title="bbox 131 2447 1676 2523">
    <p class='ocr_par' dir='ltr' id='par_1_37' title="bbox 131 2447 1676 2523">
     <span class='ocr_line' id='line_1_37' title="bbox 131 2447 1676 2523; baseline 0.003 -23"><span class='ocrx_word' id='word_1_282' title='bbox 131 2447 200 2500; x_wconf 72' lang='grc' dir='ltr'>τὸν</span> <span class='ocrx_word' id='word_1_283' title='bbox 219 2447 438 2519; x_wconf 82' lang='grc' dir='ltr'>ψαλμὸν,</span> <span class='ocrx_word' id='word_1_284' title='bbox 474 2450 794 2522; x_wconf 80' lang='grc' dir='ltr'>παρέδωκεν</span> <span class='ocrx_word' id='word_1_285' title='bbox 819 2451 966 2522; x_wconf 80' lang='grc' dir='ltr'><strong>αὐτῷ</strong></span> <span class='ocrx_word' id='word_1_286' title='bbox 990 2451 1238 2523; x_wconf 75' lang='grc' dir='ltr'>μελετᾷν,</span> <span class='ocrx_word' id='word_1_287' title='bbox 1269 2452 1365 2505; x_wconf 73' lang='grc' dir='ltr'>καὶ</span> <span class='ocrx_word' id='word_1_288' title='bbox 1386 2452 1507 2505; x_wconf 70' lang='grc' dir='ltr'>ἀντὶ</span> <span class='ocrx_word' id='word_1_289' title='bbox 1533 2452 1676 2522; x_wconf 82' lang='grc' dir='ltr'><strong>ἐπῳ-</strong></span> 
     </span>
    </p>
   </div>
   <div class='ocr_carea' id='block_1_38' title="bbox 129 2536 1676 2615">
    <p class='ocr_par' dir='ltr' id='par_1_38' title="bbox 129 2536 1676 2615">
     <span class='ocr_line' id='line_1_38' title="bbox 129 2536 1676 2615; baseline 0.005 -24"><span class='ocrx_word' id='word_1_290' title='bbox 129 2536 202 2609; x_wconf 77' lang='grc' dir='ltr'><strong>δῆς</strong></span> <span class='ocrx_word' id='word_1_291' title='bbox 236 2539 458 2612; x_wconf 77' lang='grc' dir='ltr'>χρῆσθαι</span> <span class='ocrx_word' id='word_1_292' title='bbox 481 2543 564 2605; x_wconf 86' lang='grc' dir='ltr'><strong>εἰς</strong></span> <span class='ocrx_word' id='word_1_293' title='bbox 586 2541 904 2613; x_wconf 81' lang='grc' dir='ltr'>θεραπείαν,</span> <span class='ocrx_word' id='word_1_294' title='bbox 933 2546 1219 2615; x_wconf 67' lang='grc' dir='ltr'>συμφορᾶς</span> <span class='ocrx_word' id='word_1_295' title='bbox 1253 2551 1396 2608; x_wconf 81' lang='grc' dir='ltr'>τινος</span> <span class='ocrx_word' id='word_1_296' title='bbox 1446 2545 1676 2615; x_wconf 79' lang='grc' dir='ltr'>ἐπισυμ-</span> 
     </span>
    </p>
   </div>
   <div class='ocr_carea' id='block_1_39' title="bbox 128 2631 1674 2709">
    <p class='ocr_par' dir='ltr' id='par_1_39' title="bbox 128 2631 1674 2709">
     <span class='ocr_line' id='line_1_39' title="bbox 128 2631 1674 2709; baseline 0.011 -27"><span class='ocrx_word' id='word_1_297' title='bbox 128 2631 274 2704; x_wconf 75' lang='grc' dir='ltr'>ϐἀσης</span> <span class='ocrx_word' id='word_1_298' title='bbox 300 2633 461 2704; x_wconf 72' lang='grc' dir='ltr'>αὐτῷ.</span> <span class='ocrx_word' id='word_1_299' title='bbox 509 2636 618 2688; x_wconf 73' lang='grc' dir='ltr'><strong>Καὶ</strong></span> <span class='ocrx_word' id='word_1_300' title='bbox 649 2637 677 2687; x_wconf 83' lang='grc' dir='ltr'><strong>ὁ</strong></span> <span class='ocrx_word' id='word_1_301' title='bbox 701 2635 742 2690; x_wconf 87' lang='grc' dir='ltr'>λ’</span> <span class='ocrx_word' id='word_1_302' title='bbox 772 2637 829 2690; x_wconf 81' lang='grc' dir='ltr'>δὲ</span> <span class='ocrx_word' id='word_1_303' title='bbox 861 2637 953 2690; x_wconf 76' lang='grc' dir='ltr'><strong>καὶ</strong></span> <span class='ocrx_word' id='word_1_304' title='bbox 989 2641 1038 2708; x_wconf 77' lang='grc' dir='ltr'>η’</span> <span class='ocrx_word' id='word_1_305' title='bbox 1062 2636 1443 2709; x_wconf 75' lang='grc' dir='ltr'>ἐπεγέγραπτο</span> <span class='ocrx_word' id='word_1_306' title='bbox 1466 2677 1481 2702; x_wconf 91' lang='grc'><strong>,</strong></span> <span class='ocrx_word' id='word_1_307' title='bbox 1526 2656 1545 2688; x_wconf 73' lang='grc' dir='ltr'><strong>ι</strong></span> <span class='ocrx_word' id='word_1_308' title='bbox 1580 2639 1674 2701; x_wconf 73' lang='grc' dir='ltr'><strong>Εἰς</strong></span> 
     </span>
    </p>
   </div>
   <div class='ocr_carea' id='block_1_40' title="bbox 124 2721 1672 2800">
    <p class='ocr_par' dir='ltr' id='par_1_40' title="bbox 124 2721 1672 2800">
     <span class='ocr_line' id='line_1_40' title="bbox 124 2721 1672 2800; baseline 0.006 -27"><span class='ocrx_word' id='word_1_309' title='bbox 124 2721 174 2774; x_wconf 84' lang='grc' dir='ltr'>τὸ</span> <span class='ocrx_word' id='word_1_310' title='bbox 197 2723 350 2789; x_wconf 83' lang='grc' dir='ltr'>τέλος,</span> <span class='ocrx_word' id='word_1_311' title='bbox 378 2726 456 2797; x_wconf 83' lang='grc' dir='ltr'>τῷ</span> <span class='ocrx_word' id='word_1_312' title='bbox 506 2726 758 2799; x_wconf 78' lang='grc' dir='ltr'>Ἰδιθοὺμ,</span> <span class='ocrx_word' id='word_1_313' title='bbox 783 2727 894 2800; x_wconf 79' lang='grc' dir='ltr'><strong>ᾠδὴ</strong></span> <span class='ocrx_word' id='word_1_314' title='bbox 946 2727 1043 2781; x_wconf 80' lang='grc' dir='ltr'>τοῦ</span> <span class='ocrx_word' id='word_1_315' title='bbox 1076 2728 1268 2782; x_wconf 82' lang='grc' dir='ltr'>Δαυῖδ·</span> <span class='ocrx_word' id='word_1_316' title='bbox 1315 2747 1335 2780; x_wconf 72' lang='grc' dir='ltr'><strong>ι</strong></span> <span class='ocrx_word' id='word_1_317' title='bbox 1385 2731 1444 2782; x_wconf 79' lang='grc' dir='ltr'>ὲν</span> <span class='ocrx_word' id='word_1_318' title='bbox 1485 2721 1530 2796; x_wconf 81' lang='grc' dir='ltr'>ᾧ</span> <span class='ocrx_word' id='word_1_319' title='bbox 1578 2729 1672 2782; x_wconf 79' lang='grc' dir='ltr'>καὶ</span> 
     </span>
    </p>
   </div>
   <div class='ocr_carea' id='block_1_41' title="bbox 124 2817 1669 2893">
    <p class='ocr_par' dir='ltr' id='par_1_41' title="bbox 124 2817 1669 2893">
     <span class='ocr_line' id='line_1_41' title="bbox 124 2817 1669 2893; baseline 0.004 -23"><span class='ocrx_word' id='word_1_320' title='bbox 124 2817 245 2888; x_wconf 81' lang='grc' dir='ltr'><strong>αὐτῷ</strong></span> <span class='ocrx_word' id='word_1_321' title='bbox 266 2819 459 2889; x_wconf 83' lang='grc' dir='ltr'>ὁμοίως</span> <span class='ocrx_word' id='word_1_322' title='bbox 483 2819 836 2874; x_wconf 83' lang='grc' dir='ltr'>διδασκαλίαν</span> <span class='ocrx_word' id='word_1_323' title='bbox 867 2821 1154 2893; x_wconf 82' lang='grc' dir='ltr'>παρεδίδου</span> <span class='ocrx_word' id='word_1_324' title='bbox 1183 2823 1213 2876; x_wconf 88' lang='grc' dir='ltr'><strong>ὁ</strong></span> <span class='ocrx_word' id='word_1_325' title='bbox 1245 2820 1405 2875; x_wconf 80' lang='grc' dir='ltr'>Δαυῒδ</span> <span class='ocrx_word' id='word_1_326' title='bbox 1429 2821 1505 2893; x_wconf 84' lang='grc' dir='ltr'><strong>τῷ</strong></span> <span class='ocrx_word' id='word_1_327' title='bbox 1549 2823 1669 2876; x_wconf 86' lang='grc' dir='ltr'>Ἰδι-</span> 
     </span>
    </p>
   </div>
   <div class='ocr_carea' id='block_1_42' title="bbox 122 2906 1670 2984">
    <p class='ocr_par' dir='ltr' id='par_1_42' title="bbox 122 2906 1670 2984">
     <span class='ocr_line' id='line_1_42' title="bbox 122 2906 1670 2984; baseline 0.005 -21"><span class='ocrx_word' id='word_1_328' title='bbox 122 2906 242 2982; x_wconf 81' lang='grc' dir='ltr'>θοὺμ</span> <span class='ocrx_word' id='word_1_329' title='bbox 265 2910 345 2964; x_wconf 71' lang='grc' dir='ltr'><strong>διὰ</strong></span> <span class='ocrx_word' id='word_1_330' title='bbox 370 2912 471 2983; x_wconf 78' lang='grc' dir='ltr'>τὴν</span> <span class='ocrx_word' id='word_1_331' title='bbox 500 2913 692 2984; x_wconf 83' lang='grc' dir='ltr'>αὐτὴν,</span> <span class='ocrx_word' id='word_1_332' title='bbox 736 2909 888 2984; x_wconf 81' lang='grc' dir='ltr'>οἶμαι</span> <span class='ocrx_word' id='word_1_333' title='bbox 914 2954 930 2980; x_wconf 90' lang='grc'><strong>,</strong></span> <span class='ocrx_word' id='word_1_334' title='bbox 979 2914 1338 2970; x_wconf 85' lang='grc' dir='ltr'>κατάστασιν.</span> <span class='ocrx_word' id='word_1_335' title='bbox 1405 2915 1670 2970; x_wconf 86' lang='grc' dir='ltr'>Ἐνταῦοα</span> 
     </span>
    </p>
   </div>
   <div class='ocr_carea' id='block_1_43' title="bbox 126 2996 1664 3077">
    <p class='ocr_par' dir='ltr' id='par_1_43' title="bbox 126 2996 1664 3077">
     <span class='ocr_line' id='line_1_43' title="bbox 126 2996 1664 3077; baseline 0.005 -25"><span class='ocrx_word' id='word_1_336' title='bbox 126 2996 207 3068; x_wconf 76' lang='grc' dir='ltr'>μὲν</span> <span class='ocrx_word' id='word_1_337' title='bbox 235 3000 332 3072; x_wconf 71' lang='grc' dir='ltr'><strong>γὰρ</strong></span> <span class='ocrx_word' id='word_1_338' title='bbox 380 3001 668 3058; x_wconf 87' lang='grc' dir='ltr'>λέλεκται·</span> <span class='ocrx_word' id='word_1_339' title='bbox 707 3022 726 3057; x_wconf 78' lang='grc' dir='ltr'><strong>ι</strong></span> <span class='ocrx_word' id='word_1_340' title='bbox 757 3005 832 3059; x_wconf 85' lang='grc' dir='ltr'><strong>Οὐ</strong></span> <span class='ocrx_word' id='word_1_341' title='bbox 891 3004 1262 3077; x_wconf 81' lang='grc' dir='ltr'>μὴ-σαλευθῶ</span> <span class='ocrx_word' id='word_1_342' title='bbox 1314 3007 1406 3060; x_wconf 75' lang='grc' dir='ltr'><strong>ἐπὶ</strong></span> <span class='ocrx_word' id='word_1_343' title='bbox 1461 3006 1664 3061; x_wconf 84' lang='grc' dir='ltr'>πλεῖον.</span> 
     </span>
    </p>
   </div>
   <div class='ocr_carea' id='block_1_44' title="bbox 125 3093 1667 3169">
    <p class='ocr_par' dir='ltr' id='par_1_44' title="bbox 125 3093 1667 3169">
     <span class='ocr_line' id='line_1_44' title="bbox 125 3093 1667 3169; baseline 0.005 -24"><span class='ocrx_word' id='word_1_344' title='bbox 125 3093 245 3157; x_wconf 85' lang='grc' dir='ltr'>Ἐως</span> <span class='ocrx_word' id='word_1_345' title='bbox 278 3094 401 3148; x_wconf 85' lang='grc' dir='ltr'>πότε</span> <span class='ocrx_word' id='word_1_346' title='bbox 422 3095 736 3150; x_wconf 82' lang='grc' dir='ltr'>ἐπιτίθεσθε</span> <span class='ocrx_word' id='word_1_347' title='bbox 764 3098 850 3151; x_wconf 76' lang='grc' dir='ltr'><strong>ἐπ’</strong></span> <span class='ocrx_word' id='word_1_348' title='bbox 883 3097 1186 3169; x_wconf 79' lang='grc' dir='ltr'>ἄνθρωπον,</span> <span class='ocrx_word' id='word_1_349' title='bbox 1218 3099 1505 3169; x_wconf 84' lang='grc' dir='ltr'>φονεύεσθε</span> <span class='ocrx_word' id='word_1_350' title='bbox 1534 3101 1667 3154; x_wconf 83' lang='grc' dir='ltr'>πάν-</span> 
     </span>
    </p>
   </div>
   <div class='ocr_carea' id='block_1_45' title="bbox 2374 1869 2769 1926">
    <p class='ocr_par' dir='ltr' id='par_1_45' title="bbox 2374 1869 2769 1926">
     <span class='ocr_line' id='line_1_45' title="bbox 2374 1869 2769 1926; baseline 0.008 -3"><span class='ocrx_word' id='word_1_351' title='bbox 2374 1869 2582 1926; x_wconf 70' lang='grc' dir='ltr'><strong>ΠΑἯΙ)</strong></span> <span class='ocrx_word' id='word_1_352' title='bbox 2633 1871 2769 1926; x_wconf 76' lang='lat' dir='ltr'><strong>LXI.</strong></span> 
     </span>
    </p>
   </div>
   <div class='ocr_carea' id='block_1_46' title="bbox 1853 1986 3356 2060">
    <p class='ocr_par' dir='ltr' id='par_1_46' title="bbox 1853 1986 3356 2060">
     <span class='ocr_line' id='line_1_46' title="bbox 1853 1986 3356 2060; baseline 0.003 -18"><span class='ocrx_word' id='word_1_353' title='bbox 1853 1988 2019 2046; x_wconf 68' lang='lat' dir='ltr'><strong>Vens.</strong></span> <span class='ocrx_word' id='word_1_354' title='bbox 2057 1990 2113 2052; x_wconf 71' lang='lat'><strong>2,</strong></span> <span class='ocrx_word' id='word_1_355' title='bbox 2145 1989 2196 2045; x_wconf 78' lang='grc'>5.</span> <span class='ocrx_word' id='word_1_356' title='bbox 2262 2006 2281 2040; x_wconf 73' lang='grc' dir='ltr'><strong>ι</strong></span> <span class='ocrx_word' id='word_1_357' title='bbox 2321 1986 2512 2044; x_wconf 87' lang='lat' dir='ltr'><strong>Nonne</strong></span> <span class='ocrx_word' id='word_1_358' title='bbox 2563 1987 2676 2044; x_wconf 90' lang='lat' dir='ltr'><strong>Deo</strong></span> <span class='ocrx_word' id='word_1_359' title='bbox 2722 1987 2974 2060; x_wconf 78' lang='lat' dir='ltr'><strong>subjecta</strong></span> <span class='ocrx_word' id='word_1_360' title='bbox 3019 1991 3126 2045; x_wconf 89' lang='lat' dir='ltr'><strong>erit</strong></span> <span class='ocrx_word' id='word_1_361' title='bbox 3172 1990 3356 2046; x_wconf 88' lang='lat' dir='ltr'><strong>anima</strong></span> 
     </span>
    </p>
   </div>
   <div class='ocr_carea' id='block_1_47' title="bbox 1782 2079 3355 2156">
    <p class='ocr_par' dir='ltr' id='par_1_47' title="bbox 1782 2079 3355 2156">
     <span class='ocr_line' id='line_1_47' title="bbox 1782 2079 3355 2156; baseline 0.001 -20"><span class='ocrx_word' id='word_1_362' title='bbox 1782 2083 1944 2138; x_wconf 89' lang='lat' dir='ltr'><strong>mea?</strong></span> <span class='ocrx_word' id='word_1_363' title='bbox 1968 2082 2037 2156; x_wconf 84' lang='lat' dir='ltr'><strong>ab</strong></span> <span class='ocrx_word' id='word_1_364' title='bbox 2065 2084 2184 2152; x_wconf 85' lang='lat' dir='ltr'><strong>ipso</strong></span> <span class='ocrx_word' id='word_1_365' title='bbox 2214 2080 2359 2135; x_wconf 89' lang='lat' dir='ltr'><strong>enim</strong></span> <span class='ocrx_word' id='word_1_366' title='bbox 2395 2079 2651 2136; x_wconf 83' lang='lat' dir='ltr'><strong>Salutare</strong></span> <span class='ocrx_word' id='word_1_367' title='bbox 2688 2095 2890 2136; x_wconf 89' lang='lat' dir='ltr'><strong>meum.</strong></span> <span class='ocrx_word' id='word_1_368' title='bbox 2934 2100 2952 2133; x_wconf 76' lang='grc' dir='ltr'><strong>ι</strong></span> <span class='ocrx_word' id='word_1_369' title='bbox 2984 2079 3085 2136; x_wconf 86' lang='lat' dir='ltr'><strong>Hic</strong></span> <span class='ocrx_word' id='word_1_370' title='bbox 3112 2081 3355 2152; x_wconf 87' lang='lat' dir='ltr'><strong>psalmus</strong></span> 
     </span>
    </p>
   </div>
   <div class='ocr_carea' id='block_1_48' title="bbox 1781 2172 3356 2245">
    <p class='ocr_par' dir='ltr' id='par_1_48' title="bbox 1781 2172 3356 2245">
     <span class='ocr_line' id='line_1_48' title="bbox 1781 2172 3356 2245; baseline 0 -17"><span class='ocrx_word' id='word_1_371' title='bbox 1781 2174 1970 2230; x_wconf 84' lang='lat' dir='ltr'><strong>Davidi</strong></span> <span class='ocrx_word' id='word_1_372' title='bbox 2003 2174 2222 2245; x_wconf 89' lang='lat' dir='ltr'><strong>quidem</strong></span> <span class='ocrx_word' id='word_1_373' title='bbox 2267 2174 2447 2230; x_wconf 85' lang='lat' dir='ltr'><strong>dictus</strong></span> <span class='ocrx_word' id='word_1_374' title='bbox 2478 2184 2584 2238; x_wconf 90' lang='lat' dir='ltr'><strong>est,</strong></span> <span class='ocrx_word' id='word_1_375' title='bbox 2617 2172 2965 2243; x_wconf 86' lang='lat' dir='ltr'><strong>inscriptioni</strong></span> <span class='ocrx_word' id='word_1_376' title='bbox 2993 2187 3158 2244; x_wconf 88' lang='lat' dir='ltr'><strong>porro</strong></span> <span class='ocrx_word' id='word_1_377' title='bbox 3197 2173 3356 2228; x_wconf 81' lang='lat' dir='ltr'><strong>addi-</strong></span> 
     </span>
    </p>
   </div>
   <div class='ocr_carea' id='block_1_49' title="bbox 1778 2257 3352 2338">
    <p class='ocr_par' dir='ltr' id='par_1_49' title="bbox 1778 2257 3352 2338">
     <span class='ocr_line' id='line_1_49' title="bbox 1778 2257 3352 2338; baseline -0.001 -18"><span class='ocrx_word' id='word_1_378' title='bbox 1778 2275 1889 2330; x_wconf 90' lang='lat' dir='ltr'><strong>tur,</strong></span> <span class='ocrx_word' id='word_1_379' title='bbox 1931 2286 1949 2318; x_wconf 73' lang='grc' dir='ltr'><strong>ι</strong></span> <span class='ocrx_word' id='word_1_380' title='bbox 1988 2283 2090 2338; x_wconf 87' lang='lat' dir='ltr'><strong>pro</strong></span> <span class='ocrx_word' id='word_1_381' title='bbox 2123 2265 2380 2322; x_wconf 91' lang='lat' dir='ltr'><strong>ldilhum.</strong></span> <span class='ocrx_word' id='word_1_382' title='bbox 2417 2286 2436 2317; x_wconf 74' lang='grc' dir='ltr'><strong>ι</strong></span> <span class='ocrx_word' id='word_1_383' title='bbox 2474 2265 2684 2333; x_wconf 86' lang='lat' dir='ltr'><strong>Quibus</strong></span> <span class='ocrx_word' id='word_1_384' title='bbox 2733 2266 3050 2329; x_wconf 91' lang='lat' dir='ltr'><strong>edocemur,</strong></span> <span class='ocrx_word' id='word_1_385' title='bbox 3091 2257 3352 2320; x_wconf 87' lang='lat' dir='ltr'><strong>Davidem</strong></span> 
     </span>
    </p>
   </div>
   <div class='ocr_carea' id='block_1_50' title="bbox 1776 2351 3354 2434">
    <p class='ocr_par' dir='ltr' id='par_1_50' title="bbox 1776 2351 3354 2434">
     <span class='ocr_line' id='line_1_50' title="bbox 1776 2351 3354 2434; baseline -0.001 -20"><span class='ocrx_word' id='word_1_386' title='bbox 1776 2376 1902 2414; x_wconf 92' lang='lat' dir='ltr'><strong>cum</strong></span> <span class='ocrx_word' id='word_1_387' title='bbox 1939 2375 2036 2430; x_wconf 82' lang='lat' dir='ltr'><strong>pro</strong></span> <span class='ocrx_word' id='word_1_388' title='bbox 2063 2358 2297 2434; x_wconf 84' lang='lat' dir='ltr'><strong>ldithum</strong></span> <span class='ocrx_word' id='word_1_389' title='bbox 2329 2360 2599 2430; x_wconf 87' lang='lat' dir='ltr'><strong>psalmum</strong></span> <span class='ocrx_word' id='word_1_390' title='bbox 2648 2357 2992 2421; x_wconf 86' lang='lat' dir='ltr'><strong>adornasset,</strong></span> <span class='ocrx_word' id='word_1_391' title='bbox 3043 2359 3149 2428; x_wconf 87' lang='lat' dir='ltr'><strong>ipsi</strong></span> <span class='ocrx_word' id='word_1_392' title='bbox 3183 2351 3354 2413; x_wconf 78' lang='lat' dir='ltr'><strong>tradi-</strong></span> 
     </span>
    </p>
   </div>
   <div class='ocr_carea' id='block_1_51' title="bbox 1775 2450 3352 2519">
    <p class='ocr_par' dir='ltr' id='par_1_51' title="bbox 1775 2450 3352 2519">
     <span class='ocr_line' id='line_1_51' title="bbox 1775 2450 3352 2519; baseline 0 -13"><span class='ocrx_word' id='word_1_393' title='bbox 1775 2452 1924 2507; x_wconf 88' lang='lat' dir='ltr'><strong>disse</strong></span> <span class='ocrx_word' id='word_1_394' title='bbox 1955 2452 2021 2506; x_wconf 92' lang='lat' dir='ltr'><strong>ad</strong></span> <span class='ocrx_word' id='word_1_395' title='bbox 2053 2450 2422 2506; x_wconf 86' lang='lat' dir='ltr'><strong>meditandum</strong></span> <span class='ocrx_word' id='word_1_396' title='bbox 2452 2469 2468 2519; x_wconf 89' lang='lat'><strong>;</strong></span> <span class='ocrx_word' id='word_1_397' title='bbox 2503 2459 2563 2504; x_wconf 92' lang='lat' dir='ltr'><strong>ut</strong></span> <span class='ocrx_word' id='word_1_398' title='bbox 2593 2465 2680 2514; x_wconf 94' lang='lat' dir='ltr'><strong>eo,</strong></span> <span class='ocrx_word' id='word_1_399' title='bbox 2709 2451 2990 2506; x_wconf 89' lang='lat' dir='ltr'><strong>accidente</strong></span> <span class='ocrx_word' id='word_1_400' title='bbox 3020 2451 3352 2517; x_wconf 85' lang='lat' dir='ltr'><strong>calamitate,</strong></span> 
     </span>
    </p>
   </div>
   <div class='ocr_carea' id='block_1_52' title="bbox 1775 2541 3351 2614">
    <p class='ocr_par' dir='ltr' id='par_1_52' title="bbox 1775 2541 3351 2614">
     <span class='ocr_line' id='line_1_52' title="bbox 1775 2541 3351 2614; baseline 0.003 -18"><span class='ocrx_word' id='word_1_401' title='bbox 1775 2544 1935 2614; x_wconf 83' lang='lat' dir='ltr'><strong>quasi</strong></span> <span class='ocrx_word' id='word_1_402' title='bbox 1988 2543 2396 2598; x_wconf 89' lang='lat' dir='ltr'><strong>incantamento</strong></span> <span class='ocrx_word' id='word_1_403' title='bbox 2453 2549 2704 2598; x_wconf 89' lang='lat' dir='ltr'><strong>uteretur</strong></span> <span class='ocrx_word' id='word_1_404' title='bbox 2751 2541 2818 2597; x_wconf 91' lang='lat' dir='ltr'><strong>ad</strong></span> <span class='ocrx_word' id='word_1_405' title='bbox 2876 2542 3166 2597; x_wconf 84' lang='lat' dir='ltr'><strong>medelam.</strong></span> <span class='ocrx_word' id='word_1_406' title='bbox 3222 2543 3351 2600; x_wconf 83' lang='lat' dir='ltr'><strong>Item</strong></span> 
     </span>
    </p>
   </div>
   <div class='ocr_carea' id='block_1_53' title="bbox 1775 2632 3355 2706">
    <p class='ocr_par' dir='ltr' id='par_1_53' title="bbox 1775 2632 3355 2706">
     <span class='ocr_line' id='line_1_53' title="bbox 1775 2632 3355 2706; baseline 0.002 -17"><span class='ocrx_word' id='word_1_407' title='bbox 1775 2635 2300 2706; x_wconf 78' lang='lat' dir='ltr'><strong>xxxvruinscriptus</strong></span> <span class='ocrx_word' id='word_1_408' title='bbox 2321 2640 2406 2690; x_wconf 87' lang='lat' dir='ltr'><strong>est</strong></span> <span class='ocrx_word' id='word_1_409' title='bbox 2436 2653 2450 2688; x_wconf 90' lang='lat'><strong>:</strong></span> <span class='ocrx_word' id='word_1_410' title='bbox 2488 2651 2506 2684; x_wconf 78' lang='grc' dir='ltr'><strong>ι</strong></span> <span class='ocrx_word' id='word_1_411' title='bbox 2533 2633 2590 2687; x_wconf 91' lang='lat' dir='ltr'><strong>In</strong></span> <span class='ocrx_word' id='word_1_412' title='bbox 2616 2633 2798 2697; x_wconf 81' lang='lat' dir='ltr'><strong>linem,</strong></span> <span class='ocrx_word' id='word_1_413' title='bbox 2825 2632 2930 2704; x_wconf 85' lang='lat' dir='ltr'><strong>ipsi</strong></span> <span class='ocrx_word' id='word_1_414' title='bbox 2950 2632 3355 2699; x_wconf 89' lang='lat' dir='ltr'><strong>ldithum,can-</strong></span> 
     </span>
    </p>
   </div>
   <div class='ocr_carea' id='block_1_54' title="bbox 1774 2721 3349 2796">
    <p class='ocr_par' dir='ltr' id='par_1_54' title="bbox 1774 2721 3349 2796">
     <span class='ocr_line' id='line_1_54' title="bbox 1774 2721 3349 2796; baseline 0 -17"><span class='ocrx_word' id='word_1_415' title='bbox 1774 2727 1943 2780; x_wconf 87' lang='lat' dir='ltr'><strong>ticum</strong></span> <span class='ocrx_word' id='word_1_416' title='bbox 1975 2726 2211 2796; x_wconf 77' lang='lat' dir='ltr'><strong>Davidis.</strong></span> <span class='ocrx_word' id='word_1_417' title='bbox 2247 2745 2266 2778; x_wconf 73' lang='grc' dir='ltr'><strong>ι</strong></span> <span class='ocrx_word' id='word_1_418' title='bbox 2299 2727 2358 2779; x_wconf 83' lang='grc' dir='ltr'>1η</span> <span class='ocrx_word' id='word_1_419' title='bbox 2387 2739 2497 2795; x_wconf 91' lang='lat' dir='ltr'><strong>quo</strong></span> <span class='ocrx_word' id='word_1_420' title='bbox 2526 2725 2779 2779; x_wconf 83' lang='lat' dir='ltr'><strong>similiter</strong></span> <span class='ocrx_word' id='word_1_421' title='bbox 2823 2723 2990 2778; x_wconf 88' lang='lat' dir='ltr'><strong>David</strong></span> <span class='ocrx_word' id='word_1_422' title='bbox 3042 2721 3349 2779; x_wconf 83' lang='lat' dir='ltr'><strong>doctrinam</strong></span> 
     </span>
    </p>
   </div>
   <div class='ocr_carea' id='block_1_55' title="bbox 1772 2814 3354 2890">
    <p class='ocr_par' dir='ltr' id='par_1_55' title="bbox 1772 2814 3354 2890">
     <span class='ocr_line' id='line_1_55' title="bbox 1772 2814 3354 2890; baseline -0.002 -17"><span class='ocrx_word' id='word_1_423' title='bbox 1772 2819 1878 2890; x_wconf 89' lang='lat' dir='ltr'><strong>ipsi</strong></span> <span class='ocrx_word' id='word_1_424' title='bbox 1894 2817 2128 2872; x_wconf 79' lang='lat' dir='ltr'><strong>ldilhum</strong></span> <span class='ocrx_word' id='word_1_425' title='bbox 2158 2819 2212 2872; x_wconf 90' lang='lat' dir='ltr'><strong>in</strong></span> <span class='ocrx_word' id='word_1_426' title='bbox 2241 2817 2356 2888; x_wconf 89' lang='lat' dir='ltr'><strong>pari</strong></span> <span class='ocrx_word' id='word_1_427' title='bbox 2399 2831 2606 2881; x_wconf 87' lang='lat' dir='ltr'><strong>rerum,</strong></span> <span class='ocrx_word' id='word_1_428' title='bbox 2635 2823 2696 2870; x_wconf 91' lang='lat' dir='ltr'><strong>ut</strong></span> <span class='ocrx_word' id='word_1_429' title='bbox 2741 2814 2996 2881; x_wconf 88' lang='lat' dir='ltr'><strong>arbitror,</strong></span> <span class='ocrx_word' id='word_1_430' title='bbox 3039 2815 3354 2871; x_wconf 85' lang='lat' dir='ltr'><strong>cond-itione</strong></span> 
     </span>
    </p>
   </div>
   <div class='ocr_carea' id='block_1_56' title="bbox 1769 2907 3348 2980">
    <p class='ocr_par' dir='ltr' id='par_1_56' title="bbox 1769 2907 3348 2980">
     <span class='ocr_line' id='line_1_56' title="bbox 1769 2907 3348 2980; baseline -0.001 -14"><span class='ocrx_word' id='word_1_431' title='bbox 1769 2911 2014 2968; x_wconf 90' lang='lat' dir='ltr'><strong>tradidit.</strong></span> <span class='ocrx_word' id='word_1_432' title='bbox 2039 2911 2172 2967; x_wconf 86' lang='lat' dir='ltr'><strong>Nam</strong></span> <span class='ocrx_word' id='word_1_433' title='bbox 2201 2911 2290 2965; x_wconf 85' lang='lat' dir='ltr'><strong>hic</strong></span> <span class='ocrx_word' id='word_1_434' title='bbox 2319 2909 2523 2965; x_wconf 91' lang='lat' dir='ltr'><strong>dicitur</strong></span> <span class='ocrx_word' id='word_1_435' title='bbox 2549 2928 2562 2964; x_wconf 92' lang='lat'><strong>:</strong></span> <span class='ocrx_word' id='word_1_436' title='bbox 2601 2929 2620 2962; x_wconf 74' lang='grc' dir='ltr'><strong>ι</strong></span> <span class='ocrx_word' id='word_1_437' title='bbox 2656 2907 2774 2963; x_wconf 89' lang='lat' dir='ltr'><strong>Non</strong></span> <span class='ocrx_word' id='word_1_438' title='bbox 2813 2909 3072 2964; x_wconf 89' lang='lat' dir='ltr'><strong>movebor</strong></span> <span class='ocrx_word' id='word_1_439' title='bbox 3093 2910 3348 2980; x_wconf 88' lang='lat' dir='ltr'><strong>amplius.</strong></span> 
     </span>
    </p>
   </div>
   <div class='ocr_carea' id='block_1_57' title="bbox 1769 3001 3347 3076">
    <p class='ocr_par' dir='ltr' id='par_1_57' title="bbox 1769 3001 3347 3076">
     <span class='ocr_line' id='line_1_57' title="bbox 1769 3001 3347 3076; baseline -0.002 -15"><span class='ocrx_word' id='word_1_440' title='bbox 1769 3004 2069 3076; x_wconf 84' lang='lat' dir='ltr'><strong>Quousque</strong></span> <span class='ocrx_word' id='word_1_441' title='bbox 2097 3003 2310 3060; x_wconf 88' lang='lat' dir='ltr'><strong>irruitis</strong></span> <span class='ocrx_word' id='word_1_442' title='bbox 2338 3003 2393 3058; x_wconf 91' lang='lat' dir='ltr'><strong>in</strong></span> <span class='ocrx_word' id='word_1_443' title='bbox 2424 3003 2699 3057; x_wconf 90' lang='lat' dir='ltr'><strong>hominem</strong></span> <span class='ocrx_word' id='word_1_444' title='bbox 2727 3001 3079 3058; x_wconf 84' lang='lat' dir='ltr'><strong>?interﬁcitis</strong></span> <span class='ocrx_word' id='word_1_445' title='bbox 3108 3003 3347 3058; x_wconf 79' lang='lat' dir='ltr'><strong>universi</strong></span> 
     </span>
    </p>
   </div>
   <div class='ocr_carea' id='block_1_58' title="bbox 1767 3091 3352 3164">
    <p class='ocr_par' dir='ltr' id='par_1_58' title="bbox 1767 3091 3352 3164">
     <span class='ocr_line' id='line_1_58' title="bbox 1767 3091 3352 3164; baseline 0.001 -18"><span class='ocrx_word' id='word_1_446' title='bbox 1767 3109 1888 3150; x_wconf 88' lang='lat' dir='ltr'><strong>vos.</strong></span> <span class='ocrx_word' id='word_1_447' title='bbox 1926 3111 1947 3147; x_wconf 73' lang='grc' dir='ltr'><strong>ι</strong></span> <span class='ocrx_word' id='word_1_448' title='bbox 1981 3092 2038 3148; x_wconf 89' lang='lat' dir='ltr'><strong>In</strong></span> <span class='ocrx_word' id='word_1_449' title='bbox 2071 3109 2282 3148; x_wconf 74' lang='lat' dir='ltr'><strong>xxxviii</strong></span> <span class='ocrx_word' id='word_1_450' title='bbox 2332 3102 2512 3147; x_wconf 91' lang='lat' dir='ltr'><strong>autem</strong></span> <span class='ocrx_word' id='word_1_451' title='bbox 2545 3111 2557 3146; x_wconf 90' lang='lat'>:</span> <span class='ocrx_word' id='word_1_452' title='bbox 2612 3110 2631 3142; x_wconf 70' lang='grc' dir='ltr'><strong>ι</strong></span> <span class='ocrx_word' id='word_1_453' title='bbox 2688 3091 2822 3145; x_wconf 86' lang='lat' dir='ltr'><strong>Cum</strong></span> <span class='ocrx_word' id='word_1_454' title='bbox 2855 3091 3182 3148; x_wconf 84' lang='lat' dir='ltr'><strong>consisteret</strong></span> <span class='ocrx_word' id='word_1_455' title='bbox 3221 3109 3352 3164; x_wconf 87' lang='lat' dir='ltr'><strong>pec-</strong></span> 
     </span>
    </p>
   </div>
   <div class='ocr_carea' id='block_1_59' title="bbox 119 3184 1664 3262">
    <p class='ocr_par' dir='ltr' id='par_1_59' title="bbox 119 3185 1664 3262">
     <span class='ocr_line' id='line_1_59' title="bbox 119 3185 1664 3262; baseline 0.008 -27"><span class='ocrx_word' id='word_1_456' title='bbox 119 3200 192 3247; x_wconf 89' lang='grc' dir='ltr'><strong>τες</strong></span> <span class='ocrx_word' id='word_1_457' title='bbox 215 3185 396 3256; x_wconf 77' lang='grc' dir='ltr'>ὑμείςς</span> <span class='ocrx_word' id='word_1_458' title='bbox 447 3206 468 3240; x_wconf 74' lang='grc' dir='ltr'><strong>ι</strong></span> <span class='ocrx_word' id='word_1_459' title='bbox 512 3188 569 3240; x_wconf 80' lang='grc' dir='ltr'>ὲν</span> <span class='ocrx_word' id='word_1_460' title='bbox 612 3188 670 3242; x_wconf 84' lang='grc' dir='ltr'>δὲ</span> <span class='ocrx_word' id='word_1_461' title='bbox 709 3188 786 3260; x_wconf 82' lang='grc' dir='ltr'>τῷ</span> <span class='ocrx_word' id='word_1_462' title='bbox 814 3190 928 3260; x_wconf 85' lang='grc' dir='ltr'>λη’·</span> <span class='ocrx_word' id='word_1_463' title='bbox 969 3209 988 3242; x_wconf 73' lang='grc' dir='ltr'><strong>ι</strong></span> <span class='ocrx_word' id='word_1_464' title='bbox 1011 3191 1120 3244; x_wconf 88' lang='grc' dir='ltr'><strong>-Ἐν</strong></span> <span class='ocrx_word' id='word_1_465' title='bbox 1168 3191 1248 3262; x_wconf 86' lang='grc' dir='ltr'>τῷ</span> <span class='ocrx_word' id='word_1_466' title='bbox 1285 3193 1543 3262; x_wconf 77' lang='grc' dir='ltr'>συστῆναι</span> <span class='ocrx_word' id='word_1_467' title='bbox 1574 3194 1664 3246; x_wconf 85' lang='grc' dir='ltr'>τὸν</span> 
     </span>
    </p>
   </div>
   <div class='ocr_carea' id='block_1_60' title="bbox 1770 3184 3351 3262">
    <p class='ocr_par' dir='ltr' id='par_1_60' title="bbox 1770 3184 3351 3256">
     <span class='ocr_line' id='line_1_60' title="bbox 1770 3184 3351 3256; baseline -0.001 -13"><span class='ocrx_word' id='word_1_468' title='bbox 1770 3195 1923 3244; x_wconf 80' lang='lat' dir='ltr'><strong>calor</strong></span> <span class='ocrx_word' id='word_1_469' title='bbox 1946 3187 2234 3243; x_wconf 87' lang='lat' dir='ltr'><strong>adversum</strong></span> <span class='ocrx_word' id='word_1_470' title='bbox 2269 3202 2377 3256; x_wconf 90' lang='lat' dir='ltr'><strong>me,</strong></span> <span class='ocrx_word' id='word_1_471' title='bbox 2411 3185 2658 3241; x_wconf 85' lang='lat' dir='ltr'><strong>obmutui</strong></span> <span class='ocrx_word' id='word_1_472' title='bbox 2690 3193 2743 3240; x_wconf 87' lang='lat' dir='ltr'><strong>et</strong></span> <span class='ocrx_word' id='word_1_473' title='bbox 2775 3184 3094 3241; x_wconf 88' lang='lat' dir='ltr'><strong>humiliatus</strong></span> <span class='ocrx_word' id='word_1_474' title='bbox 3129 3201 3274 3253; x_wconf 85' lang='lat' dir='ltr'><strong>sum,</strong></span> <span class='ocrx_word' id='word_1_475' title='bbox 3297 3195 3351 3241; x_wconf 87' lang='lat' dir='ltr'><strong>et</strong></span> 
     </span>
    </p>
   </div>
   <div class='ocr_carea' id='block_1_61' title="bbox 119 3274 1661 3357">
    <p class='ocr_par' dir='ltr' id='par_1_61' title="bbox 119 3274 1661 3357">
     <span class='ocr_line' id='line_1_61' title="bbox 119 3274 1661 3357; baseline 0.007 -30"><span class='ocrx_word' id='word_1_476' title='bbox 119 3274 403 3345; x_wconf 79' lang='grc' dir='ltr'>ἁμαρτωλὸν</span> <span class='ocrx_word' id='word_1_477' title='bbox 427 3280 675 3334; x_wconf 77' lang='grc' dir='ltr'>ἐναντίον</span> <span class='ocrx_word' id='word_1_478' title='bbox 699 3299 820 3352; x_wconf 87' lang='grc' dir='ltr'>μου,</span> <span class='ocrx_word' id='word_1_479' title='bbox 839 3280 1137 3354; x_wconf 80' lang='grc' dir='ltr'>ὲκωφώθην</span> <span class='ocrx_word' id='word_1_480' title='bbox 1157 3282 1250 3337; x_wconf 73' lang='grc' dir='ltr'>καὶ</span> <span class='ocrx_word' id='word_1_481' title='bbox 1272 3283 1661 3357; x_wconf 83' lang='grc' dir='ltr'>ὲταπεινώθην,</span> 
     </span>
    </p>
   </div>
   <div class='ocr_carea' id='block_1_62' title="bbox 118 3364 1668 3446">
    <p class='ocr_par' dir='ltr' id='par_1_62' title="bbox 118 3364 1668 3446">
     <span class='ocr_line' id='line_1_62' title="bbox 118 3364 1668 3446; baseline 0.01 -30"><span class='ocrx_word' id='word_1_482' title='bbox 118 3364 193 3417; x_wconf 73' lang='grc' dir='ltr'>καὶ</span> <span class='ocrx_word' id='word_1_483' title='bbox 213 3367 431 3440; x_wconf 81' lang='grc' dir='ltr'>ὲσίγησα</span> <span class='ocrx_word' id='word_1_484' title='bbox 469 3368 533 3434; x_wconf 77' lang='grc' dir='ltr'>ἐξ</span> <span class='ocrx_word' id='word_1_485' title='bbox 565 3371 804 3440; x_wconf 79' lang='grc' dir='ltr'>ἀγαθῶν,</span> <span class='ocrx_word' id='word_1_486' title='bbox 843 3373 1020 3426; x_wconf 79' lang='grc' dir='ltr'>καὶτὸ</span> <span class='ocrx_word' id='word_1_487' title='bbox 1053 3373 1279 3446; x_wconf 78' lang='grc' dir='ltr'>ἄλγημά</span> <span class='ocrx_word' id='word_1_488' title='bbox 1316 3392 1416 3446; x_wconf 88' lang='grc' dir='ltr'><strong>μου</strong></span> <span class='ocrx_word' id='word_1_489' title='bbox 1450 3377 1668 3430; x_wconf 86' lang='grc' dir='ltr'>ἀνεκαι-</span> 
     </span>
    </p>
   </div>
   <div class='ocr_carea' id='block_1_63' title="bbox 116 3457 1663 3541">
    <p class='ocr_par' dir='ltr' id='par_1_63' title="bbox 116 3457 1663 3541">
     <span class='ocr_line' id='line_1_63' title="bbox 116 3457 1663 3541; baseline 0.01 -33"><span class='ocrx_word' id='word_1_490' title='bbox 116 3457 247 3530; x_wconf 82' lang='grc' dir='ltr'>νίσθη</span> <span class='ocrx_word' id='word_1_491' title='bbox 273 3476 286 3489; x_wconf 83' lang='grc'><em>’</em></span> <span class='ocrx_word' id='word_1_492' title='bbox 318 3479 336 3512; x_wconf 72' lang='grc' dir='ltr'><strong>ι</strong></span> <span class='ocrx_word' id='word_1_493' title='bbox 367 3462 461 3516; x_wconf 75' lang='grc' dir='ltr'>καὶ</span> <span class='ocrx_word' id='word_1_494' title='bbox 489 3463 652 3518; x_wconf 81' lang='grc' dir='ltr'>πάλιν</span> <span class='ocrx_word' id='word_1_495' title='bbox 677 3482 690 3495; x_wconf 90' lang='grc'><strong>·</strong></span> <span class='ocrx_word' id='word_1_496' title='bbox 721 3483 740 3516; x_wconf 74' lang='grc' dir='ltr'><strong>ι</strong></span> <span class='ocrx_word' id='word_1_497' title='bbox 785 3466 917 3519; x_wconf 81' lang='grc' dir='ltr'><strong>Ἀπὸ</strong></span> <span class='ocrx_word' id='word_1_498' title='bbox 946 3466 1134 3520; x_wconf 85' lang='grc' dir='ltr'>πασῶν</span> <span class='ocrx_word' id='word_1_499' title='bbox 1159 3468 1267 3522; x_wconf 87' lang='grc' dir='ltr'><strong>τῶν</strong></span> <span class='ocrx_word' id='word_1_500' title='bbox 1293 3470 1534 3540; x_wconf 79' lang='grc' dir='ltr'>ἀνομιῶν</span> <span class='ocrx_word' id='word_1_501' title='bbox 1564 3488 1663 3541; x_wconf 89' lang='grc' dir='ltr'><strong>μου</strong></span> 
     </span>
    </p>
   </div>
   <div class='ocr_carea' id='block_1_64' title="bbox 117 3550 1666 3632">
    <p class='ocr_par' dir='ltr' id='par_1_64' title="bbox 117 3550 1666 3632">
     <span class='ocr_line' id='line_1_64' title="bbox 117 3550 1666 3632; baseline 0.01 -29"><span class='ocrx_word' id='word_1_502' title='bbox 117 3550 252 3619; x_wconf 75' lang='grc' dir='ltr'>ῥῦσαί</span> <span class='ocrx_word' id='word_1_503' title='bbox 278 3571 340 3624; x_wconf 90' lang='grc' dir='ltr'><strong>με</strong></span> <span class='ocrx_word' id='word_1_504' title='bbox 360 3572 374 3585; x_wconf 67' lang='grc' dir='ltr'><em>υ</em></span> <span class='ocrx_word' id='word_1_505' title='bbox 397 3555 605 3621; x_wconf 79' lang='grc' dir='ltr'>ὄνειδος</span> <span class='ocrx_word' id='word_1_506' title='bbox 636 3557 828 3630; x_wconf 77' lang='grc' dir='ltr'>ἄφρονι</span> <span class='ocrx_word' id='word_1_507' title='bbox 850 3559 1056 3624; x_wconf 78' lang='grc' dir='ltr'>ἔδωκάς</span> <span class='ocrx_word' id='word_1_508' title='bbox 1085 3579 1174 3632; x_wconf 92' lang='grc' dir='ltr'><strong>με.</strong></span> <span class='ocrx_word' id='word_1_509' title='bbox 1209 3581 1226 3613; x_wconf 79' lang='grc' dir='ltr'><strong>ι</strong></span> <span class='ocrx_word' id='word_1_510' title='bbox 1259 3563 1370 3617; x_wconf 78' lang='grc' dir='ltr'><strong>Καὶ</strong></span> <span class='ocrx_word' id='word_1_511' title='bbox 1415 3563 1511 3617; x_wconf 89' lang='grc' dir='ltr'><strong>θέα</strong></span> <span class='ocrx_word' id='word_1_512' title='bbox 1543 3566 1666 3619; x_wconf 87' lang='grc' dir='ltr'>τίνα</span> 
     </span>
    </p>
   </div>
   <div class='ocr_carea' id='block_1_65' title="bbox 114 3643 1667 3726">
    <p class='ocr_par' dir='ltr' id='par_1_65' title="bbox 114 3643 1667 3726">
     <span class='ocr_line' id='line_1_65' title="bbox 114 3643 1667 3726; baseline 0.023 -38"><span class='ocrx_word' id='word_1_513' title='bbox 114 3643 286 3713; x_wconf 78' lang='grc' dir='ltr'>τρόπον</span> <span class='ocrx_word' id='word_1_514' title='bbox 307 3647 566 3717; x_wconf 80' lang='grc' dir='ltr'>ἐμφαίνει</span> <span class='ocrx_word' id='word_1_515' title='bbox 596 3649 663 3702; x_wconf 81' lang='grc' dir='ltr'><strong>δι’</strong></span> <span class='ocrx_word' id='word_1_516' title='bbox 686 3649 1012 3722; x_wconf 79' lang='grc' dir='ltr'>ἀμφοτέρων</span> <span class='ocrx_word' id='word_1_517' title='bbox 1034 3652 1092 3704; x_wconf 80' lang='grc' dir='ltr'>ἐν</span> <span class='ocrx_word' id='word_1_518' title='bbox 1111 3653 1400 3726; x_wconf 77' lang='grc' dir='ltr'>πειρασμῷ</span> <span class='ocrx_word' id='word_1_519' title='bbox 1421 3671 1526 3708; x_wconf 77' lang='grc' dir='ltr'>τινι</span> <span class='ocrx_word' id='word_1_520' title='bbox 1585 3656 1667 3722; x_wconf 70' lang='grc' dir='ltr'><strong>ἐξ·</strong></span> 
     </span>
    </p>
   </div>
   <div class='ocr_carea' id='block_1_66' title="bbox 111 3737 1665 3818">
    <p class='ocr_par' dir='ltr' id='par_1_66' title="bbox 111 3737 1665 3818">
     <span class='ocr_line' id='line_1_66' title="bbox 111 3737 1665 3818; baseline 0.006 -27"><span class='ocrx_word' id='word_1_521' title='bbox 111 3737 315 3805; x_wconf 56' lang='lat' dir='ltr'><strong>vitam;</strong></span> <span class='ocrx_word' id='word_1_522' title='bbox 341 3741 435 3794; x_wconf 73' lang='grc' dir='ltr'><strong>καὶ</strong></span> <span class='ocrx_word' id='word_1_523' title='bbox 463 3741 618 3794; x_wconf 84' lang='grc' dir='ltr'>δεινά</span> <span class='ocrx_word' id='word_1_524' title='bbox 657 3741 980 3796; x_wconf 80' lang='grc' dir='ltr'>πεπονθέναι</span> <span class='ocrx_word' id='word_1_525' title='bbox 1001 3759 1017 3775; x_wconf 76' lang='grc' dir='ltr'><strong>ο</strong></span> <span class='ocrx_word' id='word_1_526' title='bbox 1043 3743 1125 3797; x_wconf 81' lang='grc' dir='ltr'>διὸ</span> <span class='ocrx_word' id='word_1_527' title='bbox 1167 3743 1371 3810; x_wconf 85' lang='grc' dir='ltr'>ταύτας</span> <span class='ocrx_word' id='word_1_528' title='bbox 1413 3750 1665 3818; x_wconf 84' lang='grc' dir='ltr'>προσίετο</span> 
     </span>
    </p>
   </div>
   <div class='ocr_carea' id='block_1_67' title="bbox 112 3827 1664 3914">
    <p class='ocr_par' dir='ltr' id='par_1_67' title="bbox 112 3827 1664 3914">
     <span class='ocr_line' id='line_1_67' title="bbox 112 3827 1664 3914; baseline 0.006 -30"><span class='ocrx_word' id='word_1_529' title='bbox 112 3827 194 3892; x_wconf 79' lang='grc' dir='ltr'>τὰς</span> <span class='ocrx_word' id='word_1_530' title='bbox 212 3833 400 3900; x_wconf 83' lang='grc' dir='ltr'>φωνάς.</span> <span class='ocrx_word' id='word_1_531' title='bbox 426 3835 540 3888; x_wconf 72' lang='grc' dir='ltr'><strong>Καὶ</strong></span> <span class='ocrx_word' id='word_1_532' title='bbox 568 3835 625 3886; x_wconf 77' lang='grc' dir='ltr'>ὲν</span> <span class='ocrx_word' id='word_1_533' title='bbox 649 3835 746 3905; x_wconf 81' lang='grc' dir='ltr'>μὲν</span> <span class='ocrx_word' id='word_1_534' title='bbox 766 3834 843 3905; x_wconf 78' lang='grc' dir='ltr'><strong>τῷ</strong></span> <span class='ocrx_word' id='word_1_535' title='bbox 863 3835 1001 3905; x_wconf 82' lang='grc' dir='ltr'>μετὰ</span> <span class='ocrx_word' id='word_1_536' title='bbox 1028 3839 1216 3909; x_wconf 85' lang='grc' dir='ltr'>χεῖρας</span> <span class='ocrx_word' id='word_1_537' title='bbox 1237 3837 1435 3914; x_wconf 79' lang='grc' dir='ltr'>ψαλμῷ</span> <span class='ocrx_word' id='word_1_538' title='bbox 1459 3839 1664 3912; x_wconf 82' lang='grc' dir='ltr'>προϊών</span> 
     </span>
    </p>
   </div>
   <div class='ocr_carea' id='block_1_68' title="bbox 112 3925 1660 4000">
    <p class='ocr_par' dir='ltr' id='par_1_68' title="bbox 112 3925 1660 4000">
     <span class='ocr_line' id='line_1_68' title="bbox 112 3925 1660 4000; baseline 0.006 -26"><span class='ocrx_word' id='word_1_539' title='bbox 112 3937 222 3990; x_wconf 85' lang='grc' dir='ltr'>φησι</span> <span class='ocrx_word' id='word_1_540' title='bbox 245 3940 257 3953; x_wconf 94' lang='grc'><strong>·</strong></span> <span class='ocrx_word' id='word_1_541' title='bbox 296 3943 314 3976; x_wconf 80' lang='grc' dir='ltr'><strong>ι</strong></span> <span class='ocrx_word' id='word_1_542' title='bbox 350 3925 502 3997; x_wconf 78' lang='grc' dir='ltr'>Πλὴν</span> <span class='ocrx_word' id='word_1_543' title='bbox 537 3927 754 3996; x_wconf 81' lang='grc' dir='ltr'>μάταιοι</span> <span class='ocrx_word' id='word_1_544' title='bbox 786 3929 836 3980; x_wconf 82' lang='grc' dir='ltr'>οἱ</span> <span class='ocrx_word' id='word_1_545' title='bbox 869 3929 979 3981; x_wconf 78' lang='grc' dir='ltr'>υἰοὶ</span> <span class='ocrx_word' id='word_1_546' title='bbox 1016 3929 1123 3982; x_wconf 87' lang='grc' dir='ltr'><strong>τῶν</strong></span> <span class='ocrx_word' id='word_1_547' title='bbox 1161 3929 1496 4000; x_wconf 86' lang='grc' dir='ltr'>ἀνθρώπων,</span> <span class='ocrx_word' id='word_1_548' title='bbox 1524 3930 1660 4000; x_wconf 82' lang='grc' dir='ltr'>ψευ-</span> 
     </span>
    </p>
   </div>
   <div class='ocr_carea' id='block_1_69' title="bbox 109 4009 1661 4091">
    <p class='ocr_par' dir='ltr' id='par_1_69' title="bbox 109 4009 1661 4091">
     <span class='ocr_line' id='line_1_69' title="bbox 109 4009 1661 4091; baseline 0.009 -28"><span class='ocrx_word' id='word_1_549' title='bbox 109 4009 200 4076; x_wconf 79' lang='grc' dir='ltr'>δεῖς</span> <span class='ocrx_word' id='word_1_550' title='bbox 226 4013 323 4068; x_wconf 72' lang='grc' dir='ltr'>υἰοὶ</span> <span class='ocrx_word' id='word_1_551' title='bbox 349 4015 458 4070; x_wconf 84' lang='grc' dir='ltr'><strong>τῶν</strong></span> <span class='ocrx_word' id='word_1_552' title='bbox 487 4014 790 4087; x_wconf 80' lang='grc' dir='ltr'>ἀνθρώπων</span> <span class='ocrx_word' id='word_1_553' title='bbox 819 4021 876 4072; x_wconf 81' lang='grc' dir='ltr'>ὲν</span> <span class='ocrx_word' id='word_1_554' title='bbox 902 4017 1106 4086; x_wconf 75' lang='grc' dir='ltr'>ζυγοῖς,</span> <span class='ocrx_word' id='word_1_555' title='bbox 1134 4017 1225 4073; x_wconf 72' lang='grc' dir='ltr'><strong>τοῦ</strong></span> <span class='ocrx_word' id='word_1_556' title='bbox 1264 4019 1515 4091; x_wconf 87' lang='grc' dir='ltr'>ἀδικῆσαι</span> <span class='ocrx_word' id='word_1_557' title='bbox 1560 4023 1661 4076; x_wconf 85' lang='grc' dir='ltr'><strong>αὑ-</strong></span> 
     </span>
    </p>
   </div>
   <div class='ocr_carea' id='block_1_70' title="bbox 109 4105 1660 4184">
    <p class='ocr_par' dir='ltr' id='par_1_70' title="bbox 109 4105 1660 4184">
     <span class='ocr_line' id='line_1_70' title="bbox 109 4105 1660 4184; baseline 0.008 -30"><span class='ocrx_word' id='word_1_558' title='bbox 109 4105 177 4156; x_wconf 75' lang='grc' dir='ltr'>τοὶ</span> <span class='ocrx_word' id='word_1_559' title='bbox 203 4109 262 4160; x_wconf 79' lang='grc' dir='ltr'>ἐκ</span> <span class='ocrx_word' id='word_1_560' title='bbox 294 4110 656 4180; x_wconf 84' lang='grc' dir='ltr'>ματαιότητος</span> <span class='ocrx_word' id='word_1_561' title='bbox 682 4112 774 4164; x_wconf 77' lang='grc' dir='ltr'>ἐπὶ</span> <span class='ocrx_word' id='word_1_562' title='bbox 807 4111 867 4164; x_wconf 78' lang='grc' dir='ltr'><strong>τὸ</strong></span> <span class='ocrx_word' id='word_1_563' title='bbox 895 4112 1027 4166; x_wconf 82' lang='grc' dir='ltr'><strong>αύτό</strong></span> <span class='ocrx_word' id='word_1_564' title='bbox 1047 4129 1063 4144; x_wconf 77' lang='grc' dir='ltr'><strong>ο</strong></span> <span class='ocrx_word' id='word_1_565' title='bbox 1105 4132 1123 4164; x_wconf 76' lang='grc' dir='ltr'><strong>ι</strong></span> <span class='ocrx_word' id='word_1_566' title='bbox 1158 4114 1253 4166; x_wconf 74' lang='grc' dir='ltr'>καὶ</span> <span class='ocrx_word' id='word_1_567' title='bbox 1276 4114 1338 4166; x_wconf 81' lang='grc' dir='ltr'>ὲν</span> <span class='ocrx_word' id='word_1_568' title='bbox 1372 4114 1568 4184; x_wconf 75' lang='grc' dir='ltr'>ἐκείνῳ</span> <span class='ocrx_word' id='word_1_569' title='bbox 1603 4114 1660 4166; x_wconf 80' lang='grc' dir='ltr'>δὲ</span> 
     </span>
    </p>
   </div>
   <div class='ocr_carea' id='block_1_71' title="bbox 108 4195 1657 4276">
    <p class='ocr_par' dir='ltr' id='par_1_71' title="bbox 108 4195 1657 4276">
     <span class='ocr_line' id='line_1_71' title="bbox 108 4195 1657 4276; baseline 0.007 -28"><span class='ocrx_word' id='word_1_570' title='bbox 108 4195 283 4267; x_wconf 80' lang='grc' dir='ltr'>ὁμοίως</span> <span class='ocrx_word' id='word_1_571' title='bbox 331 4201 555 4272; x_wconf 75' lang='grc' dir='ltr'>εἴρητο·</span> <span class='ocrx_word' id='word_1_572' title='bbox 615 4221 634 4254; x_wconf 77' lang='grc' dir='ltr'><strong>ι</strong></span> <span class='ocrx_word' id='word_1_573' title='bbox 671 4201 820 4274; x_wconf 82' lang='grc' dir='ltr'>Πλὴν</span> <span class='ocrx_word' id='word_1_574' title='bbox 872 4202 942 4256; x_wconf 74' lang='grc' dir='ltr'>τὰ</span> <span class='ocrx_word' id='word_1_575' title='bbox 1001 4203 1292 4276; x_wconf 84' lang='grc' dir='ltr'>σύμπαντα</span> <span class='ocrx_word' id='word_1_576' title='bbox 1342 4207 1657 4276; x_wconf 76' lang='grc' dir='ltr'>ματαιότης,</span> 
     </span>
    </p>
   </div>
   <div class='ocr_carea' id='block_1_72' title="bbox 109 4291 1660 4369">
    <p class='ocr_par' dir='ltr' id='par_1_72' title="bbox 109 4291 1660 4369">
     <span class='ocr_line' id='line_1_72' title="bbox 109 4291 1660 4369; baseline 0.008 -28"><span class='ocrx_word' id='word_1_577' title='bbox 109 4291 200 4353; x_wconf 73' lang='grc' dir='ltr'>πᾶς</span> <span class='ocrx_word' id='word_1_578' title='bbox 224 4291 506 4366; x_wconf 81' lang='grc' dir='ltr'>ἄνθρωπος</span> <span class='ocrx_word' id='word_1_579' title='bbox 541 4293 650 4360; x_wconf 85' lang='grc' dir='ltr'>ζῶν</span> <span class='ocrx_word' id='word_1_580' title='bbox 673 4314 690 4330; x_wconf 76' lang='grc' dir='ltr'><strong>ο</strong></span> <span class='ocrx_word' id='word_1_581' title='bbox 722 4296 815 4349; x_wconf 77' lang='grc' dir='ltr'>καὶ</span> <span class='ocrx_word' id='word_1_582' title='bbox 842 4296 1006 4349; x_wconf 87' lang='grc' dir='ltr'>πάλιν</span> <span class='ocrx_word' id='word_1_583' title='bbox 1028 4308 1043 4325; x_wconf 79' lang='grc'><em>’</em></span> <span class='ocrx_word' id='word_1_584' title='bbox 1086 4315 1104 4340; x_wconf 74' lang='grc' dir='ltr'><strong>ι</strong></span> <span class='ocrx_word' id='word_1_585' title='bbox 1147 4297 1290 4369; x_wconf 82' lang='grc' dir='ltr'>Πλὴν</span> <span class='ocrx_word' id='word_1_586' title='bbox 1329 4298 1504 4369; x_wconf 80' lang='grc' dir='ltr'>μάτην</span> <span class='ocrx_word' id='word_1_587' title='bbox 1552 4300 1660 4363; x_wconf 63' lang='grc' dir='ltr'>παῖς</span> 
     </span>
    </p>
   </div>
   <div class='ocr_carea' id='block_1_73' title="bbox 106 4379 1660 4461">
    <p class='ocr_par' dir='ltr' id='par_1_73' title="bbox 106 4379 1660 4461">
     <span class='ocr_line' id='line_1_73' title="bbox 106 4379 1660 4461; baseline 0.006 -27"><span class='ocrx_word' id='word_1_588' title='bbox 106 4379 392 4453; x_wconf 77' lang='grc' dir='ltr'>ἄνθρωπος·</span> <span class='ocrx_word' id='word_1_589' title='bbox 450 4405 470 4438; x_wconf 72' lang='grc' dir='ltr'><strong>ι</strong></span> <span class='ocrx_word' id='word_1_590' title='bbox 539 4387 682 4460; x_wconf 69' lang='grc' dir='ltr'>ἅπερ</span> <span class='ocrx_word' id='word_1_591' title='bbox 712 4388 864 4443; x_wconf 82' lang='grc' dir='ltr'>οὐδὲν</span> <span class='ocrx_word' id='word_1_592' title='bbox 902 4388 968 4444; x_wconf 83' lang='grc' dir='ltr'>ἂν</span> <span class='ocrx_word' id='word_1_593' title='bbox 997 4389 1244 4461; x_wconf 78' lang='grc' dir='ltr'>διαφέροι</span> <span class='ocrx_word' id='word_1_594' title='bbox 1284 4390 1409 4443; x_wconf 79' lang='grc' dir='ltr'>τοῦ·</span> <span class='ocrx_word' id='word_1_595' title='bbox 1441 4410 1457 4440; x_wconf 77' lang='grc' dir='ltr'><strong>ι</strong></span> <span class='ocrx_word' id='word_1_596' title='bbox 1515 4391 1660 4460; x_wconf 81' lang='grc' dir='ltr'>Πλὴν</span> 
     </span>
    </p>
   </div>
   <div class='ocr_carea' id='block_1_74' title="bbox 111 4476 1658 4554">
    <p class='ocr_par' dir='ltr' id='par_1_74' title="bbox 111 4476 1658 4554">
     <span class='ocr_line' id='line_1_74' title="bbox 111 4476 1658 4554; baseline 0.004 -24"><span class='ocrx_word' id='word_1_597' title='bbox 111 4476 302 4544; x_wconf 81' lang='grc' dir='ltr'>μάταιοι</span> <span class='ocrx_word' id='word_1_598' title='bbox 328 4481 377 4534; x_wconf 89' lang='grc' dir='ltr'>οἱ</span> <span class='ocrx_word' id='word_1_599' title='bbox 403 4482 514 4535; x_wconf 78' lang='grc' dir='ltr'>υἱοὶ</span> <span class='ocrx_word' id='word_1_600' title='bbox 541 4481 650 4536; x_wconf 90' lang='grc' dir='ltr'><strong>τῶν</strong></span> <span class='ocrx_word' id='word_1_601' title='bbox 677 4481 1000 4554; x_wconf 82' lang='grc' dir='ltr'>ἀνθρώπων,</span> <span class='ocrx_word' id='word_1_602' title='bbox 1031 4483 1185 4537; x_wconf 75' lang='grc' dir='ltr'>αὐτοὶ</span> <span class='ocrx_word' id='word_1_603' title='bbox 1209 4485 1275 4536; x_wconf 83' lang='grc' dir='ltr'>ἐκ</span> <span class='ocrx_word' id='word_1_604' title='bbox 1302 4484 1658 4553; x_wconf 83' lang='grc' dir='ltr'>ματαιότητος</span> 
     </span>
    </p>
   </div>
   <div class='ocr_carea' id='block_1_75' title="bbox 107 4567 1656 4645">
    <p class='ocr_par' dir='ltr' id='par_1_75' title="bbox 107 4567 1656 4645">
     <span class='ocr_line' id='line_1_75' title="bbox 107 4567 1656 4645; baseline 0.01 -25"><span class='ocrx_word' id='word_1_605' title='bbox 107 4567 184 4621; x_wconf 82' lang='grc' dir='ltr'>ὲπί</span> <span class='ocrx_word' id='word_1_606' title='bbox 209 4570 268 4623; x_wconf 83' lang='grc' dir='ltr'>τὸ</span> <span class='ocrx_word' id='word_1_607' title='bbox 293 4573 445 4626; x_wconf 85' lang='grc' dir='ltr'>αὐτό.</span> <span class='ocrx_word' id='word_1_608' title='bbox 490 4591 511 4625; x_wconf 70' lang='grc' dir='ltr'><strong>ι</strong></span> <span class='ocrx_word' id='word_1_609' title='bbox 545 4573 667 4626; x_wconf 86' lang='grc' dir='ltr'>Ἔτι</span> <span class='ocrx_word' id='word_1_610' title='bbox 697 4574 834 4643; x_wconf 83' lang='grc' dir='ltr'>πρὸς</span> <span class='ocrx_word' id='word_1_611' title='bbox 863 4573 1075 4638; x_wconf 87' lang='grc' dir='ltr'>τούτοις</span> <span class='ocrx_word' id='word_1_612' title='bbox 1113 4574 1170 4628; x_wconf 84' lang='grc' dir='ltr'>ἐν</span> <span class='ocrx_word' id='word_1_613' title='bbox 1211 4572 1288 4644; x_wconf 86' lang='grc' dir='ltr'>τῷ</span> <span class='ocrx_word' id='word_1_614' title='bbox 1337 4574 1417 4644; x_wconf 83' lang='grc' dir='ltr'>λη’</span> <span class='ocrx_word' id='word_1_615' title='bbox 1474 4573 1656 4645; x_wconf 76' lang='grc' dir='ltr'>εὕροις</span> 
     </span>
    </p>
   </div>
   <div class='ocr_carea' id='block_1_76' title="bbox 106 4659 1654 4736">
    <p class='ocr_par' dir='ltr' id='par_1_76' title="bbox 106 4659 1654 4736">
     <span class='ocr_line' id='line_1_76' title="bbox 106 4659 1654 4736; baseline 0.004 -23"><span class='ocrx_word' id='word_1_616' title='bbox 106 4659 161 4714; x_wconf 85' lang='grc' dir='ltr'>ἂν</span> <span class='ocrx_word' id='word_1_617' title='bbox 184 4664 466 4735; x_wconf 75' lang='grc' dir='ltr'>εἰρημένον</span> <span class='ocrx_word' id='word_1_618' title='bbox 495 4663 559 4718; x_wconf 79' lang='grc' dir='ltr'><strong>τό</strong></span> <span class='ocrx_word' id='word_1_619' title='bbox 579 4681 594 4695; x_wconf 90' lang='grc'><strong>·</strong></span> <span class='ocrx_word' id='word_1_620' title='bbox 635 4683 654 4716; x_wconf 77' lang='grc' dir='ltr'><strong>ι</strong></span> <span class='ocrx_word' id='word_1_621' title='bbox 684 4665 950 4733; x_wconf 86' lang='grc' dir='ltr'>Μέντοιγε</span> <span class='ocrx_word' id='word_1_622' title='bbox 986 4666 1044 4720; x_wconf 82' lang='grc' dir='ltr'>ὲν</span> <span class='ocrx_word' id='word_1_623' title='bbox 1077 4664 1245 4719; x_wconf 84' lang='grc' dir='ltr'>εἰκόνι</span> <span class='ocrx_word' id='word_1_624' title='bbox 1275 4665 1654 4736; x_wconf 85' lang='grc' dir='ltr'>διαπορεύεται</span> 
     </span>
    </p>
   </div>
   <div class='ocr_carea' id='block_1_77' title="bbox 103 4752 1651 4844">
    <p class='ocr_par' dir='ltr' id='par_1_77' title="bbox 103 4752 1651 4844">
     <span class='ocr_line' id='line_1_77' title="bbox 103 4752 1651 4844; baseline 0.005 -39"><span class='ocrx_word' id='word_1_625' title='bbox 103 4752 378 4844; x_wconf 68' lang='grc' dir='ltr'>ἄνθρωπος.</span> <span class='ocrx_word' id='word_1_626' title='bbox 436 4757 586 4829; x_wconf 82' lang='grc' dir='ltr'>Πλὴν</span> <span class='ocrx_word' id='word_1_627' title='bbox 635 4757 811 4828; x_wconf 84' lang='grc' dir='ltr'>μάτην</span> <span class='ocrx_word' id='word_1_628' title='bbox 863 4759 1241 4829; x_wconf 83' lang='grc' dir='ltr'>ταράσσονται.</span> <span class='ocrx_word' id='word_1_629' title='bbox 1300 4757 1651 4832; x_wconf 81' lang='grc' dir='ltr'>Θησαυρίζει,</span> 
     </span>
    </p>
   </div>
   <div class='ocr_carea' id='block_1_78' title="bbox 103 4845 1653 4918">
    <p class='ocr_par' dir='ltr' id='par_1_78' title="bbox 103 4845 1653 4918">
     <span class='ocr_line' id='line_1_78' title="bbox 103 4845 1653 4918; baseline 0.004 -22"><span class='ocrx_word' id='word_1_630' title='bbox 103 4845 183 4898; x_wconf 78' lang='grc' dir='ltr'>καὶ</span> <span class='ocrx_word' id='word_1_631' title='bbox 207 4847 263 4900; x_wconf 76' lang='grc' dir='ltr'><strong>ού</strong></span> <span class='ocrx_word' id='word_1_632' title='bbox 316 4847 578 4918; x_wconf 79' lang='grc' dir='ltr'>γινώσκει</span> <span class='ocrx_word' id='word_1_633' title='bbox 625 4847 730 4902; x_wconf 88' lang='grc' dir='ltr'>τίνι</span> <span class='ocrx_word' id='word_1_634' title='bbox 755 4848 973 4914; x_wconf 78' lang='grc' dir='ltr'>συνάξει</span> <span class='ocrx_word' id='word_1_635' title='bbox 1015 4848 1175 4902; x_wconf 81' lang='grc' dir='ltr'>αὑτά.</span> <span class='ocrx_word' id='word_1_636' title='bbox 1215 4867 1233 4898; x_wconf 75' lang='grc' dir='ltr'><strong>ι</strong></span> <span class='ocrx_word' id='word_1_637' title='bbox 1274 4847 1550 4918; x_wconf 85' lang='grc' dir='ltr'>Σύμφωνα</span> <span class='ocrx_word' id='word_1_638' title='bbox 1594 4847 1653 4901; x_wconf 87' lang='grc' dir='ltr'>δὲ</span> 
     </span>
    </p>
   </div>
   <div class='ocr_carea' id='block_1_79' title="bbox 102 4934 1653 5011">
    <p class='ocr_par' dir='ltr' id='par_1_79' title="bbox 102 4934 1653 5011">
     <span class='ocr_line' id='line_1_79' title="bbox 102 4934 1653 5011; baseline 0.004 -27"><span class='ocrx_word' id='word_1_639' title='bbox 102 4934 285 5002; x_wconf 84' lang='grc' dir='ltr'>τούτοις</span> <span class='ocrx_word' id='word_1_640' title='bbox 305 4937 391 5011; x_wconf 84' lang='grc' dir='ltr'>εἴη</span> <span class='ocrx_word' id='word_1_641' title='bbox 417 4939 485 4992; x_wconf 84' lang='grc' dir='ltr'>ἂν</span> <span class='ocrx_word' id='word_1_642' title='bbox 513 4939 608 4992; x_wconf 73' lang='grc' dir='ltr'>καὶ</span> <span class='ocrx_word' id='word_1_643' title='bbox 643 4937 711 4992; x_wconf 79' lang='grc' dir='ltr'><strong>τὰ</strong></span> <span class='ocrx_word' id='word_1_644' title='bbox 741 4937 878 5010; x_wconf 88' lang='grc' dir='ltr'><strong>μετά</strong></span> <span class='ocrx_word' id='word_1_645' title='bbox 905 4940 1090 5009; x_wconf 87' lang='grc' dir='ltr'>χεῖρας</span> <span class='ocrx_word' id='word_1_646' title='bbox 1127 4936 1398 5007; x_wconf 78' lang='grc' dir='ltr'>λεγόμενα</span> <span class='ocrx_word' id='word_1_647' title='bbox 1440 4937 1499 4991; x_wconf 83' lang='grc' dir='ltr'>ὲν</span> <span class='ocrx_word' id='word_1_648' title='bbox 1532 4937 1653 4990; x_wconf 82' lang='grc' dir='ltr'>τού-</span> 
     </span>
    </p>
   </div>
   <div class='ocr_carea' id='block_1_80' title="bbox 101 5028 1653 5104">
    <p class='ocr_par' dir='ltr' id='par_1_80' title="bbox 101 5028 1653 5104">
     <span class='ocr_line' id='line_1_80' title="bbox 101 5028 1653 5104; baseline 0.001 -24"><span class='ocrx_word' id='word_1_649' title='bbox 101 5043 221 5091; x_wconf 76' lang='grc' dir='ltr'>τοις·</span> <span class='ocrx_word' id='word_1_650' title='bbox 252 5049 269 5080; x_wconf 80' lang='grc' dir='ltr'><strong>ι</strong></span> <span class='ocrx_word' id='word_1_651' title='bbox 303 5031 392 5104; x_wconf 82' lang='grc' dir='ltr'><strong>Μὴ</strong></span> <span class='ocrx_word' id='word_1_652' title='bbox 441 5029 689 5095; x_wconf 73' lang='grc' dir='ltr'>ἐλπίζετε</span> <span class='ocrx_word' id='word_1_653' title='bbox 731 5029 823 5084; x_wconf 75' lang='grc' dir='ltr'><strong>ἐπὶ</strong></span> <span class='ocrx_word' id='word_1_654' title='bbox 860 5029 1092 5093; x_wconf 85' lang='grc' dir='ltr'>ἀδικίαν,</span> <span class='ocrx_word' id='word_1_655' title='bbox 1136 5030 1228 5084; x_wconf 80' lang='grc' dir='ltr'>καὶ</span> <span class='ocrx_word' id='word_1_656' title='bbox 1253 5031 1346 5083; x_wconf 75' lang='grc' dir='ltr'><strong>ἐπὶ</strong></span> <span class='ocrx_word' id='word_1_657' title='bbox 1381 5028 1653 5099; x_wconf 76' lang='grc' dir='ltr'>ἅρπαγμα</span> 
     </span>
    </p>
   </div>
   <div class='ocr_carea' id='block_1_81' title="bbox 103 5117 1648 5194">
    <p class='ocr_par' dir='ltr' id='par_1_81' title="bbox 103 5117 1648 5194">
     <span class='ocr_line' id='line_1_81' title="bbox 103 5117 1648 5194; baseline -0.001 -20"><span class='ocrx_word' id='word_1_658' title='bbox 103 5117 166 5191; x_wconf 82' lang='grc' dir='ltr'>μὴ</span> <span class='ocrx_word' id='word_1_659' title='bbox 182 5122 482 5176; x_wconf 83' lang='grc' dir='ltr'>ὲπιποθεῖτε</span> <span class='ocrx_word' id='word_1_660' title='bbox 501 5139 516 5154; x_wconf 87' lang='grc'><strong>·</strong></span> <span class='ocrx_word' id='word_1_661' title='bbox 551 5122 781 5186; x_wconf 76' lang='grc' dir='ltr'>πλοῦτος</span> <span class='ocrx_word' id='word_1_662' title='bbox 810 5121 1058 5194; x_wconf 70' lang='grc' dir='ltr'>ἐὰνιρέῃ,</span> <span class='ocrx_word' id='word_1_663' title='bbox 1090 5122 1172 5193; x_wconf 80' lang='grc' dir='ltr'>μὴ</span> <span class='ocrx_word' id='word_1_664' title='bbox 1199 5119 1552 5192; x_wconf 84' lang='grc' dir='ltr'>προστίθεσθε</span> <span class='ocrx_word' id='word_1_665' title='bbox 1583 5121 1648 5190; x_wconf 84' lang='grc' dir='ltr'>τῇ</span> 
     </span>
    </p>
   </div>
   <div class='ocr_carea' id='block_1_82' title="bbox 99 5207 1652 5282">
    <p class='ocr_par' dir='ltr' id='par_1_82' title="bbox 99 5207 1652 5282">
     <span class='ocr_line' id='line_1_82' title="bbox 99 5207 1652 5282; baseline -0.003 -18"><span class='ocrx_word' id='word_1_666' title='bbox 99 5211 291 5282; x_wconf 75' lang='grc' dir='ltr'>καρδία.</span> <span class='ocrx_word' id='word_1_667' title='bbox 326 5232 344 5263; x_wconf 74' lang='grc' dir='ltr'><strong>ι</strong></span> <span class='ocrx_word' id='word_1_668' title='bbox 377 5213 492 5267; x_wconf 74' lang='grc' dir='ltr'><strong>Καὶ</strong></span> <span class='ocrx_word' id='word_1_669' title='bbox 522 5213 588 5267; x_wconf 82' lang='grc' dir='ltr'>σὺ</span> <span class='ocrx_word' id='word_1_670' title='bbox 613 5212 658 5266; x_wconf 86' lang='grc' dir='ltr'>δ’</span> <span class='ocrx_word' id='word_1_671' title='bbox 690 5211 781 5272; x_wconf 84' lang='grc' dir='ltr'><strong>ἃν,</strong></span> <span class='ocrx_word' id='word_1_672' title='bbox 823 5212 916 5264; x_wconf 73' lang='grc' dir='ltr'><strong>ἐπὶ</strong></span> <span class='ocrx_word' id='word_1_673' title='bbox 963 5210 1156 5281; x_wconf 81' lang='grc' dir='ltr'>σχολῆς</span> <span class='ocrx_word' id='word_1_674' title='bbox 1200 5211 1264 5262; x_wconf 84' lang='grc' dir='ltr'>ὲκ</span> <span class='ocrx_word' id='word_1_675' title='bbox 1301 5207 1652 5281; x_wconf 83' lang='grc' dir='ltr'>παραλλήλου</span> 
     </span>
    </p>
   </div>
   <div class='ocr_carea' id='block_1_83' title="bbox 99 5297 1642 5374">
    <p class='ocr_par' dir='ltr' id='par_1_83' title="bbox 99 5297 1642 5374">
     <span class='ocr_line' id='line_1_83' title="bbox 99 5297 1642 5374; baseline 0.003 -26"><span class='ocrx_word' id='word_1_676' title='bbox 99 5297 180 5361; x_wconf 75' lang='grc' dir='ltr'>τὰς</span> <span class='ocrx_word' id='word_1_677' title='bbox 205 5302 260 5353; x_wconf 82' lang='grc' dir='ltr'>ἐν</span> <span class='ocrx_word' id='word_1_678' title='bbox 282 5303 610 5374; x_wconf 79' lang='grc' dir='ltr'>ἀμφοτέροις</span> <span class='ocrx_word' id='word_1_679' title='bbox 642 5305 757 5365; x_wconf 86' lang='grc' dir='ltr'>τοῖς</span> <span class='ocrx_word' id='word_1_680' title='bbox 793 5299 1081 5371; x_wconf 87' lang='grc' dir='ltr'>δηλωθείσι</span> <span class='ocrx_word' id='word_1_681' title='bbox 1110 5300 1344 5371; x_wconf 72' lang='grc' dir='ltr'>ψαλμοῖς</span> <span class='ocrx_word' id='word_1_682' title='bbox 1384 5300 1642 5370; x_wconf 74' lang='grc' dir='ltr'>ἐγκειμέ-</span> 
     </span>
    </p>
   </div>
   <div class='ocr_carea' id='block_1_84' title="bbox 100 5391 1643 5466">
    <p class='ocr_par' dir='ltr' id='par_1_84' title="bbox 100 5391 1643 5466">
     <span class='ocr_line' id='line_1_84' title="bbox 100 5391 1643 5466; baseline 0 -22"><span class='ocrx_word' id='word_1_683' title='bbox 100 5404 178 5451; x_wconf 75' lang='grc' dir='ltr'><strong>νας</strong></span> <span class='ocrx_word' id='word_1_684' title='bbox 202 5391 364 5460; x_wconf 77' lang='grc' dir='ltr'>λέξεις</span> <span class='ocrx_word' id='word_1_685' title='bbox 392 5395 660 5466; x_wconf 79' lang='grc' dir='ltr'>παραθεὶς</span> <span class='ocrx_word' id='word_1_686' title='bbox 675 5394 952 5465; x_wconf 76' lang='grc' dir='ltr'>ἀλλήλαις,</span> <span class='ocrx_word' id='word_1_687' title='bbox 978 5393 1159 5465; x_wconf 74' lang='grc' dir='ltr'>εὕροις</span> <span class='ocrx_word' id='word_1_688' title='bbox 1185 5391 1250 5446; x_wconf 87' lang='grc' dir='ltr'>ἂν</span> <span class='ocrx_word' id='word_1_689' title='bbox 1274 5392 1402 5463; x_wconf 78' lang='grc' dir='ltr'>μιᾶς</span> <span class='ocrx_word' id='word_1_690' title='bbox 1421 5392 1515 5445; x_wconf 69' lang='grc' dir='ltr'>καὶ</span> <span class='ocrx_word' id='word_1_691' title='bbox 1544 5391 1643 5462; x_wconf 87' lang='grc' dir='ltr'><strong>τῆς</strong></span> 
     </span>
    </p>
   </div>
   <div class='ocr_carea' id='block_1_85' title="bbox 1771 3271 3350 3342">
    <p class='ocr_par' dir='ltr' id='par_1_85' title="bbox 1771 3271 3350 3342">
     <span class='ocr_line' id='line_1_85' title="bbox 1771 3271 3350 3342; baseline -0.002 -9"><span class='ocrx_word' id='word_1_692' title='bbox 1771 3278 1896 3333; x_wconf 86' lang='lat' dir='ltr'><strong>silui</strong></span> <span class='ocrx_word' id='word_1_693' title='bbox 1932 3293 1963 3332; x_wconf 91' lang='lat' dir='ltr'><strong>a</strong></span> <span class='ocrx_word' id='word_1_694' title='bbox 1993 3277 2175 3340; x_wconf 84' lang='lat' dir='ltr'><strong>bonis,</strong></span> <span class='ocrx_word' id='word_1_695' title='bbox 2197 3285 2253 3334; x_wconf 91' lang='lat' dir='ltr'><strong>et</strong></span> <span class='ocrx_word' id='word_1_696' title='bbox 2277 3276 2437 3332; x_wconf 87' lang='lat' dir='ltr'><strong>dolor</strong></span> <span class='ocrx_word' id='word_1_697' title='bbox 2481 3291 2636 3332; x_wconf 89' lang='lat' dir='ltr'><strong>meus</strong></span> <span class='ocrx_word' id='word_1_698' title='bbox 2675 3281 2971 3330; x_wconf 84' lang='lat' dir='ltr'><strong>renovatus</strong></span> <span class='ocrx_word' id='word_1_699' title='bbox 3002 3283 3088 3332; x_wconf 89' lang='lat' dir='ltr'><strong>est</strong></span> <span class='ocrx_word' id='word_1_700' title='bbox 3111 3271 3200 3342; x_wconf 75' lang='lat'><strong>&quot;;</strong></span> <span class='ocrx_word' id='word_1_701' title='bbox 3243 3297 3262 3330; x_wconf 71' lang='grc' dir='ltr'><strong>ι</strong></span> <span class='ocrx_word' id='word_1_702' title='bbox 3295 3287 3350 3332; x_wconf 89' lang='lat' dir='ltr'><strong>et</strong></span> 
     </span>
    </p>
   </div>
   <div class='ocr_carea' id='block_1_86' title="bbox 1768 3357 3346 3438">
    <p class='ocr_par' dir='ltr' id='par_1_86' title="bbox 1768 3357 3346 3438">
     <span class='ocr_line' id='line_1_86' title="bbox 1768 3357 3346 3438; baseline -0.002 -13"><span class='ocrx_word' id='word_1_703' title='bbox 1768 3385 2014 3432; x_wconf 89' lang='lat' dir='ltr'><strong>rursum,</strong></span> <span class='ocrx_word' id='word_1_704' title='bbox 2052 3387 2074 3421; x_wconf 76' lang='grc' dir='ltr'><strong>ι</strong></span> <span class='ocrx_word' id='word_1_705' title='bbox 2112 3369 2482 3432; x_wconf 84' lang='lat' dir='ltr'><strong>Abomnibus</strong></span> <span class='ocrx_word' id='word_1_706' title='bbox 2513 3357 2897 3438; x_wconf 76' lang='lat' dir='ltr'><strong>iniquitatibus</strong></span> <span class='ocrx_word' id='word_1_707' title='bbox 2920 3367 3060 3422; x_wconf 89' lang='lat' dir='ltr'><strong>meis</strong></span> <span class='ocrx_word' id='word_1_708' title='bbox 3084 3383 3216 3422; x_wconf 88' lang='lat' dir='ltr'><strong>erue</strong></span> <span class='ocrx_word' id='word_1_709' title='bbox 3240 3384 3346 3432; x_wconf 88' lang='lat' dir='ltr'><strong>me,</strong></span> 
     </span>
    </p>
   </div>
   <div class='ocr_carea' id='block_1_87' title="bbox 1767 3459 3346 3534">
    <p class='ocr_par' dir='ltr' id='par_1_87' title="bbox 1767 3459 3346 3534">
     <span class='ocr_line' id='line_1_87' title="bbox 1767 3459 3346 3534; baseline -0.001 -17"><span class='ocrx_word' id='word_1_710' title='bbox 1767 3463 2121 3534; x_wconf 86' lang='lat' dir='ltr'><strong>opprobrium</strong></span> <span class='ocrx_word' id='word_1_711' title='bbox 2147 3463 2430 3534; x_wconf 80' lang='lat' dir='ltr'><strong>insipienti</strong></span> <span class='ocrx_word' id='word_1_712' title='bbox 2464 3461 2666 3517; x_wconf 84' lang='lat' dir='ltr'><strong>dedisti</strong></span> <span class='ocrx_word' id='word_1_713' title='bbox 2702 3476 2787 3516; x_wconf 92' lang='lat' dir='ltr'><strong>me</strong></span> <span class='ocrx_word' id='word_1_714' title='bbox 2807 3459 2875 3515; x_wconf 81' lang='grc'><strong>⁵³.</strong></span> <span class='ocrx_word' id='word_1_715' title='bbox 2912 3480 2931 3512; x_wconf 73' lang='grc' dir='ltr'><strong>ι</strong></span> <span class='ocrx_word' id='word_1_716' title='bbox 2960 3461 3346 3516; x_wconf 83' lang='lat' dir='ltr'><strong>Animadverte</strong></span> 
     </span>
    </p>
   </div>
   <div class='ocr_carea' id='block_1_88' title="bbox 1769 3553 3345 3627">
    <p class='ocr_par' dir='ltr' id='par_1_88' title="bbox 1769 3553 3345 3627">
     <span class='ocr_line' id='line_1_88' title="bbox 1769 3553 3345 3627; baseline -0.002 -18"><span class='ocrx_word' id='word_1_717' title='bbox 1769 3571 1955 3625; x_wconf 77' lang='lat' dir='ltr'><strong>porro.</strong></span> <span class='ocrx_word' id='word_1_718' title='bbox 1996 3571 2106 3627; x_wconf 91' lang='lat' dir='ltr'><strong>quo</strong></span> <span class='ocrx_word' id='word_1_719' title='bbox 2141 3564 2302 3626; x_wconf 90' lang='lat' dir='ltr'><strong>pacto</strong></span> <span class='ocrx_word' id='word_1_720' title='bbox 2333 3554 2390 3608; x_wconf 90' lang='lat' dir='ltr'><strong>in</strong></span> <span class='ocrx_word' id='word_1_721' title='bbox 2432 3559 2665 3622; x_wconf 90' lang='lat' dir='ltr'><strong>utroque</strong></span> <span class='ocrx_word' id='word_1_722' title='bbox 2695 3567 2756 3607; x_wconf 90' lang='lat' dir='ltr'><strong>se</strong></span> <span class='ocrx_word' id='word_1_723' title='bbox 2787 3553 2842 3605; x_wconf 94' lang='lat' dir='ltr'><strong>in</strong></span> <span class='ocrx_word' id='word_1_724' title='bbox 2875 3553 3178 3608; x_wconf 85' lang='lat' dir='ltr'><strong>tentatione</strong></span> <span class='ocrx_word' id='word_1_725' title='bbox 3208 3567 3345 3607; x_wconf 92' lang='lat' dir='ltr'><strong>con-</strong></span> 
     </span>
    </p>
   </div>
   <div class='ocr_carea' id='block_1_89' title="bbox 1768 3635 3344 3719">
    <p class='ocr_par' dir='ltr' id='par_1_89' title="bbox 1768 3635 3344 3719">
     <span class='ocr_line' id='line_1_89' title="bbox 1768 3635 3344 3719; baseline -0.001 -18"><span class='ocrx_word' id='word_1_726' title='bbox 1768 3649 2019 3703; x_wconf 84' lang='lat' dir='ltr'><strong>stitutum</strong></span> <span class='ocrx_word' id='word_1_727' title='bbox 2054 3658 2108 3705; x_wconf 91' lang='lat' dir='ltr'><strong>et</strong></span> <span class='ocrx_word' id='word_1_728' title='bbox 2137 3649 2321 3719; x_wconf 79' lang='lat' dir='ltr'><strong>gravia</strong></span> <span class='ocrx_word' id='word_1_729' title='bbox 2351 3663 2574 3718; x_wconf 87' lang='lat' dir='ltr'><strong>passum</strong></span> <span class='ocrx_word' id='word_1_730' title='bbox 2608 3644 2880 3716; x_wconf 84' lang='lat' dir='ltr'><strong>signiﬁcet</strong></span> <span class='ocrx_word' id='word_1_731' title='bbox 2907 3663 2922 3710; x_wconf 91' lang='lat'><strong>;</strong></span> <span class='ocrx_word' id='word_1_732' title='bbox 2948 3661 3056 3715; x_wconf 88' lang='lat' dir='ltr'><strong>qua</strong></span> <span class='ocrx_word' id='word_1_733' title='bbox 3081 3645 3149 3701; x_wconf 89' lang='lat' dir='ltr'><strong>de</strong></span> <span class='ocrx_word' id='word_1_734' title='bbox 3177 3635 3344 3700; x_wconf 84' lang='lat' dir='ltr'><strong>causa</strong></span> 
     </span>
    </p>
   </div>
   <div class='ocr_carea' id='block_1_90' title="bbox 1767 3736 3346 3811">
    <p class='ocr_par' dir='ltr' id='par_1_90' title="bbox 1767 3736 3346 3811">
     <span class='ocr_line' id='line_1_90' title="bbox 1767 3736 3346 3811; baseline -0.004 -15"><span class='ocrx_word' id='word_1_735' title='bbox 1767 3738 2188 3811; x_wconf 57' lang='lat' dir='ltr'><strong>hasce&#39;protulit</strong></span> <span class='ocrx_word' id='word_1_736' title='bbox 2227 3755 2409 3794; x_wconf 89' lang='lat' dir='ltr'><strong>voces.</strong></span> <span class='ocrx_word' id='word_1_737' title='bbox 2443 3737 2509 3791; x_wconf 83' lang='lat' dir='ltr'><strong>Et</strong></span> <span class='ocrx_word' id='word_1_738' title='bbox 2556 3738 2611 3792; x_wconf 91' lang='lat' dir='ltr'><strong>in</strong></span> <span class='ocrx_word' id='word_1_739' title='bbox 2656 3737 2910 3808; x_wconf 67' lang='lat' dir='ltr'><strong>praesenti</strong></span> <span class='ocrx_word' id='word_1_740' title='bbox 2942 3736 3160 3808; x_wconf 87' lang='lat' dir='ltr'><strong>quidem</strong></span> <span class='ocrx_word' id='word_1_741' title='bbox 3195 3737 3346 3807; x_wconf 90' lang='lat' dir='ltr'><strong>psal-</strong></span> 
     </span>
    </p>
   </div>
   <div class='ocr_carea' id='block_1_91' title="bbox 1765 3828 3344 3903">
    <p class='ocr_par' dir='ltr' id='par_1_91' title="bbox 1765 3828 3344 3903">
     <span class='ocr_line' id='line_1_91' title="bbox 1765 3828 3344 3903; baseline -0.001 -15"><span class='ocrx_word' id='word_1_742' title='bbox 1765 3849 1857 3889; x_wconf 91' lang='lat' dir='ltr'><strong>mo</strong></span> <span class='ocrx_word' id='word_1_743' title='bbox 1911 3833 2171 3903; x_wconf 82' lang='lat' dir='ltr'><strong>deinceps</strong></span> <span class='ocrx_word' id='word_1_744' title='bbox 2206 3833 2323 3888; x_wconf 91' lang='lat' dir='ltr'><strong>ait:</strong></span> <span class='ocrx_word' id='word_1_745' title='bbox 2355 3849 2375 3882; x_wconf 73' lang='grc' dir='ltr'><strong>ι</strong></span> <span class='ocrx_word' id='word_1_746' title='bbox 2435 3828 2822 3885; x_wconf 74' lang='lat' dir='ltr'><strong>Verumtamen</strong></span> <span class='ocrx_word' id='word_1_747' title='bbox 2858 3830 2981 3883; x_wconf 78' lang='lat' dir='ltr'><strong>vani</strong></span> <span class='ocrx_word' id='word_1_748' title='bbox 3023 3830 3117 3883; x_wconf 82' lang='lat' dir='ltr'><strong>lilii</strong></span> <span class='ocrx_word' id='word_1_749' title='bbox 3167 3829 3344 3886; x_wconf 85' lang='lat' dir='ltr'><strong>homi—</strong></span> 
     </span>
    </p>
   </div>
   <div class='ocr_carea' id='block_1_92' title="bbox 1765 3919 3343 3988">
    <p class='ocr_par' dir='ltr' id='par_1_92' title="bbox 1765 3919 3343 3988">
     <span class='ocr_line' id='line_1_92' title="bbox 1765 3919 3343 3988; baseline -0.003 -11"><span class='ocrx_word' id='word_1_750' title='bbox 1765 3939 1920 3987; x_wconf 87' lang='lat' dir='ltr'><strong>num,</strong></span> <span class='ocrx_word' id='word_1_751' title='bbox 1955 3925 2246 3977; x_wconf 80' lang='lat' dir='ltr'><strong>mendaces</strong></span> <span class='ocrx_word' id='word_1_752' title='bbox 2277 3920 2372 3975; x_wconf 86' lang='lat' dir='ltr'><strong>[ilii</strong></span> <span class='ocrx_word' id='word_1_753' title='bbox 2409 3920 2689 3975; x_wconf 89' lang='lat' dir='ltr'><strong>hominum</strong></span> <span class='ocrx_word' id='word_1_754' title='bbox 2728 3919 2783 3972; x_wconf 88' lang='lat' dir='ltr'><strong>in</strong></span> <span class='ocrx_word' id='word_1_755' title='bbox 2811 3919 3054 3982; x_wconf 85' lang='lat' dir='ltr'><strong>statcris,</strong></span> <span class='ocrx_word' id='word_1_756' title='bbox 3103 3927 3164 3973; x_wconf 90' lang='lat' dir='ltr'><strong>ut</strong></span> <span class='ocrx_word' id='word_1_757' title='bbox 3201 3920 3343 3988; x_wconf 85' lang='lat' dir='ltr'><strong>inju-</strong></span> 
     </span>
    </p>
   </div>
   <div class='ocr_carea' id='block_1_93' title="bbox 1764 4010 3341 4084">
    <p class='ocr_par' dir='ltr' id='par_1_93' title="bbox 1764 4010 3341 4084">
     <span class='ocr_line' id='line_1_93' title="bbox 1764 4010 3341 4084; baseline -0.003 -15"><span class='ocrx_word' id='word_1_758' title='bbox 1764 4015 1902 4070; x_wconf 85' lang='lat' dir='ltr'><strong>riam</strong></span> <span class='ocrx_word' id='word_1_759' title='bbox 1938 4014 2142 4069; x_wconf 81' lang='lat' dir='ltr'><strong>faciant</strong></span> <span class='ocrx_word' id='word_1_760' title='bbox 2173 4014 2276 4084; x_wconf 90' lang='lat' dir='ltr'><strong>ipsi</strong></span> <span class='ocrx_word' id='word_1_761' title='bbox 2307 4014 2374 4068; x_wconf 87' lang='lat' dir='ltr'><strong>de</strong></span> <span class='ocrx_word' id='word_1_762' title='bbox 2413 4011 2654 4068; x_wconf 86' lang='lat' dir='ltr'><strong>vanitate</strong></span> <span class='ocrx_word' id='word_1_763' title='bbox 2701 4011 2758 4063; x_wconf 87' lang='lat' dir='ltr'><strong>in</strong></span> <span class='ocrx_word' id='word_1_764' title='bbox 2789 4010 3066 4080; x_wconf 88' lang='lat' dir='ltr'><strong>idipsum:</strong></span> <span class='ocrx_word' id='word_1_765' title='bbox 3108 4031 3126 4064; x_wconf 72' lang='grc' dir='ltr'><strong>ο</strong></span> <span class='ocrx_word' id='word_1_766' title='bbox 3165 4013 3218 4065; x_wconf 91' lang='lat' dir='ltr'><strong>in</strong></span> <span class='ocrx_word' id='word_1_767' title='bbox 3246 4013 3341 4067; x_wconf 92' lang='lat' dir='ltr'><strong>illo</strong></span> 
     </span>
    </p>
   </div>
   <div class='ocr_carea' id='block_1_94' title="bbox 1763 4101 3341 4162">
    <p class='ocr_par' dir='ltr' id='par_1_94' title="bbox 1763 4101 3341 4162">
     <span class='ocr_line' id='line_1_94' title="bbox 1763 4101 3341 4162; baseline -0.001 -1"><span class='ocrx_word' id='word_1_768' title='bbox 1763 4114 1944 4162; x_wconf 90' lang='lat' dir='ltr'><strong>autem</strong></span> <span class='ocrx_word' id='word_1_769' title='bbox 1969 4107 2220 4162; x_wconf 87' lang='lat' dir='ltr'><strong>similiter</strong></span> <span class='ocrx_word' id='word_1_770' title='bbox 2247 4105 2570 4161; x_wconf 88' lang='lat' dir='ltr'><strong>dicebatur:</strong></span> <span class='ocrx_word' id='word_1_771' title='bbox 2613 4122 2632 4155; x_wconf 76' lang='grc' dir='ltr'><strong>ι</strong></span> <span class='ocrx_word' id='word_1_772' title='bbox 2669 4101 3052 4158; x_wconf 78' lang='lat' dir='ltr'><strong>Verumtamen</strong></span> <span class='ocrx_word' id='word_1_773' title='bbox 3085 4105 3341 4160; x_wconf 85' lang='lat' dir='ltr'><strong>universa</strong></span> 
     </span>
    </p>
   </div>
   <div class='ocr_carea' id='block_1_95' title="bbox 1763 4198 3342 4264">
    <p class='ocr_par' dir='ltr' id='par_1_95' title="bbox 1763 4198 3342 4264">
     <span class='ocr_line' id='line_1_95' title="bbox 1763 4198 3342 4264; baseline 0.001 -10"><span class='ocrx_word' id='word_1_774' title='bbox 1763 4200 2000 4264; x_wconf 86' lang='lat' dir='ltr'><strong>vanitas,</strong></span> <span class='ocrx_word' id='word_1_775' title='bbox 2030 4199 2211 4255; x_wconf 90' lang='lat' dir='ltr'><strong>omnis</strong></span> <span class='ocrx_word' id='word_1_776' title='bbox 2244 4200 2408 4254; x_wconf 92' lang='lat' dir='ltr'><strong>homo</strong></span> <span class='ocrx_word' id='word_1_777' title='bbox 2434 4199 2622 4254; x_wconf 84' lang='lat' dir='ltr'><strong>vivens</strong></span> <span class='ocrx_word' id='word_1_778' title='bbox 2642 4199 2689 4230; x_wconf 73' lang='lat'><strong>“</strong></span> <span class='ocrx_word' id='word_1_779' title='bbox 2717 4217 2732 4254; x_wconf 89' lang='lat'><strong>:</strong></span> <span class='ocrx_word' id='word_1_780' title='bbox 2776 4219 2795 4251; x_wconf 79' lang='grc' dir='ltr'><strong>ι</strong></span> <span class='ocrx_word' id='word_1_781' title='bbox 2833 4213 2896 4253; x_wconf 89' lang='lat' dir='ltr'><strong>ac</strong></span> <span class='ocrx_word' id='word_1_782' title='bbox 2926 4200 3143 4262; x_wconf 91' lang='lat' dir='ltr'><strong>iterum,</strong></span> <span class='ocrx_word' id='word_1_783' title='bbox 3178 4218 3197 4250; x_wconf 72' lang='grc' dir='ltr'><strong>ι</strong></span> <span class='ocrx_word' id='word_1_784' title='bbox 3237 4198 3342 4255; x_wconf 87' lang='lat' dir='ltr'><strong>Ve-</strong></span> 
     </span>
    </p>
   </div>
   <div class='ocr_carea' id='block_1_96' title="bbox 1763 4290 3339 4360">
    <p class='ocr_par' dir='ltr' id='par_1_96' title="bbox 1763 4290 3339 4360">
     <span class='ocr_line' id='line_1_96' title="bbox 1763 4290 3339 4360; baseline -0.001 -14"><span class='ocrx_word' id='word_1_785' title='bbox 1763 4298 2073 4346; x_wconf 88' lang='lat' dir='ltr'><strong>rumtamen</strong></span> <span class='ocrx_word' id='word_1_786' title='bbox 2113 4305 2250 4345; x_wconf 88' lang='lat' dir='ltr'><strong>vane</strong></span> <span class='ocrx_word' id='word_1_787' title='bbox 2304 4290 2486 4345; x_wconf 88' lang='lat' dir='ltr'><strong>omnis</strong></span> <span class='ocrx_word' id='word_1_788' title='bbox 2535 4290 2697 4345; x_wconf 91' lang='lat' dir='ltr'><strong>homo</strong></span> <span class='ocrx_word' id='word_1_789' title='bbox 2721 4291 2865 4357; x_wconf 72' lang='grc' dir='ltr'><strong>⁸⁵;ο»</strong></span> <span class='ocrx_word' id='word_1_790' title='bbox 2923 4306 3044 4360; x_wconf 70' lang='lat' dir='ltr'><strong>quae</strong></span> <span class='ocrx_word' id='word_1_791' title='bbox 3099 4291 3151 4344; x_wconf 91' lang='lat' dir='ltr'><strong>in</strong></span> <span class='ocrx_word' id='word_1_792' title='bbox 3189 4292 3339 4345; x_wconf 76' lang='lat' dir='ltr'><strong>nullo</strong></span> 
     </span>
    </p>
   </div>
   <div class='ocr_carea' id='block_1_97' title="bbox 1761 4380 3340 4440">
    <p class='ocr_par' dir='ltr' id='par_1_97' title="bbox 1761 4380 3340 4440">
     <span class='ocr_line' id='line_1_97' title="bbox 1761 4380 3340 4440; baseline -0.003 0"><span class='ocrx_word' id='word_1_793' title='bbox 1761 4384 2015 4440; x_wconf 78' lang='lat' dir='ltr'><strong>diﬂ&#39;erant</strong></span> <span class='ocrx_word' id='word_1_794' title='bbox 2042 4383 2112 4438; x_wconf 87' lang='lat' dir='ltr'><strong>ab</strong></span> <span class='ocrx_word' id='word_1_795' title='bbox 2143 4384 2333 4438; x_wconf 86' lang='lat' dir='ltr'><strong>hisce:</strong></span> <span class='ocrx_word' id='word_1_796' title='bbox 2378 4402 2396 4433; x_wconf 75' lang='grc' dir='ltr'><strong>ι</strong></span> <span class='ocrx_word' id='word_1_797' title='bbox 2438 4380 2827 4439; x_wconf 88' lang='lat' dir='ltr'><strong>Verumtamen</strong></span> <span class='ocrx_word' id='word_1_798' title='bbox 2858 4383 2980 4437; x_wconf 87' lang='lat' dir='ltr'><strong>vani</strong></span> <span class='ocrx_word' id='word_1_799' title='bbox 3030 4381 3124 4436; x_wconf 91' lang='lat' dir='ltr'><strong>lilii</strong></span> <span class='ocrx_word' id='word_1_800' title='bbox 3163 4382 3340 4436; x_wconf 87' lang='lat' dir='ltr'><strong>homi-</strong></span> 
     </span>
    </p>
   </div>
   <div class='ocr_carea' id='block_1_98' title="bbox 1763 4471 3336 4545">
    <p class='ocr_par' dir='ltr' id='par_1_98' title="bbox 1763 4471 3336 4545">
     <span class='ocr_line' id='line_1_98' title="bbox 1763 4471 3336 4545; baseline -0.003 -15"><span class='ocrx_word' id='word_1_801' title='bbox 1763 4493 1916 4538; x_wconf 88' lang='lat' dir='ltr'><strong>num,</strong></span> <span class='ocrx_word' id='word_1_802' title='bbox 1954 4475 2061 4545; x_wconf 82' lang='lat' dir='ltr'><strong>ipsi</strong></span> <span class='ocrx_word' id='word_1_803' title='bbox 2109 4490 2174 4529; x_wconf 81' lang='lat' dir='ltr'><strong>ex</strong></span> <span class='ocrx_word' id='word_1_804' title='bbox 2214 4474 2457 4528; x_wconf 90' lang='lat' dir='ltr'><strong>vanitate</strong></span> <span class='ocrx_word' id='word_1_805' title='bbox 2507 4473 2562 4528; x_wconf 90' lang='lat' dir='ltr'><strong>in</strong></span> <span class='ocrx_word' id='word_1_806' title='bbox 2614 4471 2874 4544; x_wconf 82' lang='lat' dir='ltr'><strong>idipsum.</strong></span> <span class='ocrx_word' id='word_1_807' title='bbox 2910 4491 2928 4523; x_wconf 75' lang='grc' dir='ltr'><strong>ι</strong></span> <span class='ocrx_word' id='word_1_808' title='bbox 2983 4473 3063 4526; x_wconf 80' lang='lat' dir='ltr'><strong>Ad</strong></span> <span class='ocrx_word' id='word_1_809' title='bbox 3114 4471 3228 4525; x_wconf 69' lang='lat' dir='ltr'><strong>haec</strong></span> <span class='ocrx_word' id='word_1_810' title='bbox 3282 4473 3336 4525; x_wconf 92' lang='lat' dir='ltr'><strong>in</strong></span> 
     </span>
    </p>
   </div>
   <div class='ocr_carea' id='block_1_99' title="bbox 1761 4564 3335 4637">
    <p class='ocr_par' dir='ltr' id='par_1_99' title="bbox 1761 4564 3335 4637">
     <span class='ocr_line' id='line_1_99' title="bbox 1761 4564 3335 4637; baseline -0.003 -15"><span class='ocrx_word' id='word_1_811' title='bbox 1761 4584 1969 4623; x_wconf 78' lang='lat' dir='ltr'><strong>xxxvm</strong></span> <span class='ocrx_word' id='word_1_812' title='bbox 2023 4567 2228 4622; x_wconf 89' lang='lat' dir='ltr'><strong>dictum</strong></span> <span class='ocrx_word' id='word_1_813' title='bbox 2280 4565 2657 4637; x_wconf 86' lang='lat' dir='ltr'><strong>deprehendas</strong></span> <span class='ocrx_word' id='word_1_814' title='bbox 2701 4585 2714 4620; x_wconf 90' lang='lat'><strong>:</strong></span> <span class='ocrx_word' id='word_1_815' title='bbox 2785 4584 2804 4617; x_wconf 73' lang='grc' dir='ltr'><strong>ι</strong></span> <span class='ocrx_word' id='word_1_816' title='bbox 2843 4564 3227 4621; x_wconf 76' lang='lat' dir='ltr'><strong>Verumtamen</strong></span> <span class='ocrx_word' id='word_1_817' title='bbox 3282 4565 3335 4618; x_wconf 91' lang='lat' dir='ltr'><strong>in</strong></span> 
     </span>
    </p>
   </div>
   <div class='ocr_carea' id='block_1_100' title="bbox 1763 4658 3336 4734">
    <p class='ocr_par' dir='ltr' id='par_1_100' title="bbox 1763 4658 3336 4734">
     <span class='ocr_line' id='line_1_100' title="bbox 1763 4658 3336 4734; baseline -0.004 -19"><span class='ocrx_word' id='word_1_818' title='bbox 1763 4663 1999 4732; x_wconf 77' lang='lat' dir='ltr'><strong>imagine</strong></span> <span class='ocrx_word' id='word_1_819' title='bbox 2029 4661 2327 4734; x_wconf 85' lang='lat' dir='ltr'><strong>pertransit</strong></span> <span class='ocrx_word' id='word_1_820' title='bbox 2362 4661 2546 4715; x_wconf 90' lang='lat' dir='ltr'><strong>homo.</strong></span> <span class='ocrx_word' id='word_1_821' title='bbox 2580 4658 2968 4715; x_wconf 82' lang='lat' dir='ltr'><strong>Verumtamen</strong></span> <span class='ocrx_word' id='word_1_822' title='bbox 3017 4672 3154 4711; x_wconf 86' lang='lat' dir='ltr'><strong>vane</strong></span> <span class='ocrx_word' id='word_1_823' title='bbox 3204 4672 3336 4710; x_wconf 88' lang='lat' dir='ltr'><strong>con-</strong></span> 
     </span>
    </p>
   </div>
   <div class='ocr_carea' id='block_1_101' title="bbox 1763 4747 3336 4822">
    <p class='ocr_par' dir='ltr' id='par_1_101' title="bbox 1763 4747 3336 4822">
     <span class='ocr_line' id='line_1_101' title="bbox 1763 4747 3336 4822; baseline -0.004 -16"><span class='ocrx_word' id='word_1_824' title='bbox 1763 4755 2076 4810; x_wconf 86' lang='lat' dir='ltr'><strong>turbantur.</strong></span> <span class='ocrx_word' id='word_1_825' title='bbox 2109 4752 2492 4815; x_wconf 81' lang='lat' dir='ltr'><strong>Thesaurizat,</strong></span> <span class='ocrx_word' id='word_1_826' title='bbox 2523 4759 2576 4806; x_wconf 89' lang='lat' dir='ltr'><strong>et</strong></span> <span class='ocrx_word' id='word_1_827' title='bbox 2610 4751 2822 4822; x_wconf 84' lang='lat' dir='ltr'><strong>ignorat</strong></span> <span class='ocrx_word' id='word_1_828' title='bbox 2851 4748 2936 4801; x_wconf 92' lang='lat' dir='ltr'><strong>cui</strong></span> <span class='ocrx_word' id='word_1_829' title='bbox 2981 4747 3336 4817; x_wconf 75' lang='lat' dir='ltr'><strong>congregabit</strong></span> 
     </span>
    </p>
   </div>
   <div class='ocr_carea' id='block_1_102' title="bbox 1761 4839 3335 4914">
    <p class='ocr_par' dir='ltr' id='par_1_102' title="bbox 1761 4839 3335 4914">
     <span class='ocr_line' id='line_1_102' title="bbox 1761 4839 3335 4914; baseline -0.005 -16"><span class='ocrx_word' id='word_1_830' title='bbox 1761 4859 1824 4898; x_wconf 90' lang='lat' dir='ltr'><strong>ea</strong></span> <span class='ocrx_word' id='word_1_831' title='bbox 1849 4845 1934 4910; x_wconf 83' lang='grc'><strong>⁵⁶;</strong></span> <span class='ocrx_word' id='word_1_832' title='bbox 1973 4864 1993 4896; x_wconf 78' lang='grc' dir='ltr'><strong>ι</strong></span> <span class='ocrx_word' id='word_1_833' title='bbox 2026 4845 2227 4914; x_wconf 90' lang='lat' dir='ltr'><strong>quibus</strong></span> <span class='ocrx_word' id='word_1_834' title='bbox 2257 4859 2500 4899; x_wconf 90' lang='lat' dir='ltr'><strong>consona</strong></span> <span class='ocrx_word' id='word_1_835' title='bbox 2553 4842 2756 4897; x_wconf 84' lang='lat' dir='ltr'><strong>fuerint</strong></span> <span class='ocrx_word' id='word_1_836' title='bbox 2806 4839 2921 4892; x_wconf 67' lang='lat' dir='ltr'><strong>haec</strong></span> <span class='ocrx_word' id='word_1_837' title='bbox 2971 4839 3026 4892; x_wconf 91' lang='lat' dir='ltr'><strong>in</strong></span> <span class='ocrx_word' id='word_1_838' title='bbox 3076 4839 3335 4908; x_wconf 65' lang='lat' dir='ltr'><strong>praesenti</strong></span> 
     </span>
    </p>
   </div>
   <div class='ocr_carea' id='block_1_103' title="bbox 1758 4931 3334 5005">
    <p class='ocr_par' dir='ltr' id='par_1_103' title="bbox 1758 4931 3334 5005">
     <span class='ocr_line' id='line_1_103' title="bbox 1758 4931 3334 5005; baseline -0.003 -16"><span class='ocrx_word' id='word_1_839' title='bbox 1758 4936 1942 4991; x_wconf 86' lang='lat' dir='ltr'><strong>dicta:</strong></span> <span class='ocrx_word' id='word_1_840' title='bbox 1983 4953 2003 4986; x_wconf 73' lang='grc' dir='ltr'><strong>ι</strong></span> <span class='ocrx_word' id='word_1_841' title='bbox 2058 4935 2235 4992; x_wconf 81' lang='lat' dir='ltr'><strong>Nolite</strong></span> <span class='ocrx_word' id='word_1_842' title='bbox 2290 4950 2512 5005; x_wconf 84' lang='lat' dir='ltr'><strong>sperare</strong></span> <span class='ocrx_word' id='word_1_843' title='bbox 2565 4935 2618 4988; x_wconf 92' lang='lat' dir='ltr'><strong>in</strong></span> <span class='ocrx_word' id='word_1_844' title='bbox 2649 4933 2955 5002; x_wconf 86' lang='lat' dir='ltr'><strong>iniquitate,</strong></span> <span class='ocrx_word' id='word_1_845' title='bbox 3000 4938 3054 4986; x_wconf 88' lang='lat' dir='ltr'><strong>ct</strong></span> <span class='ocrx_word' id='word_1_846' title='bbox 3085 4931 3334 5000; x_wconf 86' lang='lat' dir='ltr'><strong>rapinam</strong></span> 
     </span>
    </p>
   </div>
   <div class='ocr_carea' id='block_1_104' title="bbox 1759 5021 3374 5100">
    <p class='ocr_par' dir='ltr' id='par_1_104' title="bbox 1759 5021 3374 5100">
     <span class='ocr_line' id='line_1_104' title="bbox 1759 5021 3374 5100; baseline -0.002 -22"><span class='ocrx_word' id='word_1_847' title='bbox 1759 5025 1935 5080; x_wconf 88' lang='lat' dir='ltr'><strong>nolite</strong></span> <span class='ocrx_word' id='word_1_848' title='bbox 1978 5027 2372 5096; x_wconf 86' lang='lat' dir='ltr'><strong>concupiscere</strong></span> <span class='ocrx_word' id='word_1_849' title='bbox 2401 5042 2414 5080; x_wconf 91' lang='lat'>:</span> <span class='ocrx_word' id='word_1_850' title='bbox 2446 5022 2725 5088; x_wconf 55' lang='lat' dir='ltr'><strong>divitiaesi</strong></span> <span class='ocrx_word' id='word_1_851' title='bbox 2757 5021 2996 5085; x_wconf 80' lang='lat' dir='ltr'><strong>aliluant,</strong></span> <span class='ocrx_word' id='word_1_852' title='bbox 3029 5021 3198 5076; x_wconf 88' lang='lat' dir='ltr'><strong>nolite</strong></span> <span class='ocrx_word' id='word_1_853' title='bbox 3235 5035 3334 5074; x_wconf 90' lang='lat' dir='ltr'><strong>cor</strong></span> <span class='ocrx_word' id='word_1_854' title='bbox 3355 5087 3374 5100; x_wconf 76' lang='lat'><em>_</em></span> 
     </span>
    </p>
   </div>
   <div class='ocr_carea' id='block_1_105' title="bbox 1760 5108 3364 5183">
    <p class='ocr_par' dir='ltr' id='par_1_105' title="bbox 1760 5108 3364 5183">
     <span class='ocr_line' id='line_1_105' title="bbox 1760 5108 3364 5183; baseline -0.001 -17"><span class='ocrx_word' id='word_1_855' title='bbox 1760 5129 2053 5183; x_wconf 90' lang='lat' dir='ltr'><strong>apponere.</strong></span> <span class='ocrx_word' id='word_1_856' title='bbox 2095 5135 2113 5168; x_wconf 71' lang='grc' dir='ltr'><strong>ι</strong></span> <span class='ocrx_word' id='word_1_857' title='bbox 2144 5114 2300 5182; x_wconf 85' lang='lat' dir='ltr'><strong>Quod</strong></span> <span class='ocrx_word' id='word_1_858' title='bbox 2336 5116 2380 5168; x_wconf 91' lang='lat' dir='ltr'><strong>si</strong></span> <span class='ocrx_word' id='word_1_859' title='bbox 2415 5121 2471 5167; x_wconf 93' lang='lat' dir='ltr'><strong>tu</strong></span> <span class='ocrx_word' id='word_1_860' title='bbox 2509 5127 2605 5182; x_wconf 87' lang='lat' dir='ltr'><strong>per</strong></span> <span class='ocrx_word' id='word_1_861' title='bbox 2631 5111 2802 5164; x_wconf 90' lang='lat' dir='ltr'><strong>otium</strong></span> <span class='ocrx_word' id='word_1_862' title='bbox 2830 5110 2976 5165; x_wconf 84' lang='lat' dir='ltr'><strong>dicta</strong></span> <span class='ocrx_word' id='word_1_863' title='bbox 3009 5111 3062 5165; x_wconf 91' lang='lat' dir='ltr'><strong>in</strong></span> <span class='ocrx_word' id='word_1_864' title='bbox 3093 5108 3364 5180; x_wconf 85' lang='lat' dir='ltr'><strong>utroque&#39;</strong></span> 
     </span>
    </p>
   </div>
   <div class='ocr_carea' id='block_1_106' title="bbox 1758 5193 3330 5278">
    <p class='ocr_par' dir='ltr' id='par_1_106' title="bbox 1758 5193 3330 5278">
     <span class='ocr_line' id='line_1_106' title="bbox 1758 5193 3330 5278; baseline -0.004 -15"><span class='ocrx_word' id='word_1_865' title='bbox 1758 5208 1971 5278; x_wconf 77' lang='lat' dir='ltr'><strong>psalmo</strong></span> <span class='ocrx_word' id='word_1_866' title='bbox 2001 5208 2177 5278; x_wconf 89' lang='lat' dir='ltr'><strong>posita</strong></span> <span class='ocrx_word' id='word_1_867' title='bbox 2217 5208 2504 5262; x_wconf 84' lang='lat' dir='ltr'><strong>adversum</strong></span> <span class='ocrx_word' id='word_1_868' title='bbox 2538 5193 2861 5265; x_wconf 88' lang='lat' dir='ltr'><strong>contuleris,</strong></span> <span class='ocrx_word' id='word_1_869' title='bbox 2908 5201 3156 5257; x_wconf 89' lang='lat' dir='ltr'><strong>eamdem</strong></span> <span class='ocrx_word' id='word_1_870' title='bbox 3206 5216 3330 5270; x_wconf 79' lang='lat' dir='ltr'><strong>spe-</strong></span> 
     </span>
    </p>
   </div>
   <div class='ocr_carea' id='block_1_107' title="bbox 1752 5291 3324 5367">
    <p class='ocr_par' dir='ltr' id='par_1_107' title="bbox 1752 5291 3324 5367">
     <span class='ocr_line' id='line_1_107' title="bbox 1752 5291 3324 5367; baseline -0.005 -14"><span class='ocrx_word' id='word_1_871' title='bbox 1752 5306 1904 5354; x_wconf 90' lang='lat' dir='ltr'><strong>ctare</strong></span> <span class='ocrx_word' id='word_1_872' title='bbox 1948 5299 2272 5354; x_wconf 85' lang='lat' dir='ltr'><strong>sententiam</strong></span> <span class='ocrx_word' id='word_1_873' title='bbox 2322 5294 2722 5367; x_wconf 83' lang='lat' dir='ltr'><strong>deprehendes.</strong></span> <span class='ocrx_word' id='word_1_874' title='bbox 2778 5291 2944 5346; x_wconf 86' lang='lat' dir='ltr'><strong>David</strong></span> <span class='ocrx_word' id='word_1_875' title='bbox 2991 5291 3174 5362; x_wconf 87' lang='lat' dir='ltr'><strong>itaque</strong></span> <span class='ocrx_word' id='word_1_876' title='bbox 3224 5293 3324 5363; x_wconf 87' lang='lat' dir='ltr'><strong>ipsi</strong></span> 
     </span>
    </p>
   </div>
   <div class='ocr_carea' id='block_1_108' title="bbox 1751 5385 3326 5456">
    <p class='ocr_par' dir='ltr' id='par_1_108' title="bbox 1751 5385 3326 5456">
     <span class='ocr_line' id='line_1_108' title="bbox 1751 5385 3326 5456; baseline -0.004 -12"><span class='ocrx_word' id='word_1_877' title='bbox 1751 5391 1983 5447; x_wconf 79' lang='lat' dir='ltr'><strong>Idithum</strong></span> <span class='ocrx_word' id='word_1_878' title='bbox 2011 5391 2292 5446; x_wconf 85' lang='lat' dir='ltr'><strong>accidente</strong></span> <span class='ocrx_word' id='word_1_879' title='bbox 2309 5388 2626 5446; x_wconf 77' lang='lat' dir='ltr'><strong>tentationc.</strong></span> <span class='ocrx_word' id='word_1_880' title='bbox 2648 5385 2948 5440; x_wconf 78' lang='lat' dir='ltr'><strong>etfortassc</strong></span> <span class='ocrx_word' id='word_1_881' title='bbox 2978 5385 3157 5456; x_wconf 88' lang='lat' dir='ltr'><strong>lapsu,</strong></span> <span class='ocrx_word' id='word_1_882' title='bbox 3177 5388 3326 5444; x_wconf 80' lang='lat' dir='ltr'><strong>hanc</strong></span> 
     </span>
    </p>
   </div>
   <div class='ocr_carea' id='block_1_109' title="bbox 158 5519 1664 5614">
    <p class='ocr_par' dir='ltr' id='par_1_109' title="bbox 158 5543 1664 5614">
     <span class='ocr_line' id='line_1_109' title="bbox 158 5543 1664 5614; baseline -0.001 -13"><span class='ocrx_word' id='word_1_883' title='bbox 158 5543 198 5579; x_wconf 81' lang='lat'>&quot;</span> <span class='ocrx_word' id='word_1_884' title='bbox 232 5545 373 5602; x_wconf 83' lang='lat' dir='ltr'><strong>Psal.</strong></span> <span class='ocrx_word' id='word_1_885' title='bbox 409 5565 635 5611; x_wconf 77' lang='lat' dir='ltr'><strong>xxxvui.</strong></span> <span class='ocrx_word' id='word_1_886' title='bbox 673 5551 728 5614; x_wconf 77' lang='lat'><strong>‘2,</strong></span> <span class='ocrx_word' id='word_1_887' title='bbox 762 5548 816 5603; x_wconf 79' lang='grc'>5.</span> <span class='ocrx_word' id='word_1_888' title='bbox 892 5548 938 5580; x_wconf 87' lang='grc'>⁸³</span> <span class='ocrx_word' id='word_1_889' title='bbox 973 5548 1102 5604; x_wconf 88' lang='lat' dir='ltr'><strong>ibid.</strong></span> <span class='ocrx_word' id='word_1_890' title='bbox 1141 5550 1192 5601; x_wconf 84' lang='lat'><strong>9.</strong></span> <span class='ocrx_word' id='word_1_891' title='bbox 1268 5548 1316 5580; x_wconf 74' lang='lat'><strong>“</strong></span> <span class='ocrx_word' id='word_1_892' title='bbox 1356 5548 1485 5602; x_wconf 85' lang='lat' dir='ltr'><strong>ibid.</strong></span> <span class='ocrx_word' id='word_1_893' title='bbox 1518 5548 1570 5601; x_wconf 85' lang='lat'><strong>6.</strong></span> <span class='ocrx_word' id='word_1_894' title='bbox 1647 5545 1664 5578; x_wconf 87' lang='lat'>&#39;</span> 
     </span>
    </p>
   </div>
   <div class='ocr_carea' id='block_1_110' title="bbox 1770 5519 2438 5614">
    <p class='ocr_par' dir='ltr' id='par_1_110' title="bbox 1770 5519 2438 5603">
     <span class='ocr_line' id='line_1_110' title="bbox 1770 5519 2438 5603; baseline -0.003 -3"><span class='ocrx_word' id='word_1_895' title='bbox 1770 5546 1866 5603; x_wconf 64' lang='lat' dir='ltr'><strong>nd.</strong></span> <span class='ocrx_word' id='word_1_896' title='bbox 1903 5546 1992 5602; x_wconf 68' lang='grc' dir='ltr'><strong>ιε.</strong></span> <span class='ocrx_word' id='word_1_897' title='bbox 2071 5544 2120 5576; x_wconf 72' lang='grc' dir='ltr'><strong>ιι</strong></span> <span class='ocrx_word' id='word_1_898' title='bbox 2149 5519 2288 5598; x_wconf 76' lang='lat' dir='ltr'><strong>ibid.</strong></span> <span class='ocrx_word' id='word_1_899' title='bbox 2325 5542 2438 5598; x_wconf 80' lang='lat'><strong>7-9.</strong></span> 
     </span>
    </p>
   </div>
   <div class='ocr_carea' id='block_1_111' title="bbox 168 5725 3321 5802">
    <p class='ocr_par' dir='ltr' id='par_1_111' title="bbox 168 5725 3321 5802">
     <span class='ocr_line' id='line_1_111' title="bbox 168 5725 3321 5802; baseline -0 -21"><span class='ocrx_word' id='word_1_900' title='bbox 168 5727 250 5802; x_wconf 13' lang='lat'><strong>(1)7</strong></span> <span class='ocrx_word' id='word_1_901' title='bbox 274 5727 404 5784; x_wconf 82' lang='lat' dir='ltr'><strong>Post</strong></span> <span class='ocrx_word' id='word_1_902' title='bbox 426 5731 539 5784; x_wconf 72' lang='lat' dir='ltr'><strong>haec</strong></span> <span class='ocrx_word' id='word_1_903' title='bbox 573 5727 821 5802; x_wconf 84' lang='lat' dir='ltr'><strong>sequitur</strong></span> <span class='ocrx_word' id='word_1_904' title='bbox 858 5731 1138 5800; x_wconf 86' lang='lat' dir='ltr'><strong>catalogus</strong></span> <span class='ocrx_word' id='word_1_905' title='bbox 1167 5730 1450 5802; x_wconf 88' lang='lat' dir='ltr'><strong>titulorum</strong></span> <span class='ocrx_word' id='word_1_906' title='bbox 1481 5727 1698 5802; x_wconf 80' lang='lat' dir='ltr'><strong>Eusebii</strong></span> <span class='ocrx_word' id='word_1_907' title='bbox 1724 5729 1789 5802; x_wconf 70' lang='lat' dir='ltr'><strong>in</strong></span> <span class='ocrx_word' id='word_1_908' title='bbox 1829 5727 2078 5802; x_wconf 61' lang='lat' dir='ltr'><strong>umlcfim</strong></span> <span class='ocrx_word' id='word_1_909' title='bbox 2123 5734 2424 5802; x_wconf 67' lang='lat' dir='ltr'><strong>sequentes</strong></span> <span class='ocrx_word' id='word_1_910' title='bbox 2444 5726 2683 5802; x_wconf 73' lang='lat' dir='ltr'><strong>psalmos</strong></span> <span class='ocrx_word' id='word_1_911' title='bbox 2731 5729 2834 5784; x_wconf 94' lang='lat' dir='ltr'><strong>hoc</strong></span> <span class='ocrx_word' id='word_1_912' title='bbox 2867 5729 3002 5786; x_wconf 85' lang='lat' dir='ltr'><strong>ritu.</strong></span> <span class='ocrx_word' id='word_1_913' title='bbox 3054 5725 3278 5797; x_wconf 65' lang='grc' dir='ltr'>Σχολιῑτειῗ</span> <span class='ocrx_word' id='word_1_914' title='bbox 3303 5747 3321 5802; x_wconf 60' lang='grc' dir='ltr'><em>ς</em></span> 
     </span>
    </p>
   </div>
   <div class='ocr_carea' id='block_1_112' title="bbox 113 5790 3321 5877">
    <p class='ocr_par' dir='ltr' id='par_1_112' title="bbox 113 5790 3321 5877">
     <span class='ocr_line' id='line_1_112' title="bbox 113 5790 3321 5877; baseline 0.001 -30"><span class='ocrx_word' id='word_1_915' title='bbox 113 5790 400 5877; x_wconf 71' lang='grc' dir='ltr'>ἐξηγήσεων</span> <span class='ocrx_word' id='word_1_916' title='bbox 428 5804 504 5861; x_wconf 81' lang='grc' dir='ltr'><strong>εἰς</strong></span> <span class='ocrx_word' id='word_1_917' title='bbox 529 5790 1154 5877; x_wconf 57' lang='grc' dir='ltr'>τουξὺποτεταγμένᾌυς</span> <span class='ocrx_word' id='word_1_918' title='bbox 1179 5801 1445 5870; x_wconf 54' lang='grc' dir='ltr'>ψαλμοὺς,</span> <span class='ocrx_word' id='word_1_919' title='bbox 1470 5802 1564 5877; x_wconf 35' lang='grc' dir='ltr'><strong>ἐἰς</strong></span> <span class='ocrx_word' id='word_1_920' title='bbox 1596 5799 1685 5849; x_wconf 77' lang='grc' dir='ltr'><strong>τὸν</strong></span> <span class='ocrx_word' id='word_1_921' title='bbox 1719 5797 1817 5862; x_wconf 66' lang='lat'><strong>51&#39;.</strong></span> <span class='ocrx_word' id='word_1_922' title='bbox 1861 5802 1916 5850; x_wconf 72' lang='grc' dir='ltr'>ἐν</span> <span class='ocrx_word' id='word_1_923' title='bbox 1957 5790 1998 5863; x_wconf 80' lang='grc' dir='ltr'>ᾧ</span> <span class='ocrx_word' id='word_1_924' title='bbox 2033 5799 2146 5848; x_wconf 77' lang='grc' dir='ltr'>ἐστὶ</span> <span class='ocrx_word' id='word_1_925' title='bbox 2183 5790 2500 5851; x_wconf 70' lang='grc' dir='ltr'>δίδασκαλῗα</span> <span class='ocrx_word' id='word_1_926' title='bbox 2526 5797 2916 5870; x_wconf 70' lang='grc' dir='ltr'>θεραπευτικὴ,</span> <span class='ocrx_word' id='word_1_927' title='bbox 2960 5806 3013 5853; x_wconf 88' lang='lat' dir='ltr'><strong>ct</strong></span> <span class='ocrx_word' id='word_1_928' title='bbox 3067 5790 3147 5854; x_wconf 50' lang='lat' dir='ltr'><strong>sic</strong></span> <span class='ocrx_word' id='word_1_929' title='bbox 3177 5803 3270 5851; x_wconf 76' lang='lat' dir='ltr'><strong>Litt.</strong></span> <span class='ocrx_word' id='word_1_930' title='bbox 3303 5799 3321 5851; x_wconf 75' lang='grc' dir='ltr'><strong>ἰ</strong></span> 
     </span>
    </p>
   </div>
   <div class='ocr_carea' id='block_1_113' title="bbox 110 5871 1733 5940">
    <p class='ocr_par' dir='ltr' id='par_1_113' title="bbox 110 5871 1733 5940">
     <span class='ocr_line' id='line_1_113' title="bbox 110 5871 1733 5940; baseline 0 -20"><span class='ocrx_word' id='word_1_931' title='bbox 110 5871 374 5940; x_wconf 72' lang='lat' dir='ltr'><strong>cujusque,</strong></span> <span class='ocrx_word' id='word_1_932' title='bbox 401 5889 572 5938; x_wconf 82' lang='lat' dir='ltr'><strong>usque</strong></span> <span class='ocrx_word' id='word_1_933' title='bbox 606 5874 669 5923; x_wconf 82' lang='lat' dir='ltr'><strong>ad</strong></span> <span class='ocrx_word' id='word_1_934' title='bbox 708 5879 802 5936; x_wconf 78' lang='lat' dir='ltr'><strong>oa’,</strong></span> <span class='ocrx_word' id='word_1_935' title='bbox 822 5881 880 5924; x_wconf 86' lang='lat' dir='ltr'><strong>ut</strong></span> <span class='ocrx_word' id='word_1_936' title='bbox 912 5873 1062 5924; x_wconf 75' lang='lat' dir='ltr'><strong>initio</strong></span> <span class='ocrx_word' id='word_1_937' title='bbox 1093 5871 1220 5924; x_wconf 78' lang='lat' dir='ltr'><strong>editi</strong></span> <span class='ocrx_word' id='word_1_938' title='bbox 1249 5880 1394 5932; x_wconf 81' lang='lat' dir='ltr'><strong>sunt,</strong></span> <span class='ocrx_word' id='word_1_939' title='bbox 1420 5871 1733 5922; x_wconf 81' lang='lat' dir='ltr'><strong>alleruutur.</strong></span> 
     </span>
    </p>
   </div>
   <div class='ocr_carea' id='block_1_114' title="bbox 373 5963 1072 6025">
    <p class='ocr_par' dir='ltr' id='par_1_114' title="bbox 373 5963 1072 6025">
     <span class='ocr_line' id='line_1_114' title="bbox 373 5963 1072 6025; baseline -0.001 0"><span class='ocrx_word' id='word_1_940' title='bbox 373 5966 637 6025; x_wconf 60' lang='lat' dir='ltr'><strong>Parnm&quot;</strong></span> <span class='ocrx_word' id='word_1_941' title='bbox 679 5968 792 6024; x_wconf 68' lang='lat' dir='ltr'><strong>(in.</strong></span> <span class='ocrx_word' id='word_1_942' title='bbox 841 5963 1072 6024; x_wconf 68' lang='lat' dir='ltr'><strong>XXHI.</strong></span> 
     </span>
    </p>
   </div>
   <div class='ocr_carea' id='block_1_115' title="bbox 2963 5955 3038 6012">
    <p class='ocr_par' dir='ltr' id='par_1_115' title="bbox 2963 5955 3038 6012">
     <span class='ocr_line' id='line_1_115' title="bbox 2963 5955 3038 6012; baseline -0.027 0"><span class='ocrx_word' id='word_1_943' title='bbox 2963 5955 3038 6012; x_wconf 80' lang='lat'><strong>19</strong></span> 
     </span>
    </p>
   </div>
  </div>
