3808 6280
437 391 540 447 587

1145 386 1416 443 EUSEBH
1451 387 1934 475 CESARIEKSSIS
1974 388 2123 445 OPP.
2153 387 2333 444 PARS
2372 388 2457 444 Ill.
2499 419 2566 429 -—
2590 387 3004 446 EXEGETICA.
3575 400 3666 456 583

435 509 741 565 doctrinam
779 504 1003 561 medelas
1035 512 1398 576 opportunam
1433 506 1728 564 tradidisse
1759 508 1973 563 videtur

2110 507 2277 578 αὐτῆς
2323 505 2582 578 ἐχομένας
2627 505 2882 570 διανοίας.
2931 506 2988 560 '0
3016 508 3195 562 τοίνυν
3223 509 3385 563 Δαυτδ
3412 508 3554 565 ἔοικε
3598 516 3665 586 τῷ

433 609 493 654 ut
519 613 641 656 sese
672 596 961 667 reciperet,
990 603 1043 652 et
1092 611 1123 651 a
1158 595 1315 668 lapsu
1355 604 1657 652 revocaret.
1707 596 1765 652 In
1796 613 2002 653 xxxviii

429 691 649 763 quidem
686 688 865 761 ipsum
899 688 1242 755 instituebat,
1275 699 1334 746 ut
1362 704 1485 748 sese
1512 690 1913 755 cohortaretur,
1941 707 2005 748 ac

428 799 617 841 secum
645 780 922 853 colloquia
961 781 1215 838 misceret
1249 780 1608 852 diceretque:
1651 799 1670 832 ι
1711 780 1830 836 Dixi
1859 781 2004 836 :Cu-

427 873 665 930 stodiam
719 875 838 928 vias
884 887 1055 934 meas,
1088 879 1149 928 ut
1195 887 1307 928 non
1357 871 1670 946 delinquam
1716 874 1768 927 in
1820 873 2001 943 lingua

428 982 573 1022 mea.
621 965 786 1024 Posui
835 965 917 1023 ori
954 979 1080 1021 meo
1128 965 1459 1029 custodiam,
1506 980 1630 1020 cum
1679 966 2004 1021 consisteret

425 1065 685 1129 peccator
719 1055 1011 1113 adversum
1045 1072 1150 1145 rue,
1179 1055 1426 1113 obmutui
1458 1064 1510 1111 et
1542 1056 1859 1112 humiliatus
1881 1073 2000 1111 sum

423 1157 480 1205 et
517 1149 642 1207 silui
672 1162 702 1202 a
735 1147 918 1213 bonis,
957 1156 1013 1203 et
1044 1147 1202 1202 dolor
1235 1162 1391 1202 meus
1436 1157 1731 1203 renovatus
1763 1157 1848 1204 est
1870 1148 1937 1212 ⁸⁷,
1976 1167 1994 1200 ι

423 1251 481 1295 et
520 1248 738 1296 caetera.
773 1237 830 1293 In
862 1239 1062 1310 quibus
1091 1237 1246 1293 adest
1275 1246 1330 1293 et
1361 1237 1493 1292 illud
1523 1256 1536 1292 :
1579 1256 1599 1291 ι
1636 1240 1717 1293 Ab
1746 1238 2000 1298 omnibus

423 1334 810 1405 iniquitatibus
840 1333 977 1388 meis
1006 1331 1160 1402 eripe
1191 1345 1296 1396 me,
1329 1331 1683 1402 opprobrium
1720 1330 1997 1402 insipienti

2123 600 2358 671 Ἰδιθοὺμ
2405 597 2696 672 πειρασμῷ
2752 617 2858 653 τινι
2893 602 3222 666 πεπτωκότι,
3251 603 3393 674 τάχα
3448 622 3547 658 που
3589 611 3667 663 καὶ

2110 692 2452 765 ὀλισθήματι,
2479 692 2824 747 διδασκαλίαν
2873 693 3272 767 θεραπευτικὴν
3309 697 3666 768 παραδεδωκέ-

2110 801 2234 839 ναι·
2281 785 2428 849 ὅπως
2479 785 2545 838 ἂν
2577 783 2730 838 λάϐοι
2763 785 2949 838 ἑαυτὸν
2972 825 2988 849 ,
3040 786 3134 839 καὶ¹
3181 787 3536 858 ἀνακτήσαιτο
3586 789 3666 842 τοῦ

2110 876 2415 948 συμϐάντος
2445 875 2593 948 αὐτῷ
2617 877 2974 949 πταίσματος.
3011 878 3287 932 Ἐδίδασκε
3337 879 3469 948 γοῦν
3519 881 3666 934 αύτδν

2109 969 2166 1022 ἐν
2197 970 2292 1040 μὲν
2319 967 2398 1040 τῷ
2424 969 2504 1040 λη’
2531 969 2710 1040 ἑαυτῷ
2735 973 3036 1042 παραινεῖν,
3062 971 3156 1023 καὶ
3186 971 3319 1044 πρὸς
3351 972 3545 1026 ἑαυτὸν
3571 972 3664 1028 δια-

2107 1061 2358 1132 λέγεσθαι
2387 1063 2480 1117 καὶ
2509 1062 2690 1133 λέγειν
2711 1081 2725 1097 ο
2761 1082 2780 1116 ‹
2805 1059 2947 1117 Εἷπα
2965 1079 2979 1094 ⁸
3002 1064 3224 1131 Φυλάξω
3251 1066 3352 1128 τάς
3376 1066 3534 1131 ὁδούς
3559 1085 3664 1138 μου,

2107 1155 2200 1210 τοῦ
2239 1157 2313 1228 μὴ
2337 1157 2668 1228 ἁμαρτάνειν
2689 1157 2749 1210 ὲν
2783 1157 3002 1230 γλώσσῃ
3035 1175 3157 1227 μου.
3202 1157 3436 1229 Ἐθέμην
3460 1159 3540 1230 τῷ
3564 1162 3664 1214 στύ-

2109 1251 2240 1322 ματί
2269 1267 2368 1321 μου
2413 1249 2658 1321 φυλακὴν
2677 1290 2694 1314 ,
2730 1251 2788 1304 ἐν
2810 1249 2886 1322 τῷ
2916 1251 3176 1321 συστῆναι
3226 1252 3316 1304 τὸν
3359 1253 3660 1323 ἁμαρτωλὸν

2105 1340 2334 1395 ἐνώπιόν
2378 1359 2500 1412 μου.
2520 1341 2866 1413 Ἐκωφὼθην,
2896 1341 2990 1396 καὶ
3025 1339 3414 1411 ὲταπεινώθην,
3442 1344 3536 1395 καὶ
3568 1343 3662 1396 ἐτί-

2105 1451 2252 1506 γησα
2279 1433 2338 1501 ἐξ
2369 1432 2588 1503 ἀγαθῶν
2609 1473 2623 1497 ,
2659 1433 2754 1487 καὶ
2793 1433 2854 1486 τὸ
2875 1433 3097 1506 ἀλγημά
3131 1451 3231 1504 μου
3258 1434 3652 1504 ἀνεκαινίσθη,ι

2105 1525 2200 1580 καὶ
2226 1524 2294 1579 τά
2322 1524 2530 1588 τούτοις
2546 1524 2694 1594 ἑξῆς.
2765 1524 2854 1578 Ἐν
2885 1519 2968 1588 οἷς
3000 1520 3068 1596 ἦν
3096 1525 3190 1578 καὶ
3228 1523 3317 1589 τδ,
3351 1543 3370 1577 σ
3412 1525 3544 1579 Ἀπδ
3568 1543 3657 1579 2a-

422 1426 622 1486 dedisti
653 1441 760 1484 me.
792 1424 1056 1482 Obmutui
1086 1432 1140 1480 et
1174 1439 1285 1478 non
1314 1425 1505 1495 aperui
1539 1441 1601 1479 os
1630 1440 1830 1488 meum,
1862 1440 2000 1495 quo-

422 1521 571 1577 niam
601 1527 660 1575 tu
692 1519 871 1576 fecisti
895 1519 979 1586 '3;
1018 1538 1036 1571 ι
1070 1534 1136 1575 ac
1163 1533 1398 1575 rursus:
1433 1536 1452 1570 ‹
1486 1518 1688 1572 Amove
1713 1533 1743 1571 a
1775 1533 1860 1573 me
1891 1519 2000 1589 pla-

422 1628 521 1684 gas
555 1623 698 1670 tuas.
736 1612 782 1666 Α
819 1609 1141 1667 fortitudine
1171 1624 1364 1664 manus
1391 1618 1498 1664 tuae
1526 1623 1627 1680 ego
1660 1607 1833 1664 defcci
1855 1608 1923 1663 ".
1972 1628 1989 1662 ι

2105 1617 2214 1671 σῶν
2233 1617 2340 1671 τῶν
2372 1617 2612 1689 ἀνομιῶν
2637 1634 2739 1688 μου
2775 1615 2934 1688 ῥῦσαί
2973 1635 3041 1689 με
3063 1634 3077 1647 °
3113 1617 3313 1680 ὄνειδος
3341 1617 3535 1689 ἄφρονι
3557 1619 3659 1672 ἑδω-

421 1706 549 1762 ΙΙιιιο
593 1715 649 1762 et
689 1705 893 1762 similia
939 1713 1001 1760 ut
1036 1703 1244 1760 diceret
1291 1719 1355 1758 ac
1396 1703 1507 1759 Deo
1553 1703 1693 1758 tales
1721 1702 1989 1758 orationes

2103 1711 2205 1776 κάς
2245 1727 2335 1782 με.
2374 1709 2703 1783 Ἐκωφὼθην
2742 1711 2836 1764 καὶ
2875 1711 2976 1763 οὐκ
3004 1709 3192 1781 ἧνοιξα
3230 1710 3292 1764 τὸ
3335 1711 3508 1781 στόμα
3551 1729 3654 1782 μου,

419 1802 711 1865 emitteret,
768 1802 822 1856 in
870 1799 963 1854 illo
1015 1800 1228 1870 psalmo
1273 1797 1663 1854 instituebatur
1715 1795 1989 1862 ldithum;

2101 1803 2183 1856 ὄτι
2218 1802 2282 1855 σὺ
2327 1802 2619 1872 ἐποίησας·
2660 1821 2678 1854 ι
2721 1801 2817 1854 καὶ
2867 1800 3065 1854 πάλιν·
3123 1819 3143 1852 r
3215 1802 3540 1871 Ἀπόστητον
3577 1803 3655 1856 ἀπ’

419 1897 474 1952 in
506 1896 608 1951 hoc
644 1903 826 1951 autem
857 1894 1113 1950 similiter
1141 1892 1316 1950 eidem
1348 1893 1468 1948 viro
1497 1900 1688 1947 auctor
1718 1898 1802 1946 est
1828 1888 1989 1946 David

2100 1892 2236 1965 ἐμοῦ
2267 1892 2365 1956 τὰς
2397 1891 2666 1963 μάστιγάς
2699 1907 2812 1944 σου.
2853 1889 2986 1944 Ἀπὸ
3007 1891 3108 1963 τῆς
3139 1891 3322 1962 ίσχύος
3355 1895 3453 1963 τῆς
3497 1892 3654 1961 χειρός

418 1999 478 2043 ut
514 1987 786 2059 colloquia
821 2002 1007 2044 secum
1043 1987 1273 2041 misceat
1299 2000 1363 2040 ac
1391 1984 1575 2040 dicat:
1614 2003 1632 2036 ι
1665 1981 1858 2038 Nonne
1885 1981 1989 2038 Deo

2102 2004 2196 2040 σου
2214 1984 2324 2055 ἐγὼ
2338 1982 2605 2049 ἐξέλιπον.
2639 2003 2657 2035 ι
2684 1985 2729 2038 Τ
2733 1981 2871 2037 αῦτα
2902 1983 2998 2036 καὶ
3016 1983 3084 2036 τὰ
3113 1982 3338 2037 τοιαῦτα
3371 1983 3655 2037 ὲδιδάσκετο

417 2080 670 2150 subjecta
697 2081 804 2136 erit
835 2081 1016 2135 anima
1048 2095 1168 2135 mea
1216 2098 1230 2134 :
1268 2077 1340 2134 ab
1392 2078 1512 2148 ipso
1563 2077 1707 2133 enim
1756 2076 1989 2132 salutare

2100 2077 2278 2146 λέγειν
2329 2078 2424 2131 καὶ
2471 2076 2550 2148 τῷ
2598 2075 2718 2148 Θεῷ
2754 2076 3007 2141 τοιαύτας
3049 2076 3216 2147 εὑχάς
3258 2077 3598 2148 ἀναπέμπειν
3629 2079 3654 2129 6

416 2189 596 2227 meum
618 2172 643 2227 ?
679 2191 698 2224 ι
723 2172 889 2240 Queis
918 2171 1192 2244 signiﬁcat
1217 2186 1276 2228 se
1296 2170 1600 2238 vacillasse,
1623 2184 1687 2224 ac
1702 2169 1989 2240 quamdam

2112 2169 2342 2242 Ἰδιθοὺμ
2370 2171 2426 2222 ὲν
2459 2169 2652 2241 ἐκείνῳ
2677 2186 2692 2198 ο
2728 2169 2824 2222 καὶ
2852 2170 2907 2222 ὲν
2930 2167 3009 2238 τῷ
3045 2168 3182 2239 μετά
3207 2171 3396 2240 χεῖρας
3417 2170 3472 2223 δὲ
3502 2168 3651 2223 ὡσαύ-

414 2255 886 2332 perturbationem
943 2263 1139 2317 anima:
1187 2275 1411 2334 passum
1457 2277 1598 2317 esse.
1640 2259 1778 2327 Quia
1828 2261 1989 2331 igitur

2098 2281 2207 2329 τως
2231 2264 2322 2318 τὸν
2350 2263 2514 2317 αὑτὸν
2540 2263 2707 2334 ἀνδρα
2725 2265 2754 2317 6
2777 2260 2941 2316 Δαυῒδ
2959 2261 3196 2316 διδάσκει
3220 2261 3398 2334 ἑαυτῷ
3426 2263 3651 2334 προσδια-

416 2357 802 2427 ingruentibus
837 2356 1204 2413 tentatoribus
1251 2355 1523 2411 tantillum
1570 2354 1750 2408 animo
1789 2352 1989 2408 fractus

2098 2356 2352 2427 λέγεσθαι
2387 2356 2480 2411 καὶ
2512 2355 2721 2423 λέγειν·
2755 2373 2775 2407 ‹
2829 2355 2966 2427 υύχὶ
3002 2353 3081 2426 τῷ
3117 2354 3238 2426 Θεῷ
3270 2355 3650 2426 ὑποταγήσεται

415 2456 517 2510 est,
543 2447 597 2500 id
626 2445 1091 2510 animadvertens,
1124 2460 1233 2502 non
1258 2454 1317 2500 ut
1339 2445 1430 2500 ille
1457 2444 1548 2515 qui
1575 2442 1812 2506 dicebat,
1839 2461 1858 2494 ι
1890 2440 1989 2498 Mei

2099 2453 2132 2524 ἡ
2179 2451 2323 2523 ψυχή
2376 2466 2518 2522 μου;
2557 2453 2688 2524 παρ’
2722 2446 2883 2503 αὐτοῦ
2939 2447 3046 2520 γὰρ
3091 2448 3153 2501 τὸ
3197 2447 3460 2520 σωτήριόν
3495 2464 3600 2517 μου.
3627 2465 3645 2496 ι

417 2548 600 2594 autem
630 2555 769 2610 pene
799 2541 931 2594 moti
961 2547 1090 2596 sunt
1119 2538 1285 2612 pedes
1308 2538 1354 2573 “
1380 2556 1397 2607 ;
1440 2556 1460 2591 ι
1499 2537 1593 2592 sed
1633 2543 1694 2591 ut
1721 2551 1848 2593 vere
1878 2551 1989 2591 mo-

2098 2541 2359 2612 Σημαίνει
2409 2538 2764 2594 σεσαλεῦσθαι
2812 2538 3001 2603 αὐτὸν,
3043 2537 3140 2593 καί
3169 2555 3296 2594 τινα
3315 2539 3551 2612 ταραχὴν
3588 2540 3644 2608 τῇ

415 2640 529 2696 tus,
569 2633 883 2688 necessario
917 2633 984 2689 ad
1011 2632 1128 2688 haec
1170 2629 1402 2688 dicenda
1431 2629 1772 2686 instituitur:
1811 2645 1830 2680 ι
1872 2626 1989 2684 Non

2097 2632 2240 2704 ψυχῇ
2278 2631 2623 2686 πεπονθέναι.
2688 2631 2838 2686 Ἐπεὶ
2883 2631 3062 2685 τοίνυν
3087 2669 3101 2694 ,
3145 2629 3253 2684 τῶν
3309 2631 3646 2702 πειραζόντων

400 2717 676 2773 movebar
702 2717 937 2788 amplius
963 2734 977 2784 ;
1009 2737 1028 2770 ι
1055 2716 1168 2771 sive
1192 2714 1496 2772 secundum
1519 2712 1793 2784 Aquilam,
1819 2728 1839 2763 ς
1869 2711 1989 2766 Fal-

2097 2722 2429 2794 ὲπιθεμένων
2471 2722 2620 2794 αύτῷ
2642 2762 2658 2787 ,
2693 2722 2882 2794 γέγονὲ
2915 2741 2998 2787 τις
3031 2721 3180 2794 αύτῷ
3213 2723 3398 2777 ἀτονία
3418 2762 3433 2785 ,
3477 2718 3645 2793 ᾔσθετό

415 2809 496 2862 lar
527 2809 757 2864 multum
782 2825 798 2876 ;
859 2828 878 2862 ι
921 2808 1222 2864 secundum
1253 2807 1500 2879 quintam
1530 2805 1823 2862 editionem
1851 2804 1989 2860 dici-

2097 2830 2155 2867 τε
2192 2812 2384 2868 ἑαυτοῦ
2427 2814 2490 2867 οὐ
2517 2815 2662 2868 κατά
2693 2813 2783 2868 τὸν
2811 2815 3102 2886 εἰρηκότα⁶
3143 2830 3164 2864 ι
3218 2812 3383 2883 Ἐμοῦ
3430 2812 3484 2866 δὲ
3515 2810 3640 2880 παρὰ

413 2907 502 2954 tur
533 2901 721 2966 etiam,
776 2918 794 2953 ι
853 2899 973 2956 Non
1024 2898 1289 2956 movebor
1319 2898 1576 2971 amplius.
1638 2915 1656 2949 ι
1713 2896 1989 2952 Consonat

2099 2903 2293 2977 μικρὸν
2321 2904 2694 2976 ὲσαλεύθησαν
2726 2904 2775 2958 οἱ
2811 2903 2967 2968 πὸδες
2989 2943 3004 2967 ,
3041 2922 3060 2955 ι
3119 2903 3254 2957 άλλά
3307 2903 3404 2956 καὶ
3458 2901 3639 2972 ἀληθῶς

411 3001 593 3048 autem
629 2993 890 3050 doctrina:
941 2993 1230 3064 praesentis
1264 2991 1534 3048 sententia
1566 2989 1862 3062 prophetia;
1906 2990 1989 3045 di-

2097 2995 2445 3061 σαλευθέντος
2463 3013 2478 3027 °
2514 2996 2828 3066 ἀναγκαίως
2849 2995 3157 3050 διδάσκεται
3180 2995 3361 3064 λέγειν
3384 3011 3397 3025 ⁸
3442 3014 3459 3047 ι
3488 2996 3553 3048 υύ
3576 2995 3639 3065 μὴ

410 3087 554 3142 centi
586 3106 598 3141 :
637 3105 655 3139 ι
695 3085 789 3142 ναι
812 3088 906 3158 qui
934 3087 1234 3143 detrahunt
1262 3093 1489 3156 peccata
1519 3093 1578 3139 ut
1608 3083 1850 3139 funiculo
1871 3083 1989 3139 lon-

2097 3083 2340 3138 σαλευθῶ
2364 3085 2457 3138 ἐπὶ
2485 3085 2667 3140 πλεῖον
2689 3100 2703 3113 ·
2741 3103 2760 3138 ι
2793 3085 2827 3157 ἢ
2862 3086 3005 3140 κατά
3037 3085 3125 3138 τὸν
3174 3085 3450 3140 Ἀκύλαν-ο
3469 3104 3488 3136 ι
3522 3085 3639 3152 Σφα-

409 3193 499 3248 go,
529 3189 583 3233 et
608 3179 766 3248 quasi
804 3179 1033 3250 plaustri
1073 3178 1192 3233 loro
1221 3176 1457 3244 buculze,
1494 3175 1810 3247 iniquitates
1836 3175 1914 3242 ⁶¹;
1963 3195 1982 3227 ι

2097 3175 2326 3248 λήσομαι
2349 3176 2552 3249 πολλήν
2575 3195 2588 3207 ο
2621 3195 2640 3229 ι
2669 3177 2764 3232 καὶ
2787 3177 2929 3232 κατά
2959 3176 3057 3250 τὴν
3090 3178 3348 3250 πέμπτην
3371 3178 3428 3231 δὲ
3463 3177 3637 3231 ἔκδοσιν

411 3277 578 3339 atque
627 3269 703 3323 illi
732 3288 746 3323 :
785 3287 804 3320 ι
863 3266 1120 3339 Nunquid
1152 3267 1246 3339 qui
1276 3267 1443 3332 cadit,
1497 3281 1607 3321 non
1638 3273 1906 3338 resurget,
1936 3273 1989 3317 et

2097 3267 2336 3341 εἴρηται·
2371 3287 2390 3322 ι
2429 3269 2505 3324 Οὐ
2543 3269 2617 3342 μὴ
2651 3268 2895 3323 σαλευθῶ
2928 3271 3022 3324 ὲπὶ
3071 3269 3276 3324 πλεὶον.
3321 3289 3342 3322 r
3373 3268 3633 3340 Σύμφωνος

2085 3358 2130 3413 δ’
2165 3359 2233 3415 ἀν
2275 3359 2362 3434 εἴη
2394 3361 2424 3414 6
2468 3359 2594 3426 νοῦς
2633 3362 2736 3430 τῆς
2787 3361 3155 3434 προκειμένης
3199 3361 3531 3425 διδασκαλίας
3575 3363 3630 3430 τῇ

2087 3453 2369 3525 φασκούσῃ
2421 3455 2756 3528 προφητείαο
2801 3473 2821 3507 ι
2863 3454 3000 3508 Οὐαὶ
3056 3455 3106 3508 οἱ
3147 3453 3504 3526 ἐπισπώμενοι
3549 3454 3631 3515 τὰς

2087 3543 2359 3615 ἁμαρτίας
2386 3543 2462 3609 ὡς
2495 3546 2715 3618 σχοινίῳ
2773 3545 2990 3621 μακρῷ,
3027 3546 3121 3600 καὶ
3157 3545 3233 3611 ὡς
3264 3545 3430 3615 ζυγοῦ
3478 3544 3629 3616 ἱμάντι

2082 3635 2366 3708 δαμάλεως
2420 3637 2520 3702 τὰς
2562 3637 2790 3710 ἀνομίας
2814 3657 2827 3672 ο
2869 3658 2890 3692 ι
2923 3638 3017 3693 καὶ
3049 3637 3128 3710 τῷ
3157 3678 3173 3702 ,
3216 3657 3235 3688 ι
3282 3638 3374 3710 Μὴ
3403 3637 3430 3690 6
3451 3636 3627 3690 πίπτων

2083 3727 2184 3782 οὐκ
2224 3728 2544 3792 ἀνίσταται,
2578 3729 2673 3782 καὶ
2708 3729 2738 3781 6
2767 3728 3128 3800 ἀποστρέφων
3175 3727 3276 3782 οὐκ
3303 3725 3622 3799 ἀναστρέφεις

2090 3819 2208 3873 Ὶνα
2234 3819 2287 3873 τί
2318 3819 2722 3892 ἀποστρέφεται
2753 3821 3106 3892 ἀποστροφὴν
3139 3820 3352 3891 ἀναιδῆ,
3385 3819 3518 3888 λέγει
3533 3815 3625 3871 Κύο

2084 3928 2240 3986 ριος;
2279 3931 2298 3965 ι
2336 3914 2522 3969 Πάντα
2549 3913 2660 3986 γὰρ
2678 3913 2850 3968 ταῦτα
2877 3914 3116 3968 διδάσκει
3159 3914 3251 3968 τὸν
3291 3913 3432 3980 ἅπαξ
3473 3915 3621 3982 mrop-

2079 4007 2285 4079 τηκότα
2313 4005 2388 4079 μὴ
2421 4006 2759 4080 παραμένειν
2790 4007 2870 4079 τῷ
2903 4008 3265 4081 ἁμαρτήματι
3291 4047 3306 4072 ,
3361 4006 3486 4078 μηδὲ
3513 4006 3622 4058 άπερ

2080 4097 2370 4169 γινώσκειν
2391 4099 2603 4164 ἑαυτὸν,
2637 4099 2769 4171 μηδὲ
2801 4099 3013 4154 ἔκδοτον
3039 4099 3298 4172 παρέχειν
3321 4098 3397 4169 τῷ
3422 4096 3506 4151 τοῦ
3528 4111 3621 4146 πει-

2084 4187 2340 4260 ρατηρίου
2370 4187 2619 4259 ῥεύματι.
2657 4187 2749 4241 Διὸ
2773 4187 3088 4257 ἀναγκαίως
3131 4188 3439 4242 διδάσκεται
3466 4187 3491 4239 6
3529 4183 3620 4237 Ἰδι-

410 3359 505 3429 qui
534 3360 804 3416 avertitur
834 3375 944 3414 non
970 3359 1316 3415 revertetur?
1337 3357 1519 3426 Quare
1541 3359 1806 3414 avertitur
1833 3373 1986 3413 aver-

409 3451 565 3508 sione
612 3449 1109 3522 impudenti?dicit
1160 3448 1424 3505 Dominus
1447 3450 1515 3504 ⁸⁸.
1552 3467 1572 3501 ‹
1616 3446 1744 3504 Haec
1785 3449 1988 3519 quippe

414 3543 600 3599 omnia
629 3543 833 3598 docent
861 3557 988 3598 eum
1019 3541 1112 3613 qui
1151 3542 1322 3598 semel
1349 3542 1536 3614 lapsus
1563 3540 1655 3605 sit,
1687 3548 1747 3596 ut
1773 3539 1826 3594 in
1854 3553 1984 3609 pec-

407 3646 533 3694 cato
561 3653 672 3692 non
714 3644 957 3704 maneat,
1002 3651 1179 3707 neque
1206 3633 1544 3707 despondeat
1586 3632 1853 3698 animum,
1889 3647 1985 3688 ne-

407 3747 514 3802 que
569 3729 890 3786 tentationis
943 3727 1114 3784 fluxui
1175 3743 1298 3786 sese
1352 3726 1662 3783 dedititium
1723 3724 1979 3798 praebeat.

406 3821 588 3890 Quare
608 3821 929 3878 necessario
958 3820 1222 3876 edocetur
1241 3816 1478 3874 ldithum
1508 3817 1575 3873 ad
1606 3816 1690 3874 sui
1716 3815 1980 3872 medelam

405 3915 522 3972 haec
551 3917 837 3987 proferre:
875 3923 1039 3987 atque
1086 3913 1264 3986 primo
1311 3912 1382 3968 ad
1421 3925 1678 3984 magnum
1726 3908 1982 3966 Servato-

404 4023 522 4063 rem
549 4017 604 4063 et
645 4008 953 4063 animarum
984 4006 1258 4062 medicum
1309 4002 1642 4076 confugere;
1677 4001 1982 4072 deindeque

405 4102 644 4156 animam
674 4115 831 4156 suam
863 4114 974 4154 non
1005 4097 1342 4162 hominibus,
1376 4111 1554 4168 neque
1599 4103 1863 4151 terrorem
1898 4093 1982 4147 in-

403 4192 739 4248 cutientibus
769 4191 1081 4262 subjicere;
1114 4189 1210 4248 sed
1244 4204 1414 4244 unum
1446 4202 1705 4260 magnum
1737 4184 1978 4257 iudicem

401 4293 458 4342 ct
502 4284 671 4340 Deum
720 4285 790 4341 ob
835 4284 1025 4342 ocul'os
1065 4297 1287 4354 ponere,
1335 4281 1551 4353 ipsique
1598 4279 1700 4336 soli
1736 4278 1974 4334 animam

2097 4282 2220 4353 lobp.
2249 4281 2472 4350 ἐπᾴδειν
2506 4280 2704 4353 ἑαυτῷ,
2744 4282 2842 4336 καὶ
2867 4281 2934 4335 τὰ
2961 4281 3301 4354 προκείμενα
3325 4281 3494 4350 λέγειν
3513 4295 3525 4309 ο
3547 4275 3619 4329 καὶ

401 4377 675 4452 subjicere
703 4392 883 4442 suam,
915 4376 1254 4447 liberamque
1285 4374 1459 4447 ipsam
1511 4372 1580 4429 ab
1607 4371 1758 4428 omni
1789 4378 1966 4426 extra-

2097 4373 2294 4446 τρῶτον
2331 4373 2428 4444 μὲν
2464 4374 2558 4427 ἐπὶ
2601 4373 2693 4428 τὸν
2733 4373 2906 4445 μέγαν
2933 4374 3161 4446 Σωτῆρα
3193 4373 3288 4428 καὶ
3334 4373 3438 4427 τῶν
3470 4368 3618 4442 ψυχῶν

399 4487 504 4529 nco
534 4481 683 4528 metu
716 4479 978 4527 statuere.
1022 4469 1389 4538 Quamobrem
1420 4467 1496 4522 ait
1524 4486 1537 4522 :
1585 4483 1604 4518 ι
1643 4464 1834 4520 Nonne
1867 4462 1976 4518 Deo

2101 4466 2263 4539 ατρὸν
2299 4465 2697 4536 καταφεύγειν·
2735 4466 2925 4520 ἔπειτα
2958 4467 3279 4521 ὑποτάττειν
3323 4467 3420 4539 τὴν
3460 4458 3614 4518 ἑαυτοῦ

399 4564 646 4635 subjecta
677 4564 782 4620 erit
838 4563 1021 4618 anima
1061 4561 1227 4618 mea?
1259 4578 1276 4613 ι
1315 4571 1369 4616 et
1393 4567 1607 4614 caetera.
1635 4557 1736 4611 Hic
1755 4571 1973 4612 rursum

2097 4554 2276 4626 μυχὴν,
2299 4555 2494 4626 μηκέτι
2525 4554 2850 4626 ἀνθρώποις,
2887 4557 3020 4628 μηδὲ
3045 4560 3156 4621 τοῖς
3187 4556 3525 4628 ὲκφοὸοῦσιν·
3546 4554 3615 4605 ἕνα

398 4659 640 4716 salutare
687 4657 954 4713 ilebraica
1004 4671 1161 4719 voce,
1215 4661 1270 4709 et
1319 4650 1613 4723 ipsissimis
1663 4647 1970 4713 elementis,

2097 4647 2134 4700 ἱὲ
2154 4622 2321 4719 ’μδνον
2341 4622 2446 4720 πρὸ
2471 4622 2763 4719 ὀφθαλμῶν
2791 4622 3015 4720 θέμεν-ον
3043 4650 3133 4703 τὸν
3177 4622 3352 4721 μέγαν
3380 4646 3551 4720 κριτήν
3571 4659 3612 4696 τε

397 4751 553 4822 queis
585 4750 843 4806 salutaris
873 4749 1048 4804 nostri
1079 4745 1211 4803 Jesu
1240 4759 1438 4800 nomen
1469 4742 1750 4798 scribitur.

2097 4738 2174 4795 ιαὶ
2209 4738 2361 4803 Θεὸν,
2394 4739 2543 4810 αὐτῷ
2585 4741 2730 4812 μόνῳ
2769 4741 2866 4813 τὴν
2895 4740 3088 4796 ἑαυτοῦ
3111 4741 3288 4812 ψυχὴν
3318 4740 3611 4795 ὑποτάττειν.

396 4841 714 4913 ἐλευθεροῦν
758 4859 816 4897 τε
866 4840 1032 4912 αὐτὴν
1082 4838 1280 4902 παντὸς
1317 4836 1596 4907 ἀλλοτρίου
1656 4832 1840 4904 φόϐου.
1879 4831 1969 4886 Διό
2007 4847 2170 4902 φησιν
2195 4849 2209 4862 ·
2249 4849 2268 4885 r
2305 4833 2438 4902 Ούχὶ
2472 4832 2549 4904 τῷ
2574 4831 2692 4903 Θεῷ
2721 4833 3125 4906 ὑποταγήσεται
3159 4833 3366 4905 ἡψυχὴ
3431 4845 3548 4904 μον;
3595 4844 3608 4876 ι

395 4935 490 4989 καὶ
508 4934 578 4988 τά
606 4935 750 5006 ἑξῆς.
770 4934 938 4988 Πάλιν
958 4933 1013 4987 δὲ
1035 4930 1312 4986 κάνταῦθα
1327 4929 1388 4985 τὸ
1415 4929 1678 5000 σωτήρων
1707 4926 1968 4997 Ἐϐραῖκῇ
2008 4927 2159 4996 φωνῇ
2196 4923 2287 4977 διά
2317 4925 2426 4978 τῶν
2465 4926 2642 4979 αὐτῶν
2677 4927 2975 4996 στοιχείων,
3045 4927 3113 4980 δι’
3181 4921 3258 4980 ὧν
3297 4925 3545 5000 γράφεται
3570 4919 3612 4972 τὸ

391 5026 487 5082 τοῦ
521 5027 791 5102 σωτηρίου
818 5026 975 5099 ἡμῶν
1021 5009 1195 5097 Ἰησοῦ
1222 5025 1412 5096 ὄνομα,
1443 5023 1688 5094 φέρεται.

464 5141 590 5198 Haec
631 5143 819 5214 legens
861 5141 1132 5212 quispiam
1175 5147 1479 5212 opportune
1527 5145 1777 5208 quaerat:
1820 5131 1964 5198 Quid

392 5250 572 5292 causae
599 5244 684 5290 est
713 5231 858 5304 quod
889 5248 1014 5288 cum
1055 5231 1164 5286 duo
1220 5238 1432 5286 tantum
1487 5230 1598 5286 sint
1634 5249 1652 5280 ι
1712 5242 1812 5298 pro
1859 5224 1966 5280 lili-

393 5328 569 5393 thum,
609 5347 627 5379 ι
665 5328 750 5383 vel
779 5325 1085 5383 secundum
1117 5325 1391 5396 Aquilam,
1445 5343 1464 5377 ι
1527 5323 1596 5378 de
1640 5320 1898 5383 ldithum,
1941 5337 1959 5370 ι

2118 5313 2246 5385 περὶ
2287 5313 2382 5367 τοῦ
2438 5314 2670 5386 Ἰδιθοὺμ
2701 5334 2719 5369 ι
2747 5315 2891 5369 κατά
2921 5317 3011 5370 τὸν
3049 5315 3282 5371 Ἀκύλαν
3315 5315 3605 5389 είρημένων.

394 5418 667 5488 inscripti,
699 5418 736 5472 ii
767 5429 945 5472 tamen
978 5433 1086 5472 non
1118 5425 1536 5487 consequenter,
1567 5412 1661 5469 sed
1697 5412 1857 5485 longo
1881 5410 1966 5463 in-

2099 5406 2177 5461 ύτ⁹
2209 5406 2408 5479 ἐφεξῆς
2441 5407 2690 5478 ἀλλήλοις
2723 5412 2932 5464 κεῖνται
2982 5410 3319 5483 ἀμφότεροι,
3356 5407 3544 5482 μακρὰν
3568 5401 3603 5455 δ’

394 5513 623 5567 tervallo
653 5510 836 5567 dissiti
858 5509 1078 5580 iaceant
1110 5509 1208 5578 (Ι).
1239 5507 1415 5579 llujus
1450 5507 1528 5562 rei
1561 5518 1806 5570 causam,
1839 5516 1962 5557 cum

2097 5517 2173 5554 ιπε
2183 5500 2538 5571 σχοινισμὲνοι
2561 5501 2910 5572 τυγχάνουσι.
2939 5503 3051 5572 Τὴν
3078 5502 3136 5557 δὲ
3159 5502 3362 5557 τούτων
3383 5499 3538 5556 αἰτίαν
3558 5494 3602 5546 ἐν

2139 5128 2392 5199 Εῠλόγως
2431 5128 2486 5183 δέ
2513 5147 2597 5194 τις
2637 5130 2888 5204 ζητήσειε
2926 5131 3136 5196 τούτοις
3168 5133 3530 5204 ἐντυγχάνων·
3563 5091 3629 5197 Ti:

2066 5219 2267 5291 δήποτε
2301 5220 2476 5290 μόνων
2509 5218 2602 5274 δύο
2628 5221 2796 5276 ὄντων
2828 5221 2936 5276 τῶν
2967 5243 2986 5274 ς
3011 5223 3155 5295 ὑπὲρ
3185 5224 3282 5277 τοῦ
3307 5216 3607 5292 Ἰδιθοῦμοοή

463 5713 506 5746 ³⁷
549 5711 693 5769 Psal.
728 5728 956 5770 xxxvnt.
985 5713 1105 5771 2-3.
1179 5714 1372 5776 "ibid.
1392 5715 1447 5779 9,
1473 5715 1556 5770 ΙΘ.
1631 5715 1675 5747 "
1695 5713 1826 5770 ibid.
1861 5715 1943 5772 il.
1980 5717 1989 5769 l

2140 5717 2184 5749 ⁸ο
2202 5715 2344 5772 Psat.
2380 5732 2548 5782 usu,
2584 5717 2638 5774 Ξ.
2716 5718 2884 5775 “lsa.
2915 5735 2968 5786 ν,
3009 5718 3091 5776 l8.
3169 5714 3333 5774 “Jer.
3369 5704 3590 5775 νηιΑῶ

464 5868 541 5935 (l)
576 5865 700 5925 Haec
724 5869 1001 5925 enarratio
1026 5885 1092 5924 ex
1122 5870 1402 5926 tricesimo
1432 5880 1626 5926 octavo
1654 5872 1864 5943 psalmo
1890 5872 2116 5928 excidit.
