3808 6280
194 407 281 461 589
1268 395 1758 451 COMMENTARIA
1792 395 1854 448 IN
1884 395 2221 453 PSALMOS.

3272 406 3384 460 .590

194 531 286 588 τοῖς
326 521 616 594 εἰρημένοις
642 520 766 589 ἡμῖν
792 519 870 583 εἰς
907 517 995 572 τὸν
1017 517 1120 589 λη’,
1150 521 1558 589 γραμματικαῖς
1592 519 1717 572 ἀπο-

1825 517 1889 569 de
1916 533 2121 570 xxxviii
2151 516 2809 587 ageretur,grammaticis
2826 517 3387 577 demonstrationibus

190 617 361 683 δείξεσι
392 614 826 683 παρεστήσαμεν.
866 611 1023 665 Ἀλλὰ
1057 610 1147 663 καὶ
1179 611 1263 674 τίς
1288 606 1356 681 ἦν
1398 614 1426 663 6
1467 610 1720 680 ’1διθοῦμ,

191 709 274 778 ήδη
298 706 543 775 πρότερον
577 705 631 755 ἐν
665 702 811 773 αύτῷ
842 702 1030 772 ἐκείνῳ
1053 702 1451 773 δεδηλώκαμεν,
1492 704 1587 773 τὴν
1617 704 1723 756 ἀπὸ

188 798 279 851 τῶν
308 794 782 864 Παραλειπομένων
820 794 1053 865 ἱστορίαν
1088 795 1483 867 παραθέμενοι·
1536 796 1600 847 δι’
1656 792 1721 865 ἧς

191 888 427 941 ἐδείκνυτο
456 881 534 948 εἷς
556 886 658 940 τῶν
687 885 1087 955 ἐκλελεγμένων
1108 888 1185 949 εἰς
1206 886 1265 939 τὸ
1294 888 1459 939 αἰνεῖν
1482 888 1570 940 τόν
1592 887 1722 939 θεὸν

189 977 417 1049 γεγονώς.
465 978 771 1048 Γέγραπται
817 978 975 1045 γοῦν·
1020 997 1036 1027 ι
1086 978 1194 1030 Καὶ
1245 979 1560 1033 κατέλειπον
1608 980 1723 1031 ἐκεῖ

188 1071 396 1125 ἐναντίον
411 1070 505 1139 τῆς
524 1068 749 1122 κιϐωτοῦ
776 1070 876 1138 τῆς
896 1069 1169 1141 Διαθήκης
1196 1072 1402 1142 Κυρίου
1426 1071 1517 1124 τὸν
1549 1073 1603 1123 Ἀ
1614 1072 1718 1140 σὰφ

186 1166 261 1218 καί
287 1164 397 1225 τοὺς
418 1161 670 1229 ἀδελφοὺς
695 1162 857 1215 αὑτοῦ
878 1163 1220 1233 λειτουργοὺς
1249 1164 1486 1217 ἐναντίον
1507 1164 1602 1234 τῆς
1633 1182 1718 1216 κι-

186 1253 351 1306 ϐωτοῦ.
378 1272 394 1302 ι
415 1254 522 1305 Καὶ
551 1250 674 1320 ἑξῆς
705 1252 937 1323 εἴρηται·
970 1272 988 1303 ι
1016 1253 1191 1322 Αἰμάν
1216 1255 1310 1306 καὶ
1352 1253 1604 1324 Ἰδιθοὺμ,
1627 1255 1718 1307 καὶ

184 1346 225 1396 οἰ
247 1344 403 1396 λοιποὶ
422 1343 728 1411 ἐκλεγέντες
755 1346 839 1399 ἐπ’
864 1345 1125 1414 ὀνόματος
1159 1346 1254 1399 τοῦ
1280 1348 1448 1399 αἰνεῖν
1481 1347 1572 1399 τὸν
1604 1347 1717 1399 Κύ-

186 1454 312 1507 ριον,
358 1438 434 1489 ὃτι
482 1438 562 1498 εἰς
602 1435 773 1490 αἰῶνα
806 1436 867 1489 τὸ
918 1437 1062 1500 ἕλεος
1091 1438 1287 1491 αὑτοῦ·
1333 1457 1351 1490 ›
1396 1440 1491 1492 καὶ
1518 1440 1677 1492 πάλιν
1701 1457 1713 1468 ·

187 1550 203 1580 ι
236 1527 547 1582 Μετἀύτῶν
576 1528 752 1598 Λίμὰν
786 1530 878 1581 καὶ
918 1529 1169 1601 Ἰδιθοὺμ,
1202 1531 1497 1599 σάλπιγγές
1532 1549 1592 1584 τε
1623 1533 1717 1585 καὶ

181 1620 401 1689 κύμϐαλα
433 1617 524 1671 τοῦ
560 1620 855 1686 ἀναφωνεῖν
879 1659 892 1681 ,
921 1621 1012 1671 καὶ
1044 1620 1247 1690 ὄργανα
1288 1620 1396 1673 τῶν
1440 1621 1591 1691 ᾠδῶν
1624 1620 1716 1674 τοῦ

181 1713 311 1775 Θεοῦ,
345 1713 445 1765 υἱοὶ
480 1711 712 1781 Ἰδιθοὺμ
740 1714 817 1775 εἰς
835 1712 932 1783 τὴν
963 1711 1135 1783 πύλην
1154 1728 1167 1741 ο
1197 1731 1215 1763 ι
1247 1713 1339 1765 καὶ
1356 1709 1509 1776 αὖθις
1530 1731 1541 1744 ·
1566 1733 1584 1764 ι
1608 1714 1717 1767 Καὶ

178 1803 373 1873 ἔστησεν
392 1805 419 1854 6
448 1801 699 1871 βασιλεὺς
728 1801 888 1854 Δαυῖδ
921 1802 1016 1855 καὶ
1054 1805 1101 1855 οἱ
1132 1802 1389 1873 ἄρχοντες
1426 1805 1523 1874 τῆς
1555 1805 1713 1859 δυνά-

1827 610 2005 663 allatis
2030 609 2441 678 descripsimus.
2476 604 2580 661 Sed
2607 609 2769 663 etiam
2797 614 2921 682 quis
2950 627 3096 670 esset
3124 616 3383 679 ldithum,

1820 701 1932 769 jam
1971 702 2158 757 eodem
2192 702 2245 755 in
2277 704 2486 772 psalmo
2512 703 2932 772 declaravimus,
2956 708 3118 761 allata
3151 711 3216 763 ad
3246 710 3386 765 hanc

1824 808 1935 846 rem
1988 791 2439 863 Paralipomenon
2496 794 2766 861 historia;
2826 810 2932 864 qua
2984 796 3387 854 demonstralur

1824 897 1944 935 eum
1979 898 2009 936 e
2040 898 2267 937 numero
2297 882 2627 937 delectorum
2665 885 2731 938 ad
2761 884 2927 939 Deum
2959 887 3209 943 laudibus
3245 893 3379 946 cele-

1824 972 2093 1025 brandum
2130 973 2321 1027 fuisse.
2377 973 2651 1043 Scriptum
2696 975 2877 1045 itaque
2908 984 3034 1031 est:
3092 997 3108 1027 ι
3148 978 3215 1031 Ει
3261 981 3381 1034 reli-

1821 1073 2057 1131 querunt
2095 1064 2167 1117 ibi
2198 1079 2379 1118 coram
2412 1080 2538 1120 arca
2587 1064 2921 1120 Testamenti
2956 1066 3165 1122 Domini
3204 1071 3388 1141 Asapb

1820 1163 1873 1207 et
1893 1154 2087 1210 fratres
2105 1157 2244 1225 ejus,
2262 1166 2318 1210 ut
2336 1157 2713 1213 ministrarent
2731 1159 2785 1213 in
2805 1172 3098 1230 conspectu
3121 1178 3258 1215 areae
3272 1165 3338 1229 6';
3363 1182 3382 1216 ι

1821 1262 1884 1300 ac
1916 1248 2172 1317 deinceps
2199 1247 2398 1302 dicitur
2426 1268 2440 1301 :
2471 1268 2488 1299 ι
2529 1248 2727 1305 Ᾱέῐηοη
2754 1259 2807 1305 e'.
2841 1250 3072 1306 ldithum
3101 1263 3155 1308 et
3191 1256 3387 1326 reliqui

1820 1354 1885 1392 ex
1929 1339 2147 1393 nomine
2174 1339 2330 1393 electi
2379 1339 2446 1393 ad
2478 1341 2808 1395 laudandum
2863 1340 3195 1397 Dominum:
3253 1361 3389 1415 quo-

1820 1431 1963 1483 niam
1998 1432 2049 1485 in
2078 1441 2339 1487 aeternum
2376 1432 2751 1488 misericordia
2784 1433 2903 1502 ejus
2924 1434 2968 1464 “
2988 1452 3033 1499 ς»
3057 1450 3119 1487 ac
3135 1452 3384 1490 rursum:

1825 1541 1842 1572 ι
1882 1524 2016 1576 Cum
2050 1524 2183 1594 ipsis
2210 1524 2405 1579 Eman
2430 1534 2482 1578 et
2507 1523 2756 1586 ldithum,
2795 1526 2938 1579 tubae
2962 1536 3014 1580 et
3043 1528 3287 1596 cymbala
3319 1529 3387 1583 ad

1821 1614 2167 1684 pulsandum,
2214 1623 2268 1669 et
2303 1617 2660 1669 instrumenta
2714 1616 3051 1670 canticorum
3110 1618 3244 1672 Dei:
3290 1621 3387 1674 lilii

1820 1703 2049 1759 ldithum
2093 1706 2147 1759 in
2191 1715 2344 1776 porta
2368 1708 2447 1771 5";
2482 1727 2500 1758 ι
2530 1721 2591 1759 ac
2630 1707 2865 1760 iterum:
2908 1726 2925 1756 ι
2966 1707 3030 1760 Et
3053 1710 3241 1765 statuit
3292 1726 3388 1766 rex

1822 1796 1986 1851 David
2031 1806 2085 1853 et
2129 1799 2405 1868 principes
2454 1799 2726 1853 exercitus
2776 1801 2840 1853 ad
2897 1800 3201 1854 ministeria
3248 1800 3389 1857 filios

181 1913 302 1966 μεως
328 1897 401 1957 εἰς
434 1895 499 1947 τὰ
525 1895 663 1966 ἔργα
684 1895 809 1957 τοὺς
841 1897 987 1957 υἱοὺς
1041 1895 1211 1963 ’Λσὰφ
1257 1896 1351 1948 καὶ
1384 1896 1582 1965 Λίμὰν,
1626 1896 1716 1948 καὶ

1823 1889 1997 1957 Asaph
2030 1897 2083 1944 et
2127 1889 2323 1944 {Eman
2361 1898 2416 1945 et
2451 1889 2708 1952 ldithum,
2761 1892 3125 1946 vociferantes
3175 1894 3386 1964 Cinyra,

188 1986 410 2056 Ἰδιθοὺμ,
438 1988 565 2048 τοὺς
599 1985 1109 2055 ἀποφθεγγομένους
1160 1986 1217 2036 ἐν
1257 1984 1454 2056 κινύρᾳ
1517 1985 1610 2038 καὶ
1664 1988 1720 2037 ἐν

177 2078 370 2141 νάϐλαις
414 2078 508 2131 καὶ
556 2080 614 2131 ὲν
668 2078 990 2147 τυμπάνοις.
1036 2096 1052 2127 ι
1114 2077 1257 2129 Ἀντί
1285 2076 1341 2129 δέ
1366 2077 1494 2140 τοῦ,
1548 2096 1566 2126 ι
1596 2078 1721 2139 τοὺς

175 2170 677 2239 ἀποφθεγγομένους,
712 2188 730 2220 ›
772 2170 801 2221 6
842 2169 937 2239 μὲν
983 2168 1249 2233 Ἀκύλας,
1293 2187 1310 2220 ι
1356 2169 1462 2221 τῶν
1508 2186 1713 2240 προφη-

173 2261 283 2323 τῶν,
322 2281 338 2311 ι
372 2264 399 2315 6
440 2262 497 2314 δὲ
527 2261 819 2331 Σύμμαχος
847 2300 861 2324 ,
886 2280 903 2311 ι
946 2260 1052 2312 τῶν
1095 2259 1586 2332 προφητευσάντων
1625 2260 1713 2312 διὰ

173 2351 333 2422 λύρας,
355 2372 370 2403 ι
402 2352 679 2417 ἐξέδωκεν·
701 2351 839 2404 ὥστε
869 2352 1150 2422 προφήτας
1174 2351 1278 2422 χρὴ
1294 2350 1532 2422 νομίζειν
1556 2369 1715 2420 γεγο-

175 2444 297 2499 νέναι
318 2446 436 2507 τοὺς
448 2443 826 2514 δηλουμένους.
846 2444 954 2495 Καὶ
975 2440 1128 2508 αὖθις
1145 2444 1271 2513 έξῆς
1291 2443 1503 2515 εἴρηται
1518 2444 1594 2513 τῷ
1610 2445 1722 2497 Ἰδι-

176 2535 311 2604 θούμ’
330 2553 349 2585 ι
372 2535 485 2586 Υἱοὶ
512 2533 766 2603 Ίδιθοὺμ,
796 2532 1071 2596 Γοδολείας
1096 2534 1189 2586 καὶ
1206 2534 1395 2604 Σουρεὶ
1412 2534 1717 2599 καὶΑἱείας,

174 2626 253 2679 καὶ
270 2625 493 2689 Σεδείας,
513 2624 613 2678 καὶ
626 2624 872 2688 Ματθίας
895 2663 908 2688 ,
938 2623 999 2688 ἐξ
1035 2624 1171 2694 μετὰ
1196 2628 1286 2678 τὸν
1309 2625 1521 2697 πατέρα
1544 2627 1721 2679 αὐτῶν

184 2716 389 2787 Ἰδιθοὺμ
420 2719 475 2769 ἐν
505 2716 754 2785 κινύραις
782 2715 1222 2787 ἀνακρουόμενοι.
1260 2734 1278 2767 ι
1330 2717 1473 2769 Ἀντὶ
1515 2717 1571 2768 δὲ
1602 2717 1717 2781 τοῦ,

179 2824 195 2855 ι
226 2809 275 2860 ἐν
311 2808 551 2881 κινύραις
586 2809 1044 2880 ἀνακρουόμενοι,
1086 2828 1103 2859 ι
1162 2807 1323 2861 πάλιν
1376 2811 1404 2862 6
1456 2808 1717 2872 Ἀκύλας,

178 2918 192 2949 ι
218 2899 396 2971 κιθάρᾳ
429 2900 786 2971 προφητεύων
812 2918 823 2928 ·
858 2920 874 2951 ι
916 2903 943 2953 6
975 2899 1031 2952 δὲ
1064 2900 1376 2971 Σύμμαχος,
1407 2920 1425 2950 ι
1447 2900 1535 2953 διὰ
1554 2900 1719 2971 λύρας

170 2989 249 3042 τοῦ
270 2992 717 3061 προφητεύοντος,
764 3013 780 3044 ι
813 2991 1092 3058 ἐξέδωκεν.
1144 2992 1350 3045 Οὐκοῦν
1398 2992 1491 3045 καὶ
1521 2995 1549 3046 ό
1600 2992 1718 3046 Ἰδι-

171 3080 291 3152 θοὺμ
316 3077 391 3145 εἷς
417 3079 483 3154 ἦν
506 3084 618 3137 τῶν
650 3083 1099 3155 προφητευόντων
1128 3082 1216 3137 διὰ
1245 3084 1414 3156 λύρας
1438 3100 1452 3113 ·
1505 3084 1583 3137 διὸ
1625 3084 1720 3138 καὶ

170 3172 365 3237 εἰκότως
409 3174 554 3227 εἴποι
586 3174 650 3227 ἄν
683 3192 784 3237 τις,
831 3174 1078 3228 ἐντεῦθεν
1122 3175 1474 3246 ὁρμώμενος,
1515 3177 1587 3247 μὴ
1626 3176 1716 3229 τὸν

168 3265 307 3319 Δαυῒδ
336 3266 593 3331 συντάξαι
630 3267 720 3319 τὸν
744 3266 975 3337 ψαλμέν,
1013 3267 1107 3321 καὶ
1131 3252 1425 3322 δεδωκέναι
1470 3268 1547 3339 τῷ
1593 3269 1711 3322 Ἰδι-

169 3354 307 3427 θοὺμ,
339 3358 469 3429 μηδὲ
495 3360 589 3412 τὸν
644 3358 874 3430 Ἰδιθοὺμ
903 3360 1356 3413 ὑποπεπτωκέναι
1400 3359 1478 3431 τῷ
1521 3377 1711 3431 πειρα-

168 3450 289 3521 σμῷ,
321 3453 409 3504 καὶ⁹
442 3452 739 3524 θεραπείας
770 3452 1047 3523 δεδεῆσθαι
1070 3453 1168 3523 τῆς
1206 3454 1355 3527 παρὰ
1391 3453 1482 3508 τοῦ
1529 3454 1710 3507 Δαυϊδ.

166 3539 295 3608 Μηδὲ
314 3541 417 3613 γὰρ
443 3542 541 3611 τὴν
568 3542 791 3613 Γραφὴν
818 3542 1061 3596 ὑπαίτιόν
1095 3559 1199 3596 που
1227 3543 1317 3596 τὸν
1346 3542 1577 3613 Ἱδιθοὺμ
1604 3545 1715 3595 εἰσ-

167 3630 333 3697 ἁγειν⁸
384 3632 497 3684 ἀλλ’
548 3630 783 3702 ἔμπαλιν
829 3631 1027 3701 μᾶλλον
1090 3632 1181 3685 τὸν
1233 3632 1395 3685 Δαυῒδ
1426 3631 1715 3704 πειρασμῷ

164 3725 622 3793 περιπεπτωκέναι
649 3725 940 3778 διδάσκειν.
982 3725 1074 3778 Διὸ
1120 3727 1213 3780 καὶ
1257 3726 1426 3795 φῆσαι
1462 3726 1527 3779 ἂν
1576 3727 1716 3779 εἰκό-

162 3828 271 3877 τως,
298 3817 581 3886 προφήτην
604 3814 731 3868 ὄντα
768 3815 859 3867 τὸν
901 3814 1155 3885 Ἰδιθοὺμ,
1203 3817 1328 3880 τοὺς
1366 3816 1424 3868 ἐν
1481 3817 1717 3885 ἀμφοτέ-

165 3919 261 3971 ροις
302 3909 407 3967 τοῖς
446 3906 840 3977 προδηλωθεῖσι
877 3907 1110 3978 ψαλμοῖς
1166 3907 1358 3976 λόγους
1413 3907 1670 3972 συντάξαι
1696 3949 1711 3973 ,

162 3993 239 4044 καὶ
279 3992 352 4062 τῷ
399 3995 564 4047 Δαυῒδ
596 3995 1052 4066 παραδεδωκέναι,
1098 3997 1173 4061 ὡς
1207 3996 1272 4051 ἂν
1318 3997 1577 4066 ὠφελοῖτο
1622 3998 1716 4050 καὶ⁵

162 4080 492 4151 θεραπεύοιτο
528 4084 587 4150 ἐξ
617 4086 794 4139 αὐτῶν
842 4088 933 4141 ἐπὶ
979 4091 1092 4152 τοῖς
1135 4088 1283 4159 αὐτῷ
1323 4088 1713 4161 συμϐεϐηκόσι.

160 4175 298 4229 Δοκεῖ
326 4176 380 4229 δέ
414 4194 533 4241 πως
558 4178 731 4250 ταύτῃ
773 4183 837 4251 τῇ
866 4181 1073 4251 διανοίᾳ
1126 4180 1526 4253 συμϐάλλεσθαι
1566 4182 1659 4234 καὶ
1686 4181 1716 4233 6

161 4266 449 4342 Σύμμαχος,
501 4274 600 4343 τὴν
644 4271 965 4344 προγραφὴν
1004 4272 1189 4326 τοῦτον
1241 4273 1580 4346 ἑρμηνεύσας
1624 4274 1716 4328 τὸν

158 4355 367 4424 τρόπον’
408 4378 427 4411 ι
475 4362 770 4423 Ἐπινίκιος
807 4361 894 4414 διὰ
942 4360 1172 4433 Ἰδιθοὺμ
1198 4362 1308 4434 ᾠδὴ
1337 4366 1416 4427 εἰς
1466 4364 1649 4417 Δαυῖδ.
1691 4383 1711 4416 ι

160 4447 255 4500 Καὶ
288 4453 496 4521 μήποτε
531 4453 666 4523 μετὰ
692 4453 752 4506 τὸ
777 4454 1001 4525 σφάλμα
1021 4456 1081 4508 τὸ
1120 4454 1428 4526 ἐπισυμϐὰν
1454 4455 1530 4525 τῷ
1556 4455 1718 4509 Δαυῖδ

1822 1984 1999 2037 nablis
2028 1990 2081 2037 et
2122 1984 2387 2053 cymbalis
2412 1985 2475 2036 ⁶⁶.
2522 2004 2540 2036 ι
2576 1983 2683 2037 Pro
2732 1984 2827 2038 illo
2862 1994 3063 2046 autem,
3104 2003 3122 2035 ι
3177 1985 3386 2043 vocife-

1822 2085 2032 2139 rantes,
2072 2094 2090 2126 ι
2128 2075 2345 2144 Aquila,
2383 2095 2401 2126 ι
2443 2077 2755 2146 prophetas.
2795 2095 2813 2128 ι
2850 2075 3205 2146 Symmachus
3233 2093 3385 2143 vero,

1826 2187 1843 2217 ι
1888 2168 2274 2236 prophetantes
2304 2168 2441 2238 lyra,
2481 2187 2499 2218 ι
2536 2168 2866 2234 ediderunt;
2905 2170 2975 2221 ita
3000 2176 3059 2223 ut
3102 2171 3386 2227 memorati

1820 2259 1921 2313 viri
1975 2261 2249 2329 propheta
2287 2260 2576 2329 reputandi
2631 2261 2760 2315 sint.
2815 2259 3163 2331 Rursumque
3214 2262 3389 2317 fertur

1822 2349 1886 2402 de
1923 2347 2157 2403 ldithum
2190 2369 2201 2403 :
2230 2370 2248 2401 ι
2279 2350 2399 2404 Filii
2432 2350 2688 2412 ldithum,
2720 2350 2998 2415 Godolias,
3043 2352 3190 2418 Suri,
3219 2353 3387 2411 Eeas

1822 2435 2026 2494 Sedeas
2056 2448 2111 2493 et
2133 2438 2405 2503 Maltbias,
2442 2456 2534 2495 sex
2560 2448 2682 2510 post
2710 2448 2917 2510 patrem
2950 2458 3107 2497 suum
3132 2445 3385 2511 ldithum,

1820 2529 2024 2599 cinyris
2053 2540 2470 2600 concrepantes.
2522 2550 2540 2583 ι
2575 2529 2679 2585 Pro
2731 2531 2824 2585 illo
2867 2541 3068 2600 autem,
3115 2552 3135 2585 ι
3185 2535 3389 2606 cinyris

1819 2632 2235 2693 concrepantes,
2276 2642 2294 2675 ι
2334 2624 2529 2692 Aquila
2560 2639 2801 2690 rursum,
2835 2644 2853 2675 ι
2900 2626 3107 2679 cithara
3153 2630 3389 2697 prophe-

1819 2720 1980 2777 tans;
2037 2732 2055 2765 ι
2112 2714 2469 2784 Symmachus
2519 2729 2667 2777 vero,
2710 2733 2729 2764 ι
2783 2716 2896 2785 lyra
2929 2718 3323 2787 prophetantis,
3363 2738 3381 2769 ι

1819 2802 2010 2857 edidit.
2040 2802 2272 2857 ldithum
2317 2820 2449 2873 ergo
2479 2820 2509 2859 e
2538 2820 2766 2859 numero
2801 2808 3237 2875 prophetamium
3272 2809 3385 2879 lyra

1821 2894 1960 2961 fuit;
2013 2898 2367 2965 quamobrem
2419 2898 2543 2967 jure
2592 2898 2754 2967 quis,
2813 2899 2941 2953 hinc
3005 2912 3385 2970 argumentum

1818 2996 2122 3052 mutuatus,
2158 2988 2378 3053 dixerit,
2408 2987 2664 3044 Davidem
2701 3006 2802 3045 nec
2833 2993 3208 3062 composuisse.
3238 2996 3386 3063 psal-

1819 3095 1987 3143 mum,
2019 3096 2121 3135 nec
2150 3080 2253 3150 ipsi
2294 3080 2527 3135 lditlmm
2563 3082 2894 3137 tradidisse:
2932 3100 3110 3154 neque
3151 3084 3385 3138 ldithum

1820 3173 1872 3226 in
1904 3172 2257 3227 tentationem
2291 3173 2595 3243 delapsum,
2627 3183 2687 3229 ut
2719 3177 2981 3231 medelam
3017 3192 3045 3229 a
3069 3176 3268 3230 Davide
3297 3192 3387 3228 ac-

1819 3264 2023 3333 ciperet
2095 3280 2235 3334 opus
2299 3264 2580 3321 habuisse.
2637 3265 2823 3337 Neque
2884 3270 3028 3323 enim
3104 3267 3385 3339 Scriptura

1821 3355 2031 3424 uspiam
2073 3357 2249 3425 ipsum
2285 3356 2522 3410 ldithum
2558 3372 2711 3412 reum
2765 3358 3011 3426 inducit;
3063 3360 3173 3414 imo
3208 3360 3388 3429 potius

1821 3446 2076 3501 Davidem
2129 3448 2183 3501 in
2214 3451 2569 3504 tentationem
2609 3452 2818 3522 lapsum
2849 3467 2971 3507 esse
2999 3451 3176 3506 docet.
3210 3451 3389 3518 Quare

1821 3550 2186 3611 congruenter
2216 3543 2452 3605 dicatur.
2487 3545 2662 3613 ipsum
2714 3542 2975 3606 ldithum,
3024 3551 3212 3613 utpote
3259 3560 3386 3613 pro-

1820 3631 2058 3700 phetam,
2091 3644 2421 3689 memoratos
2459 3635 2598 3689 duos
2631 3636 2870 3704 psalmos
2901 3636 3295 3702 composuiSSO,
3332 3646 3388 3691 et

1822 3719 2009 3775 Davidi
2038 3723 2349 3786 tradidisse,
2384 3734 2440 3778 ut
2469 3742 2535 3778 ex
2564 3725 2634 3779 iis
2666 3726 2951 3780 utilitatem
2992 3740 3055 3777 ac
3086 3726 3384 3781 remedium

1823 3812 1876 3866 in
1914 3814 2289 3869 accidentibus
2322 3816 2477 3871 malis
2513 3817 2835 3884 perciperet.
2870 3814 3005 3869 lluic
3049 3831 3212 3885 porro
3265 3833 3388 3872 sen-

1822 3904 2005 3958 tentiae
2041 3903 2291 3959 conferre
2336 3905 2695 3976 Symmachus
2750 3907 2985 3969 videtur,
3037 3908 3130 3977 qui
3170 3910 3385 3963 titulum

1822 3997 1922 4049 hac
1950 3997 2160 4051 ratione
2203 3998 2591 4068 interpretatus
2638 4008 2761 4055 est:
2823 4018 2842 4049 ι
2904 3999 3258 4071 Triumphale
3293 4017 3389 4072 per

1821 4086 2080 4149 ldithum,
2126 4090 2398 4144 canticum
2452 4091 2506 4143 in
2544 4090 2822 4145 Davidem.
2864 4110 2884 4143 ι
2917 4091 3055 4146 Num
3100 4094 3238 4147 forte
3266 4100 3388 4162 post

1823 4180 2283 4250 lapsumtDavidis
2311 4198 2437 4253 erga
2487 4181 2630 4238 Uria:
2676 4200 2923 4248 uxorem,
2971 4201 3095 4239 cum
3145 4184 3385 4239 nondum

1823 4281 2008 4340 posset
2038 4273 2275 4342 pristino
2307 4290 2458 4329 more
2508 4276 2854 4344 prophetare,
2891 4277 3181 4345 multaeque
3213 4283 3388 4329 tenta-

1822 4365 2023 4426 tiones,
2044 4365 2489 4434 calamitatesque
2506 4364 2818 4434 frequentes
2839 4366 3127 4429 instarent,
3155 4364 3388 4418 ldithum

1826 4454 2049 4525 Spiritu
2078 4465 2273 4510 sancto
2306 4457 2516 4510 amatus
2548 4457 2647 4512 hos
2686 4458 2755 4511 ab
2804 4472 2863 4511 se
2892 4457 3223 4526 compositos
3273 4471 3389 4509 ser-

159 4538 236 4591 ὲπὶ
254 4544 314 4611 τῇ
339 4542 431 4595 τοῦ
458 4544 656 4614 Οὐρίου
684 4547 921 4613 γυναικὶ,
951 4547 1145 4618 μηκέτι
1169 4536 1279 4600 οἵου
1302 4565 1362 4600 τε
1389 4547 1555 4601 αὐτοῦ
1579 4547 1717 4601 κατὰ

1826 4564 2036 4609 mones,
2065 4547 2219 4617 quasi
2259 4548 2500 4603 remedia
2545 4547 2612 4600 ad
2646 4546 2911 4602 medelam
2949 4548 3143 4600 anima:
3176 4551 3385 4615 parata.

159 4629 210 4681 τὸ
233 4634 449 4687 παλαιὸν
484 4638 864 4708 προφητεύειν,
893 4639 1102 4691 πολλῶν
1139 4640 1195 4693 δὲ
1235 4640 1554 4711 πειρασμῶν
1584 4641 1721 4694 ὲπα-

158 4725 478 4793 νισταμένων
518 4726 664 4797 αὐτῷ
690 4728 778 4781 καὶ
808 4729 1100 4802 συμφορῶν
1136 4730 1450 4802 ἐπαλλήλων
1472 4771 1486 4794 ,
1533 4732 1561 4784 ό
1608 4732 1723 4784 Ἰδι-

158 4807 301 4882 θοὺμ,
353 4816 637 4888 Πνεύματι
681 4818 818 4889 ἁγίῳ
850 4818 1112 4884 συντάξας
1152 4821 1281 4884 τοὺς
1324 4823 1716 4893 προκειμένους

159 4898 349 4969 λόγους,
395 4906 587 4979 ὥσπερ
638 4911 758 4963 τινὰ
794 4910 1061 4981 φάρμακα
1119 4912 1298 4983 ψυχῆς
1349 4912 1719 4987 θεραπευτικὰ

1825 4641 1927 4708 ipsi
1952 4640 2198 4697 tradidit.
2228 4649 2287 4693 ut
2317 4656 2506 4694 eorum
2530 4639 2779 4693 doctrina
2811 4638 3064 4692 solatium
3089 4635 3391 4704 acciperet?

1824 4730 1968 4785 Sane
1995 4746 2116 4783 cum
2149 4730 2212 4784 ad
2246 4746 2485 4801 przesens
2514 4739 2889 4799 argumentum
2921 4727 3057 4782 duas
3087 4723 3390 4780 sententias

1819 4824 2123 4894 legentibus
2156 4824 2498 4878 atlulerimus
2527 4860 2543 4885 ,
2581 4830 2759 4876 utram
2795 4820 2961 4875 velint
2990 4818 3264 4901 amplecti,
3294 4832 3391 4884 per

1820 4930 1921 4968 nos
1960 4914 2161 4967 licebit.

158 4993 448 5053 ἐπιδίδωσιν
497 5001 677 5072 αὐτῷ,
704 5004 782 5066 εἰς
812 5004 873 5057 τὸ
904 5005 1341 5076 παραμυθεῖσθαι
1396 5008 1461 5061 ἐκ
1504 5007 1603 5077 τῆς
1653 5009 1712 5060 ἐν
1749 5008 1929 5070 αὐτοῖς
1968 5007 2349 5070 διδασκαλία;;
2390 5008 2499 5060 Καὶ
2539 5005 2603 5076 δὴ
2643 5003 2793 5058 δυσὶν
2852 5002 3100 5070 ἐκδοχαῖς
3167 4996 3392 5051 ἐπιϐάλ-

158 5082 327 5185 λοντες
356 5096 438 5157 εἰς
468 5094 538 5148 τὰ
564 5097 895 5169 προκείμενα
940 5102 1053 5163 τοῖς
1100 5101 1513 5171 ἐντυγχάνουσι,
1560 5102 1791 5173 θατέρας
1812 5103 1989 5157 αὐτῶν
2014 5102 2111 5173 τὴν
2145 5104 2354 5174 αἵρεσιν
2382 5100 2798 5171 καταλείψομεν.

226 5223 243 5255 ι
257 5206 395 5270 Ἕως
421 5210 557 5261 πότε
574 5210 875 5266 ἐπιτίθεσθε
893 5216 978 5267 ἐπ’
997 5214 1301 5286 ἄνθρωπον,
1320 5217 1571 5285 φονεύετε
1588 5218 1723 5271 πάν-

155 5308 235 5355 τες
253 5296 409 5367 ὑμεῖς
435 5315 449 5363 ;
473 5299 552 5361 ὡς
564 5300 727 5372 τοίχῳ
745 5305 1045 5376 κεκλιμένῳ
1064 5306 1157 5359 καὶ
1178 5306 1415 5377 φραγμῷ
1435 5308 1682 5378 ὼσμένῳ.
1698 5328 1717 5359 υ

169 5384 440 5455 Ἐμφαίνει
463 5390 555 5443 διὰ
585 5393 783 5447 τούτων
814 5395 887 5467 μὴ
915 5398 1012 5451 ἕνα
1051 5399 1209 5468 μόνον
1250 5401 1551 5469 πειρασμὸν
1592 5400 1722 5453 ὑπο-

161 5481 517 5551 μεμενηκέναι
546 5486 573 5535 ὁ
604 5485 782 5550 Δαυῖδ,
813 5489 934 5560 μηδ’
966 5489 1155 5561 ὥσπερ
1182 5490 1307 5561 μίαν
1334 5490 1549 5562 πληγὴν
1584 5491 1724 5561 εἰλη-

158 5566 301 5632 φέναι
340 5573 448 5628 ὑπὸ
474 5574 584 5626 τῶν
611 5576 942 5633 ἀντιπάλωνο
977 5582 1127 5645 ὡςδὲ
1162 5581 1254 5634 ἐπὶ
1300 5581 1495 5653 μακρῷ
1545 5582 1721 5652 χρόνῳ

160 5663 505 5734 τυπτόμενος,
547 5666 641 5719 καὶ
667 5672 941 5742 καρτερῶς
983 5672 1265 5742 ὑπομένων
1311 5674 1410 5736 τὰς
1455 5675 1724 5743 ἐπαγομέ-

224 5818 267 5849 ⁶³
306 5818 323 5872 l
362 5818 550 5877 Paral.
589 5839 712 5891 ιιι-ι,
743 5825 829 5880 37.
905 5827 949 5859 “
988 5826 1116 5881 ibid.
1152 5828 1240 5881 Η.

1898 5216 2064 5273 Vnus.
2102 5219 2154 5281 4,
2188 5219 2241 5272 5.
2281 5237 2299 5268 ι
2340 5216 2636 5284 Quousque
2662 5216 2871 5267 irruitis
2900 5213 2953 5265 in
2985 5212 3281 5273 hominem,
3312 5212 3395 5263 in—

1830 5310 2081 5365 terlicitis
2120 5311 2359 5363 universi
2403 5323 2500 5362 vos
2527 5346 2541 5370 ,
2578 5316 2835 5377 tanquam
2886 5306 3079 5376 parieti
3130 5304 3396 5361 inclinato

1827 5412 1879 5456 et
1918 5402 2167 5457 maceriae
2196 5401 2453 5469 depulsa.
2508 5418 2527 5450 ι
2562 5397 2654 5453 His
2703 5399 2943 5452 declarat
2985 5395 3152 5452 David
3187 5411 3246 5451 se
3284 5411 3392 5450 non

1828 5507 1990 5545 unam
2022 5506 2338 5561 perpessum
2393 5490 2768 5550 tentationem.
2810 5504 2985 5559 neque
3038 5503 3147 5543 uno
3194 5488 3263 5541 ab
3293 5486 3391 5541 ad-

1828 5584 2084 5636 versariis
2134 5583 2280 5635 velut
2309 5587 2534 5635 vulnere
2584 5580 2941 5643 confossum,
2993 5581 3087 5634 sed
3136 5580 3393 5634 diuturno

1827 5683 2068 5740 tempore
2101 5682 2422 5743 percussum
2451 5714 2465 5739 ,
2508 5687 2570 5725 ac
2619 5672 2853 5728 inﬂictas
2904 5675 3089 5743 plagas
3128 5681 3398 5743 patienter

1318 5830 1360 5859 ⁸⁸
1391 5829 1519 5883 ibid.
1552 5828 1639 5882 42.
1718 5830 1761 5859 ⁶⁶
1795 5830 1812 5880 l
1848 5826 2021 5880 Paral.
2061 5843 2182 5887 xxv,
2220 5828 2270 5882 l.
