3808 6280
382 348 471 400 591
1066 345 1338 403 E'US'EBll
1380 344 1858 399 (l/ESARIENSIS
1897 345 2046 399 OPP.
2094 347 2272 400 PARS
2307 351 2390 400 iil.
2433 378 2498 384 —
2537 345 2942 402 EXEGETICA.
3501 355 3594 409 592

377 467 632 520 ferentem
661 504 674 526 ,

378 576 396 606 4
437 555 732 624 Quousque
760 555 971 609 iri-uitis
996 555 1048 608 'm
1076 554 1349 608 huminem
1377 556 1399 605 ἲ
1431 572 1449 603 ι
1478 552 1612 612 sive,
1639 551 1936 605 secundum

373 648 643 717 Aquilam,
683 664 701 696 α
739 647 1037 715 Quousque
1065 644 1476 700 insidiamini?»
1501 643 1606 705 vel,
1642 645 1937 698 secundum

372 740 782 812 Symmachum,
823 759 839 791 ι
882 738 1181 808 Quousque
1209 739 1262 792 in
1290 753 1486 790 vanum
1517 736 1879 790 laborabitis?
1915 756 1932 788 ι

369 830 575 884 ιιζκὶηόσ
609 830 992 885 insidiatorum
1041 843 1275 900 arguens
1326 829 1686 898 propositum,
1724 824 1888 882 infert
1921 844 1933 880 :

373 943 390 973 ι
450 923 765 977 lnterﬂcilis
807 922 1049 979 universi
1106 938 1224 978 vos.
1288 941 1306 974 ι
1364 921 1677 987 llomicidaa,
1740 921 1936 990 inquit,

367 1015 502 1069 estis
535 1035 546 1069 :
588 1031 763 1086 neque
799 1024 989 1070 contra
1021 1015 1277 1069 athletam
1302 1016 1468 1085 quasi
1508 1015 1804 1069 adversarii
1829 1023 1936 1067 sta-

369 1108 563 1161 tariam
612 1122 850 1178 pugnam
919 1107 987 1161 ad
1046 1107 1489 1163 exercitationem
1561 1104 1932 1170 committitis;

371 1199 462 1253 sed
506 1201 790 1255 occidendi
824 1199 1007 1254 studio
1041 1199 1095 1253 in
1141 1214 1227 1253 me
1276 1199 1506 1262 irruitis,
1542 1206 1596 1253 et
1626 1203 1685 1251 ut
1738 1197 1939 1252 auxilio

371 1308 622 1358 vacuum,
671 1300 730 1345 ut
764 1306 978 1345 murum
1026 1289 1137 1360 iam
1186 1288 1501 1343 inclinatum
1547 1295 1603 1343 et
1651 1287 1938 1342 maceriem

369 1388 676 1457 depulsam,
707 1375 1084 1457 aggredimini.
1107 1383 1242 1436 Nam
1269 1384 1434 1453 quasi
1459 1381 1677 1437 nemine
1703 1381 1942 1436 circum-

369 1481 606 1533 vallante
633 1489 727 1532 aut
773 1477 1074 1544 muniente,
1125 1477 1470 1546 animamque
1500 1491 1674 1529 meam
1705 1481 1938 1540 tutante,

369 1574 444 1627 ita
481 1574 711 1628 irruitis.
747 1573 1046 1643 Quousque
1069 1571 1246 1641 igitur
1271 1570 1387 1625 haec
1407 1569 1607 1625 frustra
1634 1567 1939 1633 tentabitis,

369 1682 546 1735 neque
572 1665 884 1728 cessabitis,
919 1666 1152 1720 scientes
1186 1662 1464 1716 invenisse
1494 1677 1582 1715 me
1597 1660 1938 1730 praesidium,

369 1756 655 1811 custodem
715 1771 778 1810 ac
839 1755 1221 1810 servatorem?
1272 1753 1450 1820 Quare
1508 1751 1733 1807 ﬁdenter
1770 1751 1937 1806 'dixi:

748 465 1019 519 exedentes
1086 463 1285 516 talibus
1348 462 1508 514 dictis
1575 462 1935 530 compellare:

2046 478 2138 524 νας
2172 461 2320 531 αὐτῷ
2349 460 2578 530 πληγὰς,
2625 461 2852 528 φάσκειν
2889 462 3001 524 τοῖς
3048 462 3363 516 τύπτουσιν·
3398 480 3418 514 ι
3465 465 3592 529 Ἕως

2046 553 2177 606 πότε
2201 551 2504 606 ἐπιτίθεσθε
2532 552 2617 604 ἐπ’
2643 551 2958 623 ἄνθρωπον;
3004 572 3021 604 ι
3056 554 3086 622 ἢ
3123 555 3261 608 κατὰ
3300 554 3388 608 τὸν
3448 557 3592 610 Ἀκύ..

2043 644 2168 699 λαν⁸
2195 662 2214 693 ‹
2247 644 2390 708 Ἕως
2426 643 2568 706 τίνος
2592 643 3005 709 ἐπιϐουλεύετε;
3039 663 3055 695 ι
3099 646 3299 715 ἦκατὰ
3341 647 3431 701 τὸν
3468 648 3592 718 Σύμ-

2047 753 2215 806 μαχον
2238 753 2250 766 ·
2276 736 2452 797 «Ἕως
2477 733 2621 796 τίνος
2651 735 3106 806 ματαιοπονήσετε
3127 752 3176 801 ς»
3205 731 3340 789 Εἶτα
3373 735 3468 808 τὴν
3488 752 3595 809 προ-

2044 829 2254 900 αίρεσιν
2290 826 2396 882 τῶν
2425 824 2877 881 ἐπιϐουλευόντων
2925 826 3072 898 αὐτῷ
3111 826 3401 897 διελέγχων
3439 829 3591 897 φησί·

2049 937 2068 970 ι
2100 919 2354 972 Φονεύετε
2386 917 2588 980 πάντες
2610 917 2786 986 ὑμεῖς.
2821 935 2840 968 ›
2869 917 3125 972 Φονευταὶ
3145 917 3253 990 γάρ
3274 921 3419 983 ἐστε,
3458 919 3591 987 φησί’

2045 1011 2138 1064 καὶ
2170 1011 2266 1082 οὐχ
2299 1011 2486 1084 ὥσπερ
2509 1013 2902 1081 ἀνταγωνισταὶ
2929 1012 3061 1080 πρὸς
3086 1010 3318 1081 ἀθλητὴν
3337 1011 3594 1082 ἱστάμενα

2050 1102 2207 1174 μέχρι
2238 1103 2539 1174 γυμνασίου
2570 1104 2835 1158 ποιεῖσθαι
2851 1104 2950 1176 τὴν
2975 1103 3204 1174 ἅμιλλαν
3222 1119 3237 1134 ⁸
3261 1103 3397 1157 ἀλλὰ
3419 1105 3593 1175 φονικῇ

2046 1195 2364 1265 προαιρέσει
2393 1194 2696 1250 ἐπιτίθεσθέ
2725 1214 2834 1268 μοι,
2866 1196 2958 1249 καὶ
2991 1193 3299 1249 ἐπιτίθεσθε
3326 1195 3400 1258 ὡς
3444 1195 3594 1267 ἀϐοη-

2046 1285 2210 1358 θήτῳν
2247 1287 2340 1340 καὶ
2362 1285 2440 1350 ὡς
2472 1287 2569 1358 ἤδη
2602 1288 2906 1358 κεκλιμένῳ
2933 1287 3094 1358 τοίχῳ
3122 1286 3216 1340 καὶ
3271 1285 3510 1359 φραγμῷ
3536 1286 3596 1338 ὠ-

2047 1377 2246 1448 σμένῳ.
2290 1377 2377 1442 Ὠς
2398 1378 2506 1448 γὰρ
2533 1379 2757 1451 μηδενὸς
2778 1379 3236 1452 περιφράττοντος
3283 1379 3415 1450 μηδὲ
3453 1396 3594 1449 περι-

2046 1471 2369 1541 τειχίζοντος
2391 1473 2485 1524 καὶ¹
2515 1469 2613 1542 τὴν
2644 1469 2780 1542 ἐμὴν
2803 1469 3166 1543 φρουροῦντος
3198 1468 3408 1540 ψυχὴν,
3437 1468 3597 1532 οὕτως

2045 1561 2371 1618 ἐπιτίθεσθε.
2416 1564 2559 1628 Ἕως
2587 1559 2679 1617 οῦν
2735 1563 2864 1616 πότε
2904 1562 3075 1618 ταῦτα
3127 1561 3596 1633 ματαιοπονήσετε,

2047 1656 2141 1709 καὶ
2170 1657 2290 1726 οὐχὶ
2320 1656 2592 1710 παύσεσθε
2640 1656 2845 1720 λοιπὸν,
2906 1656 3145 1726 γνόντες,
3198 1655 3281 1708 ὅτι
3314 1646 3472 1725 εὗρον
3512 1654 3597 1723 τὴν

2047 1749 2281 1819 ἐμαυτοῦ
2315 1749 2581 1820 φυλακὴν,
2609 1749 2704 1802 καὶ
2742 1748 2834 1802 τὸν
2855 1747 3092 1819 ἐμαυτοῦ
3127 1746 3362 1819 φρουρὸν
3392 1748 3488 1801 καὶ
3510 1747 3601 1799 Σω-

375 1867 392 1897 ‹
431 1848 623 1901 Nonne
670 1848 777 1902 Deo
812 1846 1060 1916 subjecta
1107 1846 1213 1900 erit
1261 1845 1442 1900 anima
1491 1843 1656 1899 mea?
1699 1845 1768 1898 ab
1824 1845 1941 1915 ipso

2046 1840 2180 1911 τῆρα
2205 1857 2220 1907 ;
2266 1841 2357 1894 Διὸ
2385 1841 2663 1912 ἐθάρσησα
2709 1842 2873 1910 φάναι
2899 1857 2912 1869 ·
2945 1859 2972 1891 ιι
3006 1841 3138 1911 Οὐχὶ
3161 1839 3240 1912 τῷ
3268 1839 3386 1910 Θεῷ
3416 1840 3600 1892 ὑποτα-

369 1941 514 1992 cnim
547 1941 782 1995 salutare
813 1954 1017 1994 meum.
1048 1936 1184 1992 Nam
1221 1944 1275 1992 et
1337 1936 1452 2006 ipse
1505 1934 1650 1992 Deus
1698 1951 1852 1991 meus
1890 1943 1941 1990 et

2046 1931 2270 2000 γήσεται
2301 1933 2334 2003 ἡ
2369 1931 2514 2002 ψυχή
2551 1949 2689 2003 μου;
2743 1932 2872 2002 παρ’
2919 1929 3081 1984 αὐτοῦ
3111 1929 3222 2002 γὰρ
3251 1929 3312 1983 τὸ
3349 1929 3600 2000 σωτήριόν

371 2029 626 2084 Salvator
686 2045 882 2095 meus,
941 2034 1228 2098 susceptor
1282 2043 1461 2091 meus,
1521 2043 1631 2082 non
1688 2027 1941 2082 movebor

2049 2040 2170 2093 μου.
2202 2023 2311 2078 Καὶ
2335 2024 2444 2097 γὰρ
2471 2024 2632 2088 αὐτὸς
2658 2023 2792 2088 Θεός
2819 2041 2920 2095 μου
2953 2024 3048 2077 καὶ
3073 2023 3265 2093 Σωτήρ
3296 2038 3420 2092 μου,
3469 2023 3601 2074 ἀντι·-

372 2123 627 2193 amplius.
656 2120 1049 2176 Verumtamen
1094 2119 1330 2190 pretium
1351 2133 1538 2173 meum
1573 2119 1941 2190 cogitaverunt

2046 2115 2270 2189 λήτπτωρ
2314 2135 2436 2188 μου,
2484 2118 2544 2171 ού
2577 2117 2650 2188 μὴ
2708 2117 2953 2171 σαλευθῶ
2985 2117 3078 2170 ἐπὶ
3102 2115 3306 2170 πλεῖον.
3345 2113 3490 2185 Πλὴν
3515 2115 3599 2183 τὴν

369 2212 656 2280 repellere,
692 2219 1062 2264 cucurrerunt
1115 2209 1171 2262 in
1216 2208 1329 2271 siti,
1381 2223 1477 2262 ore
1526 2224 1627 2264 suo
1659 2210 1941 2264 benedice-

2046 2211 2210 2281 τιμήν
2246 2227 2346 2280 μου
2385 2208 2771 2264 ἐϐουλεύσαντο
2810 2208 3162 2273 ἀπώσασθαι,
3189 2207 3420 2280 ἔδραμον
3451 2207 3509 2260 ἐν
3538 2206 3600 2258 δίο

367 2303 534 2367 bant,
595 2310 651 2357 et
697 2301 862 2356 corde
917 2315 1020 2356 suo
1074 2298 1492 2355 maledicebant.
1557 2299 1882 2370 Diapsalma.
1922 2321 1941 2352 ι

2046 2303 2163 2373 ψει·
2201 2303 2279 2374 τῷ
2307 2308 2531 2373 στόματι
2565 2302 2744 2356 αὐτῶν
2765 2301 3038 2370 εὑλόγουν,
3076 2302 3171 2354 καὶ
3199 2303 3264 2371 τῇ
3296 2298 3491 2371 καρδίᾳ
3518 2299 3602 2352 αύ-

369 2393 559 2446 Priora
608 2391 828 2462 quidem
861 2391 977 2445 sive
1011 2388 1181 2443 David
1215 2388 1331 2444 sive
1377 2389 1612 2445 ldithum
1664 2406 1786 2447 sese
1814 2392 1941 2447 allo-

2046 2394 2152 2448 τῶν
2179 2392 2514 2464 κατηρῶντο.
2555 2391 2864 2463 Διάψαλμα.
2909 2409 2927 2443 δ
2965 2391 3046 2444 Τὰ
3096 2392 3192 2462 μέν
3223 2389 3416 2461 πρῶτα
3454 2388 3599 2453 αὐτὸς

370 2499 548 2554 quens
582 2482 752 2549 dixit;
781 2481 1022 2537 secunda
1050 2479 1305 2535 inimicos
1328 2481 1663 2550 compellans
1690 2483 1941 2552 protulit;

2047 2484 2222 2556 ἐαυτῷ
2251 2486 2366 2556 ἦτοι
2393 2483 2573 2548 Δαυῖδ,
2597 2483 2628 2553 ἢ
2672 2483 2906 2555 Ἰδιθοὺμ
2928 2483 3257 2537 διείλεκται·
3306 2482 3378 2536 τὰ
3406 2483 3461 2537 δὲ
3490 2481 3599 2535 δεύ-

372 2576 535 2630 tertia
566 2591 634 2630 ex
664 2572 960 2646 propositis
1001 2571 1182 2626 verbis
1229 2586 1331 2626 nos
1360 2573 1589 2628 edocent
1621 2588 1730 2643 quo
1759 2574 1941 2630 consi-

2046 2593 2179 2646 τερα
2211 2575 2346 2647 πρὸς
2371 2575 2498 2639 τοὺς
2518 2573 2742 2645 ἐχθροὺς
2765 2573 3116 2626 ἀπετείνατο·
3146 2574 3215 2628 τὰ
3241 2573 3305 2627 δὲ
3345 2573 3499 2645 τρίτα
3527 2571 3601 2626 διὰ

371 2669 446 2721 lio
494 2666 726 2722 insidias
776 2665 879 2736 ipsi
933 2664 1180 2735 pararint
1230 2665 1628 2734 conjuralores.
1675 2665 1941 2732 Quocirca

2046 2668 2152 2722 τῶν
2180 2667 2554 2739 προκειμένων
2583 2667 2729 2738 ἡμᾶς
2755 2664 3014 2729 διδάσκει,
3033 2665 3217 2719 τίποτε
3246 2664 3600 2735 βουλευόμενοι

369 2758 545 2812 dicit:
585 2776 603 2809 ι
647 2755 1036 2812 Verumtamen
1071 2757 1308 2828 pretium
1356 2773 1537 2812 meum
1571 2758 1941 2828 cogitaverunt

2046 2765 2093 2815 οἱ
2113 2761 2567 2823 ἐπιϐουλεύοντες
2592 2759 2741 2832 αὐτῷ
2765 2761 2863 2832 τὴν
2889 2759 3178 2830 ἐπιϐουλὴν
3193 2755 3598 2821 κατεσκεύαζον.

370 2850 654 2923 repellere.
716 2867 736 2900 ι
775 2848 971 2904 Omnia
1006 2850 1208 2920 quippe
1238 2865 1427 2906 eorum
1456 2849 1758 2915 molimina,
1789 2865 1941 2905 omne

2047 2855 2137 2908 Διό
2167 2869 2328 2926 φησί’
2368 2872 2387 2904 ε
2422 2853 2568 2924 Πλὴν
2594 2852 2691 2924 τὴν
2722 2854 2886 2922 τιμήν
2917 2869 3018 2924 μου
3052 2850 3438 2905 ἐϐουλεύσαντο
3467 2849 3601 2903 ἀπώ-

372 2943 688 3005 consilium,
741 2956 851 2996 non
901 2941 1009 2995 alio
1063 2943 1401 3012 spectabant,
1433 2957 1596 3013 quam
1642 2950 1703 2998 ut
1749 2958 1834 2998 me
1881 2942 1941 2998 ab

2050 2945 2326 3000 σασθαι..›
2372 2945 2439 2997 Ἦ
2470 2945 2579 3015 γὰρ
2605 2945 2755 2997 πᾶσα
2799 2943 2992 3014 σκέψις
3037 2942 3216 2997 αὐτῶν
3251 2944 3346 2996 καὶ
3385 2944 3419 3013 ἡ
3458 2940 3600 3011 βουλὴ

2047 3039 2196 3094 οὐδὲν
2220 3039 2425 3110 ἕτερον,
2461 3038 2644 3110 φησὶν,
2683 3038 2716 3107 ἢ
2754 3037 3079 3091 καταϐαλεῖν
3110 3054 3176 3107 με
3221 3035 3322 3106 τῆς
3364 3033 3511 3108 παρὰ
3536 3035 3600 3103 τῷ

2049 3129 2167 3201 Θεῷ
2190 3130 2376 3201 τιμῆς,
2403 3129 2498 3183 καὶ
2521 3129 2804 3200 γυμνῶσαι
2829 3130 2928 3200 τῆς
2953 3129 3110 3199 δόξης
3140 3124 3208 3201 ἦς
3244 3125 3386 3198 εἶχον
3423 3128 3601 3200 πρότε-

2053 3237 2142 3291 ρον
2167 3217 2511 3284 ἐσπούδαζον.
2540 3214 2674 3274 Εἶτα
2704 3217 3121 3290 βουλευσάμενοι
3159 3217 3360 3289 ταύτην
3398 3234 3496 3288 μου

2045 3310 2210 3383 τιμὴν
2257 3310 2544 3382 περιελεῖν,
2600 3310 2832 3383 ἔδραμον
2870 3313 2928 3365 ἐν
2967 3310 3108 3380 δίψει
3153 3309 3249 3382 τὴν
3293 3310 3433 3381 ἐμὴν
3462 3308 3598 3364 ἀπώ-

2046 3401 2195 3455 λειαν
2235 3401 2530 3456 θεάσασθαι
2566 3401 2846 3472 διψῶντες.
2902 3401 3046 3454 Ἀντὶ
3071 3401 3126 3454 δέ
3155 3400 3271 3463 τοῦ,
3306 3419 3325 3452 ι
3352 3403 3410 3454 ἐν
3450 3400 3597 3470 δίψει,

2047 3499 2104 3551 ἐν
2127 3496 2519 3568 διαψεύσματι,
2557 3516 2574 3548 ι
2612 3499 2640 3550 ό
2685 3495 2942 3560 Ἀκύλας’
2977 3497 3005 3549 ὁ
3049 3495 3105 3548 δέ
3133 3495 3443 3566 Σύμμαχος,
3493 3511 3512 3544 ι
3547 3493 3598 3545 ἐν

2045 3589 2319 3661 ψεύσματι
2340 3606 2354 3620 ο
2400 3590 2485 3660 νή
2516 3589 2574 3643 δέ
2604 3588 2829 3660 πέμπτη
2860 3587 3092 3650 ἓκδοσις,
3119 3605 3137 3637 ι
3162 3587 3220 3639 ἐν
3242 3584 3426 3655 ψεύδει
3445 3604 3456 3614 ·
3481 3603 3499 3636 ι
3517 3583 3598 3637 καὶ

2048 3682 2209 3737 πάλιν
2243 3683 2405 3754 ἐτέρα
2440 3681 2650 3746 ἔκδοσις
2673 3721 2688 3745 ,
2720 3701 2739 3733 ι
2771 3684 2826 3734 ἐν
2856 3680 3010 3751 δόλῳ,
3052 3699 3071 3732 ι
3113 3680 3479 3751 ήρμήνευσαν.
3513 3676 3596 3730 Εἱ-

375 3035 581 3088 honore
622 3048 730 3103 quo
760 3033 906 3103 apud
938 3032 1107 3087 Deum
1140 3034 1439 3105 gaudebam
1489 3033 1864 3099 deturbarent,
1896 3044 1949 3090 et

372 3126 604 3194 pristina
643 3141 762 3180 mea
793 3127 967 3196 gloria
995 3127 1316 3198 spoliarent.
1346 3127 1491 3183 Hinc
1533 3129 1764 3183 consilio
1812 3129 1947 3183 inito

372 3227 428 3271 ut
453 3217 714 3272 honorem
739 3233 802 3272 ac
827 3220 1062 3288 pretium
1090 3220 1222 3274 mihi
1251 3219 1552 3285 auferrent,
1581 3230 1947 3276 cucurrerunt

371 3309 424 3363 in
459 3309 571 3372 siti,
604 3323 778 3364 meam
809 3324 1037 3365 cernere
1069 3312 1367 3381 perniciem
1406 3313 1677 3369 sitientes.
1714 3312 1822 3368 Pro
1854 3314 1947 3368 illo

371 3407 576 3465 autem,
603 3418 621 3451 ι
647 3400 701 3454 in
722 3400 836 3467 siti,
865 3420 883 3452 ι
909 3401 1162 3472 Aquila,c
1182 3403 1240 3457 in
1263 3403 1478 3458 fallacia
1499 3421 1514 3468 ;
1536 3423 1560 3455 τ
1587 3403 1948 3476 Symmachus

365 3492 612 3557 vero,¢in
629 3492 948 3561 mendacio;
973 3513 991 3545 ι
1015 3495 1204 3565 quinta
1220 3495 1407 3559 editio,
1433 3515 1450 3546 ι
1465 3497 1517 3550 in
1537 3495 1706 3563 falso;
1733 3515 1750 3548 ι
1772 3497 1947 3553 etalia

369 3581 498 3636 item
529 3581 716 3646 editio,
740 3601 758 3628 ‹
785 3583 839 3638 in
871 3583 1019 3650 dolo,
1051 3604 1068 3636 ι
1107 3587 1447 3656 interpretati
1471 3595 1620 3642 sunt.
1639 3585 1947 3642 Verisimile

366 3674 550 3745 itaque
581 3685 668 3730 est
696 3677 752 3730 in
782 3686 969 3732 nostra
990 3693 1210 3749 quoque
1251 3679 1484 3734 lectione
1507 3680 1743 3750 positum
1767 3679 1946 3753 primo

369 3765 561 3833 fuisse,
584 3788 602 3819 ι
627 3768 680 3822 in
700 3769 1038 3830 mendacio.»
1063 3770 1136 3823 ita
1156 3769 1555 3835 utdiceretum
1581 3781 1946 3827 cucurrerunt

369 3861 424 3915 in
456 3862 740 3917 mendacio
769 3881 784 3928 ;
835 3881 854 3916 ι
890 3862 944 3918 id
967 3870 1073 3929 est,
1097 3863 1306 3918 inimici
1340 3872 1395 3920 et
1428 3864 1780 3921 insidiatores
1815 3868 1942 3930 mei,

367 3968 480 4007 non
509 3953 649 4007 duce
692 3955 942 4020 veritate,
984 3954 1081 4010 sed
1123 3970 1247 4009 cum
1293 3971 1415 4010 sese
1471 3964 1614 4011 totos
1660 3957 1946 4013 mendacio

367 4043 746 4109 tradidissent,
780 4061 1006 4100 cursum
1043 4053 1097 4101 et
1154 4047 1393 4102 studium
1426 4063 1586 4103 suum
1618 4060 1807 4105 contra
1859 4065 1945 4105 me

365 4135 725 4192 direxerunt:
789 4138 886 4192 sed
958 4139 1316 4207 sequentibus
1379 4141 1715 4210 temporibus
1788 4142 1942 4212 lapsu

365 4228 648 4299 graphice,
677 4244 774 4298 pro
807 4229 984 4295 ἱιΙο,ἐν
1005 4230 1208 4299 ψεύδει,
1229 4231 1282 4286 id
1331 4239 1416 4288 est
1450 4250 1469 4283 ι
1501 4233 1555 4287 in
1587 4235 1889 4303 mendacio,
1919 4254 1938 4286 ι

2046 4233 2242 4298 αὐτοὺς
2269 4232 2347 4305 τῷ
2377 4234 2559 4303 ψεύδει
2605 4233 2934 4305 παραδόντες
2953 4250 2965 4262 ο
3005 4232 3229 4304 σφάλμα
3267 4232 3325 4286 δὲ
3349 4230 3592 4304 γραφικὴν

365 4320 424 4371 ἐν
450 4316 612 4388 δίψει,
645 4318 697 4372 id
727 4327 812 4374 est
847 4337 866 4370 ‹
903 4320 956 4373 in
995 4320 1086 4374 siti
1125 4339 1142 4372 ι
1172 4321 1410 4390 positum
1437 4322 1628 4379 fuisse.
1661 4323 1941 4390 Quomodo

2046 4324 2324 4394 γεγονέναι
2351 4327 2408 4377 ἐν
2438 4328 2548 4388 τοῖς
2583 4326 2718 4395 μετὰ
2754 4322 2922 4378 ταῦτα
2958 4323 3154 4396 συνέϐη
3191 4323 3403 4396 χρόνοις
3423 4363 3438 4386 ,
3471 4321 3589 4376 ὥστε

363 4417 546 4463 autem
609 4408 954 4464 insidiatores
1023 4411 1100 4464 illi
1167 4423 1454 4468 currerent
1518 4414 1573 4468 in
1627 4415 1933 4481 mendacio,

2047 4416 2166 4469 ἀντὶ
2195 4415 2309 4479 τοῦ,
2350 4433 2368 4465 ι
2396 4415 2453 4468 ἐν
2487 4416 2690 4486 ψεύδει,
2723 4417 2781 4468 ἐν
2830 4415 2973 4486 δίψει
3013 4435 3032 4467 ι
3083 4416 3379 4487 γραφῆναι.
3409 4411 3588 4476 nocet

365 4501 470 4556 sub
504 4501 620 4556 haec
652 4504 888 4572 explicat
921 4503 1146 4559 dicens:
1199 4524 1218 4555 ‹
1259 4506 1364 4561 Ore
1398 4521 1498 4561 suo
1547 4507 1940 4564 benedicebant

2046 4505 2361 4577 ψευδόμενοι
2397 4507 2446 4560 oi.
2483 4505 2919 4571 ἐπιϐουλεύοντες
2957 4505 3186 4578 ἔδραμον
3213 4546 3228 4570 ,
3275 4503 3588 4579 διερμηνεύει

363 4602 420 4650 et
452 4594 620 4650 corde
663 4611 764 4650 suo
795 4595 1210 4662 maledicebant.
1257 4617 1277 4648 ι
1326 4596 1460 4652 Cum
1509 4598 1723 4654 fallacia
1759 4603 1940 4655 molli-

2046 4599 2216 4668 λέγων
2239 4598 2368 4669 ἑξῆς
2392 4615 2404 4628 ·
2448 4615 2467 4648 ι
2507 4597 2597 4668 Τῷ
2631 4598 2857 4668 στόματι
2888 4597 3064 4652 αὐτῶν
3095 4598 3351 4667 εύλόγουν
3374 4639 3389 4663 ,
3419 4598 3502 4651 καὶ
3531 4597 3585 4665 τῇ

363 4685 469 4742 bus
514 4687 814 4742 utebantur
854 4688 1038 4755 dictis,
1076 4697 1133 4742 ut
1185 4704 1270 4744 me
1323 4689 1631 4745 inescarent
1657 4700 1712 4746 et
1759 4695 1829 4748 ab
1852 4694 1941 4747 illa

2046 4688 2242 4759 καρδίᾳ
2269 4687 2448 4741 αὐτῶν
2476 4686 2808 4757 κατηριῖητο.
2851 4706 2870 4737 ι
2918 4685 3258 4749 Ἀπατῶντες
3282 4685 3412 4756 γὰρ,
3436 4682 3585 4751 λόγοις

363 4793 488 4832 cum
524 4777 630 4833 Deo
679 4781 916 4835 statione
962 4781 1356 4838 deturbarent:
1409 4797 1578 4852 quare
1622 4784 1941 4842 benedicere

2046 4779 2297 4849 γλυκέσιν
2328 4777 2564 4851 ἐχρῶντο
2593 4777 2730 4849 πρὸς
2758 4777 2817 4830 τὸ
2839 4775 3170 4830 καθελκῦσαί
3205 4794 3273 4846 με
3309 4777 3402 4831 καὶ
3441 4791 3582 4829 κατα-

363 4868 775 4940 νίἀεὺσηιιιτῳίη
813 4871 970 4935 faeie,
1017 4889 1212 4944 meque
1245 4873 1466 4929 laudare
1512 4883 1566 4928 et
1594 4876 1940 4946 approbare;

2046 4873 2222 4925 ϐαλεῖν
2258 4871 2358 4941 τῆς
2391 4869 2540 4941 παρὰ
2562 4869 2639 4940 τῷ
2665 4868 2782 4940 Θεῷ
2815 4869 3086 4932 στάσεως·
3122 4869 3202 4922 διὸ
3236 4869 3470 4937 εὐλογεῖν
3487 4866 3582 4919 ἐδό-

364 4962 459 5017 sed
491 4977 650 5017 mens
676 4979 863 5017 eorum
907 4967 1054 5020 intus
1085 4966 1565 5022 maledictionibus
1613 4969 1938 5038 replebatur,

2046 4981 2170 5019 κουν
2211 4965 2304 5016 καὶ
2326 4965 2566 5016 ἐπαινεῖν
2591 4963 2789 5033 με,καὶ
2819 4961 3175 5032 ἀποδέχεσθαι
3201 4961 3284 5026 είς
3303 4963 3582 5033 πρόσωπον’

365 5053 522 5122 queis
550 5069 638 5107 me
671 5054 880 5111 honore
925 5056 1199 5126 depellere
1241 5065 1295 5112 et
1343 5057 1398 5112 in
1427 5059 1773 5114 maledictqu
1807 5061 1941 5130 deji-

2046 5055 2109 5107 τὰ
2133 5055 2191 5108 δὲ
2211 5055 2309 5126 τῆς
2341 5053 2578 5116 διανοίας
2600 5052 2779 5106 αὐτῶν
2803 5051 3129 5123 πεπλήρωτο
3157 5054 3432 5125 καταρῶν,
3447 5050 3507 5106 δι’
3526 5044 3589 5102 ὧν

369 5161 489 5200 cere
516 5149 857 5217 satagebant.
892 5147 988 5204 His
1021 5156 1200 5203 autem
1234 5149 1515 5214 docemur,
1546 5160 1813 5223 quotquot
1849 5154 1938 5207 Dei

2046 5144 2140 5216 τὴν
2164 5143 2329 5214 τιμήν
2360 5161 2460 5214 μου
2489 5141 2877 5196 ἐϐουλεύσαντο
2898 5141 3243 5206 ἀπώσασθαι,
3265 5144 3362 5196 καὶ
3401 5141 3585 5210 κατάρᾳ

2044 5252 2110 5306 με
2156 5235 2468 5290 ὑποϐαλεῖν.
2510 5233 2881 5306 Διδασκόμεθα
2928 5235 2984 5288 δὲ
3040 5235 3129 5290 διὰ
3158 5233 3366 5290 τούτων
3415 5236 3490 5289 ὅτι
3534 5232 3584 5300 δὴ

2041 5329 2238 5391 πάντες
2257 5329 2307 5382 οἱ
2346 5331 2457 5392 τοῖς
2495 5326 2590 5381 τοῦ
2637 5327 2772 5381 Θεοῦ
2813 5326 3122 5399 ἀνθρώποις
3177 5326 3584 5385 ἐπιϐουλεύοντες

2039 5418 2190 5470 οὐδὲν
2213 5417 2396 5487 ἓτερον
2429 5416 2821 5483 σπουδάζουσιν
2848 5418 2882 5489 ἦ
2905 5417 3004 5488 τῆς
3033 5417 3182 5490 παρὰ
3206 5417 3286 5489 τῷ
3307 5417 3422 5489 Θεῷ
3443 5416 3586 5488 τιμῆς

2043 5508 2322 5577 γυμνῶσαι
2351 5509 2560 5572 αύτούς.

438 5578 604 5636 Vens.
639 5581 754 5638 6-9
837 5602 856 5635 ι
890 5583 1280 5645 Verumtamen
1335 5590 1446 5646 Deo
1500 5593 1745 5662 subjecta
1796 5603 1936 5662 esto,

2120 5620 2136 5650 ι
2179 5599 2322 5671 Πλὴν
2355 5599 2433 5670 τῷ
2468 5600 2584 5670 Θεῷ
2619 5601 2942 5675 ύποτάγηθι,
2967 5604 3001 5674 ἡ
3032 5603 3178 5676 ψυχή
3220 5621 3342 5674 μου,
3370 5604 3446 5656 ὅτι
3475 5597 3586 5669 παρ’

369 5674 547 5725 anima
584 5689 723 5738 mea,
758 5675 1018 5744 quoniam
1050 5678 1118 5732 ab
1156 5680 1276 5750 ipso
1319 5683 1578 5752 patientia
1614 5700 1752 5740 mea.
1802 5684 1934 5741 Nam

2046 5690 2201 5746 αὑτοῦ
2228 5693 2259 5763 ἡ
2291 5692 2532 5766 ὑπομονὴ
2569 5711 2692 5764 μου.
2741 5695 2851 5748 Καὶ
2889 5694 2997 5766 γὰρ
3037 5674 3200 5759 αὐτὸς
3235 5696 3367 5759 Θεός
3391 5711 3485 5766 μου
3507 5691 3585 5745 καὶ

368 5764 484 5832 ipse
509 5761 650 5824 Deus
677 5783 830 5824 malls
859 5775 915 5824 et
943 5766 1199 5825 Salvator
1220 5789 1372 5831 meus
1399 5795 1412 5829 :
1439 5788 1723 5848 susceptor
1786 5798 1937 5837 meus

2046 5785 2231 5856 Σωτήρ
2261 5801 2362 5855 μου
2382 5826 2396 5850 ,
2431 5785 2771 5856 ἀντιλήπτωρ
2791 5803 2912 5856 μου,
2935 5787 2996 5840 ού
3023 5787 3096 5859 μὴ
3125 5786 3538 5858 μεταναστεύσω.
3561 5800 3579 5833 ι

2047 3775 2140 3838 κὸς
2171 3770 2262 3828 οῦν
2292 3776 2385 3828 καὶ
2415 3776 2473 3828 ἐν
2496 3777 2563 3846 τῇ
2587 3774 2708 3828 καθ’
2742 3774 2888 3845 ἡμᾶς
2911 3772 3212 3842 ἀναγνώσει
3251 3771 3460 3825 κεῖσθαι
3510 3769 3595 3840 μὲν

2046 3867 2308 3939 πρότερον
2360 3865 2421 3919 τὸ
2450 3909 2464 3932 ,
2503 3886 2522 3918 ‹
2561 3869 2619 3920 ἐν
2646 3865 2874 3937 ψεύδει,
2920 3885 2937 3916 ι
2981 3865 3048 3917 ἵν’
3098 3860 3132 3936 ᾗ
3180 3863 3244 3916 τὸ
3290 3863 3593 3933 λεγόμενον·

2051 3978 2069 4010 ‹
2115 3959 2384 4032 Ἔδραμον
2409 3960 2467 4012 ἐν
2500 3958 2711 4029 ψεύδει·
2753 3978 2771 4010 ι
2811 3958 3086 4012 τουτέστιν
3106 3959 3153 4010 οἱ
3180 3955 3367 4029 ἐχθροί
3401 3971 3494 4026 μου
3513 3954 3598 4006 καὶ

2045 4053 2096 4104 οἱ
2124 4051 2584 4116 ἐπιϐουλεύοντες,
2621 4052 2683 4104 ού
2708 4051 2803 4103 σὺν
2826 4049 3050 4121 ἀληθείᾳ
3078 4048 3167 4103 τὸν
3193 4050 3314 4103 κατ’
3341 4045 3468 4118 ἐμοῦ
3485 4044 3594 4117 δρό-

2048 4161 2146 4215 μον
2175 4145 2268 4198 καὶ
2302 4145 2401 4216 τὴν
2435 4145 2557 4197 κατ’
2590 4142 2725 4213 ἐμοῦ
2766 4141 2997 4213 σπουδὴν
3033 4139 3345 4203 ἐποιοῦντο,
3379 4138 3517 4202 ὅλους
3541 4135 3594 4190 δι

369 5239 678 5295 hominibus
712 5242 1061 5305 insidiantur,
1096 5243 1231 5296 nihil
1265 5243 1410 5296 aliud
1443 5260 1658 5310 curare,
1689 5264 1851 5317 quam
1884 5258 1942 5301 ut

368 5328 516 5398 ipsos
548 5345 635 5394 eo,
668 5333 759 5401 qui
790 5334 934 5404 apud
970 5333 1138 5389 Deum
1167 5345 1271 5399 est,
1307 5335 1512 5392 honore
1540 5349 1762 5392 exuant.
