3808 6280
221 311 328 391 593

1351 349 1852 407 COMMENTARIA
1893 351 1961 407 IN
1994 353 2333 412 PSALMUS.

3369 359 3471 414 51H

231 459 555 534 ’Λρχόμενος
582 463 677 532 μὲν
706 463 906 532 ἔλεγεν·
938 486 954 517 ι
985 469 1118 539 Οὐχὶ
1141 469 1216 539 τῷ
1245 469 1363 540 Θεῷ
1390 471 1778 546 ὑποταγήσεται

1894 492 2003 531 non
2033 477 2329 549 emigrabo.
2371 497 2389 528 ι
2425 476 2582 532 Initio
2625 478 2842 548 quidem
2883 493 2948 534 ac
2989 479 3035 536 si
3087 479 3265 535 adhuc
3296 480 3465 535 ambi—

217 553 250 620 ή
272 550 418 622 ψυχή
454 571 593 624 μους
629 577 644 606 υ
673 555 859 628 ὥσπερ
888 559 1163 625 ὲνδυάζων
1184 562 1281 616 ἔτι·
1307 565 1540 619 ἐνταῦθα
1572 567 1629 621 δὲ
1659 569 1792 621 ἁπο-

216 647 480 715 φατικῶς,
523 647 840 718 βεϐαιωθεὶς
878 654 940 705 ὲκ
983 653 1090 706 τῶν
1135 656 1460 726 εἰρημένων,
1501 661 1566 730 τῇ
1599 659 1789 713 ἑαυτοῦ

215 737 352 809 ψυχῇ
389 741 705 813 ὲπιθαρσῶν
743 745 1200 816 παρακελεύεται·
1246 749 1326 802 διό
1367 768 1496 821 φησι
1530 753 1662 823 πρὸς
1695 755 1792 808 αὐ-

219 831 328 901 τήν·
369 851 387 882 ί
420 832 573 905 Πλὴν
609 835 686 905 τῷ
713 835 833 908 Θεῷ
870 839 1191 912 ὑποτάγηθι,
1227 844 1259 913 ὴ
1291 843 1434 916 ψυχή
1472 863 1592 916 μου.
1629 865 1647 897 ο
1683 848 1791 900 Καὶ

216 923 469 996 ἀνωτέρω
519 926 618 997 μὲν
650 927 820 996 ἔλεγε*
861 950 877 979 ι
917 931 1052 1002 ΙΙαρ⁸
1081 932 1244 986 αὐτοῦ
1287 935 1394 1006 γὰρ
1437 937 1498 989 τὸ
1529 938 1790 1009 σωτήριόν

221 1034 336 1086 μου·
367 1035 386 1069 ι
411 1019 647 1072 ἐνταῦθα
663 1021 740 1074 δέ·
769 1041 786 1071 ι
815 1022 935 1076 Ὅτι
960 1027 1086 1096 παρ’
1108 1026 1269 1080 αὑτοῦ
1297 1029 1330 1099 ή
1355 1029 1596 1101 ὑπομονή
1621 1048 1741 1101 μου.
1767 1051 1783 1082 ι

221 1110 434 1179 Ὅμοιον
463 1109 509 1162 δ’
547 1109 612 1163 ἂν
638 1111 722 1182 εἴη
761 1111 919 1166 τοῦτο
954 1114 1031 1186 τῷ
1067 1117 1318 1189 φήσαντι·
1361 1141 1378 1170 ι
1409 1122 1592 1175 Πάντα
1623 1122 1790 1194 ἰσχύω

217 1205 272 1258 ὲν
306 1200 382 1272 τῷ
419 1202 810 1274 ἐνδυναμοῦντί
850 1223 938 1276 με.
974 1227 992 1260 ι
1038 1210 1112 1261 Οὐ
1140 1209 1248 1283 γὰρ
1277 1214 1408 1282 παρ’
1433 1214 1672 1284 ἐμαυτοῦ
1702 1216 1792 1268 κέ-

219 1310 414 1362 κτημαι
441 1292 546 1364 τὴν
575 1295 750 1365 ἰσχὺν,
777 1295 915 1350 ἀλλά
947 1298 1098 1371 παρά
1123 1299 1217 1353 τοῦ
1253 1303 1672 1374 ὲνδυναμοῦντός
1699 1322 1784 1374 με·

220 1385 303 1438 καὶ
323 1383 582 1450 ἐνταῦθα,
613 1405 629 1436 ι
673 1387 736 1440 Ἡ
759 1387 1004 1461 ὑπομονὴ
1032 1409 1131 1461 μου
1165 1414 1181 1441 ι
1209 1394 1306 1446 οὐκ
1333 1395 1389 1460 ἐξ
1415 1397 1572 1466 ἐμῆς,
1602 1398 1784 1468 φησὶν,

217 1479 407 1550 ἀρετῆς
457 1480 557 1533 καὶ
601 1480 882 1553 δυνάμεως
932 1485 1282 1557 συνέστηκεν,
1327 1489 1461 1544 ἀλλά
1498 1492 1648 1564 παρὰ
1688 1493 1789 1564 τῆς

217 1571 368 1624 αὐτοῦ
402 1572 644 1646 χάριτος·
683 1594 700 1624 ι
739 1577 848 1629 Καὶ
874 1575 983 1648 γὰρ
1002 1579 1163 1643 αὐτὸς
1187 1580 1318 1645 Θεός
1349 1599 1448 1652 μου
1476 1583 1569 1637 καὶ
1597 1585 1786 1655 Σωτήρ

219 1680 329 1734 μου·
368 1684 385 1715 ι
421 1664 617 1737 διόπερ
640 1667 720 1731 ὡς
753 1667 884 1732 Θεός
922 1687 1020 1740 μου
1057 1672 1149 1724 καὶ
1194 1673 1383 1746 Σωτήρ
1422 1693 1520 1746 μου
1560 1678 1786 1750 παρέχει

217 1774 300 1832 μοι
330 1758 426 1828 τὴν
455 1758 762 1832 ὑπομονήν.
790 1758 901 1814 Εἶτ’
931 1764 1188 1837 ἀνωτέρω
1220 1769 1319 1838 μὲν
1352 1767 1494 1843 ἔχεις
1517 1771 1597 1835 τὸ,
1630 1791 1648 1822 ι
1677 1774 1785 1826 Καὶ

1893 577 2044 639 geret
2079 567 2296 623 dicebat
2331 587 2345 622 :
2384 587 2402 619 ι
2447 566 2638 623 Nonne
2678 567 2786 624 Deo
2828 569 3072 638 subjecta
3125 570 3230 625 erit
3286 570 3461 624 anim;

1894 659 2057 713 mea?
2090 680 2108 712 ι
2153 659 2252 715 llie
2281 675 2430 722 vero,
2460 676 2526 714 ex
2575 659 2643 715 iis
2688 676 2808 730 quae
2851 661 3045 716 animae
3084 678 3198 718 sua:
3232 661 3466 717 revelata

1894 750 2109 806 fuerant
2151 752 2424 814 firmatus,
2478 752 2728 808 absolute
2773 767 2836 806 ac
2882 753 3111 809 fidenter
3167 754 3464 825 praecipit:

1892 858 2064 912 quare
2088 843 2169 898 sic
2197 860 2314 898 eam
2350 845 2670 915 alloquitur,
2710 863 2727 895 ι
2773 842 3164 901 Verumtamen
3200 846 3310 902 Deo
3336 847 3467 904 sub-

1886 935 2031 1004 jecta
2056 943 2195 1000 esto,
2217 935 2396 989 anima
2422 951 2562 990 mea.
2600 955 2618 987 ι
2658 935 2735 989 Ae
2775 935 3029 1004 superius
3055 935 3264 991 dixerat
3293 957 3305 991 :
3334 957 3351 988 ι
3385 936 3468 991 Ab

1891 1025 2011 1096 ipso
2050 1026 2196 1082 enim
2225 1028 2462 1082 salutare
2494 1043 2709 1092 meum;
2752 1049 2770 1080 ι
2813 1028 2899 1081 hic
2949 1043 3098 1090 vero,
3135 1047 3153 1079 ‹
3194 1028 3463 1095 Quoniam

1890 1119 1960 1173 ab
1993 1118 2110 1189 ipso
2143 1120 2406 1189 patientia
2435 1135 2576 1176 mea.
2612 1141 2630 1174 ι
2667 1119 2858 1175 Simile
2886 1129 3068 1176 autem
3113 1120 3167 1175 id
3199 1122 3361 1176 fuerit
3381 1121 3466 1176 di-

1890 1220 1979 1267 cto
2021 1213 2334 1284 hujusmodi
2375 1235 2395 1271 ζ
2428 1234 2445 1266 ι
2494 1213 2690 1274 Omnia
2745 1231 2968 1286 possum
3023 1215 3076 1269 in
3127 1231 3192 1271 eo
3236 1216 3327 1285 qui
3378 1230 3464 1270 me

1889 1303 2261 1361 confortat".
2311 1327 2329 1357 ι
2384 1304 2504 1362 Non
2541 1309 2685 1364 enim
2735 1324 2773 1361 α
2819 1308 3028 1378 meipso
3093 1307 3462 1362 fortitudinem

1889 1399 2146 1464 obtineo,
2175 1399 2269 1455 sed
2320 1399 2390 1454 ab
2423 1415 2490 1455 eo
2526 1399 2618 1470 qui
2656 1415 2742 1455 me
2780 1401 3075 1462 confortat,
3111 1409 3165 1456 et
3215 1400 3302 1454 hic
3347 1400 3422 1454 ait
3452 1420 3464 1454 :

1894 1510 1910 1541 ‹
1950 1492 2208 1562 patientia
2250 1508 2369 1550 mea
2417 1513 2435 1545 ι
2471 1509 2578 1547 non
2603 1508 2668 1547 ex
2700 1495 2898 1549 virtute
2944 1503 2997 1547 et
3036 1504 3303 1564 potestate
3347 1508 3466 1546 mea

1887 1592 2134 1650 constat,
2165 1583 2260 1639 sed
2295 1583 2362 1638 ab
2395 1583 2515 1653 ejus
2557 1584 2732 1654 gratia
2768 1585 2946 1654 prodit
2976 1604 2988 1639 :
3023 1603 3040 1634 σ
3079 1584 3224 1638 Nam
3245 1593 3306 1638 et.
3351 1584 3468 1652 ipse

1892 1673 2032 1730 Deus
2093 1692 2246 1730 meus
2305 1683 2360 1730 et
2419 1675 2672 1733 Salvator
2733 1692 2921 1742 meus;
2967 1695 2984 1728 ι
3039 1684 3372 1746 quapropter
3409 1684 3470 1729 ut

1891 1763 2033 1819 Deus
2065 1781 2216 1820 meus
2248 1775 2301 1820 et
2332 1767 2584 1823 Salvator
2614 1782 2768 1822 meus
2800 1767 3116 1836 patientiam
3162 1767 3292 1821 mihi
3337 1783 3475 1837 sup-

214 1849 314 1921 γὰρ
333 1850 496 1915 αὐτὸς
516 1851 651 1917 Θεός
679 1871 781 1924 μου
808 1856 902 1908 καὶ
929 1857 1119 1932 Σωτήρ
1140 1876 1264 1930 μου,
1290 1860 1637 1934 ἀντιλήπτωρ
1660 1882 1778 1935 μου,

1887 1855 2110 1927 peditat.
2149 1854 2497 1928 Rursumque
2542 1858 2794 1928 superius
2854 1859 2985 1914 illud
3022 1859 3189 1914 habes
3218 1899 3232 1919 .
3277 1877 3292 1909 ι
3331 1857 3467 1912 Nam

212 1941 268 1995 οὐ
301 1940 372 2012 μὴ
407 1945 853 2013 μεταναστεύσω’
890 1968 907 2000 ι
944 1949 981 2020 ἢ
1016 1950 1155 2005 κατά
1194 1951 1286 2008 τὸν
1327 1954 1556 2009 Ἀκύλαν
1581 1959 1786 2011 καὶτὸν

213 2031 514 2104 Σύμμαχον,
540 2056 559 2086 ι
597 2037 655 2090 οὐ
687 2038 1052 2112 σφαλήαομαι.
1081 2062 1098 2094 ι
1135 2044 1311 2117 Πολλὴ
1344 2046 1400 2099 δὲ
1433 2045 1662 2119 διαφορὰ
1693 2050 1784 2107 τοῦ

213 2127 522 2194 φάσκοντος,
555 2149 575 2180 ι
601 2131 662 2184 οὐ
692 2131 767 2203 μὴ
789 2133 1031 2189 σαλευθῶ
1057 2137 1148 2190 ἐπὶ
1173 2137 1372 2205 πλεῖον,
1404 2160 1422 2192 ι
1459 2141 1552 2194 καὶ
1575 2141 1668 2194 :05
1697 2142 1784 2196 λέ-

213 2235 406 2286 γοντος,
442 2241 459 2271 ι
489 2223 552 2274 οὐ
586 2223 954 2297 σφαλήσομαι,
978 2247 995 2278 ι
1021 2231 1133 2293 καὶ,
1160 2248 1178 2280 ι
1201 2230 1259 2283 οὐ
1292 2233 1728 2302 μεταναστεύσω.
1761 2254 1780 2287 ι

213 2310 279 2363 T0
319 2312 412 2382 μὲν
458 2312 571 2384 γὰρ
616 2314 806 2386 ἐδήλου
853 2318 1176 2374 σαλεύεσθαι
1229 2323 1352 2392 μὲν,
1399 2323 1513 2377 ἀλλ’
1546 2325 1645 2378 οὐκ
1693 2326 1780 2378 ἐπὶ

215 2402 400 2457 πλεῖονο
425 2405 666 2460 ἐνταῦθα
695 2408 750 2460 δὲ
783 2408 1013 2482 ἄρνησίς
1046 2413 1162 2467 ἐστι
1199 2415 1466 2489 παντελής
1495 2416 1589 2470 7:05
1627 2419 1784 2471 πταί-

214 2510 430 2564 σματος.
460 2516 478 2548 ε
525 2497 653 2550 Ἐπὶ
678 2498 756 2570 τῷ
779 2500 896 2572 Θεῷ
930 2501 992 2556 τὸ
1021 2506 1286 2577 σωτήριόν
1319 2525 1421 2578 μου
1461 2509 1555 2561 καὶ
1593 2509 1624 2578 ἡ
1657 2508 1782 2575 δόξα

215 2601 332 2659 μου,
362 2586 491 2650 Θεὸς
510 2589 614 2657 τῆς
644 2590 894 2661 βοηθείας
925 2611 1048 2664 μου,
1080 2596 1174 2650 καὶ
1208 2598 1239 2668 ἡ
1267 2596 1421 2663 ἐλπίς
1459 2617 1557 2670 μου
1592 2602 1684 2655 ἐπὶ
1705 2600 1783 2672 τῷ

211 2677 337 2748 Θεῷ.
369 2699 387 2732 ι
440 2682 551 2734 Καὶ
602 2684 834 2738 ἐνταῦθα
869 2688 930 2740 τὸ
967 2707 986 2739 ι
1028 2690 1299 2762 Σωτήριον
1339 2711 1356 2743 ι
1396 2695 1424 2745 0
1470 2695 1674 2765 Ἰησοῦς
1713 2699 1779 2768 τῇ

223 2769 463 2844 Ἐὕραῖκῇ
500 2778 654 2846 φωνῇ
681 2775 1013 2848 ὠνόμασται,
1043 2782 1138 2834 καὶ
1167 2786 1281 2847 τοῖς
1309 2787 1650 2860 χαρακτῆρσι
1670 2791 1782 2853 τοῖς

211 2862 378 2927 αὐτοῖς
421 2865 819 2938 ἐγγέγραπται.
871 2872 1081 2946 Ὥσπερ
1122 2875 1178 2928 δὲ
1223 2878 1251 2930 0
1282 2878 1421 2944 θεῖος
1461 2883 1780 2947 ’Λπόστολος

211 2954 327 3024 περὶ
359 2954 452 3008 τοῦ
487 2958 747 3032 Σωτῆρος
780 2962 937 3033 ήμῶν
980 2963 1155 3034 λέγων
1203 2968 1430 3042 ἕγραςςε·
1470 2992 1494 3024 ι
1528 2973 1778 3028 Δικαιού-

213 3061 349 3138 μενοι
374 3047 588 3121 δωρεὰν
615 3053 680 3122 τῇ
706 3053 870 3107 αὐτοῦ
901 3056 1082 3128 χάριτι
1105 3058 1192 3112 διὰ
1223 3062 1322 3132 τῆς
1350 3063 1779 3138 ἀπολυτρώσεως

208 3137 295 3232 τής
324 3139 378 3232 ὲν
400 3141 624 3212 Χριστῷ
662 3144 853 3214 Ἰησοῦ’
882 3147 940 3200 ὃν
965 3151 1235 3220 προέθετο,¹
1255 3155 1282 3207 0
1309 3155 1440 3220 Θεὸς
1471 3137 1779 3232 ἱλαστήριον

207 3227 285 3284 διὰ
310 3229 541 3297 πίστεως
577 3235 636 3288 ὲν
667 3235 743 3306 τῷ
777 3238 1180 3311 αὐτοῦιαῖματιο
1220 3263 1242 3296 ι.
1267 3248 1361 3299 καὶ
1385 3247 1566 3303 πάλιν·
1596 3270 1614 3302 ι
1645 3227 1779 3306 ’Ἔάν

209 3335 290 3414 τις
313 3322 557 3398 ἁμάρτῃ,
594 3327 944 3400 παράκλητον
969 3329 1168 3403 ἔχομεν
1197 3335 1331 3407 πρὸς
1360 3336 1450 3390 τὸν
1484 3337 1634 3406 Θεὸν,
1675 3342 1778 3414 Ἰη-

212 3410 324 3503 σοῦν
356 3415 592 3486 Χριστὸν
624 3417 850 3474 δίκαιον·
889 3422 981 3478 καὶ
1011 3423 1171 3489 αὐτός
1198 3426 1345 3480 ἐστιν
1383 3427 1607 3499 nam;
1640 3410 1779 3503 ὑπερ

208 3501 303 3556 τῶν
323 3505 606 3579 ἁμαρτιῶν
630 3510 802 3582 ήμῶνο
838 3533 857 3565 ι
890 3514 980 3567 τὸν
1011 3515 1172 3569 αὑτὸν
1197 3518 1398 3588 τρόπον
1433 3520 1526 3574 καὶ
1549 3501 1778 3576 ἐνταῦθα

207 3589 456 3651 λέλεκται·
509 3600 635 3654 Ἐπὶ
672 3601 750 3674 τῷ
797 3603 917 3676 Θεῷ
965 3605 1026 3659 τὸ
1057 3609 1322 3680 σωτήριόν
1356 3629 1457 3681 μου
1483 3613 1624 3685 καὶὴ
1653 3613 1778 3680 δόξα

211 3702 322 3760 μου,
353 3691 446 3743 καὶ
471 3693 503 3762 ἡ
543 3691 768 3764 βοήθειά
802 3713 904 3767 μου
933 3699 1026 3751 καὶ
1056 3701 1088 3770 ή
1113 3699 1268 3764 ἐλπίς
1297 3719 1420 3773 μου.
1468 3705 1558 3769 Ὠς
1584 3706 1631 3761 εἰ
1661 3705 1779 3758 λευ-

209 3781 414 3854 κότερον
445 3785 507 3838 τὸ
550 3789 949 3861 σημαινόμενον
980 3793 1088 3846 ἀπὸ
1119 3795 1220 3864 τῆς
1261 3795 1556 3867 Ἐὄραῖκῆς
1596 3799 1777 3869 φωνῆς

207 3875 394 3930 τέθειτο
426 3879 484 3931 ὲν
513 3881 582 3950 τῇ
617 3881 902 3953 ἑρμηνεία,
933 3882 1106 3948 οὕτως
1141 3884 1207 3938 ἂν
1239 3891 1530 3959 περιεῖχεν.’
1572 3890 1777 3960 Ἰησοῦς

205 3964 257 4016 τὸ
295 3970 556 4040 σωτήριόν
603 3989 703 4042 μου
739 3973 797 4026 ἐν
934 3973 1052 4045 Θεῷ
1089 3978 1394 4047 τυγχάνων,
1432 3980 1527 4032 καὶ
1570 3983 1626 4038 ὲν
1665 3984 1776 4044 τοῖς

207 4056 409 4124 κόλποις
440 4062 539 4115 τοῦ
570 4064 804 4135 Πατρὸς,
853 4065 1013 4130 αὑτός
1046 4069 1193 4122 ἐστιν
1241 4071 1273 4140 ἡ
1315 4069 1443 4137 δόξα
1484 4090 1584 4142 μου
1626 4075 1719 4126 καὶ
1749 4076 1778 4126 0

207 4149 366 4216 φύλαξ
396 4171 519 4224 μου,
548 4156 642 4208 καὶ
667 4158 694 4209 ὁ
719 4157 850 4221 Θεὸς
877 4159 978 4229 τῆς
1010 4159 1258 4232 βοηθείας
1296 4179 1418 4232 μου,
1452 4151 1544 4216 καῖ
1566 4165 1606 4234 ἡ
1624 4164 1776 4230 ἐλπίς

209 4256 301 4309 μου
328 4245 358 4313 ή
394 4246 449 4298 ἐν
485 4246 564 4318 τῷ
599 4247 735 4320 Θεῷ.
770 4250 955 4304 Ταῦτα
987 4251 1095 4324 γὰρ
1123 4253 1300 4307 πάντα
1328 4255 1357 4308 0
1384 4255 1476 4308 τοῦ
1504 4255 1640 4309 Θεοῦ
1677 4257 1775 4309 Λό-

207 4348 290 4399 γος
315 4337 426 4390 ἐστὶ
465 4342 580 4403 τοῖς
617 4341 697 4403 είς
730 4341 892 4395 αὑτὸν
933 4344 1228 4408 ἐλπίζουσι.
1271 4347 1362 4400 Διὸ
1397 4350 1490 4402 καὶ
1522 4351 1662 4404 κατὰ
1686 4351 1775 4403 τὸν

216 4424 431 4483 Ἀκύλαν
466 4429 698 4502 εἴρηται·
732 4453 749 4484 ι
795 4435 1061 4514 Ἐπὶθεῷ
1093 4439 1358 4510 σωτήριόν
1394 4457 1497 4510 μου
1533 4443 1625 4496 καὶ
1647 4442 1774 4508 δόξα

1887 1955 1941 2002 et
1987 1948 2104 2020 ipse
2137 1949 2277 2006 Deus
2324 1967 2478 2007 meus
2533 1959 2589 2007 et
2651 1951 2905 2007 Salvator
2955 1967 3131 2016 meus,
3179 1958 3469 2022 susceptor

1888 2057 2064 2106 meus,
2096 2057 2204 2096 non
2232 2044 2512 2114 emigrabo
2539 2063 2552 2110 ;
2584 2063 2600 2095 ι
2625 2045 2767 2108 sive,
2798 2044 3097 2100 secundum
3131 2043 3378 2115 Aquilam
3412 2051 3467 2098 et

1889 2134 2297 2205 Symmachum,
2350 2157 2368 2188 ‹
2404 2153 2512 2191 non
2567 2137 2743 2192 fallar.
2778 2157 2794 2188 ι
2837 2136 3321 2193 Multumiuterest
3350 2135 3467 2191 disv

1886 2227 2140 2284 criminis
2185 2228 2325 2282 inter
2376 2228 2531 2292 illud,
2591 2249 2608 2281 ι
2648 2243 2756 2283 non
2808 2229 3066 2282 movebar
3131 2227 3393 2296 amplius,
3431 2245 3450 2277 ι

1885 2328 1945 2375 et
1980 2319 2136 2386 illud,
2191 2339 2215 2371 ι
2244 2337 2354 2375 non
2387 2319 2564 2386 fallar,
2597 2341 2614 2373 ι
2644 2329 2698 2375 et
2726 2339 2742 2371 ι
2787 2337 2895 2378 non
2930 2320 3230 2390 emigraho.
3270 2340 3288 2371 ι
3323 2317 3460 2373 Nam

1885 2407 2019 2462 illud
2059 2408 2279 2479 quidem
2319 2409 2598 2464 indicabat
2647 2411 2850 2464 moveri
2884 2410 3104 2480 quidem
3137 2409 3337 2480 ipsum,
3369 2410 3465 2466 sed

1886 2516 1994 2556 non
2035 2502 2297 2568 multum;
2353 2512 2408 2556 at
2447 2501 2536 2555 hic
2568 2501 2818 2571 cujusvis
2867 2501 3052 2570 lapsus
3102 2499 3322 2570 negatio
3355 2505 3462 2554 est.

1889 2614 1907 2644 ι
1943 2593 1998 2648 In
2032 2593 2142 2649 Deo
2170 2595 2410 2651 salutare
2453 2609 2633 2650 meum
2669 2602 2725 2648 et
2756 2593 2926 2664 gloria
2955 2610 3094 2660 mea,
3129 2591 3272 2646 Deus
3311 2590 3470 2646 auxi-

1884 2686 1941 2739 lii
1971 2688 2100 2750 mei,
2129 2694 2185 2740 et
2219 2701 2346 2755 spes
2376 2700 2494 2741 mea
2527 2685 2578 2739 in
2609 2684 2718 2741 Deo
2740 2693 2842 2740 est.
2881 2705 2899 2737 ι
2937 2683 3036 2739 llic
3072 2701 3289 2756 quoque
3325 2703 3343 2737 ε
3379 2701 3468 2741 sa-

1882 2777 2057 2833 lutare
2097 2795 2116 2828 ι
2157 2775 2422 2832 Hebraica
2453 2777 2638 2848 lingua
2673 2775 2836 2832 Jesus
2881 2778 3082 2840 dictus,
3129 2791 3293 2847 atque
3331 2776 3466 2846 ipsis

1882 2869 2292 2926 characteribus
2313 2869 2624 2938 descriptus
2648 2878 2753 2923 est.
2784 2867 3254 2935 Quemadmodum
3281 2876 3463 2923 autem

1881 2962 2098 3018 divinus
2144 2962 2444 3032 Apostolus
2479 2963 2547 3018 de
2592 2961 2878 3016 Salvatore
2911 2971 3106 3018 nostro
3163 2962 3277 3016 haec
3325 2961 3466 3017 scri-

1882 3053 1991 3124 psit
2029 3072 2042 3107 :
2081 3073 2099 3105 ι
2137 3051 2428 3109 .lustiticati
2483 3055 2656 3124 gratis
2711 3069 2807 3124 per
2851 3055 3081 3124 gratiam
3132 3055 3324 3124 ipsius,
3371 3071 3460 3122 per

1884 3144 2308 3215 redemptionem
2342 3161 2464 3216 qua:
2488 3155 2574 3201 est
2609 3147 2662 3201 in
2690 3147 2911 3202 Christo
2935 3147 3064 3203 .lesu
3095 3167 3108 3202 :
3143 3161 3302 3216 quem
3340 3161 3466 3216 pro-

1883 3237 2066 3306 posuit
2105 3235 2248 3290 Dcus
2283 3237 2723 3308 prepitiationem
2758 3255 2852 3308 per
2899 3240 3060 3295 fidem
3104 3239 3159 3292 in
3199 3239 3468 3309 sanguine

1883 3329 2056 3399 ipsius
2089 3329 2156 3396 ‘3;
2195 3348 2214 3380 ι
2250 3344 2315 3385 ac
2359 3346 2578 3386 rursum
2613 3349 2626 3385 :
2666 3349 2684 3382 ι
2725 3331 2782 3385 Si
2817 3331 2942 3402 quis
2991 3330 3318 3402 peccaverit,
3367 3330 3470 3384 ad-

1882 3429 2134 3477 vocatum
2169 3423 2437 3479 habemus
2485 3423 2631 3494 apud
2683 3423 2874 3487 Deum,
2939 3422 3126 3479 Jesum
3183 3423 3464 3479 Christum

1875 3514 2110 3583 justum,
2165 3523 2226 3570 et.
2268 3516 2384 3586 ipse
2423 3514 2517 3571 "est
2563 3516 2882 3587 propitiatio
2928 3532 3025 3588 pro
3069 3517 3331 3587 peccatis
3361 3531 3465 3571 no-

1879 3605 2008 3659 stris
2036 3605 2104 3670 ”,
2149 3624 2167 3658 ι
2200 3605 2282 3661 sic
2311 3615 2366 3662 et
2399 3605 2504 3662 hoc
2549 3607 2670 3662 loco
2718 3607 2944 3673 dicitur,
2990 3607 3046 3660 In
3089 3606 3200 3662 Deo
3224 3606 3467 3661 salutare

1879 3714 2060 3755 meum
2104 3708 2160 3758 et
2199 3700 2371 3770 gloria
2418 3713 2559 3764 mea,
2607 3708 2662 3754 et
2706 3699 2970 3756 auxilium
3027 3713 3206 3752 meum
3251 3709 3463 3767 etspes

1878 3805 2019 3844 mea.
2081 3789 2159 3847 Ita
2203 3800 2260 3844 ut
2292 3790 2338 3844 si
2380 3789 2658 3844 llebraica:
2677 3790 2826 3845 vocis
2859 3789 3227 3861 significatum
3252 3790 3520 3858 _elarius,.

1879 3881 1934 3935 in
1983 3881 2432 3951 interpretatione
2486 3882 2724 3951 positum
2778 3881 2991 3944 fuisset,
3051 3882 3132 3936 sic
3187 3881 3411 3948 haberet
3446 3871 3473 3936 :-

1877 3970 2037 4027 Jesus
2069 3972 2309 4031 salutare
2345 3988 2523 4026 meum
2549 3971 2604 4026 in
2651 3970 2762 4026 Deo
2797 3955 3120 4048 exsistens,._
3133 3979 3188 4025 et
3231 3972 3284 4025 in
3335 3971 3460 4025 sinu

1879 4066 2078 4129 Patris.
2125 4067 2243 4138 ipse
2272 4077 2357 4122 est
2390 4067 2563 4136 gloria
2613 4079 2753 4130 mea,
2798 4075 2985 4122 custos
3016 4083 3202 4142 .mcus,
3233 4075 3286 4120 et
3320 4065 3462 4120 Deus

1878 4161 2066 4220 auxilii
2097 4161 2202 4216 mei
2239 4169 2292 4216 et
2324 4175 2451 4231 spes
2496 4174 2638 4224 mea,
2670 4175 2792 4230 quae
2822 4159 2876 4213 iu
2920 4158 3032 4212 Deo
3064 4166 3166 4234 ese.
3199 4157 3334 4212 Nam
3365 4157 3462 4213 Dei

1881 4250 2113 4308 Verbum
2145 4251 2340 4311 horum
2373 4250 2620 4308 oumium
2652 4249 2774 4306 loco
2797 4257 2880 4309 est
2909 4250 3261 4320 sperantibus
3294 4250 3347 4303 iu
3378 4265 3458 4304 se.

1878 4343 2058 4415 Quare
2079 4352 2133 4399 et
2170 4343 2474 4400 secundum
2501 4343 2753 4414 Aquilam
2785 4343 3110 4400 dictumest
3143 4363 3156 4399 :
3196 4363 3214 4395 ι
3257 4341 3314 4396 ln
3350 4342 3460 4398 Deo

1879 4437 2118 4492 salutare
2161 4451 2364 4497 meum,
2398 4441 2452 4489 et
2492 4434 2681 4505 gloria
2709 4450 2852 4500 mea,
2897 4435 3086 4494 firmus
3125 4432 3463 4489 fortitudini-

208 4533 319 4585 μου,
363 4523 580 4594 στερεὸς
619 4525 860 4599 κράτους,
896 4544 1020 4596 μου,
1062 4527 1217 4593 ἐλπίς
1259 4547 1361 4600 μου
1390 4532 1448 4585 ἐν
1478 4532 1615 4604 Θεῷ.
1658 4533 1770 4592 Ἐλ-

1884 4545 2031 4590 meae.
2064 4545 2190 4598 spes
2220 4544 2338 4582 mea
2373 4527 2428 4587 in
2465 4525 2594 4582 Dco.
2633 4527 2860 4598 Sperate
2899 4529 2952 4580 in
2981 4542 3046 4582 eo
3076 4528 3253 4581 omnis
3294 4543 3460 4598 syna-

207 4606 384 4662 πίσατε
441 4614 528 4683 ἐπ’
568 4615 750 4680 αὑτὸν,
817 4618 967 4675 πᾶσα
999 4620 1291 4691 συναγωγὴ
1337 4621 1500 4676 λαῶν’
1546 4624 1770 4693 ὲκχέατε

206 4698 418 4754 ἐνώπιον
464 4705 629 4760 αὐτοῦ
672 4707 768 4770 τὰς
812 4709 1038 4780 καρδίας
1083 4712 1256 4782 ὑμῶν.
1315 4714 1372 4766 ὐ
1411 4713 1543 4778 Θεὸς
1579 4715 1772 4786 βοηθὸς

207 4791 368 4860 ἡμῶν.
425 4798 732 4868 Διαψαλμα.
788 4822 806 4852 ι
866 4805 1258 4875 Μνημονεύσας
1320 4807 1412 4861 τοῦ
1473 4808 1769 4880 Σωτηρίου,

207 4885 444 4952 συνεῖδεν,
497 4891 588 4943 ὅτι
627 4893 692 4945 οὑ
740 4895 898 4965 μόνον
943 4898 1110 4951 αὑτοῦ
1155 4899 1549 4970 θεραπευτικὸν
1596 4902 1767 4967 ἔσται,

207 4979 368 5032 κοινὸν
400 4981 457 5035 δὲ
489 4986 778 5057 γενήσεται
818 4990 1049 5057 ἀγαθόν’
1092 4992 1171 5046 διὸ
1215 4995 1302 5046 ἐπ’
1345 4996 1474 5048 αὐτὸ
1510 4996 1770 5064 συγκαλεῖ

204 5070 316 5133 τοὺς
341 5074 564 5139 πάντας,
592 5076 872 5146 φιλαυτίαν
1018 5084 1435 5153 ἐκτρεπόμενος,
1468 5086 1766 5157 φιλανθρω-

209 5159 322 5212 πίαν
355 5161 409 5214 δὲ
440 5166 530 5217 καὶ
565 5167 661 5237 τὴν
698 5170 833 5240 πρὸς
865 5173 991 5234 τοὺς
1031 5173 1200 5236 πέλας
1240 5175 1460 5245 ἀγάπην
1491 5175 1763 5234 ὲνδεικνύτ

208 5268 371 5320 μενος.
411 5257 804 5337 Προσκαλεῖται
833 5245 1112 5328 τοίνυνλὼς
1142 5267 1234 5319 ἐπὶ
1268 5269 1532 5338 σωτήριον
1569 5269 1763 5340 λιμένα

205 5342 432 5407 φάσκων*
486 5369 502 5399 ι
553 5351 833 5405 Ἐλπίσατε
887 5355 972 5407 ἐπ’
1034 5356 1217 5419 αὑτὸν,
1279 5359 1428 5411 πᾶσα
1474 5360 1764 5432 συναγωγὴ

203 5432 354 5486 λαῶν·
389 5456 407 5488 ι
446 5438 478 5510 ἢ
512 5443 649 5494 κατὰ
675 5443 768 5496 τὸν
807 5445 1056 5511 Ἀκύλαν,
1085 5465 1103 5499 t
1147 5448 1199 5500 Ἀ
1212 5451 1508 5520 μεριμνᾶτε
1537 5451 1595 5502 ὲν
1617 5451 1763 5522 αὐτῷ

203 5524 253 5574 ὲν
289 5530 444 5582 παντὶ
475 5533 667 5612 καιρῷ,
696 5535 842 5608 λαός..
882 5557 915 5586 »-
941 5538 1382 5610 ’Λμεριμνῷντας
1410 5542 1467 5595 δὲ
1515 5545 1572 5596 ὲν
1615 5544 1764 5614 αὐτῷ

204 5617 286 5668 καὶ
331 5619 660 5690 ἐλπίζοντας,
711 5627 973 5694 ὲξαπλοῦν
1009 5635 1274 5703 προσήκει
1307 5635 1433 5697 τοὺς
1470 5633 1763 5707 λογισμοὺς

267 5795 305 5822 ι⁷
349 5794 572 5870 Philipp.
612 5819 680 5867 Iv,
723 5805 802 5858 l5.
882 5807 924 5844 η
968 5806 1117 5862 lium.
1161 5825 1239 5874 ιιι,
1276 5811 1334 5862 9.!

1873 4636 2008 4690 goga
2057 4619 2381 4688 populorum
2431 4637 2442 4672 :
2487 4617 2748 4676 effundite
2802 4632 2988 4671 coram
3031 4617 3123 4670 illo
3157 4615 3322 4671 corda
3369 4633 3459 4672 vc-

1875 4718 2008 4768 stra.
2039 4709 2184 4764 Deus
2224 4709 2445 4779 adjutor
2478 4718 2686 4767 uoster.
2717 4707 3048 4778 Diapsalma.
3101 4726 3118 4758 ι
3159 4705 3456 4777 Postquam

1875 4803 2117 4855 salutare
2150 4803 2494 4865 memoravit,
2536 4801 2758 4874 agnovit
2787 4816 2895 4855 non
2925 4800 3103 4856 solum
3138 4800 3241 4854 sibi
3273 4800 3458 4856 mede-

1879 4895 1982 4946 lam
2015 4894 2334 4958 allaturum,
2358 4895 2452 4950 sed
2483 4909 2774 4948 commune
2798 4893 3001 4946 bonum
3027 4890 3272 4946 futurqu
3296 4907 3451 4947 esse:

1875 5001 2047 5055 quare
2087 4985 2153 5040 ad
2205 4987 2382 5057 ipsmu
2423 5002 2615 5042 oniues
2653 4992 2880 5046 evocat,
2932 4998 3234 5051 eversoque
3273 4999 3458 5037 amore

1875 5079 2117 5148 proprio,
2153 5080 2547 5134 humanitatem
2582 5086 2636 5132 et
2687 5077 3058 5146 proximorum
3104 5076 3452 5129 dilectionem

1872 5171 2112 5225 exhibet.
2145 5170 2313 5236 Quasi
2363 5185 2494 5240 ergo
2525 5169 2593 5222 ad
2640 5170 2931 5223 salutarem
2993 5176 3210 5238 portum
3263 5168 3446 5222 invita!

1873 5263 1958 5317 his
1988 5264 2172 5319 verbis
2207 5283 2220 5319 :
2257 5284 2273 5314 ι
2299 5263 2524 5334 Sperate
2560 5261 2612 5314 iti
2645 5277 2731 5318 eo.
2763 5260 2942 5316 omnis
2968 5261 3317 5332 congregatio
3351 5277 3438 5331 po:

1873 5355 2146 5423 pulorum,
2184 5376 2201 5407 ι
2235 5357 2368 5420 sive,
2387 5354 2688 5410 secundum
2714 5353 2989 5422 Aquilam,
3023 5353 3278 5408 «Secure
3310 5354 3448 5424 agite

1873 5450 1928 5502 in
1969 5450 2112 5520 ipso,
2145 5449 2292 5501 omni
2335 5456 2598 5516 tempore,
2661 5446 2913 5517 populus.
2960 5465 2978 5496 ι
3022 5445 3226 5501 Securo
3290 5461 3452 5515 porro

1872 5552 2092 5612 agentes
2132 5559 2194 5594 ae
2228 5553 2512 5612 sperantes
2546 5540 2600 5595 in
2644 5542 2762 5610 ipso
2813 5557 2908 5611 par
2947 5553 3031 5596 est
3088 5539 3453 5611 cogitationes

1873 5638 1975 5705 ipsi
2008 5636 2241 5704 aperire,
2279 5643 2330 5691 ct
2364 5635 2556 5690 aniunc
2583 5635 2803 5690 morbos
2837 5643 3094 5704 tauquam
3125 5632 3336 5688 medico
3360 5647 3448 5692 Pa-
