3808 6280
433 288 534 343 5’33

1109 283 1380 340 EUSEBH
1413 280 1892 338 CAESARIENSIS
1922 278 2072 334 OPP.
2116 277 2296 334 PARS
2334 279 2424 335 Ill.
2468 310 2535 319 ——
2574 260 3004 331 EXEGETICA.‘
3532 274 3612 332 596

428 401 683 453 norm-ere.
734 399 1098 464 Quamobrem
1135 398 1416 468 subiungit
1457 415 1471 450 :
1513 417 1530 447 ι
1589 394 1859 450 Eﬂ‘undite
1902 409 1971 448 co

2095 396 2188 446 καὶ
2220 395 2317 465 τῆς
2351 394 2528 466 ψυχῆς
2560 389 2906 462 ἀπογυμνοῦν
2951 389 3098 460 αὐτῷ
3141 390 3331 459 ὥσπερ
3375 389 3526 459 ἰατρῷ
3563 396 3613 444 τὰ

425 507 539 544 ram
575 491 668 545 illo
697 490 862 545 corda
889 499 1088 546 vestra.
1135 490 1276 546 Deus
1317 490 1532 558 adiutor
1577 497 1781 544 noster.
1824 507 1842 539 ι
1882 486 1990 540 Δά-

420 583 677 647 jniorem,
717 580 925 650 inquit,
977 581 1238 635 habentes
1296 580 1431 634 nihil
1499 579 1838 643 subducatis,
1888 594 1989 633 nec

421 670 701 740 quidpiam
741 672 793 725 in
829 680 1007 728 mente
1040 673 1352 736 occultetis,
1385 671 1478 726 sed
1503 671 1760 741 expansis
1798 671 1990 725 animae

422 761 802 829 receptaculis,
842 761 1192 817 absconditas
1221 761 1294 816 ibi
1325 761 1682 832 cogitationes
1713 763 1944 816 revelate
1970 781 1982 817 :

422 850 656 920 ipsique,
689 859 878 923 utpote
917 853 1010 923 qui
1049 853 1234 909 omnia
1273 869 1466 908 curare
1495 853 1689 924 possit,
1724 868 1821 908 vos
1856 867 1988 906 con-

421 941 651 998 credite.

498 1137 662 1196 Vens.
711 1140 797 1195 l0.
856 1160 875 1192 ¢
917 1139 1306 1198 Verumtamen
1358 1143 1482 1197 vani
1536 1143 1630 1198 lilii
1679 1143 1984 1208 hominum,

420 1231 712 1287 mendaces
740 1231 832 1285 filii
860 1232 1139 1288 hominum
1170 1233 1223 1287 in
1257 1235 1496 1300 stateris,
1528 1243 1587 1290 ut
1617 1235 1869 1306 iniuriam
1907 1235 1985 1290 fa-

420 1322 569 1376 ciant
629 1322 732 1393 ipsi
775 1339 840 1377 ex
881 1327 1122 1380 vanitate
1171 1327 1225 1380 in
1280 1326 1536 1396 idipsum.
1573 1347 1592 1378 »
1647 1328 1704 1382 1η
1777 1344 1982 1382 xxxvm

420 1424 637 1479 quoque
659 1409 976 1466 dicebatur:
1009 1430 1027 1462 ι
1058 1411 1442 1469 Verumtamen
1473 1417 1723 1473 universa
1751 1418 1981 1482 vanitas,

419 1503 598 1557 omnis
625 1502 786 1557 homo
815 1503 1000 1559 vivens
1029 1505 1109 1570 '°;
1149 1525 1167 1556 ι
1221 1522 1284 1560 ac
1323 1523 1540 1563 rursum
1585 1525 1599 1562 :
1646 1527 1664 1558 ι
1697 1507 1982 1563 Verumta-

417 1606 544 1646 men
593 1607 731 1648 vane
783 1595 1180 1649 conturbantur
1207 1597 1290 1662 7‘;
1329 1617 1348 1648 ›
1381 1605 1432 1652 et
1465 1617 1478 1652 :
1538 1617 1557 1650 ι
1595 1597 1982 1656 Verumtamen

418 1681 475 1734 in
503 1681 736 1752 imagine
764 1684 1060 1753 pertransit
1101 1685 1262 1740 homo
1292 1687 1358 1740 ".
1399 1706 1419 1738 ι
1456 1686 1553 1747 Hic
1582 1703 1798 1759 quoque
1831 1689 1982 1744 simi-

417 1774 490 1826 lia
532 1774 789 1830 dicuntur

417 1881 567 1935 spem
599 1881 820 1937 ponere,
854 1868 1140 1938 ipsumque
1169 1870 1327 1926 nobis
1355 1871 1656 1942 adiutorem
1681 1874 1980 1939 ascribere,

416 1959 855 2030 quandoquidem
886 1976 1076 2018 omnes
1105 1961 1201 2017 filii
1239 1962 1542 2027 hominum,
1584 1966 1798 2022 etiamsi
1832 1967 1982 2038 prin-

415 2050 565 2119 cipes
610 2051 901 2107 videantur
950 2068 1092 2117 esse,
1125 2055 1376 2124 quamvis
1411 2056 1642 2110 multum
1695 2057 1750 2112 in
1780 2059 1982 2113 mundo

412 2141 648 2204 valeant,
681 2141 808 2196 vani
843 2149 998 2210 sunt;
1046 2143 1180 2210 sive,
1224 2145 1526 2200 secundum
1573 2145 1979 2218 Symmachum,

419 2247 440 2280 ι
481 2245 673 2300 vapor,
713 2251 733 2286 ι
791 2232 941 2288 brevi
994 2233 1161 2288 futuri
1203 2252 1222 2286 ι
1260 2243 1514 2307 tanquam
1568 2239 1767 2307 pulvis,
1820 2255 1979 2310 quem

413 2321 632 2390 proiicit
668 2330 862 2379 ventus
911 2340 940 2377 a
976 2323 1112 2380 facie
1163 2333 1322 2381 terra:
1351 2327 1417 2380 ⁷³.
1460 2347 1479 2380 ι
1531 2326 1670 2383 Hinc
1723 2328 1980 2384 Salomon

412 2411 586 2480 patris
616 2427 718 2466 usu
745 2421 800 2467 et
825 2415 1092 2484 exemplo,
1128 2435 1146 2467 ι
1187 2415 1414 2473 Vanitas
1438 2419 1763 2485 vanitatum,
1797 2422 1978 2476 omnia

411 2497 626 2554 vanitas
649 2499 714 2566 7",
747 2519 766 2552 ι
793 2508 845 2556 et
867 2503 1062 2557 similia
1083 2506 1320 2575 scripsit.
1347 2507 1632 2565 Mendaces
1659 2526 1821 2580 porro
1843 2512 1979 2566 duo-

409 2586 516 2644 bus
560 2590 740 2646 modis
789 2601 917 2648 sunt
949 2593 1044 2649 filii
1078 2595 1387 2666 hominum;
1427 2600 1602 2655 altero
1629 2602 1755 2672 quia
1787 2603 1976 2672 procul

412 2692 444 2732 a
471 2681 705 2736 veritate
729 2683 1045 2741 aberrantes
1097 2687 1232 2743 falsa
1266 2689 1600 2760 loquuntur;
1633 2693 1806 2748 altero
1850 2695 1977 2764 quia

410 2767 697 2827 fraudibus
751 2773 1157 2846 mendaciisque
1194 2779 1447 2835 credulos
1488 2781 1593 2836 sibi
1637 2781 1694 2836 in
1735 2798 1974 2839 errorem

409 2861 708 2917 deducunt.
734 2863 913 2930 Quare
935 2866 1138 2923 talibus
1166 2883 1287 2925 sese
1312 2871 1536 2927 credere
1571 2888 1679 2928 non
1712 2875 1928 2945 expedit
1957 2895 1970 2930 :

406 2954 626 3008 mentiri
669 2956 870 3026 quippe
916 2959 1115 3024 solent,
1149 2976 1326 3031 neque
1356 2970 1440 3018 est
1471 2964 1526 3018 in
1563 2965 1698 3035 ipsis
1729 2967 1970 3033 veritas;

405 3041 502 3096 sed
533 3043 696 3098 etiam
729 3053 943 3102 statera)
963 3050 1158 3104 animae
1185 3051 1426 3121 ipsorum
1469 3053 1604 3108 nihil
1638 3055 1868 3124 iustum,
1895 3072 1972 3111 re—

403 3133 624 3202 quabile
655 3135 790 3189 nihil
820 3137 1051 3202 habent;
1080 3141 1172 3195 sed
1197 3156 1320 3195 cum
1347 3143 1455 3198 alio
1479 3144 1830 3212 inclinentur,
1859 3147 1970 3217 iuri

403 3222 678 3275 contraria
717 3234 1001 3294 peragunt.
1033 3226 1130 3282 His
1182 3244 1314 3301 ergo
1363 3232 1567 3302 iniquis
1604 3237 1825 3291 stateris
1855 3239 1970 3294 suis

404 3311 700 3367 vanitatem
732 3314 1157 3384 administrant,
1205 3323 1491 3378 veritatem
1533 3326 1761 3396 eiusque
1799 3327 1967 3385 Deum

402 3403 637 3458 aversati
681 3423 695 3458 :
739 3420 908 3475 quare
935 3425 1044 3465 non
1075 3414 1330 3468 convenit
1358 3431 1416 3469 se
1442 3417 1576 3486 ipsis
1607 3419 1968 3490 concredere;

403 3492 502 3546 sed
550 3508 674 3548 eum
710 3497 910 3563 solum,
970 3501 1066 3570 qui
1117 3499 1368 3558 Salvator
1391 3495 1620 3572 dicitur,
1667 3510 1968 3581 adiutorem

405 3585 704 3642 ascribere.

472 3694 638 3755 Vens.
676 3700 764 3755 ll.
802 3722 822 3755 ι
857 3701 1036 3762 Nolite
1059 3722 1283 3779 sperare
1312 3711 1369 3766 in
1404 3715 1710 3784 iniquitate,
1746 3727 1801 3773 et
1824 3721 1971 3789 rapi-

398 3804 525 3844 nam
557 3793 726 3850 nolite
757 3799 1147 3868 concupiscere
1174 3818 1189 3869 ;
1219 3801 1424 3861 divitia:
1453 3808 1500 3862 si
1527 3807 1770 3875 afﬂuant,
1799 3812 1969 3868 nolite

399 3896 496 3936 cor
535 3899 827 3956 apponere.
879 3910 895 3941 ι
961 3889 1020 3945 lu
1071 3911 1282 3951 xxxvm
1345 3913 1563 3970 quoque
1628 3903 1838 3972 psalmo
1888 3904 1970 3958 af-

399 3975 530 4029 ﬂnia
566 3976 722 4033 hisce
774 3979 1034 4036 dicuntur
1091 4004 1104 4040 :
1166 4006 1185 4039 ι
1220 3984 1611 4046 Verumtamen
1650 4008 1788 4049 vane
1833 4010 1968 4050 con--

394 4067 710 4127 turbantur.
775 4074 1176 4144 Thesaurizat,
1219 4087 1275 4134 et
1331 4081 1546 4152 ignorat
1598 4086 1687 4139 cui
1736 4101 1968 4158 congre—

395 4160 544 4231 gabit
573 4177 636 4216 ea
653 4165 720 4218 ⁷⁸.
762 4184 781 4218 ι
815 4166 952 4231 Quia
994 4169 1160 4239 igitur
1186 4171 1280 4242 qui
1306 4173 1596 4231 thesauros
1629 4177 1848 4232 interra
1879 4193 1966 4233 re-

395 4249 604 4315 condit,
635 4259 689 4306 et
719 4258 982 4324 pecunias
1016 4259 1215 4316 multas
1249 4263 1479 4335 colligit,
1511 4265 1566 4319 in
1597 4282 1800 4322 vanum
1830 4283 1965 4322 cou-

393 4352 611 4412 gregat;
643 4360 819 4414 neque
863 4348 1006 4402 enim
1050 4349 1119 4405 iis
1166 4352 1282 4422 ipse
1312 4369 1540 4424 prorsus
1572 4356 1804 4423 fruetur,
1835 4373 1959 4414 cum

2092 488 2258 558 πάθη.
2291 488 2381 541 Διὸ
2413 486 2681 555 ἐπιλέγει·
2730 504 2749 534 ι
2796 482 3050 554 Ἐκχέατε
3100 480 3329 535 ἐνώπιον
3362 480 3512 533 αὐτοῦ
3540 484 3613 546 τὰς

2090 578 2314 651 καρδίας
2357 577 2530 649 ὑμῶν.
2602 578 2660 629 Ὀ
2703 574 2834 638 Θεὸς
2888 574 3078 646 βοηθὸς
3121 571 3301 644 ἡμῶν.
3334 589 3353 623 ι
3401 572 3638 640 Ἔχοντεςὲ

2088 666 2215 735 γάρ,
2255 666 2406 736 φησὶ,
2438 665 2648 736 βοηθὸν,
2689 664 2849 735 μηδὲν
2891 663 3300 725 ὑποστέλλεσθε,
3340 661 3466 732 μηδέ
3499 680 3544 715 τι
3575 665 3617 715 ἐν

2087 759 2207 820 ταῖς
2234 757 2494 821 διανοίαις
2522 756 2673 826 ὑμῶν
2707 753 3104 826 ὑποκρύπτετε,
3130 753 3552 812 ἀναπετάσαντες
3573 751 3616 803 δὲ

2086 845 2154 899 τά
2176 818 2398 916 ταμιεῖα
2446 818 2781 916 τῆςιψυχῆς,
2823 818 2947 908 τοὺς
2979 843 3037 896 ὲν
3068 844 3206 914 αὑτῇ
3245 818 3630 914 κρυπτομένους(

2086 934 2376 1008 λογισμοὺς
2404 935 2830 1005 ἀνακαλύπτετε,
2860 937 2934 1000 ὡς
2962 932 3028 988 ἃν
3060 934 3204 1006 μόνῳ
3228 930 3419 1002 ἀγαθῷ
3440 931 3524 984 καὶ
3548 929 3616 983 δυο

2087 1031 2230 1102 νατῷ
2254 1031 2322 1085 τὰ
2342 1031 2518 1086 πάντα
2548 1030 2729 1084 ίᾶσθαι
2757 1029 2981 1092 ἑαυτοὺς
3001 1026 3439 1099 ὲμπιστεύοντες.

2159 1165 2178 1196 ‹
2220 1145 2363 1216 Πλὴν
2403 1146 2620 1215 μάταιοι
2649 1145 2697 1197 οἱ
2732 1143 2837 1196 υίοὶ
2869 1141 2975 1196 τῶν
3004 1138 3326 1211 ἀνθρώπων,
3358 1137 3553 1208 ψευδεῖς
3576 1138 3614 1190 oi

2085 1238 2190 1290 υἱοὶ
2228 1237 2335 1290 τῶν
2366 1235 2666 1308 ἀνθρώπων
2702 1237 2760 1288 ὲν
2795 1234 2962 1307 ζυγῷ,
2997 1233 3088 1287 τοῦ
3120 1233 3375 1299 ἀδικῆσαι
3405 1231 3615 1285 aii-.015:

2089 1328 2442 1400 ματαιότητος
2474 1329 2564 1380 ἐπὶ
2606 1327 2667 1380 τὸ
2710 1328 2858 1380 αὑτό.
2895 1346 2911 1378 ι
2957 1327 3068 1379 Καὶ
3101 1327 3158 1378 ἐν
3187 1324 3265 1395 τῷ
3302 1324 3383 1396 λη’
3414 1323 3613 1391 ἐλέγετο·

2089 1437 2106 1468 ι
2140 1419 2283 1489 Πλὴν
2310 1419 2378 1473 τὰ
2407 1418 2691 1488 σύμπαντα
2717 1417 3029 1489 ματαιότης,
3049 1419 3154 1480 πᾶς
3173 1415 3454 1488 ἄνθρωπος
3475 1414 3612 1479 ζῶν.»

2083 1513 2189 1565 Καὶ
2222 1511 2400 1564 πάλιν·
2442 1530 2460 1562 ι
2485 1511 2630 1582 Πλὴν
2662 1511 2835 1582 μάτην
2859 1509 3235 1581 ταράσσονται·
3261 1527 3278 1558 ι
3315 1508 3427 1571 καὶ,
3460 1526 3475 1556 ι
3504 1506 3617 1559 Μέν-

2081 1619 2229 1671 τοιγε
2262 1605 2320 1656 ὲν
2352 1603 2518 1656 εἰκόνι
2546 1602 2921 1674 διαπορεύεται
2953 1600 3255 1673 ἄνθρωπος.
3302 1619 3320 1650 ι
3358 1597 3616 1652 Κάνταῦθα

2086 1691 2388 1764 συμφώνως
2434 1692 2660 1754 ἐκείνοις
2700 1691 2945 1744 λέλεκται
2989 1689 3056 1742 τὰ
3090 1689 3445 1760 προκείμενα·
3477 1688 3534 1740 δι’
3559 1681 3616 1740 ὧν

839 1795 853 1830 ι
898 1779 1054 1847 queis
1102 1779 1395 1834 edocemur
1439 1781 1494 1835 in
1539 1797 1648 1835 uno
1693 1781 1971 1838 Servatore

2082 1783 2444 1854 διδασκόμεθα
2478 1783 2568 1835 ἐπὶ
2599 1784 2756 1854 μόνον
2783 1782 2876 1835 τὸν
2906 1782 3133 1852 Σωτῆρα
3173 1779 3434 1843 ἐλπίζειν,
3460 1780 3616 1833 κάκεῖ-

2085 1893 2172 1929 νον
2207 1876 2398 1946 βοηθὸν
2431 1873 2844 1946 ἐπιγράφεσθαι·
2879 1872 3063 1944 ἐπειδὴ
3099 1872 3298 1933 πάντες
3326 1872 3372 1922 οἱ
3407 1870 3506 1922 υἱοὶ
3534 1869 3616 1921 τῶν

2085 1966 2404 2040 ἀνθρώπων,
2454 1966 2557 2019 κᾶν
2602 1965 2858 2036 ἄρχοντες
2904 1959 3040 2016 εἶναι
3084 1963 3308 2025 δοκοῖεν,
3347 1959 3448 2014 κᾶν
3480 1959 3616 2012 πολλὰ

2081 2060 2367 2130 δυνάμενοι
2400 2057 2542 2112 κατὰ
2565 2057 2656 2111 τὸν
2692 2057 2827 2128 βίον,
2871 2057 3104 2127 μάταιοι·
3138 2054 3171 2126 ἧ
3205 2054 3348 2107 κατά
3381 2054 3467 2106 τὸν
3497 2053 3615 2124 Σύμ-

2087 2167 2276 2222 μαχον,
2316 2170 2333 2200 ι
2364 2149 2553 2220 ἀτμὸς,
2589 2168 2607 2200 ι
2640 2148 2756 2218 μετ’
2779 2148 2956 2215 ὀλίγον
2987 2148 3231 2216 ὲσύμενοι
3263 2165 3282 2195 ι
3318 2145 3448 2198 ὡσεὶ
3468 2143 3614 2215 χνοῦς,

2081 2245 2139 2299 δν
2173 2243 2420 2315 ὲκρίπτει
2462 2241 2660 2311 ἄνεμος
2694 2238 2800 2291 ἀπὸ
2841 2236 3132 2309 προσώπου
3177 2237 3276 2307 τῆς
3309 2237 3430 2306 γῆς.
3465 2255 3480 2285 ι
3525 2236 3614 2289 Ἐν-

2079 2333 2270 2387 τεῦθεν
2298 2335 2328 2387 ὁ
2361 2329 2610 2400 Σολομὼν
2639 2325 2940 2398 ὠφεληθεὶς
2964 2327 3055 2380 τὸν
3088 2326 3320 2397 πατέρα,
3358 2345 3375 2375 ι
3409 2324 3614 2379 Ματαιόε

2080 2443 2180 2496 της
2215 2423 2609 2496 ματαιοτήτων,
2658 2419 2726 2472 τὰ
2773 2419 2948 2472 πάντα
2997 2418 3313 2490 ματαιότης,
3354 2437 3372 2469 ›
3415 2420 3502 2470 καὶ
3537 2418 3612 2470 ὅσα

2077 2517 2299 2569 τοιαῦτα
2331 2515 2555 2586 ἔγραφε.
2588 2513 2818 2575 Ψευδεῖς
2842 2512 2898 2564 δέ
2935 2514 3040 2564 εἱσι
3073 2511 3211 2564 κατά
3233 2511 3326 2564 δύο
3347 2513 3558 2582 τρόπους
3576 2511 3613 2562 ol

2078 2607 2184 2660 υἱοὶ
2212 2607 2318 2661 τῶν
2349 2606 2668 2678 ἀνθρώπων’
2692 2604 2813 2658 καθ’
2839 2604 2934 2657 ἕνα
2963 2604 3059 2674 μὲν
3081 2601 3518 2672 ψευδολογΟὖντες
3540 2603 3612 2655 καὶ

2083 2699 2299 2772 μακρὰν
2341 2701 2441 2771 τῆς
2482 2698 2735 2772 ἀληθείας
2782 2698 3201 2770 ἀπερριμμένοι·
3245 2697 3388 2750 κατὰ
3425 2696 3612 2768 θάτερον

2076 2793 2133 2846 δὲ
2158 2792 2393 2855 ἀπάταις
2419 2793 2513 2845 καὶ
2545 2789 2917 2860 ψευδολογίαις
2943 2788 3251 2852 πλανῶντες
3273 2791 3399 2852 τοὺς
3429 2787 3612 2840 πιστεύ-

2074 2901 2233 2950 οντας
2267 2885 2467 2948 αὐτοῖς.
2500 2884 2592 2938 Διὸ
2617 2884 2676 2936 οὑ
2702 2885 2965 2955 προσήκει
2994 2885 3102 2946 τοῖς
3125 2882 3386 2945 τοιούτοις
3421 2882 3611 2943 ἑαυτοὺς

2075 2977 2357 3032 ἐκδιδόναι·
2399 2976 2687 3047 ψεύδεσθαι
2717 2976 2825 3045 γὰρ
2859 2975 3099 3040 είώθασι,
3142 2975 3235 3028 καὶ
3277 2976 3376 3028 οὐκ
3411 2974 3541 3027 ἔστιν
3565 2975 3611 3027 ἐν

1999 3108 2041 3166 C
2076 3071 2260 3132 αὐτοῖς
2305 3069 2552 3140 ἀλήθεια·
2600 3068 2738 3123 ἀλλά
2781 3069 2874 3121 καὶ
2918 3067 3070 3136 ζυγο¹ι⁹
3113 3067 3212 3138 τῆς
3251 3065 3431 3166 αὑτών
3463 3063 3611 3166 ψυχῆς

2074 3160 2225 3214 οὐδὲν
2253 3161 2459 3215 δίκαιον
2484 3160 2604 3213 οὐδὲ
2636 3160 2922 3232 ἰσόρροπον
2965 3158 3328 3230 περιέχουσιν·
3369 3156 3609 3228 ἑτεροκλι-

2074 3255 2181 3317 νεῖς
2214 3252 2270 3305 δὲ
2288 3252 2460 3316 ὄντες,
2485 3251 2742 3305 τάναντία
2760 3251 2836 3322 τῷ
2856 3250 3045 3321 δικαίῳ
3075 3249 3390 3321 πράττουσι.
3421 3246 3609 3309 Τούτοις

2070 3339 2162 3396 οὖν
2207 3345 2319 3407 τοῖς
2365 3341 2572 3406 ἀδίκοις
2601 3341 2777 3395 αὐτῶν
2805 3341 2987 3411 ζυγοῖς
3014 3341 3111 3413 τὴν
3143 3341 3471 3412 ματαιότητα
3489 3355 3610 3408 περι-

2072 3435 2282 3500 έπουσι,
2311 3435 2412 3506 τὴν
2442 3434 2696 3506 ἀλήθειαν
2733 3436 2824 3487 καὶ
2859 3435 2950 3488 τὸν
2990 3434 3190 3505 ταύτης
3215 3435 3347 3487 Θεὸν
3375 3435 3609 3502 ἀποστρε-

2077 3529 2316 3600 φόμενοι·
2349 3527 2430 3580 διὸ
2457 3527 2518 3580 οὐ
2553 3528 2819 3598 προσήκει
2856 3527 3037 3590 αὐτοῖς
3069 3526 3435 3597 ἐμπιστεύειν·
3474 3525 3605 3596 μόνον

2069 3619 2125 3672 δὲ
2155 3620 2246 3674 τὸν
2273 3618 2529 3690 λεχθέντα
2559 3619 2787 3690 Σωτῆρα
2821 3618 3010 3690 βοηθὸν
3042 3619 3455 3690 ἐπιγράφεσθαι.

2145 3751 2162 3783 ι
2194 3731 2285 3803 Μὴ
2328 3729 2576 3795 ἐλπίζετε
2623 3733 2714 3784 ἐπὶ
2753 3731 2986 3796 ἀδικίαν,
3027 3733 3119 3785 καὶ
3146 3731 3240 3784 ἐπὶ
3269 3732 3523 3804 ἅρπαγμα
3545 3727 3605 3802 μὴ

2069 3823 2409 3876 ἐπιποθεῖτε·
2450 3820 2679 3885 πλοῦτος
2709 3821 2803 3874 ἐὰν
2837 3821 2955 3893 ρέῃ,
2999 3822 3073 3893 μὴ
3110 3821 3460 3890 προστίθεσθε
3495 3836 3605 3890 acap-

2068 3913 2176 3983 δίᾳ.
2223 3934 2240 3966 ι
2296 3915 2406 3968 Καὶ
2451 3916 2507 3969 ὲν
2557 3913 2634 3986 τῷ
2681 3913 2763 3985 λη’
2815 3913 3086 3982 συγγενῶς
3132 3913 3341 3978 τούτοις
3394 3914 3601 3980 ἐλέγετο·

2074 4022 2092 4054 ι
2130 4003 2275 4075 Πλὴν
2311 4005 2486 4076 μάτην
2517 4004 2898 4077 ταράσσονται.
2938 4003 3289 4076 Θησαυρίζει,
3333 4005 3422 4059 καὶ
3451 4005 3506 4057 οὐ
3530 4020 3602 4072 γι-

2066 4096 2264 4150 νώσκει
2289 4097 2394 4150 τίνι
2425 4096 2638 4161 συνάξει
2671 4095 2827 4150 αὑτά.
2860 4117 2877 4148 ι
2925 4096 3076 4150 Ἐπεὶ
3108 4097 3288 4151 τοίνυν
3317 4102 3345 4152 ὁ
3372 4095 3601 4168 θησαυρίο

2067 4187 2296 4252 ζωνίὲπὶ
2337 4188 2435 4258 τῆς
2471 4188 2596 4258 γῆς,
2637 4189 2730 4242 καὶ
2763 4189 2931 4242 πολλά
2961 4189 3216 4260 χρήματα
3249 4191 3500 4258 συνάγων,
3537 4189 3602 4253 είς

2070 4279 2296 4351 μάταιον
2330 4280 2569 4348 συνάγει·
2605 4279 2726 4333 οὔτε
2757 4280 2864 4353 γάρ
2905 4280 2962 4348 ἐξ
3001 4281 3236 4346 ἅπαντος
3273 4282 3428 4346 αὐτὸς
3450 4281 3600 4335 αὐτῶν

2065 4370 2383 4436 ἀπολαύσει,
2418 4372 2670 4445 πταρμοῦ
2708 4373 2892 4443 τάχιον
2921 4374 3014 4427 τοῦ
3059 4374 3173 4445 βίου
3221 4375 3599 4446 μεθιστάμενος,

393 4438 830 4493 sternutamento
882 4439 1053 4496 citius
1099 4457 1165 4496 ex
1214 4441 1317 4498 hac
1365 4445 1473 4500 vita
1508 4447 1836 4505 auferendus
1864 4453 1958 4514 sit,

2075 4461 2188 4516 οὔτε
2221 4465 2400 4518 ὁποῖον
2434 4438 2544 4530 ἕξει
2571 4438 2816 4537 διάδοχον
2847 4438 3088 4538 ἀκριὸὦς
3121 4438 3423 4522 πέπεισται·
3446 4438 3502 4519 ’τί
3526 4465 3600 4518 καὶ

391 4539 571 4593 neque
601 4527 772 4595 probe
801 4531 1054 4602 sciat'qui
1088 4534 1190 4605 ipsi
1236 4535 1409 4592 haeres
1438 4537 1655 4594 futurus
1683 4540 1753 4594 sit
1780 4559 1794 4596 :
1827 4542 1959 4612 quid

386 4628 529 4670 vane
561 4621 923 4678 conturbatur
957 4625 981 4678 ?
1011 4625 1163 4680 Mulli
1187 4626 1391 4698 itaque,
1416 4631 1530 4685 sive
1554 4635 1956 4702 propemodum

387 4721 602 4774 omnes,
633 4726 755 4768 sese
782 4714 1136 4788 deceperunt,
1177 4735 1300 4775 cum
1336 4723 1464 4778 ﬁliis
1516 4731 1570 4778 et
1613 4725 1958 4784 charioribus

389 4799 584 4854 amicis
617 4818 676 4857 se
707 4803 929 4863 divitias
977 4811 1270 4868 relicturos
1310 4823 1631 4884 sperarent;
1669 4817 1765 4872 sed
1809 4818 1957 4888 quod

387 4886 637 4980 futurum
667 4903 814 4949 esset
841 4896 1188 4971 ignorabant,
1219 4904 1656 4978 aberrabantque
1687 4924 1717 4962 a
1766 4886 1954 4980 scopo.

385 4975 425 5031 li
450 4981 695 5048 profecto
715 5001 856 5042 vane
888 4991 1181 5048 turbantur
1203 4994 1334 5050 dum
1369 4975 1658 5054 thesauros
1688 4975 1956 5066 condunt,

2067 4551 2376 4624 θορυϐεῖται
2402 4555 2576 4625 μάτην
2597 4571 2610 4620 ;
2638 4554 2826 4608 Πολλοὶ
2851 4556 2978 4625 γοῦν
2999 4556 3031 4627 ἦ
3049 4559 3141 4611 καὶ
3161 4559 3345 4629 σχεδὸν
3364 4561 3410 4612 οἱ
3431 4558 3599 4616 πάντες

2067 4649 2208 4714 σφᾶς
2240 4647 2438 4711 αὐτοὺς
2466 4649 2776 4719 ⁴ἡπάτησαν,
2811 4652 2944 4714 υἱοῖς
2988 4651 3084 4721 μὲν
3116 4652 3209 4705 καὶ
3241 4653 3500 4722 φιλτάτοις
3524 4650 3600 4702 τὸν

2063 4736 2240 4789 αὐτῶν
2288 4736 2516 4790 πλοῦτον
2558 4740 2871 4794 καταλιπεῖν
2915 4743 3394 4815 προσδοκήσαντες,
3423 4745 3594 4813 ἀγνοή-

2065 4845 2258 4892 σαντες
2299 4829 2356 4882 se
2392 4831 2467 4885 τὸ,
2492 4831 2680 4902 μέλλον
2713 4835 2806 4887 καὶ
2853 4831 3248 4906 ἀστοχήσαντες
3281 4839 3370 4891 τοῦ
3399 4834 3591 4890 σκοποῦ.

2061 4921 2254 4992 Μάτην
2293 4917 2386 4975 οὗν
2419 4923 2774 4994 ταράττονται
2813 4926 3026 4998 ἀληθῶς
3057 4927 3480 5001 θησαυρίζοντες,
3517 4928 3593 4980 καὶ

2057 5012 2118 5065 οὺ
2151 5011 2506 5080 γινώσκοντες
2543 5016 2625 5079 τίς
2667 5017 2882 5083 συνάξει
2923 5019 3079 5073 αὒτά.
3125 5021 3214 5073 Διὸ
3254 5023 3500 5092 προσήκει
3532 5018 3590 5088 μὴ

383 5071 704 5143 ignorantes
750 5082 877 5151 quis
913 5089 1268 5159 congregabit
1313 5105 1432 5148 eos.
1475 5091 1656 5158 Quare
1700 5098 1959 5152 convenit

2075 5071 2297 5167 ιλπίζειν
2335 5106 2427 5159 ἐπὶ
2461 5071 2672 5162 ἀδικίαν
2717 5071 2906 5163 καὶστά
2932 5071 3236 5177 asangm;
3270 5071 3588 5184 ποριέῳεναί

383 5180 492 5219 non
526 5181 750 5237 sperare
792 5174 850 5226 in
894 5175 1260 5246 iniquitatem,
1311 5188 1366 5236 et
1413 5183 1470 5237 in
1521 5199 1611 5240 res
1665 5185 1957 5255 iniquitate

383 5264 604 5326 partas;
637 5277 816 5332 neque
863 5267 910 5320 si
964 5269 1169 5326 divitia
1213 5270 1454 5329 ﬂuminis
1501 5275 1680 5331 instar
1709 5278 1952 5345 aﬂluant,

381 5346 504 5401 ideo
525 5351 685 5420 erigi.
717 5352 874 5419 Quod
909 5359 953 5414 si
987 5363 1206 5430 quando
1235 5364 1303 5420 de
1333 5365 1540 5423 divitiis
1571 5369 1769 5423 bonam
1802 5387 1951 5441 spem

2061 5191 2196 5263 μηδὲ
2223 5191 2447 5258 πλοῦτος
2475 5195 2568 5248 ἐὰν
2598 5197 2693 5268 ῥέῃ
2722 5201 3030 5272 ποταμηοδθ
3061 5201 3371 5272 φερόμενος,
3393 5200 3585 5268 ἐπαίρε-

2058 5285 2198 5338 σθαι.
2234 5285 2297 5337 Εί
2322 5285 2377 5338 δὲ
2409 5288 2797 5358 προσήκεικαὶ
2835 5291 2922 5344 διὰ
2968 5294 3196 5356 πλούτου
3243 5295 3368 5346 ποτὲ
3406 5291 3588 5359 ἀγαθήν

2055 5393 2177 5430 τινα
2216 5375 2530 5448 πορίζεσθαι
2575 5377 2782 5442 ἐλπίδα,
2827 5381 3017 5454 δικαίῳ
3044 5384 3372 5456 χρησάμενοι
3399 5381 3586 5449 πλούτῳ

385 5453 603 5495 sumere
625 5457 655 5497 e
690 5459 750 5500 re
785 5446 970 5514 fuerit,
1024 5453 1092 5508 de
1141 5456 1371 5520 divitiis,
1419 5460 1666 5530 inquam,
1699 5478 1764 5517 ex
1794 5479 1951 5534 mque

2075 5467 2129 5538 ςῷ
2151 5469 2216 5520 ἐκ
2243 5446 2376 5521 Θεοῦ
2416 5469 2670 5534 πολλάκις
2700 5446 3200 5546 παρεχομένωῖκαὶ
3227 5446 3400 5543 ζυγοῖς
3430 5446 3583 5543 ὀρθοῖίε

379 5539 435 5587 et
464 5532 608 5586 bono
653 5538 824 5603 partis
855 5556 885 5594 a
918 5541 1136 5615 Deoque
1165 5550 1448 5618 praebitis;
1504 5553 1594 5621 iis,
1643 5554 1814 5611 heus!
1850 5532 1946 5613 vos

449 5697 496 5729 '°
537 5697 680 5754 Psal.
719 5715 947 5764 xxxviii,
980 5703 1031 5756 6.
1114 5705 1154 5736 "
1199 5705 1328 5761 ibid.
1369 5707 1449 5762 12.
1529 5711 1571 5741 ⁷³
1617 5710 1744 5766 ibid.
1784 5711 1835 5768 7.

2054 5557 2147 5611 καὶ
2181 5558 2524 5623 ίσοστασίοις,
2545 5559 2767 5626 δεξιαῖς,
2792 5555 2836 5614 ὦ
2857 5557 3021 5629 οὗτοι,
3057 5567 3327 5636 χρήσασθε
3360 5563 3582 5634 πράξεσιι

1913 5713 1956 5745 ⁷³
1996 5711 2140 5771 Psal.
2177 5728 2224 5780 ι,
2262 5712 2314 5769 ι.
2393 5713 2439 5747 ⁷⁸
2481 5711 2657 5771 Eccle.
2695 5730 2744 5782 ι,
2788 5714 2844 5772 2.
2924 5718 2968 5750 ⁷⁸
3013 5718 3153 5773 Psal.
3192 5731 3414 5784 um",
3445 5715 3490 5769 7.
