3808 6280
210 291 303 345 597

1315 285 1813 341 COMMENTARIA
1855 285 1919 339 IN
1957 285 2296 343 μετεωρο.

3333 287 3438 347 598

208 401 610 475 θησαυρίζοντες
656 403 865 465 ἑαυτοῖς
915 400 1221 473 θησαυροὺς
1268 402 1325 453 tv
1364 401 1631 472 οὐρανοῖς,
1675 417 1741 454 κα

1869 415 1992 455 cum
2012 398 2160 471 justa
2188 407 2395 455 statera
2433 406 2489 454 et
2514 397 2730 456 bilanee
2764 399 2832 456 ad
2861 400 3007 456 bona
3040 416 3215 473 opera-
3249 405 3436 459 utimi-

210 497 505 568 σπείροντες
526 497 583 547 ὲν
603 494 872 563 εὐλογίαις
893 494 1033 548 κατά
1055 494 1112 546 τὸ
1132 492 1470 564 λελεγμένων
1493 510 1511 543 ι
1548 492 1763 563 Ἐσκόρ-

205 604 369 650 πισεν,
408 586 573 640 ἔδωκε
611 590 720 650 τοῖς
755 587 970 657 πένησι,
1005 589 1038 658 ἡ
1070 586 1388 655 δικαιοσύνη
1416 584 1580 637 αὑτοῦ
1614 584 1760 654 μένει

202 685 275 747 είς
299 682 385 734 τὸν
412 680 604 734 αίώνα.
639 699 657 731 ι
692 682 835 753 Αὕτη
867 680 974 752 γὰρ
1012 680 1146 751 μόνη
1173 679 1327 741 ἐλπὶς
1363 677 1558 749 ἀγαθή·
1588 676 1762 739 ἄλλως

202 778 251 831 δὲ
285 777 545 848 προσήκει
578 775 652 846 μὴ
683 774 919 839 ἐλπίζειν
954 774 1044 827 ἐπὶ
1077 774 1309 836 ἀδικίαν,
1344 772 1478 843 μηδὲ
1522 771 1613 824 ἐπὶ
1651 772 1761 834 τοῖς

204 869 256 935 ἐξ
291 868 541 940 ἁρπαγῆς
588 867 682 920 καὶ
727 866 1037 933 πλεονεξίας
1091 864 1475 934 συναγομένοις
1516 862 1759 933 χρήμασι

205 962 331 1033 μέγα
351 962 585 1030 φρονεῖν·
615 958 749 1012 ἀλλά
776 959 870 1012 καὶ
892 960 938 1011 εί
965 958 1200 1029 συμϐαίη
1238 956 1367 1009 ποτὲ
1397 957 1602 1026 εύροείν
1630 956 1760 1025 ἡμῖν

200 1055 259 1106 τά
291 1053 606 1122 πράγματα,
656 1053 748 1105 καὶ
791 1047 1083 1113 ἀκωλύτως
1126 1048 1382 1121 φέρεσθαι
1426 1047 1759 1117 πανταχόθεν

199 1144 279 1197 τὸν
314 1143 541 1197 πλοῦτον
576 1143 819 1214 ποταμοῦ
855 1144 1011 1214 δίκην
1043 1143 1254 1213 ῥέοντα,
1287 1144 1379 1196 καὶ
1417 1142 1540 1195 ὅθεν
1569 1142 1667 1197 οὐκ
1694 1142 1759 1197 ἄν

200 1254 271 1299 τις
301 1236 597 1307 ἀδικήσειε,
620 1238 756 1308 φορᾷ
778 1254 880 1289 τινι
906 1235 1150 1307 ἀδοκήτῳ
1172 1238 1492 1307 φερόμενον,
1522 1237 1596 1308 μὴ
1625 1236 1759 1290 πάν-

197 1347 291 1391 τως
314 1330 374 1381 ἐκ
393 1326 528 1381 Θεοῦ
548 1328 707 1381 τοῦτο
727 1328 971 1396 γίνεσθαι
992 1330 1084 1382 καὶ
1102 1327 1308 1398 νόμιζε,
1332 1328 1465 1400 μηδὲ
1489 1328 1755 1401 μακάριζε

200 1422 401 1476 σεαυτὸν
432 1422 795 1493 ἀπατώμενος
839 1425 903 1493 τῇ
937 1421 1145 1493 διανοίᾳ
1184 1423 1278 1475 καὶ
1332 1420 1756 1493 προστιθέμενος

196 1516 448 1587 ὠςάγαθῷ
463 1516 542 1587 τῷ
574 1517 1060 1586 πλούτῳ.Γίνωσκε
1090 1517 1165 1581 δὲ,
1197 1518 1277 1569 ὅτι
1296 1516 1527 1587 ῥευστῆς
1553 1515 1628 1568 ὣν
1657 1514 1758 1585 φύ-

197 1628 334 1674 σεως,
352 1610 536 1681 ὥσπερ
560 1611 700 1681 ῥέων
730 1609 971 1680 φέρεται,
991 1609 1129 1663 οὕτω
1144 1611 1235 1663 καὶ
1252 1610 1501 1681 ἀπορρεῖ·
1528 1608 1678 1661 οὐδὲν
1699 1607 1754 1660 δὲ

195 1700 387 1769 βέϐαιον
412 1700 531 1752 οὐδὲ
570 1701 797 1771 στερρὸν
838 1700 931 1752 καί
958 1698 1199 1767 ἀσφαλὲς
1229 1697 1581 1770 κεκτημένος.
1611 1698 1754 1751 Θαυ-

1866 494 1944 555 ni.
1974 493 2412 549 thesaurizantes
2439 492 2596 548 vobis
2629 492 2921 549 thesauros
2957 494 3012 553 in
3045 494 3225 557 caelis,
3267 503 3321 549 et
3349 511 3437 549 se-

1865 587 2136 643 minantes
2171 588 2224 641 in
2259 585 2756 651 benedictionibus,
2796 597 2855 640 ut
2889 587 3095 643 dictum
3119 595 3213 644 est‘
3242 607 3264 641 τ
3288 606 3308 637 ‹
3341 586 3435 639 Di-

1864 682 2085 751 spersit,
2120 681 2269 737 dedit
2304 680 2661 751 pauperibus,
2712 679 2927 749 justitia
2974 681 3096 751 ejus
3141 689 3329 737 manet
3379 680 3436 734 in

1864 774 2123 829 saeculum
2149 773 2214 827 ".
2258 794 2276 827 ι
2312 772 2440 828 Haec
2487 773 2603 828 sola
2652 772 2794 828 bona
2826 789 2951 843 spes
2983 782 3103 840 est;
3134 774 3272 829 alias
3306 786 3437 829 vero

1862 884 1971 921 non
2006 868 2264 923 convenit
2286 883 2506 938 sperare
2531 868 2585 921 in
2617 866 2923 937 iniquitate,
2969 881 3143 935 neque
3174 867 3241 921 de
3291 864 3435 919 divi-

1861 960 1952 1014 tiis
2000 975 2067 1014 ex
2100 961 2290 1029 rapina
2327 966 2381 1013 et
2411 959 2640 1014 avaritia
2690 957 2938 1013 collectis
2974 957 3144 1011 altum
3196 969 3429 1028 sapere;

1862 1052 1971 1107 imo
1998 1051 2043 1107 si
2080 1052 2299 1123 quando
2341 1051 2633 1123 contigerit
2666 1065 2755 1106 res
2799 1058 3018 1107 nostras
3049 1064 3311 1120 prospere
3340 1064 3431 1105 ce-

1858 1144 2009 1208 dere,
2041 1158 2107 1200 ac
2138 1143 2360 1199 divitias
2404 1142 2645 1199 ﬂuminis
2693 1143 2870 1197 instar
2915 1141 3263 1205 accedentes.
3312 1141 3431 1197 sine

1860 1235 2027 1291 ullius
2057 1234 2279 1305 injuria,
2305 1234 2684 1305 inexspectato
2713 1232 2948 1304 quodam
2976 1233 3124 1286 ilnxu
3157 1232 3222 1286 ad
3260 1240 3313 1287 te
3333 1232 3431 1287 de-

1859 1328 2026 1396 ferri;
2061 1344 2129 1383 ne
2174 1344 2241 1384 ex
2288 1326 2399 1382 Deo
2442 1326 2496 1381 id
2538 1326 3189 1397 provenire-putaveris;
3250 1340 3429 1395 neque

1858 1420 1999 1489 ideo,
2036 1422 2366 1493 cogitatione
2406 1421 2690 1491 deceptus,
2735 1420 3235 1491 divitiisque,quasi
3269 1420 3429 1477 bonis

1854 1516 2088 1581 hazrens,
2139 1524 2194 1571 te
2244 1516 2464 1570 beatum
2516 1514 2921 1586 praedicaveris.
2972 1513 3231 1585 Scitoque
3280 1514 3424 1575 illas.

1855 1609 2035 1665 ﬂuidae
2082 1617 2291 1665 naturae
2338 1624 2462 1664 cum
2512 1608 2647 1671 sint,
2702 1618 2762 1663 nt
2797 1607 2945 1662 ﬂuxu
2993 1607 3267 1669 feruntur.
3307 1608 3426 1677 pari

1854 1703 2017 1758 modo
2062 1702 2320 1766 deﬂuere,
2368 1712 2529 1773 teque
2576 1701 2707 1755 nihil
2747 1700 2982 1767 firmum,
3028 1702 3245 1762 stabile,
3294 1701 3427 1755 soli-

196 1792 393 1863 μαστῶς
423 1792 480 1845 δὲ
511 1792 592 1863 τῷ
617 1792 718 1861 τῆς
742 1793 870 1864 ῥοῆς
903 1793 1127 1862 ὀνόματι
1153 1792 1441 1861 κέχρηται,
1476 1811 1493 1843 ι
1521 1791 1741 1855 Πλοῦτος

1855 1794 2053 1848 dumve
2094 1794 2392 1866 possidere.
2440 1793 2636 1848 Mirum
2682 1801 2862 1849 autem
2906 1795 2961 1847 in
2993 1794 3212 1847 modum
3246 1792 3452 1849 ﬂuxus.

193 1884 273 1937 ὲάν
305 1884 420 1956 ῥέῃ,
445 1903 463 1935 t
500 1885 704 1954 φήσας·
730 1884 868 1937 κατά
896 1884 952 1937 δὲ
985 1884 1075 1936 τὸν
1110 1883 1425 1954 Σύμμαχον·
1446 1901 1464 1933 ι
1497 1882 1751 1949 Πλοῦτος,

194 1978 357 2047 φησὶν,
406 1976 501 2029 ὲάν
545 1979 895 2048 καρποφορῇ,
942 1976 1014 2046 μὴ
1047 1976 1275 2028 τάσσετε
1308 1976 1406 2045 τὴν
1444 1974 1687 2048 καρδίαν.
1727 1996 1746 2027 ι

202 2070 323 2121 Ἀλλ’
350 2070 437 2121 ἐπὶ
465 2070 591 2122 τίνα
608 2070 685 2122 δεῖ
706 2070 924 2123 τάσσειν
950 2067 1048 2139 τὴν
1077 2068 1304 2138 καρδίαν
1333 2067 1427 2120 καὶ
1450 2068 1557 2120 τίνι
1580 2083 1751 2138 προσ-

192 2161 430 2224 τέθεσθαι,
478 2161 699 2234 εἴρηται
745 2161 1004 2224 πολλάκις
1049 2164 1104 2214 ὲν
1151 2160 1248 2231 τῷ,
1289 2179 1306 2210 ι
1343 2160 1475 2229 Ούχὶ
1527 2159 1605 2230 τῷ
1633 2156 1751 2229 Θεῷ

192 2253 580 2323 ὑποταγήσεται
610 2254 642 2323 ἡ
670 2252 813 2322 ψυχή
851 2268 984 2322 μου;
1025 2271 1041 2301 ι
1080 2252 1172 2303 καὶ
1213 2249 1373 2302 πάλιν
1399 2267 1411 2280 ·
1455 2268 1471 2299 ι
1504 2249 1649 2320 Πλὴν
1672 2248 1751 2320 τῷ

191 2344 293 2415 Θεῷ
320 2344 621 2415 ὑποτάγηθι
650 2346 681 2415 ἡ
703 2344 844 2415 ψυχή
878 2361 978 2413 μου
1009 2361 1022 2371 ·
1049 2341 1210 2405 αὐτὸς
1231 2341 1339 2412 γὰρ
1367 2340 1501 2403 Θεός
1526 2358 1626 2411 μου
1656 2340 1750 2393 καλ⁵

191 2430 359 2502 Σωτήρ
385 2449 484 2501 μου
521 2432 622 2483 καὶ
653 2432 997 2503 ἀντιλήπτωρ
1029 2447 1152 2501 μου·
1197 2451 1214 2483 ι
1251 2430 1365 2492 καὶ,
1400 2450 1417 2479 ι
1465 2429 1747 2483 Ἐλπίσατε

190 2522 266 2572 ἐπ’
296 2523 468 2585 αὐτὸν,
501 2526 657 2576 πᾶσα
700 2523 990 2594 συναγωγὴ
1027 2522 1176 2575 λαοῦ.
1214 2542 1230 2572 ι
1270 2521 1497 2587 υύκοῦν,
1533 2522 1747 2592 ἔχοντες

190 2611 266 2663 τὸν
295 2612 457 2681 μέγαν
490 2612 727 2665 πλοῦτον
771 2614 865 2666 καὶ
908 2613 1001 2667 τὸν
1045 2612 1296 2683 ἀληθινὸν
1337 2612 1626 2685 θησαυρὸν,
1671 2614 1746 2685 μὴ

189 2702 467 2772 ἐλπίσωμεν
513 2704 613 2757 ἐπὶ
656 2704 731 2775 τῷ
772 2704 985 2775 ματαίῳ
1050 2705 1145 2759 καὶ
1190 2705 1399 2777 ρευστῷ
1450 2706 1543 2760 καὶ
1578 2705 1747 2777 ἀδίκῳ

190 2788 398 2861 πλούτῳ·
432 2791 658 2861 μάταιοι
689 2792 797 2864 γὰρ
818 2792 1032 2864 ἀληθῶς
1062 2794 1262 2858 πάντες
1290 2796 1341 2849 oi.
1370 2796 1477 2848 uici.
1508 2794 1616 2849 τῶν
1648 2797 1743 2849 ἀν-

190 2882 397 2957 θρώπων
421 2888 471 2940 οἱ
497 2889 597 2941 ἐπὶ
617 2888 789 2959 τούτῳ
817 2888 1154 2954 πεποιθότες.

251 3086 268 3120 ι
298 3070 468 3137 Ἀπαξ
500 3070 765 3142 ἐλάλησεν
802 3073 830 3125 6
868 3073 1021 3137 Θεὸς,
1059 3072 1153 3127 δύο
1184 3073 1358 3128 ταῦτα
1391 3076 1620 3147 ἤκουσα·
1657 3077 1741 3130 ὃτι

185 3162 236 3213 τὸ
265 3164 450 3233 κράτος
482 3162 582 3216 τοῦ
617 3163 772 3229 Θεοῦ,
808 3166 901 3218 καὶ
932 3166 1036 3223 σοὶ,
1068 3166 1263 3239 Κύριε,
1288 3167 1348 3220 τὸ
1372 3166 1537 3230 ἕλεος·
1566 3169 1647 3222 ὅτι
1675 3171 1740 3224 σὺ

186 3252 460 3320 ἀποδώσεις
503 3256 721 3324 ἑκάστῳ
756 3256 898 3310 κατὰ
935 3257 1003 3309 τὰ
1042 3256 1179 3329 ἔργα
1210 3258 1391 3313 αὐτοῦ.
1434 3279 1453 3312 ι
1490 3260 1741 3315 Τοσαῦτα

186 3348 565 3418 προπαιδεύσας
604 3353 630 3402 6
664 3350 841 3418 λόγος,
881 3351 1188 3415 ἀκολούθως
1230 3352 1327 3423 τῆς
1370 3352 1464 3407 τοῦ
1497 3353 1631 3407 Θεοῦ
1663 3355 1739 3409 δι-

184 3441 497 3512 καιοκρισίας
519 3443 951 3513 ὑπομιμνήσκει·
980 3443 1054 3507 ὡς
1083 3444 1169 3510 ἂν,
1192 3445 1393 3518 ταύτην
1416 3448 1520 3518 πρὸ
1541 3448 1737 3518 ὀφθαλ-

184 3531 284 3601 μῶν
311 3533 541 3602 θέμενοι,
581 3538 715 3607 μήτε
753 3540 818 3608 τῇ
856 3540 1040 3611 ἀδικίᾳ
1074 3541 1210 3611 μήτε
1243 3544 1354 3605 τοῖς
1388 3542 1745 3614 ἀρπάγμασι,

184 3627 303 3696 μήτε
328 3628 401 3700 τῷ
438 3632 761 3703 προσκαίρῳ
788 3632 880 3685 καὶ
910 3632 1095 3703 τυφλῷ
1127 3634 1340 3704 πλούτῳ
1363 3636 1587 3700 ἑαυτοὺς
1620 3637 1738 3691 ὲπι-

179 3718 401 3791 δίδωμεν.
433 3724 505 3777 Ού
530 3724 644 3795 γὰρ
666 3724 812 3789 ἅπαξ
840 3725 996 3797 μόνον
1033 3728 1153 3801 περὶ
1174 3729 1271 3799 τῆς
1292 3730 1523 3800 κρίσεως
1555 3731 1583 3782 6
1606 3729 1735 3794 Θεὸς

180 3808 500 3880 διεστείλατο,
543 3816 683 3869 ἀλλὰ
724 3818 817 3870 καὶ
854 3818 1123 3893 δεύτερον.
1168 3822 1275 3873 Καὶ
1317 3821 1509 3884 ταῦτα,
1549 3823 1741 3892 φησὶν,

179 3902 319 3967 αὐτὸς
344 3905 449 3974 ἐγὼ
482 3908 693 3978 ἥκουσα
723 3909 985 3980 ἀκριεῶς,
1014 3912 1105 3964 τὸν
1141 3911 1262 3965 νοῦν
1297 3914 1593 3984 ἐπιστήσας
1621 3915 1735 3977 τοῖς

177 3994 280 4048 δυσὶ
311 3998 513 4063 τούτοις
551 4002 1026 4073 παραγγέλμασιν,
1065 4004 1243 4071 Ἃπαξ
1280 4004 1385 4078 γὰρ
1420 4005 1678 4077 ἐλάλησεν
1705 4008 1734 4059 6

177 4084 307 4150 Θεὸς,
342 4088 451 4141 ἀλλ’
490 4090 604 4159 ἐγὼ
633 4092 725 4143 δύο
763 4092 932 4146 ταῦτα
975 4095 1199 4164 ἥκουσα·
1230 4096 1454 4169 ὲλάλησε
1494 4096 1601 4169 γὰρ
1633 4099 1727 4152 καὶ

174 4176 246 4229 διὰ
272 4181 582 4251 προφητῶν,
629 4184 854 4255 ὲλάλησε
897 4185 991 4237 καὶ
1033 4185 1119 4238 διὰ
1150 4188 1478 4242 ἀποστόλων·
1512 4189 1607 4242 καὶ
1638 4189 1733 4243 τὸν-

174 4268 256 4321 ἓνα
280 4269 432 4339 λόγον
462 4275 555 4326 τὸν
591 4273 739 4340 ἅπαξ
775 4276 878 4329 ὑπὸ
911 4277 1004 4331 τοῦ
1034 4278 1168 4332 Θεοῦ
1200 4280 1484 4352 ὁρισθέντα
1515 4282 1606 4334 καὶ
1641 4281 1729 4336 διὰ

178 4360 389 4427 παλαιᾶς
418 4366 692 4438 Διαθήκης
726 4369 818 4421 καὶ
845 4369 934 4422 διὰ
953 4372 1051 4440 τῆς
1076 4374 1266 4443 καινῆς
1297 4374 1524 4444 ἤκουσα.
1552 4374 1643 4439 Τίς
1670 4374 1729 4427 δὲ

1855 1883 2074 1939 nomine
2105 1891 2191 1939 est
2227 1899 2362 1939 usus
2403 1903 2416 1939 :
2455 1902 2473 1936 ι
2517 1883 2727 1937 Divitiae
2777 1884 2823 1938 si
2854 1884 3101 1944 afﬂuant,
3154 1904 3171 1935 ι
3211 1883 3422 1952 inquit;

1852 1977 1958 2040 vel,
1993 1976 2293 2032 secundum
2330 1975 2742 2049 Symmachum,
2780 1994 2797 2027 ι
2841 1976 3065 2030 Divitiae
3089 1975 3135 2029 si
3182 1974 3422 2029 fructum

1851 2070 2086 2142 pariant,
2130 2070 2345 2145 inquit,
2382 2086 2452 2125 ne
2491 2069 2745 2140 apponite
2786 2084 2901 2122 cor.
2930 2089 2947 2121 ›
3000 2068 3229 2123 Cuinam
3293 2082 3423 2123 vero

1851 2177 1946 2217 cor
1995 2162 2250 2216 ordinare
2309 2171 2362 2215 et
2417 2176 2691 2232 apponere
2741 2176 2877 2231 opus
2939 2162 3043 2221 sit,
3102 2160 3423 2229 plerumque

1850 2254 2055 2308 dictum
2101 2262 2184 2309 est
2220 2253 2273 2307 in
2305 2253 2419 2317 illo,
2454 2274 2471 2304 ι
2496 2253 2685 2309 Nonne
2702 2253 2812 2308 Deo
2836 2253 3082 2322 subjecta
3107 2252 3209 2306 erit
3240 2251 3421 2305 anima

1850 2344 2011 2397 mea?
2050 2362 2068 2394 ι
2102 2358 2164 2397 ac
2211 2358 2429 2398 rursum
2470 2361 2481 2396 :
2536 2361 2554 2393 ι
2598 2341 2984 2398 Verumtamen
3032 2340 3142 2395 Deo
3174 2341 3419 2408 subjecta

1848 2443 1988 2501 esto,
2019 2435 2198 2489 anima
2234 2451 2353 2489 mea
2388 2454 2400 2489 :
2429 2436 2544 2506 ipse
2571 2435 2715 2490 enim
2737 2434 2880 2489 Deus
2904 2450 3056 2499 meus
3077 2444 3129 2488 et
3169 2433 3422 2487 Salvator

1848 2541 2003 2581 meus
2052 2534 2106 2581 et
2149 2534 2436 2596 susceptor
2481 2542 2671 2594 meus,
2733 2548 2752 2580 ι
2795 2533 2871 2590 et,
2932 2545 2949 2577 ι
3008 2524 3237 2597 Sperate
3267 2526 3321 2578 in
3355 2540 3421 2579 eo

1846 2620 2026 2673 omnis
2069 2620 2423 2691 congregatio
2469 2620 2676 2691 populi.
2736 2639 2754 2671 ι
2795 2618 2932 2675 Cum
2978 2619 3160 2688 itaque
3192 2633 3417 2689 magnas

1845 2712 2064 2767 divitias
2092 2715 2390 2784 verumque
2420 2713 2738 2767 thesaurum
2763 2712 3126 2775 obtineamus,
3164 2727 3232 2765 ne
3265 2726 3415 2780 spem

1847 2819 2116 2876 ponamus
2148 2805 2206 2859 in
2253 2806 2432 2869 vanis,
2477 2803 2639 2859 ﬂuxis
2688 2814 2741 2860 et
2786 2804 2990 2873 iniquis
3024 2802 3249 2856 divitiis.
3281 2798 3416 2854 Nam

1847 2897 1971 2952 vani
2003 2912 2131 2952 vere
2156 2904 2287 2953 sunt
2309 2912 2502 2951 omnes
2535 2895 2632 2950 ﬁlii
2664 2894 2968 2959 hominum,
2988 2894 3081 2963 qui
3111 2892 3418 2948 hisee-con.

1845 2988 2082 3135 magis.
2117 3078 2327 3145 12,15.
2382 3096 2400 3129 ι
2461 3076 2640 3133 Semel
2691 3078 2911 3133 locutus
2960 3087 3045 3133 est
3092 3074 3257 3139 Deus,
3304 3075 3434 3129 dno-

1769 3139 1811 3197 c
1843 3172 1959 3227 haec
1989 3139 2203 3234 audivi,
2228 3171 2355 3242 quia
2386 3177 2631 3241 potestas
2660 3168 2755 3225 Dei
2790 3176 2895 3234 est,
2930 3176 2985 3224 et
3018 3168 3136 3232 tibi,
3163 3166 3429 3231 Domine,»

1840 3264 2217 3321 misericordia
2276 3284 2288 3318 :
2351 3264 2480 3334 quia
2544 3272 2601 3319 tu
2655 3262 2852 3317 reddes
2910 3263 3206 3331 unicuique
3254 3260 3421 3329 juxta

1838 3371 2003 3426 opera
2034 3370 2155 3411 sua.
2200 3374 2219 3407 ι
2266 3353 2403 3408 Cum
2451 3360 2604 3408 tanta
2638 3352 2707 3407 ad
2737 3363 2979 3408 nostram
3013 3352 3409 3407 institutionem

1840 3447 2123 3519 pmmissa
2153 3446 2411 3511 fuissent,
2441 3453 2844 3516 consequenter
2863 3445 2930 3500 de
2959 3445 3111 3515 justo
3146 3444 3241 3500 Dei
3272 3442 3410 3514 judi-

1836 3540 1925 3595 cio
1953 3538 2116 3595 verba
2150 3539 2300 3605 facit,
2344 3549 2403 3594 ut
2431 3538 2565 3593 illud
2594 3552 2707 3607 prae
2740 3537 2917 3592 oculis
2960 3545 3283 3599 statuentes,
3316 3551 3414 3589 ne-

1835 3646 1943 3701 que
1991 3631 2295 3701 injustitize,
2334 3646 2509 3701 neque
2538 3629 2770 3701 rapinis,
2821 3644 2999 3698 neque
3041 3625 3429 3697 temporaneis-

1840 3725 2108 3794 caecisque
2130 3724 2339 3778 divitiis
2373 3739 2476 3779 nos
2511 3722 2799 3778 dedamus.
2829 3719 3015 3792 Neque
3062 3721 3208 3775 enim
3238 3719 3406 3776 semel

1837 3827 2049 3873 tantum
2078 3819 2144 3874 de
2178 3817 2384 3888 judicio
2423 3816 2567 3871 Deus
2601 3825 2867 3887 praecepta
2899 3814 3085 3881 dedit,
3113 3815 3209 3869 sed
3239 3813 3408 3868 etiam

1834 3909 2118 3965 secundo:
2151 3908 2217 3962 Et
2255 3909 2369 3962 haec
2414 3923 2515 3979 ego
2557 3906 2749 3963 sedulo
2796 3905 3002 3967 audivi,
3052 3905 3251 3976 inquit,
3288 3904 3408 3958 ani-

1834 4018 2034 4072 moque
2102 4002 2217 4056 haec
2282 4002 2392 4055 duo
2456 4007 2727 4072 praecepta
2795 3998 3161 4054 consideravi.
3225 3994 3405 4051 Semel

1832 4094 2034 4164 quippe
2058 4092 2204 4149 Deus
2232 4092 2450 4148 locutus
2478 4102 2595 4158 est;
2638 4091 2731 4147 sed
2759 4105 2858 4161 ego
2887 4092 3000 4146 haec
3029 4090 3137 4144 duo
3169 4088 3351 4142 audivi
3389 4108 3411 4142 :7

1832 4185 2054 4240 locutus
2112 4198 2350 4254 namque
2393 4193 2479 4239 est
2527 4199 2625 4255 per
2668 4185 2993 4254 prophetas,
3037 4185 3254 4239 locutus
3308 4195 3407 4251 per

1832 4279 2111 4349 apostolos
2146 4295 2159 4332 :
2194 4285 2359 4347 atque
2415 4292 2725 4333 sermonem
2776 4277 2927 4331 illum
2989 4294 3159 4333 unum
3209 4278 3407 4342 semel,

1830 4385 1955 4424 cum
1991 4384 2087 4439 per
2118 4366 2291 4424 Vetus
2339 4376 2454 4422 tum
2502 4382 2600 4437 per
2649 4366 2859 4423 Novum
2913 4366 3321 4423 Testamentum
3371 4384 3407 4424 α

175 4445 228 4520 ἦν
258 4450 420 4520 οὗτος,
452 4457 567 4511 ἀλλ’
603 4478 621 4509 ι
664 4461 785 4514 Ὀτι
834 4461 895 4514 τὸ
928 4462 1127 4537 κράτος
1171 4464 1264 4517 τοῦ
1312 4465 1446 4518 Θεοῦ
1491 4468 1581 4519 καὶ
1621 4466 1724 4529 σοι,

1843 4458 1943 4515 Deo
1975 4458 2408 4530 pronuntiatum,
2427 4453 2630 4513 audivi.
2653 4456 2788 4524 Quis
2811 4458 2901 4513 ille
2923 4466 3063 4521 erat,
3096 4458 3201 4514 nisi
3227 4476 3245 4507 ι
3273 4458 3403 4528 quia

175 4544 343 4615 Κύριε,
376 4549 436 4602 τὸ
467 4551 634 4615 ἕλεος,
678 4572 696 4604 ι
734 4554 849 4617 καὶ,
890 4574 907 4605 ι
948 4556 1070 4608 Ὀτι
1099 4559 1162 4608 σὺ
1191 4557 1485 4623 ἀποδώσεις
1516 4559 1728 4631 ἑκάστῳ

173 4636 294 4689 κατὰ
329 4640 395 4692 τὰ
427 4640 564 4713 ἔργα
595 4644 796 4707 αὐτοῦς
827 4665 845 4696 ι
879 4646 1065 4710 Ἔλεος
1092 4646 1169 4712 δὲ,
1204 4648 1356 4719 φησι,
1389 4651 1482 4702 καὶ
1504 4650 1722 4721 κράτος

172 4726 221 4777 τὸ
259 4732 347 4800 μὲν
382 4734 583 4807 κράτος
626 4738 761 4808 πρὸς
806 4738 866 4791 τὸ
910 4742 1264 4813 τιμωρεῖσθαι
1308 4742 1401 4794 καὶ
1437 4744 1727 4799 ταπεινοῦν

175 4822 281 4884 τοὺς
326 4826 688 4897 ἀφηνιῶντας,
736 4829 796 4883 τὸ
825 4830 880 4884 δὲ
928 4831 1073 4897 ἕλεος
1116 4834 1251 4905 πρὸς
1283 4833 1343 4886 τὸ
1377 4833 1568 4900 σώζειν
1601 4836 1725 4900 τοὺς

1831 4558 2077 4621 potestas
2108 4548 2204 4604 Dei
2230 4556 2351 4613 est,.
2388 4556 2444 4603 et
2473 4547 2594 4613 tibi,
2629 4545 2877 4614 Domine,
2912 4547 3332 4613 misericordia;
3376 4566 3399 4599 ι

1827 4650 1904 4706 et,
1944 4661 1961 4692 ¢
2001 4642 2129 4712 quia
2161 4648 2219 4695 tu
2260 4638 2459 4695 reddes
2484 4640 2783 4712 unicuique
2808 4641 2963 4711 juxta
2993 4656 3161 4709 opera
3192 4640 3335 4695 sua?
3375 4658 3399 4695 ι

1830 4732 2230 4799 Misericordia,
2266 4734 2373 4799 ait,
2393 4739 2448 4787 et
2503 4740 2786 4804 potestas;
2840 4741 3087 4804 potestas
3137 4732 3207 4787 ad
3262 4734 3400 4789 ulci-

1829 4833 2093 4889 scendum
2126 4842 2181 4888 et
2207 4833 2607 4889 bumiliandum
2639 4832 2871 4888 eﬂrenes
2901 4831 3186 4894 homines;
3218 4830 3401 4884 mise-

1825 4926 2061 4982 ricordia
2091 4926 2160 4980 ad
2177 4927 2358 4982 salvos
2390 4926 2673 4982 faciendos
2705 4935 2986 4996 sperantes
3010 4924 3066 4977 in
3096 4937 3175 4978 se.
3204 4939 3224 4972 ι
3258 4920 3393 4976 Vide

1825 5034 1959 5088 ergo
2020 5019 2322 5074 bonitatem
2376 5027 2431 5073 et
2493 5017 2841 5073 severitatem
2892 5014 2986 5071 Dei
3020 5014 3087 5078 τ’,
3150 5032 3169 5065 ι
3219 5013 3398 5083 inquit

1824 5112 2125 5182 Apostolus
2160 5129 2173 5166 :
2211 5113 2558 5168 severitatem
2608 5111 2663 5163 in
2714 5110 2899 5180 lapsos
2949 5123 3045 5178 per
3072 5114 3396 5178 potestatem

1822 5221 1978 5261 suam
2006 5224 2020 5272 ;
2050 5220 2177 5275 erga
2230 5212 2283 5260 te
2331 5219 2463 5259 vero
2489 5203 2785 5258 bonitatem
2814 5217 2909 5272 per
2932 5199 3391 5257 misericordiam.

1821 5295 2121 5366 Postquam
2156 5296 2268 5351 haec
2294 5296 2529 5359 dixerat,
2551 5303 2738 5351 erecto
2774 5309 2994 5349 sursum
3025 5294 3179 5347 vultu
3222 5292 3393 5348 Deum

1819 5392 1901 5446 sic
1932 5391 2229 5461 alloquitur
2263 5409 2276 5444 :
2319 5409 2336 5441 ι
2376 5389 2513 5455 Quia
2550 5396 2608 5442 tu
2662 5389 2857 5446 reddes
2910 5388 3204 5457 unicuique
3229 5387 3386 5457 juxta
3445 5404 3455 5454 ι

1820 5500 1985 5555 opera
2039 5499 2158 5538 sua.
2210 5501 2228 5533 ι
2289 5480 2483 5553 Aquila
2531 5482 2698 5536 etiam
2741 5482 2855 5536 hme
2888 5482 2969 5536 sic
3002 5482 3390 5553 interpretatus

1817 5585 1903 5630 est
1934 5597 1947 5631 :
1995 5597 2011 5629 ι
2052 5576 2291 5632 Locutus
2319 5582 2403 5631 est
2458 5573 2619 5642 Deus,
2652 5582 2705 5631 et
2734 5573 2975 5632 secundo
3006 5574 3211 5640 audivi,
3257 5574 3386 5645 quia

173 4912 238 4973 εἰς
264 4916 418 4969 αὑτὸν
441 4919 759 4987 ἠλπικότας.
795 4940 813 4973 ι
852 4924 957 4975 Ἴδε
989 4920 1081 4977 οῦν
1108 4927 1448 4999 χρηστότητα
1479 4929 1572 4981 καὶ
1592 4929 1727 4982 ἀπο-

177 5006 364 5073 τομίαν,
395 5028 413 5061 ι
451 5012 614 5081 φησὶν
640 5016 668 5066 ὁ
703 5014 1043 5079 Ἀπόστολος·
1068 5019 1160 5072 ἐπὶ
1184 5019 1281 5090 μὲν
1308 5020 1432 5084 τοὺς
1462 5021 1721 5085 πεσόντας

171 5093 453 5168 ἀποτομίαν
484 5102 570 5157 διὰ
602 5105 693 5158 τοῦ
731 5107 984 5179 κράτους,
1016 5111 1106 5162 ἐπὶ
1142 5111 1196 5163 δὲ
1228 5112 1285 5164 σὲ
1309 5113 1609 5183 χρηστότης
1635 5112 1721 5166 διὰ

172 5186 253 5239 τοῦ
273 5190 467 5256 ἐλέους.
493 5195 655 5250 Ταῦτ’
677 5199 866 5263 εἰπὼν,
893 5201 1004 5255 ἄνω
1025 5203 1086 5255 τὸ
1109 5204 1397 5275 πρόσωπον
1417 5208 1717 5273 ἀνατείνας,

174 5282 588 5354 προσφθέγγεται
619 5290 694 5361 τῷ
727 5291 843 5363 Θεῴ
866 5292 1068 5361 λέγων·
1108 5314 1127 5347 ι
1170 5296 1288 5350 ’Ότι
1330 5299 1393 5350 σὺ
1423 5300 1719 5364 ἀποδώσεις

175 5367 365 5443 ἑκάστῳ
386 5379 527 5432 κατά
548 5380 612 5433 τὰ
653 5382 787 5453 ἔργα
826 5385 1008 5438 αὐτοῦ.
1042 5406 1061 5437 ι
1100 5389 1209 5441 Καὶ
1240 5393 1267 5443 6
1313 5392 1539 5457 Ἀκύλας
1571 5394 1628 5447 δὲ
1651 5393 1720 5447 τὰ

175 5464 488 5535 προκείμενα
525 5469 709 5524 τοῦτον
742 5475 1049 5546 ἡρμήνευσε
1071 5478 1160 5532 τὸν
1184 5481 1402 5550 τρόπον·
1436 5502 1453 5533 ι
1495 5485 1717 5556 Ἐλάλη-

175 5564 254 5601 σεν
287 5556 313 5606 6
339 5556 488 5621 Θεὸς,
523 5562 613 5614 καὶ
645 5563 891 5637 δεύτερον
920 5568 1217 5637 ἐπήκουσα·
1253 5574 1332 5626 ὅτι
1373 5577 1404 5645 ἡ
1441 5577 1590 5647 ἰσχὺς
1624 5579 1717 5633 τοῦ

242 5726 280 5758 ⁷⁸
315 5727 452 5787 Psal.
487 5751 571 5789 cxi
598 5777 611 5803 ,
649 5739 699 5793 9.
778 5742 817 5773 ⁷⁷
862 5740 1015 5796 Rom.
1055 5759 1127 5809 xi,
1162 5746 1247 5801 9.2.
