3808 6280
369 267 475 324 599

1043 263 1312 323 EUSEBII
1334 265 1820 325 CASSARIENSIS
1858 267 2010 326 OPP.
2048 267 2231 325 PARS
2267 268 2358 325 Ill.
2387 298 2459 313 ---
2485 267 2896 328 EXEGE’I'ICA.

3499 270 3592 327 600

371 385 636 440 fortitudo
691 383 808 447 Dei,
860 392 918 440 et
965 385 1086 448 tibi,
1124 384 1372 451 Domine,
1421 385 1819 441 misericordia.
1855 383 1937 440 ’l‘u

2054 385 2201 452 Θεοῦ,
2237 388 2328 441 καὶ
2351 387 2453 452 σοὶ,
2489 387 2754 450 Δέσποτα,
2784 385 2844 440 τὸ
2867 383 3032 448 ἕλεος.
3067 385 3140 438 Σὺ
3165 383 3224 439 δὲ
3250 381 3446 448 ἀπόδος
3469 386 3592 438 κατὰ

366 493 498 534 vero
520 476 684 533 redde
705 477 934 548 singulis
959 477 1094 534 viris
1121 476 1423 533 secundum
1455 492 1620 548 opera
1650 494 1769 535 sua.
1809 500 1828 530 ι

370 614 422 673 1.
447 610 774 670 PSALMUS
808 612 1060 674 DAVIDI,
1087 611 1232 667 CUM
1265 613 1486 669 ESSET
1522 613 1586 670 IN
1617 613 1938 676 DESERTO

871 685 948 756 (ι)
975 683 1243 739 summa
1285 683 1442 740 Lxu.

438 794 607 854 Vens.
643 797 700 863 Ξ,
729 799 781 852 5.
831 817 849 850 ‹
881 797 1025 855 Deus
1053 797 1195 854 Deus
1218 814 1397 861 meus.
1427 799 1493 854 ad
1528 806 1583 856 te
1611 799 1678 856 de
1716 800 1836 856 luce
1866 801 1940 860 vi.-

365 890 495 962 gilo.
531 911 550 943 ι
588 891 726 945 Cum
763 890 974 962 fugeret
1004 889 1198 956 David,
1230 893 1467 953 accessit
1499 891 1567 946 ad
1589 891 1938 948 Achimelech

369 982 747 1049 sacerdotem;
786 981 914 1042 hinc
945 981 1012 1035 ad
1032 981 1219 1041 Achus
1244 997 1426 1053 regem
1457 979 1629 1050 Geth;
1663 981 1790 1037 inde
1813 998 1940 1038 vero

366 1074 422 1131 in
449 1073 734 1146 Massepha
757 1072 936 1130 Moab.
974 1073 1088 1130 Gad
1124 1084 1308 1131 autem
1351 1077 1640 1147 propheta,
1696 1081 1788 1147 qui
1839 1078 1939 1132 ad-

366 1174 510 1231 erat,
547 1174 741 1222 auctor
775 1175 861 1224 est
899 1167 1004 1238 ipsi
1051 1176 1109 1224 ut
1147 1185 1216 1224 ne
1256 1169 1397 1223 ultra
1449 1168 1593 1239 apud
1639 1169 1941 1241 allophylos

367 1275 555 1316 moras
581 1260 781 1315 trahat.
807 1259 990 1327 Quare
1013 1261 1141 1318 inde
1175 1261 1482 1333 profectus,
1519 1262 1572 1316 in
1605 1262 1822 1320 deserto
1851 1262 1943 1318 Ju-

367 1353 498 1408 daese
518 1351 750 1416 habitat,
785 1351 853 1408 de
882 1368 991 1422 quo
1030 1359 1278 1424 tempore
1319 1353 1434 1409 haec
1471 1353 1754 1425 Scriptura
1782 1371 1942 1411 enar-

370 1452 459 1500 rat
490 1464 504 1500 :
541 1463 560 1497 ι
605 1443 671 1498 Et
704 1446 1024 1502 morabatur
1069 1445 1240 1501 David
1293 1449 1347 1502 in
1383 1447 1601 1504 deserto
1633 1447 1940 1507 Masseneth

369 1537 425 1592 in
463 1539 733 1609 angustis,
785 1547 838 1594 et
869 1537 1028 1596 sedes
1063 1539 1296 1594 habebat
1328 1539 1384 1594 in
1413 1538 1639 1596 deserto.
1673 1541 1728 1595 in
1758 1551 1944 1596 monte

368 1629 529 1702 Ziph.
564 1629 631 1684 Et
663 1631 950 1700 quaarebat
987 1647 1114 1688 eum
1155 1629 1286 1686 Saul
1333 1633 1591 1688 omnibus
1639 1634 1855 1695 diebus,
1889 1641 1943 1689 et

2040 479 2207 551 ἄνδρα
2239 481 2452 551 ἑκάστῳ
2485 478 2625 534 κατὰ
2655 478 2727 532 τά
2756 478 2893 552 ἔργα
2914 477 3100 536 αὐτοῦ.
3130 497 3149 530 ι

2041 621 2327 675 ΨΑΛΜΟΣ
2376 619 2462 672 ΤΩ
2497 618 2710 671 Ι’ΔΑΥῘΔ
2761 618 2852 670 ΕΝ
2889 618 2976 675 ΤΩ
3016 617 3199 670 ΕῙΝΑΙ
3253 614 3481 668 ΑΥΤΟΝ
3519 613 3597 666 ΕΝ

2304 691 2398 764 Τῌ
2439 691 2671 761 ΕΡΗΜῼ
2706 689 2840 742 ΤΗΣ
2877 687 3191 743 ΙΟΥΔΑΙΑΣ
3227 687 3324 739 ΞΒ¹

2117 825 2134 853 ι
2177 806 2235 858 Ὀ
2262 804 2393 869 Θεὸς
2423 806 2450 858 6
2479 803 2612 867 Θεός
2647 820 2769 875 μου,
2802 801 2937 873 πρὸς
2971 801 3030 854 σὲ
3058 797 3314 872 ὀρθρίζω.
3343 817 3362 850 ι
3393 795 3600 864 Φεύγων

2039 901 2068 956 ὁ
2095 896 2256 952 Δαυϊδ
2280 897 2634 968 παραγίνεται
2668 896 2804 968 πρὸς
2839 893 3126 965 Ἀχιμέλεχ
3149 893 3240 946 τὸν
3269 891 3440 962 ἱερέα’
3466 889 3600 942 ἐνθεν

2042 987 2177 1060 πρὸς
2208 987 2398 1058 Ἀχοῦς
2424 988 2516 1040 τὸν
2549 987 2772 1058 βασιλέα
2793 985 2915 1048 Γὲθ,
2945 984 3196 1038 κάκεῖθεν
3229 984 3317 1045 εἰς·
3338 981 3602 1050 Μάσσηφα

2039 1080 2138 1150 τῆς
2165 1080 2358 1134 Μωάϐ.
2387 1079 2567 1135 Συνὼν
2591 1080 2648 1133 δὲ
2678 1077 2826 1149 αὐτῷ
2847 1077 2952 1131 Γὰδ
2974 1079 3001 1130 6
3027 1076 3334 1148 προφήτης,
3362 1092 3440 1127 πα
3451 1075 3604 1146 ραινεῖ

2045 1173 2119 1246 μὴ
2148 1172 2418 1226 ποιεῖσθαι
2445 1171 2598 1242 παρά
2616 1173 2726 1236 τοῖς
2745 1169 3061 1240 ἀλλοφύλοις
3077 1169 3176 1233 τὰς
3197 1165 3498 1238 διατριϐάς.
3526 1164 3604 1217 Διὸ

2047 1264 2317 1335 μεταστὰς
2349 1263 2622 1327 ἐντεῦθεν,
2649 1264 2748 1336 τὴν
2775 1263 3010 1335 ἐρημίαν
3032 1261 3131 1331 τῆς
3169 1259 3430 1321 Ἰουδαίας
3459 1259 3600 1310 οἰκεῖ’

2041 1357 2128 1410 ὅτε
2179 1356 2274 1409 καὶ
2325 1357 2526 1428 ἱστορεῖ
2572 1355 2807 1424 λέγουσα
2853 1357 2886 1426 ἡ
2930 1355 3152 1426 Γραφής
3209 1370 3226 1402 ι
3257 1351 3367 1403 Καὶ
3396 1347 3603 1402 ἐκάθισε

2041 1449 2203 1503 Δαυῒδ
2240 1452 2296 1505 ἐν
2334 1451 2401 1521 τῇ
2447 1450 2638 1522 ἐρήμῳ
2669 1449 2949 1502 Μασσενὲθ
3002 1449 3060 1503 έν
3102 1449 3214 1509 τοῖς
3251 1446 3486 1506 στενοῖςο
3527 1439 3604 1495 καὶ

2043 1543 2279 1616 ἐκάθητο
2322 1544 2379 1595 ὲν
2407 1542 2486 1614 τῷ
2518 1543 2633 1614 ὅρει
2663 1543 2721 1596 ἐν
2763 1543 2831 1613 τῇ
2865 1541 3056 1612 ἐρήμῳ
3086 1539 3240 1607 Ζείφ.
3285 1537 3396 1590 Καὶ
3442 1535 3605 1606 ἐζήτει

2045 1636 2207 1696 αὐτὸν
2248 1635 2421 1698 Σαοὺλ
2461 1635 2639 1699 πάσας
2669 1634 2769 1698 τὰς
2805 1633 3038 1706 ἡμέρας,
3079 1631 3174 1684 καὶ
3211 1629 3273 1683 ού
3308 1627 3608 1700 παρέδωκεν

368 1739 479 1777 non
513 1721 740 1779 tradidit
778 1739 902 1778 eum
935 1722 1199 1779 Dominus
1240 1725 1310 1779 in
1342 1740 1537 1782 manus
1568 1726 1690 1795 ejus
1717 1727 1784 1780 ".
1823 1747 1840 1778 ›
1884 1725 1940 1780 ln

2054 1729 2206 1788 πύτὸν
2239 1729 2442 1801 Κύριος
2473 1731 2552 1793 είς
2577 1729 2673 1791 τὰς
2696 1731 2884 1802 χεῖρας
2909 1725 3095 1781 αὐτοῦ.
3123 1744 3141 1776 ι
3181 1725 3270 1777 Ἐν
3291 1721 3502 1784 τούτοις
3525 1719 3608 1785 ῶν,

371 1815 474 1870 Ιιοο
505 1832 690 1872 rerum
743 1824 910 1884 statu,
941 1817 1089 1872 hunc
1137 1819 1409 1889 psalmum
1441 1818 1693 1883 adornat,
1755 1828 1942 1874 notato

369 1922 464 1979 per
489 1905 705 1962 titulum
736 1913 1002 1978 tempore.
1035 1907 1216 1975 Quare
1253 1909 1459 1966 dictum
1488 1917 1592 1974 est,
1632 1931 1650 1962 ‹
1694 1909 1944 1968 Psalmus

367 1997 580 2063 Davidi,
613 2014 738 2054 cum
775 2010 924 2055 esset
948 1999 1005 2062 in
1035 1999 1253 2057 deserto
1274 1999 1495 2058 Judarae.
1545 2021 1564 2055 ι
1607 2000 1651 2056 Ε
1684 2018 1741 2057 re
1762 2009 1942 2057 autem

366 2090 538 2146 fuerit
561 2091 651 2146 hic
678 2108 896 2148 rursum
921 2093 1238 2160 observare,
1272 2110 1381 2148 non
1413 2110 1484 2152 ex
1517 2094 1665 2151 serie
1700 2095 1944 2150 historia:

366 2191 423 2238 et
478 2192 809 2254 temporum,
863 2185 1114 2240 ordinem
1166 2187 1504 2256 psalmorum
1561 2187 1941 2252 constitutum,

369 2275 466 2332 sed
520 2277 678 2332 valde
721 2277 985 2348 permista
1020 2285 1269 2349 tempora
1320 2295 1465 2335 esse.
1527 2278 1664 2334 Nam
1714 2280 1945 2336 historia

369 2369 546 2439 primo
578 2377 849 2437 recenset,
884 2367 1107 2426 Saulem
1140 2372 1367 2430 nuntios
1390 2372 1610 2430 misisse
1641 2374 1695 2429 in
1723 2374 1945 2428 domum

372 2461 564 2525 David,
608 2461 701 2534 qui
750 2461 1128 2519 interficerent
1165 2480 1313 2529 eum,
1347 2473 1400 2520 et
1432 2463 1665 2521 Melchol
1718 2481 1944 2521 uxorem

369 2552 492 2622 ejus
544 2553 833 2609 demisisse
887 2569 1011 2609 eum
1062 2571 1159 2626 per
1215 2554 1550 2626 fenestram;
1601 2557 1945 2621 Psalmorum

371 2661 511 2702 vero
537 2647 812 2719 scriptura
845 2663 965 2709 eam
998 2664 1112 2705 rem
1145 2649 1202 2705 in
1235 2665 1365 2705 Lvm
1420 2659 1707 2707 memorat.
1741 2649 1949 2715 Deinde

371 2738 604 2796 historia
637 2739 1156 2812 Scriptumnarrat
1186 2743 1407 2800 venisse
1434 2743 1694 2800 Davidem
1722 2745 1777 2800 in
1798 2741 1948 2798 Noba

370 2830 439 2887 ad
478 2832 829 2894 Achimelech
859 2837 1241 2902 sacerdotem;
1304 2834 1776 2898 sengsalmorum
1813 2837 1950 2892 liber

371 2925 514 2982 hanc
543 2941 660 2981 rem
687 2937 896 2998 gestam
931 2928 1186 2982 meminit
1225 2927 1282 2982 in
1327 2943 1506 2982 χχχιιι
1537 2929 1764 2996 psalmo.
1804 2927 1947 2983 Rur.

371 3035 606 3090 sumque
636 3023 913 3092 scriptura
959 3020 1272 3092 Regnorum
1299 3019 1377 3074 ait
1404 3036 1419 3074 :
1451 3038 1470 3071 ‹
1511 3019 1576 3074 Et
1609 3020 1744 3080 abiit
1780 3020 1948 3075 David

2045 1825 2136 1885 τὸν
2167 1824 2526 1896 προκείμενον
2557 1821 2770 1892 ψαλμὸν
2807 1819 3114 1883 συντάττει,
3166 1816 3258 1870 τὸν
3304 1813 3496 1885 καιρὸν
3537 1811 3609 1864 διά

2045 1918 2144 1988 τῆς
2176 1916 2500 1989 προγραφῆς
2531 1915 2796 1987 σημήνας.
2834 1913 2923 1966 Διὸ
2962 1912 3196 1984 εἴρηται,
3232 1927 3254 1960 σ
3285 1905 3517 1977 Ψαλμδς
3546 1903 3611 1975 τῷ

2047 2010 2229 2074 Δαυῒδ,
2261 2014 2316 2064 ὲν
2341 2008 2419 2080 τῷ
2446 2004 2584 2063 εἶναι
2611 2008 2771 2062 αὐτὸν
2797 2009 2854 2061 ὲν
2875 2009 2939 2078 τῇ
2968 2005 3159 2076 ἐρήμῳ
3179 2002 3280 2073 τῆς
3310 1998 3610 2060 Ἰουδαίας.ι

2048 2105 2281 2173 Εύλογον
2321 2103 2380 2157 δὲ
2413 2102 2646 2164 ἐνταῦθα
2679 2101 3002 2171 γενομένους
3038 2093 3487 2167 ἐπισημήνασθαι
3527 2089 3613 2143 πά-

2048 2197 2150 2260 λιν,
2179 2195 2361 2266 ὅτιςμὴ
2387 2193 2530 2248 κατά
2557 2191 2880 2246 ἀκολουθίαν
2907 2189 3016 2243 τῶν
3041 2190 3138 2258 τῆς
3164 2185 3404 2260 ἱστορίας
3425 2183 3614 2255 χρόνων

2049 2292 2084 2362 ἠ
2115 2288 2222 2342 τῶν
2255 2287 2485 2360 ψαλμῶν
2520 2287 2804 2355 σύγκειται
2829 2283 3000 2347 τάξις·
3035 2279 3359 2350 ὲνήλλακται
3386 2275 3443 2328 δὲ
3479 2271 3615 2344 παρὰ

2049 2381 2183 2435 πολὺ
2222 2382 2336 2443 τοῖς
2373 2379 2605 2451 χρόνοις.
2647 2376 2854 2432 Αὐτίκα
2880 2373 3011 2444 γοῦν
3037 2376 3070 2444 ἡ
3100 2372 3196 2444 μὲν
3228 2367 3444 2449 ἱστορία
3481 2365 3615 2438 πρώ-

2048 2492 2148 2546 την
2197 2473 2442 2545 περιέχει
2486 2470 2584 2542 τὴν
2617 2469 2866 2540 διήγησιν
2897 2465 3017 2520 καθ’
3043 2464 3109 2536 ην
3140 2460 3427 2518 ἀπέστειλε
3461 2457 3616 2512 Σαοὺλ

2049 2564 2312 2634 ἀγγέλους
2343 2564 2421 2627 είς
2450 2562 2542 2615 τὸν
2581 2555 2728 2614 οἷκον
2760 2557 2944 2621 Δαυῖδ,
2984 2556 3078 2609 τοῦ
3107 2549 3614 2615 θανατῶσαιλειῦτόν⁹

2049 2659 2131 2713 ὅτι
2158 2657 2423 2728 Μελχὸλή
2459 2655 2596 2726 γυνὴ
2623 2653 2788 2716 αὺτοῦ
2822 2651 3060 2722 καθῆκεν
3095 2648 3262 2703 αὑτὸν,
3287 2645 3376 2700 διὰ
3405 2645 3504 2715 τῆς
3534 2642 3615 2696 θυ-

2053 2751 2298 2823 ρίδοςο--ή
2331 2749 2390 2810 δὲ
2429 2749 2538 2801 τῶν
2591 2745 2821 2817 ψαλμῶν
2866 2744 3054 2814 γραφὴ
3103 2742 3160 2794 ὲν
3193 2738 3271 2810 τῷ
3303 2745 3387 2809 νην
3428 2735 3618 2804 ταύτης

2055 2843 2325 2914 μέμνηται
2358 2841 2457 2910 τῆς
2490 2837 2760 2915 πράξεως.
2794 2833 2904 2891 Εἶθ’
2939 2836 3068 2906 ἑξῆς
3101 2837 3133 2906 ἠ
3173 2833 3271 2905 μὲν
3303 2830 3498 2902 Γραφὴ
3524 2828 3618 2880 τῶν

2055 2935 2304 3008 ἱστοριῶν
2334 2934 2594 2994 διδάσκει,
2639 2932 2715 2996 ὼς
2765 2931 2985 3003 ἔρχεται
3016 2925 3177 2982 Δαυῒδ
3205 2927 3285 2988 είς
3317 2922 3470 2977 Νοϐᾶ
3498 2919 3618 2990 πρὸς

2064 3027 2352 3101 ’Δχιμέλεχ
2377 3026 2466 3080 τὸν
2493 3025 2658 3096 ἱερέαο
2683 3025 2725 3095 ήι
2743 3024 2801 3078 δὲ
2831 3021 3008 3093 βίϐλος
3029 3020 3136 3074 τῶν
3164 3014 3412 3087 Ψαλμῶν
3432 3012 3619 3082 ταύτης

372 3111 532 3173 inde,
551 3120 605 3167 et
637 3113 808 3178 venit,
833 3122 887 3170 et
919 3114 1167 3170 salvatus
1224 3119 1309 3167 est
1360 3110 1415 3164 in
1465 3112 1726 3181 spelunca
1781 3109 1945 3170 Odoi-

2059 3121 2332 3194 μέμνηται
2359 3118 2458 3188 τῆς
2490 3115 2743 3188 πράξεως
2775 3113 2940 3183 ἐντῷ
2968 3107 3292 3181 λγ¹-ψαλμῷ.
3327 3105 3441 3159 Καὶ

372 3203 481 3262 lam
515 3205 602 3269 7’;
634 3223 652 3256 ι
692 3205 832 3260 liber
865 3213 1050 3267 autem
1081 3203 1428 3266 Psalmorum
1465 3204 1632 3274 hujus
1660 3205 1866 3274 negotii
1893 3204 1945 3258 in

2054 3215 2087 3286 ἡ
2125 3213 2221 3285 μὲν
2259 3209 2444 3282 γραφὴ
2477 3209 2582 3262 τῶν
2622 3206 2921 3262 Βασιλειῶν
2949 3220 3106 3275 φησι·
3145 3220 3162 3251 ι
3199 3200 3310 3259 Καὶ
3340 3195 3618 3266 ἀπηλλάγη

373 3311 460 3352 LVI
517 3297 851 3352 mentionem
909 3295 1058 3354 facit.
1105 3295 1219 3358 Sub
1278 3298 1392 3359 haec
1435 3297 1633 3358 iterum
1677 3297 1952 3368 scriptura

374 3390 690 3462 Regnorum
725 3389 869 3445 Doec
892 3397 1188 3456 memorat,
1221 3404 1332 3460 quo
1354 3397 1514 3460 pacto
1537 3388 1752 3444 scilicet
1783 3388 1952 3444 Achi-

375 3483 596 3544 melech
642 3483 986 3547 sacerdotem
1018 3481 1416 3555 apudSaulem
1449 3483 1817 3540 calumniatus
1845 3482 1952 3550 sit;

374 3583 432 3632 at
460 3574 806 3634 Psalmorum
831 3575 968 3632 liber
1001 3576 1055 3630 iu
1090 3590 1142 3630 LI
1164 3576 1271 3632 hoc
1298 3585 1514 3646 tempus
1537 3583 1950 3632 commemorat.

374 3669 571 3740 Agnita
594 3684 760 3740 porro
787 3667 959 3724 David
1011 3669 1184 3741 ipsius
1214 3668 1359 3724 Doec
1401 3667 1702 3732 calumnia,
1735 3667 1875 3738 fugit
1902 3677 1956 3724 et

376 3763 435 3819 in
468 3763 745 3819 desertum
776 3761 978 3819 Iudaeae
1016 3779 1078 3819 se
1108 3763 1364 3827 contulit,
1392 3778 1504 3834 quo
1527 3770 1774 3833 tempore
1811 3761 1958 3816 hunc

375 3870 538 3924 quem
575 3863 876 3913 tractamus
907 3855 1178 3927 psalmum
1208 3854 1518 3910 adornavit.
1566 3853 1634 3908 Et
1681 3853 1956 3925 scriptura

375 3945 598 4016 quidem
658 3945 974 4017 Regnorum
1029 3955 1155 4018 post
1209 3947 1516 4017 praesentis,
1583 3945 1796 4001 scilicet
1841 3960 1955 4000 Lm

378 4034 578 4105 psalmi
619 4042 858 4106 tempus,
899 4037 1150 4107 quaedam
1182 4043 1337 4107 gesta
1372 4045 1790 4101 commemorat,
1817 4051 1871 4088 v.
1901 4051 1952 4104 g.

379 4135 439 4183 ut
469 4126 674 4201 Ziphasi
706 4127 878 4190 David
909 4128 1052 4199 apud
1078 4127 1299 4190 Saulem
1333 4127 1654 4187 calumniati
1691 4134 1857 4192 sunt;
1890 4125 1958 4181 de

377 4220 579 4298 quibus
612 4218 954 4280 Psalmorum
987 4219 1144 4284 liber,
1179 4219 1234 4275 in
1259 4235 1376 4286 Llll,
1413 4219 1743 4283 mentionem
1769 4219 1954 4282 habet,

378 4313 538 4382 cujus
574 4312 767 4371 titulus
790 4319 882 4368 est
917 4331 930 4368 :
969 4330 987 4364 ι
1027 4311 1085 4366 lu
1135 4311 1323 4378 linem,
1360 4314 1426 4377 in.
1448 4313 1690 4385 hymnis,
1741 4312 1958 4372 intelle-

377 4412 506 4458 ctus
529 4402 723 4466 David,
760 4417 887 4457 cum
918 4403 1202 4458 venissent
1237 4401 1464 4474 Zipbaii,
1499 4389 1558 4464 et,
1581 4402 1854 4459 dixissent
1888 4401 1957 4456 ad

2054 3304 2217 3358 Δαυῖδ
2231 3302 2499 3363 ἐντεῦθεν,
2519 3301 2614 3355 καὶ
2643 3299 2888 3371 ἔρχεται,
2918 3297 3013 3350 καὶ
3038 3292 3269 3361 διεσώθη
3303 3292 3385 3354 εἰς
3409 3289 3470 3354 τὸ
3497 3287 3620 3355 σπή-

2054 3395 2202 3448 λαιον
2233 3393 2296 3447 τὸ
2327 3391 2608 3463 Ὀδολλὰμ·
2642 3411 2660 3443 ι
2695 3395 2728 3462 ὴ
2759 3390 2815 3444 δὲ
2851 3389 3027 3461 βίϐλος
3055 3385 3164 3439 τῶν
3193 3381 3438 3454 Ψαλμῶν
3471 3382 3526 3444 ἐν
3553 3376 3620 3448 τῷ

2055 3493 2141 3553 νς¹
2178 3485 2450 3558 μέμνηται
2486 3486 2583 3556 τῆς
2626 3483 2854 3548 τάξεως.
2903 3481 3013 3536 Καὶ
3042 3475 3197 3542 αὖθις
3235 3475 3372 3548 μετὰ
3402 3473 3620 3541 ταῦταῆ

2059 3580 2158 3651 μὲν
2190 3579 2376 3650 γραφὴ
2410 3577 2520 3632 τῶν
2562 3575 2856 3630 Βασιλειῶν
2898 3572 2990 3628 τοῦ
3032 3571 3191 3642 Δωὴκ
3234 3570 3526 3641 μέμνηται,
3555 3565 3622 3626 ὼς

2056 3671 2380 3740 διαϐέϐληκε
2412 3668 2491 3741 τῷ
2529 3667 2699 3722 Σαοὺλ
2735 3668 2826 3721 τὸν
2867 3665 3018 3738 ἱερέα
3062 3661 3367 3734 Ἀχιμέλεχο
3407 3658 3521 3730 ἡδὲ
3554 3655 3623 3725 βί-

2057 3764 2181 3828 ϐλος
2207 3760 2584 3832 τῶνιΨαλμῶν
2614 3761 2671 3814 έν
2696 3759 2774 3830 τῷ
2799 3765 2877 3812 να⁹
2895 3756 3082 3810 τοῦτον
3116 3752 3368 3824 σημαίνει
3397 3750 3486 3804 τὸν
3512 3745 3626 3819 χρό-

2057 3873 2167 3910 νον.
2193 3854 2360 3918 Γνοὺς
2387 3853 2444 3906 δὲ
2471 3854 2499 3906 6
2523 3851 2684 3906 Δαυῒδ
2710 3849 2808 3922 τὴν
2830 3848 2925 3902 τοῦ
2954 3848 3115 3918 Δωὴκ
3143 3843 3414 3915 διαϐολὴν,
3448 3840 3624 3910 φεύγει

2059 3947 2152 4001 καὶ
2202 3945 2572 4018 παραγίνεται.
2603 3944 2684 4006 εἰς
2722 3942 2823 4014 τὴν
2864 3940 3068 4012 ἔρημον
3092 3940 3191 4010 τῆς
3239 3934 3514 3998 Ἰουδαίας,
3546 3935 3626 3984 ὅτε

2059 4040 2153 4093 καὶ
2197 4038 2486 4100 συντάττει-
2515 4036 2609 4090 τὸν
2657 4037 2795 4107 μετά
2837 4036 3024 4104 χεῖρας
3063 4029 3296 4100 ψαλμόν.
3334 4028 3443 4080 Καὶ
3472 4027 3505 4095 ἡ
3539 4023 3626 4094 μὲν

2059 4130 2247 4205 γραφὴ
2273 4130 2380 4184 τῶν
2405 4127 2700 4184 Βασιλειῶν
2733 4125 2986 4199 μετάτὸν
3021 4122 3209 4195 χρόνον
3243 4117 3337 4172 τοῦ
3373 4116 3507 4189 μετά
3527 4116 3628 4185 χεῖο

2062 4241 2160 4296 ρας
2189 4221 2428 4293 ψαλμοῦθ
2457 4220 2603 4289 λέγω
2628 4219 2688 4287 δὲ,
2717 4219 2813 4272 τοῦ
2843 4213 3219 4296 ξδ’,νπράξεών
3245 4229 3404 4266 τινων
3435 4209 3628 4296 μέμνη-

2059 4295 2170 4375 ται,
2193 4313 2270 4376 ῶς
2298 4313 2346 4365 οἱ
2374 4312 2584 4380 Ζιφαῖοι
2605 4307 2947 4372 διαϐάλλουσι
2973 4304 3052 4376 τῷ
3079 4301 3254 4357 Σαοὺλ
3276 4301 3369 4360 τὸν
3400 4295 3572 4352 Δαυῖδο
3598 4296 3627 4363 ἡ

2060 4403 2117 4458 δὲ
2147 4401 2327 4474 βίϐλος
2351 4401 2460 4456 τῶν
2475 4399 2720 4472 Ψαλμῶν
2742 4397 2957 4463 τούτων,
2975 4395 3326 4467 μέμνηταιὲν
3353 4390 3428 4462 τῷ
3455 4395 3553 4457 νγ’,
3577 4387 3629 4449 ὃς

381 4496 535 4561 Saul,
571 4494 711 4551 Ecce
747 4494 920 4550 David
959 4496 1325 4558 absconditus
1377 4503 1462 4559 est
1489 4496 1645 4568 apud,
1668 4512 1792 4553 nos.
1835 4516 1853 4547 ι
1888 4495 1945 4550 Et

2062 4494 2450 4565 ἐπιγράφεται,
2480 4513 2500 4546 ι
2537 4493 2631 4556 Et;
2663 4490 2725 4544 τὸ
2758 4489 2908 4556 τέλος
2940 4489 2996 4540 ὲν
3030 4485 3241 4558 ὕμνοις,
3274 4483 3538 4542 συνέσεως
3560 4475 3627 4546 τῷ

378 4604 447 4644 ιν
476 4588 776 4664 inscriptus
815 4595 942 4643 est:
979 4606 999 4638 ι
1038 4587 1271 4654 Quando
1302 4596 1598 4644 tenuerunt
1628 4605 1752 4644 eum
1797 4589 1951 4642 Allo-

377 4680 526 4754 phyli
560 4681 614 4735 in
647 4679 810 4741 Gcth.
841 4699 860 4732 ι
888 4679 1026 4734 Illud
1050 4693 1230 4740 autem
1262 4680 1576 4758 Regnorum
1602 4683 1877 4754 scriptura
1897 4682 1952 4738 in

379 4783 657 4846 postrema
690 4774 935 4831 historiae
960 4783 1115 4845 parte
1165 4775 1398 4844 reponit.
1426 4773 1616 4830 Viden’
1652 4791 1762 4845 quo
1793 4783 1955 4846 pacto

379 4868 558 4940 prima
586 4876 886 4938 postrema,
917 4879 972 4924 et
1007 4876 1284 4938 postrema
1309 4868 1484 4937 prima
1510 4868 1958 4924 constituantur?

325 5007 334 5028 κ
377 4959 536 5026 Quod
586 4959 632 5013 si
681 4960 986 5016 secundum
1033 4968 1338 5029 temporum
1370 4961 1568 5016 seriem
1594 4960 1788 5032 digesti
1824 4961 1960 5018 fuis-

329 5065 331 5067 ‘
377 5061 522 5116 sent,
551 5053 761 5123 primus
789 5052 1112 5113 statuendus
1128 5061 1245 5114 erat
1267 5068 1420 5117 ινιιι,
1452 5055 1727 5111 secundus
1759 5071 1958 5120 xum,

379 5146 579 5226 tertius
620 5144 820 5200 deinde
856 5161 968 5208 LVI,
1028 5155 1259 5215 quartus
1306 5160 1383 5209 ιι.
1444 5152 1498 5200 et
1557 5155 1959 5215 consequenter

378 5236 605 5306 quintus
638 5253 774 5304 Lm,
797 5247 986 5294 sextus
1013 5254 1132 5302 ιιιι,
1162 5253 1226 5294 ac
1253 5245 1567 5308 postremus
1589 5238 1834 5293 omnium
1870 5255 1954 5294 LV.

379 5329 512 5386 Post
541 5338 774 5387 mortem
805 5347 935 5388 vero
967 5329 1154 5385 Saulis
1185 5331 1418 5400 primum
1460 5331 1649 5402 psallit
1679 5347 1792 5395 LIX,
1829 5349 1956 5388 cum

381 5421 657 5492 percussit
683 5420 821 5478 Joab
847 5422 1044 5476 vallem
1079 5419 1414 5486 Salinarum,
1451 5423 1707 5493 cepitque
1756 5422 1958 5478 duode-

379 5515 487 5576 cim
521 5515 691 5570 millia
718 5516 1002 5571 hominum
1037 5514 1434 5583 Moabitarum;
1472 5534 1491 5566 ι
1526 5531 1557 5577 ι,
1584 5531 1712 5572 vero
1737 5525 1944 5587 postea,

455 5671 502 5702 ⁷⁸
539 5668 719 5738 IReg.
760 5685 926 5734 mu,
967 5669 1148 5725 ΗΑΒ.
1223 5671 1268 5704 ⁷³
1309 5671 1329 5726 ι
1364 5670 1494 5745 Reg.
1530 5687 1642 5728 xxu
1666 5713 1679 5738 ,
1715 5674 1764 5726 l.

457 5763 535 5832 (Ι)
575 5759 748 5817 ϐιάις.
783 5769 838 5817 et
863 5761 1332 5835 Vulgélduma'a'.

2062 4588 2246 4656 Δαυῗδ,
2293 4589 2352 4641 ὲν
2400 4586 2480 4659 τῷ
2519 4585 2691 4639 ἐλθεῖν
2733 4583 2861 4647 τοὺς
2910 4581 3188 4654 Ζιφαίους,
3231 4579 3325 4632 καὶ
3362 4577 3529 4641 εἰπεῖν
3560 4569 3628 4640 τῷ

2062 4681 2252 4736 Σαούλ·
2299 4680 2428 4734 ’ἰδοὺ
2461 4678 2623 4742 Δαυῒδ
2649 4679 2956 4749 κέκρυπται
2991 4675 3116 4747 παρ’
3143 4674 3298 4743 ἡμῖν.
3340 4689 3358 4720 ‹
3389 4669 3492 4721 Καὶ
3517 4667 3544 4717 6
3564 4668 3628 4715 νε¹

2064 4774 2486 4846 ὲπιγέγραπταιξ
2523 4792 2557 4831 ι,
2584 4773 2715 4826 Ὅτε
2748 4771 3056 4842 ἐκράτησαν
3085 4763 3246 4834 αὑτὸν
3275 4765 3324 4815 οί
3358 4755 3627 4826 ἀλλόφυλοι

2064 4870 2122 4923 έν
2141 4867 2293 4921 Γέθ.»
2324 4865 2498 4920 Τοῦτο
2518 4866 2574 4919 δὲ
2604 4864 2762 4937 ἡτῶν
2779 4859 3076 4930 Βασιλειῶν
3103 4856 3290 4929 γραφὴ
3316 4857 3373 4908 ὲν
3398 4849 3629 4919 ὑστέροις

2062 4958 2246 5030 τίθησι
2273 4959 2374 5029 τῆς
2409 4956 2674 5030 ἱστορίας.
2715 4955 2878 5027 Ὁρᾷς
2919 4953 3065 5014 ὅπως
3092 4949 3164 5002 τά
3193 4948 3386 5018 πρῶτα
3416 4942 3626 5012 ὕστερα,

2064 5055 2160 5107 καὶ
2191 5052 2262 5107 τὰ
2294 5051 2497 5123 ὕστερα
2529 5051 2720 5123 πρῶτα
2750 5049 3008 5103 τέτακται
3029 5045 3144 5114 ;,ὼς
3172 5045 3220 5097 εί
3249 5040 3390 5095 κατά
3414 5036 3626 5091 ἀκολου-

2065 5145 2187 5202 θίαν
2213 5146 2320 5200 τῶν
2347 5148 2555 5219 χρόνων
2586 5145 2814 5210 τέθειτο,
2860 5142 3077 5214 πρῶτος
3119 5139 3185 5193 ἂν
3224 5137 3447 5200 τέτακτο
3471 5134 3500 5185 6
3531 5136 3625 5200 νη’,

2064 5241 2193 5312 ἑξῆς
2227 5239 2402 5310 τούτῳ
2435 5242 2464 5294 6
2487 5239 2588 5308 λγ’,
2623 5238 2719 5292 καὶ
2745 5236 2927 5310 τρίτος
2961 5235 3057 5288 καλ⁸
3082 5232 3220 5304 μετά
3247 5228 3442 5290 rqith
3468 5226 3496 5277 6
3523 5221 3626 5286 νίζ’,

2063 5333 2157 5386 καὶ
2181 5332 2391 5395 τούτοις
2423 5331 2680 5402 τέταρτος
2703 5332 2731 5383 6
2753 5335 2854 5394 va',
2890 5323 2988 5380 εἶτ’
3012 5321 3320 5384 ἀκολούθως
3342 5319 3580 5388 πέμπτος
3603 5314 3628 5366 6

2061 5424 2163 5493 ξδ’,
2195 5425 2291 5480 καὶ
2327 5426 2482 5490 ἕκτος
2510 5426 2539 5478 ὁ
2564 5431 2664 5495 νγ,
2695 5425 2790 5479 καὶ
2827 5422 2965 5496 μετά
2994 5422 3203 5482 πάντας
3231 5415 3446 5476 τούτους
3474 5409 3504 5462 6
3539 5413 3624 5462 vs’.

2056 5518 2210 5574 Μετὰ
2250 5519 2308 5574 δὲ
2345 5519 2438 5574 τὸν
2481 5517 2708 5574 θάνατον
2753 5516 2848 5572 τοῦ
2887 5515 3060 5573 Σαοὺλ
3095 5511 3309 5585 πρῶτον
3340 5505 3520 5578 ψάλλει
3543 5499 3627 5556 τδν
