3808 6280
163 321 242 377 sm
1229 314 1732 380 COMMENTARIA
1768 322 1835 379 IN
1867 324 2204 380 PSALMOS.
3245 336 3350 392 602

160 437 241 502 νϐ’,
267 432 413 506 ήνίκα
441 432 704 500 ἐπάταξεν
746 432 904 487 Ἰωάϐ
931 433 1028 506 τὴν
1059 433 1317 507 φάραγγα
1345 436 1453 491 τῶν
1488 438 1658 494 Ἀλῶν

1788 460 1807 495 ι
1842 443 2062 514 quando
2089 445 2240 498 venit
2283 447 2348 500 ad
2386 447 2561 516 ipsum
2614 450 2826 509 Nathan
2859 456 3144 527 propheta,
3195 471 3347 528 post-

160 528 239 583 καὶ
273 523 594 596 ὑποχειρίους
633 519 742 578 εἷλε
789 527 913 589 τοὺς
956 525 1130 582 Μωάϐ
1177 527 1243 579 ιδ’
1283 528 1543 598 χιλιάδας.
1580 531 1659 584 Τὸ·

1782 552 1942 606 quam
1986 538 2270 608 ingressus
2294 551 2378 596 est
2408 543 2473 596 ad
2511 542 2797 602 Bersabee.
2835 567 2854 600 ι
2891 548 3093 605 Deinde
3119 553 3342 607 tertium

159 619 204 674 δὲ
221 623 256 672 ν’
273 634 284 648 ·
311 614 437 698 μετά
461 615 648 681 ταῦτα,
678 617 768 670 ὅτε
791 612 920 688 ἦλθε
949 619 1082 691 πρὸς
1109 620 1271 674 αὐτὸν
1297 621 1482 675 Ναθάν
1507 624 1534 675 6
1556 640 1659 694 προ

1781 627 2107 695 composuit,
2169 646 2186 679 ι
2241 645 2364 684 cum
2417 631 2628 704 aufugit
2667 649 2696 688 a
2749 634 2888 692 facie
2935 637 3191 696 Absalom
3248 641 3343 696 filii

159 686 499 780 φήτης,ἠιξκα
529 708 621 762 και
652 686 869 778 εἰσῆλθε
913 686 1048 782 πρδς
1090 710 1388 783 Βηθσαὸεέ.
1430 709 1562 768 Εἶτα
1587 686 1680 768 τὸν

156 799 306 869 τρίτον
345 795 633 859 συντάττει,
678 796 766 849 ὅτε
802 797 1192 870 ἀπεδίδρασκεν
1239 800 1346 854 ἀπὸ
1387 802 1678 874 προσώπου

166 885 475 956 ’Δϐεσσαλὼμ
511 884 605 941 τοῦ
637 886 752 940 υἱοῦ
794 887 978 943 αὐτοῦ·
1010 891 1102 943 καὶ
1143 890 1283 961 μετά
1322 892 1494 958 ταῦτα
1523 893 1613 948 τὸν
1634 895 1678 960 ζ’

156 979 270 1049 ὑπὲρ
292 978 388 1033 τῶν
409 978 578 1047 λόγων
609 980 779 1032 Χουσὶ
808 979 925 1034 υἱοῦ
963 982 1200 1053 Ἰεμινεί.
1233 983 1329 1048 Τίς
1357 980 1450 1039 οὖν
1482 987 1580 1040 οὐκ
1611 987 1677 1041 ἂν

153 1072 232 1141 τήν
251 1069 435 1124 τούτων
461 1069 746 1142 ζητήσειεν
777 1072 990 1138 αίτίαν;
1026 1073 1102 1127 Οὐ
1139 1075 1248 1148 γάρ
1281 1076 1394 1146 ἔχει
1431 1076 1586 1146 λόγον
1613 1079 1674 1132 τὸ

157 1163 214 1234 μὴ
238 1161 313 1217 διά
335 1179 478 1226 τινας
510 1162 812 1232 ἀναγκαίας
839 1164 1120 1231 ὑποθέσεις
1153 1167 1324 1222 ταῦτα
1353 1169 1538 1224 τοῦτον
1565 1171 1678 1224 δια-

151 1254 364 1324 τετάχθαι
405 1253 492 1308 τδν
525 1254 748 1328 τρόπον.
787 1256 979 1322 Ἀλλος
1011 1258 1108 1330 μὲν
1136 1255 1227 1314 οὖν
1255 1262 1379 1326 τοὺς
1410 1263 1679 1335 ἀριθμοὺς·

149 1346 311 1411 αὐτοὺς
337 1347 570 1417 οἰήσεται
604 1347 748 1420 ἔχειν
783 1349 906 1404 τινὰ
937 1349 1182 1422 δύναμινο
1217 1352 1297 1406 6:6
1328 1355 1674 1428 καταλλήλως

149 1438 328 1508 ἑκάστῳ
362 1437 572 1510 ἀριθμῷ
600 1441 942 1512 ἐφηρμόσθαι
973 1442 1070 1516 τὴν
1103 1444 1342 1500 διάνοιαν
1366 1446 1472 1501 τῶν
1503 1451 1670 1520 ἐμφε-
1715 1483 1725 1489 -

151 1527 350 1598 popiva
369 1526 551 1596 λόγων·
583 1523 694 1581 οἷον
719 1530 794 1593 ὡς
831 1531 925 1584 ἐπὶ
963 1533 1402 1604 παραδείγματος
1431 1537 1458 1588 6
1485 1545 1527 1590 v’
1556 1539 1675 1611 ἀρι-

149 1619 257 1688 θμὸς
287 1619 370 1672 τὸν
394 1619 515 1692 περὶ
535 1620 782 1689 ἀφέσεως
814 1623 1223 1695 ἁμαρτημάτων
1251 1625 1406 1694 λόγον
1431 1629 1670 1700 περιέχει

1781 718 1907 782 sui;
1949 738 1966 770 ι
2010 722 2112 774 sub
2143 720 2254 775 hare
2291 723 2578 792 septimum
2627 745 2644 777 ι
2697 741 2793 796 pro
2824 729 3003 786 verbis
3042 731 3210 788 Cbusi
3247 733 3341 788 filii

1777 809 1996 865 .lemini.
2032 831 2050 862 ι
2076 811 2212 878 Quis
2244 813 2437 868 borum
2469 831 2691 872 causam
2727 835 2838 874 non
2869 824 3187 892 perquirat?
3221 823 3340 880 Non

1777 902 1936 956 enim-
1957 903 2156 960 rationi
2194 915 2624 962 consentaneum
2647 918 2814 974 esset,
2840 912 2959 968 sine
2994 915 3101 968 ull‘a
3152 931 3344 972 neces-

1777 991 1923 1048 saria
1953 1009 2120 1050 causa
2145 995 2258 1052 haec
2284 999 2380 1052 tali
2410 999 2573 1054 modo
2592 999 2846 1058 ordinata
2867 1003 3059 1062 fuisse.
3094 1005 3211 1063 Erit
3239 1007 3344 1064 for-

1776 1090 1924 1141 tasse
1948 1087 2039 1156 qui
2068 1104 2326 1145 numeros
2350 1091 2499 1161 ipsos
2531 1093 2639 1148 vim
2675 1095 2914 1166 aliquam
2942 1098 3143 1154 habere
3164 1108 3339 1171 putet;

1776 1177 2008 1249 ideoque
2042 1181 2273 1252 singulis
2305 1185 2550 1240 numeris
2580 1199 2974 1258 congruentem
3011 1193 3186 1262 aptari
3219 1210 3342 1251 ver-

1775 1267 1967 1324 borum
2018 1273 2381 1338 sententiam;
2433 1277 2666 1348 exempli
2702 1294 2894 1346 causa,
2929 1283 3341 1356 quinquagena-

1774 1363 1889 1417 rius
1942 1379 2202 1419 numerus
2256 1367 2599 1426 remissionis
2661 1380 3007 1442 peccatorum
3070 1377 3336 1434 rationem

1771 1452 2040 1518 continet,
2062 1454 2133 1508 ob
2155 1454 2671 1527 quinquagesimum
2713 1462 2864 1517 illum
2903 1479 3105 1520 annum
3136 1468 3191 1523 in
3222 1469 3340 1542 lege

1771 1553 2158 1609 memoratum,
2193 1547 2476 1617 jubilaaum
2507 1551 2576 1606 ab
2609 1549 2853 1611 Hebraeis
2871 1558 3055 1612 vocari
3084 1561 3334 1626 solitum,

1769 1652 1876 1706 quo
1901 1638 2254 1694 remissiones
2279 1643 2772 1715 concessionesque
2790 1647 3132 1707 debitoribus
3153 1662 3332 1719 erant,

146 1709 213 1762 διὰ
233 1713 317 1781 τὴν
337 1711 390 1763 ἐν
412 1709 489 1782 τῷ
510 1711 662 1782 νόμῳ
683 1713 987 1785 φερομένην
1009 1719 1575 1791 πεντηκονταετερίδα,
1602 1724 1659 1793 ἣν

1773 1729 1992 1784 libertas
2023 1728 2265 1794 famulis,
2298 1740 2352 1787 et
2382 1734 2583 1789 similia
2605 1709 2851 1807 quaedam
2873 1741 2959 1810 agi
2989 1742 3106 1814 lege
3125 1709 3336 1800 conati;

157 1801 418 1873 Ίωὸηλαίον
449 1803 634 1866 παῖδες
681 1803 949 1876 Ἐϐραίων
983 1805 1229 1869 ἐκάλουν,
1261 1809 1318 1860 ἐν
1366 1803 1410 1878 ᾧ
1446 1812 1659 1882 ἀφέσεις

2255 1793 2260 1794 ,
2621 1793 2638 1807 ,
2908 1793 2957 1810 υ-
2989 1793 3102 1814 ww-
3133 1793 3322 1800 _____-_-

1771 1829 1946 1875 tutum
1973 1829 2112 1877 erat.
2146 1820 2319 1892 Cujus
2358 1825 2435 1880 rei
2462 1826 2637 1895 gratia
2666 1826 3068 1886 confessionem
3108 1833 3337 1890 sceleris

146 1893 220 1947 ul
247 1895 593 1968 συγχωρήσεις
627 1897 876 1966 ἐγένοντο
905 1903 1016 1968 τοῖς
1041 1903 1477 1973 χρεωφειλέταις,
1515 1906 1664 1960 ἐλευ-

146 1983 270 2055 θερία
295 2002 348 2038 τε
376 1985 630 2052 οἰκέταις,
679 1990 774 2043 καὶ
819 1990 952 2045 ἄλλα
987 1995 1108 2050 τινὰ
1145 1995 1368 2050 τοιαῦτα
1409 1998 1667 2069 πράττειν

145 2073 496 2146 νενομοθέτητο.
544 2076 751 2132 Τούτου
799 2080 958 2154 χάριν
1006 2083 1104 2156 τὴν
1147 2084 1530 2160 ἐξομολόγησιν
1573 2090 1666 2143 τοῦ

144 2167 560 2240 πλημμελήματος
606 2172 750 2244 ὑπὲρ
807 2179 1204 2248 συγχωρήσεως
1265 2182 1360 2233 καὶ
1419 2181 1665 2250 ἀφέσεως

145 2259 381 2332 ἁμαρτιῶν
398 2261 472 2334 τῷ
495 2269 538 2316 ν’
555 2263 755 2336 ψαλμῷ
781 2267 1112 2340 ἐφήρμοσεν.
1141 2270 1328 2336 Οὕτως
1350 2271 1441 2327 οῦν
1464 2276 1562 2328 καὶ
1580 2279 1664 2348 ἐφ’

144 2353 318 2424 ἑκάστῳ
343 2354 531 2426 ψαλμῷ
569 2357 716 2411 κατά
754 2375 906 2424 τινας
945 2360 1136 2430 λόγους
1177 2365 1243 2433 τῇ
1279 2363 1386 2416 τῶν
1419 2365 1664 2438 ἀριθμῶν

143 2441 325 2514 δυνάμει
355 2446 446 2511 τάς
481 2449 690 2514 οἰκείας
719 2450 957 2516 διανοίας
1001 2454 1141 2506 εἴποι
1188 2453 1255 2508 ἂν
1300 2457 1659 2528 ἐφηρμόσθαι.

153 2533 262 2596 Ἀλλ’
284 2538 308 2589 6
328 2538 489 2594 ταῦτα
519 2540 694 2610 λέγων
717 2541 777 2596 οῦ
808 2561 896 2614 μοι
921 2545 1069 2598 δοκεῖ
1096 2548 1384 2618 τυγχάνειν
1413 2549 1506 2603 τοῦ
1541 2568 1664 2605 σκο-

144 2625 240 2693 ποῦζ
268 2629 463 2701 πρῶτον
507 2634 605 2704 μὲν
646 2634 727 2686 ὅτι
767 2636 887 2690 οὐδὲ
935 2638 1069 2701 ὅλως
1111 2640 1341 2712 ἀριθμός
1383 2661 1467 2707 τις
1510 2646 1567 2697 ἐν
1594 2648 1660 2717 τῇ

153 2718 369 2793 Ἐδραῖκῇ
403 2723 562 2797 βίϐλῳ
597 2727 707 2781 τῶν
739 2728 982 2800 Ψαλμῶν
1013 2731 1254 2803 φέρεται·
1301 2732 1428 2787 ἄνευ
1473 2735 1529 2789 δέ
1564 2737 1663 2808 τῆς

141 2809 212 2862 τοῦ
237 2813 445 2884 ἀριθμοῦ
475 2818 794 2892 προσθήκης
816 2822 1226 2895 ἀνεγράφησαν-ι
1253 2823 1350 2881 εἷθ’
1371 2829 1450 2881 ὅτι
1478 2828 1663 2899 διαφό-

143 2919 229 2974 ρως
251 2908 396 2978 οἱμὲν
417 2912 520 2965 εἰσὶ
550 2916 908 2986 συνημμένοι,
942 2919 1068 2978 οιδὲ
1092 2919 1428 2992 διῃρημένοι.
1455 2923 1662 2978 Αὐτίκα

141 2993 244 3061 γοῦν
271 2998 297 3051 6
331 3001 529 3070 πρῶτος
568 3005 669 3058 καὶ
701 3006 730 3058 6
771 3007 1023 3081 δεύτερος
1057 3011 1198 3064 κατά
1227 3011 1326 3083 τὴν
1355 3013 1528 3084 ἀρχὴν
1559 3015 1659 3085 τῆς

143 3087 288 3191 ξαίρλου
309 3095 627 3166 συνημμένοι
653 3099 758 3151 είσὶ
787 3101 929 3163 κατὰ
949 3101 1010 3154 τὸ
1043 3103 1346 3174 Ἐὂραῖκόνο
1377 3106 1471 3159 κα)⁸
1497 3106 1656 3161 πάλιν
1685 3135 1726 3191 C

139 3179 218 3231 ὁδ’
243 3187 556 3256 συνημμένος
587 3191 721 3260 παρ’
748 3191 878 3262 ἡμῖν
911 3194 969 3252 ἐν
993 3193 1072 3265 τῷ
1111 3194 1381 3268 Ἐὅραῖκῷ
1403 3197 1654 3271 διῄρηται

139 3274 199 3336 εἰς
215 3273 305 3330 δύο.
326 3280 426 3333 Καὶ
451 3283 598 3338 πᾶσα
621 3283 679 3336 δὲ
705 3286 736 3354 ή
759 3284 868 3339 τῶν
885 3286 1128 3358 Ψαλμῶν
1153 3288 1331 3358 βίϐλος
1354 3293 1432 3354 εἰς
1457 3292 1595 3363 μέρη
1615 3299 1654 3346 ε’

137 3365 363 3442 διῄρηται,
401 3373 577 3438 καθὼς
623 3376 726 3447 ήδη
777 3378 1041 3449 πρότερον
1082 3379 1317 3451 εἴρηται.
1357 3375 1454 3433 Ὧν
1484 3383 1654 3449 οὕτως

137 3455 345 3544 ἐχόντων,
399 3462 649 3532 σχολάζοι
695 3463 760 3518 ἂν
813 3467 845 3537 ἡ
891 3467 1247 3539 προλεχθεῖσα
1277 3470 1384 3524 τῶν
1409 3473 1654 3544 ἀριθμῶν

138 3543 316 3616 θεωρία.
347 3552 496 3606 Ποῖον
526 3554 581 3609 δὲ
617 3555 712 3608 καὶ
743 3555 898 3625 λόγον
941 3559 1082 3612 είποι
1115 3561 1180 3614 ἄν
1212 3578 1296 3625 τις
1336 3543 1502 3632 ἔχειν,
1534 3565 1654 3635 φέρ’

138 3639 293 3728 εἰπεῖν,
321 3643 404 3697 τοῦ
427 3647 559 3716 μετά
586 3651 776 3720 χεῖρας
795 3649 1029 3720 ψαλμοῦ,
1061 3651 1204 3721 λέγω
1233 3652 1288 3706 δὲ
1318 3653 1411 3714 τοῦ
1439 3654 1536 3719 ξδ’,
1557 3655 1654 3728 τὴν

135 3727 327 3785 διάνοιαν
346 3737 473 3806 πρδς
492 3737 581 3791 τὸν
604 3739 806 3794 τοιόνδε
830 3741 1061 3812 ἀριθμρν
1083 3743 1464 3815 ἐφαρμόττειν,
1494 3745 1535 3816 ἢ-
1547 3746 1654 3800 τῶν

136 3819 201 3888 ἐφ’
225 3823 412 3898 ἑκάστῳ
449 3828 556 3883 τῶν
598 3836 676 3903 ρν¹
722 3830 970 3902 ἀριθμῶν
1004 3833 1132 3886 ἴδιον
1164 3835 1503 3906 ἀφοριεῖσθαι
1531 3836 1653 3890 νοῦν

136 3918 427 3986 προσήκοντα
467 3922 545 3994 τῷ
584 3922 795 3995 τοιῷδε,
831 3926 864 3997 ἢ
898 3925 975 3997 τῷ
1003 3925 1187 3996 τοιῷδε
1223 3928 1476 4000 ἀριθμῷ;
1517 3929 1652 3983 ἀλλὰ

133 4005 270 4062 ταῦτα
317 4012 406 4081 μὲν
456 4015 559 4087 ὅπη
612 4033 698 4080 τις
753 4017 924 4074 ἐθέλοι
968 4019 1374 4090 παραδεχέσθοο.
1425 4021 1564 4090 Ἐγὼ
1595 4023 1653 4076 δὲ

132 4099 336 4171 ἡγοῦμαι,
368 4107 460 4177 τῆς
509 4109 618 4162 τῶν
674 4111 1140 4182 ἐγγεγραμμένων
1187 4113 1424 4181 διανοίας
1469 4115 1653 4170 ἕνεκεν

136 4189 298 4265 ἑφεξῆς,
317 4197 548 4269 ἀλλήλων
578 4202 705 4265 τοὺς
733 4201 979 4274 ψαλμοὺς
1014 4205 1227 4259 κεῖσθαι
1256 4207 1396 4260 κατά
1425 4208 1486 4260 τὸ
1505 4209 1654 4263 πλεῖ-

135 4294 248 4348 στον,
266 4286 420 4353 οὕτως
446 4291 503 4355 ἐν
527 4292 743 4355 πολλοῖς
765 4295 1103 4368 ἐπιτηρήσας
1125 4297 1218 4350 καὶ
1241 4297 1434 4370 εὐρώνο
1457 4299 1536 4352 διὸ
1560 4301 1653 4354 καὶ

135 4374 357 4444 συνῆφθαι
380 4382 571 4446 αὐτοὺς
591 4383 792 4439 ὡσανεὶ
813 4387 1130 4455 συγγένειαν
1156 4387 1377 4458 ἔχοντας
1401 4390 1497 4444 καὶ
1522 4391 1652 4445 ἀκο-

1769 1927 1868 1984 pro
1917 1914 2075 1966 venia
2131 1921 2185 1969 et
2232 1915 2556 1973 remissione
2608 1927 2959 1988 peccatorum
3001 1923 3337 1996 quinquage-

1768 2005 1907 2058 simo
1929 2005 2140 2073 psalmo
2171 2008 2460 2076 aptaverit.
2515 2007 2607 2064 Sic
2652 2010 2821 2082 igitur
2865 2012 2955 2069 ille
2987 2013 3219 2085 singulis
3275 2016 3334 2070 in

1768 2097 2014 2166 psalmis,
2046 2098 2346 2153 secundum
2372 2101 2639 2171 quasdam
2685 2105 2948 2172 rationes,
2979 2122 3330 2163 numerorum

1768 2189 1954 2242 virtuti
1984 2190 2313 2244 sententiam
2362 2194 2638 2264 propriam
2673 2196 3077 2253 accommodari
3107 2198 3328 2256 dixerit.

1764 2283 1831 2334 At
1883 2283 1974 2351 qui
2027 2286 2154 2339 talia
2187 2286 2354 2350 dicat,
2395 2302 2506 2342 non
2541 2287 2756 2342 videtur
2792 2290 2924 2343 mibi
2973 2305 3200 2361 scopum
3247 2299 3332 2346 ato-

1765 2373 1970 2443 tingere
2004 2394 2018 2429 :
2052 2377 2229 2446 primo
2248 2378 2467 2448 quidem
2497 2379 2644 2450 quod
2674 2381 2860 2437 nullus
2889 2383 3118 2438 omnino
3139 2398 3333 2439 nume-

1766 2478 1860 2518 rus
1901 2466 1954 2520 in
1984 2466 2254 2524 llebraico
2304 2469 2648 2526 Psalmorum
2697 2472 2839 2528 libro
2889 2472 3126 2543 feratur;
3158 2475 3255 2532 sed
3291 2475 3332 2531 ii

1764 2559 1917 2613 nullo
1941 2560 2130 2617 addito
2161 2577 2391 2618 numero
2415 2564 2827 2621 inscribantnr:
2859 2565 3058 2622 deinde
3087 2553 3214 2640 q'uia
3246 2569 3332 2624 di-

1762 2666 1919 2708 verso
1949 2653 2114 2708 modo
2154 2654 2230 2708 illi
2279 2655 2366 2709 vel
2414 2653 2674 2726 disjuncti
2710 2658 2791 2712 vel
2843 2659 3122 2728 conjuncti
3178 2670 3328 2716 sunt.

1761 2740 1896 2798 Nam
1923 2745 2006 2800 vel
2032 2745 2102 2800 ab
2128 2745 2246 2816 ipso
2281 2746 2439 2801 initio
2477 2749 2691 2818 primus
2717 2756 2771 2802 et
2815 2751 3092 2805 secundus
3127 2751 3182 2805 in
3231 2750 3334 2808 He-

1762 2832 1952 2887 braico
1973 2835 2272 2903 exemplari
2308 2836 2549 2906 copulati
2580 2845 2708 2892 sunt
2743 2856 2756 2892 :
2793 2853 3124 2909 rursumque
3149 2855 3330 2896 nonus

1761 2923 1854 2992 qui
1897 2924 2225 2994 conjunctus
2267 2926 2323 2980 in
2356 2935 2568 2995 nostro,
2598 2928 2652 2982 in
2694 2927 2962 2984 l-lebraico
3013 2930 3224 2987 divisus
3270 2933 3331 2988 in

1761 3011 1900 3066 duos
1949 3021 2059 3072 est,
2109 3011 2388 3084 Totusque
2421 3014 2767 3075 Psalmorum
2817 3018 2975 3082 liber,
3027 3029 3086 3074 ut
3119 3020 3326 3076 dictum

1762 3101 2038 3170 superius,
2089 3104 2140 3157 in
2175 3104 2415 3173 quinque
2446 3115 2632 3176 partes
2663 3107 2990 3165 distributus
3039 3120 3143 3166 est.
3197 3111 3336 3180 Quae;

1762 3210 1886 3249 cum
1939 3195 2013 3249 ita
2043 3211 2102 3252 se
2127 3196 2384 3265 habeant,
2417 3209 2574 3254 vacet
2608 3199 2852 3270 profecto
2893 3203 3213 3274 inutilisque
3255 3205 3329 3262 sit

1764 3287 2018 3356 praedicta
2048 3304 2403 3348 numerorum
2449 3291 2838 3347 consideratio.
2872 3293 3074 3363 Ecqua,
3110 3298 3324 3362 amabo,

1764 3378 1902 3436 ratio
1957 3378 2145 3444 fuerit,
2196 3381 2432 3452 exempli
2484 3397 2676 3448 causa,
2711 3386 3017 3454 praesentis,
3066 3387 3324 3444 nimirum

1761 3485 1870 3524 an
1921 3471 2118 3540 psalmi
2167 3474 2520 3539 sententiam,
2573 3490 2697 3530 cum
2731 3476 3047 3546 huiusmodi
3097 3495 3327 3535 numero

1761 3569 2052 3631 coaptare;
2084 3563 2170 3619 vel
2206 3564 2259 3618 in
2288 3564 2523 3636 singulis
2567 3581 2634 3622 οι.
2683 3569 2937 3624 numeris.
2962 3570 3238 3640 propriam
3273 3579 3325 3626 et

1760 3664 2145 3723 congruentem
2187 3656 2283 3710 tali
2325 3657 2411 3713 vel
2437 3657 2536 3714 tali
2564 3674 2792 3714 numero
2818 3672 3054 3730 mentem
3077 3663 3324 3732 assigna-

1760 3745 1858 3800 re?
1890 3744 1998 3801 Sed
2032 3747 2148 3804 haec
2193 3747 2413 3818 quidem
2453 3749 2684 3804 arbitrio
2724 3766 2825 3805 suo
2853 3752 3036 3820 quivis
3065 3754 3322 3823 accipiat.

1760 3838 1871 3909 Ego
1893 3855 2022 3895 vero
2049 3841 2289 3896 arbitror
2330 3856 2431 3911 pro
2465 3843 2750 3897 sententiae
2790 3844 3003 3899 ratione
3047 3852 3103 3899 et
3133 3845 3322 3906 simili-

1761 3931 1973 3998 tudine,
2003 3933 2246 4003 psalmos
2275 3939 2338 3988 ut
2387 3933 2683 4004 plurimum
2712 3933 2957 4006 digestos
2999 3951 3143 4000 esse,
3194 3937 3329 4008 quia-

1761 4022 1862 4077 hoc
1910 4021 1967 4076 in
2010 4023 2200 4077 multis
2250 4023 2597 4078 observatum
2630 4027 2874 4095 comperi
2917 4045 2931 4081 :
2969 4026 3202 4098 ideoque
3233 4043 3321 4082 ora

1761 4115 1888 4170 dine
1909 4116 2237 4184 conjunctos
2262 4132 2386 4173 esse
2411 4117 2504 4188 qui
2535 4117 2846 4175 aﬂlnitatem
2875 4128 2930 4176 et
2977 4137 3320 4194 consequen-

1756 4205 1888 4259 tiam
1912 4205 2144 4260 invicem
2184 4206 2509 4276 praaferrent
2541 4226 2554 4261 :
2591 4207 2829 4278 indeque
2860 4224 2969 4264 non
2997 4225 3097 4280 pro
3119 4219 3320 4282 tempo-

1756 4296 1832 4352 ris
1855 4296 2091 4361 ratione,
2127 4296 2223 4352 sed
2255 4312 2354 4367 pro
2380 4298 2653 4353 sententia
2681 4299 2736 4353 in
2771 4299 2914 4356 serie
2955 4300 3107 4356 ferri.
3155 4302 3320 4374 quue

1751 4385 1862 4454 jam
1905 4386 2164 4456 superius
2205 4396 2698 4444 commonstratum
2728 4398 2834 4458 est,
2883 4406 3005 4447 cum
3037 4408 3103 4448 ex
3133 4395 3321 4450 multis

132 4463 308 4554 λουθίαν
333 4473 459 4544 πρὸς
488 4475 768 4547 ἀλλήλους.
806 4478 1096 4550 Ἔνθενμὴ
1119 4480 1401 4543 κατάᾴτοὺς
1428 4482 1652 4552 χρόνους

1761 4477 1901 4540 aliis,
1936 4485 2050 4532 tum
2081 4479 2317 4534 maxime
2345 4495 2376 4532 a
2417 4495 2506 4533 xu
2560 4480 2628 4534 ad
2675 4484 3210 4554 quinquagesimum,
3262 4483 3320 4539 in

132 4552 436 4626 ἐμφέρεσθαι,
463 4565 596 4624 ἀλλά
628 4567 772 4621 κατά
794 4568 891 4638 τὴν
922 4570 1021 4638 τῆς
1049 4569 1642 4636 διανοίας-ἀκολουθίαν.

132 4643 364 4705 Δέδεικται
390 4653 444 4707 δέ
475 4657 632 4714 τοῦτο
663 4659 761 4730 ’ήδη
799 4659 1065 4732 πρότερον.
1098 4663 1193 4723 καὶ
1240 4663 1347 4717 ἀπὸ
1389 4664 1646 4720 πλειόνων

134 4737 425 4827 μὲνέτέρων,
461 4749 693 4819 μάλιστα
723 4752 779 4804 δὲ
812 4752 920 4806 ἀπὺ
946 4751 1039 4806 τοῦ
1070 4759 1158 4824 μα’
1183 4753 1343 4827 μέχρι
1370 4755 1463 4809 τοῦ
1493 4763 1556 4824 ν’,
1589 4759 1645 4811 ἐν

129 4821 191 4891 οἷς
231 4833 599 4906 ἀποδεικτικῶς
649 4846 1097 4916 παρεστήσςιμεν⁸
1123 4845 1251 4910 τοὺς
1311 4847 1408 4917 μὲν
1461 4850 1647 4918 ἐπιγε-

132 4928 429 4995 γραμμένους
461 4933 726 4990 τῶνυίῶν
757 4937 901 5008 Κορέ
943 4937 1144 5010 πολλὴν
1187 4938 1382 5003 σώζειν
1421 4941 1646 4995 ἀκολου-

129 5010 224 5106 θίαν
249 5019 370 5089 πρὸς
397 5023 488 5078 τὸν
519 5025 640 5082 νοῦν
670 5028 762 5081 τὸν
788 5029 848 5093 ἐξ
875 5029 1054 5083 αὐτῶν
1079 5031 1424 5103 δηλούμενον·
1450 5033 1647 5106 ἐφεξῆς

129 5101 172 5154 δέ
191 5107 372 5175 τούτοις
404 5115 648 5188 κείμενον
677 5119 769 5173 τὸν
797 5121 892 5174 τοῦ
936 5121 1108 5191 Ἀσὰφ
1133 5125 1227 5181 καὶ
1253 5125 1413 5180 πάλιν
1444 5127 1644 5182 τούτων

130 5201 432 5274 συνημμένην
456 5207 551 5260 τοῦ
575 5209 736 5264 Δαυῖδ
761 5209 862 5284 τὴν
888 5211 1272 5285 ἐξομολόγησιν
1293 5216 1394 5288 τὴν
1422 5219 1480 5270 ἐν
1499 5215 1578 5288 τῷ
1600 5217 1646 5271 ν’

131 5292 406 5366 φερομένην,
436 5298 687 5359 ἀΰίαστον
719 5302 816 5373 τήν
857 5302 1212 5363 ἀποδοθεῖσαν
1245 5308 1378 5377 ἡμῖν
1411 5308 1642 5378 θεωρίαν

132 5382 366 5469 παρέχειν.
392 5390 504 5444 Μία
532 5392 629 5462 μὲν
661 5389 754 5447 οὖν
785 5393 920 5466 nitu;
952 5395 992 5467 ή
1019 5396 1190 5463 αἰτία,
1216 5396 1293 5460 ὡς
1323 5398 1448 5469 ἐμοὶ
1475 5399 1642 5464 δοκεῖ,

237 5475 534 5546 ἀκολουθίας
574 5485 766 5553 γένοιτ’
797 5486 864 5541 ἂν
887 5487 996 5540 τῶν
1024 5486 1274 5560 ψαλμῶν·
1305 5468 1412 5561 ἔχω
1448 5491 1505 5544 δὲ
1551 5493 1644 5545 καὶ

128 5555 264 5633 ἀλλην
290 5569 470 5628 εἰπεῖν.
515 5576 591 5644 (ι)
623 5576 826 5648 Πολλῆς
856 5577 966 5649 γὰρ
995 5555 1437 5653 είδωλολατρείας
1469 5600 1642 5636 κατα-

131 5656 439 5732 ιρατησάσης
468 5663 560 5717 τοῦ
602 5666 866 5727 Ἰουδαίων
899 5667 1104 5737 ἔθνους,
1132 5669 1302 5742 λήθην
1329 5671 1526 5736 αὐτοὺς
1548 5689 1649 5727 πε-,

195 5769 259 5840 (Ι)
288 5771 350 5831 lis
378 5776 483 5835 fere
512 5783 708 5838 similia
740 5784 792 5840 in
826 5787 1062 5860 prologis
1085 5803 1248 5861 supra
1283 5789 1571 5846 habentur.

1751 4570 1953 4640 quibus
1976 4569 2124 4624 clare
2147 4571 2648 4641 comprobavimus,
2671 4589 2766 4629 eos
2796 4575 2889 4644 qui
2917 4574 3145 4628 filiorum
3179 4574 3316 4632 Core

1753 4662 1998 4732 inscripti
2041 4671 2190 4730 sunt,
2234 4665 2458 4720 multam
2508 4666 2710 4723 habere
2735 4669 2879 4738 quod
2917 4667 2984 4723 ad
3010 4683 3230 4724 sensum
3262 4669 3319 4723 in

1751 4755 1822 4810 iis
1847 4755 2270 4826 deprehensum,
2305 4759 2448 4815 inter
2487 4775 2547 4816 se
2589 4760 2902 4816 affinitatem
2938 4780 2951 4816 :
3001 4769 3317 4831 sequentem

1751 4863 1882 4902 vero
1911 4850 2003 4919 qui
2034 4851 2236 4921 Asaphi
2265 4861 2370 4917 est,
2414 4862 2470 4908 et
2509 4853 2576 4909 iis
2606 4855 2906 4910 subnexam
2953 4855 3009 4908 in
3043 4853 3318 4925 quinqua-

1752 4940 1960 5010 gesimo
2021 4939 2243 4998 Davidis
2294 4943 2722 5008 confessionem,
2781 4945 3027 5013 opinioni
3090 4954 3314 5010 nostrae,

1751 5033 1894 5101 quod
1922 5033 2130 5089 scilicet
2158 5035 2267 5088 vim
2303 5035 2508 5089 nullam
2541 5036 2705 5091 rebus
2748 5036 2968 5100 inferat,
3003 5038 3310 5108 astipulari.

1752 5121 1879 5182 llaec
1925 5138 2035 5178 una
2084 5139 2252 5180 causa
2311 5123 2498 5191 fuerit,
2551 5132 2611 5180 ut
2664 5126 2796 5179 mibi
2826 5127 3045 5197 quidem
3075 5128 3316 5195 videtur,

1750 5229 1849 5268 cur
1883 5214 2077 5284 psalmi
2131 5229 2199 5270 eo
2247 5215 2440 5270 ordine
2487 5215 2650 5285 pesiti
2688 5215 2798 5269 sint
2855 5234 2868 5270 :
2922 5217 3084 5270 aliam
3133 5224 3312 5273 tamen

1750 5307 1993 5378 proferre
2020 5306 2341 5363 valeo.Cum
2364 5307 2537 5362 multo
2557 5306 2876 5363 idololatriae
2902 5324 3099 5376 genere
3126 5307 3316 5364 Judai-

1750 5385 1848 5455 cus
1876 5398 2108 5468 populus
2137 5397 2492 5458 detineretur,
2523 5397 2674 5466 ipsos
2701 5397 2910 5467 patrias
2941 5397 3248 5468 scripturas
3283 5416 3315 5456 c

1751 5493 2009 5546 memoria
2031 5491 2354 5547 obliterassc
2378 5497 2568 5544 narrat
2594 5489 2907 5560 Regnorum
2933 5491 3198 5558 historia;
3237 5493 3315 5548 ita

1751 5589 1819 5634 ut
1842 5597 2019 5652 neque
2044 5581 2294 5636 Mosaicae
2319 5580 2454 5648 legis
2486 5580 2624 5636 liber
2656 5581 2796 5636 ultra
2821 5583 3181 5652 reperiretur,
3214 5599 3312 5637 ne-

1747 5689 1852 5743 que
1883 5679 2124 5744 paternre
2165 5671 2383 5744 pietatis
2412 5673 2672 5731 memoria
2707 5689 2873 5744 penes
2901 5673 3028 5733 illos
3060 5687 3308 5732 servare-
