3808 6280
438 329 540 382 8θῖ

1100 320 1364 375 EUSEBII
1405 321 1880 376 CA‘ZSAlllENSlS
1909 319 2058 378 ()PP.
2101 321 2278 377 PARS
2317 322 2404 376 Ill.
2447 353 2514 362 —
2542 319 2951 379 EXEGETICA.

3538 323 3628 380 606

437 457 545 505 tur.
589 446 680 500 Sic
730 445 910 513 itaque
943 442 1235 512 prophetas
1285 441 1614 510 impietatem
1645 456 1797 496 suam
1825 457 1983 496 coar-

2089 442 2340 513 ποιῆσθαι
2366 441 2471 496 τῶν
2497 441 2738 512 πατρίων
2764 439 3035 511 γραφῶνή
3058 438 3161 492 τῶν
3187 439 3475 494 Βασιλειῶν
3505 441 3625 496 ίστο-

436 551 662 611 guentes
693 535 1087 589 interliciehant
1115 552 1127 586 :
1161 533 1360 602 quibus
1399 534 1466 587 de
1495 535 1678 588 causis
1708 535 1759 587 in
1811 535 1987 603 capti-

435 634 653 688 vitalem
686 627 1029 698 Assyriorum
1057 625 1230 694 primo
1257 625 1437 679 traditi
1462 635 1606 680 sunt.
1634 625 1776 679 Nihil
1811 627 1991 694 itaque

435 727 631 780 mirum
667 730 752 776 est
809 721 863 773 in
907 719 1001 772 tali
1035 726 1333 787 temporum
1376 718 1686 772 conditione
1719 719 1988 787 quaedam,

430 831 553 888 qua:
593 815 644 868 in
701 813 840 866 libro
885 809 1223 864 Psalmorum
1276 810 1585 870 exstabant,
1635 809 1791 877 longo
1821 822 1992 860 anno-

431 918 553 955 rum
590 899 863 953 curriculo
893 897 1165 951 oblivione
1203 897 1509 960 obliterata,
1555 896 1843 950 excidisse.
1878 894 1990 949 Sub

435 995 550 1049 hinc
581 1001 758 1045 autem
795 991 910 1044 sive
945 988 1165 1051 Esdras,
1200 989 1315 1043 sive
1348 989 1619 1058 quispiam
1677 991 1814 1043 alius
1863 1005 1990 1060 pro-

436 1085 721 1155 pbetarum
774 1081 924 1152 ipsos
979 1081 1267 1150 colligendi
1314 1095 1498 1132 curam
1533 1081 1794 1150 suscepit,
1829 1089 1991 1150 atque

436 1191 544 1229 una
573 1187 694 1228 eum
729 1174 850 1227 aliis
907 1173 1102 1224 librum
1159 1185 1374 1240 quoque
1408 1169 1747 1226 Psalmorum
1801 1187 1992 1226 conse-

437 1267 609 1322 cravit
639 1284 652 1319 :
683 1279 856 1332 neque
886 1260 1172 1316 confertim
1201 1276 1390 1314 omnes
1421 1266 1641 1330 reperit,
1679 1261 1773 1317 sed
1811 1263 1992 1316 diver-

439 1359 516 1414 sis
542 1356 897 1426 temporibus.
933 1353 988 1406 ln
1028 1353 1216 1422 primis
1261 1361 1440 1406 autem
1492 1354 1687 1405 locavit
1735 1370 1851 1415 eos,
1897 1355 1988 1424 qui

437 1450 598 1521 primi
636 1448 835 1502 inventi
868 1445 1081 1499 fuerant
1115 1463 1127 1497 :
1163 1445 1398 1512 hincque
1429 1443 1650 1507 factum,
1697 1452 1756 1498 ut
1809 1445 1844 1497 ii
1897 1446 1988 1514 qui

437 1540 656 1595 Davidis
679 1547 826 1602 sunt,
854 1555 959 1592 non
987 1544 1380 1604 consequenter
1411 1552 1599 1591 omnes
1627 1537 1870 1605 jaceant;
1896 1538 1988 1592 sed

435 1633 704 1692 commisti
740 1647 860 1685 cum
911 1631 978 1685 iis
1008 1629 1099 1698 qui
1141 1629 1371 1682 filiorum
1403 1628 1560 1691 Coro,
1590 1628 1789 1699 Asaph,
1823 1629 1990 1685 Solo-

437 1726 634 1785 monis,
665 1722 884 1793 Moysis,
909 1719 1132 1779 zEthan,
1166 1718 1382 1782 Eman,
1417 1734 1742 1787 rursumque
1774 1719 1988 1774 Davidis

2095 535 2182 604 ρία
2209 533 2460 586 διδάσκει’
2488 533 2561 596 ὡς
2595 533 2725 604 μηδὲ
2744 533 3018 602 φαίνεσθαι
3043 531 3218 601 βίϐλον
3251 531 3344 583 τοῦ
3374 533 3623 598 Μωῦσὲως

2091 626 2274 696 νόμου,
2319 627 2450 696 μηδὲ
2501 628 2716 697 μνήμην
2766 629 2864 696 τῆς
2909 625 3016 678 τῶν
3070 624 3318 695 πατέρων
3367 625 3619 692 εὐσεϐείας

2092 717 2356 781 σώζεσθαι
2386 717 2512 788 παρ’
2537 718 2735 780 αὐτοῖς.
2769 716 2922 770 Οὕτω
2946 715 3073 784 γοῦν
3095 717 3186 768 καὶ
3209 717 3334 778 τοὺς
3363 718 3622 786 προφήτας

2091 809 2320 880 ἀνῄρουν
2373 808 2742 879 διελέγχοντας
2793 808 2968 860 αὐτῶν
3019 807 3117 870 τὰς
3167 807 3498 870 δυσσεϐείας,
3541 812 3619 862 καὶ

2089 899 2290 952 τούτων
2320 899 2481 951 ἕνεκα
2517 899 2576 951 τὸ
2607 899 2818 969 πρῶτον
2848 901 2914 968 τῇ
2943 897 3047 950 τῶν
3085 899 3380 968 Ἀσσυρίων
3414 899 3618 969 παρεδόο

2091 990 2258 1060 θησαν
2299 989 2659 1060 αἰχμαλωσίᾳ.
2695 990 2859 1042 Οὐδὲν
2891 986 2981 1043 οὖν
3007 990 3310 1060 θαυμαστὸν
3339 993 3396 1043 ἐν
3423 991 3621 1062 τοιαύτη

2091 1085 2415 1137 καταστάσει
2450 1083 2676 1156 καιρῶν,
2723 1085 2815 1137 καὶ
2859 1085 2926 1137 τά
2968 1085 3312 1154 ἐμφερόμενα
3361 1087 3424 1155 τῇ
3477 1084 3618 1154 βίϐλῳ

2089 1175 2193 1227 τῶν
2217 1175 2456 1246 Ψαλμῶν
2487 1175 2936 1239 διαπεπωκέναι,
2959 1176 3094 1247 λήθῃ
3128 1194 3186 1228 τε
3216 1180 3440 1246 μακροῖς
3465 1195 3619 1247 παραυ

2089 1266 2328 1320 δεδόσθαι
2362 1268 2590 1337 χρόνοις.
2625 1269 2778 1321 Μετά
2815 1269 2870 1321 δὲ
2902 1268 3073 1322 ταῦτα
3106 1271 3215 1320 εἴτε
3252 1268 3503 1336 Ἔσδραν,
3529 1269 3621 1322 εἴτε

2088 1358 2208 1411 τινὰ
2243 1359 2424 1428 ἕτερον
2456 1358 2767 1430 προφητῶν,
2813 1361 2940 1430 περὶ
2969 1360 3068 1430 τὴν
3112 1359 3428 1428 συναγωγὴν
3466 1359 3624 1412 αὐτῶν

2091 1449 2496 1510 ἐσπουδακέναι,
2532 1448 2668 1519 μετά
2701 1465 2759 1500 τε
2805 1447 2912 1500 τῶν
2953 1448 3152 1501 λοιπῶν
3191 1451 3284 1502 καὶ
3323 1449 3420 1519 τὴν
3469 1449 3627 1519 βίϐλον

2089 1537 2194 1589 τῶν
2213 1537 2454 1608 Ψαλμῶν
2479 1537 2882 1608 συναγηοχέναι,
2907 1539 3004 1591 οὐκ
3029 1538 3238 1610 ἀθρόως
3265 1538 3490 1609 εὑρόντα
3518 1540 3628 1602 τοὺς

2090 1629 2313 1693 πάντας,
2337 1627 2468 1682 ἀλλα
2491 1628 2628 1681 κατὰ
2648 1629 2930 1698 διαφόρους
2946 1629 3184 1700 χρόνους.
3209 1630 3629 1684 Κατατάττεινδέ

2090 1722 2146 1772 ἐν
2161 1719 2392 1791 πρώτοις
2421 1721 2545 1784 τοὺς
2564 1719 2807 1791 πρώτους
2823 1721 3258 1790 εὑρισκομένους
3285 1721 3364 1774 διὸ
3383 1722 3516 1794 μηδὲ
3547 1721 3628 1776 τοῦ

436 1818 492 1872 ἱη
527 1818 664 1870 libro
691 1811 1164 1883 deprehenduntur
1183 1852 1197 1874 ,
1233 1827 1339 1865 non
1365 1812 1573 1865 ratione
1602 1813 1858 1881 temporis
1883 1829 1983 1882 quo

2089 1790 2248 1861 Δαυῖδ
2283 1809 2480 1878 ἐφεξῆς
2513 1790 2718 1862 κεῖσθαι
2748 1810 2872 1872 τοὺς
2908 1810 3132 1873 πάνταςο
3168 1813 3224 1863 ἐν
3251 1811 3304 1863 δὲ
3336 1790 3413 1881 τῷ
3447 1790 3628 1881 μεταξὺ

435 1905 791 1980 pronuntiati,
828 1904 921 1959 sed
966 1919 1076 1974 quo
1122 1903 1318 1972 reperti
1359 1914 1507 1957 sunt.
1542 1903 1787 1974 Hincque
1814 1907 1989 1958 conti-

432 1999 530 2069 git,
568 2007 623 2050 ut
652 1999 742 2067 qui
798 2004 1038 2065 tempore
1085 1996 1416 2064 posteriores
1455 2003 1630 2060 erant,
1673 1996 1798 2064 quia
1831 1996 1987 2064 primi

433 2086 654 2154 reperti,
699 2084 858 2154 primi
911 2083 1138 2153 repositi
1196 2084 1341 2149 sint;
1405 2099 1468 2138 ac
1507 2086 1624 2138 vice
1678 2100 1858 2147 versa,
1893 2086 1984 2155 qui

433 2179 593 2247 primi
620 2177 855 2239 fuerant,
891 2177 1019 2246 quia
1054 2185 1175 2244 post
1206 2177 1344 2230 alios
1369 2177 1508 2230 eruti
1536 2186 1682 2240 sunt,
1717 2180 1983 2247 posterio-

431 2271 558 2323 rem'
594 2269 647 2322 in
697 2270 872 2322 locum
911 2269 1022 2322 sint
1066 2268 1372 2323 conslituti.
1431 2268 1494 2322 Et
1551 2270 1664 2322 haec
1718 2269 1876 2323 nobis
1923 2269 1991 2323 de

432 2359 730 2428 quaestione
772 2359 1049 2428 pr0posita
1099 2359 1460 2426 coniectando
1510 2361 1655 2414 dicta
1706 2362 1836 2416 sint.
1869 2359 1988 2413 Jam

432 2463 643 2520 tempus
693 2458 796 2512 est,
839 2459 898 2505 ut
946 2454 1012 2505 ad
1065 2451 1210 2506 dicta
1260 2453 1422 2523 hujus
1473 2469 1636 2524 quem
1688 2461 1988 2508 tractamus

433 2545 626 2613 psalmi
653 2543 994 2599 accedamus.

2089 1904 2182 1956 καὶ
2213 1900 2318 1954 τῶν
2348 1901 2477 1954 υίῶν
2506 1901 2671 1971 Κορὲ,
2718 1901 2810 1954 καὶ
2853 1900 2948 1954 τοῦ
2995 1902 3184 1970 Ἀσάφ,
3213 1903 3308 1956 καὶ
3337 1902 3631 1974 Σολομῶνος

2087 1996 2181 2049 καὶ
2205 1994 2495 2058 Μωῦσέως,
2521 1993 2685 2047 Αίθάν
2726 2011 2786 2047 τε
2832 1995 2925 2047 καὶ
2968 1995 3162 2065 Αίμάν,
3216 1996 3308 2050 καὶ
3357 1996 3515 2050 πάλιν
3552 1998 3630 2051 τοῦ

2087 2085 2247 2140 Δαυῒδ
2278 2086 2622 2156 εὑρίσκεσθαι
2651 2087 2850 2158 ἀναμὶξ
2877 2089 2933 2141 ἐν
2957 2091 3021 2158 τῇ
3055 2088 3217 2159 βίϐλῳ
3239 2091 3629 2161 κατατεταγμέσ

2088 2193 2230 2240 νους,
2265 2175 2325 2228 ού
2354 2173 2474 2228 καθ’
2507 2173 2602 2238 οὓς
2635 2176 2933 2248 ἐλέχθησαν
2963 2178 3205 2249 χρόνους,
3245 2178 3382 2233 ἀλλά
3411 2178 3529 2233 καθ’
3554 2179 3632 2243 οὒς

2087 2266 2362 2338 εὕρηνται.
2399 2265 2588 2317 Ἔνθεν
2623 2267 2890 2337 συμϐῆναι
2929 2269 3054 2330 τοὺς
3091 2271 3202 2331 τοῖς
3237 2269 3448 2340 χρόνοις
3491 2269 3632 2328 ὑστέ-

2091 2375 2213 2428 ρους
2240 2355 2484 2430 πρώτους
2506 2357 2830 2427 εὑρεθέντας
2864 2358 3234 2430 ἀναληφθῆναι
3258 2359 3524 2436 πρώτοςυς,
3552 2362 3632 2414 καὶ

2085 2451 2210 2512 τοὺς
2226 2453 2338 2512 τοῖς
2359 2449 2568 2520 χρόνοις
2595 2451 2907 2524 προτέρους,
2941 2452 3079 2522 μετὰ
3099 2453 3268 2505 ταῦτα
3293 2455 3352 2506 εὑ
3362 2471 3426 2523 ρη
3436 2455 3631 2524 μένους,

2083 2539 2140 2594 ἐν
2171 2541 2396 2611 δευτέρα
2425 2541 2794 2611 καταταγῆναι
2821 2541 2994 2615 χώρα.
3025 2543 3206 2598 Ταῦτα
3251 2545 3349 2615 μὲν
3389 2542 3479 2598 οὖν
3517 2547 3632 2615 ἡμῖν

431 2641 510 2702 είς
546 2639 642 2710 τὴν
687 2639 1042 2710 προταθεῖσαν
1087 2641 1310 2712 ζήτησιν
1359 2639 1419 2706 ἐξ
1465 2642 1688 2695 εἰκότων
1729 2639 1983 2713 εἰρήσθω.
2027 2639 2164 2710 Ἤδη
2195 2638 2251 2690 δὲ
2317 2637 2412 2692 καὶ
2451 2637 2559 2691 τῶν
2599 2637 2981 2709 ἐμφερομένων
3029 2637 3086 2692 ἐν
3132 2636 3208 2708 τῷ
3249 2638 3387 2708 μετὰ
3466 2641 3631 2708 χεῖρας

427 2732 625 2804 ψαλμῷ
653 2733 958 2802 ἐφάψασθαι
990 2735 1198 2806 καιρός.

497 2822 633 2876 Cum
697 2823 812 2892 pari
865 2831 1026 2892 atque
1076 2825 1257 2880 cateri
1304 2827 1578 2896 propheta:
1622 2827 1782 2882 modo
1814 2826 1984 2882 David

429 2923 635 2968 erraret
657 2915 712 2966 in
741 2914 1146 2981 solitudinibus,
1191 2917 1245 2970 in
1281 2919 1580 2981 montibus,
1616 2920 1669 2973 in
1706 2921 1982 2989 speluncis

2157 2817 2508 2888 Πλανὼμενος
2539 2816 2699 2870 Δαυῒδ
2734 2818 2933 2888 ὁμοίως
2963 2819 3072 2880 τοῖς
3111 2817 3314 2882 λοιποῖς
3344 2822 3632 2892 προφήταις

2088 2911 2144 2963 ἐν
2177 2911 2430 2982 ἐρημίαις
2462 2909 2555 2964 καὶ
2577 2910 2747 2980 ὄρεσι,
2779 2911 2871 2962 καὶ
2893 2909 3191 2980 σπηλαίοις,
3213 2912 3308 2964 καὶ
3337 2916 3461 2977 ταῖς
3491 2915 3631 2977 ὀπαῖς

427 3013 483 3060 et
533 3006 590 3059 in
639 3006 997 3063 foraminibus
1048 3020 1237 3075 terrae,
1297 3015 1628 3068 exercitatus
1684 3014 1982 3080 laboribus,

2086 3002 2182 3072 τῆς
2209 3002 2330 3072 γῆς,
2363 3004 2472 3064 τοῖς
2498 3018 2555 3055 τε
2592 3001 2689 3071 τῆς
2725 3001 3066 3066 ἀνεξικακίας
3094 3002 3272 3064 πόνοις
3309 3003 3632 3074 ἐγγυμναζόο

429 3113 568 3168 quos
598 3099 700 3152 sibi
729 3100 931 3154 oblivio
957 3101 1280 3171 iniuriarum
1312 3113 1616 3173 pepererat,
1654 3105 1800 3161 hunc
1840 3121 1981 3175 quo-

425 3204 534 3258 que
565 3190 828 3258 psalmum
856 3191 1072 3257 cecinit,
1093 3194 1264 3248 otium
1297 3196 1627 3260 solitudinis,
1658 3197 1853 3253 divinae
1873 3197 1985 3267 phi-

429 3280 690 3349 losophia:
722 3297 1048 3337 consecrans
1080 3303 1092 3336 :
1123 3285 1476 3356 excitansque
1505 3303 1664 3340 suum
1719 3304 1845 3358 erga
1896 3304 1984 3344 res

424 3368 644 3423 divinas
679 3385 937 3432 amorem.
967 3373 1254 3427 confitetur
1282 3390 1340 3430 se
1373 3377 1796 3433 immortalitatis
1818 3395 1985 3449 pocu-

431 3460 541 3514 lum
597 3460 789 3515 sitire:
824 3477 992 3530 quare
1049 3462 1116 3517 ad
1179 3463 1344 3519 Deum
1388 3465 1460 3520 ita
1506 3468 1750 3523 clamat:
1786 3487 1804 3520 ι
1841 3469 1982 3527 Deus

431 3552 573 3607 Deus
603 3567 756 3606 meus
781 3593 796 3614 ,
829 3552 897 3606 ad
925 3562 975 3609 te
998 3554 1064 3609 de
1096 3557 1214 3611 luce
1241 3558 1424 3628 vigilo.
1459 3557 1638 3613 Sitivit
1677 3561 1771 3615 tibi
1803 3563 1983 3617 anima

431 3657 753 3712 mea,quam
811 3643 1129 3714 simpliciter
1173 3646 1266 3701 tibi
1324 3661 1454 3701 caro
1505 3662 1642 3701 mea.
1678 3665 1696 3700 ι
1735 3645 1841 3702 Pro
1891 3649 1984 3703 illo

429 3742 632 3796 autem,
666 3753 684 3784 ι
717 3748 877 3802 quam
909 3733 1226 3804 simpliciter
1257 3736 1354 3790 tibi
1387 3753 1514 3791 caro
1548 3754 1688 3801 mea,
1715 3758 1734 3789 ι
1765 3739 1982 3808 Aquila,

435 3844 454 3877 ι
488 3840 727 3895 expansa
758 3833 840 3880 est
888 3826 982 3880 tibi
1036 3841 1163 3882 caro
1193 3843 1332 3892 mea,
1372 3847 1391 3880 ι
1440 3829 1827 3899 interpretatus
1859 3841 1981 3898 est;

431 3912 794 3986 Symmachus
824 3931 972 3979 vero,
1014 3935 1032 3968 ι
1069 3919 1408 3988 concupiscit
1443 3927 1494 3974 te
1516 3935 1644 3974 caro
1670 3935 1784 3976 mea
1811 3939 1826 3988 ;
1856 3939 1873 3971 ι
1910 3923 1983 3975 ita

429 4013 490 4058 ut
517 4021 624 4058 non
660 4007 772 4060 sola
802 4006 1017 4062 Davidis
1041 4009 1221 4062 anima
1255 4010 1320 4063 ad
1359 4009 1526 4064 Deum
1550 4011 1981 4080 expanderetur,

431 4093 525 4148 sed
552 4094 670 4162 ipsa
709 4110 923 4165 quoque
956 4112 1083 4151 caro
1132 4106 1183 4152 et
1226 4114 1426 4170 corpus
1453 4101 1603 4168 ejus,
1639 4109 1824 4171 utpote
1863 4102 1979 4172 qui,

429 4199 551 4239 cum
581 4183 688 4238 Deo
713 4195 952 4247 vacaret,
987 4195 1136 4242 caste
1173 4197 1225 4244 et
1267 4206 1400 4258 pure
1425 4199 1624 4261 ageret.
1655 4191 1790 4246 lllud
1827 4207 1977 4257 vero,

434 4295 452 4326 ι
495 4275 636 4330 Deus
670 4276 810 4331 Deus
841 4294 1016 4339 meus.
1050 4281 1114 4335 ad
1146 4288 1200 4336 te
1233 4280 1299 4336 de
1330 4283 1451 4337 luce
1484 4285 1667 4353 vigilo,
1703 4305 1721 4336 ι
1754 4296 1977 4339 noctur-

2091 3110 2268 3164 μενος,
2298 3094 2390 3146 καὶ
2439 3093 2529 3146 τὸν
2581 3093 2718 3164 μετὰ
2751 3095 2934 3163 χεῖρας
2965 3088 3057 3166 ᾖδε
3100 3092 3332 3164 ψαλμὸν,
3383 3098 3452 3166 τῇ
3510 3095 3632 3148 κατὰ

2085 3186 2215 3240 Θεὸν
2243 3186 2514 3250 ἀνατιθεὶς
2533 3184 2816 3256 φιλοσοφίᾳ
2842 3184 2936 3256 τὴν
2957 3186 3046 3237 ἐπὶ
3075 3184 3174 3253 τῆς
3197 3187 3405 3256 ἐρήμου
3436 3188 3628 3258 σχολήν·

2086 3280 2179 3333 καὶ
2212 3279 2300 3332 τὸν
2334 3276 2522 3332 ἐαυτοῦ
2555 3278 2683 3347 περὶ
2721 3276 2790 3330 τὰ
2833 3276 2950 3330 θεῖα
2985 3276 3158 3348 ἔρωτα
3188 3277 3491 3350 διεγείρων,
3519 3281 3631 3349 ὀμο-

2084 3371 2314 3438 λογεῖται
2343 3369 2500 3440 διψῇν
2527 3368 2619 3421 τοῦ
2653 3367 2750 3439 τῆς
2789 3367 3084 3430 ἀθανασίας
3116 3369 3390 3438 πόματος·
3419 3369 3497 3423 διὸ
3523 3370 3633 3424 ἐϐόα

2086 3463 2220 3532 πρὸς
2263 3462 2351 3515 τὸν
2375 3461 2505 3513 Θεὸν
2533 3459 2702 3528 λέγων
2723 3474 2735 3487 '
2768 3477 2786 3510 ι
2824 3459 2881 3512 'O
2907 3457 3038 3521 Θεὸς
3069 3460 3097 3512 6
3125 3459 3254 3522 Θεός
3281 3477 3407 3530 μου,
3439 3461 3565 3532 πρὸς
3583 3463 3632 3516 σὲ

2083 3552 2334 3625 ὀρθρίζω.
2383 3552 2628 3623 Ἐδίψησὲ
2662 3568 2744 3603 σοι
2780 3552 2812 3621 ή
2857 3549 3000 3622 ψυχή
3039 3569 3159 3622 μου,
3197 3551 3315 3616 πῶς
3345 3554 3532 3619 ἁπλῶς
3563 3571 3631 3607 σοι

2084 3648 2118 3716 ή
2147 3645 2282 3718 σάρξ
2316 3662 2438 3716 μου.
2472 3664 2490 3697 ι
2533 3645 2674 3696 Ἀντί
2705 3644 2762 3698 δὲ
2795 3643 2909 3708 τοῦ,
2941 3663 2958 3694 ι
2987 3644 3102 3709 πῶς
3128 3644 3312 3710 ἁπλῶς
3345 3651 3485 3718 σοιή
3515 3645 3634 3722 σάρξ

2087 3755 2205 3809 μου,
2245 3758 2263 3788 ι
2289 3737 2316 3788 6
2351 3737 2447 3808 μὲν
2484 3735 2730 3799 Ἀκύλας,
2770 3755 2788 3787 ι
2831 3736 3063 3807 ἐπετάθη
3099 3753 3176 3789 σοι
3207 3738 3238 3808 ἡ
3281 3737 3418 3808 σάρξ
3469 3757 3626 3809 pou,»

2083 3830 2418 3900 ήρμήνευσεν
2439 3845 2452 3858 ο
2487 3829 2515 3882 6
2550 3827 2606 3880 6t
2635 3826 2944 3898 Σύμμαχος,
2976 3847 2992 3876 ι
3029 3828 3317 3900 Ἰμείρεταί
3350 3846 3411 3881 σε
3449 3833 3481 3900 ή
3514 3829 3632 3901 σάρξ

2087 3939 2218 3991 μου·
2259 3939 2277 3972 ›
2315 3921 2452 3973 ὥστε
2501 3919 2598 3989 ούχ
2652 3920 2684 3989 ή
2727 3919 2870 3990 ψυχὴ
2911 3919 3040 3990 μόνη
3082 3920 3174 3973 τοῦ
3198 3921 3358 3975 Δαυῒδ
3390 3922 3526 3994 πρὸς
3554 3921 3632 3974 τὸν

2081 4011 2209 4064 Θεὸν
2261 4011 2468 4074 τέτατο,
2519 4009 2652 4062 ἀλλά
2706 4011 2798 4061 καὶ
2840 4008 2974 4080 αὑτὴ
3019 4013 3052 4080 ή
3108 4011 3242 4083 σάρξ
3269 4013 3362 4066 καὶ
3393 4012 3456 4065 τὸ
3489 4012 3648 4082 σῶμα.

2081 4102 2263 4163 αὑτοῦ,
2313 4100 2629 4169 ἁγνεύοντος
2656 4099 2851 4170 δηλαδὴ
2885 4101 2977 4154 καὶ
3010 4099 3308 4170 καθαρεύον
3321 4119 3401 4165 τος
3453 4102 3539 4154 διὰ
3578 4100 3631 4152 τὸ

2080 4193 2154 4263 τῷ
2199 4191 2315 4262 Θεῷ
2359 4191 2652 4262 σχολάζειν.
2701 4191 2809 4244 Καὶ
2854 4191 2915 4244 τὸ
2968 4191 3142 4258 λέγειν
3174 4191 3248 4254 δὲ,
3289 4211 3308 4244 ι
3351 4192 3411 4245 ὐ
3443 4192 3571 4255 Θεὸς
3605 4190 3652 4242 6.

2079 4285 2209 4348 Θεός
2241 4303 2360 4355 μου,
2390 4283 2524 4356 πρὸς
2579 4284 2638 4335 σὲ
2683 4281 2935 4354 ὀρθρίζω,
2965 4303 2982 4335 ι
3016 4284 3420 4353 παραστατικὸν
3449 4279 3516 4355 ἦν
3543 4283 3630 4351 τῆς

428 4383 510 4422 nte
535 4382 646 4421 Sua:
676 4369 922 4436 puritatis
957 4379 1331 4441 argumentum
1355 4381 1489 4429 erat.
1530 4373 1698 4428 Nemo
1719 4376 1862 4429 enim
1881 4376 1974 4446 qui

2086 4376 2394 4446 νυκτερινῆς
2441 4373 2826 4446 καθαρότητος.
2888 4373 3071 4436 Οὐδεὶς
3147 4374 3253 4446 γάρ
3312 4375 3368 4426 ἐν
3435 4374 3629 4435 κοίταις

427 4459 482 4514 ὶη
512 4460 783 4515 cubilibus
811 4471 970 4531 atque
999 4465 1352 4534 impudicitiis
1377 4468 1613 4521 animam
1642 4483 1793 4521 suam
1825 4483 1978 4522 com-

425 4553 796 4620 maculavcrit,
830 4571 1163 4626 corporeque
1199 4559 1372 4627 turpis
1413 4559 1832 4630 immundusque
1863 4560 1982 4616 fue-

424 4644 515 4708 rit,
565 4645 768 4701 talibus
816 4648 990 4716 possit
1042 4648 1120 4702 uti
1155 4651 1399 4705 vocibus.
1433 4650 1699 4705 Caeterum
1747 4669 1978 4722 magnus

424 4735 514 4788 ille
545 4735 712 4790 David
741 4737 924 4792 ﬁdenti
954 4740 1310 4804 conscientia,
1337 4756 1443 4794 non
1469 4742 1785 4812 simpliciter
1811 4742 1978 4797 Deum

424 4826 728 4893 invocabat,
764 4829 973 4893 dicens,
1011 4848 1028 4880 ι
1060 4829 1240 4896 Deus;
1277 4851 1296 4882 ι
1330 4835 1422 4886 sed
1453 4832 1536 4886 bis
1553 4848 1673 4886 eum
1695 4834 1850 4902 quasi
1875 4834 1978 4888 sibi

421 4921 700 4986 proprium
745 4919 968 4972 ascribit
1002 4938 1016 4974 :
1053 4936 1221 4989 quare
1264 4919 1472 4989 adjicit,
1513 4939 1531 4972 ‹
1568 4920 1712 4976 Deus
1745 4938 1916 4978 meus.
1954 4941 1974 4974 ι

421 5006 628 5062 Deinde
657 5008 784 5077 quia
831 5017 888 5062 ut
919 5011 1024 5064 sibi
1073 5012 1350 5080 pr0prium
1405 5011 1571 5066 Deum
1624 5016 1977 5082 pronuntiare

423 5114 588 5154 ausus
635 5112 774 5168 erat,
814 5103 940 5157 talis
981 5117 1148 5158 ausus
1176 5119 1397 5159 causam
1428 5105 1619 5158 edocet
1651 5105 1737 5160 his
1772 5106 1974 5170 verbis,

427 5208 446 5241 ‹
483 5191 563 5245 Ad
604 5200 656 5247 te
685 5192 752 5248 de
822 5195 943 5249 luce
989 5195 1170 5264 vigilo.
1212 5195 1393 5261 Sitivit
1440 5195 1537 5248 tibi
1584 5196 1764 5248 anima
1813 5210 1932 5249 mea
1960 5237 1974 5262 ,

424 5297 584 5351 quam
619 5285 936 5354 simpliciter
969 5288 1066 5341 tibi
1097 5303 1227 5342 caro
1261 5302 1398 5342 mea.
1432 5306 1451 5338 ι
1483 5285 1614 5340 Nam
1647 5287 1767 5342 ideo
1811 5287 1976 5342 Deum

425 5388 603 5427 meum
632 5378 971 5446 compellavi,
999 5381 1124 5448 quia
1154 5380 1300 5432 nullo
1327 5387 1690 5442 terrenarum,
1735 5380 1821 5433 vel
1857 5394 1977 5448 quae

424 5466 598 5521 oculis
627 5471 936 5525 carnalibus
961 5472 1353 5541 percipiuntur,
1383 5490 1564 5530 rerum
1607 5472 1879 5527 desiderio
1906 5480 1981 5526 te-

427 5575 578 5616 neor.
614 5561 1073 5627 Quemadmodum
1096 5566 1238 5621 enim
1261 5568 1552 5638 Apostolus
1583 5567 1720 5621 dixit
1747 5585 1758 5620 :
1792 5586 1810 5619 ι
1841 5564 1976 5619 Vivo

427 5661 628 5718 autem,
656 5655 768 5723 jam
798 5669 906 5710 non
926 5671 1047 5728 ego,
1071 5658 1201 5713 vivit
1231 5674 1356 5716 vero
1385 5660 1437 5714 iu
1468 5675 1552 5716 me
1582 5659 1926 5726 Christus";
1952 5677 1970 5712 ι

501 5765 544 5797 ⁸⁸
581 5765 696 5823 Gal.
733 5784 791 5833 ιι,
823 5768 911 5824 20.

2080 4469 2173 4520 καὶ
2223 4465 2528 4534 ἀσελγείαις
2592 4464 2834 4535 ρυπάνας
2911 4462 3099 4516 ἐαυτοῦ
3159 4462 3255 4531 τὴν
3317 4461 3517 4531 ψυχὴν,
3547 4459 3628 4511 καὶ

2078 4558 2138 4612 τὸ
2172 4558 2330 4627 σῶμα
2367 4557 2558 4627 μιαρὸς
2603 4555 2678 4606 ῶν
2732 4555 2826 4608 καὶ
2869 4553 3207 4624 ἀκάθαρτος,
3241 4547 3350 4615 οἷός
3377 4553 3427 4604 τ’
3457 4551 3522 4605 ἂν
3551 4549 3626 4618 εἴη

2077 4646 2176 4710 τὰς
2201 4646 2451 4707 τοιαύτας
2481 4644 2797 4714 προσίεσθαι
2823 4643 3021 4711 φωνάς.
3051 4643 3195 4712 Πλὴν
3222 4644 3250 4694 6
3281 4642 3457 4711 μέγας
3483 4639 3629 4694 Δαυῒδ

2079 4736 2606 4809 πεπαρρησιασμένῃ
2630 4735 2927 4805 συνειδήσει
2947 4736 3042 4804 ούχ
3065 4734 3247 4798 ἁπλῶς
3265 4735 3354 4787 τὸν
3371 4735 3505 4787 Θεὸν
3521 4735 3626 4786 ἀνευ

2080 4829 2313 4892 καλεῖτο,
2357 4827 2550 4896 λέγων,
2585 4847 2605 4878 ι
2649 4829 2703 4881 '0
2728 4827 2884 4891 Θεός·
2929 4848 2946 4878 ι
2979 4827 3226 4897 δεύτερον
3258 4826 3314 4879 δὲ
3344 4827 3418 4888 ὡς
3447 4821 3626 4878 ἑαυτοῦ

2082 4922 2208 4974 ἴδιον
2245 4921 2370 4974 ὄντα
2399 4922 2752 4991 ἐπεγράφετο·
2789 4920 2867 4974 διὸ
2895 4919 3214 4992 προστίθησι
3266 4920 3506 4987 φάσκων
3530 4937 3548 4968 ι
3578 4917 3626 4968 ’0

2077 5012 2206 5075 Θεός
2233 5029 2352 5082 μου.
2404 5029 2421 5062 ι
2454 5007 2564 5064 Εἶτ’
2593 5011 2882 5082 ἐπειδήπερ
2906 5011 3096 5064 ἑαυτοῦ
3123 5011 3253 5063 Θεὸν
3281 5009 3626 5082 ἀναγορεῦσαι

2077 5103 2236 5158 αὐτὸν
2269 5103 2586 5173 τετόλμηκε,
2615 5103 2713 5171 τῆς
2746 5102 2946 5174 τόλμης
2961 5102 3057 5174 τήν
3089 5102 3263 5156 αἰτίαν
3277 5103 3513 5156 διδάσκει
3537 5099 3626 5152 λέ-

2076 5216 2205 5266 γων,
2238 5216 2254 5247 ι
2279 5198 2419 5269 Πρὸς
2436 5197 2494 5248 σὲ
2516 5195 2764 5266 ὀρθρίζω.
2785 5195 3028 5265 Ἐδίῂσέ
3053 5211 3131 5247 σοι
3157 5197 3187 5265 ή
3212 5193 3353 5265 ψυχή
3382 5209 3502 5264 μου,
3519 5190 3625 5252 1:5);

2078 5289 2261 5353 ἁπλῶς
2293 5307 2373 5342 σοι
2397 5293 2430 5359 ή
2462 5289 2594 5360 σάρξ
2653 5306 2771 5359 μου.
2811 5307 2829 5338 ι
2861 5287 2957 5340 Διά
3004 5286 3175 5340 ταῦτα
3213 5286 3318 5356 γὰρ
3361 5285 3489 5337 Θεόν
3533 5299 3624 5353 μου

2077 5382 2386 5450 προσεῖπον,
2435 5379 2728 5450 ἐπειδήπερ
2779 5377 2987 5440 οὐδενὸς
3039 5375 3146 5428 τῶν
3195 5374 3466 5442 ἐπιγείων,
3515 5369 3621 5426 ἀλλ’

2075 5472 2195 5525 ούδέ
2238 5471 2343 5524 τῶν
2372 5470 2666 5542 ὀφθαλμοῖς
2708 5469 2905 5540 σαρκὸς
2933 5468 3220 5540 ὁρωμένων
3259 5464 3528 5538 περιέλκει
3558 5477 3620 5532 με

2077 5565 2257 5629 πόθος.
2296 5567 2503 5638 Ὥσπερ
2563 5565 2620 5619 δὲ
2672 5568 2700 5619 6
2751 5562 3254 5627 ’Δπόστολος,ιΖῶ,
3299 5562 3474 5632 φησὶν,
3504 5559 3622 5610 06x-

2077 5658 2156 5712 ἐτι
2189 5656 2320 5727 ἐγώ’
2361 5657 2425 5728 ζῇ
2466 5656 2525 5710 δέ
2569 5659 2625 5711 ἐν
2677 5657 2797 5729 ἐμοὶ
2833 5656 3087 5730 Χριστός·
3124 5674 3142 5707 ι
3177 5653 3393 5726 τοιαύτη
3421 5648 3624 5716 διανοίᾳ
