3808 6280
72 320 82 329 -
145 288 238 348 ωὗ
1256 295 1760 355 COMMENTARIA
1791 301 1859 356 1N
1897 301 2234 360 PSALMOS.
3234 311 3336 366 606

141 400 221 454 καὶ
247 399 398 454 Δαυῖδ
539 403 656 474 Θεῷ
689 404 838 475 ἔλεγε
861 427 872 437 ·
911 427 930 460 ι
972 410 1113 481 Πρὸς
1145 413 1203 466 σέ
1235 415 1483 487 ὀρθρίξω.
1532 419 1645 472 Ἐδί·

1772 422 1960 478 eadem
2013 425 2284 478 sententia
2341 423 2508 480 David
2567 426 2676 482 Deo
2728 427 2984 484 dicebat:
3027 449 3044 480 ι
3085 429 3165 483 Ad
3195 439 3244 483 te
3267 431 3333 484 de

137 491 257 592 ψησὲ
284 494 417 592 σοιη
440 492 581 568 ψυχῇ
615 513 736 564 μου.
780 517 800 550 ι
844 498 985 554 Ὧσεὶ
1028 505 1122 557 καὶ
1161 503 1313 577 χώρα
1342 523 1444 570 τις,
1473 511 1545 581 μὴ
1577 527 1645 563 τυ·

1769 515 1892 570 luce
1921 515 2103 586 vigilo.
2147 514 2330 571 Sitivit
2359 517 2454 571 tibi
2491 518 2669 572 anima
2701 536 2836 574 mea.
2863 541 2881 573 ›
2908 520 3022 575 Ceu
3046 537 3174 592 ager
3199 537 3334 574 con-

135 583 284 652 χοῦσα
330 583 420 636 τοῦ
475 586 737 656 συνήθους
787 589 964 656 ὑετοῦ,
999 594 1158 665 διψῇν
1192 595 1399 665 λέγοιτο
1437 599 1625 654 τούτου
1649 620 1662 632 ·

132 675 208 728 τὸν
232 674 383 764 αὐτὸν
407 675 678 748 δὲτρόπον
700 680 917 752 ἐδίψησέ
951 701 1051 748 σοι,
1089 687 1120 756 ἢ
1154 687 1420 759 ίμείρεταί
1451 708 1508 743 σε
1532 692 1666 764 πρὸς

132 767 186 835 τῇ
217 763 343 834 ψυχῇ
391 783 491 836 μου
535 769 626 821 καὶ
657 770 793 842 αὐτὴ
825 775 856 843 ή
886 773 1020 845 σάρξ
1050 793 1171 845 μου,
1204 777 1561 835 πολυπλάσιον
1580 763 1665 847 θὼς

130 854 327 925 διψῶσα.
371 856 578 930 Ὠσπερ
608 859 714 932 γὰρ
757 868 1001 931 φυσικοῖς
1039 867 1214 938 λόγοις
1241 870 1337 942 τὴν
1371 873 1472 944 γῆν
1496 875 1666 946 αὐτὴν

130 964 282 1020 φαμεν
309 947 461 1019 διψῇν
517 950 726 1015 ὕδατος,
757 954 898 1008 οὕτω
932 959 1022 1010 καὶ
1058 959 1087 1028 ἡ
1130 961 1264 1032 σάρξ
1302 981 1402 1032 μου
1447 964 1661 1036 ἐδίψησε

129 1055 212 1100 σοι,
236 1037 384 1108 φησί·
408 1038 488 1091 διὸ
520 1042 800 1114 ἐπιφέρειο
837 1064 854 1096 ι
893 1047 979 1100 Ἐν
1005 1053 1072 1120 γῇ
1108 1053 1297 1124 ἐρήμῳ
1328 1056 1421 1108 καὶ
1452 1057 1659 1127 ἀϐάτῳ,

130 1131 205 1180 καὶ
237 1129 472 1222 Ϋάνύδρῳ,
519 1151 537 1182 ι
580 1134 612 1204 ἢ
657 1135 798 1189 κατὰ
838 1138 926 1192 τὸν
970 1141 1294 1213 Σύμμαχονο
1330 1164 1348 1196 ι
1391 1147 1476 1210 Ὠς
1504 1149 1560 1201 ἐν
1590 1153 1659 1222 γῇ

125 1221 270 1288 iit-{uitii
295 1222 382 1274 καὶ
418 1222 636 1278 ὲκλὺσει
680 1227 754 1298 μὴ
785 1228 1119 1301 ὑπάρχοντος
1150 1233 1357 1300 ὓδατος.
1395 1221 1660 1293 »Δύναται

124 1313 169 1364 δὲ
200 1314 281 1365 καὶ
310 1313 401 1384 τὴν
425 1313 633 1385 ἔρημον
676 1319 844 1390 αὐτὴν
889 1323 1177 1392 σημαίνειν
1216 1325 1304 1380 διὰ
1342 1327 1573 1395 τούτων,
1603 1331 1662 1384 ἐν

125 1399 364 1477 ᾕφεύγων
395 1407 486 1462 τὸν
520 1409 693 1463 Σαοὺλ
724 1411 821 1475 τὰς
854 1413 1134 1488 διατριϐὰς
1160 1421 1410 1474 ἐποιεῖτο.
1439 1423 1660 1487 Πάντως

123 1495 211 1564 γάρ
242 1512 329 1547 που
375 1497 430 1550 ἐν
463 1499 639 1573 ταύτῃ
669 1503 947 1573 τυγχάνων
973 1509 1067 1560 καὶ
1096 1511 1307 1580 μακρὰν
1339 1512 1657 1584 ἀπῳκισμέ-

122 1587 293 1657 νοςτῆς
323 1587 555 1642 κιϐωτοῦ
604 1591 697 1645 τοῦ
740 1593 875 1647 Θεοῦ
908 1596 1000 1648 καὶ
1043 1598 1141 1668 τῆς
1191 1599 1283 1652 τοῦ
1322 1601 1660 1672 ἁγιὰσματος

123 1677 314 1746 σκηνῆς,
359 1679 416 1730 ἐν
536 1681 639 1746 τὰς
683 1684 824 1736 κατὰ
871 1687 1032 1756 νόμον
1079 1688 1357 1745 ἐποιοῦντο
1383 1691 1654 1762 λατρείας,

1768 616 1920 662 sueta
1949 607 2172 664 orbatus
2201 608 2402 678 pluvia,
2431 624 2552 663 eam
2587 611 2737 666 sitire
2775 611 2988 666 dicatur
3007 652 3020 675 ,
3057 613 3137 667 sie
3161 612 3331 666 sitivit

1764 699 1886 759 tibi.
1916 700 1998 754 vel
2024 687 2362 769 concupiscit
2399 710 2470 764 te,
2505 717 2627 755 cum
2665 703 2842 756 anima
2875 718 3014 766 mea,
3047 712 3160 757 tum
3213 705 3326 773 ipsa

1765 806 1896 846 caro
1941 806 2080 857 mea,
2107 807 2269 862 quam
2305 793 2680 864 multipliciter
2713 795 2927 849 sitiens.
2977 794 3130 849 Sicut
3183 797 3326 849 enim

1766 881 1990 952 physice
2019 883 2288 953 loquendo
2325 892 2525 938 terram
2553 883 2784 939 dicimus
2807 885 2959 940 sitire
2991 899 3215 954 aquam,
3251 885 3324 940 ita

1762 979 1816 1027 et
1858 987 1986 1026 caro
2030 989 2171 1040 mea,
2211 974 2407 1044 inquit,
2439 975 2610 1031 sitivit
2637 975 2735 1029 tibi
2764 995 2778 1030 :
2807 992 2974 1046 quare
3003 976 3184 1039 infert,
3212 995 3230 1028 ι
3263 975 3321 1031 ln

1763 1071 1906 1116 terra
1936 1063 2175 1128 deserta,
2206 1072 2260 1119 et
2302 1065 2468 1129 invia,
2501 1074 2554 1121 et
2589 1067 2884 1137 inaquosa;
2929 1088 2947 1119 ι
2985 1069 3097 1122 sive
3125 1083 3322 1124 scena--

1761 1153 1891 1207 dum
1950 1152 2334 1226 Symmachum
2373 1177 2386 1212 :
2425 1175 2443 1208 ι
2485 1158 2654 1224 Quasi
2712 1159 2765 1212 in
2814 1166 2960 1213 terra
3023 1159 3228 1214 sitienti
3267 1167 3323 1215 et

1760 1241 2013 1313 languida
2063 1258 2171 1298 non
2228 1245 2529 1301 exsistente
2563 1261 2723 1318 aqua.
2765 1266 2784 1300 ι
2825 1246 2921 1304 His
2970 1265 3099 1304 vero
3145 1251 3321 1320 ipsam

1760 1335 2108 1391 solitudinem
2157 1337 2465 1408 signiﬁcare
2494 1347 2694 1410 potest,
2725 1341 2781 1395 in
2809 1357 2938 1412 qua,
2975 1340 3190 1397 Saulem
3235 1343 3322 1398 fu-

1757 1425 1932 1496 giens,
1968 1441 2156 1483 moras
2189 1428 2456 1487 trahebat.
2493 1427 2774 1500 Siquidem
2804 1434 2932 1486 dum
2963 1432 3036 1486 ibi
3077 1447 3323 1488 versare-

1758 1526 1867 1584 tur,
1905 1518 1973 1572 ab
2002 1535 2127 1574 area
2159 1518 2253 1576 Dei
2294 1528 2348 1576 et
2383 1536 2413 1575 a
2443 1521 2797 1580 tabernaculo
2826 1524 3274 1580 sanctiﬁcationis
3301 1564 3316 1588 ,

1757 1609 1813 1663 in
1869 1625 1981 1680 quo
2052 1611 2277 1683 legalem
2339 1614 2547 1668 cultum
2596 1616 3071 1687 exsequebantur,
3126 1617 3319 1686 procul

1756 1712 2000 1760 remotus
2031 1713 2166 1760 erat.
2205 1704 2408 1760 Horum
2463 1707 2554 1763 ille
2606 1716 2956 1780 conspectum
3005 1711 3316 1781 exoptabat.

121 1767 289 1823 τούτων
319 1770 496 1824 ἐπόθει
536 1775 638 1844 τὴν
684 1775 831 1829 θέαν.
864 1778 1071 1850 Ὥσπερ
1099 1779 1154 1833 δὲ
1182 1781 1253 1851 γῆ
1285 1780 1492 1852 διψῶσα
1531 1782 1645 1836 ὓδα-

1756 1795 2223 1868 Quemadmodum
2253 1806 2434 1853 autem
2463 1809 2607 1856 terra
2643 1803 2834 1858 sitiens
2863 1818 3060 1874 aquam
3091 1805 3314 1874 expetit,

121 1879 190 1926 τος
216 1861 470 1934 ὀρέγεται,
491 1864 657 1930 οῦτω,
694 1869 845 1938 φησὶ,
882 1871 972 1923 καὶ
1004 1872 1037 1941 ή
1065 1872 1170 1942 ἐμὴ
1191 1872 1334 1944 ψυχὴ
1364 1874 1432 1927 τὰ
1463 1875 1545 1928 σο)¹
1575 1875 1653 1944 τῷ

119 1953 214 2024 Θεῷ
237 1955 424 2027 ἀρεστὰ
451 1957 545 2010 καὶ
569 1958 700 2028 φίλα
722 1959 879 2030 διψεῖ⁹
913 1963 988 2026 ὡς
1016 1963 1283 2019 ἐκλείπειν
1318 1967 1409 2020 καὶ
1427 1968 1653 2039 ἐκτήκε-

120 2045 237 2111 σθαι,
265 2048 404 2118 εἶ’μὴ
441 2049 740 2119 μεταλάϐοι
768 2055 865 2125 τῆς
895 2055 1046 2126 παρά
1087 2056 1169 2110 σοὶ
1200 2059 1406 2130 πηγῆςο
1435 2061 1561 2131 περὶ
1586 2055 1652 2132 ἧς

118 2135 324 2208 εἴρηται.
362 2137 380 2189 ι
423 2141 545 2193 ’Ότι
595 2141 745 2214 παρὰ
801 2145 883 2197 σοὶ
927 2149 1074 2217 πηγή
1107 2147 1272 2218 ζωῆς.
1308 2150 1399 2203 Διὸ
1433 2150 1651 2222 ἐδὶπσὲ

121 2232 235 2301 σοιή
277 2231 411 2304 ψυχή
442 2251 569 2304 μου.
609 2254 628 2286 ι
676 2237 924 2307 Ἐδίψησε
964 2238 1019 2291 δὲ
1051 2240 1187 2304 πῶς,
1228 2243 1518 2314 ὲρμηνεύει
1561 2244 1652 2296 λέ-

118 2335 208 2388 γ·ων
248 2321 397 2393 ἑξῆς·
431 2343 450 2376 ι
491 2325 684 2391 Οὕτως
713 2330 770 2380 ἐν
811 2329 887 2400 τῷ
926 2332 1067 2402 ἁγίῳ
1109 2331 1295 2402 ὤφθην
1324 2351 1425 2398 σοι,
1463 2355 1482 2387 ι
1519 2336 1652 2390 ὡσεὶ

117 2414 240 2483 ἔλεγε
270 2415 444 2471 τοῦτο·
484 2419 772 2492 Ἑδίψησεν
817 2425 850 2494 ή
891 2423 1033 2497 ψυχή
1067 2443 1166 2496 μου
1199 2427 1261 2480 τὸ
1302 2428 1530 2502 ὀφθῆναί
1570 2449 1650 2486 σοι

117 2509 162 2561 ὲν
182 2507 248 2580 τῷ
271 2508 341 2580 σῷ
364 2511 688 2583 ἀγιάσματι,
719 2533 736 2565 ι
773 2515 866 2568 τοῦ
905 2516 1029 2570 ἰδεῖν
1055 2518 1153 2590 τὴν
1176 2519 1403 2594 δύναμίν
1431 2541 1523 2577 σου
1559 2527 1650 2578 καὶ

116 2601 194 2672 τὴν
239 2601 382 2666 δόξαν
429 2621 542 2658 σου.
604 2625 623 2654 ι
677 2607 925 2662 Τοιοῦτον
957 2609 1014 2662 δέ
1040 2610 1169 2679 ἐστι
1213 2615 1306 2667 καὶ
1333 2615 1392 2668 τὸ
1415 2616 1503 2670 διὰ
1542 2617 1649 2672 τῶν

116 2691 378 2766 ἔμπροσθεν
405 2696 729 2768 είρημένον’
764 2717 782 2750 ι
826 2699 1103 2771 Ἐδίψησεν
1132 2705 1164 2775 ἡ
1201 2703 1345 2775 ψυχή
1379 2723 1478 2776 μου
1513 2709 1648 2779 πρὸς

116 2787 187 2841 τὸν
202 2786 316 2840 Θεὸν
338 2787 424 2841 τὸν
458 2790 680 2861 ἰσχυρὸν
708 2792 800 2845 τὸν
832 2791 1030 2858 ζῶντα,
1062 2795 1190 2848 πότε
1214 2797 1327 2867 ἥξω
1360 2799 1452 2852 καὶ
1479 2800 1646 2873 ὀφθή-

116 2891 247 2945 σομαι
289 2877 360 2950 τῷ
405 2879 687 2952 προσώπῳ
733 2882 826 2936 τοῦ
873 2885 1028 2941 Θεοῦ.
1067 2907 1086 2938 ι
1119 2887 1410 2960 Γενόμενος
1447 2891 1557 2960 γὰρ
1586 2894 1644 2945 ἐν

114 2965 172 3034 τῲ
215 2968 337 3040 ἁγίῳ
391 2986 505 3035 σου,
554 2974 686 3043 περὶ
741 2966 802 3026 οῦ
853 2975 1064 3047 εἴρηται
1095 2979 1151 3030 ἐν
1181 2978 1369 3049 ἑτέρῳ,
1401 2999 1419 3030 ι
1466 2981 1644 3045 Ἃπαξ

114 3057 265 3130 bitas:
293 3064 346 3115 ἐν
376 3064 450 3135 τῷ
474 3065 622 3136 ἁγίῳ
649 3083 771 3137 μου,
815 3087 834 3119 ι
867 3067 1079 3138 πρῶτον
1109 3070 1206 3140 μὲν
1237 3071 1396 3134 αὐτὸς
1415 3071 1644 3145 ὀφθήσο-

1755 1888 1836 1941 sie
1869 1887 2048 1941 anima
2078 1902 2219 1953 mea,
2255 1889 2352 1955 ait,
2387 1905 2508 1960 quae
2536 1891 2631 1946 tibi
2665 1892 2864 1961 placita
2888 1901 2940 1948 et
2973 1893 3171 1948 dilecta
3192 1904 3319 1948 sunt

1753 1977 2033 2033 sitibunda
2068 1980 2444 2051 concupiscit;
2481 1983 2553 2036 ita
2582 1990 2643 2037 ut
2688 1985 2733 2038 si
2770 1984 2916 2038 illius
2941 1984 3032 2054 qui
3067 1999 3237 2055 penes
3265 1992 3317 2039 te

1751 2079 1832 2125 est
1863 2070 2030 2126 fontis
2068 2073 2340 2144 particeps
2367 2089 2476 2128 non
2515 2073 2698 2137 “erit.
2721 2075 2934 2130 deﬁciat
2973 2083 3027 2130 et
3067 2075 3319 2130 contabe-

1751 2169 1896 2226 seat;
1937 2163 2004 2217 de
2040 2179 2149 2234 quo
2194 2163 2344 2219 fonte
2401 2165 2606 2220 dictum
2643 2181 2770 2223 est:
2808 2185 2826 2218 ι
2863 2167 3130 2233 Quoniam
3172 2167 3316 2239 apud

1751 2261 1804 2309 te
1850 2265 1937 2309 est
1995 2253 2119 2311 fons
2163 2256 2287 2311 vita:
2307 2257 2376 2313 ⁸³.
2419 2276 2437 2308 ›
2472 2257 2653 2324 Quare
2707 2276 2726 2309 ‹
2757 2259 2928 2313 sitivit
2984 2261 3084 2314 tibi
3134 2261 3316 2314 anima

1751 2361 1892 2402 mea.
1931 2365 1949 2398 ι
1988 2347 2109 2413 Quo
2142 2355 2304 2418 pacto
2335 2349 2507 2416 sitiat,
2532 2365 2659 2403 mox
2689 2351 2863 2420 aperit
2891 2369 2903 2404 :
2944 2370 2962 2401 ‹
2996 2349 3087 2406 Sic
3109 2351 3163 2405 in
3195 2366 3317 2406 san-

1749 2446 1840 2494 cto
1896 2441 2126 2510 apparui
2169 2441 2290 2505 tibi,
2325 2460 2344 2494 ι
2391 2456 2455 2495 ac
2506 2441 2553 2498 si
2606 2441 2857 2498 diceret:
2893 2441 3075 2498 Sitivit
3132 2444 3315 2500 anima

1748 2543 1866 2584 mea
1922 2538 2200 2600 aspectum
2252 2537 2409 2586 tuum
2458 2530 2516 2587 in
2567 2533 2880 2588 sanctuario
2933 2542 3048 2597 tuo,
3091 2552 3109 2584 ι
3149 2534 3315 2588 utvi-

1747 2619 1900 2674 deam
1930 2623 2183 2678 virtutem
2213 2631 2363 2678 tuam
2385 2631 2438 2679 et
2459 2624 2683 2695 gloriam
2719 2632 2889 2678 tuam.
2925 2645 2945 2678 ›
2985 2624 3172 2680 Simile
3188 2625 3317 2680 huic

1747 2721 1832 2766 est
1853 2713 1984 2768 illud
2013 2716 2269 2785 superius
2301 2714 2510 2770 dictum
2540 2735 2553 2770 :
2583 2733 2601 2766 ι
2635 2714 2821 2770 Sitivit
2844 2717 3026 2771 anima
3076 2733 3194 2773 mea
3245 2717 3312 2771 ad

1747 2801 1915 2857 Deum
1960 2802 2154 2860 fortem
2194 2807 2402 2873 vivum,
2436 2805 2656 2876 quando
2689 2809 2903 2862 veniam
2948 2816 3002 2863 et
3040 2809 3312 2878 apparebo

1745 2903 1874 2952 ante
1928 2895 2121 2952 faciem
2181 2897 2360 2954 Dei".
2400 2897 2516 2954 r‘ln
2549 2910 2740 2955 sancto
2796 2901 2996 2971 quippe
3051 2907 3147 2954 tuo
3181 2915 3312 2954 con-

1745 2989 1989 3053 stitutus,
2018 2989 2084 3044 de
2117 3005 2225 3060 quo
2272 2990 2325 3044 in
2378 2992 2484 3047 alio
2515 2993 2728 3062 psalmo
2755 2992 2961 3046 dictum
2985 2998 3108 3046 est:
3147 3009 3165 3042 ι
3215 2992 3313 3046 Se-

1745 3079 1852 3135 mel
1883 3079 2064 3150 juravi
2087 3082 2142 3135 in
2172 3088 2367 3136 sancto
2401 3098 2524 3138 meo
2547 3083 2617 3146 ⁸³,
2649 3103 2668 3135 ι
2695 3084 2870 3154 primo
2893 3083 3164 3153 apparebo
3186 3083 3308 3148 tibi,

113 3154 190 3246 μαί
211 3171 298 3219 σοι,
319 3155 842 3230 δοκιμασθησόμενος
878 3163 923 3214 εί
952 3161 1098 3226 ἄξιος
1119 3162 1235 3235 εἴην
1256 3163 1354 3234 τῆς
1375 3165 1473 3234 σῆς
1495 3165 1640 3230 θέας.

1749 3179 1804 3227 u
1830 3173 2093 3244 probetur
2121 3190 2252 3229 num
2281 3175 2478 3246 dignus
2504 3187 2802 3246 conspectu
2839 3184 2932 3230 tuo
2951 3177 3076 3231 sim.
3108 3175 3312 3232 Deinde

113 3239 218 3298 Εἶτα
249 3246 383 3313 ἄξιος
424 3249 634 3318 ὀφθεὶς,
670 3251 869 3322 ὂψομαι
901 3253 999 3324 τὴν
1028 3253 1254 3325 δύναμίν
1282 3272 1376 3308 σου
1419 3259 1511 3310 καὶ
1545 3257 1642 3329 τὴν

111 3334 237 3401 δόξαν
260 3355 374 3392 σου·
405 3335 478 3392 ὧν
509 3341 772 3395 ἀδύνατόν
803 3344 948 3396 ἐστιν
983 3346 1062 3408 εἰς
1091 3344 1321 3417 Θεωρίαν
1344 3347 1537 3414 ἐλθεῖν,
1566 3349 1640 3421 μὴ

111 3425 203 3494 οὐχὶ
253 3429 501 3502 πρότερον
552 3434 612 3485 ἐν
653 3431 730 3502 τῷ
773 3433 912 3505 ἁγίῳ
959 3436 1266 3506 γενόμενον,
1301 3439 1394 3492 καὶ
1429 3439 1641 3510 πρῶτον

110 3516 300 3584 ὀφθέντα
324 3521 466 3588 ἄξιον
485 3523 598 3576 τῶν
629 3523 721 3577 τοῦ
743 3525 876 3578 Θεοῦ
904 3525 1144 3594 ἀγαθῶν.
1167 3530 1321 3584 Μετὰ
1341 3530 1448 3601 γὰρ
1472 3532 1641 3586 ταῦτα

109 3607 262 3678 ὄψεταί
295 3629 392 3677 τις,
425 3615 501 3678 ὡς
544 3615 612 3669 ἂν
646 3616 743 3688 ἤδη
775 3617 1249 3690 δεδοκιμασμένος,
1279 3622 1378 3692 τὴν
1416 3622 1641 3695 δύναμιν

109 3701 182 3752 τοῦ
207 3702 324 3756 Θεοῦ
351 3706 442 3758 καὶ
468 3705 572 3778 τὴν
597 3707 752 3772 δόξαν
781 3709 965 3762 αὑτοῦ.
988 3713 1097 3763 Καὶ
1126 3712 1274 3777 τέλος
1289 3713 1396 3766 τῶν
1418 3715 1639 3784 ἀγαθῶν

107 3792 223 3845 τοῦτ’
252 3796 310 3849 ἂν
332 3798 412 3870 εἴη
441 3800 502 3852 τὸ
529 3801 590 3852 ἐν
620 3799 821 3874 θεωρία
845 3801 1048 3856 τούτων
1070 3804 1350 3872 γενέσθαι·
1379 3806 1459 3860 διὸ
1496 3807 1640 3861 λέλε-

107 3899 232 3938 κται·
259 3891 585 3961 [Μακάριοι
610 3894 658 3946 οἱ
685 3893 914 3963 καθαροὶ
934 3897 996 3966 τῇ
1017 3895 1232 3968 καρδίᾳ,
1263 3898 1343 3950 ὅτι
1373 3899 1525 3952 αὐτοὶ
1548 3901 1638 3953 τὸν

107 3973 213 4029 Θεὸν
267 3979 498 4049 ὄψονται.
566 4003 585 4035 ι
627 3983 795 4037 Τοῦτο
833 3981 925 4038 οὖν
972 3985 1220 4058 ἐδίψησεν
1269 3991 1302 4059 ή
1352 3989 1497 4061 ψυχὴ
1543 3991 1637 4044 τοῦ

105 4067 264 4122 Δαυῖδ·
295 4072 370 4125 διὸ
411 4074 618 4143 ἔλεγεν·
655 4095 673 4126 ι
721 4077 777 4130 '0
819 4076 950 4142 Θεὸς
1004 4080 1030 4131 5
1079 4078 1209 4143 Θεός
1253 4097 1373 4152 μου,
1399 4083 1532 4153 πρὸς
1578 4083 1637 4136 σὲ

105 4157 320 4231 ὀρθρίζω.
361 4165 614 4237 Ἐδίψησέ
659 4184 738 4220 σοι
767 4170 799 4239 ἡ
834 4169 974 4240 ψυχή
1006 4187 1129 4240 μου.
1163 4191 1182 4222 ι

165 4278 312 4332 ι”Οτι
345 4285 598 4352 κρεῖσσον
623 4283 681 4336 τὸ
717 4282 862 4347 ἔλεός
903 4301 993 4337 σου
1030 4285 1168 4358 ὑπὲρ
1193 4282 1354 4352 ζωὰς,
1383 4287 1451 4342 τὰ
1484 4290 1632 4364 χείλη

106 4385 186 4436 μου
223 4372 554 4430 ἐπαινέσουσί
584 4395 660 4434 σε.
705 4399 724 4431 ι
771 4381 828 4432 '0
861 4379 959 4451 τὴν
986 4379 1146 4448 φύσιν
1167 4381 1259 4434 τοῦ
1285 4380 1477 4454 θνητοῦ
1520 4384 1633 4453 βίου

1744 3280 1866 3319 eum
1914 3265 2112 3336 dignus
2151 3267 2481 3337 comperiar,
2510 3267 2706 3322 videbo
2763 3266 3020 3321 virtutem
3077 3275 3225 3321 tuam
3256 3273 3313 3322 et

1744 3353 1974 3423 gloriam
2035 3361 2185 3409 tuam
2221 3373 2234 3409 :
2269 3356 2336 3410 ad
2391 3370 2623 3425 quarum
2685 3365 3037 3425 conspectum
3097 3354 3312 3410 admitti

1741 3460 1902 3500 nemo
1943 3454 2141 3516 potest,
2169 3447 2301 3517 quin
2337 3448 2492 3518 prius
2541 3449 2596 3502 in
2628 3449 2933 3516 sanctosit,
2954 3463 3016 3504 ac
3039 3451 3192 3521 prius
3226 3449 3312 3504 di-

1740 3539 1884 3594 vinis
1940 3540 2099 3596 bonis
2150 3541 2349 3612 dignus
2392 3554 2671 3612 appareat.
2705 3541 2900 3599 Postea
2930 3543 3074 3598 enim
3106 3543 3307 3614 quivis,

1741 3635 1928 3698 utpote
1942 3629 2053 3699 jam
2078 3631 2360 3700 probatus,
2382 3633 2637 3688 virtutem
2658 3634 2948 3704 etgloriam
2973 3633 3066 3688 Dei
3084 3634 3306 3689 videbit.

1741 3720 1902 3792 Isque
1950 3723 2074 3778 ﬁnis
2106 3725 2374 3780 bonorum
2417 3725 2601 3792 fuerit,
2642 3725 2709 3779 ad
2735 3742 2922 3781 eorum
2974 3728 3308 3796 contempla-

1741 3811 1941 3867 tionem
1965 3812 2216 3870 admitti:
2245 3829 2415 3884 quare
2456 3815 2662 3870 dictum
2692 3823 2819 3871 est:
2857 3835 2876 3866 ‹
2913 3815 3061 3871 Beati
3101 3816 3306 3871 mundo

1741 3905 1930 3970 corde,
1971 3907 2230 3975 quoniam
2274 3907 2378 3978 ipsi
2416 3907 2582 3962 Deum
2610 3908 2948 3963 videbunt“.
2981 3929 3001 3961 ι
3038 3907 3151 3964 Ηοο
3199 3910 3304 3962 ita-

1740 4011 1846 4064 que
1874 3996 2094 4051 sitiebat
2118 3996 2342 4054 Davidis
2380 3999 2562 4052 anima
2595 4019 2608 4052 :
2643 4014 2813 4069 quare
2843 4000 3075 4063 dicebat,
3104 4020 3122 4052 ι
3161 4000 3305 4058 Deus

1738 4085 1884 4142 Deus
1918 4102 2094 4153 meus,
2119 4087 2188 4143 ad
2215 4097 2266 4144 te
2297 4089 2364 4144 de
2395 4089 2518 4146 luce
2548 4089 2734 4158 vigilo.
2772 4086 2958 4145 Sitivit
2986 4090 3083 4145 tibi
3123 4092 3308 4146 anima

1737 4193 1876 4232 mea.
1919 4197 1973 4249 η

1809 4293 1974 4352 Vens.
2029 4295 2147 4351 4-6.
2196 4313 2214 4349 ι
2250 4295 2517 4363 Quoniam
2563 4298 2755 4380 melior
2808 4305 2893 4354 est
2932 4297 3305 4354 misericordia

1740 4397 1831 4444 tua
1879 4406 2043 4460 super
2075 4390 2262 4455 1vitas,
2297 4391 2439 4445 labia
2491 4407 2608 4447 mea
2662 4391 2960 4446 laudabunt
3008 4399 3082 4444 te.
3124 4410 3142 4442 ι
3200 4387 3304 4455 Qui

104 4468 418 4538 κατανοήσας,
458 4472 555 4524 καὶ
597 4473 695 4542 τὴν
724 4472 1054 4545 πρόσκαιρον
1088 4473 1231 4546 ζωὴν
1263 4475 1361 4547 ὅση
1404 4477 1486 4540 τίς
1520 4479 1634 4530 ἐστι

1749 4484 1989 4537 mortalis
2023 4483 2147 4538 vita:
2199 4491 2452 4537 naturam
2487 4483 2876 4549 consideravit,
2917 4489 2969 4536 et
3017 4496 3135 4552 quae
3167 4495 3304 4550 qua-

102 4556 175 4605 καὶ
217 4559 362 4612 ὁποία
411 4563 712 4634 ἐξητακὼς,
747 4565 1144 4636 ἀποστρέφεται
1195 4566 1293 4637 μὲν
1355 4567 1525 4622 ταῦτα
1558 4570 1634 4634 ὡς

106 4649 246 4718 μικρὰ
270 4653 357 4704 καὶ
379 4653 588 4719 οὐδενὸς
616 4655 772 4724 λόγου
805 4657 928 4724 ἄξια
949 4677 962 4689 ’
993 4658 1110 4722 ὅλος
1134 4659 1190 4712 δὲ
1215 4659 1313 4730 τῆς
1338 4661 1450 4715 ἄνω
1478 4662 1630 4716 ἐλπί-

102 4734 167 4798 δνς
205 4744 496 4814 γενόμενος,
549 4748 760 4818 ἐκείνης
807 4751 988 4820 τυχεῖν
1043 4750 1282 4822 εὔχεται,
1313 4752 1446 4824 ἐλέῳ
1493 4753 1628 4807 Θεοῦ

102 4836 488 4907 χορηγουμένης.
541 4839 613 4890 Οὐ
646 4838 754 4911 γὰρ
795 4841 857 4910 δὴ
902 4841 1041 4895 κατὰ
1087 4842 1324 4914 ὀφειλὴν,
1357 4845 1475 4896 οὐδὲ
1512 4847 1628 4898 κατ’

103 4915 228 4981 ἀξίαν
243 4925 333 4996 τῆς
360 4928 552 4982 ἐαυτοῦ
574 4931 918 5003 δικαιοσύνης
947 4933 1194 4999 τεύξεταί
1229 4953 1312 5000 τις
1338 4936 1444 4990 τῶν
1467 4938 1632 4989 ἐπου-

104 5012 294 5100 ρανίων.
327 5019 524 5092 Διόπερ
553 5022 785 5094 ἀλλαχοῦ
819 5042 919 5078 που
955 5025 1199 5097 εἴρηται·
1244 5045 1262 5078 ι
1297 5027 1360 5080 Τί
1386 5029 1493 5100 γάρ
1541 5046 1631 5100 μοι

101 5099 298 5177 ὑπάρχει
342 5111 396 5162 ἐν
424 5112 503 5183 τῷ
538 5115 784 5186 οὐρανῷ;
831 5136 847 5167 ι
884 5117 945 5170 τὸ
972 5117 1029 5171 δὲ
1066 5119 1172 5172 πᾶν
1204 5119 1337 5190 ἐλέῳ
1373 5121 1504 5174 Θεοῦ
1539 5120 1632 5174 καὶ

103 5193 438 5274 φιλανθρωπίᾳ
465 5205 735 5276 δωρεῖται,
775 5211 886 5273 τοῖς
910 5210 1115 5282 σμικρὰ
1147 5211 1533 5284 κατωρθωκόσι
1563 5213 1632 5268 τὰ

104 5287 279 5354 μεγάλα
309 5295 682 5364 χαριζομένου.
717 5301 780 5353 Ὃ
815 5300 878 5372 δὴ
914 5301 1166 5371 σημαίνει
1205 5303 1233 5355 ὁ
1262 5302 1449 5373 παρὼν
1477 5302 1632 5373 λόγος

104 5379 318 5443 φάσκων·
360 5406 377 5438 ι
419 5390 539 5442 ’Ότι
564 5393 812 5462 κρεῖσσον
845 5392 905 5444 τὸ
932 5392 1078 5455 ἐλεὸς
1112 5409 1203 5444 σου
1236 5393 1375 5464 ὑπὲρ
1409 5393 1569 5458 ζωάς.
1604 5414 1623 5446 ι

102 5467 196 5523 Κᾶν
233 5474 333 5550 γὰρ
371 5481 659 5552 μακρόϐιος
696 5483 789 5537 καὶ
833 5483 1219 5554 μακροχρόνιος
1254 5485 1346 5537 ἐπὶ
1383 5484 1477 5538 τοῦ
1524 5502 1629 5538 πα-

1743 4574 1877 4630 lisve
1924 4581 2272 4642 temporanea
2315 4573 2426 4626 vita
2484 4574 2576 4640 sit,
2611 4573 2933 4645 erploravit,
2959 4571 3074 4626 haec
3118 4578 3303 4631 utpote

1741 4680 1907 4736 parva
1936 4673 1986 4718 et
2012 4665 2215 4720 nullius
2240 4664 2397 4735 pretii
2426 4672 2712 4720 aversatur
2736 4681 2751 4731 ;
2788 4665 2880 4720 sed
2909 4676 3156 4733 supernae
3185 4662 3300 4728 spei

1739 4774 1859 4815 sese
1892 4765 2064 4812 totum
2103 4757 2385 4826 applicans
2410 4773 2529 4812 eam
2576 4757 2946 4812 misericordia
2983 4755 3075 4810 Dei
3105 4768 3301 4808 conse-

1737 4853 1828 4922 qui
1854 4858 2095 4921 exoptat.
2129 4850 2315 4922 Neque
2338 4852 2481 4908 enim
2515 4853 2783 4922 quispiam
2813 4868 2878 4906 ex
2904 4852 3084 4906 debito
3111 4858 3202 4904 aut
3235 4867 3300 4904 ex

1733 4943 1961 5012 justitia:
2009 4958 2122 4998 suae
2167 4943 2361 4998 merito
2409 4945 2654 4998 coelestia
2701 4941 3053 5012 adipiscetur.
3099 4944 3302 5009 Quam-

1739 5035 1928 5089 obrem
1987 5035 2113 5088 alibi
2163 5036 2363 5090 dicitur
2399 5055 2413 5089 :
2453 5055 2471 5088 ι
2512 5035 2652 5101 Quid
2716 5036 2860 5089 enim
2916 5036 3048 5089 mihi
3105 5043 3189 5089 est
3246 5035 3315 5092 in.

1737 5127 1967 5180 male”?
2005 5145 2026 5177 ι
2063 5125 2168 5181 Sed
2205 5134 2377 5181 totum
2409 5124 2500 5179 Dei
2534 5124 2908 5179 misericordia
2950 5133 3004 5180 et
3051 5125 3317 5180 lnunani-.

1743 5225 1854 5272 tate
1884 5218 2065 5280 datur,
2099 5219 2191 5288 qui
2225 5218 2436 5282 modica
2495 5216 2880 5288 praestantibus
2915 5231 3109 5286 magna
3161 5217 3302 5270 elar-

1735 5310 1903 5380 gitnr.
1961 5308 2117 5375 Quod
2167 5310 2254 5363 his
2301 5309 2483 5363 verbis
2538 5307 2875 5377 significatur
2922 5327 2934 5362 :
2980 5328 2998 5360 ε
3031 5307 3304 5374 Quoniam

1736 5401 1931 5455 melior
1987 5408 2072 5456 est
2123 5399 2503 5456 misericordia
2554 5408 2646 5453 tua
2700 5415 2864 5469 super
2910 5402 3069 5455 vitas.
3103 5419 3122 5453 ι
3164 5399 3301 5454 Nam

1735 5493 1950 5547 etiamsi
1987 5492 2111 5560 quis
2144 5491 2422 5559 longaevus
2453 5499 2508 5546 et
2556 5504 2798 5546 annosus
2833 5491 2889 5545 in
2928 5491 3029 5546 bac
3059 5491 3168 5546 vita
3206 5492 3310 5556 sit,‘

162 5699 199 5733 ⁸¹
236 5701 369 5764 Psal.
404 5725 562 5778 xxxv,
600 5712 683 5768 l0.
759 5711 802 5748 ⁸³
841 5712 985 5771 Psal.
1017 5729 1104 5770 xu
1127 5754 1140 5776 .
1177 5714 1235 5773 '5.
1307 5715 1352 5749 ⁸³
1391 5713 1534 5772 Ρδειιο
1571 5730 1637 5771 ιιι

1753 5729 1812 5769 m
1839 5754 1853 5780 ,
1889 5714 1977 5769 56.
2058 5713 2103 5747 ’δ
2141 5710 2329 5769 Matth.
2369 5729 2420 5782 v,
2459 5714 2510 5769 8.
2589 5715 2633 5747 ⁸⁵
2672 5714 2811 5773 Psal.
2853 5729 3037 5777 ωιτη.
3071 5711 3142 5769 25
