3808 6280
416 311 520 369 607

1090 303 1362 364 EUSEBll
1389 302 1864 363 CESARIENSIS
1892 301 2043 359 OPP.
2086 299 2268 358 PARS
2297 297 2388 359 ιιι.
2420 333 2492 345 -
2519 299 2927 359 EXEGETICA.
2957 323 2961 327 ν

417 429 492 486 ita
521 434 581 483 ut
612 442 668 481 in
699 425 884 482 multis
911 440 1178 481 annorum
1214 422 1457 495 periodis
1480 424 1778 478 multorum
1820 422 1988 476 vitam

2116 418 2278 484 ›όντος
2320 419 2545 491 γένηταί
2574 436 2678 485 τις,
2721 417 2908 489 ὥσπερ
2938 416 3136 480 πολλὰς
3170 412 3315 479 ζωὰς
3351 416 3426 469 ἐν·
3455 412 3653 478 πολλαῖς

415 523 663 593 expleat;
697 521 802 576 hoc
834 536 966 577 sane
996 519 1133 575 nihil
1161 527 1269 583 est,
1305 517 1700 573 misericordiae
1728 515 1821 570 Dei
1845 529 1995 569 com-

415 623 688 687 paratum,
722 629 845 684 qua:
872 612 997 668 vitae
1023 619 1242 667 aeterna:
1282 616 1336 665 et
1377 608 1685 664 caelestium
1725 608 1993 663 bonorum

415 718 584 760 causa
606 710 712 759 est.
746 701 928 769 Quare
962 700 1355 757 misericordia:
1388 699 1632 754 conlisus
1660 706 1788 763 tuae,
1826 703 1995 750 totam

418 792 560 850 hanc
593 794 779 857 vitam,
812 808 912 849 ceu
947 791 1193 864 quaedam
1224 792 1466 864 pretiosa
1501 790 1730 846 donaria
1759 797 1814 845 et
1857 803 1997 859 opu-

418 885 566 940 lenta
591 884 809 941 cimelia
848 884 944 939 tibi
991 885 1372 951 consecrabo;
1406 883 1651 939 membra
1701 881 1913 936 scilicet
1941 886 1996 934 et

420 992 622 1034 sensus
678 992 828 1033 meos
868 975 1177 1032 ministerio
1210 974 1464 1031 addicam
1507 983 1622 1029 tuo.
1653 973 1998 1044 Quapmpter

421 1069 564 1125 labia
610 1085 729 1125 mea
757 1068 893 1124 nihil
929 1068 1077 1123 aliud
1125 1068 1473 1138 eloquentur,
1500 1067 1597 1124 scd
1632 1082 1769 1137 pura
1820 1072 1999 1122 casta-

421 1177 529 1231 que
553 1161 946 1224 servabuntur,
982 1168 1040 1213 ut
1065 1160 1176 1215 tuis
1202 1167 1398 1216 vacent
1427 1160 1645 1231 hymnis
1690 1166 1744 1214 et
1790 1172 2000 1215 sermo-

423 1253 609 1308 nibus.
643 1252 768 1307 Vita
797 1260 977 1308 autem
1015 1268 1135 1307 mea
1166 1253 1265 1307 tibi
1291 1250 1663 1307 benedicendo
1692 1257 1854 1307 nocte
1884 1248 1993 1304 die-

424 1361 531 1419 que
568 1359 782 1417 sempcr
805 1347 1085 1401 incumbet
1119 1364 1132 1400 :
1171 1360 1368 1401 manus
1415 1345 1666 1415 corporis
1712 1343 1840 1407 mei,
1871 1357 2001 1412 ope-

425 1452 597 1508 raque
618 1437 686 1493 iis
707 1437 874 1500 edita,
907 1436 960 1489 in
998 1436 1218 1491 nomine
1241 1444 1336 1490 tuo
1383 1434 1576 1490 levabo
1634 1433 2002 1501 extollamque

427 1527 484 1582 in
520 1529 711 1593 altum,
742 1543 910 1598 pravo
940 1527 1136 1598 quovis
1166 1527 1413 1582 facinore
1451 1541 1619 1598 puras
1662 1523 1907 1589 elIeram,
1944 1530 2004 1577 ut

428 1618 567 1675 dicit
597 1619 819 1690 quidam
852 1637 866 1673 :
902 1639 919 1670 ι
963 1616 1100 1672 Volo
1148 1618 1302 1673 viros
1353 1632 1537 1682 orare,
1566 1616 1810 1672 levantes
1838 1628 2004 1684 puras

428 1727 627 1767 manus
654 1710 773 1767 sine
805 1711 885 1764 ira
911 1718 964 1764 et
993 1708 1394 1779 disceptatione
1409 1707 1478 1763 ⁸⁸.
1519 1726 1538 1759 ι
1569 1707 1663 1762 Sic
1701 1712 1884 1760 autem
1926 1704 2005 1757 Ia-

428 1804 519 1860 bia
551 1819 671 1860 mea
699 1812 755 1859 et
785 1798 982 1859 maniis
1014 1818 1147 1857 meae
1179 1802 1275 1857 tibi
1306 1800 1754 1862 destinabuntur,
1777 1804 1837 1853 ut
1861 1795 2009 1851 labia

431 1897 651 1968 quidem
694 1911 723 1948 a
754 1895 1107 1967 tbymiamate
1146 1893 1278 1949 boni
1320 1892 1507 1949 odoris
1548 1891 1684 1947 nihil
1709 1888 2011 1952 diﬁ'erant,

429 2003 628 2045 manus
648 2003 780 2044 vero
804 1989 872 2043 ab
888 1972 1096 2043 eﬁicaci
1127 1995 1182 2043 et
1215 2001 1347 2043 vero
1375 1984 1647 2043 sacriﬁcio
1674 2000 1785 2039 non
1806 1982 2009 2039 discre-

428 2088 580 2151 pent,
630 2090 690 2135 ut
718 2087 1030 2150 opportune
1082 2078 1263 2134 dicam
1313 2076 1381 2133 de
1424 2077 1586 2133 labiis
1638 2076 1798 2140 meis,
1831 2090 1850 2125 ι
1887 2071 2008 2127 Fiat

430 2177 608 2230 oratio
639 2190 759 2230 mea
807 2174 950 2230 sicut
1006 2175 1293 2230 incensum
1328 2171 1383 2227 in
1414 2179 1714 2243 conspectu
1743 2177 1840 2225 tuo
1862 2169 1937 2236 ‘7;
1982 2187 2001 2222 ι

429 2270 499 2325 de
552 2268 814 2339 operibus
873 2277 1077 2330 autem,
1116 2284 1135 2317 ι
1169 2264 1706 2320 Elevatiomanuum
1762 2278 2018 2319 mearum.

432 2358 767 2417 sacriﬁcium
797 2357 1173 2428 vespertinum
1198 2357 1266 2412 ⁸⁸.
1299 2376 1319 2409 ι
1344 2354 1522 2427 Atque
1544 2356 1616 2411 ita
1637 2369 1767 2410 caro
1796 2362 1851 2410 et
1883 2368 2010 2408 cor-

434 2470 538 2524 pus
577 2467 758 2506 meum
787 2452 1097 2507 ministerio
1130 2462 1224 2505 luo
1249 2448 1609 2513 addicentur;
1647 2448 1827 2503 anima
1880 2463 2023 2504 vero

436 2560 555 2601 mea
606 2543 831 2613 majoris
880 2558 1113 2599 consors
1141 2542 1248 2599 erit
1272 2541 1493 2596 virtutis
1529 2559 1541 2596 :
1574 2556 1747 2610 quare
1801 2540 1871 2597 de
1920 2539 2026 2594 illa.

434 2635 600 2691 dico:
636 2651 656 2686 ι
702 2632 859 2689 Sicut
883 2632 1044 2704 adipe
1073 2640 1128 2689 et
1159 2630 1490 2704 pinguedine
1532 2630 1809 2701 repleatur
1828 2629 2025 2686 anima.

433 2740 577 2782 mea.
618 2743 639 2778 ι
692 2723 880 2794 Neque
903 2726 1050 2781 enim
1107 2724 1225 2795 pari
1275 2734 1438 2795 atque
1492 2738 1695 2794 corpus
1748 2722 1965 2780 ratione
1995 2761 2012 2787 ,

435 2815 617 2873 anima
652 2815 836 2882 labiis,
868 2825 963 2870 aut
995 2815 1273 2880 manibus,
1299 2825 1395 2870 aut
1427 2814 1536 2869 alia
1568 2813 1824 2886 quapiam
1863 2821 2030 2885 parte.

435 2907 520 2964 vel
560 2908 844 2977 membro;
876 2908 975 2965 sed
1018 2909 1138 2979 ipsa
1165 2915 1281 2964 tota
1312 2923 1377 2963 ac
1412 2923 1510 2976 per
1555 2923 1615 2963 se
1661 2907 2033 2978 praestantior

435 3000 585 3056 omni
625 3001 898 3056 sacriﬁcio
943 3000 1274 3065 bolocausti,
1317 2999 1582 3070 omni'que
1620 2999 1846 3054 animali
1894 3000 2017 3070 pin-

435 3093 529 3164 gui
555 3093 713 3166 adipe
740 3102 795 3150 et
826 3092 1165 3163 pinguedine
1198 3091 1427 3158 referto,
1459 3093 1556 3148 tibi
1596 3093 1708 3149 Deo
1738 3091 2025 3157 offeretur,

437 3186 840 3256 pretiosiorque
866 3185 1060 3250 vitulo,
1088 3195 1245 3240 tauro
1280 3199 1344 3240 ac
1375 3185 1571 3256 quovis
1592 3185 1754 3244 bruto
1784 3185 2015 3240 animali

438 3276 537 3332 abs
567 3282 623 3331 te
647 3275 1012 3346 reputabitur.
1044 3275 1226 3343 Quare
1278 3276 1421 3332 hanc
1461 3276 1879 3348 pinguissimam
1919 3291 2016 3331 ac-

436 3376 759 3440 ceptamque
789 3368 888 3424 tibi
929 3369 1186 3433 hostiam,
1215 3369 1456 3424 animam
1495 3369 1622 3426 dico
1672 3384 1873 3431 meam,
1918 3370 2017 3424 tibi

438 3460 655 3517 dicabo.
686 3460 863 3531 Atque
892 3460 994 3517 hac
1019 3460 1085 3516 de
1108 3475 1275 3517 causa
1307 3463 1539 3532 gratiam
1575 3461 1672 3516 tibi
1708 3460 2014 3533 professus,

440 3555 602 3626 pleno
633 3568 730 3609 ore
776 3553 1021 3625 ipsisque
1072 3553 1235 3610 labiis
1278 3553 1481 3626 gaudio
1525 3553 1750 3624 repletis
1783 3561 1838 3610 te
1869 3556 2015 3611 cele-

438 3645 611 3701 brabo
644 3664 657 3701 :
697 3644 822 3701 ideo
876 3646 957 3703 sic
993 3646 1190 3717 loquor
1221 3664 1235 3702 :
1274 3666 1292 3699 r
1321 3645 1388 3701 Et
1421 3645 1583 3702 labiis
1628 3647 2023 3706 exsultationis

439 3737 683 3794 laudabit
714 3754 778 3794 os
808 3754 988 3794 meum
1008 3757 1024 3808 ;
1048 3759 1068 3792 ι
1090 3739 1229 3804 sive,
1264 3739 1566 3796 secundum
1608 3738 2018 3812 Symmachum,

445 3848 465 3883 σ
497 3829 563 3885 Ει
583 3830 744 3886 labiis
766 3831 1173 3888 benedictionis
1190 3832 1491 3895 celebrabit
1525 3847 1591 3888 os
1614 3847 1817 3888 meum.
1852 3853 1871 3886 ι

2098 512 2235 566 ἐτῶν
2287 512 2553 585 περιόδοις
2599 511 2971 583 κτησάμενοςο
3019 507 3132 562 ἀλλ’
3161 506 3312 561 οὐδέν
3350 507 3472 559 ἐστι
3505 504 3656 560 ταῦτα

2099 604 2503 676 συγκρινόμενα
2538 604 2674 676 πρὸς
2700 604 2762 657 τὸ
2783 603 2928 667 ἔλεος
2952 600 3047 655 τοῦ
3071 598 3229 663 Θεοῦ,
3244 598 3307 652 τδ
3328 597 3430 670 τῆς
3459 597 3656 652 αἰωνίου

2097 699 2243 769 ζωῆς
2267 698 2363 753 καὶ
2385 698 2492 752 τῶν
2516 696 2851 769 ἐπουρανίων
2872 692 3090 764 ἀγαθῶν
3116 691 3311 748 αἴτιον.
3347 691 3551 760 Διόπερ
3580 690 3658 743 καὶ

2096 792 2174 863 τῷ
2203 790 2281 863 σῷ
2305 791 2439 864 ἐλέῳ
2468 790 2863 864 ἐπιθαρσήσας,
2900 787 3078 842 πᾶσάν
3110 804 3211 858 μου
3250 784 3352 857 τὴν
3394 781 3659 855 παροῦσαν

2098 883 2242 955 ζωήν
2285 900 2367 937 σοι
2421 883 2703 955 ἀναθήσω,
2746 880 2934 953 ὥσπερ
2976 879 3102 933 τινὰ
3135 877 3292 948 τίμια
3330 875 3657 947 ἀναθήματα,

2096 979 2190 1032 καὶ
2223 976 2488 1048 πολυτελῆ
2516 975 2776 1048 κειμήλια
2803 973 2874 1027 τὰ
2904 972 3037 1045 μέλη
3064 989 3164 1043 μου
3197 972 3292 1024 καὶ
3317 969 3389 1023 τὰ
3423 968 3660 1040 αἰσθητή-

2100 1088 2193 1144 ρια
2224 1072 2293 1142 τῇ
2326 1072 2391 1141 σῇ
2415 1068 2684 1141 ἀφορίσας
2707 1065 3036 1138 λειτουργίᾳ.
3060 1065 3151 1118 Διὸ
3167 1064 3236 1118 τὰ
3267 1063 3368 1135 μὲν
3394 1062 3548 1132 χείλη
3576 1078 3658 1132 μιν)

2098 1162 2250 1216 οὐδὲν
2281 1161 2466 1234 ἕτερον
2503 1159 2755 1231 λαλήσει,
2798 1158 3052 1227 ἀγνεύσει
3088 1158 3145 1213 δὲ
3202 1158 3295 1212 καὶ
3341 1153 3557 1227 καθαρὰ
3586 1172 3661 1223 φυ-

2099 1251 2448 1324 λαχθήσεται,
2499 1252 2578 1314 εἰς
2611 1250 2672 1303 τὸ
2706 1247 2986 1319 σχολάζειν
3039 1249 3149 1309 τοῖς
3196 1249 3309 1309 σοῖς
3348 1244 3545 1315 ὕμνοις
3585 1245 3661 1295 καὶ

2100 1344 2279 1412 λόγοις
2297 1361 2311 1374 ·
2345 1346 2377 1414 ἠ
2420 1342 2476 1397 δὲ
2510 1342 2622 1414 ζωή
2660 1359 2763 1413 μου
2789 1342 2924 1411 αὕτη
2951 1339 3079 1411 περὶ
3100 1337 3158 1392 τὸ
3190 1337 3440 1406 εὐλογεῖν
3465 1352 3527 1389 σε
3549 1335 3662 1389 πάνυ

2099 1453 2225 1489 τότε
2269 1435 2486 1505 νύκτωρ
2537 1434 2633 1487 καὶ
2678 1434 2796 1505 μεθ’
2828 1434 3041 1505 ἡμέραν
3084 1430 3559 1502 ἁσχοληθήσεταιι
3585 1428 3664 1482 καὶ

2103 1527 2201 1591 τὰς
2244 1529 2432 1600 χεῖρας
2468 1525 2525 1579 δέ
2572 1524 2665 1578 τοῦ
2710 1523 2959 1595 σώματός
2988 1541 3113 1595 μου.
3139 1523 3237 1587 τάς
3263 1539 3322 1575 τε
3353 1520 3448 1575 διὰ
3484 1520 3669 1574 τούτων.

2103 1620 2527 1691 ἐπιτελουμένας
2556 1618 2802 1691 πράξεις,
2826 1621 2883 1672 ἐν
2922 1616 2998 1686 τῷ
3028 1615 3250 1688 ὀνόματί
3284 1632 3375 1668 σου
3420 1613 3541 1685 ἀρῶ
3586 1631 3663 1686 με·

2104 1712 2383 1784 τεωρίζων
2412 1714 2491 1777 εἰς
2516 1711 2667 1782 ὕψος,
2697 1711 2790 1765 καὶ
2839 1710 2920 1764 σοὶ
2960 1708 3208 1780 καθαρὰς
3237 1707 3419 1780 πάσης
3458 1705 3666 1777 παρανό-

2111 1823 2211 1876 μου
2249 1804 2500 1874 πράξεως
2543 1804 2851 1869 ἐπιδεικνὺς
2902 1801 3068 1866 αύτάς
3102 1801 3242 1855 κατά
3280 1802 3370 1855 τὸν
3420 1801 3663 1871 φήσαντα·

2110 1914 2137 1948 ι
2149 1896 2416 1968 Βούλομαι
2445 1896 2572 1961 τοὺς
2587 1895 2785 1968 ἄνδρας
2799 1892 3209 1967 ,προσεύχεσθαι
3236 1893 3557 1965 ἐπαίροντας
3574 1891 3665 1945 60i-

2103 2005 2196 2051 ους
2222 1989 2408 2058 χεῖρας
2433 1986 2601 2058 χωρὶς
2632 1985 2800 2057 ὀργῆς
2817 1985 2921 2038 και.
2940 1983 3318 2055 διαλογισμῶν.
3359 2004 3375 2035 ι
3418 1982 3599 2046 Οὕτως

2105 2079 2175 2133 τά
2191 2079 2344 2149 χείλη
2378 2096 2477 2150 μου
2502 2078 2598 2133 καὶ
2627 2079 2682 2132 αί
2702 2079 2895 2148 χεῖρες·
2922 2075 3372 2149 ἀφορισθήσονταί
3392 2092 3501 2132 σοι.
3531 2074 3666 2139 ὡςτά

2110 2170 2209 2243 μὲν
2250 2169 2402 2242 χείλη
2445 2169 2789 2241 θυμιάματος
2816 2168 3048 2233 εὐώδους
3073 2169 3133 2221 τὸ
3162 2167 3331 2240 μηθὲν
3380 2169 3667 2240 διαφέρειν,

2108 2264 2203 2327 τὰς
2231 2263 2289 2316 δὲ
2321 2265 2513 2335 χεῖρας
2543 2262 2737 2326 θυσίας
2780 2260 3038 2332 ἐνεργοῦς
3072 2262 3167 2314 καὶ
3192 2259 3453 2331 ἀληθινῆς
3488 2259 3558 2330 μὴ
3582 2258 3667 2311 λεξ-

2110 2356 2340 2412 πεσθαιο
2393 2356 2470 2421 ὡς
2508 2356 2683 2408 εἰπεῖν
2738 2372 2806 2426 με
2859 2354 3131 2425 εὐκαίρως
3165 2352 3292 2423 περὶ
3328 2353 3425 2422 μὲν
3452 2350 3559 2405 τῶν
3586 2367 3668 2421 χει-

2107 2449 2249 2505 λέων
2281 2466 2388 2519 μου
2415 2447 2497 2515 τὸ,
2529 2467 2548 2499 ι
2587 2444 2933 2520 Γενηθήτωὴ
2968 2447 3240 2519 προσευχὴ
3287 2461 3386 2516 μου
3423 2444 3502 2509 ὠς
3532 2442 3667 2514 θυμί-

2111 2560 2227 2615 αμα
2271 2541 2503 2596 ἐνώπιόν
2561 2558 2689 2595 σου·
2749 2561 2773 2592 ι
2804 2541 2929 2613 περὶ
2969 2539 3025 2593 δέ
3053 2540 3161 2593 τῶν
3206 2537 3454 2610 πράξεών
3483 2554 3578 2608 μου
3602 2538 3668 2599 τὸ,

2118 2651 2139 2685 r
2170 2634 2442 2705 Ἐπαρσις
2480 2631 2592 2685 τῶν
2624 2631 2824 2703 χειρῶν
2859 2647 2961 2702 μου
3000 2630 3160 2684 θυσία
3190 2630 3468 2702 ἐσπερινή.
3532 2648 3551 2682 ι
3580 2629 3670 2697 Καὶ

2113 2727 2147 2796 ἡ
2183 2724 2283 2797 μὲν
2316 2724 2454 2797 σάρξ
2495 2727 2591 2782 καὶ
2630 2726 2690 2779 τὸ
2725 2725 2883 2797 σῶμα
2916 2724 3090 2789 οὕτως
3114 2722 3501 2793 ἀνατεθήσεται
3527 2725 3587 2794 τῇ
3616 2724 3668 2792 σῇ

2113 2815 2440 2888 λειτουργίᾳο
2458 2819 2491 2889 ή
2509 2817 2565 2872 δὲ
2588 2816 2734 2889 ψυχή
2760 2835 2861 2889 μου
2893 2817 3132 2881 πλείονος
3157 2815 3367 2888 μεθέξει
3385 2816 3667 2886 δυνάμεως·

2115 2907 2194 2970 διὸ
2224 2909 2316 2962 καὶ
2347 2910 2475 2982 περὶ
2524 2911 2694 2982 αὐτῆς
2723 2927 2899 2981 φημι·
2954 2930 2971 2959 ι
3018 2909 3167 2962 Ὢσεὶ·
3205 2909 3422 2971 στέατος
3454 2907 3547 2961 καὶ
3572 2905 3669 2959 πιό-

2118 3017 2280 3073 τητος
2321 3001 2661 3073 ἐμπλησθείη
2693 3004 2725 3074 ἡ
2753 3001 2895 3073 ψυχή
2933 3020 3054 3073 μου.
3093 3020 3111 3053 ι
3145 3002 3339 3055 Οὐκέτι
3366 2999 3473 3072 γὰρ
3499 2998 3671 3071 ὁμοίως

2115 3095 2194 3167 τῷ
2222 3095 2436 3168 σώματι
2470 3099 2564 3152 καὶ
2616 3098 2649 3168 ἡ
2684 3096 2829 3168 ψυχή
2873 3096 3110 3167 χείλεσιν
3154 3095 3277 3148 ούδέ
3326 3094 3534 3164 χερσὶν,
3570 3089 3675 3142 οὐδὲ

2117 3188 2260 3243 κατά
2285 3205 2339 3242 τι
2375 3187 2541 3270 μέρος
2567 3188 2601 3259 ἤ
2637 3188 2798 3260 μέλος
2825 3189 3034 3261 ἕτερον,
3066 3186 3160 3258 ὅλη
3188 3185 3245 3240 δὲ
3271 3185 3406 3256 αὕτη
3434 3182 3552 3238 καθ’
3570 3183 3675 3235 ἐαυ-

2113 3283 2212 3355 τὴν
2265 3283 2408 3356 ὑπὲρ
2449 3268 2628 3337 πᾶσαν
2673 3282 2963 3337 όλόκαυτον
3027 3280 3240 3346 θυσίαν,
3279 3278 3375 3331 καὶ
3420 3276 3555 3348 ὑπὲρ
3585 3275 3672 3328 πᾶν

2118 3376 2256 3443 ζῶον
2296 3375 2565 3449 εὐτραφὲς
2601 3376 2855 3448 πιότητος
2885 3375 2982 3430 καὶ
3036 3375 3259 3437 στέατος
3291 3372 3476 3442 γέμον,
3501 3370 3577 3423 σοὶ
3608 3366 3672 3436 τῷ

2117 3469 2237 3541 Θεῷ
2256 3468 2771 3543 προσενεχθήσεται,
2794 3469 2995 3541 μόσχου
3026 3468 3118 3522 καὶ
3145 3465 3371 3538 ταύρου,
3394 3465 3483 3518 καὶ
3504 3460 3675 3522 παντὸς

2120 3560 2317 3630 ἀλόγου
2346 3559 2484 3625 ξώου
2513 3558 2819 3630 τιμιωτέρα
2870 3555 3023 3630 παρά
3075 3556 3159 3611 σοὶ
3208 3552 3571 3625 λελογισμένη.
3600 3550 3674 3603 Διὸ

2121 3653 2216 3706 καὶ
2257 3652 2461 3724 ταύτην
2499 3668 2580 3706 σοι
2616 3651 2877 3723 πιοτάτην
2909 3650 3004 3704 καί
3058 3666 3143 3703 σοι
3184 3647 3456 3720 προσφιλῆ
3489 3644 3672 3705 θυσίαν,

2122 3743 2267 3813 λέγω
2290 3743 2349 3797 δὲ
2388 3744 2488 3816 τὴν
2519 3742 2761 3816 ἐμαυτοῦ
2792 3742 2992 3813 ψυχὴν,
3026 3741 3301 3812 ἀναθήσω.
3342 3739 3461 3794 Ἐπὶ
3496 3736 3674 3796 τούτοις

2123 3853 2185 3889 τε
2220 3835 2452 3909 χάριτας
2482 3836 2760 3908 ὁμολογῶν
2785 3836 2891 3908 ὅλῳ
2914 3834 2991 3907 τῷ
3019 3835 3247 3906 στόματι
3275 3834 3371 3888 καί
3388 3833 3556 3895 αὑτοῖς
3579 3828 3673 3901 χεί-

437 3924 556 3979 λεσι
589 3925 764 3997 χαρᾶς
795 3925 1243 3998 πεπληρωμένοις
1273 3927 1568 3999 ἀνυμνήσω
1603 3943 1663 3980 σε
1684 3942 1700 3958 °
1732 3926 1813 3981 διό
1843 3943 2022 3999 φημμ
2065 3946 2085 3980 ‹
2125 3930 2235 3983 Καὶ
2259 3929 2414 4001 χείλη
2455 3929 2827 3999 ἀγαλλιάσεως
2852 3930 3073 3993 αἰνέσεικ
3114 3929 3176 3983 τὸ
3206 3929 3379 4001 στόμα
3413 3944 3507 4001 μου
3541 3941 3555 3957 ·
3602 3944 3619 3974 ι
3646 3923 3672 3994 ἦ

440 4019 584 4074 κατά
627 4020 720 4074 τὸν
773 4021 1096 4093 Σύμμαχον·
1134 4041 1151 4074 ι
1206 4022 1320 4079 Καὶ
1358 4021 1448 4077 διὰ
1490 4021 1715 4093 χειλέων
1763 4022 2026 4096 εὐφήμων
2066 4024 2299 4098 ὑμνήσει
2327 4025 2389 4079 τὸ
2422 4025 2597 4096 στόμα
2626 4043 2748 4097 μου.
2782 4044 2801 4078 ι

512 4132 683 4191 Vens.
740 4136 853 4191 7-9.
893 4155 911 4188 ε
951 4134 1010 4191 Si
1055 4151 1266 4194 memor
1319 4137 1396 4194 fui
1444 4139 1525 4194 tui
1564 4156 1730 4211 super
1788 4148 2021 4197 stratum

444 4243 652 4293 meum,
681 4229 741 4284 in
794 4231 1085 4288 matutinis
1126 4233 1434 4289 meditabar
1481 4233 1539 4289 in
1583 4240 1661 4300 te,
1685 4232 1815 4305 quia
1865 4232 2022 4290 fuisti

445 4317 668 4387 adjutor‘
703 4333 878 4373 meus.
919 4318 981 4375 Et
1011 4320 1066 4375 in
1100 4321 1408 4378 velamento
1439 4322 1651 4378 alarum
1676 4332 1894 4378 tuarum
1927 4338 2025 4380 ex.

2199 4158 2218 4191 ι
2251 4142 2315 4195 Ei
2342 4142 2711 4215 ἐμνημόνευόν
2760 4157 2853 4193 σου
2901 4137 2992 4191 ἐπὶ
3034 4136 3135 4207 τῆς
3169 4134 3458 4208 στρωμνῆς
3489 4146 3596 4203 μου,
3627 4129 3673 4179 ἐν

2122 4234 2236 4296 τοῖς
2278 4232 2497 4305 ὄρθροις
2534 4231 2809 4304 ἐμελέτων
2842 4230 2922 4292 εἰς
2974 4227 3057 4291 σὲ,
3083 4227 3167 4281 ὅτι
3213 4223 3479 4296 ἐγενήθης
3515 4217 3673 4291 βθηθός

2127 4341 2250 4396 μου.
2285 4324 2396 4377 Καὶ
2440 4325 2499 4378 ἐν
2544 4326 2619 4396 τῇ
2665 4322 2845 4394 σκέπῃ
2876 4319 2984 4373 τῶν
3009 4317 3296 4391 πτερύγων
3328 4331 3421 4369 σου
3458 4306 3677 4382 ἀγαλλιά-

445 4407 686 4476 sultabo,
723 4408 955 4465 adhaesit
989 4411 1172 4489 anima
1219 4427 1337 4467 mea
1384 4420 1511 4482 post
1535 4421 1609 4480 te,
1657 4429 1744 4470 me
1779 4414 2011 4485 suscepit

2129 4432 2312 4488 σομαι,
2343 4415 2611 4489 ἐκολλήθη
2649 4417 2698 4488 ἡ.
2720 4413 2866 4484 ψυχή
2901 4429 3003 4483 μου
3022 4411 3211 4465 ὀπίσω
3243 4426 3361 4471 σου,
3389 4404 3518 4499 ἐμοῦ
3538 4402 3587 4499 δξ

445 4500 668 4555 dextera
710 4506 823 4555 tua.
865 4518 884 4552 ι
922 4499 1059 4556 Cum
1100 4503 1157 4557 in
1212 4502 1432 4558 deserto
1470 4502 1673 4559 Iudaeae
1716 4511 2026 4560 versaretur

447 4591 786 4649 admirabilis
826 4595 917 4650 ille
946 4593 1136 4658 David,
1172 4610 1282 4650 non
1317 4596 1577 4651 animalia
1617 4595 2025 4652 immolatarum

446 4698 528 4747 se,
558 4699 736 4754 neque
759 4686 1047 4742 brutorum
1080 4701 1364 4758 pecorum,
1409 4688 1506 4744 sed
1549 4700 1887 4749 memoratas
1930 4707 2032 4748 su-

448 4772 635 4843 perius
659 4774 975 4837 verborum,
1007 4790 1235 4845 operum
1264 4783 1320 4833 et
1348 4777 1522 4848 ipsius
1554 4781 1755 4836 anima:
1788 4780 2025 4848 hostias,

447 4864 754 4935 pollicetur.
793 4866 909 4921 Sub
941 4866 1057 4922 haec
1092 4875 1273 4923 autem
1304 4884 1412 4939 qua
1442 4873 1830 4942 temperantia,
1859 4886 2027 4945 quam

448 4958 688 5029 perfecta
735 4960 986 5016 castitate
1040 4960 1299 5030 praeditus
1342 4970 1529 5027 esset,
1585 4963 1695 5021 Deo
1735 4964 2043 5022 declarat:

446 5066 617 5123 quare
645 5053 757 5107 ait:
784 5071 805 5104 ι
833 5051 890 5106 Si
920 5067 1128 5107 memor
1156 5051 1235 5108 fui
1258 5055 1337 5109 tui
1373 5070 1538 5126 super
1567 5064 1800 5111 stratum
1824 5072 2027 5121 meum,

449 5142 504 5197 in
571 5144 860 5200 matutinis
916 5143 1225 5200 meditabar
1273 5145 1330 5200 in
1380 5152 1465 5213 te;
1505 5167 1524 5199 ι
1563 5148 1680 5203 sive
1724 5148 2027 5203 secundum

451 5230 880 5305 Symmachum,
940 5254 959 5288 ι
1014 5234 1355 5295 Recordatus
1425 5240 1504 5294 tui
1559 5255 1726 5310 super
1795 5247 2028 5296 stratum

452 5341 653 5391 meum,
691 5342 786 5396 per
815 5328 1059 5398 singulas
1087 5328 1370 5386 custodias
1408 5330 1713 5387 meditabar
1749 5338 1824 5390 te.
1864 5351 1885 5385 ι
1916 5331 2027 5388 Ne-

452 5431 559 5487 que
582 5416 726 5471 enim
765 5418 875 5473 alio
908 5419 1070 5473 modo
1096 5427 1361 5489 poteram,
1388 5421 1604 5492 inquit,
1632 5422 1699 5477 ad
1734 5429 1788 5478 te
1813 5421 1881 5478 de
1907 5423 2030 5479 luce

455 5507 703 5578 vigilare,
733 5524 909 5579 neque
932 5511 1205 5580 precando
1227 5512 1432 5578 dicere,
1464 5531 1483 5565 ι
1515 5512 1661 5569 Deus
1687 5513 1828 5571 Deus
1854 5531 2028 5580 meus,

456 5601 524 5659 δύ
555 5609 608 5657 te
639 5600 708 5656 de
735 5602 855 5659 lucc
882 5602 1065 5675 vigilo,
1107 5623 1126 5656 ι
1154 5605 1261 5661 nisi
1296 5618 1495 5675 purum
1542 5613 1775 5665 stratum
1805 5606 2025 5665 habuis-

527 5754 576 5788 ε’
612 5755 631 5812 l
668 5754 809 5809 Tim.
842 5769 905 5819 ιι,
943 5752 975 5807 8
1070 5738 1114 5785 ⁸⁷
1158 5752 1300 5811 Psal.
1337 5771 1470 5823 οη,
1508 5757 1561 5812 2.
1645 5759 1687 5791 ⁸⁸
1728 5760 1858 5817 ibid.

2127 4504 2387 4560 τελάϐετο
2431 4508 2464 4577 ἡ
2507 4505 2657 4573 δεξιά
2701 4523 2815 4560 σου.
2857 4506 2944 4559 Ἐν
2969 4506 3036 4576 τῇ
3071 4503 3269 4576 ἐρήμῳ
3305 4499 3405 4570 τῆς
3458 4490 3673 4550 Ἰουδαίας

2128 4596 2419 4669 διατρίϐων
2445 4599 2473 4652 6
2498 4596 2802 4669 θαυμάσιος
2834 4596 3016 4660 Δαυῒδ,
3043 4595 3114 4649 οὐκ
3132 4592 3247 4659 ζῶα
3273 4590 3423 4645 θύειν
3450 4580 3673 4652 ἐπαγγέλ-

2128 4688 2299 4753 λεται,
2323 4689 2443 4742 οὐδὲ
2473 4688 2573 4754 τάς
2594 4690 2653 4757 ἐξ
2685 4689 2896 4759 ἀλόγων
2931 4686 3264 4761 θρεμμάτων
3291 4684 3499 4748 θυσίας,
3525 4679 3608 4743 τὰς
3624 4674 3671 4728 δὲ

2130 4779 2519 4854 προλεχθείσας
2566 4782 2656 4836 διά
2699 4780 2874 4852 λόγων
2924 4780 3020 4835 καὶ
3076 4778 3357 4851 πράξεων,
3388 4777 3481 4830 καὶ
3530 4766 3673 4844 ψυχῆς

2135 4874 2322 4945 αὐτῆς.
2361 4871 2473 4928 Εἶτ’
2497 4874 2592 4929 ἐπὶ
2616 4875 2828 4939 τούτοις
2855 4873 2933 4945 τῷ
2956 4871 3076 4944 Θεῷ
3106 4870 3381 4926 δείκνυσιν
3414 4869 3551 4929 ὅπως
3576 4858 3671 4916 ἀνέ“

2135 4979 2285 5018 κειτο
2336 4965 2661 5038 σωφροσύνῃ
2700 4965 2795 5018 καὶ
2845 4961 3101 5017 παντελεί
3142 4961 3364 5031 ἁγνείᾳ’
3399 4957 3480 5012 διό
3515 4964 3671 5025 φησιν’

2141 5071 2160 5107 ι
2206 5055 2269 5109 El
2313 5056 2682 5129 ἐμνημόνευόν
2719 5072 2813 5109 σου
2862 5056 2956 5110 ἐπὶ
3003 5055 3103 5126 τῆς
3154 5050 3447 5125 στρωμνῆς
3504 5062 3609 5120 μου,
3630 5043 3674 5094 ἓν

2135 5150 2247 5212 τοῖς
2274 5148 2369 5221 ὕρθ
2379 5166 2489 5221 ροις
2512 5150 2780 5222 ἐμελέτων
2803 5150 2885 5215 είς
2903 5149 2984 5204 σέ·
3007 5169 3026 5202 ι
3053 5148 3089 5221 ἢ
3118 5146 3261 5202 κατὰ
3278 5146 3370 5199 τὸν
3394 5143 3681 5215 Σύμμαχον·-

2141 5259 2160 5292 ‹
2209 5242 2781 5316 ’Λναμιμνησκόμενός
2813 5262 2905 5298 σου
2948 5242 3040 5297 ἐπὶ
3079 5241 3180 5312 τῆς
3238 5237 3526 5310 στρωμνῆς
3574 5242 3670 5302 μου·

2134 5331 2255 5386 καθ’
2290 5332 2529 5407 ἐκάστην
2548 5335 2792 5407 φυλακὴν
2820 5333 3091 5407 ἐμελέτων
3118 5349 3197 5386 σε.
3227 5350 3246 5383 ι
3273 5331 3352 5385 Οὐ
3381 5326 3488 5399 γὰρ
3516 5319 3670 5379 ἄλλως,

2137 5426 2322 5496 φησὶν,
2363 5421 2475 5492 οἷός
2516 5445 2575 5481 τε
2615 5429 2763 5500 ἤμην
2791 5428 2929 5501 πρὸς
2977 5427 3038 5481 σὲ
3073 5423 3370 5499 ὀρθρίζειν,
3395 5419 3508 5475 οὐδὲ
3532 5413 3672 5481 λέγειν

2135 5520 2456 5591 εὐχόμενοςτ
2490 5538 2507 5572 ι
2540 5522 2598 5574 '0
2629 5521 2762 5586 Θεὸς
2785 5525 2814 5576 ό
2841 5521 2973 5586 Θεός
3010 5537 3134 5592 μου,
3158 5516 3297 5589 πρὸς
3320 5514 3379 5568 σὲ
3403 5505 3668 5592 όρθρίζωει

2137 5612 2185 5664 εί
2220 5610 2572 5687 μὴῆκαλθαράν
2612 5614 2925 5686 ἐκεκτήμην
2980 5613 3078 5685 τὴν
3130 5606 3449 5682 στρωμνὴν.
3486 5591 3670 5669 Ἑτινὼ⁹
