  <div class='ocr_page' id='page_1' title='image "/cluster/home/n/w/nwhite01/storage/ocr_20150623/23/mdp.39015078384396/312.png"; bbox 0 0 3808 6280; ppageno 0'>
   <div class='ocr_carea' id='block_1_1' title="bbox 117 340 1669 428">
    <p class='ocr_par' dir='ltr' id='par_1_1' title="bbox 117 340 1669 399">
     <span class='ocr_line' id='line_1_1' title="bbox 117 340 1669 399; baseline 0.001 -3"><span class='ocrx_word' id='word_1_1' title='bbox 117 341 214 399; x_wconf 70' lang='grc' dir='ltr'><strong>’ΰῡθ</strong></span> <span class='ocrx_word' id='word_1_2' title='bbox 1262 340 1669 398; x_wconf 68' lang='grc' dir='ltr'><strong>(ΖΟΜΜΕΝΤΜ</strong></span> 
     </span>
    </p>
   </div>
   <div class='ocr_carea' id='block_1_2' title="bbox 1775 340 2250 428">
    <p class='ocr_par' dir='ltr' id='par_1_2' title="bbox 1775 343 2250 405">
     <span class='ocr_line' id='line_1_2' title="bbox 1775 343 2250 405; baseline 0.017 -8"><span class='ocrx_word' id='word_1_3' title='bbox 1775 377 1778 382; x_wconf 94' lang='grc'><strong>-</strong></span> <span class='ocrx_word' id='word_1_4' title='bbox 1807 343 1870 398; x_wconf 74' lang='grc' dir='ltr'><strong>ΙΝ</strong></span> <span class='ocrx_word' id='word_1_5' title='bbox 1907 343 2250 405; x_wconf 79' lang='lat' dir='ltr'><strong>PSALMOS.</strong></span> 
     </span>
    </p>
   </div>
   <div class='ocr_carea' id='block_1_3' title="bbox 3255 370 3361 428">
    <p class='ocr_par' dir='ltr' id='par_1_3' title="bbox 3255 370 3361 428">
     <span class='ocr_line' id='line_1_3' title="bbox 3255 370 3361 428; baseline 0.038 -4"><span class='ocrx_word' id='word_1_6' title='bbox 3255 370 3361 428; x_wconf 63' lang='grc' dir='ltr'><strong>διο</strong></span> 
     </span>
    </p>
   </div>
   <div class='ocr_carea' id='block_1_4' title="bbox 125 453 1669 557">
    <p class='ocr_par' dir='ltr' id='par_1_4' title="bbox 125 453 1669 534">
     <span class='ocr_line' id='line_1_4' title="bbox 125 453 1669 534; baseline 0.003 -21"><span class='ocrx_word' id='word_1_7' title='bbox 125 474 267 513; x_wconf 83' lang='grc' dir='ltr'><strong>σκετο</strong></span> <span class='ocrx_word' id='word_1_8' title='bbox 317 457 373 511; x_wconf 81' lang='grc' dir='ltr'><strong>δέ</strong></span> <span class='ocrx_word' id='word_1_9' title='bbox 407 473 528 528; x_wconf 81' lang='grc' dir='ltr'><strong>μου</strong></span> <span class='ocrx_word' id='word_1_10' title='bbox 577 458 608 527; x_wconf 84' lang='grc' dir='ltr'><strong>ή</strong></span> <span class='ocrx_word' id='word_1_11' title='bbox 649 453 970 531; x_wconf 76' lang='grc' dir='ltr'><strong>καθαρότης</strong></span> <span class='ocrx_word' id='word_1_12' title='bbox 1010 460 1108 514; x_wconf 84' lang='grc' dir='ltr'><strong>ούκ</strong></span> <span class='ocrx_word' id='word_1_13' title='bbox 1141 460 1361 515; x_wconf 77' lang='grc' dir='ltr'><strong>ἂλλοθεν</strong></span> <span class='ocrx_word' id='word_1_14' title='bbox 1388 464 1421 534; x_wconf 82' lang='grc' dir='ltr'>ἦ</span> <span class='ocrx_word' id='word_1_15' title='bbox 1452 465 1562 519; x_wconf 78' lang='grc' dir='ltr'><strong>ἀπὸ</strong></span> <span class='ocrx_word' id='word_1_16' title='bbox 1585 464 1669 518; x_wconf 81' lang='grc' dir='ltr'><strong>τοῦ</strong></span> 
     </span>
    </p>
   </div>
   <div class='ocr_carea' id='block_1_5' title="bbox 1775 453 3364 557">
    <p class='ocr_par' dir='ltr' id='par_1_5' title="bbox 1781 465 3364 557">
     <span class='ocr_line' id='line_1_5' title="bbox 1781 465 3364 557; baseline 0.015 -35"><span class='ocrx_word' id='word_1_17' title='bbox 1781 481 1918 522; x_wconf 88' lang='lat' dir='ltr'><strong>sem.</strong></span> <span class='ocrx_word' id='word_1_18' title='bbox 1952 465 2189 539; x_wconf 70' lang='lat' dir='ltr'><strong>Mezeque</strong></span> <span class='ocrx_word' id='word_1_19' title='bbox 2220 469 2477 540; x_wconf 74' lang='lat' dir='ltr'><strong>puritatis</strong></span> <span class='ocrx_word' id='word_1_20' title='bbox 2508 489 2619 532; x_wconf 79' lang='lat' dir='ltr'><strong>non</strong></span> <span class='ocrx_word' id='word_1_21' title='bbox 2653 476 2800 533; x_wconf 87' lang='lat' dir='ltr'><strong>aliud</strong></span> <span class='ocrx_word' id='word_1_22' title='bbox 2834 479 3024 537; x_wconf 91' lang='lat' dir='ltr'><strong>aderat</strong></span> <span class='ocrx_word' id='word_1_23' title='bbox 3066 498 3364 557; x_wconf 85' lang='lat' dir='ltr'><strong>argumen-</strong></span> 
     </span>
    </p>
   </div>
   <div class='ocr_carea' id='block_1_6' title="bbox 125 547 1679 630">
    <p class='ocr_par' dir='ltr' id='par_1_6' title="bbox 125 547 1679 630">
     <span class='ocr_line' id='line_1_6' title="bbox 125 547 1679 630; baseline 0.005 -26"><span class='ocrx_word' id='word_1_24' title='bbox 125 549 248 604; x_wconf 83' lang='grc' dir='ltr'><strong>κατά</strong></span> <span class='ocrx_word' id='word_1_25' title='bbox 272 547 357 602; x_wconf 80' lang='grc' dir='ltr'><strong>τὸν</strong></span> <span class='ocrx_word' id='word_1_26' title='bbox 388 548 584 620; x_wconf 73' lang='grc' dir='ltr'><strong>δρθρθν</strong></span> <span class='ocrx_word' id='word_1_27' title='bbox 614 549 681 603; x_wconf 72' lang='grc' dir='ltr'><strong>τὰ</strong></span> <span class='ocrx_word' id='word_1_28' title='bbox 708 549 778 603; x_wconf 74' lang='grc' dir='ltr'><strong>σὰ</strong></span> <span class='ocrx_word' id='word_1_29' title='bbox 811 551 1040 624; x_wconf 81' lang='grc' dir='ltr'><strong>μελετᾷν</strong></span> <span class='ocrx_word' id='word_1_30' title='bbox 1067 553 1241 622; x_wconf 85' lang='grc' dir='ltr'><strong>λόγια.</strong></span> <span class='ocrx_word' id='word_1_31' title='bbox 1273 555 1443 625; x_wconf 81' lang='grc' dir='ltr'><strong>Δῆλον</strong></span> <span class='ocrx_word' id='word_1_32' title='bbox 1472 556 1580 630; x_wconf 82' lang='grc' dir='ltr'><strong>γάρ</strong></span> <span class='ocrx_word' id='word_1_33' title='bbox 1612 552 1679 628; x_wconf 75' lang='grc' dir='ltr'><strong>ἦν</strong></span> 
     </span>
    </p>
   </div>
   <div class='ocr_carea' id='block_1_7' title="bbox 119 639 1679 720">
    <p class='ocr_par' dir='ltr' id='par_1_7' title="bbox 119 639 1679 720">
     <span class='ocr_line' id='line_1_7' title="bbox 119 639 1679 720; baseline 0.025 -42"><span class='ocrx_word' id='word_1_34' title='bbox 119 644 179 696; x_wconf 64' lang='grc' dir='ltr'><strong>«εκ</strong></span> <span class='ocrx_word' id='word_1_35' title='bbox 206 639 383 695; x_wconf 78' lang='grc' dir='ltr'><strong>τούτου</strong></span> <span class='ocrx_word' id='word_1_36' title='bbox 402 639 540 712; x_wconf 43' lang='grc' dir='ltr'><strong>,μηδ’</strong></span> <span class='ocrx_word' id='word_1_37' title='bbox 566 639 694 695; x_wconf 79' lang='grc' dir='ltr'><strong>ἄλλο</strong></span> <span class='ocrx_word' id='word_1_38' title='bbox 724 660 776 697; x_wconf 89' lang='grc' dir='ltr'><strong>τι</strong></span> <span class='ocrx_word' id='word_1_39' title='bbox 807 644 1063 715; x_wconf 85' lang='grc' dir='ltr'><strong>πράττειν</strong></span> <span class='ocrx_word' id='word_1_40' title='bbox 1097 663 1164 717; x_wconf 90' lang='grc' dir='ltr'><strong>με</strong></span> <span class='ocrx_word' id='word_1_41' title='bbox 1193 647 1291 711; x_wconf 84' lang='grc' dir='ltr'><strong>τὰς</strong></span> <span class='ocrx_word' id='word_1_42' title='bbox 1311 646 1531 712; x_wconf 72' lang='grc' dir='ltr'><strong>νύκτας,</strong></span> <span class='ocrx_word' id='word_1_43' title='bbox 1562 649 1594 720; x_wconf 81' lang='grc' dir='ltr'>ἢ</span> <span class='ocrx_word' id='word_1_44' title='bbox 1620 650 1679 702; x_wconf 70' lang='grc' dir='ltr'>σὲ</span> 
     </span>
    </p>
   </div>
   <div class='ocr_carea' id='block_1_8' title="bbox 122 732 1680 813">
    <p class='ocr_par' dir='ltr' id='par_1_8' title="bbox 122 732 1680 813">
     <span class='ocr_line' id='line_1_8' title="bbox 122 732 1680 813; baseline 0.006 -27"><span class='ocrx_word' id='word_1_45' title='bbox 122 733 200 786; x_wconf 80' lang='grc' dir='ltr'><strong>τὸν</strong></span> <span class='ocrx_word' id='word_1_46' title='bbox 222 732 344 786; x_wconf 83' lang='grc' dir='ltr'><strong>θεὸν</strong></span> <span class='ocrx_word' id='word_1_47' title='bbox 375 733 483 805; x_wconf 87' lang='grc' dir='ltr'><strong>πρὸ</strong></span> <span class='ocrx_word' id='word_1_48' title='bbox 522 733 809 806; x_wconf 77' lang='grc' dir='ltr'><strong>ὀφθαλμῶν</strong></span> <span class='ocrx_word' id='word_1_49' title='bbox 848 736 1010 808; x_wconf 82' lang='grc' dir='ltr'><strong>ἔχειν.</strong></span> <span class='ocrx_word' id='word_1_50' title='bbox 1047 739 1203 794; x_wconf 83' lang='grc' dir='ltr'><strong>Κατὰ</strong></span> <span class='ocrx_word' id='word_1_51' title='bbox 1236 740 1291 794; x_wconf 90' lang='grc' dir='ltr'><strong>δὲ</strong></span> <span class='ocrx_word' id='word_1_52' title='bbox 1329 742 1420 794; x_wconf 80' lang='grc' dir='ltr'><strong>τὸν</strong></span> <span class='ocrx_word' id='word_1_53' title='bbox 1455 742 1680 813; x_wconf 71' lang='grc' dir='ltr'><strong>Σύμμα-</strong></span> 
     </span>
    </p>
   </div>
   <div class='ocr_carea' id='block_1_9' title="bbox 122 822 1673 902">
    <p class='ocr_par' dir='ltr' id='par_1_9' title="bbox 122 822 1673 902">
     <span class='ocr_line' id='line_1_9' title="bbox 122 822 1673 902; baseline 0.005 -25"><span class='ocrx_word' id='word_1_54' title='bbox 122 842 202 896; x_wconf 79' lang='grc' dir='ltr'><strong>χον</strong></span> <span class='ocrx_word' id='word_1_55' title='bbox 229 822 466 891; x_wconf 80' lang='grc' dir='ltr'><strong>λέγοντα,</strong></span> <span class='ocrx_word' id='word_1_56' title='bbox 497 841 517 873; x_wconf 76' lang='grc' dir='ltr'><strong>ι</strong></span> <span class='ocrx_word' id='word_1_57' title='bbox 543 823 663 877; x_wconf 79' lang='grc' dir='ltr'><strong>καθ’</strong></span> <span class='ocrx_word' id='word_1_58' title='bbox 686 824 927 900; x_wconf 65' lang='grc' dir='ltr'><strong>¹ἑκάστην</strong></span> <span class='ocrx_word' id='word_1_59' title='bbox 959 828 1204 902; x_wconf 80' lang='grc' dir='ltr'><strong>φυλακὴν</strong></span> <span class='ocrx_word' id='word_1_60' title='bbox 1227 830 1497 900; x_wconf 81' lang='grc' dir='ltr'><strong>ἐμελέτων</strong></span> <span class='ocrx_word' id='word_1_61' title='bbox 1536 849 1614 896; x_wconf 89' lang='grc' dir='ltr'><strong>σε,</strong></span> <span class='ocrx_word' id='word_1_62' title='bbox 1654 852 1673 885; x_wconf 70' lang='grc' dir='ltr'><strong>ι</strong></span> 
     </span>
    </p>
   </div>
   <div class='ocr_carea' id='block_1_10' title="bbox 123 913 1678 993">
    <p class='ocr_par' dir='ltr' id='par_1_10' title="bbox 123 913 1678 993">
     <span class='ocr_line' id='line_1_10' title="bbox 123 913 1678 993; baseline 0.006 -26"><span class='ocrx_word' id='word_1_63' title='bbox 123 916 203 967; x_wconf 76' lang='grc' dir='ltr'><strong>καὶ</strong></span> <span class='ocrx_word' id='word_1_64' title='bbox 230 913 360 967; x_wconf 86' lang='grc' dir='ltr'><strong>κατά</strong></span> <span class='ocrx_word' id='word_1_65' title='bbox 379 913 472 966; x_wconf 84' lang='grc' dir='ltr'><strong>τὸν</strong></span> <span class='ocrx_word' id='word_1_66' title='bbox 511 913 742 970; x_wconf 84' lang='grc' dir='ltr'><strong>Ἀκύλαν</strong></span> <span class='ocrx_word' id='word_1_67' title='bbox 773 918 1041 988; x_wconf 80' lang='grc' dir='ltr'><strong>φήσαντα,</strong></span> <span class='ocrx_word' id='word_1_68' title='bbox 1073 938 1090 972; x_wconf 83' lang='grc' dir='ltr'><strong>ι</strong></span> <span class='ocrx_word' id='word_1_69' title='bbox 1127 922 1185 975; x_wconf 84' lang='grc' dir='ltr'>ἐν</span> <span class='ocrx_word' id='word_1_70' title='bbox 1221 920 1488 990; x_wconf 80' lang='grc' dir='ltr'><strong>φυλακαῖς</strong></span> <span class='ocrx_word' id='word_1_71' title='bbox 1514 922 1678 993; x_wconf 80' lang='grc' dir='ltr'><strong>φθέγ-</strong></span> 
     </span>
    </p>
   </div>
   <div class='ocr_carea' id='block_1_11' title="bbox 121 1001 1678 1087">
    <p class='ocr_par' dir='ltr' id='par_1_11' title="bbox 121 1001 1678 1087">
     <span class='ocr_line' id='line_1_11' title="bbox 121 1001 1678 1087; baseline 0.008 -32"><span class='ocrx_word' id='word_1_72' title='bbox 121 1001 340 1073; x_wconf 80' lang='grc' dir='ltr'><strong>γομαιὲν</strong></span> <span class='ocrx_word' id='word_1_73' title='bbox 374 1002 478 1065; x_wconf 70' lang='grc' dir='ltr'><strong>σοὶ,</strong></span> <span class='ocrx_word' id='word_1_74' title='bbox 526 1022 544 1054; x_wconf 73' lang='grc' dir='ltr'><strong>ι</strong></span> <span class='ocrx_word' id='word_1_75' title='bbox 582 1002 773 1074; x_wconf 81' lang='grc' dir='ltr'><strong>δηλοῦν</strong></span> <span class='ocrx_word' id='word_1_76' title='bbox 827 1006 969 1060; x_wconf 82' lang='grc' dir='ltr'><strong>ἔοικε</strong></span> <span class='ocrx_word' id='word_1_77' title='bbox 1014 1008 1114 1074; x_wconf 77' lang='grc' dir='ltr'><strong>τὰς</strong></span> <span class='ocrx_word' id='word_1_78' title='bbox 1157 1013 1485 1083; x_wconf 81' lang='grc' dir='ltr'><strong>νυκτερινὰς</strong></span> <span class='ocrx_word' id='word_1_79' title='bbox 1529 1013 1678 1087; x_wconf 82' lang='grc' dir='ltr'><strong>ὥρας</strong></span> 
     </span>
    </p>
   </div>
   <div class='ocr_carea' id='block_1_12' title="bbox 121 1082 1678 1175">
    <p class='ocr_par' dir='ltr' id='par_1_12' title="bbox 121 1082 1678 1175">
     <span class='ocr_line' id='line_1_12' title="bbox 121 1082 1678 1175; baseline 0.007 -30"><span class='ocrx_word' id='word_1_80' title='bbox 121 1089 379 1145; x_wconf 79' lang='grc' dir='ltr'><strong>ἀσκεῖσθαι</strong></span> <span class='ocrx_word' id='word_1_81' title='bbox 408 1093 531 1154; x_wconf 84' lang='grc' dir='ltr'><strong>ταῖς</strong></span> <span class='ocrx_word' id='word_1_82' title='bbox 573 1082 682 1147; x_wconf 84' lang='grc' dir='ltr'><strong>τῶν</strong></span> <span class='ocrx_word' id='word_1_83' title='bbox 725 1093 883 1149; x_wconf 86' lang='grc' dir='ltr'>θείων</span> <span class='ocrx_word' id='word_1_84' title='bbox 922 1098 961 1150; x_wconf 87' lang='grc' dir='ltr'><strong><em>Γ</em></strong></span> <span class='ocrx_word' id='word_1_85' title='bbox 967 1098 1150 1170; x_wconf 76' lang='grc' dir='ltr'><strong>ραφῶν</strong></span> <span class='ocrx_word' id='word_1_86' title='bbox 1185 1082 1456 1171; x_wconf 83' lang='grc' dir='ltr'><strong>μελέταις.</strong></span> <span class='ocrx_word' id='word_1_87' title='bbox 1481 1082 1678 1175; x_wconf 78' lang='grc' dir='ltr'><strong>Διῄρη-</strong></span> 
     </span>
    </p>
   </div>
   <div class='ocr_carea' id='block_1_13' title="bbox 121 1183 1678 1266">
    <p class='ocr_par' dir='ltr' id='par_1_13' title="bbox 121 1183 1678 1266">
     <span class='ocr_line' id='line_1_13' title="bbox 121 1183 1678 1266; baseline 0.013 -33"><span class='ocrx_word' id='word_1_88' title='bbox 121 1200 196 1234; x_wconf 79' lang='grc' dir='ltr'><strong>ται</strong></span> <span class='ocrx_word' id='word_1_89' title='bbox 243 1183 334 1254; x_wconf 81' lang='grc' dir='ltr'><strong>μὲν</strong></span> <span class='ocrx_word' id='word_1_90' title='bbox 366 1183 475 1256; x_wconf 86' lang='grc' dir='ltr'><strong>γὰρ</strong></span> <span class='ocrx_word' id='word_1_91' title='bbox 522 1187 550 1238; x_wconf 86' lang='grc' dir='ltr'>ὁ</span> <span class='ocrx_word' id='word_1_92' title='bbox 593 1187 698 1250; x_wconf 76' lang='grc' dir='ltr'><strong>πᾶς</strong></span> <span class='ocrx_word' id='word_1_93' title='bbox 741 1188 841 1258; x_wconf 84' lang='grc' dir='ltr'><strong>τῆς</strong></span> <span class='ocrx_word' id='word_1_94' title='bbox 886 1191 1079 1256; x_wconf 84' lang='grc' dir='ltr'><strong>νυκτὸς</strong></span> <span class='ocrx_word' id='word_1_95' title='bbox 1104 1194 1292 1265; x_wconf 84' lang='grc' dir='ltr'><strong>χρόνος</strong></span> <span class='ocrx_word' id='word_1_96' title='bbox 1323 1197 1402 1260; x_wconf 89' lang='grc' dir='ltr'><strong>εἰς</strong></span> <span class='ocrx_word' id='word_1_97' title='bbox 1431 1197 1678 1266; x_wconf 75' lang='grc' dir='ltr'><strong>φυλακὰς</strong></span> 
     </span>
    </p>
   </div>
   <div class='ocr_carea' id='block_1_14' title="bbox 121 1275 1677 1365">
    <p class='ocr_par' dir='ltr' id='par_1_14' title="bbox 121 1275 1677 1365">
     <span class='ocr_line' id='line_1_14' title="bbox 121 1275 1677 1365; baseline 0.013 -40"><span class='ocrx_word' id='word_1_98' title='bbox 121 1275 375 1346; x_wconf 77' lang='grc' dir='ltr'>διαφόρους</span> <span class='ocrx_word' id='word_1_99' title='bbox 394 1294 406 1306; x_wconf 93' lang='grc'><strong>·</strong></span> <span class='ocrx_word' id='word_1_100' title='bbox 438 1276 582 1329; x_wconf 78' lang='grc' dir='ltr'><strong>οὕτω</strong></span> <span class='ocrx_word' id='word_1_101' title='bbox 609 1277 734 1346; x_wconf 87' lang='grc' dir='ltr'><strong>γοῦν</strong></span> <span class='ocrx_word' id='word_1_102' title='bbox 768 1280 980 1353; x_wconf 77' lang='grc' dir='ltr'><strong>εἴρηται</strong></span> <span class='ocrx_word' id='word_1_103' title='bbox 1001 1285 1058 1336; x_wconf 84' lang='grc' dir='ltr'><strong>ἐν</strong></span> <span class='ocrx_word' id='word_1_104' title='bbox 1083 1286 1421 1356; x_wconf 83' lang='grc' dir='ltr'><strong>εὐαγγελίοις</strong></span> <span class='ocrx_word' id='word_1_105' title='bbox 1444 1291 1677 1365; x_wconf 79' lang='grc' dir='ltr'><strong>τετάρτῃ</strong></span> 
     </span>
    </p>
   </div>
   <div class='ocr_carea' id='block_1_15' title="bbox 122 1368 1677 1452">
    <p class='ocr_par' dir='ltr' id='par_1_15' title="bbox 122 1368 1677 1452">
     <span class='ocr_line' id='line_1_15' title="bbox 122 1368 1677 1452; baseline 0.012 -33"><span class='ocrx_word' id='word_1_106' title='bbox 122 1368 308 1439; x_wconf 72' lang='grc' dir='ltr'><strong>φυλακῇ</strong></span> <span class='ocrx_word' id='word_1_107' title='bbox 352 1368 629 1440; x_wconf 80' lang='grc' dir='ltr'><strong>ἐληλυθὼς</strong></span> <span class='ocrx_word' id='word_1_108' title='bbox 654 1374 681 1425; x_wconf 86' lang='grc' dir='ltr'>ὁ</span> <span class='ocrx_word' id='word_1_109' title='bbox 715 1373 904 1446; x_wconf 84' lang='grc' dir='ltr'><strong>Σωτὴρ</strong></span> <span class='ocrx_word' id='word_1_110' title='bbox 937 1377 1072 1447; x_wconf 84' lang='grc' dir='ltr'><strong>πρὸς</strong></span> <span class='ocrx_word' id='word_1_111' title='bbox 1110 1379 1238 1442; x_wconf 78' lang='grc' dir='ltr'><strong>τοὺς</strong></span> <span class='ocrx_word' id='word_1_112' title='bbox 1274 1380 1539 1452; x_wconf 81' lang='grc' dir='ltr'><strong>μαθητάς.</strong></span> <span class='ocrx_word' id='word_1_113' title='bbox 1567 1385 1677 1436; x_wconf 75' lang='grc' dir='ltr'><strong>Καὶ</strong></span> 
     </span>
    </p>
   </div>
   <div class='ocr_carea' id='block_1_16' title="bbox 121 1460 1676 1541">
    <p class='ocr_par' dir='ltr' id='par_1_16' title="bbox 121 1460 1676 1541">
     <span class='ocr_line' id='line_1_16' title="bbox 121 1460 1676 1541; baseline 0.012 -29"><span class='ocrx_word' id='word_1_114' title='bbox 121 1460 324 1530; x_wconf 84' lang='grc' dir='ltr'><strong>ἀλλαχοῦ</strong></span> <span class='ocrx_word' id='word_1_115' title='bbox 357 1461 413 1516; x_wconf 76' lang='grc' dir='ltr'><strong>δὲ</strong></span> <span class='ocrx_word' id='word_1_116' title='bbox 443 1463 608 1527; x_wconf 78' lang='grc' dir='ltr'><strong>αὑτός</strong></span> <span class='ocrx_word' id='word_1_117' title='bbox 636 1482 801 1536; x_wconf 82' lang='grc' dir='ltr'><strong>φησι·</strong></span> <span class='ocrx_word' id='word_1_118' title='bbox 841 1486 858 1515; x_wconf 76' lang='grc' dir='ltr'><strong>ι</strong></span> <span class='ocrx_word' id='word_1_119' title='bbox 899 1468 1245 1541; x_wconf 79' lang='grc' dir='ltr'><strong>Γρηγορεῖτε,</strong></span> <span class='ocrx_word' id='word_1_120' title='bbox 1265 1473 1345 1525; x_wconf 81' lang='grc' dir='ltr'><strong>ὅτι</strong></span> <span class='ocrx_word' id='word_1_121' title='bbox 1372 1474 1472 1528; x_wconf 84' lang='grc' dir='ltr'><strong>ούκ</strong></span> <span class='ocrx_word' id='word_1_122' title='bbox 1499 1475 1676 1529; x_wconf 80' lang='grc' dir='ltr'>οἴδατε</span> 
     </span>
    </p>
   </div>
   <div class='ocr_carea' id='block_1_17' title="bbox 123 1555 1671 1635">
    <p class='ocr_par' dir='ltr' id='par_1_17' title="bbox 123 1555 1671 1635">
     <span class='ocr_line' id='line_1_17' title="bbox 123 1555 1671 1635; baseline 0.011 -29"><span class='ocrx_word' id='word_1_123' title='bbox 123 1555 229 1625; x_wconf 73' lang='grc' dir='ltr'><strong>ποίᾳ</strong></span> <span class='ocrx_word' id='word_1_124' title='bbox 269 1556 476 1628; x_wconf 72' lang='grc' dir='ltr'><strong>φυλακῇ</strong></span> <span class='ocrx_word' id='word_1_125' title='bbox 508 1560 536 1611; x_wconf 86' lang='grc' dir='ltr'>ὁ</span> <span class='ocrx_word' id='word_1_126' title='bbox 569 1558 776 1630; x_wconf 85' lang='grc' dir='ltr'><strong>Κύριος</strong></span> <span class='ocrx_word' id='word_1_127' title='bbox 829 1560 983 1632; x_wconf 86' lang='grc' dir='ltr'><strong>ὑμῶν</strong></span> <span class='ocrx_word' id='word_1_128' title='bbox 1027 1563 1280 1635; x_wconf 78' lang='grc' dir='ltr'><strong>ἔρχεται·</strong></span> <span class='ocrx_word' id='word_1_129' title='bbox 1313 1585 1332 1617; x_wconf 73' lang='grc' dir='ltr'><strong>ι</strong></span> <span class='ocrx_word' id='word_1_130' title='bbox 1365 1568 1460 1620; x_wconf 77' lang='grc' dir='ltr'><strong>καὶ</strong></span> <span class='ocrx_word' id='word_1_131' title='bbox 1491 1568 1671 1622; x_wconf 84' lang='grc' dir='ltr'><strong>πάλιν·</strong></span> 
     </span>
    </p>
   </div>
   <div class='ocr_carea' id='block_1_18' title="bbox 126 1648 1675 1732">
    <p class='ocr_par' dir='ltr' id='par_1_18' title="bbox 126 1648 1675 1732">
     <span class='ocr_line' id='line_1_18' title="bbox 126 1648 1675 1732; baseline 0.01 -34"><span class='ocrx_word' id='word_1_132' title='bbox 126 1648 343 1700; x_wconf 79' lang='grc' dir='ltr'><strong>ιἙκεῖνο</strong></span> <span class='ocrx_word' id='word_1_133' title='bbox 371 1649 426 1701; x_wconf 81' lang='grc' dir='ltr'><strong>δὲ</strong></span> <span class='ocrx_word' id='word_1_134' title='bbox 455 1649 780 1716; x_wconf 76' lang='grc' dir='ltr'><strong>γινώσκετε,</strong></span> <span class='ocrx_word' id='word_1_135' title='bbox 814 1653 916 1716; x_wconf 77' lang='grc' dir='ltr'><strong>ὅτι,</strong></span> <span class='ocrx_word' id='word_1_136' title='bbox 943 1655 992 1706; x_wconf 91' lang='grc' dir='ltr'><strong>εἰ</strong></span> <span class='ocrx_word' id='word_1_137' title='bbox 1037 1654 1151 1726; x_wconf 76' lang='grc' dir='ltr'><strong>ᾔδει</strong></span> <span class='ocrx_word' id='word_1_138' title='bbox 1203 1658 1232 1708; x_wconf 88' lang='grc' dir='ltr'>ὀ</span> <span class='ocrx_word' id='word_1_139' title='bbox 1290 1659 1675 1732; x_wconf 80' lang='grc' dir='ltr'><strong>οἰκοδεσπότης</strong></span> 
     </span>
    </p>
   </div>
   <div class='ocr_carea' id='block_1_19' title="bbox 116 1738 1674 1826">
    <p class='ocr_par' dir='ltr' id='par_1_19' title="bbox 116 1738 1674 1826">
     <span class='ocr_line' id='line_1_19' title="bbox 116 1738 1674 1826; baseline 0.012 -36"><span class='ocrx_word' id='word_1_140' title='bbox 116 1738 230 1810; x_wconf 73' lang='grc' dir='ltr'><strong>ποία</strong></span> <span class='ocrx_word' id='word_1_141' title='bbox 254 1739 459 1811; x_wconf 82' lang='grc' dir='ltr'><strong>φυλακῇ</strong></span> <span class='ocrx_word' id='word_1_142' title='bbox 489 1743 518 1794; x_wconf 87' lang='grc' dir='ltr'>ὁ</span> <span class='ocrx_word' id='word_1_143' title='bbox 559 1741 800 1814; x_wconf 79' lang='grc' dir='ltr'><strong>κλέπτης</strong></span> <span class='ocrx_word' id='word_1_144' title='bbox 828 1743 1067 1816; x_wconf 75' lang='grc' dir='ltr'><strong>ἔρχεται.</strong></span> <span class='ocrx_word' id='word_1_145' title='bbox 1101 1767 1119 1800; x_wconf 74' lang='grc' dir='ltr'><strong>ι</strong></span> <span class='ocrx_word' id='word_1_146' title='bbox 1159 1748 1216 1802; x_wconf 79' lang='grc' dir='ltr'>Ὀ</span> <span class='ocrx_word' id='word_1_147' title='bbox 1251 1749 1307 1802; x_wconf 84' lang='grc' dir='ltr'><em>δέ</em></span> <span class='ocrx_word' id='word_1_148' title='bbox 1334 1768 1397 1820; x_wconf 89' lang='grc' dir='ltr'><strong>γε</strong></span> <span class='ocrx_word' id='word_1_149' title='bbox 1425 1751 1674 1826; x_wconf 78' lang='grc' dir='ltr'><strong>θεοφιλής</strong></span> 
     </span>
    </p>
   </div>
   <div class='ocr_carea' id='block_1_20' title="bbox 1787 563 3358 643">
    <p class='ocr_par' dir='ltr' id='par_1_20' title="bbox 1787 563 3358 643">
     <span class='ocr_line' id='line_1_20' title="bbox 1787 563 3358 643; baseline 0.016 -29"><span class='ocrx_word' id='word_1_150' title='bbox 1787 567 1924 625; x_wconf 89' lang='lat' dir='ltr'><strong>tum,</strong></span> <span class='ocrx_word' id='word_1_151' title='bbox 1957 576 2136 633; x_wconf 47' lang='lat' dir='ltr'><strong>quam,</strong></span> <span class='ocrx_word' id='word_1_152' title='bbox 2161 564 2307 635; x_wconf 85' lang='lat' dir='ltr'><strong>quod</strong></span> <span class='ocrx_word' id='word_1_153' title='bbox 2359 563 2604 624; x_wconf 90' lang='lat' dir='ltr'><strong>diluculo</strong></span> <span class='ocrx_word' id='word_1_154' title='bbox 2646 573 2862 643; x_wconf 82' lang='lat' dir='ltr'><strong>eloquia</strong></span> <span class='ocrx_word' id='word_1_155' title='bbox 2914 576 3214 636; x_wconf 82' lang='lat' dir='ltr'><strong>meditarer</strong></span> <span class='ocrx_word' id='word_1_156' title='bbox 3245 591 3358 638; x_wconf 85' lang='lat' dir='ltr'><strong>tua.</strong></span> 
     </span>
    </p>
   </div>
   <div class='ocr_carea' id='block_1_21' title="bbox 1787 649 3359 744">
    <p class='ocr_par' dir='ltr' id='par_1_21' title="bbox 1787 649 3359 744">
     <span class='ocr_line' id='line_1_21' title="bbox 1787 649 3359 744; baseline 0.017 -41"><span class='ocrx_word' id='word_1_157' title='bbox 1787 649 1922 706; x_wconf 90' lang='lat' dir='ltr'><strong>llinc</strong></span> <span class='ocrx_word' id='word_1_158' title='bbox 1948 652 2092 707; x_wconf 92' lang='lat' dir='ltr'><strong>enim</strong></span> <span class='ocrx_word' id='word_1_159' title='bbox 2122 654 2296 723; x_wconf 84' lang='lat' dir='ltr'><strong>palam</strong></span> <span class='ocrx_word' id='word_1_160' title='bbox 2332 664 2473 722; x_wconf 86' lang='lat' dir='ltr'><strong>erat,</strong></span> <span class='ocrx_word' id='word_1_161' title='bbox 2506 673 2593 714; x_wconf 79' lang='lat' dir='ltr'><strong>me</strong></span> <span class='ocrx_word' id='word_1_162' title='bbox 2622 661 2770 716; x_wconf 85' lang='lat' dir='ltr'><strong>aliud</strong></span> <span class='ocrx_word' id='word_1_163' title='bbox 2801 664 2939 720; x_wconf 86' lang='lat' dir='ltr'><strong>nihil</strong></span> <span class='ocrx_word' id='word_1_164' title='bbox 2975 677 3140 724; x_wconf 81' lang='lat' dir='ltr'><strong>noctu</strong></span> <span class='ocrx_word' id='word_1_165' title='bbox 3173 685 3359 744; x_wconf 75' lang='lat' dir='ltr'><strong>agerc,</strong></span> 
     </span>
    </p>
   </div>
   <div class='ocr_carea' id='block_1_22' title="bbox 1784 743 3362 836">
    <p class='ocr_par' dir='ltr' id='par_1_22' title="bbox 1784 743 3362 836">
     <span class='ocr_line' id='line_1_22' title="bbox 1784 743 3362 836; baseline 0.015 -39"><span class='ocrx_word' id='word_1_166' title='bbox 1784 759 1948 813; x_wconf 90' lang='lat' dir='ltr'><strong>quam</strong></span> <span class='ocrx_word' id='word_1_167' title='bbox 1979 752 2032 800; x_wconf 92' lang='lat' dir='ltr'><strong>te</strong></span> <span class='ocrx_word' id='word_1_168' title='bbox 2065 743 2232 801; x_wconf 89' lang='lat' dir='ltr'><strong>Deum</strong></span> <span class='ocrx_word' id='word_1_169' title='bbox 2265 763 2377 818; x_wconf 68' lang='lat' dir='ltr'><strong>prae</strong></span> <span class='ocrx_word' id='word_1_170' title='bbox 2407 752 2584 807; x_wconf 92' lang='lat' dir='ltr'><strong>oculis</strong></span> <span class='ocrx_word' id='word_1_171' title='bbox 2617 752 2842 811; x_wconf 89' lang='lat' dir='ltr'><strong>habere.</strong></span> <span class='ocrx_word' id='word_1_172' title='bbox 2864 757 3174 817; x_wconf 85' lang='lat' dir='ltr'><strong>Secundum</strong></span> <span class='ocrx_word' id='word_1_173' title='bbox 3201 743 3362 836; x_wconf 76' lang='lat' dir='ltr'><strong>Sym-</strong></span> 
     </span>
    </p>
   </div>
   <div class='ocr_carea' id='block_1_23' title="bbox 1784 836 3357 927">
    <p class='ocr_par' dir='ltr' id='par_1_23' title="bbox 1784 836 3357 927">
     <span class='ocr_line' id='line_1_23' title="bbox 1784 836 3357 927; baseline 0.017 -39"><span class='ocrx_word' id='word_1_174' title='bbox 1784 836 2039 892; x_wconf 86' lang='lat' dir='ltr'><strong>machum</strong></span> <span class='ocrx_word' id='word_1_175' title='bbox 2083 846 2289 908; x_wconf 90' lang='lat' dir='ltr'><strong>autem,</strong></span> <span class='ocrx_word' id='word_1_176' title='bbox 2321 841 2413 912; x_wconf 85' lang='lat' dir='ltr'><strong>qui</strong></span> <span class='ocrx_word' id='word_1_177' title='bbox 2451 844 2532 902; x_wconf 91' lang='lat' dir='ltr'><strong>sic</strong></span> <span class='ocrx_word' id='word_1_178' title='bbox 2565 846 2762 913; x_wconf 83' lang='lat' dir='ltr'><strong>habet,</strong></span> <span class='ocrx_word' id='word_1_179' title='bbox 2797 867 2816 900; x_wconf 81' lang='grc' dir='ltr'><strong>ι</strong></span> <span class='ocrx_word' id='word_1_180' title='bbox 2855 866 2954 920; x_wconf 90' lang='lat' dir='ltr'><strong>per</strong></span> <span class='ocrx_word' id='word_1_181' title='bbox 2982 855 3228 927; x_wconf 87' lang='lat' dir='ltr'><strong>singulas</strong></span> <span class='ocrx_word' id='word_1_182' title='bbox 3257 874 3357 914; x_wconf 90' lang='lat' dir='ltr'><strong>cu-</strong></span> 
     </span>
    </p>
   </div>
   <div class='ocr_carea' id='block_1_24' title="bbox 1785 928 3360 1018">
    <p class='ocr_par' dir='ltr' id='par_1_24' title="bbox 1785 928 3360 1018">
     <span class='ocr_line' id='line_1_24' title="bbox 1785 928 3360 1018; baseline 0.016 -38"><span class='ocrx_word' id='word_1_183' title='bbox 1785 928 1991 984; x_wconf 89' lang='lat' dir='ltr'><strong>stodias</strong></span> <span class='ocrx_word' id='word_1_184' title='bbox 2035 929 2339 986; x_wconf 88' lang='lat' dir='ltr'><strong>meditabar</strong></span> <span class='ocrx_word' id='word_1_185' title='bbox 2359 940 2440 996; x_wconf 86' lang='lat' dir='ltr'><strong>te,</strong></span> <span class='ocrx_word' id='word_1_186' title='bbox 2481 955 2502 989; x_wconf 77' lang='grc' dir='ltr'><strong>ι</strong></span> <span class='ocrx_word' id='word_1_187' title='bbox 2551 944 2607 992; x_wconf 86' lang='lat' dir='ltr'><strong>et</strong></span> <span class='ocrx_word' id='word_1_188' title='bbox 2633 941 2937 997; x_wconf 73' lang='lat' dir='ltr'><strong>secundum</strong></span> <span class='ocrx_word' id='word_1_189' title='bbox 2983 944 3234 1018; x_wconf 81' lang='lat' dir='ltr'><strong>Aquilam</strong></span> <span class='ocrx_word' id='word_1_190' title='bbox 3267 951 3360 1004; x_wconf 71' lang='lat' dir='ltr'><strong>Ili-</strong></span> 
     </span>
    </p>
   </div>
   <div class='ocr_carea' id='block_1_25' title="bbox 1787 1024 3358 1103">
    <p class='ocr_par' dir='ltr' id='par_1_25' title="bbox 1787 1024 3358 1103">
     <span class='ocr_line' id='line_1_25' title="bbox 1787 1024 3358 1103; baseline 0.015 -28"><span class='ocrx_word' id='word_1_191' title='bbox 1787 1029 2023 1086; x_wconf 85' lang='lat' dir='ltr'><strong>centem,</strong></span> <span class='ocrx_word' id='word_1_192' title='bbox 2060 1041 2078 1075; x_wconf 80' lang='grc' dir='ltr'><strong>ι</strong></span> <span class='ocrx_word' id='word_1_193' title='bbox 2119 1024 2177 1079; x_wconf 88' lang='lat' dir='ltr'><strong>in</strong></span> <span class='ocrx_word' id='word_1_194' title='bbox 2235 1026 2502 1084; x_wconf 75' lang='lat' dir='ltr'><strong>custodiis</strong></span> <span class='ocrx_word' id='word_1_195' title='bbox 2565 1029 2760 1100; x_wconf 93' lang='lat' dir='ltr'><strong>loquor</strong></span> <span class='ocrx_word' id='word_1_196' title='bbox 2805 1033 2858 1088; x_wconf 92' lang='lat' dir='ltr'><strong>in</strong></span> <span class='ocrx_word' id='word_1_197' title='bbox 2909 1043 2996 1103; x_wconf 87' lang='lat' dir='ltr'><strong>te,</strong></span> <span class='ocrx_word' id='word_1_198' title='bbox 3038 1058 3056 1090; x_wconf 73' lang='grc' dir='ltr'><strong>ι</strong></span> <span class='ocrx_word' id='word_1_199' title='bbox 3115 1040 3358 1098; x_wconf 73' lang='lat' dir='ltr'><strong>intlicare</strong></span> 
     </span>
    </p>
   </div>
   <div class='ocr_carea' id='block_1_26' title="bbox 1782 1110 3349 1202">
    <p class='ocr_par' dir='ltr' id='par_1_26' title="bbox 1782 1110 3349 1202">
     <span class='ocr_line' id='line_1_26' title="bbox 1782 1110 3349 1202; baseline 0.015 -38"><span class='ocrx_word' id='word_1_200' title='bbox 1782 1110 2072 1169; x_wconf 79' lang='lat' dir='ltr'><strong>videbatur</strong></span> <span class='ocrx_word' id='word_1_201' title='bbox 2101 1131 2161 1170; x_wconf 90' lang='lat' dir='ltr'><strong>se</strong></span> <span class='ocrx_word' id='word_1_202' title='bbox 2189 1121 2482 1174; x_wconf 71' lang='lat' dir='ltr'><strong>nocturnis</strong></span> <span class='ocrx_word' id='word_1_203' title='bbox 2515 1120 2668 1178; x_wconf 86' lang='lat' dir='ltr'><strong>horis</strong></span> <span class='ocrx_word' id='word_1_204' title='bbox 2690 1123 3001 1182; x_wconf 86' lang='lat' dir='ltr'><strong>divinarum</strong></span> <span class='ocrx_word' id='word_1_205' title='bbox 3041 1126 3349 1202; x_wconf 86' lang='lat' dir='ltr'><strong>Scriptura-</strong></span> 
     </span>
    </p>
   </div>
   <div class='ocr_carea' id='block_1_27' title="bbox 1782 1205 3358 1295">
    <p class='ocr_par' dir='ltr' id='par_1_27' title="bbox 1782 1205 3358 1295">
     <span class='ocr_line' id='line_1_27' title="bbox 1782 1205 3358 1295; baseline 0.015 -38"><span class='ocrx_word' id='word_1_206' title='bbox 1782 1217 1904 1258; x_wconf 89' lang='lat' dir='ltr'><strong>rum</strong></span> <span class='ocrx_word' id='word_1_207' title='bbox 1972 1205 2315 1264; x_wconf 83' lang='lat' dir='ltr'><strong>meditationi</strong></span> <span class='ocrx_word' id='word_1_208' title='bbox 2367 1226 2586 1269; x_wconf 86' lang='lat' dir='ltr'><strong>vacare.</strong></span> <span class='ocrx_word' id='word_1_209' title='bbox 2636 1213 2828 1274; x_wconf 83' lang='lat' dir='ltr'><strong>Noctis</strong></span> <span class='ocrx_word' id='word_1_210' title='bbox 2879 1220 3082 1291; x_wconf 86' lang='lat' dir='ltr'><strong>quippe</strong></span> <span class='ocrx_word' id='word_1_211' title='bbox 3143 1230 3358 1295; x_wconf 88' lang='lat' dir='ltr'><strong>tempus</strong></span> 
     </span>
    </p>
   </div>
   <div class='ocr_carea' id='block_1_28' title="bbox 1783 1298 3358 1380">
    <p class='ocr_par' dir='ltr' id='par_1_28' title="bbox 1783 1298 3358 1380">
     <span class='ocr_line' id='line_1_28' title="bbox 1783 1298 3358 1380; baseline 0.015 -32"><span class='ocrx_word' id='word_1_212' title='bbox 1783 1303 1957 1351; x_wconf 91' lang='lat' dir='ltr'><strong>totum</strong></span> <span class='ocrx_word' id='word_1_213' title='bbox 2006 1298 2062 1352; x_wconf 91' lang='lat' dir='ltr'><strong>in</strong></span> <span class='ocrx_word' id='word_1_214' title='bbox 2099 1301 2278 1358; x_wconf 88' lang='lat' dir='ltr'><strong>varias</strong></span> <span class='ocrx_word' id='word_1_215' title='bbox 2314 1304 2598 1363; x_wconf 77' lang='lat' dir='ltr'><strong>custodias</strong></span> <span class='ocrx_word' id='word_1_216' title='bbox 2631 1307 2985 1368; x_wconf 81' lang='lat' dir='ltr'><strong>distributum</strong></span> <span class='ocrx_word' id='word_1_217' title='bbox 3016 1323 3140 1371; x_wconf 85' lang='lat' dir='ltr'><strong>est:</strong></span> <span class='ocrx_word' id='word_1_218' title='bbox 3177 1317 3274 1380; x_wconf 55' lang='lat' dir='ltr'><strong>sic.</strong></span> <span class='ocrx_word' id='word_1_219' title='bbox 3304 1319 3358 1372; x_wconf 92' lang='lat' dir='ltr'><strong>in</strong></span> 
     </span>
    </p>
   </div>
   <div class='ocr_carea' id='block_1_29' title="bbox 1782 1387 3363 1467">
    <p class='ocr_par' dir='ltr' id='par_1_29' title="bbox 1782 1387 3363 1467">
     <span class='ocr_line' id='line_1_29' title="bbox 1782 1387 3363 1467; baseline 0.016 -26"><span class='ocrx_word' id='word_1_220' title='bbox 1782 1387 2075 1460; x_wconf 85' lang='lat' dir='ltr'><strong>Evangelio</strong></span> <span class='ocrx_word' id='word_1_221' title='bbox 2106 1391 2361 1450; x_wconf 82' lang='lat' dir='ltr'><strong>Salvator</strong></span> <span class='ocrx_word' id='word_1_222' title='bbox 2390 1406 2586 1467; x_wconf 89' lang='lat' dir='ltr'><strong>quarta</strong></span> <span class='ocrx_word' id='word_1_223' title='bbox 2618 1403 2798 1457; x_wconf 82' lang='lat' dir='ltr'><strong>noctis</strong></span> <span class='ocrx_word' id='word_1_224' title='bbox 2820 1406 3067 1461; x_wconf 81' lang='lat' dir='ltr'><strong>custodia</strong></span> <span class='ocrx_word' id='word_1_225' title='bbox 3103 1407 3168 1462; x_wconf 92' lang='lat' dir='ltr'><strong>ad</strong></span> <span class='ocrx_word' id='word_1_226' title='bbox 3198 1409 3363 1465; x_wconf 60' lang='lat' dir='ltr'><strong>disci.</strong></span> 
     </span>
    </p>
   </div>
   <div class='ocr_carea' id='block_1_30' title="bbox 1783 1481 3359 1566">
    <p class='ocr_par' dir='ltr' id='par_1_30' title="bbox 1783 1481 3359 1566">
     <span class='ocr_line' id='line_1_30' title="bbox 1783 1481 3359 1566; baseline 0.015 -32"><span class='ocrx_word' id='word_1_227' title='bbox 1783 1481 1942 1549; x_wconf 90' lang='lat' dir='ltr'><strong>pulos</strong></span> <span class='ocrx_word' id='word_1_228' title='bbox 1977 1484 2193 1540; x_wconf 85' lang='lat' dir='ltr'><strong>venisse</strong></span> <span class='ocrx_word' id='word_1_229' title='bbox 2231 1487 2453 1546; x_wconf 82' lang='lat' dir='ltr'><strong>dicitur.</strong></span> <span class='ocrx_word' id='word_1_230' title='bbox 2500 1489 2646 1546; x_wconf 85' lang='lat' dir='ltr'><strong>Alibi</strong></span> <span class='ocrx_word' id='word_1_231' title='bbox 2684 1509 2815 1548; x_wconf 84' lang='lat' dir='ltr'><strong>vero</strong></span> <span class='ocrx_word' id='word_1_232' title='bbox 2845 1495 2963 1566; x_wconf 86' lang='lat' dir='ltr'><strong>ipse</strong></span> <span class='ocrx_word' id='word_1_233' title='bbox 2983 1498 3117 1554; x_wconf 91' lang='lat' dir='ltr'><strong>dicit</strong></span> <span class='ocrx_word' id='word_1_234' title='bbox 3153 1518 3167 1554; x_wconf 89' lang='lat'><strong>:</strong></span> <span class='ocrx_word' id='word_1_235' title='bbox 3205 1520 3223 1551; x_wconf 76' lang='grc' dir='ltr'><strong>ι</strong></span> <span class='ocrx_word' id='word_1_236' title='bbox 3261 1500 3359 1556; x_wconf 83' lang='lat' dir='ltr'><strong>Vi-</strong></span> 
     </span>
    </p>
   </div>
   <div class='ocr_carea' id='block_1_31' title="bbox 1780 1573 3361 1652">
    <p class='ocr_par' dir='ltr' id='par_1_31' title="bbox 1780 1573 3361 1652">
     <span class='ocr_line' id='line_1_31' title="bbox 1780 1573 3361 1652; baseline 0.014 -26"><span class='ocrx_word' id='word_1_237' title='bbox 1780 1573 1968 1649; x_wconf 85' lang='lat' dir='ltr'><strong>gilate.</strong></span> <span class='ocrx_word' id='word_1_238' title='bbox 2003 1578 2132 1647; x_wconf 88' lang='lat' dir='ltr'><strong>quia</strong></span> <span class='ocrx_word' id='word_1_239' title='bbox 2157 1580 2382 1637; x_wconf 87' lang='lat' dir='ltr'><strong>nescitis</strong></span> <span class='ocrx_word' id='word_1_240' title='bbox 2418 1598 2531 1652; x_wconf 82' lang='lat' dir='ltr'><strong>qua</strong></span> <span class='ocrx_word' id='word_1_241' title='bbox 2568 1586 2818 1640; x_wconf 88' lang='lat' dir='ltr'><strong>custodia</strong></span> <span class='ocrx_word' id='word_1_242' title='bbox 2863 1586 3126 1647; x_wconf 86' lang='lat' dir='ltr'><strong>Dominus</strong></span> <span class='ocrx_word' id='word_1_243' title='bbox 3174 1603 3361 1650; x_wconf 80' lang='lat' dir='ltr'><strong>vester</strong></span> 
     </span>
    </p>
   </div>
   <div class='ocr_carea' id='block_1_32' title="bbox 1780 1666 3354 1753">
    <p class='ocr_par' dir='ltr' id='par_1_32' title="bbox 1780 1666 3354 1753">
     <span class='ocr_line' id='line_1_32' title="bbox 1780 1666 3354 1753; baseline 0.015 -35"><span class='ocrx_word' id='word_1_244' title='bbox 1780 1666 1963 1722; x_wconf 80' lang='lat' dir='ltr'><strong>veniet</strong></span> <span class='ocrx_word' id='word_1_245' title='bbox 1982 1668 2058 1736; x_wconf 71' lang='grc' dir='ltr'><strong>εθς</strong></span> <span class='ocrx_word' id='word_1_246' title='bbox 2088 1688 2108 1721; x_wconf 71' lang='grc' dir='ltr'><strong>ο</strong></span> <span class='ocrx_word' id='word_1_247' title='bbox 2167 1685 2230 1727; x_wconf 92' lang='lat' dir='ltr'><strong>ac</strong></span> <span class='ocrx_word' id='word_1_248' title='bbox 2285 1690 2507 1730; x_wconf 86' lang='lat' dir='ltr'><strong>rursum</strong></span> <span class='ocrx_word' id='word_1_249' title='bbox 2545 1694 2559 1730; x_wconf 90' lang='lat'><strong>:</strong></span> <span class='ocrx_word' id='word_1_250' title='bbox 2603 1696 2619 1727; x_wconf 83' lang='grc' dir='ltr'><strong>ι</strong></span> <span class='ocrx_word' id='word_1_251' title='bbox 2660 1675 2798 1732; x_wconf 69' lang='lat' dir='ltr'><strong>ll&#39;lud</strong></span> <span class='ocrx_word' id='word_1_252' title='bbox 2869 1688 3048 1736; x_wconf 87' lang='lat' dir='ltr'><strong>autem</strong></span> <span class='ocrx_word' id='word_1_253' title='bbox 3114 1685 3309 1740; x_wconf 88' lang='lat' dir='ltr'><strong>scitote</strong></span> <span class='ocrx_word' id='word_1_254' title='bbox 3338 1729 3354 1753; x_wconf 89' lang='lat'><strong>,</strong></span> 
     </span>
    </p>
   </div>
   <div class='ocr_carea' id='block_1_33' title="bbox 1780 1756 3356 1838">
    <p class='ocr_par' dir='ltr' id='par_1_33' title="bbox 1780 1756 3356 1838">
     <span class='ocr_line' id='line_1_33' title="bbox 1780 1756 3356 1838; baseline 0.015 -30"><span class='ocrx_word' id='word_1_255' title='bbox 1780 1756 1907 1826; x_wconf 91' lang='lat' dir='ltr'><strong>quia</strong></span> <span class='ocrx_word' id='word_1_256' title='bbox 1939 1759 1985 1813; x_wconf 91' lang='lat' dir='ltr'><strong>si</strong></span> <span class='ocrx_word' id='word_1_257' title='bbox 2024 1760 2188 1816; x_wconf 86' lang='lat' dir='ltr'><strong>sciret</strong></span> <span class='ocrx_word' id='word_1_258' title='bbox 2231 1763 2630 1833; x_wconf 81' lang='lat' dir='ltr'><strong>paterfamilias</strong></span> <span class='ocrx_word' id='word_1_259' title='bbox 2659 1784 2763 1838; x_wconf 91' lang='lat' dir='ltr'><strong>qua</strong></span> <span class='ocrx_word' id='word_1_260' title='bbox 2787 1772 3037 1826; x_wconf 87' lang='lat' dir='ltr'><strong>custodia</strong></span> <span class='ocrx_word' id='word_1_261' title='bbox 3087 1773 3176 1828; x_wconf 83' lang='lat' dir='ltr'><strong>fur</strong></span> <span class='ocrx_word' id='word_1_262' title='bbox 3225 1792 3356 1831; x_wconf 82' lang='lat' dir='ltr'><strong>vcn-</strong></span> 
     </span>
    </p>
   </div>
   <div class='ocr_carea' id='block_1_34' title="bbox 122 1832 1669 1935">
    <p class='ocr_par' dir='ltr' id='par_1_34' title="bbox 122 1832 1669 1917">
     <span class='ocr_line' id='line_1_34' title="bbox 122 1832 1669 1917; baseline 0.009 -32"><span class='ocrx_word' id='word_1_263' title='bbox 122 1833 198 1885; x_wconf 84' lang='grc' dir='ltr'><strong>κα“ι</strong></span> <span class='ocrx_word' id='word_1_264' title='bbox 222 1832 292 1903; x_wconf 78' lang='grc' dir='ltr'><strong>τῷ</strong></span> <span class='ocrx_word' id='word_1_265' title='bbox 310 1833 427 1904; x_wconf 84' lang='grc' dir='ltr'><strong>Θεῷ</strong></span> <span class='ocrx_word' id='word_1_266' title='bbox 461 1835 852 1906; x_wconf 85' lang='grc' dir='ltr'><strong>ἀνακείμενος,</strong></span> <span class='ocrx_word' id='word_1_267' title='bbox 882 1839 1432 1913; x_wconf 88' lang='grc' dir='ltr'><strong>ἀναμιμνησκόμενος</strong></span> <span class='ocrx_word' id='word_1_268' title='bbox 1463 1846 1556 1898; x_wconf 81' lang='grc' dir='ltr'><strong>ἐπὶ</strong></span> <span class='ocrx_word' id='word_1_269' title='bbox 1582 1847 1669 1917; x_wconf 78' lang='grc' dir='ltr'><strong>τῆς</strong></span> 
     </span>
    </p>
   </div>
   <div class='ocr_carea' id='block_1_35' title="bbox 1775 1832 3355 1935">
    <p class='ocr_par' dir='ltr' id='par_1_35' title="bbox 1782 1832 3355 1935">
     <span class='ocr_line' id='line_1_35' title="bbox 1782 1832 3355 1935; baseline 0.015 -34"><span class='ocrx_word' id='word_1_270' title='bbox 1782 1856 1940 1905; x_wconf 90' lang='lat' dir='ltr'><strong>turus</strong></span> <span class='ocrx_word' id='word_1_271' title='bbox 1978 1861 2126 1908; x_wconf 86' lang='lat' dir='ltr'><strong>esset</strong></span> <span class='ocrx_word' id='word_1_272' title='bbox 2143 1855 2209 1909; x_wconf 79' lang='lat'><strong>’°.</strong></span> <span class='ocrx_word' id='word_1_273' title='bbox 2236 1832 2272 1907; x_wconf 17' lang='grc' dir='ltr'><strong>ί»</strong></span> <span class='ocrx_word' id='word_1_274' title='bbox 2313 1854 2412 1910; x_wconf 77' lang='lat' dir='ltr'><strong>Vir</strong></span> <span class='ocrx_word' id='word_1_275' title='bbox 2456 1873 2622 1928; x_wconf 90' lang='lat' dir='ltr'><strong>porro</strong></span> <span class='ocrx_word' id='word_1_276' title='bbox 2673 1832 2764 1918; x_wconf 82' lang='lat' dir='ltr'><strong>ille</strong></span> <span class='ocrx_word' id='word_1_277' title='bbox 2813 1863 3103 1935; x_wconf 80' lang='lat' dir='ltr'><strong>religiosus</strong></span> <span class='ocrx_word' id='word_1_278' title='bbox 3146 1875 3201 1922; x_wconf 91' lang='lat' dir='ltr'><strong>ct</strong></span> <span class='ocrx_word' id='word_1_279' title='bbox 3245 1867 3355 1926; x_wconf 89' lang='lat' dir='ltr'><strong>Deo</strong></span> 
     </span>
    </p>
   </div>
   <div class='ocr_carea' id='block_1_36' title="bbox 120 1925 1678 2010">
    <p class='ocr_par' dir='ltr' id='par_1_36' title="bbox 120 1925 1678 2010">
     <span class='ocr_line' id='line_1_36' title="bbox 120 1925 1678 2010; baseline 0.011 -32"><span class='ocrx_word' id='word_1_280' title='bbox 120 1925 285 1980; x_wconf 76' lang='grc' dir='ltr'><strong>ἑαυτοῦ</strong></span> <span class='ocrx_word' id='word_1_281' title='bbox 328 1928 626 1999; x_wconf 80' lang='grc' dir='ltr'><strong>στρωμνῆς</strong></span> <span class='ocrx_word' id='word_1_282' title='bbox 677 1928 771 1982; x_wconf 88' lang='grc' dir='ltr'><strong>τοῦ</strong></span> <span class='ocrx_word' id='word_1_283' title='bbox 805 1929 961 1995; x_wconf 85' lang='grc' dir='ltr'><strong>Θεοῦ,</strong></span> <span class='ocrx_word' id='word_1_284' title='bbox 997 1931 1224 1987; x_wconf 86' lang='grc' dir='ltr'><strong>ἄσπιλόν</strong></span> <span class='ocrx_word' id='word_1_285' title='bbox 1264 1953 1323 1988; x_wconf 91' lang='grc' dir='ltr'><strong>τε</strong></span> <span class='ocrx_word' id='word_1_286' title='bbox 1366 1937 1534 2010; x_wconf 78' lang='grc' dir='ltr'><strong>αὐτὴν</strong></span> <span class='ocrx_word' id='word_1_287' title='bbox 1583 1941 1678 1995; x_wconf 74' lang='grc' dir='ltr'><strong>καὶ</strong></span> 
     </span>
    </p>
   </div>
   <div class='ocr_carea' id='block_1_37' title="bbox 117 2020 1679 2102">
    <p class='ocr_par' dir='ltr' id='par_1_37' title="bbox 117 2020 1679 2102">
     <span class='ocr_line' id='line_1_37' title="bbox 117 2020 1679 2102; baseline 0.01 -32"><span class='ocrx_word' id='word_1_288' title='bbox 117 2020 282 2090; x_wconf 69' lang='grc' dir='ltr'><strong>ἁγνήν,</strong></span> <span class='ocrx_word' id='word_1_289' title='bbox 315 2021 406 2073; x_wconf 80' lang='grc' dir='ltr'><strong>καὶ</strong></span> <span class='ocrx_word' id='word_1_290' title='bbox 428 2021 698 2092; x_wconf 87' lang='grc' dir='ltr'><strong>ἀμίαντον</strong></span> <span class='ocrx_word' id='word_1_291' title='bbox 739 2023 1041 2093; x_wconf 80' lang='grc' dir='ltr'><strong>φυλάττων,</strong></span> <span class='ocrx_word' id='word_1_292' title='bbox 1079 2025 1201 2079; x_wconf 85' lang='grc' dir='ltr'><strong>καθ’</strong></span> <span class='ocrx_word' id='word_1_293' title='bbox 1242 2029 1476 2102; x_wconf 77' lang='grc' dir='ltr'><strong>ἑκάστην</strong></span> <span class='ocrx_word' id='word_1_294' title='bbox 1510 2033 1679 2101; x_wconf 75' lang='grc' dir='ltr'><strong>φυλα-</strong></span> 
     </span>
    </p>
   </div>
   <div class='ocr_carea' id='block_1_38' title="bbox 108 2112 1678 2195">
    <p class='ocr_par' dir='ltr' id='par_1_38' title="bbox 108 2112 1678 2195">
     <span class='ocr_line' id='line_1_38' title="bbox 108 2112 1678 2195; baseline 0.01 -31"><span class='ocrx_word' id='word_1_295' title='bbox 108 2112 203 2182; x_wconf 78' lang='grc' dir='ltr'><strong>’κήν</strong></span> <span class='ocrx_word' id='word_1_296' title='bbox 241 2112 333 2182; x_wconf 81' lang='grc' dir='ltr'><strong>τῆς</strong></span> <span class='ocrx_word' id='word_1_297' title='bbox 362 2113 560 2178; x_wconf 76' lang='grc' dir='ltr'><strong>νυκτός</strong></span> <span class='ocrx_word' id='word_1_298' title='bbox 606 2115 999 2186; x_wconf 83' lang='grc' dir='ltr'><strong>ἀνιστάμενος,</strong></span> <span class='ocrx_word' id='word_1_299' title='bbox 1035 2120 1224 2189; x_wconf 83' lang='grc' dir='ltr'><strong>εὐχαῖς</strong></span> <span class='ocrx_word' id='word_1_300' title='bbox 1272 2127 1546 2195; x_wconf 85' lang='grc' dir='ltr'><strong>προσεῖχε,</strong></span> <span class='ocrx_word' id='word_1_301' title='bbox 1584 2129 1678 2181; x_wconf 81' lang='grc' dir='ltr'><strong>καὶ</strong></span> 
     </span>
    </p>
   </div>
   <div class='ocr_carea' id='block_1_39' title="bbox 115 2203 1676 2284">
    <p class='ocr_par' dir='ltr' id='par_1_39' title="bbox 115 2203 1676 2284">
     <span class='ocr_line' id='line_1_39' title="bbox 115 2203 1676 2284; baseline 0.011 -28"><span class='ocrx_word' id='word_1_302' title='bbox 115 2207 210 2267; x_wconf 61' lang='lat' dir='ltr'><strong>rei;</strong></span> <span class='ocrx_word' id='word_1_303' title='bbox 227 2203 380 2269; x_wconf 81' lang='grc' dir='ltr'><strong>θείοις</strong></span> <span class='ocrx_word' id='word_1_304' title='bbox 414 2208 700 2276; x_wconf 78' lang='grc' dir='ltr'><strong>ὲνησκεῖτο</strong></span> <span class='ocrx_word' id='word_1_305' title='bbox 729 2208 1046 2280; x_wconf 81' lang='grc' dir='ltr'><strong>μαθήμασιν</strong></span> <span class='ocrx_word' id='word_1_306' title='bbox 1066 2227 1079 2241; x_wconf 82' lang='grc'><em>’</em></span> <span class='ocrx_word' id='word_1_307' title='bbox 1109 2211 1137 2264; x_wconf 88' lang='grc' dir='ltr'><strong>ὃ</strong></span> <span class='ocrx_word' id='word_1_308' title='bbox 1161 2212 1224 2284; x_wconf 81' lang='grc' dir='ltr'><strong>δὴ</strong></span> <span class='ocrx_word' id='word_1_309' title='bbox 1253 2212 1517 2269; x_wconf 81' lang='grc' dir='ltr'><strong>διδάσκων</strong></span> <span class='ocrx_word' id='word_1_310' title='bbox 1537 2219 1676 2273; x_wconf 83' lang='grc' dir='ltr'><strong>κατὰ</strong></span> 
     </span>
    </p>
   </div>
   <div class='ocr_carea' id='block_1_40' title="bbox 115 2296 1674 2375">
    <p class='ocr_par' dir='ltr' id='par_1_40' title="bbox 115 2296 1674 2375">
     <span class='ocr_line' id='line_1_40' title="bbox 115 2296 1674 2375; baseline 0.017 -38"><span class='ocrx_word' id='word_1_311' title='bbox 115 2296 191 2350; x_wconf 72' lang='grc' dir='ltr'><strong>τδν</strong></span> <span class='ocrx_word' id='word_1_312' title='bbox 239 2297 525 2368; x_wconf 74' lang='grc' dir='ltr'><strong>Σύμμαχον</strong></span> <span class='ocrx_word' id='word_1_313' title='bbox 587 2297 804 2367; x_wconf 77' lang='grc' dir='ltr'><strong>ἔλεγεν·</strong></span> <span class='ocrx_word' id='word_1_314' title='bbox 862 2318 881 2350; x_wconf 78' lang='grc' dir='ltr'><strong>ι</strong></span> <span class='ocrx_word' id='word_1_315' title='bbox 949 2301 1523 2375; x_wconf 84' lang='grc' dir='ltr'><strong>’Δναμιμνησκόμενός</strong></span> <span class='ocrx_word' id='word_1_316' title='bbox 1581 2326 1674 2362; x_wconf 90' lang='grc' dir='ltr'><strong>σου</strong></span> 
     </span>
    </p>
   </div>
   <div class='ocr_carea' id='block_1_41' title="bbox 116 2386 1673 2470">
    <p class='ocr_par' dir='ltr' id='par_1_41' title="bbox 116 2386 1673 2470">
     <span class='ocr_line' id='line_1_41' title="bbox 116 2386 1673 2470; baseline 0.007 -28"><span class='ocrx_word' id='word_1_317' title='bbox 116 2389 192 2442; x_wconf 78' lang='grc' dir='ltr'><strong>ἐπὶ</strong></span> <span class='ocrx_word' id='word_1_318' title='bbox 237 2386 328 2459; x_wconf 75' lang='grc' dir='ltr'><strong>τῆς</strong></span> <span class='ocrx_word' id='word_1_319' title='bbox 394 2391 688 2462; x_wconf 78' lang='grc' dir='ltr'><strong>στρωμνῆς</strong></span> <span class='ocrx_word' id='word_1_320' title='bbox 745 2407 868 2462; x_wconf 81' lang='grc' dir='ltr'><strong>μου,</strong></span> <span class='ocrx_word' id='word_1_321' title='bbox 949 2392 1070 2445; x_wconf 82' lang='grc' dir='ltr'><strong>καθ’</strong></span> <span class='ocrx_word' id='word_1_322' title='bbox 1132 2394 1370 2466; x_wconf 79' lang='grc' dir='ltr'><strong>ἑκάστην</strong></span> <span class='ocrx_word' id='word_1_323' title='bbox 1429 2398 1673 2470; x_wconf 78' lang='grc' dir='ltr'><strong>φυλακήν</strong></span> 
     </span>
    </p>
   </div>
   <div class='ocr_carea' id='block_1_42' title="bbox 117 2480 1675 2558">
    <p class='ocr_par' dir='ltr' id='par_1_42' title="bbox 117 2480 1675 2558">
     <span class='ocr_line' id='line_1_42' title="bbox 117 2480 1675 2558; baseline 0.009 -25"><span class='ocrx_word' id='word_1_324' title='bbox 117 2480 375 2552; x_wconf 76' lang='grc' dir='ltr'><strong>ἐμελέτων.</strong></span> <span class='ocrx_word' id='word_1_325' title='bbox 409 2503 428 2534; x_wconf 71' lang='grc' dir='ltr'><strong>ι</strong></span> <span class='ocrx_word' id='word_1_326' title='bbox 457 2483 554 2546; x_wconf 88' lang='grc' dir='ltr'><strong>Είς</strong></span> <span class='ocrx_word' id='word_1_327' title='bbox 576 2485 634 2536; x_wconf 83' lang='grc' dir='ltr'><strong>σὲ</strong></span> <span class='ocrx_word' id='word_1_328' title='bbox 658 2483 767 2556; x_wconf 80' lang='grc' dir='ltr'><strong>γὰρ</strong></span> <span class='ocrx_word' id='word_1_329' title='bbox 797 2484 959 2538; x_wconf 80' lang='grc' dir='ltr'><strong>αὑτὸν</strong></span> <span class='ocrx_word' id='word_1_330' title='bbox 988 2486 1262 2558; x_wconf 85' lang='grc' dir='ltr'><strong>ἐμελέτων</strong></span> <span class='ocrx_word' id='word_1_331' title='bbox 1288 2489 1378 2543; x_wconf 85' lang='grc' dir='ltr'><strong>τὸν</strong></span> <span class='ocrx_word' id='word_1_332' title='bbox 1405 2489 1537 2545; x_wconf 80' lang='grc' dir='ltr'>Θεὸν</span> <span class='ocrx_word' id='word_1_333' title='bbox 1555 2494 1675 2547; x_wconf 77' lang='grc' dir='ltr'><strong>ἀντὶ</strong></span> 
     </span>
    </p>
   </div>
   <div class='ocr_carea' id='block_1_43' title="bbox 118 2573 1674 2653">
    <p class='ocr_par' dir='ltr' id='par_1_43' title="bbox 118 2573 1674 2653">
     <span class='ocr_line' id='line_1_43' title="bbox 118 2573 1674 2653; baseline 0.008 -27"><span class='ocrx_word' id='word_1_334' title='bbox 118 2573 272 2645; x_wconf 81' lang='grc' dir='ltr'><strong>πάσης</strong></span> <span class='ocrx_word' id='word_1_335' title='bbox 313 2573 499 2645; x_wconf 79' lang='grc' dir='ltr'><strong>βίϐλου</strong></span> <span class='ocrx_word' id='word_1_336' title='bbox 551 2575 644 2628; x_wconf 80' lang='grc' dir='ltr'><strong>καὶ</strong></span> <span class='ocrx_word' id='word_1_337' title='bbox 692 2578 929 2649; x_wconf 73' lang='grc' dir='ltr'><strong>γραφῆς,</strong></span> <span class='ocrx_word' id='word_1_338' title='bbox 964 2579 1076 2634; x_wconf 84' lang='grc' dir='ltr'><strong>ἄνω</strong></span> <span class='ocrx_word' id='word_1_339' title='bbox 1142 2581 1276 2653; x_wconf 85' lang='grc' dir='ltr'><strong>πρὸς</strong></span> <span class='ocrx_word' id='word_1_340' title='bbox 1330 2582 1388 2636; x_wconf 82' lang='grc' dir='ltr'><strong>σὲ</strong></span> <span class='ocrx_word' id='word_1_341' title='bbox 1433 2583 1524 2637; x_wconf 84' lang='grc' dir='ltr'><strong>τὸν</strong></span> <span class='ocrx_word' id='word_1_342' title='bbox 1551 2586 1674 2640; x_wconf 82' lang='grc' dir='ltr'><strong>νοῦν</strong></span> 
     </span>
    </p>
   </div>
   <div class='ocr_carea' id='block_1_44' title="bbox 115 2666 1673 2746">
    <p class='ocr_par' dir='ltr' id='par_1_44' title="bbox 115 2666 1673 2746">
     <span class='ocr_line' id='line_1_44' title="bbox 115 2666 1673 2746; baseline 0.01 -28"><span class='ocrx_word' id='word_1_343' title='bbox 115 2666 394 2736; x_wconf 74' lang='grc' dir='ltr'><strong>τεταμένος,</strong></span> <span class='ocrx_word' id='word_1_344' title='bbox 430 2667 674 2738; x_wconf 84' lang='grc' dir='ltr'><strong>μελετῶν</strong></span> <span class='ocrx_word' id='word_1_345' title='bbox 712 2685 771 2722; x_wconf 84' lang='grc' dir='ltr'><strong>τε</strong></span> <span class='ocrx_word' id='word_1_346' title='bbox 803 2670 896 2722; x_wconf 67' lang='grc' dir='ltr'><strong>κα)⁴</strong></span> <span class='ocrx_word' id='word_1_347' title='bbox 941 2672 1494 2746; x_wconf 83' lang='grc' dir='ltr'><strong>ἀναμιμνησκόμενος</strong></span> <span class='ocrx_word' id='word_1_348' title='bbox 1534 2680 1673 2733; x_wconf 87' lang='grc' dir='ltr'><strong>ὃσων</strong></span> 
     </span>
    </p>
   </div>
   <div class='ocr_carea' id='block_1_45' title="bbox 115 2757 1672 2842">
    <p class='ocr_par' dir='ltr' id='par_1_45' title="bbox 115 2757 1672 2842">
     <span class='ocr_line' id='line_1_45' title="bbox 115 2757 1672 2842; baseline 0.009 -32"><span class='ocrx_word' id='word_1_349' title='bbox 115 2757 322 2830; x_wconf 72' lang='grc' dir='ltr'><strong>ἠξιώθην</strong></span> <span class='ocrx_word' id='word_1_350' title='bbox 351 2761 453 2813; x_wconf 79' lang='grc' dir='ltr'><strong>ὑπὸ</strong></span> <span class='ocrx_word' id='word_1_351' title='bbox 493 2760 592 2813; x_wconf 84' lang='grc' dir='ltr'><strong>σοῦ</strong></span> <span class='ocrx_word' id='word_1_352' title='bbox 643 2761 993 2834; x_wconf 83' lang='grc' dir='ltr'><strong>εὐεργεσιῶν,</strong></span> <span class='ocrx_word' id='word_1_353' title='bbox 1035 2765 1130 2818; x_wconf 79' lang='grc' dir='ltr'><strong>καὶ</strong></span> <span class='ocrx_word' id='word_1_354' title='bbox 1179 2767 1254 2830; x_wconf 85' lang='grc' dir='ltr'><strong>ὠς</strong></span> <span class='ocrx_word' id='word_1_355' title='bbox 1310 2768 1538 2838; x_wconf 87' lang='grc' dir='ltr'><strong>γέγονάς</strong></span> <span class='ocrx_word' id='word_1_356' title='bbox 1570 2788 1672 2842; x_wconf 86' lang='grc' dir='ltr'><strong>μου</strong></span> 
     </span>
    </p>
   </div>
   <div class='ocr_carea' id='block_1_46' title="bbox 116 2850 1676 2931">
    <p class='ocr_par' dir='ltr' id='par_1_46' title="bbox 116 2850 1676 2931">
     <span class='ocr_line' id='line_1_46' title="bbox 116 2850 1676 2931; baseline 0.009 -29"><span class='ocrx_word' id='word_1_357' title='bbox 116 2850 313 2905; x_wconf 77' lang='grc' dir='ltr'><strong>πάντοτε</strong></span> <span class='ocrx_word' id='word_1_358' title='bbox 338 2853 553 2923; x_wconf 76' lang='grc' dir='ltr'><strong>βοηθὸς,</strong></span> <span class='ocrx_word' id='word_1_359' title='bbox 592 2853 686 2907; x_wconf 75' lang='grc' dir='ltr'><strong>καὶ</strong></span> <span class='ocrx_word' id='word_1_360' title='bbox 713 2855 777 2908; x_wconf 81' lang='grc' dir='ltr'><strong>ἐκ</strong></span> <span class='ocrx_word' id='word_1_361' title='bbox 803 2855 1012 2926; x_wconf 84' lang='grc' dir='ltr'><strong>μυρίων</strong></span> <span class='ocrx_word' id='word_1_362' title='bbox 1042 2874 1110 2927; x_wconf 91' lang='grc' dir='ltr'><strong>με</strong></span> <span class='ocrx_word' id='word_1_363' title='bbox 1141 2860 1461 2931; x_wconf 81' lang='grc' dir='ltr'><strong>πειρασμῶν</strong></span> <span class='ocrx_word' id='word_1_364' title='bbox 1489 2861 1676 2918; x_wconf 83' lang='grc' dir='ltr'><strong>διέσω-</strong></span> 
     </span>
    </p>
   </div>
   <div class='ocr_carea' id='block_1_47' title="bbox 118 2945 1674 3028">
    <p class='ocr_par' dir='ltr' id='par_1_47' title="bbox 118 2945 1674 3028">
     <span class='ocr_line' id='line_1_47' title="bbox 118 2945 1674 3028; baseline 0.009 -34"><span class='ocrx_word' id='word_1_365' title='bbox 118 2958 214 3006; x_wconf 86' lang='grc' dir='ltr'><strong>σας,</strong></span> <span class='ocrx_word' id='word_1_366' title='bbox 247 2945 332 2998; x_wconf 73' lang='grc' dir='ltr'><strong>καὶ</strong></span> <span class='ocrx_word' id='word_1_367' title='bbox 363 2946 437 3010; x_wconf 84' lang='grc' dir='ltr'><strong>ὡς</strong></span> <span class='ocrx_word' id='word_1_368' title='bbox 470 2947 760 3010; x_wconf 84' lang='grc' dir='ltr'><strong>ὲκσπάσας</strong></span> <span class='ocrx_word' id='word_1_369' title='bbox 809 2965 875 3018; x_wconf 91' lang='grc' dir='ltr'><strong>με</strong></span> <span class='ocrx_word' id='word_1_370' title='bbox 921 2951 1040 3012; x_wconf 85' lang='grc' dir='ltr'><strong>ταῖς</strong></span> <span class='ocrx_word' id='word_1_371' title='bbox 1075 2950 1272 3004; x_wconf 82' lang='grc' dir='ltr'><strong>σαυτοῦ</strong></span> <span class='ocrx_word' id='word_1_372' title='bbox 1305 2953 1552 3026; x_wconf 82' lang='grc' dir='ltr'><strong>πτέρυξι,</strong></span> <span class='ocrx_word' id='word_1_373' title='bbox 1579 2956 1674 3028; x_wconf 89' lang='grc' dir='ltr'><strong>δη-</strong></span> 
     </span>
    </p>
   </div>
   <div class='ocr_carea' id='block_1_48' title="bbox 114 3032 1674 3112">
    <p class='ocr_par' dir='ltr' id='par_1_48' title="bbox 114 3032 1674 3112">
     <span class='ocr_line' id='line_1_48' title="bbox 114 3032 1674 3112; baseline 0.011 -28"><span class='ocrx_word' id='word_1_374' title='bbox 114 3032 222 3103; x_wconf 81' lang='grc' dir='ltr'><strong>λαδή</strong></span> <span class='ocrx_word' id='word_1_375' title='bbox 243 3039 354 3099; x_wconf 81' lang='grc' dir='ltr'><strong>ταῖς</strong></span> <span class='ocrx_word' id='word_1_376' title='bbox 371 3037 633 3109; x_wconf 85' lang='grc' dir='ltr'><strong>δυνάμεσι</strong></span> <span class='ocrx_word' id='word_1_377' title='bbox 660 3039 756 3110; x_wconf 72' lang='grc' dir='ltr'><strong>τῆς</strong></span> <span class='ocrx_word' id='word_1_378' title='bbox 804 3040 1002 3092; x_wconf 87' lang='grc' dir='ltr'><strong>σαυτοῦ</strong></span> <span class='ocrx_word' id='word_1_379' title='bbox 1036 3042 1318 3112; x_wconf 81' lang='grc' dir='ltr'><strong>προνοίας·</strong></span> <span class='ocrx_word' id='word_1_380' title='bbox 1352 3043 1507 3098; x_wconf 75' lang='grc' dir='ltr'><strong>ἅτινα</strong></span> <span class='ocrx_word' id='word_1_381' title='bbox 1544 3047 1674 3100; x_wconf 87' lang='grc' dir='ltr'><strong>ἀνα-</strong></span> 
     </span>
    </p>
   </div>
   <div class='ocr_carea' id='block_1_49' title="bbox 115 3127 1669 3208">
    <p class='ocr_par' dir='ltr' id='par_1_49' title="bbox 115 3127 1669 3208">
     <span class='ocr_line' id='line_1_49' title="bbox 115 3127 1669 3208; baseline 0.008 -31"><span class='ocrx_word' id='word_1_382' title='bbox 115 3127 502 3198; x_wconf 57' lang='grc' dir='ltr'><strong>πμπαζόμενος</strong></span> <span class='ocrx_word' id='word_1_383' title='bbox 559 3131 626 3200; x_wconf 84' lang='grc' dir='ltr'><strong>τῇ</strong></span> <span class='ocrx_word' id='word_1_384' title='bbox 686 3131 894 3202; x_wconf 83' lang='grc' dir='ltr'><strong>μνήμῃ,</strong></span> <span class='ocrx_word' id='word_1_385' title='bbox 962 3133 1137 3202; x_wconf 83' lang='grc' dir='ltr'><strong>χαρᾶς</strong></span> <span class='ocrx_word' id='word_1_386' title='bbox 1205 3133 1580 3207; x_wconf 82' lang='grc' dir='ltr'><strong>ὲπληρούμην,</strong></span> <span class='ocrx_word' id='word_1_387' title='bbox 1635 3137 1669 3208; x_wconf 83' lang='grc' dir='ltr'>ἢ</span> 
     </span>
    </p>
   </div>
   <div class='ocr_carea' id='block_1_50' title="bbox 110 3218 1666 3300">
    <p class='ocr_par' dir='ltr' id='par_1_50' title="bbox 110 3218 1666 3300">
     <span class='ocr_line' id='line_1_50' title="bbox 110 3218 1666 3300; baseline 0.008 -29"><span class='ocrx_word' id='word_1_388' title='bbox 110 3218 432 3292; x_wconf 73' lang='grc' dir='ltr'><strong>ἀνηυφήμουν</strong></span> <span class='ocrx_word' id='word_1_389' title='bbox 462 3239 524 3275; x_wconf 92' lang='grc' dir='ltr'><strong>σε</strong></span> <span class='ocrx_word' id='word_1_390' title='bbox 548 3222 641 3276; x_wconf 83' lang='grc' dir='ltr'><strong>τὸν</strong></span> <span class='ocrx_word' id='word_1_391' title='bbox 658 3223 788 3276; x_wconf 86' lang='grc' dir='ltr'><strong>Θεὸν</strong></span> <span class='ocrx_word' id='word_1_392' title='bbox 810 3223 951 3276; x_wconf 82' lang='grc' dir='ltr'><strong>κατὰ</strong></span> <span class='ocrx_word' id='word_1_393' title='bbox 971 3224 1060 3276; x_wconf 82' lang='grc' dir='ltr'><strong>τὸν</strong></span> <span class='ocrx_word' id='word_1_394' title='bbox 1082 3224 1377 3297; x_wconf 77' lang='grc' dir='ltr'><strong>Σύμμαχον</strong></span> <span class='ocrx_word' id='word_1_395' title='bbox 1399 3229 1666 3300; x_wconf 75' lang='grc' dir='ltr'><strong>φήσαντα,</strong></span> 
     </span>
    </p>
   </div>
   <div class='ocr_carea' id='block_1_51' title="bbox 116 3313 1664 3391">
    <p class='ocr_par' dir='ltr' id='par_1_51' title="bbox 116 3313 1664 3391">
     <span class='ocr_line' id='line_1_51' title="bbox 116 3313 1664 3391; baseline 0.008 -30"><span class='ocrx_word' id='word_1_396' title='bbox 116 3328 133 3359; x_wconf 76' lang='grc' dir='ltr'><strong>ι</strong></span> <span class='ocrx_word' id='word_1_397' title='bbox 162 3313 244 3364; x_wconf 68' lang='grc' dir='ltr'><strong>καὶ</strong></span> <span class='ocrx_word' id='word_1_398' title='bbox 268 3313 600 3385; x_wconf 77' lang='grc' dir='ltr'><strong>σκεπόμενος</strong></span> <span class='ocrx_word' id='word_1_399' title='bbox 631 3317 688 3368; x_wconf 81' lang='grc' dir='ltr'><strong>ἐν</strong></span> <span class='ocrx_word' id='word_1_400' title='bbox 720 3318 839 3379; x_wconf 85' lang='grc' dir='ltr'><strong>ταῖς</strong></span> <span class='ocrx_word' id='word_1_401' title='bbox 880 3316 1105 3390; x_wconf 83' lang='grc' dir='ltr'><strong>πτέρυξί</strong></span> <span class='ocrx_word' id='word_1_402' title='bbox 1132 3335 1223 3370; x_wconf 93' lang='grc' dir='ltr'><strong>σου</strong></span> <span class='ocrx_word' id='word_1_403' title='bbox 1243 3319 1618 3391; x_wconf 75' lang='grc' dir='ltr'><strong>ἀνηυφήμουν.</strong></span> <span class='ocrx_word' id='word_1_404' title='bbox 1645 3341 1664 3374; x_wconf 73' lang='grc' dir='ltr'><strong>ι</strong></span> 
     </span>
    </p>
   </div>
   <div class='ocr_carea' id='block_1_52' title="bbox 111 3406 1671 3486">
    <p class='ocr_par' dir='ltr' id='par_1_52' title="bbox 111 3406 1671 3486">
     <span class='ocr_line' id='line_1_52' title="bbox 111 3406 1671 3486; baseline 0.007 -29"><span class='ocrx_word' id='word_1_405' title='bbox 111 3406 337 3461; x_wconf 77' lang='grc' dir='ltr'><strong>Μελετῶν</strong></span> <span class='ocrx_word' id='word_1_406' title='bbox 367 3409 422 3463; x_wconf 79' lang='grc' dir='ltr'><strong>δὲ</strong></span> <span class='ocrx_word' id='word_1_407' title='bbox 451 3411 523 3462; x_wconf 70' lang='grc' dir='ltr'><strong>τὰ</strong></span> <span class='ocrx_word' id='word_1_408' title='bbox 561 3409 630 3462; x_wconf 80' lang='grc' dir='ltr'><strong>σὰ</strong></span> <span class='ocrx_word' id='word_1_409' title='bbox 658 3409 812 3478; x_wconf 83' lang='grc' dir='ltr'><strong>λόγια</strong></span> <span class='ocrx_word' id='word_1_410' title='bbox 841 3411 962 3464; x_wconf 87' lang='grc' dir='ltr'><strong>καθ’</strong></span> <span class='ocrx_word' id='word_1_411' title='bbox 997 3411 1234 3483; x_wconf 80' lang='grc' dir='ltr'><strong>ἑκάστην</strong></span> <span class='ocrx_word' id='word_1_412' title='bbox 1285 3412 1530 3486; x_wconf 77' lang='grc' dir='ltr'><strong>φυλακὴν</strong></span> <span class='ocrx_word' id='word_1_413' title='bbox 1570 3415 1671 3484; x_wconf 86' lang='grc' dir='ltr'><strong>τῆς</strong></span> 
     </span>
    </p>
   </div>
   <div class='ocr_carea' id='block_1_53' title="bbox 111 3496 1664 3574">
    <p class='ocr_par' dir='ltr' id='par_1_53' title="bbox 111 3496 1664 3574">
     <span class='ocr_line' id='line_1_53' title="bbox 111 3496 1664 3574; baseline 0.006 -27"><span class='ocrx_word' id='word_1_414' title='bbox 111 3496 297 3560; x_wconf 77' lang='grc' dir='ltr'><strong>νυκτὸς,</strong></span> <span class='ocrx_word' id='word_1_415' title='bbox 327 3498 565 3551; x_wconf 81' lang='grc' dir='ltr'><strong>κᾶπειτα</strong></span> <span class='ocrx_word' id='word_1_416' title='bbox 595 3499 835 3563; x_wconf 87' lang='grc' dir='ltr'><strong>ἀκούσας</strong></span> <span class='ocrx_word' id='word_1_417' title='bbox 875 3498 969 3552; x_wconf 89' lang='grc' dir='ltr'><strong>τοῦ</strong></span> <span class='ocrx_word' id='word_1_418' title='bbox 1001 3501 1274 3572; x_wconf 83' lang='grc' dir='ltr'><strong>φήσαντος</strong></span> <span class='ocrx_word' id='word_1_419' title='bbox 1313 3501 1456 3554; x_wconf 85' lang='grc' dir='ltr'><strong>θείου</strong></span> <span class='ocrx_word' id='word_1_420' title='bbox 1480 3503 1664 3574; x_wconf 85' lang='grc' dir='ltr'><strong>νόμου·</strong></span> 
     </span>
    </p>
   </div>
   <div class='ocr_carea' id='block_1_54' title="bbox 113 3589 1668 3668">
    <p class='ocr_par' dir='ltr' id='par_1_54' title="bbox 113 3589 1668 3668">
     <span class='ocr_line' id='line_1_54' title="bbox 113 3589 1668 3668; baseline 0.005 -27"><span class='ocrx_word' id='word_1_421' title='bbox 113 3605 131 3635; x_wconf 81' lang='grc'><strong>‹</strong></span> <span class='ocrx_word' id='word_1_422' title='bbox 173 3589 356 3644; x_wconf 82' lang='grc' dir='ltr'><strong>Ὀπίσω</strong></span> <span class='ocrx_word' id='word_1_423' title='bbox 385 3592 596 3664; x_wconf 80' lang='grc' dir='ltr'><strong>Κυρίου</strong></span> <span class='ocrx_word' id='word_1_424' title='bbox 629 3591 724 3645; x_wconf 88' lang='grc' dir='ltr'><strong>τοῦ</strong></span> <span class='ocrx_word' id='word_1_425' title='bbox 754 3593 888 3646; x_wconf 83' lang='grc' dir='ltr'><strong>Θεοῦ</strong></span> <span class='ocrx_word' id='word_1_426' title='bbox 926 3611 1020 3646; x_wconf 91' lang='grc' dir='ltr'><strong>σου</strong></span> <span class='ocrx_word' id='word_1_427' title='bbox 1052 3595 1316 3668; x_wconf 80' lang='grc' dir='ltr'><strong>πορεύσῃ,</strong></span> <span class='ocrx_word' id='word_1_428' title='bbox 1360 3614 1378 3647; x_wconf 70' lang='grc' dir='ltr'><strong>ι</strong></span> <span class='ocrx_word' id='word_1_429' title='bbox 1416 3595 1510 3648; x_wconf 68' lang='grc' dir='ltr'><strong>καὶ</strong></span> <span class='ocrx_word' id='word_1_430' title='bbox 1534 3595 1668 3666; x_wconf 77' lang='grc' dir='ltr'><strong>πρὸς</strong></span> 
     </span>
    </p>
   </div>
   <div class='ocr_carea' id='block_1_55' title="bbox 110 3680 1668 3758">
    <p class='ocr_par' dir='ltr' id='par_1_55' title="bbox 110 3680 1668 3758">
     <span class='ocr_line' id='line_1_55' title="bbox 110 3680 1668 3758; baseline 0.006 -27"><span class='ocrx_word' id='word_1_431' title='bbox 110 3680 246 3734; x_wconf 72' lang='grc' dir='ltr'><strong>αὐτὸν</strong></span> <span class='ocrx_word' id='word_1_432' title='bbox 281 3701 298 3732; x_wconf 79' lang='grc' dir='ltr'><strong>ι</strong></span> <span class='ocrx_word' id='word_1_433' title='bbox 355 3683 659 3756; x_wconf 73' lang='grc' dir='ltr'><strong>κολληθεὶς,</strong></span> <span class='ocrx_word' id='word_1_434' title='bbox 691 3685 725 3755; x_wconf 79' lang='grc' dir='ltr'>ἢ</span> <span class='ocrx_word' id='word_1_435' title='bbox 761 3683 1025 3749; x_wconf 76' lang='grc' dir='ltr'><strong>διατεθεὶς</strong></span> <span class='ocrx_word' id='word_1_436' title='bbox 1057 3685 1154 3757; x_wconf 82' lang='grc' dir='ltr'><strong>τὴν</strong></span> <span class='ocrx_word' id='word_1_437' title='bbox 1183 3686 1359 3758; x_wconf 72' lang='grc' dir='ltr'><strong>ψυχὴν</strong></span> <span class='ocrx_word' id='word_1_438' title='bbox 1393 3686 1668 3758; x_wconf 83' lang='grc' dir='ltr'><strong>πειθήνιος</strong></span> 
     </span>
    </p>
   </div>
   <div class='ocr_carea' id='block_1_56' title="bbox 110 3772 1664 3851">
    <p class='ocr_par' dir='ltr' id='par_1_56' title="bbox 110 3772 1664 3851">
     <span class='ocr_line' id='line_1_56' title="bbox 110 3772 1664 3851; baseline -0.003 -15"><span class='ocrx_word' id='word_1_439' title='bbox 110 3772 280 3840; x_wconf 74' lang='grc' dir='ltr'><strong>γέγονα</strong></span> <span class='ocrx_word' id='word_1_440' title='bbox 311 3775 386 3847; x_wconf 80' lang='grc' dir='ltr'><strong>τῷ</strong></span> <span class='ocrx_word' id='word_1_441' title='bbox 430 3776 604 3847; x_wconf 84' lang='grc' dir='ltr'><strong>νόμῳ,</strong></span> <span class='ocrx_word' id='word_1_442' title='bbox 645 3777 764 3840; x_wconf 82' lang='grc' dir='ltr'><strong>ὅλος</strong></span> <span class='ocrx_word' id='word_1_443' title='bbox 810 3794 872 3830; x_wconf 91' lang='grc' dir='ltr'><strong>τε</strong></span> <span class='ocrx_word' id='word_1_444' title='bbox 913 3778 1141 3848; x_wconf 84' lang='grc' dir='ltr'>εἰχόμην</span> <span class='ocrx_word' id='word_1_445' title='bbox 1173 3777 1267 3832; x_wconf 86' lang='grc' dir='ltr'><strong>τοῦ</strong></span> <span class='ocrx_word' id='word_1_446' title='bbox 1321 3779 1664 3851; x_wconf 87' lang='grc' dir='ltr'><strong>πράγματος,</strong></span> 
     </span>
    </p>
   </div>
   <div class='ocr_carea' id='block_1_57' title="bbox 111 3864 1666 3940">
    <p class='ocr_par' dir='ltr' id='par_1_57' title="bbox 111 3864 1666 3940">
     <span class='ocr_line' id='line_1_57' title="bbox 111 3864 1666 3940; baseline 0.005 -25"><span class='ocrx_word' id='word_1_447' title='bbox 111 3864 262 3919; x_wconf 81' lang='grc' dir='ltr'><strong>πάντα</strong></span> <span class='ocrx_word' id='word_1_448' title='bbox 300 3884 356 3920; x_wconf 90' lang='grc' dir='ltr'><strong>τε</strong></span> <span class='ocrx_word' id='word_1_449' title='bbox 397 3867 767 3938; x_wconf 77' lang='grc' dir='ltr'><strong>ἡγησάμενος,</strong></span> <span class='ocrx_word' id='word_1_450' title='bbox 825 3868 1027 3938; x_wconf 79' lang='grc' dir='ltr'><strong>μᾶλλον</strong></span> <span class='ocrx_word' id='word_1_451' title='bbox 1071 3868 1127 3921; x_wconf 90' lang='grc' dir='ltr'><strong>δὲ</strong></span> <span class='ocrx_word' id='word_1_452' title='bbox 1175 3870 1546 3940; x_wconf 75' lang='grc' dir='ltr'><strong>ἀποστραφεὶς</strong></span> <span class='ocrx_word' id='word_1_453' title='bbox 1599 3871 1666 3924; x_wconf 76' lang='grc' dir='ltr'><strong>τά</strong></span> 
     </span>
    </p>
   </div>
   <div class='ocr_carea' id='block_1_58' title="bbox 111 3957 1667 4032">
    <p class='ocr_par' dir='ltr' id='par_1_58' title="bbox 111 3957 1667 4032">
     <span class='ocr_line' id='line_1_58' title="bbox 111 3957 1667 4032; baseline 0.003 -23"><span class='ocrx_word' id='word_1_454' title='bbox 111 3957 228 4024; x_wconf 83' lang='grc' dir='ltr'><strong>μετά</strong></span> <span class='ocrx_word' id='word_1_455' title='bbox 265 3959 352 4012; x_wconf 72' lang='grc' dir='ltr'><strong>τὸν</strong></span> <span class='ocrx_word' id='word_1_456' title='bbox 399 3960 534 4013; x_wconf 75' lang='grc' dir='ltr'><strong>Θεὸν</strong></span> <span class='ocrx_word' id='word_1_457' title='bbox 570 3959 767 4022; x_wconf 81' lang='grc' dir='ltr'><strong>πάντα,</strong></span> <span class='ocrx_word' id='word_1_458' title='bbox 795 3959 1070 4032; x_wconf 79' lang='grc' dir='ltr'><strong>ἀνῶτερος</strong></span> <span class='ocrx_word' id='word_1_459' title='bbox 1110 3960 1203 4013; x_wconf 78' lang='grc' dir='ltr'><strong>καὶ</strong></span> <span class='ocrx_word' id='word_1_460' title='bbox 1232 3959 1558 4031; x_wconf 74' lang='grc' dir='ltr'><strong>ὑψηλότερος</strong></span> <span class='ocrx_word' id='word_1_461' title='bbox 1589 3961 1667 4032; x_wconf 80' lang='grc' dir='ltr'><strong>τῷ</strong></span> 
     </span>
    </p>
   </div>
   <div class='ocr_carea' id='block_1_59' title="bbox 109 4048 1666 4124">
    <p class='ocr_par' dir='ltr' id='par_1_59' title="bbox 109 4048 1666 4124">
     <span class='ocr_line' id='line_1_59' title="bbox 109 4048 1666 4124; baseline 0.005 -26"><span class='ocrx_word' id='word_1_462' title='bbox 109 4048 236 4119; x_wconf 80' lang='grc' dir='ltr'><strong>πόθῳ</strong></span> <span class='ocrx_word' id='word_1_463' title='bbox 285 4053 379 4123; x_wconf 81' lang='grc' dir='ltr'><strong>τῆς</strong></span> <span class='ocrx_word' id='word_1_464' title='bbox 427 4053 611 4123; x_wconf 76' lang='grc' dir='ltr'><strong>ψυχῆς</strong></span> <span class='ocrx_word' id='word_1_465' title='bbox 670 4052 962 4123; x_wconf 80' lang='grc' dir='ltr'><strong>κατέστην,</strong></span> <span class='ocrx_word' id='word_1_466' title='bbox 1023 4053 1119 4106; x_wconf 74' lang='grc' dir='ltr'><strong>καὶ</strong></span> <span class='ocrx_word' id='word_1_467' title='bbox 1172 4052 1256 4106; x_wconf 76' lang='grc' dir='ltr'><strong>σοὶ</strong></span> <span class='ocrx_word' id='word_1_468' title='bbox 1303 4051 1382 4123; x_wconf 77' lang='grc' dir='ltr'><strong>τῷ</strong></span> <span class='ocrx_word' id='word_1_469' title='bbox 1411 4052 1531 4123; x_wconf 75' lang='grc' dir='ltr'><strong>θεῷ</strong></span> <span class='ocrx_word' id='word_1_470' title='bbox 1564 4069 1666 4124; x_wconf 88' lang='grc' dir='ltr'><strong>μου</strong></span> 
     </span>
    </p>
   </div>
   <div class='ocr_carea' id='block_1_60' title="bbox 110 4141 1663 4218">
    <p class='ocr_par' dir='ltr' id='par_1_60' title="bbox 110 4141 1663 4218">
     <span class='ocr_line' id='line_1_60' title="bbox 110 4141 1663 4218; baseline 0.005 -27"><span class='ocrx_word' id='word_1_471' title='bbox 110 4141 376 4214; x_wconf 71' lang='grc' dir='ltr'><strong>συνήφθην,</strong></span> <span class='ocrx_word' id='word_1_472' title='bbox 411 4144 488 4208; x_wconf 87' lang='grc' dir='ltr'><strong>ὼς</strong></span> <span class='ocrx_word' id='word_1_473' title='bbox 517 4146 688 4198; x_wconf 78' lang='grc' dir='ltr'><strong>εἰπεῖν</strong></span> <span class='ocrx_word' id='word_1_474' title='bbox 721 4144 796 4218; x_wconf 80' lang='grc' dir='ltr'><strong>μὴ</strong></span> <span class='ocrx_word' id='word_1_475' title='bbox 834 4145 1176 4215; x_wconf 74' lang='grc' dir='ltr'><strong>ψευσάμενον</strong></span> <span class='ocrx_word' id='word_1_476' title='bbox 1198 4162 1211 4176; x_wconf 76' lang='grc' dir='ltr'><strong>ο</strong></span> <span class='ocrx_word' id='word_1_477' title='bbox 1241 4164 1261 4195; x_wconf 75' lang='grc' dir='ltr'><strong>ε</strong></span> <span class='ocrx_word' id='word_1_478' title='bbox 1305 4144 1598 4218; x_wconf 84' lang='grc' dir='ltr'><strong>Ἐκολλήθη</strong></span> <span class='ocrx_word' id='word_1_479' title='bbox 1630 4147 1663 4216; x_wconf 88' lang='grc' dir='ltr'><strong>ή</strong></span> 
     </span>
    </p>
   </div>
   <div class='ocr_carea' id='block_1_61' title="bbox 106 4233 1667 4310">
    <p class='ocr_par' dir='ltr' id='par_1_61' title="bbox 106 4233 1667 4310">
     <span class='ocr_line' id='line_1_61' title="bbox 106 4233 1667 4310; baseline -0.003 -15"><span class='ocrx_word' id='word_1_480' title='bbox 106 4233 230 4308; x_wconf 67' lang='grc' dir='ltr'><strong>ψυχή</strong></span> <span class='ocrx_word' id='word_1_481' title='bbox 266 4255 362 4308; x_wconf 84' lang='grc' dir='ltr'><strong>μου</strong></span> <span class='ocrx_word' id='word_1_482' title='bbox 390 4239 568 4292; x_wconf 80' lang='grc' dir='ltr'><strong>ὀπίσω</strong></span> <span class='ocrx_word' id='word_1_483' title='bbox 601 4256 718 4292; x_wconf 93' lang='grc' dir='ltr'><strong>σου.</strong></span> <span class='ocrx_word' id='word_1_484' title='bbox 759 4258 780 4291; x_wconf 67' lang='grc' dir='ltr'><strong>ι</strong></span> <span class='ocrx_word' id='word_1_485' title='bbox 812 4239 907 4302; x_wconf 80' lang='grc' dir='ltr'><strong>Εἰς</strong></span> <span class='ocrx_word' id='word_1_486' title='bbox 934 4237 1203 4309; x_wconf 81' lang='grc' dir='ltr'><strong>τοσαύτην</strong></span> <span class='ocrx_word' id='word_1_487' title='bbox 1227 4238 1286 4291; x_wconf 81' lang='grc' dir='ltr'><strong>δὲ</strong></span> <span class='ocrx_word' id='word_1_488' title='bbox 1319 4237 1496 4310; x_wconf 77' lang='grc' dir='ltr'><strong>ήλασα</strong></span> <span class='ocrx_word' id='word_1_489' title='bbox 1534 4256 1667 4310; x_wconf 85' lang='grc' dir='ltr'><strong>προ-</strong></span> 
     </span>
    </p>
   </div>
   <div class='ocr_carea' id='block_1_62' title="bbox 107 4327 1666 4402">
    <p class='ocr_par' dir='ltr' id='par_1_62' title="bbox 107 4327 1666 4402">
     <span class='ocr_line' id='line_1_62' title="bbox 107 4327 1666 4402; baseline 0.004 -24"><span class='ocrx_word' id='word_1_490' title='bbox 107 4327 257 4396; x_wconf 79' lang='grc' dir='ltr'><strong>κοπήν</strong></span> <span class='ocrx_word' id='word_1_491' title='bbox 284 4331 375 4384; x_wconf 75' lang='grc' dir='ltr'><strong>καὶ</strong></span> <span class='ocrx_word' id='word_1_492' title='bbox 399 4332 481 4395; x_wconf 84' lang='grc' dir='ltr'><strong>εἰς</strong></span> <span class='ocrx_word' id='word_1_493' title='bbox 503 4331 758 4384; x_wconf 87' lang='grc' dir='ltr'><strong>τοσοῦτον</strong></span> <span class='ocrx_word' id='word_1_494' title='bbox 783 4330 1012 4401; x_wconf 74' lang='grc' dir='ltr'><strong>μέγεθος</strong></span> <span class='ocrx_word' id='word_1_495' title='bbox 1044 4330 1244 4402; x_wconf 76' lang='grc' dir='ltr'><strong>ἀρετῆς</strong></span> <span class='ocrx_word' id='word_1_496' title='bbox 1267 4329 1666 4402; x_wconf 82' lang='grc' dir='ltr'><strong>προῆλθον,ούκ</strong></span> 
     </span>
    </p>
   </div>
   <div class='ocr_carea' id='block_1_63' title="bbox 107 4415 1662 4495">
    <p class='ocr_par' dir='ltr' id='par_1_63' title="bbox 107 4415 1662 4495">
     <span class='ocr_line' id='line_1_63' title="bbox 107 4415 1662 4495; baseline 0.003 -25"><span class='ocrx_word' id='word_1_497' title='bbox 107 4418 315 4490; x_wconf 74' lang='grc' dir='ltr'><strong>ἐμαυτοῦ</strong></span> <span class='ocrx_word' id='word_1_498' title='bbox 339 4423 571 4495; x_wconf 83' lang='grc' dir='ltr'><strong>δυνάμει</strong></span> <span class='ocrx_word' id='word_1_499' title='bbox 598 4415 965 4495; x_wconf 82' lang='grc' dir='ltr'><strong>χρησάμενος,</strong></span> <span class='ocrx_word' id='word_1_500' title='bbox 993 4421 1130 4476; x_wconf 84' lang='grc' dir='ltr'><strong>ἀλλὰ</strong></span> <span class='ocrx_word' id='word_1_501' title='bbox 1155 4424 1220 4493; x_wconf 80' lang='grc' dir='ltr'><strong>τῇ</strong></span> <span class='ocrx_word' id='word_1_502' title='bbox 1341 4423 1662 4494; x_wconf 74' lang='grc' dir='ltr'><strong>δεσποτεία·</strong></span> 
     </span>
    </p>
   </div>
   <div class='ocr_carea' id='block_1_64' title="bbox 1779 1943 3353 2020">
    <p class='ocr_par' dir='ltr' id='par_1_64' title="bbox 1779 1943 3353 2020">
     <span class='ocr_line' id='line_1_64' title="bbox 1779 1943 3353 2020; baseline 0.012 -24"><span class='ocrx_word' id='word_1_503' title='bbox 1779 1943 2054 2008; x_wconf 87' lang='lat' dir='ltr'><strong>addictus,</strong></span> <span class='ocrx_word' id='word_1_504' title='bbox 2084 1945 2176 2002; x_wconf 91' lang='lat' dir='ltr'><strong>Dei</strong></span> <span class='ocrx_word' id='word_1_505' title='bbox 2209 1947 2262 2001; x_wconf 95' lang='lat' dir='ltr'><strong>in</strong></span> <span class='ocrx_word' id='word_1_506' title='bbox 2297 1956 2469 2004; x_wconf 88' lang='lat' dir='ltr'><strong>strato</strong></span> <span class='ocrx_word' id='word_1_507' title='bbox 2510 1967 2613 2006; x_wconf 91' lang='lat' dir='ltr'><strong>suo</strong></span> <span class='ocrx_word' id='word_1_508' title='bbox 2647 1955 2990 2020; x_wconf 85' lang='lat' dir='ltr'><strong>recordatus,</strong></span> <span class='ocrx_word' id='word_1_509' title='bbox 3030 1957 3353 2014; x_wconf 82' lang='lat' dir='ltr'><strong>immacula-</strong></span> 
     </span>
    </p>
   </div>
   <div class='ocr_carea' id='block_1_65' title="bbox 1778 2036 3354 2113">
    <p class='ocr_par' dir='ltr' id='par_1_65' title="bbox 1778 2036 3354 2113">
     <span class='ocr_line' id='line_1_65' title="bbox 1778 2036 3354 2113; baseline 0.012 -25"><span class='ocrx_word' id='word_1_510' title='bbox 1778 2042 1893 2090; x_wconf 90' lang='lat' dir='ltr'><strong>tum</strong></span> <span class='ocrx_word' id='word_1_511' title='bbox 1930 2036 2089 2100; x_wconf 91' lang='lat' dir='ltr'><strong>illud,</strong></span> <span class='ocrx_word' id='word_1_512' title='bbox 2134 2047 2346 2095; x_wconf 91' lang='lat' dir='ltr'><strong>castum</strong></span> <span class='ocrx_word' id='word_1_513' title='bbox 2373 2042 2800 2113; x_wconf 91' lang='lat' dir='ltr'><strong>ct-impollutum</strong></span> <span class='ocrx_word' id='word_1_514' title='bbox 2847 2049 3211 2112; x_wconf 79' lang='lat' dir='ltr'><strong>custodiebat.</strong></span> <span class='ocrx_word' id='word_1_515' title='bbox 3237 2055 3354 2110; x_wconf 91' lang='lat' dir='ltr'><strong>sin-</strong></span> 
     </span>
    </p>
   </div>
   <div class='ocr_carea' id='block_1_66' title="bbox 1776 2127 3350 2209">
    <p class='ocr_par' dir='ltr' id='par_1_66' title="bbox 1776 2127 3350 2209">
     <span class='ocr_line' id='line_1_66' title="bbox 1776 2127 3350 2209; baseline 0.014 -32"><span class='ocrx_word' id='word_1_516' title='bbox 1776 2127 1919 2198; x_wconf 83' lang='lat' dir='ltr'><strong>gulis</strong></span> <span class='ocrx_word' id='word_1_517' title='bbox 1945 2129 2129 2184; x_wconf 91' lang='lat' dir='ltr'><strong>noctis</strong></span> <span class='ocrx_word' id='word_1_518' title='bbox 2164 2133 2432 2190; x_wconf 86' lang='lat' dir='ltr'><strong>custodiis</strong></span> <span class='ocrx_word' id='word_1_519' title='bbox 2456 2137 2803 2206; x_wconf 80' lang='lat' dir='ltr'><strong>exsurgebat,</strong></span> <span class='ocrx_word' id='word_1_520' title='bbox 2823 2140 3078 2209; x_wconf 85' lang='lat' dir='ltr'><strong>precibus</strong></span> <span class='ocrx_word' id='word_1_521' title='bbox 3110 2143 3350 2199; x_wconf 85' lang='lat' dir='ltr'><strong>animum</strong></span> 
     </span>
    </p>
   </div>
   <div class='ocr_carea' id='block_1_67' title="bbox 1777 2216 3349 2296">
    <p class='ocr_par' dir='ltr' id='par_1_67' title="bbox 1777 2216 3349 2296">
     <span class='ocr_line' id='line_1_67' title="bbox 1777 2216 3349 2296; baseline 0.012 -26"><span class='ocrx_word' id='word_1_522' title='bbox 1777 2216 2118 2284; x_wconf 80' lang='lat' dir='ltr'><strong>adhibebat,</strong></span> <span class='ocrx_word' id='word_1_523' title='bbox 2174 2219 2492 2295; x_wconf 83' lang='lat' dir='ltr'><strong>divinisque</strong></span> <span class='ocrx_word' id='word_1_524' title='bbox 2548 2225 2859 2296; x_wconf 89' lang='lat' dir='ltr'><strong>disciplinis</strong></span> <span class='ocrx_word' id='word_1_525' title='bbox 2925 2232 3349 2289; x_wconf 85' lang='lat' dir='ltr'><strong>exercitabatur.</strong></span> 
     </span>
    </p>
   </div>
   <div class='ocr_carea' id='block_1_68' title="bbox 1778 2307 3352 2385">
    <p class='ocr_par' dir='ltr' id='par_1_68' title="bbox 1778 2307 3352 2385">
     <span class='ocr_line' id='line_1_68' title="bbox 1778 2307 3352 2385; baseline 0.011 -22"><span class='ocrx_word' id='word_1_526' title='bbox 1778 2307 1932 2375; x_wconf 87' lang='lat' dir='ltr'><strong>Quod</strong></span> <span class='ocrx_word' id='word_1_527' title='bbox 1989 2311 2076 2366; x_wconf 92' lang='lat' dir='ltr'><strong>his</strong></span> <span class='ocrx_word' id='word_1_528' title='bbox 2114 2313 2426 2385; x_wconf 80' lang='lat' dir='ltr'><strong>Symmachi</strong></span> <span class='ocrx_word' id='word_1_529' title='bbox 2462 2318 2644 2372; x_wconf 89' lang='lat' dir='ltr'><strong>verbis</strong></span> <span class='ocrx_word' id='word_1_530' title='bbox 2686 2321 2987 2376; x_wconf 84' lang='lat' dir='ltr'><strong>educetur:</strong></span> <span class='ocrx_word' id='word_1_531' title='bbox 3023 2342 3041 2374; x_wconf 77' lang='grc' dir='ltr'><strong>ι</strong></span> <span class='ocrx_word' id='word_1_532' title='bbox 3077 2321 3352 2380; x_wconf 82' lang='lat' dir='ltr'><strong>Recorda-</strong></span> 
     </span>
    </p>
   </div>
   <div class='ocr_carea' id='block_1_69' title="bbox 1776 2404 3352 2485">
    <p class='ocr_par' dir='ltr' id='par_1_69' title="bbox 1776 2404 3352 2485">
     <span class='ocr_line' id='line_1_69' title="bbox 1776 2404 3352 2485; baseline 0.012 -31"><span class='ocrx_word' id='word_1_533' title='bbox 1776 2409 1867 2457; x_wconf 92' lang='lat' dir='ltr'><strong>tus</strong></span> <span class='ocrx_word' id='word_1_534' title='bbox 1903 2404 1980 2458; x_wconf 91' lang='lat' dir='ltr'><strong>tui</strong></span> <span class='ocrx_word' id='word_1_535' title='bbox 2013 2421 2179 2476; x_wconf 89' lang='lat' dir='ltr'><strong>super</strong></span> <span class='ocrx_word' id='word_1_536' title='bbox 2226 2416 2460 2464; x_wconf 86' lang='lat' dir='ltr'><strong>stratum</strong></span> <span class='ocrx_word' id='word_1_537' title='bbox 2494 2425 2695 2476; x_wconf 91' lang='lat' dir='ltr'><strong>meum,</strong></span> <span class='ocrx_word' id='word_1_538' title='bbox 2727 2427 2825 2482; x_wconf 88' lang='lat' dir='ltr'><strong>per</strong></span> <span class='ocrx_word' id='word_1_539' title='bbox 2871 2415 3114 2485; x_wconf 82' lang='lat' dir='ltr'><strong>singulas</strong></span> <span class='ocrx_word' id='word_1_540' title='bbox 3163 2427 3352 2472; x_wconf 87' lang='lat' dir='ltr'><strong>custo-</strong></span> 
     </span>
    </p>
   </div>
   <div class='ocr_carea' id='block_1_70' title="bbox 1775 2495 3351 2579">
    <p class='ocr_par' dir='ltr' id='par_1_70' title="bbox 1775 2495 3351 2579">
     <span class='ocr_line' id='line_1_70' title="bbox 1775 2495 3351 2579; baseline 0.01 -30"><span class='ocrx_word' id='word_1_541' title='bbox 1775 2495 1894 2552; x_wconf 87' lang='lat' dir='ltr'><strong>dias</strong></span> <span class='ocrx_word' id='word_1_542' title='bbox 1916 2498 2240 2554; x_wconf 88' lang='lat' dir='ltr'><strong>meditabar.</strong></span> <span class='ocrx_word' id='word_1_543' title='bbox 2281 2521 2300 2554; x_wconf 75' lang='grc' dir='ltr'><strong>ι</strong></span> <span class='ocrx_word' id='word_1_544' title='bbox 2335 2501 2412 2558; x_wconf 87' lang='lat' dir='ltr'><strong>Te</strong></span> <span class='ocrx_word' id='word_1_545' title='bbox 2453 2505 2654 2576; x_wconf 84' lang='lat' dir='ltr'><strong>quippe</strong></span> <span class='ocrx_word' id='word_1_546' title='bbox 2701 2504 2869 2561; x_wconf 89' lang='lat' dir='ltr'><strong>Deum</strong></span> <span class='ocrx_word' id='word_1_547' title='bbox 2898 2510 3310 2579; x_wconf 86' lang='lat' dir='ltr'><strong>contemplabar</strong></span> <span class='ocrx_word' id='word_1_548' title='bbox 3336 2552 3351 2577; x_wconf 90' lang='lat'><strong>,</strong></span> 
     </span>
    </p>
   </div>
   <div class='ocr_carea' id='block_1_71' title="bbox 1775 2589 3354 2666">
    <p class='ocr_par' dir='ltr' id='par_1_71' title="bbox 1775 2589 3354 2666">
     <span class='ocr_line' id='line_1_71' title="bbox 1775 2589 3354 2666; baseline 0.009 -25"><span class='ocrx_word' id='word_1_549' title='bbox 1775 2601 1839 2643; x_wconf 91' lang='lat' dir='ltr'><strong>ac</strong></span> <span class='ocrx_word' id='word_1_550' title='bbox 1886 2589 2006 2645; x_wconf 92' lang='lat' dir='ltr'><strong>vice</strong></span> <span class='ocrx_word' id='word_1_551' title='bbox 2059 2590 2324 2647; x_wconf 89' lang='lat' dir='ltr'><strong>librorum</strong></span> <span class='ocrx_word' id='word_1_552' title='bbox 2373 2602 2427 2648; x_wconf 90' lang='lat' dir='ltr'><strong>ct</strong></span> <span class='ocrx_word' id='word_1_553' title='bbox 2481 2597 2915 2666; x_wconf 88' lang='lat' dir='ltr'><strong>scripturarum,</strong></span> <span class='ocrx_word' id='word_1_554' title='bbox 2950 2608 3132 2654; x_wconf 89' lang='lat' dir='ltr'><strong>mente</strong></span> <span class='ocrx_word' id='word_1_555' title='bbox 3177 2599 3245 2654; x_wconf 87' lang='lat' dir='ltr'><strong>ad</strong></span> <span class='ocrx_word' id='word_1_556' title='bbox 3299 2609 3354 2658; x_wconf 89' lang='lat' dir='ltr'><strong>te</strong></span> 
     </span>
    </p>
   </div>
   <div class='ocr_carea' id='block_1_72' title="bbox 1776 2682 3351 2762">
    <p class='ocr_par' dir='ltr' id='par_1_72' title="bbox 1776 2682 3351 2762">
     <span class='ocr_line' id='line_1_72' title="bbox 1776 2682 3351 2762; baseline 0.01 -28"><span class='ocrx_word' id='word_1_557' title='bbox 1776 2695 1995 2734; x_wconf 72' lang='lat' dir='ltr'><strong>sursum</strong></span> <span class='ocrx_word' id='word_1_558' title='bbox 2046 2682 2212 2747; x_wconf 91' lang='lat' dir='ltr'><strong>elata,</strong></span> <span class='ocrx_word' id='word_1_559' title='bbox 2247 2683 2574 2754; x_wconf 87' lang='lat' dir='ltr'><strong>meditabar,</strong></span> <span class='ocrx_word' id='word_1_560' title='bbox 2621 2688 2943 2746; x_wconf 85' lang='lat' dir='ltr'><strong>recordatus</strong></span> <span class='ocrx_word' id='word_1_561' title='bbox 2994 2692 3216 2762; x_wconf 86' lang='lat' dir='ltr'><strong>quantis</strong></span> <span class='ocrx_word' id='word_1_562' title='bbox 3263 2709 3351 2750; x_wconf 88' lang='lat' dir='ltr'><strong>me</strong></span> 
     </span>
    </p>
   </div>
   <div class='ocr_carea' id='block_1_73' title="bbox 1774 2773 3348 2854">
    <p class='ocr_par' dir='ltr' id='par_1_73' title="bbox 1774 2773 3348 2854">
     <span class='ocr_line' id='line_1_73' title="bbox 1774 2773 3348 2854; baseline 0.008 -26"><span class='ocrx_word' id='word_1_563' title='bbox 1774 2773 2055 2830; x_wconf 86' lang='lat' dir='ltr'><strong>beneﬁciis</strong></span> <span class='ocrx_word' id='word_1_564' title='bbox 2085 2777 2402 2844; x_wconf 83' lang='lat' dir='ltr'><strong>ornaveris,</strong></span> <span class='ocrx_word' id='word_1_565' title='bbox 2439 2787 2493 2832; x_wconf 86' lang='lat' dir='ltr'><strong>et</strong></span> <span class='ocrx_word' id='word_1_566' title='bbox 2519 2781 2662 2848; x_wconf 87' lang='lat' dir='ltr'><strong>quod</strong></span> <span class='ocrx_word' id='word_1_567' title='bbox 2699 2781 2831 2835; x_wconf 90' lang='lat' dir='ltr'><strong>mihi</strong></span> <span class='ocrx_word' id='word_1_568' title='bbox 2867 2777 3084 2853; x_wconf 74' lang='lat' dir='ltr'><strong>semper</strong></span> <span class='ocrx_word' id='word_1_569' title='bbox 3108 2784 3348 2854; x_wconf 87' lang='lat' dir='ltr'><strong>adjutur,</strong></span> 
     </span>
    </p>
   </div>
   <div class='ocr_carea' id='block_1_74' title="bbox 1774 2867 3350 2948">
    <p class='ocr_par' dir='ltr' id='par_1_74' title="bbox 1774 2867 3350 2948">
     <span class='ocr_line' id='line_1_74' title="bbox 1774 2867 3350 2948; baseline 0.01 -30"><span class='ocrx_word' id='word_1_570' title='bbox 1774 2878 1806 2918; x_wconf 87' lang='lat' dir='ltr'><strong>a</strong></span> <span class='ocrx_word' id='word_1_571' title='bbox 1865 2867 2142 2922; x_wconf 79' lang='lat' dir='ltr'><strong>sexcentis</strong></span> <span class='ocrx_word' id='word_1_572' title='bbox 2194 2883 2281 2924; x_wconf 92' lang='lat' dir='ltr'><strong>me</strong></span> <span class='ocrx_word' id='word_1_573' title='bbox 2324 2871 2722 2928; x_wconf 85' lang='lat' dir='ltr'><strong>tentationibus</strong></span> <span class='ocrx_word' id='word_1_574' title='bbox 2775 2874 3070 2945; x_wconf 89' lang='lat' dir='ltr'><strong>eripueris,</strong></span> <span class='ocrx_word' id='word_1_575' title='bbox 3135 2878 3350 2948; x_wconf 88' lang='lat' dir='ltr'><strong>alisque</strong></span> 
     </span>
    </p>
   </div>
   <div class='ocr_carea' id='block_1_75' title="bbox 1772 2957 3348 3036">
    <p class='ocr_par' dir='ltr' id='par_1_75' title="bbox 1772 2957 3348 3036">
     <span class='ocr_line' id='line_1_75' title="bbox 1772 2957 3348 3036; baseline 0.01 -25"><span class='ocrx_word' id='word_1_576' title='bbox 1772 2957 1904 3017; x_wconf 82' lang='lat' dir='ltr'><strong>tuis.</strong></span> <span class='ocrx_word' id='word_1_577' title='bbox 1938 2957 2195 3013; x_wconf 86' lang='lat' dir='ltr'><strong>nimirum</strong></span> <span class='ocrx_word' id='word_1_578' title='bbox 2233 2962 2588 3031; x_wconf 66' lang='lat' dir='ltr'><strong>providentiae</strong></span> <span class='ocrx_word' id='word_1_579' title='bbox 2630 2972 2737 3020; x_wconf 71' lang='lat' dir='ltr'><strong>tuae</strong></span> <span class='ocrx_word' id='word_1_580' title='bbox 2782 2966 3096 3036; x_wconf 85' lang='lat' dir='ltr'><strong>virtutibus,</strong></span> <span class='ocrx_word' id='word_1_581' title='bbox 3136 2971 3348 3028; x_wconf 71' lang='lat' dir='ltr'><strong>extule-</strong></span> 
     </span>
    </p>
   </div>
   <div class='ocr_carea' id='block_1_76' title="bbox 1773 3053 3346 3132">
    <p class='ocr_par' dir='ltr' id='par_1_76' title="bbox 1773 3053 3346 3132">
     <span class='ocr_line' id='line_1_76' title="bbox 1773 3053 3346 3132; baseline 0.01 -28"><span class='ocrx_word' id='word_1_582' title='bbox 1773 3053 1851 3104; x_wconf 87' lang='lat' dir='ltr'><strong>ris</strong></span> <span class='ocrx_word' id='word_1_583' title='bbox 1874 3069 1895 3105; x_wconf 68' lang='grc' dir='ltr'>ς</span> <span class='ocrx_word' id='word_1_584' title='bbox 1932 3066 2052 3120; x_wconf 79' lang='lat' dir='ltr'><strong>quae</strong></span> <span class='ocrx_word' id='word_1_585' title='bbox 2082 3053 2136 3106; x_wconf 93' lang='lat' dir='ltr'><strong>in</strong></span> <span class='ocrx_word' id='word_1_586' title='bbox 2175 3054 2496 3109; x_wconf 90' lang='lat' dir='ltr'><strong>memoriam</strong></span> <span class='ocrx_word' id='word_1_587' title='bbox 2530 3065 2802 3126; x_wconf 88' lang='lat' dir='ltr'><strong>repetens,</strong></span> <span class='ocrx_word' id='word_1_588' title='bbox 2828 3061 3026 3130; x_wconf 84' lang='lat' dir='ltr'><strong>gaudio</strong></span> <span class='ocrx_word' id='word_1_589' title='bbox 3056 3063 3306 3132; x_wconf 83' lang='lat' dir='ltr'><strong>replebar</strong></span> <span class='ocrx_word' id='word_1_590' title='bbox 3327 3102 3346 3130; x_wconf 89' lang='lat'><strong>,</strong></span> 
     </span>
    </p>
   </div>
   <div class='ocr_carea' id='block_1_77' title="bbox 1775 3141 3340 3224">
    <p class='ocr_par' dir='ltr' id='par_1_77' title="bbox 1775 3141 3340 3224">
     <span class='ocr_line' id='line_1_77' title="bbox 1775 3141 3340 3224; baseline 0.012 -30"><span class='ocrx_word' id='word_1_591' title='bbox 1775 3149 1936 3212; x_wconf 88' lang='lat' dir='ltr'><strong>teque</strong></span> <span class='ocrx_word' id='word_1_592' title='bbox 1992 3141 2160 3198; x_wconf 86' lang='lat' dir='ltr'><strong>Deum</strong></span> <span class='ocrx_word' id='word_1_593' title='bbox 2215 3146 2556 3201; x_wconf 75' lang='lat' dir='ltr'><strong>celebrabant</strong></span> <span class='ocrx_word' id='word_1_594' title='bbox 2610 3151 2911 3205; x_wconf 88' lang='lat' dir='ltr'><strong>secundum</strong></span> <span class='ocrx_word' id='word_1_595' title='bbox 2953 3151 3340 3224; x_wconf 82' lang='lat' dir='ltr'><strong>Symmachum</strong></span> 
     </span>
    </p>
   </div>
   <div class='ocr_carea' id='block_1_78' title="bbox 1775 3233 3344 3306">
    <p class='ocr_par' dir='ltr' id='par_1_78' title="bbox 1775 3233 3344 3306">
     <span class='ocr_line' id='line_1_78' title="bbox 1775 3233 3344 3306; baseline 0.008 -22"><span class='ocrx_word' id='word_1_596' title='bbox 1775 3233 1866 3301; x_wconf 76' lang='lat' dir='ltr'><strong>qui</strong></span> <span class='ocrx_word' id='word_1_597' title='bbox 1909 3233 1988 3287; x_wconf 81' lang='lat' dir='ltr'><strong>sic</strong></span> <span class='ocrx_word' id='word_1_598' title='bbox 2011 3233 2194 3297; x_wconf 84' lang='lat' dir='ltr'><strong>habet,</strong></span> <span class='ocrx_word' id='word_1_599' title='bbox 2233 3253 2251 3286; x_wconf 84' lang='grc' dir='ltr'><strong>ι</strong></span> <span class='ocrx_word' id='word_1_600' title='bbox 2288 3244 2341 3290; x_wconf 89' lang='lat' dir='ltr'><strong>et</strong></span> <span class='ocrx_word' id='word_1_601' title='bbox 2368 3244 2646 3306; x_wconf 87' lang='lat' dir='ltr'><strong>protectus</strong></span> <span class='ocrx_word' id='word_1_602' title='bbox 2670 3240 2773 3294; x_wconf 90' lang='lat' dir='ltr'><strong>alis</strong></span> <span class='ocrx_word' id='word_1_603' title='bbox 2803 3242 2912 3296; x_wconf 91' lang='lat' dir='ltr'><strong>tuis</strong></span> <span class='ocrx_word' id='word_1_604' title='bbox 2934 3243 3295 3303; x_wconf 86' lang='lat' dir='ltr'><strong>celebrabam.</strong></span> <span class='ocrx_word' id='word_1_605' title='bbox 3323 3267 3344 3297; x_wconf 77' lang='grc' dir='ltr'><strong>ι</strong></span> 
     </span>
    </p>
   </div>
   <div class='ocr_carea' id='block_1_79' title="bbox 1773 3323 3350 3402">
    <p class='ocr_par' dir='ltr' id='par_1_79' title="bbox 1773 3323 3350 3402">
     <span class='ocr_line' id='line_1_79' title="bbox 1773 3323 3350 3402; baseline 0.011 -25"><span class='ocrx_word' id='word_1_606' title='bbox 1773 3323 2001 3394; x_wconf 88' lang='lat' dir='ltr'><strong>Eloquia</strong></span> <span class='ocrx_word' id='word_1_607' title='bbox 2055 3341 2185 3381; x_wconf 81' lang='lat' dir='ltr'><strong>vero</strong></span> <span class='ocrx_word' id='word_1_608' title='bbox 2233 3336 2326 3382; x_wconf 88' lang='lat' dir='ltr'><strong>tua</strong></span> <span class='ocrx_word' id='word_1_609' title='bbox 2377 3343 2474 3399; x_wconf 90' lang='lat' dir='ltr'><strong>per</strong></span> <span class='ocrx_word' id='word_1_610' title='bbox 2539 3331 2786 3402; x_wconf 84' lang='lat' dir='ltr'><strong>singulas</strong></span> <span class='ocrx_word' id='word_1_611' title='bbox 2830 3335 3012 3390; x_wconf 80' lang='lat' dir='ltr'><strong>noctis</strong></span> <span class='ocrx_word' id='word_1_612' title='bbox 3068 3339 3350 3396; x_wconf 89' lang='lat' dir='ltr'><strong>custodias</strong></span> 
     </span>
    </p>
   </div>
   <div class='ocr_carea' id='block_1_80' title="bbox 1771 3421 3348 3496">
    <p class='ocr_par' dir='ltr' id='par_1_80' title="bbox 1771 3421 3348 3496">
     <span class='ocr_line' id='line_1_80' title="bbox 1771 3421 3348 3496; baseline 0.011 -28"><span class='ocrx_word' id='word_1_613' title='bbox 1771 3431 1982 3470; x_wconf 88' lang='lat' dir='ltr'><strong>mecum</strong></span> <span class='ocrx_word' id='word_1_614' title='bbox 2027 3426 2313 3488; x_wconf 86' lang='lat' dir='ltr'><strong>reputans,</strong></span> <span class='ocrx_word' id='word_1_615' title='bbox 2344 3421 2636 3493; x_wconf 89' lang='lat' dir='ltr'><strong>auditaque</strong></span> <span class='ocrx_word' id='word_1_616' title='bbox 2678 3432 2804 3493; x_wconf 86' lang='lat' dir='ltr'><strong>post</strong></span> <span class='ocrx_word' id='word_1_617' title='bbox 2845 3425 2960 3481; x_wconf 65' lang='lat' dir='ltr'><strong>haec</strong></span> <span class='ocrx_word' id='word_1_618' title='bbox 3009 3426 3197 3484; x_wconf 83' lang='lat' dir='ltr'><strong>divina</strong></span> <span class='ocrx_word' id='word_1_619' title='bbox 3230 3431 3348 3496; x_wconf 80' lang='lat' dir='ltr'><strong>lege</strong></span> 
     </span>
    </p>
   </div>
   <div class='ocr_carea' id='block_1_81' title="bbox 1770 3509 3349 3592">
    <p class='ocr_par' dir='ltr' id='par_1_81' title="bbox 1770 3509 3349 3592">
     <span class='ocr_line' id='line_1_81' title="bbox 1770 3509 3349 3592; baseline 0.011 -33"><span class='ocrx_word' id='word_1_620' title='bbox 1770 3523 1890 3578; x_wconf 66' lang='lat' dir='ltr'><strong>quae</strong></span> <span class='ocrx_word' id='word_1_621' title='bbox 1918 3509 1999 3564; x_wconf 93' lang='lat' dir='ltr'><strong>sic</strong></span> <span class='ocrx_word' id='word_1_622' title='bbox 2036 3510 2218 3575; x_wconf 87' lang='lat' dir='ltr'><strong>habet,</strong></span> <span class='ocrx_word' id='word_1_623' title='bbox 2252 3530 2271 3562; x_wconf 78' lang='grc' dir='ltr'><strong>ι</strong></span> <span class='ocrx_word' id='word_1_624' title='bbox 2304 3510 2436 3568; x_wconf 91' lang='lat' dir='ltr'><strong>Post</strong></span> <span class='ocrx_word' id='word_1_625' title='bbox 2470 3511 2760 3570; x_wconf 92' lang='lat' dir='ltr'><strong>Dominum</strong></span> <span class='ocrx_word' id='word_1_626' title='bbox 2812 3515 2979 3572; x_wconf 88' lang='lat' dir='ltr'><strong>Deum</strong></span> <span class='ocrx_word' id='word_1_627' title='bbox 3027 3528 3178 3574; x_wconf 91' lang='lat' dir='ltr'><strong>tuum</strong></span> <span class='ocrx_word' id='word_1_628' title='bbox 3227 3537 3349 3592; x_wconf 77' lang='lat' dir='ltr'><strong>gra-</strong></span> 
     </span>
    </p>
   </div>
   <div class='ocr_carea' id='block_1_82' title="bbox 1768 3601 3347 3680">
    <p class='ocr_par' dir='ltr' id='par_1_82' title="bbox 1768 3601 3347 3680">
     <span class='ocr_line' id='line_1_82' title="bbox 1768 3601 3347 3680; baseline 0.008 -25"><span class='ocrx_word' id='word_1_629' title='bbox 1768 3601 1976 3666; x_wconf 85' lang='lat' dir='ltr'><strong>dieris;</strong></span> <span class='ocrx_word' id='word_1_630' title='bbox 2019 3621 2039 3654; x_wconf 74' lang='grc' dir='ltr'><strong>ι</strong></span> <span class='ocrx_word' id='word_1_631' title='bbox 2074 3603 2177 3672; x_wconf 91' lang='lat' dir='ltr'><strong>ipsi</strong></span> <span class='ocrx_word' id='word_1_632' title='bbox 2230 3604 2475 3673; x_wconf 73' lang='lat' dir='ltr'><strong>hzerens,</strong></span> <span class='ocrx_word' id='word_1_633' title='bbox 2515 3605 2616 3677; x_wconf 91' lang='lat' dir='ltr'><strong>ipsi</strong></span> <span class='ocrx_word' id='word_1_634' title='bbox 2672 3608 2957 3676; x_wconf 87' lang='lat' dir='ltr'><strong>addictus,</strong></span> <span class='ocrx_word' id='word_1_635' title='bbox 3016 3611 3347 3680; x_wconf 81' lang='lat' dir='ltr'><strong>morigerum</strong></span> 
     </span>
    </p>
   </div>
   <div class='ocr_carea' id='block_1_83' title="bbox 1769 3689 3350 3771">
    <p class='ocr_par' dir='ltr' id='par_1_83' title="bbox 1769 3689 3350 3771">
     <span class='ocr_line' id='line_1_83' title="bbox 1769 3689 3350 3771; baseline 0.009 -29"><span class='ocrx_word' id='word_1_636' title='bbox 1769 3703 1856 3744; x_wconf 91' lang='lat' dir='ltr'><strong>me</strong></span> <span class='ocrx_word' id='word_1_637' title='bbox 1900 3689 2006 3760; x_wconf 80' lang='lat' dir='ltr'><strong>legi</strong></span> <span class='ocrx_word' id='word_1_638' title='bbox 2059 3689 2289 3760; x_wconf 65' lang='lat' dir='ltr'><strong>prabui,</strong></span> <span class='ocrx_word' id='word_1_639' title='bbox 2331 3692 2560 3764; x_wconf 19' lang='lat' dir='ltr'><strong>ipsique,</strong></span> <span class='ocrx_word' id='word_1_640' title='bbox 2585 3695 2776 3751; x_wconf 61' lang='lat' dir='ltr'><strong>inhaesi</strong></span> <span class='ocrx_word' id='word_1_641' title='bbox 2812 3705 2991 3763; x_wconf 91' lang='lat' dir='ltr'><strong>totus,</strong></span> <span class='ocrx_word' id='word_1_642' title='bbox 3035 3701 3219 3753; x_wconf 89' lang='lat' dir='ltr'><strong>omnia</strong></span> <span class='ocrx_word' id='word_1_643' title='bbox 3251 3718 3350 3771; x_wconf 88' lang='lat' dir='ltr'><strong>pro</strong></span> 
     </span>
    </p>
   </div>
   <div class='ocr_carea' id='block_1_84' title="bbox 1769 3780 3346 3859">
    <p class='ocr_par' dir='ltr' id='par_1_84' title="bbox 1769 3780 3346 3859">
     <span class='ocr_line' id='line_1_84' title="bbox 1769 3780 3346 3859; baseline 0.007 -23"><span class='ocrx_word' id='word_1_644' title='bbox 1769 3780 1942 3836; x_wconf 83' lang='lat' dir='ltr'><strong>nihilo</strong></span> <span class='ocrx_word' id='word_1_645' title='bbox 1993 3781 2225 3846; x_wconf 78' lang='lat' dir='ltr'><strong>habens,</strong></span> <span class='ocrx_word' id='word_1_646' title='bbox 2279 3783 2389 3838; x_wconf 93' lang='lat' dir='ltr'><strong>imo</strong></span> <span class='ocrx_word' id='word_1_647' title='bbox 2441 3801 2574 3840; x_wconf 87' lang='lat' dir='ltr'><strong>vero</strong></span> <span class='ocrx_word' id='word_1_648' title='bbox 2622 3789 2805 3841; x_wconf 85' lang='lat' dir='ltr'><strong>omnia</strong></span> <span class='ocrx_word' id='word_1_649' title='bbox 2851 3804 2972 3859; x_wconf 66' lang='lat' dir='ltr'><strong>quae</strong></span> <span class='ocrx_word' id='word_1_650' title='bbox 3021 3798 3143 3859; x_wconf 88' lang='lat' dir='ltr'><strong>post</strong></span> <span class='ocrx_word' id='word_1_651' title='bbox 3177 3790 3346 3846; x_wconf 88' lang='lat' dir='ltr'><strong>Deum</strong></span> 
     </span>
    </p>
   </div>
   <div class='ocr_carea' id='block_1_85' title="bbox 1769 3877 3350 3941">
    <p class='ocr_par' dir='ltr' id='par_1_85' title="bbox 1769 3877 3350 3941">
     <span class='ocr_line' id='line_1_85' title="bbox 1769 3877 3350 3941; baseline 0.006 -14"><span class='ocrx_word' id='word_1_652' title='bbox 1769 3880 1898 3927; x_wconf 91' lang='lat' dir='ltr'><strong>sunt</strong></span> <span class='ocrx_word' id='word_1_653' title='bbox 1945 3885 2262 3941; x_wconf 85' lang='lat' dir='ltr'><strong>aversatus,</strong></span> <span class='ocrx_word' id='word_1_654' title='bbox 2298 3891 2362 3931; x_wconf 79' lang='lat' dir='ltr'><strong>ex</strong></span> <span class='ocrx_word' id='word_1_655' title='bbox 2399 3877 2566 3931; x_wconf 88' lang='lat' dir='ltr'><strong>animi</strong></span> <span class='ocrx_word' id='word_1_656' title='bbox 2605 3877 2878 3934; x_wconf 86' lang='lat' dir='ltr'><strong>desiderio</strong></span> <span class='ocrx_word' id='word_1_657' title='bbox 2930 3881 3219 3937; x_wconf 90' lang='lat' dir='ltr'><strong>sublimior</strong></span> <span class='ocrx_word' id='word_1_658' title='bbox 3253 3899 3350 3939; x_wconf 78' lang='lat' dir='ltr'><strong>ex-</strong></span> 
     </span>
    </p>
   </div>
   <div class='ocr_carea' id='block_1_86' title="bbox 1769 3963 3348 4041">
    <p class='ocr_par' dir='ltr' id='par_1_86' title="bbox 1769 3963 3348 4041">
     <span class='ocr_line' id='line_1_86' title="bbox 1769 3963 3348 4041; baseline 0.006 -25"><span class='ocrx_word' id='word_1_659' title='bbox 1769 3963 2080 4034; x_wconf 77' lang='lat' dir='ltr'><strong>celsiorque</strong></span> <span class='ocrx_word' id='word_1_660' title='bbox 2127 3963 2328 4028; x_wconf 82' lang='lat' dir='ltr'><strong>factus,</strong></span> <span class='ocrx_word' id='word_1_661' title='bbox 2371 3965 2470 4020; x_wconf 89' lang='lat' dir='ltr'><strong>tibi</strong></span> <span class='ocrx_word' id='word_1_662' title='bbox 2510 3964 2621 4023; x_wconf 90' lang='lat' dir='ltr'><strong>Deo</strong></span> <span class='ocrx_word' id='word_1_663' title='bbox 2664 3983 2785 4023; x_wconf 90' lang='lat' dir='ltr'><strong>meo</strong></span> <span class='ocrx_word' id='word_1_664' title='bbox 2817 3970 3149 4041; x_wconf 88' lang='lat' dir='ltr'><strong>conjunctus</strong></span> <span class='ocrx_word' id='word_1_665' title='bbox 3203 3988 3348 4038; x_wconf 91' lang='lat' dir='ltr'><strong>sum,</strong></span> 
     </span>
    </p>
   </div>
   <div class='ocr_carea' id='block_1_87' title="bbox 1768 4054 3347 4134">
    <p class='ocr_par' dir='ltr' id='par_1_87' title="bbox 1768 4054 3347 4134">
     <span class='ocr_line' id='line_1_87' title="bbox 1768 4054 3347 4134; baseline 0.006 -26"><span class='ocrx_word' id='word_1_666' title='bbox 1768 4064 1827 4109; x_wconf 94' lang='lat' dir='ltr'><strong>ut</strong></span> <span class='ocrx_word' id='word_1_667' title='bbox 1851 4071 1978 4110; x_wconf 84' lang='lat' dir='ltr'><strong>vere</strong></span> <span class='ocrx_word' id='word_1_668' title='bbox 2012 4054 2199 4111; x_wconf 88' lang='lat' dir='ltr'><strong>dicere</strong></span> <span class='ocrx_word' id='word_1_669' title='bbox 2223 4057 2430 4112; x_wconf 85' lang='lat' dir='ltr'><strong>valeam</strong></span> <span class='ocrx_word' id='word_1_670' title='bbox 2465 4077 2478 4113; x_wconf 90' lang='lat'><strong>:</strong></span> <span class='ocrx_word' id='word_1_671' title='bbox 2515 4075 2534 4108; x_wconf 79' lang='grc' dir='ltr'><strong>ι</strong></span> <span class='ocrx_word' id='word_1_672' title='bbox 2570 4057 2816 4116; x_wconf 75' lang='lat' dir='ltr'><strong>Adhzcsit</strong></span> <span class='ocrx_word' id='word_1_673' title='bbox 2850 4062 3033 4118; x_wconf 87' lang='lat' dir='ltr'><strong>anima</strong></span> <span class='ocrx_word' id='word_1_674' title='bbox 3064 4077 3182 4118; x_wconf 89' lang='lat' dir='ltr'><strong>mea</strong></span> <span class='ocrx_word' id='word_1_675' title='bbox 3225 4073 3347 4134; x_wconf 89' lang='lat' dir='ltr'><strong>post</strong></span> 
     </span>
    </p>
   </div>
   <div class='ocr_carea' id='block_1_88' title="bbox 1767 4149 3350 4223">
    <p class='ocr_par' dir='ltr' id='par_1_88' title="bbox 1767 4149 3350 4223">
     <span class='ocr_line' id='line_1_88' title="bbox 1767 4149 3350 4223; baseline 0.005 -19"><span class='ocrx_word' id='word_1_676' title='bbox 1767 4157 1840 4205; x_wconf 91' lang='lat' dir='ltr'><strong>te.</strong></span> <span class='ocrx_word' id='word_1_677' title='bbox 1881 4168 1900 4201; x_wconf 77' lang='grc' dir='ltr'><strong>ι</strong></span> <span class='ocrx_word' id='word_1_678' title='bbox 1933 4149 2014 4204; x_wconf 86' lang='lat' dir='ltr'><strong>Ad</strong></span> <span class='ocrx_word' id='word_1_679' title='bbox 2048 4159 2261 4205; x_wconf 86' lang='lat' dir='ltr'><strong>tantum</strong></span> <span class='ocrx_word' id='word_1_680' title='bbox 2295 4166 2426 4207; x_wconf 88' lang='lat' dir='ltr'><strong>vero</strong></span> <span class='ocrx_word' id='word_1_681' title='bbox 2462 4151 2790 4223; x_wconf 80' lang='lat' dir='ltr'><strong>profectum,</strong></span> <span class='ocrx_word' id='word_1_682' title='bbox 2826 4154 2896 4208; x_wconf 88' lang='lat' dir='ltr'><strong>ad</strong></span> <span class='ocrx_word' id='word_1_683' title='bbox 2928 4162 3140 4209; x_wconf 88' lang='lat' dir='ltr'><strong>tantum</strong></span> <span class='ocrx_word' id='word_1_684' title='bbox 3175 4157 3350 4212; x_wconf 88' lang='lat' dir='ltr'><strong>virtu-</strong></span> 
     </span>
    </p>
   </div>
   <div class='ocr_carea' id='block_1_89' title="bbox 1766 4242 3350 4318">
    <p class='ocr_par' dir='ltr' id='par_1_89' title="bbox 1766 4242 3350 4318">
     <span class='ocr_line' id='line_1_89' title="bbox 1766 4242 3350 4318; baseline 0.007 -24"><span class='ocrx_word' id='word_1_685' title='bbox 1766 4242 1837 4297; x_wconf 91' lang='lat' dir='ltr'><strong>tis</strong></span> <span class='ocrx_word' id='word_1_686' title='bbox 1881 4243 2160 4298; x_wconf 84' lang='lat' dir='ltr'><strong>cumulum</strong></span> <span class='ocrx_word' id='word_1_687' title='bbox 2192 4245 2437 4314; x_wconf 82' lang='lat' dir='ltr'><strong>perveni.</strong></span> <span class='ocrx_word' id='word_1_688' title='bbox 2469 4261 2579 4301; x_wconf 85' lang='lat' dir='ltr'><strong>non</strong></span> <span class='ocrx_word' id='word_1_689' title='bbox 2616 4260 2735 4301; x_wconf 79' lang='lat' dir='ltr'><strong>mea</strong></span> <span class='ocrx_word' id='word_1_690' title='bbox 2791 4255 3081 4318; x_wconf 79' lang='lat' dir='ltr'><strong>potestate,</strong></span> <span class='ocrx_word' id='word_1_691' title='bbox 3125 4249 3220 4303; x_wconf 87' lang='lat' dir='ltr'><strong>sed</strong></span> <span class='ocrx_word' id='word_1_692' title='bbox 3251 4256 3350 4306; x_wconf 89' lang='lat' dir='ltr'><strong>tuo</strong></span> 
     </span>
    </p>
   </div>
   <div class='ocr_carea' id='block_1_90' title="bbox 1766 4334 3346 4407">
    <p class='ocr_par' dir='ltr' id='par_1_90' title="bbox 1766 4334 3346 4407">
     <span class='ocr_line' id='line_1_90' title="bbox 1766 4334 3346 4407; baseline 0.003 -19"><span class='ocrx_word' id='word_1_693' title='bbox 1766 4334 2049 4388; x_wconf 92' lang='lat' dir='ltr'><strong>dominatu</strong></span> <span class='ocrx_word' id='word_1_694' title='bbox 2083 4353 2099 4386; x_wconf 85' lang='lat'><strong>:</strong></span> <span class='ocrx_word' id='word_1_695' title='bbox 2135 4342 2191 4387; x_wconf 93' lang='lat' dir='ltr'><strong>tu</strong></span> <span class='ocrx_word' id='word_1_696' title='bbox 2219 4334 2363 4389; x_wconf 85' lang='lat' dir='ltr'><strong>enim</strong></span> <span class='ocrx_word' id='word_1_697' title='bbox 2401 4335 2517 4407; x_wconf 83' lang='lat' dir='ltr'><strong>ipse</strong></span> <span class='ocrx_word' id='word_1_698' title='bbox 2551 4337 2932 4393; x_wconf 87' lang='lat' dir='ltr'><strong>misericordia</strong></span> <span class='ocrx_word' id='word_1_699' title='bbox 2961 4347 3056 4393; x_wconf 89' lang='lat' dir='ltr'><strong>tua</strong></span> <span class='ocrx_word' id='word_1_700' title='bbox 3107 4339 3159 4393; x_wconf 90' lang='lat' dir='ltr'><strong>Id</strong></span> <span class='ocrx_word' id='word_1_701' title='bbox 3213 4338 3346 4394; x_wconf 80' lang='lat' dir='ltr'><strong>mihi</strong></span> 
     </span>
    </p>
   </div>
   <div class='ocr_carea' id='block_1_91' title="bbox 1765 4424 3346 4501">
    <p class='ocr_par' dir='ltr' id='par_1_91' title="bbox 1765 4424 3346 4501">
     <span class='ocr_line' id='line_1_91' title="bbox 1765 4424 3346 4501; baseline 0.001 -21"><span class='ocrx_word' id='word_1_702' title='bbox 1765 4424 2032 4497; x_wconf 85' lang='lat' dir='ltr'><strong>elargitus</strong></span> <span class='ocrx_word' id='word_1_703' title='bbox 2089 4441 2172 4480; x_wconf 89' lang='lat' dir='ltr'><strong>es.</strong></span> <span class='ocrx_word' id='word_1_704' title='bbox 2225 4424 2404 4481; x_wconf 82' lang='lat' dir='ltr'><strong>Meum</strong></span> <span class='ocrx_word' id='word_1_705' title='bbox 2445 4429 2646 4499; x_wconf 78' lang='lat' dir='ltr'><strong>quippe</strong></span> <span class='ocrx_word' id='word_1_706' title='bbox 2693 4445 2822 4501; x_wconf 86' lang='lat' dir='ltr'><strong>erga</strong></span> <span class='ocrx_word' id='word_1_707' title='bbox 2853 4438 2906 4485; x_wconf 82' lang='lat' dir='ltr'><strong>te</strong></span> <span class='ocrx_word' id='word_1_708' title='bbox 2939 4443 3180 4484; x_wconf 87' lang='lat' dir='ltr'><strong>amorem</strong></span> <span class='ocrx_word' id='word_1_709' title='bbox 3223 4443 3346 4483; x_wconf 79' lang='lat' dir='ltr'><strong>cer-</strong></span> 
     </span>
    </p>
   </div>
   <div class='ocr_carea' id='block_1_92' title="bbox 108 4512 1669 4600">
    <p class='ocr_par' dir='ltr' id='par_1_92' title="bbox 108 4512 1662 4588">
     <span class='ocr_line' id='line_1_92' title="bbox 108 4512 1662 4588; baseline 0.001 -23"><span class='ocrx_word' id='word_1_710' title='bbox 108 4512 160 4565; x_wconf 80' lang='grc' dir='ltr'><strong>σὺ</strong></span> <span class='ocrx_word' id='word_1_711' title='bbox 181 4513 279 4587; x_wconf 81' lang='grc' dir='ltr'><strong>γὰρ</strong></span> <span class='ocrx_word' id='word_1_712' title='bbox 302 4516 463 4580; x_wconf 67' lang='grc' dir='ltr'><strong>αὐτὸς</strong></span> <span class='ocrx_word' id='word_1_713' title='bbox 484 4515 564 4586; x_wconf 83' lang='grc' dir='ltr'><strong>τῷ</strong></span> <span class='ocrx_word' id='word_1_714' title='bbox 592 4515 669 4588; x_wconf 80' lang='grc' dir='ltr'><strong>σῷ</strong></span> <span class='ocrx_word' id='word_1_715' title='bbox 703 4516 837 4587; x_wconf 77' lang='grc' dir='ltr'><strong>ἐλέῳ</strong></span> <span class='ocrx_word' id='word_1_716' title='bbox 866 4512 1028 4586; x_wconf 25' lang='grc' dir='ltr'><strong>τοῦτό,</strong></span> <span class='ocrx_word' id='word_1_717' title='bbox 1062 4533 1152 4585; x_wconf 88' lang='grc' dir='ltr'><strong>μοι</strong></span> <span class='ocrx_word' id='word_1_718' title='bbox 1179 4515 1454 4588; x_wconf 74' lang='grc' dir='ltr'><strong>ἐδωρήσω.</strong></span> <span class='ocrx_word' id='word_1_719' title='bbox 1489 4514 1662 4586; x_wconf 81' lang='grc' dir='ltr'><strong>Ὁρῶν</strong></span> 
     </span>
    </p>
   </div>
   <div class='ocr_carea' id='block_1_93' title="bbox 1775 4512 3345 4600">
    <p class='ocr_par' dir='ltr' id='par_1_93' title="bbox 1775 4519 3345 4591">
     <span class='ocr_line' id='line_1_93' title="bbox 1775 4519 3345 4591; baseline 0.002 -20"><span class='ocrx_word' id='word_1_720' title='bbox 1775 4531 1905 4573; x_wconf 83' lang='lat' dir='ltr'><strong>nens</strong></span> <span class='ocrx_word' id='word_1_721' title='bbox 1937 4527 2360 4591; x_wconf 85' lang='lat' dir='ltr'><strong>acccptansque,</strong></span> <span class='ocrx_word' id='word_1_722' title='bbox 2393 4531 2617 4576; x_wconf 78' lang='lat' dir='ltr'><strong>extensa</strong></span> <span class='ocrx_word' id='word_1_723' title='bbox 2648 4519 2873 4576; x_wconf 78' lang='lat' dir='ltr'><strong>dextera</strong></span> <span class='ocrx_word' id='word_1_724' title='bbox 2907 4530 3000 4576; x_wconf 89' lang='lat' dir='ltr'><strong>tua</strong></span> <span class='ocrx_word' id='word_1_725' title='bbox 3042 4535 3128 4575; x_wconf 93' lang='lat' dir='ltr'><strong>me</strong></span> <span class='ocrx_word' id='word_1_726' title='bbox 3166 4519 3345 4576; x_wconf 85' lang='lat' dir='ltr'><strong>susci-</strong></span> 
     </span>
    </p>
   </div>
   <div class='ocr_carea' id='block_1_94' title="bbox 107 4605 1660 4680">
    <p class='ocr_par' dir='ltr' id='par_1_94' title="bbox 107 4605 1660 4680">
     <span class='ocr_line' id='line_1_94' title="bbox 107 4605 1660 4680; baseline 0 -21"><span class='ocrx_word' id='word_1_727' title='bbox 107 4605 197 4676; x_wconf 78' lang='grc' dir='ltr'><strong>τάρ</strong></span> <span class='ocrx_word' id='word_1_728' title='bbox 235 4625 328 4678; x_wconf 87' lang='grc' dir='ltr'><strong>μου</strong></span> <span class='ocrx_word' id='word_1_729' title='bbox 361 4608 453 4661; x_wconf 85' lang='grc' dir='ltr'><strong>τδν</strong></span> <span class='ocrx_word' id='word_1_730' title='bbox 487 4608 613 4680; x_wconf 76' lang='grc' dir='ltr'><strong>περὶ</strong></span> <span class='ocrx_word' id='word_1_731' title='bbox 643 4609 701 4662; x_wconf 76' lang='grc' dir='ltr'><strong>οὲ</strong></span> <span class='ocrx_word' id='word_1_732' title='bbox 735 4608 899 4662; x_wconf 83' lang='grc' dir='ltr'><strong>πόθον</strong></span> <span class='ocrx_word' id='word_1_733' title='bbox 927 4608 1022 4662; x_wconf 73' lang='grc' dir='ltr'><strong>καὶ</strong></span> <span class='ocrx_word' id='word_1_734' title='bbox 1055 4608 1456 4678; x_wconf 79' lang='grc' dir='ltr'><strong>ἀποδεξάμενος</strong></span> <span class='ocrx_word' id='word_1_735' title='bbox 1478 4606 1660 4670; x_wconf 79' lang='grc' dir='ltr'><strong>αὐτὸν,</strong></span> 
     </span>
    </p>
   </div>
   <div class='ocr_carea' id='block_1_95' title="bbox 106 4697 1661 4771">
    <p class='ocr_par' dir='ltr' id='par_1_95' title="bbox 106 4697 1661 4771">
     <span class='ocr_line' id='line_1_95' title="bbox 106 4697 1661 4771; baseline 0.006 -25"><span class='ocrx_word' id='word_1_736' title='bbox 106 4697 420 4768; x_wconf 83' lang='grc' dir='ltr'><strong>κατηξίωσας</strong></span> <span class='ocrx_word' id='word_1_737' title='bbox 462 4701 561 4771; x_wconf 82' lang='grc' dir='ltr'><strong>τὴν</strong></span> <span class='ocrx_word' id='word_1_738' title='bbox 607 4700 801 4754; x_wconf 86' lang='grc' dir='ltr'><strong>σαυτοῦ</strong></span> <span class='ocrx_word' id='word_1_739' title='bbox 832 4699 1010 4767; x_wconf 80' lang='grc' dir='ltr'><strong>δεξιὰν</strong></span> <span class='ocrx_word' id='word_1_740' title='bbox 1035 4701 1284 4764; x_wconf 77' lang='grc' dir='ltr'><strong>ἐκτείνας</strong></span> <span class='ocrx_word' id='word_1_741' title='bbox 1312 4700 1661 4755; x_wconf 71' lang='grc' dir='ltr'><strong>ἐπιλαϐέσθαι</strong></span> 
     </span>
    </p>
   </div>
   <div class='ocr_carea' id='block_1_96' title="bbox 109 4791 1662 4866">
    <p class='ocr_par' dir='ltr' id='par_1_96' title="bbox 109 4791 1662 4866">
     <span class='ocr_line' id='line_1_96' title="bbox 109 4791 1662 4866; baseline 0.005 -26"><span class='ocrx_word' id='word_1_742' title='bbox 109 4803 194 4855; x_wconf 81' lang='grc' dir='ltr'><strong>μου</strong></span> <span class='ocrx_word' id='word_1_743' title='bbox 239 4792 328 4844; x_wconf 78' lang='grc' dir='ltr'><strong>καὶ</strong></span> <span class='ocrx_word' id='word_1_744' title='bbox 372 4791 664 4846; x_wconf 88' lang='grc' dir='ltr'><strong>ἀνελκῦσαι</strong></span> <span class='ocrx_word' id='word_1_745' title='bbox 698 4792 812 4847; x_wconf 81' lang='grc' dir='ltr'><strong>ἄνω</strong></span> <span class='ocrx_word' id='word_1_746' title='bbox 842 4793 980 4866; x_wconf 83' lang='grc' dir='ltr'><strong>πρὸς</strong></span> <span class='ocrx_word' id='word_1_747' title='bbox 1003 4793 1193 4846; x_wconf 78' lang='grc' dir='ltr'><strong>ἑαυτόν</strong></span> <span class='ocrx_word' id='word_1_748' title='bbox 1215 4809 1228 4824; x_wconf 87' lang='grc'>·</span> <span class='ocrx_word' id='word_1_749' title='bbox 1256 4792 1344 4846; x_wconf 81' lang='grc' dir='ltr'><strong>διὰ</strong></span> <span class='ocrx_word' id='word_1_750' title='bbox 1364 4793 1523 4847; x_wconf 89' lang='grc' dir='ltr'><strong>τοῦτο</strong></span> <span class='ocrx_word' id='word_1_751' title='bbox 1555 4793 1662 4866; x_wconf 80' lang='grc' dir='ltr'><strong>γὰρ</strong></span> 
     </span>
    </p>
   </div>
   <div class='ocr_carea' id='block_1_97' title="bbox 103 4877 1660 4958">
    <p class='ocr_par' dir='ltr' id='par_1_97' title="bbox 103 4877 1660 4958">
     <span class='ocr_line' id='line_1_97' title="bbox 103 4877 1660 4958; baseline 0.004 -26"><span class='ocrx_word' id='word_1_752' title='bbox 103 4877 357 4954; x_wconf 77' lang='grc' dir='ltr'><strong>δεδύνηται</strong></span> <span class='ocrx_word' id='word_1_753' title='bbox 389 4886 424 4956; x_wconf 82' lang='grc' dir='ltr'>ἡ</span> <span class='ocrx_word' id='word_1_754' title='bbox 448 4884 590 4958; x_wconf 80' lang='grc' dir='ltr'><strong>ψυχή</strong></span> <span class='ocrx_word' id='word_1_755' title='bbox 627 4902 728 4957; x_wconf 91' lang='grc' dir='ltr'><strong>μου</strong></span> <span class='ocrx_word' id='word_1_756' title='bbox 774 4884 877 4938; x_wconf 86' lang='grc' dir='ltr'><strong>ὑπὸ</strong></span> <span class='ocrx_word' id='word_1_757' title='bbox 906 4883 998 4938; x_wconf 88' lang='grc' dir='ltr'><strong>σοῦ</strong></span> <span class='ocrx_word' id='word_1_758' title='bbox 1036 4884 1360 4956; x_wconf 85' lang='grc' dir='ltr'><strong>βοηθηθείσα</strong></span> <span class='ocrx_word' id='word_1_759' title='bbox 1394 4885 1660 4958; x_wconf 85' lang='grc' dir='ltr'><strong>κολληθῆ-</strong></span> 
     </span>
    </p>
   </div>
   <div class='ocr_carea' id='block_1_98' title="bbox 104 4975 1662 5050">
    <p class='ocr_par' dir='ltr' id='par_1_98' title="bbox 104 4975 1662 5050">
     <span class='ocr_line' id='line_1_98' title="bbox 104 4975 1662 5050; baseline 0.004 -26"><span class='ocrx_word' id='word_1_760' title='bbox 104 4987 178 5025; x_wconf 81' lang='grc' dir='ltr'><strong>ναι</strong></span> <span class='ocrx_word' id='word_1_761' title='bbox 213 4975 378 5030; x_wconf 82' lang='grc' dir='ltr'><strong>ὀπίσω</strong></span> <span class='ocrx_word' id='word_1_762' title='bbox 405 4995 498 5031; x_wconf 86' lang='grc' dir='ltr'><strong>σου</strong></span> <span class='ocrx_word' id='word_1_763' title='bbox 517 4995 530 5008; x_wconf 72' lang='grc'><strong><em>⁸</em></strong></span> <span class='ocrx_word' id='word_1_764' title='bbox 567 4978 863 5050; x_wconf 79' lang='grc' dir='ltr'><strong>ἐπειδήπερ</strong></span> <span class='ocrx_word' id='word_1_765' title='bbox 897 4997 915 5028; x_wconf 88' lang='grc'><strong>‹</strong></span> <span class='ocrx_word' id='word_1_766' title='bbox 953 4975 1089 5048; x_wconf 77' lang='grc' dir='ltr'><strong>ἐμοῦ</strong></span> <span class='ocrx_word' id='word_1_767' title='bbox 1116 4977 1439 5031; x_wconf 83' lang='grc' dir='ltr'><strong>ἀντελάϐετο</strong></span> <span class='ocrx_word' id='word_1_768' title='bbox 1459 4979 1492 5049; x_wconf 79' lang='grc' dir='ltr'><strong>ἡ</strong></span> <span class='ocrx_word' id='word_1_769' title='bbox 1512 4977 1662 5044; x_wconf 84' lang='grc' dir='ltr'><strong>δεξιὰ</strong></span> 
     </span>
    </p>
   </div>
   <div class='ocr_carea' id='block_1_99' title="bbox 107 5067 1657 5140">
    <p class='ocr_par' dir='ltr' id='par_1_99' title="bbox 107 5067 1657 5140">
     <span class='ocr_line' id='line_1_99' title="bbox 107 5067 1657 5140; baseline 0.005 -26"><span class='ocrx_word' id='word_1_770' title='bbox 107 5078 202 5118; x_wconf 82' lang='grc' dir='ltr'><strong>σου.</strong></span> <span class='ocrx_word' id='word_1_771' title='bbox 245 5085 262 5117; x_wconf 76' lang='grc' dir='ltr'><strong>ι</strong></span> <span class='ocrx_word' id='word_1_772' title='bbox 291 5068 363 5120; x_wconf 81' lang='grc' dir='ltr'><strong>Οῦ</strong></span> <span class='ocrx_word' id='word_1_773' title='bbox 395 5067 504 5140; x_wconf 85' lang='grc' dir='ltr'><strong>γὰρ</strong></span> <span class='ocrx_word' id='word_1_774' title='bbox 547 5068 612 5122; x_wconf 87' lang='grc' dir='ltr'><strong>ἂν</strong></span> <span class='ocrx_word' id='word_1_775' title='bbox 669 5068 844 5132; x_wconf 81' lang='grc' dir='ltr'><strong>ἄλλως</strong></span> <span class='ocrx_word' id='word_1_776' title='bbox 891 5068 1226 5140; x_wconf 72' lang='grc' dir='ltr'><strong>ἐφικνούμην</strong></span> <span class='ocrx_word' id='word_1_777' title='bbox 1266 5068 1361 5122; x_wconf 90' lang='grc' dir='ltr'><strong>τοῦ</strong></span> <span class='ocrx_word' id='word_1_778' title='bbox 1403 5068 1657 5122; x_wconf 75' lang='grc' dir='ltr'><strong>τοσούτου</strong></span> 
     </span>
    </p>
   </div>
   <div class='ocr_carea' id='block_1_100' title="bbox 106 5153 1657 5233">
    <p class='ocr_par' dir='ltr' id='par_1_100' title="bbox 106 5153 1657 5233">
     <span class='ocr_line' id='line_1_100' title="bbox 106 5153 1657 5233; baseline 0.002 -20"><span class='ocrx_word' id='word_1_779' title='bbox 106 5153 267 5222; x_wconf 59' lang='grc' dir='ltr'><strong>ὖᾷους,</strong></span> <span class='ocrx_word' id='word_1_780' title='bbox 313 5161 360 5212; x_wconf 84' lang='grc' dir='ltr'><strong>εἰ</strong></span> <span class='ocrx_word' id='word_1_781' title='bbox 396 5161 471 5233; x_wconf 81' lang='grc' dir='ltr'><strong>μὴ</strong></span> <span class='ocrx_word' id='word_1_782' title='bbox 510 5161 831 5217; x_wconf 78' lang='grc' dir='ltr'><strong>ἀντελάϐετό</strong></span> <span class='ocrx_word' id='word_1_783' title='bbox 861 5179 969 5232; x_wconf 84' lang='grc' dir='ltr'><strong>μου</strong></span> <span class='ocrx_word' id='word_1_784' title='bbox 1001 5163 1035 5233; x_wconf 89' lang='grc' dir='ltr'><strong>ή</strong></span> <span class='ocrx_word' id='word_1_785' title='bbox 1065 5159 1216 5226; x_wconf 83' lang='grc' dir='ltr'><strong>δεξιά</strong></span> <span class='ocrx_word' id='word_1_786' title='bbox 1260 5179 1374 5215; x_wconf 88' lang='grc' dir='ltr'><strong>σου.</strong></span> <span class='ocrx_word' id='word_1_787' title='bbox 1406 5161 1657 5216; x_wconf 81' lang='grc' dir='ltr'><strong>Διδάσκει</strong></span> 
     </span>
    </p>
   </div>
   <div class='ocr_carea' id='block_1_101' title="bbox 103 5244 1653 5326">
    <p class='ocr_par' dir='ltr' id='par_1_101' title="bbox 103 5244 1653 5326">
     <span class='ocr_line' id='line_1_101' title="bbox 103 5244 1653 5326; baseline 0.03 -29"><span class='ocrx_word' id='word_1_788' title='bbox 103 5244 148 5296; x_wconf 79' lang='grc' dir='ltr'><strong>δὲ</strong></span> <span class='ocrx_word' id='word_1_789' title='bbox 185 5250 211 5301; x_wconf 81' lang='grc' dir='ltr'>ὁ</span> <span class='ocrx_word' id='word_1_790' title='bbox 235 5251 548 5318; x_wconf 82' lang='grc' dir='ltr'><strong>Ἀπόστολος</strong></span> <span class='ocrx_word' id='word_1_791' title='bbox 568 5254 686 5318; x_wconf 84' lang='grc' dir='ltr'><strong>πῶς</strong></span> <span class='ocrx_word' id='word_1_792' title='bbox 722 5273 807 5318; x_wconf 80' lang='grc' dir='ltr'><strong>τις</strong></span> <span class='ocrx_word' id='word_1_793' title='bbox 840 5254 1094 5307; x_wconf 70' lang='grc' dir='ltr'><strong>κολλᾶται</strong></span> <span class='ocrx_word' id='word_1_794' title='bbox 1119 5253 1194 5324; x_wconf 74' lang='grc' dir='ltr'>τῷ</span> <span class='ocrx_word' id='word_1_795' title='bbox 1220 5255 1432 5326; x_wconf 68' lang='grc' dir='ltr'><strong>Κυρίῳν</strong></span> <span class='ocrx_word' id='word_1_796' title='bbox 1459 5253 1653 5323; x_wconf 68' lang='grc' dir='ltr'><strong>λέγων’</strong></span> 
     </span>
    </p>
   </div>
   <div class='ocr_carea' id='block_1_102' title="bbox 111 5337 1657 5418">
    <p class='ocr_par' dir='ltr' id='par_1_102' title="bbox 111 5337 1657 5418">
     <span class='ocr_line' id='line_1_102' title="bbox 111 5337 1657 5418; baseline 0.005 -26"><span class='ocrx_word' id='word_1_797' title='bbox 111 5354 125 5382; x_wconf 73' lang='grc' dir='ltr'><strong>ι</strong></span> <span class='ocrx_word' id='word_1_798' title='bbox 165 5337 217 5392; x_wconf 83' lang='lat' dir='ltr'><strong>&#39;t)</strong></span> <span class='ocrx_word' id='word_1_799' title='bbox 247 5343 574 5417; x_wconf 78' lang='grc' dir='ltr'><strong>κολλώμενος</strong></span> <span class='ocrx_word' id='word_1_800' title='bbox 598 5347 675 5417; x_wconf 82' lang='grc' dir='ltr'><strong>τῷ</strong></span> <span class='ocrx_word' id='word_1_801' title='bbox 705 5347 895 5418; x_wconf 84' lang='grc' dir='ltr'><strong>Κυρίῳ</strong></span> <span class='ocrx_word' id='word_1_802' title='bbox 923 5347 981 5398; x_wconf 85' lang='grc' dir='ltr'><strong>ἓν</strong></span> <span class='ocrx_word' id='word_1_803' title='bbox 1008 5345 1225 5418; x_wconf 86' lang='grc' dir='ltr'><strong>πνεῦμά</strong></span> <span class='ocrx_word' id='word_1_804' title='bbox 1254 5347 1428 5400; x_wconf 79' lang='grc' dir='ltr'><strong>ἐστιν’</strong></span> <span class='ocrx_word' id='word_1_805' title='bbox 1465 5346 1540 5410; x_wconf 84' lang='grc' dir='ltr'><strong>ὡς</strong></span> <span class='ocrx_word' id='word_1_806' title='bbox 1563 5346 1657 5400; x_wconf 77' lang='grc' dir='ltr'><strong>κα).</strong></span> 
     </span>
    </p>
   </div>
   <div class='ocr_carea' id='block_1_103' title="bbox 105 5427 1658 5513">
    <p class='ocr_par' dir='ltr' id='par_1_103' title="bbox 105 5427 1658 5513">
     <span class='ocr_line' id='line_1_103' title="bbox 105 5427 1658 5513; baseline 0.006 -32"><span class='ocrx_word' id='word_1_807' title='bbox 105 5427 478 5506; x_wconf 82' lang='grc' dir='ltr'><strong>ὀκολλώμενος</strong></span> <span class='ocrx_word' id='word_1_808' title='bbox 516 5441 584 5511; x_wconf 80' lang='grc' dir='ltr'><strong>τῇ</strong></span> <span class='ocrx_word' id='word_1_809' title='bbox 624 5437 798 5513; x_wconf 82' lang='grc' dir='ltr'><strong>πόρνῃ</strong></span> <span class='ocrx_word' id='word_1_810' title='bbox 829 5437 885 5491; x_wconf 83' lang='grc' dir='ltr'><strong>ἓν</strong></span> <span class='ocrx_word' id='word_1_811' title='bbox 927 5437 1087 5509; x_wconf 83' lang='grc' dir='ltr'><strong>σῶμά</strong></span> <span class='ocrx_word' id='word_1_812' title='bbox 1110 5439 1248 5492; x_wconf 78' lang='grc' dir='ltr'><strong>ἐστι.</strong></span> <span class='ocrx_word' id='word_1_813' title='bbox 1301 5457 1319 5490; x_wconf 71' lang='grc' dir='ltr'><strong>ι</strong></span> <span class='ocrx_word' id='word_1_814' title='bbox 1363 5438 1554 5508; x_wconf 80' lang='grc' dir='ltr'><strong>Λέγων</strong></span> <span class='ocrx_word' id='word_1_815' title='bbox 1600 5438 1658 5491; x_wconf 83' lang='grc' dir='ltr'><strong>δὲ</strong></span> 
     </span>
    </p>
   </div>
   <div class='ocr_carea' id='block_1_104' title="bbox 1772 4611 3342 4683">
    <p class='ocr_par' dir='ltr' id='par_1_104' title="bbox 1772 4611 3342 4683">
     <span class='ocr_line' id='line_1_104' title="bbox 1772 4611 3342 4683; baseline 0 -18"><span class='ocrx_word' id='word_1_816' title='bbox 1772 4625 1921 4679; x_wconf 89' lang='lat' dir='ltr'><strong>pere,</strong></span> <span class='ocrx_word' id='word_1_817' title='bbox 1951 4625 2281 4682; x_wconf 90' lang='lat' dir='ltr'><strong>sursumque</strong></span> <span class='ocrx_word' id='word_1_818' title='bbox 2310 4612 2528 4667; x_wconf 76' lang='lat' dir='ltr'><strong>trahere</strong></span> <span class='ocrx_word' id='word_1_819' title='bbox 2556 4611 2811 4683; x_wconf 85' lang='lat' dir='ltr'><strong>dignatus</strong></span> <span class='ocrx_word' id='word_1_820' title='bbox 2843 4628 2903 4666; x_wconf 84' lang='lat' dir='ltr'><strong>es</strong></span> <span class='ocrx_word' id='word_1_821' title='bbox 2926 4631 2941 4676; x_wconf 83' lang='lat'><strong>;</strong></span> <span class='ocrx_word' id='word_1_822' title='bbox 2967 4611 3199 4680; x_wconf 86' lang='lat' dir='ltr'><strong>ideoque</strong></span> <span class='ocrx_word' id='word_1_823' title='bbox 3221 4612 3342 4665; x_wconf 88' lang='lat' dir='ltr'><strong>ani-</strong></span> 
     </span>
    </p>
   </div>
   <div class='ocr_carea' id='block_1_105' title="bbox 1769 4703 3344 4774">
    <p class='ocr_par' dir='ltr' id='par_1_105' title="bbox 1769 4703 3344 4774">
     <span class='ocr_line' id='line_1_105' title="bbox 1769 4703 3344 4774; baseline 0.002 -20"><span class='ocrx_word' id='word_1_824' title='bbox 1769 4715 1856 4755; x_wconf 90' lang='lat' dir='ltr'><strong>ma</strong></span> <span class='ocrx_word' id='word_1_825' title='bbox 1893 4717 2034 4770; x_wconf 89' lang='lat' dir='ltr'><strong>mea,</strong></span> <span class='ocrx_word' id='word_1_826' title='bbox 2065 4714 2117 4758; x_wconf 92' lang='lat' dir='ltr'><strong>te</strong></span> <span class='ocrx_word' id='word_1_827' title='bbox 2151 4704 2478 4774; x_wconf 87' lang='lat' dir='ltr'><strong>opitulante,</strong></span> <span class='ocrx_word' id='word_1_828' title='bbox 2516 4703 2797 4760; x_wconf 60' lang='lat' dir='ltr'><strong>adhaerere</strong></span> <span class='ocrx_word' id='word_1_829' title='bbox 2826 4705 2922 4758; x_wconf 88' lang='lat' dir='ltr'><strong>tibi</strong></span> <span class='ocrx_word' id='word_1_830' title='bbox 2956 4704 3174 4774; x_wconf 91' lang='lat' dir='ltr'><strong>potuit:</strong></span> <span class='ocrx_word' id='word_1_831' title='bbox 3204 4717 3344 4771; x_wconf 90' lang='lat' dir='ltr'><strong>quo-</strong></span> 
     </span>
    </p>
   </div>
   <div class='ocr_carea' id='block_1_106' title="bbox 1768 4779 3344 4868">
    <p class='ocr_par' dir='ltr' id='par_1_106' title="bbox 1768 4779 3344 4868">
     <span class='ocr_line' id='line_1_106' title="bbox 1768 4779 3344 4868; baseline 0 -21"><span class='ocrx_word' id='word_1_832' title='bbox 1768 4793 1914 4848; x_wconf 91' lang='lat' dir='ltr'><strong>niam</strong></span> <span class='ocrx_word' id='word_1_833' title='bbox 1955 4813 1974 4844; x_wconf 79' lang='grc' dir='ltr'><strong>ι</strong></span> <span class='ocrx_word' id='word_1_834' title='bbox 2015 4811 2103 4848; x_wconf 85' lang='lat' dir='ltr'><strong>me</strong></span> <span class='ocrx_word' id='word_1_835' title='bbox 2131 4779 2374 4868; x_wconf 88' lang='lat' dir='ltr'><strong>suscepit</strong></span> <span class='ocrx_word' id='word_1_836' title='bbox 2401 4797 2625 4853; x_wconf 82' lang='lat' dir='ltr'><strong>dextera</strong></span> <span class='ocrx_word' id='word_1_837' title='bbox 2660 4804 2773 4852; x_wconf 89' lang='lat' dir='ltr'><strong>tua.</strong></span> <span class='ocrx_word' id='word_1_838' title='bbox 2811 4814 2832 4849; x_wconf 72' lang='grc' dir='ltr'><strong>ι</strong></span> <span class='ocrx_word' id='word_1_839' title='bbox 2875 4794 2992 4850; x_wconf 83' lang='grc' dir='ltr'><strong>Νοη</strong></span> <span class='ocrx_word' id='word_1_840' title='bbox 3029 4794 3172 4849; x_wconf 89' lang='lat' dir='ltr'><strong>enim</strong></span> <span class='ocrx_word' id='word_1_841' title='bbox 3219 4801 3344 4848; x_wconf 88' lang='lat' dir='ltr'><strong>tan-</strong></span> 
     </span>
    </p>
   </div>
   <div class='ocr_carea' id='block_1_107' title="bbox 1765 4884 3343 4959">
    <p class='ocr_par' dir='ltr' id='par_1_107' title="bbox 1765 4884 3343 4959">
     <span class='ocr_line' id='line_1_107' title="bbox 1765 4884 3343 4959; baseline 0 -21"><span class='ocrx_word' id='word_1_842' title='bbox 1765 4891 1877 4940; x_wconf 89' lang='lat' dir='ltr'><strong>tam</strong></span> <span class='ocrx_word' id='word_1_843' title='bbox 1922 4887 2318 4943; x_wconf 86' lang='lat' dir='ltr'><strong>sublimitatem</strong></span> <span class='ocrx_word' id='word_1_844' title='bbox 2368 4888 2698 4959; x_wconf 82' lang='lat' dir='ltr'><strong>attigissem,</strong></span> <span class='ocrx_word' id='word_1_845' title='bbox 2744 4885 2971 4942; x_wconf 90' lang='lat' dir='ltr'><strong>nisime</strong></span> <span class='ocrx_word' id='word_1_846' title='bbox 3001 4884 3343 4955; x_wconf 82' lang='lat' dir='ltr'><strong>suscepisset</strong></span> 
     </span>
    </p>
   </div>
   <div class='ocr_carea' id='block_1_108' title="bbox 1765 4976 3342 5050">
    <p class='ocr_par' dir='ltr' id='par_1_108' title="bbox 1765 4976 3342 5050">
     <span class='ocr_line' id='line_1_108' title="bbox 1765 4976 3342 5050; baseline -0.001 -17"><span class='ocrx_word' id='word_1_847' title='bbox 1765 4977 1990 5034; x_wconf 72' lang='lat' dir='ltr'><strong>dextera</strong></span> <span class='ocrx_word' id='word_1_848' title='bbox 2013 4987 2123 5034; x_wconf 88' lang='lat' dir='ltr'><strong>tua.</strong></span> <span class='ocrx_word' id='word_1_849' title='bbox 2155 4979 2324 5037; x_wconf 88' lang='lat' dir='ltr'><strong>Docet</strong></span> <span class='ocrx_word' id='word_1_850' title='bbox 2351 4996 2514 5050; x_wconf 85' lang='lat' dir='ltr'><strong>porro</strong></span> <span class='ocrx_word' id='word_1_851' title='bbox 2547 4979 2845 5050; x_wconf 87' lang='lat' dir='ltr'><strong>Apostolus</strong></span> <span class='ocrx_word' id='word_1_852' title='bbox 2871 4992 2980 5048; x_wconf 94' lang='lat' dir='ltr'><strong>quo</strong></span> <span class='ocrx_word' id='word_1_853' title='bbox 3007 4983 3170 5047; x_wconf 92' lang='lat' dir='ltr'><strong>pacto</strong></span> <span class='ocrx_word' id='word_1_854' title='bbox 3218 4976 3342 5046; x_wconf 84' lang='lat' dir='ltr'><strong>quis</strong></span> 
     </span>
    </p>
   </div>
   <div class='ocr_carea' id='block_1_109' title="bbox 1765 5067 3340 5137">
    <p class='ocr_par' dir='ltr' id='par_1_109' title="bbox 1765 5067 3340 5137">
     <span class='ocr_line' id='line_1_109' title="bbox 1765 5067 3340 5137; baseline -0.002 -12"><span class='ocrx_word' id='word_1_855' title='bbox 1765 5070 1996 5128; x_wconf 91' lang='lat' dir='ltr'><strong>Domino</strong></span> <span class='ocrx_word' id='word_1_856' title='bbox 2045 5073 2267 5137; x_wconf 66' lang='lat' dir='ltr'><strong>haereat,</strong></span> <span class='ocrx_word' id='word_1_857' title='bbox 2327 5075 2412 5129; x_wconf 88' lang='lat' dir='ltr'><strong>his</strong></span> <span class='ocrx_word' id='word_1_858' title='bbox 2461 5072 2686 5129; x_wconf 86' lang='lat' dir='ltr'><strong>verbis:</strong></span> <span class='ocrx_word' id='word_1_859' title='bbox 2727 5091 2746 5124; x_wconf 85' lang='grc' dir='ltr'><strong>ι</strong></span> <span class='ocrx_word' id='word_1_860' title='bbox 2787 5068 2890 5137; x_wconf 86' lang='lat' dir='ltr'><strong>Qui</strong></span> <span class='ocrx_word' id='word_1_861' title='bbox 2945 5069 3186 5124; x_wconf 66' lang='lat' dir='ltr'><strong>adhaeret</strong></span> <span class='ocrx_word' id='word_1_862' title='bbox 3237 5067 3340 5122; x_wconf 52' lang='lat' dir='ltr'><strong>Do-</strong></span> 
     </span>
    </p>
   </div>
   <div class='ocr_carea' id='block_1_110' title="bbox 1763 5161 3338 5237">
    <p class='ocr_par' dir='ltr' id='par_1_110' title="bbox 1763 5161 3338 5237">
     <span class='ocr_line' id='line_1_110' title="bbox 1763 5161 3338 5237; baseline -0.004 -17"><span class='ocrx_word' id='word_1_863' title='bbox 1763 5164 1936 5230; x_wconf 90' lang='lat' dir='ltr'><strong>mino,</strong></span> <span class='ocrx_word' id='word_1_864' title='bbox 1973 5182 2115 5222; x_wconf 91' lang='lat' dir='ltr'><strong>unus</strong></span> <span class='ocrx_word' id='word_1_865' title='bbox 2146 5167 2376 5237; x_wconf 89' lang='lat' dir='ltr'><strong>spiritus</strong></span> <span class='ocrx_word' id='word_1_866' title='bbox 2406 5173 2511 5232; x_wconf 91' lang='lat' dir='ltr'><strong>est,</strong></span> <span class='ocrx_word' id='word_1_867' title='bbox 2547 5162 3005 5236; x_wconf 85' lang='lat' dir='ltr'><strong>quemadmodum</strong></span> <span class='ocrx_word' id='word_1_868' title='bbox 3035 5161 3125 5230; x_wconf 64' lang='grc' dir='ltr'><strong>(τιιί</strong></span> <span class='ocrx_word' id='word_1_869' title='bbox 3157 5161 3338 5214; x_wconf 49' lang='lat' dir='ltr'><strong>adhue.</strong></span> 
     </span>
    </p>
   </div>
   <div class='ocr_carea' id='block_1_111' title="bbox 1763 5249 3336 5327">
    <p class='ocr_par' dir='ltr' id='par_1_111' title="bbox 1763 5249 3336 5327">
     <span class='ocr_line' id='line_1_111' title="bbox 1763 5249 3336 5327; baseline -0.003 -16"><span class='ocrx_word' id='word_1_870' title='bbox 1763 5265 1847 5312; x_wconf 88' lang='lat' dir='ltr'><strong>ret</strong></span> <span class='ocrx_word' id='word_1_871' title='bbox 1879 5260 2177 5325; x_wconf 89' lang='lat' dir='ltr'><strong>meretrici,</strong></span> <span class='ocrx_word' id='word_1_872' title='bbox 2206 5273 2373 5312; x_wconf 91' lang='lat' dir='ltr'><strong>unum</strong></span> <span class='ocrx_word' id='word_1_873' title='bbox 2407 5271 2611 5327; x_wconf 91' lang='lat' dir='ltr'><strong>corpus</strong></span> <span class='ocrx_word' id='word_1_874' title='bbox 2645 5255 2816 5312; x_wconf 81' lang='lat' dir='ltr'><strong>est&quot;.</strong></span> <span class='ocrx_word' id='word_1_875' title='bbox 2854 5273 2874 5307; x_wconf 74' lang='grc' dir='ltr'><strong>ι</strong></span> <span class='ocrx_word' id='word_1_876' title='bbox 2913 5255 3049 5310; x_wconf 89' lang='lat' dir='ltr'><strong>Cum</strong></span> <span class='ocrx_word' id='word_1_877' title='bbox 3074 5267 3205 5323; x_wconf 87' lang='lat' dir='ltr'><strong>ergo</strong></span> <span class='ocrx_word' id='word_1_878' title='bbox 3232 5249 3336 5306; x_wconf 83' lang='lat' dir='ltr'><strong>Da-</strong></span> 
     </span>
    </p>
   </div>
   <div class='ocr_carea' id='block_1_112' title="bbox 1762 5347 3330 5417">
    <p class='ocr_par' dir='ltr' id='par_1_112' title="bbox 1762 5347 3330 5417">
     <span class='ocr_line' id='line_1_112' title="bbox 1762 5347 3330 5417; baseline -0.005 -13"><span class='ocrx_word' id='word_1_879' title='bbox 1762 5349 1854 5404; x_wconf 90' lang='lat' dir='ltr'><strong>vid</strong></span> <span class='ocrx_word' id='word_1_880' title='bbox 1883 5350 2115 5406; x_wconf 91' lang='lat' dir='ltr'><strong>Domino</strong></span> <span class='ocrx_word' id='word_1_881' title='bbox 2141 5352 2368 5414; x_wconf 89' lang='lat' dir='ltr'><strong>diceret,</strong></span> <span class='ocrx_word' id='word_1_882' title='bbox 2400 5368 2418 5400; x_wconf 81' lang='grc' dir='ltr'><strong>ι</strong></span> <span class='ocrx_word' id='word_1_883' title='bbox 2447 5349 2689 5405; x_wconf 73' lang='lat' dir='ltr'><strong>Adhaesit</strong></span> <span class='ocrx_word' id='word_1_884' title='bbox 2711 5347 2892 5402; x_wconf 89' lang='lat' dir='ltr'><strong>anima</strong></span> <span class='ocrx_word' id='word_1_885' title='bbox 2915 5362 3034 5402; x_wconf 87' lang='lat' dir='ltr'><strong>mea</strong></span> <span class='ocrx_word' id='word_1_886' title='bbox 3068 5353 3190 5417; x_wconf 89' lang='lat' dir='ltr'><strong>post</strong></span> <span class='ocrx_word' id='word_1_887' title='bbox 3205 5352 3278 5410; x_wconf 91' lang='lat' dir='ltr'><strong>te,</strong></span> <span class='ocrx_word' id='word_1_888' title='bbox 3311 5363 3330 5396; x_wconf 86' lang='grc'>›</span> 
     </span>
    </p>
   </div>
   <div class='ocr_carea' id='block_1_113' title="bbox 1763 5435 3258 5511">
    <p class='ocr_par' dir='ltr' id='par_1_113' title="bbox 1763 5435 3258 5511">
     <span class='ocr_line' id='line_1_113' title="bbox 1763 5435 3258 5511; baseline -0.008 -14"><span class='ocrx_word' id='word_1_889' title='bbox 1763 5441 1894 5498; x_wconf 87' lang='lat' dir='ltr'><strong>hinc</strong></span> <span class='ocrx_word' id='word_1_890' title='bbox 1915 5457 1977 5497; x_wconf 86' lang='lat' dir='ltr'><strong>se</strong></span> <span class='ocrx_word' id='word_1_891' title='bbox 2009 5442 2250 5497; x_wconf 89' lang='lat' dir='ltr'><strong>castitati</strong></span> <span class='ocrx_word' id='word_1_892' title='bbox 2279 5439 2615 5511; x_wconf 84' lang='lat' dir='ltr'><strong>puritatique</strong></span> <span class='ocrx_word' id='word_1_893' title='bbox 2647 5438 2888 5492; x_wconf 88' lang='lat' dir='ltr'><strong>deditum</strong></span> <span class='ocrx_word' id='word_1_894' title='bbox 2921 5435 3258 5491; x_wconf 78' lang='lat' dir='ltr'><strong>declarabat.</strong></span> 
     </span>
    </p>
   </div>
   <div class='ocr_carea' id='block_1_114' title="bbox 108 5523 3329 5605">
    <p class='ocr_par' dir='ltr' id='par_1_114' title="bbox 108 5523 3329 5605">
     <span class='ocr_line' id='line_1_114' title="bbox 108 5523 3329 5605; baseline 0.002 -32"><span class='ocrx_word' id='word_1_895' title='bbox 108 5523 247 5579; x_wconf 59' lang='lat' dir='ltr'><strong>una</strong></span> <span class='ocrx_word' id='word_1_896' title='bbox 288 5529 364 5599; x_wconf 83' lang='grc' dir='ltr'><strong>τῷ</strong></span> <span class='ocrx_word' id='word_1_897' title='bbox 411 5531 626 5604; x_wconf 77' lang='grc' dir='ltr'><strong>Κυρίῳο</strong></span> <span class='ocrx_word' id='word_1_898' title='bbox 683 5551 702 5585; x_wconf 80' lang='grc' dir='ltr'><strong>ι</strong></span> <span class='ocrx_word' id='word_1_899' title='bbox 742 5531 1036 5604; x_wconf 81' lang='grc' dir='ltr'><strong>Ἐκολλήθη</strong></span> <span class='ocrx_word' id='word_1_900' title='bbox 1069 5530 1275 5603; x_wconf 72' lang='grc' dir='ltr'>ἡψυχὴ</span> <span class='ocrx_word' id='word_1_901' title='bbox 1325 5548 1426 5603; x_wconf 92' lang='grc' dir='ltr'><strong>μου</strong></span> <span class='ocrx_word' id='word_1_902' title='bbox 1482 5529 1654 5584; x_wconf 85' lang='grc' dir='ltr'><strong>ὀπίσω</strong></span> <span class='ocrx_word' id='word_1_903' title='bbox 1692 5549 1810 5602; x_wconf 88' lang='grc' dir='ltr'><strong>σου,</strong></span> <span class='ocrx_word' id='word_1_904' title='bbox 1839 5531 1999 5604; x_wconf 83' lang='grc' dir='ltr'><strong>δῆλος</strong></span> <span class='ocrx_word' id='word_1_905' title='bbox 2047 5527 2115 5605; x_wconf 77' lang='grc' dir='ltr'><strong>ἦν</strong></span> <span class='ocrx_word' id='word_1_906' title='bbox 2148 5531 2241 5585; x_wconf 80' lang='grc' dir='ltr'><strong>καὶ</strong></span> <span class='ocrx_word' id='word_1_907' title='bbox 2271 5533 2336 5583; x_wconf 85' lang='grc' dir='ltr'><strong>ὲκ</strong></span> <span class='ocrx_word' id='word_1_908' title='bbox 2374 5528 2562 5583; x_wconf 87' lang='grc' dir='ltr'><strong>τούτου</strong></span> <span class='ocrx_word' id='word_1_909' title='bbox 2624 5527 2818 5599; x_wconf 82' lang='grc' dir='ltr'><strong>ἁγνείᾳ</strong></span> <span class='ocrx_word' id='word_1_910' title='bbox 2845 5530 2941 5582; x_wconf 78' lang='grc' dir='ltr'><strong>καὶ</strong></span> <span class='ocrx_word' id='word_1_911' title='bbox 3003 5524 3329 5601; x_wconf 71' lang='grc' dir='ltr'><strong>καθαρότητι</strong></span> 
     </span>
    </p>
   </div>
   <div class='ocr_carea' id='block_1_115' title="bbox 166 5617 375 5676">
    <p class='ocr_par' dir='ltr' id='par_1_115' title="bbox 166 5617 375 5676">
     <span class='ocr_line' id='line_1_115' title="bbox 166 5617 375 5676; baseline 0.033 -7"><span class='ocrx_word' id='word_1_912' title='bbox 166 5617 375 5676; x_wconf 79' lang='grc' dir='ltr'><strong>ολάζων.</strong></span> 
     </span>
    </p>
   </div>
   <div class='ocr_carea' id='block_1_116' title="bbox 110 5631 1638 5787">
    <p class='ocr_par' dir='ltr' id='par_1_116' title="bbox 110 5631 1638 5787">
     <span class='ocr_line' id='line_1_116' title="bbox 166 5631 375 5676; baseline 0.033 -7"><span class='ocrx_word' id='word_1_913' title='bbox 166 5631 375 5676; x_wconf 62' lang='grc' dir='ltr'><strong>ολιΐων.</strong></span> 
     </span>
     <span class='ocr_line' id='line_1_117' title="bbox 110 5631 1638 5787; baseline 0.017 -24"><span class='ocrx_word' id='word_1_914' title='bbox 110 5631 191 5758; x_wconf 57' lang='lat' dir='ltr'><strong>cxi</strong></span> <span class='ocrx_word' id='word_1_915' title='bbox 215 5657 370 5766; x_wconf 62' lang='grc' dir='ltr'><strong>Δύτοὶ</strong></span> <span class='ocrx_word' id='word_1_916' title='bbox 399 5713 457 5768; x_wconf 80' lang='grc' dir='ltr'><strong>δὲ</strong></span> <span class='ocrx_word' id='word_1_917' title='bbox 489 5715 568 5779; x_wconf 85' lang='grc' dir='ltr'><strong>είς</strong></span> <span class='ocrx_word' id='word_1_918' title='bbox 599 5715 771 5787; x_wconf 83' lang='grc' dir='ltr'><strong>μάτην</strong></span> <span class='ocrx_word' id='word_1_919' title='bbox 815 5713 1088 5786; x_wconf 74' lang='grc' dir='ltr'><strong>ἐζήτησαν</strong></span> <span class='ocrx_word' id='word_1_920' title='bbox 1121 5713 1219 5785; x_wconf 74' lang='grc' dir='ltr'><strong>τὴν</strong></span> <span class='ocrx_word' id='word_1_921' title='bbox 1245 5714 1424 5785; x_wconf 73' lang='grc' dir='ltr'><strong>ψυχήν</strong></span> <span class='ocrx_word' id='word_1_922' title='bbox 1460 5731 1557 5786; x_wconf 74' lang='grc' dir='ltr'><strong>μθ-</strong></span> <span class='ocrx_word' id='word_1_923' title='bbox 1621 5731 1638 5766; x_wconf 81' lang='grc'><strong><em>⁵</em></strong></span> 
     </span>
    </p>
   </div>
   <div class='ocr_carea' id='block_1_117' title="bbox 1823 5706 3335 5781">
    <p class='ocr_par' dir='ltr' id='par_1_117' title="bbox 1823 5706 3335 5781">
     <span class='ocr_line' id='line_1_118' title="bbox 1823 5706 3335 5781; baseline 0 -17"><span class='ocrx_word' id='word_1_924' title='bbox 1823 5708 1989 5766; x_wconf 76' lang='lat' dir='ltr'><strong>Vsus.</strong></span> <span class='ocrx_word' id='word_1_925' title='bbox 2021 5709 2193 5766; x_wconf 66' lang='grc' dir='ltr'><strong>ιο-ιε.</strong></span> <span class='ocrx_word' id='word_1_926' title='bbox 2227 5729 2244 5762; x_wconf 79' lang='grc' dir='ltr'><strong>ι</strong></span> <span class='ocrx_word' id='word_1_927' title='bbox 2279 5707 2386 5780; x_wconf 88' lang='lat' dir='ltr'><strong>Ipsi</strong></span> <span class='ocrx_word' id='word_1_928' title='bbox 2417 5722 2542 5765; x_wconf 80' lang='lat' dir='ltr'><strong>vero</strong></span> <span class='ocrx_word' id='word_1_929' title='bbox 2574 5709 2628 5762; x_wconf 91' lang='lat' dir='ltr'><strong>in</strong></span> <span class='ocrx_word' id='word_1_930' title='bbox 2647 5721 2846 5762; x_wconf 82' lang='lat' dir='ltr'><strong>vanum</strong></span> <span class='ocrx_word' id='word_1_931' title='bbox 2867 5706 3335 5781; x_wconf 68' lang='lat' dir='ltr'><strong>quaasieruntaniu</strong></span> 
     </span>
    </p>
   </div>
   <div class='ocr_carea' id='block_1_118' title="bbox 199 5825 1908 5896">
    <p class='ocr_par' dir='ltr' id='par_1_118' title="bbox 199 5825 1908 5896">
     <span class='ocr_line' id='line_1_119' title="bbox 199 5825 1908 5896; baseline 0.004 -18"><span class='ocrx_word' id='word_1_932' title='bbox 199 5825 240 5858; x_wconf 82' lang='lat'>&quot;</span> <span class='ocrx_word' id='word_1_933' title='bbox 279 5825 464 5883; x_wconf 73' lang='lat' dir='ltr'><strong>Matth.</strong></span> <span class='ocrx_word' id='word_1_934' title='bbox 509 5844 677 5896; x_wconf 79' lang='lat' dir='ltr'><strong>.xxtv,</strong></span> <span class='ocrx_word' id='word_1_935' title='bbox 711 5830 794 5884; x_wconf 73' lang='grc' dir='ltr'><strong>4-ι.</strong></span> <span class='ocrx_word' id='word_1_936' title='bbox 874 5829 920 5863; x_wconf 76' lang='grc' dir='ltr'><strong>³ο</strong></span> <span class='ocrx_word' id='word_1_937' title='bbox 959 5828 1088 5883; x_wconf 89' lang='lat' dir='ltr'><strong>ibid.</strong></span> <span class='ocrx_word' id='word_1_938' title='bbox 1125 5828 1213 5882; x_wconf 69' lang='grc'><strong>45.</strong></span> <span class='ocrx_word' id='word_1_939' title='bbox 1291 5828 1336 5860; x_wconf 75' lang='grc'><strong>⁸⁸</strong></span> <span class='ocrx_word' id='word_1_940' title='bbox 1379 5827 1397 5881; x_wconf 88' lang='grc'><strong>1</strong></span> <span class='ocrx_word' id='word_1_941' title='bbox 1433 5827 1559 5882; x_wconf 82' lang='lat' dir='ltr'><strong>Cor.</strong></span> <span class='ocrx_word' id='word_1_942' title='bbox 1598 5841 1649 5879; x_wconf 85' lang='lat' dir='ltr'><strong>vt</strong></span> <span class='ocrx_word' id='word_1_943' title='bbox 1674 5865 1687 5889; x_wconf 94' lang='lat'><strong>,</strong></span> <span class='ocrx_word' id='word_1_944' title='bbox 1727 5825 1908 5894; x_wconf 73' lang='lat'><strong>16,17;</strong></span> 
     </span>
    </p>
   </div>
  </div>
