3808 6280
408 311 507 368 611

1079 301 1349 359 EUSEBII
1379 298 1855 357 CESARIENSIS
1877 296 2031 357 OPP.
2073 296 2258 355 PARS
2299 295 2390 354 111.
2426 324 2495 334 -
2531 290 2944 349 EXEGETICA.

3533 289 3624 347 612

410 439 556 482 mam
582 436 781 479 meam.
807 440 829 475 ι
866 418 980 493 Ego
1005 418 1249 491 quidem,
1286 414 1384 485 ait,
1408 415 1505 472 tibi
1543 413 1820 471 Servatori
1862 427 1986 469 meo

2098 410 2241 480 Ἐγὼ
2275 410 2397 481 μὲν,
2426 407 2581 480 φησὶ,
2615 406 2698 459 σοὶ
2718 404 2797 476 τῷ
2825 400 3063 474 ἐμαυτοῦ
3104 400 3317 473 Σωτῆρι
3348 402 3625 473 προσεῖχον.

409 515 704 579 haerebam,
738 523 906 585 atque
948 510 1212 584 perfugas
1236 519 1292 566 et
1326 510 1383 564 in
1423 507 1725 564 solitudine
1749 506 1976 577 degens,

411 607 509 662 tibi
540 605 782 661 animam
829 602 1158 674 c0pulabam
1189 613 1388 664 meam,
1421 606 1478 653 et
1511 610 1799 653 sermones
1853 601 1981 650 tuos

411 697 751 754 meditabar:
809 710 988 767 neque
1042 694 1189 749 enim
1225 693 1580 761 insequentes
1613 703 1702 743 me
1753 686 1983 758 propul-

412 793 625 855 sabam,
658 805 838 861 neque
869 790 1058 852 etiam,
1096 785 1226 841 dum
1257 784 1357 840 tibi
1407 782 1519 838 Deo
1549 796 1821 843 vacarem.
1859 793 1983 849 pre-

411 899 506 940 ces
540 882 834 938 fundebam
863 890 1055 936 contra
1086 878 1381 939 inimicos;
1414 874 1511 932 sed
1534 875 1631 930 tibi
1666 874 1783 942 nni,
1816 880 1877 927 ut
1897 871 1984 927 di-

414 985 565 1029 ctum
605 981 714 1038 est,
750 972 1116 1028 adhaerebam.
1156 969 1240 1023 Illi
1288 982 1419 1024 vero
1474 966 1682 1022 futilem
1716 965 1981 1021 adversus

414 1067 655 1122 animam
697 1079 872 1119 meam
925 1061 1352 1119 sollicitudinem
1402 1058 1685 1130 suscipere
1720 1071 1833 1112 non
1888 1054 1984 1110 de—

415 1158 722 1214 sistebant:
757 1156 812 1210 in
848 1169 1047 1209 vanum
1079 1152 1280 1223 quippe
1310 1150 1627 1223 quaarebant
1654 1164 1798 1217 eam,
1839 1162 1981 1219 qua,

414 1253 677 1327 quoniam
737 1249 836 1304 tibi
875 1247 1139 1310 hzerebat,
1175 1246 1243 1301 ab
1297 1244 1432 1316 ipsis
1480 1243 1708 1299 minime
1754 1240 1985 1314 reperiri

415 1350 665 1418 poterat:
702 1358 872 1413 quare
924 1356 1046 1412 qua:
1075 1355 1135 1395 se
1171 1346 1395 1394 manent
1426 1338 1533 1409 ipsi
1578 1336 1796 1407 quidem
1826 1335 1986 1405 igno-

415 1447 563 1500 rant,
593 1435 689 1490 sed
727 1433 966 1504 Spiritus
988 1438 1215 1488 sanctus
1245 1429 1595 1485 vaticinatur.
1632 1427 1836 1484 Deinde
1856 1439 1989 1482 vero

415 1528 533 1583 haec
562 1526 877 1596 prophetice
899 1522 1269 1579 vociferatur:
1306 1540 1327 1572 ι
1351 1519 1656 1576 lntroihunt
1675 1519 1741 1590 ,in
1765 1518 1989 1575 inferio-

416 1635 479 1674 ra
505 1629 716 1674 terrae.»
771 1616 1220 1686 Quandoquidem
1243 1614 1393 1669 enim
1424 1622 1643 1670 terrena
1673 1613 1985 1683 sapiebant,

2083 503 2177 558 καὶ
2205 502 2284 556 σοὶ
2313 501 2412 575 τὴν
2444 500 2581 573 ἐμὴν
2612 498 2789 571 ψυχὴν
2826 496 3128 568 συνῆπτον,
3162 497 3275 558 τοῖς
3305 510 3365 547 τε
3392 496 3495 559 σοῖς
3523 495 3619 566 ἐμε-

2080 595 2249 650 λέτων
2282 594 2462 665 λόγοις
2483 633 2499 659 ,
2546 594 2605 646 ἐν
2653 593 2797 663 φυγῇ
2849 589 3152 660 τυγχάνων,
3183 587 3279 642 καὶ
3312 587 3373 641 ἐν
3404 588 3628 658 ἐρημίαις

2082 689 2400 761 ποιούμενος
2439 687 2538 751 τὰς
2581 685 2888 757 διατριϐάς.
2938 683 3013 736 Οὐ
3062 682 3169 754 7&9
3206 680 3492 752 ἠμυνόμην
3524 681 3629 745 τοὺς

2081 780 2403 845 ἐλαύνοντάς
2426 795 2513 850 με,
2538 777 2652 832 ἀλλ’
2685 777 2805 830 οὐδὲ
2836 774 2917 828 σοὶ
2942 773 3020 845 τῷ
3045 772 3163 844 Θεῷ
3192 770 3463 844 σχολάζων
3492 772 3629 843 εὐχάς

2083 879 2223 934 κατά
2241 878 2349 933 τῶν
2380 878 2588 951 ἐχθρῶν
2610 876 2925 947 ἀνέπεμπον
2945 892 2959 905 ο
2985 874 3069 927 σοὶ
3095 872 3152 926 δὲ
3184 871 3332 943 μόνῳ
3354 872 3629 943 προσεῖχον,

2082 976 2157 1039 ὡς
2198 972 2355 1045 ἔφην.
2399 974 2462 1025 Οἱ
2491 972 2548 1025 δὲ
2584 972 2646 1025 ού
2688 969 2953 1023 διέλειπον
2983 966 3216 1039 ματαίαν
3250 964 3478 1034 σπουδὴν
3511 963 3630 1016 κατὰ

2080 1068 2181 1139 τῆς
2215 1066 2392 1138 ψυχῆς
2425 1081 2525 1137 μου
2556 1061 2902 1133 ποιούμενοι·
2936 1056 3272 1130 είςμάταιον
3296 1054 3407 1126 7&9
3435 1053 3631 1124 ἐζήτουν

2082 1160 2251 1233 αὑτήν
2274 1200 2288 1225 ,
2334 1158 2621 1231 ἀνεύρετον
2667 1155 2851 1218 αὐτοῖς
2882 1148 3046 1207 οὖσαν
3077 1150 3165 1204 διὰ
3206 1148 3269 1202 τὸ
3303 1145 3627 1215 κεκολλῆσθαι

2082 1255 2256 1308 ὀπίσω
2286 1270 2380 1306 σου
2399 1270 2413 1283 ·
2443 1251 2629 1322 διόπερ
2663 1250 2731 1303 τὰ
2766 1248 3129 1319 περιμένοντα
3156 1243 3357 1305 αὐτοὺς
3384 1240 3531 1294 αὐτοὶ
3556 1241 3632 1310 μὲν

2082 1349 2183 1402 οὐκ
2206 1347 2373 1412 ἴσασι,
2394 1345 2457 1399 τὸ
2483 1344 2539 1398 δὲ
2564 1341 2786 1414 Πνεῦμα
2815 1341 2876 1394 τὸ
2905 1340 3057 1408 ἅγιον
3087 1333 3355 1400 θεσπίζει.
3386 1330 3493 1388 Εἶθ’
3527 1334 3631 1403 ἑξῆς

2083 1442 2293 1504 τούτοις
2320 1436 2671 1511 προφητικῶς
2706 1436 2979 1503 ἀναφωνεί
3012 1430 3183 1501 λέγων
3207 1448 3222 1461 ο
3266 1449 3284 1481 ι
3312 1427 3632 1482 Είσελεύσον-

2085 1555 2175 1592 ται
2203 1537 2284 1599 εἰς
2313 1533 2384 1587 τά
2416 1530 2703 1586 κατώτατα
2738 1528 2836 1599 τῆς
2860 1527 2984 1598 γῆς.
3012 1546 3031 1578 ι
3075 1522 3295 1594 Ἐπειδὴ
3328 1523 3438 1594 γὰρ
3463 1520 3526 1574 τὰ
3556 1521 3632 1592 τῆς

2085 1631 2189 1702 γῆς
2211 1628 2467 1701 ὲ(ιςδρόνουν
2492 1625 2586 1679 καὶ
2612 1621 2720 1676 τῶν
2745 1620 2894 1675 κάτω
2918 1619 3226 1688 γεγόνασιν,
3254 1614 3478 1677 εἰκότως
3503 1613 3634 1666 τάπί-

416 1724 471 1768 et
497 1713 554 1767 in
597 1711 797 1767 inlimis
828 1711 1108 1766 constituti
1138 1717 1316 1775 erant,
1354 1709 1480 1780 jure
1510 1707 1815 1763 facinorum
1848 1721 1988 1777 prte-

479 1805 489 1816 .
666 1805 675 1815 .
724 1805 734 1816 .
813 1811 826 1820 .
907 1801 1036 1820 ινα-
1209 1800 1313 1820 ,ιη
1370 1800 1689 1820 -_.__w.___
1726 1809 1767 1820 ,,
1803 1799 1977 1820 ﬂ.“

2095 1740 2245 1796 χειρα
2292 1721 2571 1775 πείσονται
2629 1711 2708 1778 οἷς
2748 1713 2995 1786 ἔδρασαν.
3043 1712 3102 1765 '0
3147 1708 3247 1781 μὲν
3277 1707 3387 1780 γὰρ
3424 1705 3502 1777 τῷ
3539 1703 3635 1820 Θὶᾧ

418 1805 530 1861 mia
570 1805 852 1876 recipient.
907 1801 1045 1859 Nam
1075 1805 1169 1873 qui
1209 1800 1322 1858 Deo
1361 1800 1692 1871 coniunctus
1720 1809 1774 1856 et
1801 1799 1985 1853 anima

418 1899 525 1971 ipsi
551 1897 958 1969 conglutinatus
979 1903 1087 1960 est,
1117 1894 1271 1965 regni
1293 1895 1559 1949 caelorum
1588 1908 1738 1963 spem
1768 1893 1987 1947 obtine-

416 1991 530 2059 bit;
562 1989 657 2061 qui
707 2003 840 2045 vero
892 1987 1230 2043 contrariam
1278 1985 1579 2041 decurrunt
1610 1985 1774 2051 viam,
1804 1991 1859 2040 et
1901 1985 1987 2040 in-

420 2083 546 2140 fima
594 2083 835 2153 sapiunt,
884 2083 940 2135 in
977 2080 1155 2134 laeum
1206 2078 1344 2133 alias
1376 2087 1732 2133 memoratum
1763 2076 1984 2146 dejecti,

418 2174 727 2230 introibunt
768 2173 823 2225 in
872 2169 1135 2225 inferiora
1169 2174 1351 2223 terrae.
1422 2164 1559 2221 Dum
1607 2166 1754 2221 enim
1807 2165 1987 2236 quivis

419 2266 587 2321 homo
647 2262 994 2334 superﬁciem
1046 2267 1205 2315 terra:
1250 2258 1465 2322 incolit,
1510 2259 1564 2313 in
1626 2257 1987 2313 inferioribus

420 2370 634 2415 tantum
683 2359 934 2414 habitare
960 2356 1183 2419 dicitur,
1232 2360 1295 2408 ut
1341 2352 1476 2407 dicit
1521 2351 1767 2424 quidam,
1805 2349 1989 2418 «Quia

421 2452 568 2508 Deus
598 2452 656 2506 in
684 2451 827 2506 caelo
857 2465 1101 2514 sursum,
1134 2455 1189 2504 et
1215 2454 1277 2502 ιιι
1321 2447 1380 2502 1η
1410 2456 1556 2502 terra
1603 2443 1862 2500 deorsum
1881 2444 1982 2501 ⁹¹.»

421 2546 557 2602 Post
590 2548 798 2601 exitum
842 2552 1023 2599 autem
1063 2557 1133 2598 ex
1171 2542 1276 2597 hac
1303 2542 1440 2605 vita,
1475 2538 1719 2610 religiosi
1767 2538 1990 2610 quidem

422 2637 674 2693 homines
712 2635 911 2691 corium
950 2650 1048 2706 pro
1095 2632 1377 2690 domicilio
1420 2632 1722 2695 habebunt,
1770 2645 1991 2688 sursum

421 2731 572 2795 elati,
603 2745 668 2785 ac
717 2728 964 2800 rapiendi
1016 2728 1072 2783 in
1107 2727 1349 2783 nubibus
1377 2726 1594 2782 obviam
1626 2723 1880 2792 Domino,
1927 2739 1993 2781 ac

421 2824 505 2880 sic
527 2837 746 2892 semper
791 2836 917 2876 cum
947 2819 1179 2876 Domino
1203 2818 1403 2885 futuri;
1442 2819 1595 2890 impii
1626 2835 1757 2876 vero
1786 2827 1840 2874 et
1864 2834 1995 2890 pec-

421 2924 639 2972 catores
676 2915 732 2969 in
777 2913 1039 2970 inferiora
1087 2922 1245 2969 terra;
1278 2911 1647 2969 descendent:
1689 2928 1811 2984 quae
1842 2905 1996 2968 com-

420 3024 738 3064 memorans
764 3007 1062 3078 Apostolus
1091 3008 1340 3064 dicebat:
1391 3026 1410 3059 ι
1435 3006 1494 3061 In
1531 3006 1825 3062 inferiores
1866 3020 1993 3078 par-

2092 1794 2402 1893 συνᾳφθεις,
2430 1812 2525 1867 καὶ
2553 1812 2648 1883 τὴν
2672 1809 2849 1880 ψυχὴν
2877 1802 3027 1876 αὐτῷ
3054 1799 3497 1876 προσκολληθεὶς,
3514 1794 3635 1849 ἐλπί-

2090 1889 2327 1976 δας-ἕξει
2358 1904 2631 1979 βασιλείας
2657 1897 2903 1974 οὐρανῶν
2922 1914 2935 1928 ·
2966 1898 3016 1950 οἱ
3045 1895 3103 1950 δὲ
3136 1893 3233 1967 τὴν
3261 1891 3509 1946 ἐναντίαν
3528 1889 3635 1962 δρα-

2096 2005 2286 2076 μόντες
2317 2000 2412 2054 καὶ
2450 1995 2520 2051 τά
2561 1994 2711 2050 κάτω
2755 1991 3157 2065 φρονήσαντες,
3199 1987 3281 2049 είς
3313 1984 3403 2038 τὸν
3432 1979 3635 2076 ἀλλαχοῦ

2092 2074 2294 2148 λάκκον
2321 2086 2703 2160 ὠνομασμένον
2733 2081 3113 2153 καταχθέντες,
3144 2078 3203 2131 ἐν
3230 2078 3344 2141 τοῖς
3373 2074 3636 2129 κατωτάτω

2092 2187 2193 2259 τῆς
2235 2185 2339 2256 γῆς
2384 2181 2710 2235 ἐλεύσονται.
2755 2176 2903 2239 Τέως
2939 2173 3036 2245 μὲν
3068 2171 3177 2242 7&9
3208 2171 3317 2234 πᾶς
3347 2166 3636 2239 ἄνθρωπος,

2093 2282 2193 2352 τήν
2220 2276 2538 2349 ἐπιφάνειαν
2563 2272 2726 2327 οἰκῶν
2752 2269 2850 2341 τῆς
2878 2267 2982 2339 γῆς
3002 2306 3017 2332 ,
3053 2264 3125 2319 τὰ
3148 2263 3300 2318 κάτω
3339 2263 3476 2335 μόνα
3498 2261 3638 2314 οἰκεῖν

2095 2373 2311 2443 λέγεται
2338 2368 2481 2424 κατά
2507 2366 2598 2420 τὸν
2648 2364 2894 2435 φήσαντα
2917 2377 2931 2391 ·
2969 2377 2989 2411 ι
3023 2359 3147 2413 Ὀτι
3170 2357 3200 2409 6
3223 2355 3368 2419 Θεὸς-
3388 2355 3446 2408 ἐν
3472 2353 3544 2424 τῷ
3568 2353 3637 2405 ού-

2098 2462 2245 2538 ρανῷ
2285 2463 2397 2517 ἀνω
2423 2501 2438 2526 ,
2483 2459 2577 2513 κα1⁵
2619 2457 2685 2511 σὺ
2716 2457 2773 2509 ἐν
2800 2455 2867 2525 τῇ
2910 2454 2981 2523 γῇ
3018 2450 3187 2505 κάτω.
3224 2467 3243 2500 ι
3280 2445 3436 2502 Μετὰ
3470 2447 3525 2499 δὲ
3558 2444 3637 2515 τὴν

2096 2556 2306 2611 ἐνθένδε
2338 2549 2676 2622 ἀπαλλαγὴν,
2703 2549 2752 2602 οἱ
2781 2548 2878 2619 μέν
2910 2544 3177 2615 θεοφιλεῖς
3197 2538 3426 2613 οὐρανὸν
3458 2538 3639 2604 ἕξουσιν

2096 2650 2406 2723 οἰκητήριον
2426 2687 2441 2713 ,
2483 2648 2562 2710 εἰς
2590 2643 2660 2697 τὰ
2684 2642 2927 2715 ἀνώτερα
2964 2635 3412 2712 μετεωρισθέντες
3443 2634 3534 2686 καὶ
3559 2630 3637 2703 ἀρ-

2098 2741 2468 2815 παγησόμενοι
2503 2739 2561 2792 ἐν
2588 2735 2836 2807 νεφέλαις
2870 2734 2950 2797 είς
2978 2730 3282 2801 ἀπάντησιν
3313 2724 3407 2780 τοῦ
3438 2723 3635 2794 Κυρίου,

2099 2837 2240 2892 οὕτω
2262 2852 2322 2890 τε
2349 2835 2578 2889 πάντοτε
2617 2831 2712 2884 σὺν
2751 2826 2942 2900 Κυρίῳ
2972 2824 3247 2897 ἐσόμενοι·
3282 2825 3330 2876 oi
3458 2816 3637 2878 ἀσεϐεῖς

2100 2931 2193 2985 καὶ
2225 2924 2537 3001 ἁμαρτωλοὶ
2560 2924 2640 2988 είς
2666 2922 2735 2976 τά
2761 2919 3052 2990 κατώτατα
3077 2917 3175 2988 τῆς
3196 2915 3302 2986 γῆς
3334 2910 3637 2995 καταϐήσον-

2099 3041 2221 3080 ται⁶
2264 2994 2359 3078 ῶν-
2370 3015 2717 3093 μεμνημένος
2755 3015 2784 3067 6
2833 3009 3152 3073 Ἀπόστολος
3185 3007 3404 3076 ἔλεγεν·
3436 3023 3457 3057 ι
3482 3001 3638 3093 Eique

422 3112 508 3160 tes
541 3112 705 3157 terra:
732 3103 824 3172 qui
852 3101 1156 3165 descendit,
1193 3101 1311 3172 ipse
1341 3108 1427 3158 est
1470 3102 1563 3173 qui
1606 3099 1855 3157 ascendit
1896 3116 1989 3157 su-

2095 3090 2382 3184 κατώτερα
2405 3090 2505 3180 τῆς
2530 3107 2633 3176 γῆς
2655 3107 2684 3160 6
2710 3103 2953 3167 καταϐάς
2972 3143 2988 3168 ,
3029 3099 3189 3165 αὑτός
3217 3100 3367 3152 ἐστιν
3399 3098 3427 3150 6
3467 3090 3636 3155 ἀναϐὰς

422 3210 522 3266 per
555 3209 744 3249 omnes
776 3194 969 3257 caelos,
1010 3201 1072 3246 ut
1116 3192 1368 3260 impleret
1416 3193 1601 3247 omnia
1621 3192 1721 3246 ³³.»
1779 3190 1992 3247 Etenim

427 3286 689 3343 Servator
712 3296 765 3342 et
797 3285 1059 3341 Dominus
1087 3293 1273 3341 noster
1306 3301 1483 3356 usque
1515 3285 1583 3340 ad
1619 3284 1803 3340 inﬁma
1833 3292 1996 3340 terra:

425 3379 732 3444 descendit,
766 3388 830 3434 ut
865 3378 1092 3434 salutari
1126 3379 1327 3434 virtute
1360 3379 1612 3450 impleret
1642 3378 1847 3434 omnia.
1880 3378 1994 3434 Hoc

426 3472 609 3543 ipsum
651 3469 790 3527 Jobo
847 3470 1125 3541 signiﬁcat
1176 3470 1267 3526 ille
1318 3471 1413 3541 qui
1461 3468 1726 3526 Dominus
1769 3480 1996 3526 vocatur

427 3565 669 3621 dicens:
711 3563 967 3620 «Venisti
1010 3573 1190 3619 autem
1246 3564 1304 3618 in
1354 3563 1557 3619 fontem
1603 3566 1793 3630 maris,
1847 3571 1902 3621 et
1939 3565 1994 3620 in

426 3658 675 3731 vestigiis
721 3658 906 3731 abyssi
938 3657 1254 3713 ambulasti.
1304 3645 1645 3728 Aperiuntur
1682 3666 1861 3714 autem
1895 3658 1996 3714 tibi

427 3753 627 3811 timore
671 3762 843 3824 porta:
887 3751 1116 3806 mortis:
1161 3750 1376 3805 ostiarii
1432 3748 1632 3806 inferni
1663 3751 1912 3807 videntes
1947 3761 1999 3808 te

428 3846 712 3900 conterriti
772 3852 902 3900 sunt
924 3844 992 3900 “.
1027 3864 1047 3897 ι
1086 3841 1190 3899 Sed
1227 3844 1316 3898 ille
1363 3843 1581 3913 quidem
1638 3844 1706 3899 ad
1756 3860 1852 3900 eos
1907 3844 1997 3916 qui

429 3937 555 3992 istic
608 3938 927 3992 habitabant
981 3936 1286 4005 descendit,
1339 3949 1399 3993 ut
1448 3939 1663 3993 animas
1713 3938 1996 4008 justorum

430 4026 631 4083 ibidem
659 4028 872 4096 jamdiu
926 4028 1176 4084 detentas
1226 4028 1480 4084 libertate
1528 4028 1778 4086 donaret.
1838 4028 1999 4100 lmpii

428 4133 562 4173 vero
593 4120 646 4172 in
684 4118 947 4174 inferiora
986 4127 1146 4174 terra:
1182 4119 1408 4189 ‘dejecti,
1456 4121 1745 4176 tradentur
1789 4121 1843 4175 in
1883 4136 1997 4174 ma-

430 4225 537 4265 nus
569 4209 758 4280 gladii.
806 4209 902 4265 Est
929 4210 1075 4265 enim
1112 4210 1312 4266 ibidem
1337 4211 1550 4282 gladius
1583 4212 1805 4284 quidam
1852 4228 2000 4268 mor-

429 4301 525 4365 tis,
557 4318 718 4371 qurm
763 4300 1024 4357 Servator
1077 4302 1130 4356 in
1187 4318 1282 4357 XXI
1331 4305 1540 4373 psalmo
1590 4314 1860 4360 memorat
1912 4304 1998 4361 bis

428 4392 646 4446 verbis:
687 4410 706 4442 ι
740 4391 881 4447 Erue
910 4407 939 4445 a
976 4391 1204 4456 framea,
1241 4390 1403 4458 Deus,
1440 4393 1676 4448 animam
1713 4408 1912 4458 meam,
1946 4400 2000 4448 et

2096 3208 2352 3281 ὑπεράνω
2394 3203 2610 3257 πάντων
2651 3196 2759 3250 τῶν
2799 3193 3044 3268 οὐρανῶν
3062 3233 3077 3259 ,
3137 3192 3223 3245 ἵνα
3276 3187 3533 3261 πληρώση
3584 3184 3636 3237 τὰ

2099 3277 2292 3357 πάντα.
2329 3316 2348 3349 ι
2396 3295 2508 3350 Καὶ
2555 3290 2715 3363 μέχρι
2746 3287 2855 3361 7&9
2894 3286 3003 3340 τῶν
3041 3283 3343 3339 κατωτάτω
3372 3281 3471 3350 τῆς
3498 3279 3585 3349 τῆς
3616 3277 3638 3327 6

2098 3394 2289 3464 Σωτὴρ
2314 3391 2407 3445 καὶ
2437 3385 2641 3458 Κύριος
2675 3381 2831 3456 ήμῶν
2865 3377 3259 3449 καταϐέϐηκεν,
3299 3375 3387 3428 ἵνα
3410 3369 3637 3444 πληρώσῃ

2097 3487 2167 3541 τὰ
2207 3461 2386 3539 πάντα
2430 3481 2529 3552 τῆς
2562 3475 2830 3548 σωτηρίου
2861 3471 3160 3543 δυνάμεως.
3191 3468 3363 3522 Τοῦτο
3388 3467 3443 3520 δὲ
3469 3464 3552 3518 καὶ
3577 3461 3639 3532 τῷ

2111 3577 2231 3633 Ἰὼϐ
2275 3572 2528 3648 σημαίνει
2567 3573 2596 3625 6
2639 3564 2990 3641 χρηματίζων
3028 3562 3233 3634 Κύριος
3273 3563 3333 3614 ἐν
3357 3554 3436 3622 οἷς
3470 3568 3633 3648 φησιν’

2106 3692 2124 3725 ‹
2152 3644 2361 3733 τιιλθεξ
2386 3666 2443 3722 δὲ
2478 3665 2569 3718 ἐπὶ
2601 3663 2706 3733 γῆν
2726 3662 2742 3692 ι
2773 3658 3066 3726 θαλάσσης,
3097 3657 3154 3707 ἐν
3185 3652 3245 3707 δὲ
3281 3651 3477 3722 ιχνεσιν
3501 3644 3636 3700 ἀϐύσ-

2099 3780 2190 3818 σου
2237 3757 2665 3831 περιεπάτησας.
2720 3749 3048 3817 Ἀνοίγονται
3088 3745 3144 3799 δέ
3191 3760 3272 3797 σοι
3313 3740 3460 3812 φόϐῳ
3502 3734 3635 3790 πύλαι

2099 3830 2361 3907 θανάτουο
2425 3844 2664 3916 πυλωροὶ
2704 3840 2760 3895 δὲ
2814 3840 2940 3911 ᾅδου
2990 3836 3189 3900 ἰδόντες
3240 3851 3301 3888 σε
3350 3830 3631 3902 ἔπτηξαν.»

2111 3944 2248 3998 Ἀλλ’
2271 3944 2300 3996 6
2331 3941 2427 4014 μὲν
2450 3939 2543 3992 καὶ
2578 3936 2739 4008 μέχρι
2766 3932 2873 3985 τῶν
2905 3932 3020 3984 ἐκεῖ
3047 3926 3439 3997 καταϐέϐηκεν,
3462 3923 3541 3975 ἵνα
3558 3919 3635 4014 τὰς

2099 4036 2266 4091 πάλαι
2294 4009 2402 4087 τῶν
2433 4031 2603 4100 ἁγίων
2637 4025 2821 4081 αὐτόθι
2853 4020 3211 4093 συνεχομένας
3247 4016 3425 4088 ψυχὰς
3459 4009 3636 4066 ἐλευθε-

2104 4129 2223 4202 ρίας
2251 4124 2486 4195 ἀξιώσῃ
2515 4122 2565 4175 οί
2587 4120 2644 4174 δέ
2662 4117 2898 4179 ἀσεϐεῖς,
2929 4117 3009 4179 είς
3036 4114 3105 4167 τὰ
3128 4112 3416 4165 κατώτατα
3442 4106 3534 4175 τῆς
3552 4102 3634 4171 γῆς

2098 4196 2538 4288 κατενεχθέντες,
2562 4208 3027 4283 παραδοθήσονται
3049 4207 3130 4269 είς
3158 4206 3351 4275 χεῖρας
3378 4196 3630 4273 ῥομφαίας.

2103 4312 2257 4364 Ἔστι
2301 4306 2410 4378 γάρ
2455 4322 2537 4369 τις
2590 4305 2706 4357 ἐκεῖ
2755 4299 3000 4371 ῥομφαία
3031 4295 3293 4359 θανάτου,
3326 4288 3395 4366 ἧς
3421 4294 3446 4345 ὁ
3475 4288 3634 4357 Σωτὴρ

2104 4398 2456 4475 μνημονεύων
2489 4399 2547 4451 ἐν
2580 4402 2664 4450 κα¹
2696 4392 2898 4465 ψαλμῷ
2929 4391 3112 4461 ἔλεγε·
3152 4409 3171 4441 ι
3192 4388 3383 4442 Ῥῦσαι
3405 4384 3503 4439 ἀπὸ
3524 4385 3632 4455 ῥομ-

428 4484 496 4539 de
524 4499 688 4537 manu
729 4484 883 4539 canis
931 4484 1152 4538 unicam
1203 4499 1399 4540 meam.
1457 4482 1617 4539 Salva
1652 4499 1736 4539 me
1784 4500 1851 4539 ex
1898 4500 1992 4540 ore

2102 4493 2263 4565 φαίας
2287 4491 2384 4563 τὴν
2416 4489 2592 4561 ψυχήν
2623 4504 2746 4559 μου,
2779 4486 2874 4540 καὶ
2906 4486 2970 4538 ἐκ
2996 4481 3178 4554 χειρὸς
3206 4480 3368 4544 κυνὸς
3391 4479 3481 4551 τὴν
3510 4488 3634 4565 pavor

428 4575 636 4636 leonis.
700 4583 754 4629 et
819 4590 848 4629 a
903 4576 1166 4630 cornibus
1211 4575 1562 4629 unicorninm
1631 4575 1999 4632 humilitatem

431 4680 606 4720 meam
625 4666 694 4720 ".
729 4685 746 4718 ι
788 4664 912 4721 llaec
941 4677 1121 4721 autem
1153 4665 1337 4722 omnia
1369 4667 1436 4721 de
1464 4667 1800 4724 adversariis
1845 4677 2000 4738 pote-

428 4758 666 4814 statibus
707 4759 852 4813 dicta
880 4766 1049 4823 {sunL
1102 4757 1223 4813 Non
1273 4756 1422 4814 enim
1478 4758 1534 4813 in
1593 4774 1789 4829 manus
1831 4760 1996 4830 gladii

428 4858 642 4905 tantum
678 4850 922 4920 praedicti
952 4851 1204 4906 homines
1228 4849 1533 4915 tradentur,
1570 4850 1666 4906 sed
1697 4853 1861 4906 etiam
1888 4852 1997 4907 huc

427 4939 559 4994 illuc
600 4939 978 4994 distrahentur
1016 4955 1046 4994 a
1085 4940 1244 4996 saevis
1273 4940 1603 5011 quibusdam
1648 4942 2002 5013 versutisque

427 5035 735 5104 spiritibus,
768 5034 861 5103 qui
906 5034 1097 5104 vulpes
1134 5035 1222 5091 hic
1268 5045 1678 5107 nuncupantur,
1726 5038 1856 5108 quia
1916 5037 2003 5094 fo-

429 5142 556 5181 veas
587 5127 845 5190 subeunt,
884 5136 940 5183 et
994 5129 1048 5181 in
1099 5127 1302 5183 inﬁmis
1344 5130 1718 5199 penetralibus
1771 5130 1999 5184 latibula

426 5218 653 5274 habent.
717 5219 811 5274 lia:
842 5220 1027 5291 itaque
1069 5222 1262 5292 vulpes
1289 5222 1583 5292 impiorum
1619 5223 1832 5279 animas
1854 5224 2000 5279 istuc

427 5312 705 5383 delapsas.
740 5323 800 5368 ut
831 5315 1070 5369 oblatam
1104 5314 1366 5385 praedam,
1398 5316 1831 5386 comprehensas
1860 5315 2000 5371 diri-

430 5405 585 5472 piunt
630 5415 795 5477 atque
843 5408 986 5462 inter
1033 5424 1092 5464 se
1140 5409 1411 5466 dividunt.
1486 5407 1632 5466 Sane
1674 5410 1835 5465 talem
1886 5408 2002 5465 fore

430 5495 722 5564 impiorum
760 5498 918 5554 ﬁnem
959 5497 1197 5570 Spiritus
1242 5508 1469 5557 sanctus
1517 5499 1871 5556 vaticinatur.
1926 5498 2001 5555 De

2104 4563 2237 4653 7ev‘q
2288 4598 2417 4654 μου·
2450 4580 2621 4633 σῶσόν
2656 4596 2723 4650 με
2756 4579 2821 4631 ἐκ
2854 4575 3117 4647 στόματος
3152 4572 3366 4636 λέοντος
3388 4612 3402 4636 ,
3437 4568 3519 4622 καὶ
3550 4563 3634 4618 ἀπὺ

2104 4676 2350 4748 κεράτων
2382 4670 2764 4745 μονοκερώτων
2809 4667 2905 4740 τὴν
2930 4665 3252 4721 ταπείνωσίν
3283 4681 3404 4736 μου.
3435 4681 3450 4713 ι
3482 4656 3634 4714 Ταῦτα

2103 4746 2368 4822 δέτπάντα
2413 4763 2538 4836 περὶ
2582 4761 2972 4832 ἀντικειμένων
2999 4758 3280 4829 δυνάμεων
3323 4755 3541 4823 ἐλέγετο.
3573 4746 3631 4801 Οὐ

2108 4859 2267 4930 μόνον
2316 4857 2373 4910 δὲ
2416 4859 2495 4921 εἰς
2544 4857 2732 4927 χεῖρας
2792 4852 3058 4926 ῥομφαίας
3109 4848 3554 4922 παραδοθήσονται
3594 4838 3634 4891 οἱ

2102 4949 2506 5024 προλεχθέντες,
2527 4947 2662 5001 ἀλλά
2684 4947 2778 5000 καὶ
2807 4942 3303 5014 διασπασθήσονται
3327 4935 3427 4995 ὧδε
3448 4936 3634 4992 κάκεῖσε

2102 5043 2512 5117 περιελκόμενοι
2534 5041 2639 5095 ὑπὸ
2662 5039 2850 5094 δεινῶν
2872 5056 3033 5092 τινων
3060 5036 3152 5090 καὶ
3173 5034 3484 5107 πανούργων
3504 5044 3636 5083 πνευ-

2105 5139 2310 5210 μάτων,
2358 5133 2451 5197 οὒς
2481 5133 2769 5196 ἀλώπεκας
2800 5130 3056 5203 ὀνομάζει
3087 5132 3116 5183 6
3150 5128 3341 5201 παρὼν
3365 5129 3506 5195 λόγος
3525 5163 3539 5186 ,
3567 5122 3634 5174 διὰ

2105 5228 2166 5282 τὸ
2199 5225 2615 5282 καταδεδυκέναι
2649 5223 2744 5277 καὶ
2789 5225 2901 5286 τοῖς
2935 5222 3233 5277 κατωτάτω
3275 5222 3453 5292 μυχοῖς
3482 5218 3634 5286 ἐμφω-

2106 5320 2301 5375 λεύειν.
2337 5314 2496 5374 Οὗτοι
2526 5317 2569 5371 δ’
2602 5312 2695 5371 οὖν
2729 5317 2780 5370 οἱ
2812 5314 3094 5379 ἀλώπεκες
3125 5314 3314 5386 ῶσπερ
3344 5312 3533 5384 εὕρεμα
3555 5304 3632 5365 τὰς

2106 5416 2222 5468 ἐκεῖ
2278 5409 2723 5474 καταπιπτούσας
2771 5407 2947 5479 ψυχὰς
3000 5408 3110 5461 τῶν
3163 5406 3373 5461 ἀσεῦῶν
3420 5399 3632 5456 λαϐόντες

2105 5502 2527 5575 διαρπάζουσιν,
2570 5503 2651 5565 εἰς
2692 5502 2918 5565 ἑαυτοὺς
2952 5499 3121 5566 αὑτάς
3165 5496 3507 5571 μεριζόμενοι.
3542 5484 3632 5543 Καὶ

502 5638 548 5671 ’⁸
587 5637 744 5695 Deut.
782 5656 856 5705 iv,
891 5640 980 5696 59.
1057 5641 1103 5673 ³³
1141 5640 1343 5710 Ephes.
1374 5658 1450 5729 iv,
1486 5642 1574 5700 10.
1650 5642 1696 5677 ⁸³
1731 5638 1835 5701 Job
1869 5661 1992 5701 ιςιι

2098 5687 2114 5713 ,
2150 5646 2239 5713 16,
2275 5646 2360 5701 17.
2434 5644 2484 5679 ³³
2514 5644 2660 5701 Psal.
2697 5658 2814 5712 ut,
2838 5641 3046 5711 21,22.

503 5756 582 5827 (1)
613 5755 668 5811 In
695 5756 908 5825 Bibliis,
943 5759 1147 5829 πηγήν.
