3808 6280
155 381 247 442 6,3
1269 362 1764 425 COMMENTARIA
1803 361 1866 439 l’N
1906 353 2242 420 PSALaos.‘

3235 357 3340 415 6H

156 494 247 552 τῶν
275 493 360 565 μὲν
381 491 584 546 ἀσεϐῶν
609 489 843 543 τοιοῦτον
875 488 1093 543 ἔσεσθαι
1123 487 1184 541 τὸ
1210 487 1360 550 τέλος
1375 486 1434 540 τὸ
1456 484 1675 554 Πνεῦμα

1777 480 1930 551 justo
1959 490 2161 546 autem,
2197 481 2290 551 qui
2334 496 2500 550 supra
2553 488 2848 536 memorata
2881 479 3137 550 praeclara
3173 493 3339 548 opera

155 587 204 640 τὺ
231 587 361 654 ἅγιον
388 581 639 646 θεσπίζει.
668 582 808 654 Περὶ
841 581 897 634 δὲ
926 582 1019 633 τοῦ
1071 578 1278 633 δικαίου
1305 576 1398 631 τοῦ
1443 576 1512 629 τὰ
1547 592 1680 647 προ-

155 677 372 748 λεχθέντα
396 675 809 746 κατωρθωκότος
844 673 1090 745 ἐπιφέρει
1118 671 1305 739 λέγον·
1349 688 1368 720 ι
1410 670 1467 722 ὐ
1499 669 1555 721 δὲ
1588 668 1679 738 βα-

84 823 89 850 ξ
157 772 305 834 σιλεύς
347 767 765 839 εὐφρανθήσεται
811 767 903 819 ἐπὶ
951 765 1026 835 τῷ
1069 763 1219 833 Θεῷο
1270 760 1678 830 ἐπαινεθήσεται

84 879 93 909 ’.
155 865 240 926 πᾶς
262 865 286 916 ό
308 861 506 931 ὀμνύων
535 861 590 911 ὲν
615 858 760 928 αὐτῷ
781 876 793 889 ·
825 859 906 910 ὅτι
956 856 1229 928 ὲνεφράγη
1263 855 1433 925 στόμα
1457 851 1675 906 λαλούν-

93 1017 98 1026 ,
152 973 238 1008 των
265 953 428 1008 ἄδικα.
459 971 475 1003 ι
508 951 718 1022 Σφόδρα
750 950 1066 1022 παραδόξως
1103 947 1336 1002 ἐνταῦθα
1368 946 1430 999 τὸ
1460 945 1552 998 τοῦ
1585 944 1679 1014 βα-

90 1045 96 1053 ’
155 1046 310 1108 σιλέως
350 1043 587 1113 εἰσῆκται
619 1043 816 1113 ὄνομα·
848 1039 1008 1095 Δαυῒδ
1058 1041 1153 1110 μὲν
1185 1037 1294 1110 γὰρ
1342 1037 1556 1106 φεύγων
1589 1035 1678 1088 τὸν

154 1136 310 1199 Σαοὺλ,
339 1135 424 1187 καὶ
455 1135 552 1204 τὴν
593 1133 793 1204 ἔρημον
818 1134 916 1204 τῆς
949 1131 1210 1194 Ἰουδαίας
1245 1129 1408 1184 οἰκῶν
1437 1128 1555 1181 καθ’
1587 1127 1678 1190 οὓς

153 1228 292 1282 ταῦτα
320 1227 458 1295 ἔλεγε
490 1227 733 1298 χρόνους,
769 1226 1058 1286 δείκνυται,
1093 1224 1153 1277 οὐ
1192 1223 1297 1294 μὴν
1327 1223 1426 1294 ήδη
1457 1238 1558 1274 που
1593 1219 1679 1290 βαι

154 1320 340 1374 σιλεύων
358 1336 370 1350 ·
393 1319 560 1372 Σαοὺλ
585 1317 662 1380 δὲ,
692 1315 908 1387 κρατῶν
936 1314 1030 1368 τοῦ
1054 1314 1259 1378 ἔθνους,
1281 1312 1380 1383 τῆς
1405 1311 1685 1382 βασιλείας,

150 1416 320 1484 ἠγεῖτο.
361 1411 512 1474 Ποῖος
561 1405 654 1463 οὖν
699 1408 952 1478 βασιλεὺς
993 1406 1430 1478 εὐφρανθήσεται
1479 1403 1569 1455 ἐπὶ
1599 1400 1677 1472 τῷ

148 1503 270 1574 Θεῷ;
299 1502 426 1556 Ἀλλ’
458 1503 574 1574 ἐρεῖ
617 1517 700 1564 τις
746 1500 886 1554 κατά
929 1498 1235 1570 πρόγνωσιν
1265 1495 1359 1549 τοῦ
1398 1494 1677 1566 μέλλοντος

149 1595 279 1649 αὐτὸν
307 1592 649 1664 σημαίνεσθαι
676 1592 762 1644 τὸν
795 1591 954 1644 Δαυῖδ
975 1608 988 1620 ο
1022 1589 1222 1661 ἤμελλε
1245 1588 1352 1660 γὰρ
1375 1588 1496 1640 ὅσον
1526 1583 1678 1638 οὔπω

148 1686 519 1754 τελευτήσαντος
551 1682 640 1736 τοῦ
678 1682 846 1736 Σαοὺλ
910 1681 1208 1752 βασιλεύειν
1237 1679 1417 1742 αὐτός.
1454 1679 1678 1748 ’Έτερος

146 1775 193 1828 δέ
233 1791 347 1845 φησι
387 1775 477 1827 καὶ
515 1775 624 1826 τότ’
672 1774 773 1843 ήδη
827 1771 1054 1842 βασιλέα
1088 1768 1226 1826 εἶναι
1259 1771 1453 1824 αὐτόν’
1489 1767 1674 1837 ἐπειδὴ

148 1868 361 1936 κέχριστο
391 1866 490 1919 ὐπὸ
517 1864 611 1918 τοῦ
646 1864 897 1936 Σαμουὴλ
922 1866 1002 1928 εἰς
1040 1862 1285 1934 βασιλέα,
1311 1864 1403 1916 καὶ
1431 1861 1577 1932 παρά
1599 1859 1676 1930 τῷ

147 1955 242 2027 Θεῷ
274 1955 532 2025 λελόγιστο
566 1955 664 2027 ἥδη
705 1953 956 2026 βασιλεύς
980 1970 992 1983 ·
1025 1955 1084 2006 οὐ
1123 1954 1228 2025 μὴν
1257 1951 1390 2006 ἀλλὰ
1426 1953 1520 2006 καὶ
1549 1952 1676 2004 ἐθα-

147 2048 289 2101 σίλευε
322 2048 408 2102 τοῦ
438 2049 687 2112 συνόντος
724 2047 872 2119 αὐτῷ
925 2046 1160 2118 πλήθους
1183 2085 1198 2110 ,
1241 2039 1300 2099 οῦ
1343 2044 1610 2115 μέμνηται
1644 2045 1676 2114 ή

147 2139 343 2210 ἱστορία.
375 2139 524 2192 Ἐπεὶ
548 2139 724 2191 τοίνυν
756 2136 817 2190 τὸ
849 2136 999 2200 τέλος
1029 2135 1138 2189 τῶν
1163 2133 1490 2188 ἐλαυνόντων
1519 2132 1678 2186 αὐτὸν

145 2231 440 2301 παρέστησεν
463 2230 490 2282 6
518 2229 695 2298 λόγος,
724 2227 946 2291 εἰκότως
975 2227 1069 2280 καὶ
1099 2224 1261 2279 αὐτοῦ
1283 2225 1357 2287 ὼς
1384 2223 1448 2276 ἂν
1478 2223 1678 2294 πολλὴν

144 2323 474 2395 ὲνδειξαμένου
511 2321 798 2394 προκοπὴν
827 2320 896 2372 τά
925 2319 1054 2388 τέλη
1100 2317 1209 2370 τῶν
1255 2317 1430 2370 πόνων
1469 2331 1680 2387 προφη-

143 2417 340 2471 τεύεται.
369 2415 452 2468 Διύ
482 2415 703 2483 λέγεται
722 2431 736 2444 ο
763 2431 780 2464 ι
804 2413 860 2466 '0
889 2412 946 2466 δὲ
979 2409 1230 2482 βασιλεὺς
1254 2408 1678 2481 εὐφρανθήσεται

143 2510 217 2563 ἐπὶ
237 2508 305 2580 τῷ
324 2508 486 2580 Θεῷ.»
516 2507 607 2571 Ὠς
627 2508 736 2577 γὰρ
759 2506 1002 2573 γενναῖος
1029 2503 1122 2556 τοῦ
1144 2501 1277 2555 Θεοῦ
1305 2499 1558 2571 ἀθλητὴς,
1582 2517 1686 2573 μετ

143 2603 306 2670 γάλους
345 2601 555 2670 ἀγῶνας
601 2596 914 2662 διεξελθὼν,
957 2595 1227 2669 βραϐείων
1269 2610 1330 2646 τε
1375 2595 1469 2646 καὶ
1520 2591 1678 2646 θείων

144 2695 378 2764 στεφάνων
405 2692 839 2764 κατηξιωμένος,
869 2687 1205 2760 εὐφροσύνης
1239 2685 1537 2741 ἀπολαύσει
1577 2686 1678 2755 τῆς

143 2788 248 2858 παρ’
277 2787 412 2858 αὐτῷ
437 2787 512 2857 τῷ
551 2783 879 2855 ἀγωνοθέτῃ.
911 2783 1118 2853 ’Ὠσπερ
1149 2781 1258 2852 γάρ
1289 2782 1337 2834 οἱ
1363 2778 1546 2852 ἐχθροὶ
1577 2777 1674 2830 αὐ-

140 2878 216 2932 τοῦ
241 2879 374 2943 τέλος
396 2880 491 2932 οὐκ
519 2877 695 2932 αἴσιον
722 2875 1024 2946 εἰλήφασιν,
1057 2875 1136 2938 είς
1167 2873 1235 2927 τὰ
1269 2871 1558 2927 κατώτατα
1580 2869 1678 2940 τῆς

139 2973 224 3042 γῆς
251 2971 562 3034 εἰσελθόντες
583 3013 597 3036 ,
631 2970 724 3022 καὶ
775 2967 1174 3041 παραδοθέντες
1206 2967 1284 3028 είς
1316 2967 1501 3036 χεῖρας
1547 2965 1678 3033 ῥομ-

139 3064 305 3130 φαίας,
349 3064 559 3135 μερίδες
589 3079 648 3114 τε
702 3060 999 3114 ἀλωπέκων
1043 3057 1356 3127 γενόμενοι·
1403 3054 1439 3108 ὃ.
1481 3053 1545 3124 δὴ
1585 3051 1678 3104 καὶ

1779 575 1968 642 edidit,
2024 575 2138 629 hare
2193 573 2524 642 subjungit:
2584 571 2740 626 «Rex
2795 588 2922 626 vero
2965 571 3235 626 laetabitur
3284 570 3341 624 in

1779 661 1930 718 Deo:
1973 663 2338 717 laudabuntur
2370 676 2558 716 omnes
2604 661 2698 731 qui
2735 662 2922 730 jurant
2979 662 3032 715 in
3071 676 3157 724 eo,
3211 659 3340 729 quia

1777 756 2116 810 obstructum
2146 761 2228 808 est
2271 769 2332 808 os
2366 753 2702 824 loquentium
2755 753 2994 822 iniqua.»
3045 751 3237 806 Mirum
3284 751 3340 805 in

1778 849 1998 900 modum
2035 846 2126 900 hic
2158 847 2300 916 regis
2337 861 2534 900 nomen
2577 844 2859 898 inductum
2895 852 3014 899 est:
3069 844 3338 914 siquidem

1779 941 1948 996 David
1979 957 2126 1003 cum,
2171 949 2231 996 ut
2255 941 2772 1004 demonstravimus,
2811 954 2919 1009 quo
2951 945 3194 1008 tempore
3228 939 3341 992 haec

1778 1033 1996 1088 dicebat
2039 1049 2068 1086 a
2111 1032 2272 1088 Saule
2324 1033 2554 1105 fugeret,
2593 1033 2980 1100 desertumque
3023 1027 3225 1083 Iudaeae
3256 1029 3343 1083 in-

1777 1128 1999 1193 coleret,
2035 1128 2273 1181 nondum
2311 1143 2403 1181 rex
2439 1138 2559 1182 crat
2585 1168 2600 1192 ,
2651 1125 2747 1180 sed
2803 1122 2934 1178 Saul
2966 1123 3114 1192 genti
3162 1123 3337 1190 impe-

1776 1236 1906 1275 rans
1948 1235 2172 1289 regnum
2209 1219 2507 1274 obtinebat.
2543 1217 2678 1284 Quis
2704 1232 2831 1286 ergo
2863 1231 2955 1268 rex
2989 1213 3262 1267 laetabitur
3284 1211 3338 1264 in

1778 1309 1922 1363 Deo?
1981 1307 2086 1362 Sed
2135 1308 2278 1363 dicet
2333 1307 2625 1376 quispiam,
2676 1323 2740 1360 ex
2776 1292 3118 1375 przescientia
3169 1300 3338 1355 futuri

1776 1406 1952 1473 ipsum
1983 1402 2239 1457 Davidem
2279 1403 2555 1456 indicare:
2587 1401 2738 1455 brevi
2769 1413 3022 1467 namque,
3052 1407 3175 1466 post
3202 1409 3344 1450 mor-

1775 1506 1882 1553 tem
1922 1497 2120 1560 Saulis,
2157 1504 2486 1565 regnaturus
2511 1495 2624 1562 ipse
2658 1501 2795 1548 erat.
2844 1491 2996 1545 Dicet
3027 1491 3193 1553 alius,
3225 1489 3340 1558 jam

1777 1598 1888 1643 tum
1926 1588 2182 1642 Davidem
2217 1587 2386 1642 fuisse
2427 1602 2633 1656 regem,
2676 1591 2863 1653 utpote
2914 1597 2944 1634 a
2981 1580 3240 1634 Samuele
3285 1579 3341 1632 in

1775 1699 1956 1753 regem
1991 1689 2238 1747 unctum,
2275 1690 2437 1750 atque
2465 1687 2522 1733 ut
2573 1679 2734 1732 talem
2775 1691 2804 1728 a
2841 1675 2952 1730 Deo
2987 1681 3338 1744 reputatum;

1778 1776 1886 1830 imo
1917 1776 2079 1830 etiam
2114 1783 2244 1828 tunc
2279 1772 2539 1841 temporis
2581 1783 2839 1839 regnasse
2877 1769 2930 1820 in
2967 1774 3182 1837 gentem
3217 1777 3341 1818 sese

1779 1867 2151 1927 comitantem,
2207 1863 2366 1931 cujus
2409 1860 2658 1915 meminit
2705 1858 2954 1911 historia.
2999 1853 3142 1920 Quia
3176 1853 3342 1922 igitur

1779 1959 2177 2030 insequentium
2208 1959 2386 2028 ipsum
2426 1955 2584 2008 linem
2621 1966 2801 2006 sermo
2832 1948 3164 2012 declaravit,
3198 1959 3336 1997 con-

1778 2059 2068 2122 sequenter
2111 2051 2286 2120 ipsius
2326 2062 2564 2118 quoque,
2618 2051 2806 2113 utpote
2859 2055 3057 2109 magno
3089 2035 3338 2107 profectu

1778 2145 1946 2203 aucti,
1982 2143 2229 2196 laborum
2275 2140 2434 2194 ﬁnem
2466 2135 2820 2191 vaticinatur.
2877 2130 3058 2197 Quare
3096 2126 3335 2181 dicitur:

1785 2255 1802 2288 ι
1834 2234 1948 2290 Rex
1978 2251 2106 2289 vero
2139 2232 2411 2287 laetabitur
2442 2231 2496 2282 in
2548 2227 2710 2281 Deo.)
2765 2223 2897 2278 Nam
2929 2231 2987 2275 ut
3037 2231 3339 2290 generosus

1779 2327 1871 2384 Dei
1904 2327 2128 2388 athleta,
2189 2323 2400 2394 magnis
2447 2312 2611 2375 editis
2654 2313 3067 2374 certaminibus,
3102 2309 3342 2380 praemiis

1778 2419 2086 2487 divinisque
2126 2417 2346 2470 coronis
2383 2414 2643 2474 donatus,
2675 2425 2760 2469 ea,
2799 2422 2920 2478 qua:
2952 2419 3116 2474 penes
3157 2402 3339 2469 ipsum

1779 2512 2158 2583 agonotbetam
2204 2515 2309 2570 est,
2350 2507 2532 2560 laetitia
2569 2503 2803 2556 fruetur.
2871 2497 2943 2553 Ut
2995 2512 3026 2551 e
3075 2505 3345 2549 converso

1779 2603 1983 2658 inimici
2001 2603 2119 2672 ejus
2144 2615 2252 2654 non
2285 2600 2522 2653 faustum
2551 2597 2712 2649 tinem
2742 2592 3119 2651 obtinuerunt,
3144 2585 3345 2656 quippe

1777 2696 1871 2766 qui
1898 2695 1953 2748 in
1982 2693 2242 2748 inferiora
2271 2698 2432 2745 terra:
2465 2685 2724 2756 ingressi.
2757 2691 2809 2737 et
2839 2679 3024 2735 traditi
3065 2678 3120 2732 in
3144 2688 3343 2728 manus

1777 2790 1961 2862 gladii,
1995 2795 2176 2858 partes
2227 2783 2467 2852 vulpium
2514 2779 2734 2833 fuerint.
2796 2774 2928 2840 Quae
2971 2770 3040 2823 ad
3099 2768 3343 2822 litteram

1778 2856 2149 2952 impleta—esse
2182 2877 2236 2929 in
2281 2871 2513 2927 historia
2563 2873 2841 2928 narratur,
2873 2859 3093 2933 quando
3135 2859 3203 2911 ab
3237 2856 3345 2910 ini-

1776 2951 1936 3027 micis
1984 2969 2196 3038 fugiens
2229 2963 2358 3019 Saul
2400 2962 2640 3016 latebras
2669 2955 2970 3028 quaerebat,
3007 2951 3347 3022 petitamquo

1778 3063 1940 3118 aDeo
1994 3076 2150 3132 opem
2196 3075 2304 3113 non
2332 3056 2590 3116 obtinuit,
2625 3065 2802 3120 neque
2845 3047 3028 3100 divino
3080 3053 3346 3110 responso

139 3133 575 3228 érthpoﬁro‘rrpog
604 3153 746 3218 λέξιν
787 3152 928 3207 κατά
966 3151 1062 3223 τὴν
1106 3149 1375 3220 ἱστορίαν,
1411 3147 1672 3216 ὁπηνίκα,

1780 3157 2036 3226 dignatus
2063 3161 2186 3220 est;
2223 3153 2296 3206 ita
2346 3160 2404 3204 ut
2448 3147 2570 3202 ideo
2621 3138 3110 3215 engastrimytham
3143 3133 3342 3193 adiret,

141 3243 322 3312 φεύγων
344 3246 369 3298 6
396 3244 568 3298 Σαοὺλ
594 3245 717 3306 τοὺς
746 3241 1057 3313 πολεμίους,
1084 3237 1472 3312 ὲκρυπτάζετο,
1497 3236 1672 3308 ζητῶν

139 3353 185 3389 τε
211 3337 342 3408 παρὰ
364 3337 452 3391 τοῦ
487 3337 621 3390 Θεοῦ
659 3335 928 3407 βοήθειαν,
958 3335 1055 3404 οὐχ
1099 3333 1349 3401 εὕρισκεν
1371 3349 1384 3361 ·
1416 3330 1528 3384 ἀλλ’
1555 3330 1673 3383 οὐδὲ

140 3429 444 3501 ἀποκρίσεως
475 3429 627 3494 θείας
655 3427 899 3498 ἠξιοῦτο·
926 3427 1000 3490 ὼς
1026 3425 1114 3480 διὰ
1147 3424 1288 3478 τοῦτ’
1320 3425 1489 3477 ἐλθεῖν
1513 3423 1674 3477 αὐτὸν

139 3521 216 3574 ἐπὶ
239 3522 324 3593 τὴν
343 3521 794 3593 ὲγγαστρίμυθον,
819 3521 912 3573 καὶ
939 3519 1410 3590 πολυπραγμονεῖν
1442 3515 1507 3569 τά
1533 3517 1674 3586 ἀπη-

141 3614 404 3685 γορευμένα
433 3616 539 3668 ὐπὸ
565 3613 662 3667 τοῦ
695 3613 852 3666 Θεοῦ.
878 3612 1010 3665 Τότε
1042 3610 1172 3679 γοῦν
1206 3608 1420 3680 ἀληθῶς
1459 3609 1674 3680 μερίδες

141 3706 398 3762 ἀλωπέκων
435 3707 719 3777 γεγόνασιν
751 3705 912 3769 αὐτός
946 3723 1003 3758 τε
1048 3704 1142 3758 καὶ
1179 3704 1226 3756 οἱ
1254 3703 1348 3756 σὺν
1382 3700 1547 3771 αὐτῷ.
1583 3700 1674 3753 Διό

142 3798 218 3850 καὶ
245 3799 674 3869 καταλειφθέντες
701 3798 804 3850 ὐπὸ
833 3796 926 3850 τοῦ
959 3796 1094 3850 Θεοῦ
1120 3836 1134 3859 ,
1163 3798 1229 3866 τῇ
1255 3795 1363 3848 τῶν
1403 3793 1672 3863 πολεμίων

142 3889 351 3962 ῥομφαίᾳ
371 3892 740 3964 παρεδόθησαν
759 3891 1014 3952 πεσόντες
1036 3891 1093 3941 ἐν
1114 3887 1191 3958 τῷ
1219 3887 1672 3957 πολέμῳ.”Ωσπερ

143 3975 215 4033 οὖν
239 3982 394 4036 ταῦτα
429 3985 654 4054 μηδέπω
685 3983 952 4053 γενόμενα
983 3980 1124 4034 κατὰ
1153 3979 1457 4051 πρόγνωσιν
1489 3977 1672 4048 εἴρητο

143 4071 368 4140 μέλλοντα
406 4075 622 4128 ἔσεσθαι
665 4078 774 4138 τοῖς
821 4074 910 4127 τὸν
956 4072 1118 4126 Δαυῒδ
1150 4071 1491 4124 ἐλαύνουσιν·
1531 4070 1672 4122 οὓτω

139 4164 214 4215 καὶ
237 4164 369 4236 αὐτῷ
393 4165 460 4218 τά
487 4164 637 4218 αἴσια
663 4163 789 4234 τέλη
812 4162 873 4215 τὸ
902 4161 1122 4232 Πνεῦμα
1146 4160 1205 4212 τὸ
1234 4159 1385 4227 ἀγιον
1411 4155 1670 4225 ὰνεφώνει

137 4251 267 4320 λέγον
285 4272 296 4283 ·
329 4273 346 4306 ι
367 4256 421 4308 Ὀ
452 4255 508 4308 δέ
542 4254 788 4326 βασιλεὺς
813 4251 1244 4324 εὐφρανθήσεται
1275 4248 1366 4300 ἐπὶ
1390 4247 1466 4317 τῷ
1484 4245 1618 4317 Θεῷ.
1645 4265 1664 4297 ι

148 4341 370 4408 Ἐλπίσας
402 4346 510 4416 γὰρ
554 4347 645 4398 ἐπὶ
696 4345 784 4398 τόν
812 4344 942 4398 Θεὸν
963 4386 976 4408 ,
1029 4345 1121 4396 καὶ⁹
1168 4342 1266 4412 τὴν
1299 4340 1460 4393 αὐτοῦ
1493 4337 1669 4410 ψυχὴν

139 4437 344 4503 συνάψας
370 4439 546 4511 αὐτῷ,
575 4439 648 4502 ὡς
673 4439 842 4490 εἰπεῖν
868 4476 882 4500 ,
923 4457 942 4490 ‹
981 4435 1270 4506 Ἐκολλήθη
1387 4433 1530 4504 ψυχή
1567 4451 1667 4503 μου

1780 3256 1832 3303 et
1871 3264 1900 3300 a
1931 3247 2038 3301 Deo
2075 3246 2240 3299 vetita
2273 3241 2545 3296 curiosius
2578 3235 2898 3304 inquireret.
2953 3226 3108 3280 Tunc
3151 3234 3340 3275 revera

1782 3349 1962 3412 partes
2004 3338 2246 3408 vulpium
2293 3336 2462 3395 fuere,
2497 3345 2620 3384 cum
2654 3326 2899 3388 ille,tum
2925 3317 3154 3374 comites
3200 3313 3345 3381 ejus.

1779 3403 1960 3500 Quare
1982 3433 2079 3486 abs
2101 3403 2223 3484 iDeo
2251 3424 2519 3486 derelicti,
2546 3417 2730 3492 gladio
2761 3403 3345 3500 inimicorumgtraditi

1780 3498 1928 3588 sunt,
1961 3531 2014 3577 et
2047 3522 2101 3574 in
2136 3520 2278 3575 bello
2303 3516 2640 3571 ceciderunt.
2700 3509 2854 3562 Sicut
2892 3504 3057 3574 igitur
3092 3498 3182 3553 illa
3212 3510 3347 3550 non-

1779 3615 1908 3668 dum
1945 3613 2110 3674 edita,
2145 3606 2564 3678 insequentibus
2606 3599 2864 3654 Davideni
2906 3595 3229 3654 obventura,
3277 3601 3345 3640 ex

1780 3709 2121 3779 praescientia
2150 3701 2610 3758 renuntiabantur
2629 3738 2642 3760 ,
2676 3695 2750 3747 ita
2771 3698 2825 3746 et
2857 3689 2960 3757 ipsi
2990 3681 3178 3737 Davidi
3211 3692 3344 3749 pro-

1780 3772 1997 3870 sperum
2027 3797 2182 3851 linem
2223 3792 2461 3864 Spiritus
2482 3796 2705 3842 sanctus
2736 3778 3061 3850 praedicebat
3101 3772 3184 3825 his
3216 3783 3343 3822 ver-

1782 3896 1886 3958 bis,
1927 3913 1942 3943 ι
1970 3891 2085 3944 Rex
2114 3903 2244 3943 vero
2265 3860 2537 3940 laetabitur
2569 3880 2623 3932 in
2670 3875 2833 3929 Deo.»
2901 3869 3036 3925 Cum
3084 3862 3228 3918 enim
3283 3860 3341 3913 in

1778 3986 1888 4041 Deo
1934 3998 2082 4054 spem
2120 3977 2382 4050 posuerit,
2436 3973 2649 4042 ipsique
2697 3966 2934 4020 animam
2987 3951 3343 4025 conjunxerit

1776 4053 2056 4138 suam,ita
2088 4081 2147 4125 ut
2181 4069 2348 4129 dicat,
2387 4085 2402 4115 ι
2429 4061 2670 4117 Αίιιιαιεὶι
2702 4057 2882 4111 anima
2913 4064 3030 4106 mea
3065 4053 3186 4119 post
3211 4053 3282 4107 te,
3311 4059 3330 4093 ι

1779 4180 2068 4237 supernam
2097 4179 2126 4216 a
2160 4160 2267 4214 Deo
2326 4156 2564 4211 laatitiam
2606 4145 2907 4204 obtinebit.
2966 4141 3045 4194 Ac
3089 4131 3342 4205 quisquis

1777 4224 1878 4312 hac
1911 4254 1978 4308 de
2007 4269 2064 4306 re
2090 4250 2312 4320 juravit,
2350 4254 2408 4300 ut
2442 4245 2580 4298 bene
2614 4239 2824 4310 prolato
2869 4235 3183 4302 juramento
3222 4224 3340 4276 lau—

1777 4349 2033 4412 dabitur;
2093 4318 2242 4406 sive,
2275 4337 2574 4395 secundum
2618 4331 2890 4400 Aquilam,
2958 4343 2975 4374 ι
3005 4318 3342 4375 Gloriabitur

1775 4443 1867 4516 qui
1891 4409 2039 4511 jurat
2063 4439 2116 4492 in
2152 4451 2270 4490 eo.»
2313 4432 2445 4485 Nam
2476 4426 2727 4498 quisquis
2767 4419 2898 4474 nihil
2935 4416 3212 4474 dubitans,
3249 4409 3341 4476 ju-

135 4527 281 4583 ὀπίσω
308 4549 395 4584 σου
418 4573 430 4596 ,
468 4553 485 4584 ι
527 4535 626 4604 τῆς
673 4534 932 4589 ἀνωτάτω
969 4530 1215 4594 τεύξεται
1266 4525 1415 4596 παρὰ
1448 4526 1523 4596 τῷ
1551 4527 1668 4597 Θεῷ

1777 4507 2020 4589 ramento
2055 4522 2422 4583 aliirmaverit,
2475 4531 2655 4587 regem
2690 4531 2717 4566 a
2751 4507 3026 4581 proposita
3061 4517 3156 4572 spe
3189 4515 3335 4552 nun-

137 4621 453 4697 εὐφροσύνης.
489 4627 596 4680 Καὶ
625 4629 732 4690 πᾶς
769 4627 825 4678 δέ
851 4627 877 4678 ὁ
911 4625 1002 4676 ἐπὶ
1047 4620 1254 4681 τούτοις
1285 4618 1450 4687 ὀμνὺς
1493 4619 1568 4680 ὡς
1607 4619 1673 4672 ἂν

136 4712 344 4784 εὐορκῶν
369 4716 780 4789 ἐπαινεθήσεται
801 4734 814 4748 ·
846 4717 877 4788 ἢ
909 4715 1049 4770 κατά
1082 4712 1172 4765 τὸν
1201 4707 1453 4770 Ἀκύλαν,
1491 4731 1507 4761 ι
1530 4713 1677 4764 Καυ-

137 4807 327 4872 χήσεται
353 4810 378 4861 6
403 4809 612 4879 ὀμνύων
641 4813 699 4862 ἐν
721 4810 889 4882 αὐτῷ.
925 4830 942 4862 ι
978 4810 1035 4863 '0
1062 4809 1169 4880 γὰρ
1198 4808 1269 4880 μὴ
1299 4805 1672 4881 ἀμφιϐἀλλων,

135 4897 246 4952 ἀλλὰ
280 4903 367 4954 καὶ
404 4902 564 4974 ὅρκον
589 4904 868 4975 τιθέμενος
907 4903 1035 4975 περὶ
1066 4902 1160 4954 τοῦ
1191 4904 1395 4973 μήποτε
1428 4900 1677 4952 ἐκπεσεῖ-

136 4991 237 5046 σθαι
265 4996 348 5049 τὸν
377 4997 596 5068 βασιλέα
635 4999 734 5069 τῆς
762 4995 1177 5069 ἐπηγγελμένης
1203 4993 1414 5056 ἐλπίδος
1431 5033 1444 5058 ,
1478 4987 1675 5042 ὡσανεὶ

135 5085 374 5157 εὐορκῶν,
416 5091 850 5156 ἐπαινεθήσεται.
888 5087 998 5141 Καὶ
1035 5085 1205 5138 ταῦτα
1239 5084 1388 5137 ἔσται
1426 5082 1554 5154 περδ⁹
1584 5080 1674 5133 τὸν

136 5175 326 5244 βασιλέα
342 5184 578 5255 καὶπερὶ
601 5185 774 5237 πάντα
787 5181 878 5234 τὸν
905 5178 1144 5250 ὀμνύντα
1170 5177 1296 5249 περὶ
1320 5174 1507 5235 αὐτοῦ,
1522 5193 1540 5226 ι
1555 5174 1673 5225 ’Ὁτι

134 5269 375 5344 ἐνεφρὰγη
404 5275 463 5327 τὸ
497 5276 670 5348 στόμα
696 5274 997 5328 λαλούντων
1028 5271 1210 5325 ἄδικα.
1255 5289 1272 5320 ι
1313 5267 1449 5322 Καθ’
1481 5265 1672 5336 ἑτέραν

134 5359 179 5412 δὲ
201 5361 418 5419 διάνοιαν
454 5366 546 5419 τοῦ
576 5367 778 5420 δικαίου
824 5362 1195 5433 τελειουμένου
1230 5359 1370 5414 κατά
1408 5357 1504 5420 τὰς
1537 5358 1672 5410 ἀπο-

134 5448 346 5520 δοθείσας
373 5459 427 5510 ἐν
458 5459 621 5530 ἀρετῇ
655 5456 936 5530 προκοπὰς
956 5495 971 5519 ,
999 5455 1178 5526 χαίρει
1203 5453 1296 5506 καὶ
1325 5451 1671 5522 εὐφραίνεται

137 5543 160 5592 6
189 5545 417 5613 βασιλεὺς
441 5592 454 5613 ,
486 5553 514 5603 6
549 5551 641 5603 τοῦ
687 5549 820 5602 Θεοῦ
849 5547 1157 5618 Μονογενὴς
1184 5545 1311 5607 Υίὺς
1334 5540 1670 5613 εὐχαριστῶν

138 5632 201 5703 τῷ
227 5638 401 5692 ἑαυτοῦ
436 5641 626 5710 Πατρὶ,
649 5640 724 5711 τῷ
754 5639 823 5692 τὰ
845 5626 1144 5710 τηλικαῦτα
1167 5635 1478 5706 χαρίσματα
1510 5631 1670 5684 δεδω⁸

141 5727 330 5799 ρημένῳ
363 5733 426 5802 τῇ
461 5729 570 5784 τῶν
603 5731 900 5802 ἀνθρώπων
931 5729 1085 5798 φύσε.
1125 5727 1322 5781 Τοῦτον
1357 5724 1413 5776 δὲ
1455 5721 1543 5775 τὸν
1573 5720 1670 5790 βα-
1710 5771 1714 5787 ,

141 5815 269 5871 «ιλέα
293 5823 319 5873 6
345 5824 517 5892 γνοὺς,
547 5823 638 5876 καὶ
663 5823 842 5896 ὅρκιον
868 5820 1032 5875 αὐτοῦ
1067 5818 1380 5888 ποιούμενος
1408 5813 1664 5882 τοῦνομα,

1775 4641 1936 4697 quam
1968 4623 2246 4690 lapsurum
2284 4628 2426 4673 esse,
2465 4617 2524 4663 ut
2580 4607 2673 4676 qui
2723 4610 2869 4657 recte
2898 4593 3186 4668 juravcrit.
3221 4591 3340 4642 lau-

1773 4681 2036 4770 dabitur:
2061 4711 2124 4764 Et
2155 4710 2270 4762 haec
2313 4704 2626 4772 contingent
2658 4705 2773 4749 tum
2820 4691 2955 4760 regi,
2993 4697 3105 4740 tum
3148 4685 3214 4737 iis
3245 4681 3339 4751 qui

1775 4807 1842 4860 de
1880 4806 1997 4875 ipso
2041 4797 2369 4872 juraverint,
2422 4813 2438 4843 ι
2467 4791 2596 4861 quia
2640 4788 2984 4842 obstructum
3029 4785 3113 4831 est
3158 4790 3220 4828 os
3259 4773 3340 4825 Io-

1776 4873 2059 4970 quentium
2091 4892 2300 4961 iniqua.
2327 4905 2345 4938 ι
2399 4881 2711 4940 Secundum
2749 4877 2910 4930 aliam
2952 4884 3082 4925 vero
3119 4873 3342 4921 senten-

1774 4969 1907 5047 tiam
1941 4987 2261 5055 cumjustus
2287 4981 2548 5036 virtutum
2580 4969 2826 5042 profectu
2853 4970 3047 5017 auctus
3077 4972 3338 5013 consum-

1773 5093 1988 5146 matur,
2044 5050 2174 5132 tunc
2217 5073 2415 5145 gaudet
2457 5084 2552 5122 rex
2603 5071 2657 5119 ct
2703 5059 2962 5122 exsultat,
3012 5050 3339 5120 Unigenitus

1776 5175 1985 5231 scilicet
2018 5169 2111 5225 Dei
2140 5137 2331 5228 Filius,
2383 5157 2530 5212 Patri
2564 5169 2665 5210 suo
2711 5148 2916 5221 gratias
2945 5143 3210 5200 referens,
3247 5137 3339 5205 qui

1773 5265 2028 5319 humanae
2063 5267 2268 5313 naturae
2305 5259 2454 5305 tanta
2488 5246 2786 5318 gratiarum
2833 5239 2974 5291 dona
3019 5229 3337 5288 contulerit.

1773 5357 1933 5412 Hunc
1993 5367 2157 5424 porro
2206 5360 2386 5416 regem
2437 5341 2532 5412 qui
2577 5335 2810 5399 noverit,
2846 5333 3075 5399 ejusque
3120 5321 3339 5376 nomine

1771 5451 1836 5505 ad
1887 5411 2262 5520 juramentum
2293 5451 2426 5492 usus
2491 5431 2674 5491 fuerit,
2712 5429 2757 5482 is
2805 5439 2935 5479 sane
2987 5417 3134 5473 omni
3177 5411 3337 5467 laude

1772 5503 1970 5610 dignus
2005 5533 2306 5592 habeatur;
2349 5533 2537 5594 utpote
2586 5519 2676 5589 qui
2727 5510 3031 5571 edidicerit,
3067 5506 3187 5575 ejus
3225 5503 3332 5555 vir-

1771 5595 1886 5684 tute
1914 5628 2122 5696 justum
2151 5621 2617 5676 consummatum,
2651 5617 2703 5664 et.
2730 5623 2793 5662 os
2825 5601 3102 5674 quodlibet
3135 5595 3336 5661 injusta

1773 5682 1943 5768 multa
1977 5707 2261 5780 proferens
2293 5703 2638 5758 obstruetum
2669 5696 2859 5750 fuisse.
2915 5685 3142 5743 Etiamsi
3190 5682 3335 5738 enim

1773 5810 2059 5876 aliquanto
2101 5808 2349 5868 tempore
2408 5804 2729 5847 concessum
2763 5783 2941 5857 impiis
2977 5780 3098 5842 fuit,
3152 5782 3338 5829 uteie
