3808 6280
415 316 522 373 6ίὸ

1087 314 1355 371 EUSEBII
1397 314 1873 372 CxESARIENSlS
1909 316 1978 373 Οῐ

2103 315 2288 374 PARS
2317 312 2410 372 ili.
2455 341 2524 357 --
2563 310 2970 367 EXEGETICA.
3533 311 3617 373 6l6

407 435 614 504 injusta
647 431 819 488 multa
873 429 1203 502 proferrent,
1237 439 1292 487 et
1324 431 1642 503 blasphema
1671 432 1818 487 dicta
1848 439 1978 487 co‘n-

2085 431 2283 496 παντὸς
2314 429 2510 500 γένοιτ’
2539 427 2605 481 ἂν
2636 429 2859 481 ἐπαίνου
2894 425 3062 492 ἄξιος,
3093 423 3168 492 ὼς
3197 425 3264 481 ἂν
3301 426 3620 500 μεμαθηκὼςν

405 534 490 580 tra
544 525 751 594 justum
805 524 1096 596 ipsumque
1152 523 1323 580 De'tm
1375 533 1718 597 spargerent,
1768 532 1978 596 utpote,

406 615 500 687 qui
545 615 694 668 viros
727 613 813 670 sui
864 628 1034 670 causa
1076 613 1264 680 pulsos
1297 630 1406 668 non
1450 615 1842 681 ulcisceretur;
1872 614 1981 670 illis

406 723 540 763 sane
573 723 682 762 non
732 708 1085 779 permittetur
1115 719 1174 762 ut
1224 707 1290 762 ad
1324 709 1486 763 linem
1525 724 1700 779 usque
1730 707 1856 761 talia
1886 707 1982 762 de-

406 800 712 866 blatereﬁt;
771 800 867 854 sed
919 815 982 856 os
1049 799 1277 870 impium
1345 801 1589 870 ipsorum
1640 801 1978 864 obstruetur,

405 893 752 962 t-essahitque
805 891 896 945 illa
945 899 1140 946 contra
1190 893 1310 962 pios
1355 891 1606 947 homines
1645 893 1978 962 arrogantia,

405 998 529 1036 eum
560 984 682 1039 illos
708 991 1042 1038 memoratus
1071 984 1195 1038 linis
1234 983 1529 1054 exceperit.

2081 523 2162 573 ὅτι
2203 521 2268 590 τῇ
2315 519 2479 572 αὑτοῦ
2529 517 2755 587 δυνάμει
2802 519 2896 570 καὶ
2923 519 2950 569 ὁ
2975 517 3180 580 δίκαιος
3212 516 3486 590 ἐτελειώθη
3507 559 3520 584 ,
3548 521 3624 574 καὶ

2085 613 2192 665 πᾶν
2227 611 2396 683 στόμα
2420 609 2482 663 τό
2513 609 2678 664 πολλὰ
2719 608 2911 661 λαλοῦν
2941 608 3098 661 ἄδικα
3125 608 3418 678 ἐνεφράγη.
3449 610 3507 662 El
3535 610 3624 683 γὰρ

2083 705 2176 758 καὶ
2202 705 2272 758 τὰ
2308 705 2540 775 μάλιστα
2569 703 2743 775 καιρῷ
2776 719 2881 756 τινι
2916 705 3271 774 συνεχωρεῖτο
3299 702 3376 772 τῷ
3398 701 3498 754 τῶν
3517 704 3622 756 ἀσε-

2082 799 2191 853 ϐῶν
2236 799 2461 869 στόματι
2491 795 2667 850 λαλεῖν
2715 796 2874 849 ἄδικα
2909 798 3002 849 καὶ
3050 795 3523 866 καταϐλασφημεῖν
3549 797 3624 850 τοῦ

2080 891 2312 954 δικαίου,
2342 889 2434 943 καὶ
2473 890 2637 942 αὑτοῦ
2661 888 2754 942 τοῦ
2783 889 2942 954 Θεοῦ,
2991 888 3065 951 ὡς
3099 889 3263 960 μηδὲν
3291 888 3624 960 ἐπαμύνοντος

2090 987 2204 1048 τοῖς
2231 982 2297 1036 δι’
2321 983 2480 1036 αὑτὸν
2501 981 2891 1052 ἐλαυνομένοις·
2912 981 3023 1034 ἀλλ’
3046 982 3146 1033 οὑκ
3169 982 3248 1043 εἰς
3269 980 3416 1043 τέλος
3437 975 3625 1034 τοιαῦτα

405 1074 583 1127 λαλεῖν
618 1073 1162 1145 συγχωρηθήσονται·
1194 1077 1534 1148 φραγήσεται
1580 1076 1637 1130 δὲ
1686 1077 1866 1132 αὐτῶν
1917 1076 1978 1130 τὸ
2014 1076 2208 1140 ἀσεϐὲς
2236 1076 2431 1147 στόμα,
2491 1076 2585 1128 καὶ
2611 1077 2644 1145 ἡ
2677 1075 2816 1129 κατά
2845 1076 2953 1128 τῶν
3019 1074 3281 1143 θεοφιλῶν
3316 1073 3516 1146 ἀνδρῶν
3550 1091 3624 1145 με’

406 1167 676 1238 γαλαυχία
704 1167 1070 1238 παυθήσεται,
1113 1168 1330 1224 ἐπειδὰν
1376 1167 1658 1241 καταλάϐῃ
1691 1169 1890 1234 αὐτοὺς
1918 1169 1988 1223 τὰ
2021 1168 2390 1242 προλεχθέντα
2427 1167 2577 1238 τέλη.

587 1283 739 1356 ι.ςιΝ
769 1282 980 1337 mw
1011 1282 1578 1358 PSALMUSIDAVID
1617 1284 1798 1340 Lxm.

484 1397 651 1453 Vens.
687 1398 742 1460 2,
778 1399 830 1452 5.
887 1416 907 1448 ι
933 1397 1164 1463 Exaudi,
1222 1397 1389 1463 Deus,
1437 1399 1745 1454 orationem
1778 1413 1979 1463 meam,

410 1508 534 1546 cum
592 1491 892 1561 deprecor:
939 1506 971 1544 a
1015 1491 1210 1546 timore
1273 1491 1483 1547 inimici
1531 1493 1685 1563 eripe
1741 1493 1982 1548 animam

409 1598 638 1637 meam.»
701 1581 948 1638 Praesens
982 1598 1198 1654 quoque
1228 1585 1472 1654 psalmus
1504 1584 1558 1638 in
1589 1586 1752 1641 linem
1791 1587 1982 1640 remit-

411 1675 496 1738 tit,
530 1691 638 1746 quo
667 1675 855 1730 bravia
887 1692 1139 1748 supernae
1172 1678 1506 1736 vocationis.
1533 1688 1588 1733 et
1618 1678 1850 1747 justitiaa
1888 1693 1983 1733 co-

2214 1285 2320 1338 ΕῐΣ
2356 1285 2444 1338 ΤΟ
2481 1285 2699 1338 ΤΕΛΟΣ
2735 1284 3025 1338 ΨΔΛΜΟΣ
3061 1284 3149 1354 Τῼ
3184 1283 3382 1337 ΔΑΥΙΔ
3418 1281 3528 1336 EI".

2163 1417 2182 1449 ‹
2212 1397 2540 1452 Είσάκουσον
2559 1438 2574 1463 ,
2619 1400 2648 1452 ό
2676 1397 2838 1464 Θεὸς,
2867 1397 3173 1469 προσευχῆς
3208 1415 3311 1468 μου
3364 1398 3419 1449 ἐν
3468 1397 3536 1467 τῷ
3560 1397 3627 1450 δέ·

2088 1493 2243 1548 εσθαί
2273 1510 2339 1564 με
2359 1533 2374 1557 ,
2401 1493 2508 1546 ἀπὸ
2535 1493 2700 1562 φόϐου
2727 1481 2922 1563 ἐχθροῦ
2945 1491 3124 1558 ἐξέλου
3150 1492 3249 1562 τὴν
3268 1491 3446 1561 ψυχήν
3477 1507 3580 1560 μου.
3609 1510 3623 1541 ι

2086 1586 2198 1640 Καὶ
2225 1587 2255 1638 ὁ
2290 1584 2479 1657 παρὼν
2503 1584 2714 1657 ψαλμδς
2750 1586 2830 1648 εἰς
2860 1583 2922 1637 τὸ
2950 1582 3099 1647 τέλος
3137 1583 3483 1653 ἀναπέμπει·
3516 1584 3564 1635 ὲν
3594 1575 3629 1649 ᾧ

2085 1677 2156 1732 τὰ
2199 1678 2424 1751 βραδεῖα
2449 1678 2549 1748 τῆς
2581 1678 2693 1732 ἄνω
2723 1679 2970 1750 κλήσεως
2993 1716 3008 1741 ,
3047 1677 3136 1730 καὶ
3165 1677 3294 1739 τοὺς
3336 1676 3434 1745 τῆς
3459 1674 3628 1728 δικαιο-

409 1784 596 1831 ronas,
627 1769 717 1838 qui
750 1769 950 1822 bonum
999 1777 1276 1825 certamen
1322 1779 1691 1834 certaverunt,
1722 1787 1752 1825 a
1783 1787 1978 1842 magno

2089 1770 2253 1842 σύνης
2283 1771 2575 1839 στεφάνους
2597 1771 2644 1824 οἱ
2666 1770 2757 1824 τὸν
2788 1770 2973 1840 ἀγῶνα
2998 1769 3089 1822 τὸν
3117 1769 3279 1823 καλὸν
3302 1767 3630 1840 διηγωνισμέ-

408 1858 503 1913 ἱΗο
533 1859 857 1928 agonotheta
890 1859 1167 1928 accepturi
1209 1869 1357 1914 sunt.
1407 1859 1590 1926 Quare
1619 1861 1672 1916 in
1709 1861 1980 1931 principio

410 1949 626 2018 psalmi,
680 1948 887 2003 inimici
922 1959 977 2004 et
1021 1949 1194 2020 iniqui
1230 1948 1480 2005 homines
1534 1959 1727 2005 contra
1765 1949 1978 2020 justum

410 2041 756 2111 insurgentes
783 2041 1151 2107 inducuntur;
1189 2042 1244 2096 in
1276 2042 1383 2098 fine
1414 2050 1596 2099 autem
1644 2043 1814 2098 totius
1858 2058 1978 2098 ser-

408 2135 588 2189 monis
625 2151 775 2204 spem
802 2135 999 2190 bonam
1031 2135 1286 2206 obsignat
1330 2136 1415 2192 bis
1447 2136 1652 2201 verbis,
1704 2153 1724 2187 ι
1750 2135 1982 2191 laetabi-

410 2228 703 2296 turjustus
733 2229 788 2281 in
823 2226 1076 2292 Domino,
1106 2236 1160 2282 et
1192 2229 1436 2298 sperabit
1479 2229 1532 2283 in
1563 2243 1653 2293 eo,
1697 2239 1751 2284 et
1789 2229 1980 2285 lauda-

408 2318 616 2372 buntur
657 2335 850 2374 omnes
900 2321 1033 2374 recti
1069 2321 1288 2374 corde.»
1333 2320 1520 2375 Talem
1579 2321 1822 2376 futurum
1856 2336 1980 2376 esse

409 2411 572 2463 linem
605 2411 763 2466 docet
793 2427 981 2466 eorum
1015 2412 1108 2482 qui
1157 2427 1258 2482 pro
1305 2412 1520 2482 iustitia
1569 2422 1978 2469 concertarunt.

407 2499 722 2572 Religiosus
759 2519 888 2558 vero
931 2504 1155 2568 athleta,
1193 2520 1224 2557 a
1257 2505 1535 2560 sexcentis
1573 2504 1831 2560 hostibus
1875 2505 1980 2560 ini-

409 2595 676 2663 micisque
722 2595 936 2657 animm,
968 2611 1076 2649 non
1107 2596 1284 2650 solum
1310 2595 1640 2662 visibilibus,
1687 2596 1781 2650 sed
1815 2598 1979 2652 etiam

408 2685 638 2740 occultis
673 2685 985 2756 impetibus,
1037 2686 1102 2740 ad
1137 2702 1305 2740 unum
1338 2684 1505 2741 Deum
1536 2685 1802 2758 confugit,
1834 2687 1982 2758 ejus-

408 2791 514 2845 que
543 2777 802 2831 auxilium
836 2778 1094 2846 postulat,
1121 2778 1235 2834 haec
1265 2785 1475 2833 tantum
1519 2795 1625 2833 non
1662 2780 1976 2848 proferens:

411 2889 430 2921 ι
454 2868 512 2924 Si
544 2869 686 2927 Deus
715 2886 814 2941 pro
841 2871 1020 2936 nobis,
1048 2873 1170 2942 quis
1207 2881 1396 2928 contra
1441 2888 1542 2930 nos
1559 2875 1639 2928 ’°?
1664 2894 1681 2926 ι
1708 2873 1983 2941 Quamob-

408 2978 520 3018 rem
561 2964 815 3033 precibus
873 2964 967 3019 dat
1006 2979 1244 3036 operam,
1297 2965 1465 3021 Deum
1517 2967 1781 3022 invocans
1811 2975 1866 3021 et
1898 2967 1983 3020 di-

404 3071 574 3112 cens:
611 3057 881 3122 «Exaudi,
929 3058 1094 3126 Deus,
1123 3059 1426 3115 orationem
1469 3075 1670 3125 meam,
1715 3074 1840 3114 eum
1885 3060 1982 3115 de-

408 3165 622 3219 precor.
655 3169 672 3201 )
710 3149 813 3215 Qui
845 3166 974 3205 vero
1003 3151 1317 3221 hujusmodi
1343 3168 1451 3208 non
1483 3160 1587 3218 est,
1633 3153 1728 3209 sed
1777 3154 1978 3208 divinis
2007 3186 2049 3245 Ω

407 3243 693 3310 prmceptis
740 3257 848 3296 non
900 3243 1257 3313 obtemperat,
1300 3251 1452 3298 tanta
1504 3245 1701 3300 ﬁducia
1750 3245 1825 3300 uti
1872 3262 1978 3300 non

408 3334 586 3385 valet:
627 3348 733 3402 qua
789 3349 1045 3388 mensura
1082 3337 1227 3389 enim
1269 3337 1546 3397 metimur.
1578 3338 1767 3392 eadem
1804 3354 1981 3394 reme-

407 3423 574 3476 tietur
604 3425 782 3479 nobis.
830 3425 1176 3496 Quapropter
1213 3427 1266 3480 in
1311 3427 1620 3484 Proverbiis
1665 3429 1781 3484 haec
1824 3430 1983 3484 inob-

407 3518 766 3586 sequentibus
809 3517 899 3572 Dei
953 3517 1228 3588 Sapientia
1275 3520 1478 3574 edicit:
1537 3519 1720 3587 «Quia
1767 3522 1979 3587 vocavi,

404 3616 460 3663 et
489 3624 596 3662 non
644 3610 934 3672 obedistis,
979 3610 1198 3664 extendi
1244 3625 1550 3677 sermones,
1584 3620 1638 3667 et
1667 3626 1776 3665 non
1806 3620 1982 3665 atten-

405 3703 596 3768 distis;
638 3701 732 3757 sed
766 3703 920 3758 irrita
971 3703 1180 3757 fecistis
1232 3704 1458 3759 consilia
1504 3719 1640 3768 mea,
1696 3708 1980 3776 praeceptis

405 3804 584 3850 autem
615 3797 752 3851 meis
787 3811 894 3851 non
928 3797 1370 3868 obtemperastis.
1407 3796 1596 3868 Itaque
1629 3815 1731 3869 ego
1761 3813 1982 3869 quoque

403 3887 458 3940 in
493 3889 719 3942 interitu
753 3898 934 3943 vestro
963 3887 1262 3944 ridebo".i
1308 3887 1422 3944 Erit
1451 3891 1594 3944 enim
1629 3897 1842 3961 tempus
1870 3907 1980 3961 quo

407 3981 738 4034 invocabitis
770 3997 876 4045 me,
929 3993 979 4034 et
1017 3997 1118 4052 ego
1162 3997 1274 4035 non
1328 3983 1640 4038 exaudiam.
1698 3984 1754 4038 Si
1814 3985 1979 4054 igitur

403 4073 654 4125 exaudiri
692 4074 947 4127 volumus
985 4090 1109 4126 eum
1159 4075 1478 4130 invocamus
1513 4075 1705 4140 Deum,
1740 4076 1976 4146 idipsum

404 4179 506 4220 nos
569 4166 773 4220 divinis
847 4168 1134 4237 praeceptis
1191 4169 1635 4239 obtemperantes
1686 4170 1976 4224 faciamus.

404 4255 559 4311 Tune
593 4257 745 4311 enim‘
774 4260 942 4312 multa
973 4274 1096 4312 eum
1135 4259 1332 4314 fiducia
1375 4274 1477 4316 nos
1507 4277 1723 4332 quoque
1753 4261 1864 4318 Deo
1891 4262 1978 4316 di-

403 4361 527 4402 cere
562 4349 902 4418 poterimus:
943 4367 960 4399 ι
994 4348 1222 4414 Exaudi,
1258 4349 1423 4416 Deus,
1456 4351 1762 4409 orationem
1800 4368 1977 4408 meam

399 4452 524 4492 cum
556 4439 840 4508 deprecor.
870 4459 887 4489 ι
910 4439 1050 4505 Quid
1080 4447 1258 4493 autem
1290 4442 1480 4496 beatus
1508 4441 1676 4496 David
1711 4445 1976 4513 precaba-

2083 1879 2164 1915 νοι
2225 1863 2374 1934 παρά
2403 1861 2497 1915 τοῦ
2531 1862 2764 1933 μεγάλου
2791 1862 3052 1932 λήψονται
3077 1859 3439 1931 ἀγωνοθέτου.
3472 1860 3552 1913 Διὸ
3577 1863 3628 1913 τα

2085 1954 2184 2025 μὲν
2231 1955 2424 2027 πρῶτα
2465 1954 2558 2008 τοῦ
2601 1955 2815 2026 ψαλμοῦ
2859 1955 3086 2027 ἐχθροὺς
3115 1956 3325 2024 εἰσάγει
3370 1957 3465 2009 καὶ
3497 1972 3632 2026 πονη-

2086 2044 2412 2116 ρευομένους
2440 2045 2902 2116 ἐπανισταμένους
2931 2045 3007 2116 τῷ
3032 2045 3225 2116 δικαίῳ
3247 2061 3260 2075 ·
3292 2047 3350 2099 ἐν
3381 2046 3437 2099 δὲ
3466 2045 3536 2117 τῷ
3562 2047 3632 2099 τέ·

2081 2135 2162 2189 λει
2194 2136 2288 2188 τοῦ
2318 2136 2518 2200 παντὸς
2545 2135 2703 2207 λόγου
2732 2136 2977 2207 χρηστὰς
3004 2137 3224 2202 ἐλπίδας
3263 2139 3626 2211 ἐπισφραγίζει

2079 2244 2172 2280 ται
2203 2227 2373 2296 λέγων
2393 2244 2407 2258 ·
2440 2247 2458 2278 ι
2496 2227 2944 2299 Εύφρανθήσεται
2999 2228 3205 2293 δίκαιος
3243 2231 3302 2283 ἐν
3328 2230 3408 2300 τῷ
3440 2233 3629 2304 Κυρίῳ,

2082 2319 2177 2372 καὶ
2223 2319 2402 2372 ἐλπιεῖ
2441 2320 2527 2372 ἐπ’
2551 2319 2714 2374 αύτόν
2733 2336 2746 2350 ·
2779 2319 2874 2372 καὶ
2905 2320 3351 2392 ἐπαινεθήσονται
3387 2321 3572 2384 πάντες
3592 2321 3630 2374 οἱ

2082 2410 2258 2475 εύθεῖς
2286 2413 2352 2482 τῇ
2385 2411 2600 2483 καρδίᾳ.
2634 2431 2652 2462 ι
2683 2410 2922 2465 Τοιαῦτα
2957 2411 3026 2465 τά
3053 2413 3180 2485 τέλη
3210 2413 3320 2466 τῶν
3348 2414 3486 2486 ὑπὲρ
3508 2415 3633 2467 εύσε⁴

2083 2503 2234 2568 Gaia;
2262 2505 2646 2574 ἠγωνισμένων
2671 2500 2810 2558 εἶναι
2843 2504 3101 2560 διδάσκει.
3135 2507 3194 2560 '0
3223 2507 3287 2574 γέ
3316 2524 3399 2560 τοι
3421 2508 3515 2579 τῆς
3535 2505 3630 2559 020-

2084 2597 2297 2662 σεϐείας
2311 2597 2566 2670 ἀθλητὴς,
2588 2598 2813 2669 μυρίους
2841 2598 2979 2669 ἔχων
3001 2598 3226 2670 ἐχθροὺς
3250 2600 3346 2654 καὶ
3372 2600 3632 2670 πολεμίους

2082 2689 2184 2761 τῆς
2220 2689 2385 2744 αὑτοῦ
2409 2690 2606 2762 ψυχῆς,
2639 2690 2740 2762 οὐχ
2761 2692 2990 2761 όρατοὺς
3029 2691 3208 2762 μόνον,
3240 2691 3378 2745 ἀλλά
3406 2693 3496 2746 καὶ
3519 2693 3632 2761 deus

2084 2787 2226 2848 νεῖς,
2281 2784 2425 2855 μόνῳ
2458 2783 2794 2855 προσφεύγει
2835 2784 2914 2854 τῷ
2949 2783 3066 2854 Θεῷ
3097 2785 3193 2838 καὶ
3213 2787 3315 2855 τὴν
3343 2785 3472 2856 παρ’
3495 2783 3631 2838 αὐτοῦ

2087 2875 2335 2946 βοήθειαν
2363 2879 2539 2938 αἰτεῖ,
2573 2876 2854 2948 μονονουχὶ
2887 2876 3091 2944 λέγων·
3133 2896 3152 2927 ι
3183 2877 3247 2930 Εἰ
3288 2879 3316 2930 ό
3350 2878 3481 2942 Θεὸς
3519 2877 3632 2948 ὑπὲρ

2085 2971 2273 3042 ἡμῶν,
2317 2971 2403 3034 τίς
2457 2971 2579 3024 καθ’
2614 2971 2769 3042 ἡμῶν
2797 2988 2811 3037 ;
2843 2990 2861 3021 ι
2895 2972 2986 3025 Διὸ
3019 2975 3142 3035 ταῖς
3175 2973 3367 3042 εὐχαῖς
3417 2971 3632 3044 σχολάζει

2082 3060 2173 3114 τὸν
2204 3061 2336 3114 Θεὸν
2366 3059 2803 3132 ἀνακαλούμενος
2836 3061 2928 3116 καὶ
2956 3061 3158 3131 λέγων·
3199 3081 3218 3113 ι
3251 3062 3585 3124 Είσάκουσον,
3610 3063 3634 3114 ό

2083 3151 2248 3216 Θεὸς,
2293 3152 2601 3223 προσευχῆς
2633 3169 2733 3223 μου
2761 3153 2818 3205 ἐν
2863 3152 2941 3222 τῷ
2970 3152 3184 3208 δέεσθαι
3223 3171 3310 3224 με.
3352 3174 3371 3206 ι
3419 3155 3474 3208 '0
3502 3153 3632 3224 δὲμὴ

2081 3246 2322 3310 τοιοῦτος
2343 3285 2356 3308 ,
2387 3245 2714 3317 παρακούων
2745 3246 2801 3298 δέ
2834 3245 2942 3299 τῶν
2971 3245 3064 3298 τοῦ
3108 3246 3245 3300 Θεοῦ
3275 3247 3631 3318 παραγγελμά-

2081 3355 2207 3403 των,
2233 3338 2333 3391 οῦκ
2366 3339 2430 3390 ἂν
2457 3337 2674 3389 δύναιτο
2714 3335 2952 3408 χρῆσθαι
2980 3338 3047 3408 τῇ
3077 3335 3317 3408 τοσαύτῃ
3347 3337 3628 3409 παρρησία·

2079 3423 2123 3494 ᾧ
2145 3427 2252 3498 γὰρ
2281 3427 2462 3499 μέτρῳ
2494 3427 2799 3498 μετροῦμεν
2833 3429 3248 3499 ἁντιμετρεῖται
3277 3429 3430 3498 ἡμῖν.
3467 3428 3633 3496 Διόπερ

2081 3522 2138 3574 ἐν
2165 3519 2494 3590 Παροιμίαις
2534 3521 2567 3590 ἡ
2594 3517 2688 3571 τοῦ
2723 3518 2858 3572 Θεοῦ
2897 3519 3057 3589 σοφία
3087 3519 3224 3590 πρὸς
3265 3522 3391 3584 τοὺς
3421 3520 3632 3581 ἀπειθεῖς

2081 3611 2422 3665 ἀποτείνεται
2467 3610 2734 3679 λέγουσα·
2778 3631 2796 3662 ι
2839 3611 2979 3664 Ἀνθ’
3023 3605 3098 3664 ὧν
3133 3611 3384 3675 ἐκάλουν,
3436 3613 3524 3666 καὶ
3554 3614 3631 3679 οὐχ

2081 3702 2446 3772 ὑπηκούσατε,
2475 3703 2568 3756 καὶ
2599 3702 2862 3768 ἐξέτεινον
2886 3703 3097 3773 λόγους,
3122 3706 3215 3758 καὶ
3241 3706 3302 3758 ού
3328 3705 3628 3776 προσείχετε·

2080 3794 2196 3848 ἀλλ’
2239 3794 2476 3866 ἀκύρους
2529 3797 2762 3848 ἐποιεῖτε
2807 3797 2909 3860 τὰς
2956 3796 3095 3868 ἐμὰς
3146 3796 3382 3867 βουλὰς,
3439 3801 3548 3861 ταῖς
3588 3795 3632 3846 δὲ

2081 3890 2240 3960 ἐμαῖς
2279 3888 2517 3952 ἐντολαῖς
2554 3889 2613 3941 ού
2665 3889 3004 3960 προσείχετε.
3049 3890 3351 3962 Τοιγαροῦν
3394 3891 3538 3960 κάγὼ
3579 3891 3632 3960 τῇ

2081 3980 2322 4052 ὑμετέρᾳ
2368 3981 2614 4052 ἀπωλείᾳ
2653 3981 3064 4053 ἐπιγελάσομαι.
3108 4002 3127 4034 ι
3178 3985 3373 4038 Ἔσται
3424 3985 3524 4054 γὰρ
3562 3984 3630 4035 ὅτε

2081 4075 2467 4129 ἐπικαλέσεσθέ
2494 4093 2582 4148 με,
2608 4075 2718 4145 ἐγὼ
2749 4077 2804 4130 δὲ
2830 4079 2928 4131 ούκ
2955 4077 3363 4147 είσακούσομαι.
3393 4080 3452 4132 Εἰ
3480 4077 3630 4131 τοίνυν

2082 4167 2458 4221 εἰσακούεσθαι
2489 4168 2787 4240 βουλόμεθα
2821 4173 2879 4224 ἐν
2910 4165 2990 4233 οἷς
3020 4170 3250 4241 δεόμεθα
3269 4171 3363 4224 τοῦ
3389 4169 3630 4235 Genium!

2083 4262 2237 4314 αὐτοὶ
2269 4260 2426 4314 τοῦτο
2452 4263 2778 4333 πράττωμεν
2808 4266 2919 4328 τοῖς
2951 4264 3042 4317 τοῦ
3065 4263 3200 4317 Θεοῦ
3231 4265 3633 4336 παραγγέλμασι

2082 4354 2434 4419 καταπειθεῖς
2461 4357 2792 4428 γιγνόμενοι.
2827 4358 2960 4410 Τότε
2990 4357 3101 4430 γὰρ
3127 4360 3222 4411 σὺν
3251 4359 3417 4430 πολλῇ
3453 4360 3630 4430 mpm-

2084 4449 2173 4520 σίᾳ
2198 4449 2293 4502 καὶ
2322 4449 2474 4502 αὐτοὶ
2507 4449 2672 4518 φάναι
2697 4450 3042 4522 δυνησόμεθα
3067 4450 3144 4521 τῷ
3165 4451 3285 4522 Θεῷ
3310 4469 3324 4482 ·
3354 4472 3371 4503 ι
3401 4453 3628 4505 Εἱσάκουο

400 4538 492 4584 tur
541 4530 724 4601 (illius
785 4547 1038 4601 namque,
1089 4540 1148 4587 ut
1190 4534 1424 4595 aestimo,
1477 4535 1642 4588 verba
1703 4544 1868 4604 sunt,
1905 4553 1972 4592 eo

2083 4559 2201 4605 σον,
2225 4545 2254 4595 ὁ
2275 4541 2406 4606 Θεὸς
2427 4583 2441 4606 ,
2469 4543 2568 4613 τῆς
2604 4545 2911 4615 προσευχῆς
2940 4562 3040 4615 μου
3080 4545 3136 4597 ἐν
3163 4545 3240 4615 τῷ
3270 4545 3478 4600 ὄέεσθαί
3505 4561 3580 4616 με.
3607 4562 3622 4594 ι

401 4629 643 4692 tempore
680 4623 890 4691 prolata
923 4639 1032 4692 quo
1073 4640 1101 4677 a
1136 4623 1301 4680 Saule
1331 4634 1384 4680 ct
1419 4627 1716 4683 comitibus
1741 4629 1863 4696 ejus
1895 4628 1974 4682 fu-

401 4715 642 4785 giebat),
711 4723 768 4768 ut
801 4715 982 4770 anima
1043 4717 1216 4786 ipsius
1250 4733 1278 4770 a
1317 4718 1512 4773 timore
1545 4720 1751 4774 inimici
1797 4723 1974 4790 eripe-

402 4817 572 4871 retur,
609 4823 715 4861 non
749 4815 928 4862 autem
959 4818 1016 4862 ut
1050 4810 1306 4864 inimicos
1355 4826 1464 4864 non
1498 4812 1743 4875 haberet,
1782 4821 1876 4867 aut
1914 4822 1973 4867 ut

399 4901 631 4955 consilia
677 4915 867 4953 eorum
912 4901 1365 4968 eliminarentur;
1424 4903 1519 4957 sed
1567 4905 1749 4958 anima
1797 4907 1973 4975 ipsius

401 4993 772 5062 imperterrita
803 5001 856 5046 et
888 4992 1159 5062 intrepida
1185 5003 1467 5061 maneret;
1506 5003 1565 5049 ut
1611 4996 1976 5066 imperturba-

398 5095 513 5138 tum
569 5099 768 5155 gcrens
819 5084 1088 5144 animum,
1131 5085 1248 5155 ipse
1279 5085 1508 5156 perinde
1562 5095 1725 5157 atque
1768 5086 1972 5144 Paulus

398 5180 639 5233 diceret:
685 5197 703 5228 ε
730 5176 788 5231 1η
839 5178 1097 5232 omnibus
1131 5178 1542 5234 tribulationem
1579 5181 1841 5249 patimur,
1877 5181 1974 5236 sed

398 5287 506 5324 non
541 5272 955 5340 angustiamur;
989 5271 1421 5340 persecutionem
1453 5272 1711 5341 patimur,
1737 5273 1830 5329 sed
1864 5290 1976 5330 non

398 5365 868 5434 derelinquimur;
914 5365 1227 5432 dejicimur.
1281 5363 1378 5420 sed
1437 5381 1546 5420 non
1606 5366 1848 5436 perimus
1870 5366 1970 5421 ".i

399 5455 525 5510 llaec
559 5471 683 5510 cum
716 5454 826 5510 Deo
855 5455 1064 5512 diceret
1108 5455 1301 5519 David,
1350 5472 1458 5511 non
1509 5465 1627 5512 erat
1680 5458 1977 5513 beneficio-

395 5560 542 5608 rum,
575 5560 695 5615 qua:
733 5546 836 5601 sibi
885 5547 1093 5616 pridem
1127 5549 1326 5604 collata
1378 5547 1614 5609 fuerant,
1662 5549 1968 5606 immemor.

396 5640 577 5706 Quare
615 5641 682 5696 de
723 5642 1013 5712 praeteritis
1061 5645 1266 5714 gratias
1312 5658 1500 5715 agens,
1550 5644 1753 5700 infert:
1795 5664 1812 5694 ι
1840 5643 1967 5698 Pro-

467 5798 515 5832 "
547 5796 702 5852 Rom.
738 5812 861 5860 vm,
885 5798 973 5852 51.
1049 5800 1093 5830 ⁹⁷
1124 5798 1282 5853 Prov.
1319 5816 1358 5864 ι,
1383 5800 1577 5854 ε-ι-εθ.

2081 4633 2146 4686 Τί
2183 4634 2239 4687 δὲ
2275 4634 2442 4687 ἐδεῖτο
2486 4636 2514 4687 ὁ
2560 4635 2828 4706 μακάριος
2855 4637 3018 4688 Δαυῖδ
3038 4653 3052 4700 ;
3087 4636 3270 4705 (αὐτοῦ
3303 4638 3409 4708 γάρ
3437 4639 3561 4690 εἰσιν
3587 4634 3626 4687 oi

2078 4725 2250 4794 λόγοι,
2290 4724 2365 4787 ὡς
2399 4723 2551 4796 οἶμαι
2571 4769 2585 4790 ,
2612 4727 2753 4779 κατά
2784 4727 2908 4791 τοὺς
2937 4727 3160 4800 χρόνους
3188 4730 3499 4799 εἰρημένοι,
3526 4723 3627 4780 καθ’

2079 4816 2170 4880 οὒς
2208 4817 2298 4872 τὸν
2337 4817 2508 4870 Σαοὺλ
2535 4817 2728 4887 ἔφευγε
2764 4821 2857 4872 καὶ
2899 4821 3024 4882 τοὺς
3055 4820 3151 4872 σὺν
3180 4821 3330 4892 αύτῷ
3356 4839 3369 4852 ·
3390 4823 3406 4891 )
3428 4822 3520 4892 τὴν
3542 4819 3626 4887 ψυ-

2083 4909 2185 4979 χὴν
2217 4910 2381 4962 αὑτοῦ
2427 4910 2686 4981 ρυσθῆναι
2716 4910 2823 4964 ἀπὸ
2853 4912 3017 4982 φόϐου
3046 4913 3242 4984 ἐχθροῦ
3265 4954 3279 4976 ,
3307 4915 3406 4967 ούκ
3431 4911 3626 4984 extimis:

2085 5001 2159 5072 μὴ
2185 4999 2359 5070 ἔχειν,
2399 5001 2518 5054 οὐδὲ
2542 5001 2640 5064 τὰς
2672 5002 2894 5056 ἐκείνων
2926 5005 3365 5077 ἀποκρουσθῆναι
3399 4999 3626 5076 προαιρέ-

2083 5108 2223 5156 σεις·
2252 5092 2350 5164 τὴν
2369 5093 2426 5146 δὲ
2456 5092 2619 5147 αὑτοῦ
2653 5095 2830 5167 ψυχὴν
2860 5096 3096 5168 ἄτρομον
3117 5097 3211 5152 καὶ
3251 5097 3529 5168 ἁπτόητον,
3547 5093 3625 5146 καὶ

2076 5183 2278 5253 ἄφοδον
2308 5185 2700 5259 διατηρεῖσθαι,
2723 5187 2892 5253 ὅπως,
2918 5190 2976 5243 ἐν
3005 5189 3113 5254 ἕξει
3139 5189 3424 5259 γενόμενος
3449 5189 3622 5256 ἀταρα-

2079 5275 2217 5342 ξίας,
2247 5278 2380 5352 λέγῃ
2404 5279 2497 5332 καὶ
2530 5279 2688 5341 αὐτὸς
2719 5282 2921 5350 ὁμοίως
2948 5280 3144 5351 Παύλῳ
3167 5299 3180 5312 ·
3197 5301 3214 5334 ι
3239 5283 3330 5336 Ἑν
3364 5280 3513 5335 παντὶ
3531 5278 3619 5330 θλισ

2075 5369 2295 5442 δόμενοι
2320 5413 2334 5434 ,
2363 5372 2475 5426 ἀλλ’
2508 5373 2569 5426 ού
2600 5373 3131 5446 στενοχωρούμενοι·
3165 5374 3492 5447 διωκόμενοι,
3524 5370 3614 5425 ἀλλ’

2082 5464 2183 5516 οὐκ
2222 5465 2736 5536 ἐγκαταλειπόμενοι
2761 5483 2774 5496 ·
2828 5466 3326 5538 καταϐαλλόμενοι,
3388 5464 3495 5522 ἀλλ’
3538 5461 3612 5515 oin

2077 5553 2458 5626 ἀπολλύμενοι.
2475 5575 2492 5606 ι
2516 5557 2699 5625 Λέγων
2715 5558 2770 5611 δὲ
2797 5559 2968 5612 ταῦτα
2985 5559 3120 5631 πρὸς
3133 5559 3225 5614 τὸν
3251 5559 3380 5614 Θεὸν
3411 5559 3438 5611 ό
3459 5553 3616 5613 Δαυῖδ.

2071 5647 2170 5699 ούκ
2231 5648 2531 5720 ἠμνημόνει
2594 5649 2702 5702 τῶν
2755 5649 2856 5722 ἤδη
2901 5650 3164 5723 πρότερον
3221 5655 3300 5715 εἰς
3349 5648 3500 5704 αὑτὸν
3539 5659 3611 5714 γε·

1690 5803 1732 5835 ⁸⁸
1763 5801 1805 5855 ιι
1839 5803 1960 5856 Cor.
1990 5820 2061 5869 ιν,
2095 5804 2146 5868 8,
2185 5805 2236 5856 9.
