3808 6280
188 337 293 393 617

188 453 433 523 νομένων
454 454 802 526 ευεργεσιῶν,
842 458 933 509 Διὸ
971 459 1309 529 εὐχαριστῶν
1340 465 1431 517 ἐπὶ
1472 470 1581 531 τοῖς

185 545 483 615 (εαηκόσιν,
515 547 772 614 ἐπιλέγει·
807 566 824 598 ι
849 548 1187 615 Ἐσκέπασάς
1224 571 1291 623 με
1321 557 1427 609 ἀπὸ
1462 561 1769 631 συστροφῆς

186 638 662 707 πονηρευομένων,
686 637 795 689 ἀπὸ
828 638 1063 709 πλήθους
1094 643 1475 715 ἐργαζομένων
1502 650 1728 704 ἀδικίαν.
1746 672 1762 701 ι

190 724 332 795 Ἤδη
374 724 485 795 γὰρ
524 729 719 797 πεῖραν
747 727 981 798 εἰληφὼς
1015 730 1126 783 τῶν
1164 732 1485 801 φθασάντων
1518 741 1601 802 είς
1634 740 1731 811 ἐμὲ
1752 781 1765 803 ,

183 814 385 868 οὔποτε
417 816 587 887 λήθην
614 818 793 870 αὐτῶν
839 821 1169 891 ποιήσασθαι
1202 824 1431 897 δύναμαι
1452 845 1465 858 °
1500 830 1680 901 φέρων
1711 832 1767 884 δὲ

183 904 329 958 αὐτὰ
362 903 450 959 διὰ
480 908 679 969 παντὸς
713 910 770 962 ὲν
804 910 1029 981 μνήμῃ,
1074 913 1392 985 εὐχάριστος
1423 922 1595 973 εἰσαεὶ
1635 939 1766 991 τυγ-

181 998 355 1067 χάνω.
391 1000 579 1069 Ὅμως
618 1000 675 1052 δὲ
716 1002 809 1053 καὶ
859 1002 954 1053 νῦν
984 1004 1085 1073 τῆς
1117 1007 1289 1076 αὐτῆς
1318 1008 1452 1072 άξιῶ
1486 1012 1638 1083 παρὰ
1673 1014 1765 1067 σοῦ

183 1088 438 1159 βοηθείας
471 1093 673 1160 τυχεῖν.
716 1090 872 1144 Κατὰ
898 1092 953 1144 δὲ
987 1097 1113 1158 τοὺς
1143 1096 1360 1163 λοιποὺς
1394 1103 1764 1173 ὲρμηνευτὰς,

184 1182 285 1249 μία
320 1182 415 1233 καὶ
442 1184 473 1252 ἠ
507 1183 642 1253 αὑτὴ
672 1183 1014 1252 πεφύλακται
1039 1185 1131 1240 τοῦ
1160 1188 1316 1257 λόγου
1352 1191 1608 1263 ἔγκλησις
1631 1233 1644 1260 ,
1673 1198 1767 1248 καὶ

183 1272 283 1341 μία
330 1273 533 1325 διάνοια
564 1273 672 1325 τῶν
713 1273 1050 1345 είρημένων·
1085 1279 1163 1332 διὸ
1197 1278 1441 1333 λέλεκται
1485 1284 1626 1338 κατὰ
1676 1285 1766 1337 τὸν

182 1363 515 1435 Σύμμαχοψ
553 1383 570 1414 ι
602 1365 965 1429 Εὶσάκουσον,
1017 1370 1045 1420 ὁ
1091 1368 1253 1435 Θεὸς,
1297 1372 1398 1442 τῆς
1432 1374 1615 1444 φωνῆς
1663 1392 1764 1444 μου

178 1452 644 1524 προσλαλοῦντος,
678 1456 785 1507 ἀπὸ
818 1456 1130 1527 ἐκπλήξεως
1169 1462 1363 1533 ἐχθροῦ
1410 1465 1766 1535 περιφράξεις

175 1544 277 1614 τήν
310 1543 455 1616 ζωήν
483 1563 584 1617 μου
606 1564 618 1575 ·
653 1546 882 1616 κρύψεις
918 1565 983 1618 με
1032 1551 1140 1603 ἀπὸ
1179 1554 1497 1622 συσκέψεων
1528 1558 1763 1626 κακούρ-

173 1653 313 1705 γων,
352 1637 461 1690 ἀπὸ
492 1639 777 1707 κυκήσεως
807 1638 1189 1710 ἐργαζομένων
1220 1644 1452 1698 ἀδικίαν.
1485 1665 1504 1696 ι
1542 1648 1614 1697 Οὐ
1657 1646 1764 1717 γὰρ

172 1728 253 1793 ὡς
285 1732 413 1800 περὶ
446 1731 852 1802 παρῳχηκότων
874 1771 887 1795 ,
925 1732 1039 1784 ἀλλ’
1073 1734 1150 1797 ὠς
1181 1736 1308 1807 περὶ
1358 1737 1659 1807 μελλόντων
1696 1738 1763 1791 τὰ

171 1820 276 1874 ὂλα
329 1820 579 1891 εἴρηται,
626 1822 719 1875 καὶ
770 1822 909 1875 κατὰ
957 1826 1083 1888 τοὺς
1139 1825 1360 1889 λοιποὺς
1420 1826 1763 1898 ἐρμηνευτὰς
1794 1828 1836 1882 Β

169 1908 399 1979 ὁμοίως.

252 2041 271 2073 ι
301 2024 513 2087 Οἴτινες
540 2025 814 2102 ἠκόνησαν
845 2028 920 2091 ὼς
947 2027 1221 2099 ῥομφαίας
1249 2028 1351 2091 τὰς
1380 2027 1761 2096 γλώσσαςθαῦ-

166 2114 304 2176 τῶν,
335 2116 602 2169 ἐνέτειναν
629 2120 779 2184 τόξον
820 2122 1051 2192 πρᾶγμα
1075 2121 1291 2191 πικρὸν,
1317 2121 1408 2174 τοῦ
1434 2122 1761 2187 κατατοξεῦ-

168 2222 266 2258 σαι
301 2206 360 2258 ὲν
391 2208 731 2279 ἀποκρύφοις
765 2213 1012 2281 ἄμωμον.
1055 2212 1315 2275 Ἐξάπινα
1338 2213 1762 2278 κατατοεεόσου-

168 2311 259 2347 σιν
286 2296 468 2361 αὑτὸν,
488 2299 582 2350 καὶ
606 2300 666 2351 οὐ
694 2301 1116 2371 φοϐηθήσονται.
1153 2320 1171 2351 ›
1198 2302 1260 2353 Εἰ
1296 2303 1389 2354 καὶ
1418 2303 1627 2375 προῆγε
1649 2308 1762 2367 τοῖς

165 2384 387 2455 χρόνοις
418 2389 497 2450 εὶς
517 2389 615 2458 τὴν
653 2391 918 2460 σωτήριον
946 2392 1238 2462 ἐπιδημίαν
1262 2394 1289 2445 ὁ
1318 2392 1501 2456 Δαυῒδ,
1524 2392 1637 2446 ἀλλ’
1661 2395 1761 2447 οὐκ

165 2477 356 2544 ἠγνόει
383 2477 450 2531 τὰ
477 2480 803 2548 εὐαγγελικὰ
837 2483 1135 2553 μαθήματα
1178 2483 1307 2553 θείῳ
1343 2484 1622 2555 Πνεῦματι
1666 2502 1763 2555 με·

168 2572 615 2644 μαθητευμένοςο
646 2575 760 2645 ᾔδει
798 2576 853 2627 δὲ
896 2572 953 2628 εὖ
1006 2575 1149 2646 μάλα
1175 2575 1237 2627 τὸ
1271 2577 1538 2646 σωτήριον
1580 2576 1759 2645 λόγιον

162 2660 230 2713 τὸ
250 2660 462 2731 φῆσαν·
496 2680 515 2715 t
542 2664 633 2735 Μὴ
656 2666 928 2737 φοϐηθῆτε
954 2656 1063 2719 ἀπὸ
1095 2667 1204 2718 τῶν
1239 2668 1668 2721 ἀποκτεινόντων
1697 2670 1759 2721 τὸ

166 2753 353 2822 σῶμα,
383 2754 483 2824 τήν
509 2754 565 2807 δὲ
599 2754 774 2826 ψυχὴν
808 2756 881 2827 μή
910 2757 1224 2826 δυναμένων
1252 2758 1610 2831 ἀποκτεῖναν
1629 2778 1647 2809 ο
1676 2759 1759 2811 διὸ

164 2844 269 2895 οὐκ
299 2844 510 2911 ἠγωνία
546 2846 943 2916 στρατιωτικῆς
988 2846 1348 2917 παρατάξεως
1377 2846 1606 2916 πληθὺν,
1640 2848 1759 2901 οὐδὲ

166 2934 296 2998 τοὺς
324 2936 675 3007 παντευχίαις
701 2937 796 2990 καὶ
822 2937 1010 3007 δόρασι
1045 2938 1561 3009 παραταττομένους
1585 2956 1596 2966 ·
1623 2939 1759 2992 ἀλλὰ

164 3027 374 3080 τούτων
409 3028 507 3098 μὲν
535 3029 889 3099 κατεφρόνει,
921 3028 994 3090 ὡς
1034 3028 1099 3081 ἂν
1127 3028 1219 3081 τὸν
1263 3028 1514 3081 τοσοῦτον
1566 3029 1758 3082 Γολιὰδ

1396 353 1896 411 COMMENTARIA
1940 361 2005 413 IN
2041 363 2391 423 PSALMOS;

3342 395 3446 447 6l8

1627 486 1768 563 παρ-
1799 479 1841 534 Α
1873 476 2052 530 texisti
2105 494 2190 533 me
2247 496 2276 534 a
2320 495 2593 540 conventu
2632 495 3071 563 matignantium,
3128 516 3155 553 a
3204 507 3451 562 multitu-

1872 566 1999 619 dine
2028 571 2371 636 operantium
2403 575 2802 647 iniquitatem.»
2836 584 2971 641 Cum
2998 588 3110 659 jam
3133 595 3277 649 enim
3308 614 3448 666 prte-

1873 660 2161 714 tcritorum
2223 668 2659 736 experimentum
2719 679 2988 745 ceperim,
3045 660 3323 756 nunquam
3379 708 3446 746 ea

1871 753 2122 809 oblivisci
2171 760 2407 826 possim;
2464 769 2559 818 sed
2620 780 2836 835 semper
2882 753 3193 841 memoria—
3226 787 3441 847 tenens,

1870 854 2025 912 grato
2070 861 2286 917 semper
2324 851 2508 907 animo
2543 870 2686 908 sum.
2747 857 2854 911 Sed
2904 867 3086 917 tamen
3137 866 3248 934 jam
3296 856 3442 926 idem

1871 937 1969 990 abs
2020 946 2073 993 te
2120 941 2385 1023 auxilium
2417 947 2655 1013 postulo.
2711 947 3025 1007 Secundum
3058 957 3301 1027 reliquos
3341 977 3442 1016 au-

1872 1034 1980 1082 tem
2020 1029 2349 1100 interpretes
2382 1048 2491 1087 una
2518 1036 2819 1108 eademque
2874 1055 3124 1099 servatur
3153 1050 3306 1103 verbi
3350 1068 3447 1107 ex-

1870 1122 2186 1189 postulatio,
2224 1140 2440 1196 unaque
2477 1133 2752 1187 sermonis
2787 1138 3092 1192 sententia:
3141 1156 3267 1194 nam
3300 1148 3447 1213 apud

1870 1208 2260 1279 Symmachum
2291 1215 2533 1272 dicitur:
2566 1237 2583 1269 ι
2609 1219 2844 1286 Exaudi,
2879 1223 3047 1293 Deus,
3095 1245 3285 1286 vocem
3334 1208 3448 1291 mei

1869 1300 2202 1365 invocantis,
2261 1320 2292 1359 a
2329 1315 2538 1363 terrore
2572 1310 2780 1366 inimici
2811 1316 3246 1378 eircummunies
3276 1324 3446 1381 vitam

1869 1408 2081 1448 meam:
2126 1397 2435 1454 abscondes
2470 1416 2557 1455 me
2581 1416 2612 1456 a
2646 1406 3023 1465 moliminibus
3051 1414 3443 1484 malignorum,

1867 1498 1896 1536 a
1920 1487 2327 1554 perturbatione
2346 1494 2689 1560 operantium
2715 1495 3082 1566 iniquitatem.
3107 1522 3125 1555 ›
3158 1504 3276 1559 Νοη
3296 1508 3444 1563 enim

1866 1577 2024 1645 quasi
2072 1578 2139 1633 de
2191 1582 2502 1649 praeteritis,
2539 1582 2634 1638 sed
2684 1589 2841 1655 quasi
2890 1590 2957 1646 de
3003 1592 3225 1662 futuris,
3259 1602 3443 1654 omnia

1867 1666 2013 1721 dicta
2044 1680 2195 1736 sunt,
2247 1687 2310 1726 ac
2358 1674 2613 1730 similiter
2660 1679 2962 1736 secundum
2993 1685 3237 1755 reliquos
3269 1690 3443 1746 inter-

1867 1766 2066 1828 pretes.
2774 1783 2784 1791 '

1934 2016 2101 2073 Vsus.
2140 2020 2260 2074 4-7.
2302 2039 2320 2071 ι
2346 2022 2448 2087 Qui
2472 2034 2811 2093 exacuerunt
2860 2036 2917 2082 ut
2959 2030 3199 2099 gladium
3225 2032 3441 2103 linguas

1864 2125 2015 2172 suas.
2049 2110 2402 2168 intenderunt
2448 2130 2659 2180 arcum,
2692 2135 2803 2172 rem
2858 2136 3133 2189 amaram;
3180 2132 3239 2178 ut
3272 2128 3441 2196 sagit-

1864 2206 1980 2253 tent
2010 2200 2065 2253 in
2114 2203 2347 2259 occultis
2394 2205 2827 2263 immaculatum.
2870 2208 3065 2265 Subito
3099 2216 3443 2283 sagittabunt

1863 2306 2010 2356 eum,
2036 2300 2091 2346 ct
2138 2308 2247 2348 non
2282 2293 2605 2350 timebunt.»
2661 2296 2891 2353 Etiamsi
2940 2300 3109 2356 David
3145 2305 3442 2360 salutarent

1828 2428 1835 2433 .
1864 2382 2155 2436 adventum
2184 2393 2433 2453 tempore
2468 2387 2829 2461 przeverterit,
2876 2378 3222 2461 evangelicas
3261 2402 3442 2449 tamen

1862 2472 2207 2544 disciplinas,
2238 2476 2501 2545 magistro
2548 2461 2754 2545 spiritu
2807 2478 3015 2545 divino,
3051 2497 3161 2535 non
3226 2484 3445 2553 ignora-

1862 2564 1987 2630 bat;
2015 2565 2111 2619 sed
2141 2567 2385 2621 salutare
2428 2565 2563 2620 illud
2621 2568 2900 2638 eloquium
2933 2572 3106 2641 probe
3173 2580 3438 2629 noverat:

1870 2671 1887 2703 ι
1917 2652 2096 2709 Nolite
2128 2656 2320 2711 timere
2362 2658 2433 2713 ab
2484 2658 2552 2715 i-is
2603 2663 2694 2730 qui
2751 2662 3008 2716 occidunt
3064 2677 3289 2732 corpus,
3323 2667 3444 2718 ani-

1862 2759 2005 2797 mam
2038 2755 2220 2801 autem
2265 2764 2374 2802 non
2406 2757 2637 2818 possunt
2672 2750 3015 2820 occidere”:
3070 2772 3089 2804 ι
3138 2768 3307 2821 quare
3344 2755 3444 2807 mi-

1862 2832 2037 2889 litaris
2084 2836 2220 2889 aciei
2256 2839 2688 2901 multitudinem,
2738 2855 2799 2893 ac
2835 2842 2985 2895 omni
3017 2857 3216 2911 genere
3259 2859 3444 2897 armo-

1860 2938 1983 2977 rum
2024 2925 2310 2996 hastisque
2338 2929 2641 2985 instructos
2675 2930 2927 2986 homines
2960 2944 3069 2985 non
3115 2932 3442 2987 reformida-

1860 3015 1986 3083 bat;
2017 3017 2113 3071 sed
2162 3019 2285 3075 i'llos
2324 3020 2568 3089 quidem,
2619 3028 2809 3091 utpote
2856 3023 2948 3092 qui
2985 3024 3103 3077 sine
3148 3024 3351 3079 sudore
3384 3032 3440 3080 et

165 3120 383 3190 ἀκμητὶ
416 3120 509 3173 καὶ
536 3120 790 3189 ἀνιδρωτὶ
814 3118 1136 3172 καταϐαλών
1158 3135 1171 3147 ·
1206 3119 1447 3181 ἐκείνους
1470 3119 1526 3173 δὲ
1546 3120 1751 3190 ἠγωνία

1864 3108 2046 3163 labore
2090 3111 2384 3164 immanem
2444 3112 2597 3165 illum
2643 3111 2862 3165 Goliath
2896 3115 3307 3182 prostravisset,
3344 3116 3441 3171 dc-

164 3211 257 3275 οὒς
287 3211 535 3282 ᾐνίττετο
564 3209 652 3262 διὰ
686 3210 794 3262 τῶν
827 3209 1203 3279 προκειμένων
1240 3208 1413 3276 λέγων
1434 3226 1447 3240 ·
1491 3227 1509 3259 ‹
1543 3209 1751 3272 Οἴτινες

1864 3200 2160 3268 spiciebat;
2216 3216 2310 3255 eos
2360 3211 2541 3254 autem
2603 3204 3045 3271 pertimescebat,
3095 3221 3233 3274 quos
3286 3205 3438 3262 hisce

161 3303 443 3373 ἠκόνησαν
470 3303 544 3365 ὡς
570 3302 843 3373 ῥομφαίαν
863 3302 961 3364 τὰς
983 3298 1233 3369 γλώσσας
1259 3298 1460 3363 αὐτῶν,
1485 3299 1752 3353 ἐνέτειναν

164 3392 320 3459 τόξον
370 3395 602 3463 πρᾶγμα
653 3392 871 3463 πικρόν.
922 3410 939 3443 ι
1002 3392 1163 3463 Ὀρᾷς
1208 3391 1400 3444 ὁποίαν
1459 3390 1753 3461 διαγράφει

167 3483 476 3537 πανοπλίαν
512 3482 755 3552 ἐχθρῶν;
791 3483 900 3534 Καὶ
946 3484 1003 3534 ὲν
1034 3484 1147 3544 τοῖς
1193 3480 1499 3552 ἔμπροσθεν
1546 3480 1602 3533 δὲ
1642 3482 1758 3533 ὲλέ-

166 3590 326 3644 γετο·
376 3595 394 3626 ι
434 3576 554 3628 Υἱοὶ
592 3573 924 3644 ἀνθρώπων,
986 3575 1035 3626 oi
1090 3573 1300 3635 ὀδόντες
1358 3572 1537 3625 αὐτῶν
1592 3573 1754 3627 ὅπλον

98 3678 107 3689 ⁸
168 3668 261 3718 καὶ
312 3666 463 3736 βέλη,
523 3664 616 3718 καὶ
664 3669 696 3735 ἠ
748 3664 969 3733 γλῶσσα
1022 3664 1200 3719 αὐτῶν
1246 3664 1491 3735 μάχαιρα
1530 3662 1698 3727 ὀξεῖα.
1731 3683 1749 3715 ›

167 3757 352 3809 Ταῦτα
387 3754 446 3809 δὲ
477 3757 891 3826 ἀναγέγραπται
928 3754 1189 3826 εἰρηκὼς,
1227 3773 1245 3805 ι
1276 3756 1438 3807 ὁπότε
1465 3754 1785 3825 ἀπεδίδρα--

172 3864 297 3900 σκεν
337 3848 447 3901 ἀπὸ
494 3848 786 3919 προσώπου
822 3846 994 3899 Σαοὺλ
1036 3847 1115 3909 εἰς
1147 3846 1205 3899 τὸ
1249 3846 1539 3916 σπήλαιον;
1570 3864 1588 3895 ›
1624 3844 1756 3896 Ἀπὸ

168 3938 274 3990 τῶν
320 3939 524 4007 ὁμοίων
584 3938 868 4008 τοιγαροῦν
915 3937 1086 4004 λόγων
1136 3936 1383 4004 φαίνεται
1412 3936 1440 3986 ὁ
1478 3936 1639 3997 αὐτὸς
1680 3933 1757 3986 ὣν

172 4030 379 4100 χρόνος,
406 4030 529 4081 καθ’
566 4030 624 4083 ὃν
656 4029 750 4082 καὶ
774 4029 841 4081 τὰ
868 4027 1007 4099 μετὰ
1034 4031 1221 4097 χεῖρας
1248 4026 1373 4096 περὶ
1410 4025 1588 4077 αὐτῶν
1617 4025 1758 4077 ὲκεί-

172 4138 275 4173 νων
294 4122 388 4174 καὶ
410 4121 515 4175 τῶν
540 4122 769 4182 ἐκείνοις
792 4120 1188 4190 παραπλησίων
1208 4117 1447 4172 λέλεκτο.
1482 4117 1641 4170 Ἀλλὰ
1663 4118 1757 4168 καὶ

178 4229 195 4262 ι
231 4212 318 4264 ὅτε
335 4212 620 4265 ἀπέστειλε
662 4211 853 4273 Σαοὺλ,
895 4211 988 4263 καὶ⁵
1018 4208 1250 4277 ἐφύλαξε
1282 4208 1373 4260 τὸν
1392 4203 1555 4260 ,οἷκον
1594 4206 1756 4259 αὑτοῦ

170 4302 264 4354 τοῦ
316 4302 624 4355 θανατῶσαι
667 4300 854 4362 αὑτὸν,
887 4319 905 4351 ι
946 4301 1073 4370 περὶ
1106 4299 1215 4355 τῶν
1256 4299 1433 4352 αὐτῶν
1474 4298 1635 4351 πάλιν
1658 4297 1758 4360 τὰς

171 4392 361 4462 ὁμοίας
396 4392 551 4462 ἠφίει·
596 4391 780 4460 φωνὰς
824 4391 996 4459 λέγων
1020 4408 1031 4420 ·
1074 4408 1093 4441 ι
1156 4390 1287 4442 Ἰδοὺ
1324 4388 1756 4457 ἁποφθέγξονται

1856 3290 2039 3344 verbis
2074 3300 2236 3343 antea
2291 3291 2660 3345 subindicavit
2714 3312 2726 3347 :
2767 3311 2785 3342 ι
2832 3293 2937 3359 Qui
2985 3306 3322 3351 exacuerunt
3378 3306 3437 3351 ut

1858 3382 2095 3450 gladium
2124 3381 2337 3452 linguas
2366 3398 2516 3445 suas,
2543 3382 2896 3439 intenderunt
2918 3399 3128 3451 arcum,
3160 3399 3275 3442 rem
3295 3402 3441 3441 ama-

1858 3488 1996 3526 ram.
2014 3493 2031 3525 ι
2051 3472 2245 3527 Viden’
2261 3489 2380 3542 quae
2398 3475 2673 3530 deScribat
2692 3476 3038 3532 inimicorum
3058 3480 3243 3532 arma?
3260 3477 3438 3549 Supra

1856 3579 1985 3619 vero
2001 3564 2281 3620 dicebatur
2302 3583 2343 3621 ιι
2366 3562 2487 3619 Filii
2503 3566 2781 3621 hominum
2799 3569 2989 3623 dentes
3007 3585 3193 3624 eorum
3213 3584 3365 3623 arma
3385 3579 3441 3627 et

1858 3657 2089 3725 sagitta},
2121 3664 2176 3711 et
2211 3658 2394 3727 lingua
2446 3673 2636 3712 eorum
2683 3659 2895 3729 gladius
2932 3670 3126 3714 acutus
3159 3661 3197 3710 ¹.
3232 3678 3252 3712 ι
3312 3659 3437 3715 Haec

1857 3755 2040 3801 autem
2068 3748 2276 3802 dixisse
2306 3749 2591 3810 scribitur,
2638 3768 2654 3798 ι
2686 3765 2812 3803 cum
2848 3749 3057 3819 fugeret
3079 3766 3107 3802 a
3139 3748 3277 3804 facie
3305 3752 3436 3805 Sau-

1857 3838 1926 3893 lis
1953 3839 2007 3891 in
2039 3840 2359 3908 speluncam
2394 3841 2435 3893 ’.
2480 3860 2497 3890 ι
2529 3841 2571 3891 Α
2603 3840 2897 3894 verborum
2923 3855 3053 3893 sane
3077 3840 3437 3896 similitudine

1858 3929 2115 3982 videntur
2136 3930 2227 3981 illa
2251 3929 2442 3983 eodem
2474 3936 2716 3997 tempore
2745 3929 2949 3999 scripta
2977 3944 3119 3994 esse,
3157 3945 3265 3999 quo
3298 3930 3436 3995 haec,

1858 4000 1978 4087 quae
2001 4018 2112 4088 jam
2134 4029 2457 4081 tractamus,
2496 4016 2561 4072 de
2592 4019 2659 4071 iis
2698 4026 2751 4072 et
2783 4019 3058 4072 similibus
3083 4018 3225 4074 dicta
3263 4017 3435 4074 fuere.

1860 4107 1966 4162 Sed
2012 4110 2175 4163 etiam
2217 4129 2234 4160 ι
2277 4108 2496 4179 quando
2540 4108 2894 4175 misit'Saul,
2928 4113 2981 4164 et
3016 4107 3313 4167 custodivit
3340 4109 3440 4163 do-

1858 4215 2008 4253 mum
2035 4200 2176 4269 ejus,
2205 4209 2263 4252 ut
2293 4216 2415 4254 eum
2436 4200 2826 4264 interliceret',
2860 4219 2878 4251 ι
2910 4198 2976 4254 de
3008 4201 3202 4254 iisdem
3238 4201 3436 4254 iterum

1859 4292 2065 4347 similes
2096 4290 2404 4360 proferebat
2437 4306 2601 4347 voces
2646 4291 2832 4346 dicens
2869 4307 2882 4342 :
2919 4308 2937 4340 ‹
2978 4290 3117 4346 Ecce
3145 4292 3437 4360 loquentur

1859 4382 1914 4436 in
1946 4398 2039 4437 ore
2064 4398 2185 4447 suo,
2218 4392 2272 4437 et
2294 4383 2506 4453 gladius
2534 4383 2589 4435 in
2612 4382 2801 4437 oribus
2831 4397 3021 4437 eorum
3054 4382 3095 4435 ⁸.
3136 4402 3155 4434 ι
3185 4380 3290 4435 Sed
3322 4379 3435 4435 haec

172 4482 233 4535 ἑν
270 4484 348 4552 τῷ
399 4484 627 4553 στόματι
675 4483 883 4544 «dum;
933 4482 1028 4535 καὶ
1075 4480 1319 4552 ῥομφαία
1360 4483 1417 4532 ὲν
1467 4483 1581 4542 τοῖς
1634 4479 1751 4531 στό-

1864 4475 2078 4544 quidem
2112 4474 2216 4541 ibi;
2258 4475 2428 4551 in’his
2455 4489 2580 4527 vero
2612 4473 2680 4527 de
2702 4474 2902 4543 quibus
2930 4489 3077 4526 nunc
3096 4484 3297 4533 sermo,
3329 4472 3434 4525 ini—

177 4589 341 4643 μασιν
392 4573 591 4626 αὐτῶν.
645 4592 664 4624 ι
727 4573 862 4625 Ἀλλ’
921 4574 976 4624 ὲν
1027 4570 1255 4635 ἐκείνοις
1295 4571 1392 4640 μὲν
1433 4569 1584 4622 ταῦτ’
1639 4570 1752 4621 ὲλέ-

173 4677 329 4730 γετο·
386 4665 444 4717 ἐν
492 4664 559 4715 δὲ
602 4666 713 4729 τοῖς
742 4662 881 4733 μετὰ
907 4665 1093 4731 χεῖρας
1138 4660 1263 4722 τοὺς
1298 4660 1524 4731 ἐχθροὺς
1563 4658 1749 4723 αὐτοῦ,

173 4744 250 4803 ὧν
271 4752 376 4807 ἀπὸ
407 4753 569 4821 φόϐου
607 4752 869 4823 ῥυσθῆναι
892 4752 1111 4822 ηὔχετο,
1138 4750 1465 4819 ἠκονηκέναι
1493 4751 1626 4821 φησὶ
1652 4750 1750 4813 τὰς

174 4841 419 4909 γλώσσας
447 4844 630 4897 αὐτῶν
645 4843 797 4913 δίκην
827 4844 1097 4913 ῥομφαίας
1116 4860 1129 4872 ο
1159 4841 1352 4913 ἢκατὰ
1372 4843 1498 4905 τοὺς
1530 4842 1747 4905 λοιποὺς

176 4931 525 5002 ὲρμηνευτὰς,
565 4952 585 4983 ‹
624 4931 700 4994 ὡς
760 4933 1029 5003 μάχαιραν
1053 4949 1066 4961 ·
1110 4951 1128 4983 ι
1166 4931 1302 4987 ἀλλὰ
1351 4933 1445 4984 καὶ
1480 4932 1748 4983 ἐνέτειναν

175 5024 238 5075 τὸ
257 5024 400 5089 τόξον
450 5025 652 5089 αὐτῶν,
689 5025 830 5077 κατὰ
855 5026 951 5095 μὲιν
985 5027 1109 5088 τοὺς
1145 5025 1545 5094 Ἐὅδομήκοντα
1577 5024 1750 5093 ὲρμηα

174 5116 407 5179 νευτὰς,‹
440 5119 496 5169 ὲν
514 5118 798 5187 πράγματι
825 5117 1023 5187 πικρῷ·
1056 5136 1074 5167 ι
1095 5116 1184 5169 διὰ
1208 5115 1317 5183 γὰρ
1350 5115 1545 5184 πικροῦ
1599 5115 1742 5184 πρά-

176 5224 378 5276 γματος
413 5210 789 5274 κατατοξεύειν
818 5210 1114 5280 ἐπειρῶντο
1138 5210 1228 5262 τὸν
1252 5209 1457 5261 δίκαιον
1481 5224 1506 5244 ὀ
1528 5206 1665 5259 κατὰ
1689 5206 1745 5258 δὲ

176 5298 267 5349 τὸν
294 5300 597 5370 Σύμμαχον,
648 5320 665 5351 ι
714 5300 1089 5371 Ἐπλήρωσαν,
1126 5292 1280 5369 φησὶ,
1305 5299 1363 5351 τὸ
1394 5297 1544 5360 τόξον
1571 5294 1748 5347 αὐτῶν

178 5386 317 5456 λόγῳ
370 5389 571 5459 πικρῷ.
621 5410 639 5440 υ
676 5386 857 5443 Ἦσαν
911 5391 1018 5462 γὰρ
1068 5391 1283 5462 ἀληθῶς
1331 5392 1537 5460 πικροὶ,
1594 5388 1749 5441 οὐδὲν

173 5475 340 5543 γλυκὺ
370 5480 731 5549 περιέχοντες,
762 5481 810 5532 οἱ
852 5482 943 5533 τὸν
994 5480 1156 5533 Δαυῒδ
1197 5479 1570 5541 διαϐάλλοντες
1612 5478 1748 5548 πρὸς

172 5565 266 5617 τὸν
316 5568 516 5620 Σαούλ·
554 5562 662 5632 0%;
715 5562 782 5639 ἦν
811 5572 839 5622 ὁ
876 5571 1054 5639 Δωὴκ,
1091 5571 1181 5622 καὶ
1222 5570 1271 5621 oi
1315 5568 1542 5637 Ζιφαίοι,
1570 5566 1664 5619 καὶ
1696 5567 1745 5619 οἱ

1861 4566 2034 4619 micos
2065 4581 2216 4628 suos,
2255 4581 2285 4618 a
2315 4581 2547 4634 quorum
2579 4572 2725 4619 metu
2755 4565 2891 4633 eripi
2921 4564 3268 4634 precabatur,
3300 4577 3433 4616 exa-

1860 4657 2044 4710 cuisse
2075 4656 2151 4708 ait
2174 4665 2232 4708 ut
2258 4656 2496 4725 gladium
2548 4654 2764 4724 linguas
2799 4668 2949 4717 suas,
2985 4658 3099 4707 sive
3132 4651 3434 4706 secundum

1857 4747 2096 4815 reliquos
2129 4747 2478 4817 interpretes,
2510 4760 2528 4796 ο
2564 4748 2707 4800 sicut
2761 4745 3123 4810 machaeram;
3154 4765 3173 4795 ι
3208 4744 3317 4797 imo
3350 4744 3436 4797 in-

1855 4839 2150 4893 tenderunt
2184 4855 2370 4894 areum
2391 4855 2573 4901 suum,
2601 4839 2900 4895 secundum
2923 4837 3062 4892 LXX
3081 4836 3432 4907 lnterpretes,

1856 4930 1913 4983 in
1939 4945 1997 4984 re
2023 4945 2209 4983 amara
2238 4949 2249 4983 :
2281 4945 2375 4999 per
2411 4945 2527 4984 rem
2559 4930 2760 4999 quippe
2812 4943 3053 4982 amaram
3079 4928 3288 4997 justum
3348 4942 3435 4980 sa-

1858 5020 2008 5090 gittis
2079 5019 2376 5077 confodere
2435 5021 2754 5086 tentabant;
2818 5019 3118 5074 secundum
3180 5017 3434 5087 Symma-

1851 5110 2013 5165 chum
2048 5119 2251 5175 autem,
2287 5133 2305 5163 ‹
2336 5113 2719 5182 impleverunt,
2758 5108 2934 5176 inquit
2964 5148 2978 5168 ,
3018 5116 3209 5161 arcam
3266 5119 3428 5158 suum

1853 5202 2018 5256 verbo
2040 5217 2246 5256 amaro.
2289 5222 2306 5252 ι
2338 5202 2471 5255 Nam
2503 5201 2593 5271 qui
2633 5200 2886 5253 Davidem
2909 5196 3050 5267 apud
3084 5196 3304 5249 Saulem’
3330 5198 3434 5247 eri.

1856 5294 2225 5361 minabantur,
2275 5308 2402 5347 vere
2451 5292 2618 5346 amari
2673 5299 2851 5352 erant,
2907 5287 3195 5343 dulcedine
3251 5284 3432 5339 alIecti

1858 5383 2007 5438 nulla
2037 5401 2049 5435 :
2075 5384 2251 5452 qualis
2278 5390 2396 5436 erat
2426 5380 2589 5443 Doec,
2622 5381 2813 5450 quales
2854 5376 3060 5448 Ziphaei
3109 5377 3251 5431 etiis
3277 5374 3432 5429 simi-

1856 5475 1952 5529 les.
1990 5473 2133 5540 Quin
2157 5480 2211 5527 et
2232 5474 2410 5542 quivis
2433 5487 2612 5527 sermo
2645 5472 2869 5538 impius,
2904 5484 3152 5536 amarus;
3184 5473 3321 5521 utet
3346 5464 3432 5518 di-

1855 5567 2036 5629 vinus,
2070 5564 2246 5617 dulcis
2274 5570 2328 5617 et
2353 5562 2540 5617 suavis
2589 5559 2772 5615 fuerit.
2806 5562 2989 5626 Quare
3043 5560 3250 5613 dictum
3302 5564 3425 5613 est:

247 5721 290 5751 θ’
316 5720 503 5777 Matth.
542 5737 598 5784 ι,
630 5721 719 5776 28.
798 5724 814 5754 ί
855 5721 1135 5782 Psal.t.v1.
1159 5724 1213 5777 5.
1290 5724 1312 5754 '
1340 5720 1474 5779 ibid.
1513 5722 1564 5777 I.
1641 5721 1661 5753 ³
1691 5718 1838 5775 Psal.
1872 5732 2029 5775 tvm.
2068 5718 2119 5772 l.
2196 5717 2216 5747 δ
2245 5715 2377 5773 ibid.
2409 5718 2461 5771 8.

487 5812 753 5873 PATROL.
801 5814 918 5875 Gn.
967 5815 1201 5874 XXIII.

2951 5807 3127 5867 20‘
