  <div class='ocr_page' id='page_1' title='image "/cluster/home/n/w/nwhite01/storage/ocr_20150623/23/mdp.39015078384396/317.png"; bbox 0 0 3808 6280; ppageno 0'>
   <div class='ocr_carea' id='block_1_1' title="bbox 394 337 500 393">
    <p class='ocr_par' dir='ltr' id='par_1_1' title="bbox 394 337 500 393">
     <span class='ocr_line' id='line_1_1' title="bbox 394 337 500 393; baseline -0.009 0"><span class='ocrx_word' id='word_1_1' title='bbox 394 337 500 393; x_wconf 68' lang='grc'><strong>619</strong></span> 
     </span>
    </p>
   </div>
   <div class='ocr_carea' id='block_1_2' title="bbox 1084 335 2982 404">
    <p class='ocr_par' dir='ltr' id='par_1_2' title="bbox 1084 335 2982 404">
     <span class='ocr_line' id='line_1_2' title="bbox 1084 335 2982 404; baseline 0.007 -13"><span class='ocrx_word' id='word_1_2' title='bbox 1084 335 1371 394; x_wconf 71' lang='lat' dir='ltr'><strong>EUSEBII</strong></span> <span class='ocrx_word' id='word_1_3' title='bbox 1410 336 2082 397; x_wconf 62' lang='lat' dir='ltr'><strong>CESARIENSISOPP.</strong></span> <span class='ocrx_word' id='word_1_4' title='bbox 2119 341 2300 399; x_wconf 73' lang='lat' dir='ltr'><strong>PARS</strong></span> <span class='ocrx_word' id='word_1_5' title='bbox 2338 343 2425 400; x_wconf 80' lang='grc' dir='ltr'><strong>ΙΙΙ.</strong></span> <span class='ocrx_word' id='word_1_6' title='bbox 2470 375 2538 386; x_wconf 90' lang='grc'><strong><em>-</em></strong></span> <span class='ocrx_word' id='word_1_7' title='bbox 2573 344 2982 404; x_wconf 78' lang='lat' dir='ltr'><strong>EXEGETICA.</strong></span> 
     </span>
    </p>
   </div>
   <div class='ocr_carea' id='block_1_3' title="bbox 3541 355 3636 412">
    <p class='ocr_par' dir='ltr' id='par_1_3' title="bbox 3541 355 3636 412">
     <span class='ocr_line' id='line_1_3' title="bbox 3541 355 3636 412; baseline 0.021 -2"><span class='ocrx_word' id='word_1_8' title='bbox 3541 355 3636 412; x_wconf 78' lang='grc' dir='ltr'><strong>6ὶο</strong></span> 
     </span>
    </p>
   </div>
   <div class='ocr_carea' id='block_1_4' title="bbox 399 455 1936 542">
    <p class='ocr_par' dir='ltr' id='par_1_4' title="bbox 399 455 1918 529">
     <span class='ocr_line' id='line_1_4' title="bbox 399 455 1918 529; baseline 0.005 -21"><span class='ocrx_word' id='word_1_9' title='bbox 399 475 418 508; x_wconf 76' lang='grc' dir='ltr'><strong>ι</strong></span> <span class='ocrx_word' id='word_1_10' title='bbox 446 455 672 512; x_wconf 87' lang='lat' dir='ltr'><strong>Gustate</strong></span> <span class='ocrx_word' id='word_1_11' title='bbox 688 464 740 512; x_wconf 90' lang='lat' dir='ltr'><strong>et</strong></span> <span class='ocrx_word' id='word_1_12' title='bbox 769 455 964 524; x_wconf 84' lang='lat' dir='ltr'><strong>vidctc,</strong></span> <span class='ocrx_word' id='word_1_13' title='bbox 987 458 1246 529; x_wconf 90' lang='lat' dir='ltr'><strong>quoniam</strong></span> <span class='ocrx_word' id='word_1_14' title='bbox 1271 459 1456 516; x_wconf 69' lang='lat' dir='ltr'><strong>suavis</strong></span> <span class='ocrx_word' id='word_1_15' title='bbox 1475 471 1560 516; x_wconf 86' lang='lat' dir='ltr'><strong>est</strong></span> <span class='ocrx_word' id='word_1_16' title='bbox 1589 461 1850 517; x_wconf 84' lang='lat' dir='ltr'><strong>Dominus</strong></span> <span class='ocrx_word' id='word_1_17' title='bbox 1879 461 1918 516; x_wconf 84' lang='lat'><strong>&#39;.</strong></span> 
     </span>
    </p>
   </div>
   <div class='ocr_carea' id='block_1_5' title="bbox 2046 455 3636 542">
    <p class='ocr_par' dir='ltr' id='par_1_5' title="bbox 2046 465 3636 542">
     <span class='ocr_line' id='line_1_5' title="bbox 2046 465 3636 542; baseline 0.006 -25"><span class='ocrx_word' id='word_1_18' title='bbox 2046 518 2048 526; x_wconf 30' lang='grc' dir='ltr'>λ</span> <span class='ocrx_word' id='word_1_19' title='bbox 2076 465 2283 528; x_wconf 84' lang='grc' dir='ltr'>τούτοις</span> <span class='ocrx_word' id='word_1_20' title='bbox 2308 467 2696 539; x_wconf 68' lang='grc' dir='ltr'>παραπλήσιοι.</span> <span class='ocrx_word' id='word_1_21' title='bbox 2713 474 2716 476; x_wconf 65' lang='grc'>⁷</span> <span class='ocrx_word' id='word_1_22' title='bbox 2736 469 2900 522; x_wconf 70' lang='grc' dir='ltr'><strong>Ἀλλά</strong></span> <span class='ocrx_word' id='word_1_23' title='bbox 2928 471 3021 523; x_wconf 65' lang='grc' dir='ltr'>καὶ</span> <span class='ocrx_word' id='word_1_24' title='bbox 3057 473 3162 535; x_wconf 83' lang='grc' dir='ltr'><strong>πᾶς</strong></span> <span class='ocrx_word' id='word_1_25' title='bbox 3188 471 3345 536; x_wconf 72' lang='grc' dir='ltr'>ἄθεος</span> <span class='ocrx_word' id='word_1_26' title='bbox 3376 472 3527 542; x_wconf 83' lang='grc' dir='ltr'>λόγος</span> <span class='ocrx_word' id='word_1_27' title='bbox 3557 493 3636 528; x_wconf 64' lang='lat'><strong>1::-</strong></span> 
     </span>
    </p>
   </div>
   <div class='ocr_carea' id='block_1_6' title="bbox 394 546 1969 624">
    <p class='ocr_par' dir='ltr' id='par_1_6' title="bbox 394 546 1969 624">
     <span class='ocr_line' id='line_1_6' title="bbox 394 546 1969 624; baseline 0.003 -22"><span class='ocrx_word' id='word_1_28' title='bbox 394 546 531 602; x_wconf 69' lang='grc' dir='ltr'>διενί</span> <span class='ocrx_word' id='word_1_29' title='bbox 556 562 721 617; x_wconf 90' lang='lat' dir='ltr'><strong>porro</strong></span> <span class='ocrx_word' id='word_1_30' title='bbox 767 563 930 604; x_wconf 88' lang='lat' dir='ltr'><strong>arcus</strong></span> <span class='ocrx_word' id='word_1_31' title='bbox 961 556 1014 602; x_wconf 88' lang='lat' dir='ltr'><strong>et</strong></span> <span class='ocrx_word' id='word_1_32' title='bbox 1069 564 1198 604; x_wconf 91' lang='lat' dir='ltr'><strong>vere</strong></span> <span class='ocrx_word' id='word_1_33' title='bbox 1259 553 1407 605; x_wconf 92' lang='lat' dir='ltr'><strong>acuti</strong></span> <span class='ocrx_word' id='word_1_34' title='bbox 1455 553 1620 624; x_wconf 87' lang='lat' dir='ltr'><strong>gladii</strong></span> <span class='ocrx_word' id='word_1_35' title='bbox 1675 553 1969 623; x_wconf 85' lang='lat' dir='ltr'><strong>impiorum</strong></span> 
     </span>
    </p>
   </div>
   <div class='ocr_carea' id='block_1_7' title="bbox 393 638 1970 715">
    <p class='ocr_par' dir='ltr' id='par_1_7' title="bbox 393 638 1970 715">
     <span class='ocr_line' id='line_1_7' title="bbox 393 638 1970 715; baseline 0.004 -23"><span class='ocrx_word' id='word_1_36' title='bbox 393 638 890 704; x_wconf 77' lang='lat' dir='ltr'><strong>beterodoxorum,</strong></span> <span class='ocrx_word' id='word_1_37' title='bbox 952 639 1047 709; x_wconf 85' lang='lat' dir='ltr'><strong>qui</strong></span> <span class='ocrx_word' id='word_1_38' title='bbox 1110 640 1440 711; x_wconf 85' lang='lat' dir='ltr'><strong>simplicium</strong></span> <span class='ocrx_word' id='word_1_39' title='bbox 1501 645 1713 698; x_wconf 86' lang='lat' dir='ltr'><strong>animas</strong></span> <span class='ocrx_word' id='word_1_40' title='bbox 1757 645 1970 715; x_wconf 75' lang='lat' dir='ltr'><strong>sagittis</strong></span> 
     </span>
    </p>
   </div>
   <div class='ocr_carea' id='block_1_8' title="bbox 394 730 1969 806">
    <p class='ocr_par' dir='ltr' id='par_1_8' title="bbox 394 730 1969 806">
     <span class='ocr_line' id='line_1_8' title="bbox 394 730 1969 806; baseline 0.006 -23"><span class='ocrx_word' id='word_1_41' title='bbox 394 730 681 801; x_wconf 76' lang='lat' dir='ltr'><strong>impetum,</strong></span> <span class='ocrx_word' id='word_1_42' title='bbox 715 731 1020 802; x_wconf 75' lang='lat' dir='ltr'><strong>gladiisque</strong></span> <span class='ocrx_word' id='word_1_43' title='bbox 1047 731 1164 788; x_wconf 89' lang='lat' dir='ltr'><strong>suis</strong></span> <span class='ocrx_word' id='word_1_44' title='bbox 1190 749 1285 788; x_wconf 89' lang='lat' dir='ltr'><strong>eas</strong></span> <span class='ocrx_word' id='word_1_45' title='bbox 1331 734 1630 790; x_wconf 88' lang='lat' dir='ltr'><strong>trucidant.</strong></span> <span class='ocrx_word' id='word_1_46' title='bbox 1683 735 1969 806; x_wconf 86' lang='lat' dir='ltr'><strong>Sapientes</strong></span> 
     </span>
    </p>
   </div>
   <div class='ocr_carea' id='block_1_9' title="bbox 392 824 1970 898">
    <p class='ocr_par' dir='ltr' id='par_1_9' title="bbox 392 824 1970 898">
     <span class='ocr_line' id='line_1_9' title="bbox 392 824 1970 898; baseline 0.004 -20"><span class='ocrx_word' id='word_1_47' title='bbox 392 839 608 894; x_wconf 89' lang='lat' dir='ltr'><strong>quoque</strong></span> <span class='ocrx_word' id='word_1_48' title='bbox 653 824 819 894; x_wconf 80' lang='lat' dir='ltr'><strong>hujus</strong></span> <span class='ocrx_word' id='word_1_49' title='bbox 859 825 1066 890; x_wconf 66' lang='lat' dir='ltr'><strong>smculi,</strong></span> <span class='ocrx_word' id='word_1_50' title='bbox 1111 825 1310 881; x_wconf 72' lang='lat' dir='ltr'><strong>fucatis</strong></span> <span class='ocrx_word' id='word_1_51' title='bbox 1363 835 1416 882; x_wconf 89' lang='lat' dir='ltr'><strong>et</strong></span> <span class='ocrx_word' id='word_1_52' title='bbox 1474 829 1790 898; x_wconf 80' lang='lat' dir='ltr'><strong>sOphisticis</strong></span> <span class='ocrx_word' id='word_1_53' title='bbox 1835 845 1970 885; x_wconf 86' lang='lat' dir='ltr'><strong>ver-</strong></span> 
     </span>
    </p>
   </div>
   <div class='ocr_carea' id='block_1_10' title="bbox 391 914 1968 990">
    <p class='ocr_par' dir='ltr' id='par_1_10' title="bbox 391 914 1968 990">
     <span class='ocr_line' id='line_1_10' title="bbox 391 914 1968 990; baseline 0.004 -21"><span class='ocrx_word' id='word_1_54' title='bbox 391 915 475 969; x_wconf 88' lang='lat' dir='ltr'><strong>bis</strong></span> <span class='ocrx_word' id='word_1_55' title='bbox 538 921 773 979; x_wconf 86' lang='lat' dir='ltr'><strong>utentes,</strong></span> <span class='ocrx_word' id='word_1_56' title='bbox 846 914 1046 969; x_wconf 86' lang='lat' dir='ltr'><strong>multas</strong></span> <span class='ocrx_word' id='word_1_57' title='bbox 1117 916 1328 972; x_wconf 87' lang='lat' dir='ltr'><strong>animas</strong></span> <span class='ocrx_word' id='word_1_58' title='bbox 1393 919 1756 974; x_wconf 89' lang='lat' dir='ltr'><strong>sustulerunt.</strong></span> <span class='ocrx_word' id='word_1_59' title='bbox 1817 918 1968 990; x_wconf 87' lang='lat' dir='ltr'><strong>Opus</strong></span> 
     </span>
    </p>
   </div>
   <div class='ocr_carea' id='block_1_11' title="bbox 395 1003 1967 1077">
    <p class='ocr_par' dir='ltr' id='par_1_11' title="bbox 395 1003 1967 1077">
     <span class='ocr_line' id='line_1_11' title="bbox 395 1003 1967 1077; baseline 0.003 -17"><span class='ocrx_word' id='word_1_60' title='bbox 395 1019 518 1077; x_wconf 73' lang='grc' dir='ltr'><strong>ετ·ςο</strong></span> <span class='ocrx_word' id='word_1_61' title='bbox 556 1005 715 1060; x_wconf 88' lang='lat' dir='ltr'><strong>nobis</strong></span> <span class='ocrx_word' id='word_1_62' title='bbox 755 1003 998 1060; x_wconf 82' lang='lat' dir='ltr'><strong>&#39;l&#39;erventi</strong></span> <span class='ocrx_word' id='word_1_63' title='bbox 1051 1005 1323 1072; x_wconf 83' lang='lat' dir='ltr'><strong>oratione,</strong></span> <span class='ocrx_word' id='word_1_64' title='bbox 1364 1014 1417 1059; x_wconf 92' lang='lat' dir='ltr'><strong>ut</strong></span> <span class='ocrx_word' id='word_1_65' title='bbox 1473 1009 1540 1062; x_wconf 90' lang='lat' dir='ltr'><strong>ab</strong></span> <span class='ocrx_word' id='word_1_66' title='bbox 1589 1008 1658 1063; x_wconf 91' lang='lat' dir='ltr'><strong>iis</strong></span> <span class='ocrx_word' id='word_1_67' title='bbox 1710 1011 1967 1066; x_wconf 87' lang='lat' dir='ltr'><strong>omnibus</strong></span> 
     </span>
    </p>
   </div>
   <div class='ocr_carea' id='block_1_12' title="bbox 288 1095 1963 1169">
    <p class='ocr_par' dir='ltr' id='par_1_12' title="bbox 288 1095 1963 1169">
     <span class='ocr_line' id='line_1_12' title="bbox 288 1095 1963 1169; baseline 0.004 -22"><span class='ocrx_word' id='word_1_68' title='bbox 288 1141 295 1147; x_wconf 83' lang='lat'><strong>.</strong></span> <span class='ocrx_word' id='word_1_69' title='bbox 387 1095 702 1167; x_wconf 88' lang='lat' dir='ltr'><strong>eripiamur.</strong></span> <span class='ocrx_word' id='word_1_70' title='bbox 740 1095 779 1150; x_wconf 89' lang='lat' dir='ltr'><strong>li</strong></span> <span class='ocrx_word' id='word_1_71' title='bbox 834 1111 965 1151; x_wconf 84' lang='lat' dir='ltr'><strong>vero</strong></span> <span class='ocrx_word' id='word_1_72' title='bbox 1009 1097 1063 1150; x_wconf 91' lang='lat' dir='ltr'><strong>in</strong></span> <span class='ocrx_word' id='word_1_73' title='bbox 1113 1098 1304 1168; x_wconf 85' lang='lat' dir='ltr'><strong>primis</strong></span> <span class='ocrx_word' id='word_1_74' title='bbox 1334 1101 1426 1168; x_wconf 83' lang='lat' dir='ltr'><strong>qui</strong></span> <span class='ocrx_word' id='word_1_75' title='bbox 1481 1114 1644 1169; x_wconf 89' lang='lat' dir='ltr'><strong>supra</strong></span> <span class='ocrx_word' id='word_1_76' title='bbox 1681 1101 1963 1156; x_wconf 85' lang='lat' dir='ltr'><strong>memorati</strong></span> 
     </span>
    </p>
   </div>
   <div class='ocr_carea' id='block_1_13' title="bbox 387 1189 1964 1261">
    <p class='ocr_par' dir='ltr' id='par_1_13' title="bbox 387 1189 1964 1261">
     <span class='ocr_line' id='line_1_13' title="bbox 387 1189 1964 1261; baseline 0.002 -18"><span class='ocrx_word' id='word_1_77' title='bbox 387 1200 538 1252; x_wconf 74' lang='lat' dir='ltr'><strong>sunt,</strong></span> <span class='ocrx_word' id='word_1_78' title='bbox 569 1189 870 1257; x_wconf 84' lang='lat' dir='ltr'><strong>simplicem</strong></span> <span class='ocrx_word' id='word_1_79' title='bbox 906 1199 960 1243; x_wconf 92' lang='lat' dir='ltr'><strong>et</strong></span> <span class='ocrx_word' id='word_1_80' title='bbox 1007 1189 1195 1244; x_wconf 86' lang='lat' dir='ltr'><strong>rudem</strong></span> <span class='ocrx_word' id='word_1_81' title='bbox 1230 1191 1504 1245; x_wconf 86' lang='lat' dir='ltr'><strong>hominem</strong></span> <span class='ocrx_word' id='word_1_82' title='bbox 1539 1191 1752 1261; x_wconf 85' lang='lat' dir='ltr'><strong>sagittis</strong></span> <span class='ocrx_word' id='word_1_83' title='bbox 1789 1192 1964 1246; x_wconf 88' lang='lat' dir='ltr'><strong>conﬁ-</strong></span> 
     </span>
    </p>
   </div>
   <div class='ocr_carea' id='block_1_14' title="bbox 383 1277 1964 1350">
    <p class='ocr_par' dir='ltr' id='par_1_14' title="bbox 383 1277 1964 1350">
     <span class='ocr_line' id='line_1_14' title="bbox 383 1277 1964 1350; baseline 0 -16"><span class='ocrx_word' id='word_1_84' title='bbox 383 1293 509 1334; x_wconf 85' lang='lat' dir='ltr'><strong>cere</strong></span> <span class='ocrx_word' id='word_1_85' title='bbox 567 1285 850 1348; x_wconf 80' lang='lat' dir='ltr'><strong>satagunt;</strong></span> <span class='ocrx_word' id='word_1_86' title='bbox 883 1294 1052 1350; x_wconf 87' lang='lat' dir='ltr'><strong>quare</strong></span> <span class='ocrx_word' id='word_1_87' title='bbox 1099 1277 1307 1333; x_wconf 89' lang='lat' dir='ltr'><strong>dictum</strong></span> <span class='ocrx_word' id='word_1_88' title='bbox 1354 1287 1438 1334; x_wconf 89' lang='lat' dir='ltr'><strong>est</strong></span> <span class='ocrx_word' id='word_1_89' title='bbox 1491 1298 1506 1313; x_wconf 77' lang='grc' dir='ltr'><strong>ο</strong></span> <span class='ocrx_word' id='word_1_90' title='bbox 1559 1279 1964 1336; x_wconf 68' lang='lat' dir='ltr'><strong>«intenderunt</strong></span> 
     </span>
    </p>
   </div>
   <div class='ocr_carea' id='block_1_15' title="bbox 384 1371 1961 1439">
    <p class='ocr_par' dir='ltr' id='par_1_15' title="bbox 384 1371 1961 1439">
     <span class='ocr_line' id='line_1_15' title="bbox 384 1371 1961 1439; baseline 0.001 -15"><span class='ocrx_word' id='word_1_91' title='bbox 384 1385 594 1436; x_wconf 87' lang='lat' dir='ltr'><strong>arcum,</strong></span> <span class='ocrx_word' id='word_1_92' title='bbox 625 1379 738 1424; x_wconf 87' lang='lat' dir='ltr'><strong>rem</strong></span> <span class='ocrx_word' id='word_1_93' title='bbox 775 1384 1037 1434; x_wconf 87' lang='lat' dir='ltr'><strong>amaram,</strong></span> <span class='ocrx_word' id='word_1_94' title='bbox 1076 1378 1136 1424; x_wconf 93' lang='lat' dir='ltr'><strong>ut</strong></span> <span class='ocrx_word' id='word_1_95' title='bbox 1185 1371 1440 1439; x_wconf 79' lang='lat' dir='ltr'><strong>sagittent</strong></span> <span class='ocrx_word' id='word_1_96' title='bbox 1473 1372 1526 1424; x_wconf 93' lang='lat' dir='ltr'><strong>in</strong></span> <span class='ocrx_word' id='word_1_97' title='bbox 1581 1371 1961 1429; x_wconf 49' lang='lat' dir='ltr'><strong>occultis&#39;im-</strong></span> 
     </span>
    </p>
   </div>
   <div class='ocr_carea' id='block_1_16' title="bbox 381 1462 1956 1533">
    <p class='ocr_par' dir='ltr' id='par_1_16' title="bbox 381 1462 1956 1533">
     <span class='ocr_line' id='line_1_16' title="bbox 381 1462 1956 1533; baseline 0.001 -15"><span class='ocrx_word' id='word_1_98' title='bbox 381 1464 734 1518; x_wconf 78' lang='lat' dir='ltr'><strong>maculatum.</strong></span> <span class='ocrx_word' id='word_1_99' title='bbox 766 1483 784 1516; x_wconf 82' lang='grc'><strong>›</strong></span> <span class='ocrx_word' id='word_1_100' title='bbox 830 1462 1169 1533; x_wconf 79' lang='lat' dir='ltr'><strong>Inculpatum</strong></span> <span class='ocrx_word' id='word_1_101' title='bbox 1191 1464 1294 1518; x_wconf 61' lang='lat' dir='ltr'><strong>‘ltic</strong></span> <span class='ocrx_word' id='word_1_102' title='bbox 1331 1463 1744 1518; x_wconf 84' lang='lat' dir='ltr'><strong>immaculatum</strong></span> <span class='ocrx_word' id='word_1_103' title='bbox 1767 1476 1956 1530; x_wconf 67' lang='lat' dir='ltr'><strong>vocat,</strong></span> 
     </span>
    </p>
   </div>
   <div class='ocr_carea' id='block_1_17' title="bbox 381 1553 1958 1626">
    <p class='ocr_par' dir='ltr' id='par_1_17' title="bbox 381 1553 1958 1626">
     <span class='ocr_line' id='line_1_17' title="bbox 381 1553 1958 1626; baseline 0.003 -18"><span class='ocrx_word' id='word_1_104' title='bbox 381 1555 466 1610; x_wconf 91' lang='lat' dir='ltr'><strong>bis</strong></span> <span class='ocrx_word' id='word_1_105' title='bbox 499 1553 749 1610; x_wconf 87' lang='lat' dir='ltr'><strong>indicans</strong></span> <span class='ocrx_word' id='word_1_106' title='bbox 803 1555 1219 1626; x_wconf 83' lang='lat' dir='ltr'><strong>sycophantiam</strong></span> <span class='ocrx_word' id='word_1_107' title='bbox 1268 1563 1459 1610; x_wconf 90' lang='lat' dir='ltr'><strong>contra</strong></span> <span class='ocrx_word' id='word_1_108' title='bbox 1518 1571 1634 1619; x_wconf 84' lang='lat' dir='ltr'><strong>eos,</strong></span> <span class='ocrx_word' id='word_1_109' title='bbox 1695 1557 1787 1626; x_wconf 87' lang='lat' dir='ltr'><strong>qui</strong></span> <span class='ocrx_word' id='word_1_110' title='bbox 1821 1557 1958 1612; x_wconf 89' lang='lat' dir='ltr'><strong>nihil</strong></span> 
     </span>
    </p>
   </div>
   <div class='ocr_carea' id='block_1_18' title="bbox 381 1645 1958 1716">
    <p class='ocr_par' dir='ltr' id='par_1_18' title="bbox 381 1645 1958 1716">
     <span class='ocr_line' id='line_1_18' title="bbox 381 1645 1958 1716; baseline 0.001 -18"><span class='ocrx_word' id='word_1_111' title='bbox 381 1646 594 1716; x_wconf 73' lang='lat' dir='ltr'><strong>injurias</strong></span> <span class='ocrx_word' id='word_1_112' title='bbox 624 1646 970 1710; x_wconf 73' lang='lat' dir='ltr'><strong>intulissent,</strong></span> <span class='ocrx_word' id='word_1_113' title='bbox 999 1654 1266 1716; x_wconf 75' lang='lat' dir='ltr'><strong>paratam.</strong></span> <span class='ocrx_word' id='word_1_114' title='bbox 1292 1645 1398 1700; x_wconf 88' lang='lat' dir='ltr'><strong>Pro</strong></span> <span class='ocrx_word' id='word_1_115' title='bbox 1433 1645 1527 1699; x_wconf 86' lang='lat' dir='ltr'><strong>illo</strong></span> <span class='ocrx_word' id='word_1_116' title='bbox 1555 1655 1778 1710; x_wconf 78' lang='lat' dir='ltr'><strong>autem,-~</strong></span> <span class='ocrx_word' id='word_1_117' title='bbox 1801 1663 1820 1698; x_wconf 81' lang='grc' dir='ltr'><strong>ι</strong></span> <span class='ocrx_word' id='word_1_118' title='bbox 1854 1647 1958 1700; x_wconf 88' lang='lat' dir='ltr'><strong>im-</strong></span> 
     </span>
    </p>
   </div>
   <div class='ocr_carea' id='block_1_19' title="bbox 379 1735 1952 1806">
    <p class='ocr_par' dir='ltr' id='par_1_19' title="bbox 379 1735 1952 1806">
     <span class='ocr_line' id='line_1_19' title="bbox 379 1735 1952 1806; baseline 0.001 -17"><span class='ocrx_word' id='word_1_119' title='bbox 379 1738 733 1802; x_wconf 87' lang='lat' dir='ltr'><strong>maculatum,</strong></span> <span class='ocrx_word' id='word_1_120' title='bbox 768 1755 787 1789; x_wconf 71' lang='grc' dir='ltr'><strong>ι</strong></span> <span class='ocrx_word' id='word_1_121' title='bbox 816 1735 1032 1806; x_wconf 87' lang='lat' dir='ltr'><strong>Aquila,</strong></span> <span class='ocrx_word' id='word_1_122' title='bbox 1071 1753 1089 1786; x_wconf 84' lang='grc' dir='ltr'><strong>ι</strong></span> <span class='ocrx_word' id='word_1_123' title='bbox 1129 1735 1457 1806; x_wconf 88' lang='lat' dir='ltr'><strong>simplicem,</strong></span> <span class='ocrx_word' id='word_1_124' title='bbox 1498 1753 1517 1786; x_wconf 71' lang='grc' dir='ltr'><strong>ι</strong></span> <span class='ocrx_word' id='word_1_125' title='bbox 1559 1735 1952 1806; x_wconf 83' lang='lat' dir='ltr'><strong>interpretatus</strong></span> 
     </span>
    </p>
   </div>
   <div class='ocr_carea' id='block_1_20' title="bbox 2079 552 3634 630">
    <p class='ocr_par' dir='ltr' id='par_1_20' title="bbox 2079 552 3634 630">
     <span class='ocr_line' id='line_1_20' title="bbox 2079 552 3634 630; baseline 0.006 -23"><span class='ocrx_word' id='word_1_126' title='bbox 2079 552 2209 626; x_wconf 75' lang='grc' dir='ltr'>κρὸς</span> <span class='ocrx_word' id='word_1_127' title='bbox 2238 553 2302 609; x_wconf 83' lang='grc' dir='ltr'>ἂν</span> <span class='ocrx_word' id='word_1_128' title='bbox 2327 555 2432 627; x_wconf 84' lang='grc' dir='ltr'>εἴη,</span> <span class='ocrx_word' id='word_1_129' title='bbox 2469 553 2657 629; x_wconf 81' lang='grc' dir='ltr'>ῶσπερ</span> <span class='ocrx_word' id='word_1_130' title='bbox 2683 559 2710 610; x_wconf 99' lang='lat'><strong>6</strong></span> <span class='ocrx_word' id='word_1_131' title='bbox 2743 555 2905 623; x_wconf 87' lang='grc' dir='ltr'>θεῖος,</span> <span class='ocrx_word' id='word_1_132' title='bbox 2943 559 3178 630; x_wconf 80' lang='grc' dir='ltr'>χρηστὸς</span> <span class='ocrx_word' id='word_1_133' title='bbox 3206 562 3299 614; x_wconf 78' lang='grc' dir='ltr'><strong>καί⁵</strong></span> <span class='ocrx_word' id='word_1_134' title='bbox 3316 561 3532 630; x_wconf 77' lang='grc' dir='ltr'>γλυκύς.</span> <span class='ocrx_word' id='word_1_135' title='bbox 3555 566 3634 617; x_wconf 82' lang='grc' dir='ltr'>Διὸ</span> 
     </span>
    </p>
   </div>
   <div class='ocr_carea' id='block_1_21' title="bbox 2077 644 3633 725">
    <p class='ocr_par' dir='ltr' id='par_1_21' title="bbox 2077 644 3633 725">
     <span class='ocr_line' id='line_1_21' title="bbox 2077 644 3633 725; baseline 0.009 -30"><span class='ocrx_word' id='word_1_136' title='bbox 2077 644 2323 716; x_wconf 79' lang='grc' dir='ltr'>εἴρηται·</span> <span class='ocrx_word' id='word_1_137' title='bbox 2367 666 2385 697; x_wconf 83' lang='grc' dir='ltr'><strong>ι</strong></span> <span class='ocrx_word' id='word_1_138' title='bbox 2435 647 2731 712; x_wconf 82' lang='grc' dir='ltr'>Γεύσασθε,</span> <span class='ocrx_word' id='word_1_139' title='bbox 2780 651 2873 704; x_wconf 74' lang='grc' dir='ltr'><strong>καὶ</strong></span> <span class='ocrx_word' id='word_1_140' title='bbox 2908 649 3065 714; x_wconf 81' lang='grc' dir='ltr'>ίδετε,</span> <span class='ocrx_word' id='word_1_141' title='bbox 3093 652 3175 706; x_wconf 79' lang='grc' dir='ltr'>ὅτι</span> <span class='ocrx_word' id='word_1_142' title='bbox 3205 653 3441 725; x_wconf 81' lang='grc' dir='ltr'>χρηστὸς</span> <span class='ocrx_word' id='word_1_143' title='bbox 3465 658 3491 708; x_wconf 85' lang='grc' dir='ltr'>ὁ</span> <span class='ocrx_word' id='word_1_144' title='bbox 3530 657 3633 709; x_wconf 82' lang='grc' dir='ltr'><strong>Κύ-</strong></span> 
     </span>
    </p>
   </div>
   <div class='ocr_carea' id='block_1_22' title="bbox 2080 739 3633 815">
    <p class='ocr_par' dir='ltr' id='par_1_22' title="bbox 2080 739 3633 815">
     <span class='ocr_line' id='line_1_22' title="bbox 2080 739 3633 815; baseline 0.007 -26"><span class='ocrx_word' id='word_1_145' title='bbox 2080 755 2211 807; x_wconf 79' lang='grc' dir='ltr'>ριος.</span> <span class='ocrx_word' id='word_1_146' title='bbox 2250 758 2266 789; x_wconf 73' lang='grc' dir='ltr'><strong>ι</strong></span> <span class='ocrx_word' id='word_1_147' title='bbox 2294 739 2450 792; x_wconf 87' lang='grc' dir='ltr'>Δεινὰ</span> <span class='ocrx_word' id='word_1_148' title='bbox 2473 739 2530 793; x_wconf 82' lang='grc' dir='ltr'><strong>δὲ</strong></span> <span class='ocrx_word' id='word_1_149' title='bbox 2559 739 2686 804; x_wconf 87' lang='grc' dir='ltr'>τόξα</span> <span class='ocrx_word' id='word_1_150' title='bbox 2716 742 2806 794; x_wconf 81' lang='grc' dir='ltr'><strong>καί</strong></span> <span class='ocrx_word' id='word_1_151' title='bbox 2836 741 3098 814; x_wconf 82' lang='grc' dir='ltr'>μάχαιραι</span> <span class='ocrx_word' id='word_1_152' title='bbox 3129 744 3204 808; x_wconf 83' lang='grc' dir='ltr'>ὡς</span> <span class='ocrx_word' id='word_1_153' title='bbox 3231 745 3454 815; x_wconf 55' lang='grc' dir='ltr'>’ἀληθῶς</span> <span class='ocrx_word' id='word_1_154' title='bbox 3477 747 3633 810; x_wconf 79' lang='grc' dir='ltr'>ὀξεῖαι</span> 
     </span>
    </p>
   </div>
   <div class='ocr_carea' id='block_1_23' title="bbox 2075 829 3634 909">
    <p class='ocr_par' dir='ltr' id='par_1_23' title="bbox 2075 829 3634 909">
     <span class='ocr_line' id='line_1_23' title="bbox 2075 829 3634 909; baseline 0.006 -27"><span class='ocrx_word' id='word_1_155' title='bbox 2075 831 2130 882; x_wconf 79' lang='grc' dir='ltr'>αἱ</span> <span class='ocrx_word' id='word_1_156' title='bbox 2164 829 2271 882; x_wconf 89' lang='grc' dir='ltr'><strong>τῶν</strong></span> <span class='ocrx_word' id='word_1_157' title='bbox 2299 830 2472 885; x_wconf 82' lang='grc' dir='ltr'><strong>ἀθέων</strong></span> <span class='ocrx_word' id='word_1_158' title='bbox 2513 831 2854 904; x_wconf 80' lang='grc' dir='ltr'><strong>ἑτεροδόξων,</strong></span> <span class='ocrx_word' id='word_1_159' title='bbox 2884 834 2993 887; x_wconf 88' lang='grc' dir='ltr'><strong>τῶν</strong></span> <span class='ocrx_word' id='word_1_160' title='bbox 3024 834 3446 907; x_wconf 61' lang='grc' dir='ltr'>τὰς’ἀκεραίους</span> <span class='ocrx_word' id='word_1_161' title='bbox 3471 838 3634 909; x_wconf 71' lang='grc' dir='ltr'>ψυχὰς</span> 
     </span>
    </p>
   </div>
   <div class='ocr_carea' id='block_1_24' title="bbox 2075 923 3631 1001">
    <p class='ocr_par' dir='ltr' id='par_1_24' title="bbox 2075 923 3631 1001">
     <span class='ocr_line' id='line_1_24' title="bbox 2075 923 3631 1001; baseline 0.007 -26"><span class='ocrx_word' id='word_1_162' title='bbox 2075 923 2557 990; x_wconf 79' lang='grc' dir='ltr'>κατατοξευόντων,</span> <span class='ocrx_word' id='word_1_163' title='bbox 2604 927 2698 979; x_wconf 75' lang='grc' dir='ltr'><strong>καὶ</strong></span> <span class='ocrx_word' id='word_1_164' title='bbox 2752 930 2872 990; x_wconf 89' lang='grc' dir='ltr'>ταῖς</span> <span class='ocrx_word' id='word_1_165' title='bbox 2947 929 3154 982; x_wconf 88' lang='grc' dir='ltr'>ἑαυτῶν</span> <span class='ocrx_word' id='word_1_166' title='bbox 3211 933 3506 1001; x_wconf 73' lang='grc' dir='ltr'>ῥομφαίαις</span> <span class='ocrx_word' id='word_1_167' title='bbox 3546 950 3631 986; x_wconf 82' lang='grc' dir='ltr'>κα-</span> 
     </span>
    </p>
   </div>
   <div class='ocr_carea' id='block_1_25' title="bbox 2072 1016 3652 1090">
    <p class='ocr_par' dir='ltr' id='par_1_25' title="bbox 2072 1016 3652 1090">
     <span class='ocr_line' id='line_1_25' title="bbox 2072 1016 3652 1090; baseline 0.006 -23"><span class='ocrx_word' id='word_1_168' title='bbox 2072 1016 2484 1084; x_wconf 84' lang='grc' dir='ltr'>τασφαττόντων</span> <span class='ocrx_word' id='word_1_169' title='bbox 2535 1017 2724 1081; x_wconf 80' lang='grc' dir='ltr'>αὑτάς.</span> <span class='ocrx_word' id='word_1_170' title='bbox 2779 1020 2888 1072; x_wconf 76' lang='grc' dir='ltr'>Καὶ</span> <span class='ocrx_word' id='word_1_171' title='bbox 2942 1020 2993 1073; x_wconf 76' lang='grc' dir='ltr'><strong>οἱ</strong></span> <span class='ocrx_word' id='word_1_172' title='bbox 3039 1022 3190 1090; x_wconf 72' lang='grc' dir='ltr'>σοφοὶ</span> <span class='ocrx_word' id='word_1_173' title='bbox 3228 1022 3285 1075; x_wconf 83' lang='grc' dir='ltr'>δὲ</span> <span class='ocrx_word' id='word_1_174' title='bbox 3333 1023 3426 1076; x_wconf 82' lang='grc' dir='ltr'><strong>τοῦ</strong></span> <span class='ocrx_word' id='word_1_175' title='bbox 3449 1018 3652 1089; x_wconf 61' lang='grc' dir='ltr'>αἰῶνος</span> 
     </span>
    </p>
   </div>
   <div class='ocr_carea' id='block_1_26' title="bbox 2071 1093 3629 1186">
    <p class='ocr_par' dir='ltr' id='par_1_26' title="bbox 2071 1093 3629 1186">
     <span class='ocr_line' id='line_1_26' title="bbox 2071 1093 3629 1186; baseline 0.006 -27"><span class='ocrx_word' id='word_1_176' title='bbox 2071 1107 2280 1171; x_wconf 85' lang='grc' dir='ltr'>τούτου,</span> <span class='ocrx_word' id='word_1_177' title='bbox 2302 1108 2394 1162; x_wconf 78' lang='grc' dir='ltr'>τὸν</span> <span class='ocrx_word' id='word_1_178' title='bbox 2416 1109 2693 1180; x_wconf 83' lang='grc' dir='ltr'>ἀπατηλὸν</span> <span class='ocrx_word' id='word_1_179' title='bbox 2742 1111 2835 1164; x_wconf 63' lang='grc' dir='ltr'><strong>καλ⁵</strong></span> <span class='ocrx_word' id='word_1_180' title='bbox 2869 1093 3258 1184; x_wconf 73' lang='grc' dir='ltr'>σεσοφισμένον</span> <span class='ocrx_word' id='word_1_181' title='bbox 3313 1114 3467 1183; x_wconf 85' lang='grc' dir='ltr'>λόγον</span> <span class='ocrx_word' id='word_1_182' title='bbox 3507 1132 3629 1186; x_wconf 81' lang='grc' dir='ltr'>προ·</span> 
     </span>
    </p>
   </div>
   <div class='ocr_carea' id='block_1_27' title="bbox 2071 1199 3630 1277">
    <p class='ocr_par' dir='ltr' id='par_1_27' title="bbox 2071 1199 3630 1277">
     <span class='ocr_line' id='line_1_27' title="bbox 2071 1199 3630 1277; baseline 0.005 -26"><span class='ocrx_word' id='word_1_183' title='bbox 2071 1199 2408 1269; x_wconf 74' lang='grc' dir='ltr'>ϐαλλόμενοι,</span> <span class='ocrx_word' id='word_1_184' title='bbox 2465 1200 2664 1264; x_wconf 82' lang='grc' dir='ltr'>πολλὰς</span> <span class='ocrx_word' id='word_1_185' title='bbox 2699 1201 2906 1255; x_wconf 80' lang='grc' dir='ltr'>ἀνεῖλον</span> <span class='ocrx_word' id='word_1_186' title='bbox 2943 1203 3139 1273; x_wconf 73' lang='grc' dir='ltr'>ψυχάς.</span> <span class='ocrx_word' id='word_1_187' title='bbox 3173 1205 3359 1276; x_wconf 84' lang='grc' dir='ltr'><strong>Εὺχῆς</strong></span> <span class='ocrx_word' id='word_1_188' title='bbox 3395 1203 3489 1259; x_wconf 76' lang='grc' dir='ltr'><strong>οὖν</strong></span> <span class='ocrx_word' id='word_1_189' title='bbox 3513 1209 3630 1277; x_wconf 71' lang='grc' dir='ltr'>ἡμῖν</span> 
     </span>
    </p>
   </div>
   <div class='ocr_carea' id='block_1_28' title="bbox 2069 1290 3624 1365">
    <p class='ocr_par' dir='ltr' id='par_1_28' title="bbox 2069 1290 3624 1365">
     <span class='ocr_line' id='line_1_28' title="bbox 2069 1290 3624 1365; baseline 0.006 -23"><span class='ocrx_word' id='word_1_190' title='bbox 2069 1290 2148 1342; x_wconf 87' lang='grc' dir='ltr'><strong>δεῖ</strong></span> <span class='ocrx_word' id='word_1_191' title='bbox 2184 1291 2602 1363; x_wconf 86' lang='grc' dir='ltr'>συντεταμένης,</span> <span class='ocrx_word' id='word_1_192' title='bbox 2633 1294 2767 1364; x_wconf 81' lang='grc' dir='ltr'>πρὸς</span> <span class='ocrx_word' id='word_1_193' title='bbox 2786 1294 2847 1346; x_wconf 77' lang='grc' dir='ltr'>τὸ</span> <span class='ocrx_word' id='word_1_194' title='bbox 2870 1294 3129 1365; x_wconf 82' lang='grc' dir='ltr'>ρυσθῆναι</span> <span class='ocrx_word' id='word_1_195' title='bbox 3141 1295 3348 1349; x_wconf 87' lang='grc' dir='ltr'>τούτων</span> <span class='ocrx_word' id='word_1_196' title='bbox 3368 1298 3624 1352; x_wconf 81' lang='grc' dir='ltr'>ἁπάντων.</span> 
     </span>
    </p>
   </div>
   <div class='ocr_carea' id='block_1_29' title="bbox 2069 1380 3626 1462">
    <p class='ocr_par' dir='ltr' id='par_1_29' title="bbox 2069 1380 3626 1462">
     <span class='ocr_line' id='line_1_29' title="bbox 2069 1380 3626 1462; baseline 0.006 -30"><span class='ocrx_word' id='word_1_197' title='bbox 2069 1380 2316 1433; x_wconf 80' lang='grc' dir='ltr'>Μάλιστα</span> <span class='ocrx_word' id='word_1_198' title='bbox 2357 1382 2414 1434; x_wconf 82' lang='grc' dir='ltr'>δὲ</span> <span class='ocrx_word' id='word_1_199' title='bbox 2456 1385 2503 1435; x_wconf 83' lang='lat' dir='ltr'><strong>oi</strong></span> <span class='ocrx_word' id='word_1_200' title='bbox 2538 1384 2922 1454; x_wconf 83' lang='grc' dir='ltr'>προλεχθέντες</span> <span class='ocrx_word' id='word_1_201' title='bbox 2969 1385 3059 1439; x_wconf 86' lang='grc' dir='ltr'><strong>τὸν</strong></span> <span class='ocrx_word' id='word_1_202' title='bbox 3108 1385 3314 1439; x_wconf 82' lang='grc' dir='ltr'>ἁπλοῦν</span> <span class='ocrx_word' id='word_1_203' title='bbox 3344 1387 3437 1440; x_wconf 73' lang='grc' dir='ltr'><strong>καὶ</strong></span> <span class='ocrx_word' id='word_1_204' title='bbox 3470 1389 3626 1462; x_wconf 83' lang='grc' dir='ltr'>ἀφελῆ</span> 
     </span>
    </p>
   </div>
   <div class='ocr_carea' id='block_1_30' title="bbox 2067 1470 3627 1545">
    <p class='ocr_par' dir='ltr' id='par_1_30' title="bbox 2067 1470 3627 1545">
     <span class='ocr_line' id='line_1_30' title="bbox 2067 1470 3627 1545; baseline 0.005 -21"><span class='ocrx_word' id='word_1_205' title='bbox 2067 1470 2445 1538; x_wconf 78' lang='grc' dir='ltr'>κατατοξεύειν</span> <span class='ocrx_word' id='word_1_206' title='bbox 2497 1475 2828 1545; x_wconf 87' lang='grc' dir='ltr'>πειρῶνται·</span> <span class='ocrx_word' id='word_1_207' title='bbox 2853 1476 2934 1530; x_wconf 82' lang='grc' dir='ltr'>διὸ</span> <span class='ocrx_word' id='word_1_208' title='bbox 2969 1477 3245 1530; x_wconf 85' lang='grc' dir='ltr'>λέλεκται·</span> <span class='ocrx_word' id='word_1_209' title='bbox 3286 1497 3305 1527; x_wconf 76' lang='grc' dir='ltr'><strong>ι</strong></span> <span class='ocrx_word' id='word_1_210' title='bbox 3351 1478 3627 1532; x_wconf 83' lang='grc' dir='ltr'>Ἐνέτειναν</span> 
     </span>
    </p>
   </div>
   <div class='ocr_carea' id='block_1_31' title="bbox 2065 1558 3625 1640">
    <p class='ocr_par' dir='ltr' id='par_1_31' title="bbox 2065 1558 3625 1640">
     <span class='ocr_line' id='line_1_31' title="bbox 2065 1558 3625 1640; baseline 0.007 -28"><span class='ocrx_word' id='word_1_211' title='bbox 2065 1558 2237 1627; x_wconf 81' lang='grc' dir='ltr'>τόξον,</span> <span class='ocrx_word' id='word_1_212' title='bbox 2273 1563 2504 1634; x_wconf 78' lang='grc' dir='ltr'>πρᾶγμα</span> <span class='ocrx_word' id='word_1_213' title='bbox 2535 1563 2748 1634; x_wconf 81' lang='grc' dir='ltr'>πικρὸν,</span> <span class='ocrx_word' id='word_1_214' title='bbox 2782 1564 2875 1618; x_wconf 86' lang='grc' dir='ltr'><strong>τοῦ</strong></span> <span class='ocrx_word' id='word_1_215' title='bbox 2901 1566 3295 1633; x_wconf 79' lang='grc' dir='ltr'>κατατοξεῦσαι</span> <span class='ocrx_word' id='word_1_216' title='bbox 3318 1569 3375 1620; x_wconf 82' lang='grc' dir='ltr'>ὲν</span> <span class='ocrx_word' id='word_1_217' title='bbox 3402 1569 3625 1640; x_wconf 85' lang='grc' dir='ltr'>ἀποκρύ-</span> 
     </span>
    </p>
   </div>
   <div class='ocr_carea' id='block_1_32' title="bbox 2065 1651 3622 1730">
    <p class='ocr_par' dir='ltr' id='par_1_32' title="bbox 2065 1651 3622 1730">
     <span class='ocr_line' id='line_1_32' title="bbox 2065 1651 3622 1730; baseline 0.006 -26"><span class='ocrx_word' id='word_1_218' title='bbox 2065 1668 2186 1720; x_wconf 86' lang='grc' dir='ltr'>φοις</span> <span class='ocrx_word' id='word_1_219' title='bbox 2212 1651 2460 1724; x_wconf 80' lang='grc' dir='ltr'><strong>ἄμωμον.</strong></span> <span class='ocrx_word' id='word_1_220' title='bbox 2501 1656 2666 1707; x_wconf 73' lang='grc' dir='ltr'>»Καὶ</span> <span class='ocrx_word' id='word_1_221' title='bbox 2718 1657 2809 1708; x_wconf 85' lang='grc' dir='ltr'><strong>τὸν</strong></span> <span class='ocrx_word' id='word_1_222' title='bbox 2845 1657 3085 1712; x_wconf 87' lang='grc' dir='ltr'>ἀναίτιον</span> <span class='ocrx_word' id='word_1_223' title='bbox 3126 1658 3182 1711; x_wconf 86' lang='grc' dir='ltr'>δὲ</span> <span class='ocrx_word' id='word_1_224' title='bbox 3213 1659 3440 1730; x_wconf 81' lang='grc' dir='ltr'>ἄμωμον</span> <span class='ocrx_word' id='word_1_225' title='bbox 3465 1660 3622 1726; x_wconf 81' lang='grc' dir='ltr'>καλεῖ,</span> 
     </span>
    </p>
   </div>
   <div class='ocr_carea' id='block_1_33' title="bbox 2061 1740 3625 1820">
    <p class='ocr_par' dir='ltr' id='par_1_33' title="bbox 2061 1740 3625 1820">
     <span class='ocr_line' id='line_1_33' title="bbox 2061 1740 3625 1820; baseline 0.008 -28"><span class='ocrx_word' id='word_1_226' title='bbox 2061 1740 2160 1812; x_wconf 76' lang='grc' dir='ltr'><strong>τὴν</strong></span> <span class='ocrx_word' id='word_1_227' title='bbox 2207 1742 2348 1796; x_wconf 86' lang='grc' dir='ltr'>κατὰ</span> <span class='ocrx_word' id='word_1_228' title='bbox 2391 1742 2498 1795; x_wconf 88' lang='grc' dir='ltr'><strong>τῶν</strong></span> <span class='ocrx_word' id='word_1_229' title='bbox 2533 1745 2698 1815; x_wconf 84' lang='grc' dir='ltr'>μηδὲν</span> <span class='ocrx_word' id='word_1_230' title='bbox 2731 1746 3066 1817; x_wconf 64' lang='grc' dir='ltr'>ἠδικηκότων</span> <span class='ocrx_word' id='word_1_231' title='bbox 3090 1748 3437 1820; x_wconf 74' lang='grc' dir='ltr'>’ὑπογράφων</span> <span class='ocrx_word' id='word_1_232' title='bbox 3479 1768 3625 1806; x_wconf 83' lang='grc' dir='ltr'>συκο-</span> 
     </span>
    </p>
   </div>
   <div class='ocr_carea' id='block_1_34' title="bbox 373 1827 1936 1926">
    <p class='ocr_par' dir='ltr' id='par_1_34' title="bbox 373 1827 1936 1900">
     <span class='ocr_line' id='line_1_34' title="bbox 373 1827 1936 1900; baseline -0.001 -17"><span class='ocrx_word' id='word_1_233' title='bbox 373 1835 478 1883; x_wconf 77' lang='lat' dir='ltr'><strong>est.</strong></span> <span class='ocrx_word' id='word_1_234' title='bbox 511 1827 645 1884; x_wconf 86' lang='lat' dir='ltr'><strong>Nam</strong></span> <span class='ocrx_word' id='word_1_235' title='bbox 667 1828 1036 1899; x_wconf 88' lang='lat' dir='ltr'><strong>ii-simplicem</strong></span> <span class='ocrx_word' id='word_1_236' title='bbox 1072 1836 1126 1883; x_wconf 93' lang='lat' dir='ltr'><strong>et</strong></span> <span class='ocrx_word' id='word_1_237' title='bbox 1151 1828 1408 1898; x_wconf 66' lang='lat' dir='ltr'><strong>nequitiae</strong></span> <span class='ocrx_word' id='word_1_238' title='bbox 1427 1836 1704 1897; x_wconf 79' lang='lat' dir='ltr'><strong>expertem</strong></span> <span class='ocrx_word' id='word_1_239' title='bbox 1738 1829 1936 1900; x_wconf 69' lang='lat' dir='ltr'><strong>sagittis</strong></span> 
     </span>
    </p>
   </div>
   <div class='ocr_carea' id='block_1_35' title="bbox 2046 1827 3623 1926">
    <p class='ocr_par' dir='ltr' id='par_1_35' title="bbox 2058 1831 3623 1926">
     <span class='ocr_line' id='line_1_35' title="bbox 2058 1831 3623 1926; baseline 0.007 -43"><span class='ocrx_word' id='word_1_240' title='bbox 2058 1831 2305 1900; x_wconf 84' lang='grc' dir='ltr'>φαντίαν.</span> <span class='ocrx_word' id='word_1_241' title='bbox 2355 1834 2500 1886; x_wconf 77' lang='grc' dir='ltr'>Ἀντὶ</span> <span class='ocrx_word' id='word_1_242' title='bbox 2544 1834 2598 1887; x_wconf 83' lang='grc' dir='ltr'>δὲ</span> <span class='ocrx_word' id='word_1_243' title='bbox 2637 1834 2752 1899; x_wconf 89' lang='grc' dir='ltr'>τοῦ,</span> <span class='ocrx_word' id='word_1_244' title='bbox 2783 1855 2800 1886; x_wconf 75' lang='grc' dir='ltr'><strong>ι</strong></span> <span class='ocrx_word' id='word_1_245' title='bbox 2837 1837 3101 1908; x_wconf 84' lang='grc' dir='ltr'>ἄμωμον,</span> <span class='ocrx_word' id='word_1_246' title='bbox 3150 1839 3375 1904; x_wconf 84' lang='grc' dir='ltr'>ἁπλοῦν,</span> <span class='ocrx_word' id='word_1_247' title='bbox 3402 1860 3421 1892; x_wconf 72' lang='grc' dir='ltr'><strong>ι</strong></span> <span class='ocrx_word' id='word_1_248' title='bbox 3463 1843 3623 1926; x_wconf 71' lang='grc' dir='ltr'>ἡρμή-</span> 
     </span>
    </p>
   </div>
   <div class='ocr_carea' id='block_1_36' title="bbox 373 1918 1957 1992">
    <p class='ocr_par' dir='ltr' id='par_1_36' title="bbox 373 1918 1957 1992">
     <span class='ocr_line' id='line_1_36' title="bbox 373 1918 1957 1992; baseline 0.001 -20"><span class='ocrx_word' id='word_1_249' title='bbox 373 1919 665 1976; x_wconf 79' lang='lat' dir='ltr'><strong>cuufodere</strong></span> <span class='ocrx_word' id='word_1_250' title='bbox 697 1921 934 1976; x_wconf 81' lang='lat' dir='ltr'><strong>maxime</strong></span> <span class='ocrx_word' id='word_1_251' title='bbox 957 1926 1214 1992; x_wconf 80' lang='lat' dir='ltr'><strong>satagunt</strong></span> <span class='ocrx_word' id='word_1_252' title='bbox 1249 1937 1261 1972; x_wconf 91' lang='lat'><strong>:</strong></span> <span class='ocrx_word' id='word_1_253' title='bbox 1297 1934 1469 1990; x_wconf 87' lang='lat' dir='ltr'><strong>quare</strong></span> <span class='ocrx_word' id='word_1_254' title='bbox 1497 1918 1681 1984; x_wconf 79' lang='lat' dir='ltr'><strong>infert,</strong></span> <span class='ocrx_word' id='word_1_255' title='bbox 1718 1937 1736 1970; x_wconf 83' lang='grc' dir='ltr'><strong>ι</strong></span> <span class='ocrx_word' id='word_1_256' title='bbox 1765 1919 1957 1974; x_wconf 86' lang='lat' dir='ltr'><strong>Subito</strong></span> 
     </span>
    </p>
   </div>
   <div class='ocr_carea' id='block_1_37' title="bbox 373 2009 1956 2084">
    <p class='ocr_par' dir='ltr' id='par_1_37' title="bbox 373 2009 1956 2084">
     <span class='ocr_line' id='line_1_37' title="bbox 373 2009 1956 2084; baseline 0 -18"><span class='ocrx_word' id='word_1_257' title='bbox 373 2013 736 2084; x_wconf 83' lang='lat' dir='ltr'><strong>sagittabunt,</strong></span> <span class='ocrx_word' id='word_1_258' title='bbox 771 2028 896 2066; x_wconf 89' lang='lat' dir='ltr'><strong>eum</strong></span> <span class='ocrx_word' id='word_1_259' title='bbox 951 2019 1006 2066; x_wconf 79' lang='lat' dir='ltr'><strong>et.</strong></span> <span class='ocrx_word' id='word_1_260' title='bbox 1047 2028 1155 2068; x_wconf 91' lang='lat' dir='ltr'><strong>non</strong></span> <span class='ocrx_word' id='word_1_261' title='bbox 1183 2011 1478 2066; x_wconf 85' lang='lat' dir='ltr'><strong>timebunt.</strong></span> <span class='ocrx_word' id='word_1_262' title='bbox 1513 2030 1530 2063; x_wconf 75' lang='grc' dir='ltr'><strong>ι</strong></span> <span class='ocrx_word' id='word_1_263' title='bbox 1562 2009 1698 2065; x_wconf 79' lang='lat' dir='ltr'><strong>Nam</strong></span> <span class='ocrx_word' id='word_1_264' title='bbox 1729 2019 1956 2081; x_wconf 82' lang='lat' dir='ltr'><strong>tempus</strong></span> 
     </span>
    </p>
   </div>
   <div class='ocr_carea' id='block_1_38' title="bbox 370 2102 1955 2186">
    <p class='ocr_par' dir='ltr' id='par_1_38' title="bbox 370 2102 1955 2186">
     <span class='ocr_line' id='line_1_38' title="bbox 370 2102 1955 2186; baseline -0.002 -28"><span class='ocrx_word' id='word_1_265' title='bbox 370 2105 750 2170; x_wconf 84' lang='lat' dir='ltr'><strong>observantes,</strong></span> <span class='ocrx_word' id='word_1_266' title='bbox 814 2103 1104 2160; x_wconf 83' lang='lat' dir='ltr'><strong>confertim</strong></span> <span class='ocrx_word' id='word_1_267' title='bbox 1140 2110 1196 2158; x_wconf 88' lang='lat' dir='ltr'><strong>et</strong></span> <span class='ocrx_word' id='word_1_268' title='bbox 1248 2102 1599 2172; x_wconf 84' lang='lat' dir='ltr'><strong>inepinanter</strong></span> <span class='ocrx_word' id='word_1_269' title='bbox 1635 2102 1955 2186; x_wconf 49' lang='lat' dir='ltr'><strong>immacula:</strong></span> 
     </span>
    </p>
   </div>
   <div class='ocr_carea' id='block_1_39' title="bbox 369 2193 1950 2265">
    <p class='ocr_par' dir='ltr' id='par_1_39' title="bbox 369 2193 1950 2265">
     <span class='ocr_line' id='line_1_39' title="bbox 369 2193 1950 2265; baseline 0 -18"><span class='ocrx_word' id='word_1_270' title='bbox 369 2203 508 2261; x_wconf 72' lang='lat' dir='ltr'><strong>tum,</strong></span> <span class='ocrx_word' id='word_1_271' title='bbox 563 2195 680 2252; x_wconf 82' lang='lat' dir='ltr'><strong>sive</strong></span> <span class='ocrx_word' id='word_1_272' title='bbox 733 2195 1063 2265; x_wconf 85' lang='lat' dir='ltr'><strong>simplicem,</strong></span> <span class='ocrx_word' id='word_1_273' title='bbox 1113 2202 1208 2247; x_wconf 90' lang='lat' dir='ltr'><strong>aut</strong></span> <span class='ocrx_word' id='word_1_274' title='bbox 1263 2193 1613 2248; x_wconf 88' lang='lat' dir='ltr'><strong>innocentem</strong></span> <span class='ocrx_word' id='word_1_275' title='bbox 1667 2193 1950 2248; x_wconf 84' lang='lat' dir='ltr'><strong>invadunt.</strong></span> 
     </span>
    </p>
   </div>
   <div class='ocr_carea' id='block_1_40' title="bbox 367 2285 1950 2357">
    <p class='ocr_par' dir='ltr' id='par_1_40' title="bbox 367 2285 1950 2357">
     <span class='ocr_line' id='line_1_40' title="bbox 367 2285 1950 2357; baseline -0.001 -16"><span class='ocrx_word' id='word_1_276' title='bbox 367 2288 550 2356; x_wconf 79' lang='lat' dir='ltr'><strong>Quare</strong></span> <span class='ocrx_word' id='word_1_277' title='bbox 580 2287 646 2341; x_wconf 86' lang='lat' dir='ltr'><strong>ad</strong></span> <span class='ocrx_word' id='word_1_278' title='bbox 670 2287 926 2343; x_wconf 89' lang='lat' dir='ltr'><strong>homines</strong></span> <span class='ocrx_word' id='word_1_279' title='bbox 955 2287 1029 2343; x_wconf 91' lang='lat' dir='ltr'><strong>iis</strong></span> <span class='ocrx_word' id='word_1_280' title='bbox 1052 2285 1263 2342; x_wconf 88' lang='lat' dir='ltr'><strong>similes</strong></span> <span class='ocrx_word' id='word_1_281' title='bbox 1290 2285 1600 2342; x_wconf 86' lang='lat' dir='ltr'><strong>rescribens</strong></span> <span class='ocrx_word' id='word_1_282' title='bbox 1631 2286 1950 2357; x_wconf 84' lang='lat' dir='ltr'><strong>Apostolus,</strong></span> 
     </span>
    </p>
   </div>
   <div class='ocr_carea' id='block_1_41' title="bbox 363 2377 1952 2450">
    <p class='ocr_par' dir='ltr' id='par_1_41' title="bbox 363 2377 1952 2450">
     <span class='ocr_line' id='line_1_41' title="bbox 363 2377 1952 2450; baseline 0.001 -19"><span class='ocrx_word' id='word_1_283' title='bbox 363 2379 485 2433; x_wconf 85' lang='lat' dir='ltr'><strong>ait:</strong></span> <span class='ocrx_word' id='word_1_284' title='bbox 524 2398 541 2429; x_wconf 80' lang='grc' dir='ltr'><strong>ι</strong></span> <span class='ocrx_word' id='word_1_285' title='bbox 573 2377 764 2434; x_wconf 89' lang='lat' dir='ltr'><strong>Timeo</strong></span> <span class='ocrx_word' id='word_1_286' title='bbox 797 2387 1002 2442; x_wconf 87' lang='lat' dir='ltr'><strong>autem,</strong></span> <span class='ocrx_word' id='word_1_287' title='bbox 1056 2393 1124 2433; x_wconf 90' lang='lat' dir='ltr'><strong>ne</strong></span> <span class='ocrx_word' id='word_1_288' title='bbox 1175 2379 1320 2434; x_wconf 90' lang='lat' dir='ltr'><strong>sicut</strong></span> <span class='ocrx_word' id='word_1_289' title='bbox 1366 2393 1596 2450; x_wconf 87' lang='lat' dir='ltr'><strong>serpens</strong></span> <span class='ocrx_word' id='word_1_290' title='bbox 1641 2379 1807 2432; x_wconf 88' lang='lat' dir='ltr'><strong>Evam</strong></span> <span class='ocrx_word' id='word_1_291' title='bbox 1861 2393 1952 2433; x_wconf 82' lang='lat' dir='ltr'><strong>se-</strong></span> 
     </span>
    </p>
   </div>
   <div class='ocr_carea' id='block_1_42' title="bbox 365 2469 1949 2539">
    <p class='ocr_par' dir='ltr' id='par_1_42' title="bbox 365 2469 1949 2539">
     <span class='ocr_line' id='line_1_42' title="bbox 365 2469 1949 2539; baseline 0.001 -17"><span class='ocrx_word' id='word_1_292' title='bbox 365 2469 543 2532; x_wconf 80' lang='lat' dir='ltr'><strong>duxit,</strong></span> <span class='ocrx_word' id='word_1_293' title='bbox 577 2470 650 2522; x_wconf 86' lang='lat' dir='ltr'><strong>ita</strong></span> <span class='ocrx_word' id='word_1_294' title='bbox 677 2477 1103 2539; x_wconf 88' lang='lat' dir='ltr'><strong>corrumpantur</strong></span> <span class='ocrx_word' id='word_1_295' title='bbox 1130 2484 1329 2526; x_wconf 90' lang='lat' dir='ltr'><strong>sensus</strong></span> <span class='ocrx_word' id='word_1_296' title='bbox 1359 2471 1525 2525; x_wconf 86' lang='lat' dir='ltr'><strong>vestri</strong></span> <span class='ocrx_word' id='word_1_297' title='bbox 1556 2477 1610 2524; x_wconf 92' lang='lat' dir='ltr'><strong>et</strong></span> <span class='ocrx_word' id='word_1_298' title='bbox 1642 2469 1898 2523; x_wconf 79' lang='lat' dir='ltr'><strong>excidant</strong></span> <span class='ocrx_word' id='word_1_299' title='bbox 1919 2484 1949 2523; x_wconf 90' lang='lat' dir='ltr'><strong>a</strong></span> 
     </span>
    </p>
   </div>
   <div class='ocr_carea' id='block_1_43' title="bbox 365 2559 1949 2630">
    <p class='ocr_par' dir='ltr' id='par_1_43' title="bbox 365 2559 1949 2630">
     <span class='ocr_line' id='line_1_43' title="bbox 365 2559 1949 2630; baseline -0.001 -16"><span class='ocrx_word' id='word_1_300' title='bbox 365 2559 736 2630; x_wconf 79' lang='lat' dir='ltr'><strong>simplicitate,</strong></span> <span class='ocrx_word' id='word_1_301' title='bbox 761 2575 884 2630; x_wconf 71' lang='lat' dir='ltr'><strong>qua:</strong></span> <span class='ocrx_word' id='word_1_302' title='bbox 931 2564 1015 2614; x_wconf 84' lang='lat' dir='ltr'><strong>est</strong></span> <span class='ocrx_word' id='word_1_303' title='bbox 1069 2560 1136 2613; x_wconf 89' lang='lat' dir='ltr'><strong>in&#39;</strong></span> <span class='ocrx_word' id='word_1_304' title='bbox 1155 2559 1378 2615; x_wconf 86' lang='lat' dir='ltr'><strong>Christo</strong></span> <span class='ocrx_word' id='word_1_305' title='bbox 1409 2561 1452 2613; x_wconf 81' lang='grc'><strong>⁸.</strong></span> <span class='ocrx_word' id='word_1_306' title='bbox 1489 2578 1508 2612; x_wconf 75' lang='grc' dir='ltr'><strong>ι</strong></span> <span class='ocrx_word' id='word_1_307' title='bbox 1553 2559 1689 2613; x_wconf 89' lang='lat' dir='ltr'><strong>Eum</strong></span> <span class='ocrx_word' id='word_1_308' title='bbox 1748 2559 1949 2630; x_wconf 88' lang='lat' dir='ltr'><strong>quippe</strong></span> 
     </span>
    </p>
   </div>
   <div class='ocr_carea' id='block_1_44' title="bbox 365 2649 1949 2720">
    <p class='ocr_par' dir='ltr' id='par_1_44' title="bbox 365 2649 1949 2720">
     <span class='ocr_line' id='line_1_44' title="bbox 365 2649 1949 2720; baseline -0.001 -15"><span class='ocrx_word' id='word_1_309' title='bbox 365 2650 528 2720; x_wconf 88' lang='lat' dir='ltr'><strong>cujus</strong></span> <span class='ocrx_word' id='word_1_310' title='bbox 583 2650 766 2704; x_wconf 90' lang='lat' dir='ltr'><strong>anima</strong></span> <span class='ocrx_word' id='word_1_311' title='bbox 818 2650 1244 2706; x_wconf 80' lang='lat' dir='ltr'><strong>circummunita</strong></span> <span class='ocrx_word' id='word_1_312' title='bbox 1293 2650 1482 2712; x_wconf 79' lang='lat' dir='ltr'><strong>fuerit,</strong></span> <span class='ocrx_word' id='word_1_313' title='bbox 1541 2649 1779 2719; x_wconf 87' lang='lat' dir='ltr'><strong>dejicere</strong></span> <span class='ocrx_word' id='word_1_314' title='bbox 1807 2665 1949 2704; x_wconf 83' lang='lat' dir='ltr'><strong>nun-</strong></span> 
     </span>
    </p>
   </div>
   <div class='ocr_carea' id='block_1_45' title="bbox 361 2738 1944 2813">
    <p class='ocr_par' dir='ltr' id='par_1_45' title="bbox 361 2738 1944 2813">
     <span class='ocr_line' id='line_1_45' title="bbox 361 2738 1944 2813; baseline -0.001 -18"><span class='ocrx_word' id='word_1_315' title='bbox 361 2757 526 2813; x_wconf 86' lang='lat' dir='ltr'><strong>quam</strong></span> <span class='ocrx_word' id='word_1_316' title='bbox 576 2741 795 2796; x_wconf 82' lang='lat' dir='ltr'><strong>valeant</strong></span> <span class='ocrx_word' id='word_1_317' title='bbox 836 2742 871 2796; x_wconf 89' lang='lat' dir='ltr'><strong>ii</strong></span> <span class='ocrx_word' id='word_1_318' title='bbox 924 2743 1016 2812; x_wconf 87' lang='lat' dir='ltr'><strong>qui</strong></span> <span class='ocrx_word' id='word_1_319' title='bbox 1055 2757 1221 2811; x_wconf 86' lang='lat' dir='ltr'><strong>supra</strong></span> <span class='ocrx_word' id='word_1_320' title='bbox 1271 2738 1568 2796; x_wconf 78' lang='lat' dir='ltr'><strong>memorati</strong></span> <span class='ocrx_word' id='word_1_321' title='bbox 1587 2747 1737 2804; x_wconf 87' lang='lat' dir='ltr'><strong>sunt,</strong></span> <span class='ocrx_word' id='word_1_322' title='bbox 1792 2760 1810 2792; x_wconf 77' lang='grc' dir='ltr'><strong>ι</strong></span> <span class='ocrx_word' id='word_1_323' title='bbox 1851 2739 1944 2810; x_wconf 91' lang='lat' dir='ltr'><strong>qui</strong></span> 
     </span>
    </p>
   </div>
   <div class='ocr_carea' id='block_1_46' title="bbox 359 2831 1946 2905">
    <p class='ocr_par' dir='ltr' id='par_1_46' title="bbox 359 2831 1946 2905">
     <span class='ocr_line' id='line_1_46' title="bbox 359 2831 1946 2905; baseline -0.004 -15"><span class='ocrx_word' id='word_1_324' title='bbox 359 2842 696 2890; x_wconf 83' lang='lat' dir='ltr'><strong>exacuerunt</strong></span> <span class='ocrx_word' id='word_1_325' title='bbox 730 2840 788 2888; x_wconf 92' lang='lat' dir='ltr'><strong>ut</strong></span> <span class='ocrx_word' id='word_1_326' title='bbox 847 2834 1088 2905; x_wconf 87' lang='lat' dir='ltr'><strong>gladium</strong></span> <span class='ocrx_word' id='word_1_327' title='bbox 1143 2834 1361 2905; x_wconf 88' lang='lat' dir='ltr'><strong>linguas</strong></span> <span class='ocrx_word' id='word_1_328' title='bbox 1393 2848 1545 2899; x_wconf 91' lang='lat' dir='ltr'><strong>suas,</strong></span> <span class='ocrx_word' id='word_1_329' title='bbox 1587 2831 1946 2889; x_wconf 87' lang='lat' dir='ltr'><strong>intenderunt</strong></span> 
     </span>
    </p>
   </div>
   <div class='ocr_carea' id='block_1_47' title="bbox 359 2921 1942 2994">
    <p class='ocr_par' dir='ltr' id='par_1_47' title="bbox 359 2921 1942 2994">
     <span class='ocr_line' id='line_1_47' title="bbox 359 2921 1942 2994; baseline -0.002 -18"><span class='ocrx_word' id='word_1_330' title='bbox 359 2938 571 2987; x_wconf 83' lang='lat' dir='ltr'><strong>arcum,</strong></span> <span class='ocrx_word' id='word_1_331' title='bbox 604 2938 724 2978; x_wconf 91' lang='lat' dir='ltr'><strong>rem</strong></span> <span class='ocrx_word' id='word_1_332' title='bbox 757 2937 1026 2989; x_wconf 88' lang='lat' dir='ltr'><strong>amaram,</strong></span> <span class='ocrx_word' id='word_1_333' title='bbox 1068 2930 1128 2977; x_wconf 90' lang='lat' dir='ltr'><strong>ut</strong></span> <span class='ocrx_word' id='word_1_334' title='bbox 1159 2923 1423 2994; x_wconf 88' lang='lat' dir='ltr'><strong>sagittent</strong></span> <span class='ocrx_word' id='word_1_335' title='bbox 1470 2924 1525 2977; x_wconf 90' lang='lat' dir='ltr'><strong>in</strong></span> <span class='ocrx_word' id='word_1_336' title='bbox 1561 2921 1792 2978; x_wconf 88' lang='lat' dir='ltr'><strong>occultis</strong></span> <span class='ocrx_word' id='word_1_337' title='bbox 1837 2921 1942 2974; x_wconf 91' lang='lat' dir='ltr'><strong>im-</strong></span> 
     </span>
    </p>
   </div>
   <div class='ocr_carea' id='block_1_48' title="bbox 361 3010 1943 3085">
    <p class='ocr_par' dir='ltr' id='par_1_48' title="bbox 361 3010 1943 3085">
     <span class='ocr_line' id='line_1_48' title="bbox 361 3010 1943 3085; baseline -0.001 -21"><span class='ocrx_word' id='word_1_338' title='bbox 361 3015 733 3081; x_wconf 81' lang='lat' dir='ltr'><strong>maculatum;</strong></span> <span class='ocrx_word' id='word_1_339' title='bbox 768 3034 786 3066; x_wconf 75' lang='grc' dir='ltr'><strong>ι</strong></span> <span class='ocrx_word' id='word_1_340' title='bbox 820 3015 956 3077; x_wconf 88' lang='lat' dir='ltr'><strong>sive,</strong></span> <span class='ocrx_word' id='word_1_341' title='bbox 997 3033 1015 3064; x_wconf 78' lang='grc' dir='ltr'><strong>ι</strong></span> <span class='ocrx_word' id='word_1_342' title='bbox 1056 3023 1114 3069; x_wconf 92' lang='lat' dir='ltr'><strong>ut</strong></span> <span class='ocrx_word' id='word_1_343' title='bbox 1142 3014 1400 3085; x_wconf 79' lang='lat' dir='ltr'><strong>Sagittent</strong></span> <span class='ocrx_word' id='word_1_344' title='bbox 1435 3013 1490 3068; x_wconf 90' lang='lat' dir='ltr'><strong>in</strong></span> <span class='ocrx_word' id='word_1_345' title='bbox 1540 3012 1776 3068; x_wconf 87' lang='lat' dir='ltr'><strong>occultis</strong></span> <span class='ocrx_word' id='word_1_346' title='bbox 1809 3010 1943 3066; x_wconf 89' lang='lat' dir='ltr'><strong>sim-</strong></span> 
     </span>
    </p>
   </div>
   <div class='ocr_carea' id='block_1_49' title="bbox 358 3102 1933 3176">
    <p class='ocr_par' dir='ltr' id='par_1_49' title="bbox 358 3102 1933 3176">
     <span class='ocr_line' id='line_1_49' title="bbox 358 3102 1933 3176; baseline -0.006 -14"><span class='ocrx_word' id='word_1_347' title='bbox 358 3105 576 3174; x_wconf 89' lang='lat' dir='ltr'><strong>plicem.</strong></span> <span class='ocrx_word' id='word_1_348' title='bbox 618 3103 814 3158; x_wconf 92' lang='lat' dir='ltr'><strong>Subito</strong></span> <span class='ocrx_word' id='word_1_349' title='bbox 845 3105 1350 3176; x_wconf 88' lang='lat' dir='ltr'><strong>sagittabunteum,</strong></span> <span class='ocrx_word' id='word_1_350' title='bbox 1383 3111 1437 3159; x_wconf 91' lang='lat' dir='ltr'><strong>et</strong></span> <span class='ocrx_word' id='word_1_351' title='bbox 1463 3119 1572 3159; x_wconf 91' lang='lat' dir='ltr'><strong>non</strong></span> <span class='ocrx_word' id='word_1_352' title='bbox 1597 3102 1886 3157; x_wconf 90' lang='lat' dir='ltr'><strong>timebunt.</strong></span> <span class='ocrx_word' id='word_1_353' title='bbox 1916 3121 1933 3152; x_wconf 78' lang='grc' dir='ltr'><strong>ι</strong></span> 
     </span>
    </p>
   </div>
   <div class='ocr_carea' id='block_1_50' title="bbox 2058 1919 3622 2000">
    <p class='ocr_par' dir='ltr' id='par_1_50' title="bbox 2058 1919 3622 2000">
     <span class='ocr_line' id='line_1_50' title="bbox 2058 1919 3622 2000; baseline 0.008 -30"><span class='ocrx_word' id='word_1_354' title='bbox 2058 1934 2244 1972; x_wconf 88' lang='grc' dir='ltr'>νευσεν</span> <span class='ocrx_word' id='word_1_355' title='bbox 2273 1920 2301 1972; x_wconf 81' lang='grc' dir='ltr'><strong>ό</strong></span> <span class='ocrx_word' id='word_1_356' title='bbox 2348 1919 2594 1984; x_wconf 81' lang='grc' dir='ltr'>Ἀκύλας.</span> <span class='ocrx_word' id='word_1_357' title='bbox 2627 1922 2729 1975; x_wconf 83' lang='grc' dir='ltr'><strong>Τὸν</strong></span> <span class='ocrx_word' id='word_1_358' title='bbox 2763 1924 2870 1994; x_wconf 84' lang='grc' dir='ltr'><strong>γὰρ</strong></span> <span class='ocrx_word' id='word_1_359' title='bbox 2906 1925 3109 1979; x_wconf 80' lang='grc' dir='ltr'>ἁπλοῦν</span> <span class='ocrx_word' id='word_1_360' title='bbox 3146 1927 3241 1980; x_wconf 80' lang='grc' dir='ltr'>καὶ</span> <span class='ocrx_word' id='word_1_361' title='bbox 3275 1920 3622 2000; x_wconf 80' lang='grc' dir='ltr'>ἀπειρόκακον</span> 
     </span>
    </p>
   </div>
   <div class='ocr_carea' id='block_1_51' title="bbox 2061 2008 3619 2088">
    <p class='ocr_par' dir='ltr' id='par_1_51' title="bbox 2061 2008 3619 2088">
     <span class='ocr_line' id='line_1_51' title="bbox 2061 2008 3619 2088; baseline 0.008 -27"><span class='ocrx_word' id='word_1_362' title='bbox 2061 2008 2292 2078; x_wconf 78' lang='grc' dir='ltr'>μάλιστα</span> <span class='ocrx_word' id='word_1_363' title='bbox 2323 2012 2702 2078; x_wconf 77' lang='grc' dir='ltr'>κατατοξεύειν</span> <span class='ocrx_word' id='word_1_364' title='bbox 2727 2015 2777 2067; x_wconf 87' lang='lat' dir='ltr'><strong>0i</strong></span> <span class='ocrx_word' id='word_1_365' title='bbox 2806 2014 3035 2070; x_wconf 87' lang='grc' dir='ltr'>τοιοῦτοι</span> <span class='ocrx_word' id='word_1_366' title='bbox 3067 2017 3368 2088; x_wconf 90' lang='grc' dir='ltr'>πειρῶνται</span> <span class='ocrx_word' id='word_1_367' title='bbox 3389 2035 3402 2050; x_wconf 71' lang='grc' dir='ltr'><strong>ο</strong></span> <span class='ocrx_word' id='word_1_368' title='bbox 3422 2019 3503 2073; x_wconf 80' lang='grc' dir='ltr'><strong>διὸ</strong></span> <span class='ocrx_word' id='word_1_369' title='bbox 3515 2022 3619 2073; x_wconf 86' lang='grc' dir='ltr'>ὲπι-</span> 
     </span>
    </p>
   </div>
   <div class='ocr_carea' id='block_1_52' title="bbox 2055 2098 3620 2170">
    <p class='ocr_par' dir='ltr' id='par_1_52' title="bbox 2055 2098 3620 2170">
     <span class='ocr_line' id='line_1_52' title="bbox 2055 2098 3620 2170; baseline 0.01 -20"><span class='ocrx_word' id='word_1_370' title='bbox 2055 2098 2233 2167; x_wconf 79' lang='grc' dir='ltr'>λέγει’</span> <span class='ocrx_word' id='word_1_371' title='bbox 2278 2119 2295 2152; x_wconf 84' lang='grc' dir='ltr'><strong>ι</strong></span> <span class='ocrx_word' id='word_1_372' title='bbox 2344 2101 2601 2167; x_wconf 81' lang='grc' dir='ltr'>Ἑξάπινα</span> <span class='ocrx_word' id='word_1_373' title='bbox 2661 2105 3142 2170; x_wconf 85' lang='grc' dir='ltr'>κατατοξεύσουσιν</span> <span class='ocrx_word' id='word_1_374' title='bbox 3187 2109 3374 2169; x_wconf 77' lang='grc' dir='ltr'>αὑτὸν,</span> <span class='ocrx_word' id='word_1_375' title='bbox 3426 2115 3524 2164; x_wconf 73' lang='grc' dir='ltr'><strong>καὶ</strong></span> <span class='ocrx_word' id='word_1_376' title='bbox 3558 2111 3620 2164; x_wconf 70' lang='grc' dir='ltr'>οὐ</span> 
     </span>
    </p>
   </div>
   <div class='ocr_carea' id='block_1_53' title="bbox 2055 2191 3620 2272">
    <p class='ocr_par' dir='ltr' id='par_1_53' title="bbox 2055 2191 3620 2272">
     <span class='ocr_line' id='line_1_53' title="bbox 2055 2191 3620 2272; baseline 0.008 -30"><span class='ocrx_word' id='word_1_377' title='bbox 2055 2191 2477 2263; x_wconf 75' lang='grc' dir='ltr'>φοϐηθήσονται.</span> <span class='ocrx_word' id='word_1_378' title='bbox 2508 2213 2525 2244; x_wconf 74' lang='grc' dir='ltr'><strong>ι</strong></span> <span class='ocrx_word' id='word_1_379' title='bbox 2545 2196 3088 2266; x_wconf 86' lang='grc' dir='ltr'>Καιροφυλακοῦντες</span> <span class='ocrx_word' id='word_1_380' title='bbox 3107 2198 3216 2271; x_wconf 84' lang='grc' dir='ltr'><strong>γὰρ</strong></span> <span class='ocrx_word' id='word_1_381' title='bbox 3241 2196 3409 2265; x_wconf 79' lang='grc' dir='ltr'>οὗτοι,</span> <span class='ocrx_word' id='word_1_382' title='bbox 3425 2201 3620 2272; x_wconf 82' lang='grc' dir='ltr'>ἀθρόως</span> 
     </span>
    </p>
   </div>
   <div class='ocr_carea' id='block_1_54' title="bbox 2053 2281 3618 2363">
    <p class='ocr_par' dir='ltr' id='par_1_54' title="bbox 2053 2281 3618 2363">
     <span class='ocr_line' id='line_1_54' title="bbox 2053 2281 3618 2363; baseline 0.009 -32"><span class='ocrx_word' id='word_1_383' title='bbox 2053 2281 2145 2332; x_wconf 74' lang='grc' dir='ltr'><strong>καὶ</strong></span> <span class='ocrx_word' id='word_1_384' title='bbox 2203 2281 2623 2354; x_wconf 80' lang='grc' dir='ltr'>ἀπροσδοκήτως</span> <span class='ocrx_word' id='word_1_385' title='bbox 2670 2285 2991 2356; x_wconf 77' lang='grc' dir='ltr'>ἐπέρχονται</span> <span class='ocrx_word' id='word_1_386' title='bbox 3043 2287 3121 2358; x_wconf 82' lang='grc' dir='ltr'>τῷ</span> <span class='ocrx_word' id='word_1_387' title='bbox 3170 2288 3421 2361; x_wconf 83' lang='grc' dir='ltr'>ἀμώμῳ,</span> <span class='ocrx_word' id='word_1_388' title='bbox 3479 2292 3510 2362; x_wconf 84' lang='grc' dir='ltr'>ἢ</span> <span class='ocrx_word' id='word_1_389' title='bbox 3551 2293 3618 2363; x_wconf 84' lang='grc' dir='ltr'>τῷ</span> 
     </span>
    </p>
   </div>
   <div class='ocr_carea' id='block_1_55' title="bbox 2053 2371 3617 2454">
    <p class='ocr_par' dir='ltr' id='par_1_55' title="bbox 2053 2371 3617 2454">
     <span class='ocr_line' id='line_1_55' title="bbox 2053 2371 3617 2454; baseline 0.008 -31"><span class='ocrx_word' id='word_1_390' title='bbox 2053 2371 2208 2442; x_wconf 84' lang='grc' dir='ltr'>ἁπλῷ</span> <span class='ocrx_word' id='word_1_391' title='bbox 2232 2373 2325 2426; x_wconf 77' lang='grc' dir='ltr'><strong>καὶ</strong></span> <span class='ocrx_word' id='word_1_392' title='bbox 2354 2374 2616 2445; x_wconf 83' lang='grc' dir='ltr'>ἁκεραίῳ.</span> <span class='ocrx_word' id='word_1_393' title='bbox 2634 2377 2724 2429; x_wconf 81' lang='grc' dir='ltr'>Διὸ</span> <span class='ocrx_word' id='word_1_394' title='bbox 2742 2378 2968 2448; x_wconf 81' lang='grc' dir='ltr'>γράφων</span> <span class='ocrx_word' id='word_1_395' title='bbox 2985 2395 3086 2432; x_wconf 85' lang='grc' dir='ltr'><strong>που</strong></span> <span class='ocrx_word' id='word_1_396' title='bbox 3108 2382 3136 2433; x_wconf 90' lang='lat'><strong>6</strong></span> <span class='ocrx_word' id='word_1_397' title='bbox 3160 2380 3483 2446; x_wconf 78' lang='grc' dir='ltr'>Ἀπόστολος</span> <span class='ocrx_word' id='word_1_398' title='bbox 3497 2384 3617 2454; x_wconf 69' lang='grc' dir='ltr'>πρὸς</span> 
     </span>
    </p>
   </div>
   <div class='ocr_carea' id='block_1_56' title="bbox 2049 2462 3617 2542">
    <p class='ocr_par' dir='ltr' id='par_1_56' title="bbox 2049 2462 3617 2542">
     <span class='ocr_line' id='line_1_56' title="bbox 2049 2462 3617 2542; baseline 0.009 -30"><span class='ocrx_word' id='word_1_399' title='bbox 2049 2462 2175 2524; x_wconf 82' lang='grc' dir='ltr'>τοὺς</span> <span class='ocrx_word' id='word_1_400' title='bbox 2206 2462 2482 2526; x_wconf 79' lang='grc' dir='ltr'>τοιούτους</span> <span class='ocrx_word' id='word_1_401' title='bbox 2528 2466 2659 2535; x_wconf 85' lang='grc' dir='ltr'>φησί</span> <span class='ocrx_word' id='word_1_402' title='bbox 2687 2481 2697 2492; x_wconf 81' lang='grc'><strong><em>⁸</em></strong></span> <span class='ocrx_word' id='word_1_403' title='bbox 2727 2485 2743 2516; x_wconf 82' lang='grc' dir='ltr'><strong>ι</strong></span> <span class='ocrx_word' id='word_1_404' title='bbox 2771 2467 3042 2537; x_wconf 76' lang='grc' dir='ltr'>Φοϐοῦμαι</span> <span class='ocrx_word' id='word_1_405' title='bbox 3087 2471 3159 2540; x_wconf 91' lang='grc' dir='ltr'><strong>μή</strong></span> <span class='ocrx_word' id='word_1_406' title='bbox 3189 2487 3327 2535; x_wconf 88' lang='grc' dir='ltr'>πως,</span> <span class='ocrx_word' id='word_1_407' title='bbox 3360 2471 3435 2536; x_wconf 84' lang='grc' dir='ltr'>ὡς</span> <span class='ocrx_word' id='word_1_408' title='bbox 3459 2475 3486 2526; x_wconf 85' lang='lat'><strong>6</strong></span> <span class='ocrx_word' id='word_1_409' title='bbox 3507 2473 3617 2542; x_wconf 74' lang='grc' dir='ltr'>ὄφις</span> 
     </span>
    </p>
   </div>
   <div class='ocr_carea' id='block_1_57' title="bbox 2049 2551 3613 2636">
    <p class='ocr_par' dir='ltr' id='par_1_57' title="bbox 2049 2551 3613 2636">
     <span class='ocr_line' id='line_1_57' title="bbox 2049 2551 3613 2636; baseline 0.012 -33"><span class='ocrx_word' id='word_1_410' title='bbox 2049 2551 2390 2624; x_wconf 79' lang='grc' dir='ltr'>ἐξηπάτησεν</span> <span class='ocrx_word' id='word_1_411' title='bbox 2433 2553 2597 2621; x_wconf 78' lang='grc' dir='ltr'>Εὔαν,</span> <span class='ocrx_word' id='word_1_412' title='bbox 2628 2556 2903 2629; x_wconf 64' lang='grc' dir='ltr'>φθαρῇετὰ</span> <span class='ocrx_word' id='word_1_413' title='bbox 2931 2562 3174 2632; x_wconf 85' lang='grc' dir='ltr'>νοήματα</span> <span class='ocrx_word' id='word_1_414' title='bbox 3202 2563 3359 2633; x_wconf 84' lang='grc' dir='ltr'>ὑμῶν</span> <span class='ocrx_word' id='word_1_415' title='bbox 3393 2566 3500 2618; x_wconf 80' lang='grc' dir='ltr'>ἀπὸ</span> <span class='ocrx_word' id='word_1_416' title='bbox 3528 2567 3613 2636; x_wconf 75' lang='grc' dir='ltr'>τῆς</span> 
     </span>
    </p>
   </div>
   <div class='ocr_carea' id='block_1_58' title="bbox 2047 2640 3612 2725">
    <p class='ocr_par' dir='ltr' id='par_1_58' title="bbox 2047 2640 3612 2725">
     <span class='ocr_line' id='line_1_58' title="bbox 2047 2640 3612 2725; baseline 0.008 -33"><span class='ocrx_word' id='word_1_417' title='bbox 2047 2640 2347 2712; x_wconf 81' lang='grc' dir='ltr'>ἁπλότητος</span> <span class='ocrx_word' id='word_1_418' title='bbox 2365 2643 2467 2713; x_wconf 84' lang='grc' dir='ltr'><strong>τῆς</strong></span> <span class='ocrx_word' id='word_1_419' title='bbox 2499 2645 2558 2696; x_wconf 80' lang='grc' dir='ltr'>ἐν</span> <span class='ocrx_word' id='word_1_420' title='bbox 2590 2646 2831 2717; x_wconf 81' lang='grc' dir='ltr'>Χριστῷ.</span> <span class='ocrx_word' id='word_1_421' title='bbox 2877 2666 2894 2698; x_wconf 75' lang='grc' dir='ltr'><strong>ι</strong></span> <span class='ocrx_word' id='word_1_422' title='bbox 2927 2649 3027 2701; x_wconf 84' lang='grc' dir='ltr'><strong>Τὸν</strong></span> <span class='ocrx_word' id='word_1_423' title='bbox 3086 2651 3194 2722; x_wconf 84' lang='grc' dir='ltr'><strong>γὰρ</strong></span> <span class='ocrx_word' id='word_1_424' title='bbox 3242 2655 3612 2725; x_wconf 77' lang='grc' dir='ltr'>πεφραγμένον</span> 
     </span>
    </p>
   </div>
   <div class='ocr_carea' id='block_1_59' title="bbox 2045 2732 3610 2816">
    <p class='ocr_par' dir='ltr' id='par_1_59' title="bbox 2045 2732 3610 2816">
     <span class='ocr_line' id='line_1_59' title="bbox 2045 2732 3610 2816; baseline 0.009 -32"><span class='ocrx_word' id='word_1_425' title='bbox 2045 2732 2143 2801; x_wconf 81' lang='grc' dir='ltr'>τὴν</span> <span class='ocrx_word' id='word_1_426' title='bbox 2171 2732 2347 2805; x_wconf 76' lang='grc' dir='ltr'>ψυχὴν</span> <span class='ocrx_word' id='word_1_427' title='bbox 2379 2736 2478 2788; x_wconf 79' lang='grc' dir='ltr'><strong>οὐκ</strong></span> <span class='ocrx_word' id='word_1_428' title='bbox 2511 2737 2575 2789; x_wconf 83' lang='grc' dir='ltr'>ἄν</span> <span class='ocrx_word' id='word_1_429' title='bbox 2610 2754 2738 2789; x_wconf 88' lang='grc' dir='ltr'>ποτε</span> <span class='ocrx_word' id='word_1_430' title='bbox 2779 2738 3023 2793; x_wconf 86' lang='grc' dir='ltr'>δύναιντο</span> <span class='ocrx_word' id='word_1_431' title='bbox 3047 2741 3373 2796; x_wconf 75' lang='grc' dir='ltr'>καταϐαλεῖν</span> <span class='ocrx_word' id='word_1_432' title='bbox 3409 2746 3459 2797; x_wconf 80' lang='grc' dir='ltr'>οἱ</span> <span class='ocrx_word' id='word_1_433' title='bbox 3495 2762 3610 2816; x_wconf 84' lang='grc' dir='ltr'>προ-</span> 
     </span>
    </p>
   </div>
   <div class='ocr_carea' id='block_1_60' title="bbox 2043 2820 3610 2903">
    <p class='ocr_par' dir='ltr' id='par_1_60' title="bbox 2043 2820 3610 2903">
     <span class='ocr_line' id='line_1_60' title="bbox 2043 2820 3610 2903; baseline 0.011 -31"><span class='ocrx_word' id='word_1_434' title='bbox 2043 2820 2350 2892; x_wconf 82' lang='grc' dir='ltr'>λεχθέντες,</span> <span class='ocrx_word' id='word_1_435' title='bbox 2371 2844 2387 2875; x_wconf 81' lang='grc' dir='ltr'><strong>ι</strong></span> <span class='ocrx_word' id='word_1_436' title='bbox 2408 2826 2601 2889; x_wconf 78' lang='grc' dir='ltr'>οἵτινες</span> <span class='ocrx_word' id='word_1_437' title='bbox 2630 2827 2902 2898; x_wconf 74' lang='grc' dir='ltr'>ἠκόνησαν</span> <span class='ocrx_word' id='word_1_438' title='bbox 2924 2829 3000 2893; x_wconf 85' lang='grc' dir='ltr'>ὼς</span> <span class='ocrx_word' id='word_1_439' title='bbox 3031 2833 3304 2902; x_wconf 78' lang='grc' dir='ltr'>ῥομφαίαν</span> <span class='ocrx_word' id='word_1_440' title='bbox 3322 2834 3423 2897; x_wconf 72' lang='grc' dir='ltr'>τὰς</span> <span class='ocrx_word' id='word_1_441' title='bbox 3452 2834 3610 2903; x_wconf 66' lang='grc' dir='ltr'>γλῶσς-</span> 
     </span>
    </p>
   </div>
   <div class='ocr_carea' id='block_1_61' title="bbox 2046 2917 3608 2998">
    <p class='ocr_par' dir='ltr' id='par_1_61' title="bbox 2046 2917 3608 2998">
     <span class='ocr_line' id='line_1_61' title="bbox 2046 2917 3608 2998; baseline 0.008 -31"><span class='ocrx_word' id='word_1_442' title='bbox 2046 2931 2142 2977; x_wconf 87' lang='grc' dir='ltr'><strong>σας</strong></span> <span class='ocrx_word' id='word_1_443' title='bbox 2165 2917 2366 2980; x_wconf 78' lang='grc' dir='ltr'>αὐτῶν,</span> <span class='ocrx_word' id='word_1_444' title='bbox 2401 2919 2494 2970; x_wconf 71' lang='grc' dir='ltr'><strong>καὶ</strong></span> <span class='ocrx_word' id='word_1_445' title='bbox 2515 2918 2782 2973; x_wconf 74' lang='grc' dir='ltr'>ἐνέτειναν</span> <span class='ocrx_word' id='word_1_446' title='bbox 2825 2919 2996 2986; x_wconf 85' lang='grc' dir='ltr'>τόξον,</span> <span class='ocrx_word' id='word_1_447' title='bbox 3031 2925 3261 2994; x_wconf 78' lang='grc' dir='ltr'>πρᾶγμα</span> <span class='ocrx_word' id='word_1_448' title='bbox 3294 2927 3506 2998; x_wconf 77' lang='grc' dir='ltr'>πικρὸν,</span> <span class='ocrx_word' id='word_1_449' title='bbox 3527 2926 3608 2980; x_wconf 86' lang='grc' dir='ltr'><strong>τοῦ</strong></span> 
     </span>
    </p>
   </div>
   <div class='ocr_carea' id='block_1_62' title="bbox 2042 3008 3609 3088">
    <p class='ocr_par' dir='ltr' id='par_1_62' title="bbox 2042 3008 3609 3088">
     <span class='ocr_line' id='line_1_62' title="bbox 2042 3008 3609 3088; baseline 0.007 -26"><span class='ocrx_word' id='word_1_450' title='bbox 2042 3008 2432 3071; x_wconf 77' lang='grc' dir='ltr'>κατατοξεῦσαι</span> <span class='ocrx_word' id='word_1_451' title='bbox 2480 3010 2537 3061; x_wconf 87' lang='grc' dir='ltr'>ὲν</span> <span class='ocrx_word' id='word_1_452' title='bbox 2557 3010 2895 3082; x_wconf 82' lang='grc' dir='ltr'>ἁποκρύφοις</span> <span class='ocrx_word' id='word_1_453' title='bbox 2939 3014 3187 3087; x_wconf 74' lang='grc' dir='ltr'>ἄμωμονο</span> <span class='ocrx_word' id='word_1_454' title='bbox 3219 3037 3236 3069; x_wconf 70' lang='grc' dir='ltr'><strong>ι</strong></span> <span class='ocrx_word' id='word_1_455' title='bbox 3273 3018 3328 3088; x_wconf 78' lang='grc' dir='ltr'>ἦ,</span> <span class='ocrx_word' id='word_1_456' title='bbox 3353 3038 3372 3068; x_wconf 82' lang='grc' dir='ltr'><strong>ι</strong></span> <span class='ocrx_word' id='word_1_457' title='bbox 3401 3019 3494 3072; x_wconf 80' lang='grc' dir='ltr'><strong>τοῦ</strong></span> <span class='ocrx_word' id='word_1_458' title='bbox 3524 3037 3609 3073; x_wconf 68' lang='grc' dir='ltr'><strong>κει,ὁ</strong></span> 
     </span>
    </p>
   </div>
   <div class='ocr_carea' id='block_1_63' title="bbox 2027 3098 3604 3172">
    <p class='ocr_par' dir='ltr' id='par_1_63' title="bbox 2027 3098 3604 3172">
     <span class='ocr_line' id='line_1_63' title="bbox 2027 3098 3604 3172; baseline 0.01 -24"><span class='ocrx_word' id='word_1_459' title='bbox 2027 3098 2358 3162; x_wconf 84' lang='grc' dir='ltr'>.τατοξεῦσαι</span> <span class='ocrx_word' id='word_1_460' title='bbox 2391 3101 2449 3154; x_wconf 80' lang='grc' dir='ltr'>ὲν</span> <span class='ocrx_word' id='word_1_461' title='bbox 2469 3100 2811 3172; x_wconf 81' lang='grc' dir='ltr'>ἀποκρύφοις</span> <span class='ocrx_word' id='word_1_462' title='bbox 2841 3105 3061 3158; x_wconf 86' lang='grc' dir='ltr'>ἁπλοῦν.</span> <span class='ocrx_word' id='word_1_463' title='bbox 3106 3107 3366 3172; x_wconf 86' lang='grc' dir='ltr'>Ἐξάπινα</span> <span class='ocrx_word' id='word_1_464' title='bbox 3391 3129 3604 3166; x_wconf 82' lang='grc' dir='ltr'><strong>κοιτατο⁹</strong></span> 
     </span>
    </p>
   </div>
   <div class='ocr_carea' id='block_1_64' title="bbox 355 3182 1936 3274">
    <p class='ocr_par' dir='ltr' id='par_1_64' title="bbox 355 3195 1936 3266">
     <span class='ocr_line' id='line_1_64' title="bbox 355 3195 1936 3266; baseline -0.003 -15"><span class='ocrx_word' id='word_1_465' title='bbox 355 3195 576 3251; x_wconf 70' lang='lat' dir='ltr'><strong>ALvide</strong></span> <span class='ocrx_word' id='word_1_466' title='bbox 611 3210 722 3264; x_wconf 91' lang='lat' dir='ltr'><strong>quo</strong></span> <span class='ocrx_word' id='word_1_467' title='bbox 752 3203 912 3266; x_wconf 90' lang='lat' dir='ltr'><strong>pacto</strong></span> <span class='ocrx_word' id='word_1_468' title='bbox 939 3197 1110 3260; x_wconf 87' lang='lat' dir='ltr'><strong>dicat,</strong></span> <span class='ocrx_word' id='word_1_469' title='bbox 1139 3195 1480 3265; x_wconf 85' lang='lat' dir='ltr'><strong>sagittabunt</strong></span> <span class='ocrx_word' id='word_1_470' title='bbox 1527 3209 1675 3256; x_wconf 90' lang='lat' dir='ltr'><strong>eum,</strong></span> <span class='ocrx_word' id='word_1_471' title='bbox 1709 3207 1820 3246; x_wconf 92' lang='lat' dir='ltr'><strong>non</strong></span> <span class='ocrx_word' id='word_1_472' title='bbox 1851 3205 1936 3247; x_wconf 88' lang='lat' dir='ltr'><strong>me</strong></span> 
     </span>
    </p>
   </div>
   <div class='ocr_carea' id='block_1_65' title="bbox 2046 3182 3606 3274">
    <p class='ocr_par' dir='ltr' id='par_1_65' title="bbox 2046 3188 3606 3274">
     <span class='ocr_line' id='line_1_65' title="bbox 2046 3188 3606 3274; baseline 0.01 -33"><span class='ocrx_word' id='word_1_473' title='bbox 2046 3188 2318 3254; x_wconf 88' lang='grc' dir='ltr'>ξεύσουσιν</span> <span class='ocrx_word' id='word_1_474' title='bbox 2368 3192 2550 3256; x_wconf 80' lang='grc' dir='ltr'>αὑτὸν,</span> <span class='ocrx_word' id='word_1_475' title='bbox 2611 3193 2706 3245; x_wconf 79' lang='grc' dir='ltr'><strong>καὶ</strong></span> <span class='ocrx_word' id='word_1_476' title='bbox 2758 3193 2818 3245; x_wconf 80' lang='grc' dir='ltr'><strong>οὐ</strong></span> <span class='ocrx_word' id='word_1_477' title='bbox 2862 3196 3279 3267; x_wconf 79' lang='grc' dir='ltr'>φοϐηθήσονται.</span> <span class='ocrx_word' id='word_1_478' title='bbox 3326 3220 3345 3253; x_wconf 72' lang='grc' dir='ltr'><strong>ι</strong></span> <span class='ocrx_word' id='word_1_479' title='bbox 3389 3203 3497 3256; x_wconf 79' lang='grc' dir='ltr'><strong>Καὶ</strong></span> <span class='ocrx_word' id='word_1_480' title='bbox 3519 3204 3606 3274; x_wconf 77' lang='grc' dir='ltr'>ὅρα</span> 
     </span>
    </p>
   </div>
   <div class='ocr_carea' id='block_1_66' title="bbox 351 3283 1936 3357">
    <p class='ocr_par' dir='ltr' id='par_1_66' title="bbox 351 3283 1936 3357">
     <span class='ocr_line' id='line_1_66' title="bbox 351 3283 1936 3357; baseline -0.001 -21"><span class='ocrx_word' id='word_1_481' title='bbox 351 3286 447 3357; x_wconf 88' lang='lat' dir='ltr'><strong>qui</strong></span> <span class='ocrx_word' id='word_1_482' title='bbox 477 3285 607 3342; x_wconf 84' lang='lat' dir='ltr'><strong>talia</strong></span> <span class='ocrx_word' id='word_1_483' title='bbox 625 3287 897 3355; x_wconf 86' lang='lat' dir='ltr'><strong>_prol&#39;ero;</strong></span> <span class='ocrx_word' id='word_1_484' title='bbox 923 3287 1028 3342; x_wconf 89' lang='lat' dir='ltr'><strong>sed</strong></span> <span class='ocrx_word' id='word_1_485' title='bbox 1060 3289 1389 3357; x_wconf 89' lang='lat' dir='ltr'><strong>simplicem,</strong></span> <span class='ocrx_word' id='word_1_486' title='bbox 1423 3287 1476 3342; x_wconf 89' lang='lat' dir='ltr'><strong>id</strong></span> <span class='ocrx_word' id='word_1_487' title='bbox 1519 3293 1604 3342; x_wconf 90' lang='lat' dir='ltr'><strong>cst</strong></span> <span class='ocrx_word' id='word_1_488' title='bbox 1661 3283 1850 3338; x_wconf 89' lang='lat' dir='ltr'><strong>rudem</strong></span> <span class='ocrx_word' id='word_1_489' title='bbox 1881 3290 1936 3337; x_wconf 91' lang='lat' dir='ltr'><strong>et</strong></span> 
     </span>
    </p>
   </div>
   <div class='ocr_carea' id='block_1_67' title="bbox 354 3376 1932 3450">
    <p class='ocr_par' dir='ltr' id='par_1_67' title="bbox 354 3376 1932 3450">
     <span class='ocr_line' id='line_1_67' title="bbox 354 3376 1932 3450; baseline 0.002 -19"><span class='ocrx_word' id='word_1_490' title='bbox 354 3379 726 3444; x_wconf 85' lang='lat' dir='ltr'><strong>innocentem,</strong></span> <span class='ocrx_word' id='word_1_491' title='bbox 764 3387 819 3434; x_wconf 92' lang='lat' dir='ltr'><strong>et</strong></span> <span class='ocrx_word' id='word_1_492' title='bbox 869 3381 1049 3435; x_wconf 90' lang='lat' dir='ltr'><strong>adhuc</strong></span> <span class='ocrx_word' id='word_1_493' title='bbox 1085 3381 1399 3450; x_wconf 85' lang='lat' dir='ltr'><strong>parvulum,</strong></span> <span class='ocrx_word' id='word_1_494' title='bbox 1432 3389 1491 3434; x_wconf 93' lang='lat' dir='ltr'><strong>ut</strong></span> <span class='ocrx_word' id='word_1_495' title='bbox 1549 3379 1676 3449; x_wconf 87' lang='lat' dir='ltr'><strong>quis</strong></span> <span class='ocrx_word' id='word_1_496' title='bbox 1711 3376 1932 3434; x_wconf 85' lang='lat' dir='ltr'><strong>dixerit.</strong></span> 
     </span>
    </p>
   </div>
   <div class='ocr_carea' id='block_1_68' title="bbox 353 3469 1929 3544">
    <p class='ocr_par' dir='ltr' id='par_1_68' title="bbox 353 3469 1929 3544">
     <span class='ocr_line' id='line_1_68' title="bbox 353 3469 1929 3544; baseline -0.003 -21"><span class='ocrx_word' id='word_1_497' title='bbox 353 3487 418 3528; x_wconf 79' lang='lat' dir='ltr'><strong>cx</strong></span> <span class='ocrx_word' id='word_1_498' title='bbox 453 3486 644 3527; x_wconf 90' lang='lat' dir='ltr'><strong>eorum</strong></span> <span class='ocrx_word' id='word_1_499' title='bbox 665 3487 900 3526; x_wconf 84' lang='lat' dir='ltr'><strong>numero</strong></span> <span class='ocrx_word' id='word_1_500' title='bbox 927 3471 996 3527; x_wconf 81' lang='lat' dir='ltr'><strong>de</strong></span> <span class='ocrx_word' id='word_1_501' title='bbox 1027 3473 1229 3544; x_wconf 90' lang='lat' dir='ltr'><strong>quibus</strong></span> <span class='ocrx_word' id='word_1_502' title='bbox 1259 3471 1521 3527; x_wconf 89' lang='lat' dir='ltr'><strong>Servator</strong></span> <span class='ocrx_word' id='word_1_503' title='bbox 1550 3471 1668 3525; x_wconf 71' lang='lat' dir='ltr'><strong>hzec</strong></span> <span class='ocrx_word' id='word_1_504' title='bbox 1698 3469 1886 3524; x_wconf 90' lang='lat' dir='ltr'><strong>docuit</strong></span> <span class='ocrx_word' id='word_1_505' title='bbox 1917 3481 1929 3519; x_wconf 90' lang='lat'>:</span> 
     </span>
    </p>
   </div>
   <div class='ocr_carea' id='block_1_69' title="bbox 357 3557 1933 3632">
    <p class='ocr_par' dir='ltr' id='par_1_69' title="bbox 357 3557 1933 3632">
     <span class='ocr_line' id='line_1_69' title="bbox 357 3557 1933 3632; baseline 0.001 -22"><span class='ocrx_word' id='word_1_506' title='bbox 357 3577 378 3610; x_wconf 75' lang='grc' dir='ltr'><strong>ι</strong></span> <span class='ocrx_word' id='word_1_507' title='bbox 405 3557 485 3612; x_wconf 89' lang='lat' dir='ltr'><strong>Ne</strong></span> <span class='ocrx_word' id='word_1_508' title='bbox 517 3561 882 3616; x_wconf 85' lang='lat' dir='ltr'><strong>contemnatis</strong></span> <span class='ocrx_word' id='word_1_509' title='bbox 911 3576 1080 3616; x_wconf 92' lang='lat' dir='ltr'><strong>unum</strong></span> <span class='ocrx_word' id='word_1_510' title='bbox 1127 3576 1195 3616; x_wconf 78' lang='lat' dir='ltr'><strong>ex</strong></span> <span class='ocrx_word' id='word_1_511' title='bbox 1227 3561 1442 3632; x_wconf 89' lang='lat' dir='ltr'><strong>pusillis</strong></span> <span class='ocrx_word' id='word_1_512' title='bbox 1475 3561 1568 3631; x_wconf 92' lang='lat' dir='ltr'><strong>qui</strong></span> <span class='ocrx_word' id='word_1_513' title='bbox 1591 3567 1721 3616; x_wconf 92' lang='lat' dir='ltr'><strong>sunt</strong></span> <span class='ocrx_word' id='word_1_514' title='bbox 1743 3561 1796 3614; x_wconf 91' lang='lat' dir='ltr'><strong>in</strong></span> <span class='ocrx_word' id='word_1_515' title='bbox 1826 3557 1933 3612; x_wconf 82' lang='lat' dir='ltr'><strong>Ec.-</strong></span> 
     </span>
    </p>
   </div>
   <div class='ocr_carea' id='block_1_70' title="bbox 346 3650 1929 3724">
    <p class='ocr_par' dir='ltr' id='par_1_70' title="bbox 346 3650 1929 3724">
     <span class='ocr_line' id='line_1_70' title="bbox 346 3650 1929 3724; baseline -0.001 -20"><span class='ocrx_word' id='word_1_516' title='bbox 346 3650 518 3706; x_wconf 88' lang='lat' dir='ltr'><strong>clesia</strong></span> <span class='ocrx_word' id='word_1_517' title='bbox 547 3666 666 3705; x_wconf 90' lang='lat' dir='ltr'><strong>mea</strong></span> <span class='ocrx_word' id='word_1_518' title='bbox 696 3652 750 3718; x_wconf 71' lang='lat'><strong>7;</strong></span> <span class='ocrx_word' id='word_1_519' title='bbox 782 3671 800 3704; x_wconf 71' lang='grc' dir='ltr'><strong>ι</strong></span> <span class='ocrx_word' id='word_1_520' title='bbox 829 3659 882 3706; x_wconf 90' lang='lat' dir='ltr'><strong>et</strong></span> <span class='ocrx_word' id='word_1_521' title='bbox 915 3669 928 3704; x_wconf 75' lang='grc' dir='ltr'><strong>ε</strong></span> <span class='ocrx_word' id='word_1_522' title='bbox 960 3671 978 3703; x_wconf 75' lang='grc' dir='ltr'><strong>ι</strong></span> <span class='ocrx_word' id='word_1_523' title='bbox 1027 3652 1083 3707; x_wconf 93' lang='lat' dir='ltr'><strong>Si</strong></span> <span class='ocrx_word' id='word_1_524' title='bbox 1114 3654 1240 3724; x_wconf 89' lang='lat' dir='ltr'><strong>quis</strong></span> <span class='ocrx_word' id='word_1_525' title='bbox 1282 3652 1735 3708; x_wconf 85' lang='lat' dir='ltr'><strong>scandalizaverit</strong></span> <span class='ocrx_word' id='word_1_526' title='bbox 1761 3665 1929 3705; x_wconf 90' lang='lat' dir='ltr'><strong>unum</strong></span> 
     </span>
    </p>
   </div>
   <div class='ocr_carea' id='block_1_71' title="bbox 345 3743 1923 3816">
    <p class='ocr_par' dir='ltr' id='par_1_71' title="bbox 345 3743 1923 3816">
     <span class='ocr_line' id='line_1_71' title="bbox 345 3743 1923 3816; baseline -0.003 -18"><span class='ocrx_word' id='word_1_527' title='bbox 345 3743 676 3813; x_wconf 78' lang='lat' dir='ltr'><strong>expusillis,</strong></span> <span class='ocrx_word' id='word_1_528' title='bbox 728 3745 947 3814; x_wconf 78' lang='lat' dir='ltr'><strong>expedit</strong></span> <span class='ocrx_word' id='word_1_529' title='bbox 977 3745 1027 3811; x_wconf 88' lang='lat' dir='ltr'><strong>ei</strong></span> <span class='ocrx_word' id='word_1_530' title='bbox 1079 3753 1140 3799; x_wconf 92' lang='lat' dir='ltr'><strong>ut</strong></span> <span class='ocrx_word' id='word_1_531' title='bbox 1182 3745 1537 3816; x_wconf 87' lang='lat' dir='ltr'><strong>demergatur</strong></span> <span class='ocrx_word' id='word_1_532' title='bbox 1564 3745 1617 3798; x_wconf 94' lang='lat' dir='ltr'><strong>in</strong></span> <span class='ocrx_word' id='word_1_533' title='bbox 1652 3759 1802 3798; x_wconf 89' lang='lat' dir='ltr'><strong>mare</strong></span> <span class='ocrx_word' id='word_1_534' title='bbox 1829 3743 1870 3797; x_wconf 83' lang='grc'><strong>⁸.</strong></span> <span class='ocrx_word' id='word_1_535' title='bbox 1905 3761 1923 3794; x_wconf 72' lang='grc' dir='ltr'><strong>ι</strong></span> 
     </span>
    </p>
   </div>
   <div class='ocr_carea' id='block_1_72' title="bbox 343 3832 1928 3906">
    <p class='ocr_par' dir='ltr' id='par_1_72' title="bbox 343 3832 1928 3906">
     <span class='ocr_line' id='line_1_72' title="bbox 343 3832 1928 3906; baseline -0.001 -18"><span class='ocrx_word' id='word_1_536' title='bbox 343 3832 531 3904; x_wconf 82' lang='lat' dir='ltr'><strong>Neque</strong></span> <span class='ocrx_word' id='word_1_537' title='bbox 572 3836 717 3889; x_wconf 91' lang='lat' dir='ltr'><strong>enim</strong></span> <span class='ocrx_word' id='word_1_538' title='bbox 771 3835 859 3890; x_wconf 91' lang='lat' dir='ltr'><strong>hic</strong></span> <span class='ocrx_word' id='word_1_539' title='bbox 913 3851 1169 3906; x_wconf 83' lang='lat' dir='ltr'><strong>magnum</strong></span> <span class='ocrx_word' id='word_1_540' title='bbox 1231 3836 1507 3891; x_wconf 88' lang='lat' dir='ltr'><strong>hominem</strong></span> <span class='ocrx_word' id='word_1_541' title='bbox 1562 3834 1928 3890; x_wconf 85' lang='lat' dir='ltr'><strong>scandalizari</strong></span> 
     </span>
    </p>
   </div>
   <div class='ocr_carea' id='block_1_73' title="bbox 347 3913 1926 3998">
    <p class='ocr_par' dir='ltr' id='par_1_73' title="bbox 347 3913 1926 3998">
     <span class='ocr_line' id='line_1_73' title="bbox 347 3913 1926 3998; baseline 0 -19"><span class='ocrx_word' id='word_1_542' title='bbox 347 3913 606 3984; x_wconf 84' lang='lat' dir='ltr'><strong>Servator</strong></span> <span class='ocrx_word' id='word_1_543' title='bbox 634 3925 864 3989; x_wconf 87' lang='lat' dir='ltr'><strong>inducit,</strong></span> <span class='ocrx_word' id='word_1_544' title='bbox 906 3927 1000 3981; x_wconf 90' lang='lat' dir='ltr'><strong>sed</strong></span> <span class='ocrx_word' id='word_1_545' title='bbox 1037 3943 1186 3992; x_wconf 90' lang='lat' dir='ltr'><strong>cum,</strong></span> <span class='ocrx_word' id='word_1_546' title='bbox 1243 3928 1336 3997; x_wconf 92' lang='lat' dir='ltr'><strong>qui</strong></span> <span class='ocrx_word' id='word_1_547' title='bbox 1400 3926 1728 3982; x_wconf 72' lang='lat' dir='ltr'><strong>in’Ecclesia</strong></span> <span class='ocrx_word' id='word_1_548' title='bbox 1765 3926 1926 3998; x_wconf 83' lang='lat' dir='ltr'><strong>pusil-</strong></span> 
     </span>
    </p>
   </div>
   <div class='ocr_carea' id='block_1_74' title="bbox 343 4013 1925 4086">
    <p class='ocr_par' dir='ltr' id='par_1_74' title="bbox 343 4013 1925 4086">
     <span class='ocr_line' id='line_1_74' title="bbox 343 4013 1925 4086; baseline 0.004 -20"><span class='ocrx_word' id='word_1_549' title='bbox 343 4013 433 4069; x_wconf 79' lang='lat' dir='ltr'><strong>ius</strong></span> <span class='ocrx_word' id='word_1_550' title='bbox 461 4013 567 4079; x_wconf 84' lang='lat' dir='ltr'><strong>sit;</strong></span> <span class='ocrx_word' id='word_1_551' title='bbox 604 4022 662 4067; x_wconf 93' lang='lat' dir='ltr'><strong>ut</strong></span> <span class='ocrx_word' id='word_1_552' title='bbox 687 4015 865 4070; x_wconf 87' lang='lat' dir='ltr'><strong>hocin</strong></span> <span class='ocrx_word' id='word_1_553' title='bbox 896 4017 1018 4071; x_wconf 92' lang='lat' dir='ltr'><strong>loco</strong></span> <span class='ocrx_word' id='word_1_554' title='bbox 1061 4017 1363 4086; x_wconf 87' lang='lat' dir='ltr'><strong>simplicem</strong></span> <span class='ocrx_word' id='word_1_555' title='bbox 1393 4017 1548 4072; x_wconf 90' lang='lat' dir='ltr'><strong>dicit.</strong></span> <span class='ocrx_word' id='word_1_556' title='bbox 1579 4016 1805 4071; x_wconf 74' lang='lat' dir='ltr'><strong>‘lnimici</strong></span> <span class='ocrx_word' id='word_1_557' title='bbox 1834 4032 1925 4072; x_wconf 85' lang='lat' dir='ltr'><strong>er-</strong></span> 
     </span>
    </p>
   </div>
   <div class='ocr_carea' id='block_1_75' title="bbox 345 4106 1927 4179">
    <p class='ocr_par' dir='ltr' id='par_1_75' title="bbox 345 4106 1927 4179">
     <span class='ocr_line' id='line_1_75' title="bbox 345 4106 1927 4179; baseline 0.001 -20"><span class='ocrx_word' id='word_1_558' title='bbox 345 4121 414 4175; x_wconf 81' lang='lat' dir='ltr'><strong>go</strong></span> <span class='ocrx_word' id='word_1_559' title='bbox 443 4119 672 4174; x_wconf 86' lang='lat' dir='ltr'><strong>magnos</strong></span> <span class='ocrx_word' id='word_1_560' title='bbox 701 4113 754 4160; x_wconf 89' lang='lat' dir='ltr'><strong>et</strong></span> <span class='ocrx_word' id='word_1_561' title='bbox 785 4107 880 4177; x_wconf 92' lang='lat' dir='ltr'><strong>qui</strong></span> <span class='ocrx_word' id='word_1_562' title='bbox 904 4107 1050 4176; x_wconf 89' lang='lat' dir='ltr'><strong>apud</strong></span> <span class='ocrx_word' id='word_1_563' title='bbox 1093 4106 1262 4161; x_wconf 89' lang='lat' dir='ltr'><strong>Deum</strong></span> <span class='ocrx_word' id='word_1_564' title='bbox 1296 4108 1576 4179; x_wconf 89' lang='lat' dir='ltr'><strong>sapientes</strong></span> <span class='ocrx_word' id='word_1_565' title='bbox 1611 4115 1762 4174; x_wconf 87' lang='lat' dir='ltr'><strong>sunt,</strong></span> <span class='ocrx_word' id='word_1_566' title='bbox 1794 4107 1927 4161; x_wconf 83' lang='lat' dir='ltr'><strong>ado-</strong></span> 
     </span>
    </p>
   </div>
   <div class='ocr_carea' id='block_1_76' title="bbox 343 4195 1925 4266">
    <p class='ocr_par' dir='ltr' id='par_1_76' title="bbox 343 4195 1925 4266">
     <span class='ocr_line' id='line_1_76' title="bbox 343 4195 1925 4266; baseline 0.002 -19"><span class='ocrx_word' id='word_1_567' title='bbox 343 4195 442 4266; x_wconf 77' lang='lat' dir='ltr'><strong>riri</strong></span> <span class='ocrx_word' id='word_1_568' title='bbox 472 4209 583 4249; x_wconf 89' lang='lat' dir='ltr'><strong>non</strong></span> <span class='ocrx_word' id='word_1_569' title='bbox 619 4195 846 4258; x_wconf 87' lang='lat' dir='ltr'><strong>audent,</strong></span> <span class='ocrx_word' id='word_1_570' title='bbox 889 4196 986 4251; x_wconf 86' lang='lat' dir='ltr'><strong>sed</strong></span> <span class='ocrx_word' id='word_1_571' title='bbox 1018 4196 1296 4266; x_wconf 87' lang='lat' dir='ltr'><strong>simplices</strong></span> <span class='ocrx_word' id='word_1_572' title='bbox 1327 4203 1381 4251; x_wconf 90' lang='lat' dir='ltr'><strong>et</strong></span> <span class='ocrx_word' id='word_1_573' title='bbox 1406 4196 1724 4252; x_wconf 82' lang='lat' dir='ltr'><strong>innocentes</strong></span> <span class='ocrx_word' id='word_1_574' title='bbox 1750 4199 1925 4250; x_wconf 74' lang='lat' dir='ltr'><strong>maxi-</strong></span> 
     </span>
    </p>
   </div>
   <div class='ocr_carea' id='block_1_77' title="bbox 341 4271 1921 4352">
    <p class='ocr_par' dir='ltr' id='par_1_77' title="bbox 341 4271 1921 4352">
     <span class='ocr_line' id='line_1_77' title="bbox 341 4271 1921 4352; baseline -0.002 -8"><span class='ocrx_word' id='word_1_575' title='bbox 341 4300 429 4344; x_wconf 80' lang='lat' dir='ltr'><strong>me</strong></span> <span class='ocrx_word' id='word_1_576' title='bbox 449 4271 740 4342; x_wconf 81' lang='lat' dir='ltr'><strong>venantur.</strong></span> <span class='ocrx_word' id='word_1_577' title='bbox 771 4286 1140 4352; x_wconf 82' lang='lat' dir='ltr'><strong>Quamobrem</strong></span> <span class='ocrx_word' id='word_1_578' title='bbox 1172 4284 1341 4342; x_wconf 82' lang='lat' dir='ltr'><strong>David</strong></span> <span class='ocrx_word' id='word_1_579' title='bbox 1365 4302 1490 4342; x_wconf 90' lang='lat' dir='ltr'><strong>cum</strong></span> <span class='ocrx_word' id='word_1_580' title='bbox 1517 4286 1770 4342; x_wconf 85' lang='lat' dir='ltr'><strong>inimicos</strong></span> <span class='ocrx_word' id='word_1_581' title='bbox 1807 4301 1921 4341; x_wconf 90' lang='lat' dir='ltr'><strong>me-</strong></span> 
     </span>
    </p>
   </div>
   <div class='ocr_carea' id='block_1_78' title="bbox 338 4377 1921 4449">
    <p class='ocr_par' dir='ltr' id='par_1_78' title="bbox 338 4377 1921 4449">
     <span class='ocr_line' id='line_1_78' title="bbox 338 4377 1921 4449; baseline -0.001 -17"><span class='ocrx_word' id='word_1_582' title='bbox 338 4384 632 4438; x_wconf 78' lang='lat' dir='ltr'><strong>morasset.</strong></span> <span class='ocrx_word' id='word_1_583' title='bbox 694 4377 762 4434; x_wconf 75' lang='lat' dir='ltr'><strong>ad</strong></span> <span class='ocrx_word' id='word_1_584' title='bbox 829 4393 969 4449; x_wconf 88' lang='lat' dir='ltr'><strong>quos</strong></span> <span class='ocrx_word' id='word_1_585' title='bbox 1031 4377 1338 4448; x_wconf 64' lang='lat' dir='ltr'><strong>praesertim</strong></span> <span class='ocrx_word' id='word_1_586' title='bbox 1403 4378 1645 4449; x_wconf 80' lang='lat' dir='ltr'><strong>irrepere</strong></span> <span class='ocrx_word' id='word_1_587' title='bbox 1706 4377 1921 4432; x_wconf 79' lang='lat' dir='ltr'><strong>soleam</strong></span> 
     </span>
    </p>
   </div>
   <div class='ocr_carea' id='block_1_79' title="bbox 335 4467 654 4524">
    <p class='ocr_par' dir='ltr' id='par_1_79' title="bbox 335 4467 654 4524">
     <span class='ocr_line' id='line_1_79' title="bbox 335 4467 654 4524; baseline 0 -4"><span class='ocrx_word' id='word_1_588' title='bbox 335 4467 654 4524; x_wconf 84' lang='lat' dir='ltr'><strong>declaravit.</strong></span> 
     </span>
    </p>
   </div>
   <div class='ocr_carea' id='block_1_80' title="bbox 411 4559 1990 4648">
    <p class='ocr_par' dir='ltr' id='par_1_80' title="bbox 411 4559 1990 4648">
     <span class='ocr_line' id='line_1_80' title="bbox 411 4559 1990 4648; baseline 0.005 -24"><span class='ocrx_word' id='word_1_589' title='bbox 411 4592 430 4624; x_wconf 78' lang='grc' dir='ltr'><strong>ι</strong></span> <span class='ocrx_word' id='word_1_590' title='bbox 474 4573 855 4633; x_wconf 84' lang='lat' dir='ltr'><strong>Firmaverunt</strong></span> <span class='ocrx_word' id='word_1_591' title='bbox 878 4576 982 4632; x_wconf 87' lang='lat' dir='ltr'><strong>sibi</strong></span> <span class='ocrx_word' id='word_1_592' title='bbox 1007 4593 1315 4633; x_wconf 90' lang='lat' dir='ltr'><strong>sermonem</strong></span> <span class='ocrx_word' id='word_1_593' title='bbox 1340 4593 1572 4648; x_wconf 88' lang='lat' dir='ltr'><strong>nequam</strong></span> <span class='ocrx_word' id='word_1_594' title='bbox 1607 4597 1617 4630; x_wconf 92' lang='lat'><strong>:</strong></span> <span class='ocrx_word' id='word_1_595' title='bbox 1655 4592 1914 4632; x_wconf 86' lang='lat' dir='ltr'><strong>narrave-</strong></span> <span class='ocrx_word' id='word_1_596' title='bbox 1950 4559 1990 4613; x_wconf 74' lang='grc' dir='ltr'><strong>ί)</strong></span> 
     </span>
    </p>
   </div>
   <div class='ocr_carea' id='block_1_81' title="bbox 338 4667 1916 4738">
    <p class='ocr_par' dir='ltr' id='par_1_81' title="bbox 338 4667 1916 4738">
     <span class='ocr_line' id='line_1_81' title="bbox 338 4667 1916 4738; baseline 0.001 -18"><span class='ocrx_word' id='word_1_597' title='bbox 338 4674 554 4720; x_wconf 85' lang='lat' dir='ltr'><strong>runtut</strong></span> <span class='ocrx_word' id='word_1_598' title='bbox 581 4668 986 4723; x_wconf 81' lang='lat' dir='ltr'><strong>absconderem</strong></span> <span class='ocrx_word' id='word_1_599' title='bbox 1034 4669 1280 4738; x_wconf 89' lang='lat' dir='ltr'><strong>laqueos.</strong></span> <span class='ocrx_word' id='word_1_600' title='bbox 1319 4688 1336 4718; x_wconf 73' lang='grc' dir='ltr'><strong>ι</strong></span> <span class='ocrx_word' id='word_1_601' title='bbox 1373 4667 1670 4738; x_wconf 87' lang='lat' dir='ltr'><strong>Postquam</strong></span> <span class='ocrx_word' id='word_1_602' title='bbox 1705 4669 1916 4737; x_wconf 86' lang='lat' dir='ltr'><strong>tropice</strong></span> 
     </span>
    </p>
   </div>
   <div class='ocr_carea' id='block_1_82' title="bbox 335 4757 1915 4828">
    <p class='ocr_par' dir='ltr' id='par_1_82' title="bbox 335 4757 1915 4828">
     <span class='ocr_line' id='line_1_82' title="bbox 335 4757 1915 4828; baseline 0.002 -18"><span class='ocrx_word' id='word_1_603' title='bbox 335 4757 588 4813; x_wconf 88' lang='lat' dir='ltr'><strong>inimicos</strong></span> <span class='ocrx_word' id='word_1_604' title='bbox 629 4759 838 4828; x_wconf 83' lang='lat' dir='ltr'><strong>gladios</strong></span> <span class='ocrx_word' id='word_1_605' title='bbox 865 4775 996 4816; x_wconf 90' lang='lat' dir='ltr'><strong>suos</strong></span> <span class='ocrx_word' id='word_1_606' title='bbox 1029 4775 1298 4815; x_wconf 78' lang='lat' dir='ltr'><strong>exacuere</strong></span> <span class='ocrx_word' id='word_1_607' title='bbox 1338 4769 1390 4814; x_wconf 88' lang='lat' dir='ltr'><strong>et</strong></span> <span class='ocrx_word' id='word_1_608' title='bbox 1426 4775 1590 4814; x_wconf 83' lang='lat' dir='ltr'><strong>arcus</strong></span> <span class='ocrx_word' id='word_1_609' title='bbox 1631 4758 1915 4814; x_wconf 88' lang='lat' dir='ltr'><strong>intendere</strong></span> 
     </span>
    </p>
   </div>
   <div class='ocr_carea' id='block_1_83' title="bbox 333 4848 1910 4920">
    <p class='ocr_par' dir='ltr' id='par_1_83' title="bbox 333 4848 1910 4920">
     <span class='ocr_line' id='line_1_83' title="bbox 333 4848 1910 4920; baseline 0.002 -19"><span class='ocrx_word' id='word_1_610' title='bbox 333 4848 568 4912; x_wconf 76' lang='lat' dir='ltr'><strong>dixerat,</strong></span> <span class='ocrx_word' id='word_1_611' title='bbox 589 4849 701 4918; x_wconf 91' lang='lat' dir='ltr'><strong>jam</strong></span> <span class='ocrx_word' id='word_1_612' title='bbox 733 4852 978 4920; x_wconf 87' lang='lat' dir='ltr'><strong>apertius</strong></span> <span class='ocrx_word' id='word_1_613' title='bbox 1008 4851 1099 4920; x_wconf 90' lang='lat' dir='ltr'><strong>qui</strong></span> <span class='ocrx_word' id='word_1_614' title='bbox 1131 4851 1200 4904; x_wconf 90' lang='lat' dir='ltr'><strong>sit</strong></span> <span class='ocrx_word' id='word_1_615' title='bbox 1231 4851 1466 4920; x_wconf 88' lang='lat' dir='ltr'><strong>gladius,</strong></span> <span class='ocrx_word' id='word_1_616' title='bbox 1511 4851 1692 4920; x_wconf 88' lang='lat' dir='ltr'><strong>qualis</strong></span> <span class='ocrx_word' id='word_1_617' title='bbox 1724 4864 1910 4917; x_wconf 86' lang='lat' dir='ltr'><strong>arcus,</strong></span> 
     </span>
    </p>
   </div>
   <div class='ocr_carea' id='block_1_84' title="bbox 333 4939 1909 4996">
    <p class='ocr_par' dir='ltr' id='par_1_84' title="bbox 333 4939 1909 4996">
     <span class='ocr_line' id='line_1_84' title="bbox 333 4939 1909 4996; baseline 0.001 -5"><span class='ocrx_word' id='word_1_618' title='bbox 333 4948 558 4993; x_wconf 83' lang='lat' dir='ltr'><strong>enarrat</strong></span> <span class='ocrx_word' id='word_1_619' title='bbox 612 4939 698 4995; x_wconf 90' lang='lat' dir='ltr'><strong>his</strong></span> <span class='ocrx_word' id='word_1_620' title='bbox 730 4941 910 4994; x_wconf 83' lang='lat' dir='ltr'><strong>verbis</strong></span> <span class='ocrx_word' id='word_1_621' title='bbox 937 4959 950 4994; x_wconf 92' lang='lat'><strong>:</strong></span> <span class='ocrx_word' id='word_1_622' title='bbox 993 4959 1009 4990; x_wconf 85' lang='grc' dir='ltr'><strong>ι</strong></span> <span class='ocrx_word' id='word_1_623' title='bbox 1040 4939 1425 4996; x_wconf 89' lang='lat' dir='ltr'><strong>Firmaverunt</strong></span> <span class='ocrx_word' id='word_1_624' title='bbox 1460 4940 1564 4995; x_wconf 86' lang='lat' dir='ltr'><strong>sibi</strong></span> <span class='ocrx_word' id='word_1_625' title='bbox 1594 4954 1909 4994; x_wconf 89' lang='lat' dir='ltr'><strong>sermonem</strong></span> 
     </span>
    </p>
   </div>
   <div class='ocr_carea' id='block_1_85' title="bbox 338 5031 1910 5101">
    <p class='ocr_par' dir='ltr' id='par_1_85' title="bbox 338 5031 1910 5101">
     <span class='ocr_line' id='line_1_85' title="bbox 338 5031 1910 5101; baseline 0 -17"><span class='ocrx_word' id='word_1_626' title='bbox 338 5043 588 5101; x_wconf 57' lang='lat' dir='ltr'><strong>sequam.</strong></span> <span class='ocrx_word' id='word_1_627' title='bbox 637 5050 654 5084; x_wconf 72' lang='grc' dir='ltr'><strong>ι</strong></span> <span class='ocrx_word' id='word_1_628' title='bbox 695 5031 815 5085; x_wconf 86' lang='lat' dir='ltr'><strong>Non</strong></span> <span class='ocrx_word' id='word_1_629' title='bbox 876 5034 1018 5087; x_wconf 90' lang='lat' dir='ltr'><strong>cnim</strong></span> <span class='ocrx_word' id='word_1_630' title='bbox 1073 5047 1382 5086; x_wconf 88' lang='lat' dir='ltr'><strong>sermonem</strong></span> <span class='ocrx_word' id='word_1_631' title='bbox 1439 5048 1469 5086; x_wconf 87' lang='lat' dir='ltr'><strong>a</strong></span> <span class='ocrx_word' id='word_1_632' title='bbox 1518 5033 1628 5086; x_wconf 84' lang='lat' dir='ltr'><strong>Deo</strong></span> <span class='ocrx_word' id='word_1_633' title='bbox 1675 5032 1910 5086; x_wconf 88' lang='lat' dir='ltr'><strong>mutuati</strong></span> 
     </span>
    </p>
   </div>
   <div class='ocr_carea' id='block_1_86' title="bbox 331 5122 1909 5194">
    <p class='ocr_par' dir='ltr' id='par_1_86' title="bbox 331 5122 1909 5194">
     <span class='ocr_line' id='line_1_86' title="bbox 331 5122 1909 5194; baseline -0.001 -18"><span class='ocrx_word' id='word_1_634' title='bbox 331 5129 492 5184; x_wconf 75' lang='lat' dir='ltr'><strong>sunt;</strong></span> <span class='ocrx_word' id='word_1_635' title='bbox 526 5122 622 5178; x_wconf 89' lang='lat' dir='ltr'><strong>scd</strong></span> <span class='ocrx_word' id='word_1_636' title='bbox 652 5134 939 5194; x_wconf 90' lang='lat' dir='ltr'><strong>postquam</strong></span> <span class='ocrx_word' id='word_1_637' title='bbox 967 5123 1068 5178; x_wconf 87' lang='lat' dir='ltr'><strong>sibi</strong></span> <span class='ocrx_word' id='word_1_638' title='bbox 1103 5123 1237 5193; x_wconf 90' lang='lat' dir='ltr'><strong>ipsis</strong></span> <span class='ocrx_word' id='word_1_639' title='bbox 1269 5122 1656 5179; x_wconf 82' lang='lat' dir='ltr'><strong>conﬁnxerunt</strong></span> <span class='ocrx_word' id='word_1_640' title='bbox 1680 5130 1735 5178; x_wconf 86' lang='lat' dir='ltr'><strong>et</strong></span> <span class='ocrx_word' id='word_1_641' title='bbox 1759 5136 1909 5176; x_wconf 85' lang='lat' dir='ltr'><strong>com-</strong></span> 
     </span>
    </p>
   </div>
   <div class='ocr_carea' id='block_1_87' title="bbox 330 5213 1907 5284">
    <p class='ocr_par' dir='ltr' id='par_1_87' title="bbox 330 5213 1907 5284">
     <span class='ocr_line' id='line_1_87' title="bbox 330 5213 1907 5284; baseline -0.004 -13"><span class='ocrx_word' id='word_1_642' title='bbox 330 5214 498 5272; x_wconf 78' lang='lat' dir='ltr'><strong>menti</strong></span> <span class='ocrx_word' id='word_1_643' title='bbox 549 5224 698 5281; x_wconf 87' lang='lat' dir='ltr'><strong>sunt,</strong></span> <span class='ocrx_word' id='word_1_644' title='bbox 751 5215 896 5269; x_wconf 91' lang='lat' dir='ltr'><strong>hunc</strong></span> <span class='ocrx_word' id='word_1_645' title='bbox 927 5215 1304 5270; x_wconf 86' lang='lat' dir='ltr'><strong>ﬁrmaverunt.</strong></span> <span class='ocrx_word' id='word_1_646' title='bbox 1344 5213 1507 5269; x_wconf 82' lang='lat' dir='ltr'><strong>Tales</strong></span> <span class='ocrx_word' id='word_1_647' title='bbox 1557 5222 1685 5268; x_wconf 92' lang='lat' dir='ltr'><strong>sunt</strong></span> <span class='ocrx_word' id='word_1_648' title='bbox 1744 5226 1907 5284; x_wconf 85' lang='lat' dir='ltr'><strong>syco-</strong></span> 
     </span>
    </p>
   </div>
   <div class='ocr_carea' id='block_1_88' title="bbox 328 5302 1906 5378">
    <p class='ocr_par' dir='ltr' id='par_1_88' title="bbox 328 5302 1906 5378">
     <span class='ocr_line' id='line_1_88' title="bbox 328 5302 1906 5378; baseline -0.006 -14"><span class='ocrx_word' id='word_1_649' title='bbox 328 5305 567 5374; x_wconf 69' lang='grc' dir='ltr'>ριιοιιιω,</span> <span class='ocrx_word' id='word_1_650' title='bbox 597 5315 653 5362; x_wconf 89' lang='lat' dir='ltr'><strong>et</strong></span> <span class='ocrx_word' id='word_1_651' title='bbox 681 5315 949 5378; x_wconf 91' lang='lat' dir='ltr'><strong>quotquot</strong></span> <span class='ocrx_word' id='word_1_652' title='bbox 983 5306 1173 5365; x_wconf 78' lang='lat' dir='ltr'><strong>falsas.</strong></span> <span class='ocrx_word' id='word_1_653' title='bbox 1207 5321 1346 5376; x_wconf 90' lang='lat' dir='ltr'><strong>quas</strong></span> <span class='ocrx_word' id='word_1_654' title='bbox 1383 5305 1488 5360; x_wconf 89' lang='lat' dir='ltr'><strong>sibi</strong></span> <span class='ocrx_word' id='word_1_655' title='bbox 1519 5302 1906 5357; x_wconf 79' lang='lat' dir='ltr'><strong>conﬁnxerunt.</strong></span> 
     </span>
    </p>
   </div>
   <div class='ocr_carea' id='block_1_89' title="bbox 329 5392 1908 5462">
    <p class='ocr_par' dir='ltr' id='par_1_89' title="bbox 329 5392 1908 5462">
     <span class='ocr_line' id='line_1_89' title="bbox 329 5392 1908 5462; baseline -0.003 -12"><span class='ocrx_word' id='word_1_656' title='bbox 329 5405 384 5450; x_wconf 83' lang='lat' dir='ltr'><strong>et</strong></span> <span class='ocrx_word' id='word_1_657' title='bbox 404 5399 698 5452; x_wconf 80' lang='lat' dir='ltr'><strong>commenti</strong></span> <span class='ocrx_word' id='word_1_658' title='bbox 727 5406 877 5462; x_wconf 88' lang='lat' dir='ltr'><strong>sunt,</strong></span> <span class='ocrx_word' id='word_1_659' title='bbox 944 5396 1247 5452; x_wconf 87' lang='lat' dir='ltr'><strong>sententias</strong></span> <span class='ocrx_word' id='word_1_660' title='bbox 1298 5396 1517 5448; x_wconf 87' lang='lat' dir='ltr'><strong>ﬁrmare</strong></span> <span class='ocrx_word' id='word_1_661' title='bbox 1561 5402 1614 5447; x_wconf 90' lang='lat' dir='ltr'><strong>et</strong></span> <span class='ocrx_word' id='word_1_662' title='bbox 1661 5392 1908 5448; x_wconf 84' lang='lat' dir='ltr'><strong>stabilire</strong></span> 
     </span>
    </p>
   </div>
   <div class='ocr_carea' id='block_1_90' title="bbox 329 5486 1904 5558">
    <p class='ocr_par' dir='ltr' id='par_1_90' title="bbox 329 5486 1904 5558">
     <span class='ocr_line' id='line_1_90' title="bbox 329 5486 1904 5558; baseline -0.003 -15"><span class='ocrx_word' id='word_1_663' title='bbox 329 5498 607 5558; x_wconf 72' lang='lat' dir='ltr'><strong>satagunt.</strong></span> <span class='ocrx_word' id='word_1_664' title='bbox 643 5488 844 5545; x_wconf 92' lang='lat' dir='ltr'><strong>Deinde</strong></span> <span class='ocrx_word' id='word_1_665' title='bbox 868 5504 996 5544; x_wconf 85' lang='lat' dir='ltr'><strong>vero</strong></span> <span class='ocrx_word' id='word_1_666' title='bbox 1016 5489 1105 5543; x_wconf 92' lang='lat' dir='ltr'><strong>ubi</strong></span> <span class='ocrx_word' id='word_1_667' title='bbox 1123 5503 1431 5543; x_wconf 90' lang='lat' dir='ltr'><strong>sermonem</strong></span> <span class='ocrx_word' id='word_1_668' title='bbox 1464 5486 1617 5539; x_wconf 90' lang='lat' dir='ltr'><strong>illum</strong></span> <span class='ocrx_word' id='word_1_669' title='bbox 1648 5499 1904 5558; x_wconf 82' lang='lat' dir='ltr'><strong>nequam,</strong></span> 
     </span>
    </p>
   </div>
   <div class='ocr_carea' id='block_1_91' title="bbox 325 5577 1901 5650">
    <p class='ocr_par' dir='ltr' id='par_1_91' title="bbox 325 5577 1901 5650">
     <span class='ocr_line' id='line_1_91' title="bbox 325 5577 1901 5650; baseline -0.004 -17"><span class='ocrx_word' id='word_1_670' title='bbox 325 5595 488 5650; x_wconf 74' lang='lat' dir='ltr'><strong>quem</strong></span> <span class='ocrx_word' id='word_1_671' title='bbox 523 5581 628 5636; x_wconf 89' lang='lat' dir='ltr'><strong>sibi</strong></span> <span class='ocrx_word' id='word_1_672' title='bbox 679 5581 1051 5645; x_wconf 86' lang='lat' dir='ltr'><strong>ﬁrmaverant,</strong></span> <span class='ocrx_word' id='word_1_673' title='bbox 1110 5593 1334 5648; x_wconf 88' lang='lat' dir='ltr'><strong>pravum</strong></span> <span class='ocrx_word' id='word_1_674' title='bbox 1367 5593 1487 5633; x_wconf 85' lang='lat' dir='ltr'><strong>esse</strong></span> <span class='ocrx_word' id='word_1_675' title='bbox 1523 5577 1901 5641; x_wconf 53' lang='lat' dir='ltr'><strong>adverterunt,</strong></span> 
     </span>
    </p>
   </div>
   <div class='ocr_carea' id='block_1_92' title="bbox 2040 3277 3604 3359">
    <p class='ocr_par' dir='ltr' id='par_1_92' title="bbox 2040 3277 3604 3359">
     <span class='ocr_line' id='line_1_92' title="bbox 2040 3277 3604 3359; baseline 0.01 -29"><span class='ocrx_word' id='word_1_676' title='bbox 2040 3277 2162 3331; x_wconf 82' lang='grc' dir='ltr'>τίνα</span> <span class='ocrx_word' id='word_1_677' title='bbox 2208 3280 2411 3350; x_wconf 87' lang='grc' dir='ltr'>τρόπον</span> <span class='ocrx_word' id='word_1_678' title='bbox 2468 3280 2954 3346; x_wconf 83' lang='grc' dir='ltr'>κατατοξεύσουσιν</span> <span class='ocrx_word' id='word_1_679' title='bbox 2983 3287 3140 3341; x_wconf 75' lang='grc' dir='ltr'>αὐτόν</span> <span class='ocrx_word' id='word_1_680' title='bbox 3168 3278 3361 3359; x_wconf 69' lang='grc' dir='ltr'>φησιν,</span> <span class='ocrx_word' id='word_1_681' title='bbox 3386 3293 3496 3346; x_wconf 77' lang='grc' dir='ltr'>ἀλλ’</span> <span class='ocrx_word' id='word_1_682' title='bbox 3518 3294 3604 3346; x_wconf 66' lang='grc' dir='ltr'>οὐκ</span> 
     </span>
    </p>
   </div>
   <div class='ocr_carea' id='block_1_93' title="bbox 2040 3370 3603 3443">
    <p class='ocr_par' dir='ltr' id='par_1_93' title="bbox 2040 3370 3603 3443">
     <span class='ocr_line' id='line_1_93' title="bbox 2040 3370 3603 3443; baseline 0.01 -23"><span class='ocrx_word' id='word_1_683' title='bbox 2040 3370 2139 3439; x_wconf 77' lang='grc' dir='ltr'>ἐμὲ</span> <span class='ocrx_word' id='word_1_684' title='bbox 2166 3370 2256 3422; x_wconf 84' lang='grc' dir='ltr'><strong>τὸν</strong></span> <span class='ocrx_word' id='word_1_685' title='bbox 2287 3371 2458 3425; x_wconf 83' lang='grc' dir='ltr'>ταῦτα</span> <span class='ocrx_word' id='word_1_686' title='bbox 2487 3371 2711 3440; x_wconf 81' lang='grc' dir='ltr'>λέγοντα</span> <span class='ocrx_word' id='word_1_687' title='bbox 2736 3391 2748 3404; x_wconf 85' lang='grc'><strong>·</strong></span> <span class='ocrx_word' id='word_1_688' title='bbox 2791 3375 2883 3428; x_wconf 76' lang='grc' dir='ltr'>τὸν</span> <span class='ocrx_word' id='word_1_689' title='bbox 2920 3376 2977 3430; x_wconf 83' lang='grc' dir='ltr'>δὲ</span> <span class='ocrx_word' id='word_1_690' title='bbox 3005 3378 3228 3443; x_wconf 80' lang='grc' dir='ltr'>ἁπλοῦν,</span> <span class='ocrx_word' id='word_1_691' title='bbox 3257 3385 3503 3436; x_wconf 77' lang='grc' dir='ltr'>τουτέστι</span> <span class='ocrx_word' id='word_1_692' title='bbox 3526 3386 3603 3437; x_wconf 79' lang='grc' dir='ltr'><strong>τὸν</strong></span> 
     </span>
    </p>
   </div>
   <div class='ocr_carea' id='block_1_94' title="bbox 2039 3460 3600 3540">
    <p class='ocr_par' dir='ltr' id='par_1_94' title="bbox 2039 3460 3600 3540">
     <span class='ocr_line' id='line_1_94' title="bbox 2039 3460 3600 3540; baseline 0.009 -28"><span class='ocrx_word' id='word_1_693' title='bbox 2039 3460 2212 3530; x_wconf 81' lang='grc' dir='ltr'>ἀφελῆ</span> <span class='ocrx_word' id='word_1_694' title='bbox 2239 3463 2332 3514; x_wconf 78' lang='grc' dir='ltr'>καὶ</span> <span class='ocrx_word' id='word_1_695' title='bbox 2359 3462 2616 3534; x_wconf 82' lang='grc' dir='ltr'>ἀκέραιον</span> <span class='ocrx_word' id='word_1_696' title='bbox 2640 3505 2654 3528; x_wconf 96' lang='grc'><strong>,</strong></span> <span class='ocrx_word' id='word_1_697' title='bbox 2691 3466 2784 3518; x_wconf 76' lang='grc' dir='ltr'>καὶ</span> <span class='ocrx_word' id='word_1_698' title='bbox 2807 3467 2886 3519; x_wconf 76' lang='grc' dir='ltr'>ἔτι</span> <span class='ocrx_word' id='word_1_699' title='bbox 2911 3469 3122 3540; x_wconf 81' lang='grc' dir='ltr'>μικρὸν,</span> <span class='ocrx_word' id='word_1_700' title='bbox 3157 3469 3308 3532; x_wconf 77' lang='grc' dir='ltr'>ὡςᾶν</span> <span class='ocrx_word' id='word_1_701' title='bbox 3338 3472 3484 3526; x_wconf 77' lang='grc' dir='ltr'>εἴποι</span> <span class='ocrx_word' id='word_1_702' title='bbox 3510 3491 3600 3540; x_wconf 83' lang='grc' dir='ltr'>τις,</span> 
     </span>
    </p>
   </div>
   <div class='ocr_carea' id='block_1_95' title="bbox 2040 3550 3592 3631">
    <p class='ocr_par' dir='ltr' id='par_1_95' title="bbox 2040 3550 3592 3631">
     <span class='ocr_line' id='line_1_95' title="bbox 2040 3550 3592 3631; baseline 0.01 -29"><span class='ocrx_word' id='word_1_703' title='bbox 2040 3550 2099 3614; x_wconf 80' lang='grc' dir='ltr'>ἐξ</span> <span class='ocrx_word' id='word_1_704' title='bbox 2155 3552 2382 3606; x_wconf 77' lang='grc' dir='ltr'>ἐκείνων</span> <span class='ocrx_word' id='word_1_705' title='bbox 2429 3553 2558 3607; x_wconf 77' lang='grc' dir='ltr'>ὄντα</span> <span class='ocrx_word' id='word_1_706' title='bbox 2586 3558 2714 3627; x_wconf 73' lang='grc' dir='ltr'>περὶ</span> <span class='ocrx_word' id='word_1_707' title='bbox 2742 3550 2816 3610; x_wconf 85' lang='grc' dir='ltr'>ὧν</span> <span class='ocrx_word' id='word_1_708' title='bbox 2849 3559 2876 3610; x_wconf 93' lang='lat'><strong>6</strong></span> <span class='ocrx_word' id='word_1_709' title='bbox 2896 3558 3091 3630; x_wconf 82' lang='grc' dir='ltr'>Σωτὴρ</span> <span class='ocrx_word' id='word_1_710' title='bbox 3122 3560 3368 3615; x_wconf 81' lang='grc' dir='ltr'>ἐδίδασκε</span> <span class='ocrx_word' id='word_1_711' title='bbox 3400 3563 3592 3631; x_wconf 80' lang='grc' dir='ltr'>λέγων’</span> 
     </span>
    </p>
   </div>
   <div class='ocr_carea' id='block_1_96' title="bbox 2042 3641 3598 3725">
    <p class='ocr_par' dir='ltr' id='par_1_96' title="bbox 2042 3641 3598 3725">
     <span class='ocr_line' id='line_1_96' title="bbox 2042 3641 3598 3725; baseline 0.009 -32"><span class='ocrx_word' id='word_1_712' title='bbox 2042 3661 2060 3693; x_wconf 76' lang='grc' dir='ltr'><strong>ι</strong></span> <span class='ocrx_word' id='word_1_713' title='bbox 2091 3641 2180 3714; x_wconf 81' lang='grc' dir='ltr'><strong>Μὴ</strong></span> <span class='ocrx_word' id='word_1_714' title='bbox 2237 3647 2686 3716; x_wconf 76' lang='grc' dir='ltr'>καταφρονήσητε</span> <span class='ocrx_word' id='word_1_715' title='bbox 2740 3648 2856 3711; x_wconf 84' lang='grc' dir='ltr'>ἑνὸς</span> <span class='ocrx_word' id='word_1_716' title='bbox 2907 3650 3016 3702; x_wconf 92' lang='grc' dir='ltr'><strong>τῶν</strong></span> <span class='ocrx_word' id='word_1_717' title='bbox 3063 3652 3274 3722; x_wconf 84' lang='grc' dir='ltr'>μικρῶν</span> <span class='ocrx_word' id='word_1_718' title='bbox 3321 3655 3428 3708; x_wconf 89' lang='grc' dir='ltr'><strong>τῶν</strong></span> <span class='ocrx_word' id='word_1_719' title='bbox 3453 3658 3507 3708; x_wconf 77' lang='grc' dir='ltr'>ἐν</span> <span class='ocrx_word' id='word_1_720' title='bbox 3542 3657 3598 3725; x_wconf 79' lang='grc' dir='ltr'>τῇ</span> 
     </span>
    </p>
   </div>
   <div class='ocr_carea' id='block_1_97' title="bbox 2027 3733 3600 3817">
    <p class='ocr_par' dir='ltr' id='par_1_97' title="bbox 2027 3733 3600 3817">
     <span class='ocr_line' id='line_1_97' title="bbox 2027 3733 3600 3817; baseline 0.008 -31"><span class='ocrx_word' id='word_1_721' title='bbox 2027 3733 2344 3806; x_wconf 72' lang='grc' dir='ltr'>’Ἐκκλησία</span> <span class='ocrx_word' id='word_1_722' title='bbox 2357 3752 2478 3806; x_wconf 86' lang='grc' dir='ltr'>μου·</span> <span class='ocrx_word' id='word_1_723' title='bbox 2508 3755 2527 3787; x_wconf 73' lang='grc' dir='ltr'><strong>ι</strong></span> <span class='ocrx_word' id='word_1_724' title='bbox 2549 3737 2660 3800; x_wconf 76' lang='grc' dir='ltr'>καὶ,</span> <span class='ocrx_word' id='word_1_725' title='bbox 2685 3757 2702 3787; x_wconf 77' lang='grc' dir='ltr'><strong>ι</strong></span> <span class='ocrx_word' id='word_1_726' title='bbox 2734 3739 2918 3803; x_wconf 86' lang='grc' dir='ltr'>Ὅστις</span> <span class='ocrx_word' id='word_1_727' title='bbox 2932 3740 3026 3793; x_wconf 76' lang='grc' dir='ltr'><strong>ἐὰν</strong></span> <span class='ocrx_word' id='word_1_728' title='bbox 3053 3742 3488 3817; x_wconf 76' lang='grc' dir='ltr'>σκανδαλίσῃένα</span> <span class='ocrx_word' id='word_1_729' title='bbox 3503 3745 3600 3799; x_wconf 81' lang='grc' dir='ltr'><strong>τῶν</strong></span> 
     </span>
    </p>
   </div>
   <div class='ocr_carea' id='block_1_98' title="bbox 2037 3824 3591 3903">
    <p class='ocr_par' dir='ltr' id='par_1_98' title="bbox 2037 3824 3591 3903">
     <span class='ocr_line' id='line_1_98' title="bbox 2037 3824 3591 3903; baseline 0.005 -24"><span class='ocrx_word' id='word_1_730' title='bbox 2037 3824 2269 3896; x_wconf 85' lang='grc' dir='ltr'>μικρῶν,</span> <span class='ocrx_word' id='word_1_731' title='bbox 2298 3826 2564 3897; x_wconf 71' lang='grc' dir='ltr'>συμφέρει</span> <span class='ocrx_word' id='word_1_732' title='bbox 2586 3827 2735 3898; x_wconf 83' lang='grc' dir='ltr'>αὑτῷ</span> <span class='ocrx_word' id='word_1_733' title='bbox 2768 3828 3026 3900; x_wconf 78' lang='grc' dir='ltr'>βληθῆναι</span> <span class='ocrx_word' id='word_1_734' title='bbox 3051 3832 3130 3894; x_wconf 83' lang='grc' dir='ltr'><strong>είς</strong></span> <span class='ocrx_word' id='word_1_735' title='bbox 3154 3832 3250 3903; x_wconf 79' lang='grc' dir='ltr'>τὴν</span> <span class='ocrx_word' id='word_1_736' title='bbox 3273 3834 3556 3891; x_wconf 83' lang='grc' dir='ltr'>θάλασσαν.</span> <span class='ocrx_word' id='word_1_737' title='bbox 3575 3853 3591 3886; x_wconf 73' lang='grc' dir='ltr'><strong>ι</strong></span> 
     </span>
    </p>
   </div>
   <div class='ocr_carea' id='block_1_99' title="bbox 2033 3916 3596 3996">
    <p class='ocr_par' dir='ltr' id='par_1_99' title="bbox 2033 3916 3596 3996">
     <span class='ocr_line' id='line_1_99' title="bbox 2033 3916 3596 3996; baseline 0.008 -26"><span class='ocrx_word' id='word_1_738' title='bbox 2033 3916 2523 3988; x_wconf 80' lang='grc' dir='ltr'>Σκανδαλιζόμενον</span> <span class='ocrx_word' id='word_1_739' title='bbox 2563 3919 2672 3990; x_wconf 84' lang='grc' dir='ltr'><strong>γὰρ</strong></span> <span class='ocrx_word' id='word_1_740' title='bbox 2704 3921 2865 3974; x_wconf 86' lang='grc' dir='ltr'>κάκεῖ</span> <span class='ocrx_word' id='word_1_741' title='bbox 2888 3924 2916 3976; x_wconf 92' lang='lat'><strong>6</strong></span> <span class='ocrx_word' id='word_1_742' title='bbox 2942 3923 3130 3996; x_wconf 79' lang='grc' dir='ltr'>Σωτὴρ</span> <span class='ocrx_word' id='word_1_743' title='bbox 3158 3925 3218 3977; x_wconf 86' lang='grc' dir='ltr'><strong>οὐ</strong></span> <span class='ocrx_word' id='word_1_744' title='bbox 3252 3926 3424 3996; x_wconf 78' lang='grc' dir='ltr'>μέγαν</span> <span class='ocrx_word' id='word_1_745' title='bbox 3461 3929 3596 3984; x_wconf 77' lang='grc' dir='ltr'>εἰσά-</span> 
     </span>
    </p>
   </div>
   <div class='ocr_carea' id='block_1_100' title="bbox 2031 4010 3592 4089">
    <p class='ocr_par' dir='ltr' id='par_1_100' title="bbox 2031 4010 3592 4089">
     <span class='ocr_line' id='line_1_100' title="bbox 2031 4010 3592 4089; baseline 0.007 -28"><span class='ocrx_word' id='word_1_746' title='bbox 2031 4025 2137 4077; x_wconf 84' lang='grc' dir='ltr'>γει,</span> <span class='ocrx_word' id='word_1_747' title='bbox 2161 4010 2296 4064; x_wconf 79' lang='grc' dir='ltr'>ἀλλὰ.</span> <span class='ocrx_word' id='word_1_748' title='bbox 2319 4011 2407 4064; x_wconf 86' lang='grc' dir='ltr'><strong>τὸν</strong></span> <span class='ocrx_word' id='word_1_749' title='bbox 2432 4012 2568 4084; x_wconf 80' lang='grc' dir='ltr'>ὲντῇ</span> <span class='ocrx_word' id='word_1_750' title='bbox 2609 4012 2904 4086; x_wconf 72' lang='grc' dir='ltr'>Ἐκκλησία</span> <span class='ocrx_word' id='word_1_751' title='bbox 2933 4017 3146 4086; x_wconf 88' lang='grc' dir='ltr'>μικρὸν,</span> <span class='ocrx_word' id='word_1_752' title='bbox 3170 4016 3357 4089; x_wconf 85' lang='grc' dir='ltr'>ῶσπερ</span> <span class='ocrx_word' id='word_1_753' title='bbox 3379 4018 3592 4074; x_wconf 77' lang='grc' dir='ltr'>ἐνταῦθα</span> 
     </span>
    </p>
   </div>
   <div class='ocr_carea' id='block_1_101' title="bbox 2029 4099 3591 4179">
    <p class='ocr_par' dir='ltr' id='par_1_101' title="bbox 2029 4099 3591 4179">
     <span class='ocr_line' id='line_1_101' title="bbox 2029 4099 3591 4179; baseline 0.006 -29"><span class='ocrx_word' id='word_1_754' title='bbox 2029 4099 2119 4152; x_wconf 82' lang='grc' dir='ltr'><strong>τὸν</strong></span> <span class='ocrx_word' id='word_1_755' title='bbox 2145 4099 2366 4153; x_wconf 80' lang='grc' dir='ltr'>ἁπλοῦν.</span> <span class='ocrx_word' id='word_1_756' title='bbox 2403 4101 2468 4157; x_wconf 83' lang='lat' dir='ltr'><strong>Oi</strong></span> <span class='ocrx_word' id='word_1_757' title='bbox 2501 4102 2676 4158; x_wconf 87' lang='grc' dir='ltr'>τοίνυν</span> <span class='ocrx_word' id='word_1_758' title='bbox 2697 4102 2882 4176; x_wconf 76' lang='grc' dir='ltr'>ἐχθροὶ</span> <span class='ocrx_word' id='word_1_759' title='bbox 2911 4105 3032 4158; x_wconf 82' lang='grc' dir='ltr'>οὐδὲ</span> <span class='ocrx_word' id='word_1_760' title='bbox 3060 4106 3301 4177; x_wconf 84' lang='grc' dir='ltr'>τολμῶσι</span> <span class='ocrx_word' id='word_1_761' title='bbox 3331 4111 3591 4179; x_wconf 78' lang='grc' dir='ltr'>προσιέναι</span> 
     </span>
    </p>
   </div>
   <div class='ocr_carea' id='block_1_102' title="bbox 2029 4191 3590 4266">
    <p class='ocr_par' dir='ltr' id='par_1_102' title="bbox 2029 4191 3590 4266">
     <span class='ocr_line' id='line_1_102' title="bbox 2029 4191 3590 4266; baseline 0.004 -25"><span class='ocrx_word' id='word_1_762' title='bbox 2029 4193 2140 4252; x_wconf 86' lang='grc' dir='ltr'>τοῖς</span> <span class='ocrx_word' id='word_1_763' title='bbox 2199 4191 2476 4259; x_wconf 83' lang='grc' dir='ltr'>μεγάλοις,</span> <span class='ocrx_word' id='word_1_764' title='bbox 2503 4192 2624 4246; x_wconf 84' lang='grc' dir='ltr'>οὺδὲ</span> <span class='ocrx_word' id='word_1_765' title='bbox 2665 4197 2778 4257; x_wconf 77' lang='grc' dir='ltr'>τοῖς</span> <span class='ocrx_word' id='word_1_766' title='bbox 2809 4193 2962 4266; x_wconf 81' lang='grc' dir='ltr'>παρὰ</span> <span class='ocrx_word' id='word_1_767' title='bbox 2993 4195 3114 4266; x_wconf 86' lang='grc' dir='ltr'><strong>Θεῷ</strong></span> <span class='ocrx_word' id='word_1_768' title='bbox 3149 4199 3331 4265; x_wconf 88' lang='grc' dir='ltr'>σοφοῖς</span> <span class='ocrx_word' id='word_1_769' title='bbox 3354 4213 3369 4228; x_wconf 78' lang='grc'><em>’</em></span> <span class='ocrx_word' id='word_1_770' title='bbox 3397 4200 3518 4260; x_wconf 77' lang='grc' dir='ltr'>τοὺς</span> <span class='ocrx_word' id='word_1_771' title='bbox 3539 4197 3590 4248; x_wconf 77' lang='grc' dir='ltr'>δὲ</span> 
     </span>
    </p>
   </div>
   <div class='ocr_carea' id='block_1_103' title="bbox 2027 4279 3588 4356">
    <p class='ocr_par' dir='ltr' id='par_1_103' title="bbox 2027 4279 3588 4356">
     <span class='ocr_line' id='line_1_103' title="bbox 2027 4279 3588 4356; baseline 0.002 -24"><span class='ocrx_word' id='word_1_772' title='bbox 2027 4279 2235 4342; x_wconf 80' lang='grc' dir='ltr'>ἁπλοῦς</span> <span class='ocrx_word' id='word_1_773' title='bbox 2265 4281 2356 4335; x_wconf 77' lang='grc' dir='ltr'>καὶ</span> <span class='ocrx_word' id='word_1_774' title='bbox 2405 4281 2697 4352; x_wconf 82' lang='grc' dir='ltr'>ἀκεραίους</span> <span class='ocrx_word' id='word_1_775' title='bbox 2732 4283 2967 4354; x_wconf 79' lang='grc' dir='ltr'>μάλιστα</span> <span class='ocrx_word' id='word_1_776' title='bbox 3003 4283 3312 4356; x_wconf 85' lang='grc' dir='ltr'>θηρεύουσι.</span> <span class='ocrx_word' id='word_1_777' title='bbox 3348 4286 3538 4356; x_wconf 76' lang='grc' dir='ltr'>Διόπερ</span> <span class='ocrx_word' id='word_1_778' title='bbox 3563 4285 3588 4335; x_wconf 84' lang='grc' dir='ltr'><strong>ό</strong></span> 
     </span>
    </p>
   </div>
   <div class='ocr_carea' id='block_1_104' title="bbox 2025 4369 3586 4448">
    <p class='ocr_par' dir='ltr' id='par_1_104' title="bbox 2025 4369 3586 4448">
     <span class='ocr_line' id='line_1_104' title="bbox 2025 4369 3586 4448; baseline 0.006 -27"><span class='ocrx_word' id='word_1_779' title='bbox 2025 4369 2209 4434; x_wconf 73' lang='grc' dir='ltr'>Δαυῖδ,</span> <span class='ocrx_word' id='word_1_780' title='bbox 2261 4372 2638 4442; x_wconf 85' lang='grc' dir='ltr'>μνημονεύσας</span> <span class='ocrx_word' id='word_1_781' title='bbox 2691 4373 2800 4426; x_wconf 86' lang='grc' dir='ltr'><strong>τῶν</strong></span> <span class='ocrx_word' id='word_1_782' title='bbox 2859 4373 3090 4447; x_wconf 75' lang='grc' dir='ltr'>ἐχθρῶν,</span> <span class='ocrx_word' id='word_1_783' title='bbox 3141 4377 3232 4430; x_wconf 71' lang='grc' dir='ltr'><strong>καὶ</strong></span> <span class='ocrx_word' id='word_1_784' title='bbox 3280 4378 3405 4448; x_wconf 72' lang='grc' dir='ltr'>περὶ</span> <span class='ocrx_word' id='word_1_785' title='bbox 3451 4376 3586 4439; x_wconf 69' lang='grc' dir='ltr'>τινας</span> 
     </span>
    </p>
   </div>
   <div class='ocr_carea' id='block_1_105' title="bbox 2029 4460 3407 4539">
    <p class='ocr_par' dir='ltr' id='par_1_105' title="bbox 2029 4460 3407 4539">
     <span class='ocr_line' id='line_1_105' title="bbox 2029 4460 3407 4539; baseline 0.006 -26"><span class='ocrx_word' id='word_1_786' title='bbox 2029 4460 2262 4530; x_wconf 79' lang='grc' dir='ltr'>μάλιστα</span> <span class='ocrx_word' id='word_1_787' title='bbox 2291 4462 2552 4518; x_wconf 81' lang='grc' dir='ltr'>εἱλεῖσθαι</span> <span class='ocrx_word' id='word_1_788' title='bbox 2586 4463 2840 4520; x_wconf 80' lang='grc' dir='ltr'>εἰώθασιν</span> <span class='ocrx_word' id='word_1_789' title='bbox 2870 4460 3012 4518; x_wconf 75' lang='grc' dir='ltr'>οὗτοι</span> <span class='ocrx_word' id='word_1_790' title='bbox 3047 4466 3407 4539; x_wconf 85' lang='grc' dir='ltr'>παρέστησεν.</span> 
     </span>
    </p>
   </div>
   <div class='ocr_carea' id='block_1_106' title="bbox 2097 4575 3582 4653">
    <p class='ocr_par' dir='ltr' id='par_1_106' title="bbox 2097 4575 3582 4653">
     <span class='ocr_line' id='line_1_106' title="bbox 2097 4575 3582 4653; baseline 0.006 -25"><span class='ocrx_word' id='word_1_791' title='bbox 2097 4597 2116 4628; x_wconf 83' lang='grc' dir='ltr'><strong>ι</strong></span> <span class='ocrx_word' id='word_1_792' title='bbox 2168 4575 2572 4647; x_wconf 86' lang='grc' dir='ltr'>Ἐκραταίωσαν</span> <span class='ocrx_word' id='word_1_793' title='bbox 2622 4579 2840 4641; x_wconf 73' lang='grc' dir='ltr'>ἑαυτοῖς</span> <span class='ocrx_word' id='word_1_794' title='bbox 2889 4579 3047 4647; x_wconf 78' lang='grc' dir='ltr'>λόγον</span> <span class='ocrx_word' id='word_1_795' title='bbox 3095 4581 3333 4652; x_wconf 86' lang='grc' dir='ltr'>πονηρόν</span> <span class='ocrx_word' id='word_1_796' title='bbox 3356 4599 3368 4611; x_wconf 91' lang='grc'><strong>·</strong></span> <span class='ocrx_word' id='word_1_797' title='bbox 3411 4581 3582 4653; x_wconf 77' lang='grc' dir='ltr'>διηγή-</span> 
     </span>
    </p>
   </div>
   <div class='ocr_carea' id='block_1_107' title="bbox 2022 4665 3581 4738">
    <p class='ocr_par' dir='ltr' id='par_1_107' title="bbox 2022 4665 3581 4738">
     <span class='ocr_line' id='line_1_107' title="bbox 2022 4665 3581 4738; baseline 0.003 -20"><span class='ocrx_word' id='word_1_798' title='bbox 2022 4683 2182 4719; x_wconf 88' lang='grc' dir='ltr'>σαντο</span> <span class='ocrx_word' id='word_1_799' title='bbox 2229 4665 2322 4718; x_wconf 88' lang='grc' dir='ltr'><strong>τοῦ</strong></span> <span class='ocrx_word' id='word_1_800' title='bbox 2385 4665 2588 4737; x_wconf 76' lang='grc' dir='ltr'>κρύψαι</span> <span class='ocrx_word' id='word_1_801' title='bbox 2647 4667 2900 4735; x_wconf 79' lang='grc' dir='ltr'>παγίδας.</span> <span class='ocrx_word' id='word_1_802' title='bbox 2953 4686 2972 4719; x_wconf 70' lang='grc' dir='ltr'><strong>ι</strong></span> <span class='ocrx_word' id='word_1_803' title='bbox 3022 4668 3314 4738; x_wconf 67' lang='grc' dir='ltr'>Τροπικῧκ</span> <span class='ocrx_word' id='word_1_804' title='bbox 3352 4670 3436 4724; x_wconf 81' lang='grc' dir='ltr'>διὰ</span> <span class='ocrx_word' id='word_1_805' title='bbox 3486 4669 3581 4722; x_wconf 80' lang='grc' dir='ltr'><strong>τῶν</strong></span> 
     </span>
    </p>
   </div>
   <div class='ocr_carea' id='block_1_108' title="bbox 2021 4757 3578 4833">
    <p class='ocr_par' dir='ltr' id='par_1_108' title="bbox 2021 4757 3578 4833">
     <span class='ocr_line' id='line_1_108' title="bbox 2021 4757 3578 4833; baseline 0.001 -24"><span class='ocrx_word' id='word_1_806' title='bbox 2021 4757 2327 4829; x_wconf 71' lang='grc' dir='ltr'>ἔμπροσθεν</span> <span class='ocrx_word' id='word_1_807' title='bbox 2375 4759 2502 4820; x_wconf 80' lang='grc' dir='ltr'>τοὺς</span> <span class='ocrx_word' id='word_1_808' title='bbox 2557 4758 2656 4828; x_wconf 79' lang='grc' dir='ltr'><strong>τῆς</strong></span> <span class='ocrx_word' id='word_1_809' title='bbox 2706 4758 2883 4829; x_wconf 78' lang='grc' dir='ltr'>ψυχῆς</span> <span class='ocrx_word' id='word_1_810' title='bbox 2927 4759 3153 4831; x_wconf 75' lang='grc' dir='ltr'>ἐχθροὺς</span> <span class='ocrx_word' id='word_1_811' title='bbox 3190 4762 3286 4833; x_wconf 77' lang='grc' dir='ltr'>τὴν</span> <span class='ocrx_word' id='word_1_812' title='bbox 3327 4762 3578 4833; x_wconf 75' lang='grc' dir='ltr'>ῥομφαίαν</span> 
     </span>
    </p>
   </div>
   <div class='ocr_carea' id='block_1_109' title="bbox 2019 4847 3577 4921">
    <p class='ocr_par' dir='ltr' id='par_1_109' title="bbox 2019 4847 3577 4921">
     <span class='ocr_line' id='line_1_109' title="bbox 2019 4847 3577 4921; baseline 0.001 -21"><span class='ocrx_word' id='word_1_813' title='bbox 2019 4849 2198 4901; x_wconf 77' lang='grc' dir='ltr'>αὐτῶν</span> <span class='ocrx_word' id='word_1_814' title='bbox 2228 4848 2490 4916; x_wconf 82' lang='grc' dir='ltr'>ἀκονῆσαι</span> <span class='ocrx_word' id='word_1_815' title='bbox 2531 4849 2623 4900; x_wconf 75' lang='grc' dir='ltr'>καὶ</span> <span class='ocrx_word' id='word_1_816' title='bbox 2652 4847 2721 4900; x_wconf 78' lang='grc' dir='ltr'><strong>τὰ</strong></span> <span class='ocrx_word' id='word_1_817' title='bbox 2747 4849 2875 4915; x_wconf 82' lang='grc' dir='ltr'>τόξα</span> <span class='ocrx_word' id='word_1_818' title='bbox 2905 4852 3136 4903; x_wconf 71' lang='grc' dir='ltr'>ἐντεῖναι</span> <span class='ocrx_word' id='word_1_819' title='bbox 3177 4852 3469 4921; x_wconf 78' lang='grc' dir='ltr'>προειπὼν,</span> <span class='ocrx_word' id='word_1_820' title='bbox 3497 4867 3577 4903; x_wconf 77' lang='grc' dir='ltr'>σα-</span> 
     </span>
    </p>
   </div>
   <div class='ocr_carea' id='block_1_110' title="bbox 2025 4937 3574 5012">
    <p class='ocr_par' dir='ltr' id='par_1_110' title="bbox 2025 4937 3574 5012">
     <span class='ocr_line' id='line_1_110' title="bbox 2025 4937 3574 5012; baseline 0.001 -20"><span class='ocrx_word' id='word_1_821' title='bbox 2025 4940 2283 5010; x_wconf 68' lang='grc' dir='ltr'>φέστερον</span> <span class='ocrx_word' id='word_1_822' title='bbox 2303 4938 2390 4992; x_wconf 85' lang='grc' dir='ltr'>διὰ</span> <span class='ocrx_word' id='word_1_823' title='bbox 2406 4939 2512 4992; x_wconf 89' lang='grc' dir='ltr'><strong>τῶν</strong></span> <span class='ocrx_word' id='word_1_824' title='bbox 2539 4941 2910 5010; x_wconf 79' lang='grc' dir='ltr'>προκειμένων</span> <span class='ocrx_word' id='word_1_825' title='bbox 2933 4941 3016 5004; x_wconf 82' lang='grc' dir='ltr'><strong>τίς</strong></span> <span class='ocrx_word' id='word_1_826' title='bbox 3043 4937 3111 5011; x_wconf 78' lang='grc' dir='ltr'>ἦν</span> <span class='ocrx_word' id='word_1_827' title='bbox 3135 4944 3167 5012; x_wconf 86' lang='grc' dir='ltr'><strong>ή</strong></span> <span class='ocrx_word' id='word_1_828' title='bbox 3203 4942 3460 5012; x_wconf 65' lang='grc' dir='ltr'>ῥομφαία,</span> <span class='ocrx_word' id='word_1_829' title='bbox 3496 4942 3574 4994; x_wconf 64' lang='grc' dir='ltr'>κώ</span> 
     </span>
    </p>
   </div>
   <div class='ocr_carea' id='block_1_111' title="bbox 2019 5027 3571 5100">
    <p class='ocr_par' dir='ltr' id='par_1_111' title="bbox 2019 5027 3571 5100">
     <span class='ocr_line' id='line_1_111' title="bbox 2019 5027 3571 5100; baseline -0.001 -18"><span class='ocrx_word' id='word_1_830' title='bbox 2019 5031 2073 5082; x_wconf 83' lang='grc' dir='ltr'><strong>τί</strong></span> <span class='ocrx_word' id='word_1_831' title='bbox 2099 5029 2159 5082; x_wconf 83' lang='grc' dir='ltr'><strong>τὸ</strong></span> <span class='ocrx_word' id='word_1_832' title='bbox 2193 5028 2342 5093; x_wconf 87' lang='grc' dir='ltr'>τόξον</span> <span class='ocrx_word' id='word_1_833' title='bbox 2389 5027 2713 5097; x_wconf 81' lang='grc' dir='ltr'>παρίστησιν</span> <span class='ocrx_word' id='word_1_834' title='bbox 2733 5029 2900 5082; x_wconf 83' lang='grc' dir='ltr'>εἰπών</span> <span class='ocrx_word' id='word_1_835' title='bbox 2919 5046 2932 5060; x_wconf 76' lang='grc' dir='ltr'><strong>ο</strong></span> <span class='ocrx_word' id='word_1_836' title='bbox 2969 5048 2986 5078; x_wconf 85' lang='grc' dir='ltr'><strong>ι</strong></span> <span class='ocrx_word' id='word_1_837' title='bbox 3029 5030 3430 5100; x_wconf 82' lang='grc' dir='ltr'>Ἐκραταίωσαν</span> <span class='ocrx_word' id='word_1_838' title='bbox 3462 5032 3571 5083; x_wconf 83' lang='grc' dir='ltr'>ἑαυ-</span> 
     </span>
    </p>
   </div>
   <div class='ocr_carea' id='block_1_112' title="bbox 2019 5119 3571 5192">
    <p class='ocr_par' dir='ltr' id='par_1_112' title="bbox 2019 5119 3571 5192">
     <span class='ocr_line' id='line_1_112' title="bbox 2019 5119 3571 5192; baseline -0.002 -19"><span class='ocrx_word' id='word_1_839' title='bbox 2019 5124 2131 5184; x_wconf 85' lang='grc' dir='ltr'>τοῖς</span> <span class='ocrx_word' id='word_1_840' title='bbox 2161 5121 2315 5188; x_wconf 81' lang='grc' dir='ltr'>λόγον</span> <span class='ocrx_word' id='word_1_841' title='bbox 2339 5121 2593 5190; x_wconf 84' lang='grc' dir='ltr'>πονηρόν.</span> <span class='ocrx_word' id='word_1_842' title='bbox 2638 5140 2656 5172; x_wconf 72' lang='grc' dir='ltr'><strong>ι</strong></span> <span class='ocrx_word' id='word_1_843' title='bbox 2683 5121 2757 5173; x_wconf 82' lang='grc' dir='ltr'><strong>Οὐ</strong></span> <span class='ocrx_word' id='word_1_844' title='bbox 2789 5121 2897 5192; x_wconf 87' lang='grc' dir='ltr'><strong>γὰρ</strong></span> <span class='ocrx_word' id='word_1_845' title='bbox 2925 5119 3074 5192; x_wconf 82' lang='grc' dir='ltr'>παρὰ</span> <span class='ocrx_word' id='word_1_846' title='bbox 3109 5120 3203 5173; x_wconf 84' lang='grc' dir='ltr'><strong>τοῦ</strong></span> <span class='ocrx_word' id='word_1_847' title='bbox 3236 5121 3368 5176; x_wconf 85' lang='grc' dir='ltr'>Θεοῦ</span> <span class='ocrx_word' id='word_1_848' title='bbox 3401 5121 3571 5174; x_wconf 72' lang='grc' dir='ltr'>λαϐόν-</span> 
     </span>
    </p>
   </div>
   <div class='ocr_carea' id='block_1_113' title="bbox 2017 5212 3568 5282">
    <p class='ocr_par' dir='ltr' id='par_1_113' title="bbox 2017 5212 3568 5282">
     <span class='ocr_line' id='line_1_113' title="bbox 2017 5212 3568 5282; baseline 0.001 -14"><span class='ocrx_word' id='word_1_849' title='bbox 2017 5231 2107 5276; x_wconf 84' lang='grc' dir='ltr'><strong>τες</strong></span> <span class='ocrx_word' id='word_1_850' title='bbox 2145 5213 2321 5282; x_wconf 84' lang='grc' dir='ltr'>λόγον,</span> <span class='ocrx_word' id='word_1_851' title='bbox 2383 5212 2496 5265; x_wconf 79' lang='grc' dir='ltr'>ἀλλ’</span> <span class='ocrx_word' id='word_1_852' title='bbox 2537 5214 2746 5275; x_wconf 80' lang='grc' dir='ltr'>ἑαυτοῖς</span> <span class='ocrx_word' id='word_1_853' title='bbox 2787 5213 3120 5282; x_wconf 86' lang='grc' dir='ltr'>πλασάμενοι</span> <span class='ocrx_word' id='word_1_854' title='bbox 3161 5215 3254 5266; x_wconf 77' lang='grc' dir='ltr'>καὶ</span> <span class='ocrx_word' id='word_1_855' title='bbox 3293 5213 3568 5272; x_wconf 61' lang='grc' dir='ltr'>συνθένπς.</span> 
     </span>
    </p>
   </div>
   <div class='ocr_carea' id='block_1_114' title="bbox 2013 5304 3566 5376">
    <p class='ocr_par' dir='ltr' id='par_1_114' title="bbox 2013 5304 3566 5376">
     <span class='ocr_line' id='line_1_114' title="bbox 2013 5304 3566 5376; baseline 0 -16"><span class='ocrx_word' id='word_1_856' title='bbox 2013 5305 2199 5360; x_wconf 78' lang='grc' dir='ltr'>τοῦτον</span> <span class='ocrx_word' id='word_1_857' title='bbox 2254 5305 2572 5376; x_wconf 78' lang='grc' dir='ltr'>ἑκράτυναν.</span> <span class='ocrx_word' id='word_1_858' title='bbox 2614 5304 2853 5357; x_wconf 84' lang='grc' dir='ltr'>Τοιοῦτοι</span> <span class='ocrx_word' id='word_1_859' title='bbox 2899 5304 2956 5356; x_wconf 82' lang='grc' dir='ltr'>δέ</span> <span class='ocrx_word' id='word_1_860' title='bbox 2996 5307 3130 5357; x_wconf 77' lang='grc' dir='ltr'>εἰσιν</span> <span class='ocrx_word' id='word_1_861' title='bbox 3169 5307 3217 5357; x_wconf 82' lang='lat' dir='ltr'><strong>oi</strong></span> <span class='ocrx_word' id='word_1_862' title='bbox 3245 5306 3566 5371; x_wconf 74' lang='grc' dir='ltr'>συκοφάνται.</span> 
     </span>
    </p>
   </div>
   <div class='ocr_carea' id='block_1_115' title="bbox 2014 5393 3562 5465">
    <p class='ocr_par' dir='ltr' id='par_1_115' title="bbox 2014 5393 3562 5465">
     <span class='ocr_line' id='line_1_115' title="bbox 2014 5393 3562 5465; baseline 0.002 -18"><span class='ocrx_word' id='word_1_863' title='bbox 2014 5396 2107 5447; x_wconf 70' lang='grc' dir='ltr'><strong>καὶ</strong></span> <span class='ocrx_word' id='word_1_864' title='bbox 2141 5397 2190 5447; x_wconf 91' lang='grc' dir='ltr'>οἱ</span> <span class='ocrx_word' id='word_1_865' title='bbox 2217 5393 2504 5465; x_wconf 91' lang='grc' dir='ltr'>κρατύνειν</span> <span class='ocrx_word' id='word_1_866' title='bbox 2537 5396 2629 5448; x_wconf 70' lang='grc' dir='ltr'>καὶ</span> <span class='ocrx_word' id='word_1_867' title='bbox 2659 5393 2906 5464; x_wconf 76' lang='grc' dir='ltr'>βεϐαιοῦν</span> <span class='ocrx_word' id='word_1_868' title='bbox 2935 5393 3260 5464; x_wconf 80' lang='grc' dir='ltr'>πειρώμενοι</span> <span class='ocrx_word' id='word_1_869' title='bbox 3283 5395 3347 5458; x_wconf 77' lang='grc' dir='ltr'>ἃς</span> <span class='ocrx_word' id='word_1_870' title='bbox 3376 5393 3562 5450; x_wconf 80' lang='grc' dir='ltr'>ἑαυτοῖς</span> 
     </span>
    </p>
   </div>
   <div class='ocr_carea' id='block_1_116' title="bbox 2012 5476 3560 5554">
    <p class='ocr_par' dir='ltr' id='par_1_116' title="bbox 2012 5476 3560 5554">
     <span class='ocr_line' id='line_1_116' title="bbox 2012 5476 3560 5554; baseline -0.006 -17"><span class='ocrx_word' id='word_1_871' title='bbox 2012 5484 2475 5554; x_wconf 81' lang='grc' dir='ltr'>ἁνεζωγράφησαν</span> <span class='ocrx_word' id='word_1_872' title='bbox 2522 5485 2616 5536; x_wconf 71' lang='grc' dir='ltr'>καὶ</span> <span class='ocrx_word' id='word_1_873' title='bbox 2655 5483 3023 5536; x_wconf 83' lang='grc' dir='ltr'>ὰνεπλάσαντο</span> <span class='ocrx_word' id='word_1_874' title='bbox 3055 5482 3408 5551; x_wconf 77' lang='grc' dir='ltr'>ψευδοδοξίας.</span> <span class='ocrx_word' id='word_1_875' title='bbox 3450 5476 3560 5533; x_wconf 70' lang='grc' dir='ltr'>Εἶτα</span> 
     </span>
    </p>
   </div>
   <div class='ocr_carea' id='block_1_117' title="bbox 1965 5573 3557 5652">
    <p class='ocr_par' dir='ltr' id='par_1_117' title="bbox 1965 5573 3557 5652">
     <span class='ocr_line' id='line_1_117' title="bbox 1965 5573 3557 5652; baseline 0.001 -24"><span class='ocrx_word' id='word_1_876' title='bbox 1965 5587 1972 5593; x_wconf 85' lang='lat'><strong>‘</strong></span> <span class='ocrx_word' id='word_1_877' title='bbox 2009 5575 2066 5628; x_wconf 81' lang='grc' dir='ltr'><strong>δὲ</strong></span> <span class='ocrx_word' id='word_1_878' title='bbox 2094 5575 2184 5627; x_wconf 78' lang='grc' dir='ltr'>τὸν</span> <span class='ocrx_word' id='word_1_879' title='bbox 2217 5575 2451 5645; x_wconf 86' lang='grc' dir='ltr'>πονηρὸν</span> <span class='ocrx_word' id='word_1_880' title='bbox 2506 5573 2660 5644; x_wconf 84' lang='grc' dir='ltr'>λόγον</span> <span class='ocrx_word' id='word_1_881' title='bbox 2691 5573 2748 5627; x_wconf 87' lang='grc' dir='ltr'>ὃν</span> <span class='ocrx_word' id='word_1_882' title='bbox 2777 5574 2987 5636; x_wconf 76' lang='grc' dir='ltr'>ἑαυτοῖς</span> <span class='ocrx_word' id='word_1_883' title='bbox 3010 5573 3316 5652; x_wconf 83' lang='grc' dir='ltr'>ἐκράτυναν</span> <span class='ocrx_word' id='word_1_884' title='bbox 3346 5574 3557 5647; x_wconf 67' lang='grc' dir='ltr'>ὁρῶντες</span> 
     </span>
    </p>
   </div>
   <div class='ocr_carea' id='block_1_118' title="bbox 392 5710 2391 5814">
    <p class='ocr_par' dir='ltr' id='par_1_118' title="bbox 392 5710 2391 5814">
     <span class='ocr_line' id='line_1_118' title="bbox 392 5710 2391 5814; baseline -0.003 -26"><span class='ocrx_word' id='word_1_885' title='bbox 392 5734 417 5812; x_wconf 62' lang='grc' dir='ltr'><strong>ξ</strong></span> <span class='ocrx_word' id='word_1_886' title='bbox 448 5735 587 5790; x_wconf 88' lang='lat' dir='ltr'><strong>l’sal.</strong></span> <span class='ocrx_word' id='word_1_887' title='bbox 632 5751 826 5801; x_wconf 72' lang='lat' dir='ltr'><strong>xxxtn,</strong></span> <span class='ocrx_word' id='word_1_888' title='bbox 854 5736 908 5790; x_wconf 85' lang='lat'><strong>9.</strong></span> <span class='ocrx_word' id='word_1_889' title='bbox 985 5737 1006 5768; x_wconf 80' lang='lat'>&#39;</span> <span class='ocrx_word' id='word_1_890' title='bbox 1035 5733 1077 5788; x_wconf 91' lang='lat' dir='ltr'><strong>ll</strong></span> <span class='ocrx_word' id='word_1_891' title='bbox 1107 5735 1232 5789; x_wconf 88' lang='lat' dir='ltr'><strong>Cor.</strong></span> <span class='ocrx_word' id='word_1_892' title='bbox 1260 5751 1340 5814; x_wconf 63' lang='lat' dir='ltr'><strong>xl,</strong></span> <span class='ocrx_word' id='word_1_893' title='bbox 1369 5735 1422 5790; x_wconf 75' lang='grc'><strong>5.</strong></span> <span class='ocrx_word' id='word_1_894' title='bbox 1475 5734 1517 5805; x_wconf 11' lang='lat' dir='ltr'><strong>A&quot;</strong></span> <span class='ocrx_word' id='word_1_895' title='bbox 1546 5732 1732 5787; x_wconf 83' lang='lat' dir='ltr'><strong>Matth.</strong></span> <span class='ocrx_word' id='word_1_896' title='bbox 1763 5746 1921 5796; x_wconf 77' lang='lat' dir='ltr'><strong>mu,</strong></span> <span class='ocrx_word' id='word_1_897' title='bbox 1951 5732 2037 5785; x_wconf 74' lang='lat'><strong>10.</strong></span> <span class='ocrx_word' id='word_1_898' title='bbox 2112 5730 2132 5760; x_wconf 85' lang='lat'>&#39;</span> <span class='ocrx_word' id='word_1_899' title='bbox 2159 5710 2293 5784; x_wconf 76' lang='lat' dir='ltr'><strong>Ibid.</strong></span> <span class='ocrx_word' id='word_1_900' title='bbox 2337 5728 2391 5782; x_wconf 83' lang='grc' dir='ltr'><strong>ϐ.</strong></span> 
     </span>
    </p>
   </div>
  </div>
