3808 6280
205 379 289 432 621
1340 369 1838 429 COMMENTARIA
1878 367 1943 421 IN
1982 365 2324 424 PSALMOS.

3324 363 3450 438 ΜΞ,

205 490 403 562 σαθρὸν,
448 490 507 542 οὐ
554 487 755 559 γυμνὸν
786 486 942 541 αὑτὸν
974 486 1380 558 προϐάλλονται,
1421 486 1556 540 ἀλλὰ
1594 504 1740 556 περι-

1853 497 1959 535 ηοη
1989 485 2193 538 nudmn
2229 481 2534 554 proferunt,
2570 482 2663 535 sed
2691 482 2898 551 laqueis
2924 483 3268 538 extrinsecus
3289 485 3433 556 clam
3467 514 3472 519 ~

203 583 466 638 ίάλλουσιν
505 580 698 644 ἔξωθεν
742 582 952 648 παγίσι,
978 578 1309 649 κρύπτοντες
1336 578 1425 631 διά
1469 596 1631 631 τινων
1675 595 1755 630 σο-

200 673 468 743 φισμάτων
495 672 587 723 καὶ
631 669 1053 740 παραλογισμῶν
1091 669 1188 739 τὴν
1214 669 1355 721 κατά
1395 668 1504 720 τῶν
1535 668 1755 721 ἐπιδου-

201 761 487 833 λευομένων
517 763 814 831 συσκευήν·
846 759 988 812 οὕτω
1020 760 1129 829 γὰρ
1162 758 1390 829 ἄληπτοι
1423 759 1516 835 καὶ
1544 757 1753 828 ἀθήρα-

199 870 270 906 τοι
297 851 507 904 ἔσεσθαι
535 850 991 920 ὑπολαμϐάνουσι.
1018 849 1110 902 Διὸ
1141 869 1156 900 ι
1197 845 1357 902 εἶπαν
1389 869 1406 898 1
1435 851 1493 901 ἐν
1519 850 1749 910 ἑαυτοῖςο

200 961 217 994 ι
251 941 341 1004 Τίς
399 941 584 1009 ὄψεται
633 940 866 1004 αὑτούς;
917 958 935 990 ι
989 940 1104 1001 καὶ,
1152 959 1169 990 ι
1222 939 1579 1011 ἐξερεύνησαν
1629 938 1754 990 ἀνο-

198 1033 331 1104 μίας.
349 1051 366 1082 ι
388 1031 551 1084 Οὐδὲν
569 1029 676 1102 γὰρ
697 1030 970 1100 ὠφέλιμον
991 1031 1097 1082 ἀπὸ
1113 1029 1204 1082 τοῦ
1235 1029 1379 1082 θείου
1399 1028 1562 1099 νόμου
1589 1027 1754 1098 ζητή-

195 1140 370 1185 σαντες
390 1119 544 1193 εὗρον
562 1139 575 1152 ⁸
607 1122 720 1175 ἀλλ’
745 1121 972 1192 ἀνομίας
1003 1123 1214 1184 ἑαυτοῖς
1242 1121 1563 1190 ἐπενόησαν.
1598 1119 1752 1174 Κατὰ

190 1215 239 1267 δὲ
270 1214 354 1266 τὸν
407 1213 724 1284 Σύμμαχον,
767 1231 784 1264 ι
822 1210 1185 1284 ἑξερεύνησαν
1225 1213 1452 1281 ἀνομίας
1503 1210 1751 1280 σύμπαν-

190 1318 269 1364 τες
289 1319 302 1332 ·
338 1321 356 1353 ι
394 1303 485 1354 καὶ
517 1302 609 1355 ἐπὶ
641 1300 847 1362 τούτοις
883 1300 1052 1352 πολλά
1085 1301 1418 1371 ζητήσαντες
1445 1301 1536 1352 καὶ
1585 1299 1752 1370 μυρία

189 1395 306 1464 παρ’
342 1395 550 1456 ἑαυτοῖς
572 1394 975 1463 ἐπινοήσαντες,
1006 1392 1169 1463 μηδὲν
1197 1391 1252 1443 δὲ
1269 1391 1464 1460 ἀληθὲς
1486 1392 1575 1442 ἐπὶ
1608 1389 1750 1442 τέλει

187 1484 436 1554 εὑρόντες,
458 1483 720 1547 ἐξέλιπον,
755 1483 914 1536 πλέον
941 1483 1090 1536 οὐδὲν
1117 1483 1223 1535 ἀπὸ
1249 1483 1348 1551 τῆς
1379 1481 1579 1550 πολλῆς
1602 1480 1752 1552 ἐρεύ-

185 1592 272 1646 νης
289 1575 662 1645 οκτησάμενοι.
711 1574 803 1626 Διὸ
830 1573 1104 1626 λέλεκταιο
1155 1592 1172 1623 ι
1225 1573 1499 1638 Ἐξέλιπον
1533 1572 1750 1642 ἐξερευ-

183 1665 364 1727 νῶντες
421 1665 814 1737 ἐξερευνήσεις.
850 1685 868 1716 ι
907 1664 1204 1726 Τοσούτους
1261 1664 1413 1727 τινας
1459 1663 1750 1734 διέγραψεν

183 1757 207 1809 6
236 1755 387 1808 Δαυῒδ
417 1757 547 1820 τοὺς
591 1756 815 1826 ἐχθροὺς
844 1755 937 1809 καὶ
969 1755 1276 1824 πολεμίους,
1300 1753 1358 1820 ἐξ
1381 1748 1455 1806 ὧν
1488 1752 1585 1823 τὴν
1617 1755 1744 1804 ἐαυ-

1860 574 2311 643 eireumsepiunt,
2349 573 2782 641 sophismatibus
2813 573 3136 644 eavillisque
3166 590 3304 644 quas
3335 590 3431 645 pa-

1858 672 1980 716 rant
2008 665 2142 735 ipsis
2191 665 2419 720 insidias
2459 663 2823 729 occultantes,
2882 665 2956 718 ita
3002 682 3061 720 se
3090 667 3208 736 capi
3243 674 3298 721 et
3332 668 3433 722 de-

1859 755 2121 823 prehendi
2153 771 2263 810 non
2296 769 2458 826 posse
2495 754 2810 824 opinantur.
2851 753 3034 820 Quare
3065 774 3082 806 ι
3114 756 3372 812 dixerunt
3408 777 3429 811 ι

1855 847 1911 900 in
1940 847 2135 917 seipsis
2171 867 2182 901 :
2211 866 2229 902 ι
2261 847 2396 913 Quis
2430 847 2636 902 videbit
2668 847 2808 901 eos?
2839 866 2857 897 ι
2896 856 2968 912 et,
2999 865 3016 896 ι
3051 851 3280 902 scrutati
3304 858 3434 905 sunt

1855 935 2196 1006 iniquitates.
2240 956 2258 987 ι
2295 936 2440 990 Nihil
2477 936 2678 1006 quippe
2707 936 2960 990 utilitatis
2993 936 3046 990 in
3096 938 3279 992 divina
3314 941 3434 1008 lego

1858 1026 2263 1095 perquisierunt
2293 1027 2376 1081 vel
2405 1027 2766 1092 invenerunt;
2827 1027 2923 1080 sed
2957 1027 3274 1095 iniquitates
3325 1030 3434 1084 sibi

1855 1117 2268 1184 exeogitarunt;
2297 1119 2432 1181 sive,
2461 1117 2759 1172 secundum
2792 1115 3204 1187 Symmachum,
3233 1137 3250 1168 ι
3279 1133 3437 1174 scru-

1854 1208 1948 1260 tati
1981 1217 2110 1263 sunt
2140 1210 2459 1280 iniquitates
2483 1210 2727 1265 universi
2759 1225 2772 1260 :
2814 1229 2832 1260 ι
2870 1224 2934 1262 ac
2976 1224 3103 1262 cum
3147 1209 3262 1264 haec
3289 1212 3432 1265 mul-

1855 1304 1968 1349 tum
2006 1299 2479 1368 perquisivissent,
2513 1307 2566 1354 et
2607 1299 2816 1354 infinita
2843 1300 3272 1368 excogitassent,
3307 1313 3432 1352 eum

1855 1388 1988 1440 nihil
2021 1391 2132 1442 veri
2158 1391 2375 1445 tandem
2400 1391 2723 1460 reperirent,
2757 1389 3096 1455 defecerunt,
3121 1390 3258 1443 nihil
3287 1389 3435 1443 aliud

1853 1492 1918 1532 ex
1954 1487 2102 1533 tanta
2136 1482 2576 1550 perscrutatione
2613 1480 2935 1537 referentes.
2991 1482 3174 1548 Quare
3222 1480 3434 1536 dictum

1853 1577 1936 1622 est
1959 1579 2026 1624 εἰ
2061 1570 2387 1626 Defecerunt
2414 1581 2724 1627 scrutantes
2742 1573 3032 1628 scrutinia.
3063 1593 3082 1625 ι
3108 1572 3434 1642 Hujus-moui

1852 1660 2040 1717 hostes
2071 1671 2124 1716 et
2160 1664 2412 1718 inimicos
2442 1662 2737 1734 descripsit
2758 1664 2952 1729 David,
2993 1680 3023 1719 e
3055 1680 3290 1734 quorum
3323 1681 3437 1719 ma-

1822 1754 2014 1809 .nibus
2046 1753 2282 1808 animam
2317 1755 2454 1825 eripi
2487 1770 2642 1810 suam
2686 1755 3014 1825 precabatur
3047 1772 3060 1807 :
3095 1763 3255 1810 erant
3284 1757 3436 1810 scili-

182 1845 264 1897 τῡῦ
294 1845 471 1919 ψυχὴν
500 1845 760 1917 ρυσθῆναι
818 1843 1036 1915 ηὔχετο,
1086 1845 1530 1915 ὲξερευνητικους
1574 1858 1740 1907 τινας¹

1851 1853 1936 1901 cet
1991 1847 2026 1898 ii
2060 1853 2474 1916 perscrutantes
2505 1855 2559 1902 et
2620 1847 3002 1916 perquirentes
3061 1847 3431 1916 iniquitatem.

182 1936 262 1987 κιὶ
293 1935 616 2006 ζητητικοὺς
645 1936 890 2006 ἀνομίας.
925 1937 988 1990 Οἱ
1019 1936 1125 2007 γὰρ
1150 1934 1376 1987 τοιοῦτοι
1405 1933 1581 2004 ψυχῆς
1615 1933 1747 2004 ἀλη-

180 2025 277 2088 Ot'o;
306 2026 369 2078 ἂν
415 2021 526 2079 εἶεν
561 2024 812 2095 φονευταί
837 2045 851 2056 ·
889 2027 967 2080 διὸ
999 2027 1062 2098 δὴ
1101 2026 1333 2097 μάλιστα
1381 2025 1515 2078 Θεὸν
1549 2025 1746 2095 βοηθὸν

178 2117 389 2170 ἐπὶτῶν
421 2119 681 2173 τοιούτων
713 2119 1045 2182 ἀνεκαλεῖτο,
1106 2121 1230 2181 τοὺς
1265 2117 1555 2188 αἰσθητοὺς
1591 2117 1748 2170 πολε-

181 2207 321 2276 μίους
350 2209 444 2261 καὶ
464 2209 592 2272 τοὺς
609 2212 722 2272 τοῖς
758 2207 967 2279 σώμασι
1004 2204 1514 2278 παραταττομένους
1538 2205 1624 2256 ἐπ’
1649 2204 1710 2256 οὐ
1726 2232 1743 2243 ο

176 2296 274 2349 aevi.
304 2297 446 2368 λόγῳ
473 2299 773 2368 τιθέμενος.

244 2405 260 2437 ι
299 2388 726 2458 Προσελεύσεται
758 2387 1041 2459 ἅνθρωπος
1089 2388 1146 2441 ἐν
1180 2389 1374 2460 καρδία
1410 2389 1621 2459 βαθείᾳ,
1651 2391 1744 2442 καὶ

177 2477 513 2549 ὐᾷωθήσεται
570 2479 600 2530 ὁ
657 2479 809 2542 Θεός.
843 2479 1004 2544 Βέλος
1038 2480 1268 2549 νηπίων,
1312 2499 1329 2531 ι
1369 2483 1461 2533 καὶ
1491 2480 1561 2534 τὰ
1593 2481 1740 2551 ἑξῆς.

175 2571 230 2621 Ol
260 2571 352 2639 μὲν
376 2570 480 2640 τῆς
517 2570 694 2641 ψυχῆς
721 2571 985 2640 πολέμιοι,
1022 2571 1201 2639 λόγοις
1232 2575 1485 2644 πονηροῖς
1519 2574 1744 2636 ἑαυτοὺς

174 2661 620 2732 περιφράξαντες,
680 2661 773 2714 καὶ
799 2661 898 2726 τὰς
927 2663 1134 2716 ἑαυτῶν
1161 2663 1536 2735 ἐγκρύψαντες
1575 2663 1741 2734 παγίο

171 2756 275 2817 δας,
302 2754 534 2824 ἀνομίας
567 2772 624 2808 τε
662 2755 1069 2827 ἐξερευνῶντες,
1123 2758 1216 2808 καὶ
1256 2756 1342 2809 διὰ
1389 2756 1593 2808 τούτων
1644 2757 1743 2819 τὰς

172 2845 364 2898 ἑαυτῶν
391 2847 666 2916 ῥομφαίας
683 2849 1068 2918 ἀκονήσαντες,
1091 2849 1184 2901 καὶ
1206 2853 1323 2910 ταῖς
1337 2847 1546 2900 ἑαυτῶν
1563 2846 1742 2915 γλώσ-

172 2951 280 2998 σαις
295 2936 630 3000 ἐντείναντες
653 2935 802 3001 τόξα,
833 2937 923 2989 τὸν
956 2937 1204 3007 ἄμωμον,
1233 2937 1264 3008 ἢ
1288 2939 1376 2990 τὸν
1413 2936 1618 2991 ἁπλοῦν
1647 2941 1742 2992 καὶ

169 3025 409 3096 ἀκέραιον
441 3027 740 3098 περιῄεσαν
768 3027 1074 3098 ζητοῦντες,
1108 3030 1254 3090 ὅπως
1287 3028 1549 3084 ἀνέλωσιν
1575 3030 1740 3086 αὐτοῦ

167 3116 255 3186 τὴν
299 3117 512 3186 ψυχήν·
561 3115 674 3169 ἀλλ’
726 3117 927 3168 ἐκεῖνον
982 3119 1128 3186 μὲνό
1167 3116 1297 3180 Θεὸς
1335 3116 1574 3187 ῥύσεται.
1619 3117 1738 3170 Τῶν

167 3207 263 3283 γὰρ
296 3208 515 3278 μικρῶν
548 3209 604 3260 ἐν
647 3211 714 3279 τῇ
760 3208 1054 3279 Ἐκκλησία
1084 3210 1132 3260 oi
1176 3208 1396 3276 ἄγγελοι
1426 3207 1514 3262 διὰ
1537 3209 1738 3272 παντὸς
1768 3192 1810 3246 C

164 3299 318 3370 ἐρῶσι
345 3301 407 3352 τὸ
443 3299 734 3370 πρόσωπον
768 3298 877 3352 ποῦ
913 3302 968 3352 ἐν
990 3301 1234 3370 οὐρανοῖς
1291 3300 1523 3371 Πατρός.
1569 3301 1742 3370 Προσ-

164 3390 430 3444 ελεύσεται
484 3391 541 3444 δέ
602 3408 689 3453 τις
747 3391 931 3454 αὐτοῖς
975 3389 1282 3461 ἄνθρωπος,
1333 3392 1550 3463 ἀληθῶς
1603 3393 1741 3464 ἀνὴρ

163 3480 356 3542 τέλειος
381 3483 479 3534 καὶ
506 3482 686 3552 φορῶν
706 3482 796 3534 τὸν
823 3485 943 3534 κατ’
974 3484 1155 3536 εἰκόνα
1184 3483 1318 3542 Θεοῦ
1350 3485 1737 3554 πεποιημένον,

165 3571 238 3634 ὃς,
267 3573 321 3625 ἐν
375 3572 577 3643 καρδίᾳ
641 3572 832 3642 βαθείᾳ
868 3574 1273 3644 πεφραγμένος,
1321 3575 1739 3646 ἀκατάπληκτος

164 3665 334 3727 αότοῖς
384 3663 782 3736 παρατάξεται,
840 3665 1049 3728 πάντας
1084 3682 1140 3717 τε
1173 3666 1372 3728 αὐτοὺς
1420 3666 1736 3728 καταλύσει,

161 3753 529 3824 ὼςὺψωθῆναι
561 3756 653 3807 καὶ
691 3755 1013 3824 δοξασθῖνιαι
1039 3755 1106 3808 δι’
1142 3756 1306 3810 αὐτοῦ
1331 3757 1422 3810 τὸν
1453 3757 1607 3820 Θεὸν,
1645 3759 1738 3810 καὶ
1768 3752 1774 3759 ’

162 3844 369 3904 πάντων
391 3847 614 3899 ἐκείνων
629 3844 697 3902 τὰ
720 3846 845 3916 βέλη
866 3847 1184 3916 ἐλεγχθῆναι
1207 3847 1367 3900 ἄτονα
1393 3848 1485 3900 καὶ
1515 3849 1735 3919 ἀσθενῆ,

160 3935 228 3998 ὡς
255 3938 466 4007 νηπίων
523 3937 834 4008 λογισθῆναι
872 3937 1000 4006 βέλη
1033 3937 1131 4000 τὰς
1167 3937 1379 4008 πληγὰς
1411 3940 1609 4002 αὐτῶν,
1647 3942 1738 3993 καὶ

159 4026 250 4090 τὰς
282 4027 537 4095 γλώσσας
589 4029 767 4082 αὐτῶν
801 4031 884 4081 ἐπ’
913 4030 1110 4098 αὐτοὺς
1145 4027 1520 4100 ἐξασθενῆσαι,
1548 4031 1737 4082 Τοιοῡ-

159 4130 243 4181 τος
291 4121 402 4192 γάρ
441 4123 587 4174 ἐστιν
615 4123 643 4173 ὁ
676 4122 766 4174 τοῦ
798 4121 932 4176 Θεοῦ
978 4121 1284 4191 ἄνθρωπος,
1333 4124 1360 4174 ὁ
1391 4123 1733 4195 παραταττό-

162 4225 310 4276 μενος
338 4212 453 4272 τοῖς
485 4209 856 4280 προλεχθεῖσιν
897 4213 956 4263 ἐν
988 4211 1184 4281 καρδίᾳ.
1214 4209 1431 4284 βαθείᾳ·
1476 4211 1550 4273 ὡς
1587 4211 1737 4286 δέχε-

160 4296 274 4356 σθαι
303 4300 402 4368 μὲν
434 4299 594 4357 αὐτὸν
646 4301 744 4363 τὰς
780 4300 990 4374 πληγὰς
1025 4303 1116 4354 καὶ
1150 4302 1217 4356 τὰ
1254 4301 1340 4357 διὰ
1385 4301 1735 4372 σοφισμάτων

158 4388 300 4460 βέλη,
336 4391 504 4461 γελᾷν
548 4391 604 4444 δέ
638 4393 774 4449 αὑτὰ
805 4394 896 4445 καὶ
925 4394 984 4445 τὸ
1021 4394 1186 4464 μηδὲν
1219 4394 1487 4464 ἡγεῖσθαι,
1521 4394 1596 4457 ὡς
1628 4394 1734 4449 ὑπὸ

156 4481 354 4550 νηπίων
383 4483 587 4535 ἀτόνων
618 4486 736 4537 κατ’
758 4483 923 4541 αὑτοῦ
955 4486 1302 4555 πεμπόμενα.
1341 4483 1466 4537 Εἶτα
1497 4486 1591 4538 καὶ
1614 4488 1734 4540 ἐπι-
1765 4521 1808 4573 D

155 4571 410 4643 λυόμενος
460 4575 638 4627 αὐτῶν
669 4575 735 4629 τὰ
787 4575 1113 4644 σοφίσματα,
1147 4577 1243 4640 τὰς
1281 4575 1531 4645 γλώσσας
1553 4577 1731 4628 αὐτῶν

157 4666 242 4718 καὶ
283 4669 413 4728 τοὺς
452 4665 642 4733 λόγους
674 4667 1090 4731 ἐξασθενοῦντας
1145 4666 1373 4734 ἐλέγξει.
1429 4667 1631 4724 Βαθεῖα
1677 4667 1733 4722 δὲ

154 4755 346 4825 καρδία
410 4756 442 4828 ἠ
491 4758 565 4828 μὴ
614 4756 671 4823 ἐξ
729 4757 994 4828 ἐπιπολῆς
1037 4757 1233 4828 ἔχουσα
1293 4757 1362 4814 τά
1408 4757 1729 4828 μαθήματα,

157 4847 282 4914 μηδέ
316 4849 375 4899 ἐν
411 4847 484 4916 τῷ
512 4848 830 4919 προφορικῷ
850 4849 992 4918 λόγῳ
1025 4849 1417 4920 σεμνυνομὲνη,
1445 4848 1560 4901 ἀλλ’
1583 4848 1730 4901 ἔνδον

153 4934 206 4986 ἐν
235 4937 370 5007 αὒτῇ
407 4941 531 5001 τοὺς
563 4939 661 5008 τῆς
690 4938 924 5001 πίστεως
973 4939 1254 5010 θεμελίους
1303 4940 1725 5011 ἐρριζωμένους.

163 5026 492 5092 Ἀκολούθως
507 5030 682 5086 τοίνυν
695 5030 945 5099 λογικούς
966 5047 1112 5093 τινας
1135 5031 1430 5100 πολεμίους
1445 5030 1542 5101 τὴν
1559 5030 1730 5099 γλῶτ-

154 5132 246 5172 ταν
289 5120 682 5188 ἀκονήσαντας,
705 5121 798 5173 καὶ
840 5120 967 5188 τόξα
987 5123 1099 5184 τοῖς
1135 5121 1369 5190 χείλεσιν
1396 5121 1730 5183 ἐντείνοντας

155 5208 617 5280 ὑποστησάμενος,
677 5212 980 5265 ἁντιτάττει
1033 5213 1214 5274 αὐτοῖς
1261 5210 1546 5281 ἄνθρωπον
1593 5211 1728 5264 Θεοῦ

154 5302 378 5371 καρδίαν
443 5302 661 5371 βαθεῖαν
718 5303 1082 5373 κεκτημένον·
1149 5303 1243 5354 καὶ
1287 5301 1377 5354 τὸν
1439 5303 1538 5371 μὲν
1595 5302 1728 5354 Θεὸν

152 5391 235 5444 διὰ
259 5393 451 5446 τούτου
478 5394 854 5464 δοξαζόμενον,
901 5394 1140 5455 ἐκείνους
1177 5393 1233 5445 δὲ
1264 5392 1610 5462 ἡττωμένους
1634 5393 1728 5445 καὶ

153 5484 286 5555 ἀσχη
295 5484 591 5554 μονοῦντας
601 5524 616 5539 .

222 5617 241 5649 ⁸
289 5597 702 5668 Ἐταρέιχθησαν
744 5597 940 5661 πάντες
960 5600 1008 5665 οἱ
1035 5598 1364 5669 θεωροῦντες
1392 5598 1606 5676 αὐτοὺς,
1635 5598 1729 5650 καὶ

154 5688 392 5760 ἐφοϐήθη
425 5690 532 5750 πᾶς
570 5687 868 5760 ἄνθρωπος.
901 5707 919 5739 ι
957 5689 1272 5743 Ἀκόλουθον
1304 5684 1392 5758 ἦν,
1421 5687 1529 5740 τῶν
1567 5689 1727 5757 δοκή-

157 5797 232 5840 σει
268 5779 450 5850 σοφῶν
485 5780 896 5850 ἀνατραπέντων
933 5781 1025 5833 καὶ
1074 5779 1179 5831 τῶν
1223 5778 1320 5849 τῆς
1345 5777 1525 5852 ψυχῆς
1564 5776 1721 5832 πολε-

1854 1933 1990 1988 Nam
2021 1935 2113 2005 qui
2145 1935 2280 1989 tales
2332 1944 2484 1998 sunt,
2521 1950 2648 1989 vere
2691 1934 2886 1988 animae
2919 1933 3298 1988 interfectores
3331 1934 3432 1989 hac

1854 2026 2088 2082 beantur
2120 2044 2132 2078 :
2168 2044 2339 2098 quare
2363 2028 2534 2082 Deum
2566 2034 2758 2081 contra
2784 2025 3099 2096 hnjusmodi
3124 2025 3311 2080 hostes
3334 2024 3433 2079 ad-

1846 2119 2087 2188 jutorem
2112 2121 2438 2194 invocabat;
2466 2135 2591 2174 cum
2617 2119 2851 2173 sensiles
2871 2118 3146 2182 inimicos,
3179 2117 3274 2188 qui
3299 2131 3432 2172 con-

1853 2217 1935 2263 tra
1965 2225 2197 2281 corpora
2234 2211 2403 2265 aciem
2427 2211 2723 2277 instrueut,
2753 2210 2908 2268 nihili
2942 2209 3166 2269 faceret.

1921 2390 2089 2447 Vens.
2110 2391 2166 2453 8,
2190 2393 2242 2446 9.
2257 2409 2273 2442 ι
2296 2390 2533 2446 Accedet
2551 2390 2717 2445 homo
2742 2389 2795 2443 in
2814 2389 2978 2444 corde
2995 2388 3194 2452 alto,et
3221 2385 3433 2442 exaltar-

1848 2485 1997 2544 bitur
2012 2483 2174 2538 Deus.
2199 2482 2420 2552 Sagittae
2433 2483 2805 2552 parvulorum,
2831 2500 2849 2532 ι
2868 2489 2970 2536 etc.
2987 2477 3432 2547 lnimieiquidem

1850 2576 2045 2630 anima:
2089 2576 2271 2630 verbis
2318 2590 2440 2630 sese
2471 2575 2722 2644 malignis
2765 2572 3314 2634 eiremmnunientes,
3348 2570 3434 2622 la-

1849 2685 2021 2740 queos
2051 2685 2183 2725 suos
2233 2669 2600 2732 occultantes,
2639 2667 2959 2736 iniquitates
2990 2669 3430 2734 perscrutantes,

1848 2763 2026 2832 iisque
2049 2761 2262 2831 gladios
2304 2774 2435 2814 suos
2469 2770 2821 2823 exaeuentes,
2859 2757 3168 2826 linguisque
3197 2753 3314 2831 suis
3346 2752 3434 2806 inv

1849 2854 2134 2908 tendentes
2170 2866 2356 2915 arcus,
2387 2851 2821 2912 immaculatum,
2857 2847 3159 2916 simplicem
3183 2852 3238 2899 et
3268 2845 3431 2898 iuno-

1847 2952 2060 2998 eentem
2093 2942 2457 3012 undequaque
2512 2940 2926 3012 perquircbant,
2960 2946 3018 2992 ut
3040 2939 3160 3007 ejus
3187 2937 3430 2997 animam

1847 3034 2242 3091 interficerent.
2273 3034 2341 3086 At
2366 3035 2516 3090 illum
2551 3033 2694 3087 Deus
2719 3032 2948 3101 eripiet;
2983 3029 3162 3099 angeli
3193 3042 3430 3096 namque

1847 3125 2172 3194 pusillorum
2208 3126 2263 3180 in
2300 3126 2543 3182 Ecclesia
2601 3139 2816 3195 semper
2846 3122 3032 3176 vident
3083 3119 3278 3177 faciem
3325 3117 3432 3172 Pa-

1848 3217 1948 3272 tris
1981 3218 2074 3287 qui
2105 3219 2158 3271 in
2185 3219 2340 3272 eoelis
2372 3226 2478 3272 est.
2498 3216 2733 3270 Aecedet
2751 3224 2929 3269 autem
2959 3215 3121 3268 homo
3152 3211 3431 3283 quispiam

1848 3309 1915 3362 ad
1950 3325 2065 3374 eos,
2102 3311 2184 3362 vir
2215 3324 2336 3362 vere
2385 3307 2683 3378 perfectus,
2716 3321 2953 3378 eumque
3007 3304 3190 3361 ferens
3218 3305 3312 3374 qui
3360 3303 3431 3363 ad.

1847 3400 2138 3470 imaginem
2173 3401 2265 3454 Dei
2300 3401 2477 3456 factus
2509 3415 2614 3467 est,
2643 3404 2734 3472 qui
2791 3403 2900 3455 alto
2930 3400 3098 3455 corde
3159 3400 3429 3462 munitus,

1846 3493 2251 3563 imperterritus
2290 3504 2481 3550 contra
2505 3512 2601 3552 eos
2657 3497 2830 3550 aciem
2875 3495 3132 3554 instruct,
3169 3493 3430 3562 ipsosque

1846 3599 2040 3638 omnes
2071 3584 2384 3654 dissipabit,
2413 3590 2483 3644 ita
2518 3593 2576 3640 ut
2626 3587 2746 3652 ejus
2772 3598 2935 3653 opera
2981 3580 3125 3639 Deus
3159 3581 3429 3635 exaltetur

1843 3681 1898 3726 et
1932 3675 2105 3744 gloria
2137 3674 2426 3739 aﬂiciatur,
2462 3690 2764 3743 eorumque
2809 3673 3052 3726 omnium
3096 3670 3310 3740 sagittae
3342 3670 3426 3723 in-

1844 3762 2016 3817 firmae
2062 3764 2381 3837 debilesque
2434 3763 2881 3833 comprobentur,
2918 3776 2981 3814 ac
3037 3759 3206 3828 plagae
3233 3770 3424 3812 eorum

1843 3869 1944 3922 pro
1968 3854 2186 3924 sagittis
2212 3853 2567 3924 parvulorum
2627 3861 2970 3922 reputentur,
2998 3859 3051 3906 et
3111 3850 3309 3919 linguae
3337 3864 3426 3904 eo-

1843 3961 1966 3999 rum
2002 3946 2056 3999 in
2082 3946 2217 4016 ipsis
2241 3946 2606 4001 infirmentur.
2655 3943 2977 4013 llujusmodi
3033 3942 3177 3996 enim
3209 3941 3297 3999 ille
3327 3939 3426 3993 hov-

1842 4056 1930 4093 mo
1964 4038 2054 4094 Dei
2079 4047 2184 4100 est,
2217 4036 2309 4106 qui
2333 4035 2496 4090 corde
2556 4035 2666 4088 alto
2700 4043 2894 4088 contra
2946 4042 3282 4092 memoratos
3328 4033 3424 4089 ho-

1840 4132 2017 4184 mines
2063 4130 2235 4183 aciem
2288 4127 2531 4190 instruit,
2569 4135 2625 4179 ut
2651 4127 2838 4200 plagas
2902 4127 3040 4195 ipse.
3075 4133 3128 4179 ct
3189 4125 3421 4194 sagittas

1841 4222 2272 4291 sopbismatibus
2302 4229 2522 4290 paratas
2546 4220 2814 4289 excipiat;
2876 4220 3153 4291 ipsasque,
3181 4225 3368 4290 utpote
3389 4233 3423 4273 a

1838 4315 2080 4383 parvulis
2111 4314 2344 4368 infirmis
2368 4312 2632 4374 emissas,‘
2655 4313 2881 4366 irrideat
2905 4326 2968 4365 ac
3001 4328 3097 4383 pro
3121 4311 3292 4364 nihilo
3315 4311 3417 4367 ha-

1839 4403 1983 4458 beat.
2015 4403 2130 4457 Sub
2161 4403 2276 4458 haec
2299 4414 2590 4475 postquam
2625 4418 2813 4458 eorum
2869 4402 3206 4471 snpliismata
3237 4400 3417 4454 solve-

1837 4495 1928 4556 rit,
1954 4495 2170 4564 linguas
2197 4504 2251 4549 et
2276 4510 2561 4550 sermones
2591 4509 2780 4548 eorum
2826 4493 3072 4547 infirmos
3093 4492 3419 4562 comprobae.

1839 4585 1938 4640 bit.
1965 4585 2074 4639 Cor
2109 4594 2289 4640 autem
2343 4586 2514 4639 altum
2562 4593 2666 4648 est,
2727 4582 2874 4654 quod
2929 4583 3248 4652 disciplinas
3305 4597 3418 4642 non

1834 4677 2014 4747 quoad
2047 4675 2390 4745 superficiem
2415 4685 2626 4730 tantum
2670 4677 2898 4737 obtinet,
2934 4690 3109 4743 neque
3156 4675 3209 4727 in
3242 4675 3420 4746 prela.

1836 4766 1956 4820 tilio
1983 4781 2238 4823 sermone
2268 4767 2576 4835 gloriatur;
2626 4765 2718 4820 sed
2751 4764 2897 4834 quod
2952 4763 3098 4816 intus
3127 4764 3249 4817 fidei
3285 4763 3414 4817 fune

1835 4857 2092 4915 duntenla
2126 4857 2371 4911 radicata
2403 4857 2586 4912 habet.
2621 4855 3036 4923 Consequenter
3069 4855 3235 4924 igitur
3257 4865 3412 4928 post-

1835 4965 1996 5020 quam
2033 4950 2389 5004 rationabiles
2419 4949 2685 5017 quosdam
2734 4947 2988 5002 inimicos
3023 4947 3260 5017 linguam
3285 4961 3415 4999 exa-.

1833 5048 2079 5102 euentes,
2107 5050 2161 5095 et
2180 5041 2336 5096 labiis
2354 5041 2459 5094 tela
2483 5040 2760 5093 vibrantes
2791 5037 3104 5100 induxerat,
3136 5036 3410 5094 hominem

1835 5133 1928 5188 Dei
1964 5134 2074 5188 alto
2107 5136 2273 5188 corde
2305 5134 2633 5188 instructum
2671 5132 2807 5202 ipsis
2834 5133 3098 5202 opponit,
3131 5129 3411 5200 Deumque

1832 5224 1951 5291 ejus
1975 5239 2141 5293 opera
2165 5223 2338 5292 gloria
2389 5221 2750 5285 celebratum,
2793 5222 3024 5292 illosque
3074 5221 3317 5293 abjectos
3345 5235 3410 5279 ac

1833 5306 2064 5382 turpiter
2092 5321 2311 5382 agentes
2337 5311 2508 5368 effert.

1917 5589 2068 5644 (sas.
2101 5589 2186 5640 lO.
2232 5606 2249 5638 ι
2287 5587 2608 5641 Conturbati
2633 5598 2762 5642 sunt
2795 5603 2986 5642 omnes
3018 5588 3110 5658 qui
3150 5586 3407 5676 videbant
3455 5572 3464 5588 ’

1829 5698 1944 5747 eos,
1979 5692 2033 5738 et
2063 5683 2245 5736 timuit
2286 5683 2470 5737 omnis
2515 5683 2700 5736 homo.
2734 5702 2752 5735 ι
2787 5681 3231 5738 Consentaneum
3261 5689 3404 5745 erat,

1829 5774 2034 5832 eversis
2086 5773 2153 5827 iis
2199 5773 2291 5848 qui
2339 5772 2441 5827 sibi
2492 5772 2769 5847 sapientes
2821 5773 3167 5838 videbantur,
3213 5769 3398 5832 inimiv
