3808 6280
227 342 324 397 625

1336 348 1843 405 COMMENTARIA
1884 350 1950 405 IN
1990 350 2328 407 PSALMOS.

3362 363 3466 417 625

225 456 427 509 πάντων
457 471 564 505 των
598 455 845 524 περάτων
875 458 968 527 τῆς
1008 460 1111 528 γῆς
1162 461 1255 512 καὶ
1291 460 1397 512 τῶν
1445 463 1504 513 ἐν
1542 462 1780 535 θαλάσσῃ

1890 471 1943 518 ct
1977 480 2166 518 eorum
2220 467 2309 535 qui
2348 466 2400 517 in
2449 467 2584 519 mari
2618 475 2747 522 sunt
2777 468 2935 540 longe
2971 489 2983 525 :
3026 492 3044 524 ι
3076 473 3185 529 imo
3224 479 3465 545 apertius

225 545 453 617 μακράν·
496 564 514 595 ι
559 546 648 598 καὶ
683 546 761 597 ἔτι
807 548 1137 620 σαφέστερον
1182 552 1424 620 ἐπιλέγει
1450 572 1461 582 ·
1504 572 1521 604 ι
1560 556 1667 610 Καὶ
1695 573 1787 624 φο-

220 637 531 708 ϐηθήσονται
577 639 624 689 ot
668 639 1046 703 κατοικοῦντες
1069 642 1137 696 τά
1171 643 1381 713 πέρατα
1422 645 1528 697 ἀπὸ
1557 646 1664 698 τῶν
1688 664 1784 717 ση-

221 729 376 797 μείων
416 743 529 778 σου.
572 745 588 776 ι
620 727 692 779 Τὸ
732 727 843 798 γὰρ
873 730 1176 800 φοϐηθῆναι
1206 734 1413 797 πάντας
1446 737 1571 798 τοὺς
1602 754 1787 791 κατοι-

218 814 430 878 κοῦντας
465 815 533 867 τά
556 815 765 886 πέρατα
784 818 891 870 ἀπὸ
931 819 1037 873 τῶν
1068 822 1309 891 σημείων
1349 823 1442 877 τοῦ
1471 824 1605 877 Θεοῦ
1648 826 1784 895 ἁγα-

216 906 312 957 θῶν
340 902 404 976 ἦν
438 909 531 959 καὶ
560 908 753 977 σοφίας
776 911 915 981 ἀρχή
939 929 950 939 ·
984 913 1215 982 ἐπείπερ
1251 933 1269 965 ι
1304 915 1446 985 ἀρχὴ
1472 918 1664 985 σοφίας
1690 918 1783 987 φό-

214 998 298 1062 ϐος
328 1000 548 1071 Κυρίου.
592 1020 609 1051 ι
645 1002 744 1055 Διὰ
769 1004 834 1074 δὴ
865 1004 1033 1058 ταῦτα
1065 1026 1081 1058 ι
1110 1008 1204 1071 Εἰς
1241 1010 1301 1061 τὸ
1330 1009 1482 1073 τέλος
1520 1030 1539 1063 ι
1582 1015 1781 1085 προγέέ-

213 1108 437 1162 γραπται
458 1094 486 1144 6
517 1092 730 1163 ψαλμός
752 1112 765 1126 ο
801 1097 896 1148 καὶ
924 1097 1068 1150 ἔστιν
1087 1099 1235 1168 ᾠδῆς
1259 1101 1491 1172 ψαλμδς,
1519 1106 1779 1159 ἐπινίκιον

212 1180 365 1250 ὕμνον
391 1183 469 1245 εἰς
504 1185 595 1237 τὸν
628 1186 855 1256 Σωτῆρα
879 1186 986 1239 τῶν
1010 1188 1181 1242 ἐθνῶν
1211 1192 1501 1261 περιέχων.
1555 1195 1670 1264 Ἐφ’
1698 1192 1779 1259 οἷς

212 1271 265 1323 τὸ
294 1272 510 1343 Πνεῦμα
553 1276 614 1327 τὸ
667 1277 823 1343 ἆγιον
874 1280 965 1331 τὸν
1016 1280 1107 1332 ἐπὶ
1136 1282 1352 1337 πάντων
1391 1284 1523 1337 Θεὸν
1552 1286 1779 1357 ἀνυμνεϊ

212 1361 430 1427 φάσκον·
472 1382 491 1415 ι
511 1365 603 1418 Σοὶ
629 1366 826 1437 πρέπει
855 1367 1042 1439 ὕμνος,
1076 1374 1111 1424 6
1132 1372 1284 1437 Θεὸς,
1322 1377 1381 1427 ἐν
1415 1377 1573 1432 Σιών.
1591 1397 1617 1429 »η
1644 1379 1777 1433 Τίνα

208 1452 306 1521 γὰρ
337 1454 500 1542 ἐχρῆν
524 1456 682 1510 ἄλλον
709 1459 802 1510 ἐπὶ
833 1463 897 1531 τῇ
927 1462 1143 1516 πάντων
1183 1465 1483 1537 ἀνθρώπων
1534 1470 1776 1542 σωτηρίᾳ

1889 553 2172 625 subjungit
2206 570 2218 607 :
2267 575 2283 606 ι
2320 556 2386 609 Ει
2421 556 2692 610 timebunt
2721 559 2813 627 qui
2865 559 3114 617 habitant
3143 568 3404 623 terminos
3435 586 3463 623 a

1888 646 2058 715 signis
2080 646 2212 701 tuis.
2259 666 2275 698 ι
2308 648 2448 700 Nam
2474 648 2619 716 quod
2648 664 2841 705 omnes
2869 652 2960 720 qui
3001 654 3319 713 habitabant
3353 667 3466 715 ter-

1886 738 2066 793 minos
2096 745 2255 793 terraa
2276 738 2532 793 timerent
2590 754 2618 791 a
2661 740 2836 809 signis
2865 741 2982 807 Dei,
3029 745 3081 800 id
3112 748 3379 804 bonorum
3409 759 3463 806 et

1883 829 2394 897 sapicntiaeinitium
2412 839 2530 885 erat
2557 831 2861 900 :siquidem
2889 852 2907 884 ι
2938 835 3154 892 initium
3183 843 3463 912 sapientiae

1886 920 2050 975 timor
2076 919 2292 975 Domini
2319 922 2383 977 “.
2417 941 2435 974 ›
2467 922 2565 977 llis
2609 922 2675 978 de
2724 924 2911 980 causis
2940 944 2959 977 ι
2989 925 3048 982 ln
3081 930 3238 986 finem
3268 953 3285 983 ο
3317 936 3460 1004 psal-

1883 1028 2006 1067 mus
2034 1013 2363 1069 inscribitur
2388 1031 2399 1066 :
2427 1024 2620 1087 estque
2642 1017 2886 1087 psalmus
2913 1022 3135 1087 cantici,
3166 1026 3463 1097 triumpha-

1882 1105 1986 1158 lem
2002 1106 2264 1177 hymnum
2286 1108 2338 1161 in
2360 1106 2707 1167 Servatorem
2725 1113 2969 1182 gentium
2990 1116 3377 1185 complectens.
3398 1118 3462 1173 Et

1881 1195 1951 1249 ob
1968 1211 2086 1250 eam
2112 1211 2225 1250 rem
2252 1196 2491 1267 Spiritus
2507 1209 2734 1257 sanctus
2754 1202 2945 1269 Deum,
2976 1206 3067 1276 qui
3099 1222 3262 1277 supra
3277 1212 3461 1264 omnia

1880 1292 1965 1340 est
1986 1325 2001 1349 ,
2035 1288 2279 1343 celebrat
2312 1289 2505 1346 dicens
2535 1311 2547 1346 :
2592 1312 2608 1343 ι
2632 1291 2709 1348 Te
2742 1294 2898 1350 decet
2928 1296 3365 1368 hymnus,Deus,
3406 1302 3461 1355 in

1881 1375 2033 1431 Sion.
2063 1396 2081 1428 ι
2104 1378 2276 1443 Quem
2296 1381 2441 1435 enim
2458 1383 2623 1437 alium
2646 1400 2744 1453 pro
2764 1387 3006 1442 omnium
3023 1389 3304 1444 hominum
3322 1393 3463 1447 salu-

1877 1474 1931 1521 te
1943 1467 2209 1522 celebrari
2225 1472 2489 1540 oportuit,
2505 1474 2610 1531 nisi
2630 1477 2811 1531 omnis
2827 1477 2952 1531 boni
2972 1482 3463 1537 auetorem?Docet

208 1540 473 1629 ὑμνεῖσθαι
527 1546 685 1615 ῆκτδν
728 1551 929 1614 παντὸς
953 1551 1125 1606 αἴτιον
1153 1555 1393 1623 ἀγαθοῦ;
1426 1540 1693 1613 Διδάσκει
1718 1540 1774 1615 δὲ

1877 1566 2056 1612 autem
2077 1559 2217 1615 idem
2236 1550 2479 1632 Spiritus
2494 1579 2587 1620 eos
2602 1565 2692 1635 qui
2709 1582 2772 1621 ex
2800 1569 3052 1638 gentibus
3068 1572 3332 1628 accedunt
3358 1575 3459 1631 soli

206 1632 258 1682 τὸ
282 1634 405 1686 αὐτὸ
438 1637 667 1707 Πνεῦμα
717 1642 844 1704 τοὺς
882 1644 1205 1711 προσιόντας
1235 1644 1294 1711 ἐξ
1325 1648 1493 1701 ἐθνῶν
1524 1651 1669 1722 μόνῳ
1696 1653 1774 1723 τῷ

1876 1647 1985 1704 Deo
1998 1649 2176 1704 dicere
2188 1650 2385 1708 debere
2403 1673 2443 1707 ει
2458 1654 2531 1709 Te
2545 1632 2699 1712 decet
2714 1632 2966 1728 hymnus,
2983 1663 3165 1732 »ψιοεί
3178 1679 3297 1719 sese
3309 1666 3461 1719 dam-

204 1721 310 1792 Θεῷ
336 1723 544 1792 λέγειν’
589 1746 606 1778 ι
646 1729 737 1782 Σοὶ
773 1732 970 1801 πρέπει
1008 1734 1173 1805 ὕμνος
1196 1754 1210 1767 ο
1252 1757 1269 1787 ι
1295 1738 1368 1802 ὡς
1398 1740 1462 1793 ἂν
1496 1721 1771 1811 κατεγνωξ

1879 1747 2095 1804 nantes,
2130 1741 2278 1811 quod
2301 1745 2602 1800 multorum
2671 1750 2961 1804 numinum
2994 1755 3169 1807 errori
3197 1755 3459 1809 indecen-

204 1813 351 1874 κότας
370 1817 604 1881 ἑαυτῶν,
637 1821 724 1873 ὅτε
772 1822 845 1893 μὴ
877 1826 1186 1894 πρέποντας
1217 1830 1420 1901 ὕμνους
1456 1834 1773 1907 ἀνέπεμπον

1879 1838 1961 1884 ιε(-
1992 1831 2224 1901 hymnos
2251 1835 2585 1891 emisissent.
2621 1837 2784 1891 Deum
2813 1850 2990 1895 autem
3023 1840 3261 1913 hymnus
3282 1844 3457 1909 decet,

203 1906 259 1972 τῇ
292 1906 532 1979 πλυθέῳ
562 1911 762 1983 πλάνῃ.
792 1915 1000 1985 Πρέπει
1028 1917 1083 1971 δέ
1122 1918 1290 1990 ὕμνος
1314 1922 1391 1992 τῷ
1412 1923 1531 1994 Θεῷ
1559 1928 1618 1978 οὐ
1644 1930 1771 1991 πᾶς,

1878 1936 1985 1976 non
2008 1924 2211 1993 quivis,
2242 1926 2337 1980 sed
2362 1929 2455 1995 qui
2475 1929 2526 1980 in
2552 1926 2705 1992 Sion,
2740 1930 2990 1984 videlicet
3012 1906 3105 2002 qui
3141 1934 3195 1986 in
3215 1906 3457 1988 Ecclesia

200 1993 303 2045 ἀλλ’
330 1996 357 2046 6
378 1998 435 2049 ἐν
473 1999 617 2053 Σιὼν
660 2002 1141 2076 ἀναπεμπόμενος,
1181 2009 1383 2082 δηλαδὴ
1412 2014 1439 2064 6
1465 2015 1523 2066 ἐν
1550 2018 1614 2087 τῇ
1652 2018 1774 2071 Ἐκ-

1875 2012 1996 2081 ejus
2048 2015 2336 2069 emittitur.
2378 2015 2512 2069 Nam
2544 2034 2671 2073 vera
2732 2018 2863 2073 Sion
2898 2028 2985 2075 est
3033 2024 3272 2077 caelestis
3301 2022 3459 2078 Jeru-

201 2082 380 2176 κλησίᾳ
408 2088 601 2143 αὑτοῦ.
630 2092 769 2146 Σιὼν
810 2096 908 2164 μὲν
936 2098 1046 2167 γάρ
1084 2098 1234 2153 ἐστιν
1271 2101 1497 2176 ἀληθινὴ
1538 2082 1771 2176 ἡ-ἐπου-

205 2175 369 2242 ράνιος
403 2179 464 2230 ’ῐε
475 2183 777 2254 ρουσαλὴμ,
805 2187 897 2238 καὶ
925 2188 982 2239 τὸ
998 2188 1318 2259 ἐπουράνιον
1340 2192 1464 2263 ὅρος
1491 2175 1585 2249 τοῦ
1600 2197 1735 2251 Θεοῦ
1754 2216 1767 2229 ·

202 2267 315 2335 περὶ
346 2262 404 2322 οὕ
435 2270 707 2326 διδάσκων
750 2277 779 2327 6
820 2277 1141 2345 Ἀπόστολος
1161 2283 1312 2352 ἔλεγε
1336 2302 1348 2315 ο
1378 2262 1406 2335 ν(
1435 2287 1773 2359 Προσεληλύ-

198 2355 316 2409 θατε
338 2359 472 2411 Σιὼν
500 2361 641 2432 ὄρει,
685 2366 778 2417 καὶ
812 2367 962 2421 πόλει
991 2370 1124 2424 Θεοῦ
1159 2374 1378 2439 ζῶντος,
1424 2355 1773 2452 Ἰερουσαλὴμ

200 2446 508 2538 έπουρανίῳ,
571 2454 665 2506 καὶ
708 2457 965 2527 μυριάσιν
1018 2462 1270 2529 ἀγγέλων
1316 2446 1640 2538 πανηγύρει,
1677 2446 1771 2523 κᾶι

211 2536 487 2613 Ἐκκλησία
552 2548 912 2615 πρωτοτόκων
960 2536 1471 2627 ἀπογεγραμμένων
1512 2536 1569 2613 ἐν
1606 2564 1772 2633 ούρασ-

199 2629 297 2721 νοῐς
318 2645 331 2659 ·
372 2650 389 2680 ι
417 2634 513 2685 καὶ
576 2637 767 2690 πάλιψ
798 2658 816 2689 ί
873 2642 934 2693 Ἦ
993 2641 1049 2694 δὲ
1078 2644 1190 2698 ἄνω
1235 2649 1587 2721 Ἰερουσαλὴμ
1616 2629 1771 2706 ἐλευ-

199 2715 319 2813 θέρα
354 2722 526 2813 ἐστὶν,
571 2726 693 2793 ἥτις
733 2728 851 2780 ἐστὶ
886 2732 1070 2803 μήτηρ
1096 2736 1274 2804 ἡμῶν.
1308 2715 1338 2786 -›
1404 2715 1559 2810 Αὕτη·
1585 2740 1651 2793 ἂν
1684 2743 1767 2813 εἴη

197 2808 452 2901 ηάληθὴς
494 2815 883 2901 ΔἸερουσαλὴμ,
919 2823 1012 2875 καὶ
1064 2827 1097 2895 ή
1144 2827 1346 2897 κυρίως
1395 2808 1773 2901 ἀναδειχθεῖσα

200 2898 341 2993 ξιιῦν,
367 2903 451 2971 ἐφ’
485 2899 558 2975 ἦς
589 2908 682 2960 καὶ
731 2908 1037 2978 βασιλεύειν
1089 2916 1336 2971 λέλεκται
1379 2923 1407 2973 6
1455 2898 1645 2993 Σωτῆρ
1678 2925 1771 2976 καὶ

196 2989 381 3060 Κύριος
422 2996 606 3065 ἡμῶν,
645 2997 837 3071 ῶσπερ
887 2998 980 3056 οὖν
1013 3005 1252 3061 διδάσκει
1294 3008 1469 3078 λέγων
1497 2989 1656 3075 αὑτδς
1711 3014 1769 3065 ἐν

195 3078 235 3129 δ’
262 3081 452 3154 ψαλμῷ
474 3103 487 3117 ’
525 3106 543 3138 ι
590 3089 730 3156 Ἐγὼ
765 3091 820 3144 δέ
844 3097 1187 3168 κατεστάθην
1227 3098 1481 3168 βασιλεὺς
1508 3102 1601 3155 ἐπὶ
1630 3102 1768 3156 Σιὼν

193 3168 305 3239 ὅρος
316 3173 371 3225 τὸ
405 3176 562 3244 ἂγιον
590 3180 774 3234 αὐτοῦ.
790 3200 808 3231 ι
830 3183 893 3236 Ἡ
920 3185 1057 3256 αὕτη
1075 3187 1119 3240 δ’
1147 3188 1212 3241 ἂν
1234 3192 1316 3261 εἴη
1337 3194 1369 3261 ἠ
1390 3193 1770 3260 καταγγελλο-

197 3264 333 3335 μένη,
373 3272 486 3332 τοῖς
514 3270 579 3322 τὸ
631 3272 959 3342 Εὐαγγέλιον
1006 3280 1471 3351 παραδεχομένοις
1525 3285 1768 3354 βασιλεία

192 3354 435 3444 οὐρανῶν.
496 3362 678 3417 Εῐκὼν
739 3365 781 3416 δ’
832 3368 1047 3440 ἐκείνης
1097 3372 1130 3440 ἡ
1180 3373 1273 3425 ἐπὶ
1308 3375 1409 3444 γῆς
1456 3376 1651 3443 γένοιτ’
1702 3378 1768 3431 ἂν

203 3442 480 3517 Ἐκκλησία
502 3467 514 3479 ·
549 3452 855 3523 ὁμωνύμως
886 3458 979 3509 καὶ
1011 3459 1148 3530 αὕτη
1176 3442 1483 3532 καλουμένη
1514 3466 1641 3517 ποτέ
1670 3466 1765 3535 μὲν

192 3535 350 3627 Σιῲν,
403 3541 537 3592 ποτέ
584 3541 641 3594 δὲ
698 3544 1090 3617 Ἰερουσαλὴμ,
1150 3553 1246 3603 καὶ
1289 3552 1474 3605 ἄλλοτε
1522 3553 1765 3627 Θυγάτηρ

191 3625 333 3691 Σιὼν,
379 3629 410 3698 ἢ
458 3630 708 3703 Θυγάτηρ
749 3634 1122 3710 Ἰερουσαλήμ.
1163 3642 1319 3695 Οὕτω
1351 3644 1480 3712 γοῦν
1510 3647 1679 3717 αὐτὴν
1715 3625 1763 3699 οἱ

192 3718 448 3787 προφῆται
514 3722 865 3790 θεσπίξοντες
910 3729 1259 3801 ἀνηγόρευον.
1306 3735 1365 3786 ’0
1392 3735 1572 3788 τοίνυν
1595 3736 1765 3806 ὕμνος

190 3808 215 3858 6
239 3810 292 3862 ὲν
322 3814 385 3883 τῇ
422 3812 585 3877 Σιὼν,
628 3817 746 3886 1ἢτοι
796 3821 859 3889 τῇ
904 3821 1230 3892 ἐπουρανίῳ,
1263 3824 1294 3895 ἢ
1323 3828 1417 3878 καὶ
1445 3830 1508 3897 τῇ
1537 3828 1629 3882 ἐπὶ
1659 3830 1764 3900 γῆς

202 3899 487 3979 Ἐκκλησία
514 3905 610 3958 τοῦ
645 3908 779 3961 Θεοῦ
838 3911 1116 3981 ᾁδόμενος,
1156 3915 1354 3985 πρέποι
1385 3916 1450 3969 ἂν
1488 3920 1647 3988 μόνος

193 3990 503 4066 ὑμνουμένῳ
522 3996 660 4067 Θεῷ.
684 4000 840 4055 Πᾶσα
864 4002 920 4055 δὲ
946 4006 977 4073 ἡ
1003 4004 1159 4067 ἐκτὸς
1179 4006 1276 4076 τῆς
1321 4008 1645 4078 Ἐκκλησίας
1668 3990 1762 4064 τοῦ

189 4083 311 4139 Θεοῦ
362 4086 628 4164 λεγομένη
695 4093 962 4164 θεολογία,
1015 4098 1122 4150 εἴτε
1157 4099 1307 4168 παρὰ
1346 4103 1457 4163 τοῖς
1499 4101 1763 4173 Ἑλλήνων

191 4182 377 4247 σοφοῖς,
430 4184 539 4235 εἴτε
574 4183 723 4254 παρὰ
763 4189 875 4250 τοῖς
906 4187 1085 4252 ἀθέοις
1129 4190 1474 4260 ἐτεροδόξοις,
1508 4193 1762 4264 ἀπρεπὴς

191 4266 249 4320 ἂν
288 4269 389 4341 εἴη.
454 4273 576 4326 Τῶν
626 4274 737 4345 γὰρ
789 4280 919 4351 παρ’
954 4279 1177 4351 Ἕλλησι
1237 4282 1416 4350 σοφῶν
1450 4285 1499 4335 οἱ
1539 4285 1637 4353 μὲν
1681 4286 1759 4347 εἰς

190 4357 440 4434 ἀθεότητα
479 4365 719 4434 παντελῆ
755 4367 1276 4433 καταπεπτώκασιν,
1303 4373 1351 4423 οἱ
1384 4372 1441 4424 δέ
1474 4373 1573 4443 τὴν
1599 4372 1760 4426 πολύ-

1875 2103 2068 2168 salem,
2122 2114 2177 2160 et
2234 2107 2480 2163 caelestis
2534 2124 2694 2163 mons
2731 2108 2868 2163 Dei:
2933 2111 3000 2165 de
3031 2128 3139 2181 quo
3165 2114 3458 2182 Apostolus

1875 2191 1991 2246 hmc
2027 2192 2221 2247 docuit
2256 2214 2267 2249 :
2307 2214 2325 2246 ι
2364 2194 2698 2251 Accessistis
2725 2197 2792 2250 ad
2843 2193 2974 2253 Sion
3005 2212 3263 2266 montem,
3303 2210 3358 2257 et
3378 2203 3458 2256 ci-

1872 2282 2093 2338 vitatem
2118 2283 2215 2339 Dei
2238 2286 2497 2351 viventis,
2546 2286 2851 2343 Jerusalem
2901 2290 3202 2354 caelestem,
3238 2301 3291 2346 et
3316 2294 3458 2346 mul-

1872 2380 2051 2428 torum
2092 2376 2323 2433 millium
2377 2380 2694 2449 angelorum
2749 2377 3134 2448 frequentiam,
3168 2391 3222 2437 et
3273 2382 3458 2439 Eccle-

1873 2463 2008 2518 siam
2041 2468 2464 2536 primitivorum,
2494 2472 2586 2541 qui
2621 2472 2920 2541 conscripti
2937 2481 3063 2526 sunt
3090 2473 3143 2526 in
3172 2474 3452 2540 cmlis“;i

1872 2569 1936 2610 ac
1966 2573 2220 2613 rursum:
2261 2581 2278 2611 ι
2316 2563 2410 2617 Illa
2457 2573 2639 2619 autem
2675 2582 2797 2634 quae
2831 2582 3051 2622 sursum
3101 2575 3185 2621 est
3232 2566 3457 2622 Jerusa-

1872 2646 1997 2713 lem,
2033 2648 2204 2703 libera
2260 2658 2365 2715 est,
2413 2668 2535 2721 qua:
2589 2660 2673 2707 est
2722 2662 2899 2709 mater
2950 2665 3136 2709 nostra
3178 2658 3240 2707 “.
3273 2674 3292 2707 θ
3326 2654 3456 2709 Haec

1872 2754 2005 2794 sane
2031 2739 2194 2795 fuerit
2232 2758 2361 2796 vera
2393 2743 2719 2811 Jerusalem,
2777 2756 2831 2802 et
2896 2764 3017 2818 qua;
3048 2750 3266 2819 proprie
3323 2749 3453 2804 Sion

1871 2830 2232 2898 comprobata
2254 2840 2358 2893 est,
2398 2835 2451 2886 in
2479 2849 2583 2903 qua
2614 2850 2845 2905 regnare
2880 2837 3083 2891 dicitur
3119 2836 3373 2892 Salvator
3400 2846 3455 2893 et

1871 2920 2135 2977 Dominus
2168 2933 2377 2989 noster,
2409 2933 2467 2977 ut
2499 2926 2616 2994 ipse
2636 2926 2798 2981 docet
2831 2927 2886 2981 in
2928 2928 3173 2984 secundo
3205 2931 3448 2998 psalmo:

1877 3012 2045 3083 «Ego
2106 3021 2289 3067 autem
2356 3016 2695 3071 constitutus
2765 3034 2887 3073 sum
2950 3034 3042 3072 rex
3105 3037 3269 3090 super
3318 3020 3451 3076 Sion

1872 3113 2109 3158 montem
2138 3112 2390 3159 sanctum
2418 3105 2541 3174 ejus
2584 3108 2649 3160 “.
2694 3127 2713 3158 ι
2749 3106 2806 3163 Id
2863 3109 3041 3179 ipsum
3073 3119 3255 3165 autem
3288 3111 3452 3166 fuerit

1872 3210 2101 3264 regnum
2131 3195 2422 3259 cmlorum,
2449 3197 2595 3265 quod
2649 3198 3050 3267 accipientibus
3094 3199 3445 3268 Evangelium

1870 3286 2250 3340 annuntiatur.
2284 3287 2468 3357 Imago
2490 3289 2835 3344 autemillius
2864 3288 3030 3344 fuerit
3052 3289 3297 3346 Ecclesia
3332 3308 3452 3362 quae

1870 3381 1924 3431 in
1960 3386 2106 3431 terra
2138 3383 2223 3441 est
2261 3392 2274 3427 :
2310 3391 2430 3446 quae
2466 3378 2584 3446 pari
2614 3378 2838 3432 nomine
2882 3378 3046 3433 modo
3080 3376 3235 3443 Sion,
3286 3378 3449 3435 modo

1867 3469 2195 3532 Jerusalem,
2232 3468 2529 3537 aliquando
2563 3468 2673 3522 ﬁlia
2708 3467 2864 3531 Sion,
2894 3469 3188 3539 aliquando
3220 3469 3329 3523 ﬁlia
3363 3468 3450 3525 Je-

1869 3561 2109 3616 rusalem
2132 3560 2425 3613 vocitatur.
2467 3558 2562 3613 Sic
2586 3561 2769 3631 itaque
2801 3561 2948 3614 illam
2988 3560 3265 3630 propheta:
3298 3560 3452 3614 vati—

1866 3653 2116 3706 cinantes
2159 3650 2526 3719 appellabant.
2559 3650 2807 3720 Hymnus
2856 3651 3020 3720 igitur
3069 3652 3161 3719 qui
3202 3652 3256 3703 in
3291 3649 3447 3715 Sion,

1865 3742 1960 3796 illa
1997 3741 2207 3795 scilicet
2253 3742 2487 3803 ctelesti,
2539 3740 2654 3793 sive
2700 3739 2753 3791 in
2796 3738 3042 3792 Ecclesia
3076 3736 3171 3791 Dei
3221 3753 3342 3807 quae
3390 3738 3447 3792 in

1868 3838 2013 3884 terra
2036 3839 2140 3894 est,
2170 3830 2410 3893 canitur,
2445 3829 2596 3883 solus
2622 3816 2955 3879 celebrando
2997 3824 3105 3879 Deo
3135 3825 3442 3880 conveniat.

1869 3919 2059 3974 Omnis
2077 3934 2208 3973 vero
2260 3935 2385 3988 qua:
2417 3927 2572 3973 extra
2595 3916 2897 3970 Ecclesium
2939 3914 3032 3969 Dei
3057 3915 3329 3984 theologia
3359 3915 3445 3968 di-

1866 4009 2030 4073 citur,
2082 4007 2197 4062 sive
2252 4006 2397 4076 apud
2441 4004 2756 4060 Graecorum
2789 4003 3088 4072 sapientes,
3139 4004 3255 4059 sive
3303 4004 3443 4072 apud

1867 4098 2064 4168 impios
2110 4098 2473 4152 heterodoxos
2508 4136 2522 4161 ,
2578 4095 2838 4150 indecens
2886 4095 2991 4149 dici
3054 4095 3250 4163 possit.
3308 4092 3445 4147 Nam

1866 4189 2040 4244 Graeci
2078 4191 2379 4259 sapientes,
2400 4189 2494 4241 alii
2518 4188 2573 4241 in
2603 4187 2811 4241 nullius
2846 4185 2943 4241 Dei
2972 4189 3179 4240 cultum
3227 4186 3446 4257 penitus

1864 4280 2003 4350 lapsi
2038 4287 2195 4346 sunt;
2234 4280 2324 4334 alii
2354 4281 2654 4333 multorum
2706 4277 2996 4331 numinum
3029 4292 3271 4333 errorem
3301 4278 3447 4331 cele-

1863 4368 2113 4422 brarunt.
2150 4366 2302 4435 lmpii
2330 4374 2511 4421 autem
2544 4366 2786 4420 haeretici
2813 4405 2828 4431 ,
2862 4366 2952 4420 alii
2977 4366 3213 4436 plurima
3230 4374 3283 4419 et
3312 4383 3445 4420 con-

190 4448 297 4503 θεον
347 4453 556 4525 πλάνην
598 4456 917 4527 ἐσέμνυναν.
956 4460 1077 4512 Τῶν
1109 4460 1165 4513 δέ
1199 4461 1373 4516 ἀθέων
1418 4465 1755 4535 αἱρεσιωτῶν

1873 4457 2035 4511 traria
2068 4456 2336 4527 principia
2365 4455 2811 4522 constituerunt;
2843 4456 2935 4509 alii
2966 4455 3147 4525 pravis
3176 4443 3443 4524 malisque

188 4540 232 4592 oi
254 4541 346 4611 μὲν
380 4544 636 4608 πλείστας
670 4548 762 4600 καὶ
788 4550 1036 4613 ἐναντίας
1064 4551 1237 4621 ἀρχὰς
1269 4554 1663 4624 ὑπεστήσαντο,
1707 4557 1755 4608 cl

1873 4546 2165 4601 virtutibus
2227 4547 2473 4602 universi
2520 4546 3050 4607 administrationem
3114 4546 3440 4615 ascripsere.

187 4631 237 4685 δὲ
262 4641 520 4708 πονηραῖς
554 4640 649 4691 καὶ
694 4639 926 4708 φαύλαις
957 4640 1220 4712 δυνάμεσι
1267 4643 1365 4714 τὴν
1410 4645 1503 4697 τοῦ
1556 4646 1756 4710 παντὸς

188 4722 434 4797 διοίκησιν
455 4730 885 4785 ἀνατεθείκασιν.
910 4733 1048 4802 Ἤδη
1074 4734 1129 4786 δὲ
1160 4736 1253 4787 καὶ
1274 4735 1451 4789 αὐτῶν
1488 4737 1756 4815 Ἰουδαίων

190 4815 382 4881 παῖδες,
418 4820 885 4892 ἀνθρωπόμορφον
921 4824 1012 4875 καὶ
1041 4823 1446 4896 ἀνθρωποπαθῆ
1476 4826 1567 4880 τὺν
1600 4827 1753 4892 Θεὸν,

187 4904 255 4974 τῷ
288 4909 358 4979 μὴ
386 4914 524 4964 νοεῖν
559 4912 659 4975 τὰς
684 4912 928 4983 Γραφὰς,
964 4914 1273 4984 εἰσάγοντες
1300 4934 1313 4947 ·
1350 4917 1484 4971 ἀλλά
1515 4918 1607 4970 καὶ
1658 4936 1759 4988 μυ-

192 4994 272 5063 ρία
294 4996 491 5053 ἐκτοπα
511 5003 605 5055 καὶ
634 5003 863 5055 ταπεινὰ
904 5003 1344 5073 μυθολογοῦντες,
1376 5006 1590 5079 μακρὰν
1624 5008 1759 5060 ἁπο-

189 5087 491 5143 πεπτώκασι
534 5091 628 5145 τοῦ
668 5094 970 5164 πρέποντος
1004 5094 1192 5164 ὕμνου.
1229 5095 1397 5149 Μόνοι
1425 5096 1549 5151 δὲοὶ
1583 5099 1641 5150 ἐν
1688 5100 1753 5169 τῇ

200 5175 479 5253 Ἐκκλησία
506 5185 599 5237 τοῦ
633 5184 769 5238 Θεοῦ
804 5187 893 5239 τὸν
924 5187 1204 5257 πρέποντα
1231 5186 1398 5258 ὕμνον
1434 5190 1564 5260 παρ’
1590 5190 1753 5243 αὑτοῦ

187 5263 538 5341 δεδιδαγμένοι
584 5274 678 5327 τοῦ
712 5276 965 5347 Σωτῆρος
998 5278 1248 5346 ἐπαξίως.
1268 5279 1357 5332 τὸν
1384 5280 1602 5351 Πατέρα
1639 5280 1756 5334 θεο-

188 5355 417 5425 λογοῦσιν
438 5381 449 5393 ·
479 5365 506 5417 ὅ
531 5365 594 5436 δὴ
616 5368 911 5439 παρίστησι
928 5368 1015 5421 διὰ
1041 5369 1139 5438 τῆς
1165 5368 1300 5440 μετὰ
1322 5372 1510 5441 χεῖρας
1532 5373 1754 5439 φάσκων

189 5448 335 5521 ὠῆς·
368 5474 383 5504 ι
414 5456 501 5508 Σοὶ
526 5457 723 5527 πρέπει
752 5461 936 5531 ὕμνος,
972 5464 999 5515 6
1030 5462 1182 5524 Θεὸς,
1213 5464 1270 5514 ἐν
1304 5461 1461 5514 Σιών.
1502 5480 1519 5513 ι
1564 5463 1757 5534 Ἀπρε-

192 5536 288 5609 τῆς
310 5540 363 5593 δὲ
386 5543 554 5613 ὕμνος
579 5546 791 5619 λεχθείη
820 5548 885 5603 ἂν
905 5550 933 5600 6
963 5549 1181 5619 δαίμοσι
1208 5554 1461 5620 πονηροῖς
1487 5552 1579 5604 καὶ
1603 5551 1755 5605 πνεύ-

257 5715 297 5747 ⁸³
324 5717 466 5775 Psal.
496 5738 582 5785 cx,
614 5724 698 5777 l0.

1864 4636 1984 4691 Jam
2046 4652 2175 4691 vero
2238 4637 2343 4707 ipsi
2387 4636 2584 4701 Judaei,
2640 4638 2935 4690 humanam
2977 4636 3205 4689 formam
3246 4637 3443 4689 huma-

1864 4744 2076 4800 nosque
2109 4727 2356 4793 aﬂ‘ectus,
2411 4728 2557 4799 quod
2596 4728 2908 4797 Scripturas
2966 4743 3074 4781 non
3110 4726 3441 4797 intelligunt,

1866 4818 1977 4875 Deo
2023 4820 2292 4890 afﬁngunt
2325 4838 2339 4873 :
2374 4820 2483 4874 imo
2515 4834 2646 4873 vero
2670 4818 2882 4873 inﬁnita
2936 4816 3176 4877 absurda
3200 4818 3443 4888 abjecta-
3512 4893 3525 4897 η

1860 4926 1968 4980 que
2021 4910 2351 4974 fabulantes,
2392 4910 2460 4964 ab
2516 4911 2721 4980 hymno
2752 4910 2846 4979 qui
2881 4909 3073 4963 deceat
3119 4908 3279 4980 longe
3320 4925 3445 4978 pro-

1858 5002 2164 5070 lapsisunt.
2188 5002 2230 5055 li
2262 5016 2389 5056 vero
2430 5001 2531 5055 soli
2565 5000 2657 5069 qui
2684 5004 2738 5053 in
2759 4999 3003 5054 Ecclesia
3034 4998 3131 5056 Dei
3159 5001 3441 5054 decentem

1859 5093 2121 5165 hymnum
2150 5095 2219 5148 ab
2252 5096 2371 5163 ipso
2399 5091 2690 5147 Servatore
2719 5091 2900 5145 edocti
2935 5100 3083 5155 sunt,
3117 5091 3440 5160 condignam

1866 5184 2217 5254 divinamque
2243 5185 2309 5239 de
2342 5183 2503 5238 Patre
2538 5183 2845 5236 doctrinam
2878 5181 3148 5248 efferunt;
3186 5181 3331 5250 quod
3385 5184 3439 5235 in

1864 5279 2118 5345 praesenti
2167 5276 2383 5331 cantico
2418 5274 2730 5329 declaratur
2752 5272 2839 5328 his
2869 5273 3052 5328 verbis
3081 5292 3094 5327 :
3130 5293 3146 5324 ι
3191 5272 3455 5355 Te'decet

1863 5369 2123 5440 hymnus,
2158 5369 2318 5433 Deus,
2347 5371 2403 5423 in
2444 5368 2594 5423 Sion.
2626 5387 2644 5419 ι
2685 5366 2949 5423 lndecens
2982 5382 3148 5438 porro
3204 5368 3441 5439 hymnus

1862 5459 2100 5525 dicatur,
2126 5462 2218 5530 qui
2256 5460 2509 5531 malignis
2543 5459 2884 5522 daemonibus
2907 5459 3245 5533 impurisque
3273 5458 3439 5532 spiri-

1861 5552 2008 5607 tibus
2038 5552 2334 5606 emittitur:
2361 5552 2619 5607 indecens
2652 5551 2885 5622 itemqui
2916 5553 3038 5618 soli,
3082 5553 3243 5618 lunae,
3275 5550 3439 5607 astris

818 5725 859 5755 ιδ
887 5723 1053 5780 llebr.
1100 5741 1199 5792 xu,
1236 5725 1321 5780 -2.
1403 5729 1442 5757 ¹⁵
1478 5726 1653 5781 Galat.
1696 5743 1770 5791 iv,
1802 5726 1892 5781 26.
1976 5728 2019 5757 ¹⁶
2052 5728 2196 5783 Psal.
2234 5744 2295 5792 ll,
2330 5728 2382 5782 θ.
