3808 6280
368 280 475 338 637

1033 278 1298 336 EUSEBII
1340 281 1822 337 CAESMUENSIS
1854 282 2004 338 OPP.
2045 283 2224 338 PARS
2266 282 2351 338 lll.
2392 312 2461 326 —-
2497 281 2904 337 EXEGETICA.
3495 283 3575 338 628

363 395 684 464 exterisque
709 392 894 447 mundi
935 393 1182 462 partibus
1211 394 1279 448 ab
1340 395 1406 450 iis
1437 396 1674 460 canitur,
1703 396 1796 464 qui
1843 409 1932 450 ea-

2041 413 2205 466 μασιν
2240 395 2569 466 ἀκαθάρτοις
2597 393 3048 463 ἀναπεμπόμενος
3071 408 3083 421 ·
3121 389 3372 462 ἀπρεπὴς
3398 390 3450 442 δέ
3485 393 3576 444 ἐστι

362 487 486 542 dem
511 484 652 538 inter
671 481 804 538 deos
837 491 1222 538 anuumerant.
1277 483 1459 554 Longe
1483 485 1696 554 turpior
1728 499 1854 538 vero
1879 494 1928 538 et

363 572 656 628 admodum
692 571 986 626 indecorus
1019 581 1121 635 est,
1181 573 1274 642 qui
1327 573 1556 642 impuris
1603 572 1931 642 lascivisque

361 666 592 721 canticis
626 665 693 720 de
723 665 1006 721 amatoriis
1043 665 1271 720 deorum
1305 667 1552 722 historiis
1581 666 1927 736 conﬁngitur.

363 758 524 813 Seius
541 768 721 812 autem
771 758 1056 826 Speciosus
1107 771 1171 811 ac
1210 757 1412 814 decens
1460 759 1696 830 hymnus
1725 759 1812 814 ille
1849 757 1932 811 di-

361 858 536 916 catur,
555 851 647 919 qui
666 850 764 905 soli
778 849 1084 911 Conditori,
1101 847 1292 918 Opiﬁci
1315 864 1377 903 ac
1395 847 1529 918 Regi
1556 850 1929 904 universorum

360 941 650 1004 emittitur,
683 941 948 995 cuieliam
971 950 1094 994 vola
1148 939 1397 1002 reddere,
1431 947 1593 1010 atque
1619 939 1671 993 id
1699 955 1803 995 non
1837 956 1932 994 ex-

361 1026 781 1086 tra‘Ecclcsiam
835 1031 956 1099 ejus
1011 1039 1271 1100 prmstare
1321 1031 1596 1084 convenit.
1636 1030 1816 1096 Quare
1845 1045 1933 1084 se-

358 1121 598 1175 cundum
633 1119 775 1175 LXX
825 1119 1151 1188 lnterpretes
1181 1118 1424 1174 dicitur:
1469 1137 1487 1170 ί
1527 1118 1588 1173 Ει
1619 1120 1710 1173 tibi
1745 1119 1934 1174 redde-

359 1220 450 1266 tur
485 1221 670 1267 votum
700 1211 754 1266 in
781 1209 1105 1266 Jerusalem.
1148 1230 1164 1261 ι
1205 1208 1627 1265 Votumautem
1660 1210 1798 1264 solet
1847 1208 1931 1263 di-

357 1303 483 1358 vina
521 1301 802 1372 Scriptura
832 1318 1028 1357 vocare
1091 1301 1536 1371 promissionem,
1592 1316 1755 1370 quam
1805 1300 1932 1369 quis

358 1389 469 1447 Deo
493 1392 722 1456 dederit,
748 1392 966 1460 quando
1005 1392 1215 1446 scilicet
1277 1391 1603 1460 resipiscere
1660 1392 1933 1460 vitamque

357 1497 512 1537 suam
568 1481 765 1536 divina:
800 1482 1159 1552 philosophia:
1215 1481 1492 1544 addicere,
1540 1479 1654 1535 sive
1684 1480 1846 1535 etiam
1867 1497 1931 1535 ex

356 1576 516 1630 bonis
544 1576 658 1629 suis
675 1574 953 1645 quidpiam
983 1588 1338 1635 consecrare,
1373 1573 1485 1626 sive
1523 1571 1670 1624 aliud
1703 1569 1934 1640 quodvis

357 1666 688 1735 promissum
741 1665 885 1725 vitae.
930 1678 1052 1733 quae
1109 1661 1409 1718 secundum
1459 1659 1628 1713 Deum
1661 1669 1764 1722 est,
1809 1675 1936 1714 con-

359 1763 680 1810 sentaneum
735 1770 799 1808 ac
849 1755 1078 1823 probum
1127 1752 1291 1808 edere
1328 1750 1698 1806 constituerit.
1753 1747 1932 1813 Quare

358 1843 566 1898 dictum
593 1843 791 1897 alicubi
831 1843 932 1896 luit
967 1859 978 1893 :
1019 1861 1036 1893 ι
1081 1841 1137 1896 Si
1170 1853 1353 1896 votum
1388 1841 1605 1902 feceris,
1646 1854 1714 1892 ne
1751 1836 1933 1890 tardus

355 1935 584 1991 reddere
616 1951 628 1986 :
669 1936 863 1990 melius
893 1935 1094 2003 quippe
1112 1941 1196 1988 est
1229 1949 1336 1988 non
1367 1947 1581 1994 vovere,
1617 1944 1780 2000 quam
1838 1943 1935 1981 vo-

356 2042 484 2082 vere
514 2035 568 2082 et
615 2042 724 2081 non
766 2025 991 2079 reddere
1031 2025 1091 2076 ".
1133 2044 1151 2076 ι
1207 2022 1370 2078 Decet
1425 2023 1589 2092 igitur
1641 2021 1694 2074 in
1742 2020 1934 2088 primis

355 2116 740 2172 universorum
789 2113 1048 2183 Opiﬁccm
1081 2121 1134 2168 et
1171 2113 1515 2166 Servatorcm
1543 2112 1760 2181 hymnis
1789 2111 1933 2164 cele—

358 2206 558 2268 brare;
591 2204 788 2258 deinde
810 2217 941 2256 vero
971 2202 1172 2256 divinis
1209 2202 1360 2257 hisce
1412 2199 1662 2254 laudibus
1698 2213 1934 2253 consen-

356 2302 516 2348 tanea
541 2309 705 2364 opera
753 2295 938 2360 edere,
971 2294 1222 2362 bonaque
1274 2290 1544 2361 promissa
1597 2288 1746 2342 dare.
1779 2287 1936 2344 Post-

358 2399 521 2451 quam
548 2400 677 2438 vero
708 2393 761 2438 et
790 2385 1049 2454 hymnum
1104 2393 1159 2438 et
1208 2390 1330 2436 vota
1360 2382 1464 2451 ipsi
1513 2379 1930 2442 reddiderimus,

358 2477 493 2525 tunc
548 2488 673 2526 cum
730 2489 792 2526 ea
821 2489 943 2543 quae
995 2487 1162 2542 penes
1193 2488 1294 2526 nos
1325 2481 1453 2524 sunt
1509 2468 1931 2538 impleveriuius,

357 2560 587 2619 ﬁdenter
615 2580 870 2634 agemus;
901 2566 975 2619 ita
996 2574 1054 2618 ut
1084 2564 1333 2619 dicamus
1367 2582 1477 2616 :—-—«
1491 2560 1698 2615 Exaudi
1729 2562 1934 2615 oratio-

357 2670 504 2709 nem.
543 2675 562 2706 ι
592 2654 690 2708 llic
740 2671 902 2724 porro
961 2663 1218 2710 accurate
1261 2654 1566 2726 προσευχῆς
1612 2666 1720 2706 non
1772 2651 1934 2722 εὐχῆς

355 2747 590 2813 dictum;
623 2762 748 2800 nam
788 2749 920 2818 εὐχή
960 2747 1380 2816 promissionem
1423 2745 1730 2817 signiﬁcat,
1767 2761 1936 2815 προσο

357 2838 490 2908 ευχή
543 2853 672 2892 vero
703 2838 1155 2907 supplicationem
1181 2852 1244 2890 ac
1271 2836 1734 2906 deprecationem,
1771 2848 1932 2903 quam

359 2926 596 2998 Spiritus
653 2937 880 2983 sanctus
936 2944 1034 2998 pro
1079 2929 1236 2983 nobis
1291 2928 1507 2989 edebat,
1542 2933 1931 2996 congruentem

355 3017 795 3088 deprecationem
849 3019 959 3075 Deo
1016 3019 1253 3074 offerens
1300 3034 1363 3073 ac
1403 3019 1635 3072 dicens:
1677 3035 1694 3068 ε
1719 3016 1930 3070 Exaudi

355 3111 686 3166 orationem.
711 3131 728 3163 ›
761 3112 1133 3178 Quorumnam
1193 3113 1498 3166 orationem
1547 3109 1930 3166 exaudias‘lld

355 3198 554 3256 deinde
585 3203 848 3265 declarat,
911 3203 1152 3272 gentium
1217 3203 1557 3258 vocationem
1605 3201 1931 3264 vaticinans,

355 3290 485 3344 dum
507 3292 582 3345 ait
609 3308 622 3343 :
655 3311 672 3344 ι
711 3293 790 3347 Ad
813 3301 864 3348 te
891 3295 1071 3348 omnis
1095 3308 1227 3348 caro
1257 3293 1456 3348 veniet.
1489 3313 1508 3344 ι
1539 3292 1777 3362 Spiritus
1807 3308 1934 3347 vero

356 3389 582 3436 sanctus
613 3399 712 3452 pro
740 3383 888 3437 omni
911 3393 1076 3439 carne
1127 3384 1474 3454 precabatur,
1505 3392 1566 3438 ut
1593 3384 1772 3440 omnis
1804 3399 1934 3438 caro

356 3480 645 3541 postquam
680 3473 747 3525 ad
785 3473 952 3527 Deum
979 3489 1246 3530 conversa
1303 3473 1489 3538 fuerit,
1533 3475 1822 3544 ipsumque
1851 3476 1934 3528 inc.

355 3563 653 3624 vocaverit,
705 3564 999 3632 propitium
1036 3564 1186 3619 illum
1243 3565 1506 3642 inveniat.
1553 3565 1930 3642 [Quamobrem

356 3669 472 3707 non.
523 3654 704 3708 dixit:
773 3672 790 3704 ι
820 3653 1028 3708 Exaudi
1083 3638 1424 3710 orationem.
1454 3638 1665 3720 meam;
1697 3674 1714 3706 ι
1783 3656 1876 3709 sed
1915 3674 1928 3708 :

362 3763 382 3794 ι
415 3745 623 3800 Exaudi
652 3747 978 3809 orationem,
1013 3746 1078 3800 ad
1108 3758 1159 3801 te
1200 3747 1381 3802 omnis
1411 3729 1540 3802 caro
1567 3748 1780 3814 veniet;
1823 3766 1839 3798 ι
1869 3762 1931 3801 ac

355 3837 404 3889 si
453 3837 656 3891 clarius
713 3838 988 3891 dixisset:
1025 3837 1163 3903 Quia
1228 3837 1470 3892 futurum
1497 3847 1580 3894 est
1638 3846 1697 3894 ut
1751 3839 1931 3899 omnis

352 3941 504 3989 caro,
554 3934 613 3981 et
641 3936 815 3981 totum
845 3943 1017 3997 genus
1066 3930 1364 3982 humanum
1393 3944 1422 3981 a
1453 3930 1747 3982 multorum
1799 3930 1932 3983 deo-

354 4030 476 4068 rum
500 4031 687 4071 errore
721 4019 960 4080 secedat,
989 4027 1043 4071 ct
1064 4019 1129 4072 ad
1177 4027 1228 4074 te
1291 4020 1467 4074 solum
1519 4035 1708 4085 verum
1761 4019 1928 4074 Deum

251 4115 258 4120 ‘
355 4114 730 4169 convertatur,
758 4107 998 4177 hymnos.
1017 4117 1180 4162 canat
1212 4110 1332 4173 tibi,
1379 4119 1504 4162 vota
1535 4110 1749 4174 reddat,
1804 4125 1930 4163 ora-

355 4197 534 4251 tiones
553 4206 602 4251 et
634 4199 1060 4267 supplicationes
1086 4199 1350 4264 eﬁundat,
1397 4201 1594 4256 exaudi
1625 4201 1930 4256 orationem

356 4303 570 4346 eorum.

431 4375 594 4430 Vens.
623 4358 680 4429 λ.
721 4394 739 4426 ‹
783 4375 952 4431 Verba
977 4377 1290 4448 iniquorum
1344 4380 1746 4451 praevaluerunt
1767 4395 1930 4450 super
1961 4385 2004 4439 D

356 4483 480 4532 nos,
539 4476 592 4521 et
655 4469 1026 4538 impietatibus
1087 4472 1290 4526 nostris
1339 4480 1396 4526 tu
1455 4473 1856 4542 propitiaberis.
1906 4489 1924 4522 ι

352 4561 766 4628 Cousequcnter
789 4561 1106 4625 admodum,
1130 4572 1420 4632 postquam
1475 4566 1542 4618 de
1581 4565 1738 4618 omni
1762 4579 1928 4618 carne

351 4651 588 4712 dixerat,
623 4651 739 4706 haec
795 4652 999 4717 intulit,
1055 4669 1177 4723 quae
1219 4657 1398 4710 omnis
1433 4656 1702 4725 praedictae
1744 4655 1931 4712 carnis

354 4737 757 4794 confessionem
810 4743 1268 4810 complectuntur.
1322 4741 1507 4812 itaque
1545 4751 1811 4813 quotquot
1862 4759 1928 4798 ex

352 4830 608 4883 omnibus
644 4828 920 4898 gentibus,
970 4845 1089 4898 quae
1120 4831 1247 4884 olim
1279 4831 1529 4885 carnales
1561 4838 1738 4894 erant,
1777 4844 1806 4882 a
1838 4846 1930 4884 su-

349 4919 673 4988 perstitione
709 4918 936 4988 gradum
960 4929 1310 4983 revocarunt,
1334 4935 1360 4973 a
1383 4919 1588 4990 Spiritu
1618 4919 1804 4974 divino
1831 4922 1929 4974 d0-

350 5018 544 5064 centur
578 5010 826 5064 conﬁteri
878 5013 1100 5078 quantis
1151 5011 1280 5065 olim
1317 5011 1372 5064 in
1422 5011 1580 5065 malis
1621 5011 1928 5080 complicati

353 5095 578 5158 fuerint,
611 5107 772 5168 atque
809 5100 1070 5167 proprias
1113 5100 1422 5170 impietates
1476 5115 1926 5155 commemorare.

352 5185 532 5252 Quare
560 5189 664 5241 ait:
703 5207 720 5238 ι
757 5187 928 5242 Verba
963 5189 1271 5259 iniquorum
1321 5193 1720 5260 praevaluerunt
1763 5207 1928 5260 super

352 5293 474 5343 nos,
499 5278 942 5348 etinipietatibus
985 5282 1188 5336 nostris
1212 5290 1267 5334 tu
1311 5283 1716 5352 propitiaberis.
1748 5302 1767 5335 ι
1803 5281 1929 5338 ΙΙκο

351 5382 487 5421 sane
539 5370 697 5436 quasi
750 5387 816 5424 ex
868 5385 1100 5440 persona
1149 5371 1328 5426 omnis
1383 5381 1694 5427 memorata:
1743 5373 1926 5426 carnis

349 5457 510 5511 valde
539 5468 935 5528 consequenter
957 5461 1102 5515 dicta
1156 5463 1378 5518 fuerint.
1402 5463 1539 5529 Quia
1586 5478 1714 5518 vero
1750 5463 1925 5518 canti-

428 5629 470 5703 ³4⁷
497 5630 671 5685 Eccle.
704 5651 752 5698 v,
782 5636 833 5695 3,
878 5637 930 5688 ιί.

2036 489 2176 539 καὶὸ
2211 487 2345 556 ἡλίῳ
2380 487 2472 538 καὶ
2497 484 2690 555 σελήνῃ
2727 485 2819 535 καὶ
2869 482 3085 552 ἄστροις
3113 482 3207 534 καὶ
3247 483 3358 542 τοῖς
3405 480 3577 544 λοιποξ

2034 576 2130 629 τοῦ
2183 577 2386 645 κόσμου
2441 576 2664 646 μέρεσιν
2690 599 2695 611 -
2722 573 2828 626 ὑπὸ
2862 572 2970 624 τῶν
3011 571 3185 624 ταῦτα
3222 571 3577 625 θεοποιούντων

2035 665 2313 734 ᾁδόμενος.
2359 665 2467 716 Καὶ
2494 665 2573 716 ἔτι
2603 663 2798 732 μᾶλλον
2828 661 3054 732 αἰσχίων
3086 661 3180 713 καὶ
3200 661 3578 731 ἀπρεπέστατος

2033 760 2062 810 ό
2117 759 2183 810 δι’
2243 757 2483 827 αἰσχρῶν
2528 757 2620 810 καὶ
2667 755 2980 809 ἀκολάστων
3013 754 3273 822 ᾀσμάτων
3324 755 3432 814 τοῖς
3474 752 3579 822 περὶ

2035 851 2172 903 θεῶν
2223 851 2504 920 ἐρωτικοῖς
2534 848 2866 917 διηγήμασιν
2915 843 3403 913 ἀναπλαττόμενος.
3433 843 3579 905 Μόνος

2033 943 2078 994 δ’
2107 943 2315 1002 ἐκεῖνος
2361 941 2560 1010 ὡραῖος
2587 937 2801 1008 λεχθείη
2827 935 2892 989 ἂν
2941 935 3032 988 καὶ
3059 932 3338 1004 εὐπρεπὴς
3366 932 3580 1003 ὔμνος,ὀ

2034 1032 2110 1102 τῷ
2131 1032 2276 1101 μόνῳ
2295 1031 2497 1102 Ποιητῇ
2519 1031 2610 1083 καὶ
2631 1026 2960 1099 Δημιουργῷ
2987 1025 3081 1079 καὶ
3105 1025 3322 1078 Βασιλεῖ
3345 1024 3446 1076 τῶν
3467 1024 3581 1075 ὅλων

2034 1120 2152 1190 Θεῴ
2209 1121 2684 1189 ἀναπεμπόμενος,
2735 1113 2779 1184 ᾧ
2822 1117 2916 1170 καὶ
2959 1115 3059 1179 τὰς
3091 1114 3257 1184 εὑχάς
3306 1113 3579 1166 ἀποδιδόναι

2036 1214 2321 1283 προσήκει,
2351 1211 2444 1264 καὶ
2470 1209 2626 1262 τοῦτο
2661 1211 2829 1262 ποιεῖν
2865 1207 2937 1279 μὴ
2981 1206 3135 1268 ἐκτὸς
3166 1206 3267 1275 τῆς
3290 1204 3578 1275 Ἐκκλησίας

2035 1303 2220 1356 αὐτοῦ.
2255 1303 2344 1355 Διὸ
2376 1301 2621 1354 λέλεκται
2658 1300 2798 1353 κατὰ
2827 1300 2952 1361 τοὺς
2991 1298 3418 1367 Ἐὅδομήκοντα·
3450 1313 3468 1345 ι
3496 1296 3580 1347 Καὶ

2038 1393 2121 1445 σοὶ
2169 1393 2559 1463 ἀποδοθήσεται
2609 1391 2740 1461 εὐχὴ
2779 1394 2836 1443 ἐν
2888 1391 3258 1461 Ἰερουσαλήμ.
3298 1408 3315 1440 ι
3352 1388 3580 1457 Εὐχὴνδὲ

2037 1484 2263 1555 σύνηθες
2299 1487 2364 1554 τῇ
2413 1483 2534 1554 θείᾳ
2575 1484 2763 1553 Γραφῇ
2812 1481 2992 1534 καλεῖν
3029 1481 3128 1550 τὴν
3157 1479 3503 1546 ἐπαγγελίαν,
3531 1479 3580 1546 ἣν

2035 1577 2098 1630 ἂν
2123 1575 2527 1644 ἐπαγγέλληταί
2559 1591 2642 1634 τις
2688 1572 2766 1642 τῷ
2796 1572 2934 1641 θεῷ,
2965 1573 3082 1640 ῆτοι
3115 1585 3409 1640 σωφρονειν
3445 1570 3580 1632 ταξά-

2040 1681 2198 1735 μενος
2249 1665 2340 1717 καὶ
2373 1665 2462 1717 τὸν
2509 1661 2704 1715 ἐαυτοῦ
2739 1662 2851 1732 βίον
2893 1660 3166 1714 ἀναθεῖναι
3197 1661 3262 1728 τῇ
3305 1658 3444 1711 κατά
3475 1657 3581 1709 Θεὸν

2036 1755 2342 1824 φιλοσοξρία,
2388 1754 2421 1825 ἦ
2455 1755 2562 1807 τῶν
2605 1753 2898 1822 κτημάτων
2935 1750 3239 1820 ἀφιερῶσαι
3281 1767 3353 1811 τι,
3383 1750 3414 1820 ἢ
3447 1749 3574 1812 τάξα-

2037 1847 2160 1899 σθαί
2205 1863 2324 1897 τινα
2369 1845 2572 1915 σεμνὴν
2602 1842 2932 1912 ἐπαγγελίαν
2976 1841 3293 1910 πρέπουσαν
3351 1838 3424 1908 τῷ
3470 1840 3581 1892 κατὰ

2033 1938 2165 1990 Θεὸν
2201 1937 2320 2006 βίῳ.
2347 1937 2436 1988 Διὸ
2465 1919 2713 1988 λέλεκταί
2750 1952 2884 1987 που·
2911 1954 2928 1983 ε
2975 1933 3098 1985 Ἐὰν
3143 1931 3275 2002 εῡξῃ
3309 1931 3486 2001 εὐχὴν,
3525 1932 3581 2000 μὴ

2035 2029 2289 2100 χρονίσῃς
2331 2025 2656 2080 ἀποδοῦναι’
2691 2025 2894 2094 ἀγαθὸν
2935 2023 2994 2077 τὸ
3039 2024 3112 2094 μὴ
3160 2021 3434 2085 εὔξασθαι,
3473 2022 3502 2090 ἢ
3537 2022 3582 2073 τὺ

2035 2118 2292 2184 εὔξασθαι
2315 2119 2407 2170 καὶ
2431 2119 2504 2188 μὴ
2515 2117 2822 2170 ἀποδοῦναι.
2839 2135 2855 2166 ι
2880 2115 3085 2185 Πρέπει
3101 2113 3280 2166 τοίνυν
3301 2113 3485 2182 πρῶτα
3503 2112 3582 2179 μὲν

2035 2210 2269 2273 ἐπαξίως
2302 2210 2390 2261 τὸν
2408 2209 2513 2260 τῶν
2538 2208 2672 2260 ὅλων
2696 2205 2930 2275 Ποιητὴν
2946 2207 3039 2257 καὶ
3067 2205 3292 2274 Σωτῆρα
3317 2204 3578 2272 άνυμνείν·

2035 2301 2224 2352 ἒπειτα
2253 2299 2320 2351 δι’
2348 2297 2524 2368 ἔργων
2558 2295 2822 2350 ἀκόλουθα
2871 2295 3129 2366 πράττειν
3162 2295 3225 2362 τῇ
3276 2291 3511 2360 θεολογίει⁵
3537 2291 3583 2340 ἐν

2035 2391 2266 2459 ἀγαθαῖς
2317 2389 2692 2458 ἐπαγγελίαις.
2747 2386 2998 2440 Ἐπειδὰν
3049 2385 3104 2438 δὲ
3158 2385 3253 2437 καὶ
3299 2384 3390 2436 τδν
3441 2382 3582 2451 ὕμνον

2035 2483 2351 2554 πρεπόντως
2381 2483 2473 2534 καὶ
2495 2480 2592 2543 τάς
2615 2478 2779 2549 εὺχάς
2793 2476 3076 2546 ἀποδῶμεν
3103 2473 3271 2543 αὐτῷ,
3294 2470 3580 2543 τηνικαῦτα,

2035 2573 2109 2635 ὡς
2151 2573 2218 2626 ἂν
2273 2571 2338 2625 τὰ
2397 2571 2524 2642 παρ’
2561 2569 2768 2623 ἑαυτῶν
2817 2566 3257 2637 πεπληρωκότες,
3303 2563 3582 2634 παρρησίας

2039 2664 2334 2735 μεθέξομεν
2354 2679 2367 2693 ο
2404 2663 2542 2716 ῶστε
2569 2663 2745 2730 λέγειν
2765 2678 2778 2690 ο
2821 2680 2838 2711 ι
2872 2660 3204 2711 Είσάκουσον
3231 2655 3541 2726 προσευχῆς.
3561 2671 3576 2701 ι

2048 2753 2314 2827 Ἀκριϐῶς
2371 2754 2415 2806 δ’
2470 2753 2702 2806 ἐνταῦθα
2755 2749 3098 2822 προσευχῆς,
3147 2746 3387 2799 ἀλλὀὐκ
3444 2741 3582 2812 εὐχῆς

2036 2847 2248 2918 εἴρηται
2270 2863 2281 2874 ·
2319 2847 2353 2915 ἡ
2384 2846 2480 2916 μὲν
2508 2844 2616 2914 γάρ
2660 2838 2991 2910 ἐπαγγελίαν
3026 2838 3213 2908 ἐδήλου
3236 2854 3248 2865 ·
3285 2839 3316 2896 ἠ
3353 2836 3410 2888 δὲ
3442 2848 3582 2904 προσ-

2035 2936 2168 3009 ευχὴ
2202 2937 2382 3006 δέησιν
2427 2937 2518 2988 καὶ
2567 2933 2877 3004 ἱκετηρίαν,
2906 2933 2972 3000 ἢν
3019 2930 3080 2981 τὸ
3111 2927 3336 2996 Πνεῦμα
3363 2926 3421 2978 τὸ
3454 2926 3582 2991 ἀγιον

1959 3047 2004 3108 C
2037 3031 2175 3100 ὑπὲρ
2207 3028 2364 3098 ἡμῶν
2418 3029 2687 3088 ἐποιεῖτο,
2734 3022 3046 3093 πρέπουσαν
3087 3017 3366 3088 ἱκετηρίαν
3408 3029 3582 3108 προσα-

2037 3121 2208 3190 γαγδν
2235 3119 2312 3189 τῷ
2337 3118 2454 3188 Θεῷ
2489 3118 2581 3170 καὶ
2607 3115 2790 3183 λέγον·
2824 3131 2840 3163 t
2882 3110 3210 3164 Είσάκουσον
3238 3105 3578 3181 προσευχῆς.»

2037 3213 2208 3265 Τίνων
2239 3212 2296 3265 δὲ
2330 3208 2637 3282 προσευχῆς
2686 3206 3043 3266 είσάκουσον;
3086 3199 3417 3272 Παρίστησιν
3455 3194 3580 3261 ἑξῆς,

2035 3303 2142 3356 τῶν
2176 3302 2342 3354 ἐθνῶν
2389 3301 2486 3369 τὴν
2524 3298 2716 3367 κλῆσιν
2766 3292 3050 3356 θεσπίζον·
3092 3291 3171 3345 διό
3205 3306 3336 3362 φησι
3363 3305 3374 3317 ·
3413 3306 3429 3337 ι
3463 3285 3583 3357 Πρὸς

2037 3392 2096 3444 σὲ
2123 3392 2272 3442 πᾶσα
2299 3387 2436 3458 σάρξ
2477 3387 2615 3456 ἣξει.
2657 3405 2675 3436 ι
2725 3381 3096 3454 ’Υπερηύχετο
3115 3380 3170 3433 δὲ
3202 3380 3261 3432 τὸ
3304 3376 3512 3447 Πνεῦμα
3534 3375 3582 3426 τὸ

2036 3482 2189 3549 ἅγιον
2238 3481 2420 3548 πάσης
2465 3477 2663 3548 σαρκὸς
2691 3516 2707 3538 ,
2763 3475 2828 3526 ἵν’
2872 3471 3091 3524 ἐπειδὰν
3118 3470 3426 3540 ἐπιστραφῇ
3464 3467 3582 3518 πᾶσα

2035 3571 2170 3642 σάρξ
2200 3571 2332 3641 πρὸς
2358 3569 2448 3622 τὸν
2470 3569 2621 3629 Θεὸν,
2649 3563 3076 3631 καὶὲπικαλῆται
3103 3560 3285 3624 αὐτὸν,
3318 3560 3462 3627 τύχοι
3504 3557 3584 3608 αὑ·

2033 3661 2125 3714 τοῦ
2168 3661 2424 3730 ἐπηκόου.
2461 3658 2552 3710 Διὸ
2599 3657 2700 3710 οὐκ
2726 3650 2906 3706 εἷπεψ
2945 3671 2962 3702 ι
3002 3650 3333 3704 Είσάκουσον
3360 3646 3584 3718 τῆςέμῆς

2034 3751 2359 3824 προσευχῆς·
2400 3771 2416 3801 ι
2441 3749 2552 3803 ἀλλ’
2577 3767 2590 3780 ⁸
2621 3767 2638 3798 ι
2673 3746 3001 3798 Είσάκουσον
3027 3741 3358 3813 προσευχῆς,
3386 3739 3512 3809 πρὸς
3533 3736 3582 3788 σὲ

2033 3844 2184 3896 πᾶσα
2214 3841 2350 3913 σὰρξ
2376 3841 2495 3911 ἥξει
2516 3857 2529 3869 ο
2563 3858 2580 3892 ι
2615 3838 2748 3891 dies).
2785 3831 3113 3905 σαφέστερον
3137 3833 3354 3900 ἔλεγεν·
3390 3825 3583 3895 Ἐπειδὴ

2036 3933 2222 4005 μέλλειν
2243 3935 2392 3986 πᾶσα
2427 3931 2571 4003 σὰρξ,
2607 3930 2702 3983 καὶ
2740 3929 2848 3980 πᾶν
2878 3926 3033 3994 γένος
3067 3922 3370 3995 ἀνθρώπων
3392 3922 3581 3988 ἀναχω-

2035 4027 2147 4093 ρεῖν
2175 4025 2271 4094 μὲν
2301 4024 2398 4093 τῆς
2427 4020 2686 4091 πολυθέου
2721 4019 2948 4087 πλάνης,
2976 4015 3322 4085 ἐπιστρέφειν
3343 4013 3405 4066 δέ,
3426 4010 3510 4062 ἐπὶ
3535 4009 3587 4060 σὲ

2031 4115 2121 4167 τὸν
2157 4114 2317 4184 μόνον
2360 4112 2612 4182 ἀληθινὸν
2655 4111 2807 4174 Θεὸν,
2845 4109 3046 4179 ὕμνους
3070 4105 3130 4158 τέ
3153 4122 3235 4158 σοι
3266 4103 3582 4179 ἀναπέμπειν

2032 4205 2125 4257 καὶ
2168 4202 2332 4272 εὐχὰς
2378 4201 2701 4262 ἀποδιδόναι,
2761 4197 3067 4267 προσευχάς
3099 4214 3156 4248 τε
3199 4196 3294 4248 καὶ
3327 4189 3582 4262 ἱκετηρίας

2034 4291 2322 4350 ποιεῖσθαι,
2349 4291 2663 4344 εἰσάκουσον
2694 4287 2792 4356 τῆς
2830 4287 3007 4339 αὐτῶν
3032 4284 3357 4356 προσευχῆς.

2109 4400 2127 4432 ι
2167 4381 2324 4449 Λόγοι
2368 4380 2585 4450 ἀνόμων
2625 4379 3115 4450 ὑπερεδυνάμωσαν
3151 4377 3318 4453 ἡμᾶς,
3349 4375 3439 4426 καὶ
3480 4372 3591 4431 ταῖς

2033 4471 2307 4534 ἀσεϐείαις
2339 4470 2498 4542 ἡμῶν
2523 4471 2586 4522 σὺ
2619 4471 2798 4542 ἱλάσῃ.
2837 4489 2854 4520 ι
2891 4468 3100 4538 Σφόδρα
3130 4465 3431 4526 ἀκολούθως
3465 4460 3582 4532 μετὰ

2030 4560 2099 4614 τά
2159 4561 2288 4632 περὶ
2329 4560 2509 4630 πάσης
2538 4560 2740 4630 σαρκὸς
2789 4557 3106 4627 λελεγμένα,
3155 4557 3500 4625 ἐπενήνεκται
3525 4550 3586 4603 τὰ

2035 4651 2374 4722 προκείμενα
2407 4651 2505 4719 τῆς
2543 4648 2938 4719 ὠνομασμένης
2966 4646 3146 4716 πάσης
3187 4645 3386 4716 σαρκὸς
3414 4643 3590 4711 ἐξομοο

2032 4743 2255 4811 λόγησιν
2288 4741 2626 4814 περιέχοντα.
2669 4743 2732 4796 OE
2759 4739 2887 4808 γοῦν
2917 4738 2977 4802 ἐξ
3019 4739 3272 4792 ἀπάντων
3303 4737 3408 4790 τῶν
3434 4734 3580 4788 ἐθνῶν

2030 4830 2138 4882 τῶν
2165 4830 2330 4882 πάλαι
2392 4831 2658 4899 σαρκίνων
2699 4829 2795 4898 τῆς
2842 4828 3230 4898 δεισιδαίμονος
3258 4827 3456 4897 πλάνης
3481 4827 3580 4876 ἐπι-

2033 4919 2360 4991 στρέψαντες
2422 4920 2760 4974 διδάσκονται
2803 4919 2908 4974 ὑπὸ
2955 4919 3050 4971 τοῦ
3095 4917 3240 4970 θείου
3294 4915 3581 4986 Πνεύματος

2029 5011 2308 5081 ὁμολογεῖν
2353 5013 2409 5063 ἐν
2457 5012 2661 5074 ὁποίοις
2711 5011 2838 5063 ποτὲ
2877 5012 3062 5072 κακοῖς
3093 5010 3368 5077 γεγόνασι,
3398 5007 3499 5059 τῶν
3534 5021 3580 5055 τε

2029 5103 2245 5155 οἰκείων
2285 5102 2646 5172 ἀσεϐημάτων
2682 5102 3055 5173 μνημονεύειν.
3089 5102 3179 5154 Διὸ
3213 5118 3340 5171 φησι
3361 5116 3375 5129 ⁸
3396 5117 3412 5148 ι
3438 5097 3580 5164 Λόγοι

2030 5193 2246 5262 ἀνόμων
2303 5193 2801 5263 ὑπερεδυνάμωσαν
2830 5194 2996 5262 ἡμᾶς,
3044 5192 3138 5244 καὶ
3165 5195 3286 5254 ταῖς
3326 5189 3580 5246 ἀσεϐείαις

2028 5282 2185 5353 ἡμῶν
2214 5285 2277 5335 σὺ
2310 5283 2486 5354 ἱλάσῃ.
2520 5303 2536 5334 ι
2568 5283 2750 5338 Ταῦτα
2786 5284 2884 5354 μὲν
2908 5280 2999 5337 οὖν
3021 5283 3284 5352 λεγόμενα
3304 5283 3366 5332 ἐκ
3389 5277 3579 5350 πφσώο

2029 5390 2131 5426 που
2157 5374 2252 5442 τῆς
2291 5374 2648 5444 ἀποδοθείσης
2702 5375 2881 5443 πάσης
2916 5373 3114 5444 σαρκὸς
3155 5371 3348 5441 πολλὴν
3381 5369 3444 5423 ἂν
3484 5369 3576 5435 ἔχοι

2028 5463 2364 5519 ἀκολουθίαν.
2384 5465 2532 5517 Ἐπεὶ
2553 5465 2608 5519 δὲ
2631 5483 2648 5516 ι
2677 5465 2768 5517 τοῦ
2797 5463 2982 5518 Δαυῖδι
3012 5463 3402 5534 ἐπιγέγραπται
3428 5463 3456 5512 1‘

3768 1932 3771 1986 l

3769 2029 3771 2056 |

3768 2087 3771 2182 ἰ

3769 2187 3771 2254 ι

3768 2279 3771 2346 ε

3768 2523 3771 2657 l
