3808 6280
218 349 311 406 829

1335 345 1834 413 (ῘΟΜΜΕΝΤΛΒΙᾹ
1874 346 1940 398 IN
1960 412 1965 415 1
1984 344 2316 400 l‘SALMOS.

3354 347 3460 401 650

213 455 298 509 τοῦ
328 456 561 527 ψαλμοῦ,
591 456 868 526 ζητήσειεν
887 457 950 510 ἀν
980 473 1082 519 τις,
1124 458 1250 509 πότε
1286 458 1372 510 τὸν
1407 458 1567 511 Δαυῒδ
1602 459 1779 528 ἥτοὺς

1893 472 2005 509 cum
2033 458 2249 526 psalmi,
2284 477 2300 505 ι
2346 455 2562 509 Davidis
2600 476 2614 499 ι
2644 456 2963 525 inscriptum
2989 465 3067 509 est
3092 466 3458 524 {opportuno

216 547 302 600 σὺν
357 548 504 618 αὐτῷ
551 548 693 615 λόγοι
738 548 953 618 ἀνόμων
1007 549 1534 619 ὑπερεδυνάμωσαν·
1573 549 1775 618 ἥκατά

210 636 293 689 τὸν
338 636 647 707 Σύμμαχον,
691 654 708 687 ι
743 637 1270 703 κατεδυνάστευσαν·
1306 658 1322 687 ι
1369 640 1525 701 ποίας
1563 639 1620 690 δὲ
1682 640 1774 692 καὶ

208 728 449 791 ἀσεϐείας
480 730 749 799 ἐκτήσατο
766 731 794 781 6
819 729 1068 791 τοσοῦτος
1101 729 1192 781 τοῦ
1224 729 1357 781 Θεοῦ
1378 732 1661 799 προφήτης
1682 730 1774 782 καὶ

208 821 251 873 οἱ
281 821 373 872 σὺν
388 821 558 891 αὐτῷ,
584 821 832 891 ἐπείπερ,
855 841 871 871 ι
894 822 992 884 τὰς
1020 822 1268 883 ἀσεϐείας
1289 821 1443 892 ἡμῶν
1474 824 1537 875 σὺ
1560 822 1769 891 imm,»

208 911 377 979 φησιν.
411 910 573 964 Ἀλλὰ
619 912 749 981 γὰρ,
801 912 875 973 ώς
940 911 1377 981 ἀποδεδώκαμεν,
1426 913 1775 983 προφητικῶς

207 1000 261 1051 τὸ
288 999 507 1069 Πνεῦμα
540 1002 600 1053 τὸ
630 1001 805 1069 ἀγιον,
841 1002 941 1070 τῆς
969 1002 1079 1054 τῶν
1109 1002 1276 1056 ὲθνῶν
1300 1003 1540 1074 κλήσεως
1572 1020 1776 1074 μνημο-

206 1090 409 1153 νεῦσαν,
471 1093 568 1145 καὶ
618 1094 818 1162 φῆσαν·
862 1114 878 1144 ι
917 1095 1059 1165 Πρὸς
1096 1095 1153 1147 σὲ
1198 1097 1347 1148 πᾶσα
1391 1095 1526 1166 σάρξ
1556 1097 1706 1165 ἥξει,
1754 1117 1771 1147 ι

207 1184 505 1246 ἀκολούθως
554 1185 655 1254 τὴν
707 1184 1091 1255 ἐξομολόγησιν
1135 1186 1313 1239 αὐτῶν
1358 1186 1666 1257 διαγράφει,
1720 1188 1778 1251 ἐξ

205 1273 372 1326 αὐτῶν
418 1272 715 1342 προσώπου
784 1274 1019 1341 φάσκον·
1075 1293 1092 1325 ι
1143 1274 1304 1341 Λόγοι
1349 1275 1564 1344 ἀνόμων
1611 1278 1778 1347 ὑπερ-

208 1363 549 1433 εδυνάμωσαν
578 1364 744 1432 ἡμᾶς,
784 1382 802 1414 ι
835 1363 1081 1415 τουτέστι
1122 1365 1404 1435 κρείττους
1436 1366 1593 1435 ἡμῶν
1622 1368 1779 1434 γεγό-

207 1470 317 1505 νασι
350 1454 442 1505 καὶ
473 1451 833 1523 δυνατώτεροι
878 1454 1032 1525 ἡμῶν
1082 1456 1130 1506 οί
1182 1455 1290 1506 τῶν
1336 1456 1551 1524 ἀνόμων
1607 1456 1774 1524 λόγοι.

210 1541 512 1610 ’Δνομοιδὲ
544 1541 744 1602 πάντες
768 1536 908 1609 ἦσαν
945 1542 994 1592 οἱ
1022 1542 1227 1610 πρῶτοι
1259 1544 1657 1613 συστησάμενοι
1681 1546 1779 1615 τὴν

205 1632 301 1684 τῶν
328 1631 560 1684 εΰώλων
594 1631 870 1684 θεοποιίαν
892 1649 905 1661 ⁸
948 1632 1095 1700 λόγοι
1125 1650 1184 1685 τε
1226 1634 1404 1687 αὐτῶν
1433 1637 1479 1687 οἱ
1510 1635 1597 1687 διὰ
1621 1653 1779 1705 ποιη-

200 1720 407 1774 τῶνκαὶ
440 1721 554 1774 τῶν
584 1721 766 1789 σοφῶν
790 1720 882 1773 τοῦ
914 1722 1109 1786 αἰῶνος
1128 1724 1315 1777 τούτου
1343 1725 1471 1794 περὶ
1495 1726 1592 1795 τῆς
1619 1725 1779 1778 πολυ-

1880 557 2156 617 qxueratur
2181 547 2527 617 quandonam
2552 548 2603 599 iu
2634 546 2999 601 DaVidem-aut
3027 562 3156 602 suos
3178 548 3461 601 verbaini-

1883 658 2113 710 quorum
2136 643 2565 709 praevaluerunt;
2592 640 2706 695 sive
2725 640 3023 695 secundum
3049 638 3456 711 Symmachum,

1890 729 2198 783 edorninati
2232 738 2407 784 sunt:
2456 749 2474 781 ι
2511 728 2669 797 queis
2728 743 2858 782 vero
2909 729 3289 797 impietatibus
3333 745 3457 783 eum

1884 828 2069 873 tantus
2122 821 2212 873 ille
2268 820 2361 874 Dei
2417 822 2703 888 propheta,
2766 828 2881 871 tum
2920 821 3054 875 socii
3083 823 3203 891 ejus
3247 822 3457 875 addicti

1884 910 2106 973 fuerint,
2136 911 2404 981 siquidem
2432 910 2530 975 ait,
2564 928 2581 961 ι
2622 910 2988 979 impietatibus
3020 915 3221 985 nostris
3252 921 3308 966 ιιι
3330 928 3458 982 pro-

1890 1000 2191 1069 pitiaberis.
2239 1020 2255 1051 ι
2293 999 2516 1062 Verum,
2548 1000 2626 1053 uti
2655 1000 2766 1067 jam
2798 999 3139 1063 tradidimus,
3174 1018 3296 1056 cum
3333 1001 3456 1071 Spi-

1885 1093 2026 1146 ritus
2057 1100 2287 1147 sanctus
2314 1092 2558 1160 gentium
2590 1093 2934 1145 vocationem
2961 1092 3275 1160 prephetice
3304 1108 3457 1147 com-

1884 1190 2146 1237 memoret
2177 1198 2238 1235 ae
2284 1183 2429 1236 dicat
2459 1200 2469 1235 :
2509 1201 2526 1232 ι
2562 1180 2640 1233 Ad
2674 1190 2726 1236 te
2785 1182 2965 1236 omnis
3008 1198 3139 1235 caro
3198 1183 3400 1244 veniet,
3436 1200 3454 1232 ι

1884 1287 2072 1326 earum
2104 1269 2505 1325 confessionem
2550 1280 2950 1338 consequenter
2972 1269 3258 1331 describit,
3294 1284 3357 1321 ac
3395 1284 3461 1322 ex

1884 1376 2072 1415 earum
2091 1375 2324 1428 persona
2344 1360 2474 1413 dicit
2501 1374 2514 1409 :
2549 1378 2565 1410 ι
2615 1358 2788 1413 Verba
2808 1359 3120 1429 iniquorum
3160 1358 3461 1429 prazvalueo

1887 1460 2014 1504 runt
2062 1466 2226 1519 super
2251 1465 2374 1511 nos,
2426 1469 2443 1500 ι
2480 1450 2529 1503 id
2557 1457 2660 1513 est,
2722 1449 2886 1503 verba
2942 1450 3254 1519 iniquorum
3300 1464 3463 1518 supc-

1888 1541 2035 1593 riora
2070 1555 2132 1593 ac
2167 1540 2473 1609 potentiora
2538 1539 2744 1593 nostris
2794 1539 3033 1593 fuerunt.
3077 1540 3255 1609 iniqui
3282 1546 3463 1592 autem

1890 1631 2060 1695 fuere,
2101 1631 2193 1699 qui
2232 1631 2389 1699 primi
2444 1630 2589 1684 idola
2658 1630 2799 1683 iuter
2847 1630 2978 1685 deos
3029 1637 3460 1698 compulerunt:

1889 1722 2051 1776 verba
2083 1736 2246 1789 porro
2278 1736 2466 1774 eorum
2494 1731 2642 1786 sunt,
2681 1737 2802 1791 quae
2830 1739 2854 1772 a
2890 1722 3064 1790 poetis
3098 1731 3151 1774 et
3196 1721 3457 1790 sapienti-

204 1812 315 1864 θέου
348 1813 563 1882 πλάνης
598 1815 655 1865 ὲν
687 1814 1083 1885 συγγράμμασι
1106 1814 1591 1885 καταϐεὸλημένοι.
1643 1817 1779 1868 Ἀλλ’

1893 1815 1988 1866 bus
2017 1811 2180 1879 hujus
2242 1812 2426 1867 saeculi
2484 1814 2550 1867 de
2597 1814 2890 1866 multorum
2943 1812 3228 1865 numinum
3276 1826 3463 1865 errore

200 1897 333 1955 οὗτοι
396 1904 495 1973 μὲν
555 1923 571 1954 ι
638 1904 1139 1957 κατεδυνάστευσαν
1195 1904 1385 1974 ήμῶν,
1440 1926 1457 1956 ι
1496 1906 1636 1958 κατά
1690 1907 1779 1961 τὸν

203 1992 519 2063 Σύμμαχοψ
582 1996 645 2046 σὺ
708 1995 755 2047 δ’
806 1996 903 2064 οὐχ
953 1996 1237 2065 ὑπερεῖδες
1295 1998 1465 2065 ἡμᾶς,
1496 1997 1775 2049 Δέσποτα·

202 2081 360 2135 ιλὰσω
387 2084 444 2135 δὲ
482 2082 583 2145 τὰς
627 2082 882 2145 ἀσεϐείας
928 2083 1104 2154 ήμῶν,
1144 2085 1507 2155 καταπέμψας
1536 2089 1666 2156 ήμῖν
1691 2088 1779 2139 τὸν

201 2173 437 2241 ἱλασμὸν.
474 2173 543 2225 δι’
574 2167 636 2225 οὗ
666 2173 933 2235 κατέστης
967 2177 1098 2243 ἡμῖν
1141 2176 1320 2238 ἵλεως,
1355 2176 1595 2246 ὑπερϐάς
1626 2178 1780 2248 ἡμῶν

201 2264 289 2325 τὰς
323 2263 604 2327 ἀσεϐείας.
628 2263 722 2324 Τίς
744 2262 800 2313 δέ
824 2265 971 2315 ἐστιν
999 2266 1026 2316 6
1060 2263 1307 2332 ίλασμὺς,
1338 2264 1575 2318 διδάσκει
1608 2265 1781 2336 λέγων

200 2356 226 2406 6
254 2340 571 2415 ’Λπόστολος
604 2370 666 2404 πε
676 2354 726 2423 pi.
749 2352 839 2405 τοῦ
858 2354 1107 2423 Σωτῆρος
1129 2373 1139 2384 ·
1168 2374 1185 2405 ι
1203 2358 1298 2407 “Ov
1327 2358 1582 2426 προέθετο
1603 2362 1629 2412 6
1652 2361 1783 2425 Θεὸς

202 2446 505 2515 ἱλαστήριον
566 2446 653 2497 διὰ
712 2446 947 2507 πίστεως
981 2448 1038 2497 ὲν
1071 2446 1148 2514 τῷ
1178 2447 1337 2499 αὑτοῦ
1386 2450 1609 2518 αἵματι*
1648 2473 1665 2505 ι
1691 2455 1784 2507 καὶ

202 2536 383 2589 πάλιν*
428 2554 445 2587 ι
489 2536 661 2597 Αὐτὸς
709 2535 931 2604 ἱλασμός
981 2538 1129 2588 ἐστιν
1160 2537 1300 2607 ὑπὲρ
1349 2539 1456 2591 τῶν
1497 2543 1784 2614 ἁμαρτιῶν

200 2625 348 2696 ἡμῶν
372 2643 383 2655 ·
415 2626 516 2694 οὑχ
559 2626 695 2694 ὑπὲρ
727 2624 834 2676 τῶν
884 2626 1165 2696 ἡμετέρων
1200 2627 1254 2679 δὲ
1291 2628 1471 2696 μόνον,
1522 2632 1655 2689 ἀλλά
1694 2636 1784 2690 καὶ

201 2717 337 2787 ὑπὲρ
359 2717 481 2773 ὅλου
519 2714 868 2785 τοῦ-κόσμου.
905 2735 923 2765 ι

272 2936 307 2965 1-
337 2915 629 2985 Μακάρεοε
664 2914 721 2966 ὃν
750 2912 976 2978 ἐξελέξω
1012 2917 1105 2968 καὶ
1138 2917 1496 2986 προσελάϐου,
1531 2924 1785 2991 κατοική-

204 3024 280 3059 σει
319 3010 375 3059 ὲν
408 3010 532 3067 ταῖς
574 3005 763 3069 αὐλαῖς
803 3022 918 3058 σου.
950 3026 965 3055 ι
1016 3008 1078 3058 0i
1106 3007 1166 3071 ἐξ
1196 3010 1450 3062 ἁπάντων
1478 3012 1583 3064 τῶν
1618 3013 1783 3066 ἐθνῶν

1884 1904 2104 1971 Scriptis
2127 1904 2447 1973 consignata
2478 1916 2626 1959 sunt.
2661 1903 2765 1958 Sed
2803 1904 2837 1955 ii
2887 1902 3105 1971 quidem
3150 1920 3166 1951 ι
3198 1902 3460 1957 dominati

1884 2002 2014 2048 sunt
2043 1994 2223 2058 nobis,
2274 2016 2291 2045 ι
2323 1996 2620 2050 secundum
2660 1994 3078 2066 Symmachum;
3122 2002 3176 2047 tu
3207 2009 3464 2049 veronon

1882 2086 2181 2155 despexisti
2214 2103 2335 2151 nos,
2373 2087 2624 2149 Domine,
2660 2087 2752 2141 sed
2788 2087 3115 2155 propitiatus
3168 2085 3465 2157 impietati-

1884 2177 1988 2232 bus
2020 2179 2250 2240 nostris.
2285 2178 2485 2232 misisti
2516 2178 2957 2246 prspitiatiouem
2996 2177 3177 2240 nobis,
3209 2190 3313 2245 qua
3364 2177 3465 2229 im-

1887 2271 2120 2338 pietates
2175 2279 2602 2339 praetergressus
2657 2278 2894 2330 nostras,
2948 2269 3193 2337 placatus
3221 2266 3463 2321 evasisti.

1888 2362 2019 2429 Qua:
2038 2376 2201 2430 porro
2230 2361 2302 2414 sit
2338 2362 2427 2414 illa
2484 2359 2818 2430 propitiatio,
2878 2358 3370 2426 docet~Apostolus
3400 2357 3469 2410 de

1891 2452 2183 2507 Servatore
2242 2454 2465 2507 dicens:
2509 2472 2526 2503 ι
2568 2450 2737 2517 Quem
2780 2450 3063 2519 proposuit
3111 2448 3253 2503 Deus
3288 2448 3468 2515 propi—

1890 2547 2172 2602 tiatiouem
2204 2563 2300 2616 per
2330 2546 2487 2599 fidem
2520 2545 2572 2597 in
2600 2544 2863 2611 sanguine
2886 2540 3057 2610 ipsius
3088 2539 3159 2605 ‘9;
3205 2557 3222 2589 ι
3258 2553 3318 2591 ac
3344 2554 3467 2591 rur-

1888 2654 2051 2693 sum:
2094 2657 2110 2689 ι
2146 2638 2262 2707 Ipse
2299 2636 2615 2707 propitiatio
2657 2643 2740 2689 est
2775 2648 2872 2702 pro
2928 2630 3166 2700 peccatis
3213 2630 3419 2684 nostris
3453 2645 3467 2682 :

1891 2747 1998 2785 non
2052 2747 2147 2800 pro
2210 2730 2415 2785 nostris
2466 2736 2643 2783 autem
2698 2735 2933 2790 tantum,
3003 2726 3093 2780 sed
3136 2740 3245 2794 pro
3302 2722 3470 2776 totius

1892 2822 2079 2875 mundi
2116 2822 2176 2872 ‘9.
2216 2841 2232 2871 ι

1963 2934 2128 2989 Vins.
2168 2935 2285 2989 5-9.
2342 2954 2357 2985 ι
2388 2934 2590 2989 Beatus
2627 2947 2787 3003 quem
2830 2932 3037 3002 elegiin
3087 2940 3138 2986 et
3169 2929 3470 3003 assumpsi-

1891 3027 1982 3089 sti,
2036 3027 2363 3081 inhabitabit
2411 3026 2462 3079 in
2516 3024 2671 3079 atriis
2716 3025 2844 3078 tuis.
2888 3043 2906 3075 ι
2964 3022 3067 3089 Qui
3103 3039 3169 3077 ex
3214 3021 3470 3075 omnibus
3556 3086 3557 3089 η

205 3097 661 3169 ἐπιστρέψαντες,
705 3098 804 3160 τὰς
836 3097 1043 3150 ἑαυτῶν
1091 3100 1345 3165 ἀσεϐείας
1389 3103 1782 3175 ἐξομολογησά-

1893 3121 2149 3189 gentibus
2176 3118 2426 3174 conversi
2452 3127 2601 3180 sunt,
2630 3115 2940 3184 impietates
2961 3112 3199 3168 confessi
3234 3128 3385 3175 suas,
3410 3119 3470 3164 ut

211 3208 371 3259 μενοι,
407 3192 504 3243 καὶ
534 3190 610 3253 ὡς
641 3190 1056 3261 κατηξιώθησαν
1088 3192 1179 3244 τοῦ
1222 3193 1470 3265 ἱλασμοῦ,
1508 3198 1787 3269 προκοπὴν

202 3281 613 3343 ἐπιδείκνυνται,
664 3282 757 3335 καὶ
798 3282 977 3353 ψυχῆς
1018 3283 1287 3351 ὠφέλειαν
1332 3286 1551 3358 πολλὴν,
1589 3290 1788 3357 γνῶσιν

203 3373 548 3444 ἀνειληφέναι
587 3374 929 3438 διδάσκοντες
966 3376 1059 3429 τοῦ
1090 3378 1305 3448 ἀληθῶς
1341 3381 1631 3451 μακαρίου.
1681 3383 1790 3435 Πά-

206 3463 289 3516 λαι
333 3467 429 3535 μὲν
470 3467 580 3536 γὰρ
618 3466 711 3517 τὸν
753 3467 946 3537 θνητὸν
998 3469 1111 3538 βίον
1167 3471 1259 3523 καὶ
1306 3471 1403 3540 τὴν
1458 3472 1789 3543 πρόσκαιρον

209 3554 345 3625 ζωὴν
392 3557 565 3626 μόνην
594 3556 810 3619 εἰδότες,
865 3558 1083 3622 πάντως
1136 3578 1236 3612 που
1290 3562 1625 3631 ἐμακάριζον
1664 3565 1790 3625 τοὺς

208 3646 402 3717 ταύτης
455 3647 849 3711 ἀπολαύοντας,
893 3649 1045 3712 τέλος
1089 3651 1283 3721 ἡδονὴν
1323 3651 1651 3722 ὁριζόμενοι,
1698 3654 1790 3705 και⁵

209 3736 498 3800 πλούτους,
554 3739 647 3790 καὶ¹
693 3738 791 3808 τὴν
830 3739 889 3789 ὲν
942 3739 1152 3808 σώματι
1196 3742 1434 3811 τρυφή-α’
1489 3742 1583 3793 νῦν
1622 3743 1666 3795 δ’
1702 3743 1787 3795 ὅτε

208 3828 537 3896 τετυχήκασι
577 3826 669 3879 τοῦ
720 3826 970 3897 ἱλασμοῦ,
1019 3830 1111 3881 καὶ
1157 3828 1255 3890 τὰς
1290 3829 1497 3883 ἑαυτῶν
1537 3830 1789 3893 ἀσεϐείας

210 3918 656 3989 ἀπεκαθήραντο,
704 3918 906 3986 γνῶσιν
952 3919 1274 3989 ἀνειλήφασι
1315 3919 1408 3972 τοῦ
1441 3920 1656 3990 ἀληθῶς
1692 3938 1792 3991 μα-

211 4008 392 4079 καρίου
414 4027 426 4038 ·
474 4011 568 4062 καὶ
594 4010 779 4063 τοῦτον
807 4006 945 4063 εἶναί
986 4028 1117 4079 φασι
1149 4011 1239 4062 τὸν
1271 4010 1375 4062 ὑπὸ
1410 4010 1545 4062 Θεοῦ
1574 4010 1791 4078 ἐκλεγό-

214 4117 363 4168 μενον
394 4101 490 4152 καὶ
512 4100 608 4169 τῆς
644 4100 734 4152 ὑπ’
767 4099 929 4153 αὑτοῦ
963 4099 1321 4170 προσλήψεως
1352 4099 1787 4170 κατηξιωμένον·

210 4187 285 4241 διό
322 4207 486 4258 φασι·
539 4192 745 4253 Πάντες
788 4193 950 4260 ἡμεῖς
982 4192 1080 4261 τῆς
1125 4190 1368 4261 κλήσεως
1410 4191 1792 4260 κατηξιώμεθα

210 4284 257 4336 οἱ
302 4285 468 4337 πάλαι
519 4285 670 4347 ὄντες
729 4285 892 4354 σάρξ*
944 4284 1058 4337 ἀλλ’
1116 4286 1292 4354 ἴσμεν,
1345 4286 1426 4337 δτι
1470 4285 1651 4337 πολλοὶ
1694 4286 1793 4355 μὲν

211 4373 439 4445 κλητοὶ,
486 4376 657 4444 ὀλίγοι
708 4377 762 4430 δὲ
814 4377 1078 4430 ἐκλεκτοί.
1132 4358 1391 4440 ¹Εἰκότως
1453 4375 1544 4430 οὖν
1598 4378 1677 4441 ὼς
1728 4377 1792 4432 ἂν

1894 3207 2287 3278 propitiatione
2321 3204 2551 3274 dignati,
2587 3202 2890 3273 profectum
2933 3201 3234 3268 animmque
3265 3197 3471 3250 utilita-

1891 3309 1998 3353 tem
2046 3299 2301 3360 multam,
2346 3296 2495 3350 illius
2525 3296 2617 3364 qui
2646 3308 2773 3346 vere
2815 3292 3016 3345 beatus
3049 3298 3131 3344 est
3163 3289 3353 3343 notitia
3386 3286 3471 3340 in-

1892 3388 2111 3449 structi,
2169 3385 2454 3439 exhibent.
2521 3381 2664 3437 Olim
2712 3396 2950 3450 namque
3004 3396 3127 3434 enim
3184 3379 3470 3433 mortalem

1892 3488 2107 3533 tantum
2164 3489 2217 3532 et
2272 3485 2681 3544 temporaneam
2738 3474 2902 3527 vitam
2966 3481 3211 3535 nossent,
3262 3469 3353 3537 qui
3409 3482 3474 3522 ea

1896 3569 2209 3623 fruerentur
2265 3567 2454 3619 beatos
2500 3562 2727 3617 omnino
2782 3560 3175 3632 praedicabant,
3230 3557 3474 3625 volupta-

1894 3671 2022 3722 tem,
2057 3659 2302 3721 divitias,
2339 3655 2589 3725 corporis
2620 3653 2845 3708 delicias
2869 3667 2969 3721 pro
3000 3650 3105 3703 line
3133 3647 3475 3701 constituen-

1894 3760 1997 3806 tes.
2047 3750 2205 3804 Nunc
2239 3764 2367 3803 vero
2397 3745 2843 3817 propitiationem
2884 3741 3053 3803 nacti,
3103 3736 3475 3806 depositisque

1895 3841 2194 3909 impietatis
2231 3838 2513 3901 sordibus,
2566 3835 2717 3887 illius
2754 3831 2847 3901 qui
2880 3846 3007 3884 vere
3040 3830 3231 3883 beatus
3269 3834 3355 3881 est
3386 3840 3476 3879 co-

1892 3933 2193 4001 gnitionem
2228 3929 2410 3997 adepti
2445 3934 2607 3987 sunt,
2632 3924 2890 3991 huncque
2913 3936 3037 3976 esse
3068 3920 3280 3979 dicunt,
3310 3930 3471 3987 quem

1897 4023 2040 4077 Deus
2061 4036 2345 4076 assumere
2366 4026 2419 4071 et
2443 4018 2645 4087 eligere
2670 4014 2928 4085 dignatus
2952 4019 3068 4065 est:
3091 4024 3261 4079 quare
3286 4009 3473 4065 aiunt:
3498 4061 3511 4066 -

1896 4114 2006 4168 Nos
2042 4127 2234 4165 omnes
2263 4110 2548 4163 vocatione
2575 4105 2725 4175 digni
2761 4104 2938 4158 habiti
2969 4117 3186 4166 sumus,
3222 4100 3313 4171 qui
3344 4100 3473 4153 olim

1894 4219 2026 4259 caro
2059 4218 2278 4256 eramus
2311 4199 2448 4253 :sed
2494 4197 2702 4251 scimus
2750 4194 2950 4248 multos
2980 4200 3226 4255 vocatos,
3269 4206 3475 4261 paucos

1894 4296 2104 4348 electos
2133 4306 2255 4345 esse
2282 4310 2293 4343 :
2318 4290 2443 4359 jure
2476 4288 2639 4358 igitur
2660 4287 2914 4345 electum,
2947 4292 3135 4354 utpote
3166 4284 3259 4352 qui
3288 4297 3475 4351 perra-

1900 4399 1993 4437 rus
2030 4382 2121 4445 sit,
2153 4380 2373 4433 beatum
2405 4376 2789 4447 praedicamus.
2823 4373 2959 4439 Quis
2992 4375 3081 4426 ille
3101 4380 3208 4433 est,
3239 4370 3347 4424 nisi
3379 4370 3471 4439 qui

212 4466 434 4519 σπάνιον
483 4467 858 4538 μακαρίζομεν
907 4468 1013 4532 τὸν,
1047 4468 1321 4520 ἐκλεκτόν.
1385 4468 1480 4530 Τίς
1535 4468 1605 4521 δέ’
1649 4470 1782 4521 ἐστικ.

1900 4488 1967 4527 ex
2001 4471 2189 4525 multis
2223 4475 2544 4539 segregatus
2587 4477 2638 4521 et
2670 4482 2698 4519 a
2734 4458 3186 4533 Deorassuniptus
3218 4459 3339 4515 est?
3373 4459 3475 4514 Ec-

213 4551 359 4621 οῦτος
405 4557 584 4629 ἀλλ’ἢ
642 4560 670 4610 6
723 4558 1040 4630 ἀφορισθεὶς
1091 4558 1201 4609 τῶν
1250 4558 1459 4610 πολλῶν
1506 4560 1603 4610 καὶ
1660 4560 1789 4611 ἀνα-

212 4646 433 4718 ληφθεὶς
476 4650 579 4701 ὑπὸ
626 4649 721 4702 τοῦ
758 4650 926 4712 Θεοῦ;
979 4650 1087 4702 Καὶ¹
1140 4649 1258 4711 πῶς
1286 4648 1393 4718 γάρ
1439 4650 1499 4700 οὐ
1528 4650 1795 4719 μακάριος

214 4738 423 4811 ἀληθῶς
490 4742 517 4792 6
548 4739 809 4805 τοιοῦτος,
859 4741 1042 4805 ὁπότε,
1084 4740 1192 4792 τῶν
1225 4740 1319 4791 δύο
1356 4738 1561 4791 τούτων
1595 4738 1791 4808 τυχὼν,

212 4828 353 4897 λέγω
382 4830 440 4882 δὲ
466 4831 563 4900 τῆς
592 4830 823 4900 ἐκλογῆς
860 4832 955 4883 καὶ
985 4830 1085 4899 τῆς
1110 4830 1204 4883 τοῦ
1236 4830 1375 4883 Θεοῦ
1414 4829 1789 4900 προσλήψεως,

216 4919 398 4990 ἐτέρου
448 4921 751 4991 κρείττονος
786 4921 1290 4992 καταξιωθήσεταις
1340 4923 1657 4992 κατοικήσει
1688 4922 1795 4993 γὰρ

216 5012 271 5062 ὲν
313 5014 435 5074 ταῖς
482 5012 669 5074 αὐλαῖς
718 5012 812 5064 τοῦ
841 5012 995 5071 Θεοῦ.
1056 5013 1177 5065 Kal?
1215 5012 1419 5082 ταύτην
1463 5012 1649 5065 λοιπὸν
1698 5012 1796 5083 τὴν

222 5103 383 5173 μονὴν
446 5104 617 5175 εὑρὼν
670 5106 765 5158 καὶ
820 5106 920 5175 τὴν
982 5106 1331 5169 ἀνάπαυλαν,
1385 5104 1618 5158 ἐνταῦθα
1668 5123 1797 5175 στη-

222 5193 529 5265 ριχθήσεται
561 5211 574 5224 ·
636 5195 695 5247 τὸ
739 5195 890 5259 τέλος
932 5196 1134 5264 ἀγαθὸν
1185 5196 1340 5249 τοῦτο
1388 5195 1695 5259 ἀπολαύων,
1735 5188 1795 5247 οῦ

217 5288 396 5354 τυχεῖν
426 5288 518 5339 καὶ
549 5286 705 5349 ἄλλος
731 5286 931 5357 ηύχετο
976 5288 1261 5359 προφήτης
1301 5289 1329 5339 6
1364 5287 1532 5351 εἰπών
1554 5305 1565 5316 ·
1606 5307 1622 5337 ι
1648 5288 1801 5340 Ἐπμ

221 5376 372 5427 ποθεῖ
419 5378 512 5429 καὶ
557 5376 794 5429 ἐκλείπει
832 5379 869 5447 ἠ
900 5376 1044 5447 ψυχή
1096 5395 1195 5447 μου
1239 5381 1317 5441 εἰς
1357 5378 1456 5441 τὰς
1497 5378 1662 5441 αὐλὰς
1700 5378 1803 5431 τοῦ

222 5467 446 5537 Κυρίου.
476 5490 493 5520 ι
531 5469 694 5522 Αὐλαὶ
721 5471 782 5523 δὲ
805 5469 899 5523 τοῦ
933 5471 1136 5541 Κυρίου
1167 5470 1304 5522 εἰσὶν
1340 5474 1393 5522 αἱ
1423 5473 1543 5523 κατ’
1568 5472 1794 5542 ούρανδν

228 5561 402 5630 μοναὶ,
429 5562 555 5631 περῖ
580 5555 650 5613 ὧν
675 5563 883 5633 εἴρηται
906 5564 963 5615 ὲν
984 5560 1316 5631 Εὐαγγελίῳ·
1356 5579 1374 5611 ι
1405 5561 1615 5613 [fallar
1638 5562 1795 5631 μοναὶ

301 5736 340 5765 ί·
370 5732 647 5803 Rom..tu,
682 5735 774 5790 25.

881 5738 923 5768 η
953 5733 977 5787 ι
1003 5732 1158 5790 Jean.
1194 5750 1255 5801 ιι,
1279 5734 1336 5791 2.
1412 5736 1459 5769 ”
1484 5734 1607 5790 Psal
1671 5748 1902 5799 Lxxxm,
1941 5734 1993 5789 5.

1896 4564 1990 4632 qui
2025 4576 2130 4614 non
2158 4575 2286 4615 vere
2320 4559 2535 4613 beatus
2556 4558 2625 4611 sit
2655 4556 2747 4626 qui
2780 4553 3095 4621 hujusmodi
3125 4559 3229 4612 est,
3255 4549 3476 4618 quando

1895 4652 2004 4705 duo
2043 4650 2157 4703 haec
2201 4664 2231 4701 a
2267 4647 2377 4701 Deo
2422 4653 2774 4709 consecutus,
2806 4644 3127 4697 electionem
3178 4639 3388 4692 scilicet
3422 4644 3476 4691 et

1897 4741 2352 4809 assumptionem,
2387 4740 2493 4793 alio
2541 4737 2917 4808 praestantiore
2951 4730 3301 4802 dignabitur?
3349 4744 3474 4783 nam

1897 4831 2229 4886 iuhabitabit
2262 4832 2317 4884 in
2349 4831 2506 4884 atriis
2536 4828 2653 4882 Dei.
2701 4826 2765 4879 Et
2794 4826 2896 4878 bac
2927 4824 3146 4878 inventa
3194 4822 3478 4877 mansione

1895 4933 1949 4980 et
1974 4926 2186 4995 quiete,
2211 4924 2337 4977 istic
2364 4919 2801 4981 continuabitur,
2832 4916 3046 4984 ﬁneque
3076 4914 3221 4967 bono
3243 4912 3477 4972 fruetur.

1900 5033 2061 5086 quem
2134 5015 2383 5071 nancisci
2448 5012 2676 5082 rogabat
2732 5010 2875 5063 alius
2920 5006 3185 5085 propheta
3241 5004 3475 5061 dicens:

1902 5126 1920 5158 ι
1957 5107 2311 5175 Concupiscit
2346 5112 2399 5159 et
2445 5102 2633 5158 deﬁcit
2674 5100 2856 5153 anima
2908 5113 3029 5153 mea
3080 5098 3134 5152 in
3189 5096 3328 5151 atria
3372 5093 3479 5147 Do-

1899 5196 2034 5250 mini
2066 5197 2135 5250 ὀ.
2173 5215 2190 5247 ι
2229 5195 2379 5247 Atria
2425 5208 2557 5248 vero
2605 5191 2818 5244 Domini
2863 5197 2989 5245 sunt
3021 5188 3274 5245 caelestes
3323 5201 3479 5240 man-

1904 5289 2111 5349 siones,
2168 5288 2235 5341 de
2285 5286 2485 5355 quibus
2537 5285 2739 5339 dicitur
2771 5283 2824 5336 in
2876 5280 3172 5350 Evangelio
3204 5298 3216 5333 :
3253 5296 3272 5329 ι
3323 5276 3477 5347 Apud

1904 5378 2121 5433 Patrem
2160 5378 2474 5431 mansiones
2525 5375 2709 5428 multa:
2732 5374 2801 5428 υ.
2834 5392 2853 5425 ι
2890 5371 2939 5427 Is
2973 5373 3155 5441 itaque
3200 5385 3268 5423 ex
3304 5367 3478 5438 genti-

1902 5470 2025 5531 bus,
2055 5469 2148 5537 qui
2198 5468 2326 5521 olim
2368 5481 2498 5520 caro
2541 5476 2677 5528 erat,
2733 5464 2826 5520 sed
2868 5464 2977 5532 jam
3019 5470 3282 5523 mutatus,
3315 5459 3478 5511 homo

1907 5558 2000 5613 Dei
2038 5558 2265 5612 effectus
2291 5564 2395 5619 est,
2421 5571 2543 5610 eum
2568 5554 2658 5625 qui
2689 5561 3007 5624 segregatus
3042 5559 3094 5606 et
3126 5550 3236 5621 jam
3268 5547 3502 5611 electu}.

2077 5736 2117 5766 ²¹
2148 5731 2303 5788 Joan.
2340 5747 2453 5797 xiv,
2483 5732 2561 5796 2.,
