3808 6280
268 5444 271 5447 -
353 5415 440 5475 nis
493 5412 692 5466 domus
747 5422 856 5467 tua:

346 304 446 360 031

1024 298 1290 354 EUSEBII
1323 298 1801 354 CAESARIENSIS
1833 298 1984 356 OPP.
2021 296 2202 353 PARS
2242 295 2330 352 lll.
2369 328 2441 339 —
2480 294 2887 356 EXEGETICA.
3479 299 3563 356 63‘!

348 424 433 480 est
469 417 682 471 beatum
715 412 1006 488 praedicat;
1045 421 1232 483 utpote
1260 415 1351 484 qui
1401 429 1432 467 a
1476 413 1584 470 Deo
1609 423 1925 484 assumptus

2034 413 2181 486 παρὰ
2215 413 2291 484 τῷ
2311 415 2506 485 Πατρί.
2539 434 2556 465 ι
2611 416 2668 468 '0
2703 415 2878 467 τοίνυν
2910 413 2969 477 ἐξ
2995 413 3163 468 ἐθνῶν
3188 413 3352 468 πάλαι
3385 416 3473 485 μὲν
3506 418 3565 470 ὣν

347 518 403 566 et
453 509 508 564 in
562 507 698 564 atria
747 505 1010 560 caelestis
1039 504 1340 561 Jerusalem
1391 506 1692 564 translatus
1739 506 1922 561 fuerit.

354 617 373 652 ι
405 598 753 670 Replebimur
799 599 854 653 in
904 596 1064 656 bonis
1119 597 1316 651 domus
1362 603 1507 650 tuae:
1541 603 1790 651 sanctum
1843 605 1926 650 est

349 689 608 758 templum
666 695 847 753 tuum,
897 688 1149 742 mirabile
1195 689 1249 744 in
1277 687 1513 756 justitia.
1552 707 1570 738 I
1607 687 1708 752 Qui
1759 703 1926 756 supra

346 777 634 834 memorati
665 790 813 846 sunt,
852 779 995 834 bona
1027 777 1296 843 caelestia,
1338 778 1496 847 queis
1527 777 1821 846 praedictus
1843 778 1928 832 vir

349 871 542 926 beatus
587 871 787 941 dignus
835 872 1058 928 habitus
1092 878 1198 935 est,
1254 871 1516 939 consequi
1552 877 1925 939 peroptantes,

345 963 499 1018 aiunt
527 983 540 1017 :
574 981 591 1016 ι
620 962 972 1031 Réplebimur
1005 962 1059 1016 in
1094 962 1254 1016 bonis
1284 960 1481 1016 domus
1517 968 1639 1016 ιιιιε.
1693 979 1710 1012 ι
1749 961 1927 1016 Caele-

347 1060 486 1106 stem
527 1053 674 1106 enim
705 1053 855 1106 illam
884 1051 978 1107 Dei
1011 1052 1258 1116 domum,
1301 1050 1460 1120 cujus
1493 1050 1546 1110 in
1579 1050 1735 1104 atriis
1761 1050 1806 1103 is
1832 1049 1924 1117 qui

341 1141 455 1209 jam
505 1144 712 1198 electus
755 1143 858 1197 fuit
919 1144 1252 1201 constitutus
1313 1151 1417 1205 est,
1475 1142 1644 1211 probe
1701 1151 1923 1198 norunt.

347 1233 714 1298 Quamobrem
748 1241 1064 1303 precantur,
1093 1250 1151 1288 se
1177 1248 1400 1302 quoque
1431 1241 1744 1302 opportuno
1784 1243 1924 1288 tem-

347 1340 480 1394 pore
523 1325 768 1380 cmlestia
817 1326 906 1378 illa
950 1326 1090 1382 bona
1135 1326 1422 1394 consequi.
1452 1324 1607 1390 Quod
1650 1324 1696 1377 si
1729 1325 1927 1378 domus

348 1414 444 1468 Dei
475 1415 720 1473 Ecclesia
749 1416 869 1484 ejus
899 1417 970 1470 sit
1003 1416 1306 1472 secundum
1332 1416 1678 1485 Apostolum,
1703 1415 1795 1484 qui
1819 1415 1922 1468 ait:

354 1527 372 1556 ε
409 1505 475 1561 Ut
516 1507 660 1562 scias
696 1507 972 1577 quomodo
1001 1517 1250 1573 oporteat
1292 1515 1342 1561 te
1380 1507 1434 1564 in
1465 1507 1629 1568 domo
1663 1505 1755 1560 Dei
1804 1497 1928 1559 con-

347 1597 580 1660 versari,
609 1613 730 1666 qua:
763 1603 847 1652 est
882 1595 1126 1650 Ecclesia
1163 1595 1255 1651 Dei
1301 1598 1434 1660 vivi,
1471 1598 1727 1654 columna
1759 1604 1812 1651 et
1838 1595 1927 1648 ﬁr-

350 1693 686 1739 mamentum
735 1685 984 1739 veritatis
1010 1686 1090 1750 ”;
1126 1705 1143 1736 ι
1171 1685 1296 1754 jure
1338 1687 1528 1742 dicunt
1557 1707 1570 1739 :
1603 1685 1801 1741 Beatus
1836 1686 1926 1740 ille

2030 504 2188 574 σὰρξ,
2229 503 2546 574 μεταϐαλὼν
2575 505 2632 558 δὲ
2671 506 2762 558 καὶ
2802 504 3091 575 γενόμενος
3128 503 3264 558 Θεοῦ
3293 505 3564 574 ἄνθρωπος,

2031 595 2322 666 μακαρίζει
2366 596 2458 648 τὸν
2504 595 2780 666 ἐξαίρετον
2827 597 2921 648 καὶ
2966 596 3065 665 ἥδη
3105 595 3388 648 ἐκλεκτόν·
3425 598 3492 661 ὡς
3518 600 3569 652 ἂν

2029 686 2442 756 προσληφθέντα
2480 687 2585 740 ὑπὸ
2627 687 2720 740 τοῦ
2753 686 2889 739 Θεοῦ
2927 688 3020 739 καί
3064 687 3477 758 παραληφθέντα
3508 694 3572 756 είς

2027 776 2126 840 τὰς
2172 777 2340 840 αὐλὰς
2375 779 2475 848 τῆς
2515 779 2834 847 ἐπουρανίου
2878 778 3252 848 Ἰερουσαλήμ.
3293 797 3310 828 ι
3352 779 3571 850 Πλησθη-

2030 866 2237 936 σόμεθα
2271 868 2328 920 ἐν
2349 871 2461 930 τοῖς
2493 867 2718 935 ἀγαθοῖς
2755 867 2850 919 τοῦ
2882 866 3032 920 οἴκου
3062 884 3155 920 σου
3177 886 3188 897 ·
3242 868 3394 935 ἅγιος
3422 872 3448 922 ὀ
3472 871 3574 933 ναός

2031 971 2162 1018 σου,
2214 956 2524 1025 θαυμαστὸς
2567 958 2625 1008 ὲν
2663 954 2994 1026 δικαιοσύνῃ.
3024 974 3042 1006 ι
3089 957 3152 1009 Οἱ
3197 957 3572 1028 προλεχθὼτες,

2029 1050 2210 1114 τυχεῖν
2243 1047 2526 1116 εὐχόμενοι
2559 1046 2652 1098 καὶ
2674 1045 2828 1098 αὐτοὶ
2868 1045 2975 1098 τῶν
3004 1047 3341 1117 ἐπουρανίων
3368 1048 3574 1114 ἀγαθῶν,

2029 1133 2108 1198 ὧν
2142 1137 2366 1206 ἠξίωται
2403 1139 2430 1190 ό
2458 1138 2855 1207 προειρημένος
2887 1139 3173 1207 μακάριος,
3205 1139 3399 1207 φασίν·
3439 1141 3578 1210 «Πλη-

2032 1225 2343 1297 σθησόμεθα
2376 1227 2433 1279 ἐν
2461 1229 2571 1289 τοῖς
2607 1225 2832 1293 ἀγαθοῖς
2860 1226 2954 1278 τοῦ
2983 1227 3132 1278 οἴκου
3171 1243 3284 1279 σου.
3325 1247 3344 1278 ι
3399 1229 3577 1295 Ἔγνω-

2032 1334 2130 1370 σαν
2163 1317 2273 1386 γὰρ
2320 1315 2410 1367 τὸν
2453 1311 2602 1368 οἷκον
2641 1314 2736 1366 τοῦ
2765 1314 2900 1368 Θεοῦ
2951 1314 3039 1367 τὸν
3079 1316 3416 1385 ἐπουράνιον,
3448 1313 3502 1370 ob
3535 1320 3578 1370 iv

2027 1409 2148 1470 ταῖς
2183 1407 2374 1467 αὐλαῖς
2410 1406 2439 1458 6
2482 1405 2584 1474 ἢδη
2617 1405 2873 1467 ἐκλεκτὸς
2911 1405 3328 1458 κατατέτακται.
3375 1407 3462 1459 Διὸ
3493 1409 3580 1460 ἱκε-

2029 1493 2247 1546 τεύουσι
2298 1490 2476 1561 καιρῷ
2512 1507 2644 1544 ποτε
2690 1491 2786 1546 καὶ
2816 1492 2968 1544 αὐτοὶ
3007 1496 3187 1560 τυχεῖν
3229 1493 3340 1546 τῶν
3379 1498 3580 1565 ἐπουρα-

2031 1584 2161 1637 νίων
2221 1580 2460 1648 ἀγαθῶν.
2519 1581 2585 1636 Ei.
2633 1580 2690 1632 δὲ
2743 1581 2835 1633 καὶ
2879 1577 3024 1643 οἶκος
3063 1580 3198 1634 Θεοῦ
3249 1585 3281 1651 ἡ
3319 1583 3582 1654 Ἐκκλησία

2029 1671 2195 1726 αὑτοῦ
2243 1675 2358 1725 ἐστι
2409 1671 2551 1724 κατά
2594 1671 2686 1724 τὸν
2739 1671 3058 1726 Ἀπόστολον
3104 1675 3386 1742 φήσαντα·
3438 1695 3455 1726 ι
3489 1678 3584 1730 Ἵνα

344 1779 457 1846 jam
511 1787 657 1833 tuam
703 1786 1038 1834 consecutus
1088 1789 1173 1836 est
1215 1781 1573 1846 electionem;
1620 1797 1719 1834 nos
1772 1793 1922 1842 Vero,

2034 1763 2142 1834 [δῃς
2173 1763 2287 1826 πῶς
2325 1762 2406 1814 δεῖ.
2432 1764 2488 1816 ὲν
2521 1763 2656 1832 οἴκῳ
2671 1761 2803 1815 Θεοῦ
2834 1764 3287 1834 ἀναστρέφεσθαι,
3320 1767 3440 1836 ἥτις
3464 1769 3582 1819 ἐστὶν

348 1872 440 1938 qui
475 1871 713 1924 nondum
742 1872 879 1926 tales
901 1887 1115 1932 sumus,
1149 1871 1242 1926 sed
1275 1871 1451 1925 adhuc
1481 1873 1655 1926 induti
1687 1871 1922 1942 [carne],

347 1962 649 2028 gaudemus
681 1963 838 2032 fquod
885 1963 996 2031 jam
1035 1963 1123 2017 hic
1173 1963 1480 2025 constituti,
1532 1964 1690 2017 bonis
1729 1964 1926 2019 domus

349 2059 455 2106 kne
485 2052 753 2118 fruamur,
801 2054 1003 2110 divinis
1032 2055 1245 2109 scilicet
1289 2054 1659 2116 sermonibus,
1707 2055 1924 2124 sapien-

345 2145 438 2204 tiae
477 2144 808 2214 disciplinis.
855 2155 908 2200 et
944 2145 1125 2201 sancti
1176 2143 1416 2215 Spiritus
1472 2145 1924 2209 cbarismatibus,

346 2236 508 2304 queis
537 2236 736 2291 domus
767 2236 861 2292 Dei
893 2245 1190 2291 exornatur
1223 2259 1234 2290 :
1273 2255 1292 2287 ι
1327 2236 1431 2294 Alii
1459 2237 1602 2292 enim
1627 2253 1722 2306 per
1753 2235 1926 2306 Spiri-

346 2337 462 2380 tum
508 2328 670 2382 datur
713 2343 896 2382 sermo
945 2328 1251 2396 sapientiae,
1308 2328 1396 2384 alii
1446 2343 1632 2382 sermo
1664 2328 1927 2392 scientiae,

348 2420 441 2474 alii
474 2419 606 2475 fides
647 2420 700 2472 in
741 2419 935 2483 eodem
968 2417 1198 2488 Spiritu,
1243 2419 1335 2474 alii
1371 2420 1514 2474 dona
1552 2423 1925 2487 curationum,

349 2511 438 2564 alii
472 2525 670 2578 genera
695 2512 1006 2581 linguarum
1031 2510 1101 2574 ",
1141 2531 1158 2563 ι
1186 2517 1240 2565 et
1272 2510 1378 2563 alia
1399 2526 1519 2580 quae
1545 2512 1762 2568 divinus
1784 2513 1926 2581 Apo-

348 2601 525 2655 stolus
575 2603 939 2660 euumeravit.
1001 2599 1116 2658 Hoc
1170 2617 1230 2658 se
1279 2603 1464 2672 itaque
1525 2614 1788 2672 apparatu
1845 2605 1928 2657 in-

348 2697 570 2744 struunt
601 2692 693 2760 qui
728 2691 956 2746 meliora
981 2692 1402 2761 concupiscunt.
1434 2689 1638 2746 Deinde
1669 2694 1795 2762 quia
1830 2693 1927 2749 do-

341 2773 476 2836 mus
511 2781 604 2836 Dei
647 2783 977 2837 mentionem
1025 2782 1296 2845 fecerunt,
1346 2793 1755 2853 consequenter
1804 2785 1932 2841 edo-

321 2880 475 2926 .cent
501 2888 750 2942 quamam
778 2874 871 2927 illa
905 2875 978 2928 sit
1007 2874 1296 2931 dicentes:
1330 2892 1348 2926 ι
1383 2874 1645 2930 Sanctum
1678 2885 1762 2932 est
1789 2885 1929 2931 tem-

346 2963 496 3031 plum
544 2970 721 3029 tuum,
768 2963 1022 3019 mirabile
1065 2965 1119 3019 in
1153 2965 1390 3033 justitia.
1427 2987 1445 3017 ι
1484 2965 1608 3022 llaec
1635 2970 1778 3024 enim
1831 2970 1928 3023 do.-

348 3067 472 3105 mus
521 3050 615 3106 Dei
667 3060 806 3117 erat,
851 3063 1103 3108 sanctum
1140 3057 1403 3125 templum
1449 3057 1591 3125 ejus.
1641 3057 1925 3129 Templum

2047 1852 2344 1924 Ἐκκλησία
2386 1851 2522 1906 Θεοῦ
2563 1852 2783 1917 ζῶντος,
2828 1852 3015 1916 στῦλος
3056 1856 3150 1907 καὶ
3196 1857 3470 1927 ἑδραίωμα
3504 1856 3585 1927 τῆς

2033 1944 2369 2014 ἀληθείαςοι
2427 1943 2653 2008 εἰκότως
2695 1947 2891 2014 φασιν,
2949 1947 3030 1998 ὅτι
3095 1947 3152 1999 '0
3199 1949 3297 2017 μὲν
3347 1948 3585 2019 μακάριος

2033 2037 2134 2108 ἤδη
2192 2037 2293 2106 τῆς
2343 2037 2495 2108 παρὰ
2548 2037 2632 2090 col.
2680 2038 2979 2108 τετύχηκεν
3031 2039 3295 2109 ἐκλογῆς·
3347 2033 3587 2109 ἡμεῖς’δὲ

2033 2129 2083 2181 οἱ
2111 2129 2246 2199 μηδέ
2258 2147 2338 2183 πω
2362 2128 2614 2192 τοιοῦτοι,
2646 2129 2725 2182 ἔτι
2753 2131 2810 2183 δὲ
2839 2128 3289 2200 περιϐεϐλημένοι
3314 2131 3586 2200 ἀγαπῶμεν

2035 2219 2285 2276 ἐντεῦθεν
2333 2221 2432 2294 ἢδη
2465 2223 2574 2275 τῶν
2615 2223 2674 2274 ὲν
2718 2221 2797 2292 τῷ
2835 2222 2968 2292 οἴκῳ
3007 2238 3100 2274 σου
3129 2221 3349 2288 ἀγαθῶν
3377 2221 3586 2277 ἀπολαύ-

2035 2328 2218 2375 οντες,
2273 2313 2448 2380 λόγων
2509 2313 2708 2383 δηλαδὴ
2757 2311 2917 2365 θείων
2966 2313 3060 2366 καλ¹
3111 2312 3220 2365 τῶν
3263 2315 3362 2384 τῆς
3421 2313 3588 2380 σοφίας

2039 2402 2379 2471 μαθημάτων
2416 2420 2475 2456 τε
2507 2403 2602 2456 καὶ
2643 2403 2996 2472 χαρισμάτων
3037 2402 3130 2454 τοῦ
3173 2403 3326 2470 ἁγίου
3361 2403 3588 2473 Πνεύμα-

2034 2508 2158 2554 τος,
2194 2486 2274 2554 οἷς
2301 2494 2642 2562 κεκόσμηται
2683 2494 2711 2544 ὁ
2740 2488 2887 2554 οἶκος
2922 2491 3016 2544 τοῦ
3047 2491 3211 2544 Θεοῦ·
3251 2490 3351 2562 ιτῼ
3383 2493 3476 2562 μὲν
3498 2493 3588 2564 γὰρ

2035 2581 2124 2634 διὰ
2163 2582 2256 2636 τοῦ
2307 2583 2620 2651 Πνεύματος
2673 2583 2869 2635 δίδοται
2915 2582 3072 2650 λόγος
3127 2584 3339 2651 σοφίας,
3369 2583 3505 2653 ἄλλῳ
3542 2584 3588 2636 δὲ

2036 2673 2192 2740 λόγος
2230 2672 2516 2740 γνώσεως,
2556 2675 2726 2746 ἑτέρῳ
2754 2675 2810 2727 δὲ
2844 2674 3025 2737 πίστις
3064 2677 3121 2728 ὲν
3150 2674 3227 2744 τῷ
3255 2675 3401 2745 αὑτῷ
3441 2674 3589 2727 11νεύ-

2039 2783 2201 2836 ματι,·
2265 2765 2408 2836 ἄλλῳ
2458 2768 2769 2836 χαρίσματα
2830 2767 3105 2835 ἰαμάτων,
3157 2767 3328 2837 ἑτέρῳ
3373 2766 3427 2818 δὲ
3477 2766 3587 2835 γένη

2037 2857 2319 2926 γλωσσῶν,
2353 2877 2370 2908 ι
2400 2857 2493 2910 καὶ
2523 2860 2620 2910 ὅσα
2647 2858 2780 2912 ἄλλα
2813 2858 3094 2924 κατέλεξεν
3121 2859 3148 2910 ὁ
3179 2858 3320 2921 θεῖος
3362 2859 3591 2910 Ἀπόστο·

2036 2947 2144 3010 λος.
2211 2947 2297 3002 Ἐν
2345 2947 2550 3010 τούτοις
2603 2944 2698 3000 οὖν.
2740 2949 2965 3012 ἑαυτοὺς
3008 2949 3506 3018 παρασκευάζουσιν
3551 2951 3588 3001 oi

2036 3041 2142 3095 τῶν
2192 3041 2513 3112 κρειττόνων
2561 3042 2856 3110 ἐφιέμενοι.
2909 3039 3025 3095 Εἶτ’
3068 3040 3255 3110 ἐπειδὴ
3303 3043 3426 3110 περὶ
3463 3042 3590 3093 οἷκον
3665 3105 3671 3111 ε

349 3147 532 3194 autem
583 3151 834 3195 sanctum
875 3141 968 3198 Dei
1019 3143 1317 3215 intelligas,
1373 3161 1480 3199 non
1531 3162 1813 3202 murorum
1847 3157 1926 3202 te-

2034 3129 2164 3182 Θεοῦ
2193 3129 2604 3202 ἐμνημόνευσαν
2625 3169 2638 3192 ,
2670 3130 2974 3192 ἀκολούθως
3013 3131 3193 3194 ὁποῖος
3230 3124 3385 3194 οὗτος
3412 3131 3592 3199 τυγχά-

349 3237 678 3301 ctorumque
712 3232 998 3297 fabricam,
1038 3235 1134 3289 sed
1166 3235 1299 3290 illud
1329 3235 1474 3306 quod
1498 3238 1612 3305 jam
1651 3255 1715 3294 ex
1740 3241 1931 3296 electis

351 3317 643 3378 animabus
688 3326 1066 3379 constituitur.
1116 3324 1326 3390 Sancti,
1376 3326 1586 3396 lapides
1627 3330 1734 3384 vivi
1771 3339 1929 3394 sunt;

351 3417 682 3486 domumque
709 3415 1056 3484 spiritualem
1087 3414 1154 3468 ad
1185 3428 1441 3474 sanctum.
1469 3419 1800 3474 sacrificium
1830 3420 1929 3473 de--

352 3507 636 3572 stinatam,
669 3515 876 3562 emtum
906 3507 1288 3577 religiosorum
1319 3508 1602 3562 hominum
1630 3524 1753 3564 esse
1778 3524 1933 3564 sacer

351 3597 645 3667 Apostolus
697 3597 885 3651 docuit
922 3597 1008 3651 his
1051 3598 1324 3652 verbiszt
1366 3597 1473 3654 Vos
1518 3607 1697 3654 autem
1740 3614 1932 3655 onmes

351 3687 548 3756 domus
581 3685 674 3742 Dei
711 3687 869 3750 estis,
912 3696 966 3742 et
1010 3686 1251 3756 Spiritus
1289 3687 1383 3744 Dei
1417 3689 1629 3746 habitat
1667 3690 1722 3744 in
1751 3691 1928 3746 vobis.

353 3773 411 3828 Si
449 3774 574 3845 quis
627 3775 887 3844 templum
940 3774 1033 3831 Dei
1080 3776 1392 3844 violaverit,
1447 3779 1728 3852 disperdet
1778 3780 1932 3835 illum

350 3864 516 3920 Deus.
547 3862 832 3935 Templum
875 3867 1021 3920 enim
1053 3865 1149 3922 Dei
1193 3879 1442 3924 sanctum
1475 3878 1580 3932 est,
1613 3870 1766 3940 quod
1801 3871 1934 3926 estis

350 3971 450 4008 vos
477 3954 543 4006 ".
578 3974 596 4006 ι
636 3953 762 4009 Ηωο
793 3963 974 4010 autem
1027 3972 1150 4010 cum
1190 3957 1349 4023 dixit,
1383 3957 1563 4012 aﬂinia
1593 3960 1810 4018 locutus
1849 3969 1934 4014 cst.

352 4042 516 4096 (lictis
547 4045 909 4116 prmsentibus
945 4064 956 4097 :
987 4063 1011 4095 ι
1038 4045 1299 4101 Sanctum
1331 4055 1417 4104 est.
1458 4051 1719 4118 templum
1754 4059 1929 4114 tuum,

351 4134 603 4188 mirabile
637 4135 945 4204 injustitia.
982 4157 998 4188 ι
1038 4135 1191 4191 Sicut
1219 4140 1363 4193 enim
1411 4143 1755 4198 sensibilium
1795 4151 1932 4197 tem-

351 4225 567 4294 plorum
622 4233 903 4280 structura
957 4229 1009 4280 in
1057 4230 1416 4289 admiratione
1461 4234 1779 4306 plerumque
1815 4242 1932 4297 est,

350 4315 501 4385 quod
531 4331 595 4371 ea
623 4317 870 4372 studiosa
905 4318 1163 4372 varietate
1204 4322 1542 4376 exaediﬁcata
1578 4324 1720 4388 sint;
1765 4338 1930 4379 aurea

350 4408 549 4480 quippe
581 4417 722 4462 lecta
776 4418 830 4462 ct
859 4410 1181 4480 anaglypliis
1215 4422 1410 4467 ornata
1447 4417 1780 4469 concinnant
1821 4415 1932 4472 ele-

349 4503 545 4574 gantiae
582 4502 888 4566 studentes,
915 4501 1187 4556 columnis
1213 4513 1378 4573 atque
1399 4506 1768 4562 marmoribus
1795 4505 1928 4560 aedi-

351 4593 478 4654 licia,
527 4594 1058 4650 exornantzeodem
1114 4595 1276 4650 modo
1317 4596 1578 4665 templum
1636 4597 1729 4652 Dei
1784 4597 1930 4666 quod

352 4695 606 4740 sanctum
649 4694 734 4741 est
766 4684 841 4756 (et
893 4686 997 4741 hoc
1038 4701 1170 4742 sane
1213 4687 1313 4755 ipsi
1347 4688 1581 4756 primum
1628 4698 1682 4742 et
1709 4689 1929 4758 quidem

349 4773 780 4850 pulcherrimum
812 4775 1018 4830 bonum
1063 4776 1266 4844 adest),
1302 4785 1533 4833 externo
1581 4787 1778 4832 ornatu
1821 4780 1931 4833 cir-

350 4864 692 4940 cumfulget,
744 4865 998 4920 videlicet
1057 4866 1323 4936 sapientia
1375 4867 1466 4920 illa
1519 4866 1610 4923 Dei
1665 4869 1930 4926 varietate

349 4956 633 5020 distincta,
674 4956 890 5024 iustitia
939 4965 993 5010 et
1050 4956 1287 5025 reliquis.
1333 4956 1649 5022 virtutibus,
1696 4958 1932 5028 Spiritus

350 5049 478 5112 item
527 5049 703 5110 sancti
735 5049 897 5103 donis
924 5049 1073 5106 varie
1109 5049 1466 5116 illustratum,
1517 5050 1590 5103 ita
1639 5059 1698 5104 ut
1726 5053 1781 5105 in
1816 5061 1933 5106 stu-

350 5155 539 5208 porem
593 5147 647 5192 et
701 5139 1117 5193 admirationem
1175 5153 1234 5194 se
1280 5142 1715 5210 contemplantes
1764 5142 1933 5209 conji-

350 5232 481 5284 ciat.
525 5228 890 5296 Quamobrem
922 5231 1014 5298 qui
1055 5240 1113 5284 ut
1152 5231 1212 5283 in
1242 5247 1309 5284 eo
1349 5231 1509 5287 sedes
1553 5231 1816 5288 baberent
1846 5233 1928 5288 di-

350 5324 439 5398 gni
473 5322 642 5389 habiti
688 5330 836 5385 sunt,
873 5322 976 5374 laeti
1011 5321 1198 5378 dicunt
1230 5343 1240 5375 :
1279 5343 1296 5373 ι
1332 5321 1686 5393 chlebimur
1735 5325 1792 5380 in
1835 5325 1930 5377 bo-

901 5431 921 5464 :-
963 5420 1215 5472 sanctum
1279 5423 1363 5472 est
1414 5415 1675 5484 templum
1734 5424 1926 5478 tuum,

354 5495 600 5558 mirabile
649 5501 707 5554 in
749 5503 986 5572 justitia.
1023 5525 1038 5552 ι
1076 5502 1347 5560 Observes
1391 5520 1554 5575 porro
1607 5505 1765 5561 velim
1817 5506 1929 5560 lucc

424 5663 467 5690 ⁸³
508 5657 688 5711 lTim.
725 5674 807 5722 ιιι,
845 5659 925 5712 l3.
1003 5663 1044 5696 ’³
1081 5660 1102 5713 ι
1134 5661 1260 5713 (lor.
1287 5676 1384 5724 xu,
1418 5661 1469 5726 8,
1503 5660 1554 5714 9.

2035 3238 2111 3274 νει
2153 3221 2460 3274 διδάσκουσι
2494 3221 2779 3289 λέγοντες·
2824 3240 2842 3272 ι
2876 3221 3066 3288 ’Ἀγιος
3103 3222 3132 3274 ὁ
3165 3223 3294 3286 ναός
3325 3240 3439 3286 σου,
3477 3222 3589 3274 θαυ-

2038 3313 2238 3382 μαστὸς
2275 3315 2331 3365 ὲν
2379 3312 2709 3384 δικαιοσύνη.
2738 3333 2755 3365 ι
2814 3306 2980 3375 Οὗτος
3017 3313 3127 3384 γὰρ
3169 3311 3237 3385 ἦν
3278 3317 3308 3368 ό
3335 3311 3480 3376 οἶκος
3511 3315 3592 3367 τοῦ

2033 3404 2190 3466 Θεοῦ,
2233 3405 2260 3455 ὁ
2289 3403 2442 3472 ἆγιος
2490 3404 2655 3457 αὐτοῦ
2697 3405 2850 3468 νεώς.
2891 3405 3046 3460 Νεὼν
3079 3407 3135 3459 δὲ
3165 3408 3327 3464 ἄκουε
3356 3407 3451 3460 τοῦ
3475 3405 3592 3459 Θεοῦ

2035 3495 2187 3561 ἅγιον
2228 3494 2288 3546 ού
2320 3493 2512 3563 τοίχων
2542 3495 2636 3547 καὶ
2667 3495 2878 3566 ὀρόφων
2912 3496 3334 3568 οἰκοδομήματα,
3364 3497 3492 3552 ἀλλὰ
3516 3499 3592 3550 τόν

2033 3585 2096 3637 ἐκ
2157 3584 2341 3654 ψυχῶν
2382 3584 2652 3637 ἐκλεκτῶν
2701 3586 3009 3642 συνεστῶτα
3048 3589 3167 3658 ἥδη.
3224 3589 3377 3642 Λίθοι
3416 3589 3593 3654 ζῶντες

2032 3676 2080 3728 οἱ
2112 3675 2277 3742 ἅγιοι,
2306 3675 2400 3730 καὶ
2434 3673 2580 3740 οἶκος
2609 3679 2975 3747 πνευματικὸς
3009 3682 3088 3742 εἰς
3133 3680 3433 3750 ἱεράτευμα
3457 3681 3594 3747 ἆγιον

2030 3768 2091 3818 τὸ
2121 3766 2372 3837 σύστημα
2411 3767 2516 3820 τῶν
2551 3767 2814 3821 θεοσεϐῶν
2849 3766 2986 3823 εἶναι
3029 3772 3057 3824 ὀ
3103 3771 3246 3844 ἱερὸς
3297 3773 3593 3835 Ἀπόστολος

2033 3857 2268 3922 ἐδίδαξεν
2306 3859 2503 3912 εἰπών⁹
2544 3881 2561 3911 ‹
2599 3861 2786 3930 Ὑμεῖς
2817 3861 2872 3916 δὲ
2902 3863 3099 3929 πάντες
3129 3859 3274 3927 οἶκος
3305 3865 3437 3918 Θεοῦ
3467 3869 3593 3929 ἐστε,

2033 3949 2124 4002 καὶ
2165 3949 2224 4002 τὸ
2253 3951 2479 4020 Πνεῦμα
2523 3951 2616 4004 τοῦ
2655 3951 2788 4006 Θεοῦ
2837 3954 2976 4010 οικεῖ
3015 3957 3072 4006 ὲν
3110 3956 3257 4024 ύμῖνο
3306 3956 3358 4008 εἴ
3393 3974 3473 4020 τις
3516 3956 3593 4008 τόν

2032 4039 2158 4093 ναὸν
2195 4041 2289 4094 τοῦ
2325 4041 2458 4096 Θεοῦ
2489 4043 2719 4114 φθείρει,
2755 4042 2942 4113 φθερεῖ
2975 4043 3161 4097 τοῦτον
3194 4047 3222 4098 ὁ
3251 4046 3416 4110 Θεός·
3453 4050 3480 4100 ὁ
3503 4047 3596 4115 γὰρ

2033 4130 2158 4192 ναὸς
2203 4130 2296 4182 τοῦ
2344 4130 2480 4183 Θεοῦ
2535 4132 2690 4199 ἅγιός
2743 4135 2910 4196 ἐστιν,
2957 4134 3153 4198 οἵτινές
3200 4137 3324 4188 ἐστε
3369 4137 3534 4205 ὑμεῖς.
3575 4153 3590 4183 ι

2033 4220 2202 4273 Τοῦτο
2240 4221 2296 4274 δὲ
2338 4222 2532 4286 εἰπὼν,
2583 4223 2792 4294 συνῳδὰ
2841 4225 2918 4295 τῷ
2954 4225 3091 4296 μετὰ
3135 4229 3323 4295 χεῖρας
3369 4227 3594 4278 ἐδίδασκε

2031 4309 2173 4380 λόγῳ
2223 4311 2514 4378 φάσκοντι-
2554 4332 2572 4363 ι
2607 4315 2793 4381 ’Ἄγιος
2841 4318 2869 4368 ὁ
2903 4315 3027 4378 ναός
3052 4333 3171 4379 σου,
3213 4317 3515 4387 θαυμαστὸς
3546 4318 3596 4368 ἐν

2037 4401 2368 4473 δικαιοσύνῃ.
2410 4423 2427 4455 ι
2480 4405 2568 4466 Ὠς
2596 4406 2704 4476 γὰρ
2726 4406 2834 4458 τῶν
2863 4406 3134 4477 αἰσθητῶν
3161 4409 3304 4462 ναῶν
3344 4409 3594 4480 θαυμάζει

2036 4509 2127 4548 ται
2157 4495 2415 4558 πολλάκις
2445 4498 2481 4566 ἡ
2507 4497 2815 4568 κατασκευὴ
2843 4498 2929 4555 διὰ
2955 4498 3240 4566 φιλοκάλου
3272 4500 3594 4562 πολυτελείας

2037 4589 2302 4660 γενομένη
2320 4606 2332 4618 ·
2360 4590 2672 4660 χρυσόροφα
2698 4591 2827 4658 γοῦν
2849 4594 2938 4644 καὶ
2965 4592 3233 4662 διάγλυφα
3254 4595 3599 4654 τεκταίνουσι,

2044 4680 2481 4748 φιλοκαλοῦντες,
2529 4683 2630 4754 ὕλῃ
2672 4699 2728 4736 τε
2777 4685 2969 4739 κιόνων
3017 4685 3110 4740 καὶ⁵
3169 4687 3470 4756 μαρμὰρων
3510 4700 3595 4735 κα-

2036 4772 2371 4842 τακοσμοῦσι
2412 4775 2512 4837 τὰς
2555 4775 2876 4846 οἰκοδομάςσ
2923 4777 3015 4829 τὸν
3043 4777 3203 4830 αὑτὸν
3233 4777 3426 4847 τρόπον
3461 4778 3489 4828 ό
3513 4774 3595 4827 τοῦ

2035 4863 2170 4916 Θεοῦ
2215 4863 2348 4928 νεὼς
2398 4865 2552 4934 ἅγιος
2587 4865 2682 4928 ῶν,
2735 4867 2830 4921 καὶ
2875 4867 3033 4920 τοῦτο
3080 4866 3294 4938 πρῶτον
3332 4866 3594 4922 κάλλιστον

2038 4955 2240 5023 ἀγαθὸν
2261 4955 2618 5026 κεκτημένος,
2643 4957 2731 5010 τὸν
2755 4956 2952 5022 ἔξωθεν
2978 4955 3361 5026 περιϐέϐληται
3387 4956 3598 5024 κόσμον,-

2037 5047 2404 5116 πολυποικίλῳ
2450 5048 2610 5119 σοφίᾳ
2659 5047 2829 5112 Θεοῦ,
2885 5048 3196 5119 δικαιοσύνῃ
3246 5066 3304 5102 τε
3355 5049 3446 5101 καὶ
3489 5049 3594 5108 cui;

2035 5136 2245 5199 λοιπαῖς
2295 5138 2536 5208 ἀρεταῖς,
2577 5139 2688 5199 τοῖς
2733 5154 2790 5190 τε
2829 5137 2922 5191 τοῦ
2963 5138 3116 5205 ἁγίου
3166 5139 3475 5208 Πνεύματος
3507 5153 3595 5206 χα-

2039 5231 2277 5301 ρίσμεισι⁴
2307 5228 2726 5299 πεποικιλμένος
2747 5268 2762 5292 ,
2818 5231 2892 5294 ὡς
2922 5231 3181 5303 ἔκπληξιν
3229 5233 3470 5302 ἐμποιεῖν
3510 5227 3590 5282 καὶ

2036 5322 2220 5392 θαῦμα
2250 5322 2508 5393 παρέχειν
2537 5325 2648 5384 τοῖς
2673 5323 2890 5392 ὁρῶσιν.
2928 5322 3088 5374 Ὅθεν
3120 5323 3170 5374 οἱ
3199 5320 3588 5389 καταξιούμενοι

2033 5414 2136 5483 τῆς
2162 5415 2217 5466 ἐν
2249 5413 2396 5482 αὐτῷ
2423 5413 2706 5483 διατριϐῆς
2743 5413 3022 5483 χαίροντές
3051 5431 3182 5480 φασι
3201 5431 3212 5443 ο
3253 5433 3268 5464 ι
3300 5407 3582 5482 Πλησθησέ-

2041 5505 2180 5574 μεθα
2227 5507 2284 5558 ἐν
2327 5509 2438 5568 τοῖς
2488 5505 2713 5572 ἀγαθοῖς
2752 5505 2843 5560 τοῦ
2884 5507 3032 5562 οἰκον
3079 5521 3198 5558 σου·
3236 5505 3382 5574 ἅγιος
3419 5505 3448 5555 ό
3477 5500 3588 5560 vas;

1635 5664 1678 5694 ³³
1713 5661 1727 5714 1
1758 5661 1884 5716 Cor.
1931 5676 2013 5726 tu,
2059 5661 2142 5726 ιδ,
2183 5660 2261 5715 II.

3741 938 3743 1052 ι
