3808 6280
163 342 251 396 633

1241 339 1742 396 COMMENTARIA
1782 340 1847 394 ΙΝ
1887 341 2226 400 PSALMOS.

3267 359 3370 416 634

117 437 120 440 ’
164 469 258 512 σου,
279 446 569 518 Θαυμαστὸς
591 447 647 499 ἐν
675 445 1041 520 δικαιοσύνῃ.»
1072 450 1238 520 Τήρει
1265 449 1319 504 δὲ
1348 451 1495 511 ὅπως
1526 449 1684 504 ταῦτα

1799 448 2021 509 Davidis
2071 462 2313 524 tempore
2350 457 2496 512 dicta
2542 459 2730 525 tuisze,
2787 479 2898 532 quo
2945 469 3204 538 templum
3238 472 3370 542 illud
3423 469 3430 477 ’

162 541 280 594 κατὰ
323 540 440 600 τοὺς
472 538 696 606 χρόνους
739 537 956 606 ἐλέγετο
995 539 1089 592 τοῦ
1135 540 1324 604 Δαύῒδ,
1361 540 1483 594 καθ’
1531 540 1625 604 οὓς
1669 543 1697 593 6

162 629 386 698 αἰσθητὸς
416 628 516 680 ὑπὸ
533 627 841 696 Σολομῶνος
869 629 1078 682 οὐδέπω
1106 631 1510 686 κατεσκεύαστο
1539 631 1691 694 νεώς·

159 719 428 781 δεικνύντος
473 719 714 788 ἐναργῶς
745 719 837 771 τοῦ
887 719 1067 787 λόγου,
1116 721 1196 774 ὃτι
1235 722 1263 772 6
1314 721 1528 792 ἀληθῶς
1575 723 1698 786 ναὸς

157 813 234 864 τοῦ
260 811 382 864 Θεοῦ
422 811 516 879 οὐχ
546 813 572 862 6
613 813 676 862 ἐκ
701 811 862 866 λίθων
895 812 1117 883 ἀψύχων
1155 813 1572 884 ᾠκοδομημένος
1607 811 1694 884 ἦν,

157 904 252 955 ἀλλ’
277 906 302 954 6
325 901 598 963 άποδοθεὶς
632 905 763 972 ἡμῖν
797 903 936 956 κατὰ
967 903 1064 974 τὴν
1093 905 1456 975 άποστολικὴν
1492 923 1698 978 μαρτυ-

157 992 276 1060 ρίαν.
335 990 437 1040 Καὶ
477 988 651 1050 ἄλλως
702 991 757 1042 δέ
806 991 925 1044 καθ’
965 993 1157 1062 ἑτέραν
1211 994 1456 1064 ἐκδοχὴν,
1509 995 1698 1065 ἐπειδὴ

156 1081 376 1150 ἀνωτέρω
401 1079 742 1151 ἐμακάρισαν
766 1083 856 1134 τὸν
887 1084 1179 1151 ἐκλεγέντα
1205 1085 1298 1138 καὶ
1323 1085 1696 1156 ἀνα-ληφθέντα

155 1170 240 1221 ὑπὸ
271 1170 355 1222 τοῦ
386 1169 518 1224 Θεοῦ
541 1210 554 1233 ,
603 1175 1002 1240 κατοικήσαντά
1035 1192 1094 1227 τε
1127 1176 1226 1246 ἥδη
1265 1179 1322 1228 ἐν
1357 1180 1475 1240 ταῖς
1510 1177 1696 1241 αὐλαῖς

152 1259 291 1311 αὑτοῦ
333 1262 447 1322 ταῖς
501 1261 879 1331 ἐπουρανίοις,
937 1265 1160 1328 εἰκότως
1212 1266 1305 1318 καὶ
1363 1268 1520 1321 αὐτοὶ
1561 1269 1695 1330 τέως

153 1351 373 1419 μένοντες
404 1352 611 1424 κλητοὶ,
644 1355 925 1424 εὐχόμενοί
953 1355 1009 1408 δέ
1034 1358 1280 1412 ἐκλεκτοὶ
1309 1361 1564 1428 γενέσθαι
1599 1362 1696 1414 καὶ

148 1439 237 1489 τῶν
257 1438 421 1492 αὐτῶν
447 1443 784 1512 ἐπουρανίων
812 1445 990 1514 μονῶν
1017 1448 1441 1519 καταξιωθῆναι,
1478 1451 1696 1514 ἐλπίδας

148 1531 328 1597 ἀγαθὰς
369 1532 580 1595 ἑαυτοῖς
637 1535 1076 1605 ὑπογράφουσιν,
1127 1541 1457 1606 ἱκετεύοντες
1513 1547 1696 1612 τυχεῖν

145 1621 220 1671 τοῦ
239 1621 389 1673 αὐτοῦ
412 1623 734 1694 ἐπουρανίου
763 1627 911 1681 οἴκου
941 1632 1034 1682 καὶ
1055 1630 1162 1682 τῶν
1189 1633 1246 1685 ἐν
1266 1633 1415 1703 αύτῷ
1448 1635 1691 1702 ἀγαθῶν.

145 1706 240 1762 Εἶθ’
266 1712 334 1775 ὼς
387 1715 770 1786 μεμαθηκότες
805 1721 985 1783 ὁποῖός
1016 1725 1161 1775 ἐστιν
1193 1725 1220 1775 6
1249 1727 1569 1796 ἐπουράνιος
1599 1729 1695 1782 τοῦ

143 1800 257 1853 Θεοῦ
291 1798 450 1866 οἶκος,
487 1806 852 1876 ἐρμηνεύουσι
886 1810 983 1882 τὴν
1022 1815 1221 1884 ἀρετὴν
1256 1817 1418 1868 αὑτοῦ
1459 1819 1691 1885 φάσκον-

143 1901 242 1946 τες·
286 1888 497 1955 «Ἀγιος
531 1893 560 1942 6
595 1895 720 1957 ναός
747 1912 860 1958 σου,
888 1897 1196 1968 θαυμαστὸς
1227 1906 1282 1955 ἐν
1313 1905 1648 1980 δικαιοσύνῃ.
1667 1929 1683 1958 ι

140 1974 259 2060 Ναὸς
294 1976 345 2029 δὲ
385 1981 708 2050 ἐπουράνιος
749 1987 842 2038 καὶ
886 1989 1101 2058 άληθῶς
1138 1993 1357 2058 ἐπάξιος
1398 1998 1492 2049 τοῦ
1530 1974 1688 2060 Θεοῦ,

140 2065 187 2118 ἐν
275 2070 538 2123 κατοικῶν
577 2074 872 2128 ἐπινοεῖται
918 2079 946 2129 6
988 2079 1095 2132 τῶν
1136 2082 1273 2135 ὅλων
1307 2085 1467 2149 Θεὸς,
1504 2088 1588 2150 τίς
1625 2088 1689 2142 ἂν

137 2153 332 2221 γένοιτο,
367 2159 397 2229 ἢ
431 2162 458 2212 6
495 2165 790 2235 μονογενὴς
822 2167 986 2219 αὐτοῦ
1018 2169 1210 2238 Λόγος,
1237 2173 1316 2235 εἰς
1344 2175 1402 2227 ὃν
1431 2176 1688 2246 εύδόκησε

138 2245 227 2295 πᾶν
269 2248 323 2298 τὸ
358 2249 634 2321 πλήρωμα
679 2255 777 2324 τῆς
818 2256 1067 2327 θεότητος
1109 2264 1467 2332 κατοικῆσαι;
1523 2262 1690 2330 οὗτος

135 2328 210 2386 οὖν
237 2336 438 2406 ἀληθῶς
473 2340 787 2411 θαυμαστός
831 2347 978 2399 ἐστιν
1016 2349 1074 2400 ἐν
1101 2349 1414 2424 δικαιοσύνῃ
1441 2371 1452 2382 '
1500 2356 1686 2426 ἐπειδὴ

134 2425 323 2494 γέγονεν
355 2432 481 2500 ἡμῖν
513 2435 677 2500 αὐτὸς
721 2439 881 2506 σοφία
910 2440 1016 2494 ἀπὸ
1048 2441 1139 2494 τοῦ
1168 2442 1322 2507 Θεοῦ,
1372 2444 1684 2519 δικαιοσύνη

132 2529 180 2567 τε
207 2518 288 2569 καὶ
323 2520 594 2592 ἁγιασμὸς
623 2528 716 2579 καὶ
748 2528 1144 2601 ἀπολύτρωσις.

193 2628 209 2658 ‹
230 2610 551 2683 Ἐπάκούσον
582 2617 756 2688 ἡμῶν,
792 2621 817 2671 6
843 2621 973 2684 Θεὸς
1004 2625 1030 2674 6
1057 2625 1248 2694 Σωτὴρ
1273 2628 1303 2696 ἡ
1314 2627 1450 2696 μῶν,
1478 2631 1510 2698 ἡ
1537 2629 1690 2693 ἐλπὶς

134 2697 320 2753 πάντων
346 2703 451 2758 τῶν
483 2707 738 2775 περάτων
780 2712 879 2780 τῆς
908 2714 1031 2782 γῆς,
1085 2715 1178 2768 καὶ
1206 2716 1312 2770 τῶν
1352 2719 1410 2772 ἐν
1443 2718 1688 2794 θαλάσσῃ

135 2793 340 2863 μακράν.
379 2813 397 2845 ι
471 2796 532 2848 Ὁ
597 2799 696 2867 μὲν
750 2800 812 2870 δὴ
857 2803 1248 2875 ἐκλελεγμένος
1295 2809 1398 2862 ὑπὸ
1447 2811 1540 2864 σοῦ
1595 2793 1690 2866 καὶ

131 2877 427 2950 ἀναληφθεὶς
454 2887 539 2948 εἱς
561 2888 650 2939 τὸν
677 2890 998 2960 ἐπουράνιον
1028 2896 1152 2948 ναὸν
1178 2900 1447 2968 μακάριος
1474 2901 1689 2971 άληθῶς

130 2972 206 3022 καὶ
242 2978 632 3047 τρισμακάριος
651 2995 662 3008 ·
691 2982 852 3050 ἡμεῖς
880 2983 936 3035 δέ
959 2986 1014 3037 ἐν
1035 2987 1387 3056 ἐπαγγελίαις
1402 2992 1553 3058 ὄντες
1580 2996 1688 3049 τῶν

1799 545 2059 600 sensibile
2108 562 2140 602 a
2181 546 2473 604 Salomone
2514 552 2757 607 nondum
2809 557 3106 614 excitatum
3153 561 3367 618 fuerat:

1798 634 1987 702 sicque
2019 635 2170 690 clare
2199 637 2452 702 docetur,
2495 655 2681 696 verum
2723 642 2815 697 Dei
2844 650 3130 717 templum,
3163 668 3272 706 non
3299 654 3370 707 il-

1799 725 1889 778 lud
1951 741 2073 780 esse
2120 728 2356 796 quodex
2414 731 2728 789 inanimatis
2772 735 3045 806 lapidibus
3098 751 3368 800 structum

1797 822 1944 880 erat,
1980 818 2074 870 sed
2104 817 2251 884 quod
2282 835 2347 873 ex
2391 824 2699 890 apostolico
2731 828 3048 883 testimonio
3071 833 3373 904 designavi-

1798 920 1942 960 mus.
1980 906 2291 963 Secundum
2324 911 2487 966 aliam
2521 929 2652 968 vero
2681 915 3213 986 interpretationem,
3241 926 3372 993 quia

1797 997 2028 1051 electum
2073 1007 2125 1052 et
2157 1010 2500 1070 assumptum
2537 1019 2566 1057 a
2608 1003 2738 1068 Deo,
2775 1007 2866 1074 qui
2896 1007 3008 1075 jam
3036 1011 3090 1064 in
3133 1013 3375 1068 celesti-

1798 1085 1902 1140 bus
1929 1087 2050 1155 ejus
2072 1089 2228 1143 atriis
2249 1089 2482 1154 habitat,
2515 1093 2732 1150 beatum
2758 1099 3225 1170 praedicaverunt;
3250 1103 3374 1170 jure

1797 1182 1849 1227 et
1873 1175 1974 1243 ipsi
2007 1177 2102 1244 qui
2134 1179 2314 1234 vocati
2360 1191 2704 1248 permanent,
2743 1192 2907 1254 atque
2943 1188 3101 1260 electi
3135 1204 3280 1253 esse,
3321 1200 3376 1246 et

1797 1265 2115 1321 cmlestibus
2164 1269 2549 1326 mansionibus
2593 1271 2786 1328 donari
2823 1285 3134 1346 peroptant,
3174 1280 3374 1334 bonam

1797 1354 1901 1410 sibi
1957 1371 2110 1426 spem
2162 1359 2470 1426 ascribunt,
2511 1363 2760 1420 eamdem
2814 1366 3035 1421 domum
3095 1369 3374 1426 cmlestem

1797 1446 2024 1518 ejusque
2076 1449 2216 1503 bona
2267 1456 2532 1522 consequi
2581 1463 2860 1524 rogantes.
2909 1456 3134 1524 Deinde,
3186 1469 3377 1528 utpote

1796 1537 1890 1606 qui
1932 1538 2257 1595 edidicerint
2293 1545 2472 1611 qualis
2506 1545 2596 1598 illa
2633 1529 3002 1603 coelestis'Dei
3041 1550 3237 1606 domus
3282 1553 3373 1614 sit,

1796 1627 1916 1696 ejus
1952 1630 2209 1686 virtutem
2264 1643 2386 1702 post
2433 1636 2708 1704 explicant
2742 1638 2988 1693 dicentes
3017 1658 3030 1694 :
3062 1659 3080 1688 ι
3115 1641 3374 1695 Sanctum

1797 1726 1880 1774 est
1909 1721 2170 1789 templum
2201 1731 2378 1790 tuum,
2407 1727 2658 1780 mirabile
2690 1727 2742 1780 in
2772 1727 3010 1795 justitia.
3045 1749 3063 1782 ι
3092 1730 3374 1800 Templum

1796 1820 1976 1864 autem
2013 1814 2236 1868 rmleste
2261 1829 2324 1868 ac
2352 1831 2480 1868 vere
2507 1815 2617 1870 Deo
2637 1816 2862 1885 dignum
2898 1821 2953 1873 in
2989 1837 3100 1888 quo
3129 1822 3376 1878 habitare

1793 1901 2176 1955 universorum
2228 1903 2375 1960 Deus
2423 1905 2770 1975 intelligitur,
2824 1910 2954 1978 quid
3006 1912 3154 1966 aliud
3187 1911 3371 1978 fuerit,

1792 1999 1957 2053 quam
2012 1986 2355 2054 unigenitum
2407 1989 2529 2056 ejus
2566 1987 2832 2054 Verbum,
2867 1993 2921 2045 in
2966 2009 3076 2061 quo
3111 1995 3374 2062 placitum

1791 2073 1875 2120 est
1905 2082 2120 2124 omnem
2164 2073 2564 2142 plenitudinem
2609 2075 2825 2131 deitatis
2871 2077 3218 2138 inhabitare?
3262 2081 3375 2150 Hoc

1792 2156 1976 2226 itaque
2007 2175 2133 2216 vere
2187 2165 2440 2220 mirabile
2489 2175 2574 2221 est
2609 2167 2663 2218 in
2696 2166 2951 2235 iustitia;
3001 2179 3187 2239 utpote
3227 2169 3372 2238 quod

1791 2245 1994 2302 factum
2030 2251 2100 2304 sit
2128 2254 2289 2310 nobis
2326 2255 2595 2325 sapientia
2634 2273 2664 2314 a
2691 2258 2823 2324 Deo,
2847 2259 3086 2328 juStitia.
3131 2259 3376 2316 sanctiﬁ-

1791 2338 1935 2390 catio
1966 2347 2018 2394 et
2052 2342 2376 2413 redemptio.

1867 2645 1886 2678 ι
1907 2626 2113 2682 Exaudi
2140 2645 2260 2693 nos,
2288 2631 2429 2688 Deus
2461 2632 2712 2692 Salvator
2739 2647 2946 2706 noster,
2983 2657 3107 2711 spes
3130 2626 3371 2700 omnium

1794 2714 1985 2770 ﬁnium
2020 2729 2198 2781 terrm,
2249 2728 2302 2774 et
2333 2737 2521 2777 eorum
2567 2727 2659 2794 qui
2693 2727 2746 2779 in
2786 2731 2922 2782 mari
2971 2741 3102 2785 sunt
3138 2733 3314 2803 longe.
3347 2754 3366 2787 ι

1791 2805 1893 2872 Qui
1924 2807 2018 2861 abs
2051 2817 2101 2861 te
2131 2810 2360 2872 electus,
2394 2819 2448 2865 et
2482 2814 2534 2866 in
2571 2816 2798 2870 cmleste
2826 2818 2957 2871 illud
2993 2822 3255 2889 templum
3280 2837 3372 2876 as-

1791 2905 2045 2966 sumptus
2072 2908 2177 2964 est,
2212 2915 2341 2954 vere
2374 2901 2568 2958 beatus
2598 2915 2651 2958 et
2683 2913 2766 2959 ter
2790 2907 2984 2964 beatus
3012 2928 3024 2963 :
3058 2925 3160 2964 nos
3189 2920 3369 2968 autem

1791 2989 1881 3057 qui
1918 2989 1971 3041 in
2003 2989 2386 3058 praadictorum
2432 2992 2700 3050 bonorum
2732 2999 3192 3066 promissionibus
3223 3012 3276 3056 et
3315 3005 3369 3059 in

128 3061 494 3134 προλεχθέντων
509 3069 747 3135 ἀγαθῶν,
764 3071 942 3126 ἐλπίσι
960 3092 1018 3128 τε
1035 3078 1133 3146 άνη
1141 3097 1241 3149 ρτη
1249 3081 1420 3150 μένοι,
1437 3085 1537 3154 ἤδη
1561 3087 1684 3139 ποτέ

1793 3095 1890 3149 spe
1934 3097 2242 3144 versamur,
2267 3084 2379 3151 jam
2425 3086 2538 3140 haec
2577 3088 2696 3157 ipsa
2747 3093 3010 3160 consequi
3043 3109 3368 3162 precamur:

128 3152 303 3206 τούτων
322 3161 503 3227 τυχεῖν
534 3161 824 3231 εὐχόμεθαο
847 3165 924 3218 διὸ
956 3171 1379 3243 παρακαλοῦμεν
1410 3175 1685 3244 λέγοντες·

131 3243 474 3302 «Ἐπάκουσον
507 3253 688 3321 ἡμῶν,
719 3257 747 3308 6
775 3256 906 3321 Θεὸς
929 3260 956 3311 6
986 3261 1177 3333 Σωτὴρ
1197 3264 1373 3333 ἡμῶν·
1412 3243 1690 3332 »ἐπακού-

125 3337 284 3400 σαςδέ,
302 3342 602 3413 μακαρίους
617 3346 869 3412 γενέσθαι
883 3351 1240 3418 καταξίωσον,
1257 3358 1349 3410 καὶ
1369 3361 1513 3429 ἡμᾶς
1530 3378 1691 3432 προσ.

123 3421 406 3495 λαϐόμενος,
425 3431 523 3483 καὶ
543 3432 900 3505 ἐκλεξάμενος
922 3440 1015 3492 καὶ
1031 3444 1346 3509 κατοικίσας
1374 3447 1431 3499 ἐν
1444 3453 1562 3513 ταῖς
1589 3454 1687 3506 αύ-

122 3513 223 3576 λαῖς
252 3532 336 3568 σου
360 3536 372 3548 ·
411 3520 476 3571 ἵν’
509 3521 629 3576 ἐκεῖ
658 3525 940 3596 γενόμενοι
970 3529 1299 3603 πλησθῶμεν
1330 3537 1436 3590 τῶν
1469 3541 1688 3608 ἀγαθῶν

121 3603 201 3656 τοῦ
230 3607 367 3660 οἴκου
405 3627 524 3668 σου.
553 3614 758 3682 Ἀγαθὰ
787 3617 843 3669 δέ
870 3619 962 3671 τοῦ
987 3621 1308 3692 ἐπουρανίου
1338 3628 1510 3691 οἴκου,
1529 3633 1687 3685 ὁποῖα

120 3691 174 3742 ἂν
207 3712 279 3758 τις
310 3700 574 3768 νοήσειεν,
617 3703 649 3773 ἢ
682 3699 770 3756 οἷα
813 3708 841 3758 6
870 3706 1346 3776 θεῖοςἈπόστολος
1391 3717 1684 3790 διέγραψεν

121 3782 292 3837 εἰπών·
327 3809 341 3836 ι
373 3791 438 3841 Ἀ
471 3790 750 3863 ὀφθαλμὸς
784 3797 883 3848 οὐκ
909 3796 1068 3865 εἶδεν,
1103 3802 1195 3854 καὶ
1222 3800 1312 3866 οῦς
1339 3806 1437 3859 ούκ
1462 3809 1677 3878 ἢκουσε,

120 3874 199 3926 καὶ
238 3878 323 3930 ἐπὶ
367 3883 597 3952 καρδίαν
636 3882 926 3957 ἄνθρωπον
971 3893 1069 3944 οὐκ
1097 3895 1284 3964 ἀνέϐη,
1319 3897 1352 3949 ἃ
1383 3874 1676 3969 ἡτοίμασεν

119 3963 276 4028 όΘεὸς
315 3973 424 4032 τοῖς
467 3973 756 4040 ἀγαπῶσιν
810 3980 1004 4045 αύτόν;
1039 4001 1056 4032 ι
1127 3985 1461 4040 Ἐπάκουσον
1500 3990 1675 4045 τοίνυν

119 4053 283 4122 ἡμῶν,
320 4061 346 4111 6
379 4061 511 4125 Θεὸς
531 4066 558 4116 ὀ
584 4066 775 4138 Σωτὴρ
805 4070 995 4139 ἡμῶν,
1038 4074 1130 4126 καὶ
1175 4077 1488 4141 ἐπακούσας
1545 4097 1673 4137 κατ·

118 4141 318 4206 αξίωσον
377 4152 470 4206 καὶ
536 4156 685 4224 ἡμᾶς
739 4159 847 4211 τῶν
899 4162 1119 4228 ἀγαθῶν
1203 4167 1297 4219 τοῦ
1355 4169 1503 4223 οἴκου
1561 4189 1673 4226 σου.

117 4233 274 4290 Ταῦτα
315 4241 657 4300 διδάσκονται
720 4248 898 4318 λέγειν
945 4256 991 4306 οἱ
1039 4257 1204 4310 πάλαι
1250 4258 1402 4324 ὄντες
1453 4263 1674 4334 σάρκες,

114 4326 198 4394 τῆς
239 4330 291 4382 δέ
341 4334 438 4387 τοῦ
486 4337 620 4390 Θεοῦ
676 4340 919 4412 κλήσεως
961 4347 1380 4420 κατηξιωμένοι.
1447 4353 1673 4407 Ἐπικα-

1796 3186 1967 3238 quare
1990 3171 2075 3226 his
2100 3173 2280 3228 verbis
2310 3190 2598 3243 rogamus:
2640 3198 2658 3230 ι
2693 3179 2899 3235 Exaudi
2924 3199 3046 3243 nos,
3079 3183 3222 3240 Deus
3252 3185 3374 3240 Sal-

1793 3271 1950 3316 vator
1983 3270 2173 3317 noster
2209 3283 2221 3318 :
2259 3284 2276 3314 ι
2313 3274 2605 3335 postquam
2655 3279 2836 3325 autem
2865 3274 3197 3340 exaudieris,
3235 3293 3372 3331 con-

1793 3353 1927 3408 cede
1951 3356 2114 3408 etiam
2140 3355 2302 3410 nobis
2332 3364 2390 3409 ut
2425 3360 2562 3412 beati
2596 3359 2914 3425 eiliciamur,
2948 3366 3041 3434 qui
3071 3381 3174 3421 nos
3212 3378 3371 3422 antea

1790 3455 2104 3516 assumptos
2139 3455 2195 3502 et
2223 3449 2427 3505 electos
2461 3450 2707 3507 habitare
2735 3454 2910 3509 fecisti
2945 3457 2996 3509 in
3027 3459 3182 3512 atriis
3218 3461 3367 3525 tuis;

1791 3548 1850 3592 ut
1879 3539 1950 3593 ibi
1981 3540 2263 3594 constituti
2297 3540 2621 3608 impleamur
2652 3543 2809 3598 bonis
2831 3545 3027 3600 domus
3060 3555 3184 3601 tuac.
3221 3548 3368 3603 Bona

1788 3644 1916 3682 vero
1949 3630 2192 3683 cmlestis
2231 3628 2426 3682 domus
2455 3645 2702 3697 quamam
2754 3648 2875 3687 esse
2918 3637 3218 3702 putaveris,
3260 3638 3366 3692 nisi

1785 3735 1907 3789 quae
1937 3719 2229 3787 Apostolus
2275 3719 2360 3774 his
2407 3721 2589 3773 verbis
2631 3721 2970 3790 descripsit:
3009 3742 3026 3773 ι
3067 3724 3200 3787 Quae
3241 3741 3374 3779 ocu-

1788 3811 1872 3863 lus
1903 3826 2009 3862 non
2043 3809 2197 3872 vidit,
2234 3825 2336 3863 nec
2379 3811 2531 3864 auris
2562 3810 2790 3872 audivit,
2824 3828 2922 3866 nec
2956 3815 3009 3866 in
3047 3829 3146 3866 cor
3187 3815 3366 3868 Immi-

1785 3901 1872 3953 nis
1933 3899 2211 3962 ascendit,
2262 3915 2384 3967 qua
2428 3903 2757 3969 praeparavit
2812 3901 2956 3956 Deus
3004 3904 3366 3973 diligentibus.

1783 4004 1843 4042 se
1862 3989 1942 4041 '5?
1973 4009 1990 4044 ι
2026 3988 2233 4044 Exaudi
2281 3991 2463 4058 itaque
2494 4006 2615 4053 nos,
2664 3991 2806 4049 Deus
2859 3992 3111 4048 Salvator
3151 4003 3359 4060 noster,

1741 4113 1745 4116 -
1781 4087 1835 4135 et
1869 4089 2155 4149 postquam
2205 4083 2538 4145 exaudieris,
2589 4098 2691 4138 nos
2722 4084 2882 4139 bonis
2919 4084 3116 4140 domus
3142 4093 3250 4141 tua:
3287 4085 3368 4140 di-

1779 4185 1964 4239 gnarc.
2004 4169 2127 4226 Hiec
2152 4171 2336 4228 dicere
2377 4177 2703 4236 edoceulur,
2748 4175 2840 4243 qui
2873 4189 2997 4228 cum
3049 4177 3178 4230 olim
3229 4191 3368 4230 caro

1779 4269 1984 4324 essent,
2018 4261 2113 4316 Dei
2154 4264 2442 4318 vocatione
2486 4263 2673 4318 donati
2721 4270 2867 4318 sunt.
2901 4263 3222 4333 Opportune
3262 4281 3361 4318 au-

1779 4358 1886 4405 tem
1912 4351 2060 4408 hisce
2093 4353 2273 4407 verbis
2308 4352 2662 4410 Servatorem
2697 4353 2955 4409 invocant
2990 4369 3171 4419 suum,
3197 4370 3358 4424 quem

114 4413 303 4475 λοῦνται
339 4424 394 4480 δέ
431 4428 704 4500 εὐκαίρως
726 4432 782 4483 ἐν
812 4433 1023 4501 τούτοις
1052 4437 1143 4492 τὸν
1187 4440 1394 4495 ἑαυτῶν
1425 4442 1673 4516 Σωτῆρσιν

1790 4441 2039 4510 superius
2083 4442 2534 4510 pr0pitiationem
2581 4445 3012 4513 appellaverunt,
3053 4459 3175 4498 cum
3217 4443 3360 4497 dice-

115 4503 165 4600 ὸν
194 4511 277 4562 καὶ
304 4515 560 4590 ἀνωτέρω
601 4520 828 4591 ἱλασμὸν
875 4525 1164 4596 ὠνόμασαν
1195 4531 1438 4596 εἱπόντες
1457 4573 1471 4598 ,
1529 4503 1676 4600 (καί

113 4595 199 4660 τὰς
233 4601 457 4674 ἀνομίας
484 4609 640 4683 ἡμῶν
707 4614 770 4665 σὺ
806 4595 996 4687 ἱλάσῃ.
1029 4637 1046 4668 ›
1073 4620 1182 4673 Καὶ
1225 4595 1468 4676 ἐνταῦθα
1494 4625 1550 4680 δὲ
1586 4595 1676 4682 τὸν

114 4687 314 4764 Σωτῆρα
363 4700 396 4768 ὴ
437 4699 699 4774 Ἐϐραῖκὴ
758 4706 946 4778 Γραφὴ
993 4711 1201 4776 τούτοις
1249 4714 1518 4786 ἐγγράφει
1565 4721 1675 4781 τοῖς

114 4785 466 4878 χαρακτῆρσι,
509 4792 575 4844 δι’
607 4787 682 4846 ὧν
724 4797 817 4849 καὶ
851 4799 878 4849 ὁ
922 4801 1189 4872 ἡμέτερος
1223 4805 1412 4877 Σωτὴρ
1464 4808 1669 4878 Ἰησοῦς

113 4873 375 4940 γράφεται.
441 4881 640 4935 Τοῦτον
697 4885 752 4938 δὲ
811 4889 970 4942 αὑτὸν
1019 4892 1111 4945 τὸν
1155 4895 1383 4967 Σωτῆρα
1433 4900 1527 4950 καὶ
1577 4901 1668 4954 τὸν

117 4957 335 5032 δασμὸν,
374 4990 391 5020 ι
429 4971 616 5027 ἐλπίδα
647 4977 860 5034 πάντων
892 4980 999 5034 τῶν
1033 4986 1281 5054 περάτων
1307 4987 1405 5058 τῆς
1439 4991 1540 5060 γῆς
1573 4993 1667 5045 καὶ

113 5050 204 5103 τῶν
243 5057 294 5109 ἐν
338 5059 580 5138 θαλάσσῃ
640 5068 858 5140 μακρὰν
899 5090 917 5125 ι
972 5073 1348 5145 ὀνομάζουσιν,
1409 5078 1667 5151 ἄντικρυς

114 5147 462 5214 παριστῶντες
505 5156 670 5223 μηδὲν
701 5159 873 5214 ταῦτα
918 5163 1054 5231 πρὸς
1103 5166 1422 5234 Ἰουδαίους·
1470 5172 1530 5222 ού
1559 5173 1669 5244 γὰρ

116 5230 274 5330 μόνοις
302 5238 482 5306 αὐτοῖς
504 5285 516 5306 ,
553 5247 684 5324 πᾶσι
714 5247 775 5324 δὲ.
803 5252 914 5314 τοῖς
949 5230 1124 5324 ἔθνεσι
1165 5259 1264 5330 τὴν
1292 5259 1386 5319 τοῦ
1413 5230 1694 5332 Σωτῆρος

113 5318 250 5392 χάριν
287 5328 748 5403 εὐαγγελίζεσθαι,
785 5335 866 5404 οἷς
895 5343 1117 5415 γνώμην
1149 5348 1280 5402 Θεοῦ
1316 5353 1408 5404 καὶ
1441 5355 1666 5425 ἐπιστή-

116 5425 206 5516 ξιηςι
249 5416 614 5484 θεσπίζουσιψ
665 5429 739 5493 ὡς
789 5435 982 5502 μηκέτι
1021 5438 1120 5502 τὰς
1159 5440 1379 5506 ἐλπίδας
1426 5445 1664 5516 ἀναρτᾷν

116 5501 194 5554 ἐπὶ
228 5509 347 5572 τοὺς
380 5511 543 5567 πάλαι
573 5519 958 5592 νομιζομένους
997 5528 1177 5586 αὐτῶν
1208 5531 1384 5597 θεοὺς,
1419 5535 1531 5589 ἀλλ’
1572 5539 1664 5591 ἐπὶ

174 5678 217 5708 ³⁸
245 5679 400 5737 [ΕΜ.
433 5702 490 5751 ιι,
526 5691 575 5744 9.

1777 4541 1920 4599 rent,
1965 4553 1982 4586 ι
2011 4544 2063 4588 et
2103 4534 2482 4604 impietatibus
2533 4537 2742 4592 nostris
2789 4544 2846 4591 tu
2889 4536 3296 4606 propitiaberis.
3330 4553 3353 4586 ι

1778 4625 1876 4679 Hic
1916 4641 2132 4694 quoque
2177 4624 2449 4684 chraica
2503 4628 2784 4697 Scriptura
2837 4627 3172 4682 Salvatorem
3221 4623 3358 4696 ipsis

1775 4718 2186 4774 characteribus
2225 4717 2417 4783 etl‘ert,
2471 4722 2627 4790 queis
2678 4720 2927 4775 Salvator
2974 4729 3164 4774 noster
3192 4721 3362 4773 Jesus

1776 4811 2056 4864 scribitur.
2099 4811 2362 4868 Eumdem
2409 4828 2578 4882 porro
2611 4813 2956 4867 Servatorem
2999 4819 3053 4866 et
3086 4811 3352 4881 propitia-

1775 4901 1978 4956 tionem
2021 4902 2094 4958 ita
2130 4918 2348 4972 quoque
2380 4910 2600 4966 vocant,
2638 4922 2656 4954 ι
2692 4900 2851 4971 Spem
2883 4901 3125 4956 omnium
3159 4901 3355 4956 (lirium

1774 5003 1934 5051 terrae
1975 5002 2029 5049 et
2075 5011 2260 5050 eorum
2293 4997 2389 5064 qui
2436 4997 2489 5048 in
2542 4995 2679 5048 mari
2735 5001 2864 5048 sunt
2909 4995 3088 5063 longe,
3121 5013 3139 5045 ι
3169 4992 3346 5062 palam

1773 5086 2116 5142 declarantes
2165 5087 2279 5141 haec
2313 5088 2449 5142 nihil
2484 5087 2552 5142 ad
2584 5085 2803 5141 Iudaeos
2834 5087 3145 5155 pertinere:
3173 5099 3352 5154 neque

1773 5178 1921 5232 enim
1969 5179 2103 5247 ipsis
2156 5186 2393 5240 tantum,
2445 5177 2541 5232 sed
2583 5177 2742 5231 etiam
2795 5177 3053 5231 omnibus
3095 5176 3350 5246 gentibus

1777 5267 2084 5324 Servatoris
2127 5270 2393 5338 gratiam,
2440 5276 2500 5322 ut
2539 5279 2596 5323 et
2650 5269 2898 5321 notitiam
2953 5267 3352 5335 scientiamque

1771 5357 1865 5414 Dei
1899 5358 2325 5414 annuntiandam
2360 5359 2751 5419 vaticinantur,
2790 5357 2859 5411 ita
2900 5365 3087 5411 utnon
3121 5357 3261 5410 ultra
3290 5358 3349 5414 in

1771 5448 1886 5509 suis
1918 5449 2048 5502 olim
2076 5449 2288 5504 vocatis
2319 5449 2449 5513 diis,
2497 5448 2595 5503 sed
2622 5449 2679 5502 in
2705 5463 2772 5502 eo
2809 5449 2928 5504 solo
2957 5450 3048 5518 qui
3087 5447 3344 5503 Servator

1767 5554 1958 5596 eorum
2013 5538 2236 5595 cﬂcctus
2283 5547 2388 5606 est,
2433 5554 2582 5611 spem
2635 5547 2920 5609 reponant.
2977 5539 3350 5612 «Pncparans.
