3808 6280
448 327 555 385 535

1127 318 1392 376 EUSEBll
1429 312 1905 373 CESABlENSIS
1938 312 2033 367 0P1

2138 309 2311 366 PARS
2350 309 2524 366 ιιι.--
2559 310 2968 368 EXEGETICA.
3566 318 3645 373 635

451 454 667 500 munies
719 444 772 497 in
827 440 1026 495 virtute
1069 439 1501 499 sua,‘accinetus
1550 437 1817 508 potentia.
1851 454 1869 485 ι
1923 431 2032 486 Pro

2138 431 2296 500 μόνον
2342 432 2434 485 τὸν
2478 432 2657 485 αὐτῶν
2691 433 2979 504 γενόμενον
3023 412 3269 505 Σωτῆρα.
3320 453 3339 485 ι
3372 435 3650 506 Ἑτοιμάζων

453 534 568 596 illo,
610 551 628 584 ι
664 546 975 602 praeparans
1018 538 1252 591 montes,
1287 548 1305 580 ι
1345 529 1727 600 Symmachus.
1785 544 1803 576 ι
1842 526 2027 579 funda-

451 627 522 679 sti
565 632 799 686 montes,
830 642 848 673 ι
900 623 1289 690 interpretatus
1326 626 1432 674 est.
1479 616 1579 672 Hic
1626 632 1790 687 porro
1841 617 2027 671 divina

448 716 520 771 de
554 714 844 770 Servat‘ore
867 712 1118 767 doctrina
1148 709 1590 787 inducendaest.
1627 707 1708 762 Tu
1740 708 1909 771 enim,
1943 708 2029 760 in-

452 807 592 877 quit,
624 821 686 861 es
721 820 848 875 spes
877 803 1122 857 omnium
1165 802 1351 856 (inium
1403 809 1587 864 terrm,
1618 800 1711 870 qui
1745 806 1800 853 et
1830 799 1945 853 haec
1975 805 2029 852 et

453 898 544 952 illa
581 897 781 952 virtute
829 902 921 948 tua
973 907 1168 963 magna
1217 891 1532 957 condidisti.
1585 890 1767 944 Primo
1809 890 2025 958 quidem

453 984 779 1055 praeparasti
808 990 1021 1037 montes
1060 983 1114 1035 in
1148 982 1355 1036 virtute
1382 989 1493 1041 tua,
1533 980 1814 1033 accinctus
1839 989 2026 1049 poten-

453 1073 789 1129 tiazdeinde
838 1072 1180 1126 conturbasti
1222 1070 1554 1142 profundum
1606 1071 1809 1132 maris,
1854 1078 1917 1125 et-
1947 1086 2027 1125 so-

454 1180 584 1219 num
620 1163 881 1218 ﬂuctuum
912 1163 1035 1232 ejus
1064 1162 1327 1233 mitigasti
1355 1180 1369 1217 :
1399 1170 1588 1231 postea
1635 1177 1731 1231 per
1758 1162 1873 1217 haec
1905 1177 2031 1217 con-

452 1254 689 1309 turbasti
722 1261 934 1324 gentes.
968 1252 1064 1307 His
1088 1267 1219 1306 vero
1249 1252 1419 1322 gestis
1455 1266 1706 1321 magnam
1740 1254 2028 1308 utilitatem

454 1354 818 1415 perceperunt
847 1345 940 1414 qui
987 1344 1235 1398 habitant
1263 1344 1549 1399 terminos.
1585 1341 1662 1397 Te
1705 1345 1906 1414 quippe
1940 1361 2032 1401 no-

455 1445 673 1503 verunt,
720 1444 776 1492 et
805 1437 1104 1493 timuerunt
1148 1451 1181 1490 a
1223 1436 1395 1507 signis
1434 1437 1568 1499 tuis,
1620 1436 1694 1489 ita
1726 1446 1783 1489 ut
1823 1436 2029 1490 nullam

458 1528 689 1582 ulterius
718 1535 914 1596 pneter
945 1536 1000 1582 te
1029 1541 1180 1597 spem
1214 1526 1286 1582 ob
1310 1527 1499 1582 oculos
1527 1535 1812 1598 ponerent.
1851 1525 2032 1591 Quare

457 1633 625 1688 supra
666 1618 870 1674 dictum
905 1624 1031 1673 est:
1068 1635 1088 1668 ι
1127 1617 1263 1687 Spes
1285 1620 1531 1672 omnium
1563 1617 1750 1672 [inium
1792 1625 1968 1672 terra}.
2006 1636 2024 1668 ι

358 1782 367 1789 _
454 1706 497 1762 li
526 1709 673 1764 enim
709 1709 802 1778 qui
834 1708 1096 1764 terminos
1142 1718 1303 1763 terrae
1352 1709 1606 1763 incolunt
1655 1708 1746 1763 hic
1778 1723 2029 1778 praenun-

453 1796 624 1850 tiatur
656 1795 898 1851 futurum
929 1813 1051 1852 esse
1076 1805 1134 1851 ut
1156 1798 1387 1852 timeant
1421 1798 1650 1853 Deumea
1687 1798 1861 1868 signis
1885 1798 2028 1867 ejus,

453 1894 514 1941 ut
555 1887 760 1941 dicitur
786 1905 800 1942 :
840 1906 859 1939 ι
889 1887 954 1941 Ει
983 1888 1252 1942 timebunt
1281 1888 1375 1957 qui
1426 1889 1675 1942 habitant
1708 1891 1972 1944 terminos
2002 1903 2033 1942 a

456 1979 628 2050 signis
663 1980 791 2033 tuis.
821 1996 839 2029 ι
868 1976 1127 2043 Quaenam
1162 1978 1316 2046 signa
1346 1978 1642 2039 illa-erant,
1667 1991 1789 2046 quze
1813 1991 1938 2030 cum
1961 1976 2036 2028 vi-

454 2071 639 2125 derent
669 2069 763 2138 qui
797 2068 1117 2135 habitabant
1145 2066 1410 2122 terminos
1441 2068 1741 2121 timuerunt
1771 2065 1938 2121 Deum
1976 2066 2032 2120 in

453 2161 742 2231 ipsumque
785 2168 1100 2228 sperarunt,
1143 2149 1401 2226 superius
1448 2156 1633 2211 docuit
1679 2156 1765 2211 his
1804 2156 2029 2211 verbis:

461 2272 481 2304 ι
511 2251 833 2321 Ρηερειτιιιιε
864 2260 1086 2305 montes
1129 2251 1183 2303 in
1216 2251 1415 2304 virtute
1464 2265 1584 2311 sua,
1623 2251 1905 2303 accinctus
1941 2263 2035 2317 po-

454 2344 648 2404 tentia,
677 2341 768 2411 qui
799 2341 1104 2395 conturbas
1134 2338 1463 2409 prelundum
1486 2341 1675 2401 maris,
1708 2355 1901 2394 sonum
1933 2339 2035 2393 ﬂu-

456 2442 641 2487 ctuum
667 2432 810 2501 ejus.
845 2452 863 2483 ι
892 2431 1029 2498 Quis
1059 2433 1401 2487 sustinebit?
1435 2452 1453 2482 ι
1485 2431 1872 2485 Turhabuntur
1897 2447 2031 2502 gen—

459 2531 564 2578 tes.
595 2540 615 2575 ι
646 2521 770 2578 "me
799 2522 1045 2576 videntes
1086 2522 1179 2591 qui
1232 2521 1482 2577 habitant
1523 2522 1807 2588 terminos,
1840 2522 2035 2577 timue-

459 2620 591 2668 runt
636 2629 665 2668 a
721 2614 896 2683 signis
930 2614 1069 2683 ejus.
1130 2611 1225 2668 llis
1269 2628 1436 2682 porro
1487 2614 1835 2683 signiﬁcatur
1872 2613 2036 2683 spiri-

457 2714 609 2760 tuum
648 2707 1034 2776 malignorum,
1072 2705 1174 2775 qui
1219 2706 1348 2760 olim
1395 2715 1587 2761 contra
1623 2704 1715 2760 Dei
1747 2706 2032 2760 scientiam

455 2794 828 2863 erigebantur,
889 2792 1126 2863 ahjectio
1183 2802 1238 2848 et
1294 2791 1567 2863 depulsio,
1619 2808 1686 2848 ac
1746 2793 2033 2847 diabolica:

456 2884 592 2939 aciei
637 2884 844 2947 clades,
895 2886 1311 2955 principatuum
1346 2885 1621 2951 videlicet,
1677 2893 2033 2955 potestatum,

456 2987 728 3034 rectorum
780 2978 979 3032 mumli‘
1021 2989 1075 3034 et
1134 2979 1509 3048 spiritualium
1572 2978 1832 3049 nequitia:
1869 2997 1880 3032 :
1912 2990 2035 3047 qua:

2129 523 2230 594 ὅρη
2264 526 2321 577 ἐν
2348 528 2413 596 τῇ
2447 525 2591 597 ίσχύῖ
2618 526 2802 591 αὐτοῦ,
2824 527 3256 599 περιεζωσμένος
3283 528 3645 584 tumvana!“

2141 615 2287 669 Ἀντὶ
2321 617 2435 682 τοῦ,
2473 637 2490 668 ι
2523 618 2828 688 ἐτοιμάζων
2854 619 2977 689 ὅρη,
3004 620 3247 692 ᾕδρασας
3280 620 3401 691 ὄρη,
3436 638 3452 671 ι
3493 624 3518 675 ὁ
3544 621 3652 692 Σὺμ.

2135 725 2307 779 μαχος
2340 710 2698 780 ήρμήνευσεν.
2736 710 2959 775 Ἐπάξει
2990 711 3044 764 δέ
3072 715 3099 766 ὁ
3128 712 3287 779 λόγος
3314 713 3411 775 τὰς
3439 713 3551 784 περὶ
3582 715 3651 768 τοῦ

2133 797 2520 869 προλεχθέντος
2547 800 2796 869 Σωτῆρος
2827 799 3123 869 θεολογίας.
3157 801 3229 853 Σὺ
3262 800 3371 871 γάρ
3399 796 3465 864 εἷ,
3504 803 3651 871 φησὶν,

2129 894 2169 963 ﬂ
2197 892 2350 956 ἐλπὶς
2392 893 2610 947 πάντων
2648 893 2755 945 τῶν
2796 893 3043 963 περάτων
3086 894 3188 961 τῆς
3227 893 3330 962 γῆς
3374 895 3402 946 ὁ
3434 894 3545 947 τάδε
3584 898 3652 948 καὶ

2132 983 2257 1037 τάδε
2287 985 2353 1053 τῇ
2392 983 2587 1038 σαυτοῦ
2615 983 2843 1053 δυνάμει
2866 982 3331 1054 μεγαλουργήσας.
3356 984 3560 1054 Πρῶτον
3584 986 3655 1055 μὲν

2129 1074 2429 1144 ἡτοίμασας
2452 1071 2553 1143 ὄρη
2581 1075 2637 1126 ἐν
2667 1075 2733 1144 τῇ
2771 1071 2911 1141 ίσχύῖ
2943 1088 3036 1124 σου
3068 1071 3503 1143 περιζωσάμενος
3531 1073 3635 1127 δννα

2134 1162 2347 1215 στείαν·
2393 1158 2511 1215 εἷτα
2558 1162 2923 1234 συνετάραξας
2961 1161 3023 1215 τὺ
3061 1162 3222 1226 κύτος
3267 1163 3366 1232 τῆς
3407 1161 3655 1233 θαλάσσης,

2133 1254 2226 1307 καὶ
2252 1252 2363 1305 τῶν
2391 1252 2649 1322 κυμάτων
2674 1253 2840 1323 αὐτῆς
2869 1253 2929 1306 τὸ
2955 1249 3088 1323 ἦχος
3119 1253 3396 1324 ἐπράῦνας
3412 1270 3425 1283 ·
3468 1249 3572 1306 εἶτα
3592 1255 3658 1307 διὰ

2128 1344 2334 1397 τούτων
2385 1343 2671 1415 ἐτάραξαςί
2703 1342 2849 1414 ἔθνη.
2904 1343 3121 1397 Τούτων
3169 1343 3224 1397 δέ
3271 1344 3578 1415 γενομένων,
3609 1347 3660 1399 τὰ

2136 1432 2347 1502 μεγάλα
2397 1430 2755 1503 ὠφελήθησαν
2809 1432 2860 1484 σί
2914 1431 3295 1495 κατοικοῦντες
3346 1432 3415 1486 τά
3471 1432 3660 1505 πέρατα..

2137 1525 2422 1593 Ἐγνωσαν
2449 1524 2558 1594 γάρ
2584 1540 2664 1587 σε,
2691 1524 2786 1577 καὶ
2817 1522 3159 1594 ἐφοϐήθησαν
3187 1524 3296 1578 ἀπὸ
3329 1523 3435 1576 τῶν
3463 1525 3662 1594 σημείων

2139 1633 2231 1669 σου
2266 1656 2280 1678 ,
2331 1615 2432 1678 ὡς’
2458 1614 2657 1686 μηκέτι
2713 1614 2897 1667 λοιπὸν
2953 1613 3117 1685 ἄλλην
3176 1610 3299 1667 τινὰ
3350 1613 3531 1667 ἐλπίδα
3583 1615 3664 1683 πρὸ

2134 1706 2428 1777 ὀφθαλμῶν
2486 1705 2729 1759 τίθεσθαι
2780 1705 2814 1775 ἦ
2869 1705 2949 1759 σέ.
3009 1704 3100 1758 Διὸ
3154 1704 3411 1776 ἀνωτέρω
3455 1703 3662 1771 ἐλέγετο·

2142 1817 2161 1850 ι
2200 1798 2264 1850 Ἦ
2300 1798 2454 1863 ἐλπὶς
2491 1799 2706 1852 πάντων
2744 1797 2854 1850 τῶν
2898 1798 3147 1869 περάτων
3199 1797 3300 1868 τῆς
3319 1782 3450 1866 γῆς.
3480 1814 3498 1847 ι
3539 1790 3665 1849 οὗτοι

2136 1890 2243 1962 γὰρ
2277 1892 2328 1943 oi.
2356 1890 2424 1943 τά
2454 1890 2668 1960 πέρατα
2695 1889 2795 1959 τῆς
2822 1889 2924 1958 γῆς
2949 1887 3223 1950 οἰκοῦντες
3256 1889 3316 1940 ἐν
3342 1890 3453 1951 τοῖς
3489 1904 3667 1958 προκει-

2140 1982 2323 2050 μένοις
2375 1980 2780 2052 φοϐηθήσεσθαι
2833 1980 2925 2033 τὸν
2972 1980 3105 2033 Θεὸν
3155 1979 3265 2032 ἀπὸ
3311 1979 3421 2032 τῶν
3470 1979 3667 2049 σημείων

2137 2070 2302 2123 αὑτοῦ
2338 2070 2682 2134 θεσπίζονται
2728 2070 2833 2123 ὑπὸ
2872 2070 2965 2123 τοῦ
3008 2071 3278 2140 φήσαντος
3307 2069 3512 2137 λογίου·
3547 2088 3564 2120 ι
3587 2070 3668 2122 Καὶ

2136 2159 2532 2230 φοϐηθήσονται
2579 2161 2647 2212 οίλ
2676 2159 3056 2223 κατοικοῦντες
3093 2160 3159 2212 τὰ
3200 2161 3414 2232 πέρατα
3449 2161 3549 2214 ἀπὸ
3586 2161 3669 2214 τῶν

2139 2251 2380 2319 σημείων
2416 2267 2530 2303 σου.
2568 2270 2586 2300 ι
2626 2251 2761 2304 Ποῖα
2791 2250 2846 2303 δὲ
2881 2247 2949 2321 ἦν
2975 2251 3043 2304 τὰ
3090 2253 3309 2321 σημεῖα,
3343 2252 3483 2323 άπερ
3512 2251 3671 2305 θεασά-

2140 2358 2290 2406 μενοι
2343 2342 2391 2394 oi
2439 2341 2817 2405 κατοικοῦντες
2874 2342 2943 2395 τὰ
2982 2343 3192 2414 πέρατα
3234 2343 3568 2415 ἐφοϐήθησαν
3601 2344 3669 2396 τὸν

2135 2431 2265 2484 Θεὸν
2310 2431 2405 2485 καὶ
2451 2433 2531 2494 είς
2590 2433 2751 2485 αὑτὸν
2799 2432 3065 2503 ἤλπισαν,
3118 2433 3460 2505 προεδίδαξεν
3506 2434 3667 2487 εἰπών·

2140 2542 2158 2573 ι
2184 2523 2516 2593 Ἐτοιμάζων
2556 2522 2663 2593 δρηο
2687 2524 2744 2575 ἐν
2776 2526 2841 2594 τῇ
2879 2523 3024 2593 ἰσχύϊ
3049 2522 3214 2577 αὐτοῦ
3233 2562 3247 2586 ,
3279 2519 3670 2594 περιεζωσμένος

2135 2619 2193 2668 ἐν
2220 2614 2525 2685 δυναστείᾳ,
2553 2613 2996 2685 ὁσυνταράσσων
3020 2614 3080 2666 τὸ
3103 2613 3267 2677 κύτος
3292 2614 3392 2685 τῆς
3416 2612 3669 2682 θαλάσσης.

2134 2709 2299 2779 ἤχους
2351 2708 2611 2777 κυμάτων
2650 2700 2837 2778 αύτῆς.
2877 2728 2892 2760 ι
2950 2708 3047 2771 Τίς
3100 2709 3515 2779 ὑποστήσεταιῖ
3544 2726 3560 2758 ι
3587 2707 3673 2759 Ταρ

2140 2799 2497 2870 ραχθήσονται
2524 2798 2670 2869 ἔθνη.
2705 2818 2723 2849 ι
2761 2798 2944 2852 Ταῦτα
2978 2797 3306 2870 θεασάμενοι
3334 2795 3673 2852 οίκατοικοῦν-

2132 2908 2225 2953 τες
2248 2890 2315 2943 τὰ
2339 2891 2569 2962 πέρατα,
2608 2892 2951 2964 ἐφοϐήθησαν
2978 2892 3085 2945 ἀπὸ
3109 2892 3216 2945 τῶν
3250 2892 3494 2963 σημείων
3521 2888 3668 2945 αὑτοῦ.

2137 2983 2400 3056 Δηλοῦται
2440 2983 2495 3036 δέ
2536 2983 2624 3037 διὰ
2664 2984 2867 3037 τούτων
2911 2988 2942 3053 ἡ
2980 2982 3086 3037 τῶν
3119 2983 3289 3037 πάλαι
3333 2981 3671 3054 ἐπαιρομένων

455 3069 683 3138 quidem-
702 3067 832 3122 olim
866 3069 1125 3142 gentibus
1155 3079 1358 3124 terram
1393 3069 1762 3124 incolentibus
1793 3067 2033 3123 domina-

2138 3074 2277 3128 κατὰ
2334 3074 2433 3146 τῆς
2477 3074 2731 3142 γνώσεως
2774 3074 2868 3128 τοῦ
2905 3073 3040 3127 Θεοῦ
3086 3072 3339 3145 πονηρῶν
3393 3071 3672 3142 πνευμάτων

457 3161 675 3224 bantur,
728 3171 789 3215 et-
826 3161 1079 3215 humanas
1128 3160 1255 3215 vitae
1307 3175 1459 3216 mare
1502 3160 1947 3215 commiscebant
1978 3170 2034 3213 et

456 3250 893 3314 conturbabuntr
911 3251 984 3303 ita
1028 3258 1097 3304 ut“
1136 3249 1363 3305 deorum
1405 3251 1745 3321 religionem,
1777 3250 2033 3304 omnibus

457 3339 773 3393 universum
826 3340 976 3395 orbis
1025 3340 1359 3395 elementum
1406 3340 1775 3394 incolentibus
1823 3340 2033 3394 emitte-

457 3437 601 3483 rent.
638 3428 832 3484 Omnia
873 3445 1002 3484 τοιιο
1036 3446 1134 3501 per
1165 3432 1469 3485 salutarem
1506 3430 1598 3485 Dei
1642 3430 1933 3486 adventum
1966 3432 2034 3487 de

458 3522 639 3577 medio
688 3521 904 3576 sublata
955 3528 1009 3575 et
1050 3536 1241 3576 eversa
1290 3529 1442 3575 sunt.
1491 3521 1587 3576 llis
1643 3521 1845 3576 similia
1894 3521 2033 3577 alius

456 3626 675 3682 quoque
727 3610 988 3681 propheta
1043 3610 1197 3664 hisce
1241 3611 1422 3665 verbis
1465 3611 1794 3665 vaticinatur
1834 3630 1847 3666 :
1888 3631 1908 3662 ι
1933 3611 2036 3666 Au-

458 3702 616 3766 dite,
666 3702 853 3772 populi
898 3715 1131 3763 omnes,
1190 3700 1284 3768 qui
1338 3700 1601 3757 habitatis
1657 3702 1712 3756 in
1763 3704 1879 3772 ipsa
1925 3721 1941 3757 :
1981 3712 2036 3759 et

457 3794 563 3848 erit
618 3791 762 3847 Deus
820 3791 974 3847 vobis
1038 3793 1093 3846 in
1150 3793 1571 3856 testimonium,
1625 3792 1908 3850 vDominus
1966 3796 2035 3851 de

456 3883 620 3939 domo
645 3894 835 3939 sancta
866 3898 986 3940 sua.
1013 3884 1152 3950 Quia
1180 3898 1309 3939 ecce
1335 3883 1620 3946 Dominus,
1652 3883 1916 3940 Dominus
1945 3885 2051 3940 de-'

459 3977 687 4032 scendet
729 3976 802 4032 de;
833 3978 956 4031 loco
1003 3992 1125 4041 suo,
1169 3984 1229 4031 et
1257 3977 1592 4032 conscendet
1619 3992 1784 4046 super
1818 3976 2033 4031 excelsa

458 4075 641 4121 terrae.
686 4065 753 4119 Et
785 4074 1030 4121 conteret
1070 4073 1293 4121 montes
1318 4065 1513 4120 subtus
1560 4081 1640 4130 se,
1675 4074 1731 4119 et
1766 4065 1938 4121 valles
1967 4066 2034 4118 ll-

460 4165 725 4227 quescent
784 4158 930 4212 sicut
979 4172 1105 4212 cera
1166 4172 1196 4211 a
1249 4156 1386 4212 facie
1448 4157 1866 4229 igniS'propter
1932 4159 2035 4213 im-

462 4248 720 4316 pietatem
754 4245 926 4301 Jaeob
959 4263 971 4297 :
1009 4247 1123 4301 haec
1150 4247 1335 4305 omnia
1382 4255 1447 4302 et
1485 4255 1710 4318 propter
1748 4256 2033 4317 peccatum

461 4335 661 4391 domus
690 4333 946 4390 Israel".
987 4355 1006 4388 ι
1046 4337 1105 4389 In
1140 4351 1254 4389 xvu
1310 4336 1438 4390 item
1487 4336 1719 4406 psalmo,
1755 4336 1846 4405 qui
1885 4335 2037 4405 ejus-

2140 3165 2466 3229 ταπείνωσις
2500 3167 2594 3220 καὶ
2634 3165 3007 3237 ήκαθαίρεσις
3047 3166 3146 3236 τῆς
3185 3164 3495 3235 διαϐολικῆς
3533 3179 3674 3233 παρα-

2139 3252 2378 3317 τάξεως,
2415 3254 2596 3326 ἀρχῶν
2643 3255 2844 3326 δηλαδὴ
2894 3256 2985 3309 καὶ
3036 3254 3314 3320 ἐξουσιῶν,
3367 3255 3457 3308 καὶ
3513 3268 3674 3323 κοσμο-

2141 3346 2422 3417 κρατόρων
2460 3347 2555 3400 καὶ
2606 3346 2989 3417 πνευματικῶν
3048 3347 3149 3417 τῆς
3204 3346 3494 3418 πονηρίας⁶
3550 3342 3674 3398 ἅτινα

2143 3437 2309 3491 πάλαι
2346 3437 2445 3508 μὲν
2472 3438 2797 3508 κατεκράτει
2826 3438 2933 3493 τῶν
2964 3439 3054 3493 ἐπὶ
3080 3439 3181 3509 γῆς
3204 3438 3491 3491 οἰκούντων
3517 3434 3673 3495 ἐθνῶν,

2143 3528 2413 3582 συνεκύκα
2484 3546 2544 3582 τε
2608 3528 2702 3582 καὶ
2770 3531 3131 3601 συνετάραττε
3184 3529 3285 3600 τὴν
3351 3527 3446 3581 τοῦ
3501 3524 3676 3596 ἀνθρω-

2144 3616 2296 3669 πείου
2345 3616 2462 3686 βίον
2521 3616 2818 3683 θάλασσαν,
2860 3618 2935 3683 ὡς
2981 3617 3117 3673 θεῶν
3161 3616 3320 3683 δόξαν
3369 3615 3676 3670 ἀποστέλλειν

2144 3706 2294 3776 παρὰ
2315 3707 2449 3761 πᾶσι
2491 3711 2603 3771 τοῖς
2624 3707 2683 3761 τὸ
2705 3707 2804 3778 τῆς
2841 3709 2944 3778 γῆς
2972 3688 3187 3761 οίκοῦσι
3215 3710 3492 3778 στοιχεῖον.
3523 3703 3675 3774 Καθῄτ

2145 3810 2304 3866 ρηται
2348 3795 2406 3848 δὲ
2469 3798 2645 3849 πάντα
2703 3796 2796 3849 καί¹
2858 3795 3264 3868 ἀνατέτραπται
3314 3796 3407 3849 διά
3459 3795 3552 3863 τῆς
3593 3809 3676 3845 σω·

2139 3886 2330 3954 τηρίου
2382 3883 2717 3952 θεοφανείας.
2771 3884 2851 3938 Τά
2889 3886 3049 3956 ὅμοια
3095 3885 3152 3939 δέ
3196 3885 3404 3948 τούτοις
3433 3885 3535 3937 καῖ
3552 3882 3679 3942 ἄλλος

2142 3976 2427 4047 προφήτης
2460 3969 2560 4029 ὧδε
2613 3974 2859 4039 θεσπίζει
2902 3975 3110 4045 λέγων·
3170 3994 3188 4026 ι
3229 3975 3543 4036 Ἀκούσατε,
3586 3972 3679 4023 λαοὶ

2143 4065 2341 4128 πάντες
2377 4067 2428 4118 οἱ
2459 4066 2839 4131 κατοικοῦντες
2882 4069 2939 4120 ἐν
2970 4068 3105 4137 αὐτῇ
3130 4085 3143 4098 ·
3195 4067 3289 4121 καὶ
3327 4067 3477 4121 ἔσται
3514 4065 3679 4127 θ’Θεὸς

2142 4157 2272 4225 ὑμῖν
2317 4157 2397 4219 είς
2441 4157 2761 4227 μαρτύριον,
2808 4156 3011 4228 Κύριος
3049 4156 3109 4221 ἐξ
3154 4157 3306 4210 οἴκου
3348 4157 3500 4226 ἁγίου
3525 4153 3676 4210 αὐτοῦ.

2143 4249 2287 4301 Διότι
2324 4247 2430 4302 ίδοὺ
2455 4243 2678 4319 Κύριος
2697 4248 3061 4318 καταϐήσεται
3101 4252 3165 4303 ἐκ
3196 4249 3290 4303 τοῦ
3324 4250 3484 4304 τόπου
3512 4244 3676 4302 αὑτοῦ·

2144 4339 2238 4391 καὶ
2254 4338 2597 4411 ἐπιϐήσεται,
2629 4338 2835 4410 Κύριος
2858 4339 2959 4393 ἐπὶ·
2979 4328 3051 4393 τά
3068 4339 3176 4411 ὕψη
3197 4339 3300 4410 τῆς
3313 4341 3451 4412 γῆς..
3472 4339 3574 4392 Καὶ
3585 4354 3679 4390 συν·

461 4428 588 4483 dem
633 4427 846 4483 Domini
891 4428 1216 4483 descensum
1267 4444 1333 4483 ex
1380 4428 1534 4483 cretis
1562 4428 1615 4482 in
1643 4436 1849 4483 terram
1883 4444 2033 4483 com-

2141 4429 2457 4501 τριϐήσεται
2476 4428 2545 4482 τὰ
2560 4429 2660 4502 ϐρη
2676 4430 3024 4485 ὑποκάτωθεν
3045 4430 3211 4485 αὐτοῦ
3232 4448 3244 4460 ·
3272 4432 3368 4484 καὶ
3394 4432 3448 4485 αί
3473 4429 3679 4488 κοιλάδες

463 4518 747 4590 plectitur,
772 4520 981 4572 dictum
1006 4528 1089 4573 est
1122 4534 1135 4570 :
1177 4537 1196 4570 ι
1238 4518 1298 4573 Et
1326 4526 1609 4573 commotae
1631 4526 1716 4573 est
1749 4526 1802 4573 et
1828 4525 2038 4573 contre-

467 4612 610 4667 muit
638 4619 807 4675 terra,
832 4609 1186 4665 fundamenta
1230 4611 1494 4665 montium
1530 4610 1859 4665 conturbata
1909 4617 2037 4665 sunt

463 4713 520 4757 et
552 4713 820 4758 commota
870 4709 1019 4765 sunt,
1059 4703 1317 4773 quoniam
1369 4703 1544 4758 iratus
1588 4709 1671 4758 est
1721 4702 1803 4757 eis
1854 4700 2037 4755 Domi-

460 4797 649 4853 nus".
688 4816 706 4848 ι
740 4793 837 4849 liis
871 4810 1036 4864 porro
1090 4794 1389 4849 descensus
1429 4793 1664 4855 Domini,
1705 4794 1758 4849 id
1815 4799 1897 4848 est
1941 4793 2035 4848 Dei

470 4889 650 4949 ναῖοι,
684 4884 1060 4955 signiﬁcatur;
1099 4883 1404 4953 deindeque
1448 4885 1787 4939 occultarum
1816 4892 1869 4939 et
1899 4884 2040 4938 invi-

465 4974 710 5032 sibilinm
763 4981 1120 5044 potestatum,
1151 4988 1273 5043 quae
1301 4973 1431 5027 olim
1473 4972 1530 5026 in
1580 4974 1813 5029 sublime
1863 4975 2047 5043 erige--

464 5067 686 5125 bantur.
719 5073 774 5119 et
797 5066 1145 5121 ab-omnibus
1181 5066 1434 5135 gentibus
1477 5066 1820 5128 colebantur,
1851 5066 2034 5126 ruina,

465 5157 699 5226 abjectio
730 5165 784 5212 et
814 5157 1124 5227 dissipatio,
1153 5172 1275 5226 quae
1317 5156 1370 5211 in
1403 5157 1522 5227 ejus
1543 5157 1608 5211 ad
1639 5158 1899 5212 homines
1943 5158 2038 5212 de-

466 5260 665 5301 scensu
689 5247 937 5318 contigit.
966 5246 1144 5313 Quare
1174 5248 1228 5302 in
1255 5248 1506 5318 praesenti
1546 5249 1748 5304 dicitur
1780 5264 1794 5300 :
1837 5268 1856 5299 ι
1895 5247 2041 5303 Prte-

467 5351 669 5406 parans
707 5346 919 5395 montes
973 5341 1025 5394 in
1080 5340 1284 5395 virtute
1333 5355 1453 5405 sua,
1507 5341 1791 5396 accinctus
1844 5346 2037 5411 poten-

471 5427 568 5480 tia.
607 5447 624 5479 ι
659 5426 905 5484 Potentia
938 5430 1080 5483 enim
1129 5429 1435 5493 accinctus,
1469 5428 1789 5485 fortitudine
1830 5430 2041 5484 scilicet

469 5530 591 5580 sua,
642 5517 933 5587 praedictos
985 5527 1197 5574 montes
1247 5520 1489 5575 nondum
1540 5520 1759 5591 quidem
1812 5534 2040 5593 prorsus

541 5690 585 5722 "
622 5688 785 5745 Mielt.
822 5706 860 5757 1,
892 5693 1008 5747 ‘24.
1085 5697 1127 5733 ⁸⁷
1151 5693 1294 5749 Psal.
1322 5709 1456 5763 xm,
1490 5693 1544 5751 8.

2137 4522 2469 4593 τακὴσονται
2508 4523 2583 4585 ὡς
2614 4522 2784 4594 κηρὸς
2820 4522 2929 4575 ἀπδ
2953 4521 3245 4594 προσώπου
3294 4521 3460 4594 πυρὸς
3487 4522 3549 4574 δι’
3578 4517 3680 4573 ἀσέ-

2138 4616 2287 4668 ϐειαν
2335 4612 2559 4667 Ἶακῶϐο
2596 4614 2766 4667 ταῦτα
2808 4614 2984 4667 πάντα
3019 4613 3114 4667 καὶ
3153 4613 3219 4666 δι’
3264 4612 3532 4684 ἁμαρτίαν
3558 4609 3678 4662 οἶκον

2150 4704 2386 4778 Ἰσραήλ.
2429 4725 2447 4756 ›
2472 4706 2632 4760 Ἀλλά
2660 4706 2752 4758 καὶ
2787 4707 2845 4759 ἐν
2870 4705 2949 4776 τῷ
2978 4703 3046 4768 ιζ’
3331 4703 3429 4774 τὴν
3467 4701 3525 4766 ἐξ
3547 4701 3679 4769 οὐρο-

2137 4796 2365 4850 νῶνηέπὶ
2385 4795 2489 4865 γῆς
2512 4795 2811 4849 κατάϐασιν
2833 4792 3117 4848 τοῦάὐτοῦ
3149 4791 3356 4864 Κυρίου
3392 4791 3676 4863 περιέχοντι.

2137 4884 2385 4939 λέλεκται
2404 4901 2418 4914 θ
2453 4903 2470 4934 ι
2515 4884 2627 4936 Καί
2664 4883 2928 4953 ἐσαλεύθη
2968 4883 3069 4935 καὶ·
3106 4866 3368 4952 ἔντρομος
3408 4876 3616 4948 ἐγενηθη
3653 4874 3679 4940 1‘:

2139 4970 2210 5040 γῆ
2232 5013 2246 5035 ,
2292 4971 2389 5025 καὶ
2432 4969 2501 5023 τά
2550 4970 2775 5041 θεμέλια
2821 4969 2929 5023 τῶν
2978 4970 3147 5041 ὀρέων
3192 4968 3561 5041 ἐταράχθησαν
3605 4962 3677 5016 καὶ

2139 5063 2528 5135 ἐσαλεύθησαν,
2554 5063 2635 5115 ὅτι
2667 5061 2911 5133 ὠργίσθη
2942 5061 3123 5124 αὐτοῖς
3151 5062 3181 5114 δ
3208 5059 3431 5132 Κύριος.
3461 5078 3480 5111 ι
3507 5053 3678 5128 Σημαί-

2140 5173 2287 5208 νεται
2311 5155 2370 5208 δέ
2402 5154 2488 5207 διά
2528 5154 2732 5207 τούτων
2761 5152 2985 5216 κάθοδος
3013 5150 3107 5205 τοῦ
3136 5150 3366 5222 Κυρίου,
3386 5147 3574 5219 δηλαδὴ
3601 5141 3673 5196 τοῦ

2140 5247 2274 5301 Θεοῦ
2307 5243 2640 5314 Δόγου’,εἷτ’
2675 5246 2767 5299 ἐπὶ
2794 5246 2860 5314 τῇ
2897 5245 2977 5308 είς
3020 5241 3339 5314 ἀνθρώπους
3382 5239 3579 5306 καθόδῳ
3603 5233 3675 5288 αὖ·

2140 5338 2232 5394 τοῦ
2267 5339 2374 5391 τῶν
2412 5337 2631 5407 ἀφανῶν
2682 5337 2776 5391 καὶ
2808 5335 3052 5407 ἀοράτων
3085 5333 3366 5404 δυνάμεων
3397 5331 3502 5384 τῶν
3539 5326 3672 5382 πόλει

2141 5432 2220 5493 εἰς
2249 5430 2380 5499 ὕψος
2409 5429 2753 5499 ἐπηρμένων,
2787 5426 2880 5481 καὶ
2917 5424 3066 5497 παρά
3107 5426 3237 5478 πᾶσι
3265 5427 3374 5486 τοῖς
3413 5420 3578 5475 ἔθνεσι
3608 5432 3673 5469 τε·

2143 5521 2461 5593 τιμημένων
2483 5519 2798 5590 καθαίρεσις
2819 5517 2912 5573 καὶ
2935 5516 3259 5579 ταπείνωσις
3277 5513 3368 5569 καὶ
3387 5505 3671 5578 σκεδασμις.
