3808 6280
135 347 221 401 657

1207 337 1711 395 COMMENTARIA
1753 341 1818 394 IN
1861 333 2199 401 PSALMOS.

3229 353 3335 408 6.38

130 460 203 513 Διὸ
250 455 332 508 καὶ
372 455 424 505 ἐν
455 454 564 513 τοῖς
596 449 732 520 μετὰ
770 452 954 520 χεῖρας
999 452 1242 518 εἴρηται·
1274 471 1288 499 ε
1335 452 1658 522 Ἐτοιμάζων

1765 455 2006 518 sustulit,
2033 456 2126 510 sed
2153 457 2476 524 przeparavit
2503 466 2557 512 et
2601 458 2667 512 ad
2709 460 3044 530 supplicium
3091 461 3337 518 destina-

129 551 212 621 ὅρη
238 550 288 599 ἐν
313 547 370 613 τῇ
398 542 534 612 ἰσχύϊ
563 540 749 604 αὑτοῦ,
780 541 1212 613 περιεζωσμένος
1228 543 1602 614 ἐνδυναστεία.
1643 563 1659 594 ι

131 635 384 703 Δυναστείᾳ
406 633 510 701 γὰρ
550 630 1006 700 περιεζωσμένος.
1051 633 1116 700 τῇ
1169 630 1332 683 αὑτοῦ
1383 631 1552 700 ἰσχύϊ.
1599 633 1666 685 τά

129 726 448 798 πῳλεχθὲντα
480 723 580 794 ὄρη
610 724 760 774 οὔπω
793 723 890 792 μὲν
924 725 1002 784 εἰς
1035 722 1094 774 τὸ
1144 721 1405 784 παντελὲς
1449 722 1651 775 ἀπώλε-

128 834 227 872 σεν’
255 816 501 886 ἡτοίμασε
549 813 604 866 δὲ
637 815 716 876 είς
754 814 1019 885 τιμωρίαν
1053 809 1186 876 τὲως
1222 812 1489 883 ἀφορίσας
1524 813 1666 866 αὺτᾶ

127 910 202 962 καὶ
229 891 521 974 ἀποστήσας
554 904 653 973 τῆς
688 905 826 957 κατὰ
860 891 964 957 τῶν
990 904 1290 975 ἀνθρώπων
1318 905 1626 976 τυραννίδος
1647 921 1660 934 ·
1697 943 1701 947 -

125 1001 234 1053 ἀλλὰ
254 1000 336 1050 καὶ
364 997 419 1049 τὸ
451 996 612 1058 κύτος
639 996 738 1065 τῆς
759 996 1031 1065 Θαλάσσης
1059 998 1123 1065 τῇ
1157 996 1346 1048 ἑαυτοῦ
1379 996 1664 1066 δυναστείᾳ

125 1091 410 1144 κατέπαυσε.
462 1088 553 1140 Διὸ
599 1087 877 1140 λέλεκται·
916 1106 933 1137 ι
972 1088 1362 1158 Συνταράσσων
1409 1089 1466 1140 τὸ
1501 1087 1662 1150 κύτος

122 1179 496 1252 τῆς-θαλάσσης,
528 1179 689 1249 ἤχους
712 1179 968 1248 κυμάτων
1004 1179 1192 1247 αὐτῆς.
1229 1199 1246 1229 ι
1292 1179 1432 1232 Ἀντὶ
1459 1179 1512 1231 δέ
1545 1177 1660 1239 τοῦ,

126 1293 142 1323 ι
160 1276 183 1326 ό
202 1271 580 1341 συνταράσσων,
608 1289 625 1319 ι
645 1271 673 1322 ὁ
693 1269 792 1339 μὲν
809 1270 1056 1332 Ἀκύλας,
1074 1288 1091 1318 ι
1119 1268 1510 1322 καταστέλλων·
1537 1269 1662 1321 ita:

119 1362 388 1424 ΘεοδΟτΞων,
416 1379 434 1412 ‹
467 1361 868 1430 καταπραΰνων
888 1400 902 1424 ,
938 1379 958 1411 ι
988 1362 1081 1413 καὶ
1112 1363 1143 1430 ἡ
1175 1362 1395 1431 πέμπτη
1431 1360 1659 1423 ἕκδοσις,

125 1451 597 1522 ιόκαταπραΰνων,
632 1470 650 1503 ι
674 1451 1045 1522 ήρμήνευσαν.
1066 1451 1223 1519 Λέγει
1251 1451 1293 1504 δ’
1321 1449 1413 1504 οὖν
1443 1453 1477 1504 ὁ·
1506 1451 1661 1503 Ἀκυ-

117 1549 218 1612 λας·
253 1568 269 1600 ι
303 1546 687 1601 Καταστέλλων
721 1543 854 1618 ἦχον
899 1546 1194 1616 Θαλάσσης,
1225 1546 1449 1617 θόρυϐον
1486 1547 1662 1616 κυμάο

117 1658 202 1693 των
227 1640 380 1709 αὐτῆς
416 1640 510 1692 καὶ
553 1638 707 1708 δχλον
748 1637 950 1706 φυλῶν.
1003 1656 1020 1688 ι
1051 1638 1259 1700 Ὥσπερ
1285 1637 1392 1708 γὰρ
1423 1637 1491 1689 τά
1524 1655 1656 1708 προ-

116 1729 334 1799 λεχθέντα
359 1728 456 1798 ὅρη
503 1728 584 1789 είς
635 1726 731 1796 τὴν
779 1727 1074 1796 μέλλουσαν
1129 1727 1268 1780 αὐτὰ
1306 1727 1658 1797 διαλήψεσθαι

1766 548 1863 610 vit,
1892 555 1946 600 et
1975 563 2004 599 a
2035 547 2326 616 tyrannide
2381 551 2545 616 quam
2607 550 2660 604 in
2721 551 2970 607 homines
3011 555 3336 608 exercebant

1767 638 1997 692 semovit
2024 656 2037 692 :
2073 640 2180 692 imo
2206 639 2371 692 etiam
2411 639 2740 708 profundum
2772 642 2940 697 maris
2967 646 3206 713 potentia
3239 661 3337 700 sua

1766 728 1995 784 sedavit.
2033 727 2378 798 Quapropter
2430 731 2633 784 dicitur
2689 750 2702 784 :
2748 751 2765 782 ι
2809 731 3156 790 Conturbans
3208 751 3335 805 pro-

1767 816 1994 872 fundum
2055 821 2246 885 maris,
2301 835 2500 874 sonum
2560 820 2823 876 ﬂuctuum
2877 824 3018 893 ejus.
3054 845 3071 876 ι
3107 825 3215 880 Pro
3244 825 3335 879 illo

1765 919 1946 964 autem
1972 951 1986 973 ,
2028 930 2046 961 ι
2082 912 2457 976 conturbatis,
2505 933 2522 964 ι
2562 912 2778 984 Aquila,
2816 932 2835 964 ι
2873 917 3273 985 comprimens;
3308 938 3331 972 ι

1766 1001 2090 1066 Theodotio,
2131 1023 2156 1054 ιη
2191 1005 2481 1073 mitigans;
2518 1025 2536 1056 ι
2565 1007 2755 1074 quinta
2791 1007 2917 1060 item
2947 1007 3135 1069 editio,
3178 1026 3196 1058 ι
3234 1009 3334 1060 ιιιί-

1766 1094 1981 1162 ligans,
2024 1115 2041 1146 ι
2096 1095 2437 1165 interpretati
2495 1105 2642 1151 sunt.
2696 1098 2783 1150 Mt
2851 1097 3014 1167 igitur
3079 1099 3273 1167 Aquila
3317 1115 3329 1150 :

1769 1206 1788 1236 ε
1828 1185 2210 1256 Comprimeus
2267 1203 2463 1242 sonum
2509 1189 2698 1251 maris,
2739 1190 3029 1244 tumultum
3072 1188 3332 1243 ﬂuctuum

1763 1274 1904 1342 ejus,
1929 1285 1990 1328 et-
2015 1277 2230 1330 turbam
2274 1277 2581 1331 nationum.
2624 1299 2642 1330 ι
2677 1277 3146 1344 Quemadmodum
3189 1279 3332 1332 enim

1762 1365 2050 1432 pnedietos
2111 1375 2324 1421 montes
2385 1367 2452 1419 ad
2509 1366 2750 1422 futurum
2806 1371 2951 1438 ipsis
2990 1369 3332 1424 inferendum

1763 1457 2091 1527 supplicium
2138 1459 2483 1528 praeparavit,
2520 1459 2595 1512 ita
2654 1476 2883 1530 quoque
2920 1477 3114 1515 sonum
3163 1462 3334 1516 maris

1760 1559 1813 1603 et
1842 1551 2135 1603 tumultum
2189 1549 2452 1605 ﬂuctuum
2511 1551 3331 1622 ejuscompressikQuodnam
3405 1551 3408 1554 ’

1762 1639 1890 1693 illud
1924 1655 2093 1701 mare,
2119 1642 2244 1710 quis
2263 1657 2432 1697 sonus
2459 1643 2598 1712 ejus,
2623 1643 2747 1712 quis
2773 1645 3038 1698 tumultus
3072 1643 3332 1698 ﬂuctumn

1759 1728 1884 1796 ejus
1933 1729 2026 1791 sit,
2081 1732 2186 1784 sub
2246 1733 2360 1785 haec
2408 1732 2654 1785 declarat
2687 1731 2883 1800 Aquila
2937 1731 3177 1785 dicens:
3215 1730 3334 1783 «lit

114 1819 343 1890 τιμωρίαν
367 1818 684 1888 ἡτοίμασεν,
741 1818 883 1872 οὕτω
911 1818 1222 1872 κατέστειλε
1265 1819 1355 1870 τὸν
1393 1815 1524 1889 ἦχον
1558 1819 1651 1872 θα-

1760 1819 1970 1872 lurbam
2025 1822 2327 1878 nationum.
2374 1843 2391 1874 ι
2443 1822 2724 1892 Siquidem
2779 1823 2948 1876 multa
2985 1822 3115 1875 olim
3173 1820 3330 1876 turba

114 1912 283 1980 λάσσης
308 1910 394 1962 καὶ
430 1910 523 1961 τὸν
565 1907 790 1978 θόρυϐον
831 1909 939 1962 τῶν
967 1909 1228 1979 κυμάτων
1260 1909 1447 1977 αὐτῆς.
1480 1910 1574 1972 Τίς
1601 1909 1654 1962 δέ

114 2002 392 2071 ήθάλασσα,
418 2002 514 2054 καὶ
549 2001 789 2064 ποταπὸς
823 2003 851 2054 ό
887 1996 1020 2072 ἦχος
1045 2001 1233 2071 αὐτῆς,
1276 2001 1369 2053 καὶ
1396 2001 1478 2062 τίς
1507 2003 1534 2053 ὁ
1565 2001 1652 2052 θό-

116 2091 246 2160 ρυϐος
269 2091 367 2143 τῶν
404 2091 664 2160 κυμάτων
692 2091 884 2160 αὐτῆς,
916 2090 1041 2159 ἑξῆς
1074 2090 1323 2157 διασαφεῖ
1365 2091 1392 2140 ό
1431 2089 1655 2151 Ἀκύλας

113 2181 279 2233 εἰπών’
314 2201 332 2232 ι
363 2183 468 2234 Καὶ
519 2181 673 2250 ὄχλον
720 2181 922 2248 φυλῶν.
980 2199 996 2230 ι
1044 2182 1100 2231 '0
1135 2180 1241 2250 γάρ
1285 2180 1460 2242 πολὺς.
1503 2180 1656 2250 ὄχλος

112 2270 197 2322 τῶν
231 2271 381 2324 πάλαι
431 2271 624 2334 ἐθνῶν,
667 2273 764 2324 καὶ
805 2270 911 2322 τῶν
941 2270 1078 2322 κατὰ
1117 2271 1224 2320 πᾶν
1254 2269 1406 2336 γένος
1445 2267 1652 2339 ἀνθρώ-

113 2379 206 2413 πων
233 2361 397 2429 φυλῶν
430 2358 534 2432 ἦν,
557 2363 646 2414 ὅτε
677 2361 828 2430 κῦμα
865 2359 959 2412 τοῦ
1003 2359 1110 2411 τῶν
1165 2358 1464 2428 ἀνθρώπων
1508 2359 1652 2428 βίου,

113 2455 187 2505 καὶ
212 2455 240 2522 ἡ
264 2452 473 2523 τοιαύτη
509 2453 602 2507 τοῦ
628 2453 824 2524 θνητοῦ
865 2453 980 2523 βίου
1008 2451 1250 2505 θάλασσα
1279 2453 1374 2521 τῆς
1420 2451 1528 2503 τῶν
1561 2453 1655 2504 άν-

111 2543 305 2614 θρὼπων
350 2545 546 2607 κακίας
601 2545 1026 2615 πεπληρωμένη,
1057 2543 1222 2603 πολὺν
1255 2542 1480 2612 θόρυϐον
1518 2538 1652 2612 εἶχε,

113 2632 254 2699 μέγ..ν
292 2649 343 2685 τε
375 2629 506 2703 ἦχον
541 2631 958 2697 ἐξαπέστελλεν·
1012 2632 1104 2684 ἆτε
1145 2630 1242 2684 τὸν
1282 2630 1549 2701 δράκοντα
1581 2632 1657 2682 ol-

111 2721 273 2774 κοῦντα
291 2724 342 2774 ἐν
375 2723 513 2793 αὐτῇ
552 2723 883 2793 κεκτημένη,
930 2723 1056 2791 περὶ
1091 2717 1150 2774 οὗ
1175 2721 1453 2774 λέλεκταιο
1491 2739 1509 2769 ι
1532 2721 1657 2772 Ἐπ-

111 2813 206 2877 dist
234 2815 420 2884 Κύριος
451 2816 481 2867 ό
513 2814 644 2876 Θεὸς
671 2813 767 2884 τὴν
810 2813 1082 2883 μάχαιραν
1127 2814 1217 2864 ἐπὶ
1249 2812 1337 2864 τὸν
1366 2811 1654 2882 δράκοντα.

107 2904 206 2970 ὅφιν
232 2906 312 2957 τὸν
355 2905 587 2964 σκολιὸν,
625 2905 718 2956 καὶ
752 2903 930 2957 ἀνελεῖ
973 2902 1063 2956 τὸν
1091 2904 1354 2974 δράκοντα
1389 2904 1477 2956 τὸν
1502 2905 1559 2955 ἐν

109 2995 396 3067 θαλάτσηη
433 2998 531 3048 καὶ
578 2995 810 3065 ἀλλαχοῦ
857 2995 1130 3066 προειπὼν
1165 2998 1192 3048 ό
1230 2995 1416 3062 λόγος’
1455 3014 1472 3045 ι
1509 2994 1654 3065 Αῦτη

107 3089 132 3155 ή
179 3087 397 3140 θάλασσα
443 3090 477 3158 ἡ
529 3087 738 3158 μεγάλη
772 3088 864 3138 καὶ
927 3085 1262 3155 εὐρύχωρος,
1317 3105 1332 3135 ι
1379 3085 1651 3153 ἐπλέγει·

111 3197 124 3226 ι
166 3179 292 3231 Ἐκεῖ
313 3178 529 3249 δράκων
549 3174 721 3241 οὗτος,
748 3177 807 3230 ὃν
836 3176 1078 3238 ἔπλασας
1109 3176 1398 3245 ἐμπαίζειν
1426 3175 1593 3246 αὐτῷ.
1632 3195 1650 3226 ι

116 3271 247 3323 Ἀλλὰ
270 3270 370 3341 γὰρ
387 3270 600 3341 ἀθρόως
624 3270 716 3322 καὶ
737 3269 826 3322 τὸν
845 3265 1111 3338 δράκοντα
1129 3268 1220 3320 καὶ
1241 3267 1338 3338 τὴν
1363 3266 1652 3330 θάλασσαν,

105 3361 182 3412 καὶ
196 3360 282 3412 τὸν.
300 3360 403 3412 τῶν
421 3360 683 3430 κυμάτων
715 3359 881 3428 αὐτῆς
899 3353 1052 3428 ἦχον,
1075 3360 1106 3426 ή
1135 3357 1287 3419 ἐλπὶς
1318 3357 1534 3410 πάντων
1551 3355 1658 3408 τῶν

105 3452 322 3522 περάτων
348 3453 442 3521 τῆς
478 3453 604 3520 γῆς,
643 3451 967 3518 ἐπιφανεῖσα
991 3449 1316 3518 ἀνθρώποις,
1347 3448 1656 3500 κατέστειλε

105 3543 181 3594 καὶ
204 3545 554 3612 κατεπράϋνε,
582 3541 672 3593 τόν
691 3559 748 3594 τε
773 3541 926 3611 δχλον
948 3539 1064 3593 τῶν
1077 3538 1258 3606 φυλῶν
1283 3538 1490 3591 ἔσϐεσε.
1519 3537 1654 3591 Τούρ

105 3648 193 3684 των
216 3633 265 3686 δὲ
292 3633 616 3703 γενομένων,
640 3632 766 3699 ἐξῆς
791 3633 884 3684 καὶ
907 3629 1215 3693 ἀκολούθως
1240 3629 1469 3700 εἴρηται’
1497 3647 1514 3676 ι
1541 3630 1649 3683 Καὶ

105 3721 482 3792 φοϐηθήσονται.
521 3723 584 3774 οἱ.
617 3721 993 3784 κατοικοῦντες
1043 3720 1110 3774 τὰ
1154 3719 1366 3790 πέρατα
1398 3720 1506 3772 ἀπὸ
1547 3719 1655 3771 τῶν

105 3813 310 3882 σημείων
343 3832 434 3867 σου
499 3832 515 3861 ι
563 3813 748 3866 Ἱκανὰ
777 3814 884 3882 γάρ
923 3808 991 3882 ἦν
1042 3812 1108 3864 τὰ
1153 3810 1515 3882 προλεχθέντα
1561 3827 1656 3879 61;.-

106 3907 228 3971 μεῖα,
249 3905 342 3975 ὅρη
367 3903 624 3957 ταπεινοῦ
633 3921 767 3972 μενα
797 3903 889 3956 καὶ
913 3901 1186 3971 θαλάσσης
1210 3896 1344 3970 ἦχος
1370 3899 1657 3952 καταστελ-

102 3990 314 4060 λόμενος,
340 3993 568 4065 θόρυϐός
591 4011 651 4045 τε
683 3992 941 4060 κυμάτων
969 3990 1165 4060 μηκέτι
1201 3989 1483 4059 ταράττων
1513 3989 1653 4041 κατὰ

101 4081 150 4132 τὸ
175 4083 382 4136 παλαιὸν
401 4123 417 4146 ,
447 4082 582 4136 ἀλλὰ
612 4083 703 4136 καὶ
728 4081 882 4150 ὄχλος
912 4079 1096 4148 φυλῶν
1125 4079 1216 4131 καὶ
1245 4079 1405 4139 αὐτὸς
1433 4076 1653 4128 σϐεννύ-

106 4187 258 4236 μενος.
288 4172 446 4241 φόϐον
477 4173 774 4241 ἐμποιῆσαι
817 4174 930 4232 τοῖς
975 4167 1283 4222 κατοικοῦσι
1315 4167 1384 4219 τὰ
1414 4167 1648 4237 πέρατα’

103 4262 162 4325 ὡς
211 4265 393 4333 μηκέτι
436 4263 506 4318 τὰ
549 4262 912 4333 προλεχθέντα
961 4261 1138 4314 πάντα
1193 4258 1490 4328 φοϐεῖσθαι,
1539 4259 1651 4310 ἀλλ’

103 4353 181 4405 ἕνα
212 4355 360 4424 μόνον
387 4358 478 4409 τὸν
523 4354 738 4408 πάντων
771 4352 993 4405 ἐκείνων
1025 4351 1249 4421 νικητήν
1270 4368 1283 4380 ·
1316 4351 1494 4402 ὅντινα
1542 4349 1649 4402 λοι-

1683 3135 1724 3190 C

1755 1911 1996 1979 gentium
2053 1921 2107 1964 ct
2134 1915 2420 1967 nationum
2453 1915 2624 1968 totius
2657 1913 2882 1966 humani
2923 1911 3141 1981 generis
3169 1920 3327 1966 erat:

1757 2001 1987 2071 hujusce
2033 2011 2214 2058 autem
2262 2005 2524 2060 mortalis
2556 2006 2678 2058 vita:
2707 2003 2905 2058 ﬂuctus
2933 2012 2986 2057 et
3016 2016 3184 2064 mare,
3218 2017 3331 2054 ma-

1757 2093 1872 2145 litia
1928 2093 2218 2162 repletum,
2279 2095 2578 2147 tumultum
2639 2109 2894 2163 magnum
2952 2090 3332 2152 excitabot.ot

1757 2183 2030 2254 ingentem
2080 2186 2364 2240 emittebat
2419 2186 2912 2253 sonitum;utpote
2941 2183 3084 2251 quod
3131 2181 3330 2236 draco-

1756 2292 1878 2329 nem
1916 2276 1972 2328 in
2022 2275 2202 2329 medio
2234 2275 2316 2329 sui
2365 2276 2704 2329 habitantem
2753 2281 3079 2334 contineret,
3109 2273 3176 2327 de
3221 2288 3332 2341 quo

1755 2367 1961 2420 dictum
2015 2373 2154 2419 est:
2207 2365 2489 2422 «Indueet
2545 2366 2810 2420 Dominus
2891 2365 3035 2421 Deus
3089 2361 3329 2434 gladium

1757 2471 1921 2524 super
1951 2453 2270 2519 draconem,
2311 2463 2622 2525 serpentem
2671 2462 3003 2517 tortuosum,
3035 2461 3088 2509 et
3119 2452 3331 2507 occidet

1756 2547 2053 2601 draconem
2103 2548 2195 2615 qui
2227 2556 2312 2600 est
2345 2546 2398 2598 in
2428 2545 2568 2598 mari
2588 2544 2654 2598 ⁸⁸.
2693 2564 2712 2596 ι
2740 2543 2806 2598 Ει
2852 2543 2986 2598 alibi
3039 2552 3330 2612 postquam

1756 2638 1984 2693 dixisset
2019 2653 2034 2691 :
2066 2658 2082 2688 ι
2116 2637 2228 2691 Hoc
2274 2653 2421 2691 mare
2472 2651 2726 2706 magnum
2766 2645 2820 2689 et
2876 2637 3178 2705 spatiosum
3199 2635 3264 2697 ",
3305 2649 3324 2682 ι

1757 2731 1985 2785 subdit:
2030 2749 2046 2778 ι
2087 2729 2202 2782 Illic
2259 2728 2428 2781 draco
2476 2728 2581 2780 iste
2626 2741 2784 2796 quem
2835 2727 3080 2780 formasti
3107 2726 3172 2779 ad
3207 2724 3331 2776 illn-

1756 2820 1995 2874 dendnm
2026 2819 2074 2874 ei
2100 2819 2166 2874 '°.
2205 2837 2222 2869 ι
2256 2817 2368 2870 lmo
2415 2817 2704 2870 confertim
2747 2817 3063 2878 draconem,
3097 2829 3245 2866 mare
3274 2819 3331 2866 et

1758 2927 1952 2966 sonum
1988 2910 2249 2962 ﬂuctumn
2283 2907 2403 2975 ejus
2456 2907 2786 2976 compressit
2841 2914 2892 2958 et
2954 2904 3174 2959 sedavit.
3204 2919 3326 2972 spes

1760 3002 1848 3055 illa
1883 3002 2125 3055 omnium
2164 3001 2350 3052 finium
2388 3005 2566 3061 terra‘,
2599 3014 2718 3067 qum
2752 2997 3066 3050 hominibus
3096 2995 3322 3056 aﬂ‘ulsit,

1758 3101 1812 3148 et
1857 3093 2072 3146 turbam
2109 3092 2390 3145 nationum
2421 3091 2701 3146 exstinxit.
2736 3087 2830 3142 llis
2865 3087 3101 3158 peractis
3136 3100 3328 3140 consc-

1760 3193 1989 3254 quenter
2037 3183 2428 3253 subjungitur:
2473 3201 2492 3233 «ι
2539 3179 2603 3232 Ει
2630 3180 2899 3232 timebunt
2944 3176 3040 3245 qui
3084 3176 3330 3229 habitant

1760 3274 2026 3327 terminos
2074 3287 2104 3325 a
2156 3273 2328 3342 signis
2403 3271 2534 3324 tuis.
2577 3289 2594 3321 ι
2627 3268 2761 3321 Nam
2823 3267 3082 3336 pra'dicta
3151 3265 3328 3334 signa,

1758 3380 1953 3433 nempe
2010 3370 2225 3417 montes
2246 3361 2525 3431 .depressi,
2569 3375 2738 3414 sonus
2769 3358 2937 3412 maris
2964 3355 3206 3420 sedatus,
3245 3363 3332 3408 tu-

1757 3456 1961 3510 multus
2008 3454 2294 3516 ﬂuctuum,
2344 3467 2452 3505 non
2500 3459 2559 3503 ut
2609 3451 2738 3503 olim
2773 3449 3137 3518 perturbans;
3170 3447 3331 3500 turba

1759 3547 1884 3600 item
1932 3547 2213 3599 nationum
2265 3545 2558 3603 exstincta,
2585 3548 2743 3596 erant
2787 3540 2853 3593 ad
2887 3548 3151 3593 terrorem
3179 3537 3334 3591 habi-

1755 3635 2002 3689 tantibus
2053 3634 2320 3689 terminos
2370 3631 2744 3686 incutiendnm
2793 3629 2960 3692 satis;
2994 3627 3065 3680 ita
3107 3633 3166 3678 ut
3223 3639 3330 3678 non

1758 3726 1859 3780 ista
1885 3725 2002 3794 jam
2047 3731 2364 3782 memorata,
2403 3722 2496 3777 sed
2544 3736 2710 3774 unmn
2757 3734 2946 3772 eorum
2977 3716 3220 3770 onmium
3253 3715 3336 3766 vi-

1755 3823 1987 3878 t-torem,
2037 3816 2176 3868 ultra
2230 3812 2653 3868 reformidarent
2689 3828 2702 3862 :
2735 3823 2896 3877 quem
2973 3807 3188 3860 demum
3239 3819 3333 3858 co-

1755 3911 2081 3973 gnoscentes
2125 3917 2188 3955 ac
2220 3902 2498 3963 timentes,
2536 3898 2926 3953 beatitudinem
2982 3897 3062 3950 sic
3107 3908 3333 3964 expres-

1755 4008 1870 4046 sam
1911 3999 2320 4060 consequuntur
2357 4010 2369 4042 :
2415 4009 2430 4040 ι
2469 3986 2619 4042 Beati
2653 4003 2844 4042 omnes
2879 3987 2968 4056 qui
2998 3985 3191 4038 timent
3223 3983 3330 4036 Do-

1765 4083 2061 4136 minum".
2115 4103 2132 4134 ι
2173 4081 2406 4146 Quinam
2454 4095 2585 4134 vero
2617 4081 2725 4133 sint
2781 4079 2899 4141 illi,
2953 4079 3102 4131 hisce
3155 4076 3337 4130 verbis

1753 4173 2012 4226 edocetur
2048 4188 2060 4222 :
2101 4191 2116 4223 ι
2155 4171 2215 4224 Et
2267 4171 2535 4224 timebunt
2571 4171 2662 4240 qui
2703 4169 2951 4222 habitant
3003 4165 3264 4220 terminos
3302 4180 3334 4216 a

1755 4263 1926 4332 signis
1984 4265 2114 4318 tuis.
2157 4283 2174 4313 ι
2210 4262 2499 4316 Terminos
2543 4269 2723 4315 autem
2781 4259 3092 4314 inhabitare
3137 4257 3335 4311 dictu:-

1754 4361 1847 4406 tur.
1875 4369 1980 4406 non
2024 4369 2247 4421 prorsas
2273 4354 2305 4405 ii
2339 4353 2431 4421 qui
2460 4360 2704 4406 extrema
2737 4359 2897 4405 terra:
2923 4349 3204 4410 incolunt,
3239 4346 3334 4400 sed

104 4443 186 4493 τῖιν
212 4447 416 4513 γνόντες
465 4447 558 4498 καὶ
604 4444 953 4514 φοϐούμενοι,
989 4442 1080 4495 τοῦ
1130 4433 1425 4510 ιράσκοντος
1473 4458 1652 4512 μακα-

1760 4446 1848 4514 qui
1896 4461 2003 4498 una
2062 4459 2186 4498 cum
2250 4442 2419 4498 Paulo
2467 4443 2652 4497 dicere
2692 4450 2973 4513 possunt:
3015 4459 3033 4491 ‹
3077 4436 3140 4493 in
3171 4451 3337 4492 carne

107 4534 275 4604 ρεσμοῦ
305 4537 662 4606 τυγχάνουσι·
701 4557 718 4585 ‹
753 4537 1038 4607 Μακάριοι.
1069 4536 1266 4599 πάντες
1303 4537 1352 4588 οί
1390 4534 1659 4605 φοϐούμ-

105 4641 169 4674 νοι
193 4627 274 4678 τὸν
298 4628 515 4698 Κύριον.
559 4648 577 4678 ι
609 4629 766 4690 Τίνες
791 4629 832 4680 δ’
868 4628 933 4681 ἂν
964 4619 1256 4690 εἷενοῦτοι,
1282 4627 1342 4679 τὸ
1375 4625 1547 4697 παρὸν
1569 4625 1653 4678 λό-

105 4727 202 4776 γιον
223 4714 454 4769 διδάσκει
484 4717 720 4784 φάσκονο
755 4735 772 4766 ι
808 4717 916 4780 Καὶ
956 4716 1350 4788 φοϐηθήσονται
1386 4717 1434 4769 οἱ
1479 4733 1658 4768 κατοι-

106 4801 299 4867 κοῦντες
328 4806 393 4862 τὰ
420 4807 631 4877 πέρατα
659 4807 765 4859 ἀπὸ
804 4807 910 4858 τῶν
964 4804 1202 4876 σημείων
1253 4823 1365 4858 σου.
1403 4825 1419 4856 ι
1457 4807 1656 4858 Κατοι-

106 4895 203 4943 κεῖν
227 4893 279 4946 δὲ
310 4895 553 4964 λέγονται
601 4896 667 4949 τὰ
715 4897 924 4966 πέρατα
953 4898 1011 4949 οὐ
1043 4897 1258 4960 πάντως
1293 4898 1341 4950 ot
1367 4895 1465 4959 τὰς
1495 4898 1658 4966 ἐσχα-

107 4983 208 5046 “is
245 4986 337 5056 τῆς
387 4989 502 5058 γῆς,
538 4988 832 5052 οἰκοῦντες,
883 4989 992 5042 ἀλλ’
1038 4989 1086 5042 οἱ
1137 4987 1422 5060 δυνάμενοι
1462 4987 1660 5060 ὁμοίως

110 5073 282 5147 Παύλῳ
331 5080 535 5147 λέγειν·
575 5101 594 5131 ‹
648 5083 736 5135 Ἑν
783 5083 945 5150 σαρκὶ
992 5081 1099 5150 γὰρ
1152 5080 1371 5146 ζῶντες,
1416 5083 1474 5134 οῦ
1522 5080 1663 5134 κατὰ

111 5169 266 5238 σάρκα
317 5176 749 5244 στρατευόμεθα’
794 5175 955 5226 ιρκαίο
999 5194 1016 5222 ι
1063 5175 1147 5227 Ζῶ
1192 5175 1246 5226 δέ
1293 5172 1478 5227 οὐκέτι
1533 5173 1662 5241 ἐγὼ,

113 5256 164 5328 ζῇ
197 5261 247 5312 δὲ
289 5266 344 5316 ἐν
389 5266 510 5334 ἐμοὶ
559 5266 825 5337 Χριστόςι
855 5286 870 5316 ι
910 5260 1068 5318 Οὗτοι
1103 5265 1228 5334 γὰρ,
1262 5263 1383 5317 οὔτε
1426 5265 1668 5335 ἐμϐαθύ-

114 5367 278 5416 ναντες
304 5359 413 5417 τοῖς
436 5357 792 5428 ἀνθρωπίνοις
816 5357 1150 5428 πράγμασιν,
1175 5356 1296 5409 οὔτε
1322 5359 1493 5430 πάντη
1515 5357 1670 5420 ἐκτὸς

115 5440 247 5506 ὅντες
281 5448 476 5511 αὐτῶν,
501 5451 688 5521 ὥσπερ
717 5453 773 5504 ἐν
817 5451 1050 5521 μεθορίῳ
1089 5451 1505 5520 καθεστήκασιν,
1530 5451 1672 5521 ἀμφὶ

117 5529 172 5580 τὰ
221 5535 423 5604 πέρατα
460 5538 552 5606 τῆς
593 5537 936 5608 ἀνθρωπίνης
967 5536 1108 5608 ζωῆς
1152 5535 1568 5607 πολιτευόμενοι.
1611 5540 1672 5591 Οἱ

1298 5713 1338 5742 ³ο
1371 5711 1502 5768 Ibid.
1529 5711 1615 5767 :16.

177 5705 217 5738 ’⁸
247 5705 344 5763 lsa.
385 5727 552 5775 λλτιι,
594 5713 639 5767 l.
722 5716 761 5744 ’9
798 5712 937 5766 Psal.
975 5727 1091 5776 cm,
1124 5711 1212 5766 ΞΒ.

1697 5715 1734 5744 ³¹
1769 5712 1910 5766 l‘sal.
1943 5729 2145 5774 cum,
2185 5712 2232 5766 l.

1755 4537 2018 4599 viventes,
2041 4551 2148 4588 non
2175 4531 2476 4590 secundum
2510 4549 2733 4588 carnem
2764 4533 3065 4586 militamus
3089 4531 3156 4593 ⁸¹,
3193 4548 3211 4580 ι
3237 4535 3291 4581 et
3315 4541 3328 4576 :

1761 4645 1778 4676 ι
1817 4623 1950 4679 Vivo
1979 4633 2162 4679 autem
2195 4626 2310 4693 jam
2343 4641 2448 4677 non
2480 4640 2603 4694 ego,
2639 4623 2770 4676 vivit
2815 4637 2945 4676 vero
2976 4621 3029 4674 in
3065 4635 3149 4673 me
3182 4618 3335 4672 Chri-

1755 4717 1928 4771 tus”.
1964 4735 1980 4766 ι
2019 4714 2080 4768 lli
2113 4717 2259 4769 enim
2319 4715 2580 4770 humanis
2627 4731 2733 4768 non
2794 4728 2915 4768 sese
2969 4711 3200 4778 negotiis
3233 4709 3336 4762 im-

1758 4814 2086 4877 mergentcs,
2120 4822 2297 4876 neque
2335 4813 2519 4861 tamen
2586 4807 2652 4860 iis
2710 4819 2832 4860 sese
2864 4817 3090 4873 prorsus
3128 4800 3335 4856 subdu-

1757 4908 1963 4962 centes,
1989 4898 2144 4967 quasi
2207 4899 2260 4950 in
2321 4896 2525 4950 ﬁnibus
2569 4894 2900 4957 consistunt,
2934 4901 2988 4947 et
3036 4893 3182 4946 circa
3212 4891 3336 4945 vita:

1761 4993 2010 5045 humana:
2041 4990 2307 5045 terminos
2343 4999 2651 5044 versantur.
2675 4986 2778 5052 Qui
2807 5001 2939 5040 sane
2971 4985 3142 5039 multo
3169 4999 3333 5037 sensu

1764 5083 1996 5151 praediti,
2055 5080 2370 5150 conspectis
2434 5078 2740 5133 Servatoris
2789 5077 2964 5130 nostri
3027 5075 3220 5144 signis,
3267 5073 3333 5127 ad

1767 5173 2094 5243 principium
2171 5171 2473 5242 sapientiaa,
2517 5170 2765 5222 timorem
2823 5167 2912 5220 Dei
2969 5174 3332 5226 assumentes,

1767 5265 2123 5322 devenerunt.
2157 5264 2292 5330 Quis
2339 5279 2468 5319 vero
2499 5277 2712 5323 eorum,
2745 5261 2837 5330 qui
2873 5260 3038 5313 variis
3073 5257 3334 5325 temperi-

1769 5360 1870 5412 lms
1904 5358 2192 5427 imperium
2241 5364 2486 5413 tenuere.
2511 5353 2902 5408 sublimitatem
2929 5359 2982 5403 et
3016 5351 3252 5405 insultas
3281 5349 3335 5404 in

1772 5447 2069 5502 Ecclesiam
2116 5445 2208 5499 Dei
2243 5445 2618 5514 conSpieatus,
2651 5442 2774 5510 quis
2825 5440 3112 5508 impiorum
3163 5439 3335 5491 homi.

1771 5556 1899 5592 num
1959 5537 2368 5607 persecutiones
2411 5546 2462 5590 ct
2516 5533 2692 5587 minas
2749 5531 3000 5593 intuitus,
3033 5546 3139 5584 non
3193 5529 3334 5582 dicat

2315 5710 2356 5741 ⁸³
2391 5709 2430 5764 ll
2462 5710 2590 5764 Cor.
2617 5723 2669 5772 .v,
2712 5708 2765 5763 ’5.
2846 5707 2888 5738 ³³
2911 5703 3031 5760 Gal.
3063 5721 3121 5767 ιι,
3148 5705 3218 5758 20
