3808 6280
121 359 205 416 ΒΗ

1222 353 1731 415 COMMENTARIA
1769 355 1837 410 IN
1876 354 2219 414 PSALMOS.

3258 361 3374 418 διε

124 475 285 552 πηγῆς
313 471 816 537 άναδλυσταίνοντα,
853 472 966 534 τοῖς
1007 470 1098 523 ἐπὶ
1133 470 1237 540 γῆς
1267 469 1475 523 οἰκοῦσι
1505 469 1680 540 δωρη-

1815 468 2178 539 apientiarqne
2247 468 2519 524 imbribus
2574 469 2876 536 inebrians,
2927 490 2945 523 ‹
2993 472 3370 543 multiplicas—ti

125 570 350 638 σάμενος,
384 564 483 636 τὴν
506 565 726 634 λογικὴν
769 563 862 617 καὶ
911 562 1102 635 νοερὰν
1145 562 1326 617 αὐτῶν
1362 562 1544 634 χώραν
1571 563 1677 634 γῆν

123 647 521 732 ὀνομαζομένην,
545 656 721 726 πολλῷ
748 656 825 727 τῷ
853 656 1083 728 ῥεύματι
1109 657 1475 720 κατακλύσας,
1509 657 1677 727 μεθύ-

126 771 208 815 σας
234 753 336 812 τοῖς
363 751 460 820 τῆς
489 748 676 816 σοφίας
700 747 1072 819 ὀμϐρήμασιν,
1106 766 1124 798 ι
1161 746 1466 820 ὲπλήθυνάς
1495 764 1554 800 τε
1582 748 1675 800 τοῦ

123 842 376 896 πλουτίσαι
401 840 571 910 αὐτὴν
616 858 634 891 ι
664 841 776 902 τοῖς
809 839 902 892 τοῦ
937 839 1094 906 ἁγίου
1137 838 1452 909 Πνεύματος
1492 838 1680 907 διαφό-

124 951 219 1004 ροις
249 932 558 1002 χαρίσμασι.
605 916 808 982 Τούτου
839 931 896 982 δὲ
929 948 947 980 ι
977 927 1070 982 τοῦ
1107 929 1352 1000 ποταμοῦ
1397 928 1465 982 τὰ
1508 929 1681 1001 ὁρμή-

125 1044 249 1096 ματα
274 1022 616 1094 εὐφραίνουσι
637 1021 736 1092 τὴν
762 1021 916 1074 πόλιν
941 1020 1036 1074 τοῦ
1065 1019 1220 1074 Θεοῦ.
1258 1041 1276 1072 ι
1304 1021 1415 1073 Καὶ
1439 1023 1467 1074 ὁ
1488 1019 1680 1090 Σωτὴρ

122 1120 167 1171 δὲ
196 1118 307 1188 περὶ
341 1114 432 1168 τοῦ
465 1113 627 1168 αὑτοῦ
669 1115 911 1169 ἐδίδασκε
943 1115 1116 1184 λέγων
1138 1131 1151 1144 ·
1194 1134 1211 1165 ι
1254 1115 1348 1177 Ὃς
1389 1114 1454 1167 ἂν
1490 1113 1586 1184 πίῃ
1617 1115 1680 1166 ὲκ

121 1207 198 1261 τοῦ
225 1208 422 1269 ὕδατος,
453 1201 512 1261 οῦ
547 1204 658 1274 ἐγὼ
703 1205 858 1259 δώσω
899 1204 1066 1276 αὑτῷ,
1099 1205 1332 1276 ποταμοὶ
1353 1205 1418 1258 ὲκ
1443 1205 1542 1275 τῆς
1568 1221 1681 1257 κοι-

120 1300 221 1362 λίας
259 1297 415 1352 αὑτοῦ
462 1297 744 1370 ῥεύσουσιν
790 1297 977 1361 ὓδατος
1020 1296 1244 1362 ζῶντος,
1275 1295 1567 1366 ἁλλομένου
1602 1297 1681 1358 είς

121 1387 244 1460 ζωὴν
273 1387 499 1442 αἰώνιον.
530 1387 702 1441 Τοῦτο
719 1387 774 1441 δὲ
800 1387 951 1455 ἔλεγε
980 1387 1108 1458 περὶ
1134 1386 1228 1440 τοῦ
1256 1385 1396 1438 Πνεύ
1405 1402 1596 1456 ματος,
1619 1378 1680 1437 οὗ

122 1481 326 1550 ήμελλον
365 1479 661 1550 λαμϐάνειν
710 1480 760 1530 οί
811 1478 1158 1540 πιστεύοντες
1187 1479 1267 1541 είς
1297 1476 1479 1530 αὑτόν.
1522 1498 1538 1528 ι
1578 1467 1683 1528 Οὖ-

119 1591 194 1636 10;
214 1567 297 1626 οὑν
322 1573 349 1625 6
373 1571 628 1642 ’ποταμὸς
667 1570 761 1624 τοῦ
789 1569 924 1623 Θεοῦ
961 1568 1254 1640 ἐπληρώθη
1284 1569 1518 1622 ὑδάτων·
1552 1565 1682 1620 ὥστ’

123 1664 175 1717 ἂν
205 1665 364 1716 εἰπεῖν
385 1679 396 1692 ·
438 1682 456 1713 ι
508 1661 604 1715 Ἐκ
637 1661 731 1715 τοῦ
767 1659 1134 1732 πληρώματος
1167 1659 1330 1713 αὑτοῦ
1358 1661 1518 1730 ἡμεῖς
1548 1658 1683 1710 πάν-

121 1772 196 1819 τες
217 1753 489 1825 ἐλάϐομεν.
525 1775 542 1806 ι
570 1753 788 1807 Πολλῶν
810 1753 865 1806 δὲ
894 1753 1099 1806 ὑδάτων
1137 1754 1165 1804 ὀ
1204 1739 1447 1822 ποταμὸς
1479 1747 1684 1822 πεπλή-

1785 559 2118 628 locupletare
2149 572 2268 613 eam
2303 577 2322 610 ο
2359 561 2531 615 variis
2571 561 2813 630 Spiritus
2858 563 3036 616 sancti
3075 565 3376 616 charisma-

1785 648 1952 704 tibus.
2012 647 2186 717 llujus
2235 663 2400 718 porro
2445 667 2462 698 ι
2502 648 2747 704 ﬂuminis
2795 651 3040 720 impetus
3097 652 3376 709 iaatiﬁcant

1787 739 2066 794 civitatem
2115 738 2232 795 Dei.
2268 758 2287 791 ι
2317 738 2574 794 Salvator
2616 740 2744 794 item
2801 741 2870 796 de
2917 744 3102 797 eadem
3156 745 3269 814 ipsa
3313 762 3376 800 re

1787 831 1906 888 haec
1950 831 2143 885 docuit
2178 848 2208 891 ε,
2230 848 2248 882 ι
2289 830 2344 884 Si
2377 832 2502 901 quis
2526 832 2730 886 biberit
2757 848 2823 887 ex
2869 848 3030 903 aqua.
3063 851 3223 904 quam
3271 854 3376 906 ego

1787 921 1930 976 dabo
1958 921 2028 982 ei,
2055 920 2280 974 ﬂumina
2323 921 2391 974 de
2421 929 2609 976 ventre
2642 922 2762 991 ejus
2813 921 2980 977 ﬂuent
3027 939 3181 994 aquae
3214 928 3370 991 vivae,

1789 1011 2037 1066 salientis
2069 1011 2124 1064 in
2163 1013 2328 1063 vitam
2368 1019 2648 1066 aiternam.
2690 1011 2805 1066 Hoc
2849 1021 3028 1066 autem
3059 1015 3374 1072 dicebat'de

1790 1101 2018 1172 Spiritu,
2040 1117 2200 1171 quem
2233 1103 2513 1172 accepturi
2540 1111 2697 1157 erant
2727 1104 3084 1158 credentesin
3115 1108 3356 1161 eum”.r

1789 1191 1903 1248 Hoc
1930 1193 2114 1263 itaque
2149 1191 2348 1248 ﬂmnen
2403 1193 2498 1248 Dei
2538 1195 2803 1264 repletum
2854 1203 2938 1250 est
2988 1197 3180 1264 aquis;
3210 1197 3281 1250 ita
3315 1206 3376 1251 ut

1789 1282 1974 1337 dicant
2011 1297 2025 1334 :
2062 1302 2078 1333 ι
2124 1281 2198 1334 Ex
2235 1284 2575 1352 plenitudine
2620 1286 2740 1354 ejus
2792 1300 2894 1340 nos
2939 1300 3131 1340 omnes
3163 1288 3378 1357 accepi-

1792 1388 1916 1428 mus
1941 1372 2007 1425 '9.
2052 1392 2070 1423 ι
2110 1371 2294 1428 Multis
2326 1376 2506 1428 autem
2536 1375 2696 1444 aquis
2729 1376 2996 1445 repletum
3033 1374 3235 1431 ﬂumen
3255 1384 3372 1442 est,

1790 1463 2049 1533 quoniam
2079 1465 2171 1532 qui
2209 1479 2276 1516 eo
2303 1471 2585 1533 putantur,
2619 1465 2758 1518 inter
2783 1480 2841 1519 se
2887 1464 3185 1520 dissimiles
3227 1477 3372 1520 sunt.

1790 1553 1926 1609 Cum
1959 1554 2164 1608 diversi
2209 1569 2374 1624 porro
2421 1555 2533 1609 sint
2579 1555 2802 1610 ordines
2855 1550 3068 1622 eorum,
3105 1558 3198 1626 qui
3253 1557 3379 1626 ejus

1791 1655 2078 1701 consortes
2103 1655 2253 1711 sunt,
2275 1647 2400 1715 jure
2433 1648 2668 1716 singulis
2711 1650 3068 1717 congruentia
3101 1652 3372 1718 przebens,

1792 1738 1984 1793 multis
2029 1738 2188 1807 aquis
2224 1738 2490 1806 repletum
2525 1754 2648 1792 esse
2696 1737 2899 1792 dicitur
2933 1757 2944 1790 :
2985 1754 3217 1808 quarum
3251 1756 3378 1810 par-

123 1863 285 1915 ρωται,
316 1841 399 1898 διὰ
442 1846 503 1898 τὸ
546 1845 619 1915 μὴ
663 1843 882 1914 ὁμοίους
920 1841 1058 1896 εἶναι
1098 1845 1222 1907 τοὺς
1251 1843 1308 1910 ἐξ
1338 1843 1503 1896 αὑτοῦ
1534 1859 1686 1894 ποτι-

1815 1829 1962 1898 iceps
2009 1829 2356 1884 rationabilis
2391 1843 2546 1897 ager,
2579 1837 2946 1898 congruentes
2978 1829 3210 1902 singulis
3235 1844 3375 1898 prae-

122 1936 370 2008 ζομένους.
424 1937 705 2008 Διαφόρων
749 1936 805 1989 δὲ
834 1935 1012 1988 ὗντων
1045 1938 1340 2006 ταγμάτων
1371 1936 1478 1988 τῶν
1515 1952 1684 2006 μετα-

59 2069 65 2077 .
121 2028 474 2099 λαμϐανόντων
527 2024 715 2092 αὑτοῦ,
771 2027 996 2090 εἰκότως
1043 2027 1258 2096 ἑκάστῳ
1311 2027 1567 2098 παρέχων
1620 2028 1686 2080 τὰ

123 2121 399 2192 πρόσφορα,
429 2117 636 2171 πολλῶν
677 2119 887 2172 ὑδάτων
922 2114 1312 2192 πεπληρῶσθαι
1340 2115 1588 2184 λέγεται·
1611 2110 1686 2170 ὧν

125 2209 470 2280 μεταλαϐοῦσα
518 2211 550 2280 ἡ
601 2209 792 2280 λογικὴ
828 2207 1001 2280 χώρα,
1047 2207 1144 2270 τὰς
1184 2207 1523 2277 ἐπιτηδείους
1561 2208 1688 2261 ἐκά-

125 2320 216 2372 στῳ
245 2302 417 2355 δίδωσι
444 2300 671 2372 τροφὰς,
704 2301 799 2352 καὶ
831 2301 957 2363 τοὺς
991 2298 1250 2363 ὲπαξίους
1296 2298 1392 2351 τοῦ
1430 2299 1685 2352 τοσούτου

125 2391 340 2463 ποταμοῦ
377 2392 642 2462 καρπούς.
692 2391 780 2444 Διὸ
822 2391 1109 2443 λέλεκται·
1148 2409 1166 2440 ‹
1219 2391 1551 2460 Ἦτοίμασας
1591 2391 1689 2461 τὴν

122 2485 305 2556 τροφὴν
337 2485 549 2548 αὐτῶν,
598 2485 679 2538 ὅτι
731 2484 972 2555 οῦτωςή
1025 2483 1328 2554 ἑτοιμασία.
1381 2504 1398 2534 ι
1429 2485 1585 2538 Κατὰ
1633 2485 1690 2538 δὲ

125 2573 202 2627 τὸν
261 2575 571 2645 Σύμμαχον·
611 2594 632 2627 r
666 2575 1114 2645 Τελεσφορήσεις,
1163 2573 1314 2643 φησὶ,
1359 2572 1460 2643 τὴν
1519 2590 1690 2644 σπερ-

128 2667 303 2738 ματίαν
327 2667 517 2738 αὐτῆς,
545 2667 624 2719 δτι
666 2666 839 2730 οὑτως
878 2665 1122 2736 ἥδρασας
1171 2663 1362 2734 αὑτὴν,
1394 2684 1412 2715 ι
1450 2664 1692 2736 δηλονότι

126 2757 209 2828 τὴν
247 2759 381 2828 γῆν,
432 2777 450 2809 ‹
505 2759 599 2811 καὶ¹
631 2756 902 2827 έμέθυσας
953 2756 1162 2827 αὐτὴν,
1221 2755 1526 2826 ὲπλήθυνας
1597 2753 1691 2807 τοῦ

129 2849 385 2904 πλουτίσαι
422 2851 610 2921 αὑτήν.
653 2868 672 2901 ι
713 2848 802 2920 Τῷ
841 2844 933 2901 οὖν
959 2841 1188 2918 ποταμῷ
1215 2847 1293 2918 τῷ
1327 2847 1404 2918 σῷ
1435 2847 1692 2914 τελεσφο-
1724 2870 1726 2873 ·

130 2941 293 3011 ρήσεις
315 2941 412 3012 τὴν
438 2940 782 3012 σπερματίαν
808 2939 998 3008 αὐτῆς,
1029 2939 1272 2991 τουτέστι
1299 2939 1368 2992 τὰ
1406 2938 1695 3008 σπέρματα

127 3033 175 3084 ὲν
205 3034 332 3104 αὐτῇ
362 3030 774 3102 καταϐληθέντα
821 3031 884 3084 σὺ
927 3031 1092 3094 αὑτὸς
1117 3030 1205 3084 διὰ
1239 3027 1332 3083 τοῦ
1369 3029 1566 3082 σαυτοῦ
1601 3047 1696 3081 πο-

126 3123 280 3193 ταμοῦ
307 3122 769 3194 τελεσφορηθῆναι
802 3125 1067 3195 ποιήσεις,
1099 3121 1174 3186 ὡς
1205 3122 1442 3184 τελείους
1468 3119 1699 3174 ἀποδοῦ-

129 3232 203 3269 ναι
247 3219 368 3278 τοὺς
403 3215 625 3285 στάχυς.
665 3215 820 3268 Οὕτω
848 3213 980 3283 γοῦν
1017 3213 1156 3267 κατὰ
1184 3212 1245 3264 τὺ
1279 3210 1692 3282 Εὑαγγέλιον,ή

133 3307 217 3375 μὲν
241 3308 451 3376 ποιήσει
477 3305 599 3376 λ’,ἡ
634 3305 690 3357 δὲ
720 3303 782 3370 ξ’,
816 3307 850 3375 ή
881 3305 937 3358 δὲ
972 3311 1039 3376 ρ’,
1074 3305 1175 3374 τῆς
1212 3301 1559 3377 ἀνθρωπίνης
1597 3302 1698 3371 ψυο

129 3396 216 3467 χῆς
241 3399 339 3468 γῆς
379 3395 807 3468 ὀνομαζομένης,
841 3396 936 3448 καὶ
968 3395 1110 3448 κατὰ
1153 3395 1252 3465 τὴν
1297 3395 1562 3464 σωτήριον
1594 3407 1700 3444 πα-

133 3485 371 3560 ραϐολήν·
414 3507 433 3540 ι
480 3488 621 3550 Τοὺς
667 3475 908 3551 αῦλακας
962 3487 1132 3555 αὑτῆς
1189 3485 1451 3556 μέθυσον·
1497 3483 1698 3554 πλήθυο

131 3593 206 3629 νον
236 3577 301 3631 τὰ
328 3579 637 3649 γεννήματα
690 3577 893 3648 αὑτῆς·
952 3578 1010 3629 ὲν
1060 3579 1180 3638 ταῖς
1228 3574 1483 3643 σταγόσιν
1529 3572 1700 3642 αὑτῆς

132 3668 540 3741 εὐφρανθήσεται
566 3669 952 3722 ἀνατέλλουσα.
996 3687 1012 3718 ι
1041 3664 1336 3730 Διεξελθὼν
1361 3667 1389 3718 ό
1429 3681 1700 3736 προφητι-

132 3758 214 3823 κδς
243 3761 392 3830 λόγος
432 3761 500 3814 τὰ
540 3763 738 3832 σημεῖα
770 3760 868 3829 τῆς
911 3757 1004 3811 τοῦ
1042 3754 1294 3828 Σωτῆρος
1345 3755 1566 3827 ἀρετῆς,
1608 3755 1702 3807 καὶ

133 3853 190 3920 τῇ
228 3852 317 3905 τοῦ
359 3853 672 3924 Πνεύματος
720 3849 1026 3921 προγνώσει
1070 3849 1139 3902 τὰ
1185 3847 1437 3916 ἐσόμενα,
1482 3846 1557 3909 ὡς
1601 3845 1702 3915 ήδη

133 3942 193 3995 δι’
223 3942 390 4016 ἔργων
443 3943 801 4017 κεχωρηκότα
846 3940 1198 4011 τεθεαμένος·
1257 3937 1406 4001 ὅπως
1461 3938 1559 4006 μὲν
1597 3936 1704 3988 τῶν

137 4037 501 4109 ἀντικειμένων
533 4034 842 4108 ἀνατροπὴν
875 4032 1190 4103 εἰργάσατο,
1217 4031 1365 4092 ὅπως
1397 4030 1452 4082 δὲ
1477 4027 1705 4082 ἐπεσκέ-

137 4129 262 4198 ψατο
290 4129 384 4199 τὴν
420 4129 523 4199 γῆν
550 4127 643 4180 καὶ
668 4125 931 4197 ὲμέθυσεν
973 4121 1161 4193 αὐτὴν,
1203 4121 1296 4174 καὶ
1329 4120 1403 4183 ὡς
1434 4118 1704 4190 ἐπλήθυνε

138 4221 220 4274 τοῦ
259 4221 531 4274 πλουτίσαι
573 4218 761 4289 αὐτὴν,
807 4213 1188 4287 πληρωθέντος
1221 4212 1430 4265 ὑδάτων
1478 4209 1571 4264 τοῦ
1605 4227 1704 4262 πο-

139 4313 298 4384 ταμοῦ
334 4312 424 4365 τοῦ
451 4310 607 4364 Θεοῦ.
651 4307 838 4360 Ταῦτα
881 4304 1296 4369 θεσπίσας,’καὶ
1343 4303 1420 4366 ὡς
1465 4303 1564 4374 ἤδη
1602 4301 1706 4371 πρὸ

142 4403 410 4476 ὀφθαλμῶν
435 4403 688 4475 ὁρώμενα
723 4399 1075 4469 θεασάμενος,
1106 4397 1192 4449 ἐπ’
1223 4393 1388 4466 εὐχὴν
1424 4394 1702 4466 τρέπεται,

145 4496 228 4548 καὶ
257 4496 340 4548 τὸν
369 4494 496 4548 Θεὸν
524 4491 754 4546 ἱκετεύει
790 4490 963 4558 λέγων
982 4505 995 4518 ·
1036 4507 1054 4538 ι
1091 4486 1231 4548 Τοὺς
1264 4484 1506 4547 αὔλακας
1538 4483 1706 4552 αὑτῆς

149 4583 376 4653 μέθυσον,
409 4587 504 4640 καὶ
541 4583 810 4655 πλήθυνον
853 4579 922 4634 τὰ
962 4580 1278 4650 γεννήματα
1317 4576 1504 4646 αὐτῆς.
1547 4595 1565 4626 ι
1597 4573 1708 4627 Λῦ-

146 4674 292 4738 λακες
317 4665 368 4728 6}
396 4673 572 4745 ψυχῆς
601 4669 710 4726 εἷεν
757 4671 821 4724 ἂν
859 4671 908 4723 oi
956 4668 1099 4722 κατὰ
1139 4665 1335 4737 βάθους
1365 4665 1533 4735 αὐτῆς
1564 4664 1709 4733 λογι-

151 4767 282 4836 σμοὶ,
311 4767 399 4820 καὶ
424 4766 522 4837 τῆς
551 4763 904 4833 συνειδήσεως
933 4759 1104 4830 αὑτῆς
1143 4759 1176 4829 ἡ
1206 4755 1433 4829 κρύφιος
1461 4757 1555 4808 καὶ
1583 4757 1709 4819 τοὺς

152 4857 355 4922 πολλοὺς
394 4857 729 4911 λανθάνουσα
770 4852 1018 4924 δύναμις,
1053 4851 1119 4920 ἣν
1162 4853 1190 4903 ὁ
1235 4848 1330 4901 τοῦ
1378 4846 1512 4900 Θεοῦ
1555 4845 1710 4914 λόγος

153 4949 359 5021 ἀρότρου
411 4950 566 5022 δίκην
619 4947 933 5017 ἀνατέμνων
984 4945 1078 4997 καὶ
1137 4940 1515 5013 μεταϐάλλων,
1571 4939 1711 4992 λεῖον

154 5043 520 5115 ἀπεργάζεται·
582 5037 848 5112 περιελών
897 5053 955 5088 τε
1001 5035 1100 5098 τὰς
1147 5030 1418 5095 ἀκάνθας,
1472 5030 1568 5084 καὶ
1614 5029 1713 5115 τὴν

157 5114 390 5207 περιττὴν
417 5116 568 5206 ὓλην,
608 5129 848 5198 ἐντίθησι
885 5126 953 5179 τὰ
991 5122 1183 5178 ἑαυτοῦ
1232 5122 1522 5192 σπέρματα
1549 5136 1563 5149 ·
1600 5114 1717 5207 εἶτα

157 5229 253 5291 τοῖς
280 5206 508 5296 λογικοῖς
532 5224 766 5294 νάμασιν
796 5217 1058 5289 ἀρδεύωνν
1095 5212 1357 5286 μεθύσκει
1389 5210 1578 5281 αὐτὴν·
1627 5206 1738 5260 Διδί
1820 5206 1950 5296 Ϊ⁵¹¹¹ῬΡ
1985 5215 1996 5250 ⁵
2033 5210 2132 5295 pe'.
2152 5206 2609 5296 q"‘3‘,"_‘_‘§'_'_fi'.':
2641 5206 3368 5296 ῗἷῖξζ’“οῖᾷῗ.ζέἷιζζιιζξξ”ιζὶκέιῖιὲ

159 5249 253 5291 τοις
282 5249 508 5296 λογικοις
532 5249 766 5294 ναμαοιν
796 5249 1058 5289 αρυευων,
1095 5249 1357 5286 μςνυυηςυ
1389 5249 1578 5281 νυν-σιν.
1627 5249 1716 5260 --γσ
2033 5249 2050 5264 .
2121 5283 2132 5295 .
2169 5249 2185 5261 .
2239 5281 2250 5293 ⁹
2375 5249 2409 5288 -,
2509 5249 2517 5250 κ
2592 5265 2595 5267 _
2664 5285 2670 5293 ι
2719 5265 2729 5275 _
2922 5257 2933 5269 ,
2979 5257 2990 5267 ,
3071 5261 3089 5305 ι
3244 5249 3391 5301 bere:

159 5315 376 5345 δρψ--.
399 5336 411 5345 .
454 5337 469 5345 -
511 5315 650 5345 qui...
679 5311 917 5345 ηωηνηρ
947 5306 1116 5345 βιῶ-νῖν·
1157 5303 1408 5345 ηέθυιτου,
1446 5301 1540 5345 καὶ
1581 5297 1719 5345 arm-
1820 5291 1977 5345 iestia
2001 5298 2210 5342 semina
2238 5295 2294 5334 in
2325 5271 2612 5330 animabus
2648 5280 2765 5320 suis
2817 5271 3062 5326 exctplen
3093 5268 3172 5314 es,
3202 5266 3235 5302 ιι

161 5407 296 5462 θυνον
337 5409 404 5462 τὰ
457 5407 770 5477 γεννήματα
811 5401 999 5470 αὐτῆς.
1037 5416 1055 5448 ι
1084 5390 1220 5448 Εἶτα
1264 5393 1382 5447 ἀντὶ
1414 5391 1531 5445 τοῦ·
1560 5409 1579 5440 ι
1630 5390 1718 5442 Ἐν

159 5502 261 5562 ταῖς
293 5496 540 5565 σταγόσιν
575 5492 748 5561 αὐτῆς
787 5485 1213 5559 εὐφρανθήσεται
1250 5478 1646 5535 ἀνατέλλουσα·
1691 5495 1708 5527 ι

162 5588 284 5641 κατὰ
310 5588 394 5642 τὸν
429 5585 740 5655 Σύμμαχον·
775 5599 792 5632 ι
833 5580 962 5640 Ταῖς
1008 5572 1238 5644 ψεκάσιν
1290 5569 1459 5639 αὐτῆς
1506 5566 1717 5640 χαυνώ-

226 5766 268 5796 ³³
289 5764 441 5819 .loan.
470 5757 575 5828 vlt,
594 5758 684 5824 '58,
711 5755 801 5812 59.
880 5749 1116 5806 "t'Joan.
1148 5762 1188 5809 ι,
1221 5742 1312 5801 i6.

1789 1921 1878 1974 bet
1910 1935 2090 1983 escas,
2124 1927 2290 1989 atque
2320 1920 2626 1989 condignus
2660 1920 2794 1974 tanti
2841 1917 3084 1973 ﬂuminis
3137 1918 3371 1976 fructus.

1789 2010 1972 2077 Quare
2007 2012 2214 2066 dictum
2265 2019 2350 2066 est
2385 2025 2397 2062 :
2438 2029 2455 2060 ι
2497 2005 2708 2064 Parasti
2739 2011 2920 2064 cibum
2965 2011 3206 2073 illorum,
3238 2027 3377 2080 quo-

1789 2102 1933 2155 niam
1961 2104 2034 2156 ita
2064 2112 2148 2158 est
2175 2103 2518 2171 prmparatio.
2561 2121 2578 2151 )
2615 2101 2928 2156 Secundum
2987 2100 3375 2173 Symmachum

1789 2207 1920 2246 vero
1953 2211 1966 2246 :
2008 2211 2026 2243 ι
2062 2191 2418 2247 Fructiiicare
2443 2190 2610 2246 iacies
2633 2205 2817 2246 semen
2840 2191 2981 2260 ejus,
3014 2191 3272 2260 quoniam
3298 2189 3376 2243 ita

1790 2281 2032 2337 fundasti
2057 2299 2199 2350 eam,
2233 2303 2251 2335 ι
2279 2281 2535 2336 videlicet
2560 2289 2785 2346 terram,
2813 2300 2830 2331 ι
2857 2273 3206 2335 etinebriasti
3229 2295 3373 2343 eam,

1797 2375 2171 2444 multiplicasti
2235 2373 2573 2442 locupletare
2631 2384 2776 2426 eam.
2822 2391 2840 2423 ι
2894 2361 3379 2438 ῈΙιιηιίηοὶιοιιυθ

1790 2473 1886 2520 tuo
1916 2465 2151 2520 fructum
2184 2481 2374 2536 parere
2414 2465 2584 2520 facies
2643 2465 2838 2519 semini
2873 2463 3015 2532 ejus,
3043 2463 3096 2516 id
3128 2469 3234 2525 est,
3289 2477 3381 2517 se-

1793 2558 1941 2612 mina
1971 2558 2126 2638 istuc
2171 2557 2442 2625 conjecta,
2480 2564 2538 2609 tu
2599 2555 2739 2623 ipse,
2774 2563 2982 2623 tuoque
3018 2552 3242 2605 ﬂumine
3265 2549 3382 2604 fru-

1793 2657 1940 2702 ctum
1963 2663 2154 2718 parere
2187 2647 2374 2712 facies,
2415 2647 2489 2700 ita
2515 2653 2574 2698 ut
2595 2644 2870 2714 perfectas
2902 2645 3083 2712 spicas
3109 2643 3374 2710 praebeat.

1797 2739 1888 2794 Sic
1922 2740 2226 2795 secundum
2284 2737 2641 2806 Evangelium
2691 2736 2794 2788 alia
2837 2741 2985 2787 terra
3015 2735 3377 2797 tricesimum,

1797 2831 1901 2885 alia
1933 2829 2361 2899 sexagesimum,
2392 2825 2758 2882 centesimum
2808 2823 2913 2876 alia
2939 2822 3181 2892 proferet
3207 2838 3221 2874 :
3255 2837 3380 2875 nam

1798 2925 1854 2979 in
1881 2921 2184 2977 Salvatoris
2207 2918 2472 2990 parabola
2511 2916 2695 2970 anima
2742 2913 2982 2967 hominis
3037 2922 3181 2966 terra
3214 2926 3380 2966 voca-

1799 3023 1908 3068 tur.
1956 3031 1975 3064 ι
2015 3011 2185 3066 Rivos
2262 3009 2381 3077 ejus
2444 3005 2690 3070 inebria,
2752 3003 3057 3072 multiplica
3105 3003 3381 3072 genimina

1799 3104 1920 3172 ejus
1973 3123 1984 3156 :
2031 3104 2088 3155 in
2142 3098 2442 3155 stillicidiis
2491 3095 2613 3164 ejus
2671 3093 2944 3147 laatabitur
3001 3091 3378 3162 germinans.»

1799 3195 2099 3264 Postquam
2125 3189 2482 3262 propheticus
2513 3200 2696 3241 sermo
2744 3185 2898 3253 signa
2936 3181 3154 3236 virtutis
3187 3180 3386 3234 Serva-

1802 3287 1940 3341 toris
1965 3282 2264 3344 recensuit,
2299 3287 2353 3335 et
2377 3294 2440 3333 ex
2488 3275 2837 3346 praescientia
2885 3270 3123 3341 Spiritus
3174 3271 3383 3333 futura,

1802 3382 1862 3429 ut
1883 3376 2000 3444 jam
2032 3386 2197 3441 opere
2226 3367 2520 3436 completa,
2560 3362 2838 3433 praevidit;
2865 3360 3142 3429 quomodo
3171 3357 3386 3412 scilicet

1801 3464 2152 3520 adversarios
2182 3456 2566 3531 prostraverit,
2592 3451 2868 3523 quomodo
2899 3459 3100 3504 terram
3128 3447 3388 3502 visitave-

1801 3561 1875 3614 rit
1901 3567 1956 3614 et
1978 3553 2351 3616 inebriaverit,
2389 3563 2500 3620 quo
2530 3554 2693 3617 pacto
2741 3539 3194 3612 multiplieaverit
3231 3538 3386 3591 locu-

1803 3651 2010 3720 pictare
2027 3663 2169 3710 eam,
2202 3643 2426 3698 ﬂumine
2454 3639 2551 3694 Dei
2595 3636 2756 3706 aquis
2787 3634 3012 3704 repleto.
3046 3629 3173 3683 Haec
3195 3627 3389 3682 vatici-

1804 3719 1988 3802 natus,
2015 3747 2068 3793 et
2097 3736 2258 3807 quasi
2290 3747 2402 3804 prae
2449 3730 2626 3786 oculis
2678 3725 2931 3796 haberet_
2957 3719 3386 3787 contemplatus,

1805 3832 1872 3884 ad
1904 3844 2097 3898 preces
2127 3825 2382 3885 vertitur,
2417 3821 2638 3888 Deoque
2695 3815 2970 3884 supplicat
3022 3809 3110 3863 his
3152 3807 3338 3862 verbis
3367 3824 3383 3861 :

1812 3941 1830 3973 ι
1867 3897 2035 3973 Rivos
2063 3918 2185 3985 ejus
2225 3912 2464 3975 inebria,
2507 3907 2811 3977 multiplica
2853 3901 3132 3974 genimina
3179 3897 3320 3966 ejus.
3362 3916 3382 3950 ι

1806 4011 1927 4064 Rivi
1959 4007 2156 4061 anima:
2183 4003 2431 4074 ejusdem
2457 3997 2744 4078 profundae
2766 3992 3125 4063 cogitationes
3160 3988 3388 4052 fuerint,

1806 4113 1859 4158 et
1906 4099 2232 4156 abscondita
2280 4094 2580 4160 multisque
2632 4090 2808 4142 latens
2880 4079 3236 4140 conscientia:
3283 4079 3390 4142 vis,

1807 4209 1971 4266 quam
2027 4191 2127 4246 Dei
2169 4187 2396 4242 verbum
2442 4198 2542 4237 ceu
2589 4187 2834 4234 aratrum
2874 4175 3096 4230 sulcans
3118 4178 3170 4225 et
3190 4171 3392 4223 immu-

1810 4264 1954 4354 t—ans,
1977 4289 2197 4360 planam
2223 4282 2389 4340 eiiicit
2418 4299 2431 4335 :
2466 4278 2748 4349 spinisque
2771 4289 2834 4328 ac
2859 4267 3135 4340 superﬂua
3164 4264 3392 4360 materia

1811 4353 2029 4446 amotis,
2065 4377 2276 4433 semina
2325 4387 2425 4428 sua
2481 4369 2673 4424 inserit
2704 4380 2718 4416 :
2752 4361 3059 4429 deindeque
3089 4353 3392 4446 rationabi-

1814 4473 1956 4527 iibus
1988 4440 2209 4522 ﬂuentis
2255 4464 2516 4532 irrigans,
2564 4457 2739 4526 ipsam
2796 4450 3052 4505 inebriat.
3096 4443 3276 4510 Quare
3307 4440 3393 4532 di-

1741 4545 1785 4598 D
1815 4571 1963 4619 ctum
2001 4568 2086 4615 est
2127 4576 2140 4611 :
2182 4575 2200 4606 ι
2238 4529 2409 4608 Rivos
2451 4551 2573 4619 ejus
2625 4544 2857 4603 inebria,
2889 4535 3194 4604 multiplica
3240 4529 3394 4599 geni-

1816 4655 1966 4709 mina
1999 4651 2140 4720 ejus.
2180 4667 2198 4700 ι
2237 4645 2436 4699 Postea
2468 4654 2600 4694 vero
2630 4637 2778 4691 illius
2806 4633 2975 4720 loco_:
3017 4645 3035 4675 ι
3075 4623 3132 4678 in
3169 4619 3396 4720 ‘stillici-

1817 4708 1925 4798 diis
1983 4708 2105 4810 ejus
2160 4734 2430 4792 laetabitur
2472 4727 2808 4800 germinans,
2849 4739 2868 4770 ι
2913 4711 3274 4812 Symmachus
3312 4708 3394 4762 sic

1816 4835 2014 4889 habet:
2042 4850 2060 4882 ‹
2089 4827 2264 4884 Stillis
2279 4825 2398 4895 ejus
2423 4819 2670 4878 emollies
2690 4816 2864 4885 ipsam
2887 4819 2940 4863 et
2957 4818 3177 4877 germen
3193 4815 3334 4895 ejus.
3369 4817 3390 4850 ι

1819 4926 1887 4981 Ει
1937 4925 2054 4979 haec
2101 4920 2285 4976 omnia
2308 4891 2608 4970 vvisitantis
2660 4900 2963 4958 Ecclesiam
3025 4909 3180 4950 suam
3240 4891 3392 4957 signa

1820 5025 1949 5075 sunt
1986 5035 1999 5069 :
2034 5029 2155 5084 quae
2187 5024 2320 5066 sane
2363 5005 2492 5060 olim
2554 4993 2939 5071 praenuntiata,
2963 5000 3073 5040 non
3098 4983 3205 5035 alio
3235 4981 3390 5084 ιιιριιμ

1819 5070 1982 5179 quam
2033 5070 2130 5175 per
2161 5096 2470 5156 Servatoris
2523 5070 2699 5144 nostri
2784 5081 3078 5136 adventum
3126 5070 3392 5138 completa

1820 5165 1950 5254 sunt
1985 5215 1996 5250 :
2033 5165 2127 5264 per
2152 5204 2312 5261 quem
2357 5185 2449 5255 qui
2476 5183 2597 5250 ejus
2641 5174 2817 5246 gratia
2857 5165 3067 5264 dignati
3105 5167 3254 5264 sunt,
3287 5173 3394 5210 cce-

1820 5381 2036 5436 iructus
2082 5372 2406 5446 proferunt;
2460 5361 2551 5415 alii
2616 5369 2812 5424 nempe
2864 5345 3248 5446 centesimum,
3307 5334 3399 5435 alii

1824 5434 2252 5538 sexagesimum,
2285 5457 2376 5511 alii
2431 5452 2791 5506 tricesimum.
2845 5434 3107 5538 Quisquis
3149 5441 3286 5538 Ivero
3306 5439 3400 5538 “:‘n

1949 5511 2196 5613 Ecclesia
2240 5511 2491 5605 diversos
2541 5550 2735 5595 eorum
2782 5530 2876 5604 qui
2904 5527 2960 5582 in
2982 5520 3203 5580 Christo
3237 5511 3402 5586 proﬁ-
