3808 6280
401 326 509 382 683
978 348 981 351 ·
1100 318 1371 377 EUSEBII
1410 313 1889 374 CIESARIENSIS
1926 301 2077 369 OI’P.
2115 310 2297 368 PARS
2325 309 2415 368 Ill.
2458 342 2531 355 --
2564 310 2976 367 EXEGETICA.
3551 314 3639 373 ειι

401 448 557 499 ciunt
578 440 803 497 ordines
819 440 1111 511 conspicit,
1145 439 1193 495 is
1225 453 1415 494 eorum
1448 450 1570 506 quae
1622 435 1678 488 in
1717 434 1963 489 vaticinia

2081 450 2197 496 σεις
2228 433 2397 504 αὐτὴν
2426 433 2520 486 καὶ
2561 432 2622 485 τὸ
2671 431 2957 502 βλάστημα
3003 432 3195 504 αὐτῆς,
3231 452 3250 486 ι
3278 433 3503 506 εἴρηται.
3548 440 3639 494 Καὶ

403 532 656 590 feruntur
683 532 982 587 ubert’atem
1021 529 1188 599 probe
1230 537 1546 597 cognoscet.

2084 524 2262 577 πάντα
2297 524 2354 577 δὲ
2379 523 2553 577 ταῦτα
2586 526 2787 594 σημεῖα
2825 524 3080 594 τυγχάνει
3107 524 3200 578 τοῦ
3233 526 3639 599 ὲπισκεψαμένου

400 625 497 698 τὴν
542 623 864 694 Ἐκκλησίαν
920 618 1113 674 αῦτοῖν
1167 618 1203 673 ἃ.
1249 618 1313 690 δὴ
1366 617 1534 671 πάλαι
1580 614 1948 689 προλεχθέντα
1984 615 2091 667 οὐδ’
2117 614 2293 678 ἄλλως
2329 616 2410 677 είς
2449 613 2586 685 ἔργα
2638 612 3017 685 κεχώρηκενῆ
3065 614 3154 668 διὰ
3199 615 3301 687 τῆς
3331 616 3422 670 τοῦ
3483 617 3639 691 Σωτῆ-

403 733 498 790 ρος
541 714 698 787 ἡμῶν
732 712 1052 783 ἐπιφανείας
1069 717 1108 742 ’⁸
1129 712 1195 763 δι’
1236 706 1305 781 ἧς
1352 712 1400 763 oi
1451 708 1849 779 κατηξιωμένοι
1895 707 1997 777 τῆς
2035 706 2201 760 αὑτοῦ
2230 707 2473 779 χάριτος,
2508 706 2577 759 τὰ
2609 705 2665 771 ἐξ
2703 705 2949 775 οὐρανῶν
2979 705 3273 778 σπέρματα
3341 711 3455 772 ταῖς
3488 711 3641 764 αὐτῶν

399 809 601 881 ψυχαῖς
646 806 1072 874 ἀποδεξάμενοι,
1123 805 1369 877 καρποὺς
1421 803 1666 867 εὐθαλεῖς
1719 803 2081 874 παρέχουσιν·
2119 804 2167 855 οἱ
2237 802 2335 872 μὲν
2367 807 2410 872 ρ’
2472 800 2784 865 ποιοῦντες,
2829 802 2877 853 οί
2911 800 2971 853 δέ
3014 800 3080 867 ξ’,
3116 801 3246 855 οιδὲ
3279 802 3344 857 λυ.
3379 803 3540 890 ιορῷν
3595 806 3639 860 δέ

400 914 485 961 τις
517 901 575 951 ἐν
619 899 684 966 τῇ
731 895 1024 965 Ἐκκλησία
1063 893 1157 948 τοῦ
1196 893 1330 947 Θεοῦ
1396 893 1463 947 τὰ
1507 894 1741 966 διάφορα
1787 893 2045 964 τάγματα
2109 892 2219 946 τῶν
2274 895 2332 946 ἐν
2390 891 2608 964 Χριστῷ
2655 891 3071 962 προκοπτόντων
3091 933 3106 958 ,
3138 936 3144 949 η.
3167 892 3265 968 τῂν
3322 898 3641 966 παγκαρπίαν

398 990 604 1046 εἴσεται
628 987 737 1041 τῶν
757 986 846 1040 διὰ
867 987 968 1056 τῆς
995 986 1362 1056 προκειμένης
1383 986 1719 1056 προφητείας
1748 984 2176 1056 θεσπίζομένων.

471 1106 639 1165 Vens.
665 1110 850 1175 12,14.
876 1131 895 1162 ι
919 1111 1214 1167 Benedices
1236 1124 1454 1164 coronae
1471 1108 1600 1163 anni
1625 1108 1977 1178 benignitatis

400 1205 525 1262 tuae,
550 1209 604 1254 et
626 1201 803 1272 campi
835 1202 913 1255 tui
963 1202 1322 1272 replebuntur
1354 1201 1626 1256 ubertate.
1673 1220 1692 1252 ι
1736 1199 1876 1265 Quia
1908 1199 1974 1253 ad

399 1290 809 1362 praedicandum
845 1307 1049 1346 annum
1104 1290 1199 1346 Dei
1248 1290 1666 1361 acceptabilem,
1718 1298 1773 1343 et
1830 1289 1974 1345 diem

400 1378 797 1443 retributionis,
840 1380 1057 1436 venisse
1096 1378 1357 1435 Servator
1396 1378 1622 1443 dicitur,
1669 1380 1974 1435 secundum

400 1468 741 1539 Scripturam
764 1486 828 1525 ex
854 1470 975 1540 ejus
997 1485 1232 1544 persona
1257 1470 1338 1525 sic
1371 1470 1719 1540 loquentem:
1754 1488 1771 1520 ι
1802 1467 1974 1538 Spiri-

396 1569 488 1618 tus
504 1562 717 1616 Domini
742 1577 907 1634 super
934 1578 1042 1626 me,
1065 1577 1131 1617 eo
1154 1560 1303 1632 quod
1324 1561 1545 1617 unxerit
1581 1575 1667 1615 me
1701 1579 1713 1619 :
1744 1574 1978 1629 evangec

398 1652 568 1708 lizare
590 1634 922 1721 pauperibus
953 1651 1103 1707 misit
1143 1667 1264 1719 me;
1294 1650 1592 1721 praedicare
1631 1649 1862 1731 captivis
1894 1648 1978 1716 ,di-

2158 1125 2176 1158 ι
2224 1090 2672 1177 Εὑλογήσειςτὺν
2703 1104 2963 1174 στέφανον
3002 1104 3097 1159 τοῦ
3131 1102 3381 1159 ἐνιαυτοῦ
3412 1106 3502 1176 τῆς
3525 1124 3642 1179 χρη-

2079 1195 2336 1266 στότητός
2374 1212 2487 1259 σου,
2518 1195 2614 1248 καί⁵
2645 1194 2710 1247 τὰ
2743 1194 2901 1246 πεδία
2948 1210 3046 1247 σου
3078 1193 3451 1266 πλησθήσεται
3477 1197 3642 1267 statim-

2077 1304 2186 1351 τος.
2235 1305 2254 1338 ι
2294 1286 2509 1357 Ἐπειδὴ
2539 1284 2773 1356 κηρῦξαι
2821 1285 3065 1338 ἐνιαυτὸν
3101 1284 3312 1355 Κυρίου
3339 1284 3539 1350 δεκτδν,
3565 1288 3642 1341 καὶ

2075 1379 2288 1449 ἡμέραν
2334 1376 2741 1439 άνταποδόσεως
2783 1374 3102 1447 ἐληλυθέναι
3145 1375 3363 1444 λέγεται
3397 1376 3424 1428 ό
3455 1377 3641 1449 Σωτὴρ,

2076 1466 2219 1521 κατὰ
2253 1467 2353 1537 τὴν
2409 1469 2723 1535 φάσκουσαν
2762 1465 2821 1532 ἐξ
2866 1465 3030 1519 αὐτοῦ
3081 1464 3381 1536 προσώπου
3413 1466 3638 1538 Γραφήν·

2080 1575 2098 1605 ι
2132 1553 2357 1625 Πνεῦμα
2406 1554 2612 1626 Κυρίου
2659 1555 2745 1606 ἐπ’
2789 1555 2911 1625 ἐμὲ,
2963 1547 3026 1607 οὗ
3079 1555 3286 1608 εἵνεκεν
3330 1553 3508 1626 ἔχρισέ
3552 1574 3638 1627 με·

2073 1647 2530 1717 εὐαγγελίσασθαι
2596 1649 2830 1717 πτωχοῖς
2892 1646 3203 1700 ἀπέσταλκέ
3270 1663 3371 1716 με·
3437 1647 3642 1717 κηρῦξαι

396 1743 741 1806 missionem,
773 1750 828 1797 et
881 1746 1042 1798 caecis
1090 1743 1243 1799 visus
1287 1743 1726 1808 restitutionem;
1776 1756 1963 1796 vocare

2080 1735 2447 1808 αἰχμαλώτοίς
2476 1737 2671 1807 άφεσιν
2701 1737 2795 1791 καὶ
2834 1737 3054 1806 τυφλοῖς
3083 1736 3380 1807 ἀνάϐλεψιν
3399 1754 3413 1767 ο
3443 1738 3639 1791 καλέσαι

397 1848 599 1889 annum
649 1832 864 1887 Domini
922 1834 1334 1903 acceptabilem,
1372 1841 1428 1889 et
1467 1834 1611 1889 diem
1657 1833 1963 1893 retributio-

2078 1828 2321 1883 ἐνιαυτὸν
2342 1828 2551 1900 Κυρίου
2570 1828 2777 1893 δεκτὺν,
2813 1830 2906 1882 καὶ
2930 1829 3148 1900 ἡμέραν
3159 1828 3570 1892 .ἀνταποδόσεως
3585 1847 3597 1859 ·
3620 1852 3635 1880 ι

394 1925 483 1981 nis
495 1927 540 1957 ⁸ο
552 1944 569 1993 ;
585 1946 603 1977 ι
619 1925 743 1998 jure
759 1926 849 1982 hic
868 1924 1246 1982 retributionis
1263 1924 1406 1982 diem
1428 1925 1653 1981 indicat.
1674 1918 1771 1981 Est
1790 1935 1975 1981 autem

395 2017 485 2071 illa
524 2016 765 2092 futurum
823 2019 1106 2083 saeculum,
1136 2018 1283 2087 quod
1332 2025 1456 2088 post
1501 2017 1792 2088 praesentis
1844 2032 1975 2072 con-

392 2114 813 2169 summationem
838 2110 1036 2165 veniet.
1068 2107 1226 2163 Illum
1246 2110 1433 2179 itaque
1460 2124 1667 2164 annum
1693 2110 1855 2180 quasi
1879 2124 1974 2164 co-

392 2215 528 2255 rona
568 2201 838 2271 novisque
878 2216 943 2254 ac
982 2201 1251 2271 speciosis
1277 2201 1539 2264 ﬂoribus,,
1561 2202 1654 2271 qui
1678 2203 1735 2255 in
1762 2216 1828 2257 eo
1852 2216 1975 2256 vcr-

393 2290 564 2345 saturi
612 2298 760 2355 sunt,
808 2291 1143 2355 ornandum,
1198 2306 1382 2345 sermo
1419 2307 1669 2363 praesens
1705 2293 1971 2348 vaticina-

392 2387 483 2433 tur
527 2378 716 2435 dicens
751 2395 764 2431 :
808 2397 828 2430 ι
864 2379 1164 2436 Benedices
1210 2396 1430 2435 coronae
1456 2383 1584 2436 anni
1619 2380 1972 2453 benignitatis

392 2483 520 2528 tuae.
551 2493 570 2524 ι
592 2472 725 2527 Nam
759 2474 848 2530 ille
879 2475 1048 2529 futuri
1079 2475 1265 2532 smculi
1291 2493 1490 2542 annus,
1528 2493 1652 2532 cum
1688 2480 1759 2535 sit
1791 2496 1971 2536 annus

391 2550 754 2634 benignitatis
777 2565 894 2630 Dei,
927 2568 1268 2624 benedictam
1300 2584 1560 2624 coronam
1606 2571 1847 2637 habebit,
1884 2581 1970 2626 to—

390 2663 505 2709 tum
527 2672 719 2727 nempe
737 2668 1053 2714 sanctorum
1078 2661 1330 2717 chorum.
1357 2659 1531 2726 Quam
1557 2677 1819 2717 coronam
1844 2678 1968 2718 cum

389 2746 749 2812 benedixerit,
785 2750 1026 2820 imponet
1048 2752 1148 2806 sibi
1181 2750 1437 2806 Christus
1463 2751 1578 2811 Dei,
1602 2768 1791 2807 eorum
1823 2754 1971 2821 agri-

389 2842 619 2896 culturae
648 2840 878 2898 ﬂoribus
911 2842 1223 2898 decoratus.
1268 2842 1375 2899 Sed
1409 2844 1575 2917 etiam
1610 2846 1727 2914 ipse
1749 2860 1969 2900 eorum-

387 2932 509 2986 dem
540 2945 744 2986 corona
767 2933 871 2988 erit
920 2933 1223 2989 secundum
1265 2935 1464 2989 isaiam
1495 2932 1576 2991 sic
1612 2936 1922 3008 loquentem
1950 2953 1962 2990 :

388 3037 413 3070 s
456 3018 522 3072 Et
550 3021 655 3075 erit
684 3018 953 3075 Dominus
1008 3021 1248 3076 Sabaoth
1298 3036 1503 3075 corona
1545 3024 1751 3092 gloriae.
1811 3021 1967 3079 Tunc

2077 1923 2301 1986 εἰκότως
2339 1923 2433 1975 καὶ
2461 1921 2693 1975 ἐνταῦθα
2719 1922 2815 1993 τὴν
2841 1922 3052 1993 ἡμέραν
3083 1923 3342 1993 σημαίνει
3384 1921 3481 1993 τῆς
3505 1925 3641 1976 am.

2078 2015 2366 2078 ποδόσεως.
2394 2015 2551 2068 Ἐστι
2576 2013 2632 2068 δὲ
2657 2013 2795 2087 αῦτη
2820 2017 2848 2068 ό
2871 2015 3079 2086 μέλλων
3112 2014 3504 2086 ἐπιστήσεσθαι
3530 2013 3640 2068 αἰὼν

2079 2106 2217 2176 μετὰ
2253 2105 2353 2177 τὴν
2390 2105 2487 2159 τοῦ
2526 2106 2822 2170 ἐνεστῶτος
2865 2106 3192 2160 συντέλειαν.
3228 2100 3467 2160 Ἐκεῖνον
3489 2105 3640 2159 τοίνυν

2072 2199 2165 2252 τὸν
2198 2200 2442 2253 ἐνιαυτὸν
2466 2198 2655 2269 ὥσπερ
2687 2196 2936 2268 στεφάνῳ
2974 2198 3422 2270 κοσμηθήσεσθαι
3444 2197 3528 2251 διὰ
3552 2196 3640 2251 τῶν

2073 2289 2282 2359 νεαρῶν
2316 2290 2409 2342 καὶ
2453 2288 2672 2360 ὡραίων
2721 2288 2898 2342 ἀνθῶν
2930 2289 3038 2342 τῶν
3075 2290 3379 2361 μελλόντων
3418 2291 3475 2342 ἐν
3514 2288 3639 2359 αὐτῷ

2074 2379 2492 2446 πολιτεύεσθαι,
2549 2380 2610 2432 τὸ
2664 2379 2836 2451 παρὸν
2889 2379 3133 2444 θεσπίζει
3190 2381 3371 2452 λόγιον
3427 2382 3636 2449 φάσκον·

2050 2490 2095 2525 ,ι
2138 2470 2585 2551 Εὑλογήσειςτδν
2615 2471 2877 2544 στέφανον
2914 2473 3009 2524 τοῦ
3039 2471 3287 2526 ἐνιαυτοῦ
3310 2473 3408 2543 τῆς
3435 2472 3640 2543 χρηστόη

2071 2566 2232 2637 τητός
2272 2582 2389 2635 σου.
2433 2585 2451 2616 ι
2499 2566 2557 2620 ’0
2588 2565 2698 2638 γὰρ
2731 2565 2976 2637 ἐνιαυτός
3020 2567 3226 2628 ἐκεῖνος
3260 2567 3290 2618 ό
3321 2564 3414 2617 τοῦ
3447 2564 3641 2636 μέλλονο

2070 2674 2161 2721 τος
2185 2657 2400 2720 αἰῶνος,
2435 2658 2802 2731 χρηστότητος
2832 2656 2908 2710 ὢν
2941 2656 3098 2721 Θεοῦ,
3134 2658 3396 2727 στέφανον
3428 2656 3533 2723 ἔξει
3558 2657 3633 2725 ηὑ-

2069 2746 2201 2822 λογη
2211 2748 2368 2817 μένον
2390 2788 2405 2813 ,
2463 2747 2753 2818 σύμπαντα
2818 2749 2976 2820 χορὸν
3024 2748 3133 2803 τῶν
3195 2749 3388 2818 ἁγίων.
3443 2750 3637 2802 Ὄντινα

2072 2841 2361 2909 στέφανον,
2414 2839 2746 2910 εὐλογήσας,
2793 2839 3148 2911 περιθήσεται
3202 2843 3231 2894 ὁ
3286 2842 3519 2912 Χριστὸς
3559 2839 3637 2894 τοῦ

2069 2929 2226 2991 Θεοῦ,
2251 2933 2362 2992 τοῖς
2386 2929 2484 2999 τῆς
2511 2928 2691 2983 αὐτῶν
2711 2929 2986 3000 γεωργίας
3014 2930 3229 2983 ἄνθεσιν
3269 2932 3632 3002 ὠραῖζὸμιενος.

2081 3019 2240 3072 Ἀλλὰ
2262 3022 2355 3073 καὶ
2379 3020 2540 3083 αὐτὸς
2577 3018 2758 3075 αὐτῶν
2780 3021 3069 3090 γενήσεται
3107 3021 3371 3091 στέφανος
3401 3023 3538 3078 κατὰ
3560 3023 3636 3076 τὸν

387 3111 568 3180 campi
599 3110 692 3165 Dei
731 3112 1092 3181 replebuntur
1116 3113 1388 3177 ubertate,
1422 3121 1479 3167 et
1515 3120 1731 3169 montes
1761 3111 1963 3168 deserti

2082 3110 2307 3163 Ἡσαΐαν
2331 3111 2606 3180 φήσαντα*
2634 3130 2650 3160 ι
2676 3111 2785 3163 Καὶ
2819 3111 2968 3165 ἔσται
3000 3111 3202 3183 Κύριος
3231 3113 3459 3167 Σαϐαὼθ
3484 3117 3512 3168 ό
3539 3114 3637 3166 στί-

387 3207 518 3254 tnnc
550 3200 907 3270 pinguesceut
930 3202 999 3257 “.
1044 3221 1063 3254 ι
1096 3203 1178 3257 Ad
1216 3202 1332 3257 haec
1375 3205 1541 3260 etiam
1577 3212 1708 3258 tunc
1739 3221 1757 3254 ι
1795 3205 1964 3259 colles

384 3289 749 3344 exsultatione
767 3292 1140 3363 acCingentur.
1169 3312 1187 3345 ›
1215 3292 1418 3350 Praeter
1435 3294 1548 3349 haec
1573 3304 1755 3349 autem
1777 3295 1962 3348 omnia

387 3376 588 3433 arietes
644 3378 827 3432 ovium
885 3381 1110 3450 proprio
1180 3382 1380 3437 vellere
1451 3383 1764 3437 induentur.
1837 3382 1964 3438 Haec

387 3482 554 3539 porro
581 3467 871 3540 intelliges,
900 3469 949 3525 si
970 3486 1157 3525 eorum
1184 3471 1276 3540 qui
1309 3473 1538 3528 salutem
1567 3474 1965 3528 nanciscuntur

385 3552 706 3613 discrimina
759 3565 937 3613 tecum
993 3568 1233 3630 reputes.
1292 3557 1536 3632 Quorum
1591 3561 1688 3618 alii
1741 3562 1962 3632 quidem

383 3645 790 3713 Comparatione
824 3650 1265 3721 praestantiorum
1297 3651 1454 3722 quasi
1488 3650 1749 3709 inferiore
1789 3651 1961 3723 gradu

385 3731 510 3791 vitae
540 3733 875 3798 incedentes.
912 3737 1204 3807 allegorice
1255 3740 1435 3809 campi
1467 3739 1562 3794 Dei
1599 3741 1847 3799 ubertate
1877 3759 1963 3797 re—

384 3823 512 3892 pleti
558 3825 733 3878 vocati
776 3833 935 3893 sunt;
978 3841 1150 3896 quare
1192 3827 1400 3883 dictum
1453 3837 1538 3885 est
1566 3848 1578 3883 :
1611 3849 1629 3881 ι
1660 3830 1961 3902 Campitui

383 3914 735 3985 rrplebuulur
764 3917 1047 3985 ubertate;
1087 3938 1107 3972 ι
1146 3919 1234 3973 alii
1272 3935 1399 3974 vero
1425 3923 1594 3976 variis
1637 3923 1750 3991 jam
1783 3925 1959 3978 virtu-

382 4001 531 4057 tibus
560 4001 838 4069 ﬂorentes,
863 4014 1076 4060 montes
1100 4005 1356 4063 Ecclesiae
1380 4010 1535 4078 prius
1557 4010 1790 4067 desertae
1815 4028 1958 4067 nun-

381 4093 563 4163 cupati
593 4102 740 4149 sunt.
769 4092 872 4160 Qui
898 4104 952 4151 et
982 4098 1085 4170 ipsi
1117 4098 1347 4153 ubertim
1371 4100 1580 4172 irrigati
1608 4119 1636 4154 a
1662 4114 1961 4158 memorato

382 4185 626 4247 ﬂumine,
646 4187 973 4256 pinguedine
993 4189 1235 4258 replendi
1252 4191 1542 4255 dicuntur;
1560 4192 1655 4250 sed
1672 4194 1838 4248 etiam
1856 4194 1961 4248 co!—

314 4278 321 4285 ‘
382 4273 462 4326 les
480 4273 547 4327 iis
564 4289 779 4345 quoque
795 4276 1164 4339 sublimiores.
1185 4279 1264 4334 sic
1281 4280 1489 4351 tr0pice
1502 4282 1699 4343 vocati.
1718 4282 1959 4336 exsulta-

379 4362 529 4417 tione
544 4357 920 4435 acclngentur.
937 4365 1003 4420 Et
1025 4367 1077 4421 hi
1095 4367 1313 4440 quidem
1333 4377 1446 4426 tres
1463 4371 1684 4427 ordines
1703 4371 1755 4425 in
1775 4372 1958 4430 futuro

2067 3218 2232 3268 φανός
2254 3201 2349 3271 τῆς
2375 3201 2552 3269 δόξης.
2588 3202 2718 3255 Τότε
2749 3202 2806 3254 δὲ
2836 3204 2929 3257 καὶ
2958 3203 3027 3267 τὰ
3048 3203 3207 3258 πεδία
3236 3205 3332 3260 τοῦ
3366 3206 3500 3260 θεοῦ
3532 3205 3637 3276 πλη-

2068 3290 2324 3365 σθήσεται
2358 3292 2632 3362 πιότητος,
2678 3294 2773 3345 καὶ
2811 3293 2880 3350 τὰ
2912 3293 3043 3367 ὄρεα
3079 3295 3137 3348 δὲ
3172 3298 3273 3366 τῆς
3306 3298 3513 3369 ἐρήμου
3533 3297 3634 3349 τότε

2065 3381 2439 3455 πιανθήσεται.
2457 3402 2473 3432 ι
2487 3383 2607 3435 Ἔτι
2634 3382 2739 3453 μὴν
2760 3385 2854 3436 καὶ
2873 3403 2891 3434 ι
2915 3386 2962 3437 οί
2988 3386 3164 3454 βουνοὶ
3190 3406 3208 3436 ι
3227 3386 3348 3439 τότε
3367 3406 3397 3437 ι.
3411 3386 3636 3454 ἀγαλλία-

2067 3489 2151 3525 σιν
2186 3471 2601 3544 περιζὼσονται.
2629 3492 2646 3524 ι
2671 3475 2778 3527 Καὶ
2808 3474 2944 3545 πρὸς
2969 3475 3178 3540 τούτοις
3208 3476 3413 3531 άπασιν
3434 3479 3484 3530 οί
3512 3478 3635 3550 κριοὶ
3676 3500 3683 3509 ν

2065 3564 2173 3617 τῶν
2207 3564 2497 3634 προϐάτων
2524 3566 2649 3627 τοὺς
2668 3565 2831 3628 ἰδίους
2856 3566 3164 3621 ἐνδύσονται
3183 3568 3405 3633 πόκους.
3428 3570 3634 3642 Νοησεις

2063 3655 2120 3708 δὲ
2151 3654 2340 3719 ταῦτα,
2364 3656 2460 3730 τὴν
2493 3656 2754 3728 διαφορὰν
2799 3657 3128 3730 ὑποθέμενος
3155 3662 3336 3732 ἐαυτῷ
3357 3662 3634 3725 τῶννσωζο·

2068 3748 2266 3817 μένωνο
2299 3742 2374 3801 ὧν
2403 3751 2450 3802 οί
2478 3749 2597 3818 μὲν,
2631 3749 2707 3812 ὠς
2758 3752 2818 3804 ἐν
2846 3750 3145 3822 παραθέσει
3192 3752 3303 3808 τῶν
3338 3755 3633 3826 κρειττόνων

2063 3837 2153 3890 τὸν
2206 3836 2320 3907 βίον
2362 3840 2804 3914 ὑποϐεϐηκότες,
2865 3843 3211 3915 ὰλληγορικῷ
3265 3847 3451 3917 τρόπῳ
3494 3846 3632 3899 πεδία

2062 3925 2201 3978 Θεοῦ
2227 3930 2746 4004 προσηγορεύθησαν
2777 3933 3031 4003 πιότητος
3064 3933 3435 4006 πληρούμενα’
3464 3935 3539 3989 διὸ
3560 3934 3632 3989 λέ-

2062 4016 2270 4071 λεκταν
2306 4036 2325 4070 ι
2345 4019 2425 4073 Τά
2448 4021 2607 4075 πεδία
2632 4038 2725 4075 σου
2760 4022 3132 4095 πλησθήσεται
3163 4026 3471 4098 πιότητος)
3501 4027 3548 4079 ei
3580 4025 3630 4078 δὲ

2062 4107 2160 4180 ἢδη
2196 4112 2254 4162 ὲν
2277 4110 2553 4185 διαφόροις
2588 4113 2812 4184 ἀρεταῖς
2868 4115 3155 4180 ἀνθοῦντες
3183 4117 3315 4188 ὄρεα
3370 4118 3468 4190 τῆς
3520 4120 3629 4189 πρὶν

2062 4200 2266 4271 ἐρήμου
2300 4203 2624 4273 Ἐκκλησίας
2651 4205 3065 4275 ὠνομάσθησαν·
3084 4209 3156 4271 οἳ,
3191 4209 3286 4263 καὶ
3319 4211 3470 4264 αὐτοὶ
3492 4209 3629 4268 πλαψ

2062 4291 2194 4355 σίως
2221 4293 2508 4365 ἀρδόμενοι
2544 4297 2607 4348 ἐκ
2641 4297 2734 4349 τοῦ
2762 4298 3092 4367 δηλωθέντος
3122 4302 3399 4372 ποταμοῦ,
3429 4302 3628 4371 nimiet-

2063 4384 2249 4437 σεσθαι
2294 4384 2561 4454 λέγονται·
2597 4386 2732 4441 ἀλλὰ
2790 4390 2884 4442 καὶ
2915 4391 2963 4441 οἱ
2995 4390 3075 4442 ἔτι
3096 4391 3305 4445 τούτων
3333 4393 3624 4465 ὑψηλότεροι

381 4454 732 4527 benignitatis
750 4455 839 4509 Dei
857 4472 1003 4514 anno
1019 4458 1410 4519 beatitudinem
1426 4469 1830 4531 consequentur
1847 4481 1859 4515 :
1875 4461 1963 4530 qui

2074 4470 2254 4540 βουνοὶ
2278 4473 2555 4543 τροπικῶς
2586 4475 2910 4547 καλούμενοι
2959 4479 3278 4546 ἁγαλλίασιν
3330 4480 3625 4553 περιζώσον·

381 4543 615 4623 fortasse
638 4560 705 4605 ex,
731 4559 917 4599 eorum
945 4563 1173 4606 numero
1192 4564 1219 4604 s
1238 4557 1354 4614 unt,
1373 4549 1466 4623 qui
1489 4549 1728 4605 fructum
1757 4550 1959 4614 ferunt,

381 4634 472 4688 alii
496 4620 878 4703 centesimum,
916 4638 1007 4691 alii
1031 4620 1456 4707 sexagesimum,
1478 4641 1569 4694 alii
1597 4643 1961 4701 tricesimum.

378 4724 483 4790 Qui
505 4740 632 4779 vero
651 4710 838 4781 eorum
864 4726 1103 4798 praefecti
1129 4728 1295 4783 futuri
1319 4739 1466 4795 sunt,
1494 4733 1768 4803 principes
1786 4749 1849 4789 ac
1870 4735 1967 4792 du-

378 4831 470 4869 ces
485 4816 703 4886 quidam
725 4817 988 4888 ipsorum,
1015 4821 1450 4889 prazccllentibus
1470 4824 1764 4882 virtutibus
1801 4840 1962 4880 exor-

376 4906 656 4961 nabuntur
669 4925 685 4972 ;
698 4922 867 4978 quare
882 4907 1084 4963 dicitur
1103 4928 1145 4964 τι
1171 4909 1350 4967 induti
1363 4922 1491 4968 sunt
1506 4914 1704 4970 arietes
1722 4915 1926 4977 ovium,
1941 4935 1959 4967 ι

377 5013 442 5053 ac
475 4998 522 5053 si
561 4998 786 5063 diceret,
837 5000 1194 5061 «induentur.
1245 5024 1264 5056 ι
1306 5006 1520 5067 Arietes
1562 5016 1741 5067 autem
1777 5011 1958 5064 ovium

366 5087 649 5158 principes
665 5104 729 5144 ac
742 5090 910 5147 duces
927 5102 1349 5151 memoratorum
1363 5097 1641 5152 hominum
1661 5097 1955 5169 intelligas.

377 5179 470 5246 qui
505 5180 678 5234 induti
711 5189 859 5245 sunt,
893 5183 1001 5239 imo
1023 5185 1205 5254 potius
1230 5187 1544 5243 induentur.
1563 5187 1702 5254 Quid
1726 5184 1955 5243 induen-

379 5276 467 5320 tur
486 5269 836 5338 cogitandum
860 5273 1020 5329 nobis
1046 5275 1268 5345 reliquit
1295 5294 1311 5343 ;
1353 5276 1447 5332 sed
1477 5278 1583 5332 tale
1612 5278 1772 5332 nobis
1793 5277 1952 5333 indu-

376 5363 619 5415 mentum
633 5357 873 5412 declarat
887 5359 1106 5418 divinus
1123 5362 1416 5434 Apostolus
1433 5364 1620 5422 dicens
1644 5382 1659 5420 :
1684 5384 1701 5417 ι
1722 5363 1949 5436 Oportet

378 5442 846 5512 corruptibilelioc
868 5446 1092 5505 induere
1112 5449 1575 5523 incorruptionem
1589 5454 1666 5521 ";
1704 5473 1722 5508 ι
1753 5470 1817 5511 ac
1832 5471 1947 5510 rur-

379 5548 527 5586 sum:
551 5551 569 5581 ι
592 5531 667 5585 Eo
686 5537 828 5603 quod
850 5538 1102 5595 uolumus
1116 5544 1431 5611 exspoliari.
1447 5544 1540 5601 sed
1561 5547 1939 5617 supervestiri,

449 5686 494 5720 ⁸⁸
521 5687 626 5744 lsa.
658 5702 769 5755 ιιι,
804 5690 856 5745 1.
934 5692 975 5723 δ’
1010 5695 1114 5748 lsa.
1145 5710 1334 5764 xxvru,
1374 5698 1426 5755 5.

1528 5700 1573 5731 δ’
1607 5698 1626 5756 ι
1654 5701 1777 5757 Cor.
1809 5718 1898 5770 xv,
1929 5701 2017 5759 53.

2063 4575 2173 4612 ται.
2208 4560 2316 4613 Καὶ
2341 4562 2469 4626 τρία
2493 4563 2592 4633 μὲν
2641 4564 2814 4619 ταῦτα
2832 4566 3088 4637 τάγματα
3110 4570 3253 4626 κατὰ
3277 4570 3372 4623 τὸν
3395 4571 3624 4641 μέλλοντα

2065 4650 2312 4703 ἐνιαυτὸν
2360 4651 2464 4721 τῆς
2505 4655 2870 4725 χρηστότητος
2930 4659 3024 4711 τοῦ
3078 4658 3212 4713 θεοῦ
3254 4660 3496 4725 τεύξεται
3540 4658 3623 4726 τῆς

2070 4740 2492 4812 μακαριότητος·
2520 4746 2660 4813 τάχα
2695 4763 2795 4799 που
2829 4747 2889 4811 ἐξ
2915 4749 3138 4806 ἐκείνων
3160 4750 3335 4814 ὄντες,
3361 4745 3431 4803 ὧν
3453 4751 3499 4803 ol
3541 4748 3621 4819 μὲν

2068 4828 2285 4880 ἐποίουν
2313 4836 2378 4900 ρ’,
2397 4833 2445 4883 οἱ
2475 4831 2533 4883 δὲ
2553 4830 2613 4896 ξ’,
2633 4836 2679 4886 οἱ
2708 4836 2766 4889 δέ
2781 4836 2843 4889 λ’.
2857 4838 2918 4890 Οἱ
2946 4836 3002 4890 δὲ
3018 4837 3223 4896 τούτων
3236 4840 3621 4910 ἐπιστησόμεναι

2067 4916 2327 4988 ἄρχοντές
2368 4935 2515 4983 τινες
2568 4922 2661 4974 καὶ
2695 4924 2962 4993 ἡγεμόνες
2992 4926 3138 4988 τινὲς
3169 4926 3371 4988 αὐτῶν,
3402 4928 3456 4980 ἐν
3483 4925 3618 4984 δυνὰ-

2072 5025 2228 5078 μεσιν
2254 5000 2552 5087 ἐξαιρέτοις
2595 5013 3051 5086 κοσμηθήσονταν
3082 5016 3162 5069 διὸ
3180 5015 3447 5071 λέλεκται’
3481 5038 3497 5067 ι
3531 5017 3620 5069 Ἐν-

2065 5097 2319 5152 εδῦσαντο
2347 5102 2395 5153 οἱ
2427 5102 2570 5172 κριοὶ
2591 5102 2699 5154 τῶν
2735 5105 3075 5175 προϐάτων·›
3104 5106 3224 5160 ἀντὶ
3255 5107 3370 5161 τοῦ·
3402 5128 3420 5159 σ
3461 5106 3615 5162 Ἑνδύ-

2065 5206 2300 5245 σονται.»
2337 5193 2541 5263 Κριοὺς
2595 5194 2653 5248 δὲ
2703 5197 2991 5267 προϐάτων
3041 5199 3166 5262 τοὺς
3207 5198 3469 5271 ἄρχοντας
3514 5196 3614 5259 τοὺς

2059 5283 2396 5353 ἡγουμένους
2421 5283 2530 5338 τῶν
2555 5287 2963 5359 προλεχθέντων
2992 5291 3224 5361 νοήσεις,
3245 5291 3436 5356 οἵτινες
3463 5286 3613 5343 ἐνεδό-

2059 5375 2283 5445 σαντοῆ
2318 5375 2410 5428 καὶ
2444 5363 2644 5446 μᾶλλον
2707 5378 3033 5434 ἐνδύσονται.
3089 5379 3152 5433 Τί
3198 5381 3259 5435 δὲ
3314 5381 3610 5439 ἐνδύσονταιι

2053 5462 2184 5531 ἡμῖν
2225 5463 2613 5518 καταλέλοιπεν
2643 5470 2802 5521 νοεῖν·
2838 5468 3075 5522 διδάσκει
3121 5468 3178 5523 δὲ
3201 5471 3262 5524 τὸ
3288 5471 3484 5541 ῐνδυμα
3506 5466 3603 5520 τού-

2048 5567 2157 5605 των
2188 5554 2216 5605 ό
2249 5552 2390 5618 θεῖος
2422 5557 2743 5629 ’Δπόστολος
2774 5559 2963 5630 λέγων·
2987 5562 3109 5615 «Δεῖ
3132 5562 3192 5616 τὸ
3224 5561 3456 5634 φθαρτὸν
3476 5557 3607 5615 τοῦτο
