3808 6280
132 345 222 400 M5
816 410 820 411 ί
1237 339 1636 396 ςοιιιιΕΝτΑ]

1895 342 2238 399 PSALMOS.
3277 350 3385 404 MO

130 453 418 512 ἐνδύσασθαι
467 451 789 524 ἀφθαρσίαν·
822 463 839 505 i
875 455 966 508 καὶ
993 455 1170 508 πάλιν·
1197 474 1214 507 ι
1248 457 1361 525 Ἐφ’
1455 459 1514 510 οὑ
1541 457 1632 511 θέλ

1881 459 2242 514 absorbeatur
2264 457 2407 528 quod
2431 461 2658 515 mortale
2674 455 2756 517 est
2774 476 2803 515 a
2821 461 2931 516 vita
2946 462 3014 518 ⁸⁸.
3045 485 3063 515 ι
3080 460 3381 518 lnduentur

134 567 216 619 μεν
230 545 538 599 ἐνδύσασθαι
570 545 644 615 (1)
663 546 807 609 ,ἀλλ’
829 548 1246 615 ἐπενδύσασθαι,
1275 551 1362 604 ἵνα
1393 554 1638 607 καταποθ

1861 569 1964 625 que
1991 555 2189 609 arietes
2213 555 2533 623 congruenti
2560 555 2660 609 sibi
2682 558 3027 620 vestimento,
3043 565 3253 612 mutato
3267 572 3365 612 cor

130 643 179 693 τὶ
204 638 379 707 θνητὸν
438 637 543 690 ὑπὸ
583 637 683 707 τῆς
743 637 906 711 ζωῆς.
942 660 960 692 ›
1029 642 1367 697 Ἐνδύσονται
1418 646 1634 698 τοίνυνε

1874 645 2024 700 »ιίὺίιί
2053 660 2282 715 corpore
2304 645 2356 699 in
2380 645 2871 716 incorruptionem,
2890 656 2944 702 et
2967 650 3184 705 mortali
3210 650 3263 704 in
3285 651 3378 704 im-

129 731 250 801 κριοὶ
267 729 324 781 τὸ
349 728 626 799 ὲμπρέπον
650 730 831 794 αὐτοῖς
868 731 1090 803 ἔνδυμα,
1115 734 1206 786 τοῦ
1235 734 1339 804 φθα
1349 736 1473 808 ρτοῦ
1502 717 1633 812 σώμῖ

1874 733 2287 794 rtalitatem.Sic
2306 737 2486 805 itaque
2508 736 2807 790 secundum
2827 741 3058 808 exempli
3083 743 3374 806 rationem,

128 835 202 880 τος
230 817 397 878 αὐτοῖς
446 816 873 885 μεταϐάλλοντος
917 823 997 885 εἰς
1041 823 1374 894 ἀφθαρσίαν,
1436 827 1530 881 καὶ
1583 847 1632 882 τι

1871 833 1980 880 etes
2009 827 2390 880 vestimentum
2411 825 2511 878 sibi
2533 826 2860 893 producunt,
2886 843 3113 897 corpore
3137 831 3256 899 ipso
3271 831 3375 886 vel-

128 906 293 978 Θνητοῦ
321 910 396 970 είς
427 906 743 962 ἀθανασίαν.
808 911 964 966 Οὕτω
1018 915 1146 982 γοῦν
1197 917 1338 971 κατὰ
1387 919 1448 971 τὸ
1497 922 1632 990 παρά

1887 917 2188 970 emittente.
2220 917 2332 970 lmo
2354 933 2482 970 vero
2512 918 2690 988 ipsum
2715 915 3262 974 Dominumnostrum
3282 920 3373 975 Je-

125 1001 296 1071 δειγμα
315 1000 402 1052 καὶ
434 1001 481 1051 οἱ
503 1002 648 1072 κριοὶ
677 1002 887 1057 οἴκοθεν
916 1006 1211 1075 ἐπάγονται
1236 1008 1298 1062 τὸ
1325 1009 1548 1081 ἔνδυμα,
1581 1030 1629 1065 τι

1870 1024 1898 1060 ιι
1918 1006 2199 1061 Christum
2233 1007 2459 1061 induent
2487 1008 2940 1077 prmstantissimo
2969 1008 3062 1062 illo
3085 1010 3374 1066 indumen-

128 1091 344 1161 σώματος
404 1092 586 1156 αὐτοῖς
642 1097 1112 1167 καρποφοροῦντος
1165 1100 1256 1152 τὸν
1292 1101 1478 1155 πόκον..
1519 1103 1632 1154 Ἀλλ

1885 1100 2005 1154 luce
2023 1115 2218 1170 nempe
2235 1101 2454 1155 deitatis
2476 1102 2762 1156 vestiendi.
2790 1103 2868 1156 Ad
2897 1101 3010 1156 haec
3043 1113 3221 1159 autem
3245 1114 3373 1160 tunc

108 1180 202 1259 sui
227 1181 374 1233 αὐτὸν
403 1181 712 1236 ὲνδύσονται
745 1186 834 1236 τὸν
868 1186 1069 1260 Κύριον
1092 1190 1247 1260 ήμῶν
1293 1191 1500 1261 Ἰησοῦν
1538 1194 1612 1264 XF

1867 1192 2000 1246 alles
2021 1192 2378 1246 abundabunt
2400 1191 2693 1248 frumento.
2719 1213 2736 1244 ι
2763 1191 2868 1245 Par
2897 1194 3098 1264 quippe
3127 1195 3228 1249 fuit
3253 1199 3371 1250 val-

126 1272 245 1337 στὺν,
267 1272 322 1324 τὸ
349 1273 626 1346 ἐξαίρετον
654 1275 857 1347 ἔνδυμα
886 1279 945 1331 τὸ
975 1280 1088 1347 φῶς
1108 1282 1206 1351 τῆς
1227 1281 1478 1353 θεότητος
1511 1285 1630 1338 αύτε

1879 1297 1987 1335 non
2011 1281 2228 1337 silentio
2245 1283 2520 1351 praeterire
2540 1300 2552 1348 ;
2577 1299 2700 1336 nam
2722 1283 2973 1352 superius
2993 1285 3194 1355 campi,
3214 1301 3372 1339 mon-

123 1364 556 1435 πριδαλούμενοι.
594 1368 712 1419 Ἔτι
761 1369 860 1438 μὲν
914 1371 1006 1422 καὶ
1045 1389 1062 1421 ι
1105 1374 1159 1424 αἱ
1203 1371 1448 1438 κοιλάδες
1481 1393 1499 1425 ι
1552 1377 1627 1428 τότ

1876 1373 2098 1437 deserti,
2115 1380 2168 1426 et
2181 1373 2349 1427 colles
2383 1375 2804 1428 nominatisunt.
2829 1373 2965 1438 Quia
2987 1391 3116 1430 vero
3134 1378 3222 1430 alii
3242 1385 3371 1432 sunt

127 1477 141 1505 ι
178 1455 482 1525 πληθυνοῦσι
531 1459 696 1511 σῖτον.
724 1477 742 1510 ι
781 1460 926 1512 Ἔδει
955 1460 1062 1532 γὰρ
1096 1463 1229 1532 μηδὲ
1259 1463 1366 1516 τῶν
1416 1464 1631 1519 κοιλάδα

1866 1465 2103 1517 :moratis
2129 1464 2415 1519 ordinibus
2448 1465 2688 1530 viliores,
2717 1481 2890 1534 mque
2912 1477 3092 1521 tamen
3115 1484 3179 1522 ex
3201 1484 3370 1539 regno

123 1549 488 1618 ἀμνημονῆσαι·
524 1550 782 1620 ἀνωτέρω
809 1551 906 1620 μὲν
940 1552 1047 1625 γὰρ
1074 1553 1322 1618 πεδιάδες
1353 1555 1627 1626 ὠνομάσθη

1863 1554 2050 1620 :iendi,
2084 1554 2210 1608 licet
2239 1555 2511 1623 praedictis
2529 1556 2849 1624 comparati,
2867 1558 3038 1626 parvi,
3057 1560 3260 1626 pttsilli,
3278 1577 3367 1627 ac,

124 1657 204 1692 σαν
228 1639 308 1692 καὶ
327 1639 452 1710 ὄρεα
483 1641 697 1711 ἐρήμου
729 1642 823 1695 καὶ
852 1642 1052 1712 βουνοί.
1107 1646 1325 1717 Ἐπειδὴ
1359 1647 1414 1699 δέ
1445 1649 1549 1699 είσι
1580 1665 1628 1700 κς

1885 1645 1958 1697 ita
1987 1645 2186 1708 dicam,
2219 1648 2480 1716 postremi
2515 1647 2818 1701 habeantur
2845 1664 2860 1712 ;
2919 1664 3145 1704 necesse
3177 1651 3276 1704 fuit
3304 1661 3365 1705 ut

122 1728 245 1798 παρά
263 1727 328 1780 τὰ
347 1727 609 1797 λεχθέντα
638 1730 895 1801 τάγματα
929 1731 1077 1786 ἄλλοι
1107 1735 1252 1796 τινὲς
1277 1737 1626 1808 ταπεινότερο

1859 1752 1961 1804 quc
2001 1753 2193 1791 eorum
2223 1737 2428 1791 mentio
2455 1739 2857 1807 praeteriretur;
2893 1741 2988 1794 sed
3017 1758 3113 1796 eos
3141 1759 3363 1813 quoque

121 1823 197 1874 καὶ
224 1821 312 1873 οὐκ
333 1821 628 1892 ἀπόϐλητοι
660 1824 757 1894 μὲν
777 1823 874 1893 τῆς
899 1823 1196 1894 βασιλείας,
1228 1827 1366 1898 πλὴν
1387 1827 1460 1891 ὼς
1484 1831 1541 1882 ὲν
1569 1847 1625 1884 πε

1865 1839 2164 1895 igrucntem
2211 1825 2448 1878 fructum
2495 1827 2702 1878 laturos
2742 1841 2864 1880 esse
2913 1826 3227 1880 declaratur
3275 1829 3364 1882 his

121 1911 306 1983 ραθέσει
355 1913 461 1966 τῶν
524 1913 931 1986 προλεχθέντων
994 1920 1219 1988 σμικροὶ
1267 1919 1361 1971 καὶ
1414 1920 1625 1991 βραχεῖς

1855 1917 1959 1971 rbis
1996 1932 2009 1967 :
2047 1936 2065 1968 ι
2105 1915 2170 1968 Ει
2199 1917 2367 1972 valles
2412 1917 2768 1971 abundabunt
2814 1916 3110 1980 t‘rtnnento,
3152 1938 3168 1968 ι
3211 1919 3359 1986 quod

120 2003 302 2056 πάντων
320 2021 377 2057 τε
396 2005 472 2068 ὼς
505 2004 572 2058 ἃν
596 2005 739 2059 εἴποι
767 2024 869 2070 τις,
925 2007 1162 2078 ἔσχατοι·
1212 2011 1526 2078 ἀναγκαίως
1555 2014 1624 2064 of»

1852 2010 2072 2071 errent,
2102 2009 2216 2063 sive
2255 2027 2272 2059 ι
2313 2024 2517 2071 escam,
2555 2028 2574 2061 ι
2613 2010 2912 2064 secundum
2946 2008 3356 2080 Symmachum.

115 2093 288 2147 τούτων
317 2096 558 2168 παρῆλθε
590 2097 688 2168 τὴν
733 2099 953 2169 μνήμην
996 2101 1025 2152 ό
1077 2101 1250 2169 λόγος·
1283 2102 1419 2156 ἀλλά
1445 2103 1538 2156 καὶ
1577 2123 1619 2156 ατ

1857 2100 2186 2155 Ilamabunt.
2223 2097 2414 2166 iQtIid
2469 2111 2648 2155 autem
2706 2101 3042 2161 clamabunt,
3099 2101 3202 2154 sub
3242 2100 3361 2155 haec

116 2188 219 2250 τοὺς
247 2187 444 2259 καρπὸν
471 2189 641 2243 οἴσειν
674 2189 764 2242 τὸν
796 2190 1155 2245 ἐπιϐάλλοντα
1182 2193 1424 2246 διδάσκει
1477 2194 1617 2262 λέγω

1853 2194 2010 2263 plicat
2050 2192 2245 2247 dicens
2280 2211 2293 2247 :
2324 2211 2342 2242 ι
2386 2192 2598 2247 Etenim
2640 2193 2900 2262 hymnum
2933 2192 3151 2258 dicent;
3218 2210 3237 2242 ι
3293 2206 3357 2243 ac

121 2295 134 2325 ι
157 2277 249 2328 Kal.
275 2279 326 2330 αἱ
352 2279 596 2344 κοιλάδες
621 2279 950 2349 πληθυνοῦσι
977 2284 1121 2334 σῖτον
1148 2301 1165 2333 ι
1199 2281 1625 2354 προφέρουσαιῄ

1851 2285 2093 2353 apertius
2127 2284 2360 2339 dixisset
2407 2303 2420 2337 :
2469 2283 2698 2338 Etiamsi
2731 2283 2901 2336 valles
2931 2282 3060 2348 sint,
3115 2289 3355 2336 attamen

121 2368 238 2437 «τήν
264 2369 511 2441 τροφήν,ι
543 2372 687 2424 κατά
709 2373 802 2424 τὸν
836 2372 1151 2444 Σύμμαχον.
1189 2393 1206 2425 ε
1238 2374 1625 2444 Κεκράξονται.

1853 2378 1960 2430 ium
1993 2377 2097 2431 sibi
2129 2376 2396 2430 bonorum
2420 2375 2631 2428 auctori
2662 2374 2920 2444 hymnum
2952 2373 3152 2427 dicent.
3189 2372 3354 2443 Hym-

115 2457 228 2510 Τίδὲ
250 2459 624 2530 κεκράξονται,
657 2463 950 2534 ὲρμηνεύει
978 2466 1104 2537 ἑξῆς
1160 2465 1352 2534 λέγων·
1378 2488 1395 2520 ι
1425 2470 1534 2522 Καὶ
1563 2470 1619 2537 γὲ

1851 2481 1900 2520 m
1927 2481 2056 2521 vero
2093 2466 2339 2520 dicentes
2375 2465 2711 2528 clamabunt,
2758 2462 2957 2516 ﬁducia
3006 2465 3355 2531 clamoreque

115 2548 460 2620 ύμνήσουσιν·›
508 2553 645 2606 ὡσεὶ
680 2557 1012 2626 σαφέστερον
1069 2560 1298 2630 εἰρήκει·
1330 2560 1391 2613 Ei
1418 2562 1525 2632 γὰρ
1558 2579 1619 2614 κο

1851 2573 1968 2626 tgno
2025 2566 2261 2610 utentes.
2311 2547 2632 2610 'Clamantes
2685 2560 2866 2607 autem
2907 2567 3042 2607 voce
3076 2566 3270 2622 magna
3301 2561 3355 2606 et

114 2639 241 2703 λάδες
271 2644 644 2714 τυγχάνουσιν,
679 2647 828 2716 ὅμως
881 2647 926 2700 δ’
961 2645 1052 2702 οὖν
1099 2651 1399 2721 ὑμνήσουσι
1451 2653 1541 2704 τὸν
1577 2672 1618 2706 κε

1848 2663 2031 2700 mnum
2085 2648 2329 2701 dicentes
2368 2662 2506 2716 quas
2553 2660 2718 2699 voces
2771 2644 3046 2708 emittent,
3107 2644 3212 2697 nisi
3258 2657 3352 2697 eas

114 2729 266 2793 αὐτοῖς
293 2732 396 2785 τῶν
417 2734 640 2802 ἀγαθῶν
667 2737 928 2810 πάροχον.
970 2739 1267 2808 ’Υμνοῦσαι
1299 2741 1354 2794 δὲ
1377 2743 1618 2813 κεκράξο

1849 2754 1889 2792 αξ
1917 2739 2077 2792 initio
2097 2737 2265 2791 totius
2298 2739 2493 2807 psalmi
2518 2735 2770 2791 feruntur
2807 2754 2820 2788 :
2859 2752 2876 2783 ι
2910 2733 2987 2787 Te
3016 2733 3173 2787 decet
3196 2734 3353 2802 hym—

113 2835 203 2880 ται,
231 2823 499 2895 παρρησίᾳ
524 2823 806 2896 χρώμεναι
837 2828 932 2880 καὶ
973 2826 1067 2898 βοῇ
1103 2829 1331 2899 μεγάλῃ.
1361 2829 1570 2884 Βοῶσαι
1609 2835 1617 2877 ἐ

1848 2846 1894 2893 s,
1919 2827 2084 2890 Deus,
2115 2828 2170 2880 in
2200 2825 2375 2881 Sion?
2409 2845 2424 2878 ι
2454 2825 2782 2880 Necessario
2800 2831 2980 2876 autem
3000 2821 3155 2882 illud,
3194 2841 3212 2872 ι
3246 2822 3352 2874 cla-

114 2913 292 2982 κραυγῇ
323 2913 413 2965 καὶ
446 2914 714 2984 ὑμνοῦσαι
747 2915 906 2978 ποίας
941 2918 1266 2988 προήσονται
1291 2918 1496 2986 φωνὰς,
1520 2919 1618 2988 ήτὲ

1847 2921 2015 2983 ibunt,
2056 2919 2256 2971 ctenim
2293 2921 2551 2987 hymnum
2583 2915 2788 2975 dicent,
2827 2930 2846 2964 ι
2884 2913 3199 2966 enuntiatur
3238 2920 3351 2966 tam

112 2999 159 3049 ὲν
183 3001 308 3071 ἀρχῇ
359 3005 559 3068 παντὸς
607 3004 823 3075 ψαλμοῦ
886 3006 1216 3076 φερομένας·
1276 3027 1291 3057 ι
1321 3009 1410 3060 Σοὶ
1465 3009 1613 3079 πρέπ

1862 3007 2093 3061 vallibus
2132 3020 2295 3074 quam
2339 3004 2407 3058 de
2444 3001 2761 3058 memoratis
2805 3003 3084 3068 omnibus,
3123 3009 3183 3054 ut
3230 3001 3347 3060 edi-

114 3090 270 3161 ὖμνος,
295 3096 320 3146 ό
348 3095 497 3164 Θεὸς,
527 3098 588 3149 ὲν
637 3096 830 3161 Σιὼν,ἰ
881 3096 1141 3167 λέγουσαι
1167 3116 1181 3164 ;
1217 3101 1555 3169 Ἀναγκαίως
1606 3101 1618 3153 ἐ

1843 3111 2007 3158 imus,
2042 3096 2157 3149 haec
2187 3109 2295 3147 non
2327 3093 2395 3146 de
2424 3091 2780 3146 sensibilibus
2819 3098 2872 3142 ct
2902 3091 3180 3158 corporeis
3213 3090 3347 3144 locis

113 3181 358 3250 πρόκειται
383 3185 443 3237 τό
479 3201 492 3214 ·
531 3205 548 3236 ι
577 3185 972 3258 Κεκράξονται,
1020 3187 1115 3238 καὶ
1166 3189 1273 3257 γὰρ
1304 3189 1617 3258 ὑμνήσουσι,

1844 3185 2002 3241 ceri:
2043 3184 2264 3238 tametsi
2323 3183 2584 3252 prazdicta
2643 3181 2808 3234 verba
2869 3181 2935 3234 de
2993 3153 3348 3234 sensibilibus

113 3275 334 3344 περὶτῶν
359 3280 710 3350 κοιλάδων,ἥ
771 3281 865 3334 καὶ
899 3282 1026 3353 περὶ
1087 3281 1197 3334 τῶν
1255 3282 1617 3354 προλεχθέντο

1845 3289 1979 3344 oque
2013 3274 2108 3329 Dei
2145 3273 2306 3328 donis
2340 3273 2488 3326 dicta
2536 3278 2730 3340 putare
2770 3285 2866 3338 par
2908 3277 3014 3332 est,
3065 3271 3139 3322 ita
3170 3277 3229 3322 ut
3276 3269 3349 3324 sit

112 3366 350 3432 ἁπάντων,
376 3371 450 3434 ὡς
479 3372 547 3424 ἂν
575 3373 862 3444 μάθοιμεν,
906 3374 986 3426 ὅτι
1013 3373 1088 3444 μὴ
1119 3375 1246 3444 περὶ
1272 3375 1543 3446 αἰσθητῶν
1569 3393 1616 3428 κι

1895 3380 2000 3419 nus
2059 3364 2114 3417 in
2155 3363 2454 3432 gratiarum
2505 3361 2776 3414 actionem
2825 3374 2922 3428 pro
2958 3359 3045 3422 iis,
3097 3359 3142 3412 si
3182 3358 3348 3412 verba

113 3460 398 3521 σωματικῶν
443 3463 631 3516 τόπων
678 3465 706 3516 ὁ
758 3462 913 3531 λόγος
968 3461 1138 3518 ταῦτα
1179 3465 1438 3518 διδάσκει·
1484 3467 1617 3518 καίτι

1844 3463 2098 3519 :ctentur,
2131 3469 2254 3524 quae
2285 3453 2579 3524 quotannis
2627 3466 2658 3504 a
2707 3450 2816 3504 Deo
2866 3450 3182 3504 hominibus
3216 3449 3348 3504 sub-

110 3551 186 3601 καὶ
213 3545 556 3622 περὶτούτων
607 3554 754 3617 εἰκὸς
784 3550 850 3624 ἦν
884 3555 952 3608 τὰ
997 3554 1367 3626 προλεχθέντα
1405 3557 1614 3624 λέγεσθε

1842 3550 2168 3601 nistrantur.
2204 3543 2450 3614 Singulis
2503 3545 2688 3610 itaque
2719 3543 2878 3597 annis
2930 3542 3210 3597 hominum
3256 3541 3346 3610 ille

109 3639 313 3727 νομίζειν
338 3645 429 3697 ἐπὶ
453 3647 566 3708 τοῖς
593 3643 869 3716 αἰσθητοῖς
891 3645 986 3698 τοῦ
1004 3645 1138 3698 Θεοῦ
1160 3647 1504 3719 δωρήμασιν,
1531 3647 1612 3700 ῶσ

1832 3646 1971 3691 lator
2017 3637 2352 3706 largitorque
2389 3633 2657 3686 bonorum
2690 3631 2936 3684 omnium
2991 3631 3152 3692 Deus,
3210 3628 3332 3681 visi-

109 3725 221 3782 εἶναι
246 3734 649 3804 εύχαριστήριον
682 3733 872 3804 ὕμνον,
917 3734 992 3797 ὡς
1021 3735 1156 3807 πρὸς
1190 3736 1286 3804 τὴν
1316 3735 1480 3800 λέξιν,
1518 3738 1613 3790 ὑπὲ

1841 3743 1883 3782 ts
1911 3735 2137 3790 terram,
2173 3725 2412 3781 inebriat.
2447 3737 2566 3776 eam
2595 3721 2884 3789 solitisque
2913 3719 3183 3772 imbribus
3209 3717 3345 3769 .irri-

107 3819 194 3874 τῶν
219 3826 328 3877 κατ’
357 3824 473 3888 ἔτος
499 3824 810 3896 ἀνθρώποις
839 3825 1261 3897 χορηγουμένων
1291 3826 1381 3878 τὸν
1416 3829 1611 3897 παρόνι

1836 3827 1869 3881 ι,
1903 3820 2051 3870 rivos
2084 3816 2206 3884 ejus
2246 3815 2444 3892 pluviis
2491 3821 2700 3866 tumere
2750 3818 3032 3880 procurat,
3067 3815 3340 3877 genimina

107 3911 253 3980 λόγον.
278 3916 407 3969 Καθ’
448 3917 682 3970 ἕκαστον
746 3915 877 3985 γοῦν
910 3917 1156 3970 ἐνιαυτὸν
1203 3918 1232 3969 ό
1278 3917 1611 3988 φιλάνθρωπι

1837 3922 1877 3961 IS
1917 3904 2286 3973 multiplicans
2318 3901 2611 3956 bent-dicit.
2655 3901 2750 3953 Illa
2779 3912 2908 3952 vero
2937 3898 3058 3951 laeta
3090 3905 3146 3951 et
3179 3910 3341 3950 reno-

107 4005 181 4056 καὶ
205 4007 390 4070 παντὸς
410 4006 616 4076 ἀγαθοῦ
651 4007 816 4078 δοτὴρ
843 4007 994 4070 Θεὸς,
1046 3987 1512 4078 ἐπισκεπτόμενος
1560 4008 1611 4059 τὶ

1837 4004 1882 4048 La
1923 3996 2119 4048 iterum
2150 3992 2462 4046 eiliorescit.
2492 3989 2697 4045 Deinde
2728 3989 2999 4042 fructibus
3038 3987 3219 4042 omnis
3247 4001 3341 4056 ge-

106 4094 213 4162 γῆν,
241 4097 488 4168 μεθύσκει
523 4097 712 4168 αὐτὴν,
749 4098 923 4170 ἄρδων
955 4101 1068 4161 τοῖς
1103 4098 1384 4169 συνήθεσιν
1409 4098 1610 4169 ὄμϐροις

1836 4086 1904 4140 ris
1930 4083 2156 4146 referta,
2193 4082 2468 4152 segetibus
2501 4087 2555 4134 et
2596 4079 2772 4149 pomis
2811 4085 3128 4140 coronatur,
3174 4085 3234 4130 ut
3271 4091 3340 4130 no

105 4185 274 4260 πληροῖ
304 4206 360 4242 τε
394 4191 563 4260 αὐτῆς
591 4191 716 4252 τοὺς
743 4169 987 4254 αῦλακας
1016 4191 1132 4251 ταῖς
1160 4189 1270 4242 τῶν
1295 4191 1465 4242 ὑετῶν
1493 4206 1609 4260 χορι

1833 4184 1937 4243 ςεοι
1991 4190 2109 4229 eam
2178 4189 2348 4228 verno
2403 4183 2649 4242 tempore
2703 4178 3023 4224 coronatam
3094 4169 3337 4223 dicere:

105 4275 243 4342 γίαις.
270 4281 346 4334 Τά
370 4298 430 4334 τε
455 4284 772 4353 γεννήματα
805 4281 973 4350 αὐτῆς
1011 4280 1294 4352 πληθύνων
1344 4280 1600 4350 εύλογήσε

1835 4266 1935 4337 mpi
1975 4266 2255 4335 replentur
2297 4265 2584 4328 ubertate;
2628 4265 2762 4330 quin
2815 4265 2981 4314 etiam
3029 4265 3083 4312 et
3125 4265 3339 4312 montes

115 4365 167 4418 Ἡ
213 4367 263 4422 δὲ
298 4371 666 4442 εὐφραίνεται,
721 4369 1173 4442 νεαροποιηθεῖσά
1233 4387 1293 4422 τε
1344 4369 1619 4422 ἀνατέλλει

1837 4360 1957 4413 serti
1979 4357 2350 4418 eﬂlorescunt,
2378 4364 2432 4410 et
2465 4353 2632 4407 colles
2655 4351 3020 4405 exsultatione
3041 4351 3341 4418 accingun-

107 4454 321 4512 Κάπειτα
351 4427 698 4532 πληρουμένη
745 4427 1015 4513 παντοίων
1069 4459 1316 4529 καρπῶν,
1369 4459 1611 4529 σπορίμιι

1833 4465 1848 4501 Γ
1885 4469 1896 4502 :
1925 4450 2124 4504 arietes
2158 4448 2343 4502 ovium
2376 4444 2668 4500 velleribus
2701 4442 2818 4497 suis
2847 4442 3181 4505 vcstiuntur;
3205 4439 3337 4507 ipsa:

107 4557 152 4594 τε
180 4547 261 4598 καὶ
316 4528 626 4621 ἀκροδρύων
676 4528 1052 4618 στεφανοῦται,
1101 4528 1177 4612 ὼς
1221 4549 1295 4618 μὴ
1329 4548 1394 4600 ἃν
1424 4528 1611 4617 ὀκνῆσε

1833 4541 2036 4595 nvalles
2083 4541 2403 4610 plerumque
2444 4537 2718 4590 frtnnento
2759 4533 3063 4593 abundant,
3109 4539 3160 4583 et
3200 4528 3337 4598 ipsis

108 4635 221 4688 κατὰ
247 4638 332 4692 τὸν
353 4619 442 4693 τοῦ
466 4619 624 4712 έαρος
654 4639 843 4710 καιρὸν
881 4639 1290 4710 ἐστεφανῶσθαι
1332 4638 1510 4708 λέγειν
1548 4642 1612 4693 αύ

1842 4631 2019 4686 aribus
2042 4639 2252 4684 tantum
2281 4644 2388 4683 non
2412 4629 2650 4682 clamant
2677 4625 2955 4692 Deumque
2983 4621 3236 4674 laudibus
3264 4619 3340 4672 ef-

106 4722 203 4792 τὴν,
228 4729 291 4781 τά
314 4747 372 4782 τε
409 4711 568 4785 πεδία
597 4731 930 4802 πληθύεσθαι
982 4733 1254 4800 πιότητος·
1290 4732 1382 4783 καὶ
1417 4732 1524 4801 μὴν
1557 4749 1610 4784 κε

1839 4737 1958 4785 unt.
1992 4725 2118 4780 Haec
2141 4737 2304 4794 porro
2331 4721 2546 4776 etiamsi
2569 4716 2865 4789 quotannis
2897 4713 3142 4769 sensibili
3173 4711 3342 4766 modo.

107 4813 160 4867 τὰ
185 4817 299 4888 ὄρεα
328 4823 422 4891 τῆς
449 4824 657 4894 ἐρήμου
689 4822 892 4886 ἀνθεῖν,
923 4823 1017 4876 καὶ
1063 4826 1187 4886 τοὺς
1226 4822 1446 4892 βουνοὺς
1477 4823 1611 4890 ἀγαλ

1834 4818 2084 4888 pleantur
2101 4851 2114 4876 ,
2134 4826 2198 4865 ex
2223 4809 2365 4865 serie
2387 4817 2564 4862 tamen
2587 4804 2918 4859 narrationis
2935 4809 3337 4856 commonstra~

105 4903 252 4963 λίασιν
286 4911 735 4985 περιζώννυσθαι·
798 4914 932 4968 ἀλλὰ
981 4915 1073 4968 καὶ
1138 4915 1264 4976 τοὺς
1305 4913 1491 4983 κριοὺς
1539 4913 1609 4966 τῶ

1831 4924 1872 4961 ιι
1920 4913 2025 4968 cst,
2055 4902 2244 4958 eadem
2278 4915 2380 4955 nos
2411 4898 2481 4952 ad
2529 4894 3045 4964 contemplationem
3081 4906 3335 4948 evocare.

109 4998 357 5066 προϐάτων
379 5006 490 5066 τοῖς
517 5004 724 5058 ἑαυτῶν
771 5005 959 5067 πόκοις
1023 5002 1444 5066 ὲνδιδύσκεσθαι,
1481 5003 1613 5056 αὑτά

1827 4997 2121 5052 hilominus
2180 4998 2476 5046 memorata
2530 4986 2734 5050 omnia,
2796 4984 3053 5037 nimirum
3131 4984 3331 5050 campi,

106 5095 154 5131 τε
177 5084 262 5148 τὰς
288 5088 533 5152 κοιλάδας
563 5089 744 5163 χώρας
795 5090 1054 5154 πολλάκις
1099 5089 1435 5161 πληροῦσθαι
1479 5091 1610 5145 σίτοι

1931 5105 1968 5143 es
1995 5084 2220 5146 deserti,
2251 5083 2421 5136 colles
2447 5087 2502 5133 ct
2534 5077 2733 5130 arietes
2762 5075 2965 5136 ovium,
2993 5079 3157 5140 atque
3190 5075 3337 5124 insu—
3431 5089 3435 5092 ·

108 5174 184 5224 καὶ
211 5182 476 5251 μονονουχὶ
502 5159 747 5254 τῷίεργῳ
807 5183 936 5253 βοᾷν
962 5183 1057 5236 καὶ
1088 5159 1359 5236 τὸνΗΘεὸν
1379 5181 1612 5249 δοξάζειν

1827 5197 1850 5234 ι·
1873 5181 2027 5250 prius
2053 5175 2335 5244 explicata:
2368 5167 2666 5229 convalles,
2687 5172 2801 5217 tum
2823 5161 3123 5216 secundum
3148 5159 3331 5212 datam

109 5261 264 5353 Ταῦτα
282 5268 334 5321 δὲ
355 5273 402 5323 εἰ
423 5273 520 5324 καὶ
539 5273 619 5325 ὅτι
641 5273 874 5344 μάλιστα
894 5273 1167 5344 αἰσθητῶς
1199 5273 1500 5344 πληροῦται
1524 5273 1613 5326 καί

1827 5267 2279 5338 ιονρτειιιιίοηειιι,
2308 5265 2425 5313 tum
2467 5257 2628 5309 obvio
2683 5269 2846 5308 sensu
2893 5259 3139 5318 accepta,
3168 5264 3331 5302 unum

110 5351 302 5442 ἕκαστον
323 5359 455 5424 ἔτος,
490 5361 599 5415 ἀλλ’
623 5366 656 5433 ή
690 5364 1001 5436 σύμφρασις
1021 5364 1121 5434 τῆς
1135 5364 1230 5416 τοῦ
1258 5364 1457 5427 παντὸς
1489 5364 1614 5431 λόγο

1829 5376 1967 5425 cem,
2003 5355 2402 5421 melodiamque
2431 5361 2728 5402 consonam
2765 5345 2874 5400 Deo
2904 5345 3173 5416 emissum
3210 5355 3333 5394 esse

111 5441 392 5514 ἀκολουθίας
412 5451 504 5503 ἐπὶ
534 5431 894 5525 τὴνῖθεωρίαν
924 5431 1494 5525 ήμᾶςνάναπέμπουσα
1525 5455 1615 5506 άπι

1829 5459 2032 5507 :untur.
2063 5448 2242 5512 Quare
2274 5443 2327 5494 in
2365 5439 2618 5494 omnibus
2652 5438 2765 5493 haec
2804 5436 3076 5505 intelligas
3107 5452 3121 5488 :
3155 5451 3174 5484 ι
3209 5431 3333 5485 Cia--

111 5529 361 5594 δέδεικται.
400 5541 564 5613 Ὀμοῦ
586 5543 649 5614 δὴ
681 5541 772 5597 οὖν
808 5545 877 5598 τὰ
901 5544 1266 5616 προλεχθέντα
1284 5545 1479 5610 πάντα,
1506 5545 1615 5612 λέγι

1159 5546 1266 5601 ἱντα
1284 5545 1479 5610 πάντα,
1506 5545 1650 5612 λέγω
1759 5542 1986 5596 mabunt
2017 5546 2069 5594 et
2100 5536 2363 5606 hymnum
2404 5529 2608 5583 dicent.
2644 5546 2663 5580 ι

169 5667 209 5698 ⁸³
234 5669 273 5724 ιι
303 5674 426 5732 Cor.
455 5693 508 5739 v,
536 5691 588 5754 4,

171 5761 235 5832 (Α)
269 5767 418 5831 Forte
451 5770 574 5826 ὲκδύ
583 5772 792 5828 σασθαι.
