3808 6280
177 390 277 448 649

1279 400 1777 461 COMMENTARIA
1819 407 1884 463 ΙΝ
1922 406 2263 469 PSALMOS.

3287 428 3394 486 650

173 507 500 579 ἀλληγορίας,
534 510 594 564 τὸ
628 511 786 585 σῶμα
810 514 869 568 τὸ
890 515 1243 588 ἀνθρώπειον,
1277 518 1464 595 ὥσπερ
1496 525 1705 595 δργανοε

1824 528 2006 592 homo,
2039 531 2280 586 membra
2311 539 2364 587 et
2393 547 2588 587 sensus
2609 549 2728 605 ejus
2746 536 2883 596 scite
2909 539 3014 613 legi
3043 540 3140 599 Dei
3161 545 3395 614 psallere

170 602 233 671 τῇ
263 599 395 670 ψυχῇ
427 599 725 672 δεδομένον,
777 606 1072 679 ψαλτήριον
1122 609 1311 665 εἴωθεν
1344 613 1720 686 ὀνομάζεσθαι·

170 692 232 747 δι’
257 684 316 744 οὗ
347 693 372 745 ό
394 691 519 744 εῐσω
546 692 851 766 ἅνθρωπος,
870 698 1322 772 ἀνακρουόμενος,
1352 684 1726 777 ἐπιστημόνως

168 788 231 842 τὰ
260 786 385 859 μέλη
417 788 597 842 καὶτὰ
630 790 959 865 αἰσθητήρια
984 796 1062 867 τῷ
1084 797 1231 869 νόμῳ
1250 798 1342 852 τοῦ
1361 798 1497 852 Θεοῦ
1529 800 1724 870 λέγοιτ’

167 878 227 934 ἂν
253 880 464 944 ε’ἰκότως
486 880 727 949 ψάλλειν.
764 885 844 939 Τὰ
867 887 964 957 μὲν
996 885 1089 942 οῦν
1119 890 1215 961 τῆς
1238 890 1490 959 γνώσεως
1521 894 1613 948 καὶ
1638 897 1727 950 διὰ

167 970 251 1024 τοῦ
282 972 584 1043 ἀλαλαγμοῦ
617 977 753 1048 αὐτὴ
784 978 905 1032 καθ’
940 981 1137 1052 ἑαυτὴν
1167 985 1198 1053 ἡ
1241 983 1385 1056 ψυχὴ
1420 986 1721 1060 κατώρθου·

166 1064 236 1117 διὸ
266 1064 405 1135 αὐτῷ
431 1065 508 1136 τῷ
540 1067 660 1139 Θεῷ
689 1070 943 1140 ἠλάλαξε·
964 1074 1033 1127 τὰ
1060 1074 1116 1129 δὲ
1137 1075 1232 1130 τοῦ
1262 1076 1483 1147 ψάλλειν
1509 1080 1598 1134 διὰ
1627 1083 1727 1154 τῆς

165 1158 250 1211 τοῦ
281 1157 521 1229 σώματος
546 1161 743 1233 ἠθικῆς
758 1165 849 1218 καὶ
873 1167 1179 1237 πρακτικῆς
1202 1170 1466 1241 κινήσεως
1492 1173 1721 1245 ἐνεργεῖ·

165 1250 236 1304 διὸ
260 1250 517 1305 λέλεκται·
553 1271 572 1305 ι
608 1253 698 1325 Τῷ
721 1256 941 1328 ὀνόματι
994 1260 1179 1314 αὐτοῦ.
1222 1281 1240 1312 ι
1278 1262 1564 1335 Εὐφημίαν
1615 1267 1723 1340 γὰρ

164 1342 233 1414 τῷ
261 1343 349 1396 τοῦ
374 1343 506 1397 Θεοῦ
531 1345 754 1417 ὀνόματι
789 1348 942 1421 φέροι
995 1350 1063 1405 ἂν
1113 1353 1146 1423 ή
1189 1352 1279 1407 διὰ
1336 1355 1444 1409 τῶν
1473 1358 1723 1429 πράξεων

164 1439 264 1498 τοῖς
295 1436 502 1501 πολλοῖς
533 1436 882 1513 θεωρουμένη
910 1442 1266 1515 κατόρθωσις.
1304 1446 1412 1501 Καὶ
1436 1449 1618 1521 τρίτον
1643 1452 1720 1517 δὲ,

164 1527 467 1599 πρόσταγμα
493 1531 654 1584 πᾶσιν
687 1533 819 1602 ἡμῖν
844 1536 958 1598 τοῖς
1002 1536 1059 1602 ἐξ
1092 1536 1259 1591 ἐθνῶν
1292 1539 1382 1592 τὸν
1417 1539 1548 1596 Θεὸν
1597 1543 1724 1595 ἐπε-

163 1622 375 1688 γνωκόσι
427 1625 822 1695 παρήγγελται,
857 1627 918 1679 τὸ
964 1628 1185 1683 κελεῦον
1223 1631 1422 1687 διδόναι
1474 1634 1630 1700 δόξαν
1659 1638 1719 1689 οὐ

161 1711 228 1782 τῷ
250 1712 382 1783 Θεῷ,
413 1716 651 1786 ἀπήρκει
682 1717 791 1790 γὰρ
818 1718 1104 1785 ἀλαλάζειν
1147 1723 1314 1795 αὐτῷ·
1352 1724 1464 1779 ἀλλ’
1493 1727 1612 1780 οὐδὲ
1643 1726 1719 1799 τῷ

159 1802 361 1875 ὀνόματι
390 1806 578 1871 αὐτοῦ,
601 1808 775 1880 τούτῳ
826 1810 935 1883 γὰρ
966 1811 1189 1882 ψάλλειν
1227 1815 1609 1889 ὲκελευόμεθα·
1647 1821 1715 1891 τῇ

1821 623 1945 691 jure
1974 622 2250 679 dicantur.
2277 622 2409 690 Quae
2437 624 2603 696 igitur
2632 627 2697 682 ad
2726 632 3087 701 cognitionem
3120 637 3393 706 pertinent

1826 714 2009 769 anima
2058 716 2111 770 in
2168 717 2344 787 seipsa
2392 733 2488 788 per
2536 718 2915 789 jubilationem
2971 732 3391 800 exsequebatur,

1825 804 2181 873 quamobrem
2213 805 2317 876 ipsi
2349 805 2458 863 Deo
2479 806 2780 877 jubilabat;
2812 826 2909 880 per
2941 827 3265 877 consuetum
3294 808 3393 877 au-

1824 902 1933 949 tem
1957 898 2174 967 corpori
2199 898 2392 969 agendi
2420 909 2625 955 motum
2652 903 2918 972 psallendi
2950 907 3115 963 ritum
3137 927 3396 984 exseque-

1825 988 2027 1043 batur:
2060 1004 2227 1060 quare
2256 990 2455 1047 dicitur
2509 1011 2523 1048 :
2577 1011 2595 1044 ι
2652 993 2870 1051 Nomini
2911 999 3051 1069 ejus.
3099 1021 3119 1055 ι
3155 1002 3393 1062 Laudem

1825 1081 2028 1151 quippe
2070 1082 2278 1137 nomini
2332 1082 2427 1139 Dei
2460 1087 2756 1142 conciliant
2803 1100 2950 1147 recte
2997 1093 3161 1163 facta,
3207 1115 3327 1169 qua
3359 1115 3391 1155 a

1826 1171 2012 1227 multis
2040 1172 2476 1243 conspiciuntur.
2510 1174 2713 1242 Tertio,
2739 1181 3055 1239 mandatum
3088 1188 3246 1246 nobis
3272 1206 3395 1245 om-

1825 1260 2010 1327 nibus,
2045 1261 2140 1332 qui
2168 1278 2234 1318 ex
2266 1264 2522 1334 gentibus
2552 1264 2620 1319 ad
2655 1265 2749 1322 Dei
2790 1272 3157 1341 cognitionem
3204 1290 3395 1334 acces-

1825 1355 2032 1419 simus,
2071 1355 2329 1410 traditum
2378 1366 2485 1421 est,
2534 1373 2643 1428 quo
2684 1360 2942 1429 jubemur
2979 1365 3209 1435 gloriam
3239 1369 3393 1435 dare,

1824 1455 1935 1496 non
1969 1440 2078 1498 Deo
2099 1482 2113 1507 ,
2139 1443 2273 1499 satis
2304 1444 2447 1499 enim
2476 1453 2597 1501 erat
2619 1448 2856 1519 jubilare
2877 1453 3013 1523 ipsi;
3039 1471 3148 1513 non
3181 1462 3393 1517 nomini

1823 1533 1963 1601 ejus,
1995 1533 2121 1589 huic
2153 1536 2297 1589 enim
2338 1538 2572 1606 psallere
2611 1540 2900 1611 jubemur,
2929 1547 3024 1601 sed
3076 1550 3223 1606 laudi
3248 1556 3391 1622 ejus.

1823 1622 2132 1682 Laudantes
2170 1627 2315 1681 enim
2346 1629 2525 1698 ipsum
2559 1647 2656 1702 par
2685 1640 2769 1688 est
2803 1649 2910 1691 non
2958 1637 3258 1707 humiliter,
3290 1660 3394 1701 nec

1822 1716 1941 1771 sine
1965 1716 2137 1786 gloria
2164 1716 2219 1771 id
2251 1733 2428 1789 agere.
2460 1720 2557 1776 sed
2580 1738 2776 1794 magno
2811 1741 2936 1780 cum
2968 1726 3175 1787 honore
3201 1742 3255 1788 et
3275 1734 3394 1804 gloe

1822 1808 1925 1862 ria.
1967 1808 2247 1881 Siquidem
2302 1822 2496 1883 praeter
2544 1817 2912 1886 cognitionem
2958 1820 3051 1878 Dei
3103 1823 3162 1879 in
3209 1838 3391 1883 mente

161 1895 207 1949 δὲ
230 1897 422 1951 αἰνέσει
452 1898 636 1953 αὐτοῦ.
662 1900 955 1967 Δίνοῦντας
985 1905 1093 1977 γὰρ
1145 1907 1307 1961 αὐτὸν
1348 1911 1613 1981 προσήκει
1644 1911 1705 1982 μῦ

1817 1899 2073 1965 deﬁxam,
2099 1918 2221 1974 quae
2250 1919 2349 1975 per
2374 1906 2801 1965 instrumentum
2823 1913 3151 1981 celebratur,
3184 1932 3283 1988 par
3304 1926 3389 1975 est

159 1989 427 2055 ταπεινῶς,
463 1992 595 2061 μηδὲ
625 1992 827 2057 ἀδόξως
858 1997 1048 2061 αίνεῖν,
1098 1998 1195 2051 σὺν
1256 1999 1423 2073 πολλῇ
1472 2002 1530 2057 δὲ
1583 2006 1714 2077 τιμῇ

158 2080 240 2133 καὶ
262 2080 399 2154 δόξῃ.
438 2082 583 2153 Πρὸς
610 2083 720 2155 γὰρ
747 2087 813 2156 τῇ
848 2085 987 2139 κατὰ
1014 2087 1252 2143 διάνοιαν
1280 2092 1569 2167 ὲρρωμένῃ
1590 2095 1717 2165 περὶ

157 2174 274 2228 Θεοῦ
306 2175 501 2243 γνώσει
534 2176 600 2230 δι’
632 2178 867 2250 ὀργάνου
898 2181 1308 2258 κατορθουμένῃ
1334 2187 1717 2257 προσήκεικαὶ

155 2263 231 2317 διὰ
253 2263 417 2333 λόγων
439 2265 599 2320 θείων
628 2269 810 2333 αῖνους
838 2270 932 2324 καὶ
972 2270 1174 2343 ὕμνους
1202 2275 1329 2339 τοὺς
1361 2277 1443 2341 είς
1472 2277 1565 2332 τὸν
1584 2278 1715 2334 Θεὸν

157 2359 494 2431 περιεχόντων
550 2363 646 2417 σὺν
680 2364 936 2437 εὐλαϐείᾳ
987 2367 1082 2420 καὶ
1142 2367 1424 2441 σεϐασμίῳ
1473 2374 1606 2443 τιμῇ
1654 2373 1715 2427 τὸ

156 2450 348 2520 πρῶτον
373 2453 728 2527 ἀποπληροῦν
760 2458 1117 2530 πρόσταγμα,
1135 2460 1227 2514 Διὸ
1252 2459 1518 2517 λέλεκται·
1544 2481 1563 2515 ι
1586 2465 1714 2519 Δότε

154 2540 289 2606 δόξαν
304 2543 504 2597 αἰνέσει
525 2545 713 2599 αὐτοῦ·
754 2566 773 2599 ι
799 2548 831 2619 ἢ
856 2548 995 2602 κατὰ
1016 2550 1107 2603 τὸν
1134 2549 1390 2619 Ἀκύλαν,
1427 2570 1445 2605 ι
1470 2554 1599 2608 Δότε
1630 2554 1715 2608 δό-

154 2633 236 2699 ξαν
268 2635 496 2708 ὑμνήσει
526 2637 799 2711 αὐτοῦ·ιῆ
829 2640 971 2695 κατά
997 2642 1088 2695 τὸν
1115 2643 1428 2715 Σύμμαχον,
1465 2663 1483 2698 ι
1504 2647 1547 2698 Τ
1550 2646 1713 2712 άξατε

154 2728 221 2788 είς
247 2728 404 2798 τιμὴν
438 2728 529 2781 τὸν
563 2728 731 2801 ὕμνον
778 2731 999 2786 αὐτοῦ.)
1049 2735 1172 2787 Ἔτι
1232 2736 1370 2807 πρὸς
1412 2738 1623 2803 τούτοις
1653 2741 1714 2795 τὸ

154 2816 352 2890 Πνεῦμα
385 2820 448 2873 τὸ
478 2822 815 2892 προφητικὸν
876 2825 1307 2897 παρακελεύεται
1358 2830 1527 2884 πᾶσιν
1581 2832 1711 2903 ἡμῖν

151 2909 553 2985 τιθεωρημένως
581 2914 903 2981 ὲνατενίζειν
956 2920 1069 2982 τοῖς
1099 2918 1281 2992 ἔργοις
1310 2920 1405 2974 τοῦ
1428 2922 1585 2989 Θεοῦ,
1617 2925 1711 2978 καὶ

151 3002 229 3056 τὸν
247 3005 363 3059 νοῦν
392 3008 641 3078 ὲφιστᾷν,
669 3009 817 3072 ὅπως
864 3009 1029 3079 φόϐου
1086 3013 1180 3065 καὶ
1225 3014 1537 3086 ἐκπλήξεως
1566 3018 1712 3091 γέμῃ

148 3094 207 3148 «ιὰ
233 3097 322 3167 τῆς
372 3099 568 3168 σοφίας
620 3100 782 3153 αὐτοῦ
817 3101 1329 3175 μεγαλουργήματα.
1371 3124 1389 3158 ι
1432 3107 1524 3161 Ἐκ
1550 3109 1711 3179 μεγέ-

149 3185 257 3250 (auc
281 3188 383 3259 γὰρ
435 3189 529 3242 καὶ
585 3190 849 3261 καλλονῆς
897 3194 1207 3264 κτισμάτων
1265 3195 1539 3267 ἀναλόγως
1564 3200 1593 3251 ὁ
1624 3217 1710 3269 γε-
1736 3237 1778 3295 C

147 3281 435 3352 γεσιουργὸς
463 3280 764 3352 θεωρεῖται·
808 3302 827 3335 ι
850 3285 942 3339 καί
962 3301 974 3315 ·
1000 3305 1019 3337 ι
1050 3286 1129 3340 Τά
1156 3287 1361 3362 ἀόρατα
1389 3291 1554 3344 αὐτοῦ
1598 3293 1706 3346 ἀπὸ

147 3370 351 3435 κτίσεως
379 3372 588 3443 κόσμου
621 3375 735 3438 τοῖς
781 3378 1047 3449 ποιήμασι
1082 3379 1347 3451 νοούμενα
1384 3382 1700 3456 καθορᾶται·

145 3458 250 3529 ἥτε
275 3462 440 3526 ἀΐδιος
474 3462 639 3516 αὐτοῦ
683 3464 913 3537 δύναμις
958 3468 1052 3522 καὶ
1109 3470 1342 3545 θειότης.
1366 3491 1385 3525 ι
1416 3473 1583 3529 Ταῦτ’
1609 3472 1703 3531 οὖν

145 3548 488 3623 θεωροῦντας,
529 3555 1071 3630 ὐπερεκπλήττεσθαι
1126 3562 1224 3630 δεῖ,
1281 3567 1376 3619 καὶ
1413 3566 1590 3637 λέγειν
1624 3570 1703 3642 τῷ

143 3642 265 3715 Θεῷ·
301 3666 320 3699 ι
353 3649 445 3712 Ὡς
475 3649 681 3723 φοϐερά
716 3652 783 3705 τά
809 3651 945 3724 ἔργα
968 3670 1114 3709 σου.)
1148 3656 1433 3730 Ἀλλ’ῆμῖν
1466 3660 1567 3731 μὲν
1589 3664 1702 3727 τοῖς

144 3734 233 3789 ὐπὸ
259 3738 347 3794 σοῦ
386 3742 822 3814 πεφωτισμένοις
851 3744 1117 3814 ἔγνωσται
1136 3750 1229 3803 καὶ
1252 3751 1608 3822 κατείληπται
1631 3752 1702 3808 τά

144 3825 260 3897 ἔργα
291 3847 379 3883 σου
409 3831 540 3886 ὄντα
569 3833 794 3905 φοϐερά·
830 3836 879 3888 oi
908 3836 963 3889 δὲ
988 3838 1173 3911 ἐχθροί
1204 3856 1297 3893 σου
1320 3842 1376 3894 ὲν
1396 3843 1572 3914 σκότῳ
1602 3861 1702 3899 κα-

142 3918 475 3994 λινδούμενοι,
512 3925 615 3980 κάν
649 3927 875 3982 ὲθὲλωσί
912 3948 1041 3984 ποτε
1073 3933 1328 4004 περὶτῶν
1362 3932 1491 3991 σῶν
1523 3938 1698 4011 ἔργων

140 4012 387 4081 διεξιέναι,
422 4020 519 4071 καὶ
543 4019 734 4089 λόγους
757 4022 832 4084 ὡς
862 4017 971 4075 οἷόν
1000 4041 1060 4076 τε
1087 4028 1345 4093 φυσικοὺς
1372 4028 1694 4096 ἀποδιδόναι,

144 4109 334 4179 μακρὰν
369 4112 742 4165 ἀποπίπτουσι
762 4113 855 4166 τοῦ
881 4114 1115 4186 πλήθους
1135 4118 1236 4189 τῆς
1271 4119 1369 4191 σῆς
1394 4120 1693 4193 δυνάμεως,

140 4198 270 4253 οὐδὲν
301 4203 455 4271 ὐγιὲς
486 4204 605 4257 οὐδὲ
642 4204 839 4276 ἀληθὲς
868 4206 1081 4277 ἔχοντες
1127 4210 1323 4280 λέγειν.
1355 4214 1447 4267 Διό
1494 4232 1689 4288 φαμεν·

144 4290 254 4343 «Ἐν
286 4293 359 4365 τῷ
390 4295 589 4366 πλήθει
617 4298 716 4369 τῆς
745 4298 1024 4371 δυνάμεώς
1083 4318 1175 4356 σου
1219 4302 1509 4373 ψεύσονταί
1553 4324 1614 4361 σε
1644 4311 1693 4363 οῖ

138 4379 301 4453 ἐχθροί
335 4404 451 4441 σου.
491 4389 647 4442 Πᾶσα
698 4391 731 4462 ὴ
766 4392 838 4462 γῆ
902 4397 1433 4467 προσκυνησάτωσαν
1486 4416 1566 4453 σοι
1600 4402 1693 4454 καὶ

136 4472 441 4540 ψαλάτωσάν
475 4496 578 4545 σοι,
613 4481 939 4550 ψαλάτωσαν
969 4485 1046 4556 τῷ
1069 4486 1292 4558 ὀνόματί
1322 4507 1434 4543 σου.
1459 4492 1692 4563 Διάψαλ-

1816 1993 1980 2048 etiam
2041 1993 2244 2052 divinis
2290 1999 2635 2057 sermonibus
2672 2002 2859 2060 laudes
2910 2013 2965 2062 et
3015 2007 3245 2079 hymnos
3294 2010 3385 2068 Dei

1816 2086 2301 2155 complectentibus
2329 2105 2451 2145 cum
2476 2092 2674 2161 pietate
2690 2110 2754 2150 ac
2772 2098 3119 2156 veneratione
3151 2102 3385 2171 primum

1816 2188 2147 2248 praeceptum
2170 2181 2413 2251 implere.
2442 2182 2622 2250 Quare
2652 2186 2858 2243 dictum
2885 2196 2971 2246 est
3005 2209 3018 2246 :
3049 2209 3069 2243 ι
3109 2191 3242 2250 Date
3265 2194 3384 2266 glo~

1816 2268 1953 2322 riam
1978 2270 2126 2326 laudi
2154 2273 2305 2343 ejus;
2352 2294 2371 2328 ι
2413 2278 2519 2344 vel,
2546 2280 2848 2335 secundum
2874 2281 3161 2354 Aquilam:
3207 2304 3225 2339 ι
3253 2285 3384 2343 Date

1814 2358 2042 2428 gloriam
2061 2361 2278 2433 hymnis
2292 2365 2412 2435 ejus
2431 2385 2446 2433 ς
2473 2385 2492 2418 ι
2514 2369 2620 2435 vel,
2643 2371 2945 2428 secundum
2963 2372 3346 2445 Symmachum
3365 2392 3381 2431 :

1820 2470 1839 2502 ‹
1870 2452 2201 2513 Constituite
2230 2458 2287 2512 in
2318 2459 2581 2516 honorem
2609 2461 2873 2534 hymnum
2908 2465 3050 2537 ejus.
3090 2486 3111 2521 ο
3139 2468 3223 2524 Ad
3266 2471 3381 2527 hac

1814 2559 1941 2601 vero
1969 2546 2210 2618 Spiritus
2235 2551 2588 2622 propheticus
2614 2554 2772 2624 jubet
2803 2571 2905 2613 nos
2938 2573 3130 2618 omnes
3175 2569 3382 2620 attento

1814 2640 1996 2694 animo
2023 2656 2189 2711 opera
2219 2642 2315 2699 Dei
2349 2646 2718 2714 considerare,
2750 2656 2913 2722 atque
2939 2660 3121 2711 mente
3150 2669 3380 2727 perpen-

1812 2729 1960 2796 dere,
1992 2747 2102 2802 quo
2134 2742 2295 2804 pacto
2323 2752 2519 2809 magna
2541 2740 2824 2811 sapientiae
2852 2743 2999 2803 illius
3019 2761 3187 2817 opera
3222 2750 3369 2805 timo-

1813 2834 1925 2873 rem
1960 2831 2346 2894 stuporemque
2377 2825 2633 2883 inferant.
2674 2848 2695 2882 ι
2725 2829 2861 2886 Nam
2900 2847 2968 2889 ex
3010 2837 3378 2909 magnitudine

1810 2923 1864 2967 et
1903 2913 2310 2982 pulchritudine
2349 2925 2730 2978 creaturarum
2767 2929 3121 2997 proportione
3142 2933 3376 3001 quadam

1809 3002 1991 3073 cpifex
2032 3006 2356 3078 intelligitur
2391 3010 2474 3079 ‘°;
2514 3032 2534 3066 ι
2570 3022 2670 3070 et:
2709 3034 2729 3069 ι
2776 3016 3078 3077 lnvisibilia
3121 3024 3294 3095 ipsius
3346 3041 3376 3080 θ

1810 3102 2065 3152 creatura
2106 3101 2318 3168 mundi,
2362 3117 2460 3172 per
2488 3118 2553 3160 ea
2579 3121 2701 3177 qua:
2722 3106 2867 3165 facta
2895 3121 3045 3179 sunt,
3076 3114 3374 3185 intellecta,

1811 3189 2245 3262 conspiciuntur,
2300 3197 2631 3266 sempiterna
2679 3217 2896 3274 quoque
2953 3205 3074 3277 ejus
3114 3207 3291 3265 virtus
3323 3219 3374 3265 et

1809 3278 2069 3337 divinitas
2088 3281 2155 3339 δ”.
2191 3302 2211 3337 ι
2244 3283 2370 3341 Ηαιο
2392 3295 2843 3364 contemplantes,
2868 3304 3090 3369 stupore
3116 3300 3252 3357 allici
3278 3317 3373 3373 par

1805 3378 1907 3436 est,
1948 3386 2013 3429 ac
2038 3374 2217 3431 dicere
2244 3375 2357 3433 Deo
2388 3395 2401 3432 :
2433 3398 2452 3431 ι
2489 3382 2663 3449 Quam
2692 3388 2958 3444 terribilia
2986 3404 3150 3461 opera
3180 3396 3305 3448 tua!
3349 3413 3371 3448 ι

1808 3460 1913 3519 Sed
1944 3478 1976 3519 a
2006 3467 2164 3524 nobis
2192 3469 2415 3540 quidem
2446 3475 2545 3531 abs
2578 3484 2632 3533 te
2669 3478 2991 3539 illuminatis
3019 3487 3374 3556 cognoscitur

1802 3564 1858 3611 et
1883 3559 2364 3629 comprehenditur
2383 3580 2550 3637 opera
2572 3576 2665 3625 tua
2693 3573 2959 3630 terribilia
2993 3591 3133 3633 esse.
3160 3576 3370 3635 Inimici

1802 3664 1933 3703 vero
1962 3652 2040 3706 tui
2076 3652 2132 3707 in
2166 3657 2405 3715 tenebris
2433 3660 2684 3730 volutati,
2708 3657 2938 3724 'etiamsi
2979 3683 3368 3741 nonnunquam

1800 3743 1969 3797 velint
1996 3745 2064 3801 de
2101 3750 2360 3818 operibus
2404 3754 2519 3809 tuis
2550 3756 2713 3810 verba
2743 3756 2941 3825 facere,
2982 3762 3367 3834 naturalesque

1799 3848 2081 3893 sermones
2116 3854 2218 3910 pro
2249 3840 2511 3901 facultate
2565 3852 2767 3913 texere,
2817 3848 2976 3921 longe
3025 3852 3282 3909 aberrant
3337 3870 3364 3908 a

1798 3928 2172 3997 magnitudine
2200 3933 2424 3991 virtutis
2470 3944 2597 4004 tua),
2641 3939 2886 4011 nihilque
2925 3956 3141 4012 sanum,
3176 3962 3361 4002 verum

1796 4019 1932 4074 nihil
1960 4020 2152 4079 efferre
2188 4026 2387 4082 valent.
2428 4026 2612 4095 Quare
2652 4032 2885 4091 dicimus
2920 4054 2933 4091 :
2970 4054 2989 4087 ι
3026 4035 3083 4091 1η
3115 4039 3360 4095 multitu-

1796 4110 1924 4168 dine
1950 4113 2169 4172 virtutis
2192 4124 2301 4174 tuae
2330 4121 2663 4177 mentientur
2682 4125 2781 4181 tibi
2812 4127 3021 4184 inimici
3048 4130 3149 4186 tui.
3176 4130 3361 4189 Omnis

1794 4209 1939 4259 terra
1964 4205 2153 4263 adoret
2176 4218 2245 4275 te,
2268 4218 2323 4266 et
2344 4214 2542 4283 psallat
2558 4216 2678 4283 tibi,
2702 4218 2971 4289 psalmum
2989 4221 3135 4277 dicat
3157 4225 3366 4281 nomini

1794 4304 1908 4354 tuo.
1961 4298 2287 4370 Diapsalma.
2320 4324 2339 4356 ›
2394 4304 2586 4363 Priora
2641 4311 2859 4380 quidem
2900 4322 3170 4386 praecepta
3216 4320 3365 4372 omni

1792 4395 1970 4453 terrae,
2003 4392 2254 4449 videlicet
2295 4398 2551 4456 omnibus
2586 4404 2859 4472 gentibus,
2907 4407 3225 4478 prophetice
3254 4418 3365 4464 tra-

1788 4480 1904 4536 dita
1935 4480 2169 4539 fuerant.
2193 4486 2332 4552 Quia
2361 4504 2512 4556 vero,
2536 4500 2596 4547 ut
2622 4494 2739 4550 haec
2766 4512 2931 4567 opere
2952 4499 3212 4569 compleri
3236 4516 3363 4571 pos-

140 4579 251 4633 μα.»
291 4569 369 4622 Τὰ
392 4570 492 4641 μὲν
522 4573 713 4643 πρῶτα
741 4576 1174 4647 παραγγέλματα
1202 4573 1272 4649 ἦν
1326 4580 1475 4655 πάσῃ
1495 4585 1558 4654 τῇ
1593 4586 1686 4655 γῇ,

1805 4581 1933 4639 sent,
1951 4574 2198 4633 oratione
2214 4594 2353 4650 opus
2374 4592 2509 4647 erat,
2536 4582 2773 4655 Spiritus
2792 4589 3010 4645 divinus
3033 4596 3155 4660 post
3177 4569 3360 4661 priora

134 4654 313 4733 δηλαδὴ
339 4665 474 4718 πᾶσι
501 4668 615 4729 τοῖς
646 4666 844 4731 ἔθνεσι,
864 4670 1214 4741 προφητικῶς
1244 4654 1686 4746 παρηγγελμένα·

135 4748 240 4803 ἐπεὶ
266 4753 507 4828 δὲεύχῆς
562 4753 632 4828 ἦν
688 4760 846 4830 χρεία
881 4764 959 4825 είς
986 4762 1048 4815 τὸ
1090 4763 1380 4836 δυνηθῆναι
1410 4766 1476 4820 δι’
1515 4767 1690 4840 ἔργων

131 4841 284 4895 ταῦτα
311 4848 578 4919 χωρῆσαι,
613 4850 923 4918 ἀναγκαίως
950 4853 1010 4906 τὸ
1043 4853 1184 4907 θεῖον
1209 4855 1433 4928 Πνεῦμα
1464 4859 1601 4928 μετὰ
1620 4860 1688 4915 τά

133 4932 304 4998 πρῶτα
332 4937 468 5007 πρὸς
500 4939 660 4993 αὐτὸν
690 4942 1003 5014 ἐπιστρέφει
1036 4945 1127 4998 τὸν
1173 4945 1324 5013 Θεὸν,
1357 4949 1520 5021 εὐχὴν
1546 4951 1688 5023 ὑπὲρ

133 5021 293 5094 πάσης
310 5026 410 5098 τῆς
437 5030 541 5100 γῆς
591 5031 932 5103 ἀναπέμπον.
984 5036 1074 5090 Διό
1126 5055 1277 5108 φησι·
1317 5058 1336 5091 ι
1366 5030 1583 5115 Πᾶσα
1615 5021 1687 5117 γῆ

133 5121 643 5191 προσκυνησάτωσαν
677 5141 758 5180 σοι
791 5127 885 5179 καὶ
937 5126 1261 5196 ψαλὰτωσάν
1300 5149 1402 5197 σοι,
1437 5133 1687 5204 ψαλάτω-

134 5220 220 5258 σαν
246 5209 320 5279 τῷ
340 5211 561 5283 ὀνόματί
583 5231 731 5268 σου.»
782 5216 926 5270 Ἀντὶ
956 5218 1013 5271 δὲ
1073 5219 1186 5274 τοῦ·
1222 5240 1240 5272 ι
1282 5223 1436 5276 Πᾶσα
1470 5226 1503 5295 ἡ
1534 5226 1625 5296 γῆ,
1663 5246 1680 5276 ι

132 5296 155 5348 ό
184 5292 464 5374 Σύμμαχος
496 5308 826 5378 σαφέστερον
856 5310 1196 5382 ἠρμήνευσεν
1216 5315 1403 5368 είπών·
1436 5333 1455 5365 ι
1478 5292 1684 5382 Πάντες

132 5389 173 5438 οί
204 5391 287 5442 ἐπὶ
310 5394 464 5464 γῆς’)
501 5396 817 5470 λευκότερον
864 5401 1132 5472 δηλώσας,
1177 5405 1256 5458 ὅτι
1298 5405 1370 5477 μὴ
1412 5408 1682 5472 Ἰουδαίοις

130 5477 183 5532 τὸ
205 5485 557 5558 παράγγελμα
589 5489 783 5554 δέδοτο,
842 5491 978 5545 ἀλλὰ
1019 5495 1150 5548 πᾶσι
1177 5498 1293 5559 τοῖς
1328 5496 1420 5549 ἐπὶ
1452 5498 1555 5569 γῆς
1585 5500 1679 5552 ἀν-

132 5565 366 5657 θρώποις.
398 5577 671 5648 Μεγίστης
692 5578 799 5651 γὰρ
818 5581 1025 5636 ἐδέοντο
1050 5584 1233 5656 εὐχῆς,
1257 5586 1333 5648 ὡς
1355 5585 1420 5639 ἂν
1456 5565 1680 5657 δυνάμει

130 5656 248 5713 Θεοῦ
273 5664 565 5735 παράδοξος
597 5668 805 5737 γένοιτό
838 5687 921 5734 τις
945 5672 1003 5725 ὲν
1027 5673 1209 5739 αὐτοῖς
1244 5674 1512 5748 μεταϐολὴ
1541 5656 1679 5747 πρὸς

193 5842 234 5875 ⁸⁸
258 5844 380 5919 Sap.
415 5866 532 5919 xm,
563 5852 613 5907 5.
691 5854 733 5886 ετ
756 5853 915 5912 Rom.
950 5872 988 5921 ι,
1021 5858 1113 5913 20.

420 5950 689 6014 Parnm“
723 5954 839 6015 Gn.
874 5954 1109 6019 XXIII.

1792 4664 1917 4729 illa,
1963 4670 2281 4725 necessario
2333 4672 2399 4727 ad
2446 4673 2615 4730 Deum
2655 4678 2901 4743 vertitur,
2948 4681 3359 4751 orationemque

1790 4771 1890 4827 pro
1915 4759 2170 4815 universa
2205 4772 2348 4818 terra
2377 4765 2595 4822 emittit.
2624 4768 2989 4835 Quamobrem
3022 4774 3097 4826 ait
3130 4793 3143 4829 :
3180 4791 3198 4825 ι
3237 4773 3360 4830 Om-

1788 4849 1876 4904 nis
1908 4856 2049 4905 terra
2083 4852 2274 4910 adoret
2304 4864 2377 4920 te,
2410 4865 2464 4912 et
2492 4860 2691 4929 psallat
2739 4862 2859 4926 tibi,
2884 4864 3164 4932 psalmum
3210 4867 3358 4921 dicat

1788 4941 1994 4996 nomini
2028 4951 2144 4999 tuo.
2170 4965 2188 4999 ι
2211 4944 2319 5003 Ρι·ο
2348 4949 2442 5006 illo
2467 4959 2681 5008 autem:
2726 4971 2745 5006 ι
2778 4954 2969 5015 Omnis
2992 4965 3159 5024 terra,
3198 4980 3217 5012 ι
3244 4961 3356 5015 cla-

1786 5033 1902 5089 rius
1927 5033 2287 5107 Symmachus
2311 5043 2698 5112 interpretatur
2720 5046 2907 5106 dicens
2940 5070 2952 5104 :
2986 5070 3004 5101 (
3033 5051 3235 5110 Omnes
3260 5056 3353 5125 qui

1785 5122 1841 5176 in
1875 5131 2023 5179 terra
2053 5136 2200 5194 sunt,
2227 5149 2247 5182 ι
2276 5134 2515 5202 apertius
2544 5136 2851 5206 declarans,
2878 5156 2987 5195 non
3017 5139 3220 5201 Iudaeis
3247 5152 3354 5201 tra-

1784 5212 1956 5270 ditum
1998 5227 2324 5290 praaceptum
2371 5238 2513 5287 esse,
2552 5225 2647 5281 sed
2695 5229 2949 5286 omnibus
2979 5232 3071 5301 qui
3122 5232 3176 5288 in
3208 5242 3351 5291 terra

1783 5315 1910 5360 sunt
1949 5306 2280 5367 hominibus.
2335 5311 2599 5372 Precibus
2639 5332 2874 5390 namque
2923 5323 3158 5379 maxime
3212 5341 3350 5396 opus

1780 5412 1919 5467 erat,
1955 5409 2016 5455 ut
2056 5419 2123 5457 ex
2172 5402 2269 5458 Dei
2324 5414 2611 5474 potestate,
2671 5411 3043 5481 inexspectata
3099 5415 3347 5485 quaedam

1780 5492 2011 5549 mutatio
2036 5493 2169 5563 ipsis
2198 5495 2499 5560 accederet,
2542 5506 2601 5552 ut
2646 5515 2715 5555 ne
2744 5501 2885 5556 ultra
2917 5504 3211 5561 multorum
3255 5522 3348 5563 nu-

1778 5585 1987 5641 minum
2017 5588 2189 5643 errori
2217 5590 2400 5644 animo
2424 5590 2797 5660 adhaererent;
2825 5595 2920 5651 sed
2942 5613 3110 5654 unum
3150 5599 3343 5667 Deum,

1777 5677 1953 5734 solum
1983 5680 2318 5736 adorandum
2362 5697 2554 5743 reapse
2575 5688 2816 5744 colerent
2851 5696 2904 5745 et
2924 5690 3234 5755 adorarent.
3260 5699 3344 5749 atr-

2986 5956 3062 6023 21
