3808 6280
471 337 570 401 651
1194 347 1462 404 EUSEBll
1503 348 1977 406 C/ESARIENSIS
2014 352 2164 409 OPP.
2204 353 2383 410 PARS
2418 354 2508 411 111.
2549 385 2614 397 —
2651 355 3052 412 EXEGETICA.
3571 359 3648 414 651

467 470 572 526 quc
607 462 934 528 praeceptum
980 457 1293 528 huiusmodi
1323 458 1676 515 observarent
1707 479 1720 516 :
1762 481 1780 514 ι
1818 461 2005 516 Psallit

2107 524 2108 529 η
2137 465 2196 518 τὸ
2221 466 2415 536 μηκέτι
2449 465 2546 536 μὲν
2593 468 2657 537 τῇ
2698 467 2942 539 πολυθέῳ
2973 469 3256 540 προσέχειν
3307 468 3496 541 πλάνῃ,
3527 471 3650 542 μόνον

469 550 676 606 nomini
713 550 855 618 ejus.
896 569 913 604 ι
958 548 1029 604 Ut
1067 551 1254 621 itaque
1303 551 1418 604 haec
1458 552 1732 617 eveniant,
1791 552 2005 622 Spiritu:

2131 555 2186 608 δὲ
2219 555 2396 609 σέϐειν
2415 557 2474 610 ὃν
2504 557 2584 610 δεῖ
2610 559 2702 610 καί
2758 563 3097 630 προσκυνεῖν,
3149 560 3239 612 τὸν
3265 560 3362 614 ἕνα
3400 561 3490 614 καὶ
3529 563 3650 632 μόνον

467 656 686 700 sanctus
720 645 792 698 ita
825 649 1119 713 precatur:
1149 659 1168 692 ι
1208 639 1396 698 Omnis
1435 649 1580 697 terra
1630 643 1819 698 adoret
1871 653 1924 701 te
1974 661 2004 701 e

2131 649 2223 700 καὶ
2258 650 2626 720 προσκυνητδν
2688 649 2838 715 Θεὸν,
2870 651 3132 703 ἐπιτελεῖν
3163 668 3222 704 τε
3271 652 3335 704 r6
3370 653 3652 724 πρόσταγμα

465 737 660 807 psallat
693 735 811 799 tibi,
847 734 1114 805 psalmum
1144 721 1286 788 dicat
1324 735 1531 788 nomini
1567 741 1680 791 tuo.
1723 755 1742 788 ι

2129 737 2196 790 δι’
2217 733 2277 793 οῦ
2307 738 2538 808 ὲλέγετο’
2569 759 2587 792 ι
2612 740 2831 794 Ψάλατε
2851 741 2919 812 δὴ
2944 741 3021 812 τῷ
3061 742 3280 813 ὀνόματι
3313 744 3492 798 αὐτοῦ.
3529 765 3544 796 ι
3578 747 3652 800 Ἰν“

463 829 555 884 οὖν
598 831 768 885 ταῦτα
824 830 1070 901 γένηται,
1132 828 1348 900 εὔχεται
1379 829 1440 882 τὸ
1497 829 1720 902 Πνεῦμα
1768 831 1830 884 τὸ
1879 831 2030 900 ἀγιον
2065 832 2250 902 λέγον·
2300 854 2318 884 ι
2351 836 2565 907 uacat]
2613 835 2684 906 γῆ
2735 837 3262 908 προσκυνησάτωσάν
3296 855 3378 891 σοι
3437 839 3524 892 καί
3569 840 3650 909 ᾦα-

463 923 705 978 λάτωσάν
733 937 833 985 σοι,
859 919 1179 991 ψαλάτωσαν
1207 919 1284 991 τῷ
1311 920 1533 992 ὀνόματί
1553 938 1667 974 σου.
1697 941 1716 975 i

533 1042 700 1098 Vens.
726 1042 779 1106 5,
816 1039 868 1095 6.
912 1059 931 1092 ι
956 1039 1152 1096 Venite
1181 1048 1236 1094 et
1262 1039 1438 1094 videte
1460 1055 1624 1110 opera
1663 1038 1779 1103 Dei.
1811 1041 2029 1097 terribi~

461 1137 527 1192 lis
549 1136 603 1190 in
627 1132 872 1188 consiliis
896 1147 1062 1203 super
1083 1131 1224 1186 ﬁlios
1253 1130 1555 1185 hominum.
1589 1149 1607 1182 ι
1639 1128 1706 1186 Ut
1734 1130 1890 1202 longe
1917 1130 2028 1186 dis-

463 1228 584 1285 sitis
633 1227 700 1281 iis
737 1227 829 1295 qui
862 1225 1121 1279 invocant
1146 1237 1345 1278 nomen
1377 1221 1490 1286 Dei,
1523 1233 1582 1277 ut
1612 1225 1836 1294 propius
1869 1240 2026 1279 acce-

460 1320 591 1375 dant
618 1318 860 1388 praecipit
890 1316 1115 1372 dicens:
1141 1334 1158 1367 ι
1191 1313 1402 1370 Venite.
1439 1333 1456 1366 ι
1490 1314 1647 1381 Quod
1677 1317 1856 1386 ipsum
1887 1317 2026 1372 divi-

460 1428 564 1466 nus
606 1410 897 1478 Apostolus
945 1408 1244 1463 declaravit
1276 1409 1363 1465 his
1384 1409 1605 1465 verbis:
1638 1427 1657 1460 ι
1691 1410 1756 1462 Et
1793 1411 2017 1466 veniens

460 1501 807 1557 annuntiavit
849 1515 1035 1570 pacem
1085 1500 1240 1555 vobis
1279 1501 1374 1571 qui
1409 1501 1567 1571 longe
1601 1500 1801 1564 fuistis,
1837 1510 1892 1556 et
1922 1517 2018 1572 pa-

2200 1058 2219 1091 ι
2259 1037 2423 1092 Δεῦτε
2456 1038 2550 1091 καὶ
2587 1037 2722 1091 ῐδετε
2774 1035 2843 1091 τὰ
2875 1035 3007 1108 ἔργα
3046 1035 3137 1091 τοῦ
3174 1036 3330 1103 Θεοῦ,
3363 1036 3574 1108 φοϐερὸς
3610 1040 3654 1092 ὲν

2125 1132 2338 1204 βουλαῖς
2367 1129 2518 1202 παρὰ
2551 1130 2676 1194 τοὺς
2704 1130 2851 1194 υἱοὺς
2882 1128 2990 1183 τῶν
3038 1126 3358 1199 ἀνθρώπων.
3387 1148 3404 1180 i
3459 1129 3539 1192 Ὧς
3572 1147 3653 1200 μα.

2123 1224 2258 1296 κρὰν
2310 1222 2642 1293 ἀφεστηκόσι
2688 1226 2799 1285 τοῖς
2846 1220 3197 1291 καλουμένοις
3228 1221 3287 1272 τὸ
3339 1220 3476 1273 θεῖον
3517 1221 3655 1291 ὄνομα

2123 1316 2346 1388 πλησίον
2369 1315 2622 1386 ἔρχεσθαι
2650 1316 2973 1387 προστάττει
3003 1315 3157 1384 λέγον
3176 1330 3190 1345 ο
3232 1332 3250 1365 ι
3270 1313 3452 1366 Δεῦτε.
3477 1333 3494 1365 ι
3516 1314 3654 1368 Τοῦτο

2119 1407 2177 1460 δὲ
2213 1410 2242 1461 6
2274 1407 2413 1470 θεῖος
2460 1407 2774 1469 ’Δπόστολος
2803 1407 3038 1477 παρίστη
3080 1403 3246 1458 εἰπών
3265 1421 3280 1436 ι
3329 1424 3348 1456 ι
3379 1406 3487 1458 Καὶ
3515 1405 3655 1460 ἐλθὼν

2121 1498 2507 1570 εὐηγγελίσατο
2535 1499 2759 1570 εἰρήνην
2791 1499 2918 1568 ὑμῖν
2943 1501 3054 1561 τοῖς
3088 1497 3324 1568 μακρὰν,
3353 1499 3448 1550 καὶ
3467 1498 3655 1570 εἰρήνην

457 1608 574 1648 cem
625 1592 692 1648 iis
737 1591 829 1662 qui
881 1605 1047 1662 prope
1068 1591 1135 1643 ⁸⁸.
1170 1609 1188 1642 ι
1234 1588 1438 1647 Omnes
1487 1607 1651 1662 porro
1691 1607 1788 1662 per
1828 1591 2005 1647 orbem

2119 1595 2230 1654 τοῖς
2279 1591 2462 1660 ἐγγύς.
2505 1609 2524 1655 ξ
2578 1589 2747 1644 Καλεῖ
2779 1589 2836 1642 δὲ
2879 1591 2907 1642 6
2956 1588 3110 1656 λόγος
3147 1589 3216 1642 τὰ
3252 1589 3371 1642 καθ’
3418 1589 3539 1660 ὅλης
3577 1592 3654 1661 τῆς

456 1690 645 1755 gentes
702 1682 769 1736 ad
813 1681 907 1736 Dei
960 1681 1236 1748 notitiam,
1288 1689 1342 1737 et
1389 1681 1457 1736 ad
1504 1681 2005 1752 contemplationem

2121 1683 2441 1754 οἰκουμένης
2485 1682 2610 1752 ἔθνη
2660 1681 2752 1734 ἐπὶ
2781 1683 2879 1752 τὴν
2925 1679 3014 1732 τοῦ
3052 1679 3185 1732 Θεοῦ
3220 1679 3455 1748 γνῶσιν,
3489 1681 3572 1734 ἐπί
3605 1699 3653 1734 τε

457 1793 679 1850 cperam
713 1781 835 1850 ejus
881 1795 1060 1836 sermo
1089 1790 1298 1837 evocat.
1328 1780 1462 1835 Nam
1495 1780 1684 1851 procul
1716 1779 1826 1836 Deo
1867 1782 2005 1851 posi-

2119 1775 2218 1846 τὴν
2253 1773 2484 1845 θεωρίαν
2532 1773 2639 1825 τῶν
2691 1772 2865 1840 ἔργων
2895 1769 3081 1826 αὐτοῦ.
3133 1771 3365 1842 Μακρὰν
3394 1771 3501 1843 γὰρ
3545 1773 3653 1841 ἀφε-

454 1881 543 1937 tae,
585 1888 762 1942 neque
807 1873 1085 1939 videbant,
1129 1888 1307 1944 neque
1337 1881 1621 1928 noverant.
1652 1871 2016 1939 Quamobrem

455 1965 530 2020 ait
556 1985 569 2020 :
601 1983 619 2016 ι
651 1964 842 2020 Venite
875 1972 931 2020 et
959 1963 1140 2020 videte
1169 1979 1333 2035 opera
1368 1965 1460 2020 Dei
1490 1982 1503 2019 :
1541 1985 1559 2017 ι
1599 1964 1667 2020 de
1697 1965 1895 2036 quibus
1925 1981 2019 2021 su-

454 2073 551 2129 pra
577 2059 780 2114 dictum
810 2065 932 2113 est:
964 2075 982 2106 ι
1020 2056 1195 2112 Dicite
1231 2057 1336 2112 Deo
1363 2077 1374 2111 :
1402 2057 1575 2124 Quam
1606 2058 1870 2113 terribilia
1894 2068 2018 2115 sunt

453 2163 617 2203 onera
649 2149 772 2202 tua!
805 2164 822 2199 ι
853 2147 960 2202 Sed
989 2148 1117 2202 olim
1149 2147 1365 2218 quidem
1403 2148 1748 2218 praecipiebat
1785 2148 1970 2204 dicere
1999 2167 2011 2203 :

459 2257 479 2290 ι
509 2238 680 2304 Quam
716 2237 978 2292 terribilia
1011 2247 1138 2293 sunt
1182 2251 1344 2307 Opera
1397 2241 1518 2293 tua!
1553 2259 1571 2291 ι
1607 2238 1873 2305 Quoniam
1919 2256 2016 2296 au-

455 2337 562 2384 tem
589 2329 885 2384 verisimile
911 2337 1030 2384 erat
1059 2345 1174 2392 eos,
1210 2332 1398 2399 procul
1431 2333 1660 2400 positos,
1695 2347 1814 2402 quae
1832 2341 2016 2388 essent

455 2435 619 2491 opera
664 2421 755 2476 Dei
799 2421 1071 2491 ignorare,
1107 2421 1197 2475 hic
1234 2431 1636 2491 consequenter
1675 2424 1894 2479 eosdem
1935 2426 2014 2482 sic

455 2511 784 2582 alloquitur:
815 2530 832 2563 ι
866 2509 1057 2566 Venite
1083 2519 1136 2565 et
1165 2512 1341 2566 videte
1373 2528 1536 2583 opera
1566 2511 1680 2568 Dei.
1713 2533 1733 2567 ι
1765 2513 1902 2569 Cum
1927 2530 2014 2570 au-

457 2607 565 2653 tem
599 2612 661 2651 ea
695 2597 962 2656 videritis.
993 2596 1270 2661 ediscetis,
1313 2613 1438 2653 eum
1473 2599 1772 2654 terribilem
1802 2615 1923 2656 esse
1955 2600 2013 2655 in

449 2689 697 2744 consiliis
721 2703 821 2759 pro
853 2688 977 2742 ﬁliis
1014 2687 1314 2743 hominum.
1342 2687 1544 2744 Horum
1575 2692 1898 2745 sententiam
1933 2691 2013 2746 sic

452 2778 654 2836 clarius
688 2781 1074 2849 interpretatur
1109 2779 1469 2851 Symmachus
1496 2780 1687 2836 dicens
1728 2800 1741 2836 :
1771 2800 1790 2833 ι
1822 2781 2013 2837 Venite

452 2880 507 2928 et
544 2874 724 2928 videte
764 2887 927 2942 opera
960 2871 1078 2938 Dei,
1126 2874 1400 2930 terribiles
1443 2875 1874 2930 machinationes
1914 2891 2012 2946 pro

2119 1865 2296 1919 στῶτα
2319 1864 2413 1918 τοῦ
2433 1865 2565 1918 Θεοῦ
2596 1863 2718 1917 οὔτε
2747 1863 2911 1934 ἑώρα,
2941 1862 3064 1917 οὒτε
3092 1864 3372 1932 ἐγίνωσκε.
3403 1865 3491 1916 Διό
3516 1879 3651 1935 φησι·

2121 1975 2139 2008 ι
2175 1956 2338 2009 Δεῦτε
2374 1957 2468 2009 καὶ
2507 1954 2646 2008 ῐδετε
2699 1953 2768 2006 τὰ
2817 1953 2954 2024 ἔργα
3000 1954 3094 2006 τοῦ
3145 1953 3316 2006 Θεοῦ·
3353 1973 3373 2005 ι
3430 1953 3551 2026 περί
3595 1947 3652 2006 ὧν

2113 2047 2368 2118 ἀνωτέρω
2399 2046 2644 2115 ἐλέγετο·
2693 2063 2712 2096 ι
2738 2046 2944 2098 Είπατε
2984 2043 3061 2115 τῷ
3092 2043 3237 2117 Θεῷ·
3257 2045 3342 2108 Ὠς
3369 2044 3569 2115 φοϐερὰ
3599 2046 3652 2098 τὰ

2113 2138 2249 2209 ἔργα
2281 2139 2406 2192 σουί
2445 2157 2464 2190 δ
2527 2135 2687 2190 Ἀλλὰ
2741 2135 2906 2190 πάλαι
2948 2135 3046 2207 μὲν
3092 2136 3424 2207 προσέταττε
3467 2135 3650 2205 λέγειν·

2118 2248 2137 2282 ι
2183 2231 2271 2294 Ὠς
2321 2227 2526 2300 φοϐερὰ
2567 2227 2634 2280 τὰ
2676 2227 2810 2298 ἔργα
2859 2230 2983 2281 σουί
3023 2228 3278 2299 »Ἐπειδὴ
3321 2229 3379 2281 δὲ
3422 2229 3558 2292 εἰκὸς
3597 2224 3652 2300 ἦν

2111 2322 2322 2389 ἀγνοεῖν
2350 2322 2474 2383 τοὺς
2514 2320 2727 2390 μακρὰν
2749 2317 3068 2388 ἀφεστῶτας
3084 2317 3204 2371 τίνα
3227 2315 3295 2390 ἦν
3320 2318 3390 2372 τὰ
3420 2319 3548 2391 ἔργα
3573 2318 3651 2372 τοῦ

2111 2409 2266 2473 Θεοῦ,
2299 2409 2604 2473 ἀκολούθως
2629 2408 2863 2463 ἐνταῦθα
2894 2408 3028 2480 πρὸς
3066 2410 3190 2472 τοὺς
3220 2409 3417 2472 αὐτοὺς
3449 2409 3649 2478 φάσκει·

2117 2524 2135 2556 ι
2165 2503 2329 2557 Δεῦτε
2361 2505 2456 2558 καί
2497 2503 2634 2556 ίδετε
2680 2502 2747 2557 τὰ
2792 2502 2930 2574 ἔργα
2970 2501 3063 2555 τοῦ
3119 2501 3284 2555 Θεοῦ·
3324 2521 3342 2554 ι
3385 2503 3568 2566 ἰδόντες
3606 2501 3650 2556 ει

2108 2595 2280 2651 ταῦτα
2314 2596 2641 2668 μαθήσεσθε,
2671 2597 2752 2650 ὅτι
2783 2596 3006 2665 φοϐερός
3043 2597 3184 2648 ἐστιν
3213 2598 3268 2648 ὲν
3299 2596 3506 2666 βουλαῖς
3532 2597 3650 2668 ὑπὲρ

2107 2692 2233 2754 τοὺς
2248 2691 2395 2754 υἱοὺς
2426 2690 2534 2742 τῶν
2559 2687 2879 2761 ἀνθρώπων.
2919 2689 3268 2760 Τρανώτερον
3303 2690 3401 2759 τὴν
3435 2689 3650 2742 διάνοιαν

2110 2783 2388 2838 ἀπέδωκεν
2421 2785 2448 2836 6
2496 2782 2788 2852 Σύμμαχος
2839 2780 3044 2834 εἰπών·
3090 2801 3108 2832 ι
3147 2781 3369 2834 Ἐλθετε
3403 2783 3493 2834 καὶ
3536 2782 3649 2835 ἴδετε

2109 2874 2335 2945 πράξεις
2381 2874 2475 2928 τοῦ
2515 2874 2671 2936 Θεοῦ,
2719 2873 2925 2944 φοϐερὰ
2954 2876 3318 2946 μηχανήματα
3367 2877 3503 2947 ὑπὲρ
3540 2877 3649 2929 υἱῶν

456 2966 580 3021 ﬁliis
609 2965 907 3020 hominum.
943 2983 962 3018 ι
1000 2963 1193 3027 Omnia
1220 2967 1420 3036 quippe
1452 2982 1550 3036 pro
1575 2968 1750 3023 salute
1778 2969 2005 3022 tiliorum

2109 2965 2427 3037 ἀνθρώπων.
2454 2986 2472 3017 i
2509 2967 2693 3020 Πάντα
2731 2964 2840 3036 γὰρ
2893 2966 3030 3037 ὑπὲρ
3072 2968 3345 3038 σωτηρίας
3387 2968 3490 3021 τῶν
3540 2968 3649 3022 υἱῶν

454 3058 731 3112 hominum
778 3056 1119 3112 machinatus
1151 3065 1255 3114 est.
1301 3056 1415 3114 Sub
1449 3059 1562 3113 hac
1615 3059 1774 3114 docet
1805 3067 2005 3129 quanta

2108 3058 2216 3112 τῶν
2281 3058 2579 3129 ἀνθρώπων
2636 3060 3034 3130 ἐμηχανήσατο.
3092 3056 3226 3114 Εἶτα
3284 3061 3519 3114 διδάσκει
3567 3063 3648 3114 ὅσα

451 3141 592 3216 apud
621 3147 874 3216 antiquos
904 3148 1025 3202 illos
1056 3148 1198 3202 Deus
1228 3147 1422 3204 fecisse
1448 3159 1716 3205 narretur.
1749 3149 2004 3216 Quaenam

2111 3151 2372 3223 πρότερον
2396 3151 2543 3222 παρὰ
2563 3153 2672 3212 τοῖς
2699 3151 2941 3213 παλαιοῖς
2967 3150 3277 3222 πεποιηκὼς
3309 3153 3337 3204 6
3367 3151 3494 3216 Θεὸς
3525 3155 3646 3206 ἱστο-

448 3253 578 3292 vero
617 3239 707 3292 illa
764 3239 908 3303 sint,
966 3247 1153 3309 postea
1218 3239 1550 3296 declaratzc
1581 3240 1684 3306 Qui
1737 3242 2005 3296 convertit

2113 3243 2301 3312 ρείται.
2330 3239 2459 3294 Τίνσ
2483 3241 2538 3293 δὲ
2557 3241 2746 3305 ταῦτα,
2775 3240 3013 3310 ἐπιλέγει
3035 3241 3160 3312 ἑξῆς
3179 3258 3192 3272 ·
3227 3261 3245 3293 ι
3286 3243 3344 3296 Ὁ
3370 3244 3645 3316 μεταστρέ-

448 3342 597 3383 mare
629 3330 683 3382 in
729 3329 971 3398 aridam;
1005 3331 1058 3384 in
1090 3329 1310 3386 ﬂumine
1355 3317 1760 3402 pertransibunt
1793 3332 1948 3403 pede.
1981 3353 2001 3385 ι

2107 3349 2222 3400 φων
2268 3332 2365 3402 τὴν
2417 3331 2690 3386 θάλασσαν
2734 3333 2813 3395 εἰς
2855 3332 3022 3404 ξηράν
3048 3348 3060 3360 °
3097 3333 3154 3385 ὲν
3188 3335 3416 3406 ποταμῷ
3465 3333 3644 3389 διελεύ-

447 3417 756 3476 Secundum
783 3420 1164 3493 Symmachum
1190 3434 1366 3478 autem
1389 3441 1403 3478 :
1427 3443 1447 3475 ι
1477 3423 1778 3488 Convertit,
1805 3427 2003 3494 inquit,

2109 3439 2288 3476 σονται
2321 3423 2462 3478 ποδί.
2499 3444 2518 3476 ι
2572 3423 2730 3478 Κατὰ
2771 3424 2827 3478 δὲ
2851 3425 2940 3477 τὸν
2969 3425 3277 3497 Σύμμαχοψ
3325 3446 3342 3476 ι
3371 3428 3645 3491 Μετέϐαλε,

446 3532 597 3572 mare
647 3517 700 3571 in
755 3517 994 3585 aridam;
1046 3516 1271 3571 ﬂuvium
1319 3520 1752 3589 pertransierunt
1794 3520 1948 3589 pede.
1981 3539 2000 3572 ι

2107 3517 2259 3586 φησὶ,
2306 3517 2405 3588 τὴν
2450 3515 2720 3571 θάλασσαν
2760 3520 2840 3582 είς
2897 3517 3095 3590 ξηράνο
3139 3519 3381 3590 ποταμὸν
3415 3520 3646 3592 διέϐησαν

445 3609 570 3664 Haec
618 3626 781 3681 porro
829 3611 884 3665 in
926 3605 1152 3667 historia
1204 3611 1500 3682 Scriptum
1553 3611 1804 3667 feruntur
1841 3631 1854 3667 :
1886 3628 2005 3682 qua:

2107 3609 2246 3664 ποδί.
2269 3628 2288 3660 ι
2327 3607 2508 3662 Ταῦτα
2529 3608 2586 3661 δὲ
2620 3609 2840 3680 φέρεται
2866 3612 2924 3664 ὲν
2954 3614 3021 3682 τῇ
3051 3611 3149 3682 τῆς
3177 3612 3416 3684 ἱστορίας
3442 3617 3614 3684 γραφῇ
3633 3631 3645 3644 '

441 3703 714 3773 gentibus,
743 3708 928 3772 utpote
955 3702 1353 3773 ignorantibus,
1396 3703 1710 3757 necessario
1735 3717 2002 3756 enarran-

2107 3701 2138 3756 ἃ.
2169 3700 2232 3772 δὴ
2257 3701 2570 3769 ἀναγκαίως
2600 3703 2675 3765 ὼς
2715 3702 2788 3774 μὴ
2809 3704 2974 3756 εἰδόσι
3011 3706 3120 3767 τοῖς
3157 3703 3362 3759 ἔθνεσιν
3392 3705 3644 3774 ἀπαγγέλ-

443 3801 553 3855 tur,
598 3803 657 3847 ut
689 3793 955 3858 ediscant,
984 3809 1106 3849 eum
1149 3795 1240 3864 qui
1293 3794 1420 3849 olim
1465 3797 1695 3866 populus
1728 3794 1821 3849 Dei
1862 3805 1998 3860 erat,

2107 3794 2272 3856 λεται,
2301 3793 2376 3856 ὡς
2396 3793 2460 3846 ἂν
2495 3793 2736 3864 μάθοιεν,
2758 3795 2838 3847 ὅτι
2869 3795 2963 3847 καί
2983 3797 3010 3849 ὁ
3035 3795 3200 3849 πάλαι
3248 3795 3344 3850 τοῦ
3379 3796 3509 3849 Θεοῦ
3535 3797 3643 3860 λαὸς

443 3885 496 3939 in
528 3887 785 3940 servitute
815 3884 1190 3956 Egyptiorum
1225 3885 1514 3956 aliquando
1537 3887 1724 3954 fuisse,
1760 3897 1813 3942 et
1835 3887 2001 3959 Egy-

441 3977 632 4046 ptiaca
663 3977 982 4031 idololatriae
1032 3977 1370 4047 subjectum;
1408 3977 1503 4033 sed
1549 3978 1716 4034 Deum
1761 3995 1861 4046 pro
1891 3980 1999 4035 illis

441 4081 633 4134 magna
669 4075 721 4121 et
765 4068 1029 4122 terribilia
1062 4067 1318 4133 edidisse,
1350 4069 1614 4127 divinitus
1652 4071 1862 4126 scilicet
1895 4072 1998 4126 im-

2099 3881 2166 3957 ἦν
2195 3904 2326 3940 ποτε
2359 3887 2673 3955 Αἰγυπτίοις
2697 3886 3107 3959 δεδουλωμένος,
3131 3887 3226 3940 καὶ
3257 3891 3324 3959 τῇ
3361 3888 3528 3959 πλάνῃ
3558 3888 3643 3957 τῆς

2098 3975 2475 4046 Αἰγυπτιακῆς
2498 3976 2934 4049 εἰδωλολατρείας
2961 3978 3270 4048 ὑπηγμένος
3287 3996 3301 4009 ο
3332 3977 3446 4031 ἀλλ’
3471 3979 3642 4050 εἴργα-

2100 4084 2222 4120 σται
2244 4067 2384 4138 ὑπὲρ
2415 4068 2591 4120 αὐτῶν
2613 4070 2640 4120 6
2663 4065 2792 4131 Θεὸς
2823 4067 3032 4137 μεγάλα
3059 4070 3153 4122 καὶ
3180 4068 3405 4141 φοϐερὰ,
3430 4067 3644 4140 πληγαῖς

441 4159 626 4213 missis
665 4159 836 4230 plagis
867 4158 1149 4231 Egyptios
1194 4163 1532 4228 verberasse,
1579 4163 1866 4233 ipsumque
1901 4179 1997 4234 po-

2107 4160 2199 4230 μὲν
2227 4162 2355 4224 τοὺς
2383 4161 2710 4230 Αἰγυπτίους
2739 4161 3018 4232 θεηλάτοις
3051 4162 3335 4233 μαστίξας,
3377 4163 3568 4224 αὐτοὺς
3595 4160 3646 4212 δὲ

441 4251 627 4317 pulum
658 4265 688 4303 a
715 4249 833 4304 dira
858 4253 1118 4308 servitute
1141 4253 1423 4310 liberasse.
1452 4255 1576 4310 Haec
1607 4259 1805 4325 quippe
1840 4264 1996 4311 erant

2107 4253 2192 4323 τῆς
2241 4254 2441 4325 πικρᾶς
2495 4253 2734 4318 δουλείας
2783 4255 3166 4326 ἐλευθερώσας.
3215 4255 3398 4309 Ταῦτα
3443 4256 3548 4327 γὰρ
3584 4252 3644 4326 ἦν

438 4340 706 4395 terribilia
738 4341 832 4397 Dei
856 4356 1048 4412 opera'
1079 4358 1255 4414 neque
1285 4353 1492 4400 tantum
1523 4360 1587 4400 ea
1609 4346 1683 4399 ibi
1707 4345 1872 4409 edita,
1897 4347 1992 4402 sed

2107 4343 2158 4396 τὰ
2191 4344 2396 4416 φοϐερὰ
2426 4345 2518 4399 τοῦ
2540 4346 2674 4398 Θεοῦ
2707 4345 2860 4417 ἔργα,
2884 4347 2945 4401 οῦ
2970 4348 3125 4419 μόνα,
3150 4347 3286 4401 ἀλλὰ
3308 4349 3402 4403 καὶ
3437 4350 3528 4402 ἐπὶ
3557 4347 3644 4416 τῆς

437 4429 600 4483 etiam
635 4431 690 4485 in
721 4432 859 4485 mari
891 4429 1074 4488 Rubro
1101 4451 1113 4487 :
1141 4448 1247 4504 quo
1278 4433 1333 4488 in
1365 4435 1572 4489 aridam
1600 4443 1828 4497 mutato,
1861 4451 1991 4492 suos

2107 4436 2365 4508 ὶαλάσσης
2391 4436 2489 4508 τῆς
2541 4438 2804 4510 Ἐρυθρᾶς
2825 4457 2838 4470 ο
2873 4440 2938 4510 ἢν
2970 4441 3050 4503 εἰς
3095 4440 3268 4511 ξηρὰν
3319 4439 3642 4512 μεταϐαλὼν,

435 4520 654 4591 quidem
686 4523 905 4593 eripuit,
948 4525 1145 4596 impios
1177 4541 1306 4581 vero
1345 4527 1399 4581 in
1448 4526 1774 4596 profundum
1805 4529 1987 4597 perni-

2107 4528 2315 4582 Ξιέσωσε
2362 4529 2460 4601 μὲν
2511 4529 2636 4594 τοὺς
2669 4531 2934 4595 οἰκείους,
2967 4533 3094 4596 τοὺς
3141 4532 3197 4587 δὲ
3250 4534 3462 4598 ἀσεϐεῖς
3505 4532 3643 4603 βυθῷ

437 4612 540 4667 ciei
569 4614 823 4683 coniecit.
864 4613 989 4673 Haec
1021 4616 1222 4680 edocti,
1249 4616 1411 4672 heusl
1443 4633 1560 4682 vos,
1597 4619 1792 4688 inquit,
1826 4619 1994 4674 confi-

434 4704 566 4768 dite,
607 4721 672 4760 ac
716 4706 922 4762 credite
964 4723 1087 4764 eum
1130 4709 1225 4780 qui
1274 4710 1403 4763 talia
1460 4724 1557 4779 pro
1605 4711 1843 4782 antiquis
1883 4712 1992 4768 illis

433 4805 687 4866 Operattis
715 4805 820 4862 est,
851 4813 960 4852 non
1001 4800 1259 4868 imparem
1292 4798 1533 4853 futurum
1565 4800 1632 4855 ad
1665 4802 1862 4856 similia
1892 4817 1991 4872 pro

432 4886 588 4940 vobis
620 4889 844 4957 agenda.
875 4875 1054 4954 Quare
1089 4909 1107 4941 ι
1138 4890 1314 4947 venite
1340 4899 1396 4947 et
1421 4891 1598 4947 videte
1625 4907 1789 4963 opera
1818 4891 1933 4960 Dei,
1965 4913 1984 4947 ι

433 4991 595 5046 quam
649 4979 910 5035 terribilis
962 4981 1033 5035 sit
1065 4999 1083 5032 ι
1112 4982 1169 5035 ἱη
1219 4982 1466 5038 consiliis
1503 4999 1602 5053 pro
1649 4986 1774 5040 ﬁliis
1815 4986 1990 5040 homi-

431 5083 584 5121 num.
618 5087 636 5116 ι
670 5067 949 5124 Convertit
977 5071 1140 5141 igitur
1174 5088 1323 5128 mare
1351 5073 1406 5127 in
1435 5073 1639 5129 aridam
1665 5093 1681 5142 ;
1708 5085 1762 5130 et
1790 5079 1843 5129 in
1867 5073 1990 5129 Jor-

431 5158 571 5215 dane
610 5158 776 5215 ﬂuvio
808 5162 912 5216 alia
953 5164 1197 5232 quaedam
1229 5164 1492 5220 terribilia
1528 5181 1693 5236 opera
1737 5167 1987 5237 designa-

431 5249 530 5311 vit,
578 5252 796 5321 quando
839 5252 1077 5309 demisso
1125 5253 1347 5311 ﬂumine
1390 5258 1618 5326 pedibus
1658 5259 1986 5327 pertransie-

432 5351 582 5404 runt,
610 5343 700 5412 qui
730 5359 797 5398 ex
837 5344 1052 5401 deserto
1080 5346 1146 5400 ad
1180 5346 1340 5414 istam
1369 5357 1570 5403 terram
1618 5359 1982 5404 accesserant.

430 5433 569 5500 ipsis
614 5434 779 5504 igitur
805 5436 1106 5507 iisdemque
1149 5439 1534 5496 calceamentis
1581 5442 1688 5504 usi,
1730 5441 1984 5498 conﬁdite

2091 4625 2400 4695 παρέδωκεν
2454 4625 2751 4691 ἀπωλείας.
2811 4628 2996 4682 Ταῦτα
3039 4629 3096 4683 δὲ
3161 4631 3518 4701 μανθάνοντες
3543 4669 3558 4692 ,
3601 4622 3642 4680 ὦ

2087 4710 2252 4783 οὗτοι,
2284 4719 2436 4790 φησὶ,
2462 4718 2732 4792 θαρσεῖτε,
2767 4721 3126 4786 πιστεύοντες,
3159 4723 3242 4776 ὃτι
3267 4726 3297 4777 ὁ
3321 4725 3390 4778 τὰ
3421 4723 3643 4778 τοσαῦτα

2088 4811 2462 4880 ἐργασάμενος
2499 4811 2592 4863 ὲπί
2627 4812 2736 4866 τῶν
2779 4811 3022 4865 παλαιῶν
3074 4813 3172 4866 οὐκ
3224 4813 3537 4886 ἀδυνατήσει
3579 4813 3642 4865 τὰ

2086 4900 2247 4970 ὅμοια
2276 4903 2372 4955 καὶ
2404 4905 2487 4972 ἐφ’
2521 4902 2676 4973 ὑμῶν
2705 4903 3172 4975 καταπράξασθαι.
3191 4904 3282 4957 Διὸ
3320 4924 3340 4956 ι
3374 4904 3520 4959 δεῦτε
3553 4921 3642 4957 και

2089 4989 2225 5043 ἴδετε
2252 4990 2320 5043 τὰ
2350 4991 2484 5063 ἔργα
2505 4993 2598 5046 τοῦ
2622 4993 2781 5058 Θεοῦ,
2807 5013 2825 5045 ι
2859 4995 2932 5057 ὡς
2962 4994 3189 5064 φοϐερός
3211 4995 3360 5048 ἐστιν
3395 5014 3412 5046 ι
3437 4995 3490 5047 ὲν
3522 4992 3642 5064 βου-

2086 5078 2205 5145 λαῖς
2236 5081 2377 5152 ὑπὲρ
2403 5082 2531 5146 τοὺς
2563 5084 2712 5147 υἱοὺς
2767 5083 2874 5138 τῶν
2904 5083 3224 5155 ἀνθρώπων.
3253 5103 3271 5135 ι
3304 5080 3636 5152 Μετέστρειξιε

2085 5172 2214 5242 γοῦν
2249 5172 2348 5243 τὴν
2382 5173 2652 5228 θάλασσαν
2682 5177 2762 5238 εἰς
2783 5175 2952 5248 ξηράν
2970 5194 2984 5207 ο
3014 5179 3106 5231 καὶ
3128 5178 3220 5230 ἐπὶ
3244 5177 3339 5231 τοῦ
3385 5175 3635 5246 Ἰορδάνου

2083 5267 2139 5320 δὲ
2169 5264 2410 5337 ποταμοῦ
2449 5266 2585 5321 ἄλλα
2622 5267 2746 5321 τινὰ
2777 5267 3000 5340 φοϐερὰ
3040 5267 3291 5338 θαύματα
3332 5266 3631 5338 εἰργάσατο,

2083 5362 2171 5415 ὅτε
2202 5360 2412 5433 διῆλθον
2445 5365 2560 5425 τοῖς
2595 5363 2780 5427 ποσὶν,
2815 5361 3206 5426 ὑποσταλὲντος
3235 5361 3331 5415 τοῦ
3374 5356 3627 5430 magna},

2083 5455 2130 5505 οἱ
2162 5453 2269 5507 ἀπὸ
2315 5453 2414 5523 τῆς
2463 5453 2666 5526 ἐρήμου
2718 5452 3003 5524 παριόντες
3046 5453 3139 5505 ἐπὶ
3178 5453 3332 5523 τήνδε
3380 5450 3470 5522 τὴν
3509 5449 3627 5519 γῆν.

431 5523 604 5592 ipsum
638 5524 802 5580 Deum
835 5529 1143 5599 spirituale‘s
1169 5531 1473 5604 Atgyptios,
1497 5534 1770 5589 daemones
1791 5549 1985 5604 nempe

2107 5543 2302 5605 Γούτοις
2332 5541 2397 5613 δὴ
2442 5523 2749 5606 οῦνναύτοῖς
2782 5523 3084 5612 ὑποδήμασι
3121 5542 3473 5613 χρησάμενοι.
3505 5539 3630 5610 θαρ-

429 5617 714 5687 malignos,
764 5619 858 5689 qui
902 5620 1056 5693 olim_
1081 5622 1293 5681 animas
1331 5632 1542 5681 vestras
1575 5628 1628 5680 in
1665 5627 1980 5683 servitutem

497 5791 542 5822 ⁵⁸
565 5789 763 5863 Ephes.
793 5809 852 5859 ιι,
884 5795 972 5852 Π.

2083 5634 2245 5698 σεῖτε,
2277 5631 2354 5696 ὡς
2395 5634 2488 5688 καί
2533 5634 2655 5699 τοὺς
2703 5634 2995 5706 ὑμετέρους
3041 5635 3263 5705 νοητοὺς
3287 5632 3624 5703 Αἰγυπτίους,
