3808 6280
189 366 283 423 653
382 421 391 429 .
1291 376 1789 436 COMMENTARIA
1829 381 1896 439 IN
1935 382 2272 442 PSALMOS.
3275 397 3378 454 654

187 480 427 551 δαίμονας
459 482 723 554 πονηροὺς
747 522 762 549 ,
793 485 917 549 τοὺς
967 487 1128 541 πάλαι
1180 492 1691 550 καταδυναστεύοντι

1902 497 2179 570 digebant,
2214 502 2588 573 expulsurum.
2626 506 2851 565 Etiamsi
2886 528 3033 570 mare
3065 514 3201 571 illud
3230 517 3404 574 homi-

186 570 280 624 τῶν
320 571 594 643 ὑμετέρων
623 573 828 643 ψυχῶν,
858 577 1119 633 ἀπελάσει
1156 582 1185 633 6
1215 582 1377 647 αὐτὸς
1423 586 1572 650 Θεὸς.
1618 586 1690 641 Κὸ

1904 605 1968 644 ιω
2002 589 2258 650 ﬂuctibus
2283 570 2631 665 intumescat,
2656 601 2873 657 etiamsi
2905 605 3188 664 atheorum
3217 617 3272 666 et
3303 612 3408 668 im-

182 662 403 736 κυμαίνῃ
440 662 496 715 δὲ
532 666 563 735 ή
605 665 713 717 τῶν
756 667 1059 738 ἀνθρώπων
1094 670 1368 739 Θάλασσα,
1416 678 1519 732 κᾶν
1552 681 1579 732 6
1625 678 1686 732 τᾶ

1895 695 2051 736 orum
2102 699 2275 754 genus
2312 683 2512 744 ﬂuctus
2560 697 2615 747 et
2662 692 2905 762 pericula
2935 697 3089 755 vobis
3141 703 3399 769 suscitet;

178 754 337 808 ἀθέων
394 757 490 809 καὶ
542 758 753 814 ἀσεϐῶν
807 761 921 831 βίος
977 763 1250 831 κλύδωνας
1305 769 1400 823 καὶ
1459 771 1682 826 κινδύνοι

1897 772 2091 828 ιηίίἀίιθ
2119 781 2323 841 tamen,
2370 792 2494 832 cum
2526 754 2831 853 exemplum
2861 786 3015 843 vobis
3042 754 3401 862 conspicuum

176 846 345 919 ἐγείρῃ
379 847 501 901 καθ’
535 850 685 920 ὑμῶν
711 868 724 882 ·
761 852 1008 926 Θαρσεῖτε
1047 857 1223 928 ὑμεῖς,
1259 861 1486 934 ἐναργὲς
1518 863 1680 935 ἔχοντι

1896 863 2113 933 l‘eratur,
2144 881 2297 924 mare
2320 870 2532 926 scilicet
2556 874 2684 928 olim
2718 892 2938 933 versum
2965 880 3021 935 in
3054 883 3281 942 aridam.
3307 886 3400 944 Sic

176 937 461 1009 ὑπόδειγμα
479 940 578 1013 τὴν
599 942 765 999 πάλαι
789 951 1115 1018 στραφεῖσαν
1149 950 1419 1009 θάλασσαν
1435 957 1513 1021 εἰς
1535 957 1680 1029 ξηρά

1894 960 2030 1030 ιίρρο
2055 960 2212 1018 vobis
2237 965 2543 1034 expeditus.
2583 982 2648 1024 ac
2692 971 2844 1026 nullo
2875 973 3032 1031 obice
3068 976 3398 1039 interclusus

174 1029 339 1095 Οὑτως
379 1032 486 1105 γὰρ
514 1035 606 1087 καὶ
663 1036 791 1108 ὑμῖν
821 1041 995 1113 ὁμαλή
1024 1060 1106 1107 τις
1152 1043 1304 1099 ἔσται
1324 1086 1339 1112 ,
1389 1049 1483 1101 καὶ
1513 1049 1678 1122 ἀπαρι

1894 1029 1936 1105 it
1951 1029 2020 1107 ab
2053 1068 2240 1109 errore
2279 1029 2347 1110 ad
2383 1058 2665 1115 veritatem
2695 1064 2982 1122 transitus.
3013 1065 3172 1135 Quod
3204 1072 3248 1127 si
3276 1070 3398 1128 Jor-

173 1120 454 1193 πὸδιστοςή
489 1124 596 1177 ἀπὸ
630 1127 730 1197 τῆς
774 1127 981 1201 πλάνης
1011 1132 1147 1203 πρὸς
1176 1133 1273 1207 τὴν
1315 1136 1570 1208 ἀλήθειαν
1607 1120 1677 1196 διό

1891 1160 2019 1199 nem
2041 1144 2264 1203 ﬂuvium
2292 1149 2503 1219 antiqui
2534 1151 2611 1207 illi
2634 1153 3009 1227 inexspectato
3023 1120 3192 1218 modo
3214 1170 3395 1220 trans-

171 1211 325 1277 ϐασις.
356 1215 418 1268 Εἰ
459 1216 519 1269 δὲ
552 1218 646 1272 καὶ
678 1221 921 1292 ποταμόν
950 1240 1078 1277 ποτε
1118 1225 1211 1279 τὸν
1247 1227 1515 1303 Ἰορδάνην
1545 1250 1675 1305 παρα

1889 1243 2038 1303 runt;
2094 1245 2151 1292 at
2190 1254 2288 1295 vos
2337 1256 2557 1313 quoque
2604 1243 2709 1302 b'oc
2751 1211 3001 1321 eaemplo
3043 1251 3393 1326 Evangelium

170 1303 313 1371 δόξως
348 1306 558 1379 διῆλθον
591 1311 641 1363 οί
694 1312 935 1380 παλαιοὶ,
966 1317 1100 1371 ἀλλὰ
1132 1320 1229 1373 καὶ
1272 1321 1429 1393 ὑμεῖς
1473 1303 1674 1381 ἐντεῦ-θι

1882 1328 2079 1399 :cipite,
2112 1303 2523 1405 scientes-quod
2553 1344 2668 1392 tum
2710 1354 2813 1394 nos
2847 1303 2951 1410 ipsi
2989 1343 3083 1414 qui
3115 1303 3231 1401 haec
3256 1344 3386 1403 dici-

169 1397 249 1470 ἤδη
280 1399 717 1471 εὑαγγελίζεσθε,
755 1406 1134 1476 γινώσκοντες,
1172 1414 1255 1467 ὅτι
1290 1416 1450 1487 ἡμεῖς
1486 1419 1639 1475 αὑτοὶ
1670 1446 1673 1467 ι

1882 1397 1964 1485 us,
1991 1427 2108 1475 tum
2140 1437 2238 1480 vos
2258 1426 2351 1494 qui
2377 1397 2602 1492 auditis,
2641 1448 2659 1481 ι
2685 1429 2761 1484 ibi
2792 1397 3099 1489 laetabimur
3127 1434 3183 1490 in
3201 1435 3342 1507 ipso.
3366 1454 3386 1490 ι

169 1488 313 1543 ταῦτα
339 1490 587 1559 λέγοντες
617 1497 711 1549 καὶ
734 1497 890 1569 ὑμεῖς
911 1500 961 1553 οί
983 1502 1273 1570 ἀκούοντες
1304 1526 1323 1559 ι
1350 1509 1465 1563 ἐκεῖ
1484 1512 1673 1585 εὑφραγ

1884 1511 1917 1573 i,
1959 1512 2171 1571 scilicet
2210 1515 2266 1570 in
2298 1526 2601 1574 memorato
2628 1518 2824 1576 ﬂuvio.’
2853 1522 2969 1579 Erit
2997 1488 3388 1596 tempusjerit,

167 1580 415 1684 θησόμεθα
446 1585 507 1638 ἐν
534 1586 703 1658 αὑτῷ.
760 1609 779 1642 ι
817 1592 981 1657 Ἐκεῖ,
1003 1595 1202 1669 δηλαδὴ
1234 1599 1291 1654 ἐν
1311 1600 1390 1671 τῷ
1425 1580 1671 1674 μνησθένι

1885 1616 2062 1672 quam,
2102 1619 2213 1675 quo
2239 1621 2338 1661 ceu
2369 1606 2437 1661 ad
2482 1610 2790 1665 convivium
2835 1622 3161 1685 apparantes
3208 1633 3287 1683 se,
3321 1619 3389 1675 ad

167 1672 382 1744 ποταμῷ.
426 1676 624 1731 Ἔσται
660 1678 789 1752 γὰρ,
821 1680 976 1737 ἔσται
1004 1686 1213 1758 καιρὸς,
1250 1689 1375 1743 καθ’
1411 1691 1490 1758 ὃν,
1520 1672 1671 1750 Ῠῶσπε

1884 1711 2089 1752 racrum
2123 1700 2549 1770 regenerationis
2588 1704 2870 1769 accedent,
2906 1706 2975 1762 ad
3016 1710 3299 1780 mysticam
3330 1713 3388 1767 in

165 1765 228 1827 εἰς
252 1766 541 1837 συμπόσιον
584 1775 1158 1849 παρασκευαζόμενοι,
1195 1782 1288 1834 ἐπὶ
1331 1783 1557 1857 λουτροῦ
1607 1808 1669 1844 πο

1880 1787 2051 1843 rdane
2089 1787 2256 1843 ﬂuvio
2295 1791 2659 1863 peragendam
2691 1794 2937 1849 sordium
2981 1802 3380 1870 purgationem,

162 1856 468 1923 λιγγενεσίας
501 1862 904 1935 ἀπαντήσουσιν
950 1872 1030 1935 είς
1080 1873 1179 1945 τὴν
1230 1875 1288 1928 ἐν
1332 1876 1410 1947 τῷ
1465 1853 1666 1951 ’Ἰορδάν

1873 1877 1905 1931 Ii
1934 1878 2002 1933 ab
2044 1853 2364 1951 Egyptiaco
2395 1853 2585 1938 errore
2626 1883 2838 1940 liberati
2886 1853 3035 1942 sunt.
3082 1853 3178 1947 {iis
3211 1853 3377 1962 porro

161 1949 359 2021 ποταμῷ
387 1957 660 2027 μυστικὴν
690 1958 1066 2033 ἀποκάθαρσιν
1104 1966 1153 2018 οἱ
1188 1968 1287 2037 τῆς
1330 1949 1665 2039 Δίγυπτιακῐ

1876 1949 2459 2042 gniﬁcaturlavacrum
2500 1978 2949 2047 regenerationis,
2986 1981 3131 2051 quod
3160 1949 3230 2039 ab
3256 1984 3380 2039 Jor—

159 2040 572 2116 ελευθερούμενοι
618 2050 842 2121 πλάνης.
899 2055 1160 2126 Σημαίνει
1206 2058 1263 2112 δὲ
1311 2061 1400 2117 διὰ
1442 2064 1646 2120 τούτων

1878 2040 1947 2121 ne
1995 2064 2159 2122 ﬂuvio
2224 2070 2446 2140 incepit,
2507 2040 2631 2124 cu'm
2681 2069 2920 2129 Joannes
2979 2040 3223 2145 Daptista
3282 2076 3382 2133 Juo

157 2133 283 2238 λόγος
302 2135 359 2189 τὸ
390 2136 619 2213 λουτρὸν
648 2143 744 2213 τῆς
777 2145 1216 2215 παλιγγενεσίας,
1262 2152 1567 2226 ἀρξάμενον
1598 2160 1661 2213 ἅτ

1872 2172 1974 2212 eam
2006 2171 2373 2229 percurreret,
2402 2163 2704 2232 praedicans
2744 2164 3075 2235 baptismum
3104 2169 3376 2238 poeniten-

157 2225 225 2280 τοῦ
251 2230 499 2301 Ἰορδάνου
521 2237 791 2307 ποταμοῦ,
817 2240 1053 2310 ὁπηνίκα
1074 2244 1103 2295 ό
1123 2225 1431 2318 Βαπτιστὴς
1457 2251 1661 2306 Ἰωάνντ

1873 2264 1912 2313 e,
1947 2265 2246 2322 omnesque
2274 2268 2400 2308 cum
2430 2253 2651 2311 Graecos
2685 2263 2799 2311 tum
2830 2255 3048 2315 Judaeos
3069 2260 3377 2317 admitteret

152 2320 196 2374 ὲν
226 2325 282 2391 τῇ
313 2324 502 2397 ἐρήμῳ
546 2328 645 2399 τῆς
701 2330 957 2397 Ἰουδαίας
998 2335 1235 2406 παρῄει,
1267 2340 1558 2411 κηρύσσων
1603 2344 1656 2415 βό

1920 2344 2326 2401 confessionem
2384 2347 2709 2405 delictorum
2737 2368 2751 2404 :
2778 2366 2902 2405 cum
2950 2355 3068 2422 ipse
3120 2352 3377 2411 Servator

152 2427 326 2483 πτισμα
358 2421 670 2486 μετανοίας,
700 2426 956 2493 προσίετό
981 2445 1040 2480 τε
1069 2427 1276 2493 πάντας
1306 2430 1573 2505 Ἕλληνας
1606 2454 1656 2491 κε

1884 2434 2147 2492 Dominus
2166 2446 2355 2495 noster
2377 2445 2585 2506 astans,
2611 2440 2789 2511 ipsum
2818 2421 3043 2498 ﬂuvium
3066 2444 3252 2499 divino
3274 2462 3377 2504 suo

158 2502 410 2571 Ἰουδαίους
427 2510 522 2562 ἐπὶ
553 2513 651 2584 τὴν
674 2515 1058 2589 ἐξομολόγησιν
1078 2520 1185 2575 τῶν
1201 2502 1662 2597 παραπτωμάτων

1870 2527 1946 2581 itu
1993 2526 2253 2599 dignatus
2280 2536 2385 2585 est.
2430 2502 2775 2602 Quapropter
2804 2548 2972 2604 supra
2993 2533 3201 2589 dictum
3240 2544 3325 2592 est

152 2595 217 2698 ὁτε
243 2598 327 2650 καὶ
376 2600 540 2665 αὑτὸς
569 2605 597 2656 ὁ
646 2605 836 2679 Σωτὴρ
884 2610 979 2662 καὶ
1020 2610 1226 2683 Κύριος
1270 2614 1425 2684 ἡμῶν
1469 2595 1656 2673 ἐπιστᾶ

1867 2618 1929 2673 lbi
1965 2595 2273 2675 laetabimur
2306 2621 2361 2676 in
2410 2595 2601 2691 ipsa-»
2638 2595 2795 2680 ﬁnde
2834 2595 2893 2679 et
2924 2625 3122 2682 merito
3155 2628 3371 2698 quidem

153 2685 217 2739 τὸν
243 2690 390 2744 αὑτὸν
424 2693 735 2765 κατηξίωσε
760 2700 1003 2772 ποταμὸν
1032 2704 1132 2774 τῆς
1158 2703 1343 2777 θεῖκῆς
1368 2707 1533 2762 αὑτοῦ
1570 2712 1657 2765 ἐπι

1864 2726 1936 2766 em
1976 2711 2329 2782 propheticus
2368 2685 2616 2783 Spiritus,
2665 2715 2757 2770 ubi
2801 2714 3020 2773 deserto
3049 2732 3145 2788 per
3172 2685 3368 2777 lsaiam

148 2778 343 2847 δάσεως.
387 2787 475 2839 Διὸ
507 2790 574 2842 ἐν
612 2794 725 2855 τοῖς
768 2796 1146 2867 προκειμένοις
1172 2798 1451 2856 λέλεκται·
1488 2821 1507 2855 ι
1548 2804 1652 2858 Ἕκε

1862 2778 2314 2867 ista—denuntiat,
2349 2778 2524 2874 ipsius
2570 2803 2828 2863 Iordanis
2859 2778 3191 2865 mentionem
3237 2809 3366 2867 facit

146 2875 600 2951 εὑφρανθησόμεθα
633 2884 691 2937 ἐν
723 2886 891 2957 αὑτῷ.
942 2908 962 2940 ι
1000 2889 1189 2945 Ἔνθεν
1217 2894 1441 2959 εἰκότως
1467 2895 1529 2949 τὸ
1560 2898 1650 2951 αὑτ

1855 2910 1978 2951 cens
2004 2915 2016 2949 :
2046 2915 2065 2946 ι
2095 2894 2325 2961 Laetare,
2357 2897 2634 2954 desertum
2677 2900 2906 2969 sitiens;
2937 2899 3036 2956 sed
3067 2902 3236 2957 etiam
3263 2918 3359 2959 ex-

147 2971 442 3060 προφητικὸν
472 2974 694 3047 πνεῦμα
730 2976 820 3032 διὰ
851 2981 1072 3036 Ἡσαΐου
1099 2982 1198 3054 τὴν
1224 2984 1429 3057 ἔρημον
1460 2988 1651 3059 εὑαγγε

1861 2988 1952 3042 Itet
1998 2988 2258 3054 solitudo,
2292 2996 2348 3044 et
2385 2988 2575 3045 ﬂoreat
2615 2993 2775 3060 quasi
2824 2993 3000 3047 lilium
3029 3011 3042 3047 :
3075 3000 3130 3050 et
3152 2993 3365 3051 eﬂlore-

142 3056 382 3130 λιζόμενον
406 3066 498 3118 καὶ
530 3067 699 3121 αὑτοῦ
733 3072 954 3142 μνήμην
978 3056 1266 3147 πεποίηται
1293 3056 1389 3132 τοῦ
1424 3056 1646 3152 Ἰορδάνο

1860 3089 1943 3134 ent
1965 3087 2020 3136 et
2042 3080 2395 3136 exsultabunt
2412 3056 2926 3139 deserta-Iordanis.
2945 3084 3364 3153 Confortamini,

142 3150 271 3252 λέγον
287 3170 298 3182 ·
333 3173 350 3203 ι
381 3157 757 3231 Εὐφράνθητι,
787 3161 991 3235 ἔρημος
1029 3165 1256 3237 διψῶσω
1281 3169 1397 3224 ἀλλ’
1430 3150 1646 3241 ἀγαλλιό

1858 3188 1985 3228 unus
2031 3174 2273 3229 remissae
2314 3182 2368 3230 et
2420 3190 2597 3246 genua
2628 3176 2933 3242 dissoluta;
2979 3177 3362 3245 consolamini,

140 3240 229 3337 σθω
251 3244 458 3319 ἔρημος,
476 3250 576 3304 καὶ
598 3253 827 3309 άνθείτω
844 3256 918 3320 ὡς
944 3257 1146 3329 κρίνον·
1177 3260 1271 3313 καὶ
1292 3240 1574 3335 ἐξανθήσει
1593 3284 1644 3319 κι

1860 3266 1888 3319 ιί
1926 3276 2103 3321 mente
2131 3240 2509 3337 pusillanimes
2544 3269 2702 3324 estis.
2742 3267 3165 3336 Confortamini,
3196 3272 3364 3328 nolite

138 3334 481 3433 άγσλλιάσεται
500 3344 576 3397 τὰ
591 3344 770 3417 ἔρημα
785 3348 877 3403 τοῦ
894 3350 1177 3423 Ἰορδάνου.
1197 3334 1492 3425 Ἰσχύσατε,
1509 3362 1642 3432 χεῖρε

1859 3372 2008 3414 nere.
2051 3334 2192 3414 Ecce
2232 3357 2377 3415 Deus
2408 3367 2596 3416 noster
2627 3359 2897 3430 judicium
2929 3334 3221 3417 retribuit:
3248 3363 3363 3433 ipse

136 3426 395 3500 ἀνειμέναι,
428 3439 523 3491 καὶ
549 3439 748 3506 γόνατα
787 3443 1235 3515 παραλελυμένα·
1267 3426 1640 3521 παρακαλέσαι

1858 3453 1974 3507 niet
2002 3460 2057 3507 et
2085 3451 2316 3507 salvabit
2343 3467 2464 3508 nos.
2500 3451 2655 3508 Tunc
2684 3453 2998 3523 aperientur
3021 3454 3169 3508 oculi
3193 3470 3361 3508 caeco-

136 3520 466 3616 οίόλιγόᾲυχοι
487 3532 559 3601 τῇ
578 3531 803 3603 διανοίᾳ.
822 3530 1117 3604 Ἰσχύσατε,
1140 3539 1214 3610 μὴ
1228 3520 1495 3608 φοϐεῖσθε.
1515 3546 1640 3600 Ἰδοὺ

1859 3559 1934 3608 m,
1970 3550 2023 3599 et
2055 3557 2218 3599 aures
2239 3542 2528 3599 surdorum
2560 3545 2802 3599 audient.
2840 3542 2996 3599 Tunc
3022 3545 3181 3601 saliet
3200 3546 3359 3616 quasi

135 3611 239 3678 Θεὸς
253 3618 400 3688 ἡμῶν
418 3621 603 3691 κρίσιν
620 3623 1075 3682 ἅνταποδέδωκεψ
1099 3632 1259 3697 αὑτὸς
1277 3633 1396 3705 ἥξει
1412 3637 1504 3690 καὶ
1518 3636 1639 3696 σώσι

1854 3646 1982 3687 rvus
2009 3631 2258 3696 claudus,
2292 3640 2347 3686 et
2379 3633 2563 3704 lingua
2595 3633 3009 3689 baibutientium
3040 3633 3190 3689 clara
3214 3611 3355 3689 erit:

135 3707 270 3777 ἡμᾶς.
297 3712 423 3765 Τότε
452 3714 866 3787 ἀνοιχθήσονται
893 3718 1159 3793 ὀφθαλμοὶ
1190 3725 1426 3795 τυφλῶν,
1451 3730 1544 3782 καὶ
1566 3725 1639 3785 ὧτ

1852 3723 1915 3778 lia
1948 3732 2142 3793 erupta
2174 3736 2257 3780 est
2295 3724 2351 3778 in
2372 3724 2589 3780 deserto
2611 3739 2774 3794 aqua,
2805 3734 2859 3778 et
2888 3733 3102 3780 torrens
3129 3725 3183 3779 in
3209 3734 3356 3780 terra

133 3800 298 3867 κωφῶν
322 3804 665 3860 ἀκούσονται.
698 3808 830 3862 Τότε
860 3810 1064 3867 ἁλεῖται
1090 3813 1164 3879 ὡς
1191 3816 1386 3887 ἔλαφος
1430 3822 1459 3873 ό
1483 3822 1637 3891 χωλὸς

1849 3816 1990 3869 '.ienti
2015 3815 2081 3867 ⁸⁸.
2122 3834 2142 3867 ι
2174 3813 2251 3870 De
2278 3814 2381 3869 hoc
2410 3816 2651 3885 loquitur
2685 3815 2740 3869 in
2771 3816 3024 3884 praesenti
3050 3830 3064 3869 :
3099 3835 3117 3867 ι
3148 3816 3227 3871 lbi
3264 3818 3353 3872 lte-

132 3893 206 3944 καὶ
230 3896 386 3968 τρανὴ
418 3897 576 3951 ἔσται
610 3898 832 3967 γλῶσσα
871 3903 1174 3973 μογιλάλων
1199 3923 1212 3936 ·
1246 3908 1326 3961 ὅτι
1358 3911 1567 3982 ἐρράγη
1615 3914 1636 3966 ἐ

1844 3906 2020 3962 bimur
2050 3906 2105 3959 in
2136 3905 2276 3975 ipso.
2310 3924 2328 3956 ι
2368 3904 2501 3970 Quae
2532 3906 2587 3959 in
2621 3904 2809 3960 divino
2841 3903 3148 3961 Servatoris
3173 3908 3348 3963 nostri

130 3986 180 4054 τῇ
204 3987 374 4059 ἐρήμῳ
396 3990 545 4060 ὕδωρ
566 4031 579 4053 ,
613 3995 706 4047 καὶ
735 3994 952 4067 φάραγξ
980 3997 1038 4049 ὲν
1060 4000 1130 4070 γῇ
1160 3998 1386 4073 διψώσῃ.
1412 4022 1430 4053 ι
1458 4004 1634 4077 Ταύτη

1846 4043 1848 4050 .
1891 3996 2140 4052 homines
2191 3996 2426 4052 adventu
2483 3996 2705 4067 impleta
2751 4004 2901 4052 sunt.
2937 3995 3094 4052 Unde
3144 3999 3350 4054 merito

128 4074 423 4139 δωλὲλεκται
467 4088 564 4140 ἐπὶ
594 4087 689 4141 τοῦ
730 4061 1027 4160 παρόντος·
1067 4061 1272 4146 ιηἘκεῖ
1302 4061 1632 4169 εῦφρανθησι

1842 4103 2019 4144 assens
2046 4089 2290 4160 psalmus
2310 4104 2499 4145 omnes
2519 4097 2708 4159 gentes
2730 4090 3069 4160 compellans
3093 4089 3305 4146 dicebat
3332 4110 3346 4150 :

130 4170 243 4239 μεθα
271 4176 324 4229 ἐν
351 4178 498 4250 αὑτῷ
522 4197 536 4209 ·
572 4200 590 4232 ι
624 4180 659 4234 ἃ,
689 4181 753 4252 δὴ
783 4182 1086 4255 ἐπληροῦτο
1118 4184 1260 4239 κατὰ
1291 4188 1390 4259 τὴν
1423 4189 1519 4243 τοῦ
1559 4190 1634 4244 Σω

1844 4179 2023 4238 Venite
2060 4190 2115 4237 et
2148 4182 2330 4237 videte
2374 4196 2541 4252 Opera
2574 4180 2702 4247 Dei;
2735 4200 2754 4233 ι
2788 4196 2854 4237 ac
2899 4198 3122 4239 rursum
3152 4202 3165 4239 :
3203 4203 3222 4237 ι
3252 4183 3348 4237 Βι-

126 4262 263 4335 τῆρος
291 4269 441 4340 ἡμῶν
474 4274 557 4336 εἰς
579 4272 896 4344 ἀνθρώπους
926 4275 1261 4345 θεοφάνειαν.
1299 4280 1489 4334 Ἔνθεν
1526 4282 1630 4335 είκέ

1842 4292 1883 4331 .e
1928 4274 2039 4331 Deo
2080 4275 2299 4341 :Quam
2350 4274 2613 4330 terribilia
2659 4284 2790 4329 sunt
2840 4290 3005 4346 opera
3062 4278 3185 4331 tua!
3219 4296 3239 4331 ›
3284 4276 3346 4333 Et

125 4369 212 4417 τως
232 4357 258 4409 ό
291 4361 475 4432 παρὼν
508 4361 727 4432 ψαλμὸς
759 4362 931 4417 ἆπασι
962 4368 1078 4429 τοῖς
1110 4367 1287 4422 ἔθνεσι
1328 4371 1629 4441 προσφωνῶ

1842 4367 1928 4422 lde
1960 4376 2360 4438 consequenter
2388 4375 2678 4439 postquam
2706 4367 2951 4423 dixerat:
2988 4386 3006 4421 ι
3040 4369 3119 4424 lbi
3150 4370 3346 4425 letabi-

124 4446 279 4517 E'ts‘re'
318 4474 334 4506 ι
363 4456 530 4509 Δεῦτε
581 4458 675 4510 καὶ
719 4457 853 4511 ἴδετε
882 4458 954 4512 τὰ
1002 4460 1139 4532 ἔργα
1185 4461 1279 4515 τοῦ
1311 4463 1477 4517 Θεοῦ·
1510 4484 1529 4516 ι
1570 4483 1628 4518 κο

1842 4476 1894 4514 1r
1936 4461 1991 4515 in
2025 4461 2168 4531 ipso,
2199 4481 2218 4513 ι
2256 4461 2460 4516 infert:
2499 4480 2517 4513 ι
2553 4459 2656 4527 Qui
2686 4461 3000 4517 dominatur
3047 4463 3105 4517 in
3147 4462 3346 4518 virtute

125 4541 283 4597 πάλιν·
314 4566 331 4599 ι
362 4548 567 4602 Εἴπατε
589 4549 667 4620 τῷ
696 4550 813 4621 Θεῷ
829 4568 841 4581 ο
886 4553 973 4615 Ὡς
998 4553 1206 4625 φοϐερὰ
1232 4554 1303 4608 τὰ
1326 4555 1460 4628 ἔργα
1486 4561 1610 4611 σουε

1837 4554 1984 4608 :culo.
2019 4572 2037 4604 ι
2094 4552 2152 4607 Id
2191 4568 2409 4623 quoque
2459 4568 2626 4622 porro
2656 4552 2948 4624 intelligas,
2998 4551 3341 4608 Servatorem

124 4634 303 4709 Σφόδρα
323 4640 376 4694 δὲ
402 4640 711 4705 ἀκολούθως
729 4644 897 4698 εἰπών
915 4661 928 4674 ·
959 4663 977 4697 ι
1014 4646 1162 4699 Ἐκεῖ
1180 4647 1623 4720 εὑφρανθησόμεθ

1842 4644 1994 4700 diens
2019 4644 2289 4699 dicentem
2322 4662 2335 4698 :
2375 4660 2394 4694 ‹
2425 4641 2560 4696 Data
2602 4652 2686 4699 est
2721 4642 2853 4695 mihi
2885 4641 3068 4698 omnis
3095 4650 3342 4712 potestas

122 4727 171 4779 ἐν
197 4730 347 4801 αὑτῷ,
376 4752 394 4785 ι
435 4734 688 4806 ἐπιφέρει
709 4753 720 4767 ·
747 4750 764 4787 ι
798 4736 879 4807 Tt;
938 4736 1252 4801 δεσπόζοντι
1302 4740 1361 4793 ἐν
1406 4742 1472 4811 τῇ
1506 4740 1626 4793 δυνο

1850 4734 1990 4790 οωιο
2017 4744 2073 4790 et
2099 4736 2154 4789 in
2187 4743 2353 4790 terra.
2382 4734 2588 4791 Euntes
2618 4734 2809 4790 docete
2848 4749 3040 4790 omnes
3069 4741 3259 4805 gentes
3285 4734 3338 4788 in

123 4822 251 4892 στείᾳ
306 4824 467 4880 αὑτοῦ
500 4827 595 4881 τοῦ
646 4827 861 4891 αἰῶνος.
907 4848 926 4880 ι
964 4830 1198 4901 Νοήσεις
1250 4830 1305 4884 δὲ
1360 4833 1453 4885 καὶ
1507 4832 1627 4886 τοῦτ

1831 4829 1985 4884 lmine
2031 4844 2155 4884 meo
2179 4829 2246 4882 ⁸ο.
2280 4847 2300 4880 ι
2334 4828 2517 4894 Quare
2567 4827 2870 4883 secundum
2912 4825 3165 4897 Aquilam
3197 4826 3335 4881 diei-

122 4911 261 4967 αὐτοῦ
290 4914 533 4985 λέγοντος
562 4919 775 4973 ἀκούων
813 4919 907 4973 τοῦ
954 4922 1232 4994 Σωτῆρος⁶
1266 4942 1285 4973 ί
1329 4923 1514 4994 Ἐδόθη
1572 4942 1626 4993 με

1832 4919 1888 4976 r:
1920 4941 1938 4973 ι
1970 4920 2076 4987 Qui
2109 4929 2429 4992 potestatem
2460 4920 2624 4975 habet
2664 4918 2719 4974 in
2744 4919 2945 4974 virtute
2975 4934 3073 4973 sua
3106 4934 3203 4988 per
3233 4935 3336 4974 sae-

120 5004 245 5059 πᾶσα
266 5006 472 5072 ἐξουσία
497 5013 553 5065 ἐν
578 5010 789 5083 οὑρανῷ
810 5012 904 5064 καὶ
928 5014 1021 5066 ἐπὶ
1046 5013 1145 5084 τῆς
1168 5014 1270 5085 γῆς
1290 5030 1303 5044 ·
1338 5014 1624 5085 πορεύοντε

1836 5016 1967 5069 Ιυω.
1996 5033 2015 5066 ι
2058 5016 2210 5069 Alias
2243 5029 2460 5084 quoque
2487 5012 2791 5067 laetabimur
2830 5011 2885 5065 in
2921 5011 3059 5082 ipso,
3091 5011 3201 5080 jam
3234 5027 3334 5065 me-

124 5096 462 5169 μαθητεύσατε
492 5105 669 5159 πάντα
698 5106 768 5159 τὰ
823 5105 947 5178 ἔθνη
990 5108 1047 5159 ἐν
1087 5106 1166 5178 τῷ
1214 5107 1438 5178 ὀνόματί
1480 5125 1599 5178 μου.

1828 5108 1985 5162 oratis
2035 5106 2198 5162 bonis
2244 5105 2453 5161 donati.
2502 5104 2863 5170 Quandonam
2912 5104 3332 5167 exsultabimus,

121 5186 197 5239 Διὸ
223 5192 353 5245 κατὰ
377 5196 475 5265 μὲν
492 5196 582 5251 τὸν
598 5196 828 5251 Ἀκύλαν
856 5197 1069 5269 εἴρηται
1090 5214 1105 5228 ο
1136 5218 1154 5249 ι
1179 5197 1268 5269 Τῷ
1296 5197 1625 5263 ἐξουσιάζοντ

1830 5196 1864 5250 si
1890 5210 2014 5251 cum
2046 5194 2287 5250 futurum
2330 5194 2591 5249 sazculum
2624 5192 2927 5257 advenerit,
2975 5193 3137 5263 cujus
3166 5194 3334 5248 domi-

122 5275 247 5353 ὲντῇ
277 5283 554 5360 δυναστείᾳ
603 5289 766 5343 αὑτοῦ
807 5289 872 5343 δι’
904 5290 1118 5355 αἰῶνος.
1169 5310 1187 5343 ι
1237 5292 1345 5345 Καὶ
1382 5292 1557 5357 ἄλλως
1599 5292 1626 5345 δ

1824 5296 1946 5342 ltum
2000 5296 2056 5343 et
2102 5296 2425 5360 potestatem
2474 5287 2658 5342 nullus
2702 5286 2845 5342 alius
2897 5287 3185 5355 obtinebit,
3222 5288 3328 5342 nisi

122 5345 571 5450 εὔφρανθησόμεθα
611 5385 669 5436 ἐν
700 5382 849 5453 αὑτῷ
898 5382 1005 5435 τῶν
1048 5345 1459 5455 προειρημένων
1488 5345 1626 5437 κάτα

1825 5397 1848 5437 e
1873 5381 1965 5451 qui
1996 5345 2333 5437 dominatum
2359 5380 2579 5451 aIPatre
2614 5382 2862 5451 accepit?
2905 5380 3063 5437 Nunc
3098 5380 3243 5437 enim
3275 5382 3329 5437 in

125 5458 389 5533 ξιωθέντες.
420 5472 555 5525 Πότε
582 5474 638 5527 δὲ
680 5474 1197 5547 εὐφρανθησόμεθα,
1230 5476 1342 5528 ἀλλ’
1378 5475 1595 5529 ἐπειδὰν
1627 5502 1629 5518 ι

1826 5475 2007 5532 sescnti
2045 5476 2246 5531 saeculo
2279 5475 2620 5546 principatus
2646 5483 2775 5531 sunt
2813 5474 2993 5539 multi,
3028 5482 3330 5545 potestates

125 5556 307 5624 μέλλων
350 5565 542 5638 ἐπιστῇ
593 5569 727 5622 αἰὼν
750 5611 764 5633 ,
813 5562 874 5622 οῦ
921 5568 1017 5639 τὴν
1061 5568 1375 5623 δεσποτείαν
1411 5570 1507 5623 καὶ
1556 5569 1629 5640 τὴ⁴

1853 5567 2279 5633 dominationes,
2327 5567 2633 5638 spiritualia
2680 5568 2936 5640 nequitiae
2985 5574 3039 5622 et
3084 5576 3329 5623 rectores

124 5623 337 5716 ἐξουσίαν
366 5659 470 5711 οὐδ’
499 5623 680 5733 ἔτερος
706 5661 836 5728 ἕξει,
863 5662 896 5733 ἢ
930 5623 1089 5732 μόνος
1113 5661 1275 5725 αὐτὸς
1307 5664 1336 5715 6
1370 5663 1468 5728 τὴν
1498 5661 1627 5715 δυνα

1823 5656 1962 5710 undi.
2010 5654 2165 5711 Tunc
2222 5623 2375 5724 vero:
2418 5667 2712 5730 postquam
2765 5623 3055 5715 sustulerit
3109 5671 3327 5713 omnem

182 5827 338 5888 “lsa.
369 5851 525 5900 xxxv,
556 5839 576 5892 l
615 5840 668 5894 6.
747 5841 790 5872 '°
819 5838 1003 5893 Matth.
1041 5856 1234 5902 xxvm,
1274 5840 1360 5904 l8,
1396 5839 1471 5894 l9.
