3808 6280
434 364 540 420 655
1138 356 1410 415 EUSEBII
1447 355 1922 414 CESARIENSIS
1961 357 2112 415 OPP.
2151 356 2332 417 PARS
2372 358 2461 414 ill.
2490 385 2560 399 -—
2585 355 2993 415 EXEGETICA.
3205 413 3211 419 .
3560 367 3650 422 656

437 478 821 551 principatum,
870 483 1194 547 potestatem
1245 484 1300 532 et
1344 475 1622 541 virtutem,
1677 475 1796 548 ipse
1850 476 2002 533 solus

2123 477 2287 532 ττείαν
2332 477 2480 550 παρὰ
2511 477 2605 531 τοῦ
2635 477 2846 550 Πατρὸς
2895 476 3168 548 εἰληφὼς;
3207 477 3320 531 Νυν
3349 477 3445 549 μὲν
3470 479 3567 552 γὰρ
3604 485 3650 537 ἐν

436 571 722 642 imperium
761 567 1028 624 obtinebit
1079 566 1136 622 in
1184 569 1446 623 saeculum
1487 568 1643 634 illud,
1677 568 1733 623 in
1765 581 1876 640 quo
1918 567 2010 623 la:-

2123 569 2194 642 τῷ
2227 571 2453 643 παρόντι
2493 571 2650 626 αἰῶνι
2695 571 2859 642 ἀρχαὶ
2896 570 3123 634 πολλαὶ,
3167 571 3261 625 καὶ
3312 572 3537 638 ἐξουσίαι
3577 579 3653 629 καὶ

436 663 612 717 titiam
647 659 806 716 nobis
828 659 919 714 hic
953 675 1134 714 sermo
1166 659 1477 729 pollicetur.

2123 661 2470 734 κυριότητες,
2514 663 2611 716 καὶ
2643 662 2988 734 πνευματικὰ
3039 663 3302 734 πονηρίας
3347 663 3438 716 καὶ
3477 681 3653 736 κοσμο-

435 758 732 831 κράτορες’
768 757 889 810 τότε
909 757 986 821 δὲ,
1018 756 1106 810 ὅτε
1170 757 1496 828 καταργήσῃ
1530 755 1708 808 πᾶσαν
1743 754 1919 826 ἀρχὴν
1980 755 2075 811 καί⁸
2113 757 2361 822 ἐξουσίαν
2410 759 2509 821 ,καὶ
2557 757 2814 831 δύναμιν,
2864 758 3024 830 μόνος
3075 759 3236 824 αὐτὸς
3268 758 3546 834 ἐξουσιάσῃ
3577 763 3654 815 τοῦ

436 855 652 920 αἰῶνος,
682 855 740 908 ἐν
769 846 814 923 ᾧ
849 851 1243 922 ἐπαγγέλλεται
1283 854 1410 924 ἡμῖν
1443 855 1472 906 ό
1499 851 1686 924 παρὼν
1718 852 1875 922 λόγος
1915 854 2012 924 τήν
2052 855 2409 928 εὐφροσύνην.

507 968 676 1024 Vens.
708 968 825 1025 7-9.
871 986 890 1020 ι
921 967 1076 1024 Oculi
1105 968 1226 1038 ejus
1261 983 1428 1039 super
1454 977 1642 1041 gentes
1674 969 2009 1040 respiciunt:

439 1063 534 1134 qui
579 1068 903 1133 exasperant
937 1076 1050 1115 non
1077 1062 1389 1116 exaltentur
1426 1060 1481 1115 in
1516 1062 1848 1132 semetipsis.
1889 1060 2016 1117 Dia—

438 1157 670 1229 psalma.
698 1174 718 1208 »
746 1155 883 1212 Cum
915 1156 1171 1226 superius
1193 1156 1434 1226 gentium
1462 1154 1800 1210 vocationem
1834 1154 2019 1210 adum-

437 1247 642 1311 braret,
687 1246 998 1302 universam
1043 1256 1243 1303 terram
1289 1247 1592 1303 evocabat:
1620 1261 1798 1318 neque
1835 1255 2016 1302 tamen

437 1348 628 1412 gentes
661 1340 866 1396 diserte
905 1340 1266 1396 memoravit:
1295 1355 1443 1395 nunc
1492 1355 1621 1396 vero
1675 1340 2019 1412 apertissime

437 1434 694 1498 easdem,
759 1448 971 1488 necnon
1030 1433 1125 1489 Dei
1175 1433 1680 1490 reconciliationem
1740 1435 2008 1490 meminit.

2185 991 2205 1026 ι
2243 974 2307 1028 Oi
2335 973 2605 1046 ὀφθαλμοὶ
2641 973 2806 1028 αὑτοῦ
2836 973 2930 1028 ἐπὶ
2959 973 3027 1029 τὰ
3051 973 3178 1046 έθνη
3211 973 3595 1039 ἐπιϐλέπουσιν.
3614 979 3654 1030 οἰ

2112 1066 2639 1138 παραπικραίνοντες
2657 1066 2731 1138 μὴ
2743 1066 3095 1137 ύψούσθωσαν
3117 1071 3176 1122 ἐν
3201 1068 3430 1133 ἑαυτοῖς.
3447 1071 3655 1140 Διάιᾷαλο

2116 1175 2211 1229 μα.
2235 1157 2359 1212 »Διὰ
2387 1158 2494 1211 τῶν
2511 1158 2819 1231 ἔμπροσθεν
2833 1161 3276 1232 ἐπεσκιασμένως
3286 1162 3386 1233 τὴν
3396 1161 3496 1216 τῶν
3508 1162 3656 1217 ἐθνῶν

2115 1249 2302 1321 κλῆσιν
2335 1250 2710 1322 αἰνιξάμενος,
2745 1253 2926 1307 πᾶσαν
2953 1253 3049 1324 τὴν
3077 1253 3180 1325 γῆν
3219 1254 3431 1308 ἐκάλειθ
3461 1255 3515 1308 οὐ
3566 1256 3654 1327 μὴν

2115 1342 2302 1412 σαφῶς
2330 1342 2400 1396 τὰ
2420 1343 2547 1413 ἔθνη
2567 1361 2580 1374 ·
2609 1346 2726 1398 νυνὶ
2747 1345 2804 1398 δέ
2825 1345 3123 1399 λευκότατα
3147 1345 3255 1399 τῶν
3277 1346 3444 1400 ἐθνῶν
3477 1347 3655 1418 μέμνη-

2108 1449 2198 1487 ται
2223 1435 2318 1487 καὶ
2353 1433 2453 1504 τῆς
2491 1432 2584 1487 τοῦ
2606 1433 2742 1488 Θεοῦ
2761 1433 3092 1505 διαλλαγῆς.·
3115 1433 3237 1487 Ἐπὶ
3261 1434 3361 1504 μὲν
3411 1434 3512 1505 γὰρ
3563 1435 3654 1487 τῶν

438 1524 573 1580 Nam
602 1524 670 1580 de
699 1525 1080 1596 peccatoribus
1101 1523 1321 1595 quidem
1356 1525 1562 1580 dictum
1593 1532 1678 1581 est
1710 1543 1726 1581 :
1769 1543 1788 1576 ι
1818 1523 2016 1581 Averte

2123 1525 2526 1598 ἁμαρτανόντων
2553 1525 2798 1596 εἴρηταιο
2833 1541 2852 1576 σ
2891 1524 3254 1595 Ἀπόστρεψον
3294 1524 3358 1577 τὸ
3397 1525 3654 1595 πρόσωπόν

439 1619 633 1675 faciem
687 1627 836 1673 tuam
891 1633 921 1673 a
983 1618 1224 1689 peccatis
1278 1619 1516 1685 meis";
1556 1636 1575 1670 ι
1631 1633 1695 1672 ac
1749 1633 2011 1674 rursum:

2123 1635 2206 1672 σου
2252 1617 2362 1672 ἀπὸ
2391 1619 2500 1671 τῶν
2532 1618 2816 1690 ἁμαρτιῶν
2851 1633 2978 1690 μου·
3013 1636 3032 1670 ι
3065 1617 3162 1669 καὶ
3191 1615 3350 1670 πάλιν
3371 1632 3384 1645 ·
3436 1635 3456 1667 ι
3487 1617 3590 1670 Ἵνα
3613 1618 3654 1670 τί

443 1731 462 1764 ο
497 1712 679 1779 Quare
732 1712 926 1767 faciem
978 1721 1151 1775 tuam,
1220 1719 1274 1766 et
1321 1711 1601 1766 dexteram
1655 1717 1806 1767 tuam
1861 1725 2017 1766 aver-

2123 1709 2474 1781 Ξποστρέφεις
2503 1709 2562 1762 τὸ
2590 1710 2879 1781 πρόσωπόν
2915 1727 3007 1762 σου
3049 1709 3143 1762 καὶ
3170 1707 3268 1780 τὴν
3301 1706 3478 1772 δεξιάν
3504 1724 3650 1768 σου;ι

438 1807 612 1863 tis"?
640 1825 658 1859 ι
699 1815 748 1861 et
787 1807 985 1860 iterum
1012 1823 1025 1859 :
1057 1822 1076 1857 ι
1106 1803 1367 1860 Avertisti
1409 1811 1591 1858 autem
1624 1802 1824 1858 faciem
1861 1810 2012 1856 tuam

2123 1801 2209 1855 καὶ
2233 1801 2391 1855 πάλιν
2411 1817 2424 1832 ·
2460 1819 2479 1853 (
2521 1800 2889 1874 Ἀπέστρεψας
2918 1801 2974 1854 δέ
3004 1800 3064 1853 τὺ
3095 1799 3386 1870 πρόσωπόν
3431 1815 3515 1851 σου
3534 1839 3548 1862 ,
3579 1800 3657 1851 καὶ

439 1914 468 1953 a
500 1913 606 1963 me,
653 1904 707 1954 et
747 1895 923 1952 factus
973 1911 1093 1952 sum
1140 1895 1506 1951 conturbatus
1527 1894 1595 1950 ".
1633 1913 1651 1947 ι
1687 1893 1763 1950 De
1785 1895 1852 1950 iis
1884 1909 2015 1949 vero

2123 1895 2380 1967 ἐγενήθην
2409 1893 2829 1966 τεταραγμένος.
2853 1914 2871 1946 ι
2919 1893 3043 1947 Ἐπὶ
3073 1893 3130 1946 δὲ
3166 1892 3275 1946 τῶν
3303 1891 3505 1960 ἀγαθὰς
3528 1891 3658 1946 ἐλπί-

438 1992 530 2062 qui
565 1991 708 2046 bona
760 2004 857 2060 spe
905 1987 1163 2044 instructi
1218 1996 1347 2044 sunt
1392 1987 1602 2042 dictum
1653 1996 1776 2043 est:
1809 2007 1827 2039 ι
1859 1987 2016 2042 Oculi

441 2082 654 2138 Domini
698 2096 864 2151 super
889 2079 1093 2150 justos,
1138 2087 1193 2134 et
1233 2092 1396 2134 aures
1443 2079 1563 2148 ejus
1601 2078 1654 2132 in
1694 2092 1886 2148 preces
1929 2091 2020 2132 eo-

441 2190 559 2229 rum
581 2175 664 2243 “;
701 2193 718 2226 ι
753 2182 809 2229 et
851 2187 1072 2228 rursum
1101 2189 1114 2224 :
1150 2189 1168 2221 ι
1202 2170 1360 2225 Oculi
1408 2171 1487 2224 tui
1521 2169 1742 2226 videant
1782 2171 2016 2239 aequita-

440 2266 626 2334 tcs";
657 2283 678 2318 ι
726 2271 783 2320 et
826 2264 1026 2319 iterum
1067 2279 1083 2316 :
1130 2280 1147 2314 ι
1180 2261 1440 2332 Signetur
1483 2276 1651 2331 super
1695 2275 1799 2315 nos
1835 2260 2017 2314 lumen

441 2358 621 2412 vultus
655 2357 757 2420 tui,
801 2353 1030 2410 Domine
1050 2351 1116 2407 ⁵⁸.
1153 2371 1172 2405 ι
1212 2353 1418 2424 Magna:
1465 2353 1632 2424 igitur
1672 2352 2016 2424 pollicitatio-

441 2463 538 2502 nes
568 2447 822 2518 gentibus
861 2445 914 2499 in
943 2444 1200 2514 praasenti
1229 2445 1370 2500 datae
1401 2452 1548 2500 sunt.
1580 2443 1698 2503 iam
1723 2444 1865 2498 oculi
1897 2443 2016 2514 ejus

440 2556 606 2610 super
648 2545 836 2610 gentes
880 2537 1204 2608 respiciunt.
1250 2535 1428 2606 Atque
1472 2536 1877 2592 animadvertas
1925 2551 2018 2590 ve-

441 2628 536 2682 lim
590 2627 646 2682 in
682 2627 834 2681 hisce
866 2641 1138 2696 nusquam
1173 2623 1483 2681 Judazorum
1539 2626 1869 2682 mentionem
1917 2627 2016 2681 ha—

440 2720 589 2788 beri;
641 2719 736 2775 sed
770 2735 866 2791 per
895 2728 1070 2774 totum
1120 2720 1392 2790 psalmum
1442 2719 1582 2774 bona
1628 2719 1885 2790 gentibus
1921 2734 2019 2773 an-

439 2813 705 2868 nuntiari.
751 2811 1135 2868 Perhumanus
1173 2828 1306 2884 ergo
1335 2812 1425 2867 ille
1459 2812 1703 2883 gentium
1759 2810 2018 2868 Servator

439 2905 632 2960 oculos
675 2918 827 2968 suos,
866 2903 1077 2959 scilicet
1111 2901 1438 2973 inspiciendi
1473 2903 1723 2966 virtutes,
1759 2903 2018 2973 expandit

441 2998 498 3053 in
525 3011 718 3053 omnes
747 3004 958 3068 gentes.
992 2995 1157 3050 Lucis
1201 3004 1382 3050 autem
1413 2993 1552 3049 radii
1584 3009 1650 3050 ex
1696 2995 1872 3050 oculis
1899 2995 2017 3065 ejus

436 3089 650 3154 emissi,
696 3090 912 3144 animas
970 3087 1057 3143 sui
1115 3101 1346 3158 capaces
1400 3086 1700 3142 illustrant.
1747 3085 2016 3153 Quoniam

2114 1989 2210 2052 δας
2257 1989 2490 2060 ἐχόντων
2547 1987 2794 2042 λέλεκται
2819 2003 2833 2018 ο
2887 2005 2907 2039 ι
2955 1986 3252 2057 Ὀφθαλμοὶ
3313 1985 3511 2056 Κυρίου
3583 1986 3657 2037 ἐπι

2116 2074 2378 2139 δικαίους,
2437 2075 2532 2128 καὶ
2582 2069 2694 2129 ὦτα
2744 2074 2907 2130 αὑτοῦ
2958 2076 3036 2139 εἰς
3077 2075 3262 2147 δέησιν
3292 2074 3500 2127 αὐτῶν·
3529 2093 3549 2125 ι
3583 2073 3658 2126 καὶ

2117 2167 2306 2222 πάλινο
2337 2187 2354 2220 ι
2381 2169 2444 2221 Οἱ
2463 2167 2730 2240 ὀφθαλμοί
2767 2185 2859 2221 σου
2888 2169 3142 2222 ίδέτωσαν
3180 2166 3506 2236 εύθύτητας’
3537 2184 3558 2217 ι
3583 2164 3658 2218 καὶ

2117 2255 2304 2323 αὖθις
2340 2277 2359 2310 ι
2390 2259 2759 2330 Σημειωθήτω
2801 2259 2884 2328 ἐφ’
2929 2260 3073 2330 ἡμᾶς
3115 2258 3174 2310 τὸ
3218 2257 3333 2327 φῶς
3375 2257 3466 2310 τοῦ
3511 2273 3658 2328 προσ·-

2114 2349 2264 2405 ώπου
2311 2369 2424 2418 σου,
2457 2351 2650 2423 Κύριε.
2676 2370 2694 2403 ι
2734 2351 2982 2420 Μεγάλαι
3023 2351 3202 2404 τοίνυν
3251 2350 3560 2420 ἐπαγγελίαι
3585 2349 3658 2403 διὰ

2115 2445 2223 2500 τῶν
2258 2445 2630 2517 προκειμένων
2663 2448 2772 2510 τοῖς
2799 2445 2974 2499 ἔθνεσι
3002 2445 3269 2499 δέδονται·
3299 2445 3402 2517 ήδη
3423 2443 3658 2514 ὀφθαλμοί

2117 2537 2281 2592 αὑτοῦ
2308 2540 2400 2592 ἐπὶ
2430 2539 2497 2594 τὰ
2531 2539 2658 2610 ἔθνη
2687 2539 3056 2593 ἐπιϐλέπουσι.
3091 2540 3198 2592 Καὶ
3230 2538 3328 2592 θέα
3357 2540 3500 2601 ὅπως
3526 2536 3659 2590 οὐδα-

2121 2631 2224 2702 μοῦ
2266 2630 2374 2685 τῶν
2404 2631 2778 2704 προκειμένων
2815 2629 3083 2684 Ἰουδαίων
3128 2630 3432 2702 μέμνηται,
3463 2629 3526 2682 δι’
3558 2627 3657 2680 ὅλου

2117 2720 2173 2773 δὲ
2199 2724 2310 2784 τοῖς
2340 2719 2515 2774 ἔθνεσι
2543 2721 2610 2774 τὰ
2641 2720 2850 2792 χρηστὰ
2878 2719 3308 2788 εὐαγγελίζεται.
3353 2719 3410 2771 Ὁ
3454 2717 3546 2788 μὲν
3583 2712 3658 2769 οὖν

2118 2811 2496 2884 φιλάνθρωπος
2519 2812 2627 2866 τῶν
2657 2811 2827 2866 ἐθνῶν
2866 2812 3055 2884 Σωτὴρ
3083 2813 3209 2876 τοὺς
3239 2812 3542 2882 ὀφθαλμοὺς
3577 2812 3658 2864 αύ-

2117 2902 2209 2956 τοῦ
2230 2942 2244 2968 ,
2281 2903 2379 2966 τὰς
2407 2903 2768 2966 ἐπισκοπικὰς
2811 2903 3008 2976 δηλαδὴ
3049 2903 3308 2974 δυνάμεις
3332 2944 3346 2968 ,
3378 2904 3659 2975 ἐξήπλωσεν

2119 2995 2212 3047 ἐπὶ
2239 2995 2417 3049 πάντα
2449 2994 2516 3049 τὰ
2544 2995 2691 3066 ἔθνη.
2715 2995 2894 3060 Φωτὸς
2919 2995 2976 3049 δὲ
3019 2997 3234 3059 ἀκτῖνες
3264 2999 3329 3050 ἐκ
3356 2996 3460 3050 τῶν
3489 2996 3661 3065 ὀφθαλ-

2122 3082 2238 3154 μῶν
2269 3084 2432 3137 αύτοῦ
2465 3085 2810 3156 πεμπόμεναι
2844 3085 2940 3149 τὰς
2965 3086 3277 3157 χωρητικὰς
3308 3086 3484 3140 αὐτῶν
3507 3087 3660 3157 ψυχὰς

440 3195 572 3236 vero
605 3180 850 3234 futurum
895 3185 1013 3232 erat
1049 3186 1110 3231 ut
1151 3191 1262 3232 non
1310 3190 1503 3231 omnes
1534 3177 1764 3246 gratiam
1809 3177 2018 3246 recipe—

2123 3176 2585 3247 καταλάμπουσιν.
2603 3179 2752 3232 Ἐπεὶ
2773 3178 2829 3230 δὲ
2852 3178 3081 3250 ἦμελλον
3105 3179 3178 3249 μὴ
3196 3179 3396 3242 πάντες
3413 3179 3507 3250 τήν
3528 3180 3661 3250 χάριν

440 3280 586 3338 rent,
617 3272 948 3328 sed-tantam
991 3270 1112 3339 ejus
1134 3283 1261 3340 erga
1290 3268 1540 3324 homines
1567 3269 1914 3324 clementiam
1945 3269 2017 3323 ir-

441 3365 674 3420 ritarent
701 3373 755 3418 et
778 3368 1188 3432 exasperarent,
1219 3361 1364 3433 quod
1393 3363 1596 3416 donum
1625 3376 1737 3415 non
1765 3361 2019 3416 admitte-

441 3461 599 3520 rent;
628 3454 753 3524 jure
785 3452 1006 3508 additur
1033 3471 1046 3507 :
1079 3472 1099 3504 ‹
1129 3451 1234 3518 Qui
1265 3459 1590 3521 exasperant
1631 3467 1741 3506 non
1777 3453 2021 3507 exalten-

445 3555 539 3602 tur
561 3547 618 3601 in
651 3545 984 3617 semetipsis.
1020 3565 1039 3598 ι
1081 3545 1178 3602 His
1200 3560 1365 3617 porro
1393 3544 1668 3616 significat
1688 3559 1783 3600 eos
1807 3559 1873 3600 ex
1897 3561 2022 3615 gen-

441 3640 612 3705 tibus,
653 3639 747 3710 qui
795 3638 1130 3710 immorigeri
1176 3646 1232 3695 et
1271 3638 1696 3708 inobsequentes
1726 3634 2020 3708 Evangelio

441 3744 590 3790 sunt.
644 3732 828 3799 Quare
883 3733 1028 3804 apud
1084 3731 1472 3805 Symmachum
1527 3730 1728 3786 dicitur
1762 3748 1777 3786 :
1811 3749 1829 3783 ι
1860 3729 2017 3785 Oculi

442 3828 566 3899 ejus
594 3835 784 3898 gentes
831 3827 1169 3897 inspiciunt;
1217 3826 1638 3895 inobsequentes
1675 3840 1745 3880 ne
1779 3825 2021 3882 exaltent

443 3920 789 3990 semetipsos.
831 3938 852 3972 ι
889 3920 1010 3973 Alio
1045 3919 1172 3974 item
1226 3935 1392 3974 sensu
1424 3919 1627 3974 indicat
1664 3933 1760 3975 eos
1811 3933 1876 3974 ex
1923 3919 2022 3972 cir-

443 4008 803 4071 cumcisione,
832 4009 925 4078 qui
957 4009 1188 4078 gratiam
1217 4015 1689 4078 contempserunt,
1739 4015 1796 4062 et
1832 4007 2022 4063 Serva-

444 4101 584 4155 toris
631 4100 974 4155 vocationem
1015 4099 1170 4153 nihili
1231 4098 1500 4156 fecerunt.
1541 4101 1724 4166 Quare
1783 4099 2020 4170 Spiritus

447 4200 673 4247 sanctus
735 4205 833 4262 per
885 4189 1078 4246 Isaiam
1134 4191 1202 4246 ad
1254 4207 1352 4247 eos
1416 4192 1717 4263 respiciens
1764 4191 2016 4247 dicebat:

451 4300 468 4332 ι
498 4282 644 4336 Aure
683 4281 945 4346 audiatis,
980 4289 1035 4335 et
1077 4296 1145 4335 ne
1176 4282 1527 4352 intelligatis;
1579 4289 1634 4337 et
1665 4281 1911 4338 videntes
1943 4283 2023 4336 vi-

447 4374 645 4437 deatis,
683 4381 738 4429 et
763 4390 832 4429 ne
868 4375 1057 4431 sciatis
1079 4375 1146 4426 ⁸⁷.
1181 4392 1200 4428 ι
1233 4373 1424 4430 Merito
1462 4375 1630 4445 igitur
1661 4375 1807 4430 viros
1839 4377 2015 4429 incre-

449 4481 586 4536 pans
613 4480 856 4535 praesens
903 4479 1106 4529 sermo,
1142 4472 1330 4537 utpote
1375 4465 1494 4520 sine
1524 4480 1692 4520 causa
1736 4464 1805 4520 de
1845 4473 2024 4518 atavo-

2122 3267 2498 3339 ύποδέχεσθαι,
2535 3270 2885 3342 παροργίζειν
2913 3269 2969 3324 δὲ
3010 3269 3070 3323 τὺ
3108 3271 3230 3323 ὅσον
3261 3273 3347 3324 ἐπ’
3389 3271 3560 3334 αὐτοῖς
3586 3273 3661 3324 καὶ

2121 3362 2581 3434 παραπικραίνειν
2607 3361 2704 3434 τὴν
2745 3362 3012 3434 τοσαύτην
3055 3362 3478 3434 φιλανθρωπίαν,
3513 3363 3590 3416 διὰ
3611 3364 3661 3415 τὸ

2125 3453 2199 3525 μὴ
2249 3453 2647 3525 παραδέχεσθαι
2695 3454 2756 3508 τὸ
2783 3454 2984 3527 δῶρον,
3033 3457 3255 3521 εἰκότως
3316 3458 3658 3512 ἐπιλέλεκται·

2127 3562 2146 3594 ι
2173 3545 2236 3597 Ol
2264 3545 2792 3616 παραπικραίνοντες
2829 3547 2902 3618 μὴ
2927 3546 3283 3617 ὑψούσθωσαν
3314 3549 3374 3603 ἐν
3409 3551 3618 3613 ἑαυτοῖς.
3642 3568 3657 3600 ι

2119 3633 2380 3705 Σημαίνει
2417 3635 2474 3688 δὲ
2519 3637 2608 3691 διὰ
2659 3637 2863 3691 τούτων
2909 3640 3003 3692 καὶ
3043 3641 3167 3703 τοὺς
3215 3642 3274 3695 ἐν
3330 3644 3440 3705 τοῖς
3483 3640 3663 3694 ἔθνεσιν

2123 3725 2367 3790 ἀπειθεῖς
2394 3726 2486 3780 καὶ
2510 3728 2914 3792 ἀνυποτάκτους
2939 3729 3016 3800 τῷ
3051 3731 3395 3802 εύαγγελικῷ
3416 3732 3566 3804 λόγῳ.
3586 3731 3662 3784 Διὸ

2121 3817 2366 3872 λέλεκται
2407 3820 2558 3892 παρὰ
2598 3820 2676 3892 τῷ
2716 3823 2996 3894 Συμμάχῳ
3019 3840 3034 3853 ·
3078 3839 3099 3875 ι
3134 3825 3197 3876 Oi
3233 3824 3497 3896 ὀφθαλμοὶ
3524 3823 3661 3879 αὑτοῦ

2121 3911 2189 3965 τὰ
2242 3911 2368 3983 ἔθνη
2435 3914 2885 3968 ἐπισκοπεύουσιο
2933 3917 2982 3968 οἱ
3033 3914 3279 3980 ἀπειθεῖς
3331 3917 3406 3989 μή
3450 3917 3661 3989 ὑψούτω-

2124 4021 2221 4057 σαν
2270 4003 2513 4068 ἑαυτούς.
2536 4025 2554 4057 ι
2600 4005 2860 4077 Σημαίνει
2897 4006 2953 4060 δέ
2989 4009 3085 4060 καὶ
3126 4007 3302 4071 ἄλλως
3333 4011 3458 4073 τοὺς
3498 4011 3556 4061 ἐκ
3584 4025 3662 4060 πε-

2125 4099 2350 4170 ριτομῆς
2382 4097 2752 4170 ἀθετήσαντας
2778 4098 2875 4170 τὴν
2897 4099 3054 4171 χάριν
3077 4101 3170 4153 καὶ
3194 4101 3294 4172 τὴν
3327 4101 3421 4155 τοῦ
3445 4101 3662 4174 Σωτῆρος

2123 4187 2315 4257 κλῆσιν
2336 4189 2855 4260 ὑπερφρονήσαντας
2873 4204 2886 4219 ·
2911 4188 2990 4241 διὸ
3013 4190 3150 4260 πρὸς
3172 4191 3370 4255 αὐτοὺς
3393 4192 3452 4245 τὸ
3472 4190 3661 4259 Πνεῦμα

2121 4281 2183 4334 τὸ
2216 4281 2367 4349 ἅγιον
2401 4280 2493 4334 καί⁹
2517 4279 2605 4334 διὰ
2649 4282 2866 4336 Ἡσαΐου
2899 4282 3209 4338 ἀπετείνετο
3241 4286 3420 4356 φῆσαν
3440 4303 3453 4316 ·
3483 4303 3501 4336 ι
3528 4284 3662 4351 Ἀκοῇ

2123 4373 2412 4444 ἀκούσητε,
2445 4374 2539 4428 καὶ
2563 4374 2623 4427 ού
2653 4373 2727 4445 μὴ
2760 4375 2976 4446 συνῆτε,
3009 4377 3103 4431 καὶ
3126 4376 3412 4444 βλέποντες
3443 4377 3660 4449 βλέψητε,

2126 4465 2219 4518 καὶ
2245 4465 2306 4518 οὐ
2345 4464 2419 4537 μὴ
2450 4464 2621 4535 ίδητε.
2655 4483 2675 4516 ι
2712 4467 2952 4530 Εἰκότως
2997 4467 3285 4538 τοιγαροῦν
3323 4467 3662 4540 ἐπιρραπίζων

448 4571 571 4610 rum
603 4556 864 4627 dignitate
907 4556 1146 4622 inflatos,
1202 4563 1256 4613 et
1306 4556 1374 4612 de
1415 4557 1820 4628 progenitorum
1849 4557 2019 4627 gloria

2125 4558 2320 4622 αὐτοὺς
2351 4561 2380 4612 ό
2409 4557 2601 4628 παρὼν
2642 4559 2819 4629 λόγος,
2848 4561 2969 4632 εἰκῆ
3015 4559 3410 4631 φυσιουμένους
3451 4559 3535 4613 ἐπὶ
3571 4560 3662 4619 τοῖς

447 4649 616 4703 altum
647 4650 944 4720 sapientes,
967 4650 1102 4705 dicit
1129 4669 1142 4704 :
1175 4669 1193 4700 ‹
1224 4648 1331 4716 Qui
1371 4657 1698 4720 exasperant
1725 4665 1836 4705 non
1881 4649 2023 4705 exal-

447 4750 634 4797 tentur
665 4743 719 4796 in
753 4742 1078 4812 semetipsis.
1112 4761 1130 4794 ι
1153 4741 1332 4797 Heus!
1366 4757 1484 4806 vos.
1522 4742 1720 4811 inquit,
1753 4743 2022 4812 superbia:

447 4842 503 4890 et
533 4850 674 4890 vano
703 4837 905 4889 tumori
953 4843 1137 4891 vestro
1164 4834 1326 4890 ﬁnem
1373 4835 1518 4902 date,
1575 4836 1814 4892 scientes
1853 4834 2021 4892 Deum

449 4942 558 4981 non
601 4928 797 4997 magis,
829 4943 996 4998 quam
1035 4927 1265 4997 reliquis
1294 4927 1572 4998 gentibus,
1615 4929 1772 4984 vobis
1807 4930 2024 4998 prospi-

449 5033 595 5074 cere.
629 5015 786 5073 Oculi
815 5033 948 5089 ergo
986 5019 1135 5074 illius
1170 5020 1438 5073 lustrandi
1465 5020 1518 5073 vi
1545 5019 1780 5089 praditi,
1817 5021 2028 5075 univer-

452 5125 638 5166 sorum
666 5111 948 5166 hominum
984 5112 1380 5183 providentiam
1409 5123 1681 5184 gerentes,
1713 5127 1876 5183 super
1903 5127 2030 5184 gen-

454 5211 536 5258 tes
571 5205 890 5275 respiciunt.
926 5202 1069 5269 Quid
1113 5204 1281 5274 igitur
1315 5219 1433 5268 vos,
1476 5219 1541 5259 ac
1568 5205 1615 5258 si
1647 5205 2028 5274 praestantiora

453 5297 766 5362 obtineatis,
783 5297 1098 5354 exaltamini
1119 5299 1174 5351 in
1192 5297 1621 5367 vobismetipsis,
1640 5313 1764 5353 cum
1789 5297 2024 5354 maxime

453 5387 557 5442 viri
600 5397 990 5458 cxaspera’ntes
1038 5391 1198 5446 sitis?
1231 5389 1387 5456 Quod
1439 5399 1622 5445 autem
1660 5390 1808 5460 ipsos
1842 5405 2025 5445 sermo

456 5480 781 5547 subindicet,
813 5490 999 5553 aperte
1029 5483 1269 5538 declarat
1302 5482 1542 5554 Spiritus
1567 5499 1664 5555 per
1687 5483 2024 5539 Ezechielem

456 5570 688 5627 dicens:
719 5590 738 5623 ‹
769 5571 870 5627 Fili
915 5573 1172 5639 hominis,
1212 5575 1424 5629 mittam
1459 5581 1513 5630 te
1544 5589 1644 5645 ego
1689 5573 1756 5628 ad
1801 5574 2022 5629 domum

2129 4650 2434 4722 προγόνοις,
2471 4652 2566 4704 καὶ
2592 4651 2735 4723 μέγα
2763 4652 3092 4723 φρονοῦντας
3127 4653 3218 4706 ἐπὶ
3247 4657 3314 4725 τῇ
3347 4653 3455 4707 τῶν
3485 4668 3661 4724 προπα-

2125 4743 2298 4814 τόρων
2326 4742 2706 4815 εὐδοκιμήσει,
2759 4744 2958 4814 φησίνο
3005 4764 3024 4796 ι
3063 4746 3126 4799 Oi
3173 4744 3663 4818 παραπικραίνοντες

2133 4836 2208 4906 μὴ
2243 4834 2592 4906 ὑψούσθωσαν
2628 4837 2685 4891 ἐν
2738 4838 2969 4901 ἑαυτοῖς.
3000 4856 3019 4889 ›
3051 4837 3346 4892 Παύσασθε
3379 4839 3508 4910 γὰρ,
3534 4834 3660 4904 φησὶ,

2131 4924 2540 4997 βρενθυνόμενοι
2567 4925 2659 4980 καὶ
2691 4928 2810 4998 εἰκῇ
2840 4927 3184 4998 τυφούμενοι,
3204 4921 3250 4980 ὦ
3273 4923 3437 4989 οὗτοι,
3458 4926 3659 4996 γνόντες,

2127 5019 2210 5072 ὅτι
2255 5019 2318 5071 ού
2355 5019 2552 5089 μᾶλλον
2585 5019 2714 5091 ύμῖν
2764 5020 3044 5073 ἐπιϐλέπει
3069 5023 3098 5074 ό
3133 5021 3264 5084 Θεὸς
3293 5020 3328 5090 ῆ
3361 5023 3469 5083 τοῖς
3493 5018 3660 5080 λοιποῖς

2128 5109 2358 5164 ἔθνεσιν.
2398 5111 2462 5164 Oi
2503 5110 2634 5182 γοῦν
2667 5111 2764 5182 τῆς
2797 5112 3157 5183 ἐπισκοπικῆς
3204 5113 3372 5167 αὐτοῦ
3422 5112 3659 5180 δυνάμεως

2131 5201 2396 5274 ὀφθαλμοὶ
2422 5241 2437 5264 ,
2485 5202 2703 5258 πάντων
2735 5203 3034 5277 ἀνθρώπων
3067 5205 3325 5276 πρόνοιαν
3358 5202 3655 5273 ποιούμενοι,

2133 5296 2226 5349 ἐπὶ⁹
2279 5295 2348 5350 τὰ
2400 5295 2527 5368 ἔθνη
2568 5296 2940 5351 ἐπιϐλέπουσι.
2981 5299 3046 5351 Τί
3077 5293 3171 5352 οὖν
3204 5299 3390 5371 ὑμεῖς,
3417 5298 3582 5365 ὥσπερ
3615 5307 3656 5342 τι

2131 5388 2409 5459 ἐξαίρετον
2438 5407 2604 5460 κεκτη
2614 5390 2784 5460 μένοι,
2809 5390 3040 5460 ὑψοῦσθε
3073 5393 3129 5444 ὲν
3159 5393 3386 5457 ἑαυτοῖς,
3413 5386 3655 5443 καὶταῦτα

2131 5480 2322 5553 ἄνδρες
2355 5482 2506 5545 ὅντες
2563 5483 2649 5535 ἀεὶ
2676 5483 3237 5554 παραπικραίνοντες;
3271 5484 3387 5538 Ὅτι
3411 5483 3461 5536 δὲ
3491 5478 3654 5537 αὐτοὺς

2132 5574 2472 5628 αἰνίττεταιό
2506 5575 2683 5644 λόγος,
2721 5575 2906 5645 σαφῶς
2945 5576 3240 5648 παρίστησι
3263 5576 3324 5630 τὸ
3349 5574 3549 5645 Πνεῦμα
3585 5568 3654 5623 διὰ

469 5693 505 5801 ;_
529 5729 572 5801 ξι
608 5727 751 5784 Psal.
786 5745 837 5795 ι,
860 5731 945 5786 ιι,
1020 5731 1065 5764 ιι
1088 5729 1233 5787 Psal.
1256 5737 1519 5801 nunc“,
1599 5735 1644 5768 ⁸³
1673 5734 1817 5792 Psal.
1851 5751 2001 5798 χχιχ,
2023 5734 2076 5788 8.
2151 5733 2196 5764 ⁸⁸
2227 5732 2372 5790 Psal.
2411 5749 2605 5798 xxxm,
2627 5731 2713 5788 ‘16.
2780 5732 2826 5765 ”
2856 5731 3000 5788 Psal.
3035 5748 3144 5798 xvn,
3167 5733 3219 5788 2.
3302 5738 3345 5770 "
3370 5737 3496 5792 Psal.
3525 5732 3636 5792 iv.7

459 5798 505 5830 ⁸⁷
532 5799 634 5854 lsa.
667 5817 741 5864 vr,
769 5801 822 5853 9.
