3808 6280
163 343 260 399 ϐκτ

1247 358 1748 418 COMMENTABIA
1787 362 1858 417 IN
1893 364 2230 421 PSALMOS.

3277 343 3381 427 638

174 460 417 559 Ἰεζεκιηλ
443 463 628 559 λέγονσ
656 486 673 518 ι
701 468 795 523 Υἱὲ
819 471 1125 543 ἀνθρώπου,
1152 476 1491 544 ἐξαποστελῶ
1524 500 1580 536 σε
1606 482 1711 553 ἐγὼ

1817 485 2006 546 Israel,
2033 486 2097 540 ad
2126 494 2533 556 exasperantes,
2559 488 2651 558 qui
2679 498 3139 559 exa‘speraverunt
3165 503 3251 543 me
3279 487 3381 558 ipsi

162 552 287 621 πρὸς
330 553 417 607 τὸν
470 552 616 610 οἷκον
678 560 922 634 Ἰσραὴλ,
972 568 1098 630 τοὺς
1145 552 1712 644 παραπικραίνοντας,

162 644 339 737 οἵτινες
369 650 786 722 παρεπίκρανάν
809 674 874 726 με
905 659 1057 713 αὐτοὶ
1092 663 1185 714 καὶ
1212 665 1258 716 οἱ
1286 664 1518 737 πατέρες
1538 665 1714 720 αὐτῶν

161 735 389 830 ἐωςῗτῆς
431 745 669 815 σήμερον
716 748 956 820 ἡμέρας·
1005 771 1023 804 ι
1064 755 1157 807 καὶ
1194 754 1347 826 ἑξῆς·
1394 735 1569 811 (Ἐὰν
1609 759 1715 830 ἄρα

161 828 473 923 ἀκούσωσιν,
511 834 544 905 ἢ
580 838 917 909 πτοηθῶσιν,
966 843 1098 899 διότι
1141 843 1286 912 οἶκος
1342 828 1714 923 παραπικραι-

163 1034 251 1085 μου
279 1017 409 1105 πρὸς
440 1020 660 1085 αὐτοὺς,
698 1024 790 1078 ἐὰν
823 1026 927 1097 ἄρα
956 1030 1288 1098 ἀκούσωσιν,
1318 1033 1351 1104 ἢ
1386 1034 1709 1105 πτοηθῶσιν,

159 1109 228 1160 ὃτι
266 1104 405 1173 οἶκος
443 1119 993 1188 παραπικραινόντων
1042 1123 1177 1176 ἐστί.
1228 1143 1246 1174 ι
1297 1125 1406 1178 Καὶ
1440 1104 1517 1179 ἐν
1547 1134 1617 1199 ρε¹
1657 1128 1713 1181 δὲ

158 1199 334 1271 ψαλμῷ
381 1201 658 1260 λέλεκται’
708 1229 725 1260 ι
761 1211 881 1263 ’Ότι
923 1217 1338 1288 παρεπίκραναν
1382 1220 1441 1271 τὸ
1498 1220 1710 1292 πνεῦμα

158 1293 332 1345 αὐτοῦ·
364 1313 383 1346 ι
426 1296 521 1349 καὶ
569 1300 730 1355 πάλιν
752 1319 764 1331 ’
802 1321 820 1355 ‹
854 1303 1147 1371 Πλεονάκις
1182 1308 1445 1380 ἐρῤύσατο
1480 1312 1704 1375 αὐτούς·

159 1386 293 1437 αὐτοὶ
322 1386 376 1439 δὲ
410 1392 825 1463 παρεπίκραναν
869 1396 1028 1451 αὑτὸν
1059 1400 1114 1452 ἐν
1147 1403 1212 1473 τῇ
1252 1401 1412 1474 βουλῇ
1453 1403 1652 1458 αὐτῶν.
1686 1424 1702 1455 i

158 1477 248 1531 Nai.
286 1479 385 1550 μὴν
433 1482 527 1534 καὶ
558 1485 797 1558 Μωῦσῆς
825 1489 921 1559 τὴν
947 1492 1167 1563 πικρίαν
1200 1494 1380 1547 αὐτῶν
1418 1495 1707 1569 παρίστησι

158 1569 335 1637 λέγων·
394 1592 412 1624 ι
451 1574 549 1626 Ἐκ
599 1576 707 1648 γὰρ
779 1581 1025 1650 ἀμπέλου
1071 1585 1316 1656 Σοδόμων
1374 1590 1406 1657 ἡ
1470 1587 1709 1658 ἄμπελος

156 1663 332 1729 αὐτῶν,
368 1666 459 1719 καὶ
496 1671 529 1739 ὴ
561 1668 829 1741 κληματὶς
860 1675 1038 1728 αὐτῶν
1077 1678 1141 1729 ἐκ
1170 1678 1483 1751 Γομόρρας·
1522 1683 1554 1752 ὴ
1584 1698 1721 1733 στα--

157 1754 274 1824 φυλὴ
302 1755 475 1810 αὐτῶν
513 1760 759 1833 σταφυλὴ
793 1763 976 1833 χολῆς,
1005 1764 1197 1838 βότρυς
1224 1770 1445 1840 πικρίας
1472 1769 1702 1823 αὐτῶν,)

156 1847 246 1900 Καὶ
290 1851 343 1901 ἐν
377 1850 453 1921 τῷ
506 1853 750 1925 Ἱερεμίᾳ
796 1855 853 1908 δὲ
887 1857 1099 1930 εἴρηται
1139 1860 1275 1932 πρὸς
1321 1862 1447 1925 τοὺς
1486 1861 1708 1926 αὐτούς·
1747 1853 1787 1911 Β

158 1958 173 1988 ι
195 1939 303 2003 Πῶς
330 1942 579 2029 ἐστράφη
606 1948 686 2010 εἰς
713 1948 938 2019 πικρίαν
967 1952 999 2021 ὴ
1034 1952 1275 2021 ἄμπελος
1305 1954 1337 2024 ὴ
1371 1953 1625 2025 ἀλλοτρία
1651 1971 1664 2020 ;
1688 1973 1705 2004 ι

156 2035 365 2098 Εἰκότως
400 2037 582 2091 τοίνυν
614 2041 707 2094 καὶ
741 2042 977 2095 ἐνταῦθα
1018 2045 1547 2117 παραπικραίνοντες
1578 2046 1712 2101 ὠνο-

156 2126 432 2197 μάσθησαν.
488 2131 589 2183 Ἐκ
645 2133 988 2206 παραλλήλου
1041 2135 1097 2188 δὲ
1168 2136 1545 2208 μνημονεύσας
1605 2136 1714 2190 τῶν

153 2216 299 2272 ἐθνῶν
326 2221 416 2274 καὶ
446 2222 552 2293 τῆς
587 2224 792 2279 τούτων
824 2228 1096 2299 σωτηρίας
1127 2231 1155 2282 ὁ
1210 2229 1383 2298 λόγος,
1416 2228 1713 2300 παράθεσιν

152 2307 242 2360 τῶν
275 2310 334 2363 ἐκ
363 2314 671 2385 περιτομῆς
718 2316 1011 2388 πεποίηται
1046 2316 1214 2371 εἰπών
1237 2335 1249 2347 '
1292 2338 1309 2369 ι
1351 2320 1414 2371 Oi
1444 2318 1713 2390 ὀφθαλμοὶ

153 2402 292 2454 αὑτοῦ
313 2403 403 2456 ἐπὶ
424 2403 491 2458 τὰ
518 2404 649 2478 ἔθνη
677 2407 1057 2461 ἐπιϐλέπουσιν
1076 2452 1088 2472 ,
1111 2411 1159 2462 οἰ
1185 2412 1713 2482 παραπικραίνοντες

156 2494 218 2564 μὴ
244 2494 592 2563 ύψούσθωσαν
617 2498 675 2551 ἐν
697 2500 929 2564 ἑαυτοῖς.
959 2501 1263 2569 Εὐλογεῖτε,
1292 2502 1442 2573 ἔθνη,
1467 2503 1557 2556 τὸν
1581 2503 1713 2556 Θεὸν

155 2585 308 2653 ἡμῶν,
341 2588 432 2640 καὶ
474 2589 799 2643 ἁκουτίσατε
838 2592 935 2662 τὴν
968 2592 1148 2664 φωνὴν
1180 2594 1280 2664 τῆς
1312 2594 1570 2657 αἰνέσεως
1618 2594 1715 2647 αύο

156 2675 253 2731 τοῦ.
283 2698 299 2730 ι
336 2679 708 2749 Εὐαγγελικὸν
748 2679 887 2738 εἶναι
916 2684 1007 2738 τὸν
1044 2685 1253 2757 ψαλμὸν
1282 2686 1373 2740 καὶ
1419 2687 1713 2758 ἀρχόμενοι

153 2769 231 2822 τοῦ
257 2771 405 2839 λόγου
433 2776 821 2847 τετηρήκαμεν
844 2794 856 2806 ο
890 2776 917 2829 ὃ
940 2778 1033 2831 καὶ
1059 2778 1125 2831 δι’
1146 2778 1269 2831 ὅλου
1296 2778 1391 2832 τοῦ
1419 2778 1590 2848 ὕφους
1618 2780 1714 2851 τῆς

156 2865 465 2934 προφητείας
522 2867 876 2939 παρίσταται.
936 2870 1149 2923 Ἐκάλει
1187 2872 1283 2941 μὲν
1325 2871 1432 2943 γὰρ
1482 2874 1538 2924 ἐν
1570 2873 1710 2943 ἀρχῇ

156 2956 312 3008 πᾶσαν
338 2956 432 3028 τὴν
461 2958 569 3027 γῆν
591 2975 604 2988 °
636 2956 753 3013 εἶτα
780 2962 836 3013 ἐν
866 2961 943 3032 τῷ
988 2961 1188 3033 μεταξὺ
1229 2962 1449 3016 πλείονα
1476 2962 1709 3028 διδάξας,

156 3048 463 3122 σαφέστερον
495 3052 624 3121 περὶ
656 3051 764 3105 τῶν
798 3051 965 3106 ἐθνῶν
996 3057 1227 3106 ποιεῖται
1256 3054 1589 3126 προφητείαν
1621 3056 1709 3108 λέ-

154 3155 274 3206 γων·
303 3161 320 3192 ι
344 3144 404 3194 Ol
426 3140 699 3213 ὀφθαλμοὶ
724 3143 889 3197 αὑτοῦ
916 3146 1009 3198 ἐπὶ
1030 3146 1095 3199 τὰ
1124 3146 1247 3216 ἔθνη
1272 3146 1705 3199 ἐπιϐλέπουσιν.»

154 3232 287 3287 Μετὰ
312 3234 373 3306 δὴ
394 3230 486 3289 οῦν
516 3235 615 3307 τὴν
639 3236 843 3290 τούτων
871 3237 1215 3293 διδασκαλίαν
1239 3215 1551 3303 ἀκολούθως
1577 3242 1709 3293 πᾶσι
1741 3215 1782 3272 C

152 3326 247 3386 τοῖς
274 3324 510 3391 ἔθνεσιν,
551 3325 628 3390 ὡς
671 3326 735 3379 ἂν
767 3327 1138 3399 ὠφελημένοις
1186 3331 1251 3382 ἐκ
1283 3330 1377 3382 τοῦ
1425 3347 1712 3402 προμεμα-

154 3412 354 3486 θηκέναι
400 3419 469 3472 τὰ
516 3418 885 3491 προλεχθέντα
915 3460 928 3485 ,
992 3420 1231 3490 εὐλογεῖν
1280 3420 1387 3474 τῶν
1440 3421 1711 3475 τοσούτων

154 3506 424 3579 θαυμάτων
450 3513 560 3565 τῶν
589 3530 649 3565 τε
695 3511 941 3585 φοϐερῶν
974 3512 1151 3585 ἔργων
1191 3516 1419 3585 ποιητὴν
1464 3531 1706 3586 παρακε-

153 3598 342 3656 λεύεται
363 3603 539 3673 λέγων
560 3622 572 3635 °
609 3624 626 3657 ι
656 3605 961 3675 Εὐλογεῖτε,
993 3606 1118 3678 ἔθνη
1140 3645 1154 3671 ,
1190 3606 1279 3659 τὸν
1312 3607 1444 3660 Θεὸν
1472 3607 1646 3687 ἡμῶν.
1688 3627 1705 3658 i

154 3694 232 3764 Μὴ
256 3696 359 3768 γὰρ
386 3699 516 3761 τοὺς
548 3699 867 3771 ὑμετέρους,
898 3700 1050 3771 φησὶ,
1083 3700 1209 3763 τοὺς
1243 3700 1411 3755 πάλαι
1432 3701 1711 3771 πεπλανη-

155 3785 309 3855 μένως
332 3788 720 3860 νομιζομένους
748 3790 932 3855 θεοὺς.
963 3791 1097 3845 ἀλλὰ
1121 3791 1209 3845 τὸν
1243 3792 1528 3864 ἡμέτερον,
1562 3792 1621 3845 ὃν
1651 3794 1715 3844 ἐκ

154 3880 379 3951 πατέρων
424 3885 587 3954 ἡμεῖς
614 3884 1068 3956 ἐπεγραψάμεθα,
1100 3883 1287 3938 τοῦτον
1320 3884 1535 3953 γνόντες
1574 3880 1711 3937 εἶναι

154 3967 230 4021 τὸν
273 3972 521 4043 ἀληθινὸν
552 3974 703 4029 Θεόν.
752 3976 865 4031 Νῦν
891 3977 1043 4046 γοῦν,
1074 3978 1123 4029 εί
1170 3978 1264 4031 καὶ
1309 3976 1383 4047 μὴ
1428 3976 1712 4048 πρότερον,

155 4063 235 4115 καὶ
281 4065 435 4136 ὑμεῖς
488 4068 781 4138 εὐλογεῖτε.
834 4068 1223 4141 Εὐφημοῦντες
1269 4069 1324 4121 δὲ
1374 4070 1557 4135 αὐτὸν,
1620 4070 1714 4122 καὶ

154 4154 480 4225 εὐλογοῦντες
518 4160 594 4225 ὡς
636 4162 793 4232 μόνον
828 4162 1078 4234 ἀληθινὸν
1123 4162 1217 4215 καὶ
1254 4161 1429 4227 κοινὸν
1460 4161 1714 4221 ἁπάντων

154 4244 292 4313 ἡμῶν
321 4266 379 4301 τε
423 4250 516 4320 καὶ
542 4250 694 4321 ὑμῶν
728 4251 861 4306 Θεὸν
887 4294 902 4320 ,
939 4253 1012 4324 μὴ
1063 4253 1489 4322 σεσιωπημένως
1512 4292 1527 4318 ,
1580 4251 1715 4323 μηδέ

155 4336 346 4410 ἠρεμὲᾳ
375 4340 494 4411 (sic)
539 4345 605 4413 τῇ
638 4346 787 4415 φωνῇ
843 4343 1002 4397 τοῦτο
1055 4344 1357 4416 πράττετε·
1396 4344 1492 4398 σὺν
1543 4342 1712 4414 πολλῇ

153 4426 201 4478 δὲ
228 4433 504 4506 παρρησίᾳ
555 4436 648 4489 καὶ
687 4435 920 4508 θάρσει,
961 4440 1162 4507 φωναῖς
1198 4454 1259 4490 τε
1307 4437 1566 4505 γεγωνοῖς
1619 4436 1714 4490 καὶ

155 4520 287 4626 θοαῖς
326 4528 601 4626 ζρὴσασθε
651 4530 946 4600 μεγάλαιςο
1003 4530 1078 4594 ὡς
1120 4531 1214 4583 καὶ
1255 4532 1368 4593 τοῖς
1412 4529 1710 4601 ἀλλοτρίοις
1744 4572 1787 4626 D

155 4613 425 4671 ἀκούεσθαι
480 4621 578 4692 τὴν
629 4624 1095 4695 άναπεμπομένην
1154 4624 1232 4685 είς
1265 4622 1396 4676 Θεὸν
1427 4623 1516 4691 ὑφ’
1559 4622 1712 4693 ὑμῶν

155 4707 335 4762 αῖνεσιν
354 4727 367 4740 σ
396 4711 424 4763 ὃ
448 4711 510 4785 δὴ
548 4715 641 4767 καὶ
666 4717 694 4768 ὁ
724 4715 914 4787 Σωτὴρ
953 4716 1140 4786 ἐδήλου
1185 4715 1387 4783 λέγων’
1420 4733 1438 4765 ι
1486 4716 1550 4767 Ὃ
1572 4713 1714 4783 λέγω

154 4799 265 4869 ὑμῖν
290 4803 345 4855 ἐν
365 4806 430 4874 τῇ
458 4806 645 4879 σκοτίᾳ
669 4807 858 4861 εἴπατε
882 4810 940 4860 ἐν
960 4809 1038 4881 τῷ
1064 4809 1221 4878 φωτὶ,
1252 4809 1348 4862 καὶ
1373 4808 1401 4861 ὃ
1432 4808 1510 4871 εἰς
1539 4806 1599 4860 τὸ
1622 4802 1713 4869 οῦς

154 4890 382 4961 ἀκούετε,
410 4899 711 4969 κηρύσσετε
736 4901 959 4955 ἐπὶτῶν
993 4902 1278 4974 δωμάτων.
1315 4922 1333 4954 ›
1374 4901 1589 4972 Ταύτης
1617 4895 1711 4952 οὖν

150 4977 314 5051 ἔχεται
346 4990 445 5058 τῆς
475 4988 711 5054 διανοίας
741 4992 801 5044 τὸ
840 4991 1048 5060 φάσκον
1096 4992 1303 5062 λόγιονο
1356 5012 1374 5045 ι
1409 4994 1520 5045 Καὶ
1546 4994 1707 5046 ἀκου-

152 5070 318 5127 τίσατε
350 5078 449 5149 τὴν
481 5080 659 5151 φωνὴν
682 5081 783 5151 τῆς
809 5081 1065 5145 αἰνέσεως
1097 5082 1292 5136 αὐτοῦ’
1333 5103 1352 5134 ›
1388 5082 1419 5153 ἢ
1457 5083 1599 5137 κατὰ
1622 5082 1712 5134 τὸν

154 5162 448 5239 Σύμμαχον’
473 5190 489 5221 ι
514 5171 864 5237 Ἐξάκουστον
890 5177 1089 5227 ποιεῖτε
1105 5175 1203 5246 τὴν
1220 5176 1402 5246 φωνὴν
1424 5174 1519 5243 τοῦ
1543 5174 1715 5245 ὕμνου

155 5260 322 5311 αὑτοῦ.
348 5280 366 5312 ι
402 5261 685 5336 Θαυμάσαι
710 5266 767 5318 δὲ
797 5265 911 5319 ἐστι
944 5266 1038 5320 τοῦ
1068 5267 1225 5336 λόγου
1254 5268 1315 5320 τὸ
1344 5268 1714 5338 ἀποτέλεσμα,

156 5345 230 5401 ὅτε
276 5354 391 5406 καθ’
421 5355 541 5427 ὅλης
592 5359 691 5430 τῆς
722 5357 1024 5429 ἀνθρώπων
1049 5361 1394 5432 οἰκουμένης,
1430 5362 1487 5413 ἐν
1524 5361 1721 5430 μέσαις

156 5446 262 5506 ταῖς
304 5447 504 5513 πόλεσι,
539 5451 595 5505 ἐν
634 5469 693 5504 τε
746 5452 961 5523 κώμαις
1000 5453 1093 5505 καὶ
1125 5452 1330 5524 χώραις
1363 5452 1503 5505 κατὰ
1542 5452 1721 5516 πάσας

157 5535 245 5599 τὰς
265 5538 578 5613 Ἐκκλησίας
600 5546 690 5598 τοῦ
709 5545 865 5611 Θεοῦ,
886 5548 935 5598 οἱ
956 5545 1048 5599 τοῦ
1065 5544 1303 5618 Χριστοῦ
1322 5545 1441 5600 λαοὶ
1466 5545 1523 5612 ἐξ
1547 5546 1723 5599 ἁπάν-

222 5719 476 5777 "Ezcch.
510 5740 568 5787 II,
597 5727 650 5783 5.
723 5728 767 5760 ⁵⁸
798 5726 930 5782 Ibid.
974 5726 1027 5782 5.
1105 5727 1149 5759 ⁸⁰
1176 5726 1314 5782 Ibid.
1364 5726 1413 5780 7.
1491 5728 1532 5759 ⁶¹
1561 5725 1707 5782 Psal.
1760 5741 1847 5791 cv,
1882 5725 1974 5780 55.
2048 5724 2094 5755 ³³
2127 5720 2262 5779 Ibid.
2320 5718 2407 5776 45.

166 5802 220 5843 ll.
245 5793 330 5845 2i.
407 5793 452 5824 ⁸⁸
483 5794 663 5853 Matth.
699 5816 751 5863 κ,
773 5798 860 5852 27.

1814 584 1868 632 et
1901 588 2079 647 patres
2109 577 2351 648 ipsorum
2396 592 2571 649 usque
2600 581 2664 632 ad
2716 590 3033 649 praesentem
3070 582 3209 637 diem
3229 581 3276 612 ⁵³
3308 599 3320 635 :
3357 600 3375 632 ι

1813 677 1866 723 et
1908 680 2093 740 postea
2122 689 2133 723 :
2163 690 2181 723 ι
2214 670 2269 726 Si
2296 670 2435 727 forte
2480 672 2703 727 audiam
2727 683 2782 727 et
2821 673 3221 737 deterreantur,
3252 674 3381 744 quia

1813 759 2007 816 domus
2046 763 2486 833 exasperantium
2518 773 2603 819 est
2623 763 2705 830 II9;
2742 785 2760 815 ι
2794 772 2847 819 et
2888 769 3082 819 iterum
3110 786 3122 820 :
3157 785 3175 815 ι
3206 765 3272 818 Ει
3304 766 3383 819 lo-

1814 868 1952 923 quar
1998 869 2279 912 sermones
2314 872 2464 914 meos
2510 857 2577 911 ad
2614 857 2759 923 illos,
2800 859 2847 913 si
2896 858 3034 914 forte
3077 859 3301 913 audiant
3332 867 3385 912 et

1813 943 2210 1013 deterreantur,
2262 948 2390 1018 quia
2428 947 2624 1003 domus
2679 948 3116 1017 exasperantium
3161 954 3244 1002 est
3267 947 3335 1003 ⁸ο.
3362 965 3381 997 ι

1812 1036 1876 1090 Ει
1910 1037 1962 1091 in
1993 1053 2059 1095 cv
2080 1040 2290 1110 psalmo
2322 1040 2528 1095 dictum
2559 1048 2682 1096 est:
2714 1059 2732 1092 ι
2763 1040 2902 1106 Quia
2922 1040 3386 1095 exacerbaverunt

1813 1129 2067 1199 Spiritum
2114 1130 2235 1200 ejus
2259 1131 2335 1195 δίς
2370 1151 2388 1183 ι
2449 1146 2512 1185 ac
2566 1146 2786 1186 rursum
2827 1149 2839 1184 2
2883 1149 2901 1182 (
2936 1128 3090 1200 Sarpe
3136 1128 3389 1182 liberavit

1810 1237 1924 1276 eos.
1972 1220 2080 1293 Ipsi
2137 1231 2320 1277 autem
2371 1222 2840 1278 exacerbaveruut
2894 1236 3019 1276 eum
3060 1221 3115 1274 in
3157 1219 3390 1275 consilio

1811 1326 1913 1367 suo
1943 1312 2010 1368 δ’.
2043 1332 2060 1363 ι
2108 1312 2223 1367 Imo
2254 1313 2418 1368 etiam
2444 1312 2658 1382 Moyses
2693 1312 3047 1368 acerbitatem
3076 1326 3267 1367 eorum
3293 1312 3391 1365 de-

1811 1405 1983 1459 clarat
2025 1405 2111 1460 his
2153 1406 2371 1462 verbis:
2404 1425 2422 1457 ι
2456 1406 2591 1460 Nam
2616 1423 2681 1462 ex
2714 1407 2873 1461 vinea
2908 1404 3269 1459 Sodomorum
3316 1404 3391 1459 vi—
3470 1460 3481 1471 ,

1812 1514 1911 1552 nea
1960 1513 2173 1563 eorum,
2227 1506 2282 1554 et
2315 1500 2522 1569 palmes
2562 1515 2750 1555 eorum
2793 1516 2861 1555 ex
2906 1498 3229 1554 Gomorrlia.
3274 1495 3390 1553 Uva

1809 1606 1999 1645 eorum
2032 1606 2136 1646 uva
2170 1590 2334 1656 fellis,
2371 1592 2564 1647 botrus
2604 1592 2921 1646 acerbitatis
2954 1606 3144 1646 eorum
3169 1590 3234 1645 ⁸³.
3276 1610 3294 1641 ι
3329 1592 3387 1644 In

1809 1683 2045 1739 Jeremia
2075 1692 2257 1739 autem
2292 1686 2359 1737 ad
2383 1684 2603 1740 eosdem
2631 1684 2836 1738 dicitur
2861 1703 2873 1737 :
2907 1702 2926 1735 ι
2958 1682 3243 1750 Quomodo
3266 1699 3393 1737 con-

1810 1792 1968 1832 versa
2020 1785 2105 1832 est
2138 1776 2191 1830 in
2243 1775 2666 1830 amaritudinem
2707 1774 2835 1828 vitis
2882 1774 3059 1829 aliena
3085 1773 3171 1827 “?
3203 1794 3219 1826 ι
3258 1771 3391 1830 Jure

1815 1867 1979 1939 igitur
2049 1868 2139 1923 liie
2208 1883 2427 1939 quoque
2477 1874 2869 1938 exasperantes
2918 1874 3201 1921 vocantur.
3251 1864 3391 1920 Dum

1816 1967 1998 2014 autem
2016 1976 2081 2015 ex
2108 1959 2337 2015 adverso
2360 1960 2599 2029 gentium
2625 1966 2680 2012 et
2710 1957 2905 2013 salutis
2935 1972 3124 2012 eorum
3152 1956 3390 2011 mentio-

1814 2067 1938 2106 nem
1973 2066 2151 2107 sermo
2183 2050 2333 2117 facit,
2370 2050 2830 2119 comparationem
2877 2047 3108 2108 inducit,
3150 2062 3272 2101 cum
3323 2047 3391 2102 iis

1814 2142 1907 2211 qui
1931 2158 1998 2195 ex
2027 2140 2447 2196 circumcisione
2479 2146 2630 2205 sunt,
2660 2139 2849 2194 dicens
2878 2157 2891 2193 :
2922 2157 2940 2191 ι
2971 2137 3124 2194 Oculi
3142 2140 3261 2208 ejus
3295 2154 3391 2193 su-

1815 2248 1909 2303 per
1939 2240 2125 2304 gentes
2158 2233 2479 2303 respiciunt,
2512 2232 2603 2302 qui
2633 2241 2961 2302 exasperant
2989 2246 3100 2285 non
3138 2231 3383 2286 exalten-

1814 2334 1905 2378 tur
1953 2324 2008 2378 in
2059 2325 2389 2394 semetipsis.
2438 2323 2775 2389 Benedicite,
2822 2330 3033 2394 gentes,
3088 2320 3257 2378 Deum
3297 2340 3392 2377 no-

1815 2426 2013 2481 strum,
2043 2423 2097 2471 et
2118 2416 2359 2481 auditam
2391 2414 2554 2470 facite
2575 2430 2764 2471 vocem
2789 2416 2965 2471 laudis
2991 2415 3129 2486 ejus.
3164 2433 3183 2466 ι
3213 2413 3392 2467 Evan-

1814 2507 2046 2577 gelicum
2081 2522 2201 2563 esse
2234 2505 2503 2576 psalmum
2533 2505 2644 2576 jam
2696 2504 2799 2561 sub
2838 2504 3053 2559 initium
3077 2504 3392 2559 observavi—

1813 2615 1972 2654 mus:
2000 2598 2147 2669 quod
2176 2601 2339 2655 etiam
2372 2614 2437 2653 ex
2471 2605 2585 2652 tota
2626 2598 2927 2669 prophetiae
2968 2598 3109 2652 serie
3135 2610 3390 2665 compro-

1814 2693 1994 2749 batur.
2044 2692 2181 2746 Nam
2235 2691 2390 2745 initio
2439 2705 2656 2745 omnem
2720 2699 2922 2745 terram
2974 2689 3387 2759 compellabat:

1814 2786 2118 2857 deindeque
2147 2784 2303 2855 plura
2348 2784 2575 2850 docens,
2613 2784 2821 2839 clarius
2853 2782 2919 2838 de
2949 2783 3202 2855 gentibus
3249 2782 3391 2835 vati-

1814 2880 2033 2935 cinatur
2077 2877 2310 2933 dicens:
2352 2895 2369 2927 ι
2403 2876 2559 2931 Oculi
2600 2877 2719 2946 ejus
2767 2892 2933 2946 super
2983 2884 3173 2945 gentes
3213 2874 3391 2943 respi-

1814 2975 1988 3029 ciunt.
2022 2990 2040 3023 i
2080 2970 2213 3027 Post
2257 2970 2573 3039 bujusmodi
2632 2969 2815 3039 itaque
2862 2967 3167 3022 doctrinam
3204 2980 3393 3020 conse-

1814 3073 2047 3136 quenter
2084 3063 2343 3119 omnihus
2392 3062 2672 3134 gentibus,
2706 3067 2895 3129 utpote
2919 3073 3040 3130 quae
3073 3071 3239 3126 supra
3277 3070 3393 3109 me-

1816 3168 2027 3212 morata
2063 3155 2433 3215 edidicerunt,
2463 3160 2518 3207 et
2551 3152 2680 3205 hinc
2723 3151 3012 3204 utilitatem
3041 3155 3217 3203 nactae
3241 3158 3392 3214 sunt,

1816 3250 2059 3321 praicipit
2088 3256 2147 3301 ut
2170 3254 2250 3301 tot
2277 3245 2665 3300 miraculorum
2694 3242 3131 3310 terribiliumquc
3164 3254 3391 3310 operum

1815 3341 2079 3396 artilicem
2120 3339 2463 3394 benedicant.
2529 3355 2547 3386 ι
2582 3336 2912 3400 Benedicite,
2961 3333 3160 3403 inquit,
3203 3343 3393 3404 gentes

1816 3432 1985 3489 Deum
2023 3438 2293 3486 nostrum.
2330 3451 2348 3482 ι
2383 3428 2499 3482 Non
2534 3427 2816 3498 pristinos,
2849 3426 2945 3491 ait,
2977 3433 3215 3489 vestros,
3255 3439 3395 3494 quos

1815 3524 1947 3578 deos
1975 3537 2099 3577 esse
2124 3528 2375 3577 errantes
2407 3519 2721 3591 putabatis;
2769 3517 2864 3572 scd
2909 3523 3185 3579 nostrum,
3226 3531 3393 3585 quem

1815 3618 1883 3672 ab
1912 3617 2027 3671 avis
2064 3630 2237 3686 usque
2277 3614 2483 3670 nostris
2513 3611 2684 3667 Deum
2734 3610 3116 3678 ascripsimus,
3156 3592 3395 3663 scientes

1816 3707 1965 3763 hunc
2005 3723 2193 3762 verum
2236 3721 2359 3761 esse
2408 3703 2599 3759 Deum.
2653 3699 2809 3755 Nunc
2835 3701 3019 3769 igitur,
3079 3698 3295 3752 etiamsi
3340 3698 3394 3751 id

1815 3801 1971 3872 prius
1996 3815 2105 3854 non
2138 3797 2399 3861 feceritis,
2430 3812 2527 3851 vos
2550 3810 2767 3865 quoque
2802 3791 3127 3847 benedicite.
3158 3787 3394 3845 Benedi-

1816 3902 2002 3948 centes
2034 3898 2215 3946 autem
2240 3897 2294 3944 et
2330 3888 2618 3943 laudantes
2648 3887 2801 3940 illum
2835 3892 2893 3937 ut
2922 3884 3101 3939 solum
3123 3897 3310 3936 verum
3343 3890 3396 3936 et

1816 3996 2164 4038 communem
2213 3982 2459 4033 omnium
2503 3984 2615 4029 tam
2660 3984 2911 4028 nostrum
2946 3986 3109 4041 quam
3152 3974 3394 4025 vestrum

1816 4072 2009 4136 Deum,
2059 4086 2129 4126 ne
2174 4070 2364 4134 tacite,
2406 4084 2515 4123 neu
2544 4066 2784 4123 demissa
2825 4079 2961 4119 voce
2999 4063 3052 4118 id
3096 4062 3267 4133 agite;
3300 4059 3397 4116 sed

1817 4180 1940 4219 cum
1993 4163 2163 4217 multa
2210 4161 2407 4216 ﬁducia
2453 4167 2507 4215 et
2558 4157 2909 4217 conﬁdentia,
2954 4155 3064 4208 alta
3098 4168 3231 4207 voce
3279 4166 3396 4205 ma-

1814 4255 2045 4326 gnisque
2096 4250 2429 4305 clamoribus
2492 4246 2751 4313 utimini,
2805 4255 2866 4299 ut
2924 4245 3115 4299 laudes
3164 4257 3194 4296 a
3247 4240 3399 4296 vobis

1817 4345 1929 4399 Deo
1978 4344 2194 4399 emissa:
2244 4341 2409 4397 etiam
2448 4340 2516 4395 ab
2564 4338 2840 4393 extraneis
2889 4337 3203 4399 audiantur,
3248 4332 3398 4403 quod

1816 4438 1980 4493 etiam
2044 4433 2301 4489 Servator
2368 4432 2454 4487 bis
2514 4431 2696 4487 verbis
2762 4428 3115 4484 declarabat:
3188 4443 3206 4477 ι
3237 4423 3398 4491 Quod

1818 4529 1942 4584 dico
1989 4527 2146 4582 vobis
2184 4526 2238 4580 in
2267 4523 2532 4591 tenebris,
2575 4522 2741 4577 dicite
2782 4522 2836 4574 in
2877 4520 3105 4584 lumine,
3154 4527 3207 4573 et
3252 4516 3399 4585 quod

1820 4622 1875 4676 in
1912 4636 2045 4675 aure
2093 4620 2315 4679 auditis,
2372 4616 2663 4688 praedicate
2708 4628 2872 4683 super
2915 4611 3146 4666 tecta“.
3180 4628 3199 4660 ι
3261 4607 3399 4661 Huic

1822 4715 1987 4785 igitur
2044 4711 2334 4769 sententiae
2398 4708 2556 4763 aliine
2612 4707 2718 4761 hoc
2779 4705 2987 4759 dictum
3060 4710 3145 4757 est
3199 4720 3213 4756 :
3274 4720 3292 4754 ι
3335 4698 3399 4752 Et

1820 4806 2060 4862 auditam
2115 4804 2278 4859 facite
2326 4817 2512 4857 vocem
2548 4799 2727 4854 laudis
2757 4798 2912 4867 ejus;
2958 4815 2976 4846 ι
3022 4795 3157 4860 sive,
3195 4808 3397 4850 secun-

1819 4900 1948 4955 dum
1984 4896 2373 4968 Symmachum
2412 4914 2424 4948 :
2465 4912 2483 4944 ‹
2513 4893 2766 4947 Auditam
2800 4889 2965 4943 facite
2991 4902 3181 4941 vocem
3211 4885 3401 4957 hymni

1819 4993 1956 5063 ejus.
2000 5010 2019 5041 ι
2061 4990 2245 5044 Mirari
2280 5002 2447 5058 porro
2471 4986 2621 5040 subit
2654 4984 2747 5053 qui
2798 4981 3057 5051 impletus
3088 4979 3179 5033 hic
3218 4993 3401 5033 sermo

1819 5079 2006 5142 fuerit,
2033 5077 2253 5149 quando
2281 5092 2377 5147 per
2413 5076 2730 5130 universum
2762 5072 2974 5133 orbem,
3003 5071 3057 5124 in
3078 5070 3273 5124 mediis
3305 5085 3400 5122 ur—

1823 5173 2004 5235 bibus,
2042 5172 2096 5224 in
2124 5170 2289 5237 vicis,
2324 5168 2379 5222 in
2423 5167 2569 5238 agris
2616 5180 2713 5235 per
2760 5164 3046 5219 universas
3090 5161 3183 5217 Dei
3214 5160 3404 5215 Eccle-

1827 5265 1961 5331 sias,
1994 5262 2202 5318 Christi
2234 5260 2423 5331 populi
2465 5274 2532 5314 ex
2574 5257 2853 5312 universis
2886 5254 3139 5327 gentibus
3180 5252 3399 5316 delecti,

1830 5357 2064 5427 hymnos
2085 5367 2139 5409 et
2175 5353 2437 5423 psalmos,
2472 5364 2581 5403 non
2609 5348 2802 5419 patriis
2838 5348 2946 5402 diis
2969 5386 2984 5409 ,
3028 5361 3135 5400 non
3173 5342 3269 5399 Dei
3300 5342 3408 5396 ini-

1829 5449 1987 5503 micis
2008 5445 2386 5510 daamonibus;
2418 5443 2513 5498 sed
2542 5442 2636 5496 uni
2676 5439 2787 5495 Deo
2833 5457 2863 5493 a
2899 5437 3178 5509 prophetis
3214 5434 3407 5510 praedi-
3488 5504 3489 5507 η

1832 5549 1976 5607 cato,
2007 5541 2115 5595 alta
2148 5539 2406 5594 emittunt
2436 5551 2590 5601 voce,
2620 5535 2695 5589 ita
2734 5543 2796 5590 ut
2822 5533 3171 5605 psallentium
3191 5545 3293 5586 vox
3320 5544 3405 5615 vel

2488 5719 2532 5751 ⁸³
2561 5716 2718 5773 Deut.
2761 5731 2935 5781 xxxii,
2960 5712 3050 5770 59...
3129 5712 3173 5745 “
3203 5710 3409 5767 .lerem.
