  <div class='ocr_page' id='page_1' title='image "/cluster/home/n/w/nwhite01/storage/ocr_20150623/23/mdp.39015078384396/337.png"; bbox 0 0 3808 6280; ppageno 0'>
   <div class='ocr_carea' id='block_1_1' title="bbox 411 320 509 376">
    <p class='ocr_par' dir='ltr' id='par_1_1' title="bbox 411 320 509 376">
     <span class='ocr_line' id='line_1_1' title="bbox 411 320 509 376; baseline -0.02 1"><span class='ocrx_word' id='word_1_1' title='bbox 411 320 509 376; x_wconf 68' lang='lat' dir='ltr'><strong>K59</strong></span> 
     </span>
    </p>
   </div>
   <div class='ocr_carea' id='block_1_2' title="bbox 411 436 2042 528">
    <p class='ocr_par' dir='ltr' id='par_1_2' title="bbox 411 436 2042 528">
     <span class='ocr_line' id='line_1_2' title="bbox 411 436 2042 528; baseline -0.001 -32"><span class='ocrx_word' id='word_1_2' title='bbox 411 439 476 497; x_wconf 77' lang='lat' dir='ltr'><strong>Ib</strong></span> <span class='ocrx_word' id='word_1_3' title='bbox 519 439 589 497; x_wconf 88' lang='lat' dir='ltr'><strong>iis</strong></span> <span class='ocrx_word' id='word_1_4' title='bbox 627 438 722 510; x_wconf 87' lang='lat' dir='ltr'><strong>qui</strong></span> <span class='ocrx_word' id='word_1_5' title='bbox 767 436 901 495; x_wconf 85' lang='lat' dir='ltr'><strong>foris</strong></span> <span class='ocrx_word' id='word_1_6' title='bbox 937 438 1246 494; x_wconf 89' lang='lat' dir='ltr'><strong>consistunt</strong></span> <span class='ocrx_word' id='word_1_7' title='bbox 1295 439 1586 505; x_wconf 75' lang='lat' dir='ltr'><strong>audiatur;</strong></span> <span class='ocrx_word' id='word_1_8' title='bbox 1620 447 1677 492; x_wconf 90' lang='lat' dir='ltr'><strong>ut</strong></span> <span class='ocrx_word' id='word_1_9' title='bbox 1729 455 1968 510; x_wconf 69' lang='lat' dir='ltr'><strong>pmscns</strong></span> <span class='ocrx_word' id='word_1_10' title='bbox 1997 471 2042 528; x_wconf 65' lang='grc' dir='ltr'><strong>Α</strong></span> 
     </span>
    </p>
   </div>
   <div class='ocr_carea' id='block_1_3' title="bbox 411 530 1967 603">
    <p class='ocr_par' dir='ltr' id='par_1_3' title="bbox 411 530 1967 603">
     <span class='ocr_line' id='line_1_3' title="bbox 411 530 1967 603; baseline -0.003 -13"><span class='ocrx_word' id='word_1_11' title='bbox 411 548 589 590; x_wconf 85' lang='lat' dir='ltr'><strong>sermo</strong></span> <span class='ocrx_word' id='word_1_12' title='bbox 635 547 800 603; x_wconf 83' lang='lat' dir='ltr'><strong>Opere</strong></span> <span class='ocrx_word' id='word_1_13' title='bbox 847 531 1229 601; x_wconf 77' lang='lat' dir='ltr'><strong>compleatur:</strong></span> <span class='ocrx_word' id='word_1_14' title='bbox 1270 549 1287 579; x_wconf 78' lang='grc' dir='ltr'><strong>ι</strong></span> <span class='ocrx_word' id='word_1_15' title='bbox 1327 530 1677 596; x_wconf 87' lang='lat' dir='ltr'><strong>Benedicite,</strong></span> <span class='ocrx_word' id='word_1_16' title='bbox 1735 539 1922 601; x_wconf 88' lang='lat' dir='ltr'><strong>gentes</strong></span> <span class='ocrx_word' id='word_1_17' title='bbox 1952 570 1967 595; x_wconf 87' lang='lat'><strong>,</strong></span> 
     </span>
    </p>
   </div>
   <div class='ocr_carea' id='block_1_4' title="bbox 411 622 1974 689">
    <p class='ocr_par' dir='ltr' id='par_1_4' title="bbox 411 622 1974 689">
     <span class='ocr_line' id='line_1_4' title="bbox 411 622 1974 689; baseline 0 -11"><span class='ocrx_word' id='word_1_18' title='bbox 411 622 578 680; x_wconf 91' lang='lat' dir='ltr'><strong>Deum</strong></span> <span class='ocrx_word' id='word_1_19' title='bbox 619 632 908 689; x_wconf 88' lang='lat' dir='ltr'><strong>nostrum,</strong></span> <span class='ocrx_word' id='word_1_20' title='bbox 951 630 1007 679; x_wconf 89' lang='lat' dir='ltr'><strong>et</strong></span> <span class='ocrx_word' id='word_1_21' title='bbox 1044 623 1283 678; x_wconf 88' lang='lat' dir='ltr'><strong>auditam</strong></span> <span class='ocrx_word' id='word_1_22' title='bbox 1344 622 1507 678; x_wconf 84' lang='lat' dir='ltr'><strong>facite</strong></span> <span class='ocrx_word' id='word_1_23' title='bbox 1561 638 1748 677; x_wconf 89' lang='lat' dir='ltr'><strong>vocem</strong></span> <span class='ocrx_word' id='word_1_24' title='bbox 1799 622 1974 678; x_wconf 87' lang='lat' dir='ltr'><strong>laudis</strong></span> 
     </span>
    </p>
   </div>
   <div class='ocr_carea' id='block_1_5' title="bbox 410 712 1976 786">
    <p class='ocr_par' dir='ltr' id='par_1_5' title="bbox 410 712 1976 786">
     <span class='ocr_line' id='line_1_5' title="bbox 410 712 1976 786; baseline -0.004 -14"><span class='ocrx_word' id='word_1_25' title='bbox 410 715 543 786; x_wconf 82' lang='lat' dir='ltr'><strong>ejus.</strong></span> <span class='ocrx_word' id='word_1_26' title='bbox 586 735 605 768; x_wconf 77' lang='grc' dir='ltr'><strong>ι</strong></span> <span class='ocrx_word' id='word_1_27' title='bbox 637 714 870 769; x_wconf 78' lang='lat' dir='ltr'><strong>Additur</strong></span> <span class='ocrx_word' id='word_1_28' title='bbox 891 721 1080 785; x_wconf 87' lang='lat' dir='ltr'><strong>postea</strong></span> <span class='ocrx_word' id='word_1_29' title='bbox 1109 732 1122 768; x_wconf 92' lang='lat'><strong>:</strong></span> <span class='ocrx_word' id='word_1_30' title='bbox 1157 731 1176 764; x_wconf 74' lang='grc' dir='ltr'><strong>ι</strong></span> <span class='ocrx_word' id='word_1_31' title='bbox 1207 712 1308 779; x_wconf 88' lang='lat' dir='ltr'><strong>Qui</strong></span> <span class='ocrx_word' id='word_1_32' title='bbox 1329 713 1510 783; x_wconf 86' lang='lat' dir='ltr'><strong>posuit</strong></span> <span class='ocrx_word' id='word_1_33' title='bbox 1539 713 1773 766; x_wconf 87' lang='lat' dir='ltr'><strong>animam</strong></span> <span class='ocrx_word' id='word_1_34' title='bbox 1800 727 1976 767; x_wconf 82' lang='lat' dir='ltr'><strong>meam</strong></span> 
     </span>
    </p>
   </div>
   <div class='ocr_carea' id='block_1_6' title="bbox 409 803 1974 873">
    <p class='ocr_par' dir='ltr' id='par_1_6' title="bbox 409 803 1974 873">
     <span class='ocr_line' id='line_1_6' title="bbox 409 803 1974 873; baseline -0.001 -12"><span class='ocrx_word' id='word_1_35' title='bbox 409 807 469 861; x_wconf 86' lang='lat' dir='ltr'><strong>ad</strong></span> <span class='ocrx_word' id='word_1_36' title='bbox 530 807 734 870; x_wconf 90' lang='lat' dir='ltr'><strong>vitam,</strong></span> <span class='ocrx_word' id='word_1_37' title='bbox 770 811 826 861; x_wconf 89' lang='lat' dir='ltr'><strong>et</strong></span> <span class='ocrx_word' id='word_1_38' title='bbox 873 820 982 860; x_wconf 89' lang='lat' dir='ltr'><strong>non</strong></span> <span class='ocrx_word' id='word_1_39' title='bbox 1029 803 1179 859; x_wconf 88' lang='lat' dir='ltr'><strong>dedit</strong></span> <span class='ocrx_word' id='word_1_40' title='bbox 1232 805 1288 858; x_wconf 90' lang='lat' dir='ltr'><strong>in</strong></span> <span class='ocrx_word' id='word_1_41' title='bbox 1341 803 1758 858; x_wconf 85' lang='lat' dir='ltr'><strong>commotionem</strong></span> <span class='ocrx_word' id='word_1_42' title='bbox 1811 804 1974 873; x_wconf 86' lang='lat' dir='ltr'><strong>pedes</strong></span> 
     </span>
    </p>
   </div>
   <div class='ocr_carea' id='block_1_7' title="bbox 409 894 1974 961">
    <p class='ocr_par' dir='ltr' id='par_1_7' title="bbox 409 894 1974 961">
     <span class='ocr_line' id='line_1_7' title="bbox 409 894 1974 961; baseline -0.001 -11"><span class='ocrx_word' id='word_1_43' title='bbox 409 913 574 953; x_wconf 91' lang='lat' dir='ltr'><strong>meos.</strong></span> <span class='ocrx_word' id='word_1_44' title='bbox 622 917 641 950; x_wconf 78' lang='grc' dir='ltr'><strong>ι</strong></span> <span class='ocrx_word' id='word_1_45' title='bbox 681 894 790 951; x_wconf 93' lang='lat' dir='ltr'><strong>Pro</strong></span> <span class='ocrx_word' id='word_1_46' title='bbox 822 895 916 957; x_wconf 80' lang='lat' dir='ltr'><strong>illo</strong></span> <span class='ocrx_word' id='word_1_47' title='bbox 945 902 1153 958; x_wconf 90' lang='lat' dir='ltr'><strong>autem,</strong></span> <span class='ocrx_word' id='word_1_48' title='bbox 1191 913 1209 946; x_wconf 72' lang='grc' dir='ltr'><strong>ι</strong></span> <span class='ocrx_word' id='word_1_49' title='bbox 1248 896 1490 950; x_wconf 88' lang='lat' dir='ltr'><strong>animam</strong></span> <span class='ocrx_word' id='word_1_50' title='bbox 1515 909 1714 961; x_wconf 87' lang='lat' dir='ltr'><strong>meam,</strong></span> <span class='ocrx_word' id='word_1_51' title='bbox 1737 894 1974 949; x_wconf 88' lang='lat' dir='ltr'><strong>animam</strong></span> 
     </span>
    </p>
   </div>
   <div class='ocr_carea' id='block_1_8' title="bbox 409 986 1971 1057">
    <p class='ocr_par' dir='ltr' id='par_1_8' title="bbox 409 986 1971 1057">
     <span class='ocr_line' id='line_1_8' title="bbox 409 986 1971 1057; baseline -0.001 -13"><span class='ocrx_word' id='word_1_52' title='bbox 409 998 676 1055; x_wconf 87' lang='lat' dir='ltr'><strong>nostram,</strong></span> <span class='ocrx_word' id='word_1_53' title='bbox 721 1007 740 1041; x_wconf 73' lang='grc' dir='ltr'><strong>ι</strong></span> <span class='ocrx_word' id='word_1_54' title='bbox 787 987 985 1057; x_wconf 85' lang='lat' dir='ltr'><strong>reliqui</strong></span> <span class='ocrx_word' id='word_1_55' title='bbox 1046 1003 1238 1043; x_wconf 87' lang='lat' dir='ltr'><strong>omnes</strong></span> <span class='ocrx_word' id='word_1_56' title='bbox 1286 988 1612 1056; x_wconf 81' lang='lat' dir='ltr'><strong>interpretes</strong></span> <span class='ocrx_word' id='word_1_57' title='bbox 1647 986 1971 1043; x_wconf 88' lang='lat' dir='ltr'><strong>ediderunt:</strong></span> 
     </span>
    </p>
   </div>
   <div class='ocr_carea' id='block_1_9' title="bbox 411 1077 1971 1150">
    <p class='ocr_par' dir='ltr' id='par_1_9' title="bbox 411 1077 1971 1150">
     <span class='ocr_line' id='line_1_9' title="bbox 411 1077 1971 1150; baseline 0 -18"><span class='ocrx_word' id='word_1_58' title='bbox 411 1093 472 1133; x_wconf 78' lang='lat' dir='ltr'><strong>ac</strong></span> <span class='ocrx_word' id='word_1_59' title='bbox 503 1093 722 1134; x_wconf 78' lang='lat' dir='ltr'><strong>rursum</strong></span> <span class='ocrx_word' id='word_1_60' title='bbox 752 1093 851 1150; x_wconf 89' lang='lat' dir='ltr'><strong>pro</strong></span> <span class='ocrx_word' id='word_1_61' title='bbox 875 1077 986 1146; x_wconf 92' lang='lat' dir='ltr'><strong>illo,</strong></span> <span class='ocrx_word' id='word_1_62' title='bbox 1024 1095 1044 1128; x_wconf 74' lang='grc' dir='ltr'><strong>ι</strong></span> <span class='ocrx_word' id='word_1_63' title='bbox 1086 1077 1251 1148; x_wconf 88' lang='lat' dir='ltr'><strong>pedes</strong></span> <span class='ocrx_word' id='word_1_64' title='bbox 1283 1094 1457 1146; x_wconf 90' lang='lat' dir='ltr'><strong>meos,</strong></span> <span class='ocrx_word' id='word_1_65' title='bbox 1507 1079 1674 1149; x_wconf 90' lang='lat' dir='ltr'><strong>pedes</strong></span> <span class='ocrx_word' id='word_1_66' title='bbox 1694 1087 1913 1134; x_wconf 91' lang='lat' dir='ltr'><strong>nostros</strong></span> <span class='ocrx_word' id='word_1_67' title='bbox 1951 1098 1971 1132; x_wconf 69' lang='grc' dir='ltr'><strong>ι</strong></span> 
     </span>
    </p>
   </div>
   <div class='ocr_carea' id='block_1_10' title="bbox 409 1169 1974 1240">
    <p class='ocr_par' dir='ltr' id='par_1_10' title="bbox 409 1169 1974 1240">
     <span class='ocr_line' id='line_1_10' title="bbox 409 1169 1974 1240; baseline -0.001 -15"><span class='ocrx_word' id='word_1_68' title='bbox 409 1171 535 1226; x_wconf 87' lang='lat' dir='ltr'><strong>item</strong></span> <span class='ocrx_word' id='word_1_69' title='bbox 564 1186 754 1227; x_wconf 89' lang='lat' dir='ltr'><strong>omnes</strong></span> <span class='ocrx_word' id='word_1_70' title='bbox 787 1171 1126 1240; x_wconf 86' lang='lat' dir='ltr'><strong>interpretati</strong></span> <span class='ocrx_word' id='word_1_71' title='bbox 1161 1178 1307 1225; x_wconf 89' lang='lat' dir='ltr'><strong>sunt.</strong></span> <span class='ocrx_word' id='word_1_72' title='bbox 1340 1169 1459 1225; x_wconf 83' lang='lat' dir='ltr'><strong>Non</strong></span> <span class='ocrx_word' id='word_1_73' title='bbox 1492 1179 1734 1234; x_wconf 89' lang='lat' dir='ltr'><strong>tantum,</strong></span> <span class='ocrx_word' id='word_1_74' title='bbox 1768 1169 1974 1240; x_wconf 87' lang='lat' dir='ltr'><strong>inquit,</strong></span> 
     </span>
    </p>
   </div>
   <div class='ocr_carea' id='block_1_11' title="bbox 411 1260 1978 1332">
    <p class='ocr_par' dir='ltr' id='par_1_11' title="bbox 411 1260 1978 1332">
     <span class='ocr_line' id='line_1_11' title="bbox 411 1260 1978 1332; baseline 0.003 -20"><span class='ocrx_word' id='word_1_75' title='bbox 411 1274 508 1330; x_wconf 91' lang='lat' dir='ltr'><strong>pro</strong></span> <span class='ocrx_word' id='word_1_76' title='bbox 538 1260 781 1330; x_wconf 84' lang='lat' dir='ltr'><strong>antiquis</strong></span> <span class='ocrx_word' id='word_1_77' title='bbox 814 1261 923 1316; x_wconf 86' lang='lat' dir='ltr'><strong>illis</strong></span> <span class='ocrx_word' id='word_1_78' title='bbox 967 1261 1059 1316; x_wconf 86' lang='lat' dir='ltr'><strong>Dei</strong></span> <span class='ocrx_word' id='word_1_79' title='bbox 1113 1262 1392 1331; x_wconf 87' lang='lat' dir='ltr'><strong>operibus,</strong></span> <span class='ocrx_word' id='word_1_80' title='bbox 1423 1277 1545 1331; x_wconf 66' lang='lat' dir='ltr'><strong>quae</strong></span> <span class='ocrx_word' id='word_1_81' title='bbox 1592 1277 1758 1332; x_wconf 88' lang='lat' dir='ltr'><strong>supra</strong></span> <span class='ocrx_word' id='word_1_82' title='bbox 1791 1261 1978 1318; x_wconf 86' lang='lat' dir='ltr'><strong>decla-</strong></span> 
     </span>
    </p>
   </div>
   <div class='ocr_carea' id='block_1_12' title="bbox 412 1354 1980 1424">
    <p class='ocr_par' dir='ltr' id='par_1_12' title="bbox 412 1354 1980 1424">
     <span class='ocr_line' id='line_1_12' title="bbox 412 1354 1980 1424; baseline 0.004 -18"><span class='ocrx_word' id='word_1_83' title='bbox 412 1361 530 1406; x_wconf 86' lang='lat' dir='ltr'><strong>rata</strong></span> <span class='ocrx_word' id='word_1_84' title='bbox 565 1361 715 1418; x_wconf 90' lang='lat' dir='ltr'><strong>sunt,</strong></span> <span class='ocrx_word' id='word_1_85' title='bbox 754 1354 1014 1424; x_wconf 87' lang='lat' dir='ltr'><strong>hymnum</strong></span> <span class='ocrx_word' id='word_1_86' title='bbox 1057 1354 1161 1423; x_wconf 92' lang='lat' dir='ltr'><strong>ipsi</strong></span> <span class='ocrx_word' id='word_1_87' title='bbox 1196 1364 1248 1410; x_wconf 90' lang='lat' dir='ltr'><strong>et</strong></span> <span class='ocrx_word' id='word_1_88' title='bbox 1280 1355 1471 1411; x_wconf 90' lang='lat' dir='ltr'><strong>laudes</strong></span> <span class='ocrx_word' id='word_1_89' title='bbox 1497 1357 1760 1422; x_wconf 82' lang='lat' dir='ltr'><strong>emittite;</strong></span> <span class='ocrx_word' id='word_1_90' title='bbox 1794 1355 1888 1412; x_wconf 91' lang='lat' dir='ltr'><strong>sed</strong></span> <span class='ocrx_word' id='word_1_91' title='bbox 1909 1357 1980 1412; x_wconf 91' lang='lat' dir='ltr'><strong>ob</strong></span> 
     </span>
    </p>
   </div>
   <div class='ocr_carea' id='block_1_13' title="bbox 333 1443 1976 1518">
    <p class='ocr_par' dir='ltr' id='par_1_13' title="bbox 333 1443 1976 1518">
     <span class='ocr_line' id='line_1_13' title="bbox 333 1443 1976 1518; baseline 0.002 -20"><span class='ocrx_word' id='word_1_92' title='bbox 333 1454 344 1467; x_wconf 89' lang='lat'><strong>&#39;</strong></span> <span class='ocrx_word' id='word_1_93' title='bbox 411 1443 672 1500; x_wconf 81' lang='lat' dir='ltr'><strong>beneﬁcia</strong></span> <span class='ocrx_word' id='word_1_94' title='bbox 724 1446 885 1501; x_wconf 92' lang='lat' dir='ltr'><strong>nobis</strong></span> <span class='ocrx_word' id='word_1_95' title='bbox 929 1445 1083 1516; x_wconf 90' lang='lat' dir='ltr'><strong>ipsis,</strong></span> <span class='ocrx_word' id='word_1_96' title='bbox 1116 1446 1210 1517; x_wconf 91' lang='lat' dir='ltr'><strong>qui</strong></span> <span class='ocrx_word' id='word_1_97' title='bbox 1253 1446 1383 1501; x_wconf 90' lang='lat' dir='ltr'><strong>talia</strong></span> <span class='ocrx_word' id='word_1_98' title='bbox 1431 1447 1726 1518; x_wconf 87' lang='lat' dir='ltr'><strong>loquimur,</strong></span> <span class='ocrx_word' id='word_1_99' title='bbox 1763 1449 1976 1504; x_wconf 90' lang='lat' dir='ltr'><strong>collata.</strong></span> 
     </span>
    </p>
   </div>
   <div class='ocr_carea' id='block_1_14' title="bbox 410 1535 1980 1608">
    <p class='ocr_par' dir='ltr' id='par_1_14' title="bbox 410 1535 1980 1608">
     <span class='ocr_line' id='line_1_14' title="bbox 410 1535 1980 1608; baseline 0.004 -18"><span class='ocrx_word' id='word_1_100' title='bbox 410 1535 856 1608; x_wconf 81' lang='lat' dir='ltr'><strong>Quandoquidem</strong></span> <span class='ocrx_word' id='word_1_101' title='bbox 896 1538 1040 1594; x_wconf 91' lang='lat' dir='ltr'><strong>enim</strong></span> <span class='ocrx_word' id='word_1_102' title='bbox 1075 1539 1240 1608; x_wconf 88' lang='lat' dir='ltr'><strong>pedes</strong></span> <span class='ocrx_word' id='word_1_103' title='bbox 1275 1548 1514 1604; x_wconf 88' lang='lat' dir='ltr'><strong>nostros,</strong></span> <span class='ocrx_word' id='word_1_104' title='bbox 1553 1541 1710 1597; x_wconf 86' lang='lat' dir='ltr'><strong>valde</strong></span> <span class='ocrx_word' id='word_1_105' title='bbox 1753 1557 1980 1596; x_wconf 87' lang='lat' dir='ltr'><strong>curren-</strong></span> 
     </span>
    </p>
   </div>
   <div class='ocr_carea' id='block_1_15' title="bbox 411 1629 1982 1704">
    <p class='ocr_par' dir='ltr' id='par_1_15' title="bbox 411 1629 1982 1704">
     <span class='ocr_line' id='line_1_15' title="bbox 411 1629 1982 1704; baseline 0.006 -24"><span class='ocrx_word' id='word_1_106' title='bbox 411 1632 516 1688; x_wconf 73' lang='lat' dir='ltr'><strong>tes.</strong></span> <span class='ocrx_word' id='word_1_107' title='bbox 567 1635 752 1700; x_wconf 90' lang='lat' dir='ltr'><strong>utpote</strong></span> <span class='ocrx_word' id='word_1_108' title='bbox 786 1629 880 1700; x_wconf 92' lang='lat' dir='ltr'><strong>qui</strong></span> <span class='ocrx_word' id='word_1_109' title='bbox 922 1630 1078 1685; x_wconf 81' lang='lat' dir='ltr'><strong>vobis</strong></span> <span class='ocrx_word' id='word_1_110' title='bbox 1132 1632 1389 1688; x_wconf 90' lang='lat' dir='ltr'><strong>omnibus</strong></span> <span class='ocrx_word' id='word_1_111' title='bbox 1436 1634 1690 1704; x_wconf 79' lang='lat' dir='ltr'><strong>gentibus</strong></span> <span class='ocrx_word' id='word_1_112' title='bbox 1742 1635 1982 1690; x_wconf 88' lang='lat' dir='ltr'><strong>salutare</strong></span> 
     </span>
    </p>
   </div>
   <div class='ocr_carea' id='block_1_16' title="bbox 412 1717 1981 1792">
    <p class='ocr_par' dir='ltr' id='par_1_16' title="bbox 412 1717 1981 1792">
     <span class='ocr_line' id='line_1_16' title="bbox 412 1717 1981 1792; baseline 0.006 -20"><span class='ocrx_word' id='word_1_113' title='bbox 412 1717 762 1791; x_wconf 87' lang='lat' dir='ltr'><strong>Evangelium</strong></span> <span class='ocrx_word' id='word_1_114' title='bbox 819 1721 1204 1792; x_wconf 83' lang='lat' dir='ltr'><strong>praedicemus,</strong></span> <span class='ocrx_word' id='word_1_115' title='bbox 1260 1723 1611 1792; x_wconf 78' lang='lat' dir='ltr'><strong>confortavit,</strong></span> <span class='ocrx_word' id='word_1_116' title='bbox 1650 1735 1704 1782; x_wconf 93' lang='lat' dir='ltr'><strong>et</strong></span> <span class='ocrx_word' id='word_1_117' title='bbox 1749 1726 1804 1780; x_wconf 94' lang='lat' dir='ltr'><strong>in</strong></span> <span class='ocrx_word' id='word_1_118' title='bbox 1855 1728 1981 1782; x_wconf 69' lang='lat' dir='ltr'><strong>vitae</strong></span> 
     </span>
    </p>
   </div>
   <div class='ocr_carea' id='block_1_17' title="bbox 1139 310 1984 376">
    <p class='ocr_par' dir='ltr' id='par_1_17' title="bbox 1139 315 1984 376">
     <span class='ocr_line' id='line_1_17' title="bbox 1139 315 1984 376; baseline -0.001 -2"><span class='ocrx_word' id='word_1_119' title='bbox 1139 318 1415 375; x_wconf 71' lang='lat' dir='ltr'><strong>LUSEBH</strong></span> <span class='ocrx_word' id='word_1_120' title='bbox 1449 315 1928 376; x_wconf 69' lang='grc' dir='ltr'>οΑῑεΑιιιεΝειε</span> <span class='ocrx_word' id='word_1_121' title='bbox 1961 316 1984 373; x_wconf 79' lang='grc' dir='ltr'><strong>ί</strong></span> 
     </span>
    </p>
   </div>
   <div class='ocr_carea' id='block_1_18' title="bbox 2086 310 3609 376">
    <p class='ocr_par' dir='ltr' id='par_1_18' title="bbox 2086 310 3609 373">
     <span class='ocr_line' id='line_1_18' title="bbox 2086 310 3609 373; baseline -0.014 1"><span class='ocrx_word' id='word_1_122' title='bbox 2086 327 2108 373; x_wconf 67' lang='grc'><strong>⁵.</strong></span> <span class='ocrx_word' id='word_1_123' title='bbox 2151 317 2331 373; x_wconf 74' lang='lat' dir='ltr'><strong>PARS</strong></span> <span class='ocrx_word' id='word_1_124' title='bbox 2369 317 2456 370; x_wconf 85' lang='grc' dir='ltr'>ιιι.</span> <span class='ocrx_word' id='word_1_125' title='bbox 2497 344 2566 357; x_wconf 88' lang='grc'><strong><em>-</em></strong></span> <span class='ocrx_word' id='word_1_126' title='bbox 2597 311 3007 368; x_wconf 79' lang='lat' dir='ltr'><strong>EXEGE&#39;I&#39;ICA.</strong></span> <span class='ocrx_word' id='word_1_127' title='bbox 3529 310 3609 366; x_wconf 71' lang='lat'><strong>650</strong></span> 
     </span>
    </p>
   </div>
   <div class='ocr_carea' id='block_1_19' title="bbox 2068 424 3611 501">
    <p class='ocr_par' dir='ltr' id='par_1_19' title="bbox 2068 424 3611 501">
     <span class='ocr_line' id='line_1_19' title="bbox 2068 424 3611 501; baseline -0.005 -11"><span class='ocrx_word' id='word_1_128' title='bbox 2068 455 2174 490; x_wconf 88' lang='grc' dir='ltr'><strong>των</strong></span> <span class='ocrx_word' id='word_1_129' title='bbox 2237 438 2345 490; x_wconf 90' lang='grc' dir='ltr'><strong>τῶν</strong></span> <span class='ocrx_word' id='word_1_130' title='bbox 2407 433 2574 490; x_wconf 79' lang='grc' dir='ltr'>ἐθνῶν</span> <span class='ocrx_word' id='word_1_131' title='bbox 2634 429 3057 501; x_wconf 78' lang='grc' dir='ltr'><strong>συνειλεγμένοι,</strong></span> <span class='ocrx_word' id='word_1_132' title='bbox 3111 428 3239 490; x_wconf 80' lang='grc' dir='ltr'>τοὺς</span> <span class='ocrx_word' id='word_1_133' title='bbox 3289 424 3486 496; x_wconf 75' lang='grc' dir='ltr'>ὕμνους</span> <span class='ocrx_word' id='word_1_134' title='bbox 3540 431 3611 482; x_wconf 72' lang='grc' dir='ltr'><strong>καὶ</strong></span> 
     </span>
    </p>
   </div>
   <div class='ocr_carea' id='block_1_20' title="bbox 2075 517 3612 601">
    <p class='ocr_par' dir='ltr' id='par_1_20' title="bbox 2075 517 3612 601">
     <span class='ocr_line' id='line_1_20' title="bbox 2075 517 3612 601; baseline -0.007 -18"><span class='ocrx_word' id='word_1_135' title='bbox 2075 530 2172 594; x_wconf 85' lang='grc' dir='ltr'>τὰς</span> <span class='ocrx_word' id='word_1_136' title='bbox 2224 529 2559 601; x_wconf 72' lang='grc' dir='ltr'>ψαλμῳδίας,</span> <span class='ocrx_word' id='word_1_137' title='bbox 2589 527 2688 579; x_wconf 91' lang='grc' dir='ltr'><strong>οὐκ</strong></span> <span class='ocrx_word' id='word_1_138' title='bbox 2731 525 2821 578; x_wconf 74' lang='grc' dir='ltr'>ἐπὶ</span> <span class='ocrx_word' id='word_1_139' title='bbox 2849 526 2959 587; x_wconf 83' lang='grc' dir='ltr'>τοῖς</span> <span class='ocrx_word' id='word_1_140' title='bbox 3011 519 3284 591; x_wconf 81' lang='grc' dir='ltr'><strong>πατρῴοις</strong></span> <span class='ocrx_word' id='word_1_141' title='bbox 3329 517 3486 583; x_wconf 88' lang='grc' dir='ltr'>θεοῖς,</span> <span class='ocrx_word' id='word_1_142' title='bbox 3519 521 3612 573; x_wconf 75' lang='grc' dir='ltr'>οὐδὲ</span> 
     </span>
    </p>
   </div>
   <div class='ocr_carea' id='block_1_21' title="bbox 2074 610 3612 694">
    <p class='ocr_par' dir='ltr' id='par_1_21' title="bbox 2074 610 3612 694">
     <span class='ocr_line' id='line_1_21' title="bbox 2074 610 3612 694; baseline -0.009 -18"><span class='ocrx_word' id='word_1_143' title='bbox 2074 626 2186 688; x_wconf 89' lang='grc' dir='ltr'>τοῖς</span> <span class='ocrx_word' id='word_1_144' title='bbox 2241 622 2526 694; x_wconf 84' lang='grc' dir='ltr'>θεομάχοις</span> <span class='ocrx_word' id='word_1_145' title='bbox 2575 617 2810 690; x_wconf 79' lang='grc' dir='ltr'>δαίμοσι,</span> <span class='ocrx_word' id='word_1_146' title='bbox 2846 616 2989 688; x_wconf 79' lang='grc' dir='ltr'>μόνῳ</span> <span class='ocrx_word' id='word_1_147' title='bbox 3009 614 3065 667; x_wconf 82' lang='grc' dir='ltr'>δὲ</span> <span class='ocrx_word' id='word_1_148' title='bbox 3088 612 3163 684; x_wconf 83' lang='grc' dir='ltr'><strong>τῷ</strong></span> <span class='ocrx_word' id='word_1_149' title='bbox 3189 610 3340 682; x_wconf 81' lang='grc' dir='ltr'>παρὰ</span> <span class='ocrx_word' id='word_1_150' title='bbox 3372 612 3481 676; x_wconf 83' lang='grc' dir='ltr'>τοῖς</span> <span class='ocrx_word' id='word_1_151' title='bbox 3513 629 3612 680; x_wconf 84' lang='grc' dir='ltr'>προ-</span> 
     </span>
    </p>
   </div>
   <div class='ocr_carea' id='block_1_22' title="bbox 2076 703 3613 788">
    <p class='ocr_par' dir='ltr' id='par_1_22' title="bbox 2076 703 3613 788">
     <span class='ocr_line' id='line_1_22' title="bbox 2076 703 3613 788; baseline -0.026 2"><span class='ocrx_word' id='word_1_152' title='bbox 2076 719 2274 788; x_wconf 81' lang='grc' dir='ltr'>φήταις</span> <span class='ocrx_word' id='word_1_153' title='bbox 2333 711 2733 783; x_wconf 75' lang='grc' dir='ltr'>θεολογουμένῳ</span> <span class='ocrx_word' id='word_1_154' title='bbox 2785 709 2922 782; x_wconf 76' lang='grc' dir='ltr'>μετὰ</span> <span class='ocrx_word' id='word_1_155' title='bbox 2971 707 3210 781; x_wconf 73' lang='grc' dir='ltr'>μεγάλης</span> <span class='ocrx_word' id='word_1_156' title='bbox 3267 703 3613 773; x_wconf 52' lang='lat' dir='ltr'><strong>evan-emus.</strong></span> 
     </span>
    </p>
   </div>
   <div class='ocr_carea' id='block_1_23' title="bbox 2079 790 3619 882">
    <p class='ocr_par' dir='ltr' id='par_1_23' title="bbox 2079 790 3619 882">
     <span class='ocr_line' id='line_1_23' title="bbox 2079 790 3619 882; baseline -0.011 -19"><span class='ocrx_word' id='word_1_157' title='bbox 2079 811 2227 882; x_wconf 86' lang='grc' dir='ltr'>βοῆς,</span> <span class='ocrx_word' id='word_1_158' title='bbox 2251 809 2325 872; x_wconf 83' lang='grc' dir='ltr'>ὡς</span> <span class='ocrx_word' id='word_1_159' title='bbox 2355 808 2584 871; x_wconf 74' lang='grc' dir='ltr'>καὶτοῖς</span> <span class='ocrx_word' id='word_1_160' title='bbox 2608 805 2762 868; x_wconf 78' lang='grc' dir='ltr'>ἐκτὸς</span> <span class='ocrx_word' id='word_1_161' title='bbox 2788 802 3012 857; x_wconf 79' lang='grc' dir='ltr'><strong>ἑστῶσιν</strong></span> <span class='ocrx_word' id='word_1_162' title='bbox 3037 800 3359 866; x_wconf 75' lang='grc' dir='ltr'>ἐξάκουστον</span> <span class='ocrx_word' id='word_1_163' title='bbox 3383 790 3619 848; x_wconf 82' lang='grc' dir='ltr'>εἶναιτῶν</span> 
     </span>
    </p>
   </div>
   <div class='ocr_carea' id='block_1_24' title="bbox 2074 887 3621 972">
    <p class='ocr_par' dir='ltr' id='par_1_24' title="bbox 2074 887 3621 972">
     <span class='ocr_line' id='line_1_24' title="bbox 2074 887 3621 972; baseline -0.008 -18"><span class='ocrx_word' id='word_1_164' title='bbox 2074 900 2382 972; x_wconf 76' lang='grc' dir='ltr'>ψαλλόντων</span> <span class='ocrx_word' id='word_1_165' title='bbox 2429 898 2526 970; x_wconf 84' lang='grc' dir='ltr'><strong>τὴν</strong></span> <span class='ocrx_word' id='word_1_166' title='bbox 2577 898 2758 969; x_wconf 79' lang='grc' dir='ltr'>φωνήν</span> <span class='ocrx_word' id='word_1_167' title='bbox 2777 915 2789 927; x_wconf 87' lang='grc'>·</span> <span class='ocrx_word' id='word_1_168' title='bbox 2825 895 2970 968; x_wconf 78' lang='grc' dir='ltr'>ἔργῳ</span> <span class='ocrx_word' id='word_1_169' title='bbox 3000 890 3374 963; x_wconf 79' lang='grc' dir='ltr'><strong>πληρουμένου</strong></span> <span class='ocrx_word' id='word_1_170' title='bbox 3428 887 3514 941; x_wconf 87' lang='grc' dir='ltr'><strong>τοῦ</strong></span> <span class='ocrx_word' id='word_1_171' title='bbox 3539 888 3621 957; x_wconf 78' lang='grc' dir='ltr'><strong>φά-</strong></span> 
     </span>
    </p>
   </div>
   <div class='ocr_carea' id='block_1_25' title="bbox 2079 981 3622 1059">
    <p class='ocr_par' dir='ltr' id='par_1_25' title="bbox 2079 981 3622 1059">
     <span class='ocr_line' id='line_1_25' title="bbox 2079 981 3622 1059; baseline -0.009 -10"><span class='ocrx_word' id='word_1_172' title='bbox 2079 1010 2296 1054; x_wconf 85' lang='grc' dir='ltr'>σκοντος</span> <span class='ocrx_word' id='word_1_173' title='bbox 2329 990 2562 1046; x_wconf 75' lang='grc' dir='ltr'>ἐνταῦθα</span> <span class='ocrx_word' id='word_1_174' title='bbox 2593 989 2770 1059; x_wconf 78' lang='grc' dir='ltr'>λογίου</span> <span class='ocrx_word' id='word_1_175' title='bbox 2789 1005 2801 1017; x_wconf 89' lang='grc'>·</span> <span class='ocrx_word' id='word_1_176' title='bbox 2837 1007 2853 1039; x_wconf 75' lang='grc' dir='ltr'><strong>ι</strong></span> <span class='ocrx_word' id='word_1_177' title='bbox 2888 985 3193 1054; x_wconf 87' lang='grc' dir='ltr'>Εὐλογεῖτε,</span> <span class='ocrx_word' id='word_1_178' title='bbox 3225 982 3375 1052; x_wconf 74' lang='grc' dir='ltr'>ἔθνη,</span> <span class='ocrx_word' id='word_1_179' title='bbox 3399 981 3488 1034; x_wconf 81' lang='grc' dir='ltr'><strong>τὸν</strong></span> <span class='ocrx_word' id='word_1_180' title='bbox 3516 981 3622 1035; x_wconf 82' lang='grc' dir='ltr'>Θεὸν</span> 
     </span>
    </p>
   </div>
   <div class='ocr_carea' id='block_1_26' title="bbox 2079 1070 3624 1156">
    <p class='ocr_par' dir='ltr' id='par_1_26' title="bbox 2079 1070 3624 1156">
     <span class='ocr_line' id='line_1_26' title="bbox 2079 1070 3624 1156; baseline -0.012 -17"><span class='ocrx_word' id='word_1_181' title='bbox 2079 1083 2255 1156; x_wconf 79' lang='grc' dir='ltr'>ἡμῶν,</span> <span class='ocrx_word' id='word_1_182' title='bbox 2287 1083 2381 1137; x_wconf 77' lang='grc' dir='ltr'><strong>καὶ</strong></span> <span class='ocrx_word' id='word_1_183' title='bbox 2413 1080 2730 1135; x_wconf 80' lang='grc' dir='ltr'>ὰκουτίσατε</span> <span class='ocrx_word' id='word_1_184' title='bbox 2774 1078 2872 1150; x_wconf 81' lang='grc' dir='ltr'>τὴν</span> <span class='ocrx_word' id='word_1_185' title='bbox 2921 1075 3102 1144; x_wconf 83' lang='grc' dir='ltr'>φωνὴν</span> <span class='ocrx_word' id='word_1_186' title='bbox 3134 1073 3233 1143; x_wconf 86' lang='grc' dir='ltr'><strong>τῆς</strong></span> <span class='ocrx_word' id='word_1_187' title='bbox 3273 1071 3525 1131; x_wconf 79' lang='grc' dir='ltr'><strong>αἰνέσεως</strong></span> <span class='ocrx_word' id='word_1_188' title='bbox 3548 1070 3624 1123; x_wconf 82' lang='grc' dir='ltr'>αὐ-</span> 
     </span>
    </p>
   </div>
   <div class='ocr_carea' id='block_1_27' title="bbox 2077 1160 3623 1244">
    <p class='ocr_par' dir='ltr' id='par_1_27' title="bbox 2077 1160 3623 1244">
     <span class='ocr_line' id='line_1_27' title="bbox 2077 1160 3623 1244; baseline -0.008 -17"><span class='ocrx_word' id='word_1_189' title='bbox 2077 1175 2192 1229; x_wconf 90' lang='grc' dir='ltr'>τοῦ.</span> <span class='ocrx_word' id='word_1_190' title='bbox 2225 1194 2243 1228; x_wconf 72' lang='grc' dir='ltr'><strong>ι</strong></span> <span class='ocrx_word' id='word_1_191' title='bbox 2281 1170 2395 1228; x_wconf 81' lang='grc' dir='ltr'><strong>Εἶθ’</strong></span> <span class='ocrx_word' id='word_1_192' title='bbox 2423 1173 2550 1244; x_wconf 77' lang='grc' dir='ltr'>ἑξῆς</span> <span class='ocrx_word' id='word_1_193' title='bbox 2577 1171 2867 1242; x_wconf 82' lang='grc' dir='ltr'>συνῆπται·</span> <span class='ocrx_word' id='word_1_194' title='bbox 2911 1187 2930 1219; x_wconf 77' lang='grc' dir='ltr'><strong>ι</strong></span> <span class='ocrx_word' id='word_1_195' title='bbox 2959 1165 3066 1219; x_wconf 92' lang='grc' dir='ltr'><strong>Τοῦ</strong></span> <span class='ocrx_word' id='word_1_196' title='bbox 3097 1164 3324 1234; x_wconf 86' lang='grc' dir='ltr'>θεμένου</span> <span class='ocrx_word' id='word_1_197' title='bbox 3354 1160 3451 1232; x_wconf 84' lang='grc' dir='ltr'><strong>τὴν</strong></span> <span class='ocrx_word' id='word_1_198' title='bbox 3476 1162 3623 1232; x_wconf 61' lang='grc' dir='ltr'>ψυχήν</span> 
     </span>
    </p>
   </div>
   <div class='ocr_carea' id='block_1_28' title="bbox 2083 1253 3623 1338">
    <p class='ocr_par' dir='ltr' id='par_1_28' title="bbox 2083 1253 3623 1338">
     <span class='ocr_line' id='line_1_28' title="bbox 2083 1253 3623 1338; baseline -0.01 -17"><span class='ocrx_word' id='word_1_199' title='bbox 2083 1284 2183 1338; x_wconf 91' lang='grc' dir='ltr'><strong>μου</strong></span> <span class='ocrx_word' id='word_1_200' title='bbox 2226 1268 2306 1331; x_wconf 81' lang='grc' dir='ltr'><strong>εἰς</strong></span> <span class='ocrx_word' id='word_1_201' title='bbox 2355 1265 2520 1335; x_wconf 82' lang='grc' dir='ltr'>ζωὴν,</span> <span class='ocrx_word' id='word_1_202' title='bbox 2548 1263 2643 1317; x_wconf 75' lang='grc' dir='ltr'><strong>καὶ</strong></span> <span class='ocrx_word' id='word_1_203' title='bbox 2679 1261 2754 1334; x_wconf 84' lang='grc' dir='ltr'>μὴ</span> <span class='ocrx_word' id='word_1_204' title='bbox 2779 1260 2962 1324; x_wconf 84' lang='grc' dir='ltr'>δόντος</span> <span class='ocrx_word' id='word_1_205' title='bbox 3002 1260 3081 1322; x_wconf 81' lang='grc' dir='ltr'>εἰς</span> <span class='ocrx_word' id='word_1_206' title='bbox 3117 1256 3276 1310; x_wconf 82' lang='grc' dir='ltr'>σάλον</span> <span class='ocrx_word' id='word_1_207' title='bbox 3321 1256 3447 1317; x_wconf 78' lang='grc' dir='ltr'>τοὺς</span> <span class='ocrx_word' id='word_1_208' title='bbox 3487 1253 3623 1316; x_wconf 75' lang='grc' dir='ltr'>πόδας</span> 
     </span>
    </p>
   </div>
   <div class='ocr_carea' id='block_1_29' title="bbox 2083 1344 3620 1431">
    <p class='ocr_par' dir='ltr' id='par_1_29' title="bbox 2083 1344 3620 1431">
     <span class='ocr_line' id='line_1_29' title="bbox 2083 1344 3620 1431; baseline -0.011 -19"><span class='ocrx_word' id='word_1_209' title='bbox 2083 1376 2203 1431; x_wconf 89' lang='grc' dir='ltr'>μου.</span> <span class='ocrx_word' id='word_1_210' title='bbox 2217 1377 2236 1410; x_wconf 71' lang='grc' dir='ltr'><strong>ι</strong></span> <span class='ocrx_word' id='word_1_211' title='bbox 2257 1356 2400 1410; x_wconf 76' lang='grc' dir='ltr'>Ἀντὶ</span> <span class='ocrx_word' id='word_1_212' title='bbox 2422 1355 2477 1409; x_wconf 87' lang='grc' dir='ltr'>δὲ</span> <span class='ocrx_word' id='word_1_213' title='bbox 2501 1354 2616 1420; x_wconf 89' lang='grc' dir='ltr'>τοῦ,</span> <span class='ocrx_word' id='word_1_214' title='bbox 2640 1373 2658 1406; x_wconf 74' lang='grc' dir='ltr'><strong>ι</strong></span> <span class='ocrx_word' id='word_1_215' title='bbox 2677 1354 2776 1424; x_wconf 79' lang='grc' dir='ltr'>τὴν</span> <span class='ocrx_word' id='word_1_216' title='bbox 2789 1352 2966 1423; x_wconf 82' lang='grc' dir='ltr'>ψυχήν</span> <span class='ocrx_word' id='word_1_217' title='bbox 2987 1347 3219 1422; x_wconf 79' lang='grc' dir='ltr'>μου,τὴν</span> <span class='ocrx_word' id='word_1_218' title='bbox 3239 1346 3417 1418; x_wconf 76' lang='grc' dir='ltr'>ψυχὴν</span> <span class='ocrx_word' id='word_1_219' title='bbox 3443 1344 3620 1415; x_wconf 62' lang='lat' dir='ltr'><strong>maliv,»</strong></span> 
     </span>
    </p>
   </div>
   <div class='ocr_carea' id='block_1_30' title="bbox 2079 1435 3625 1514">
    <p class='ocr_par' dir='ltr' id='par_1_30' title="bbox 2079 1435 3625 1514">
     <span class='ocr_line' id='line_1_30' title="bbox 2079 1435 3625 1514; baseline -0.007 -15"><span class='ocrx_word' id='word_1_220' title='bbox 2079 1449 2128 1499; x_wconf 80' lang='grc' dir='ltr'>οἱ</span> <span class='ocrx_word' id='word_1_221' title='bbox 2155 1447 2328 1500; x_wconf 77' lang='grc' dir='ltr'>λοιποὶ</span> <span class='ocrx_word' id='word_1_222' title='bbox 2360 1446 2560 1508; x_wconf 85' lang='grc' dir='ltr'>πάντες</span> <span class='ocrx_word' id='word_1_223' title='bbox 2590 1442 2920 1514; x_wconf 78' lang='grc' dir='ltr'>ὲρμηνευταὶ</span> <span class='ocrx_word' id='word_1_224' title='bbox 2951 1437 3278 1492; x_wconf 81' lang='grc' dir='ltr'>ὲκδεδὼκαοι</span> <span class='ocrx_word' id='word_1_225' title='bbox 3297 1456 3308 1466; x_wconf 82' lang='grc'><em>’</em></span> <span class='ocrx_word' id='word_1_226' title='bbox 3369 1436 3460 1488; x_wconf 78' lang='grc' dir='ltr'><strong>καὶ</strong></span> <span class='ocrx_word' id='word_1_227' title='bbox 3490 1435 3625 1488; x_wconf 57' lang='grc' dir='ltr'>πάλιν</span> 
     </span>
    </p>
   </div>
   <div class='ocr_carea' id='block_1_31' title="bbox 2080 1527 3627 1608">
    <p class='ocr_par' dir='ltr' id='par_1_31' title="bbox 2080 1527 3627 1608">
     <span class='ocr_line' id='line_1_31' title="bbox 2080 1527 3627 1608; baseline -0.008 -17"><span class='ocrx_word' id='word_1_228' title='bbox 2080 1541 2220 1603; x_wconf 78' lang='grc' dir='ltr'>ἀντὶ,</span> <span class='ocrx_word' id='word_1_229' title='bbox 2259 1558 2276 1590; x_wconf 82' lang='grc' dir='ltr'><strong>ι</strong></span> <span class='ocrx_word' id='word_1_230' title='bbox 2297 1539 2422 1602; x_wconf 78' lang='grc' dir='ltr'>τοὺς</span> <span class='ocrx_word' id='word_1_231' title='bbox 2443 1536 2605 1600; x_wconf 85' lang='grc' dir='ltr'><strong>πόδας</strong></span> <span class='ocrx_word' id='word_1_232' title='bbox 2623 1553 2745 1608; x_wconf 91' lang='grc' dir='ltr'>μου,</span> <span class='ocrx_word' id='word_1_233' title='bbox 2780 1535 2904 1597; x_wconf 81' lang='grc' dir='ltr'>τοὺς</span> <span class='ocrx_word' id='word_1_234' title='bbox 2933 1532 3097 1595; x_wconf 83' lang='grc' dir='ltr'>πόδας</span> <span class='ocrx_word' id='word_1_235' title='bbox 3130 1529 3307 1605; x_wconf 88' lang='grc' dir='ltr'>μῶν,</span> <span class='ocrx_word' id='word_1_236' title='bbox 3330 1547 3349 1580; x_wconf 70' lang='grc' dir='ltr'><strong>ι</strong></span> <span class='ocrx_word' id='word_1_237' title='bbox 3387 1527 3572 1598; x_wconf 70' lang='grc' dir='ltr'>ὁμοίως</span> <span class='ocrx_word' id='word_1_238' title='bbox 3589 1529 3627 1579; x_wconf 86' lang='grc' dir='ltr'>οἱ</span> 
     </span>
    </p>
   </div>
   <div class='ocr_carea' id='block_1_32' title="bbox 2083 1621 3628 1703">
    <p class='ocr_par' dir='ltr' id='par_1_32' title="bbox 2083 1621 3628 1703">
     <span class='ocr_line' id='line_1_32' title="bbox 2083 1621 3628 1703; baseline -0.01 -17"><span class='ocrx_word' id='word_1_239' title='bbox 2083 1634 2281 1696; x_wconf 84' lang='grc' dir='ltr'>πάντες</span> <span class='ocrx_word' id='word_1_240' title='bbox 2317 1631 2690 1703; x_wconf 83' lang='grc' dir='ltr'>ἡρμήνευσαν.</span> <span class='ocrx_word' id='word_1_241' title='bbox 2724 1626 2816 1699; x_wconf 83' lang='grc' dir='ltr'><strong>Μὴ</strong></span> <span class='ocrx_word' id='word_1_242' title='bbox 2844 1625 2952 1696; x_wconf 85' lang='grc' dir='ltr'>γὰρ</span> <span class='ocrx_word' id='word_1_243' title='bbox 2984 1625 3075 1678; x_wconf 73' lang='grc' dir='ltr'><strong>ἐπὶ</strong></span> <span class='ocrx_word' id='word_1_244' title='bbox 3100 1626 3212 1687; x_wconf 83' lang='grc' dir='ltr'>τοῖς</span> <span class='ocrx_word' id='word_1_245' title='bbox 3247 1621 3515 1685; x_wconf 82' lang='grc' dir='ltr'>παλαιοῖς,</span> <span class='ocrx_word' id='word_1_246' title='bbox 3542 1637 3628 1689; x_wconf 66' lang='grc' dir='ltr'><strong>φη-</strong></span> 
     </span>
    </p>
   </div>
   <div class='ocr_carea' id='block_1_33' title="bbox 2086 1711 3630 1798">
    <p class='ocr_par' dir='ltr' id='par_1_33' title="bbox 2086 1711 3630 1798">
     <span class='ocr_line' id='line_1_33' title="bbox 2086 1711 3630 1798; baseline -0.011 -18"><span class='ocrx_word' id='word_1_247' title='bbox 2086 1727 2160 1788; x_wconf 70' lang='grc' dir='ltr'>σὶ,</span> <span class='ocrx_word' id='word_1_248' title='bbox 2193 1726 2370 1798; x_wconf 90' lang='grc' dir='ltr'>μόνοις</span> <span class='ocrx_word' id='word_1_249' title='bbox 2405 1723 2586 1795; x_wconf 78' lang='grc' dir='ltr'>ἔργοις</span> <span class='ocrx_word' id='word_1_250' title='bbox 2612 1719 2706 1774; x_wconf 89' lang='grc' dir='ltr'><strong>τοῦ</strong></span> <span class='ocrx_word' id='word_1_251' title='bbox 2735 1718 2892 1782; x_wconf 83' lang='grc' dir='ltr'>Θεοῦ,</span> <span class='ocrx_word' id='word_1_252' title='bbox 2919 1716 2953 1771; x_wconf 81' lang='grc' dir='ltr'>ἃ</span> <span class='ocrx_word' id='word_1_253' title='bbox 2973 1716 3060 1770; x_wconf 88' lang='grc' dir='ltr'><strong>διά</strong></span> <span class='ocrx_word' id='word_1_254' title='bbox 3078 1715 3185 1769; x_wconf 89' lang='grc' dir='ltr'><strong>τῶν</strong></span> <span class='ocrx_word' id='word_1_255' title='bbox 3209 1711 3512 1786; x_wconf 80' lang='grc' dir='ltr'>ἔμπροσθεν</span> <span class='ocrx_word' id='word_1_256' title='bbox 3534 1711 3630 1782; x_wconf 60' lang='lat' dir='ltr'><strong>teq-</strong></span> 
     </span>
    </p>
   </div>
   <div class='ocr_carea' id='block_1_34' title="bbox 410 1803 1984 1887">
    <p class='ocr_par' dir='ltr' id='par_1_34' title="bbox 410 1809 1980 1886">
     <span class='ocr_line' id='line_1_34' title="bbox 410 1809 1980 1886; baseline 0.008 -22"><span class='ocrx_word' id='word_1_257' title='bbox 410 1809 647 1877; x_wconf 82' lang='lat' dir='ltr'><strong>deﬂuxu,</strong></span> <span class='ocrx_word' id='word_1_258' title='bbox 705 1813 893 1870; x_wconf 86' lang='lat' dir='ltr'><strong>obices</strong></span> <span class='ocrx_word' id='word_1_259' title='bbox 938 1829 1220 1881; x_wconf 87' lang='lat' dir='ltr'><strong>amovens,</strong></span> <span class='ocrx_word' id='word_1_260' title='bbox 1278 1818 1516 1872; x_wconf 84' lang='lat' dir='ltr'><strong>servavit</strong></span> <span class='ocrx_word' id='word_1_261' title='bbox 1573 1819 1980 1886; x_wconf 85' lang='lat' dir='ltr'><strong>inconcussos;</strong></span> 
     </span>
    </p>
   </div>
   <div class='ocr_carea' id='block_1_35' title="bbox 2086 1803 3629 1887">
    <p class='ocr_par' dir='ltr' id='par_1_35' title="bbox 2086 1803 3629 1887">
     <span class='ocr_line' id='line_1_35' title="bbox 2086 1803 3629 1887; baseline -0.012 -15"><span class='ocrx_word' id='word_1_262' title='bbox 2086 1819 2258 1882; x_wconf 82' lang='grc' dir='ltr'>λοῦτο,</span> <span class='ocrx_word' id='word_1_263' title='bbox 2299 1816 2388 1870; x_wconf 77' lang='grc' dir='ltr'><strong>τὸν</strong></span> <span class='ocrx_word' id='word_1_264' title='bbox 2417 1814 2584 1887; x_wconf 83' lang='grc' dir='ltr'>ῦμνον</span> <span class='ocrx_word' id='word_1_265' title='bbox 2607 1812 2752 1884; x_wconf 85' lang='grc' dir='ltr'>αὐτῷ</span> <span class='ocrx_word' id='word_1_266' title='bbox 2778 1809 2872 1863; x_wconf 80' lang='grc' dir='ltr'><strong>καὶ</strong></span> <span class='ocrx_word' id='word_1_267' title='bbox 2900 1808 2998 1872; x_wconf 80' lang='grc' dir='ltr'>τὰς</span> <span class='ocrx_word' id='word_1_268' title='bbox 3026 1807 3259 1870; x_wconf 79' lang='grc' dir='ltr'>αἰνέσεις</span> <span class='ocrx_word' id='word_1_269' title='bbox 3287 1803 3629 1875; x_wconf 84' lang='grc' dir='ltr'>ἀναπέμπετε·</span> 
     </span>
    </p>
   </div>
   <div class='ocr_carea' id='block_1_36' title="bbox 410 1904 1981 1981">
    <p class='ocr_par' dir='ltr' id='par_1_36' title="bbox 410 1904 1981 1981">
     <span class='ocr_line' id='line_1_36' title="bbox 410 1904 1981 1981; baseline 0.008 -26"><span class='ocrx_word' id='word_1_270' title='bbox 410 1904 707 1974; x_wconf 85' lang='lat' dir='ltr'><strong>multisque</strong></span> <span class='ocrx_word' id='word_1_271' title='bbox 743 1906 942 1962; x_wconf 68' lang='lat' dir='ltr'><strong>anima:</strong></span> <span class='ocrx_word' id='word_1_272' title='bbox 995 1917 1199 1964; x_wconf 62' lang='lat' dir='ltr'><strong>nostra:</strong></span> <span class='ocrx_word' id='word_1_273' title='bbox 1243 1909 1654 1976; x_wconf 88' lang='lat' dir='ltr'><strong>insidiantibus,</strong></span> <span class='ocrx_word' id='word_1_274' title='bbox 1698 1914 1816 1981; x_wconf 91' lang='lat' dir='ltr'><strong>ipse</strong></span> <span class='ocrx_word' id='word_1_275' title='bbox 1861 1913 1981 1981; x_wconf 86' lang='lat' dir='ltr'><strong>ejus</strong></span> 
     </span>
    </p>
   </div>
   <div class='ocr_carea' id='block_1_37' title="bbox 414 1997 1984 2074">
    <p class='ocr_par' dir='ltr' id='par_1_37' title="bbox 414 1997 1984 2074">
     <span class='ocr_line' id='line_1_37' title="bbox 414 1997 1984 2074; baseline 0.007 -27"><span class='ocrx_word' id='word_1_276' title='bbox 414 2002 663 2050; x_wconf 84' lang='lat' dir='ltr'><strong>servator</strong></span> <span class='ocrx_word' id='word_1_277' title='bbox 695 2005 750 2052; x_wconf 90' lang='lat' dir='ltr'><strong>et</strong></span> <span class='ocrx_word' id='word_1_278' title='bbox 771 2009 959 2058; x_wconf 91' lang='lat' dir='ltr'><strong>custos</strong></span> <span class='ocrx_word' id='word_1_279' title='bbox 994 1997 1096 2054; x_wconf 89' lang='lat' dir='ltr'><strong>fuit</strong></span> <span class='ocrx_word' id='word_1_280' title='bbox 1126 2017 1140 2054; x_wconf 90' lang='lat'><strong>:</strong></span> <span class='ocrx_word' id='word_1_281' title='bbox 1176 2015 1366 2056; x_wconf 90' lang='lat' dir='ltr'><strong>eorum</strong></span> <span class='ocrx_word' id='word_1_282' title='bbox 1420 2001 1603 2072; x_wconf 88' lang='lat' dir='ltr'><strong>itaque</strong></span> <span class='ocrx_word' id='word_1_283' title='bbox 1637 2003 1809 2074; x_wconf 85' lang='lat' dir='ltr'><strong>gratia</strong></span> <span class='ocrx_word' id='word_1_284' title='bbox 1843 2021 1862 2051; x_wconf 69' lang='grc' dir='ltr'>ί</span> <span class='ocrx_word' id='word_1_285' title='bbox 1889 2003 1984 2058; x_wconf 86' lang='lat' dir='ltr'><strong>be-</strong></span> 
     </span>
    </p>
   </div>
   <div class='ocr_carea' id='block_1_38' title="bbox 410 2086 1984 2165">
    <p class='ocr_par' dir='ltr' id='par_1_38' title="bbox 410 2086 1984 2165">
     <span class='ocr_line' id='line_1_38' title="bbox 410 2086 1984 2165; baseline 0.01 -27"><span class='ocrx_word' id='word_1_286' title='bbox 410 2086 663 2152; x_wconf 85' lang='lat' dir='ltr'><strong>nedicite,</strong></span> <span class='ocrx_word' id='word_1_287' title='bbox 688 2098 899 2158; x_wconf 86' lang='lat' dir='ltr'><strong>gentes,</strong></span> <span class='ocrx_word' id='word_1_288' title='bbox 930 2089 1104 2147; x_wconf 92' lang='lat' dir='ltr'><strong>Deum</strong></span> <span class='ocrx_word' id='word_1_289' title='bbox 1132 2101 1407 2163; x_wconf 86' lang='lat' dir='ltr'><strong>nostrum,</strong></span> <span class='ocrx_word' id='word_1_290' title='bbox 1435 2103 1491 2150; x_wconf 91' lang='lat' dir='ltr'><strong>et</strong></span> <span class='ocrx_word' id='word_1_291' title='bbox 1527 2095 1770 2151; x_wconf 90' lang='lat' dir='ltr'><strong>auditam</strong></span> <span class='ocrx_word' id='word_1_292' title='bbox 1821 2095 1984 2165; x_wconf 83' lang='lat' dir='ltr'><strong>facite</strong></span> 
     </span>
    </p>
   </div>
   <div class='ocr_carea' id='block_1_39' title="bbox 410 2180 1985 2259">
    <p class='ocr_par' dir='ltr' id='par_1_39' title="bbox 410 2180 1985 2259">
     <span class='ocr_line' id='line_1_39' title="bbox 410 2180 1985 2259; baseline 0.008 -28"><span class='ocrx_word' id='word_1_293' title='bbox 410 2193 596 2234; x_wconf 76' lang='lat' dir='ltr'><strong>vocem</strong></span> <span class='ocrx_word' id='word_1_294' title='bbox 624 2180 800 2238; x_wconf 88' lang='lat' dir='ltr'><strong>laudis</strong></span> <span class='ocrx_word' id='word_1_295' title='bbox 831 2183 972 2253; x_wconf 91' lang='lat' dir='ltr'><strong>ejus.</strong></span> <span class='ocrx_word' id='word_1_296' title='bbox 1012 2204 1031 2237; x_wconf 72' lang='grc' dir='ltr'><strong>ι</strong></span> <span class='ocrx_word' id='word_1_297' title='bbox 1066 2182 1192 2240; x_wconf 62' lang='lat' dir='ltr'><strong>Haec</strong></span> <span class='ocrx_word' id='word_1_298' title='bbox 1225 2201 1390 2257; x_wconf 90' lang='lat' dir='ltr'><strong>porro</strong></span> <span class='ocrx_word' id='word_1_299' title='bbox 1419 2203 1485 2242; x_wconf 77' lang='lat' dir='ltr'><strong>ex</strong></span> <span class='ocrx_word' id='word_1_300' title='bbox 1515 2203 1751 2258; x_wconf 87' lang='lat' dir='ltr'><strong>persona</strong></span> <span class='ocrx_word' id='word_1_301' title='bbox 1777 2204 1985 2259; x_wconf 58' lang='lat' dir='ltr'><strong>praeco-</strong></span> 
     </span>
    </p>
   </div>
   <div class='ocr_carea' id='block_1_40' title="bbox 410 2274 1982 2353">
    <p class='ocr_par' dir='ltr' id='par_1_40' title="bbox 410 2274 1982 2353">
     <span class='ocr_line' id='line_1_40' title="bbox 410 2274 1982 2353; baseline 0.004 -22"><span class='ocrx_word' id='word_1_302' title='bbox 410 2287 539 2331; x_wconf 89' lang='lat' dir='ltr'><strong>num</strong></span> <span class='ocrx_word' id='word_1_303' title='bbox 591 2274 868 2346; x_wconf 81' lang='lat' dir='ltr'><strong>Evangelii</strong></span> <span class='ocrx_word' id='word_1_304' title='bbox 915 2275 1204 2335; x_wconf 84' lang='lat' dir='ltr'><strong>manifeste</strong></span> <span class='ocrx_word' id='word_1_305' title='bbox 1250 2281 1510 2351; x_wconf 65' lang='lat' dir='ltr'><strong>praedicta</strong></span> <span class='ocrx_word' id='word_1_306' title='bbox 1546 2292 1692 2348; x_wconf 91' lang='lat' dir='ltr'><strong>sunt,</strong></span> <span class='ocrx_word' id='word_1_307' title='bbox 1747 2298 1982 2353; x_wconf 92' lang='lat' dir='ltr'><strong>quorum</strong></span> 
     </span>
    </p>
   </div>
   <div class='ocr_carea' id='block_1_41' title="bbox 411 2368 1982 2448">
    <p class='ocr_par' dir='ltr' id='par_1_41' title="bbox 411 2368 1982 2448">
     <span class='ocr_line' id='line_1_41' title="bbox 411 2368 1982 2448; baseline 0.006 -25"><span class='ocrx_word' id='word_1_308' title='bbox 411 2384 630 2423; x_wconf 91' lang='lat' dir='ltr'><strong>cursum</strong></span> <span class='ocrx_word' id='word_1_309' title='bbox 657 2368 964 2440; x_wconf 89' lang='lat' dir='ltr'><strong>pedumque</strong></span> <span class='ocrx_word' id='word_1_310' title='bbox 997 2370 1252 2426; x_wconf 84' lang='lat' dir='ltr'><strong>virtutem</strong></span> <span class='ocrx_word' id='word_1_311' title='bbox 1289 2374 1479 2440; x_wconf 85' lang='lat' dir='ltr'><strong>Isaias,</strong></span> <span class='ocrx_word' id='word_1_312' title='bbox 1506 2375 1616 2431; x_wconf 92' lang='lat' dir='ltr'><strong>imo</strong></span> <span class='ocrx_word' id='word_1_313' title='bbox 1638 2377 1820 2446; x_wconf 88' lang='lat' dir='ltr'><strong>potius</strong></span> <span class='ocrx_word' id='word_1_314' title='bbox 1859 2375 1982 2448; x_wconf 89' lang='lat' dir='ltr'><strong>Spi-</strong></span> 
     </span>
    </p>
   </div>
   <div class='ocr_carea' id='block_1_42' title="bbox 412 2461 1985 2532">
    <p class='ocr_par' dir='ltr' id='par_1_42' title="bbox 412 2461 1985 2532">
     <span class='ocr_line' id='line_1_42' title="bbox 412 2461 1985 2532; baseline 0.005 -18"><span class='ocrx_word' id='word_1_315' title='bbox 412 2461 552 2514; x_wconf 87' lang='lat' dir='ltr'><strong>ritus</strong></span> <span class='ocrx_word' id='word_1_316' title='bbox 603 2468 827 2516; x_wconf 88' lang='lat' dir='ltr'><strong>sanctus</strong></span> <span class='ocrx_word' id='word_1_317' title='bbox 884 2476 980 2531; x_wconf 90' lang='lat' dir='ltr'><strong>per</strong></span> <span class='ocrx_word' id='word_1_318' title='bbox 1030 2462 1208 2532; x_wconf 88' lang='lat' dir='ltr'><strong>ipsum</strong></span> <span class='ocrx_word' id='word_1_319' title='bbox 1256 2465 1566 2531; x_wconf 87' lang='lat' dir='ltr'><strong>declarans,</strong></span> <span class='ocrx_word' id='word_1_320' title='bbox 1628 2467 1985 2523; x_wconf 86' lang='lat' dir='ltr'><strong>mirabundus</strong></span> 
     </span>
    </p>
   </div>
   <div class='ocr_carea' id='block_1_43' title="bbox 412 2550 1986 2630">
    <p class='ocr_par' dir='ltr' id='par_1_43' title="bbox 412 2550 1986 2630">
     <span class='ocr_line' id='line_1_43' title="bbox 412 2550 1986 2630; baseline 0.006 -27"><span class='ocrx_word' id='word_1_321' title='bbox 412 2550 750 2605; x_wconf 86' lang='lat' dir='ltr'><strong>acclamabat</strong></span> <span class='ocrx_word' id='word_1_322' title='bbox 786 2571 798 2606; x_wconf 88' lang='lat'><strong>:</strong></span> <span class='ocrx_word' id='word_1_323' title='bbox 837 2571 855 2603; x_wconf 80' lang='lat' dir='ltr'>l</span> <span class='ocrx_word' id='word_1_324' title='bbox 893 2551 1066 2618; x_wconf 90' lang='lat' dir='ltr'><strong>Quam</strong></span> <span class='ocrx_word' id='word_1_325' title='bbox 1115 2555 1344 2624; x_wconf 85' lang='lat' dir='ltr'><strong>speciosi</strong></span> <span class='ocrx_word' id='word_1_326' title='bbox 1399 2556 1566 2627; x_wconf 90' lang='lat' dir='ltr'><strong>pedes</strong></span> <span class='ocrx_word' id='word_1_327' title='bbox 1609 2559 1986 2630; x_wconf 81' lang='lat' dir='ltr'><strong>evangelizan-</strong></span> 
     </span>
    </p>
   </div>
   <div class='ocr_carea' id='block_1_44' title="bbox 412 2641 1984 2718">
    <p class='ocr_par' dir='ltr' id='par_1_44' title="bbox 412 2641 1984 2718">
     <span class='ocr_line' id='line_1_44' title="bbox 412 2641 1984 2718; baseline 0.007 -23"><span class='ocrx_word' id='word_1_328' title='bbox 412 2642 544 2695; x_wconf 92' lang='lat' dir='ltr'><strong>tium</strong></span> <span class='ocrx_word' id='word_1_329' title='bbox 594 2641 756 2706; x_wconf 87' lang='lat' dir='ltr'><strong>bona,</strong></span> <span class='ocrx_word' id='word_1_330' title='bbox 781 2645 1274 2714; x_wconf 78' lang='lat' dir='ltr'><strong>evangelizantium</strong></span> <span class='ocrx_word' id='word_1_331' title='bbox 1312 2662 1498 2718; x_wconf 89' lang='lat' dir='ltr'><strong>pacem</strong></span> <span class='ocrx_word' id='word_1_332' title='bbox 1524 2649 1568 2681; x_wconf 79' lang='lat'><strong>“</strong></span> <span class='ocrx_word' id='word_1_333' title='bbox 1597 2652 1608 2703; x_wconf 75' lang='grc' dir='ltr'><strong>ι</strong></span> <span class='ocrx_word' id='word_1_334' title='bbox 1644 2671 1660 2702; x_wconf 76' lang='grc' dir='ltr'><strong>ι</strong></span> <span class='ocrx_word' id='word_1_335' title='bbox 1715 2649 1984 2717; x_wconf 85' lang='lat' dir='ltr'><strong>Quoniam</strong></span> 
     </span>
    </p>
   </div>
   <div class='ocr_carea' id='block_1_45' title="bbox 413 2735 1986 2809">
    <p class='ocr_par' dir='ltr' id='par_1_45' title="bbox 413 2735 1986 2809">
     <span class='ocr_line' id='line_1_45' title="bbox 413 2735 1986 2809; baseline 0.008 -23"><span class='ocrx_word' id='word_1_336' title='bbox 413 2735 578 2804; x_wconf 80' lang='lat' dir='ltr'><strong>igitur</strong></span> <span class='ocrx_word' id='word_1_337' title='bbox 619 2735 808 2791; x_wconf 80' lang='lat' dir='ltr'><strong>multis</strong></span> <span class='ocrx_word' id='word_1_338' title='bbox 860 2737 1141 2794; x_wconf 89' lang='lat' dir='ltr'><strong>laboribus</strong></span> <span class='ocrx_word' id='word_1_339' title='bbox 1167 2738 1458 2809; x_wconf 85' lang='lat' dir='ltr'><strong>perfuncti,</strong></span> <span class='ocrx_word' id='word_1_340' title='bbox 1489 2750 1542 2797; x_wconf 92' lang='lat' dir='ltr'><strong>et</strong></span> <span class='ocrx_word' id='word_1_341' title='bbox 1582 2743 1651 2796; x_wconf 90' lang='lat' dir='ltr'><strong>ab</strong></span> <span class='ocrx_word' id='word_1_342' title='bbox 1687 2743 1986 2799; x_wconf 87' lang='lat' dir='ltr'><strong>incredulis</strong></span> 
     </span>
    </p>
   </div>
   <div class='ocr_carea' id='block_1_46' title="bbox 411 2827 1988 2897">
    <p class='ocr_par' dir='ltr' id='par_1_46' title="bbox 411 2827 1988 2897">
     <span class='ocr_line' id='line_1_46' title="bbox 411 2827 1988 2897; baseline 0.008 -17"><span class='ocrx_word' id='word_1_343' title='bbox 411 2827 664 2897; x_wconf 84' lang='lat' dir='ltr'><strong>gentibus</strong></span> <span class='ocrx_word' id='word_1_344' title='bbox 705 2829 1050 2885; x_wconf 82' lang='lat' dir='ltr'><strong>vexationem</strong></span> <span class='ocrx_word' id='word_1_345' title='bbox 1079 2871 1094 2894; x_wconf 94' lang='lat'><strong>,</strong></span> <span class='ocrx_word' id='word_1_346' title='bbox 1141 2835 1381 2897; x_wconf 87' lang='lat' dir='ltr'><strong>vincula,</strong></span> <span class='ocrx_word' id='word_1_347' title='bbox 1427 2850 1680 2892; x_wconf 88' lang='lat' dir='ltr'><strong>carceres</strong></span> <span class='ocrx_word' id='word_1_348' title='bbox 1729 2845 1783 2892; x_wconf 90' lang='lat' dir='ltr'><strong>et</strong></span> <span class='ocrx_word' id='word_1_349' title='bbox 1827 2851 1988 2892; x_wconf 90' lang='lat' dir='ltr'><strong>omne</strong></span> 
     </span>
    </p>
   </div>
   <div class='ocr_carea' id='block_1_47' title="bbox 412 2918 1987 2999">
    <p class='ocr_par' dir='ltr' id='par_1_47' title="bbox 412 2918 1987 2999">
     <span class='ocr_line' id='line_1_47' title="bbox 412 2918 1987 2999; baseline 0.006 -27"><span class='ocrx_word' id='word_1_350' title='bbox 412 2918 734 2974; x_wconf 89' lang='lat' dir='ltr'><strong>insidiarum</strong></span> <span class='ocrx_word' id='word_1_351' title='bbox 779 2937 951 2990; x_wconf 82' lang='lat' dir='ltr'><strong>genus</strong></span> <span class='ocrx_word' id='word_1_352' title='bbox 991 2926 1257 2994; x_wconf 88' lang='lat' dir='ltr'><strong>perpessi,</strong></span> <span class='ocrx_word' id='word_1_353' title='bbox 1317 2926 1687 2984; x_wconf 87' lang='lat' dir='ltr'><strong>immutabiles</strong></span> <span class='ocrx_word' id='word_1_354' title='bbox 1733 2944 1987 2999; x_wconf 81' lang='lat' dir='ltr'><strong>perman-</strong></span> 
     </span>
    </p>
   </div>
   <div class='ocr_carea' id='block_1_48' title="bbox 411 3009 1988 3089">
    <p class='ocr_par' dir='ltr' id='par_1_48' title="bbox 411 3009 1988 3089">
     <span class='ocr_line' id='line_1_48' title="bbox 411 3009 1988 3089; baseline 0.004 -24"><span class='ocrx_word' id='word_1_355' title='bbox 411 3026 560 3078; x_wconf 85' lang='lat' dir='ltr'><strong>sere;</strong></span> <span class='ocrx_word' id='word_1_356' title='bbox 592 3009 718 3080; x_wconf 78' lang='lat' dir='ltr'><strong>jure</strong></span> <span class='ocrx_word' id='word_1_357' title='bbox 746 3027 872 3066; x_wconf 92' lang='lat' dir='ltr'><strong>eum</strong></span> <span class='ocrx_word' id='word_1_358' title='bbox 903 3014 996 3084; x_wconf 91' lang='lat' dir='ltr'><strong>qui</strong></span> <span class='ocrx_word' id='word_1_359' title='bbox 1037 3015 1172 3085; x_wconf 91' lang='lat' dir='ltr'><strong>ipsis</strong></span> <span class='ocrx_word' id='word_1_360' title='bbox 1214 3017 1358 3072; x_wconf 81' lang='lat' dir='ltr'><strong>vires</strong></span> <span class='ocrx_word' id='word_1_361' title='bbox 1398 3018 1706 3083; x_wconf 88' lang='lat' dir='ltr'><strong>addiderat,</strong></span> <span class='ocrx_word' id='word_1_362' title='bbox 1741 3019 1833 3089; x_wconf 93' lang='lat' dir='ltr'><strong>qui</strong></span> <span class='ocrx_word' id='word_1_363' title='bbox 1870 3021 1988 3073; x_wconf 83' lang='lat' dir='ltr'><strong>ani-</strong></span> 
     </span>
    </p>
   </div>
   <div class='ocr_carea' id='block_1_49' title="bbox 412 3103 1986 3181">
    <p class='ocr_par' dir='ltr' id='par_1_49' title="bbox 412 3103 1986 3181">
     <span class='ocr_line' id='line_1_49' title="bbox 412 3103 1986 3181; baseline 0.006 -25"><span class='ocrx_word' id='word_1_364' title='bbox 412 3116 554 3156; x_wconf 89' lang='lat' dir='ltr'><strong>mam</strong></span> <span class='ocrx_word' id='word_1_365' title='bbox 580 3103 826 3173; x_wconf 90' lang='lat' dir='ltr'><strong>ipsorum</strong></span> <span class='ocrx_word' id='word_1_366' title='bbox 854 3105 921 3160; x_wconf 89' lang='lat' dir='ltr'><strong>ad</strong></span> <span class='ocrx_word' id='word_1_367' title='bbox 949 3107 1118 3161; x_wconf 89' lang='lat' dir='ltr'><strong>vitam</strong></span> <span class='ocrx_word' id='word_1_368' title='bbox 1159 3110 1517 3174; x_wconf 86' lang='lat' dir='ltr'><strong>custodierat,</strong></span> <span class='ocrx_word' id='word_1_369' title='bbox 1551 3121 1610 3165; x_wconf 95' lang='lat' dir='ltr'><strong>ut</strong></span> <span class='ocrx_word' id='word_1_370' title='bbox 1639 3128 1708 3166; x_wconf 91' lang='lat' dir='ltr'><strong>ne</strong></span> <span class='ocrx_word' id='word_1_371' title='bbox 1755 3112 1810 3165; x_wconf 93' lang='lat' dir='ltr'><strong>in</strong></span> <span class='ocrx_word' id='word_1_372' title='bbox 1861 3128 1986 3181; x_wconf 88' lang='lat' dir='ltr'><strong>pec-</strong></span> 
     </span>
    </p>
   </div>
   <div class='ocr_carea' id='block_1_50' title="bbox 411 3195 1982 3271">
    <p class='ocr_par' dir='ltr' id='par_1_50' title="bbox 411 3195 1982 3271">
     <span class='ocr_line' id='line_1_50' title="bbox 411 3195 1982 3271; baseline 0.008 -23"><span class='ocrx_word' id='word_1_373' title='bbox 411 3195 519 3248; x_wconf 87' lang='lat' dir='ltr'><strong>cati</strong></span> <span class='ocrx_word' id='word_1_374' title='bbox 550 3203 782 3251; x_wconf 82' lang='lat' dir='ltr'><strong>mOrtem</strong></span> <span class='ocrx_word' id='word_1_375' title='bbox 813 3197 1124 3266; x_wconf 88' lang='lat' dir='ltr'><strong>laberetur;</strong></span> <span class='ocrx_word' id='word_1_376' title='bbox 1158 3202 1248 3271; x_wconf 91' lang='lat' dir='ltr'><strong>qui</strong></span> <span class='ocrx_word' id='word_1_377' title='bbox 1281 3202 1448 3271; x_wconf 84' lang='lat' dir='ltr'><strong>pedes</strong></span> <span class='ocrx_word' id='word_1_378' title='bbox 1476 3202 1662 3258; x_wconf 83' lang='lat' dir='ltr'><strong>ﬁrmos</strong></span> <span class='ocrx_word' id='word_1_379' title='bbox 1683 3211 1982 3260; x_wconf 85' lang='lat' dir='ltr'><strong>statuerat.</strong></span> 
     </span>
    </p>
   </div>
   <div class='ocr_carea' id='block_1_51' title="bbox 413 3289 1994 3366">
    <p class='ocr_par' dir='ltr' id='par_1_51' title="bbox 413 3289 1994 3366">
     <span class='ocr_line' id='line_1_51' title="bbox 413 3289 1994 3366; baseline 0.005 -24"><span class='ocrx_word' id='word_1_380' title='bbox 413 3303 481 3342; x_wconf 90' lang='lat' dir='ltr'><strong>ne</strong></span> <span class='ocrx_word' id='word_1_381' title='bbox 509 3289 954 3356; x_wconf 87' lang='lat' dir='ltr'><strong>commotionem,</strong></span> <span class='ocrx_word' id='word_1_382' title='bbox 986 3308 1094 3347; x_wconf 89' lang='lat' dir='ltr'><strong>neu</strong></span> <span class='ocrx_word' id='word_1_383' title='bbox 1122 3293 1335 3364; x_wconf 90' lang='lat' dir='ltr'><strong>lapsum</strong></span> <span class='ocrx_word' id='word_1_384' title='bbox 1382 3294 1467 3349; x_wconf 89' lang='lat' dir='ltr'><strong>vel</strong></span> <span class='ocrx_word' id='word_1_385' title='bbox 1498 3295 1713 3348; x_wconf 89' lang='lat' dir='ltr'><strong>ruinam</strong></span> <span class='ocrx_word' id='word_1_386' title='bbox 1744 3303 1994 3366; x_wconf 85' lang='lat' dir='ltr'><strong>pateren-</strong></span> 
     </span>
    </p>
   </div>
   <div class='ocr_carea' id='block_1_52' title="bbox 414 3383 1990 3455">
    <p class='ocr_par' dir='ltr' id='par_1_52' title="bbox 414 3383 1990 3455">
     <span class='ocr_line' id='line_1_52' title="bbox 414 3383 1990 3455; baseline 0.006 -23"><span class='ocrx_word' id='word_1_387' title='bbox 414 3385 524 3444; x_wconf 91' lang='lat' dir='ltr'><strong>tur,</strong></span> <span class='ocrx_word' id='word_1_388' title='bbox 557 3393 748 3437; x_wconf 90' lang='lat' dir='ltr'><strong>omnes</strong></span> <span class='ocrx_word' id='word_1_389' title='bbox 799 3390 990 3452; x_wconf 88' lang='lat' dir='ltr'><strong>gentes</strong></span> <span class='ocrx_word' id='word_1_390' title='bbox 1028 3383 1351 3440; x_wconf 90' lang='lat' dir='ltr'><strong>benedicere</strong></span> <span class='ocrx_word' id='word_1_391' title='bbox 1383 3385 1599 3455; x_wconf 89' lang='lat' dir='ltr'><strong>jubent,</strong></span> <span class='ocrx_word' id='word_1_392' title='bbox 1647 3393 1703 3441; x_wconf 90' lang='lat' dir='ltr'><strong>et</strong></span> <span class='ocrx_word' id='word_1_393' title='bbox 1748 3387 1990 3441; x_wconf 89' lang='lat' dir='ltr'><strong>auditam</strong></span> 
     </span>
    </p>
   </div>
   <div class='ocr_carea' id='block_1_53' title="bbox 417 3470 1992 3549">
    <p class='ocr_par' dir='ltr' id='par_1_53' title="bbox 417 3470 1992 3549">
     <span class='ocr_line' id='line_1_53' title="bbox 417 3470 1992 3549; baseline 0.006 -26"><span class='ocrx_word' id='word_1_394' title='bbox 417 3470 595 3526; x_wconf 76' lang='lat' dir='ltr'><strong>facere</strong></span> <span class='ocrx_word' id='word_1_395' title='bbox 631 3486 819 3527; x_wconf 89' lang='lat' dir='ltr'><strong>vocem</strong></span> <span class='ocrx_word' id='word_1_396' title='bbox 863 3473 1041 3530; x_wconf 89' lang='lat' dir='ltr'><strong>laudis</strong></span> <span class='ocrx_word' id='word_1_397' title='bbox 1070 3475 1230 3545; x_wconf 86' lang='lat' dir='ltr'><strong>ejus;</strong></span> <span class='ocrx_word' id='word_1_398' title='bbox 1262 3492 1370 3531; x_wconf 92' lang='lat' dir='ltr'><strong>non</strong></span> <span class='ocrx_word' id='word_1_399' title='bbox 1401 3485 1612 3532; x_wconf 88' lang='lat' dir='ltr'><strong>tantum</strong></span> <span class='ocrx_word' id='word_1_400' title='bbox 1649 3493 1746 3549; x_wconf 92' lang='lat' dir='ltr'><strong>pro</strong></span> <span class='ocrx_word' id='word_1_401' title='bbox 1772 3479 1992 3532; x_wconf 91' lang='lat' dir='ltr'><strong>mirabi-</strong></span> 
     </span>
    </p>
   </div>
   <div class='ocr_carea' id='block_1_54' title="bbox 415 3563 1990 3642">
    <p class='ocr_par' dir='ltr' id='par_1_54' title="bbox 415 3563 1990 3642">
     <span class='ocr_line' id='line_1_54' title="bbox 415 3563 1990 3642; baseline 0.007 -27"><span class='ocrx_word' id='word_1_402' title='bbox 415 3563 562 3619; x_wconf 87' lang='lat' dir='ltr'><strong>libus</strong></span> <span class='ocrx_word' id='word_1_403' title='bbox 621 3565 1072 3637; x_wconf 70' lang='lat' dir='ltr'><strong>terribilibusque</strong></span> <span class='ocrx_word' id='word_1_404' title='bbox 1121 3567 1230 3624; x_wconf 84' lang='lat' dir='ltr'><strong>illis</strong></span> <span class='ocrx_word' id='word_1_405' title='bbox 1279 3570 1522 3642; x_wconf 87' lang='lat' dir='ltr'><strong>antiquis</strong></span> <span class='ocrx_word' id='word_1_406' title='bbox 1567 3571 1863 3642; x_wconf 88' lang='lat' dir='ltr'><strong>operibus;</strong></span> <span class='ocrx_word' id='word_1_407' title='bbox 1895 3571 1990 3626; x_wconf 88' lang='lat' dir='ltr'><strong>sed</strong></span> 
     </span>
    </p>
   </div>
   <div class='ocr_carea' id='block_1_55' title="bbox 414 3647 1992 3734">
    <p class='ocr_par' dir='ltr' id='par_1_55' title="bbox 414 3647 1992 3734">
     <span class='ocr_line' id='line_1_55' title="bbox 414 3647 1992 3734; baseline 0.004 -23"><span class='ocrx_word' id='word_1_408' title='bbox 414 3658 578 3712; x_wconf 86' lang='lat' dir='ltr'><strong>etiam</strong></span> <span class='ocrx_word' id='word_1_409' title='bbox 608 3674 708 3729; x_wconf 92' lang='lat' dir='ltr'><strong>pro</strong></span> <span class='ocrx_word' id='word_1_410' title='bbox 741 3653 1056 3721; x_wconf 66' lang='lat' dir='ltr'><strong>recentﬂius</strong></span> <span class='ocrx_word' id='word_1_411' title='bbox 1085 3647 1365 3718; x_wconf 79' lang='lat' dir='ltr'><strong>beneficiis</strong></span> <span class='ocrx_word' id='word_1_412' title='bbox 1385 3705 1399 3728; x_wconf 95' lang='lat'><strong>,</strong></span> <span class='ocrx_word' id='word_1_413' title='bbox 1437 3664 1593 3734; x_wconf 89' lang='lat' dir='ltr'><strong>queis</strong></span> <span class='ocrx_word' id='word_1_414' title='bbox 1631 3663 1870 3718; x_wconf 89' lang='lat' dir='ltr'><strong>animam</strong></span> <span class='ocrx_word' id='word_1_415' title='bbox 1898 3679 1992 3718; x_wconf 89' lang='lat' dir='ltr'><strong>eo-</strong></span> 
     </span>
    </p>
   </div>
   <div class='ocr_carea' id='block_1_56' title="bbox 417 3755 1992 3830">
    <p class='ocr_par' dir='ltr' id='par_1_56' title="bbox 417 3755 1992 3830">
     <span class='ocr_line' id='line_1_56' title="bbox 417 3755 1992 3830; baseline 0.005 -25"><span class='ocrx_word' id='word_1_416' title='bbox 417 3767 537 3807; x_wconf 89' lang='lat' dir='ltr'><strong>rum</strong></span> <span class='ocrx_word' id='word_1_417' title='bbox 563 3755 659 3824; x_wconf 94' lang='lat' dir='ltr'><strong>qui</strong></span> <span class='ocrx_word' id='word_1_418' title='bbox 685 3755 812 3810; x_wconf 89' lang='lat' dir='ltr'><strong>talia</strong></span> <span class='ocrx_word' id='word_1_419' title='bbox 845 3757 1202 3826; x_wconf 87' lang='lat' dir='ltr'><strong>loquerentur</strong></span> <span class='ocrx_word' id='word_1_420' title='bbox 1244 3757 1312 3812; x_wconf 92' lang='lat' dir='ltr'><strong>ad</strong></span> <span class='ocrx_word' id='word_1_421' title='bbox 1351 3759 1520 3812; x_wconf 82' lang='lat' dir='ltr'><strong>vitam</strong></span> <span class='ocrx_word' id='word_1_422' title='bbox 1557 3757 1778 3830; x_wconf 88' lang='lat' dir='ltr'><strong>posuit,</strong></span> <span class='ocrx_word' id='word_1_423' title='bbox 1816 3773 1992 3829; x_wconf 88' lang='lat' dir='ltr'><strong>neque</strong></span> 
     </span>
    </p>
   </div>
   <div class='ocr_carea' id='block_1_57' title="bbox 412 3845 1992 3919">
    <p class='ocr_par' dir='ltr' id='par_1_57' title="bbox 412 3845 1992 3919">
     <span class='ocr_line' id='line_1_57' title="bbox 412 3845 1992 3919; baseline 0.002 -19"><span class='ocrx_word' id='word_1_424' title='bbox 412 3845 560 3900; x_wconf 85' lang='lat' dir='ltr'><strong>dedit</strong></span> <span class='ocrx_word' id='word_1_425' title='bbox 581 3846 634 3900; x_wconf 91' lang='lat' dir='ltr'><strong>in</strong></span> <span class='ocrx_word' id='word_1_426' title='bbox 668 3847 1090 3903; x_wconf 88' lang='lat' dir='ltr'><strong>commotionem</strong></span> <span class='ocrx_word' id='word_1_427' title='bbox 1115 3848 1282 3919; x_wconf 86' lang='lat' dir='ltr'><strong>pedes</strong></span> <span class='ocrx_word' id='word_1_428' title='bbox 1304 3848 1568 3919; x_wconf 85' lang='lat' dir='ltr'><strong>ipsorum.</strong></span> <span class='ocrx_word' id='word_1_429' title='bbox 1592 3847 1773 3916; x_wconf 90' lang='lat' dir='ltr'><strong>Quare</strong></span> <span class='ocrx_word' id='word_1_430' title='bbox 1795 3863 1992 3904; x_wconf 89' lang='lat' dir='ltr'><strong>secun-</strong></span> 
     </span>
    </p>
   </div>
   <div class='ocr_carea' id='block_1_58' title="bbox 412 3933 1990 4007">
    <p class='ocr_par' dir='ltr' id='par_1_58' title="bbox 412 3933 1990 4007">
     <span class='ocr_line' id='line_1_58' title="bbox 412 3933 1990 4007; baseline 0.004 -19"><span class='ocrx_word' id='word_1_431' title='bbox 412 3935 544 3988; x_wconf 89' lang='lat' dir='ltr'><strong>dum</strong></span> <span class='ocrx_word' id='word_1_432' title='bbox 573 3933 961 4006; x_wconf 84' lang='lat' dir='ltr'><strong>Symmachum</strong></span> <span class='ocrx_word' id='word_1_433' title='bbox 989 3937 1274 4007; x_wconf 77' lang='lat' dir='ltr'><strong>pluraliter</strong></span> <span class='ocrx_word' id='word_1_434' title='bbox 1300 3937 1504 3994; x_wconf 87' lang='lat' dir='ltr'><strong>dicitur</strong></span> <span class='ocrx_word' id='word_1_435' title='bbox 1530 3958 1544 3995; x_wconf 91' lang='lat'><strong>:</strong></span> <span class='ocrx_word' id='word_1_436' title='bbox 1583 3958 1602 3990; x_wconf 82' lang='grc'><strong>‹</strong></span> <span class='ocrx_word' id='word_1_437' title='bbox 1627 3938 1732 4006; x_wconf 93' lang='lat' dir='ltr'><strong>Qui</strong></span> <span class='ocrx_word' id='word_1_438' title='bbox 1765 3939 1990 3995; x_wconf 88' lang='lat' dir='ltr'><strong>ordina-</strong></span> 
     </span>
    </p>
   </div>
   <div class='ocr_carea' id='block_1_59' title="bbox 414 4026 1991 4100">
    <p class='ocr_par' dir='ltr' id='par_1_59' title="bbox 414 4026 1991 4100">
     <span class='ocr_line' id='line_1_59' title="bbox 414 4026 1991 4100; baseline 0.004 -21"><span class='ocrx_word' id='word_1_439' title='bbox 414 4027 494 4079; x_wconf 87' lang='lat' dir='ltr'><strong>vit</strong></span> <span class='ocrx_word' id='word_1_440' title='bbox 536 4029 772 4084; x_wconf 89' lang='lat' dir='ltr'><strong>animam</strong></span> <span class='ocrx_word' id='word_1_441' title='bbox 810 4026 1060 4088; x_wconf 76' lang='lat' dir='ltr'><strong>nostram</strong></span> <span class='ocrx_word' id='word_1_442' title='bbox 1103 4030 1173 4087; x_wconf 90' lang='lat' dir='ltr'><strong>ad</strong></span> <span class='ocrx_word' id='word_1_443' title='bbox 1225 4031 1418 4100; x_wconf 84' lang='lat' dir='ltr'><strong>vitam,</strong></span> <span class='ocrx_word' id='word_1_444' title='bbox 1472 4042 1528 4088; x_wconf 91' lang='lat' dir='ltr'><strong>et</strong></span> <span class='ocrx_word' id='word_1_445' title='bbox 1565 4048 1677 4089; x_wconf 89' lang='lat' dir='ltr'><strong>non</strong></span> <span class='ocrx_word' id='word_1_446' title='bbox 1703 4031 1853 4088; x_wconf 87' lang='lat' dir='ltr'><strong>dedit</strong></span> <span class='ocrx_word' id='word_1_447' title='bbox 1885 4032 1991 4089; x_wconf 87' lang='lat' dir='ltr'><strong>labi</strong></span> 
     </span>
    </p>
   </div>
   <div class='ocr_carea' id='block_1_60' title="bbox 417 4119 920 4188">
    <p class='ocr_par' dir='ltr' id='par_1_60' title="bbox 417 4119 920 4188">
     <span class='ocr_line' id='line_1_60' title="bbox 417 4119 920 4188; baseline 0.002 -14"><span class='ocrx_word' id='word_1_448' title='bbox 417 4119 583 4188; x_wconf 88' lang='lat' dir='ltr'><strong>pedes</strong></span> <span class='ocrx_word' id='word_1_449' title='bbox 615 4129 854 4178; x_wconf 83' lang='lat' dir='ltr'><strong>nostros.</strong></span> <span class='ocrx_word' id='word_1_450' title='bbox 900 4143 920 4175; x_wconf 76' lang='grc' dir='ltr'><strong>ι</strong></span> 
     </span>
    </p>
   </div>
   <div class='ocr_carea' id='block_1_61' title="bbox 2082 1898 3630 1975">
    <p class='ocr_par' dir='ltr' id='par_1_61' title="bbox 2082 1898 3630 1975">
     <span class='ocr_line' id='line_1_61' title="bbox 2082 1898 3630 1975; baseline -0.01 -10"><span class='ocrx_word' id='word_1_451' title='bbox 2082 1910 2215 1966; x_wconf 85' lang='grc' dir='ltr'>ἀλλὰ</span> <span class='ocrx_word' id='word_1_452' title='bbox 2249 1910 2341 1965; x_wconf 74' lang='grc' dir='ltr'>καὶ</span> <span class='ocrx_word' id='word_1_453' title='bbox 2371 1909 2460 1963; x_wconf 79' lang='grc' dir='ltr'>διὰ</span> <span class='ocrx_word' id='word_1_454' title='bbox 2485 1909 2581 1972; x_wconf 88' lang='grc' dir='ltr'><strong>τάς</strong></span> <span class='ocrx_word' id='word_1_455' title='bbox 2612 1908 2692 1970; x_wconf 74' lang='grc' dir='ltr'><strong>εἰς</strong></span> <span class='ocrx_word' id='word_1_456' title='bbox 2722 1905 2873 1975; x_wconf 81' lang='grc' dir='ltr'>ἡμᾶς</span> <span class='ocrx_word' id='word_1_457' title='bbox 2905 1902 3100 1965; x_wconf 86' lang='grc' dir='ltr'>αὐτοὺς</span> <span class='ocrx_word' id='word_1_458' title='bbox 3128 1901 3253 1964; x_wconf 79' lang='grc' dir='ltr'>τοὺς</span> <span class='ocrx_word' id='word_1_459' title='bbox 3280 1898 3452 1953; x_wconf 89' lang='grc' dir='ltr'>ταῦτα</span> <span class='ocrx_word' id='word_1_460' title='bbox 3470 1898 3630 1965; x_wconf 79' lang='grc' dir='ltr'>λέγον-</span> 
     </span>
    </p>
   </div>
   <div class='ocr_carea' id='block_1_62' title="bbox 2081 1986 3630 2072">
    <p class='ocr_par' dir='ltr' id='par_1_62' title="bbox 2081 1986 3630 2072">
     <span class='ocr_line' id='line_1_62' title="bbox 2081 1986 3630 2072; baseline -0.013 -16"><span class='ocrx_word' id='word_1_461' title='bbox 2081 2020 2180 2066; x_wconf 88' lang='grc' dir='ltr'><strong>τας</strong></span> <span class='ocrx_word' id='word_1_462' title='bbox 2212 1999 2548 2072; x_wconf 74' lang='grc' dir='ltr'>εὐεργεσίας.</span> <span class='ocrx_word' id='word_1_463' title='bbox 2567 1995 2784 2065; x_wconf 77' lang='grc' dir='ltr'>Ἐπειδὴ</span> <span class='ocrx_word' id='word_1_464' title='bbox 2827 1993 2933 2071; x_wconf 77' lang='grc' dir='ltr'>γὰρ</span> <span class='ocrx_word' id='word_1_465' title='bbox 2964 1992 3089 2054; x_wconf 80' lang='grc' dir='ltr'>τοὺς</span> <span class='ocrx_word' id='word_1_466' title='bbox 3115 1989 3418 2061; x_wconf 81' lang='grc' dir='ltr'>ἡμετέρους</span> <span class='ocrx_word' id='word_1_467' title='bbox 3470 1986 3630 2049; x_wconf 65' lang='grc' dir='ltr'>πόδας,</span> 
     </span>
    </p>
   </div>
   <div class='ocr_carea' id='block_1_63' title="bbox 2081 2076 3632 2166">
    <p class='ocr_par' dir='ltr' id='par_1_63' title="bbox 2081 2076 3632 2166">
     <span class='ocr_line' id='line_1_63' title="bbox 2081 2076 3632 2166; baseline -0.011 -18"><span class='ocrx_word' id='word_1_468' title='bbox 2081 2093 2250 2148; x_wconf 84' lang='grc' dir='ltr'>πολλὰ</span> <span class='ocrx_word' id='word_1_469' title='bbox 2283 2092 2608 2166; x_wconf 83' lang='grc' dir='ltr'>δραμόντας,</span> <span class='ocrx_word' id='word_1_470' title='bbox 2641 2088 2782 2142; x_wconf 82' lang='grc' dir='ltr'>ὥστε</span> <span class='ocrx_word' id='word_1_471' title='bbox 2807 2088 2969 2140; x_wconf 84' lang='grc' dir='ltr'>πᾶσιν</span> <span class='ocrx_word' id='word_1_472' title='bbox 2989 2085 3117 2155; x_wconf 83' lang='grc' dir='ltr'>ὑμῖν</span> <span class='ocrx_word' id='word_1_473' title='bbox 3146 2085 3258 2144; x_wconf 90' lang='grc' dir='ltr'>τοῖς</span> <span class='ocrx_word' id='word_1_474' title='bbox 3289 2080 3463 2134; x_wconf 73' lang='grc' dir='ltr'>ἔθνεσι</span> <span class='ocrx_word' id='word_1_475' title='bbox 3487 2076 3632 2148; x_wconf 71' lang='grc' dir='ltr'>κηρύ-</span> 
     </span>
    </p>
   </div>
   <div class='ocr_carea' id='block_1_64' title="bbox 2085 2167 3632 2252">
    <p class='ocr_par' dir='ltr' id='par_1_64' title="bbox 2085 2167 3632 2252">
     <span class='ocr_line' id='line_1_64' title="bbox 2085 2167 3632 2252; baseline -0.012 -15"><span class='ocrx_word' id='word_1_476' title='bbox 2085 2183 2171 2249; x_wconf 83' lang='grc' dir='ltr'><strong>ξαι</strong></span> <span class='ocrx_word' id='word_1_477' title='bbox 2195 2183 2256 2237; x_wconf 83' lang='grc' dir='ltr'>τὸ</span> <span class='ocrx_word' id='word_1_478' title='bbox 2285 2182 2548 2252; x_wconf 88' lang='grc' dir='ltr'>σωτήριον</span> <span class='ocrx_word' id='word_1_479' title='bbox 2579 2176 2930 2246; x_wconf 81' lang='grc' dir='ltr'>Εὐαγγέλιον,</span> <span class='ocrx_word' id='word_1_480' title='bbox 2954 2172 3320 2242; x_wconf 83' lang='grc' dir='ltr'>ὲδυνάμωσεν,</span> <span class='ocrx_word' id='word_1_481' title='bbox 3347 2167 3566 2238; x_wconf 75' lang='grc' dir='ltr'>ἐφύλαξέ</span> <span class='ocrx_word' id='word_1_482' title='bbox 3586 2183 3632 2218; x_wconf 83' lang='grc' dir='ltr'><strong>τε</strong></span> 
     </span>
    </p>
   </div>
   <div class='ocr_carea' id='block_1_65' title="bbox 2083 2256 3634 2346">
    <p class='ocr_par' dir='ltr' id='par_1_65' title="bbox 2083 2256 3634 2346">
     <span class='ocr_line' id='line_1_65' title="bbox 2083 2256 3634 2346; baseline -0.009 -18"><span class='ocrx_word' id='word_1_483' title='bbox 2083 2273 2475 2346; x_wconf 85' lang='grc' dir='ltr'>ἀδιατρέπτους</span> <span class='ocrx_word' id='word_1_484' title='bbox 2507 2272 2564 2326; x_wconf 80' lang='grc' dir='ltr'>ὲν</span> <span class='ocrx_word' id='word_1_485' title='bbox 2592 2273 2704 2334; x_wconf 88' lang='grc' dir='ltr'>τοῖς</span> <span class='ocrx_word' id='word_1_486' title='bbox 2747 2267 2842 2321; x_wconf 90' lang='grc' dir='ltr'><strong>τοῦ</strong></span> <span class='ocrx_word' id='word_1_487' title='bbox 2879 2267 2992 2338; x_wconf 79' lang='grc' dir='ltr'>βίου</span> <span class='ocrx_word' id='word_1_488' title='bbox 3029 2263 3264 2338; x_wconf 78' lang='grc' dir='ltr'>ῥεύμασι</span> <span class='ocrx_word' id='word_1_489' title='bbox 3311 2261 3380 2315; x_wconf 86' lang='grc' dir='ltr'><strong>τά</strong></span> <span class='ocrx_word' id='word_1_490' title='bbox 3411 2256 3634 2332; x_wconf 72' lang='grc' dir='ltr'>ἐμποδὼν</span> 
     </span>
    </p>
   </div>
   <div class='ocr_carea' id='block_1_66' title="bbox 2083 2352 3632 2437">
    <p class='ocr_par' dir='ltr' id='par_1_66' title="bbox 2083 2352 3632 2437">
     <span class='ocr_line' id='line_1_66' title="bbox 2083 2352 3632 2437; baseline -0.011 -17"><span class='ocrx_word' id='word_1_491' title='bbox 2083 2366 2379 2437; x_wconf 82' lang='grc' dir='ltr'>κωλύματα</span> <span class='ocrx_word' id='word_1_492' title='bbox 2419 2360 2713 2434; x_wconf 79' lang='grc' dir='ltr'>περιελών’</span> <span class='ocrx_word' id='word_1_493' title='bbox 2759 2358 2969 2413; x_wconf 85' lang='grc' dir='ltr'>πολλῶν</span> <span class='ocrx_word' id='word_1_494' title='bbox 3010 2374 3069 2410; x_wconf 89' lang='grc' dir='ltr'><strong>τε</strong></span> <span class='ocrx_word' id='word_1_495' title='bbox 3099 2359 3163 2427; x_wconf 73' lang='grc' dir='ltr'>τῇ</span> <span class='ocrx_word' id='word_1_496' title='bbox 3189 2354 3335 2425; x_wconf 82' lang='grc' dir='ltr'>ψυχῇ</span> <span class='ocrx_word' id='word_1_497' title='bbox 3363 2356 3394 2423; x_wconf 81' lang='grc' dir='ltr'><strong>ἡ</strong></span> <span class='ocrx_word' id='word_1_498' title='bbox 3405 2352 3514 2424; x_wconf 88' lang='grc' dir='ltr'><strong>μῶν</strong></span> <span class='ocrx_word' id='word_1_499' title='bbox 3541 2355 3632 2404; x_wconf 73' lang='grc' dir='ltr'>ἑπι-</span> 
     </span>
    </p>
   </div>
   <div class='ocr_carea' id='block_1_67' title="bbox 2085 2445 3630 2524">
    <p class='ocr_par' dir='ltr' id='par_1_67' title="bbox 2085 2445 3630 2524">
     <span class='ocr_line' id='line_1_67' title="bbox 2085 2445 3630 2524; baseline -0.012 -11"><span class='ocrx_word' id='word_1_500' title='bbox 2085 2458 2466 2521; x_wconf 82' lang='grc' dir='ltr'>6ουλευόντων,</span> <span class='ocrx_word' id='word_1_501' title='bbox 2488 2455 2649 2519; x_wconf 81' lang='grc' dir='ltr'>αὐτὸς</span> <span class='ocrx_word' id='word_1_502' title='bbox 2669 2453 2874 2524; x_wconf 82' lang='grc' dir='ltr'>ταύτης</span> <span class='ocrx_word' id='word_1_503' title='bbox 2903 2449 3085 2522; x_wconf 74' lang='grc' dir='ltr'>σωτὴρ</span> <span class='ocrx_word' id='word_1_504' title='bbox 3112 2448 3207 2502; x_wconf 77' lang='grc' dir='ltr'><strong>καὶ</strong></span> <span class='ocrx_word' id='word_1_505' title='bbox 3229 2445 3402 2516; x_wconf 76' lang='grc' dir='ltr'>φύλαξ</span> <span class='ocrx_word' id='word_1_506' title='bbox 3427 2445 3630 2512; x_wconf 78' lang='grc' dir='ltr'>ἐγένετο·</span> 
     </span>
    </p>
   </div>
   <div class='ocr_carea' id='block_1_68' title="bbox 2085 2534 3631 2610">
    <p class='ocr_par' dir='ltr' id='par_1_68' title="bbox 2085 2534 3631 2610">
     <span class='ocr_line' id='line_1_68' title="bbox 2085 2534 3631 2610; baseline -0.011 -6"><span class='ocrx_word' id='word_1_507' title='bbox 2085 2549 2396 2604; x_wconf 76' lang='grc' dir='ltr'>καὶτούτων</span> <span class='ocrx_word' id='word_1_508' title='bbox 2445 2545 2620 2600; x_wconf 87' lang='grc' dir='ltr'>αὐτῶν</span> <span class='ocrx_word' id='word_1_509' title='bbox 2657 2545 2819 2598; x_wconf 76' lang='grc' dir='ltr'>ἕνεκα</span> <span class='ocrx_word' id='word_1_510' title='bbox 2856 2561 2874 2593; x_wconf 77' lang='grc' dir='ltr'><strong>ι</strong></span> <span class='ocrx_word' id='word_1_511' title='bbox 2925 2540 3215 2610; x_wconf 87' lang='grc' dir='ltr'>εὐλογεῖτε,</span> <span class='ocrx_word' id='word_1_512' title='bbox 3251 2536 3497 2609; x_wconf 75' lang='grc' dir='ltr'>ἔθνη.τὸν</span> <span class='ocrx_word' id='word_1_513' title='bbox 3525 2534 3631 2588; x_wconf 73' lang='grc' dir='ltr'>Θεὸν</span> 
     </span>
    </p>
   </div>
   <div class='ocr_carea' id='block_1_69' title="bbox 2083 2626 3630 2715">
    <p class='ocr_par' dir='ltr' id='par_1_69' title="bbox 2083 2626 3630 2715">
     <span class='ocr_line' id='line_1_69' title="bbox 2083 2626 3630 2715; baseline -0.012 -18"><span class='ocrx_word' id='word_1_514' title='bbox 2083 2642 2260 2715; x_wconf 81' lang='grc' dir='ltr'>ἡμῶν,</span> <span class='ocrx_word' id='word_1_515' title='bbox 2290 2642 2386 2694; x_wconf 76' lang='grc' dir='ltr'>καὶ</span> <span class='ocrx_word' id='word_1_516' title='bbox 2431 2638 2753 2694; x_wconf 80' lang='grc' dir='ltr'>ἀκουτίσατε</span> <span class='ocrx_word' id='word_1_517' title='bbox 2794 2636 2892 2707; x_wconf 80' lang='grc' dir='ltr'>τὴν</span> <span class='ocrx_word' id='word_1_518' title='bbox 2943 2633 3124 2703; x_wconf 81' lang='grc' dir='ltr'>φωνὴν</span> <span class='ocrx_word' id='word_1_519' title='bbox 3156 2631 3256 2702; x_wconf 85' lang='grc' dir='ltr'><strong>τῆς</strong></span> <span class='ocrx_word' id='word_1_520' title='bbox 3283 2629 3536 2690; x_wconf 77' lang='grc' dir='ltr'>αἰνέσεως</span> <span class='ocrx_word' id='word_1_521' title='bbox 3560 2626 3630 2679; x_wconf 83' lang='grc' dir='ltr'>αὐ-</span> 
     </span>
    </p>
   </div>
   <div class='ocr_carea' id='block_1_70' title="bbox 2085 2717 3628 2800">
    <p class='ocr_par' dir='ltr' id='par_1_70' title="bbox 2085 2717 3628 2800">
     <span class='ocr_line' id='line_1_70' title="bbox 2085 2717 3628 2800; baseline -0.012 -12"><span class='ocrx_word' id='word_1_522' title='bbox 2085 2733 2198 2788; x_wconf 89' lang='grc' dir='ltr'>τοῦ.</span> <span class='ocrx_word' id='word_1_523' title='bbox 2236 2753 2253 2784; x_wconf 77' lang='grc' dir='ltr'><strong>ι</strong></span> <span class='ocrx_word' id='word_1_524' title='bbox 2287 2730 2470 2786; x_wconf 84' lang='grc' dir='ltr'>Ταῦτα</span> <span class='ocrx_word' id='word_1_525' title='bbox 2496 2730 2552 2784; x_wconf 83' lang='grc' dir='ltr'>δὲ</span> <span class='ocrx_word' id='word_1_526' title='bbox 2577 2729 2834 2800; x_wconf 80' lang='grc' dir='ltr'>ἄντικρυς</span> <span class='ocrx_word' id='word_1_527' title='bbox 2857 2727 2921 2780; x_wconf 79' lang='grc' dir='ltr'>ὲκ</span> <span class='ocrx_word' id='word_1_528' title='bbox 2949 2723 3242 2796; x_wconf 81' lang='grc' dir='ltr'>προσώπου</span> <span class='ocrx_word' id='word_1_529' title='bbox 3269 2721 3378 2774; x_wconf 92' lang='grc' dir='ltr'><strong>τῶν</strong></span> <span class='ocrx_word' id='word_1_530' title='bbox 3406 2717 3628 2791; x_wconf 66' lang='grc' dir='ltr'>κηρύκω</span> 
     </span>
    </p>
   </div>
   <div class='ocr_carea' id='block_1_71' title="bbox 2085 2809 3627 2896">
    <p class='ocr_par' dir='ltr' id='par_1_71' title="bbox 2085 2809 3627 2896">
     <span class='ocr_line' id='line_1_71' title="bbox 2085 2809 3627 2896; baseline -0.012 -14"><span class='ocrx_word' id='word_1_531' title='bbox 2085 2829 2178 2882; x_wconf 88' lang='grc' dir='ltr'><strong>τοῦ</strong></span> <span class='ocrx_word' id='word_1_532' title='bbox 2207 2823 2538 2896; x_wconf 80' lang='grc' dir='ltr'>Εὐαγγελίου</span> <span class='ocrx_word' id='word_1_533' title='bbox 2586 2822 3038 2893; x_wconf 82' lang='grc' dir='ltr'>προανεφωνεῖτο,</span> <span class='ocrx_word' id='word_1_534' title='bbox 3063 2809 3138 2871; x_wconf 82' lang='grc' dir='ltr'>ὧν</span> <span class='ocrx_word' id='word_1_535' title='bbox 3187 2813 3280 2867; x_wconf 77' lang='grc' dir='ltr'>τὸν</span> <span class='ocrx_word' id='word_1_536' title='bbox 3330 2812 3523 2884; x_wconf 81' lang='grc' dir='ltr'>δρόμον</span> <span class='ocrx_word' id='word_1_537' title='bbox 3558 2810 3627 2864; x_wconf 63' lang='grc' dir='ltr'>καὶ</span> 
     </span>
    </p>
   </div>
   <div class='ocr_carea' id='block_1_72' title="bbox 2085 2903 3627 2988">
    <p class='ocr_par' dir='ltr' id='par_1_72' title="bbox 2085 2903 3627 2988">
     <span class='ocr_line' id='line_1_72' title="bbox 2085 2903 3627 2988; baseline -0.012 -15"><span class='ocrx_word' id='word_1_538' title='bbox 2085 2920 2192 2973; x_wconf 85' lang='grc' dir='ltr'><strong>τῶν</strong></span> <span class='ocrx_word' id='word_1_539' title='bbox 2220 2917 2395 2971; x_wconf 82' lang='grc' dir='ltr'>ποδῶν</span> <span class='ocrx_word' id='word_1_540' title='bbox 2415 2917 2515 2988; x_wconf 81' lang='grc' dir='ltr'>τὴν</span> <span class='ocrx_word' id='word_1_541' title='bbox 2535 2914 2737 2986; x_wconf 78' lang='grc' dir='ltr'>ἀρετὴν</span> <span class='ocrx_word' id='word_1_542' title='bbox 2776 2912 3027 2973; x_wconf 83' lang='grc' dir='ltr'>Ἠσαῒας,</span> <span class='ocrx_word' id='word_1_543' title='bbox 3061 2907 3260 2980; x_wconf 82' lang='grc' dir='ltr'>μᾶλλον</span> <span class='ocrx_word' id='word_1_544' title='bbox 3281 2906 3338 2960; x_wconf 83' lang='grc' dir='ltr'>δὲ</span> <span class='ocrx_word' id='word_1_545' title='bbox 3359 2905 3418 2958; x_wconf 82' lang='grc' dir='ltr'><strong>τὸ</strong></span> <span class='ocrx_word' id='word_1_546' title='bbox 3443 2903 3627 2973; x_wconf 70' lang='grc' dir='ltr'>Πνεῦμα</span> 
     </span>
    </p>
   </div>
   <div class='ocr_carea' id='block_1_73' title="bbox 2087 2991 3628 3079">
    <p class='ocr_par' dir='ltr' id='par_1_73' title="bbox 2087 2991 3628 3079">
     <span class='ocr_line' id='line_1_73' title="bbox 2087 2991 3628 3079; baseline -0.014 -15"><span class='ocrx_word' id='word_1_547' title='bbox 2087 3013 2146 3064; x_wconf 80' lang='grc' dir='ltr'>τὸ</span> <span class='ocrx_word' id='word_1_548' title='bbox 2175 3010 2328 3079; x_wconf 78' lang='grc' dir='ltr'>ἅγιον</span> <span class='ocrx_word' id='word_1_549' title='bbox 2355 3007 2422 3061; x_wconf 82' lang='grc' dir='ltr'>δι’</span> <span class='ocrx_word' id='word_1_550' title='bbox 2445 3006 2609 3060; x_wconf 90' lang='grc' dir='ltr'>αὐτοῦ</span> <span class='ocrx_word' id='word_1_551' title='bbox 2643 3004 3028 3076; x_wconf 74' lang='grc' dir='ltr'>ἀποθαυμάζον</span> <span class='ocrx_word' id='word_1_552' title='bbox 3053 3000 3182 3054; x_wconf 75' lang='grc' dir='ltr'>ἐϐόα</span> <span class='ocrx_word' id='word_1_553' title='bbox 3199 3018 3212 3028; x_wconf 93' lang='grc'>·</span> <span class='ocrx_word' id='word_1_554' title='bbox 3243 3017 3260 3050; x_wconf 76' lang='grc' dir='ltr'><strong>ι</strong></span> <span class='ocrx_word' id='word_1_555' title='bbox 3285 2999 3373 3061; x_wconf 80' lang='grc' dir='ltr'>Ὠς</span> <span class='ocrx_word' id='word_1_556' title='bbox 3396 2995 3571 3067; x_wconf 83' lang='grc' dir='ltr'>ὡραῖοι</span> <span class='ocrx_word' id='word_1_557' title='bbox 3594 2991 3628 3043; x_wconf 68' lang='grc' dir='ltr'>οἳ</span> 
     </span>
    </p>
   </div>
   <div class='ocr_carea' id='block_1_74' title="bbox 2090 3081 3619 3170">
    <p class='ocr_par' dir='ltr' id='par_1_74' title="bbox 2090 3081 3619 3170">
     <span class='ocr_line' id='line_1_74' title="bbox 2090 3081 3619 3170; baseline -0.017 -11"><span class='ocrx_word' id='word_1_558' title='bbox 2090 3094 2250 3167; x_wconf 86' lang='grc' dir='ltr'>πόδες</span> <span class='ocrx_word' id='word_1_559' title='bbox 2284 3104 2392 3158; x_wconf 89' lang='grc' dir='ltr'><strong>τῶν</strong></span> <span class='ocrx_word' id='word_1_560' title='bbox 2430 3097 2930 3170; x_wconf 79' lang='grc' dir='ltr'>εὐαγγελιζομένων</span> <span class='ocrx_word' id='word_1_561' title='bbox 2957 3091 3157 3162; x_wconf 79' lang='grc' dir='ltr'>ἀγαθὰ,</span> <span class='ocrx_word' id='word_1_562' title='bbox 3192 3089 3301 3144; x_wconf 91' lang='grc' dir='ltr'><strong>τῶν</strong></span> <span class='ocrx_word' id='word_1_563' title='bbox 3326 3081 3619 3156; x_wconf 76' lang='grc' dir='ltr'>εὐαγγελιζο</span> 
     </span>
    </p>
   </div>
   <div class='ocr_carea' id='block_1_75' title="bbox 2093 3179 3627 3271">
    <p class='ocr_par' dir='ltr' id='par_1_75' title="bbox 2093 3179 3627 3271">
     <span class='ocr_line' id='line_1_75' title="bbox 2093 3179 3627 3271; baseline -0.016 -18"><span class='ocrx_word' id='word_1_564' title='bbox 2093 3197 2265 3271; x_wconf 80' lang='grc' dir='ltr'>μένων</span> <span class='ocrx_word' id='word_1_565' title='bbox 2301 3196 2554 3269; x_wconf 73' lang='grc' dir='ltr'><strong>εἰρήνηνε</strong></span> <span class='ocrx_word' id='word_1_566' title='bbox 2597 3213 2615 3245; x_wconf 84' lang='grc'><strong>›</strong></span> <span class='ocrx_word' id='word_1_567' title='bbox 2654 3193 2807 3246; x_wconf 85' lang='grc' dir='ltr'>Ἐπει</span> <span class='ocrx_word' id='word_1_568' title='bbox 2853 3187 3052 3250; x_wconf 85' lang='grc' dir='ltr'>τοίνυν,</span> <span class='ocrx_word' id='word_1_569' title='bbox 3087 3183 3257 3237; x_wconf 87' lang='grc' dir='ltr'>πολλά</span> <span class='ocrx_word' id='word_1_570' title='bbox 3303 3179 3627 3271; x_wconf 78' lang='grc' dir='ltr'>κεκμηκότες.</span> 
     </span>
    </p>
   </div>
   <div class='ocr_carea' id='block_1_76' title="bbox 2091 3267 3622 3355">
    <p class='ocr_par' dir='ltr' id='par_1_76' title="bbox 2091 3267 3622 3355">
     <span class='ocr_line' id='line_1_76' title="bbox 2091 3267 3622 3355; baseline -0.017 -8"><span class='ocrx_word' id='word_1_571' title='bbox 2091 3267 2185 3346; x_wconf 76' lang='grc' dir='ltr'><strong>καὶ</strong></span> <span class='ocrx_word' id='word_1_572' title='bbox 2223 3267 2447 3355; x_wconf 35' lang='grc' dir='ltr'>τοὺς-ὲκ</span> <span class='ocrx_word' id='word_1_573' title='bbox 2493 3288 2602 3341; x_wconf 91' lang='grc' dir='ltr'><strong>τῶν</strong></span> <span class='ocrx_word' id='word_1_574' title='bbox 2633 3285 2876 3341; x_wconf 78' lang='grc' dir='ltr'>ἀπίστων</span> <span class='ocrx_word' id='word_1_575' title='bbox 2910 3279 3077 3335; x_wconf 74' lang='grc' dir='ltr'>ἐθνῶν</span> <span class='ocrx_word' id='word_1_576' title='bbox 3118 3276 3392 3346; x_wconf 79' lang='grc' dir='ltr'>διωγμοὺς</span> <span class='ocrx_word' id='word_1_577' title='bbox 3441 3267 3622 3340; x_wconf 71' lang='grc' dir='ltr'>ὑπομει</span> 
     </span>
    </p>
   </div>
   <div class='ocr_carea' id='block_1_77' title="bbox 2088 3363 3614 3454">
    <p class='ocr_par' dir='ltr' id='par_1_77' title="bbox 2088 3363 3614 3454">
     <span class='ocr_line' id='line_1_77' title="bbox 2088 3363 3614 3454; baseline -0.018 -13"><span class='ocrx_word' id='word_1_578' title='bbox 2088 3403 2295 3450; x_wconf 88' lang='grc' dir='ltr'>ναντες,</span> <span class='ocrx_word' id='word_1_579' title='bbox 2319 3382 2495 3454; x_wconf 88' lang='grc' dir='ltr'>δεσμά</span> <span class='ocrx_word' id='word_1_580' title='bbox 2524 3398 2584 3435; x_wconf 89' lang='grc' dir='ltr'><strong>τε</strong></span> <span class='ocrx_word' id='word_1_581' title='bbox 2622 3379 2718 3433; x_wconf 76' lang='grc' dir='ltr'><strong>καὶ</strong></span> <span class='ocrx_word' id='word_1_582' title='bbox 2757 3374 3004 3448; x_wconf 82' lang='grc' dir='ltr'>φυλακὰς</span> <span class='ocrx_word' id='word_1_583' title='bbox 3027 3372 3121 3426; x_wconf 70' lang='grc' dir='ltr'><strong>καὶ</strong></span> <span class='ocrx_word' id='word_1_584' title='bbox 3147 3369 3411 3430; x_wconf 78' lang='grc' dir='ltr'>παντοίας</span> <span class='ocrx_word' id='word_1_585' title='bbox 3446 3363 3614 3454; x_wconf 74' lang='grc' dir='ltr'>ὲπιΰου</span> 
     </span>
    </p>
   </div>
   <div class='ocr_carea' id='block_1_78' title="bbox 2087 3449 3627 3545">
    <p class='ocr_par' dir='ltr' id='par_1_78' title="bbox 2087 3449 3627 3545">
     <span class='ocr_line' id='line_1_78' title="bbox 2087 3449 3627 3545; baseline -0.016 -15"><span class='ocrx_word' id='word_1_586' title='bbox 2087 3477 2203 3540; x_wconf 82' lang='grc' dir='ltr'><strong>λάς,</strong></span> <span class='ocrx_word' id='word_1_587' title='bbox 2240 3449 2584 3545; x_wconf 80' lang='grc' dir='ltr'>ἀδιάτρεπτοι</span> <span class='ocrx_word' id='word_1_588' title='bbox 2614 3469 2980 3541; x_wconf 84' lang='grc' dir='ltr'>μεμενήκασιν</span> <span class='ocrx_word' id='word_1_589' title='bbox 3003 3482 3018 3496; x_wconf 76' lang='grc' dir='ltr'><strong>ο</strong></span> <span class='ocrx_word' id='word_1_590' title='bbox 3045 3462 3271 3524; x_wconf 80' lang='grc' dir='ltr'>εἰκότως</span> <span class='ocrx_word' id='word_1_591' title='bbox 3296 3459 3391 3512; x_wconf 77' lang='grc' dir='ltr'><strong>τὸν</strong></span> <span class='ocrx_word' id='word_1_592' title='bbox 3421 3449 3627 3524; x_wconf 77' lang='grc' dir='ltr'>δυναμώι</span> 
     </span>
    </p>
   </div>
   <div class='ocr_carea' id='block_1_79' title="bbox 2091 3551 3628 3634">
    <p class='ocr_par' dir='ltr' id='par_1_79' title="bbox 2091 3551 3628 3634">
     <span class='ocr_line' id='line_1_79' title="bbox 2091 3551 3628 3634; baseline -0.014 -13"><span class='ocrx_word' id='word_1_593' title='bbox 2091 3583 2259 3621; x_wconf 86' lang='grc' dir='ltr'>σαντα</span> <span class='ocrx_word' id='word_1_594' title='bbox 2279 3566 2495 3628; x_wconf 84' lang='grc' dir='ltr'>αὐτοὺς,</span> <span class='ocrx_word' id='word_1_595' title='bbox 2517 3563 2611 3617; x_wconf 71' lang='grc' dir='ltr'><strong>καὶ</strong></span> <span class='ocrx_word' id='word_1_596' title='bbox 2632 3561 2730 3634; x_wconf 80' lang='grc' dir='ltr'><strong>τὴν</strong></span> <span class='ocrx_word' id='word_1_597' title='bbox 2758 3561 2856 3631; x_wconf 83' lang='grc' dir='ltr'>μὲν</span> <span class='ocrx_word' id='word_1_598' title='bbox 2874 3559 3052 3630; x_wconf 74' lang='grc' dir='ltr'>ψυχὴν</span> <span class='ocrx_word' id='word_1_599' title='bbox 3075 3559 3153 3620; x_wconf 75' lang='grc' dir='ltr'><strong>εἰς</strong></span> <span class='ocrx_word' id='word_1_600' title='bbox 3173 3553 3318 3626; x_wconf 77' lang='grc' dir='ltr'>ζωὴν</span> <span class='ocrx_word' id='word_1_601' title='bbox 3339 3551 3628 3623; x_wconf 80' lang='grc' dir='ltr'>φυλάξαντα,</span> 
     </span>
    </p>
   </div>
   <div class='ocr_carea' id='block_1_80' title="bbox 2088 3640 3627 3727">
    <p class='ocr_par' dir='ltr' id='par_1_80' title="bbox 2088 3640 3627 3727">
     <span class='ocr_line' id='line_1_80' title="bbox 2088 3640 3627 3727; baseline -0.012 -16"><span class='ocrx_word' id='word_1_602' title='bbox 2088 3658 2164 3721; x_wconf 80' lang='grc' dir='ltr'>ὡς</span> <span class='ocrx_word' id='word_1_603' title='bbox 2215 3655 2289 3727; x_wconf 78' lang='grc' dir='ltr'>μὴ</span> <span class='ocrx_word' id='word_1_604' title='bbox 2338 3655 2589 3708; x_wconf 76' lang='grc' dir='ltr'>ἐκπεσεῖν</span> <span class='ocrx_word' id='word_1_605' title='bbox 2636 3649 2806 3721; x_wconf 74' lang='grc' dir='ltr'>αὐτὴν</span> <span class='ocrx_word' id='word_1_606' title='bbox 2834 3649 2914 3714; x_wconf 76' lang='grc' dir='ltr'>εἰς</span> <span class='ocrx_word' id='word_1_607' title='bbox 2945 3648 3035 3701; x_wconf 76' lang='grc' dir='ltr'><strong>τὸν</strong></span> <span class='ocrx_word' id='word_1_608' title='bbox 3073 3647 3171 3718; x_wconf 87' lang='grc' dir='ltr'><strong>τῆς</strong></span> <span class='ocrx_word' id='word_1_609' title='bbox 3201 3644 3473 3716; x_wconf 80' lang='grc' dir='ltr'>ἁμαρτίας</span> <span class='ocrx_word' id='word_1_610' title='bbox 3501 3640 3627 3693; x_wconf 82' lang='grc' dir='ltr'>θάνα-</span> 
     </span>
    </p>
   </div>
   <div class='ocr_carea' id='block_1_81' title="bbox 2087 3735 3628 3815">
    <p class='ocr_par' dir='ltr' id='par_1_81' title="bbox 2087 3735 3628 3815">
     <span class='ocr_line' id='line_1_81' title="bbox 2087 3735 3628 3815; baseline -0.013 -12"><span class='ocrx_word' id='word_1_611' title='bbox 2087 3767 2198 3815; x_wconf 88' lang='grc' dir='ltr'>τον,</span> <span class='ocrx_word' id='word_1_612' title='bbox 2237 3747 2362 3811; x_wconf 80' lang='grc' dir='ltr'><strong>τούς</strong></span> <span class='ocrx_word' id='word_1_613' title='bbox 2395 3747 2452 3800; x_wconf 76' lang='grc' dir='ltr'>δὲ</span> <span class='ocrx_word' id='word_1_614' title='bbox 2482 3745 2649 3808; x_wconf 89' lang='grc' dir='ltr'>πόδας</span> <span class='ocrx_word' id='word_1_615' title='bbox 2687 3741 2863 3798; x_wconf 90' lang='grc' dir='ltr'>αὐτῶν</span> <span class='ocrx_word' id='word_1_616' title='bbox 2909 3739 3166 3812; x_wconf 67' lang='grc' dir='ltr'>στερροὺς</span> <span class='ocrx_word' id='word_1_617' title='bbox 3213 3735 3628 3808; x_wconf 66' lang='grc' dir='ltr'>ἀπεργασάμενοι</span> 
     </span>
    </p>
   </div>
   <div class='ocr_carea' id='block_1_82' title="bbox 2090 3822 3629 3914">
    <p class='ocr_par' dir='ltr' id='par_1_82' title="bbox 2090 3822 3629 3914">
     <span class='ocr_line' id='line_1_82' title="bbox 2090 3822 3629 3914; baseline -0.012 -18"><span class='ocrx_word' id='word_1_618' title='bbox 2090 3842 2224 3914; x_wconf 79' lang='grc' dir='ltr'>πρὸς</span> <span class='ocrx_word' id='word_1_619' title='bbox 2255 3840 2315 3894; x_wconf 85' lang='grc' dir='ltr'><strong>τὸ</strong></span> <span class='ocrx_word' id='word_1_620' title='bbox 2348 3839 2421 3910; x_wconf 82' lang='grc' dir='ltr'>μὴ</span> <span class='ocrx_word' id='word_1_621' title='bbox 2449 3836 2607 3892; x_wconf 85' lang='grc' dir='ltr'>σάλον</span> <span class='ocrx_word' id='word_1_622' title='bbox 2637 3835 2944 3906; x_wconf 87' lang='grc' dir='ltr'>ὑπομεῖναι,</span> <span class='ocrx_word' id='word_1_623' title='bbox 2985 3831 3118 3904; x_wconf 76' lang='grc' dir='ltr'>μηδὲ</span> <span class='ocrx_word' id='word_1_624' title='bbox 3161 3829 3374 3883; x_wconf 74' lang='grc' dir='ltr'>ὄλισθον</span> <span class='ocrx_word' id='word_1_625' title='bbox 3401 3829 3492 3881; x_wconf 76' lang='grc' dir='ltr'><strong>καὶ</strong></span> 
     </span>
    </p>
   </div>
   <div class='ocr_carea' id='block_1_83' title="bbox 2091 3914 3629 4000">
    <p class='ocr_par' dir='ltr' id='par_1_83' title="bbox 2091 3914 3629 4000">
     <span class='ocr_line' id='line_1_83' title="bbox 2091 3914 3629 4000; baseline -0.012 -12"><span class='ocrx_word' id='word_1_626' title='bbox 2091 3952 2195 3998; x_wconf 89' lang='grc' dir='ltr'>σιν,</span> <span class='ocrx_word' id='word_1_627' title='bbox 2220 3932 2458 4000; x_wconf 87' lang='grc' dir='ltr'>εὐλογεῖν</span> <span class='ocrx_word' id='word_1_628' title='bbox 2492 3931 2627 3984; x_wconf 75' lang='grc' dir='ltr'>πᾶσι</span> <span class='ocrx_word' id='word_1_629' title='bbox 2659 3931 2772 3991; x_wconf 88' lang='grc' dir='ltr'>τοῖς</span> <span class='ocrx_word' id='word_1_630' title='bbox 2812 3927 2987 3980; x_wconf 75' lang='grc' dir='ltr'>ἔθνεσι</span> <span class='ocrx_word' id='word_1_631' title='bbox 3033 3921 3511 3997; x_wconf 87' lang='grc' dir='ltr'>παρακελεύονται,</span> <span class='ocrx_word' id='word_1_632' title='bbox 3536 3914 3629 3979; x_wconf 77' lang='grc' dir='ltr'><strong>ἐξά-</strong></span> 
     </span>
    </p>
   </div>
   <div class='ocr_carea' id='block_1_84' title="bbox 2091 4005 3629 4093">
    <p class='ocr_par' dir='ltr' id='par_1_84' title="bbox 2091 4005 3629 4093">
     <span class='ocr_line' id='line_1_84' title="bbox 2091 4005 3629 4093; baseline -0.013 -12"><span class='ocrx_word' id='word_1_633' title='bbox 2091 4027 2312 4081; x_wconf 88' lang='grc' dir='ltr'>κουστόν</span> <span class='ocrx_word' id='word_1_634' title='bbox 2353 4041 2417 4093; x_wconf 88' lang='grc' dir='ltr'><strong>γε</strong></span> <span class='ocrx_word' id='word_1_635' title='bbox 2467 4024 2638 4076; x_wconf 91' lang='grc' dir='ltr'>ποιεῖν</span> <span class='ocrx_word' id='word_1_636' title='bbox 2688 4020 2785 4091; x_wconf 84' lang='grc' dir='ltr'><strong>τὴν</strong></span> <span class='ocrx_word' id='word_1_637' title='bbox 2836 4019 3018 4088; x_wconf 78' lang='grc' dir='ltr'>φωνὴν</span> <span class='ocrx_word' id='word_1_638' title='bbox 3050 4015 3150 4085; x_wconf 79' lang='grc' dir='ltr'><strong>τῆς</strong></span> <span class='ocrx_word' id='word_1_639' title='bbox 3183 4015 3443 4076; x_wconf 79' lang='grc' dir='ltr'>αἰνέσεως</span> <span class='ocrx_word' id='word_1_640' title='bbox 3479 4005 3629 4068; x_wconf 79' lang='grc' dir='ltr'>αὐτοῦ,</span> 
     </span>
    </p>
   </div>
   <div class='ocr_carea' id='block_1_85' title="bbox 2089 4099 3636 4189">
    <p class='ocr_par' dir='ltr' id='par_1_85' title="bbox 2089 4099 3636 4189">
     <span class='ocr_line' id='line_1_85' title="bbox 2089 4099 3636 4189; baseline -0.014 -15"><span class='ocrx_word' id='word_1_641' title='bbox 2089 4121 2189 4174; x_wconf 84' lang='grc' dir='ltr'><strong>οὐκ</strong></span> <span class='ocrx_word' id='word_1_642' title='bbox 2231 4119 2325 4172; x_wconf 77' lang='grc' dir='ltr'><strong>ἐπὶ</strong></span> <span class='ocrx_word' id='word_1_643' title='bbox 2375 4117 2554 4189; x_wconf 88' lang='grc' dir='ltr'>μόνοις</span> <span class='ocrx_word' id='word_1_644' title='bbox 2603 4116 2714 4178; x_wconf 88' lang='grc' dir='ltr'>τοῖς</span> <span class='ocrx_word' id='word_1_645' title='bbox 2763 4111 3013 4172; x_wconf 87' lang='grc' dir='ltr'>παλαιοῖς</span> <span class='ocrx_word' id='word_1_646' title='bbox 3039 4107 3201 4162; x_wconf 85' lang='grc' dir='ltr'>αὐτοῦ</span> <span class='ocrx_word' id='word_1_647' title='bbox 3228 4105 3538 4177; x_wconf 81' lang='grc' dir='ltr'>παραδόξοις</span> <span class='ocrx_word' id='word_1_648' title='bbox 3558 4099 3636 4154; x_wconf 80' lang='grc' dir='ltr'>καὶ</span> 
     </span>
    </p>
   </div>
   <div class='ocr_carea' id='block_1_86' title="bbox 415 4195 3632 4294">
    <p class='ocr_par' dir='ltr' id='par_1_86' title="bbox 415 4195 3632 4294">
     <span class='ocr_line' id='line_1_86' title="bbox 415 4195 3632 4294; baseline -0.008 -20"><span class='ocrx_word' id='word_1_649' title='bbox 415 4220 666 4294; x_wconf 79' lang='grc' dir='ltr'>φοϐεροῖς</span> <span class='ocrx_word' id='word_1_650' title='bbox 688 4220 887 4292; x_wconf 75' lang='grc' dir='ltr'>ἔργοις,</span> <span class='ocrx_word' id='word_1_651' title='bbox 921 4219 1058 4274; x_wconf 87' lang='grc' dir='ltr'>ἀλλὰ</span> <span class='ocrx_word' id='word_1_652' title='bbox 1082 4221 1175 4274; x_wconf 76' lang='grc' dir='ltr'>καὶ</span> <span class='ocrx_word' id='word_1_653' title='bbox 1208 4220 1300 4274; x_wconf 77' lang='grc' dir='ltr'><strong>ἐπὶ</strong></span> <span class='ocrx_word' id='word_1_654' title='bbox 1327 4223 1439 4284; x_wconf 89' lang='grc' dir='ltr'>τοῖς</span> <span class='ocrx_word' id='word_1_655' title='bbox 1468 4221 1608 4282; x_wconf 86' lang='grc' dir='ltr'>νέοις</span> <span class='ocrx_word' id='word_1_656' title='bbox 1631 4220 1878 4289; x_wconf 84' lang='grc' dir='ltr'>ἀγαθοῖς,</span> <span class='ocrx_word' id='word_1_657' title='bbox 1908 4218 1994 4288; x_wconf 81' lang='grc' dir='ltr'><strong>ἐφ’</strong></span> <span class='ocrx_word' id='word_1_658' title='bbox 2031 4211 2111 4280; x_wconf 78' lang='grc' dir='ltr'>οἷς</span> <span class='ocrx_word' id='word_1_659' title='bbox 2173 4215 2270 4286; x_wconf 87' lang='grc' dir='ltr'><strong>τὴν</strong></span> <span class='ocrx_word' id='word_1_660' title='bbox 2303 4211 2479 4282; x_wconf 72' lang='grc' dir='ltr'>ψυχὴν</span> <span class='ocrx_word' id='word_1_661' title='bbox 2541 4209 2650 4264; x_wconf 90' lang='grc' dir='ltr'><strong>τῶν</strong></span> <span class='ocrx_word' id='word_1_662' title='bbox 2680 4204 2856 4260; x_wconf 89' lang='grc' dir='ltr'>ταῦτα</span> <span class='ocrx_word' id='word_1_663' title='bbox 2879 4205 3142 4273; x_wconf 91' lang='grc' dir='ltr'>λεγόντων</span> <span class='ocrx_word' id='word_1_664' title='bbox 3186 4201 3341 4255; x_wconf 67' lang='grc' dir='ltr'>ἔθετο</span> <span class='ocrx_word' id='word_1_665' title='bbox 3382 4201 3458 4263; x_wconf 75' lang='grc' dir='ltr'>εἰς</span> <span class='ocrx_word' id='word_1_666' title='bbox 3497 4195 3632 4294; x_wconf 47' lang='lat' dir='ltr'><strong>twigs,</strong></span> 
     </span>
    </p>
   </div>
   <div class='ocr_carea' id='block_1_87' title="bbox 417 4288 3636 4390">
    <p class='ocr_par' dir='ltr' id='par_1_87' title="bbox 417 4288 3636 4390">
     <span class='ocr_line' id='line_1_87' title="bbox 417 4288 3636 4390; baseline -0.014 -6"><span class='ocrx_word' id='word_1_667' title='bbox 535 4288 658 4380; x_wconf 63' lang='grc' dir='ltr'>δοὺς</span> <span class='ocrx_word' id='word_1_668' title='bbox 836 4318 993 4372; x_wconf 86' lang='grc' dir='ltr'>σάλον</span> <span class='ocrx_word' id='word_1_669' title='bbox 1058 4319 1184 4382; x_wconf 81' lang='grc' dir='ltr'>τοὺς</span> <span class='ocrx_word' id='word_1_670' title='bbox 1248 4317 1414 4381; x_wconf 87' lang='grc' dir='ltr'>πόδας</span> <span class='ocrx_word' id='word_1_671' title='bbox 1443 4316 1641 4371; x_wconf 87' lang='grc' dir='ltr'>αὐτῶν.</span> <span class='ocrx_word' id='word_1_672' title='bbox 1677 4288 1767 4370; x_wconf 78' lang='grc' dir='ltr'>Διὸ</span> <span class='ocrx_word' id='word_1_673' title='bbox 1800 4314 1940 4369; x_wconf 84' lang='grc' dir='ltr'>κατὰ</span> <span class='ocrx_word' id='word_1_674' title='bbox 1966 4313 2056 4367; x_wconf 81' lang='grc' dir='ltr'><strong>τὸν</strong></span> <span class='ocrx_word' id='word_1_675' title='bbox 2095 4310 2388 4382; x_wconf 86' lang='grc' dir='ltr'>Σύμμαχον</span> <span class='ocrx_word' id='word_1_676' title='bbox 2416 4302 2792 4376; x_wconf 87' lang='grc' dir='ltr'>πληθυντικῶς</span> <span class='ocrx_word' id='word_1_677' title='bbox 2827 4301 3062 4372; x_wconf 74' lang='grc' dir='ltr'>εἴρηται*</span> <span class='ocrx_word' id='word_1_678' title='bbox 3107 4316 3125 4349; x_wconf 85' lang='grc'><em>‹</em></span> <span class='ocrx_word' id='word_1_679' title='bbox 3152 4295 3259 4351; x_wconf 86' lang='grc' dir='ltr'><strong>Τοῦ</strong></span> <span class='ocrx_word' id='word_1_680' title='bbox 3291 4295 3536 4362; x_wconf 80' lang='grc' dir='ltr'>τάξαντος</span> <span class='ocrx_word' id='word_1_681' title='bbox 3555 4288 3636 4359; x_wconf 77' lang='grc' dir='ltr'><strong>τὴν</strong></span> 
     </span>
    </p>
   </div>
   <div class='ocr_carea' id='block_1_88' title="bbox 414 4400 2394 4483">
    <p class='ocr_par' dir='ltr' id='par_1_88' title="bbox 414 4400 2394 4483">
     <span class='ocr_line' id='line_1_88' title="bbox 414 4400 2394 4483; baseline -0.013 -7"><span class='ocrx_word' id='word_1_682' title='bbox 414 4408 590 4482; x_wconf 74' lang='grc' dir='ltr'>ψυχὴν</span> <span class='ocrx_word' id='word_1_683' title='bbox 622 4410 779 4480; x_wconf 75' lang='grc' dir='ltr'>ἡμῶν</span> <span class='ocrx_word' id='word_1_684' title='bbox 808 4410 886 4472; x_wconf 74' lang='grc' dir='ltr'><strong>εἰς</strong></span> <span class='ocrx_word' id='word_1_685' title='bbox 914 4407 1078 4482; x_wconf 79' lang='grc' dir='ltr'>ζωὴν,</span> <span class='ocrx_word' id='word_1_686' title='bbox 1107 4411 1200 4463; x_wconf 76' lang='grc' dir='ltr'>καὶ</span> <span class='ocrx_word' id='word_1_687' title='bbox 1231 4411 1305 4483; x_wconf 79' lang='grc' dir='ltr'>μὴ</span> <span class='ocrx_word' id='word_1_688' title='bbox 1336 4410 1518 4473; x_wconf 87' lang='grc' dir='ltr'>δόντος</span> <span class='ocrx_word' id='word_1_689' title='bbox 1566 4409 1832 4480; x_wconf 83' lang='grc' dir='ltr'>σφαλῆναι</span> <span class='ocrx_word' id='word_1_690' title='bbox 1861 4408 1988 4470; x_wconf 80' lang='grc' dir='ltr'>τοὺς</span> <span class='ocrx_word' id='word_1_691' title='bbox 2027 4405 2192 4466; x_wconf 82' lang='grc' dir='ltr'>πόδας</span> <span class='ocrx_word' id='word_1_692' title='bbox 2218 4400 2394 4472; x_wconf 84' lang='grc' dir='ltr'>ἡμῶν.</span> 
     </span>
    </p>
   </div>
   <div class='ocr_carea' id='block_1_89' title="bbox 486 4491 1984 4597">
    <p class='ocr_par' dir='ltr' id='par_1_89' title="bbox 486 4522 1984 4597">
     <span class='ocr_line' id='line_1_89' title="bbox 486 4522 1984 4597; baseline 0.001 -20"><span class='ocrx_word' id='word_1_693' title='bbox 486 4522 653 4580; x_wconf 75' lang='lat' dir='ltr'><strong>Vsus.</strong></span> <span class='ocrx_word' id='word_1_694' title='bbox 688 4523 879 4578; x_wconf 77' lang='grc'><strong>10-15.</strong></span> <span class='ocrx_word' id='word_1_695' title='bbox 915 4543 933 4576; x_wconf 79' lang='grc' dir='ltr'><strong>ι</strong></span> <span class='ocrx_word' id='word_1_696' title='bbox 963 4525 1231 4592; x_wconf 90' lang='lat' dir='ltr'><strong>Quoniam</strong></span> <span class='ocrx_word' id='word_1_697' title='bbox 1261 4525 1504 4597; x_wconf 87' lang='lat' dir='ltr'><strong>probasti</strong></span> <span class='ocrx_word' id='word_1_698' title='bbox 1532 4540 1653 4592; x_wconf 89' lang='lat' dir='ltr'><strong>nos,</strong></span> <span class='ocrx_word' id='word_1_699' title='bbox 1680 4523 1843 4590; x_wconf 90' lang='lat' dir='ltr'><strong>Deus,</strong></span> <span class='ocrx_word' id='word_1_700' title='bbox 1867 4525 1984 4594; x_wconf 87' lang='lat' dir='ltr'><strong>igne</strong></span> 
     </span>
    </p>
   </div>
   <div class='ocr_carea' id='block_1_90' title="bbox 2086 4491 3633 4597">
    <p class='ocr_par' dir='ltr' id='par_1_90' title="bbox 2169 4491 3633 4597">
     <span class='ocr_line' id='line_1_90' title="bbox 2169 4491 3633 4597; baseline -0.016 -26"><span class='ocrx_word' id='word_1_701' title='bbox 2169 4539 2186 4569; x_wconf 73' lang='grc' dir='ltr'>ί</span> <span class='ocrx_word' id='word_1_702' title='bbox 2202 4519 2324 4570; x_wconf 84' lang='grc' dir='ltr'>Ὅτι</span> <span class='ocrx_word' id='word_1_703' title='bbox 2346 4513 2670 4583; x_wconf 76' lang='grc' dir='ltr'>ἐδοκίμασας</span> <span class='ocrx_word' id='word_1_704' title='bbox 2687 4508 2854 4579; x_wconf 81' lang='grc' dir='ltr'>ἡμᾶς,</span> <span class='ocrx_word' id='word_1_705' title='bbox 2876 4507 2903 4559; x_wconf 86' lang='grc' dir='ltr'>ὁ</span> <span class='ocrx_word' id='word_1_706' title='bbox 2924 4504 3074 4568; x_wconf 79' lang='grc' dir='ltr'>Θεὸς,</span> <span class='ocrx_word' id='word_1_707' title='bbox 3093 4501 3386 4597; x_wconf 78' lang='grc' dir='ltr'><strong>ὲπύ</strong></span> <span class='ocrx_word' id='word_1_708' title='bbox 3399 4496 3557 4597; x_wconf 37' lang='lat' dir='ltr'><strong>squis:</strong></span> <span class='ocrx_word' id='word_1_709' title='bbox 3572 4491 3633 4552; x_wconf 83' lang='grc' dir='ltr'><strong>ὡς</strong></span> 
     </span>
    </p>
   </div>
   <div class='ocr_carea' id='block_1_91' title="bbox 414 4614 1990 4688">
    <p class='ocr_par' dir='ltr' id='par_1_91' title="bbox 414 4614 1990 4688">
     <span class='ocr_line' id='line_1_91' title="bbox 414 4614 1990 4688; baseline -0.002 -17"><span class='ocrx_word' id='word_1_710' title='bbox 414 4630 518 4672; x_wconf 89' lang='lat' dir='ltr'><strong>nos</strong></span> <span class='ocrx_word' id='word_1_711' title='bbox 564 4617 890 4672; x_wconf 57' lang='lat' dir='ltr'><strong>eraminasti</strong></span> <span class='ocrx_word' id='word_1_712' title='bbox 916 4658 932 4679; x_wconf 92' lang='lat'><strong>,</strong></span> <span class='ocrx_word' id='word_1_713' title='bbox 967 4619 1110 4672; x_wconf 91' lang='lat' dir='ltr'><strong>sicut</strong></span> <span class='ocrx_word' id='word_1_714' title='bbox 1144 4617 1489 4674; x_wconf 74' lang='lat' dir='ltr'><strong>examinatur</strong></span> <span class='ocrx_word' id='word_1_715' title='bbox 1519 4623 1824 4688; x_wconf 86' lang='lat' dir='ltr'><strong>argentum.</strong></span> <span class='ocrx_word' id='word_1_716' title='bbox 1867 4633 1885 4668; x_wconf 76' lang='grc' dir='ltr'><strong>ι</strong></span> <span class='ocrx_word' id='word_1_717' title='bbox 1925 4614 1990 4668; x_wconf 83' lang='grc' dir='ltr'>Ει</span> 
     </span>
    </p>
   </div>
   <div class='ocr_carea' id='block_1_92' title="bbox 416 4707 1990 4782">
    <p class='ocr_par' dir='ltr' id='par_1_92' title="bbox 416 4707 1990 4782">
     <span class='ocr_line' id='line_1_92' title="bbox 416 4707 1990 4782; baseline -0.001 -18"><span class='ocrx_word' id='word_1_718' title='bbox 416 4709 532 4764; x_wconf 60' lang='lat' dir='ltr'><strong>haec</strong></span> <span class='ocrx_word' id='word_1_719' title='bbox 560 4717 961 4781; x_wconf 89' lang='lat' dir='ltr'><strong>consequenter</strong></span> <span class='ocrx_word' id='word_1_720' title='bbox 990 4710 1056 4765; x_wconf 90' lang='lat' dir='ltr'><strong>ad</strong></span> <span class='ocrx_word' id='word_1_721' title='bbox 1087 4709 1375 4782; x_wconf 86' lang='lat' dir='ltr'><strong>superiora</strong></span> <span class='ocrx_word' id='word_1_722' title='bbox 1403 4711 1549 4764; x_wconf 90' lang='lat' dir='ltr'><strong>dicta</strong></span> <span class='ocrx_word' id='word_1_723' title='bbox 1581 4716 1730 4764; x_wconf 91' lang='lat' dir='ltr'><strong>sunt.</strong></span> <span class='ocrx_word' id='word_1_724' title='bbox 1763 4707 1990 4779; x_wconf 89' lang='lat' dir='ltr'><strong>Oporte-</strong></span> 
     </span>
    </p>
   </div>
   <div class='ocr_carea' id='block_1_93' title="bbox 415 4801 1989 4872">
    <p class='ocr_par' dir='ltr' id='par_1_93' title="bbox 415 4801 1989 4872">
     <span class='ocr_line' id='line_1_93' title="bbox 415 4801 1989 4872; baseline -0.002 -14"><span class='ocrx_word' id='word_1_725' title='bbox 415 4802 508 4858; x_wconf 88' lang='lat' dir='ltr'><strong>bat</strong></span> <span class='ocrx_word' id='word_1_726' title='bbox 533 4802 679 4857; x_wconf 91' lang='lat' dir='ltr'><strong>enim</strong></span> <span class='ocrx_word' id='word_1_727' title='bbox 709 4802 927 4858; x_wconf 86' lang='lat' dir='ltr'><strong>edoceri</strong></span> <span class='ocrx_word' id='word_1_728' title='bbox 963 4817 1066 4857; x_wconf 91' lang='lat' dir='ltr'><strong>nos</strong></span> <span class='ocrx_word' id='word_1_729' title='bbox 1094 4815 1204 4872; x_wconf 89' lang='lat' dir='ltr'><strong>quo</strong></span> <span class='ocrx_word' id='word_1_730' title='bbox 1243 4811 1405 4872; x_wconf 89' lang='lat' dir='ltr'><strong>pacto</strong></span> <span class='ocrx_word' id='word_1_731' title='bbox 1459 4801 1604 4858; x_wconf 91' lang='lat' dir='ltr'><strong>Deus</strong></span> <span class='ocrx_word' id='word_1_732' title='bbox 1640 4801 1886 4872; x_wconf 91' lang='lat' dir='ltr'><strong>posuerit</strong></span> <span class='ocrx_word' id='word_1_733' title='bbox 1921 4801 1989 4856; x_wconf 89' lang='lat' dir='ltr'><strong>ad</strong></span> 
     </span>
    </p>
   </div>
   <div class='ocr_carea' id='block_1_94' title="bbox 415 4891 1991 4964">
    <p class='ocr_par' dir='ltr' id='par_1_94' title="bbox 415 4891 1991 4964">
     <span class='ocr_line' id='line_1_94' title="bbox 415 4891 1991 4964; baseline -0.001 -16"><span class='ocrx_word' id='word_1_734' title='bbox 415 4894 580 4950; x_wconf 86' lang='lat' dir='ltr'><strong>vitam</strong></span> <span class='ocrx_word' id='word_1_735' title='bbox 612 4895 847 4948; x_wconf 90' lang='lat' dir='ltr'><strong>animam</strong></span> <span class='ocrx_word' id='word_1_736' title='bbox 872 4908 1061 4950; x_wconf 91' lang='lat' dir='ltr'><strong>eorum</strong></span> <span class='ocrx_word' id='word_1_737' title='bbox 1093 4895 1186 4964; x_wconf 92' lang='lat' dir='ltr'><strong>qui</strong></span> <span class='ocrx_word' id='word_1_738' title='bbox 1211 4894 1324 4949; x_wconf 65' lang='lat' dir='ltr'><strong>haec</strong></span> <span class='ocrx_word' id='word_1_739' title='bbox 1348 4893 1612 4960; x_wconf 87' lang='lat' dir='ltr'><strong>dicerent,</strong></span> <span class='ocrx_word' id='word_1_740' title='bbox 1640 4902 1695 4948; x_wconf 87' lang='lat' dir='ltr'><strong>et</strong></span> <span class='ocrx_word' id='word_1_741' title='bbox 1716 4891 1991 4964; x_wconf 89' lang='lat' dir='ltr'><strong>quomodo</strong></span> 
     </span>
    </p>
   </div>
   <div class='ocr_carea' id='block_1_95' title="bbox 386 4983 1989 5059">
    <p class='ocr_par' dir='ltr' id='par_1_95' title="bbox 386 4983 1989 5059">
     <span class='ocr_line' id='line_1_95' title="bbox 386 4983 1989 5059; baseline -0.003 -16"><span class='ocrx_word' id='word_1_742' title='bbox 386 4988 582 5059; x_wconf 76' lang='lat' dir='ltr'><strong>.pedes</strong></span> <span class='ocrx_word' id='word_1_743' title='bbox 612 5003 802 5044; x_wconf 89' lang='lat' dir='ltr'><strong>eorum</strong></span> <span class='ocrx_word' id='word_1_744' title='bbox 853 5002 962 5042; x_wconf 90' lang='lat' dir='ltr'><strong>non</strong></span> <span class='ocrx_word' id='word_1_745' title='bbox 1009 4986 1224 5042; x_wconf 87' lang='lat' dir='ltr'><strong>dederit</strong></span> <span class='ocrx_word' id='word_1_746' title='bbox 1268 4987 1324 5041; x_wconf 92' lang='lat' dir='ltr'><strong>in</strong></span> <span class='ocrx_word' id='word_1_747' title='bbox 1375 4986 1818 5041; x_wconf 90' lang='lat' dir='ltr'><strong>commotionem.</strong></span> <span class='ocrx_word' id='word_1_748' title='bbox 1851 4983 1989 5039; x_wconf 84' lang='lat' dir='ltr'><strong>Nam</strong></span> 
     </span>
    </p>
   </div>
   <div class='ocr_carea' id='block_1_96' title="bbox 415 5077 1988 5152">
    <p class='ocr_par' dir='ltr' id='par_1_96' title="bbox 415 5077 1988 5152">
     <span class='ocr_line' id='line_1_96' title="bbox 415 5077 1988 5152; baseline -0.003 -15"><span class='ocrx_word' id='word_1_749' title='bbox 415 5081 548 5152; x_wconf 87' lang='lat' dir='ltr'><strong>quid</strong></span> <span class='ocrx_word' id='word_1_750' title='bbox 580 5080 940 5145; x_wconf 89' lang='lat' dir='ltr'><strong>admiserant,</strong></span> <span class='ocrx_word' id='word_1_751' title='bbox 974 5089 1034 5135; x_wconf 93' lang='lat' dir='ltr'><strong>ut</strong></span> <span class='ocrx_word' id='word_1_752' title='bbox 1069 5097 1179 5136; x_wconf 89' lang='lat' dir='ltr'><strong>non</strong></span> <span class='ocrx_word' id='word_1_753' title='bbox 1209 5094 1461 5150; x_wconf 89' lang='lat' dir='ltr'><strong>corpore,</strong></span> <span class='ocrx_word' id='word_1_754' title='bbox 1503 5079 1599 5136; x_wconf 89' lang='lat' dir='ltr'><strong>sed</strong></span> <span class='ocrx_word' id='word_1_755' title='bbox 1631 5080 1812 5133; x_wconf 89' lang='lat' dir='ltr'><strong>anima</strong></span> <span class='ocrx_word' id='word_1_756' title='bbox 1842 5077 1988 5149; x_wconf 90' lang='lat' dir='ltr'><strong>peri-</strong></span> 
     </span>
    </p>
   </div>
   <div class='ocr_carea' id='block_1_97' title="bbox 415 5169 1992 5243">
    <p class='ocr_par' dir='ltr' id='par_1_97' title="bbox 415 5169 1992 5243">
     <span class='ocr_line' id='line_1_97' title="bbox 415 5169 1992 5243; baseline -0.004 -13"><span class='ocrx_word' id='word_1_757' title='bbox 415 5176 524 5230; x_wconf 90' lang='lat' dir='ltr'><strong>turi</strong></span> <span class='ocrx_word' id='word_1_758' title='bbox 552 5182 766 5240; x_wconf 87' lang='lat' dir='ltr'><strong>essent,</strong></span> <span class='ocrx_word' id='word_1_759' title='bbox 791 5180 847 5230; x_wconf 90' lang='lat' dir='ltr'><strong>et</strong></span> <span class='ocrx_word' id='word_1_760' title='bbox 878 5188 984 5243; x_wconf 89' lang='lat' dir='ltr'><strong>qua</strong></span> <span class='ocrx_word' id='word_1_761' title='bbox 1017 5173 1086 5228; x_wconf 92' lang='lat' dir='ltr'><strong>de</strong></span> <span class='ocrx_word' id='word_1_762' title='bbox 1117 5188 1286 5228; x_wconf 89' lang='lat' dir='ltr'><strong>causa</strong></span> <span class='ocrx_word' id='word_1_763' title='bbox 1316 5173 1370 5227; x_wconf 92' lang='lat' dir='ltr'><strong>in</strong></span> <span class='ocrx_word' id='word_1_764' title='bbox 1399 5180 1612 5226; x_wconf 92' lang='lat' dir='ltr'><strong>tantum</strong></span> <span class='ocrx_word' id='word_1_765' title='bbox 1646 5171 1872 5242; x_wconf 91' lang='lat' dir='ltr'><strong>periculi</strong></span> <span class='ocrx_word' id='word_1_766' title='bbox 1897 5169 1992 5224; x_wconf 87' lang='lat' dir='ltr'><strong>de-</strong></span> 
     </span>
    </p>
   </div>
   <div class='ocr_carea' id='block_1_98' title="bbox 415 5261 1993 5338">
    <p class='ocr_par' dir='ltr' id='par_1_98' title="bbox 415 5261 1993 5338">
     <span class='ocr_line' id='line_1_98' title="bbox 415 5261 1993 5338; baseline -0.004 -16"><span class='ocrx_word' id='word_1_767' title='bbox 415 5277 696 5332; x_wconf 87' lang='lat' dir='ltr'><strong>venerant,</strong></span> <span class='ocrx_word' id='word_1_768' title='bbox 742 5277 802 5322; x_wconf 92' lang='lat' dir='ltr'><strong>ut</strong></span> <span class='ocrx_word' id='word_1_769' title='bbox 841 5268 1008 5338; x_wconf 85' lang='lat' dir='ltr'><strong>pedes</strong></span> <span class='ocrx_word' id='word_1_770' title='bbox 1047 5281 1239 5322; x_wconf 90' lang='lat' dir='ltr'><strong>eorum</strong></span> <span class='ocrx_word' id='word_1_771' title='bbox 1281 5265 1663 5320; x_wconf 88' lang='lat' dir='ltr'><strong>commovendi</strong></span> <span class='ocrx_word' id='word_1_772' title='bbox 1695 5270 1903 5324; x_wconf 83' lang='lat' dir='ltr'><strong>essent,</strong></span> <span class='ocrx_word' id='word_1_773' title='bbox 1938 5261 1993 5316; x_wconf 89' lang='lat' dir='ltr'><strong>id</strong></span> 
     </span>
    </p>
   </div>
   <div class='ocr_carea' id='block_1_99' title="bbox 417 5359 1988 5432">
    <p class='ocr_par' dir='ltr' id='par_1_99' title="bbox 417 5359 1988 5432">
     <span class='ocr_line' id='line_1_99' title="bbox 417 5359 1988 5432; baseline -0.006 -16"><span class='ocrx_word' id='word_1_774' title='bbox 417 5362 730 5432; x_wconf 79' lang='lat' dir='ltr'><strong>singulatim</strong></span> <span class='ocrx_word' id='word_1_775' title='bbox 777 5369 1059 5425; x_wconf 88' lang='lat' dir='ltr'><strong>enarrant,</strong></span> <span class='ocrx_word' id='word_1_776' title='bbox 1107 5377 1213 5416; x_wconf 89' lang='lat' dir='ltr'><strong>una</strong></span> <span class='ocrx_word' id='word_1_777' title='bbox 1257 5359 1366 5415; x_wconf 92' lang='lat' dir='ltr'><strong>Deo</strong></span> <span class='ocrx_word' id='word_1_778' title='bbox 1409 5359 1614 5431; x_wconf 92' lang='lat' dir='ltr'><strong>gratias</strong></span> <span class='ocrx_word' id='word_1_779' title='bbox 1643 5365 1888 5427; x_wconf 83' lang='lat' dir='ltr'><strong>agentes,</strong></span> <span class='ocrx_word' id='word_1_780' title='bbox 1934 5363 1988 5409; x_wconf 89' lang='lat' dir='ltr'><strong>et</strong></span> 
     </span>
    </p>
   </div>
   <div class='ocr_carea' id='block_1_100' title="bbox 415 5445 1988 5524">
    <p class='ocr_par' dir='ltr' id='par_1_100' title="bbox 415 5445 1988 5524">
     <span class='ocr_line' id='line_1_100' title="bbox 415 5445 1988 5524; baseline -0.005 -16"><span class='ocrx_word' id='word_1_781' title='bbox 415 5468 601 5508; x_wconf 83' lang='lat' dir='ltr'><strong>eorum</strong></span> <span class='ocrx_word' id='word_1_782' title='bbox 639 5468 762 5523; x_wconf 69' lang='lat' dir='ltr'><strong>quae</strong></span> <span class='ocrx_word' id='word_1_783' title='bbox 797 5453 948 5524; x_wconf 90' lang='lat' dir='ltr'><strong>passi</strong></span> <span class='ocrx_word' id='word_1_784' title='bbox 995 5453 1211 5509; x_wconf 80' lang='lat' dir='ltr'><strong>fuerant</strong></span> <span class='ocrx_word' id='word_1_785' title='bbox 1243 5452 1492 5507; x_wconf 90' lang='lat' dir='ltr'><strong>notitiam</strong></span> <span class='ocrx_word' id='word_1_786' title='bbox 1519 5450 1845 5521; x_wconf 79' lang='lat' dir='ltr'><strong>praebentes.</strong></span> <span class='ocrx_word' id='word_1_787' title='bbox 1866 5445 1988 5500; x_wconf 92' lang='lat' dir='ltr'><strong>Pri-</strong></span> 
     </span>
    </p>
   </div>
   <div class='ocr_carea' id='block_1_101' title="bbox 416 5538 1991 5614">
    <p class='ocr_par' dir='ltr' id='par_1_101' title="bbox 416 5538 1991 5614">
     <span class='ocr_line' id='line_1_101' title="bbox 416 5538 1991 5614; baseline -0.001 -18"><span class='ocrx_word' id='word_1_788' title='bbox 416 5558 503 5596; x_wconf 91' lang='lat' dir='ltr'><strong>mo</strong></span> <span class='ocrx_word' id='word_1_789' title='bbox 529 5543 695 5614; x_wconf 84' lang='lat' dir='ltr'><strong>igitur</strong></span> <span class='ocrx_word' id='word_1_790' title='bbox 723 5544 895 5612; x_wconf 86' lang='lat' dir='ltr'><strong>aiunt,</strong></span> <span class='ocrx_word' id='word_1_791' title='bbox 925 5565 944 5596; x_wconf 84' lang='grc'><em>‹</em></span> <span class='ocrx_word' id='word_1_792' title='bbox 969 5545 1218 5600; x_wconf 87' lang='lat' dir='ltr'><strong>Probasti</strong></span> <span class='ocrx_word' id='word_1_793' title='bbox 1245 5561 1368 5610; x_wconf 93' lang='lat' dir='ltr'><strong>nos,</strong></span> <span class='ocrx_word' id='word_1_794' title='bbox 1399 5543 1561 5599; x_wconf 89' lang='lat' dir='ltr'><strong>Deus.</strong></span> <span class='ocrx_word' id='word_1_795' title='bbox 1590 5563 1608 5594; x_wconf 75' lang='grc' dir='ltr'><strong>ι</strong></span> <span class='ocrx_word' id='word_1_796' title='bbox 1636 5542 1701 5597; x_wconf 87' lang='lat' dir='ltr'><strong>Et</strong></span> <span class='ocrx_word' id='word_1_797' title='bbox 1716 5538 1991 5612; x_wconf 90' lang='lat' dir='ltr'><strong>quomodo</strong></span> 
     </span>
    </p>
   </div>
   <div class='ocr_carea' id='block_1_102' title="bbox 419 5635 1991 5714">
    <p class='ocr_par' dir='ltr' id='par_1_102' title="bbox 419 5635 1991 5714">
     <span class='ocr_line' id='line_1_102' title="bbox 419 5635 1991 5714; baseline 0.001 -26"><span class='ocrx_word' id='word_1_798' title='bbox 419 5635 708 5705; x_wconf 82' lang='lat' dir='ltr'><strong>probasti?</strong></span> <span class='ocrx_word' id='word_1_799' title='bbox 744 5635 802 5690; x_wconf 89' lang='lat' dir='ltr'><strong>Id</strong></span> <span class='ocrx_word' id='word_1_800' title='bbox 832 5637 1106 5706; x_wconf 80' lang='lat' dir='ltr'><strong>explicant</strong></span> <span class='ocrx_word' id='word_1_801' title='bbox 1138 5638 1379 5693; x_wconf 86' lang='lat' dir='ltr'><strong>dicentes</strong></span> <span class='ocrx_word' id='word_1_802' title='bbox 1417 5657 1426 5690; x_wconf 95' lang='lat'>:</span> <span class='ocrx_word' id='word_1_803' title='bbox 1468 5656 1485 5688; x_wconf 76' lang='grc' dir='ltr'><strong>ι</strong></span> <span class='ocrx_word' id='word_1_804' title='bbox 1528 5636 1652 5709; x_wconf 83' lang='lat' dir='ltr'><strong>Igne</strong></span> <span class='ocrx_word' id='word_1_805' title='bbox 1713 5651 1813 5691; x_wconf 89' lang='lat' dir='ltr'><strong>nos</strong></span> <span class='ocrx_word' id='word_1_806' title='bbox 1863 5647 1991 5714; x_wconf 69' lang='lat' dir='ltr'><strong>exa-</strong></span> 
     </span>
    </p>
   </div>
   <div class='ocr_carea' id='block_1_103' title="bbox 495 5792 888 5848">
    <p class='ocr_par' dir='ltr' id='par_1_103' title="bbox 495 5792 888 5848">
     <span class='ocr_line' id='line_1_103' title="bbox 495 5792 888 5848; baseline 0 -2"><span class='ocrx_word' id='word_1_807' title='bbox 495 5794 537 5824; x_wconf 73' lang='grc'><strong>⁶·⁶</strong></span> <span class='ocrx_word' id='word_1_808' title='bbox 565 5792 667 5848; x_wconf 87' lang='lat' dir='ltr'><strong>lsa.</strong></span> <span class='ocrx_word' id='word_1_809' title='bbox 701 5809 798 5848; x_wconf 79' lang='grc' dir='ltr'>ιιι,</span> <span class='ocrx_word' id='word_1_810' title='bbox 833 5793 888 5847; x_wconf 89' lang='lat'><strong>7.</strong></span> 
     </span>
    </p>
   </div>
   <div class='ocr_carea' id='block_1_104' title="bbox 2098 4588 3632 4686">
    <p class='ocr_par' dir='ltr' id='par_1_104' title="bbox 2098 4588 3632 4686">
     <span class='ocr_line' id='line_1_104' title="bbox 2098 4588 3632 4686; baseline -0.014 -22"><span class='ocrx_word' id='word_1_811' title='bbox 2098 4611 2364 4684; x_wconf 83' lang='grc' dir='ltr'>πυροῦται</span> <span class='ocrx_word' id='word_1_812' title='bbox 2390 4607 2450 4661; x_wconf 83' lang='grc' dir='ltr'><strong>τὸ</strong></span> <span class='ocrx_word' id='word_1_813' title='bbox 2484 4603 2764 4678; x_wconf 88' lang='grc' dir='ltr'>ἀργύριον.</span> <span class='ocrx_word' id='word_1_814' title='bbox 2799 4621 2818 4652; x_wconf 75' lang='grc' dir='ltr'><strong>ι</strong></span> <span class='ocrx_word' id='word_1_815' title='bbox 2854 4599 2963 4654; x_wconf 76' lang='grc' dir='ltr'><strong>Καὶ</strong></span> <span class='ocrx_word' id='word_1_816' title='bbox 2994 4597 3164 4652; x_wconf 89' lang='grc' dir='ltr'>ταῦτα</span> <span class='ocrx_word' id='word_1_817' title='bbox 3193 4591 3495 4686; x_wconf 85' lang='grc' dir='ltr'>ἀκολούθως</span> <span class='ocrx_word' id='word_1_818' title='bbox 3515 4588 3632 4686; x_wconf 43' lang='lat' dir='ltr'><strong>sip?-</strong></span> 
     </span>
    </p>
   </div>
   <div class='ocr_carea' id='block_1_105' title="bbox 2095 4685 3631 4772">
    <p class='ocr_par' dir='ltr' id='par_1_105' title="bbox 2095 4685 3631 4772">
     <span class='ocr_line' id='line_1_105' title="bbox 2095 4685 3631 4772; baseline -0.018 -12"><span class='ocrx_word' id='word_1_819' title='bbox 2095 4724 2183 4761; x_wconf 87' lang='grc' dir='ltr'><strong>ται</strong></span> <span class='ocrx_word' id='word_1_820' title='bbox 2206 4706 2316 4766; x_wconf 90' lang='grc' dir='ltr'>τοῖς</span> <span class='ocrx_word' id='word_1_821' title='bbox 2335 4697 2660 4772; x_wconf 80' lang='grc' dir='ltr'>ἔμπροσθεν.</span> <span class='ocrx_word' id='word_1_822' title='bbox 2677 4693 2872 4767; x_wconf 83' lang='grc' dir='ltr'>Ἐχρῆν</span> <span class='ocrx_word' id='word_1_823' title='bbox 2898 4690 3006 4762; x_wconf 83' lang='grc' dir='ltr'>γὰρ</span> <span class='ocrx_word' id='word_1_824' title='bbox 3032 4690 3176 4762; x_wconf 79' lang='grc' dir='ltr'>ἡμᾶς</span> <span class='ocrx_word' id='word_1_825' title='bbox 3197 4685 3518 4756; x_wconf 78' lang='grc' dir='ltr'>διδαχθῆναι,</span> 
     </span>
    </p>
   </div>
   <div class='ocr_carea' id='block_1_106' title="bbox 2091 4769 3632 4865">
    <p class='ocr_par' dir='ltr' id='par_1_106' title="bbox 2091 4769 3632 4865">
     <span class='ocr_line' id='line_1_106' title="bbox 2091 4769 3632 4865; baseline -0.016 -15"><span class='ocrx_word' id='word_1_826' title='bbox 2091 4801 2120 4851; x_wconf 91' lang='grc' dir='ltr'><strong>ὁ</strong></span> <span class='ocrx_word' id='word_1_827' title='bbox 2146 4796 2276 4858; x_wconf 80' lang='grc' dir='ltr'>Θεὸς</span> <span class='ocrx_word' id='word_1_828' title='bbox 2304 4769 2402 4865; x_wconf 77' lang='grc' dir='ltr'><strong>τὴν</strong></span> <span class='ocrx_word' id='word_1_829' title='bbox 2434 4769 2610 4862; x_wconf 61' lang='grc' dir='ltr'>ψυχὴν</span> <span class='ocrx_word' id='word_1_830' title='bbox 2641 4787 2792 4840; x_wconf 75' lang='grc' dir='ltr'>ἔθετο</span> <span class='ocrx_word' id='word_1_831' title='bbox 2813 4787 2892 4848; x_wconf 80' lang='grc' dir='ltr'><strong>εις</strong></span> <span class='ocrx_word' id='word_1_832' title='bbox 2918 4783 3062 4856; x_wconf 81' lang='grc' dir='ltr'>ζωὴν</span> <span class='ocrx_word' id='word_1_833' title='bbox 3096 4781 3204 4834; x_wconf 88' lang='grc' dir='ltr'><strong>τῶν</strong></span> <span class='ocrx_word' id='word_1_834' title='bbox 3232 4779 3405 4833; x_wconf 90' lang='grc' dir='ltr'>ταῦτα</span> <span class='ocrx_word' id='word_1_835' title='bbox 3435 4769 3632 4865; x_wconf 64' lang='grc' dir='ltr'>φασκόν-</span> 
     </span>
    </p>
   </div>
   <div class='ocr_carea' id='block_1_107' title="bbox 2092 4861 3629 4954">
    <p class='ocr_par' dir='ltr' id='par_1_107' title="bbox 2092 4861 3629 4954">
     <span class='ocr_line' id='line_1_107' title="bbox 2092 4861 3629 4954; baseline -0.018 -9"><span class='ocrx_word' id='word_1_836' title='bbox 2092 4909 2220 4954; x_wconf 89' lang='grc' dir='ltr'>των,</span> <span class='ocrx_word' id='word_1_837' title='bbox 2251 4890 2344 4944; x_wconf 70' lang='grc' dir='ltr'><strong>καὶ</strong></span> <span class='ocrx_word' id='word_1_838' title='bbox 2371 4887 2485 4950; x_wconf 86' lang='grc' dir='ltr'><strong>πῶς</strong></span> <span class='ocrx_word' id='word_1_839' title='bbox 2504 4886 2627 4948; x_wconf 81' lang='grc' dir='ltr'>τοὺς</span> <span class='ocrx_word' id='word_1_840' title='bbox 2653 4881 2817 4944; x_wconf 86' lang='grc' dir='ltr'>πόδας</span> <span class='ocrx_word' id='word_1_841' title='bbox 2840 4878 3017 4934; x_wconf 89' lang='grc' dir='ltr'>αὐτῶν</span> <span class='ocrx_word' id='word_1_842' title='bbox 3045 4878 3105 4930; x_wconf 92' lang='grc' dir='ltr'><strong>οὐ</strong></span> <span class='ocrx_word' id='word_1_843' title='bbox 3139 4873 3449 4947; x_wconf 86' lang='grc' dir='ltr'>παρέδωκεν</span> <span class='ocrx_word' id='word_1_844' title='bbox 3477 4870 3543 4930; x_wconf 78' lang='grc' dir='ltr'><strong>εἰς</strong></span> <span class='ocrx_word' id='word_1_845' title='bbox 3561 4861 3629 4916; x_wconf 81' lang='grc' dir='ltr'><strong>σά·</strong></span> 
     </span>
    </p>
   </div>
   <div class='ocr_carea' id='block_1_108' title="bbox 2095 4959 3625 5054">
    <p class='ocr_par' dir='ltr' id='par_1_108' title="bbox 2095 4959 3625 5054">
     <span class='ocr_line' id='line_1_108' title="bbox 2095 4959 3625 5054; baseline -0.016 -14"><span class='ocrx_word' id='word_1_846' title='bbox 2095 4988 2206 5040; x_wconf 86' lang='grc' dir='ltr'>λυν.</span> <span class='ocrx_word' id='word_1_847' title='bbox 2239 4985 2303 5036; x_wconf 79' lang='grc' dir='ltr'>Τί</span> <span class='ocrx_word' id='word_1_848' title='bbox 2329 4983 2437 5054; x_wconf 84' lang='grc' dir='ltr'>γὰρ</span> <span class='ocrx_word' id='word_1_849' title='bbox 2466 4981 2728 5041; x_wconf 88' lang='grc' dir='ltr'>παθόντες</span> <span class='ocrx_word' id='word_1_850' title='bbox 2764 4975 2994 5048; x_wconf 74' lang='grc' dir='ltr'>ἤμελλον</span> <span class='ocrx_word' id='word_1_851' title='bbox 3022 4975 3084 5027; x_wconf 86' lang='grc' dir='ltr'><strong>οὐ</strong></span> <span class='ocrx_word' id='word_1_852' title='bbox 3115 4972 3178 5025; x_wconf 83' lang='grc' dir='ltr'><strong>τὸ</strong></span> <span class='ocrx_word' id='word_1_853' title='bbox 3217 4970 3398 5041; x_wconf 89' lang='grc' dir='ltr'>σῶμα,</span> <span class='ocrx_word' id='word_1_854' title='bbox 3423 4964 3526 5021; x_wconf 80' lang='grc' dir='ltr'>ἀλλ’</span> <span class='ocrx_word' id='word_1_855' title='bbox 3550 4959 3625 5013; x_wconf 78' lang='grc' dir='ltr'><strong>αὖ·</strong></span> 
     </span>
    </p>
   </div>
   <div class='ocr_carea' id='block_1_109' title="bbox 2096 5059 3626 5149">
    <p class='ocr_par' dir='ltr' id='par_1_109' title="bbox 2096 5059 3626 5149">
     <span class='ocr_line' id='line_1_109' title="bbox 2096 5059 3626 5149; baseline -0.018 -18"><span class='ocrx_word' id='word_1_856' title='bbox 2096 5079 2192 5149; x_wconf 84' lang='grc' dir='ltr'><strong>τὴν</strong></span> <span class='ocrx_word' id='word_1_857' title='bbox 2218 5077 2316 5147; x_wconf 82' lang='grc' dir='ltr'>τὴν</span> <span class='ocrx_word' id='word_1_858' title='bbox 2347 5073 2522 5144; x_wconf 67' lang='grc' dir='ltr'>ψυχὴν</span> <span class='ocrx_word' id='word_1_859' title='bbox 2546 5068 2860 5129; x_wconf 87' lang='grc' dir='ltr'>ἀπολλύναι,</span> <span class='ocrx_word' id='word_1_860' title='bbox 2892 5067 3036 5130; x_wconf 82' lang='grc' dir='ltr'>τίνος</span> <span class='ocrx_word' id='word_1_861' title='bbox 3070 5065 3127 5118; x_wconf 84' lang='grc' dir='ltr'>δὲ</span> <span class='ocrx_word' id='word_1_862' title='bbox 3157 5063 3445 5135; x_wconf 84' lang='grc' dir='ltr'>γενομένου</span> <span class='ocrx_word' id='word_1_863' title='bbox 3468 5059 3536 5121; x_wconf 72' lang='grc' dir='ltr'>εἰς</span> <span class='ocrx_word' id='word_1_864' title='bbox 3555 5070 3626 5106; x_wconf 81' lang='grc' dir='ltr'>το-</span> 
     </span>
    </p>
   </div>
   <div class='ocr_carea' id='block_1_110' title="bbox 2093 5153 3624 5241">
    <p class='ocr_par' dir='ltr' id='par_1_110' title="bbox 2093 5153 3624 5241">
     <span class='ocr_line' id='line_1_110' title="bbox 2093 5153 3624 5241; baseline -0.016 -15"><span class='ocrx_word' id='word_1_865' title='bbox 2093 5173 2279 5226; x_wconf 86' lang='grc' dir='ltr'>σοῦτον</span> <span class='ocrx_word' id='word_1_866' title='bbox 2312 5169 2520 5241; x_wconf 79' lang='grc' dir='ltr'>ἤλασαν</span> <span class='ocrx_word' id='word_1_867' title='bbox 2548 5163 2816 5226; x_wconf 89' lang='grc' dir='ltr'>κινδύνου,</span> <span class='ocrx_word' id='word_1_868' title='bbox 2843 5161 2918 5224; x_wconf 86' lang='grc' dir='ltr'><strong>ὡς</strong></span> <span class='ocrx_word' id='word_1_869' title='bbox 2963 5160 3086 5222; x_wconf 78' lang='grc' dir='ltr'>τοὺς</span> <span class='ocrx_word' id='word_1_870' title='bbox 3122 5157 3286 5220; x_wconf 88' lang='grc' dir='ltr'>πόδας</span> <span class='ocrx_word' id='word_1_871' title='bbox 3336 5153 3530 5226; x_wconf 83' lang='grc' dir='ltr'>μέλλειν</span> <span class='ocrx_word' id='word_1_872' title='bbox 3554 5162 3624 5199; x_wconf 81' lang='grc' dir='ltr'><strong>σα-</strong></span> 
     </span>
    </p>
   </div>
   <div class='ocr_carea' id='block_1_111' title="bbox 2090 5241 3622 5326">
    <p class='ocr_par' dir='ltr' id='par_1_111' title="bbox 2090 5241 3622 5326">
     <span class='ocr_line' id='line_1_111' title="bbox 2090 5241 3622 5326; baseline -0.013 -9"><span class='ocrx_word' id='word_1_873' title='bbox 2090 5260 2362 5322; x_wconf 84' lang='grc' dir='ltr'>λεύεσθαι,</span> <span class='ocrx_word' id='word_1_874' title='bbox 2412 5257 2552 5312; x_wconf 84' lang='grc' dir='ltr'>κατὰ</span> <span class='ocrx_word' id='word_1_875' title='bbox 2600 5255 2763 5326; x_wconf 84' lang='grc' dir='ltr'>μέρος</span> <span class='ocrx_word' id='word_1_876' title='bbox 2807 5251 3190 5324; x_wconf 80' lang='grc' dir='ltr'>διεξέρχονται,</span> <span class='ocrx_word' id='word_1_877' title='bbox 3223 5241 3622 5319; x_wconf 81' lang='grc' dir='ltr'>εὐχαριστοῦντες</span> 
     </span>
    </p>
   </div>
   <div class='ocr_carea' id='block_1_112' title="bbox 2094 5332 3621 5426">
    <p class='ocr_par' dir='ltr' id='par_1_112' title="bbox 2094 5332 3621 5426">
     <span class='ocr_line' id='line_1_112' title="bbox 2094 5332 3621 5426; baseline -0.014 -19"><span class='ocrx_word' id='word_1_878' title='bbox 2094 5355 2212 5426; x_wconf 72' lang='grc' dir='ltr'><strong>ἅμα</strong></span> <span class='ocrx_word' id='word_1_879' title='bbox 2236 5349 2315 5404; x_wconf 88' lang='grc' dir='ltr'><strong>τῶ</strong></span> <span class='ocrx_word' id='word_1_880' title='bbox 2347 5347 2483 5419; x_wconf 81' lang='grc' dir='ltr'>Θεῷ,</span> <span class='ocrx_word' id='word_1_881' title='bbox 2513 5346 2605 5401; x_wconf 71' lang='grc' dir='ltr'><strong>καὶ</strong></span> <span class='ocrx_word' id='word_1_882' title='bbox 2636 5341 2980 5397; x_wconf 84' lang='grc' dir='ltr'>διδασκαλίαν</span> <span class='ocrx_word' id='word_1_883' title='bbox 3013 5340 3327 5411; x_wconf 85' lang='grc' dir='ltr'>ποιούμενοι</span> <span class='ocrx_word' id='word_1_884' title='bbox 3355 5332 3424 5390; x_wconf 81' lang='grc' dir='ltr'>ὧν</span> <span class='ocrx_word' id='word_1_885' title='bbox 3449 5335 3621 5398; x_wconf 78' lang='grc' dir='ltr'>ὑπομε-</span> 
     </span>
    </p>
   </div>
   <div class='ocr_carea' id='block_1_113' title="bbox 2099 5418 3621 5517">
    <p class='ocr_par' dir='ltr' id='par_1_113' title="bbox 2099 5418 3621 5517">
     <span class='ocr_line' id='line_1_113' title="bbox 2099 5418 3621 5517; baseline -0.011 -17"><span class='ocrx_word' id='word_1_886' title='bbox 2099 5418 2382 5517; x_wconf 68' lang='grc' dir='ltr'>μενήκααι.</span> <span class='ocrx_word' id='word_1_887' title='bbox 2419 5418 2637 5510; x_wconf 82' lang='grc' dir='ltr'>Πρῶτον</span> <span class='ocrx_word' id='word_1_888' title='bbox 2653 5432 2746 5490; x_wconf 83' lang='grc' dir='ltr'><strong>οῦν</strong></span> <span class='ocrx_word' id='word_1_889' title='bbox 2777 5449 2966 5506; x_wconf 80' lang='grc' dir='ltr'>φασιν·</span> <span class='ocrx_word' id='word_1_890' title='bbox 3005 5453 3022 5484; x_wconf 77' lang='grc' dir='ltr'><strong>ι</strong></span> <span class='ocrx_word' id='word_1_891' title='bbox 3045 5432 3400 5502; x_wconf 82' lang='grc' dir='ltr'>Ἐδοκίμασας</span> <span class='ocrx_word' id='word_1_892' title='bbox 3434 5418 3621 5517; x_wconf 49' lang='grc' dir='ltr'>ὑμεῖςνά</span> 
     </span>
    </p>
   </div>
   <div class='ocr_carea' id='block_1_114' title="bbox 2096 5514 3618 5600">
    <p class='ocr_par' dir='ltr' id='par_1_114' title="bbox 2096 5514 3618 5600">
     <span class='ocr_line' id='line_1_114' title="bbox 2096 5514 3618 5600; baseline -0.012 -11"><span class='ocrx_word' id='word_1_893' title='bbox 2096 5514 2248 5600; x_wconf 64' lang='grc' dir='ltr'>Θεός.</span> <span class='ocrx_word' id='word_1_894' title='bbox 2289 5555 2306 5582; x_wconf 60' lang='grc' dir='ltr'><strong>ι</strong></span> <span class='ocrx_word' id='word_1_895' title='bbox 2340 5533 2450 5586; x_wconf 73' lang='grc' dir='ltr'><strong>Καὶ</strong></span> <span class='ocrx_word' id='word_1_896' title='bbox 2499 5529 2616 5593; x_wconf 90' lang='grc' dir='ltr'><strong>πῶς</strong></span> <span class='ocrx_word' id='word_1_897' title='bbox 2653 5527 3010 5598; x_wconf 81' lang='grc' dir='ltr'>ἐδοκίμασας;</span> <span class='ocrx_word' id='word_1_898' title='bbox 3050 5523 3429 5596; x_wconf 80' lang='grc' dir='ltr'>Ἑρμηνεύουσι</span> <span class='ocrx_word' id='word_1_899' title='bbox 3466 5514 3618 5580; x_wconf 73' lang='grc' dir='ltr'>λέγον·</span> 
     </span>
    </p>
   </div>
   <div class='ocr_carea' id='block_1_115' title="bbox 2097 5611 3612 5698">
    <p class='ocr_par' dir='ltr' id='par_1_115' title="bbox 2097 5611 3612 5698">
     <span class='ocr_line' id='line_1_115' title="bbox 2097 5611 3612 5698; baseline -0.003 -15"><span class='ocrx_word' id='word_1_900' title='bbox 2097 5647 2215 5693; x_wconf 88' lang='grc' dir='ltr'>τες·</span> <span class='ocrx_word' id='word_1_901' title='bbox 2255 5647 2270 5678; x_wconf 83' lang='grc' dir='ltr'><strong>ι</strong></span> <span class='ocrx_word' id='word_1_902' title='bbox 2297 5624 2425 5681; x_wconf 82' lang='grc' dir='ltr'><strong>Ἑπύ</strong></span> <span class='ocrx_word' id='word_1_903' title='bbox 2438 5641 2612 5698; x_wconf 83' lang='grc' dir='ltr'>ρωσας</span> <span class='ocrx_word' id='word_1_904' title='bbox 2640 5623 2808 5694; x_wconf 79' lang='grc' dir='ltr'>ἡμᾶς,</span> <span class='ocrx_word' id='word_1_905' title='bbox 2838 5621 2912 5684; x_wconf 80' lang='grc' dir='ltr'>ὡς</span> <span class='ocrx_word' id='word_1_906' title='bbox 2943 5617 3204 5689; x_wconf 63' lang='grc' dir='ltr'>π’δροῦται</span> <span class='ocrx_word' id='word_1_907' title='bbox 3236 5616 3293 5670; x_wconf 72' lang='grc' dir='ltr'><strong>τὸ</strong></span> <span class='ocrx_word' id='word_1_908' title='bbox 3324 5611 3564 5685; x_wconf 78' lang='grc' dir='ltr'>ἀργύριον·</span> <span class='ocrx_word' id='word_1_909' title='bbox 3595 5616 3612 5650; x_wconf 77' lang='grc'>¹</span> 
     </span>
    </p>
   </div>
  </div>
