3808 6280
178 334 263 388 6.31

1226 300 1725 359 CDMMENTARIA
1766 297 1829 354 IN
1868 290 2207 351 PSALMOS.

3275 267 3385 326 66%

174 435 330 493 Φωναὶ
371 430 424 485 δὲ
461 422 635 490 αὗται,
660 428 735 491 ὼς
767 426 923 493 ἔφην,
959 422 1268 477 ἀποστόλων
1318 422 1410 475 καὶ
1456 418 1710 492 μαθητῶν

1828 414 2034 471 ninasti
2087 411 2228 465 sicut
2281 405 2626 462 examinatur
2686 403 2992 470 argentum.
3030 413 3049 447 ι
3103 390 3197 446 Hae
3253 391 3382 460 ipsae

175 532 255 585 καὶ
295 522 680 593 εύαγγελιστῶν
720 519 1043 590 τυγχάνουσι
1093 515 1186 569 τοῦ
1237 515 1507 585 Σωτῆρος,
1531 506 1604 565 ὧν
1635 513 1712 576 εἰς

175 625 332 678 πᾶσαν
360 620 454 690 τὴν
483 619 583 689 γῆν
611 613 829 685 ἐξῆλθεν
858 613 886 665 ὁ
914 610 1167 680 φθόγγος,
1191 608 1285 661 καὶ
1314 610 1393 670 εἰς
1412 607 1481 660 τὰ
1506 606 1717 677 πέρατα

174 718 254 785 τῆς
282 710 591 781 οἰκουμένης
617 707 686 761 τὰ
714 707 950 778 ῥήματα.
985 699 1106 756 Εἶεν
1133 702 1176 756 δ’
1202 701 1267 755 ἂν
1292 699 1515 754 καὶτῶν
1544 697 1712 767 ἁγίων

172 806 250 861 τοῦ
282 802 407 858 Θεοῦ
444 800 752 873 μαρτύρων,
786 797 834 851 οἳ
880 796 1019 851 κατά
1063 794 1291 867 μίμησιν
1333 792 1441 845 τῶν
1486 789 1717 862 πρώτων

172 899 249 952 τοῦ
280 896 516 966 Σωτῆρος
563 890 719 964 ἡμῶν
749 888 1003 961 κηρύκων
1025 887 1092 940 τὰ
1133 887 1224 940 ἴσα
1266 882 1627 939 πεπόνθασινο
1659 882 1718 933 ὲν

171 986 238 1052 οἷς
276 988 394 1051 τοὺς
438 984 579 1055 ὑπὲρ
610 981 915 1043 θεοσεϐείας
948 980 1139 1043 ἄθλους
1164 977 1520 1049 ἠγωνίσαντο.
1550 973 1718 1026 Φασὶν

171 1077 249 1135 οὖν
274 1075 653 1149 ἑρμηνεύοντες
685 1074 780 1128 καὶ
804 1070 1211 1140 διασαφοῦντες,
1246 1070 1392 1132 ὅπως
1418 1066 1513 1138 τὴν
1543 1065 1719 1135 ψυχὴν

170 1170 326 1226 αὐτῶν
358 1167 508 1221 ἔθετο
538 1168 620 1229 είς
646 1164 809 1236 ζωὴν,
838 1163 932 1217 καὶ
962 1163 1109 1225 ὅπως
1152 1162 1278 1224 τοὺς
1326 1158 1493 1222 πόδας
1541 1156 1719 1210 αὐτῶν

169 1264 253 1315 οὐκ
300 1262 489 1313 ἔδωκεν
535 1261 615 1322 είς
666 1258 852 1311 σάλον·
902 1256 1054 1309 (Ὅτι
1105 1253 1431 1325 ἐδοκίμασας
1480 1252 1648 1321 ἡμᾶς,
1693 1251 1720 1303 ό

170 1355 297 1419 Θεὸς,
326 1353 396 1416 ὡς
420 1350 683 1422 πυροῦται
700 1349 760 1403 τὸ
786 1347 1063 1419 ἀργύριον.
1092 1366 1109 1397 ι
1128 1345 1344 1416 Ἐπειδὴ
1359 1345 1465 1417 γὰρ
1493 1342 1723 1415 ἀπείρα-

172 1463 277 1510 στος
304 1444 435 1514 ἀνὴρ
474 1442 755 1511 ἀδόκιμος,
787 1441 1007 1503 εἰκότως
1036 1436 1392 1509 ὲγγυμνάζων
1441 1438 1552 1498 τοῖς
1598 1450 1721 1487 πει-

172 1538 373 1609 ρασμοῖς
415 1533 749 1604 παραδίδωσι
802 1533 924 1595 τοὺς
972 1529 1204 1592 οἰκείους
1233 1531 1262 1581 ὁ
1292 1526 1452 1589 Θεός·
1493 1525 1591 1596 οὐχ
1637 1525 1723 1577 ἵνα

170 1629 311 1689 αὐτὸς
338 1624 447 1695 γνῷ
474 1624 647 1677 ὁποῖοί
678 1622 823 1686 τινές
853 1624 1010 1685 εἰσιν,
1045 1620 1158 1674 ἀλλ’
1190 1620 1297 1684 ἵνα,
1333 1618 1489 1673 αὐτοὶ
1541 1634 1724 1688 πυρω-

170 1720 329 1782 θέντες
354 1717 722 1789 λαμπρότεροι
746 1716 838 1769 καὶ
863 1712 1237 1787 καθαρώτεροι
1264 1710 1719 1765 ἀποτελεσθῶσιν.

1814 516 1964 571 sunt,
1990 515 2049 562 ut
2091 504 2202 574 jam
2252 501 2390 562 dixi,
2437 496 2831 569 apostolorum,
2892 487 3288 560 discipulorum
3329 491 3384 537 et

1811 600 2271 671 evangelistarum
2301 591 2602 649 Salvatoris
2628 602 2813 651 voces,
2840 599 3075 656 quorum
3108 596 3278 637 sonus
3328 577 3382 632 in

1812 710 2028 751 omnem
2063 699 2265 746 terram
2295 686 2483 750 exivit,
2516 691 2570 739 et
2593 684 2649 737 in
2694 680 2830 735 lines
2853 678 3003 733 orbis
3030 684 3188 732 terrae
3220 672 3383 727 verba

1813 799 2023 842 eorum.
2061 778 2288 835 Fuerint
2324 789 2542 846 quoque
2576 780 2891 827 sanctorum
2929 766 3021 822 Dei
3058 773 3379 835 martyrum,

1813 877 1907 947 qui
1941 876 2006 930 ad
2041 872 2396 927 imitationem
2432 868 2672 938 priorum
2704 862 3009 917 Servatoris
3038 872 3345 929 praeconum
3365 896 3381 923 ,

1816 968 1968 1041 paria
2010 964 2250 1037 perpessi
2284 969 2432 1025 sunt,
2467 975 2592 1014 cum
2621 971 2720 1026 pro
2750 955 2930 1010 divina
2965 951 3225 1020 religione
3266 963 3384 1002 cer-

1818 1060 2025 1115 tamina
2055 1057 2361 1113 subierunt.
2398 1052 2567 1106 Aiunt
2596 1051 2796 1119 itaque,
2830 1045 3163 1116 explicantes
3192 1057 3254 1098 ac
3285 1043 3384 1098 de-

1818 1153 2093 1208 clarantes
2123 1162 2234 1219 quo
2275 1152 2436 1216 pacto
2462 1143 2713 1204 animam,
2753 1154 2906 1197 suam
2942 1136 3186 1209 posuerit
3213 1134 3279 1189 ad
3309 1134 3386 1187 vi-

1820 1256 1952 1309 tam,
1974 1253 2028 1301 et
2042 1240 2316 1314 quomodo
2335 1254 2445 1293 non
2471 1235 2681 1292 dederit
2712 1234 2767 1287 in
2791 1229 3209 1287 commotionem
3226 1226 3390 1296 pedes

1820 1354 1951 1396 suos
1985 1356 1998 1392 :
2037 1354 2055 1387 ι
2095 1334 2362 1401 Quoniam
2394 1327 2638 1401 probasti
2677 1340 2802 1389 nos,
2834 1323 3002 1388 Deus,
3024 1328 3082 1376 ut
3111 1321 3235 1390 igne
3261 1332 3390 1372 exa-

1821 1433 2059 1487 minatur
2093 1434 2402 1498 argentum.
2440 1442 2458 1474 ι
2498 1420 2637 1487 Quia
2666 1418 2812 1474 enim
2847 1414 3098 1486 quisquis
3126 1426 3233 1466 non
3264 1424 3391 1479 pro-

1823 1525 1985 1579 batur
2012 1520 2282 1591 inglorius
2312 1523 2419 1580 est,
2445 1516 2566 1585 jure
2592 1512 2736 1567 Deus
2761 1508 3055 1563 familiares
3084 1518 3213 1560 suos
3232 1517 3391 1558 exer-

1823 1631 1978 1679 cens,
2032 1609 2426 1668 tentationibus
2458 1604 2667 1669 tradit;
2698 1617 2807 1656 non
2842 1607 2902 1653 ut
2937 1602 3233 1669 cognoscat
3277 1594 3397 1664 ipse

1825 1708 2047 1779 quinam
2085 1704 2162 1758 illi
2192 1701 2323 1765 sint,
2354 1700 2450 1754 sed
2476 1705 2534 1752 ut
2565 1697 2666 1766 ipsi
2691 1696 2811 1765 igne
2840 1689 3173 1753 examinati,
3208 1686 3392 1757 splen-

172 1780 352 1880 Ὠσπερ
385 1780 491 1880 γάρ
511 1780 581 1860 ’ὲν
612 1780 835 1879 ἀργύρῳ
861 1780 1120 1869 πολλάκις
1151 1780 1457 1877 εὑρίσκεται
1480 1802 1608 1865 ὕλης
1629 1801 1715 1854 ἀλ-

1828 1801 2065 1855 didiores
2097 1812 2159 1850 ac
2188 1794 2447 1866 puriores
2465 1790 2713 1846 evadant.
2745 1782 3213 1855 Quemadmodum
3244 1780 3391 1834 enim

169 1904 356 1975 λοτρίας
385 1902 586 1973 μίγμα,
612 1900 639 1953 ὃ
658 1902 794 1963 τέως
823 1900 919 1971 μὲν
944 1898 1197 1952 λανθάνει
1226 1897 1332 1969 πρὸ
1352 1896 1451 1966 τῆς
1471 1893 1719 1965 χωνείας,

170 1996 216 2049 ὲν
234 1996 283 2049 δὲ
311 1998 373 2065 τῇ
398 1993 643 2064 πυρώσει
675 1993 1011 2062 διελέγχεται
1045 1992 1139 2045 καὶ
1168 1988 1503 2061 διακρίνεται
1524 2005 1535 2019 ·
1574 1986 1722 2057 μένει

170 2103 217 2140 τε
259 2086 430 2140 λοιπὸν
477 2085 644 2147 αὐτὸς
699 2084 936 2155 καθαρὸς
977 2084 1005 2135 ὁ
1044 2084 1302 2155 ἄργυρος,
1337 2079 1597 2155 κρείττων
1630 2076 1723 2129 καὶ

170 2177 516 2249 λαμπρότερος
544 2174 786 2245 γεγονὼς
824 2150 887 2228 ex
930 2176 1029 2245 τῆς
1063 2150 1382 2245 καθάρσεως
1402 2150 1430 2202 θ’
1444 2170 1535 2224 τὸν
1562 2169 1722 2222 αὑτὸν

170 2270 343 2340 τρόπον
372 2269 464 2322 καὶ
488 2270 538 2320 οἱ
569 2268 663 2320 τοῦ
693 2268 826 2320 Θεοῦ
857 2267 1067 2337 ἄνδρες,
1094 2267 1217 2319 ὅσον
1243 2263 1520 2333 ἀλλότριον
1558 2261 1616 2313 ὲν
1656 2260 1722 2330 τῇ

170 2360 353 2414 ἑαυτῶν
398 2360 542 2431 ψυχῇ
594 2360 657 2411 ὲκ
702 2358 800 2428 τῆς
856 2359 985 2430 περὶ
1031 2357 1129 2429 τὴν
1181 2357 1359 2426 σάρκα
1408 2351 1725 2424 συμπλοκῆς

171 2453 550 2522 ἐφειλκύσαντο,
576 2449 736 2503 τοῦτο
763 2453 870 2504 πᾶν
900 2450 959 2503 ἐν
985 2451 1098 2513 τοῖς
1128 2446 1474 2518 πειρασμοῖς,
1500 2443 1725 2505 καὶτοῖς

172 2548 269 2597 κατ’
304 2544 477 2598 αὐτῶν
511 2542 966 2613 ὲπανισταμένοις
1012 2541 1271 2611 διωγμοῖς
1303 2536 1724 2608 ἁπορύπτονται,

173 2633 276 2703 (sic)
306 2634 637 2704 πυρούμενοι
684 2633 776 2686 καὶ
818 2631 1200 2703 καθαιρόμενοι
1243 2629 1331 2683 διὰ
1376 2629 1478 2697 τῆς
1516 2624 1725 2679 τοιᾶσδε

173 2727 390 2794 χωνείας,
422 2726 497 2788 ὼς
527 2728 710 2778 πᾶσαν
743 2724 1037 2777 ἀποϐαλεῖν
1082 2722 1355 2794 ἁμαρτίας
1381 2720 1594 2790 κηλίδα,
1633 2718 1728 2787 ἦν·

172 2816 272 2867 τινά
311 2834 453 2880 ποτε,
482 2816 561 2880 ὡς
594 2815 890 2887 ἄνθρωποι,
922 2814 979 2867 ἓν
1017 2831 1157 2867 τισιν
1192 2812 1536 2883 ἐλαττώμασι
1577 2809 1729 2879 γενό-

177 2923 302 2975 μενοι
346 2910 807 2979 προσεκτήσαντο.
827 2908 949 2960 Ἐπὶ
980 2907 1186 2970 τούτοις
1229 2900 1321 2959 οὖν
1349 2902 1729 2975 εὐχαριστοῦν-

172 3016 264 3063 τες,
288 3002 468 3068 φασίν·
509 3004 665 3055 «Ὅτι
705 3002 1032 3073 ἐδοκίμασας
1064 2999 1230 3069 ἡμᾶς,
1266 2998 1295 3050 ὁ
1337 2997 1489 3061 Θεὸς.
1518 2994 1731 3065 ἐπέρω-

176 3110 257 3156 σας
280 3096 417 3166 ἡμᾶς
443 3095 517 3159 ὡς
551 3094 818 3166 πυροῦται
847 3093 909 3146 τὺ
936 3090 1218 3163 ἀργύριον.
1250 3109 1268 3140 ι
1294 3089 1368 3141 Ού
1393 3086 1501 3157 γὰρ
1529 3086 1604 3147 ὼς
1631 3103 1730 3139 κα·-

173 3185 347 3257 λάμην,
394 3187 502 3241 οὐδ’
538 3188 616 3252 ώς
664 3188 873 3258 χόρτον,
917 3184 1023 3238 οὐδ’
1050 3182 1124 3246 ὡς
1171 3183 1362 3253 ἑτέραν
1403 3178 1729 3252 εὔθραυστον

175 3278 287 3350 ὓλην
317 3280 604 3353 ὲπύρωσας
634 3282 801 3351 ἡμᾶς,
836 3278 949 3333 ἀλλ’
977 3278 1051 3340 ὡς
1078 3274 1358 3347 ἀργύριον,
1395 3272 1455 3326 τὸ
1485 3270 1594 3325 ἀπὸ
1631 3270 1729 3340 τῆς

174 3371 446 3440 πυρώσεως
476 3370 864 3441 καθαρώτερον
895 3369 1235 3439 γιγνόμενον.
1280 3365 1404 3429 Πῶς
1432 3365 1487 3417 δὲ
1514 3362 1729 3436 ὲπυρώ-

173 3463 322 3532 θησαν
366 3463 702 3536 ὑφηγοῦνται
753 3464 1039 3532 λέγοντες·
1073 3479 1090 3511 ι
1130 3461 1436 3531 Εισήγαγες
1475 3458 1623 3528 ἡμᾶς
1651 3458 1731 3519 εἰς

173 3552 253 3624 τὴν
292 3555 503 3625 παγίδα·
553 3574 573 3606 ›
626 3554 764 3607 κατὰ
811 3553 867 3606 δὲ
910 3553 1002 3606 τὸν
1039 3551 1308 3615 Ἀκύλαν,
1370 3570 1385 3599 ι
1424 3550 1730 3619 Εἱσήγαγες

173 3647 321 3716 ἡμᾶς,
354 3648 537 3715 φασὶν,
573 3648 630 3698 ὲν
657 3644 970 3716 ὀχυρώματι
993 3663 1007 3675 ·
1041 3664 1059 3697 ι
1097 3642 1238 3697 κατά
1282 3641 1338 3694 δὲ
1378 3642 1469 3695 τὸν
1505 3639 1733 3709 Σύμμαη

175 3748 284 3800 χον,
319 3753 335 3784 ‹
367 3736 672 3805 Εἱσήγαγες
702 3735 849 3804 ἡμᾶς
882 3734 1031 3797 ἐντὸς
1061 3731 1407 3803 πολιορκίας·
1453 3750 1470 3781 ι
1509 3728 1649 3783 κατὰ
1676 3726 1731 3780 δὲ

176 3823 261 3894 τὴν
301 3824 554 3897 πέμπτην
598 3825 837 3878 ἕκδοσιψ
873 3845 891 3877 ι
924 3826 1233 3895 Εἰσήγαγες
1267 3825 1415 3893 ἡμᾶς
1451 3824 1529 3885 εἰς
1555 3836 1733 3891 περιεν

174 3915 279 3985 χήν.
308 3935 326 3967 ›
362 3917 519 3988 Δηλοῖ
539 3916 593 3969 δὲ
622 3916 710 3969 διὰ
735 3917 938 3970 τούτων
966 3919 995 3969 ό
1017 3917 1168 3985 λόγος
1198 3916 1419 3987 εἱρκτὰς
1452 3916 1545 3967 καὶ
1571 3916 1733 3984 φυλα-

176 4006 260 4071 κὰς
303 4011 394 4064 καὶ
439 4009 810 4081 δεσμωτήρια,
842 4012 899 4063 ὲν
930 4004 1010 4073 οἷς
1044 4008 1149 4080 πρὸ
1174 4008 1266 4061 τοῦ
1300 4007 1529 4059 θανάτου
1560 4007 1731 4059 κατά-

176 4098 387 4155 κλειστοι
419 4102 696 4172 γίγνονται
728 4106 776 4156 οἱ
820 4102 914 4156 τοῦ
953 4102 1086 4156 Θεοῦ
1122 4101 1423 4173 μάρτυρες·
1458 4100 1493 4155 ἃ
1536 4100 1599 4169 δὴ
1629 4118 1733 4152 πα-

176 4192 269 4257 γίδι
295 4194 484 4262 ἔοικεν,
512 4198 642 4249 εἵσω
661 4196 831 4266 αὐτῆς
860 4194 1205 4266 ἀπολαϐούση
1228 4195 1288 4247 τὸ
1311 4193 1727 4264 τεθηρευμένον.

177 4282 371 4356 Ταύτης
401 4287 457 4340 δὲ
486 4289 583 4359 τῆς
611 4289 835 4357 παγίδος
862 4288 1162 4358 μέμνηνται
1183 4285 1276 4338 καὶ
1300 4284 1534 4355 ἀλλαχοῦ
1561 4286 1611 4337 oi.
1632 4285 1731 4336 αύ-

176 4376 247 4429 τοὶ
284 4378 604 4446 φάσκοντες
645 4399 663 4431 ‹
688 4381 750 4433 Ἠ
780 4378 925 4450 ψυχὴ
953 4377 1109 4449 ἡμῶν
1148 4378 1224 4440 ὡς
1256 4376 1532 4447 στρουθίον
1572 4374 1732 4448 ἐρρύ-

1824 1893 1877 1946 in
1924 1897 2147 1961 argento
2198 1888 2389 1941 alienae
2434 1881 2677 1937 materiae
2720 1880 3040 1949 plerumque
3083 1870 3394 1927 commistio

1823 1986 2113 2057 reperitur,
2142 1995 2263 2052 quae
2293 1994 2425 2035 sane
2464 1977 2595 2030 latet
2623 1981 2914 2043 antequam
2946 1970 3001 2023 in
3035 1967 3391 2022 conﬂaturam

1823 2084 2157 2147 reponatur;
2187 2073 2317 2128 dum
2349 2077 2531 2125 autem
2559 2068 2682 2138 igne
2713 2062 3001 2125 conﬂatur,
3032 2068 3161 2114 tunc
3190 2058 3397 2113 discer-

1823 2173 1974 2227 nitur
2006 2176 2060 2225 et
2086 2167 2383 2238 probatur;
2422 2162 2712 2233 ipsumque
2743 2163 3029 2227 argentum
3054 2151 3273 2207 tandem
3297 2166 3395 2220 pu-

1824 2264 1965 2329 rius,
1999 2260 2347 2333 prmstantius
2376 2271 2440 2310 ac
2479 2252 2818 2323 splendidius
2856 2266 2919 2305 ex
2956 2247 3279 2318 purgatione
3305 2258 3395 2297 re-

1826 2362 2008 2413 manet
2049 2373 2063 2408 :
2098 2354 2179 2408 sic
2205 2359 2259 2406 et
2291 2350 2393 2403 viri
2428 2347 2563 2412 Dei,
2597 2347 2643 2401 si
2673 2344 2799 2414 qurd
2834 2344 3070 2395 alienum
3121 2339 3178 2391 in
3216 2335 3396 2390 anima

1827 2462 1927 2503 sua
1982 2462 2050 2501 ex
2100 2444 2286 2499 carnis
2336 2438 2722 2495 commistione
2787 2430 3194 2489 contraxerint.
3262 2425 3398 2480 illud

1826 2555 1987 2596 omne
2023 2540 2079 2593 in
2103 2535 2499 2594 tentationibus
2537 2542 2592 2588 et
2631 2528 2966 2585 instantibus
2998 2519 3397 2596 persecutioni-

1826 2634 1929 2688 bus
1952 2633 2293 2701 abstergunt,
2326 2630 2448 2700 igne
2474 2624 2768 2683 examinati
2799 2628 2854 2676 et
2883 2634 2980 2690 per
3008 2618 3173 2672 talem
3197 2610 3400 2669 conﬂa-

1829 2734 2006 2781 turam
2046 2724 2281 2795 purgati,
2315 2723 2389 2775 ita
2422 2727 2481 2773 ut
2520 2731 2737 2773 omnem
2786 2710 2994 2783 peccati
3021 2709 3197 2763 labem
3228 2706 3398 2775 depo-

1829 2826 1985 2880 nant,
2009 2832 2173 2888 quam
2202 2812 2517 2884 aliquando,
2549 2817 2736 2880 utpote
2762 2804 3032 2865 homines,
3070 2801 3123 2854 in
3152 2798 3396 2869 quaedam

1832 2910 1967 2981 lapsi
2010 2908 2227 2970 delicta,
2271 2904 2630 2960 admiserant.
2681 2899 2756 2954 De
2816 2897 2901 2950 his
2955 2895 3139 2962 itaque
3193 2888 3400 2961 gratias

1832 3012 2075 3074 agentes,
2108 3000 2297 3055 dicunt
2330 3016 2343 3051 ε
2387 3016 2405 3048 ι
2441 2994 2712 3060 Quoniam
2746 2987 2993 3061 probasti
3022 2999 3125 3039 nos
3153 3021 3167 3045 ,
3215 2982 3398 3045 Deus;

1834 3095 1958 3163 igne
1992 3106 2093 3146 nos
2119 3086 2439 3144 examinasti
2468 3085 2610 3139 sicut
2649 3081 2994 3136 examinatur
3022 3086 3327 3147 argentum.
3377 3090 3396 3123 ι

1832 3160 1952 3237 Non
1975 3180 2120 3235 enim
2153 3186 2211 3232 ut
2244 3176 2449 3246 paleam
2473 3182 2524 3227 et
2550 3171 2756 3230 fenum,
2793 3182 2970 3236 neque
3000 3172 3059 3218 ut
3089 3164 3250 3217 aliam
3287 3160 3401 3214 fra-

1831 3275 1996 3346 gilem
2028 3271 2315 3327 materiam
2362 3282 2464 3322 nos
2511 3266 2636 3335 igne
2659 3259 2985 3319 examinasti
3013 3275 3027 3323 ;
3055 3255 3152 3313 sed
3209 3263 3268 3309 ut
3315 3268 3404 3305 ar-

1834 3373 2078 3438 gentum,
2111 3363 2255 3435 quod
2288 3363 2357 3419 ab
2383 3362 2507 3432 igne
2539 3358 2729 3429 purius
2760 3355 2963 3410 evadit.
2990 3347 3273 3419 Quomodo
3307 3361 3404 3400 au-

1832 3470 1941 3516 tem
1990 3462 2116 3530 igne
2165 3455 2464 3513 examinati
2502 3452 2726 3511 fuerint,
2759 3450 2847 3504 his
2884 3446 3068 3502 verbis
3099 3450 3402 3500 enarrant:

1838 3573 1857 3604 ‹
1894 3551 2164 3607 Induxisti
2194 3564 2296 3604 nos
2330 3549 2384 3602 in
2418 3548 2673 3617 laqueum
2701 3561 2714 3610 ;
2764 3562 2782 3595 ι
2820 3538 3121 3598 secundum
3148 3535 3402 3606 Aquilam

1833 3654 1960 3701 vero
1994 3664 2007 3698 :
2044 3664 2062 3695 ι
2098 3642 2367 3697 Induxisti
2410 3655 2536 3704 nos,
2580 3639 2757 3700 aiunt,
2798 3636 2850 3689 in
2894 3632 3334 3693 munimentum;
3380 3644 3401 3679 ι

1833 3737 2133 3794 secundum
2158 3750 2290 3791 vero
2322 3731 2708 3804 Symmachum
2740 3746 2754 3783 :
2792 3746 2811 3779 ι
2842 3721 3111 3780 lnduxisti
3138 3735 3240 3776 nos
3262 3721 3405 3772 intra

1832 3829 2214 3894 obsidionem;
2247 3844 2266 3877 ι
2302 3822 2603 3879 secundum
2628 3820 2876 3891 quintam
2893 3815 3225 3872 editionem:
3262 3829 3281 3863 ‹
3317 3808 3407 3863 ln-

1833 3914 2049 3975 duxisti
2071 3932 2174 3974 nos
2206 3919 2261 3972 in
2293 3916 2672 3971 munitionem.
2711 3930 2730 3963 »
2766 3908 2865 3964 His
2886 3920 3051 3979 porro
3082 3904 3408 3975 signiﬁcano

1833 4022 1922 4068 tur
1951 4011 2258 4083 ergastula,
2287 4005 2581 4067 custodiae,
2611 4017 2862 4059 carceres
2912 4001 2967 4054 in
3007 3998 3209 4063 quibus
3254 4002 3407 4047 ante-

1830 4119 1995 4175 quam
2032 4103 2195 4157 morti
2225 4100 2531 4159 tradantur,
2565 4093 2812 4149 conclusi
2847 4092 3053 4162 degunt
3082 4088 3178 4143 Dei
3201 4096 3408 4155 marty-

1836 4211 1921 4251 res
1955 4214 1969 4249 :
2005 4209 2126 4264 quae
2154 4208 2286 4249 sane
2314 4190 2492 4259 laquei
2528 4189 2727 4244 similia
2762 4193 2914 4249 sunt,
2962 4197 3072 4253 quo
3118 4178 3417 4235 venatione

1834 4294 1989 4356 capta
2013 4285 2346 4340 detinentur.
2378 4281 2619 4352 Hujusce
2653 4279 2832 4349 laquei
2878 4276 3207 4332 mentionem
3247 4272 3409 4326 iidem

1834 4382 1961 4436 alibi
1996 4381 2201 4435 iaciunt
2223 4377 2470 4432 dicentes
2503 4394 2516 4430 :
2557 4394 2574 4425 ι
2610 4374 2806 4427 Anima
2832 4378 3023 4426 nostra
3052 4367 3196 4424 sicut
3223 4376 3421 4434 passer

180 4470 266 4542 σθη
295 4488 355 4526 εκ
380 4475 477 4545 τῆς
511 4475 736 4543 παγίδος
763 4474 871 4526 τῶν
899 4471 1237 4543 θηρευόντων
1256 4487 1269 4501 ·
1319 4471 1353 4540 ἠ
1403 4470 1569 4537 παγὶς
1617 4485 1726 4522 συν-

1836 4480 2021 4543 erepta
2050 4479 2135 4527 est
2160 4470 2228 4525 de
2259 4470 2453 4539 laqueo
2484 4466 2799 4523 venantium
2836 4484 2849 4520 :
2886 4465 3113 4545 laqueus
3140 4457 3411 4513 contritus

177 4536 344 4636 ετρίΰη
374 4536 469 4620 καί
496 4536 656 4638 ἡμείς
685 4536 1049 4639 ἐρρύσθημεν.
1087 4582 1105 4614 ι
1142 4536 1363 4633 Πρῶτον
1392 4536 1503 4631 μὲν
1541 4556 1633 4613 οῦν
1656 4560 1726 4622 είς

1838 4575 1943 4627 est,
1975 4570 2031 4617 et
2059 4578 2161 4617 nos
2191 4560 2405 4614 liberati
2439 4575 2632 4613 sumus
2656 4558 2725 4613 ".
2771 4575 2789 4608 ι
2824 4536 3010 4607 Primi)
3042 4550 3259 4621 quidem
3316 4547 3411 4615 qui

176 4654 260 4725 τὴν
288 4658 486 4725 παγίδα
516 4660 565 4712 οἱ
595 4657 927 4730 πυρούμενοι
956 4655 1287 4723 εἰσάγονται,
1315 4653 1348 4724 ἢ
1377 4654 1457 4715 εἰς
1499 4652 1560 4704 τὸ
1604 4650 1733 4722 ὀχύ-

182 4762 343 4817 ρωμα,
365 4750 398 4820 ἢ
424 4752 505 4814 εἰς
526 4751 619 4823 τὴν
649 4749 931 4822 περιοχὴν,
961 4748 993 4818 ἢ
1025 4750 1105 4810 εἰς
1124 4746 1224 4816 τὴν
1250 4745 1563 4816 πολιορκίαν
1581 4762 1593 4774 ·
1616 4738 1734 4798 εἶτα

179 4834 407 4911 δεύτερον
433 4838 592 4894 ἆθλον
624 4838 998 4909 ἀγωνίζονται,
1029 4838 1087 4890 ὃν
1100 4836 1423 4906 διασαφοῦσι
1451 4836 1698 4904 λέγοντες
1717 4852 1729 4864 ⁸

183 4930 361 4984 «Ἕθου
395 4932 600 5002 θλίψεις
643 4934 734 4986 ἐπὶ
774 4933 865 4986 τὸν
904 4930 1070 4984 νῶτον
1102 4929 1277 5000 ἡμῶν.
1312 4947 1329 4979 ι
1371 4929 1527 4981 Κατά
1555 4928 1613 4981 δὲ
1643 4927 1735 4980 τὸν

187 5018 401 5076 Ἀκύλαν
418 5026 578 5091 φασίν
594 5043 606 5055 ·
633 5044 651 5075 ‹
665 5025 907 5095 Ἐθηκας
927 5023 1153 5095 τρισμὸν
1175 5024 1230 5074 ὲν
1253 5021 1330 5092 τῷ
1350 5021 1504 5092 νώτῳ
1518 5020 1694 5092 ἡμῶν·
1712 5041 1728 5070 ι

182 5110 307 5163 κατά
337 5112 391 5164 δὲ
417 5115 507 5167 τὸν
538 5115 850 5185 Σύμμαχον’
888 5113 1164 5185 «Ἔθηκας
1192 5112 1461 5166 κύκλωσιν
1484 5115 1548 5183 τῇ
1573 5111 1735 5181 ὀσφύϊ

182 5201 342 5268 ἡμῶν,
374 5225 391 5256 ι
422 5206 647 5277 Δηλοῦσι
672 5206 729 5259 δὲ
750 5206 838 5259 διά
863 5206 1063 5259 τούτων
1084 5204 1182 5267 τὰς
1204 5204 1343 5257 κατά
1362 5203 1457 5257 τοῦ
1484 5203 1733 5274 σώματος

185 5290 399 5363 πληγὰς,
431 5296 498 5361 ἃς
528 5299 711 5371 ἐδήλου
744 5298 1073 5369 σαφέστερον
1109 5298 1137 5349 ὁ
1174 5296 1494 5360 Ἀπόστολος
1519 5297 1692 5366 λέγων
1717 5314 1731 5327 ·

190 5399 206 5431 ι
234 5382 357 5454 Τρὶς
397 5389 771 5459 ὲρραϐδίσθην,
800 5388 945 5453 ἅπαξ
985 5388 1294 5460 ἐλιθάσθην,
1329 5388 1432 5441 ὑπὸ
1468 5389 1734 5441 Ἰουδαίων

184 5480 573 5549 τεσσαράκοντα
602 5482 750 5552 παρά
775 5482 903 5552 μίαν
932 5480 1140 5535 ἔλαϐον.
1174 5501 1190 5531 ι
1225 5479 1379 5533 Μετά
1413 5480 1469 5533 δὲ
1506 5480 1605 5543 τὰς
1632 5482 1738 5551 εἱρ-

185 5566 308 5632 κτὰς
336 5571 428 5623 καὶ
458 5571 555 5635 τὰς
596 5573 736 5625 κατὰ
782 5574 888 5627 τῶν
932 5572 1116 5625 νώτων
1146 5572 1178 5642 ἢ
1214 5571 1355 5624 κατά
1384 5571 1493 5626 τῶν
1523 5570 1737 5640 όσφύων

278 5748 317 5779 ⁸⁷
346 5747 488 5807 Psal.
520 5769 709 5819 cum,
737 5755 786 5811 7.
862 5754 907 5788 ⁸⁸
946 5754 987 5809 ll
1020 5755 1148 5812 Cor.
1181 5771 1257 5821 ιι,
1293 5755 1385 5811 25.

1838 4656 1961 4725 igne
1991 4653 2399 4717 examinantur,
2444 4652 2500 4705 in
2550 4650 2803 4719 laqueum
2842 4644 3176 4700 inducuntur
3210 4641 3324 4695 sive
3353 4639 3414 4693 in

1836 4746 2174 4818 praesidium,
2227 4747 2282 4800 in
2332 4744 2695 4799 munitionem
2753 4749 2847 4794 aut
2906 4739 2961 4793 in
3022 4734 3407 4798 obsidionem;

1837 4839 2080 4897 secundo
2109 4846 2385 4895 certamen
2413 4839 2652 4904 obeunt;
2680 4836 2824 4906 quod
2854 4831 3163 4903 signiﬁcant
3193 4829 3278 4883 bis
3301 4841 3413 4881 ver-

1836 4932 1923 4987 bis
1960 4949 1974 4986 :
2012 4949 2031 4983 ι
2070 4931 2312 4986 Posuisti
2364 4930 2748 4985 tribulationes
2792 4927 2847 4980 in
2901 4925 3067 4978 dorso
3129 4932 3357 4987 nostro;
3388 4939 3409 4972 ι

1837 5025 2141 5081 secundum
2174 5024 2425 5093 Aquilam
2456 5036 2588 5077 vero
2616 5020 2842 5074 dicunt:
2881 5036 2899 5069 ι
2934 5015 3169 5071 Posuisti
3202 5012 3413 5067 contri-

1836 5118 2041 5173 tionem
2071 5118 2127 5172 in
2158 5117 2325 5173 dorso
2343 5125 2570 5179 nostro;
2602 5133 2621 5165 ι
2658 5111 2960 5167 secundum
2985 5106 3370 5179 Symmachum
3395 5125 3408 5159 :

1842 5230 1861 5263 ι
1895 5210 2140 5266 Posuisti
2173 5209 2439 5263 circulum
2474 5204 2677 5259 lumbis
2717 5202 2944 5257 nostris.
2986 5220 3004 5251 ι
3042 5198 3140 5253 llis
3162 5211 3291 5251 vero
3321 5196 3416 5250 de-

1838 5303 2053 5359 clarant
2080 5299 2315 5355 inﬂictas
2352 5297 2566 5366 corpori
2594 5294 2800 5365 plagas,
2824 5307 2960 5361 quas
2992 5288 3235 5360 apertius
3252 5301 3413 5342 enar-

1838 5396 1983 5449 ravit
2033 5392 2329 5462 Apostolus
2374 5390 2563 5444 dicens
2596 5406 2608 5442 :
2647 5406 2666 5438 ‹
2699 5387 2806 5440 Ter
2836 5384 3007 5454 virgis
3040 5397 3217 5437 caesus
3266 5395 3409 5441 Slllll,

1841 5486 2010 5543 semel
2039 5483 2311 5552 lapidatus
2343 5496 2487 5540 sum,
2533 5495 2563 5533 a
2608 5477 2810 5533 Judmis
2867 5474 3249 5547 quadragenas
3310 5485 3415 5524 una

1840 5578 2026 5633 minus
2057 5574 2325 5631 accepi“.
2364 5592 2383 5625 ›
2418 5571 2549 5626 Post
2571 5586 2843 5636 carceres,
2873 5578 2997 5641 post
3024 5568 3212 5638 plagas
3252 5564 3419 5620 dorso
