3808 6280
425 265 532 346 663

1141 287 1414 352 EUSEBII
1446 292 1928 353 CESARIENSIS
1958 297 1984 356 (

2089 314 2110 355 η.
2151 297 2332 357 PARS
2368 301 2533 357 lll.—
2565 287 2978 360 EXEG‘E’T‘FCA.
3523 311 3604 369 oet

423 421 518 468 aut
579 411 778 467 lumbis
827 410 1079 468 incussas
1133 412 1249 468 haec
1316 412 1525 469 addunt
1562 435 1574 469 :
1614 435 1632 467 ‹
1673 415 1984 489 lmposuisti

2090 421 2322 493 πληγάςο
2358 441 2375 472 ι
2399 420 2754 486 Ἐπεϐίϐασας
2785 420 3100 495 ἀνθρώπους
3131 421 3224 476 ἐπὶ
3280 425 3374 488 τὰς
3411 431 3608 498 κεφαλὰς

423 503 673 581 homines
707 518 874 574 super
893 505 1072 574 capita
1094 514 1302 561 nostra.
1343 524 1362 556 ι
1412 503 1538 560 Haec
1581 514 1759 561 autem
1785 507 1988 564 intelli-

419 585 542 666 ges,
567 609 690 650 cum
725 595 912 652 videas
939 596 1128 652 atheos
1157 606 1212 651 et
1242 596 1443 667 impios
1466 599 1616 654 viros
1652 603 1991 669 persecutio-

355 733 358 735 λ
419 705 549 743 num
588 695 831 766 tempore
858 690 1203 760 insurgentes
1230 705 1294 744 ac
1334 698 1528 745 contra
1552 691 1749 746 divinze
1773 692 1986 763 religio-

417 781 506 836 nis
535 781 766 838 athletas
793 797 914 838 sese
936 782 1293 849 extollentes;
1328 783 1430 839 hos
1465 798 1596 839 vero
1647 785 1893 855 abjectos
1924 801 1988 841 ac

416 873 572 927 vultu
625 873 866 929 demisso
909 875 980 929 ob
1016 875 1334 946 blasphema
1379 875 1525 931 dicta
1574 883 1628 932 et
1664 876 1984 947 jactantiam

417 965 723 1020 atheorum.
755 963 820 1019 Et
848 980 978 1021 vero
1008 966 1332 1037 plerumque
1379 968 1465 1022 vel
1509 968 1748 1038 pupillas
1794 971 1985 1026 oculo-

416 1069 536 1108 rum
568 1055 949 1120 verberabant,
975 1056 1105 1110 dum
1139 1057 1315 1126 capita
1345 1057 1672 1112 athletarum
1695 1057 1788 1114 Dei
1811 1059 1984 1131 plagis

414 1147 705 1201 caaderent.
734 1145 840 1202 Sed
870 1146 987 1202 haec
1018 1148 1202 1203 omnia
1221 1187 1236 1211 ,
1266 1148 1421 1203 aiunt
1463 1148 1558 1204 Dei
1605 1157 1893 1222 martyres,
1924 1159 1983 1206 tu

412 1239 593 1302 nobis,
626 1237 792 1303 Deus,
828 1239 1095 1295 induxisti
1129 1259 1141 1295 :
1176 1256 1276 1296 nec
1319 1246 1502 1296 tamen
1534 1250 1589 1297 te
1617 1241 1828 1298 volente
1855 1243 1986 1314 quid

414 1331 596 1387 simile
618 1331 676 1386 in
709 1347 812 1386 nos
840 1332 1129 1389 admittere
1161 1332 1280 1389 ausi
1313 1341 1463 1399 sunt,
1499 1336 1592 1391 sed
1619 1336 1984 1406 permittente.

415 1421 597 1487 Quare
633 1421 715 1478 sic
752 1437 875 1478 eum
907 1423 1302 1494 alloquuntur:
1341 1444 1359 1476 ι
1389 1424 1657 1482 Ιηιιυιίειί
1689 1441 1791 1482 nos
1823 1427 1878 1481 in
1907 1427 1987 1482 la-

411 1529 633 1583 queum.
678 1534 696 1567 ι
729 1513 811 1569 Tu
845 1517 991 1571 enim
1043 1531 1144 1574 nos
1189 1532 1409 1574 carcere
1449 1519 1685 1574 detineri
1727 1520 1983 1584 curabas,

413 1608 540 1676 quia
572 1605 624 1660 id
672 1605 785 1661 fieri
819 1607 1198 1677 permittebas.
1238 1609 1318 1664 Tu
1348 1624 1568 1680 quoque
1615 1611 1858 1680 ponebas
1888 1612 1986 1666 tri-

412 1697 721 1754 bulationes
754 1698 812 1753 in
843 1697 1010 1756 dorso
1040 1710 1252 1757 nostro.
1289 1701 1474 1772 Neque
1514 1703 1660 1758 enim
1704 1703 1759 1759 id
1793 1705 1986 1760 adver-

412 1806 533 1845 sum
569 1805 670 1846 nos
709 1791 830 1846 ausi
874 1799 1082 1857 essent,
1127 1792 1172 1848 si
1225 1808 1327 1849 nos
1362 1808 1527 1848 manu
1567 1802 1857 1865 protegens
1892 1804 1986 1852 tua

411 1883 789 1938 custodiisses.
839 1882 923 1938 Tu
967 1898 1100 1940 vero
1141 1884 1332 1941 atheos
1373 1885 1625 1942 homines
1671 1888 1984 1958 imposuisti

409 1985 576 2039 super
611 1972 790 2042 capita
835 1981 1050 2029 nostra.
1075 1974 1158 2028 Ad
1185 1975 1303 2030 haec
1343 1984 1525 2031 autem
1575 1979 1630 2032 in
1681 1987 1984 2034 extremum

411 2061 684 2115 malorum
715 2061 1075 2132 devenimus;
1111 2080 1237 2119 nam
1268 2066 1359 2120 alii
1391 2067 1612 2138 quidem
1656 2068 1766 2139 igni
1799 2069 1986 2124 traditi

408 2159 639 2207 mortem
688 2154 1102 2222 sustinuerunt;
1139 2156 1232 2210 alii
1283 2158 1336 2211 in
1365 2173 1506 2229 aqua
1534 2161 1790 2216 exstincti
1834 2171 1980 2218 sunt.

409 2241 635 2299 Ferrum
678 2245 901 2316 quippe,
929 2254 985 2302 et
1026 2247 1172 2304 ferro
1214 2250 1365 2304 illata
1415 2253 1706 2324 supplicia,
1766 2254 1986 2327 aliaque

409 2336 603 2391 mortis
630 2351 849 2407 genera,
875 2354 997 2408 quae
1014 2341 1252 2394 maxima
1274 2358 1404 2412 pars
1426 2353 1674 2400 nostrum
1699 2347 1981 2413 sustinuit,

410 2440 508 2494 pro
543 2427 714 2482 nihilo
739 2438 1062 2500 reputantur
1087 2448 1157 2490 ex
1179 2431 1514 2490 deteriorum
1543 2439 1980 2509 comparatione.

410 2517 773 2584 Quamobrem
800 2522 915 2577 haec
945 2525 1165 2593 quidem
1201 2534 1465 2584 tacemus.
1506 2529 1645 2596 Quia
1675 2547 1807 2588 vero
1843 2534 1984 2590 inter

410 2612 640 2677 atrocia,
694 2613 830 2668 nihil
863 2614 1145 2673 crudelius
1180 2633 1316 2675 nece
1353 2635 1448 2691 per
1495 2621 1674 2692 ignem
1704 2631 1758 2678 et
1787 2638 1984 2695 aquam

412 2702 558 2756 illata
579 2704 947 2772 existimatur,
975 2707 1092 2764 haec
1129 2724 1231 2765 nos
1260 2726 1551 2782 perpessos
1573 2713 1828 2771 dicimus.
1847 2714 1984 2771 Nam

411 2797 501 2850 alii
533 2806 780 2854 nostrum
816 2801 872 2856 in
896 2803 1034 2858 mari
1060 2811 1115 2858 et
1141 2803 1194 2859 in
1221 2803 1537 2862 ﬂuminibus
1555 2807 1791 2866 demersi
1813 2821 1980 2878 sunt;

410 2891 504 2944 alii
534 2891 678 2962 ignis
705 2894 1038 2965 supplicium
1061 2897 1303 2952 luerunt.
1346 2896 1444 2954 His
1479 2901 1648 2957 tantis
1699 2902 1983 2972 suppliciis

409 2984 655 3053 probasti
687 3001 810 3052 nos,
837 2986 1004 3054 Deus,
1033 2989 1121 3046 his
1147 2991 1411 3048 omnibus
1451 2992 1576 3064 igne
1616 3009 1717 3051 nos
1777 2997 1983 3052 exami-

409 3078 552 3133 nasti
582 3079 727 3135 sicut
757 3080 1107 3137 examinatur
1143 3093 1450 3156 argentum.

483 3251 591 3308 Sed
630 3269 756 3310 cum
799 3256 916 3312 haec
957 3259 1223 3315 omniain
1255 3277 1358 3319 nos
1387 3262 1723 3332 induxisses,
1765 3275 1822 3321 tu
1866 3267 1985 3338 ipse

411 3360 630 3400 rursum
660 3346 900 3402 eduxisti
930 3363 1032 3402 nos
1067 3349 1120 3403 in
1145 3349 1516 3421 refrigerium.
1555 3351 1674 3408 Non
1707 3357 1854 3410 enim
1883 3369 1984 3411 no-

411 3446 588 3494 strum
618 3448 736 3494 erat
764 3439 893 3492 talia
922 3440 1196 3496 sustinere
1217 3450 1271 3497 et
1299 3443 1430 3496 talia
1470 3443 1726 3515 ell‘ugcre,
1773 3445 1869 3500 sed
1902 3446 1983 3501 tui

411 3529 592 3600 magni
626 3528 967 3597 Servatoris;
998 3531 1142 3587 sicut
1171 3533 1318 3588 enim
1353 3534 1617 3590 induxisti
1654 3550 1757 3590 nos
1798 3537 1855 3590 in
1904 3537 1984 3590 la-

410 3636 634 3692 queum,
664 3623 744 3678 sic
775 3623 1012 3678 eduxisti
1047 3625 1102 3679 in
1130 3625 1501 3696 refrigerium.
1527 3625 1980 3699 Quandoquidem

411 3727 519 3768 non
546 3713 845 3784 permisisti
871 3722 928 3769 ut
951 3714 1133 3771 tristia
1153 3715 1244 3770 illa
1263 3715 1356 3770 diu
1379 3725 1780 3787 permanerent,
1809 3733 1986 3789 neque

411 3806 468 3859 in
514 3805 789 3860 infinitum
830 3807 1236 3862 tribulationem
1268 3809 1608 3878 protraxisti,
1636 3825 1813 3880 neque
1861 3824 1986 3881 per-

410 3899 610 3955 misisti
643 3908 702 3953 ut
729 3900 990 3956 diuturno
1014 3910 1262 3972 tempore
1306 3901 1558 3958 homines
1590 3903 1863 3972 capitibus
1901 3905 1987 3956 in-

410 4001 620 4048 starent
680 3993 924 4060 nostris;
955 4009 1132 4063 neque
1173 3994 1228 4049 in
1273 3995 1450 4065 ignem
1499 3995 1734 4066 conjecti
1773 3996 1866 4052 diu
1910 3995 1985 4050 ibi

412 4082 848 4153 versati,,neque
876 4084 932 4138 in
955 4098 1152 4154 aquam
1193 4084 1392 4154 dejecti
1437 4087 1686 4158 absorpti
1733 4085 1981 4153 fuimus;

412 4171 508 4228 sed
537 4187 657 4226 eam
685 4174 1143 4245 pertransivimus
1174 4193 1187 4230 :
1215 4191 1386 4245 quare
1415 4176 1620 4245 dicitur
1652 4201 1662 4234 :
1709 4197 1727 4230 ι
1759 4176 1986 4234 Transi-

413 4262 590 4317 vimus
624 4277 721 4332 per
755 4262 957 4334 ignem,
989 4273 1045 4320 et
1067 4262 1399 4334 profundum
1442 4282 1708 4337 aquarum
1763 4278 1988 4338 praeter-

2090 511 2262 582 ήμῶν.
2297 532 2314 564 ι
2346 514 2454 566 Καὶ
2477 513 2633 567 τοῦτο
2678 513 2734 566 δὲ
2787 515 3018 584 νοήσεις,
3047 515 3187 586 ὁρῶν
3219 517 3354 570 κατὰ
3391 521 3502 583 τοὺς
3527 525 3610 579 τῶν

2089 600 2341 674 διωγμῶν
2364 603 2588 676 καιροὺς
2615 603 3042 674 ἐπεμϐαίνοντας
3067 606 3190 668 τοὺς
3215 606 3401 670 ἀθέους
3421 607 3504 662 καὶ
3520 613 3612 667 ἀσε-

2088 693 2204 758 ϐεῖς
2225 694 2420 766 ἄνδρας
2449 695 2543 748 καὶ
2575 695 3071 767 κατεπαιρομένους
3093 697 3199 752 τῶν
3222 699 3319 770 τῆς
3347 699 3612 771 θεοσεϐείας

2086 782 2354 855 ἀθλητῶν,
2390 787 2514 848 τοὺς
2559 784 2616 838 δὲ
2664 787 3116 856 ταπεινουμένους
3151 789 3244 841 καὶ
3275 789 3347 842 τὰ
3390 790 3612 861 πρόσωπα

2089 876 2546 946 συνεσταλμένους
2579 877 2673 930 ἐπὶ
2715 880 2833 940 ταῖς
2861 877 2972 930 τῶν
2999 877 3171 932 ἀθέων
3203 880 3547 952 βλασφημίαις
3569 903 3612 938 τε

2087 965 2180 1018 καὶ
2215 966 2774 1040 μεγαλαυχίαις.Ἥδη
2807 967 2862 1020 δὲ
2895 967 3151 1034 πολλάκις
3193 972 3286 1025 καὶ
3325 973 3459 1025 κατὰ
3482 975 3613 1045 κόρης

2088 1055 2288 1126 ἐτυψαν
2316 1057 2565 1122 παίοντες
2611 1057 2844 1129 πληγαῖς
2867 1061 2965 1124 τὰς
2992 1060 3100 1115 τῶν
3124 1062 3373 1134 ἀθλητῶν
3397 1064 3482 1118 τοῦ
3507 1067 3613 1120 Θεοῦ

2073 1150 2344 1218 κεφαλάς.
2365 1150 2525 1204 Ἀλλὰ
2553 1150 2722 1204 ταῦτα
2742 1153 2938 1217 πάντα,
2963 1154 3125 1222 φασὶν
3157 1157 3203 1207 οἱ
3233 1155 3329 1209 τοῦ
3362 1155 3487 1209 Θεοῦ
3509 1159 3617 1230 μάρ-

2086 1257 2268 1312 τυρες,
2304 1241 2368 1295 σὺ
2395 1244 2526 1313 ήμῖν
2553 1243 2848 1314 ἐπήγαγες,
2876 1246 2904 1296 ὁ
2931 1245 3081 1309 Θεός.
3109 1245 3199 1318 Μὴ
3228 1246 3338 1318 γάρ
3366 1265 3453 1300 σου
3478 1247 3616 1317 βουλο-

2090 1330 2273 1400 μένου,
2299 1332 2400 1386 οὑκ
2425 1333 2490 1388 ἄν
2528 1350 2580 1386 τι
2603 1334 2841 1390 τοιοῦτον
2871 1337 2989 1391 καθ’
3013 1336 3168 1408 ήμῶν
3193 1338 3453 1410 ἐτολμᾶτο
3474 1358 3486 1371 ·
3513 1359 3615 1409 συγ-

2087 1422 2387 1496 χωροῦντος
2433 1424 2491 1478 δέ
2537 1441 2652 1490 σου,
2681 1427 2830 1481 ταῦτ’
2863 1429 3087 1497 ἐγίνετο.
3119 1431 3209 1483 Διό
3241 1447 3376 1500 φασι
3401 1433 3521 1502 πρὸς
3545 1435 3618 1488 αὐ-

2085 1515 2175 1569 τόν
2195 1533 2207 1544 ⁸
2235 1534 2253 1566 ι
2279 1517 2586 1587 Είσήγαγες
2613 1519 2760 1588 ἡμᾶς
2785 1521 2864 1583 εἰς
2883 1519 2982 1590 τὴν
3010 1521 3228 1588 παγίδα.
3249 1541 3268 1573 ι
3297 1523 3371 1575 Σὺ
3390 1522 3488 1594 γὰρ
3506 1520 3618 1595 ἦσθα

2086 1606 2114 1657 ὁ
2135 1604 2554 1672 κατακλείστους
2579 1609 2724 1679 ἡμᾶς
2753 1609 2944 1677 ποιῶν,
2976 1613 3274 1682 συγχωρῶν
3297 1614 3359 1667 δὲ
3387 1615 3539 1668 ταῦτα
3556 1617 3620 1686 γίι

2088 1694 2295 1749 νεσθαι.
2331 1696 2441 1748 Καὶ
2477 1696 2540 1748 σὺ
2569 1695 2692 1750 ἔθου
2725 1697 2931 1768 θλίψεις
2956 1700 3048 1753 ἐπὶ
3079 1701 3170 1756 τὸν
3194 1702 3367 1756 νῶτον
3391 1705 3620 1774 ήμῶν.οὐ

2086 1786 2194 1858 γὰρ
2215 1785 2280 1840 ἂν
2299 1785 2470 1841 ταῦτα
2492 1786 2610 1840 καθ’
2632 1787 2788 1860 ήμῶν
2815 1789 3097 1860 ἐτολμᾶτο,
3120 1792 3170 1843 εἰ
3192 1793 3256 1861 τῇ
3288 1791 3481 1844 σαυτοῦ
3506 1794 3620 1864 χειρὶ

2088 1877 2366 1940 σκεπάσας
2396 1876 2712 1947 ἐφύλαττες.
2739 1879 2810 1932 Σὺ
2848 1879 2905 1932 δὲ
2933 1880 3027 1934 καὶ
3062 1880 3188 1942 τοὺς
3219 1880 3414 1944 ἀθέους
3452 1881 3621 1952 ἀνθρὼ-

2087 1981 2219 2028 πους
2238 1964 2570 2028 ἐπεϐίϐασας
2596 1967 2687 2019 ἐπὶ
2706 1965 2803 2030 τὰς
2829 1967 3068 2036 κεφαλὰς
3091 1967 3418 2040 ήμῶν.”Ηδη
3441 1969 3492 2022 δὲ
3515 1971 3619 2042 πρὸς

2083 2054 2294 2118 τούτοις
2340 2057 2419 2120 εἰς
2470 2055 2671 2127 ἔσχατα
2723 2059 2910 2112 κακῶν
2941 2059 3194 2131 ήλθομεν,
3224 2063 3274 2114 οἱ
3311 2063 3412 2132 μὲν
3453 2063 3530 2115 τὸν
3555 2063 3620 2116 διὰ

2087 2146 2257 2218 πυρὸς
2307 2148 2697 2218 ὑπομείναντες
2743 2149 2988 2215 θάνατον,
3018 2154 3064 2206 οἱ
3112 2152 3171 2205 δέ
3211 2153 3301 2207 τὸν
3350 2153 3416 2206 δι’
3449 2153 3620 2218 ὓδατος.

2084 2239 2308 2312 Σίδηρος
2349 2241 2448 2312 μὲν
2478 2241 2587 2314 γὰρ
2618 2245 2712 2296 καὶ
2742 2244 2798 2295 αἱ
2841 2244 2930 2297 διὰ
2975 2244 3193 2316 σιδήρου
3224 2245 3491 2310 κολάσεις,
3518 2247 3621 2300 οἵτε

2083 2330 2229 2384 ἄλλοι
2267 2331 2506 2396 θάνατοι,
2538 2331 2630 2397 οὒς
2661 2335 2709 2386 οἱ
2736 2332 2952 2398 πλείους
2981 2334 3138 2405 ἡμῶν
3185 2337 3618 2408 ὑπομεμενήκασι,

2083 2428 2144 2478 τὸ
2177 2425 2343 2498 μηθὲν
2371 2425 2736 2498 ἐνομίσθησαν
2773 2426 3072 2498 παραθέσει
3118 2427 3226 2481 τῶν
3266 2428 3530 2500 χειρόνων.
3552 2427 3621 2480 Διὸ

2083 2520 2265 2572 ἐκεῖνα
2297 2517 2396 2588 μὲν
2427 2519 2848 2590 σεσιωπήκαμεν
2868 2536 2880 2548 ·
2908 2520 3029 2573 ἐπεὶ
3049 2519 3128 2584 δὲ,
3156 2520 3230 2583 ὡς
3261 2521 3317 2571 ἐν
3342 2520 3538 2582 δεινοῖς,
3558 2519 3623 2571 οὐ·

2083 2610 2172 2663 δὲν
2201 2612 2380 2682 χεῖρον
2409 2610 2504 2663 τοῦ
2546 2609 2634 2663 διὰ
2673 2611 2844 2682 πυρὸς
2871 2610 3100 2665 θανάτου
3127 2612 3220 2664 καὶ
3245 2611 3345 2664 τοῦ
3384 2611 3446 2664 δι’
3469 2611 3623 2674 ὓδατος

2083 2703 2426 2775 νενόμισται,
2457 2701 2628 2758 ταῦτα
2669 2703 2728 2757 δέ
2776 2705 2914 2758 αὑτά
2953 2721 3129 2774 φαμεν
3161 2705 3621 2776 ὑπομεμενηκέναι.

2085 2795 2244 2859 Τινὲς
2279 2795 2377 2866 μὲν
2409 2794 2518 2868 γὰρ
2545 2795 2701 2866 ἡμῶν
2735 2795 3053 2867 ὑποϐρύχιοι
3082 2793 3320 2866 θαλάττῃ
3373 2796 3458 2848 καὶ
3491 2810 3622 2846 παια-

2086 2891 2204 2959 μοῖς
2227 2887 2599 2960 παρεδόθησαν
2621 2902 2632 2916 '
2663 2889 2712 2942 οί
2736 2888 2792 2942 δὲ
2813 2888 2912 2959 τὴν
2930 2888 3017 2942 διὰ
3041 2889 3209 2960 πυρὸς
3233 2886 3621 2960 τιμωρίαν,ὑπέ·

2085 2994 2304 3050 στησαν.
2335 2976 2434 3030 Διὰ
2454 2977 2720 3032 τοσούτων
2746 2972 2838 3032 οὖν
2883 2978 3210 3049 ἐδοκίμασας
3238 2979 3410 3049 ἡμᾶς,
3441 2980 3467 3030 ό
3495 2976 3618 3040 Θεὸς,

2084 3071 2179 3125 καὶ
2209 3069 2298 3125 διὰ
2329 3069 2530 3124 τούτων
2564 3070 2816 3127 ἁπάντων
2849 3069 3138 3141 ὲπύρωσας
3170 3071 3339 3141 ἡμᾶς,
3361 3069 3433 3134 ὡς
3458 3064 3622 3140 πυροῦ-

2014 3161 2050 3190 η*
2085 3177 2176 3215 ται
2198 3161 2258 3215 τὸ
2286 3161 2428 3232 ὰργύ
2438 3178 2568 3231 ριον.

2168 3251 2327 3305 Ἀλλὰ
2351 3252 2526 3307 ταῦτα
2550 3252 2725 3306 πάντα
2753 3251 3044 3322 ἐπαγαγὼν
3077 3255 3227 3325 ἡμῖν,
3260 3252 3424 3307 πάλιν
3455 3251 3512 3305 σὺ
3545 3249 3622 3303 αὐ-

2083 3343 2174 3408 τὸς
2196 3342 2461 3417 ἐξήγαγες
2492 3345 2637 3417 ἡμᾶς
2658 3347 2738 3410 εἰς
2761 3344 3058 3417 ἀναψυχήνο
3090 3346 3163 3398 οὐ
3189 3345 3296 3415 γὰρ
3333 3343 3483 3415 ἡμῶν
3504 3338 3560 3414 ἦν
3577 3339 3623 3393 τδ

2087 3439 2374 3511 ὑπομεῖναι
2419 3441 2515 3496 καὶ
2546 3441 2826 3509 διαφυγεῖν
2860 3438 2927 3494 τὰ
2958 3436 3212 3502 τοσαῦτα,
3247 3437 3386 3491 ἀλλὰ
3433 3434 3516 3489 σοῦ
3552 3431 3623 3486 τοῦ

2089 3530 2322 3602 μεγάλου
2358 3532 2606 3604 Σωτῆρος
2625 3546 2638 3561 ·
2669 3530 2743 3595 ὼς
2765 3529 2872 3602 γὰρ
2897 3529 3184 3600 εἰσήγαγες
3209 3530 3288 3590 εἰς
3318 3527 3416 3598 τὴν
3441 3524 3622 3594 παγίδα,

2085 3625 2227 3679 οὑτω
2270 3625 2365 3678 καὶ
2400 3624 2668 3695 ἐξήγαγες
2709 3623 2786 3685 εἰς
2814 3620 3108 3692 ἀναψυχήν.
3129 3617 3348 3688 Ἐπειδὴ
3380 3616 3452 3688 μὴ
3479 3613 3624 3685 παρά-

2089 3734 2225 3788 μονα
2277 3716 2462 3779 εἴασας
2513 3716 2666 3786 ήμῶν
2704 3713 2774 3767 τὰ
2803 3710 3120 3784 σκυθρωπὰ,
3150 3711 3285 3781 μηδέ
3329 3711 3407 3772 εἰς
3437 3709 3624 3777 ἄπειρον

2086 3809 2410 3880 παρέτεινας
2436 3807 2535 3879 τὴν
2570 3806 2766 3876 θλίψιν,
2801 3804 2933 3877 μηδὲ
2965 3806 3043 3867 είς
3077 3802 3285 3874 μακρὸν
3319 3802 3498 3873 χρόνον
3525 3815 3622 3851 συν-

2085 3899 2368 3972 εχώρησας
2392 3899 2644 3971 ἐπιϐῆναι
2665 3899 2760 3954 ἀνθ
2771 3897 2980 3969 ρώπους
3004 3896 3096 3948 ἐπὶ
3112 3895 3210 3958 τὰς
3227 3893 3463 3964 κεφαλὰς
3482 3889 3623 3963 ήμιῖινο

2086 3991 2200 4046 ἀλλ’
2226 3991 2348 4045 οὑδὲ
2391 3993 2448 4043 ἐν
2477 3990 2555 4061 τῷ
2596 3989 2728 4060 πυρὶ
2759 3988 3039 4058 γενόμενοι
3067 3986 3511 4056 ἐνυπεμείναμεν,
3531 3978 3624 4033 οὐδὲ

2087 4086 2144 4139 ὲν
2175 4084 2254 4155 τῷ
2280 4083 2431 4138 ὕδατι
2456 4082 2816 4154 ἐμϐληθέντες
2843 4079 3114 4150 κατεπόθη
3125 4095 3221 4148 μεν
3237 4095 3248 4108 ’
3288 4078 3383 4130 καί
3428 4076 3565 4129 τοῦτο
3582 4071 3624 4125 δὲ

2086 4177 2402 4248 διήλθομεν·
2441 4175 2520 4228 διὸ
2553 4174 2830 4233 λέλεκται·
2869 4191 2887 4223 ι
2919 4170 3215 4241 Διήλθομεν
3245 4169 3334 4223 διὰ
3357 4169 3533 4241 πυρὸς,
3553 4164 3626 4218 καὶ

2086 4268 2179 4321 τὸν
2226 4267 2384 4338 βυθὸν
2427 4267 2534 4320 τῶν
2575 4267 2780 4322 ὑδάτων
2827 4265 3204 4339 διεξήλθομεν·
3238 4283 3256 4316 ›
3292 4264 3372 4317 διὸ
3396 4263 3503 4325 καὶ,
3537 4258 3626 4312 «δι’

411 4355 585 4425 gressi
609 4370 840 4422 sumus;
881 4374 898 4407 ι
935 4354 1060 4410 ideo
1099 4356 1336 4421 dicitur,
1377 4379 1394 4409 ι
1434 4373 1532 4428 per
1562 4374 1780 4428 aquam.
1830 4377 1849 4410 ›
1889 4357 1984 4415 His

2091 4360 2301 4424 ὓδατος,
2336 4379 2356 4412 ι
2406 4360 2636 4430 εἴρηται.
2679 4360 2790 4413 Καὶ
2817 4359 2881 4428 δὴ
2908 4359 3000 4411 ἐπὶ
3022 4356 3232 4442 τούτοις
3265 4357 3460 4410 ἅπασιν
3491 4354 3628 4420 ἐγγυ-

412 4449 666 4504 omnibus
694 4464 797 4506 nos
832 4451 1099 4520 probasti,
1139 4461 1465 4522 sumptoque
1487 4452 1760 4521 patientiae
1787 4460 1841 4508 et
1866 4467 1984 4522 per-

2099 4455 2308 4527 μνὰσας
2340 4456 2488 4525 ἡμᾶς
2518 4455 2611 4506 καὶ
2639 4454 2738 4525 τῆς
2761 4453 3035 4523 ὑπομονῆς
3057 4450 3214 4522 ήμῶν
3236 4449 3330 4503 καὶ
3351 4450 3446 4519 τῆς
3469 4461 3629 4516 καρτε-

393 4541 734 4597 severantia?
764 4552 969 4598 nostra:
993 4543 1389 4614 experimento,
1421 4545 1661 4600 eduxisti
1697 4561 1797 4602 nos
1818 4547 1874 4601 in
1900 4562 1986 4601 re-

413 4632 731 4705 frigerium;
762 4633 898 4699 sive,
927 4635 1228 4690 secundum
1255 4635 1666 4707 Symmachum,
1707 4659 1725 4690 (
1769 4639 1824 4693 in
1859 4640 1984 4694 lati-

413 4727 678 4781 tudinem.
724 4745 743 4780 ι
779 4724 897 4781 Hoc
923 4737 1100 4782 autem
1129 4727 1351 4783 diverso
1375 4729 1536 4783 modo
1568 4729 1848 4799 impletum
1878 4740 1982 4788 est.

412 4815 545 4870 Nam
570 4831 694 4871 cum
723 4833 894 4872 unum
922 4818 993 4873 sit
1022 4818 1407 4890 religiosorum
1437 4819 1723 4881 hominum
1751 4837 1984 4894 corpus;

411 4919 466 4966 et
492 4909 581 4964 alii
609 4909 831 4980 quidem
859 4909 974 4965 haec
999 4911 1149 4980 passi
1192 4911 1324 4978 sint,
1363 4912 1456 4966 alii
1487 4913 1818 4985 supplicium
1868 4916 1980 4971 lue-

412 5005 540 5068 rint,
575 5004 669 5058 alii
697 5005 875 5059 solum
905 5005 1108 5059 mulcta
1131 5006 1399 5061 bonorum
1433 5008 1717 5062 exercitati
1747 5009 1987 5076 fuerint;

409 5097 502 5151 alii
539 5097 664 5167 fuga
716 5104 772 5152 et
828 5112 1050 5153 secessu
1085 5097 1437 5153 familiarium
1496 5096 1707 5168 probati
1761 5100 1984 5166 fuerint,

411 5204 520 5243 non
559 5189 652 5244 diu
681 5196 869 5259 postea
902 5189 1148 5244 omnium
1190 5189 1314 5245 linis
1358 5191 1612 5246 omnibus
1651 5191 1864 5248 faustus
1892 5208 1986 5247 oc-

409 5281 605 5336 currit.
638 5279 774 5334 Nam
799 5279 894 5335 Dei
952 5291 1220 5352 martyres
1259 5289 1435 5336 morte
1477 5284 1861 5346 consummati,
1894 5300 1986 5339 ve-

411 5387 534 5426 rum
589 5372 931 5444 refrigerium
983 5373 1350 5436 invenerunt,
1395 5381 1456 5427 ut
1499 5373 1680 5430 dicere
1731 5376 1984 5432 valeant:

417 5482 437 5514 (
469 5463 818 5530 Convertere,
841 5466 1021 5520 anima
1041 5480 1183 5530 mea,
1202 5467 1254 5520 in
1276 5467 1518 5534 requiem
1539 5476 1709 5531 tuam,
1734 5469 1859 5537 quia
1885 5468 1989 5521 Do-

411 5556 596 5610 minus
618 5555 886 5611 benefecit
908 5558 1029 5619 tibi,
1047 5558 1304 5627 quoniam
1331 5559 1530 5624 eripuit
1552 5560 1788 5613 animam
1813 5575 1987 5614 meam

413 5645 481 5704 de
516 5656 692 5700 morte
715 5646 781 5709 ⁸⁸⁵,
833 5665 850 5697 ι
891 5657 999 5699 etc.
1033 5645 1157 5701 Haec
1184 5648 1382 5719 quippc
1406 5646 1580 5703 aliinia
1629 5651 1989 5719 praesentibus

486 5763 530 5794 ‘°
559 5761 703 5816 Psal.
738 5776 883 5816 cnv.
911 5762 959 5818 7.
994 5760 1050 5814 8.

2100 4549 2219 4619 ρίας
2242 4547 2340 4618 τὴν
2365 4545 2590 4617 δοκιμὴν
2610 4545 2788 4599 λαϐὼν
2809 4546 3072 4616 ἐξήγαγες
3094 4544 3125 4611 ἡ
3134 4542 3241 4611 μᾶς
3262 4543 3341 4603 εἰς
3359 4537 3624 4607 ἀναψυχήν

2095 4639 2126 4708 ἦ
2165 4639 2307 4692 κατὰ
2329 4638 2419 4692 τὸν
2449 4637 2764 4709 Σύμμαχον,
2797 4655 2816 4687 ι
2841 4639 2921 4700 είς
2947 4633 3307 4706 εὐρυχωρίαν.
3331 4651 3347 4681 ι
3373 4631 3476 4683 Καὶ
3503 4626 3629 4680 τοῦτο

2094 4732 2151 4784 δέ
2185 4730 2486 4802 ἐπληροῦτο
2506 4731 2776 4801 διαφόρως
2794 4745 2808 4758 ·
2841 4727 2958 4791 ἐνὸς
2987 4726 3095 4796 γὰρ
3123 4726 3274 4788 ὄντος
3298 4722 3388 4776 τοῦ
3419 4721 3517 4774 τῶν
3543 4719 3628 4770 θεο-

2097 4823 2268 4876 σεϐῶν
2309 4823 2578 4893 σώματος,
2608 4822 2702 4876 καὶ
2733 4820 2840 4874 τῶν
2871 4820 2968 4891 μὲν
3003 4819 3129 4872 τάδε
3167 4815 3518 4896 πεπονθότων,
3543 4807 3627 4862 τῶν

2095 4917 2151 4969 δὲ
2179 4915 2588 4985 ὑπομεινάντων
2615 4913 2905 4984 τιμωρίαν,
2940 4910 3049 4963 τῶν
3079 4909 3134 4962 δὲ
3160 4912 3228 4980 τῇ
3259 4907 3363 4961 τῶν
3388 4901 3625 4976 ὑπαρχόν·

2095 5024 2202 5061 των
2239 5006 2410 5079 ζημίᾳ
2458 5007 2594 5080 μόνῃ
2642 5003 3093 5076 δοκιμασθέντων,
3123 5001 3231 5054 τῶν
3275 5002 3329 5055 δὲ
3371 4999 3451 5054 διὰ
3482 4995 3626 5068 φυγῆς

2096 5099 2189 5151 καὶ
2215 5098 2314 5168 τῆς
2347 5098 2455 5152 τῶν
2481 5097 2696 5151 οἰκείων
2733 5095 3125 5166 ἀναχωρήσεως
3163 5091 3623 5164 ἐγγυμνασθέντωνι

2095 5193 2194 5245 οὑκ
2238 5194 2317 5255 εἰς
2363 5191 2571 5262 μακρὸν
2615 5190 2676 5242 τὺ
2721 5189 2934 5242 πάντων
2970 5187 3121 5250 τέλος
3152 5190 3266 5251 τοῖς
3301 5188 3455 5239 πᾶσιν
3485 5180 3624 5234 αἴσιον

2097 5285 2333 5354 ἀπήντα.
2363 5283 2426 5336 Oi
2461 5284 2558 5354 μὲν
2585 5281 2692 5353 γὰρ
2723 5281 2816 5333 τοῦ
2852 5278 2986 5333 Θεοῦ
3025 5279 3299 5350 μάρτυρες
3327 5276 3412 5330 διὰ
3441 5273 3525 5328 τοῦ
3550 5270 3623 5322 θα-

2096 5377 2256 5429 νάτου
2291 5375 2684 5438 τελειωθέντες,
2715 5373 2811 5446 τήν
2839 5371 3054 5443 άληθῶς
3094 5371 3368 5441 ἀναψυχὴν
3410 5367 3620 5437 εὕραντο.

2096 5470 2172 5532 ὡς
2211 5468 2469 5522 δύνασθαι
2507 5469 2700 5537 φάναιο
2737 5487 2754 5516 ι
2779 5463 3152 5536 Ἐπίστρεψον,
3189 5464 3222 5532 ἡ
3255 5461 3393 5533 ψυχή
3427 5473 3536 5529 μου,
3562 5452 3620 5510 εἰς

2095 5561 2193 5631 τὴν
2244 5557 2547 5613 ἀνάπαυσιν
2598 5574 2714 5622 σου,
2745 5556 2827 5609 ὅτι
2868 5555 3069 5626 Κύριος
3108 5550 3536 5626 εὑηργέτησέσε·
3559 5546 3620 5596 ὅτι

2096 5652 2336 5719 ἐξείλατο
2381 5651 2477 5705 τὶν
2522 5650 2696 5722 ψυχήν
2742 5667 2841 5722 μου
2882 5651 2944 5704 ἐκ
2978 5649 3224 5711 θανάτου,
3259 5667 3276 5699 ι
3306 5641 3477 5700 καὶτὰ
3501 5636 3617 5706 ἑξῆς·
