3808 6280
218 247 320 305 665

1318 250 1819 308 COMMENTARIA
1857 250 1924 306 IN
1961 250 2300 307 PSALMOS.

3355 258 3460 315 666

231 366 452 436 ’Δδελφα
485 384 599 439 γαρ
638 381 701 421 αν
734 367 820 439 εἴη
861 368 1032 422 ταῦτα
1057 366 1165 422 τῶν
1189 367 1276 421 διὰ
1300 367 1408 422 τῶν
1442 369 1580 440 μετὰ
1607 373 1770 443 χεῖρα

1897 344 2058 423 sunt:
2086 387 2103 419 ι
2140 368 2243 433 Qui
2281 373 2463 437 posuit
2490 366 2725 423 animam
2752 383 2927 424 meam
2961 368 3026 424 ad
3051 367 3241 434 vitam,
3270 377 3323 424 et
3351 385 3459 424 non

218 460 527 528 φασκόντων
548 478 562 491 ·
600 479 620 511 ι
651 460 755 512 Τοῦ
786 460 1009 532 θεμένου
1040 462 1135 533 τὴν
1164 462 1341 533 ψυχήν
1378 479 1479 533 μου
1514 465 1592 527 είς
1623 463 1786 534 ζωὴν,

219 549 305 602 καὶ
337 549 410 620 μὴ
451 548 640 613 δόντος
673 551 752 612 είς
789 550 945 604 σάλον
992 551 1117 614 τοὺς
1149 549 1312 612 πόδας
1340 567 1437 619 μου
1460 567 1471 579 ·
1515 569 1533 600 ι
1564 550 1658 603 καὶ
1688 551 1791 602 πά-

217 640 292 695 λιν
310 657 323 671 ⁶
355 659 374 691 ε
402 641 516 695 Καὶ
550 629 819 711 ἐξήγαγες
850 642 996 711 ἡμᾶς
1024 644 1102 705 είς
1126 641 1426 712 ἀναψυχήν.
1453 643 1515 695 Oi
1543 641 1599 694 δέ
1632 642 1689 695 ἐν
1713 640 1790 711 τῷ

218 735 310 806 βίῳ
358 733 768 804 πεφυλαγμένοι
822 736 912 789 καὶ
960 735 1058 807 τὴν
1100 733 1192 787 τοῦ
1237 732 1473 805 διωγμοῦ
1517 733 1789 805 πυρκαϊὰν

215 824 644 881 ἀποσϐεσθεῖσαν
684 824 1021 894 τεθεαμένοι,
1055 825 1112 878 ἐν
1155 826 1347 896 εἰρήνῃ
1396 823 1593 894 φαιδρᾷ
1622 838 1789 875 κατα-

218 919 449 981 στάντες,
476 917 583 987 τῆς
623 917 903 987 ἀναψυχῆς
944 916 1156 987 ἔτυχον,
1182 917 1275 969 καὶ
1298 918 1377 979 εἰς
1405 913 1574 967 εῦδιον
1597 912 1788 983 λιμένα

215 1010 670 1079 καταντήσαντες,
702 1010 798 1062 καὶ
831 1008 927 1079 τῆς
966 1009 1101 1079 μετὰ
1132 1008 1226 1061 τοῦ
1249 1006 1487 1078 διωγμοῦ
1516 1005 1783 1078 εὐφροσύ-

214 1119 301 1172 νης
330 1100 759 1163 ἀπολαύσαντες.
794 1101 1024 1169 Νοήσεις
1053 1100 1108 1154 δὲ
1138 1101 1283 1164 ὅπως
1313 1100 1521 1172 εἴρηται
1554 1098 1783 1152 ἐνταῦθα

217 1195 285 1247 τό·
304 1213 320 1244 ι
344 1192 714 1257 Ἐπεὸίδασας
736 1192 831 1246 ἀνθ
842 1192 1051 1265 ρώπους
1074 1194 1167 1247 ἐπὶ
1191 1192 1289 1256 τὰς
1311 1193 1549 1262 κεφαλὰς
1568 1192 1776 1265 ἠμῶν,»

216 1286 467 1358 παραθεὶς
500 1286 565 1339 τὸ
596 1287 655 1337 ἐν
689 1286 861 1357 ἐτέρῳ
891 1286 1203 1357 εἰρημένον·
1252 1304 1271 1336 ι
1300 1286 1412 1338 Καὶ
1456 1284 1551 1338 νῦν
1602 1284 1780 1353 ὕψωσε

214 1377 441 1448 κεφαλήν
479 1394 585 1447 μου
622 1378 716 1430 ἐπὶ
754 1376 981 1447 ἐχθρούς
1017 1395 1136 1448 μου.
1158 1376 1473 1431 Ἐκύκλωσα
1499 1378 1598 1433 καὶ.
1617 1376 1780 1429 ἔθυσα

214 1473 262 1524 ἐν
285 1473 348 1541 τῇ
372 1472 547 1541 σκηνῇ
583 1486 679 1523 σου
714 1469 903 1524 θυσίαν
928 1469 1267 1541 ἀλαλαγμοῦ.
1300 1471 1537 1541 »Ὥσπερ
1556 1469 1663 1541 γὰρ
1690 1488 1783 1524 κα-

211 1563 270 1616 τὰ
311 1563 431 1624 τοὺς
479 1560 592 1614 τῶν
644 1560 898 1632 διωγμῶν
941 1563 1163 1634 καιροὺς
1196 1562 1544 1633 ἐπανίστησιν
1590 1564 1617 1613 ὁ
1650 1562 1780 1626 Θεὸς

210 1654 514 1728 ἀνθρώπους
544 1656 642 1709 ἐπὶ
660 1656 756 1721 τὰς
778 1655 1017 1726 κεφαλὰς
1037 1657 1069 1727 ἡ
1078 1655 1213 1727 μῶν,
1236 1654 1377 1709 οὕτω
1412 1655 1550 1725 μετὰ
1588 1654 1775 1717 ταῦτα,

1893 462 2041 515 dedit
2100 462 2155 515 in
2217 460 2641 515 commotionem
2700 460 2866 530 pedes
2929 477 3139 530 meos;
3184 482 3201 513 ι
3248 477 3310 517 ac
3338 480 3460 517 rur-

1892 568 2011 608 sum
2053 572 2064 606 :
2108 570 2125 603 ι
2162 552 2227 605 Et
2253 551 2489 607 eduxisti
2519 565 2622 607 nos
2652 552 2707 605 in
2742 553 3107 624 refrigerium.
3149 573 3168 606 ι
3212 553 3315 621 Qui
3363 569 3461 607 au-

1890 652 1997 699 tem
2036 647 2363 713 superstites
2388 644 2588 697 servati
2628 652 2778 708 sunt,
2810 646 3242 715 restinctumque
3272 661 3459 717 perse—

1889 737 2127 793 cutionis
2158 736 2470 790 incendium
2495 735 2770 799 viderunt,
2798 737 2850 790 in
2879 738 3118 806 jucunda
3150 755 3283 808 pace
3325 756 3458 795 con-

1889 827 2089 895 stituti,
2134 826 2482 896 refrigerium
2530 826 2678 879 nacti
2715 835 2864 889 sunt,
2904 837 2958 882 et
3006 829 3059 882 in
3101 831 3456 899 tranquillum

1887 926 2105 989 portum
2148 918 2404 988 ingressi,
2432 926 2555 989 post
2593 918 3029 989 persecutionem
3084 920 3267 973 laetitia
3310 920 3457 976 frue-

1886 1011 2104 1065 bantur.
2150 1009 2293 1065 Sane
2337 1012 2609 1081 intelligas
2669 1028 2773 1081 qua
2827 1013 3039 1065 ratione
3080 1012 3170 1065 hic
3202 1013 3451 1068 dicatur:

1890 1119 1908 1152 ι
1944 1102 2257 1171 lmposuisti
2292 1102 2540 1158 homines
2568 1118 2735 1172 super
2758 1102 2937 1171 capita
2972 1110 3183 1166 nostra,
3217 1123 3235 1154 ι
3267 1103 3310 1157 si
3341 1103 3456 1157 haec

1882 1193 2135 1249 conferas
2170 1210 2294 1249 cum
2326 1195 2428 1249 hoc
2459 1196 2687 1251 alterius
2718 1196 2912 1266 psalmi
2947 1195 3095 1249 dicto
3127 1213 3139 1248 :
3178 1212 3198 1245 ι
3224 1193 3287 1247 Ει
3309 1210 3455 1248 nunc

1881 1286 2141 1341 exaltavit
2162 1294 2323 1356 caput
2353 1302 2531 1342 meum
2559 1302 2722 1357 super
2745 1288 2997 1342 inimicos
3030 1302 3200 1342 meos.
3218 1285 3455 1340 Circuivi

1880 1386 1933 1431 et
1963 1377 2239 1431 immolavi
2295 1377 2350 1431 in
2400 1378 2755 1431 tabernaculo
2787 1387 2880 1432 tuo
2911 1376 3147 1431 hostiam
3177 1376 3458 1447 jubilatio-

1882 1462 2051 1518 nis”.
2092 1483 2111 1517 ι
2165 1463 2635 1529 Quemadmodum
2679 1466 2822 1520 enim
2871 1466 3270 1535 persecutionis
3312 1475 3453 1521 tem-

1880 1572 2011 1626 pore
2038 1557 2267 1627 imponit
2297 1557 2440 1613 Deus
2468 1558 2717 1614 homines
2749 1575 2913 1628 super
2938 1560 3114 1631 capita
3138 1567 3343 1625 nostra,
3378 1560 3454 1614 ita

1885 1659 2172 1719 postquam
2199 1649 2385 1704 eduxit
2416 1666 2516 1707 nos
2549 1652 2602 1705 in
2635 1650 3009 1722 refrigerium,
3044 1653 3247 1706 cxaltat
3274 1654 3453 1722 capita

210 1750 287 1801 ὅτε
314 1749 582 1820 ἐξήγαγεν
612 1749 760 1818 ἡμᾶς
802 1749 882 1811 είς
924 1747 1225 1818 ἀναψυχὴν,
1257 1746 1382 1815 ὑψοϊ
1410 1744 1509 1809 τὰς
1543 1744 1770 1814 κεφαλάς

1880 1750 2069 1794 nostra
2121 1756 2287 1810 super
2336 1741 2589 1797 inimicos
2635 1750 2875 1798 nostros.
2925 1740 3092 1812 quue
3137 1743 3454 1815 prophetice

211 1842 349 1911 ἡμῶν
371 1842 465 1894 ἐπὶ
491 1839 624 1904 τοὺς
653 1841 878 1912 ἐχθροὺς
902 1840 1078 1911 ήμῶν.
1106 1840 1216 1893 Καὶ
1247 1838 1403 1893 τοῦτο
1433 1838 1779 1911 προφητικῶς

210 1935 381 2005 ἐδήλου
407 1937 435 1988 ό
457 1936 669 2005 φήσας·
713 1954 731 1985 ι
758 1935 870 1988 Καὶ
898 1934 991 1988 νῦν
1022 1933 1204 2004 ῦψωσε
1254 1933 1494 2004 κεφαλήν
1544 1950 1642 2003 μου
1686 1932 1779 1985 ἐπὶ

211 2025 417 2098 ἐχθρούς
453 2044 577 2098 μου.
613 2025 1009 2097 Είσελεύσομαι
1041 2027 1121 2089 εἰς
1145 2025 1239 2079 τὸν
1270 2021 1417 2080 οἶκόν
1454 2043 1545 2078 σου
1572 2027 1629 2079 ἐν
1663 2024 1779 2079 ὁλο-

210 2118 571 2189 καυτώμασιν.
614 2139 634 2171 ι
672 2120 733 2171 υἱ
772 2118 869 2189 μὲν
897 2119 1004 2189 γὰρ
1038 2119 1181 2187 ἅγιοι
1202 2116 1296 2171 τοῦ
1326 2117 1460 2171 Θεοῦ
1506 2118 1779 2190 μάρτυρες

214 2209 335 2280 μετὰ
363 2209 489 2273 τοὺς
517 2209 789 2281 μεγάλους
817 2208 1027 2272 ἄθλους,
1059 2208 1152 2273 οὓς
1177 2209 1649 2281 ὑπομεμενήκασι,
1690 2209 1777 2263 διὰ

213 2300 367 2371 πυρὸς
416 2302 509 2353 καὶ
554 2300 748 2363 ῦδατος
772 2298 1089 2365 διελθόντες,
1116 2300 1195 2363 είς
1221 2298 1496 2369 ἀναψυχὴν
1534 2298 1774 2370 παρελή-

213 2389 425 2461 φθησαν.
462 2386 601 2443 Εἶτα
630 2390 720 2444 τὸν
743 2390 1061 2462 ἐπουράνιον
1090 2388 1183 2441 τοῦ
1209 2388 1343 2442 Θεοῦ
1367 2382 1513 2441 οἷκον
1532 2387 1622 2440 τὸν
1653 2386 1777 2459 ἀλη-

214 2478 340 2532 θινὸν
382 2480 766 2544 ἀπολαϐόντες,
817 2481 1014 2550 φασίνο
1074 2497 1092 2530 ι
1129 2478 1518 2548 Είσελεύσομαι
1566 2478 1645 2540 είς
1684 2477 1774 2530 τὸν

212 2565 342 2623 οἶκόν
372 2588 461 2625 σου
503 2575 562 2626 ἐν
610 2572 1043 2644 ὀλοκαυτώμασι.
1073 2590 1091 2623 ι
1111 2572 1198 2634 Ὡς
1223 2569 1331 2641 γὰρ
1359 2569 1449 2622 διὰ
1479 2568 1649 2640 πυρὸς
1680 2569 1775 2623 καὶ

214 2661 384 2727 εδατος
416 2665 734 2729 διελθόντες,
761 2665 829 2719 τὰ
873 2664 1077 2717 ἐαυτῶν
1121 2661 1562 2732 ὁλοκαυτώματα,
1597 2663 1654 2714 ἐν
1692 2658 1773 2725 οἷς

213 2754 599 2826 ἐμαρτύρησαν,
632 2756 785 2828 δίκην
821 2755 1010 2819 θυσίας
1052 2754 1129 2825 τῷ
1173 2753 1378 2807 ἑαυτῶν
1404 2752 1772 2824 προσφέρουσι

213 2843 335 2913 Θεῷ,
370 2846 535 2917 πολλῇ
568 2846 852 2919 παρρησίᾳ
883 2847 1153 2918 χρώμενοι
1190 2848 1272 2914 ἐφ’
1296 2840 1383 2908 αἷς
1417 2842 1648 2915 ηὔξαντο
1682 2844 1771 2896 εὐ-

215 2934 597 3002 χαῖς.Ηῦξαντο
625 2936 682 2989 δέ
711 2935 1098 3005 ἀγωνίσασθαι,
1115 2936 1207 2987 καὶ
1227 2933 1429 3005 ταύτην
1449 2934 1771 3005 ἐποιήσαντο

213 3024 296 3093 τὴν
337 3026 688 3095 ἐπαγγελίαν,
719 3028 780 3081 τδ
820 3029 981 3100 μέχρι
1030 3026 1261 3081 θανάτου
1312 3026 1451 3097 ὑπὲρ
1491 3026 1769 3090 εὐσεϐείας

211 3118 435 3191 ὰθλῆσαι.
465 3124 552 3188 Ὠς
572 3119 667 3177 οῦν
692 3121 1112 3196 κατωρθωκότες
1144 3120 1285 3193 ἅπερ
1309 3119 1565 3191 ηὔξαντο,
1585 3119 1765 3189 φασίν·
1796 3116 1839 3173 C

275 3249 293 3283 ι
314 3234 596 3290 ’Λποδώσω
620 3236 811 3300 σοιτάς
826 3235 989 3307 εὐχάς
1017 3242 1139 3306 μου,
1164 3235 1228 3298 ἃς
1244 3233 1501 3287 διέστειλε
1524 3233 1593 3287 τά
1613 3233 1766 3305 χείλη

216 3340 333 3395 μουο
367 3329 456 3381 καὶ
487 3329 717 3402 ἐλάλησε
748 3328 810 3382 τὸ
845 3330 1017 3400 στόμα
1052 3347 1153 3402 μου
1189 3330 1245 3382 ἐν
1275 3330 1342 3399 τῇ
1376 3326 1553 3397 θλίψει
1592 3344 1711 3397 μου.
1743 3345 1762 3377 ι

212 3414 334 3467 Κατ’
364 3418 527 3482 αὑτὰς
559 3419 669 3490 γὰρ
699 3418 797 3480 τὰς
828 3418 1034 3488 θλίψεις
1053 3458 1067 3483 ,
1103 3419 1231 3491 περ)⁵
1259 3412 1333 3472 ὧν
1368 3418 1622 3489 ἀνωτέρω
1654 3416 1768 3470 ἐλε-

211 3520 292 3572 γον
312 3523 324 3537 ο
360 3527 377 3559 ι
400 3509 563 3564 Ἔθου
593 3510 799 3582 θλίψεις
829 3510 920 3564 ἐπὶ
953 3511 1044 3565 τὸν
1066 3510 1234 3564 νῶτον
1254 3510 1429 3581 ἡμῶν,
1457 3529 1475 3562 ι
1509 3510 1607 3581 τὴν
1633 3508 1767 3580 πρὸς

212 3595 289 3649 τὸν
306 3599 428 3655 Θεὸν
449 3603 671 3674 ἀγάπην
690 3603 898 3656 τελείαν
920 3603 1014 3657 καὶ
1034 3603 1227 3675 ὁλόκλη
1234 3620 1325 3673 ρον
1346 3602 1764 3674 ἐνδεικνύμενοι.

214 3689 355 3761 εὐχάς
379 3693 612 3748 ἐτίθεντο
640 3694 733 3747 καλ⁹
761 3694 1089 3764 ἐπαγγελίας
1114 3694 1390 3749 ἐποιοῦντο
1420 3695 1578 3766 μέχρι
1600 3694 1764 3747 θανά-

215 3796 290 3833 του
320 3785 567 3856 ἐνστῆναι
587 3827 601 3850 ,
636 3787 913 3857 μονονουχὶ
945 3787 1144 3857 ὁμοίως
1170 3786 1247 3857 τῷ
1269 3785 1465 3857 Παύλῳ
1482 3787 1730 3855 λέγοντες
1747 3802 1760 3815 ⁸

219 3874 336 3939 «Τίς
369 3880 511 3948 ἡμᾶς
539 3882 761 3952 χωρίσει
796 3882 902 3935 ἀπὸ
931 3882 1028 3952 τῆς
1062 3881 1281 3951 ἀγάπης
1307 3879 1401 3933 τοῦ
1434 3879 1606 3943 Θεοῦ;
1650 3879 1763 3932 θλί-

214 3964 309 4034 quq,
336 3968 367 4039 ἢ
399 3973 744 4044 στενοχωρία,
777 3974 810 4045 ἢ
845 3974 1102 4044 διωγμὸς,
1137 3973 1169 4044 ἢ
1200 3972 1376 4043 λιμὸς,
1405 3971 1438 4042 ἢ
1469 3972 1761 4043 γυμνότης,

213 4056 243 4128 ἢ
268 4060 544 4130 κίνδυνος»
571 4066 683 4119 καί·
710 4066 1045 4137 «Πέπεισμαι
1073 4067 1204 4137 γάρ.
1235 4067 1315 4119 ὄτι
1365 4064 1487 4118 οὔτε
1516 4064 1761 4127 θάνατος,

215 4148 320 4204 οὕτε
342 4154 470 4226 ζωὴ,
502 4157 623 4211 οὔτε
657 4158 925 4211 ἐνεστῶτα
946 4200 959 4224 ,
994 4158 1117 4212 οὕτε
1150 4159 1406 4230 μέλλοντα
1432 4199 1445 4222 ,
1479 4157 1762 4227 δυνήσεται

214 4243 342 4313 ἡμᾶς
362 4249 585 4320 χωρίσαι
615 4251 724 4303 ἀπὸ
755 4251 854 4321 τῆς
884 4251 1105 4322 ἀγάπης
1136 4250 1229 4304 τοῦ
1263 4250 1397 4304 Θεοῦ
1422 4249 1521 4319 τῆς
1545 4251 1601 4302 ἐν
1629 4248 1762 4319 Χρι-

215 4333 310 4404 στῷ
343 4336 527 4406 Ἰησοῦ.
559 4360 577 4392 ι
602 4341 815 4405 Ταύτας
844 4338 936 4395 οὖν
956 4359 1087 4413 φησι
1113 4341 1210 4405 τὰς
1235 4342 1396 4413 εὐχὰς
1424 4340 1759 4394 ἀποδεδωκέ-

215 4440 288 4474 ναι
316 4425 385 4496 τῷ
399 4428 533 4500 Θεῷ,
561 4431 625 4496 ἂς
653 4431 909 4485 διέστειλε
929 4432 996 4485 τὰ
1015 4432 1164 4503 χείλη
1188 4431 1384 4497 αὐτῶν,
1418 4433 1511 4485 καὶ
1531 4430 1760 4502 ἐλάλησε

1880 1830 2190 1885 declarabat
2236 1832 2331 1901 qui
2376 1830 2513 1884 dixit
2552 1850 2564 1885 :
2606 1849 2625 1882 ι
2668 1832 2732 1885 Ει
2774 1846 2925 1885 nunc
2979 1832 3238 1885 cxaltavit
3288 1840 3453 1902 caput

1881 1938 2059 1975 meum
2116 1938 2280 1993 super
2325 1924 2581 1979 inimicos
2629 1940 2804 1981 meos.
2854 1923 3096 1979 lntroibo
3132 1926 3187 1977 in
3229 1925 3449 1978 domum

1879 2023 2026 2066 tuam
2075 2014 2131 2067 in
2173 2015 2529 2071 holocaustis.
2568 2035 2586 2066 ι
2624 2014 2759 2069 Nam
2822 2016 2999 2069 sancti
3043 2015 3136 2070 Dei
3182 2024 3451 2086 martyres

1878 2113 2001 2175 post
2053 2121 2271 2177 magna,
2328 2123 2449 2177 quae
2505 2108 2911 2173 sustinuerunt,
2969 2107 3301 2169 certamina,
3352 2123 3450 2177 per

1877 2200 2057 2270 ignem
2102 2208 2156 2255 et
2208 2215 2406 2271 aquam
2455 2204 2821 2274 transgressi,
2874 2203 2928 2255 in
2972 2199 3320 2272 refrigerium
3361 2216 3450 2255 re-

1876 2293 2019 2361 cepti
2061 2300 2210 2347 sunt.
2246 2291 2451 2349 Deinde
2492 2294 2662 2363 petita
2704 2295 2796 2349 illa
2837 2295 3049 2349 cmlesti
3088 2308 3150 2348 ac
3182 2309 3308 2348 vera
3352 2292 3449 2349 Dei

1876 2383 2059 2449 domo,
2094 2368 2247 2439 aiunt
2281 2404 2293 2439 :
2334 2404 2351 2436 ι
2387 2385 2701 2441 lntroiboin
2735 2386 2957 2440 domum
2994 2394 3143 2439 tuam
3187 2387 3243 2439 in
3291 2386 3448 2439 holo-

1875 2477 2100 2531 caustis.
2141 2495 2161 2528 ι
2220 2474 2416 2547 Utpote
2464 2478 2609 2533 enim
2655 2479 2747 2547 qui
2798 2493 2895 2549 per
2951 2479 3127 2548 ignem
3160 2484 3213 2531 et
3253 2492 3447 2547 aquam

1873 2564 2217 2630 transierint,
2249 2565 2569 2623 holocausta
2604 2583 2724 2634 sua,
2751 2568 2907 2638 queis
2942 2568 3264 2638 martyrium
3296 2569 3445 2639 passi

1873 2662 2002 2711 sunt
2049 2656 2221 2711 instar
2260 2657 2452 2712 hostiae
2494 2660 2604 2713 Deo
2634 2675 2737 2715 suo
2758 2659 3015 2725 offerunt,
3049 2660 3220 2713 multa
3268 2661 3351 2714 usi
3390 2661 3447 2714 in

1872 2748 2126 2816 precibus
2154 2746 2453 2805 fundendis
2487 2750 2705 2805 ﬁducia.
2737 2750 2983 2806 Orabant
3018 2752 3217 2822 quippe
3243 2760 3302 2806 ut
3324 2768 3445 2807 cer-

1873 2838 2076 2892 tamina
2112 2839 2333 2905 inirent,
2362 2840 2465 2895 hac
2505 2842 2629 2895 data
2656 2843 3045 2912 promissione,
3089 2858 3148 2898 se
3174 2858 3346 2913 usque
3375 2844 3444 2897 ad

1870 2937 2099 2985 mortem
2136 2946 2234 3002 pro
2264 2933 2465 3002 pietate
2495 2941 2823 2990 certaturos.
2860 2933 3058 3005 Utpote
3088 2951 3217 2992 vero
3234 2952 3294 2991 re
3310 2937 3448 2992 bene

1869 3033 2021 3092 gesta
2052 3039 2150 3094 pro
2181 3040 2288 3095 qua
2315 3026 2519 3096 precati
2550 3025 2788 3092 fuerant,
2816 3027 3037 3083 dicunt:

1941 3228 2109 3287 Vens.
2146 3231 2232 3295 l4,
2276 3231 2363 3286 l5.
2394 3249 2413 3282 ι
2448 3229 2691 3287 Reddam
2721 3231 2822 3286 tibi
2852 3239 2979 3287 vota
3000 3245 3141 3299 mea,
3171 3248 3292 3303 qua:
3325 3234 3443 3291 dis-

1868 3323 2148 3377 tinxerunt
2186 3323 2335 3377 labia
2377 3339 2532 3378 mea:
2563 3331 2618 3379 et
2656 3323 2902 3379 locutum
2932 3330 3018 3380 est
3066 3339 3130 3379 os
3180 3340 3361 3379 meum
3386 3326 3443 3380 in

1869 3414 2220 3468 tribulatione
2268 3430 2442 3470 mea.»
2486 3414 2543 3469 ln
2598 3416 2735 3485 ipsis
2792 3429 3031 3485 namque
3077 3414 3445 3470 tribulationi-

1868 3503 1992 3569 bus,
2027 3504 2094 3559 de
2115 3504 2314 3574 quibus
2348 3520 2514 3575 supra
2549 3506 2846 3561 dicebant:
2886 3523 2904 3556 ι
2937 3505 3178 3562 Posuisti
3210 3507 3444 3562 tribula-

1868 3595 2045 3652 tiones
2100 3597 2154 3651 in
2210 3598 2377 3654 dorso
2430 3606 2677 3663 nostro,»
2735 3598 3034 3668 perfectam
3065 3610 3121 3653 et
3167 3600 3437 3670 integram

1866 3704 1992 3760 erga
2024 3688 2194 3745 Deum
2221 3690 2547 3745 cbaritatem
2581 3690 2926 3757 exhibentes,
2960 3705 3149 3760 preces
3195 3690 3441 3747 effunde-

1866 3789 1999 3843 bant
2034 3801 2088 3843 et
2116 3789 2389 3858 promissa
2418 3788 2643 3849 dabant,
2680 3803 2738 3842 se
2768 3786 2836 3840 ad
2865 3793 3092 3841 mortem
3122 3801 3297 3857 usque
3325 3801 3444 3857 perv

1867 3888 2241 3947 severaturos,
2290 3889 2504 3936 tantum
2572 3897 2681 3936 non
2732 3882 2978 3937 dicentes
3046 3898 3172 3936 cum
3232 3881 3438 3939 Paulo:

1871 3992 1889 4023 ‹
1914 3972 2049 4039 Quis
2071 3988 2173 4029 nos
2207 3974 2485 4044 separabit
2513 3988 2542 4027 a
2575 3974 2845 4029 charitate
2879 3973 3010 4029 Dei?
3032 3974 3336 4040 tribulatio,
3371 3990 3442 4030 an

1866 4064 2141 4135 angustia,
2170 4082 2239 4119 an
2268 4066 2601 4135 persecutio,
2638 4082 2710 4119 an
2755 4065 2951 4132 fames,
2986 4081 3055 4120 an
3090 4066 3335 4129 nuditas,
3368 4081 3440 4119 an

1864 4157 2169 4227 periculum
2192 4158 2278 4211 7‘?
2304 4176 2323 4209 ι
2362 4165 2449 4213 et:
2483 4176 2500 4208 ι
2525 4157 2720 4213 Certus
2752 4174 2873 4216 sum
2896 4159 3063 4223 enim,
3097 4158 3243 4229 quod
3263 4173 3440 4227 neque

1864 4263 2035 4312 mors,
2078 4262 2256 4319 neque
2285 4248 2418 4313 vita,
2450 4264 2630 4318 neque
2674 4250 2985 4319 praesentia,
3023 4264 3200 4319 neque
3250 4247 3439 4301 futura

1865 4346 2122 4408 poterunt
2148 4354 2249 4395 nos
2278 4355 2536 4410 separare
2564 4356 2593 4393 a
2626 4340 2895 4395 charitate
2921 4339 3039 4404 Dei,
3088 4356 3209 4410 qua:
3252 4346 3338 4394 est
3380 4339 3437 4392 in

1861 4432 2083 4487 Christo
2112 4430 2301 4487 Jesu"
2323 4452 2369 4487 ,ι
2408 4433 2532 4488 Haec
2567 4449 2627 4490 se
2649 4443 2773 4488 vota
2807 4434 2917 4489 Deo
2968 4433 3277 4488 reddidisse
3332 4432 3431 4495 ait,

215 4512 266 4564 τὺ
292 4518 449 4589 στόμα
478 4522 655 4576 αὐτῶν
686 4525 745 4575 ἐν
772 4526 838 4595 τῇ
870 4524 1044 4594 θλίψει
1077 4524 1275 4576 αὐτῶν.
1308 4524 1417 4577 Καὶ
1443 4522 1666 4577 τοιαῦτά
1695 4539 1759 4590 γε

1874 4540 1988 4594 qua
2017 4523 2390 4579 distinxerunt
2419 4525 2564 4579 labia
2602 4542 2725 4590 sua,
2758 4533 2811 4579 et
2858 4526 3098 4579 locutum
3126 4531 3212 4579 est
3241 4537 3303 4577 os
3333 4536 3430 4576 eo-

214 4597 271 4673 ἧν
295 4626 311 4658 ι
331 4608 394 4663 τὰ
414 4612 837 4685 ὁλοκαυτώματα
854 4635 871 4667 ι
902 4616 1080 4669 αὐτῶν
1106 4634 1124 4666 ι
1151 4632 1217 4686 με
1226 4614 1553 4686 μυαλωμένα
1576 4634 1594 4665 ι
1629 4614 1756 4684 ἁλη-

217 4693 327 4761 θῶς.
380 4702 443 4755 Αἱ
490 4705 616 4773 γοῦν
662 4706 832 4776 ψυχαὶ
874 4706 1051 4760 αὐτῶν
1075 4747 1089 4769 ,
1126 4705 1387 4777 φέρουσαι
1421 4704 1482 4757 τὸ
1514 4706 1633 4757 πῖον
1665 4706 1758 4756 καὶ¹

214 4784 410 4846 δυνατὸν
458 4798 552 4867 τῆς
601 4799 837 4863 πίστεως
862 4837 877 4861 ,
926 4794 1078 4852 εἷπον
1124 4797 1189 4850 ἂν
1231 4797 1291 4850 τὸ
1328 4798 1386 4849 ἐν
1416 4795 1586 4868 ἐτέρῳ
1613 4795 1760 4849 λελε-

217 4880 421 4948 γμένον·
457 4906 474 4940 1
503 4890 644 4943 Ὠσεὶ
676 4891 898 4955 στέατος
952 4891 1044 4944 καὶ
1072 4890 1322 4960 πιότητος
1352 4888 1691 4961 ἐμπλησθείη
1725 4890 1760 4958 ἡ

218 4968 341 5045 Ψυχή
381 4995 507 5046 μου,
540 4984 633 5037 καὶ
670 4983 824 5053 χείλη
858 4983 1228 5051 ἀγαλλιάσεως
1256 4983 1459 5036 αἰνέσει
1495 4983 1556 5035 τὸ
1584 4983 1759 5053 στόμα

222 5072 325 5125 μου.
350 5083 367 5114 ι
393 5068 538 5123 Οῦτω
567 5070 694 5139 γοῦν
728 5091 746 5123 ‹
773 5072 1176 5144 μεμυαλωμένα
1197 5093 1215 5125 9
1242 5073 1457 5142 λέγεται
1481 5072 1549 5126 τά
1573 5073 1762 5144 εὐτρα-

221 5147 284 5217 φῆ
309 5156 393 5208 καὶ
416 5161 565 5215 πίονα
587 5166 680 5217 καὶ
706 5164 933 5235 λιπαρά.
953 5165 1211 5218 Τοιαῦται
1234 5164 1290 5216 δέ
1311 5164 1672 5234 τυγχάνουσιν
1701 5165 1757 5218 αἱ

222 5238 313 5292 τῶν
339 5248 566 5321 ἀθλητῶν
596 5256 689 5309 τοῦ
721 5257 855 5310 Θεοῦ
887 5258 1083 5328 ψυχαὶ,
1115 5259 1179 5310 ἐκ
1210 5257 1317 5311 τῶν
1353 5258 1511 5311 θείων
1542 5259 1635 5311 καὶ
1673 5257 1759 5310 λο-

222 5332 369 5393 γικῶν
391 5344 592 5412 τροφῶν
630 5365 648 5397 ι
674 5348 1096 5418 μεμυαλωμέναι
1116 5389 1131 5407 ,
1160 5366 1177 5399 ι
1214 5348 1308 5401 καὶ
1337 5348 1499 5420 μηδὲν
1532 5348 1757 5401 ὑποκεί-

228 5436 363 5487 μενον
385 5430 609 5504 ἔχουσαι,
640 5440 771 5511 μηδὲ
797 5441 1034 5504 ἀσθενές·
1067 5442 1147 5495 διό
1176 5460 1355 5511 φασιν·
1388 5462 1405 5493 ι
1430 5441 1761 5495 Ὀλοκαυτώ-

234 5525 357 5577 ματα
405 5528 795 5601 μεμυαλωμένα
828 5531 1025 5584 ἁνοίσω
1048 5549 1129 5585 σοι
1166 5528 1300 5602 μετὰ
1335 5532 1694 5603 θυμιάματοςο
1732 5550 1751 5583 ³

1862 4631 1985 4670 rum
2024 4617 2077 4670 in
2110 4616 2464 4672 tribulatione
2497 4620 2761 4689 ipsorum.
2805 4617 2870 4670 Et
2902 4619 3016 4672 haec
3063 4633 3191 4673 vere
3242 4632 3433 4673 eorum

1872 4725 1889 4758 ι
1929 4707 2250 4762 holocausta
2304 4709 2619 4764 medullata.
2654 4729 2673 4759 ι
2717 4708 2925 4762 Anima:
2959 4709 3143 4777 itaque
3187 4708 3433 4778 ipsorum

1868 4798 2082 4868 adipem
2128 4813 2193 4851 ac
2242 4798 2502 4855 virtutem
2552 4798 2676 4855 fidei
2716 4798 2973 4866 ferentes,
3019 4798 3154 4853 illud
3191 4797 3433 4853 dixerint

1869 4893 1977 4947 alio
2017 4896 2072 4947 in
2108 4894 2322 4963 psalmo
2364 4895 2637 4965 positum:
2678 4892 2867 4947 «Sicut
2914 4892 3071 4962 adipe
3102 4899 3158 4946 et
3204 4893 3432 4963 pingue-

1863 4983 1989 5038 dine
2038 4985 2317 5053 repleatur
2348 4986 2532 5039 anima
2562 5000 2702 5049 mea,
2755 4993 2811 5039 et
2858 4984 3018 5039 labiis
3049 4984 3431 5040 exsultationis

1860 5074 2102 5129 laudabit
2146 5091 2207 5131 os
2235 5077 2525 5131 meum".i
2575 5075 2667 5130 Sic
2693 5090 2822 5147 ergo
2853 5074 3240 5140 crassitudine,
3272 5076 3430 5145 adipe

1860 5174 1914 5220 et
1951 5166 2279 5237 pinguedine
2320 5168 2545 5233 referta,
2596 5185 2614 5217 ι
2636 5167 2931 5222 medullata
2956 5186 2974 5218 ι
3009 5167 3287 5222 dicuntur.
3324 5167 3429 5222 Ta-

1862 5259 1939 5313 les
1989 5249 2154 5327 porro
2202 5266 2332 5312 sunt
2379 5260 2709 5313 athletarum
2745 5258 2835 5314 Dei
2885 5259 3100 5323 animae,
3145 5258 3347 5313 divinis
3372 5266 3428 5314 et

1857 5351 2274 5405 rationabilibus
2320 5351 2459 5406 cibis
2494 5370 2512 5401 ι
2539 5351 2867 5416 medullatae,
2905 5370 2924 5403 ι
2964 5351 3097 5405 nihil
3127 5351 3421 5421 abjectum,

1856 5442 2133 5495 infirmum
2182 5442 2318 5495 nihil
2360 5442 2624 5497 habentes
2667 5461 2679 5495 :
2734 5458 2907 5512 quare
2961 5442 3187 5498 dicunt:
3214 5442 3423 5498 «Holo-

1860 5542 2050 5588 causta
2084 5534 2379 5589 medullata
2432 5533 2653 5590 oﬂ‘eram
2700 5534 2803 5591 tibi
2834 5551 2956 5594 cum
2991 5537 3268 5594 incenso.)
3326 5533 3419 5590 ln~

289 5669 329 5702 '°
354 5675 484 5734 Psal.
521 5700 668 5751 xxvi,
696 5686 746 5739 6.
823 5687 863 5717 ⁷³
897 5682 1054 5740 Rom.
1089 5703 1206 5753 vni,
1238 5685 1322 5742 35.
1403 5689 1447 5721 "
1480 5687 1617 5743 Ibid.
1654 5685 1742 5741 58.
1814 5685 1859 5716 ⁷³
1889 5684 2031 5740 Psal.
2061 5699 2198 5751 Lxu,
2223 5684 2277 5739 6.
