3808 6280
429 291 538 353 007

1117 299 1384 357 EUSEBII
1416 298 1899 356 CAESARIENSlS
1935 298 2086 356 OPP.
2121 301 2299 357 PARS
2325 302 2414 360 lll.
2461 333 2530 344 —
2558 302 2964 359 EXEGETICA.
3541 310 3616 366 663

432 439 516 478 cet
538 437 660 480 sum
700 437 831 477 vero
862 421 993 476 illud
1036 421 1309 492 intelligas
1365 435 1431 473 ex
1468 419 1571 474 hoc
1602 419 1788 474 dicto:
1835 437 1854 471 ι
1883 417 1975 473 Fia

2103 420 2335 490 Νοήσεις
2356 420 2410 473 δὲ
2434 420 2529 474 καὶ
2557 420 2619 474 τὸ
2651 419 2900 491 θυμίαμα
2923 418 3030 472 ἀπὸ
3055 418 3153 489 τῆς
3177 417 3430 492 λεγούσης
3447 425 3614 495 φωνῆς·

433 514 611 567 oratio
661 528 781 568 mea
834 513 979 568 sicut
1025 514 1313 566 incensum
1363 509 1420 565 in
1459 518 1754 580 conspectu
1788 510 1997 566 tuo”.r

433 604 527 660 llae
558 605 726 676 igitur
753 605 968 668 animae,
1023 601 1295 672 spirituali
1343 603 1467 672 igne
1524 608 1790 672 purgatae,
1847 602 2002 657 holo-

429 705 624 752 causta
681 697 875 753 fuere:
926 695 1038 750 sive
1087 691 1436 748 sacerdotum
1479 691 1656 748 instar
1703 692 1836 762 ipsae
1875 706 2000 748 cor-

431 809 562 863 pora
596 806 718 856 sua,
769 796 956 858 utpote
987 786 1110 857 igne
1136 790 1542 846 consummata,
1576 783 1632 838 in
1679 783 1998 840 holocausta

427 885 766 940 obtulerunt.
821 880 1111 936 Orationes
1141 885 1323 932 autem
1355 876 1602 946 ipsarum
1635 876 1995 947 thymiamata

433 977 660 1032 fuerint.
717 972 988 1039 Quoniam
1047 987 1178 1025 vero
1228 969 1450 1034 arietes,
1505 969 1670 1024 boves
1711 979 1766 1024 et
1814 969 1999 1024 hircos

426 1067 708 1121 oblaturas
749 1079 808 1118 se
842 1063 1192 1132 pollicentur,
1222 1067 1400 1132 tecum
1436 1068 1656 1129 reputes
1686 1059 1850 1114 velim
1875 1060 1990 1115 haec

425 1156 544 1224 ipsa
611 1169 675 1207 ex
737 1153 1109 1223 apostolorum
1173 1148 1481 1204 Servatoris
1554 1164 1790 1220 persona
1849 1150 1997 1206 dicta

422 1247 613 1309 fuisse,
650 1259 857 1315 perque
893 1244 1100 1307 hircos,
1133 1243 1301 1297 boves
1370 1249 1425 1296 et
1487 1242 1688 1297 arietes
1724 1257 1841 1304 eos,
1901 1245 1994 1313 qui

422 1355 526 1394 suo
577 1337 950 1408 apostolorum
1007 1336 1175 1390 ductu
1217 1333 1459 1400 fuerunt,
1514 1334 1807 1404 intelligas.
1859 1333 1993 1388 Nam

421 1432 599 1500 primo
628 1429 734 1500 ipsi
771 1437 1041 1500 martyres
1094 1426 1190 1482 Dei
1237 1427 1424 1494 fuere;
1482 1427 1678 1482 deinde
1711 1428 1854 1484 alios
1908 1430 1992 1484 sui

421 1516 668 1572 inﬁnitos
725 1515 1034 1570 imitatores
1083 1522 1137 1570 et
1190 1517 1418 1571 aemulos
1467 1516 1802 1584 excitarunt,
1853 1532 1993 1587 quos

420 1609 579 1680 quasi
610 1611 880 1665 culturam
906 1624 1062 1665 suam
1094 1609 1206 1665 Deo
1235 1609 1491 1667 oll‘erunt.
1525 1611 1740 1666 Arietes
1763 1611 1988 1678 dixeris,

423 1701 699 1770 principes
744 1699 1137 1763 Ecclesiarum,
1181 1702 1250 1757 de
1301 1701 1504 1771 quibus
1547 1700 1605 1755 in
1661 1701 1990 1772 praecedenti

2111 531 2129 564 ι
2155 513 2440 584 Γενηθήτω
2455 517 2488 584 ἠ
2507 515 2781 585 προσευχὴ
2811 532 2911 586 μου
2931 513 3007 577 ὡς
3020 512 3266 583 θυμίαμα
3283 512 3494 566 ἐνώπιόν
3505 533 3613 570 σου.»

2101 601 2268 660 Αὖται
2295 606 2392 676 μὲν
2415 602 2508 658 οὖν
2529 606 2585 660 αἱ
2607 605 2800 676 ψυχαὶ,
2830 606 2907 677 τῷ
2933 604 3285 676 πνευματικῷ
3308 607 3434 679 πυρὶ
3455 607 3616 680 καθαρ-

2102 697 2319 760 θεῖσαι,
2369 696 2792 769 ὁλοκαυτώματα
2831 698 3116 767 γεγόνασιν
3139 737 3154 762 ,
3201 698 3235 769 ἢ
3278 697 3426 770 δίκην
3455 700 3618 772 ἱερείων

2099 780 2260 842 αῦται
2275 787 2343 841 τὰ
2359 787 2566 842 ἐαυτῶν
2589 788 2828 859 ὀνόματα
2843 787 2888 858 (1
2903 788 2942 859 ),
2965 787 3042 851 ὼς
3063 786 3129 840 ἂν
3148 787 3236 841 διὰ
3265 787 3431 860 πυρὸς
3451 789 3618 845 τελειω-

2100 879 2280 943 θέντα,
2307 880 2730 951 ὁλοκαυτώματα
2758 880 3219 952 προσηνέγκαντο.
3262 880 3328 932 Αί
3358 879 3409 933 δὲ
3435 899 3618 952 προσευ-

2099 973 2192 1044 χαὶ
2217 972 2396 1026 αὐτῶν
2423 970 2531 1028 εἷεν
2559 972 2626 1028 ἂν
2649 972 2715 1026 τὰ
2736 971 3075 1044 θυμιάματα.
3122 973 3275 1027 Ἐπεὶ
3296 974 3354 1027 δέ
3373 977 3535 1046 κριοὺς
3550 979 3620 1031 καὶ

2100 1065 2227 1136 βόας
2264 1065 2402 1136 μετὰ
2439 1067 2688 1138 χιμάρων
2723 1066 2954 1119 ἀνοίσειν
2975 1065 3413 1141 ἐπαγγέλλονται,
3443 1069 3621 1141 ἐπιστή-

2098 1173 2212 1220 σεις
2233 1158 2399 1221 Δὅπως
2427 1158 2642 1230 εἴρηται
2674 1158 2768 1211 καὶ
2793 1158 2965 1211 ταῦτα
2989 1159 3052 1211 ἐκ
3087 1138 3378 1228 προσώπου
3404 1160 3499 1212 τῶν
3517 1162 3619 1216 ἀπο·

2098 1245 2298 1298 στόλων
2323 1245 2415 1299 τοῦ
2460 1246 2708 1319 Σωτῆρος
2734 1287 2749 1310 ,
2795 1246 2920 1310 τοὺς
2963 1247 3053 1300 ὑπ’
3078 1247 3256 1300 αὐτῶν
3295 1251 3619 1319 προηγμένους

2095 1339 2360 1410 χιμάρους
2394 1339 2488 1392 καὶ
2535 1338 2666 1410 βόας
2697 1341 2790 1394 καὶ
2832 1341 3018 1412 κριοὺς
3059 1343 3276 1412 νοήσας.
3331 1341 3522 1413 Πρῶτοι
3548 1344 3620 1414 μὲν

2093 1434 2202 1504 γὰρ
2235 1434 2508 1505 μάρτυρες
2535 1434 2688 1487 αὐτοὶ
2723 1434 2814 1487 τοῦ
2844 1433 2979 1487 Θεοῦ
3012 1436 3299 1504 γεγόνασιν
3320 1453 3334 1466 ο
3359 1431 3469 1489 εἶτα
3491 1455 3620 1508 μιμηι

2093 1528 2190 1590 τὰς
2223 1526 2432 1580 ἑαυτῶν
2453 1527 2546 1581 καὶ
2570 1526 2814 1598 ζηλωτὰς
2844 1527 3067 1599 μυρίους
3092 1527 3282 1590 ἄλλους
3315 1531 3622 1600 κατεστήσαν-

2092 1635 2153 1670 το
2174 1659 2187 1681 ,
2221 1617 2312 1682 οὒς
2340 1618 2529 1690 ὥσπερ
2559 1620 2732 1672 οίκεῖα
2759 1619 2999 1691 γεώργια
3024 1618 3101 1690 τῷ
3132 1619 3252 1690 Θεῷ
3283 1620 3620 1692 προσφέρουσι.

2092 1711 2296 1781 Κριοῦς
2325 1709 2422 1781 μὲν
2451 1710 2577 1772 τοὺς
2611 1709 2876 1779 ἄρχοντας
2905 1708 3012 1761 τῶν
3041 1707 3396 1780 Ἐκκλησιῶν,
3438 1710 3545 1779 περὶ
3566 1703 3620 1762 ὧν

421 1795 630 1864 psalmo
650 1793 964 1848 dicebatur:
1006 1811 1023 1843 ι
1055 1792 1229 1848 lnduti
1264 1801 1393 1848 sunt
1431 1794 1633 1848 arietes
1666 1794 1943 1848 ovium":
1966 1813 1982 1846 ι

2094 1803 2185 1855 καί
2214 1803 2271 1855 ἐν
2293 1800 2373 1872 τῷ
2405 1800 2510 1872 πρὸ
2545 1800 2734 1854 τούτου
2767 1799 2965 1872 ψαλμῷ
2997 1800 3212 1869 ἐλέγετο
3232 1818 3247 1834 ο
3287 1821 3305 1853 σ
3330 1801 3622 1855 Ἐνεδύσαντο

419 1899 558 1954 quos
589 1884 737 1939 velut
770 1899 995 1954 gregum
1025 1883 1195 1938 duces
1225 1885 1325 1954 ipsi
1353 1885 1791 1951 constituerunt;
1825 1885 1992 1940 boves

419 1985 620 2040 autem,
668 1978 879 2032 animas
921 1977 975 2030 in
1016 1977 1280 2031 armentis
1312 1975 1574 2032 Ecclesiae
1615 1978 1989 2045 constitutas;

417 2069 620 2123 etenim
655 2087 673 2120 ι
699 2068 780 2123 An
815 2067 882 2124 de
929 2068 1126 2132 bobus,
1163 2068 1358 2138 inquit,
1413 2084 1546 2123 cura
1595 2076 1680 2124 est
1710 2067 1819 2124 Deo
1863 2069 1986 2123 7°?»

419 2160 516 2216 sed
553 2161 618 2216 de
653 2162 814 2217 nobis
861 2177 1090 2231 prorsus
1134 2163 1392 2232 loquitur.
1444 2160 1594 2216 Hirci
1633 2176 1762 2218 vero
1789 2160 1990 2216 fuerint

418 2254 455 2308 ii
497 2255 589 2324 qui
618 2269 808 2310 recens
837 2255 975 2317 nati,
999 2263 1052 2309 et
1088 2255 1346 2323 procellae
1387 2268 1634 2325 tempore
1691 2256 1799 2309 orti
1853 2256 1986 2311 sint.

417 2344 598 2411 Quare
627 2346 930 2401 secundum
956 2347 1201 2416 reliquos
1222 2347 1574 2416 interpretes,
1607 2366 1625 2398 ‹
1648 2356 1703 2401 et
1727 2348 1983 2414 deserti,»

419 2446 605 2507 utpote
652 2439 745 2508 qui
797 2441 1238 2509 persecutionem
1307 2439 1621 2508 effugerint,
1695 2449 1983 2494 vocantur.

418 2529 485 2585 Et
512 2531 612 2587 hos
658 2532 843 2602 itaque
875 2531 1035 2602 quasi
1063 2533 1308 2588 novellos
1336 2540 1390 2588 et
1437 2533 1506 2587 ab
1552 2548 1611 2588 se
1649 2532 1847 2588 ductos
1879 2532 1987 2588 Deo

416 2623 670 2690 oﬁ'erunt,
705 2605 1005 2691 gloriantes
1037 2624 1236 2694 singuli
1266 2623 1332 2678 de
1363 2624 1430 2678 iis
1450 2637 1590 2694 quos
1612 2625 1980 2679 adduxerunt.

416 2714 541 2769 Haec
575 2717 757 2786 itaque
787 2731 818 2771 a
848 2716 1010 2771 nobis
1041 2717 1205 2772 modo
1243 2717 1541 2787 Spirituali,
1584 2725 1638 2772 et
1671 2716 1981 2770 divinarum

415 2805 829 2878 Scripturarum
875 2808 1162 2878 promissis
1207 2815 1602 2874 consentanea,
1634 2809 1982 2863 considerata

414 2907 565 2954 sunt.
624 2897 691 2951 Et
739 2912 873 2953 sane
920 2913 1016 2968 par
1057 2906 1141 2955 est
1199 2899 1316 2953 haec
1355 2913 1478 2970 quae
1521 2897 1637 2967 jam
1679 2907 1982 2953 tractamus

415 2990 575 3044 verba
621 2991 702 3046 sic
731 2990 1054 3062 intelligere,
1089 2992 1270 3061 potius
1300 3005 1463 3059 quam
1506 2989 1829 3044 Judaaorum
1864 2991 1982 3046 ine-

413 3095 534 3157 ptas
574 3087 698 3143 illas
727 3085 942 3142 fabulas
973 3087 1351 3150 admittamus,
1382 3086 1552 3142 Deum
1585 3085 1797 3141 scilicet
1826 3083 1979 3138 holo-

413 3179 643 3242 caustis,
699 3179 1074 3250 thymiamatis
1147 3195 1369 3234 sensum
1444 3177 1812 3238 moventibus,
1887 3185 1982 3230 aut

413 3269 669 3331 arietum,
726 3269 890 3323 boum
944 3278 998 3324 et
1052 3269 1331 3324 hircorum
1381 3270 1648 3340 sanguine
1699 3269 1979 3324 delectari.

413 3358 543 3425 Quae
575 3373 707 3414 sane
738 3359 922 3413 omnia
968 3375 1066 3429 per
1112 3363 1434 3431 prophetam
1488 3364 1606 3434 ipse
1649 3364 1792 3421 Deus
1818 3381 1982 3436 repu-

413 3451 522 3506 diat
552 3451 637 3505 his
685 3451 868 3506 verbis
895 3471 906 3505 :
945 3470 964 3504 ι
989 3451 1131 3519 Quid
1164 3455 1296 3508 mihi
1329 3455 1734 3511 multitudinem
1769 3457 1981 3512 sacriﬁ-

411 3545 621 3598 ciorum
647 3551 974 3610 vestrnrum,
1003 3546 1135 3600 dicit
1169 3546 1468 3603 Dominus:
1501 3549 1696 3618 plenus
1726 3564 1846 3604 sum
1879 3549 1983 3604 ho-

410 3633 671 3689 locaustis
711 3634 970 3698 arietum,
1019 3644 1074 3690 et
1132 3637 1348 3707 adipem
1404 3653 1691 3708 agnorum,
1754 3641 1980 3710 sangui-

409 3742 638 3798 nemque
687 3737 969 3783 taurorum
1015 3737 1070 3783 et
1112 3729 1396 3786 hircorum
1444 3731 1590 3784 nolo.
1652 3729 1788 3797 Quis
1832 3734 1977 3786 enim

411 3822 527 3879 hec
565 3825 852 3893 requisivit
900 3823 968 3880 de
1018 3826 1272 3882 manibus
1325 3829 1528 3884 vestris
1551 3829 1594 3860 ⁷⁷
1622 3828 1642 3881 ?
1670 3848 1687 3880 ι
1740 3829 1807 3882 Ει
1841 3831 1980 3885 alias

411 3916 528 3970 haec
560 3918 838 3970 contraria
879 3916 1085 3973 fuerint
1128 3919 1196 3973 iis
1231 3934 1356 3989 qua:
1398 3921 1552 3989 prius
1595 3922 1804 3991 psalmo
1851 3937 1981 3976 χιιι

408 4008 553 4062 dicta
597 4016 745 4072 sunt,
781 4010 873 4064 ubi
925 4025 992 4066 ex
1031 4025 1264 4080 persona
1318 4010 1409 4066 Dei
1473 4010 1679 4067 fertur:
1725 4031 1746 4063 ι
1772 4011 1892 4066 Non
1923 4013 1977 4066 in

409 4100 697 4157 sacriﬁciis
727 4103 835 4158 tuis
866 4118 1090 4173 arguam
1125 4111 1179 4159 te
1201 4105 1288 4165 τες
1321 4123 1339 4156 ι
1379 4112 1466 4159 et:
1507 4123 1525 4157 ι
1557 4104 1674 4160 Νοη
1714 4106 1979 4176 accipiam

407 4189 477 4243 de
506 4190 670 4243 domo
701 4199 792 4245 tua
827 4192 1048 4258 vitulos,
1095 4209 1274 4264 neque
1303 4195 1371 4249 de
1410 4197 1668 4267 gregibus
1708 4198 1818 4252 tuis
1858 4196 1977 4250 hir-

407 4297 524 4336 cos.
565 4281 833 4348 Quoniam
859 4300 991 4340 mea:
1015 4294 1144 4340 sunt
1175 4302 1366 4342 omnes
1395 4287 1522 4343 ferae
1571 4290 1854 4350 silvarum,
1885 4289 1978 4358 ju-

407 4381 590 4428 menta
625 4373 681 4428 in
713 4375 994 4432 montibus
1045 4386 1098 4431 et
1128 4377 1297 4433 boves
1313 4377 1389 4444 7’;
1426 4397 1445 4430 ι
1483 4379 1586 4433 sub
1619 4378 1734 4433 haec
1760 4386 1972 4434 autem:

2093 1895 2142 1946 οί
2166 1894 2311 1965 κριοὶ
2323 1892 2431 1945 τῶν
2448 1893 2734 1964 προϐάτων
2751 1910 2765 1923 ’
2789 1913 2807 1948 ι
2829 1892 2921 1957 οὓς
2942 1893 3130 1967 ὥσπερ
3150 1894 3414 1965 ποιμνίων
3430 1895 3621 1964 ἡγουμέ-

2091 2003 2212 2050 νους
2241 1986 2394 2040 αὐτοὶ
2422 1985 2761 2056 κατέστησαν
2787 2003 2800 2017 ·
2855 1987 2984 2058 βόας
3009 1987 3066 2040 δὲ
3108 1986 3204 2050 τὰς
3248 1988 3305 2040 ἐν
3342 1989 3405 2058 τῇ
3443 1986 3602 2057 Ἐκκλη

2093 2079 2182 2149 σία
2207 2079 2609 2151 ἁγελαζομένας
2627 2079 2803 2150 ψυχάς
2822 2096 2836 2110 ο
2871 2098 2890 2131 ι
2910 2080 3000 2151 Μὴ
3025 2079 3132 2153 γὰρ
3175 2081 3284 2134 τῶν
3323 2079 3481 2150 βοῶν,
3505 2079 3620 2149 φησὶ,

2093 2170 2242 2241 μέλει
2289 2169 2368 2242 τῷ
2409 2171 2563 2242 Θεῷ;
2598 2191 2616 2221 ι
2654 2172 2687 2244 ἢ
2722 2171 2788 2224 δι’
2819 2173 2965 2243 ἡμᾶς
2995 2172 3209 2236 πάντως
3236 2173 3418 2241 λέγει’
3445 2173 3623 2244 χίμαροι

2086 2238 2144 2316 8s
2177 2262 2224 2314 οἱ
2252 2238 2556 2334 ἀρτιγενείς
2586 2238 2687 2315 καὶ*
2711 2262 2787 2333 τῷ
2816 2238 2990 2334 καιρῷ
3017 2262 3110 2316 τοῦ
3141 2238 3409 2334 χειμῶνος
3437 2238 3622 2333 γεγενη-

2091 2353 2238 2424 μένοι
2288 2349 2397 2407 εἷεν
2443 2353 2508 2409 ἄν
2607 2355 2698 2407 Διὸ
2729 2356 2869 2409 κατὰ
2899 2357 3023 2418 τοὺς
3051 2355 3272 2420 λοιποὺς
3305 2356 3620 2428 ἐρμηνευτέις,

2091 2463 2111 2494 ι
2135 2445 2228 2498 καὶ
2245 2445 2441 2518 ἔρημοι
2459 2486 2474 2512 ,
2499 2465 2518 2500 ›
2541 2446 2618 2510 ὡς
2637 2446 2726 2500 τὸν
2744 2447 2837 2500 τοῦ
2853 2446 3090 2518 διωγμοῦ
3111 2447 3297 2518 καιρὸν
3314 2449 3620 2517 ἐκφυγόντες,

2084 2539 2501 2612 ὠνομάσθησαν.
2534 2541 2645 2594 Καὶ
2670 2539 2890 2604 τούτους
2916 2538 3201 2612 τοιγαροῦν
3226 2540 3300 2605 ὡς
3331 2541 3397 2594 ἂν
3417 2537 3620 2608 νεογνοὺς

2084 2631 2177 2684 καὶ
2223 2632 2314 2684 ὑπ’
2347 2631 2525 2686 αὐτῶν
2552 2631 2930 2704 προηγμένους
2975 2629 3052 2701 τῷ
3095 2630 3213 2703 Θεῷ
3266 2630 3597 2702 προσάγουσιν

2082 2723 2312 2788 ἕκαστος
2353 2725 2438 2794 ἐφ’
2472 2719 2554 2789 οἷς
2595 2724 2940 2796 προηγάγετο
2989 2723 3406 2795 σεμνυνόμενος.
3475 2722 3620 2776 Ταῦτα

2085 2817 2184 2889 μὲν
2210 2812 2302 2871 οὖν
2325 2816 2710 2888 πνευματικῶς
2735 2817 2827 2870 καὶ
2851 2818 3166 2888 πρεπόντως
3187 2818 3251 2887 τῇ
3279 2816 3392 2869 τῶν
3413 2813 3622 2868 θεοπνεύ-

2083 2927 2221 2963 στων
2235 2908 2462 2980 Γραφῶν
2474 2909 2786 2980 ’ἐπαγγελίᾳ
2808 2908 3139 2980 τεθεώρηται
3161 2912 3314 2978 ἡμῖν.
3339 2911 3444 2962 Καὶ
3462 2909 3621 2981 πρέπει

2081 3019 2142 3071 γε
2172 3002 2339 3065 ὅντως
2369 3001 2587 3055 ἀκούειν
2613 3001 2721 3054 τῶν
2749 3002 3144 3073 προκειμένων,
3171 3001 3203 3073 ἢ
3232 3002 3377 3054 κατὰ
3401 3001 3490 3064 τὰς
3520 3002 3621 3054 Ἰου-

2083 3093 2245 3146 δαίων
2265 3093 2524 3157 ταπεινὰς
2557 3093 2879 3163 μυθολογίας
2900 3092 3312 3163 ὁλοκαυτώμασι
3346 3095 3535 3166 χαίρειν
3552 3093 3619 3144 τὸν

2083 3187 2234 3251 Θεὸν,
2267 3186 2303 3258 ἢ
2333 3185 2669 3256 θυμιάμασιν
2699 3185 2994 3257 αἰσθητοῖς,
3024 3187 3056 3257 ἢ
3092 3186 3260 3257 κριῶν
3286 3187 3383 3239 καὶ
3409 3186 3531 3257 βοῶν
3549 3186 3620 3238 καὶ

2083 3276 2332 3347 χιμάρων
2363 3275 2590 3348 αἴμασιν
2625 3275 3011 3328 ὑπονοούντων.
3055 3277 3120 3326 "A
3146 3275 3210 3345 δὴ
3241 3275 3423 3329 πάντα
3451 3276 3528 3330 διὰ
3545 3272 3620 3328 τοῦ

2083 3366 2361 3436 προφήτου
2393 3365 2555 3428 αὐτὸς
2585 3367 2614 3418 ὁ
2641 3365 2770 3428 Θεὸς
2806 3367 3150 3433 παραιτεῖται
3184 3364 3361 3433 λέγων
3380 3380 3394 3394 ⁸
3442 3383 3459 3414 ι
3479 3364 3534 3416 Τί
3553 3379 3622 3432 μοι

2083 3456 2286 3527 πλῆθος
2305 3456 2412 3511 τῶν
2445 3457 2645 3512 θυσιῶν
2670 3458 2856 3529 ὑμῶν;
2889 3457 3034 3527 λέγει
3053 3458 3285 3530 Κύριος·
3315 3457 3518 3529 πλήρης
3535 3455 3623 3526 εἰμὶ

2080 3549 2545 3621 ὁλοκαυτωμάτων
2574 3551 2771 3620 κριῶν,
2804 3554 2896 3605 καὶ
2929 3553 3093 3623 στέαρ
3122 3551 3302 3623 ἀρνῶν
3326 3553 3421 3604 καὶ
3451 3549 3622 3620 αἵματα

2080 3641 2295 3712 ταύρων
2324 3643 2419 3696 καὶ
2443 3643 2659 3715 τράγων
2682 3644 2740 3696 οὐ
2777 3643 3053 3714 βούλομαι.
3104 3643 3198 3706 Τίς
3214 3641 3338 3715 ,γὰρ
3371 3639 3622 3710 ἐξεζήτησε

2081 3735 2248 3789 ταῦτα
2264 3737 2329 3790 ἐκ
2349 3736 2454 3790 τῶν
2477 3736 2675 3808 χειρῶν
2699 3737 2851 3807 ὑμῶν
2872 3755 2915 3802 ;›
2938 3739 3047 3792 Καὶ
3071 3737 3244 3800 ἄλλως
3267 3740 3318 3806 γ’
3336 3736 3401 3791 ἂν
3426 3736 3501 3806 είη
3521 3733 3623 3786 ταῦ-

2079 3845 2146 3881 τα
2175 3827 2395 3882 ἐναντία
2422 3832 2534 3892 τοῖς
2565 3827 2874 3900 ἔμπροσθεν
2907 3829 3048 3883 κατὰ
3073 3829 3162 3882 τὸν
3201 3828 3297 3900 μθ¹
3331 3830 3528 3900 ψαλμὸν
3553 3826 3621 3878 λε-

2079 3917 2379 3987 λεγμένοις,
2402 3921 2458 3972 ἐν
2481 3913 2562 3983 οἷς
2581 3919 2645 3972 ἐκ
2665 3919 2955 3989 προσώπου
2980 3920 3070 3974 τοῦ
3091 3919 3225 3974 Θεοῦ
3249 3920 3485 3989 ἐλέγετοο
3504 3919 3618 3973 «Οὐκ

2079 4010 2172 4062 ἐπὶ
2198 4012 2317 4074 ταῖς
2350 4009 2560 4073 θυσίαις
2582 4027 2675 4064 σου
2709 4010 2911 4080 ἐλέγξω
2935 4029 3027 4065 σε·
3057 4031 3075 4063 ι
3107 4013 3234 4065 καί·
3269 4032 3287 4063 ί
3312 4015 3386 4066 Οὐ
3418 4011 3620 4082 λήψομαι

2079 4103 2143 4154 ἐκ
2172 4100 2264 4154 τοῦ
2296 4100 2444 4155 οἴκου
2470 4119 2562 4155 σου
2591 4103 2853 4174 μόσχους,
2886 4105 3006 4158 οὐδὲ
3032 4105 3098 4159 ἐκ
3129 4105 3235 4158 τῶν
3259 4104 3512 4176 ποιμνίων
3547 4119 3618 4154 σου

2078 4193 2373 4264 χιμάρους·
2405 4194 2486 4247 ὅτι
2519 4195 2628 4264 ἐμά
2654 4196 2770 4248 ἐστι
2801 4195 2979 4250 πάντα
3013 4195 3081 4248 τὰ
3113 4195 3280 4268 θηρία
3301 4195 3396 4250 τοῦ
3423 4190 3617 4267 δρυμοῦ,

2081 4285 2249 4356 κτήνη
2280 4287 2338 4338 ἐν
2363 4288 2474 4349 τοῖς
2502 4285 2654 4356 ὄρεσι
2685 4287 2782 4340 καὶ
2809 4288 2960 4358 βὸεςο
2983 4307 3000 4339 ι
3057 4288 3151 4342 καὶ
3181 4288 3309 4360 ἑξῆς
3333 4305 3346 4316 ·
3386 4307 3404 4339 ι
3425 4287 3508 4356 Μὴ
3539 4284 3621 4353 φά-

2077 4394 2244 4448 γομαι
2270 4377 2406 4449 κρέα
2427 4377 2660 4449 ταύρων,
2685 4381 2718 4451 ἢ
2745 4379 2880 4451 αἷμα
2901 4381 3069 4451 κριῶν
3095 4381 3321 4453 πίομαι;
3347 4401 3364 4434 ι
3397 4380 3512 4443 Πῶς
3531 4376 3619 4446 γὰρ

412 4485 434 4518 ι
470 4465 722 4538 Nunquid
755 4467 1095 4522 manducabo
1122 4484 1318 4524 carnes
1351 4478 1658 4533 taurorum,
1709 4478 1804 4523 aut
1847 4485 1977 4525 san-

2087 4468 2305 4532 ἐκείνοις
2333 4468 2597 4540 σύμφωνα
2635 4469 2701 4524 ἂν
2730 4472 2816 4541 εἴη
2842 4473 2910 4525 τὰ
2935 4473 3008 4536 ώς
3037 4474 3163 4544 περὶ
3190 4471 3619 4542 ὁλοκαυτωμάτων

405 4556 622 4625 guinem
646 4555 923 4610 hircorum
942 4558 1137 4627 potabo
1153 4558 1237 4611 8°?
1260 4577 1278 4610 ι
1309 4559 1412 4625 Qui
1442 4558 1588 4614 enim
1633 4559 1741 4615 illis
1775 4574 1973 4616 conso-

2087 4560 2172 4613 καὶ
2197 4558 2367 4631 κριῶν
2392 4561 2486 4613 καὶ
2510 4560 2646 4633 βοῶν
2677 4567 2770 4617 καὶ
2793 4565 3040 4635 χιμάρων
3058 4565 3292 4620 ἐνταῦθα
3317 4563 3609 4636 λελεγμένα;

403 4654 538 4701 nent
575 4663 698 4718 qua:
727 4648 793 4703 de
816 4649 1173 4713 holocaustis,
1203 4653 1487 4714 arietibus,
1517 4652 1692 4708 bobus
1715 4659 1770 4707 et
1799 4651 1970 4710 hircis

405 4734 496 4790 hic
537 4737 870 4792 traduntur?
909 4737 974 4793 Et
1002 4754 1134 4794 sane
1182 4742 1297 4810 ipse
1335 4740 1501 4796 David
1547 4743 1801 4812 superius
1831 4759 1962 4798 con-

404 4827 606 4882 ﬁtendo
635 4829 848 4885 dixerat
871 4851 884 4887 :
921 4850 941 4882 ‹
966 4831 1235 4908 Quoniam
1260 4834 1306 4887 si
1329 4835 1597 4890 voluisses
1619 4836 1970 4900 sacriﬁcium,

403 4919 678 4976 dedissent
706 4924 918 4992 utique,
947 4923 1283 4980 holocaustis
1325 4940 1434 4979 non
1461 4925 1877 4982 delectaberis‘H
1905 4945 1920 4994 ;
1947 4947 1963 4979 ι

401 5021 457 5068 et
489 5011 544 5067 in
574 5014 682 5068 alio
721 5015 917 5070 iterum
943 5036 955 5070 :
997 5034 1016 5067 ι
1044 5015 1392 5072 Sacriﬁcium
1421 5027 1476 5074 et
1507 5019 1844 5075 oblationem
1877 5037 1970 5076 no-

401 5101 577 5168 luisti,
611 5119 812 5176 corpus
841 5113 1025 5161 autem
1076 5109 1279 5178 aptasti
1328 5109 1484 5164 mihi.
1537 5108 1869 5168 Holocausta
1913 5121 1969 5168 et

400 5208 503 5263 pro
532 5203 759 5265 peccato
804 5212 913 5252 non
944 5207 1095 5268 grata
1129 5199 1368 5256 habuisti
1393 5203 1492 5254 ³³.»

472 5284 639 5343 Vens.
665 5287 850 5345 16-20.
890 5308 909 5341 ι
941 5289 1153 5355 Venite,
1193 5292 1378 5348 audite
1403 5302 1458 5348 et
1489 5295 1746 5359 narrabo,
1775 5311 1968 5352 omnes

400 5376 496 5446 qui
526 5379 730 5435 timetis
759 5379 950 5447 Deum,
977 5391 1180 5452 quanta
1206 5383 1333 5439 fecit
1358 5385 1552 5440 animae
1580 5402 1765 5442 meae.»
1797 5386 1964 5443 Iidem

401 5469 664 5540 superius
724 5472 1006 5529 dicebant:
1050 5493 1068 5526 ι
1093 5472 1284 5532 Venite
1330 5484 1385 5532 et
1440 5477 1618 5534 videte
1655 5493 1821 5549 opera
1845 5479 1963 5545 Dei,

2074 4652 2185 4704 Καὶ
2221 4652 2325 4722 μὴν
2357 4653 2518 4716 αὐτὸς
2555 4655 2583 4707 ὁ
2611 4655 2773 4709 Δαυῒδ
2799 4656 2886 4710 διὰ
2925 4657 3032 4709 τῶν
3067 4656 3373 4728 ἔμπροσθεν
3398 4654 3614 4726 ἐξομολο-

2072 4745 2335 4814 γούμενος
2361 4742 2544 4813 ἔλεγεν
2567 4761 2580 4775 ο
2624 4766 2644 4799 ι
2670 4749 2808 4812 Ὅτι,
2841 4753 2890 4803 εί
2919 4749 3186 4822 ἠθέλησας
3215 4750 3400 4805 θυσίαν
3423 4790 3438 4813 ,
3469 4749 3616 4802 ἔδωκα

2078 4836 2144 4890 ἂν
2163 4878 2177 4902 ,
2211 4838 2638 4914 ὁλοκαυτώματα
2681 4842 2782 4895 οὐκ
2823 4842 3156 4914 εὐδοκήσεις.
3185 4862 3203 4895 ι
3262 4843 3368 4898 Καὶ
3398 4841 3542 4895 πάλιν
3569 4841 3615 4890 ἐν

2078 4931 2162 4983 ἑτέ
2173 4949 2248 5002 ρῳ
2266 4951 2280 4965 ·
2315 4954 2332 4986 ι
2356 4932 2556 4987 Θυσίαν
2575 4934 2668 4987 καὶ
2695 4934 3010 5006 προσφορὰν
3036 4936 3135 4989 οὐκ
3161 4934 3445 5005 ὲθέλησας,
3483 4931 3613 5001 σῶμα

2075 5025 2132 5077 δὲ
2157 5026 2467 5098 κατηρτίσω
2497 5045 2605 5098 μοι.
2651 5025 3099 5098 Ὁλοκαυτώματα
3118 5026 3210 5079 καὶ
3229 5026 3353 5098 περὶ
3371 5023 3612 5096 ἁμαρτίας

2076 5119 2174 5171 οὐκ
2204 5119 2530 5190 ηὐδόκησας.
2574 5139 2594 5171 ι

2148 5292 2360 5356 «Δεῦτε.
2383 5292 2671 5362 ἀκούσατε,
2689 5294 3146 5366 καὶδιηγήσομαι,
3161 5295 3357 5356 πάντες
3376 5291 3424 5345 οἱ
3446 5283 3610 5358 (90605-

2076 5401 2226 5456 μενοι
2246 5385 2335 5438 τὸν
2363 5386 2515 5450 Θεὸν,
2549 5387 2648 5440 ὅσα
2683 5388 2904 5458 ἐποίησε
2937 5389 3002 5459 τῇ
3026 5387 3170 5458 ψυχῇ
3199 5403 3317 5457 μου.
3341 5403 3360 5434 ›
3395 5383 3454 5436 Oi
3481 5375 3607 5433 αὐτοὶ

2074 5477 2167 5531 καὶ
2195 5479 2253 5532 ἐν
2279 5482 2390 5544 τοῖς
2423 5479 2728 5552 ἔμπροσθεν
2759 5481 2940 5550 ἔλεγον
2960 5497 2972 5510 ·
3037 5498 3057 5531 ι
3085 5478 3251 5532 Δεῦτε
3280 5477 3368 5532 καὶ
3399 5475 3524 5530 ίδετε
3552 5469 3605 5522 τὰ

473 5606 717 5696 'fvlfsa‘l;
736 5624 862 5696 εκιέ,
991 5612 1038 5696 ξ’
1063 5610 1215 5696 Psall.‘
1235 5615 1506 5696 Mign”:
1579 5613 1668 5668 ⁷⁸1
1696 5614 1822 5696 σος.
1850 5633 1925 5684 Ix,
1957 5617 1982 5673 ί]

2089 5618 2133 5651 ττ
2161 5619 2262 5677 lsa.
2300 5620 2455 5688 1,11,
2493 5593 2578 5678 ιε.
2652 5620 3062 5686 versatum,
3101 5619 3157 5676 8.
3229 5609 3599 5696 ηιθυταυ.

403 5677 452 5711 ⁸⁸
491 5680 621 5737 ibid.
656 5681 741 5735 15.
816 5682 859 5715 ⁸¹
889 5681 1030 5737 Psal.
1065 5697 1118 5744 L,
1153 5683 1236 5738 l8.
1308 5683 1518 5740 "Psal.
1560 5701 1744 5753 sum,
1781 5686 1810 5740 7

479 5773 556 5847 (ι)
579 5773 890 5845 Legeudnm
924 5773 1168 5846 σώματα.
