3808 6280
197 294 297 350 6m
1166 266 1169 267 ί
1286 291 1701 349 COMMENTAF

1936 292 2157 350 PSALM
2167 295 2271 352 OS.
3338 303 3440 361 670

194 417 318 490 ἔργα
348 412 442 467 τοῦ
470 410 612 467 Θεοῦ
632 452 646 476 ,
700 410 926 483 φοϐερὸς
958 412 1018 464 ἐν
1051 409 1266 481 βουλαῖς
1301 410 1441 480 ὑπὲρ
1468 410 1594 472 τοὺς
1626 411 1698 462 υίι

1938 409 2143 465 rribilis
2180 411 2234 464 in
2285 412 2535 467 consiliis
2592 425 2757 483 super
2801 409 2941 467 filios
2982 411 3317 467 hominum.»
3377 410 3442 468 Ει

194 510 290 565 τῶν
304 505 611 579 ἀνθρώπων
627 522 641 536 ο
655 523 672 556 ι
693 505 786 558 καὶ
810 503 1183 573 ταῦταεέλεγον
1197 505 1309 567 τοῖς
1326 503 1443 556 ἕθνε
1451 519 1520 555 σι.
1542 503 1649 555 Καὶ
1664 521 1698 553 νλ

1933 516 1959 555 s
1986 509 2178 571 gentes
2212 501 2649 571 alloquebantur.
2700 501 2855 557 Nunc
2887 501 3053 573 igitur
3084 503 3185 572 ipsi
3220 502 3437 558 eosdem

194 598 277 656 οὖν
290 600 513 653 πάλινιοί
529 598 686 651 αὐτοὶ
703 599 884 661 αὐτοῖς
899 598 1011 660 τοῖς
1039 594 1359 667 προσφωνοῦ
1366 612 1415 648 σι
1432 596 1695 663 φάσκοντε

1935 592 2201 660 impellant
2234 592 2317 647 his
2343 594 2520 648 verbis
2552 612 2565 647 :
2603 613 2621 645 ι
2646 591 2861 657 Venite,
2880 600 2934 648 et
2985 593 3189 658 audite,
3225 604 3278 649 et
3314 610 3439 649 nar-

198 713 215 744 ι
231 692 385 745 Δεῦτε
418 691 514 743 καὶ
542 690 834 748 ἀκούσατε.
855 690 949 742 καὶ
973 689 1323 760 διηγήσομαι.
1354 709 1371 740 »
1394 688 1549 750 Τίνες
1563 687 1618 739 δὲ
1639 687 1702 740 δε

1937 683 2024 737 bo.
2060 703 2079 735 »
2124 683 2378 749 Quinam,
2414 685 2631 740 venite?
2685 686 2879 742 deinde
2945 687 3106 742 infert
3143 706 3155 741 :
3189 705 3209 737 ‹
3236 685 3440 743 Omnes

193 804 275 851 τε;
308 784 550 852 ἐπιλέγει
580 782 731 853 ἐξῆς⁸
762 801 781 834 ι
804 784 1010 845 Πάντες
1038 784 1086 835 οί
1108 781 1427 851 φοϐούμενοι
1451 780 1540 834 τὸν
1561 780 1694 833 Θεόν

1934 774 1966 827 li
1999 775 2203 830 timetis
2229 774 2427 832 Deum:
2466 798 2482 829 »
2518 794 2659 847 quos
2688 794 2855 848 supra
2884 779 3045 833 modo
3078 794 3292 834 omnen»
3325 790 3438 835 ter-

192 879 273 942 οὒς
300 877 558 947 ἀνωτέρω
586 866 716 930 ποτέ
744 874 842 946 μὲν
862 874 1042 928 πᾶσαν
1064 874 1160 945 τὴν
1183 874 1286 943 γῆν
1306 872 1605 944 ὠνόμαζον,
1631 890 1696 925 πο

1931 883 1989 919 ιιι
2025 879 2497 937 nuncupaverant,
2531 872 2692 924 modo
2719 886 2910 925 omnes
2941 878 3151 941 gentes.
3203 872 3435 927 Eosdem

193 976 242 1027 δὲ
284 973 458 1025 πάντα
487 970 558 1023 τά
592 970 736 1041 ἔθνη.
780 970 915 1034 Τοὺς
976 969 1168 1031 αὐτοὺς
1217 966 1322 1039 γὰρ
1356 967 1450 1019 καὶ
1513 966 1605 1018 ἐπὶ
1666 982 1695 1017 τ

1932 960 2014 1013 lim
2066 961 2121 1014 in
2172 962 2428 1031 praesenti
2459 961 2762 1024 declarant,
2812 978 2934 1017 cum
2971 963 3225 1018 timentes
3269 964 3436 1019 Deum

192 1066 440 1137 παρόντος
476 1061 697 1134 δηλοῦσι
715 1061 877 1131 φοΰου
886 1061 1075 1132 μένους
1089 1061 1178 1113 τὸν
1195 1059 1324 1113 Θεὸν
1340 1056 1696 1112 ἁποκαλοῦντε

1928 1054 2213 1123 impellant.
2268 1052 2594 1126 Plerumque
2630 1057 2689 1111 in
2719 1056 2842 1111 aliis
2862 1059 3432 1123 commonstravimus,

194 1158 442 1218 Πολλάκις
468 1154 528 1208 δὲ
558 1155 653 1207 καὶ
681 1157 738 1206 ἐν
770 1154 974 1225 ἐτέροις
1007 1152 1365 1222 ἀπεδείξαμεν
1389 1191 1404 1215 ,
1435 1152 1508 1213 ὡς
1542 1151 1665 1213 τοὺς

1935 1159 1961 1199 s
1984 1160 2048 1199 ex
2080 1146 2335 1214 gentibus
2356 1148 2449 1216 qui
2477 1149 2620 1217 piam
2651 1149 2839 1203 colunt
2869 1149 3206 1219 religionem,
3241 1151 3434 1204 timen-

193 1249 346 1304 ἐθνῶν
390 1245 784 1308 θεοσεϐοῦντας
830 1243 1194 1312 φοϐουμένους
1224 1243 1314 1296 τὸν
1344 1241 1545 1313 Κύριον
1574 1240 1697 1294 καλε

1931 1235 2273 1293 sDominum
2331 1239 2666 1311 Scripturam
2721 1242 2993 1311 appellare
3049 1243 3243 1297 solere.
3299 1241 3435 1308 Quo-

194 1340 365 1395 εἴωθεν
384 1342 412 1393 ὁ
431 1338 626 1406 Λόγος.
648 1338 799 1391 Ἐπεὶ
821 1338 998 1389 τοίνυν
1023 1336 1212 1407 μνείας
1229 1335 1396 1388 δεῖται
1415 1334 1476 1387 τὸ
1500 1334 1698 1403 κήρυγε

1932 1345 2014 1383 am
2078 1331 2246 1402 igitur
2307 1334 2627 1403 praedicatio
2678 1335 2988 1404 evangelica
3040 1335 3436 1389 commentario

193 1432 244 1485 τὸ
268 1428 642 1494 ἁποστολικὸν,
677 1426 988 1495 ἀναγκαίως
1014 1424 1437 1494 ἐπαγγέλλονται
1464 1423 1560 1494 τὴν
1586 1424 1697 1493 ἐρμη

1927 1429 2005 1486 et,
2054 1437 2113 1475 se
2147 1423 2266 1492 ejus
2302 1424 2811 1493 interpretationem
2862 1424 3161 1479 tradituros
3188 1439 3431 1480 necessa-

195 1522 325 1575 νείαν
345 1519 687 1592 παραδώσειν
707 1521 817 1581 τοῖς
835 1517 1011 1571 ἔθνεσι
1032 1518 1278 1586 λέγοντες
1296 1533 1309 1545 ⁸
1340 1535 1358 1567 ‹
1382 1514 1546 1567 Δεῦτε
1565 1555 1579 1577 ,
1602 1516 1699 1568 ὰκο

1927 1530 1949 1568 o
1999 1517 2255 1587 gentibus
2311 1518 2658 1588 pollicentur,
2695 1518 2942 1573 dicentes
2977 1538 2990 1572 :
3024 1538 3042 1569 ε
3074 1516 3281 1581 Venite,
3330 1534 3431 1571 au—

195 1630 330 1676 σατε,
359 1613 452 1665 καὶ
478 1611 812 1683 διηγήσομαι
834 1627 847 1640 ’
874 1630 892 1660 ι
925 1609 1154 1679 Λέγουσι
1180 1608 1235 1661 δὲ
1263 1607 1431 1662 ταῦτα
1454 1607 1529 1671 ὼς
1556 1606 1613 1672 ἐξ
1639 1608 1699 1660 ἐν

1932 1616 1995 1669 te,
2032 1616 2086 1663 et
2133 1610 2426 1664 narrabo.»
2471 1609 2595 1664 Haac
2620 1625 2786 1679 porro
2842 1610 3000 1680 quasi
3054 1626 3121 1665 ex
3169 1626 3280 1665 uno
3339 1625 3436 1663 ore

196 1700 438 1771 στόματος
476 1699 569 1753 διὰ
601 1701 701 1771 τὴν
726 1699 1005 1753 τελείωσιν
1030 1716 1042 1729 ’
1075 1702 1122 1751 οἱ
1152 1698 1260 1769 γὰρ
1291 1700 1490 1762 πάντες
1513 1698 1570 1751 ἓν
1601 1716 1700 1768 γεγ

1932 1701 2152 1757 oferunt
2177 1711 2400 1773 propter
2415 1703 2942 1758 consummationem
2965 1723 2978 1757 :
3010 1718 3201 1758 omnes
3229 1702 3436 1773 quippe

194 1811 301 1847 νασι
332 1792 712 1855 τελειωθέντες
739 1793 797 1845 ἐν
828 1790 1033 1863 Κυρίῳ.
1080 1792 1191 1845 Καὶ
1222 1790 1392 1843 ταῦτα
1426 1789 1670 1855 θεσπίζει

1944 1793 2169 1848 Christo
2198 1794 2565 1849 consummati
2596 1810 2765 1848 unum
2813 1793 2991 1848 ell'ecti
3025 1802 3176 1849 sunt.
3234 1793 3300 1846 Et
3329 1793 3434 1847 hoc

197 1880 397 1955 Πνεῦμα
414 1883 475 1936 τὸ
495 1882 655 1951 ἆγιον
671 1882 746 1946 ὼς
766 1881 824 1947 ἐξ
843 1882 959 1945 ἐνὸς
976 1879 1136 1951 χοροῦ
1157 1880 1250 1933 τοῦ
1274 1881 1627 1933 ἁποστολικοῦ
1646 1898 1701 1933 το

1929 1885 2102 1941 iii-itus
2155 1893 2381 1942 sanctus
2418 1888 2576 1956 quasi
2627 1902 2691 1941 ex
2749 1902 2860 1941 uno
2906 1888 3211 1957 apostolico
3262 1886 3433 1940 choro

195 1979 351 2030 ἔθνεσι
380 1974 764 2047 προσφωνοῦν,
796 1973 1257 2044 ἐπαγγελλόμενόν
1282 1990 1340 2025 τε
1362 1971 1699 2043 διερμηνεύει

1932 1976 2114 2032 utibus
2140 1978 2373 2049 loquens
2402 1978 2737 2033 vaticinatur
2763 1997 2777 2045 ;
2826 1993 2889 2032 ac
2921 1978 3208 2049 pollicetur
3239 1993 3299 2032 se
3338 1977 3436 2032 de-

196 2070 280 2121 δσα
305 2067 557 2139 ἐποίησεν
584 2068 616 2119 ὁ
650 2067 781 2131 Θεὸς
809 2069 875 2137 τῇ
904 2065 1048 2136 ψυχῇ
1078 2064 1277 2119 αὐτῶν.
1334 2065 1507 2118 Πάλαι
1545 2066 1642 2135 μὲν
1668 2083 1700 2117 οε

1924 2078 2198 2124 araturum
2248 2078 2457 2141 quanta
2511 2072 2701 2125 fecerit
2745 2070 2887 2125 Deus
2928 2070 3124 2125 anima:
3164 2071 3428 2139 ipsorum.

196 2159 359 2228 ἔλεγον
377 2175 390 2188 ·
428 2179 444 2207 σ
471 2157 639 2210 Δεῦτε
665 2158 759 2210 καὶ
787 2156 923 2209 ῐδετε
946 2156 1012 2209 τά
1040 2154 1174 2227 ἔργα
1201 2153 1292 2206 τοῦ
1320 2154 1475 2219 Θεοῦ,
1503 2155 1578 2218 ὡς
1604 2172 1700 2225 μετ

1930 2162 1999 2212 im
2031 2160 2255 2230 quidem
2286 2178 2299 2212 :
2335 2160 2611 2223 dicebant,
2654 2179 2671 2210 ι
2698 2159 2892 2216 Venite
2924 2170 2978 2214 et
3034 2162 3213 2216 videte
3269 2176 3433 2230 opera

198 2251 374 2323 στρεψέ
403 2268 535 2304 ποτε
556 2251 657 2322 τὴν
680 2249 953 2305 θάλασσαν
974 2250 1054 2311 είς
1080 2248 1267 2320 ξηρὰν,
1295 2248 1389 2301 καὶ
1412 2248 1486 2313 ὡς
1511 2251 1566 2302 ἐν
1598 2267 1702 2302 ποτι

1931 2253 1977 2316 :i,
2010 2254 2102 2322 qui
2143 2254 2439 2323 aliquando
2490 2254 2759 2307 convertit
2800 2270 2951 2309 mare
2988 2254 3044 2307 in
3091 2254 3322 2315 aridam,
3381 2259 3435 2307 et

200 2343 273 2414 μῷ
296 2343 496 2412 διῆλθον
528 2340 673 2395 ποδί.
691 2359 708 2391 »
748 2340 882 2393 Νυνὶ
897 2340 952 2392 δὲ
975 2339 1157 2393 οὐκέτι
1180 2338 1249 2391 τὰ
1278 2338 1509 2401 παλαιὰ.
1536 2338 1669 2391 ἀλλὰ
1691 2357 1704 2389 -.

1947 2346 2170 2402 ﬂumine
2201 2349 2643 2417 pertransierunt
2662 2348 2818 2418 pede.
2873 2367 2891 2401 »
2919 2346 3074 2401 Nunc
3110 2355 3290 2401 autem
3327 2360 3434 2399 non

198 2437 280 2506 τῆς
309 2436 429 2500 νέας
454 2437 549 2490 καὶ
572 2435 767 2505 καινῆς
797 2434 1035 2505 ἱστορίας
1058 2430 1492 2505 παραδεδώκασι,
1520 2434 1615 2496 τὰς
1636 2433 1699 2485 ἐα

1930 2448 2042 2494 tera
2069 2440 2322 2506 ulterius,
2356 2442 2451 2498 sed
2494 2456 2557 2497 ea
2590 2457 2711 2511 qua:
2739 2455 2935 2494 novam
2974 2448 3223 2508 spectant
3261 2438 3434 2492 histo-

198 2528 290 2581 τῶν
335 2527 559 2599 πράξεις
608 2527 1010 2598 ὑφηγούμενοι,
1064 2528 1158 2579 καὶ
1190 2526 1288 2589 τὰς
1315 2528 1393 2587 είς
1426 2526 1622 2589 αὐτοὺς
1655 2526 1702 2578 ύι

1936 2533 2294 2597 lm.tradunt,
2337 2542 2489 2603 gesta
2523 2549 2643 2599 sua,
2695 2547 2911 2587 necnon
2955 2544 2984 2583 a
3018 2528 3128 2583 Deo
3181 2530 3285 2584 sibi
3325 2528 3440 2582 eol-

199 2621 278 2674 τοῦ
305 2620 430 2675 Θεοῦ
458 2622 760 2691 γενομένας
789 2619 1125 2690 εὐεργεσίας.
1178 2620 1269 2671 Διό
1303 2635 1466 2687 φασιν
1490 2635 1503 2647 ·
1573 2638 1591 2669 ι
1621 2619 1703 2670 "0:

1934 2636 1969 2675 a
2034 2621 2297 2677 beneﬁcia
2335 2630 2646 2677 narrantes.
2672 2621 2854 2688 Quare
2887 2621 3077 2675 dicunt
3111 2636 3124 2672 :
3173 2637 3195 2670 ι
3223 2618 3438 2684 Quanta

199 2715 399 2784 ἐποίησε
433 2717 499 2785 τῇ
526 2714 676 2784 ψυχῇ
711 2730 809 2783 μου
828 2730 872 2763 Ἱ
907 2708 1035 2764 εἶτα
1058 2711 1367 2782 διηγοῦνται
1393 2710 1489 2780 τὴν
1520 2711 1699 2779 ἐπαγγ

1934 2718 1992 2767 :it
2021 2714 2217 2767 aninue
2252 2728 2417 2779 meai;
2442 2734 2460 2765 »
2496 2713 2692 2767 deinde
2726 2712 3013 2782 promissis
3067 2720 3275 2767 stantes
3314 2723 3438 2764 nar-

199 2804 303 2858 λίαν
327 2805 676 2877 πληροῦντες.
726 2806 830 2868 Τίς,
852 2803 907 2857 δὲ
939 2806 972 2873 ἡ
1004 2803 1281 2874 διήγησις;
1337 2822 1355 2855 ι
1400 2803 1543 2873 Πρὸς
1577 2802 1703 2856 αὐτὸ

1930 2807 2125 2861 tionem
2148 2806 2458 2862 ordiuntur.
2484 2808 2615 2873 Quae
2642 2807 2885 2861 narratio
2914 2806 3043 2859 illa?
3086 2824 3103 2854 ι
3127 2806 3203 2858 Ad
3235 2805 3434 2874 ipsum,

202 2898 352 2966 φησι,
392 2896 468 2968 τῷ
507 2896 736 2967 στόματί
791 2913 892 2966 μου
945 2894 1213 2965 ἐκέκραξα
1237 2935 1252 2961 ,
1315 2896 1408 2947 καὶ
1439 2893 1630 2963 ῦῲωσα
1657 2895 1706 2947 ὑῖ

1933 2898 2059 2966 1uit,
2130 2913 2224 2951 ore
2252 2914 2372 2951 meo
2404 2898 2656 2959 clamavi,
2696 2906 2751 2952 et
2813 2897 3043 2951 exaltavi
3102 2895 3205 2951 sub
3256 2896 3437 2966 lingua

203 2991 285 3059 τὴν
305 2988 548 3057 γλῶσσάν
575 3006 697 3059 μου.
728 3008 745 3039 »
795 2986 1011 3058 Ἐπειδὴ
1033 2986 1141 3057 γάρ
1168 2986 1264 3048 τὰς
1286 2989 1363 3050 είς
1391 2988 1586 3049 αὐτοὺς
1606 2986 1707 3057 εύει

1934 3003 2037 3042 ιθ.»
2083 2985 2216 3040 Nam
2254 2988 2384 3056 quia
2425 2986 2519 3042 Dei
2551 3002 2683 3056 erga
2727 3003 2785 3042 se
2828 2987 3090 3040 beneﬁcia
3147 3001 3438 3041 recensue-

204 3080 366 3148 τεσίας
407 3080 496 3134 τοῦ
530 3079 670 3133 Θεοῦ
703 3079 1180 3150 κατηριθμήσαντο
1205 3122 1217 3145 ,
1252 3078 1327 3141 ὡς
1372 3076 1708 3148 ἐπυρώθησαι

1933 3090 2007 3143 nt,
2064 3080 2341 3148 quomodo
2384 3080 2596 3134 scilicet
2646 3079 2768 3149 igne
2797 3079 3091 3132 examinati
3136 3086 3190 3131 et
3225 3077 3437 3147 probati

204 3172 265 3236 ὡς
288 3173 713 3244 ἐδοκιμάσθησαν
735 3212 749 3233 ,
782 3172 857 3234 ὡς
883 3170 1126 3242 εἰσῆλθον
1151 3171 1229 3234 εἰς
1262 3169 1362 3232 τὰς
1396 3169 1602 3239 θλίψεις
1620 3210 1634 3233 ,
1684 3169 1708 3221 ὁ

1934 3180 1994 3235 ιι,
2025 3172 2299 3241 quomodo
2326 3173 2378 3226 in
2410 3172 2673 3226 arumnis
2724 3172 2887 3240 positi
2928 3185 3023 3224 eas
3052 3169 3438 3235 sustinuerint,

206 3264 495 3334 ὑπέμειναν,
521 3265 601 3328 ὡς
622 3264 833 3334 διῆλθον
853 3263 941 3317 διὰ
965 3263 1136 3335 πυρὸς
1158 3263 1251 3316 καὶ
1274 3261 1484 3325 ῦδατος,
1508 3262 1581 3324 ὼς
1608 3261 1710 3331 agr}:

1937 3283 1969 3319 ο
2002 3273 2162 3336 pacto
2193 3265 2520 3321 transierint
2545 3280 2641 3335 per
2689 3265 2866 3335 ignem
2899 3272 2954 3317 et
3001 3278 3219 3332 aquam,
3267 3272 3322 3316 et
3356 3262 3439 3315 in-

205 3358 282 3411 θον
301 3360 372 3423 είς
396 3359 675 3431 ἀναψυχήν
695 3376 707 3387 ·
737 3359 817 3411 ὅτι
848 3358 921 3428 μὴ
951 3356 1135 3427 ἀργῶς
1159 3356 1329 3410 ταῦτα
1353 3358 1535 3419 αὐτοῖς
1562 3357 1709 3409 πάντι

1936 3361 2038 3414 essi
2073 3360 2185 3413 sint
2216 3360 2271 3412 in
2331 3357 2676 3428 refrigerium
2704 3376 2718 3423 ;
2751 3355 2897 3426 quod
2931 3370 3040 3409 non
3093 3356 3207 3408 baéc
3254 3353 3440 3408 omnia

206 3452 233 3520 ἡ
259 3451 365 3505 θεία
387 3452 684 3525 δεδώρηται
715 3453 872 3522 χάρις
896 3468 908 3479 ·
944 3449 1079 3504 ἀλλὰ
1110 3449 1218 3521 γὰρ
1243 3450 1421 3503 αὐτῶν
1449 3448 1517 3509 τὰ
1552 3447 1710 3518 μεγά]

1936 3453 1965 3507 »i
2006 3452 2209 3505 frustra
2267 3448 2453 3505 divina
2489 3450 2664 3519 gratia
2710 3450 3042 3513 contulerit;
3099 3447 3196 3502 sed
3250 3446 3440 3501 isthaec

208 3542 636 3616 συμϐαλλομένων
653 3546 733 3607 είς
747 3544 807 3595 τὸ
827 3541 1120 3613 μαρτύριον
1141 3541 1481 3596 διδάσκουσιν
1500 3542 1712 3608 ἀναγκα

1937 3544 1963 3596 υἱ
2005 3544 2240 3597 maxime
2269 3544 2337 3598 ad
2384 3543 2704 3613 martyrium
2758 3540 3089 3611 profuerint,
3129 3540 3441 3595 necessario

209 3650 286 3697 tog.
312 3636 523 3707 Πρῶτον
566 3637 667 3708 μὲν
697 3636 806 3707 γὰρ
824 3676 838 3699 ,
875 3634 1059 3704 φασὶν,
1093 3633 1348 3686 οὐδέποτε
1378 3630 1713 3702 ἁνεχωροῦμε

1935 3643 2109 3691 ocent.
2152 3633 2340 3689 Primo
2401 3634 2644 3704 quidem,
2702 3634 2877 3694 aiunt,
2937 3647 3219 3701 nunquam
3274 3630 3439 3684 ﬁnem

209 3725 464 3797 εὐχόμενοι
499 3731 595 3783 καὶ
632 3727 861 3799 βοῶντες
889 3728 1024 3797 πρὸς
1051 3726 1231 3778 αὐτόν.
1305 3725 1578 3795 Ἐῢοώμεν
1610 3725 1666 3777 δὲ
1698 3742 1713 3776 ι

1936 3728 2117 3783 ecandi
2154 3728 2336 3796 ipsum
2368 3736 2421 3781 et
2443 3726 2715 3780 clamandi
2751 3724 3000 3779 fecimus.
3036 3722 3221 3792 Neque
3259 3732 3440 3775 tamen

211 3823 397 3890 κραυγῇ
427 3822 520 3875 καὶ
546 3822 698 3891 φωνῇ
732 3817 976 3888 γεγωνῷ,
1013 3817 1124 3870 ἀλλ’
1162 3837 1179 3867 ι
1206 3817 1309 3869 ὑπὸ
1338 3816 1431 3889 τὴν
1461 3816 1710 3884 γλῶσσαν

1928 3825 1970 3870 la
2001 3824 2055 3871 et
2086 3831 2288 3870 sonora
2308 3829 2442 3870 voce
2465 3810 2975 3875 clamabamus,’sed
3017 3828 3035 3861 ι
3064 3812 3166 3865 sub
3193 3810 3432 3881 lingua,»

210 3906 321 3963 εἴσω
344 3912 650 3982 συνέχοντες
672 3909 849 3963 αὐτῶν
872 3907 968 3971 τὰς
998 3908 1146 3978 βοάς·
1175 3907 1394 3978 ᾔδειμεν
1414 3908 1540 3978 γὰρ,
1565 3909 1647 3961 ὅτι
1668 3925 1714 3959 κε

1936 3932 2011 3968 .us
2054 3916 2325 3969 clamores
2359 3920 2584 3967 nostros
2615 3908 3059 3979 comprimentes.
3099 3906 3440 3960 Noveramus

213 3998 510 4053 σιωπώντων
540 3998 727 4054 ἀκούει
755 4001 783 4051 ὁ
807 3998 961 4062 Θεὸς,
986 3997 1076 4051 καί
1104 4000 1208 4049 είσι
1236 3997 1476 4068 κραυγαὶ
1502 3997 1717 4068 ψυχῆςι

1943 4009 2067 4079 ippe
2100 4007 2268 4062 Deum
2302 4006 2387 4060 vel
2442 4010 2688 4057 tacentes
2740 4001 2954 4064 audire,
2985 4012 3219 4071 esseque
3241 3999 3442 4052 clamo-

214 4088 284 4143 διὰ
311 4092 544 4166 γλώττης
576 4092 980 4165 προφερόμεναι
1000 4132 1014 4156 ,
1046 4092 1269 4164 ἀρρήτῳ
1292 4092 1349 4144 δὲ
1376 4091 1601 4162 δυνάμει
1628 4091 1718 4163 πρί

1937 4118 2094 4158 snon
2147 4102 2335 4172 lingua
2384 4100 2481 4157 sed
2532 4108 2717 4154 mente
2774 4097 3041 4167 prolatos,
3081 4112 3145 4149 ac
3180 4093 3441 4149 ineﬂ'abili

210 4172 289 4233 τὸν
305 4183 427 4239 Θεὸν
454 4185 931 4256 ἁναπεμπόμεναι.
969 4183 1079 4238 Καὶ⁸
1104 4183 1262 4237 τοῦτό
1290 4187 1435 4237 ἐστιν
1464 4184 1492 4237 ὃ
1525 4184 1714 4249 ἐδίδαξε

1939 4203 2072 4251 rtute
2123 4196 2191 4249 ad
2240 4194 2411 4250 Deum
2462 4193 2719 4249 emissos.
2750 4220 2753 4221 ν
2783 4190 3137 4260 Idipsumque
3166 4204 3196 4243 a
3244 4187 3443 4242 Serva-

217 4274 420 4349 δΣωτὴρ
441 4278 607 4332 εἰπών
626 4297 638 4309 ·
663 4275 912 4332 ιΕἴσελθε
940 4276 1095 4339 είςτὸ
1113 4276 1357 4347 ταμιεῖόν
1375 4294 1489 4339 σου,
1509 4275 1601 4328 καὶ
1621 4275 1721 4328 κλεῐ

1936 4307 1983 4346 re
2054 4291 2284 4346 docetur
2334 4289 2421 4344 his
2479 4286 2704 4342 verbis:
2761 4283 2951 4337 «Intra
3016 4281 3072 4335 in
3128 4280 3440 4335 cubiculum

217 4379 292 4417 σον
310 4366 401 4438 τὴν
428 4369 596 4441 θύραν
626 4386 718 4422 σου
738 4410 753 4434 ,
785 4367 879 4421 καὶ
913 4365 1207 4438 πρόσευξαι
1233 4383 1246 4397 υ
1273 4366 1368 4420 καὶ
1400 4353 1433 4418 ὅ
1455 4367 1643 4437 Πατήρ
1669 4383 1721 4419 σο

1937 4399 2047 4453 ιιιη,
2078 4392 2132 4437 et
2169 4382 2357 4436 clauso
2401 4378 2546 4434 ostio
2575 4391 2671 4432 ora
2693 4356 2721 4431 ι’
2743 4382 2798 4432 et
2828 4373 2990 4428 Pater
3018 4379 3147 4427 tuus
3174 4371 3267 4441 qui
3295 4371 3441 4425 videt

218 4454 237 4506 5
264 4455 454 4525 βλέπων
482 4464 539 4514 ἐν
570 4461 649 4531 τῷ
674 4458 899 4532 κρυπτῷ
931 4459 1199 4512 ἀποδώσει
1227 4476 1328 4511 σοι.
1360 4479 1377 4509 »
1454 4458 1639 4521 Οῦτως
1667 4453 1722 4511 οὗ

1943 4475 2288 4536 abscondito,
2324 4473 2517 4528 reddet
2543 4470 2640 4525 tibi
2657 4469 2723 4525 ⁸³.
2754 4487 2774 4520 »
2804 4467 2894 4522 Sic
2909 4466 3076 4537 igitur
3104 4464 3443 4532 hieloquun-

218 4549 296 4638 καὶ
320 4551 541 4607 ἐνταῦθά
564 4569 727 4622 φασιν
744 4593 758 4617 ,
784 4553 865 4605 ὅτι
900 4570 917 4602 ι
938 4552 1081 4621 Πρὸς
1110 4551 1269 4604 αὑτὸν
1294 4550 1371 4620 τῷ
1402 4550 1626 4620 στόματί
1661 4568 1722 4621 μο

1939 4586 1957 4624 r
1999 4590 2012 4624 :
2069 4588 2086 4619 ι
2112 4568 2192 4622 Ad
2230 4569 2405 4638 ipsum
2435 4580 2531 4620 ore
2574 4577 2695 4618 meo
2741 4560 2971 4615 clamavi
2999 4565 3053 4613 et
3078 4556 3311 4612 exaltavi
3340 4555 3443 4611 sub

218 4637 461 4713 ἐκέκραξα
486 4647 579 4699 καὶ
604 4645 796 4715 ῦψωσα
827 4644 930 4698 ὑπὸ
953 4643 1051 4714 τὴν
1073 4642 1323 4712 γλῶσσάν
1349 4660 1470 4713 μου·
1499 4662 1517 4693 »
1547 4644 1685 4697 κατὰ
1707 4644 1722 4696 ί

1939 4677 2050 4733 igua
2094 4675 2214 4716 mea
2235 4637 2264 4727 ;7
2303 4679 2321 4711 »
2349 4657 2649 4715 secundum
2686 4652 3071 4725 Symmachum
3095 4664 3226 4703 vero
3257 4667 3269 4702 :
3310 4666 3328 4698 ι
3358 4646 3443 4717 lp-

220 4728 295 4781 τὸν
322 4734 620 4809 Σύμμαχον,
651 4758 669 4789 ι
690 4738 1057 4808 Αύτὸν,1φασὶ
1077 4778 1090 4800 ,
1130 4736 1208 4807 τῷ
1238 4736 1465 4807 στόματί
1503 4753 1603 4805 μου
1633 4737 1724 4787 ἐπε

1940 4773 2012 4817 m,
2065 4755 2252 4817 aiunt,
2298 4768 2395 4807 ore
2449 4764 2572 4805 meo
2626 4744 2908 4807 invocavi,
2952 4751 3006 4799 et
3076 4741 3311 4796 exaltata
3358 4746 3444 4793 est

218 4823 521 4900 καλεσάμην,
571 4832 664 4885 καὶ
691 4830 878 4902 ὑψώθη
912 4831 1251 4900 παραχρῆμα
1284 4831 1317 4900 ἡ
1352 4827 1573 4896 γλῶσσά
1603 4846 1722 4899 μου.

1940 4847 2161 4903 nfestim
2203 4846 2386 4899 anima
2439 4857 2616 4897 mea.»
2673 4837 2785 4893 Sed
2832 4852 2944 4892 non
2978 4842 3189 4889 tantum
3239 4832 3443 4886 oratio-

230 4913 346 4969 Ἀλλ’
368 4921 423 4973 οὐ
452 4924 604 4992 μόνον
631 4926 751 4988 ταῖς
771 4924 956 4993 εὐχαῖς
979 4922 1340 4993 ἐσχολάζομεν
1362 4922 1456 4975 καὶ
1481 4924 1600 4984 ταῖς
1630 4921 1734 4993 πρὸ

1937 4942 2056 5002 bus,
2138 4936 2396 5008 precibus
2455 4940 2510 4988 et
2568 4926 3065 5000 supplicationibus
3141 4922 3210 4978 ad
3271 4920 3441 4976 Deum

220 5006 295 5059 τὸν
319 5011 438 5067 Θεὸν
466 5017 678 5089 δεήσεσι
710 5017 803 5071 καὶ
836 5016 1135 5087 ἱκετηρίαις
1155 5032 1167 5044 '
1193 5015 1329 5070 ἀλλὰ
1355 5016 1450 5070 καὶ
1473 5017 1651 5087 ἔργοις
1672 5016 1724 5067 at‘

1937 5031 2087 5086 iissis
2111 5006 2457 5090 vacavimus;
2490 5021 2586 5078 sed
2619 5020 2754 5091 ipsis
2801 5017 3063 5087 operibus
3101 5013 3441 5083 iniquitatem

222 5104 315 5165 τοῖς
338 5106 780 5181 ἀπεστρέφόμεθα
812 5110 908 5180 μὲν
938 5111 1116 5163 πᾶσαν
1145 5109 1378 5173 ἀδικίαν,
1402 5109 1478 5171 ώς
1505 5108 1638 5179 μηδέ
1668 5109 1726 5176 ἐμ

1936 5137 2085 5177 linem
2118 5118 2363 5175 aversati.
2387 5129 2611 5180 sumus;
2654 5112 2727 5165 ita
2782 5115 2844 5163 ut
2888 5123 2957 5161 ne
3002 5104 3221 5175 quidem
3262 5100 3440 5170 respi-

224 5188 413 5249 6λέπειν
434 5202 564 5273 αὐτῇ
584 5202 806 5265 ἐθέλειν,
830 5201 863 5272 ἦ
886 5201 977 5255 καὶ
1000 5200 1076 5270 τῷ
1100 5200 1175 5271 νῷ
1201 5199 1549 5270 ἐνθυμεῖσθαί
1574 5217 1626 5251 τι
1654 5197 1728 5251 ἄδι

1938 5230 1994 5269 re
2046 5214 2195 5267 illam
2236 5208 2597 5270 voluerimus,
2631 5211 2725 5258 aut
2770 5200 3047 5271 quidpiam
3082 5199 3327 5266 iniquum
3358 5194 3442 5248 vel

350 5286 407 5340 Εί
427 5291 526 5364 γάρ
552 5309 605 5345 τι
624 5293 861 5346 τοιοῦτον
887 5291 1225 5362 ἐνενοοῦμεν,
1254 5291 1362 5344 οὐδ’
1389 5289 1728 5344 εἰσακούεσθσ

1935 5309 2055 5362 limo
2084 5305 2350 5375 cogitare.
2390 5298 2523 5352 Nam
2562 5298 2606 5352 si
2636 5296 2770 5366 quid
2804 5293 2982 5348 simile
3020 5291 3439 5361 cogitassemus,

224 5366 425 5467 ἄξωξᾶν
454 5376 610 5452 ἦμεψ
640 5383 720 5435 διό
747 5399 909 5450 φασιν
928 5400 940 5413 ·
1004 5402 1023 5434 ί
1061 5383 1297 5436 Ἀδικίαν
1326 5383 1373 5435 εί
1408 5380 1679 5451 ἐθεώρουν
1710 5380 1728 5433 ἐ

1937 5416 1987 5453 »n
2019 5398 2169 5467 digni
2213 5407 2433 5449 eramus
2479 5392 2571 5461 qui
2619 5386 3028 5445 exaudiremur.
3080 5380 3441 5451 Quamobrem

228 5464 396 5556 καρδίᾳ
422 5487 515 5539 μου
535 5512 549 5537 ν
586 5475 659 5545 μὴ
688 5474 1055 5528 είσακουσάτω
1090 5473 1309 5545 Κύριος.
1339 5493 1356 5524 »
1407 5472 1558 5525 Ἐπεὶ
1591 5471 1732 5525 τοίνυ

1946 5500 2024 5545 mt
2054 5464 2125 5544 ιν(
2153 5486 2497 5556 lniquitatem
2532 5486 2579 5540 si
2623 5482 2808 5552 aspexi
2846 5482 2899 5535 in
2947 5477 3113 5535 corde
3152 5489 3295 5537 meo,
3331 5486 3447 5554 nop-

228 5554 308 5606 καὶ
330 5559 419 5630 τὴν
443 5564 675 5620 διάνοιαν
705 5566 958 5640 τοιαύτην
989 5564 1100 5639 εἶχε
1127 5569 1218 5621 καὶ
1265 5567 1363 5630 τὰς
1397 5567 1560 5637 εὐχὰς
1583 5566 1732 5620 τοιαύ

1943 5584 2131 5639 audiat
2160 5554 2482 5635 Dominus.»
2543 5576 2682 5643 Quia
2715 5590 2847 5645 ergo
2891 5572 2987 5628 tali
3022 5574 3201 5626 mente
3243 5561 3446 5638 pradi-

1779 5675 1857 5687 ἡ.-

290 5738 332 5775 ⁸³
360 5740 536 5802 Matth.
573 5764 643 5813 vi,
669 5748 719 5803 6.
