3808 6280
400 300 497 356 ϐἩ
1056 296 1326 354 EUSEBII
1366 296 1849 355 CAESARIENSIS
1890 297 2047 354 OPP.
2092 298 2275 357 PARS
2312 298 2403 357 lll.
2433 329 2498 343 —-
2537 295 2947 354 EXEGETICA.
3516 297 3598 348 672

399 428 490 476 tus
519 418 655 474 tales
691 416 972 473 orationes
1008 415 1288 484 fundebat,
1319 417 1444 486 jure
1495 418 1627 473 dicit
1658 437 1676 469 ‹
1706 417 1957 488 Propter-

2064 436 2163 483 τας
2197 418 2535 491 ἀνέπεμπεν,
2590 418 2812 482 είκότως
2843 416 2999 487 φησί·
3038 433 3057 466 ι
3080 412 3178 468 Διά
3205 411 3362 467 τοῦτο
3385 413 3600 482 εἰσήκου-

399 526 462 567 ea
500 511 775 566 exaudivit
825 509 990 576 Deus,
1036 518 1090 566 et
1137 511 1370 566 attendit
1399 511 1521 566 voci
1558 510 1962 580 deprecationis

400 618 584 658 mere.»
644 601 709 656 Et
745 603 858 656 bare
909 603 964 656 in
997 617 1165 659 causa
1200 609 1355 658 erant
1405 617 1505 656 cur
1559 603 1700 658 Deus
1733 610 1855 672 post
1883 609 1965 656 tot

398 693 750 758 tentationes,
783 693 1036 749 eduxerit
1065 709 1166 748 nos
1201 696 1257 748 in
1292 693 1658 765 refrigerium.
1695 692 1803 747 Pro
1839 693 1963 763 qui-

396 788 497 841 bus
526 785 782 840 omnibus
809 785 1051 840 debitum
1084 786 1384 856 gratiarum
1437 786 1673 840 actionis
1699 785 1964 856 hymnum

399 873 510 929 Deo
541 875 880 940 emittentes,
919 883 1093 929 totum
1144 891 1454 931 sermonem
1500 876 1605 930 hoc
1651 891 1751 931 ceu
1787 875 1967 946 sigillo

396 967 772 1022 concludunt:
829 986 846 1019 ι
875 968 1205 1024 Benedictus
1251 968 1415 1034 Deus,
1469 969 1563 1039 qui
1605 984 1715 1024 non
1761 969 1966 1022 amovit

394 1062 700 1116 orationem
737 1077 910 1117 meam
942 1070 997 1117 et
1056 1063 1492 1118 misericordiam
1543 1078 1698 1118 suam
1739 1077 1770 1116 a
1819 1077 1959 1117 me.»

395 1155 520 1210 Haec
547 1169 714 1224 porro
756 1155 940 1209 omnia
966 1155 1168 1210 chorus
1197 1156 1532 1225 apostolicus
1562 1171 1629 1211 ex
1657 1155 1819 1211 unius
1843 1170 1966 1224 pere

393 1262 550 1312 sena,
577 1248 1041 1311 benedictionem,
1087 1246 1304 1301 laudem
1359 1254 1414 1302 et
1471 1248 1769 1318 gratiarum
1797 1247 1966 1300 actio-

393 1351 513 1390 nem
545 1351 644 1405 pro
691 1337 949 1391 omnibus
995 1352 1162 1406 supra
1213 1338 1528 1392 memoratis
1564 1335 1674 1392 Deo
1707 1335 1964 1403 oﬂ‘erens,

2067 527 2156 563 σεν
2182 511 2210 562 6
2241 509 2370 574 Θεὸς
2397 510 2491 563 καὶ
2524 508 2792 582 προσέσχε
2813 509 2878 576 τῇ
2908 507 3056 576 φωνῇ
3083 504 3182 575 τῆς
3204 502 3438 574 δεήσεως
3462 502 3597 573 μου.»

2072 603 2182 657 Καὶ
2200 601 2369 656 ταῦτα
2398 597 2466 674 ἦν
2498 600 2566 655 τὰ
2599 600 2748 654 αἴτια
2778 600 2842 653 δι’
2867 600 2902 654 ὃ.
2926 597 3192 668 ἐξήγαγεν
3222 598 3372 667 ἡμᾶς
3399 597 3474 659 είς
3495 597 3604 650 ἀναο

2063 695 2238 767 ψυχὴν
2260 695 2396 766 μετά
2415 696 2538 758 τοὺς
2556 692 2842 756 τοσούτους
2863 689 3216 763 πειρασμούς.
3258 688 3373 758 Ἐφ’
3391 683 3467 752 οἷς
3488 689 3604 744 ᾶπα-

2066 805 2119 841 σι
2148 788 2237 841 τὸν
2267 786 2608 857 ὀφειλόμενον
2636 785 3048 857 εὐχαριστήριον
3092 782 3256 854 ὕμνον
3284 781 3601 852 ἀναπέμπον-

2064 898 2154 944 τες
2186 879 2262 950 τῷ
2291 879 2428 950 Θεῷ,
2458 878 2874 950 ὲπισφράγισμα
2901 875 2995 928 τοῦ
3026 875 3222 938 παντὸς
3248 873 3519 927 ποιοῦνται
3536 873 3603 926 λό-

2066 989 2162 1040 γου
2194 973 2492 1042 φάσκοντες
2511 989 2524 1001 ο
2555 990 2574 1023 ι
2597 969 2899 1042 Εὐλογητὸς
2923 971 2950 1022 6
2981 968 3130 1031 Θεὸς,
3159 966 3220 1030 ὃς
3244 966 3345 1019 οὐκ
3370 966 3604 1036 ἀπέστρε-

2063 1065 2132 1135 ψε
2155 1065 2252 1136 τὴν
2277 1064 2582 1137 προσευχήν
2609 1081 2728 1135 μου,
2779 1062 2953 1117 καὶτὸ
2976 1061 3119 1124 ἕλεος
3142 1059 3308 1114 αὐτοῦ
3329 1061 3419 1112 ἀπ’
3440 1059 3598 1129 ὲμοῦ.ι

2065 1158 2245 1212 Ταῦτα
2271 1158 2333 1211 δὲ
2352 1157 2526 1211 πάντα
2556 1159 2584 1209 6
2611 1157 2769 1228 χορὸς
2800 1157 2828 1208 6
2860 1155 3210 1218 ἀποστολικὸς
3232 1152 3293 1218 ἐξ
3317 1153 3432 1215 ἐνὸς
3461 1169 3602 1222 xpos-

2066 1251 2212 1304 ὡπου
2257 1250 2396 1322 μετά
2431 1245 2636 1312 πάντας
2685 1250 2810 1313 τοὺς
2861 1246 3251 1320 προλεχθέντας
3301 1246 3484 1313 λόγους
3525 1247 3604 1297 ἐπ-

2066 1344 2452 1415 εσφραγίσατο,
2481 1341 2726 1410 εὐλογίαν
2752 1342 2845 1395 καὶ
2865 1339 3166 1408 δοξολογίαν
3183 1339 3276 1390 καὶ
3292 1337 3603 1409 εὐχαριστίαν

2065 1437 2160 1488 ἐπὶ
2195 1437 2326 1488 πᾶσι
2366 1437 2476 1498 τοῖς
2510 1432 2880 1505 προλεχθεῖσιν
2914 1431 3253 1502 ἀναπέμπων
3286 1428 3363 1499 τῷ
3387 1428 3516 1499 Θεῷ.

392 1543 442 1595 1.
495 1541 562 1596 ΙΝ
603 1541 824 1596 FINEM
873 1541 939 1596 IN
979 1542 1248 1668 HYIEQIVSI
1302 1542 1627 1600 PSALMUS
1658 1542 1956 1599 CANTICI.

2066 1548 2117 1601 1.
2157 1545 2266 1598 ΕΙΣ
2299 1545 2385 1598 ΤΟ
2414 1544 2634 1599 ΤΕΛΟΣ
2676 1544 2768 1598 ΕΝ
2790 1539 3064 1680 χέςΝΟιΣ
3104 1538 3396 1593 ΨΑΛΜΟΣ
3430 1537 3601 1607 ῼΛΗΣ.

459 1727 626 1782 Vens.
657 1728 711 1791 2,
745 1729 799 1784 5.
842 1727 1024 1783 «Deus
1058 1728 1386 1784 misereatur
1403 1728 1577 1782 nostri
1600 1737 1654 1782 et
1680 1727 1957 1782 benedicat

2141 1751 2160 1782 ‹
2183 1731 2239 1784 Ὀ
2261 1731 2390 1794 Θεὸς
2410 1730 2743 1802 οίκτειρήσαι
2763 1727 3012 1798 ἡμᾶςκαὶ
3033 1726 3224 1796 εὐλογή
3234 1743 3321 1778 σαι
3337 1725 3495 1796 ἡμᾶς,
3511 1726 3603 1776 ἐπι-

389 1820 568 1883 nobis,
588 1821 856 1876 illuminet
869 1822 1074 1875 vultum
1090 1837 1245 1877 suum
1262 1836 1559 1891 supernos,
1572 1829 1627 1876 et
1642 1821 1957 1876 misereatur

2068 1822 2229 1890 φάναι
2252 1823 2310 1875 τὸ
2333 1800 2619 1894 πρόσωπον
2637 1800 2799 1873 αὐτοῦ
2819 1820 2900 1887 ἐφ’
2915 1819 3063 1889 ἡμᾶς
3079 1819 3172 1870 καὶ
3188 1815 3406 1887 ὲλεήσαι
3430 1815 3598 1885 ἡμᾶς.»

387 1911 617 1966 nostri.)
661 1910 910 1967 Praesens
939 1928 1157 1982 quoque
1175 1912 1438 1982 psalmus,
1463 1911 1809 1981 evangelicus
1837 1926 1957 1966 cum

2062 1914 2171 1966 Kal.
2202 1916 2230 1966 6
2259 1911 2446 1984 παρὼν
2471 1911 2682 1982 ψαλμὸς
2708 1909 3058 1980 εὐαγγελικὸς
3081 1907 3176 1973 ὣν,
3209 1908 3307 1978 τῆς
3333 1906 3493 1976 αὐτῆς
3511 1905 3605 1975 ἕχε-

386 2002 480 2067 sit,
533 2002 709 2058 eidem
755 2019 820 2058 ac
867 2003 1182 2076 praecedens
1222 2007 1389 2060 hairet
1438 2004 1754 2069 sententias;
1791 2017 1957 2073 quare

2063 2023 2148 2058 ται
2181 2003 2256 2075 τῷ
2286 2003 2391 2075 πρὸ
2419 2002 2582 2056 αὐτοῦ
2616 2001 2885 2063 διανοίας
2929 1999 3115 2070 διόπερ
3166 2017 3184 2049 ι
3209 1999 3288 2061 εἰς
3329 1997 3393 2050 τὸ
3438 1996 3600 2057 τέλος»

393 2096 508 2150 «ad
563 2096 721 2151 ﬁnem
753 2116 770 2148 ι
809 2105 863 2150 et
915 2097 1032 2166 ipse
1089 2098 1352 2162 remittit,
1413 2104 1577 2165 atque
1642 2095 1957 2150 «canticum

2062 2095 2415 2165 παραπέμπει
2444 2093 2538 2145 καὶ
2564 2092 2724 2154 αὐτὸς
2750 2131 2764 2156 ,
2801 2109 2820 2142 ι
2839 2089 2948 2161 ᾠδὴ
2976 2108 2994 2141 ι
3032 2105 3091 2142 τε
3124 2107 3141 2141 ι
3163 2086 3409 2159 ψαλμοῦ»
3448 2086 3606 2154 ἐπιγέ-

386 2185 582 2254 psalmi
605 2206 622 2237 ›
657 2185 1012 2253 inscribitur;
1045 2188 1173 2256 quia
1205 2187 1295 2242 ille
1318 2202 1538 2258 quoque
1564 2187 1808 2256 psalmus
1837 2199 1957 2240 can-

2062 2203 2306 2259 γραπται
2329 2199 2344 2214 ⁸
2378 2184 2498 2238 ἐπεὶ
2526 2185 2773 2245 κάκεῖνος
2797 2182 3009 2253 ψαλμὸς
3035 2181 3173 2252 ᾠδῆς
3218 2181 3432 2249 ἐλέγετε
3471 2175 3602 2233 εἶναι.

385 2277 479 2330 tici
513 2292 636 2332 esse
664 2277 971 2332 dicebatur.
1015 2277 1278 2334 Fortasse
1305 2293 1437 2333 vero
1479 2277 1602 2333 ideo
1643 2287 1834 2333 neuter
1865 2292 1957 2332 eo-

2062 2280 2287 2350 Μήποτε
2324 2278 2380 2331 δὲ
2415 2278 2474 2330 τὸ
2508 2277 2652 2339 τίνος
2684 2271 2789 2329 εἷεν
2813 2275 2958 2344 λόγοι
2984 2275 3263 2347 οὐδέτερος
3285 2273 3456 2327 αὐτῶν
3475 2275 3527 2325 ἐν
3549 2275 3602 2345 τῇ

386 2383 509 2421 rum
538 2368 699 2438 cujus
756 2371 868 2423 sint
920 2386 1203 2426 sermones
1241 2371 1292 2424 in
1329 2371 1487 2424 titulo
1519 2371 1783 2433 declarat,
1814 2369 1957 2440 quod

2062 2372 2351 2442 προγραφῇ
2385 2369 2676 2440 παρίστησι
2701 2369 2789 2421 διὰ
2813 2369 2872 2421 τὸ
2905 2367 3130 2438 ἐναργὲς
3157 2366 3263 2418 τῶν
3288 2363 3603 2436 προφητικῧς

385 2459 742 2515 manifestum
796 2461 868 2514 sit
911 2476 1162 2530 quaenam
1196 2476 1444 2531 personae
1493 2462 1548 2515 in
1604 2469 1837 2530 utroque
1883 2461 1957 2513 lo-

2062 2465 2399 2534 είσηγμένων
2449 2465 2507 2516 ὲν
2540 2464 2722 2524 αὐτοῖς
2755 2458 3074 2532 προσώπων.
3140 2460 3202 2513 Oi
3237 2459 3467 2530 κήρυκες
3497 2455 3604 2525 γοῦν

386 2559 619 2621 quentes
648 2551 999 2607 inducantur.
1025 2552 1238 2607 Etenim
1261 2554 1502 2623 gentium
1530 2568 1830 2623 praecones,
1850 2553 1957 2607 sive

2062 2555 2167 2608 τῶν
2194 2555 2360 2608 ἐθνῶν
2379 2594 2393 2620 ,
2427 2555 2477 2608 οἱ
2506 2555 2789 2608 ἀπόστολοι
2817 2554 3014 2626 δηλαδὴ
3048 2553 3140 2606 τοῦ
3175 2553 3424 2623 Σωτῆρος
3450 2550 3602 2620 ἡμῶν,

332 2637 336 2641 ’
384 2643 620 2711 apostoli
673 2641 983 2701 Servatoris
1026 2646 1225 2708 nostri,
1290 2647 1347 2700 in
1389 2653 1623 2716 utroque
1669 2661 1957 2701 assumun-

2062 2650 2116 2701 ὲν
2152 2648 2395 2720 ἑκατέρῳ
2427 2647 2868 2721 παρελήφθησαν.
2901 2645 3106 2699 Αὐτίκα
3136 2645 3268 2713 γοῦν
3298 2646 3388 2696 καὶ
3416 2643 3493 2696 διὰ
3514 2641 3604 2695 τῶν

391 2742 506 2786 tur.
567 2731 669 2798 Qui
703 2736 886 2787 statim
921 2736 988 2790 ab
1009 2737 1238 2791 exordio
1267 2737 1322 2791 in
1350 2738 1602 2807 praesenti
1632 2738 1844 2806 psalmo
1865 2753 1957 2792 nec

2062 2741 2434 2812 προκειμένων
2463 2740 2790 2804 ἀκαλύπτως
2824 2738 3120 2793 ἀναϐοῶσιν
3158 2741 3214 2791 ὲν
3247 2740 3311 2808 τῇ
3347 2740 3414 2808 γῇ
3447 2736 3528 2790 καὶ
3553 2737 3605 2788 ἐν

385 2825 604 2879 occulte
637 2826 943 2880 acclamant
972 2828 1025 2882 in
1056 2838 1200 2882 terra
1231 2835 1285 2884 et
1327 2828 1382 2882 in
1429 2830 1685 2884 omnibus
1709 2829 1957 2899 gentibus

2063 2834 2196 2886 πᾶσι
2215 2835 2326 2896 τοῖς
2349 2832 2525 2887 ἔθνεσι
2543 2833 2602 2886 τό
2623 2850 2681 2885 τε
2705 2833 2968 2904 σωτήριον
2988 2830 3080 2883 τοῦ
3097 2829 3230 2883 Θεοῦ
3252 2870 3265 2894 ,
3289 2831 3382 2883 καὶ
3400 2829 3488 2900 τὴν
3505 2827 3602 2880 ὁδὸν

384 2916 625 2972 salutare
683 2917 801 2985 Dei,
859 2927 915 2973 et
981 2920 1127 2973 viam
1188 2919 1309 2989 ejus
1358 2922 1618 2991 cognosci
1651 2928 1957 2990 precantes,

2063 2923 2224 2977 αὐτοῦ
2253 2923 2559 2994 γνωσθῆναι
2581 2924 2893 2995 εὐχόμενοι·
2918 2919 3016 2976 εἷθ’
3037 2921 3192 2990 ἑξῆς·
3234 2941 3253 2973 ι
3289 2920 3604 2991 Ἐξομολογη-

383 3004 577 3060 deinde
601 3006 788 3062 aiunt:
827 3027 845 3058 ι
869 3007 1248 3063 Conﬁteantur
1275 3009 1373 3063 tibi
1400 3011 1608 3079 populi,
1641 3008 1804 3070 Deus,
1833 3026 1957 3064 con-

2063 3017 2347 3071 σάσθωσάν
2376 3035 2456 3070 σοι
2486 3017 2603 3071 λαοὶ
2623 3059 2636 3082 ,
2685 3021 2712 3070 6
2743 3017 2874 3080 Θεὸς
2893 3056 2906 3079 ,
2944 3014 3512 3086 ὲξομολογησὰσθωσάν
3537 3030 3600 3065 σοι

384 3094 641 3151 ﬁteantur
669 3098 768 3152 tibi
823 3101 1008 3169 populi
1038 3115 1254 3156 omnes.
1300 3099 1579 3155 Laetentur
1603 3111 1655 3156 et
1686 3103 1957 3156 exsultent

2062 3109 2180 3164 λαοὶ
2233 3111 2450 3174 πάντες.
2529 3109 3001 3182 Εὐφρανθήτωσαν
3051 3110 3144 3161 καὶ
3195 3106 3601 3175 ἀγαλλιάσθωσαν

383 3195 628 3259 gentes.)
672 3189 845 3254 Quem
879 3206 1186 3247 sermonem
1220 3192 1465 3247 secundo
1496 3193 1563 3248 ad
1596 3193 1840 3247 vaticinii
1869 3194 1957 3247 lir-

2062 3204 2206 3273 ἔθνη.
2225 3222 2242 3254 ›
2276 3201 2385 3254 Καὶ
2411 3168 2564 3265 αὖθις
2598 3168 2910 3272 δεύτερόῦσι
2938 3200 3029 3252 τὸν
3057 3199 3213 3266 λόγον
3244 3168 3326 3261 είς
3355 3196 3601 3267 βεϐαίωσιν

382 3281 627 3337 mitatem
682 3290 961 3351 repetunt.
1004 3283 1222 3340 Chorus
1251 3285 1418 3356 igitur
1457 3287 1814 3356 apostolicus,
1865 3287 1957 3357 qui

2062 3294 2166 3346 τῶν
2195 3291 2623 3363 θεσπιζομένων.
2670 3291 2727 3346 Ὀ
2756 3289 2914 3362 χορὸς
2947 3288 3121 3342 τοίνυν
3154 3291 3183 3341 ό
3210 3285 3602 3349 ἀποστολικὸς,5

384 3374 539 3444 prius
563 3374 804 3430 dixerat:
832 3395 849 3427 ι
896 3373 1132 3432 Jubilate
1176 3377 1308 3441 Deo,
1345 3378 1525 3434 omnis
1571 3379 1811 3445 terra“;
1840 3398 1856 3430 ι
1905 3387 1957 3435 et

2062 3385 2146 3437 διὰ
2165 3384 2274 3438 τῶν
2294 3383 2600 3454 ἔμπροσθεν
2619 3381 2871 3453 εἰρηκώς·
2897 3400 2915 3433 ‹
2937 3378 3263 3443 Ἀλαλάξατε
3279 3377 3358 3449 τῷ
3373 3377 3500 3448 Θεῷ,
3523 3376 3604 3429 πᾶ-

388 3482 644 3523 rursum:
689 3487 707 3518 ι
735 3467 926 3523 Omnis
957 3477 1103 3524 terra
1135 3470 1327 3526 adoret
1372 3478 1426 3525 te
1441 3471 1520 3538 3“;
1547 3489 1564 3522 ι
1605 3472 1954 3542 iterumque:

2062 3479 2173 3546 σαὴ
2192 3476 2264 3546 γῆ
2281 3493 2293 3506 ·
2310 3496 2327 3526 ι
2358 3475 2451 3529 καὶ⁸
2470 3471 2626 3537 αὖθις
2643 3491 2656 3504 ”
2683 3493 2700 3524 ι
2723 3475 2927 3542 Πᾶσαὴ
2948 3472 3019 3542 γῆ
3037 3471 3598 3542 προσκυνησάτωσανί

390 3575 410 3610 ι
437 3557 770 3626 Benedicite,
805 3571 1016 3631 gentes.
1048 3560 1220 3617 Deum
1269 3570 1522 3618 nostrum
1543 3563 1620 3632 ⁸⁶;
1650 3582 1668 3615 ι
1713 3565 1768 3618 in
1811 3580 1957 3635 pra:-

2062 3569 2153 3622 xal.
2179 3567 2356 3621 πάλιν·
2389 3585 2405 3617 ι
2433 3565 2742 3634 Εὐλογείτε,
2764 3564 2912 3636 ἔθνη,
2933 3563 3022 3617 τὸν
3045 3562 3176 3616 Θεὸν
3203 3563 3236 3633 ἡ
3246 3561 3361 3633 μῶν
3381 3579 3393 3593 ·
3422 3581 3438 3612 ι
3462 3561 3541 3615 καὶ
3558 3561 3604 3612 έν

380 3650 524 3706 senti
571 3652 785 3722 psalmo
819 3653 1097 3718 similiter,
1139 3655 1581 3711 animadverteris
1616 3671 1815 3727 magno
1851 3657 1957 3711 sibi

2062 3658 2135 3730 τῷ
2165 3657 2304 3729 μετά
2332 3660 2517 3730 χεῖρας
2545 3657 2762 3728 ὁμοίως,
2788 3655 2949 3727 ὁρῶν,
2967 3655 3047 3707 ὅτι
3075 3653 3279 3722 πολλῆς
3310 3653 3471 3706 δεῖται
3504 3668 3604 3704 suv-

377 3758 519 3813 opus
566 3759 692 3800 esse
749 3745 817 3800 ad
879 3744 1121 3802 faustum
1173 3749 1502 3819 evangelicae
1551 3749 1957 3820 praedicationis

2062 3751 2246 3824 εργίας
2274 3751 2408 3804 Θεοῦ
2442 3752 2520 3814 είς
2563 3749 2896 3822 κατόρθωσιν
2937 3745 3029 3800 τοῦ
3079 3745 3430 3814 εὐαγγελικοῦ
3462 3742 3602 3815 κηρὺ-

377 3835 584 3889 exitum
620 3834 712 3891 Dei
747 3837 972 3902 auxilio,
1011 3838 1168 3908 quasi
1211 3839 1316 3893 sibi
1367 3840 1670 3895 accinendo
1715 3840 1796 3895 sic
1829 3856 1955 3910 pre-

2062 3859 2288 3911 γματος,
2306 3841 2495 3913 ὥσπερ
2517 3840 2832 3912 κατεπᾴδων
2855 3838 3027 3910 ἐαυτῷ
3047 3839 3112 3892 δι’
3133 3838 3302 3907 εὐχῆς
3323 3854 3500 3907 φησιν·
3527 3855 3542 3886 ι
3559 3835 3603 3886 Ὁ

378 3934 566 3980 catur:
607 3944 625 3978 ι
649 3929 792 3983 Deus
821 3930 1145 3985 misereatur
1177 3931 1352 3985 nostri
1384 3931 1745 3987 etbenedicat
1774 3933 1957 3996 nobis,

2062 3935 2187 3997 Θεὸς
2207 3935 2546 4005 οἰκτειρήσαι
2568 3935 2716 4004 ἡμᾶς
2737 3934 2831 3985 καὶ
2859 3931 3144 4002 εὐλογῆσαι
3173 3932 3352 4000 ἡμᾶς,
3380 3927 3604 3997 ἐπιφᾶναι

377 4017 653 4073 illuminet
685 4020 898 4074 vultum
939 4037 1100 4077 suum
1134 4037 1302 4093 super
1342 4039 1467 4090 nos,
1525 4033 1579 4080 et
1627 4026 1957 4080 misereatur

2062 4025 2119 4077 τὸ
2151 4023 2441 4094 πρόσωπον
2469 4023 2632 4077 αὐτοῦ
2679 4025 2763 4092 ἐφ’
2796 4023 2942 4092 ἡμᾶς
2967 4063 2981 4087 ,
3013 4021 3107 4074 καὶ
3154 4021 3374 4091 ἐλεῆσαι
3425 4019 3600 4090 ἡμᾶς.»

331 4109 613 4184 έηοςῐτί.»
692 4110 804 4167 Nos
847 4114 1051 4184 quippe
1109 4115 1247 4169 nihil
1305 4115 1545 4170 dicimus
1603 4131 1751 4180 esse,
1817 4115 1957 4169 nihil

2071 4115 2260 4185 Ἡμεῖς
2293 4114 2392 4185 μὲν
2425 4113 2532 4185 γὰρ
2562 4115 2784 4176 ἑαυτοὺς
2823 4113 2886 4165 τὸ
2922 4113 3088 4184 μηθὲν
3129 4107 3268 4165 εἷναί
3301 4128 3501 4182 φαμεν,
3533 4108 3607 4161 καὶ

323 4175 339 4201 ί
379 4215 543 4270 posse
572 4201 825 4269 fatemur,
861 4220 986 4258 cum
1021 4204 1158 4260 viles
1184 4206 1460 4272 homines,
1503 4208 1802 4278 simplices,
1829 4221 1957 4277 pau-

2062 4207 2119 4260 τὸ
2141 4175 2321 4278 ’μηδὲν
2345 4175 2600 4261 δύνασθαι
2625 4175 3027 4276 ὁμολογοῦμεν,
3060 4205 3296 4269 εὐτελεῖς
3313 4175 3325 4181 ⁷
3348 4175 3490 4268 ὄντες
3531 4203 3608 4255 καὶ

379 4308 537 4364 peres
564 4304 618 4349 et
633 4296 915 4351 hominum
943 4300 1207 4367 postremi
1240 4300 1435 4355 simus.
1467 4299 1588 4370 Ipse
1617 4315 1746 4354 vero
1780 4299 1948 4363 Deus,

2063 4299 2268 4353 ἰδιῶται
2291 4339 2306 4365 ,
2339 4298 2572 4378 πένητές
2596 4317 2657 4352 τε
2691 4299 2785 4352 καὶ
2817 4298 3033 4351 πάντων
3060 4298 3278 4369 ἔσχατοι
3304 4296 3604 4370 ἀνθρώπων·

378 4389 472 4460 qui
507 4404 608 4444 nos
638 4390 692 4443 in
724 4389 916 4446 salutis
947 4391 1187 4460 gentium
1215 4392 1498 4448 ministros
1531 4391 1755 4462 adlegit,
1782 4393 1957 4461 primo

2062 4391 2220 4454 αὐτὸς
2237 4391 2293 4444 δὲ
2312 4393 2340 4443 6
2355 4390 2486 4455 Θεὸς
2507 4390 2790 4462 βουληθεὶς
2812 4393 2958 4462 ἡμᾶς
2975 4389 3252 4461 ὑπηρέτας
3271 4389 3512 4458 γενέσθαι
3528 4389 3609 4456 τῆς

379 4480 596 4550 quidem
647 4480 976 4535 misereatur
1008 4482 1205 4545 nostri,
1245 4491 1447 4537 nostrae
1477 4484 1691 4538 scilicet
1720 4483 1953 4536 inﬁrmi—

2062 4483 2164 4537 τῶν
2185 4483 2352 4537 ἐθνῶν
2377 4484 2667 4556 σωτηρίας,
2694 4482 2910 4555 πρῶτον
2939 4483 3035 4554 μὲν
3057 4484 3446 4552 οἰκτειρήσειεν
3468 4481 3607 4552 ἡμᾶς,

377 4572 507 4627 tatis
561 4572 1043 4627 commiseratione
1093 4581 1419 4642 moveatur;
1471 4573 1670 4629 deinde
1739 4573 1949 4644 aliquid

2062 4569 2237 4626 οἶκτον
2265 4572 2420 4644 ἡμῶν
2450 4571 2627 4625 λαϐὼν
2653 4573 2752 4643 τῆς
2779 4573 3062 4638 ἀσθενείας
3083 4590 3096 4603 ο
3151 4569 3268 4626 εἶτα
3299 4572 3542 4642 προσθείη
3565 4586 3608 4621 τι

391 1436 516 1500 post
545 1438 626 1484 tot
655 1430 899 1498 prolatos
930 1445 1214 1485 sermones
1243 1431 1578 1500 obsignavit.

380 4663 602 4733 adjiciat
629 4665 775 4735 quod
803 4665 1121 4722 confurtare
1161 4668 1366 4733 valeat;
1410 4667 1464 4722 id
1495 4675 1599 4728 est,
1645 4674 1703 4721 ut
1733 4667 1954 4722 benedi-

378 4763 467 4809 eat
493 4756 674 4821 nobis,
707 4757 1091 4814 benedictione
1121 4772 1253 4813 sane
1297 4757 1602 4829 spirituali;
1656 4774 1766 4829 quo
1805 4759 1952 4813 illius

377 4849 550 4918 gratia
601 4848 654 4902 in
683 4864 784 4905 nos
813 4849 1125 4920 impleatur,
1156 4857 1217 4903 ut
1247 4865 1342 4919 par
1373 4857 1477 4914 est,
1511 4849 1825 4920 liujusmodi
1856 4850 1953 4905 be-

374 4940 651 5002 nedictio:
721 4960 740 4992 ‹
763 4941 1024 5008 Crescite,
1062 4951 1116 4997 et
1148 4942 1615 5011 multiplicamini,
1663 4951 1715 4997 et
1748 4943 1953 5012 replete

376 5040 601 5096 terram,
625 5040 680 5088 et
703 5033 1059 5088 dominamini
1090 5035 1352 5090 ἱΙΙίυε⁸⁷.›
1399 5033 1523 5088 Haec
1549 5034 1695 5088 enim
1726 5050 1758 5087 a
1790 5035 1949 5104 prin~

377 5127 519 5195 cipio
551 5126 605 5179 in
633 5126 822 5180 mundi
865 5136 1056 5182 exortu
1091 5128 1238 5183 dicta
1287 5137 1450 5184 sunt:
1481 5142 1604 5197 qua:
1635 5125 1806 5181 Judaei
1839 5143 1948 5181 non

377 5219 484 5273 alio
522 5236 686 5290 quam
744 5233 1012 5290 corporeo
1059 5236 1234 5286 more,
1288 5235 1388 5292 per
1435 5219 1949 5290 multiplicationem

374 5307 598 5380 impleta
644 5319 862 5382 putant.
901 5310 1013 5368 Nos
1057 5319 1238 5368 autem
1289 5313 1444 5382 gnari
1496 5312 1693 5366 animae
1732 5326 1950 5382 quoque

374 5403 587 5474 prolem
620 5419 745 5459 esse
821 5413 985 5474 atque
1031 5403 1335 5475 discipulos
1385 5421 1508 5462 esse
1560 5404 1950 5474 magistrorum

378 5493 541 5555 ﬁlios,
581 5493 894 5562 huiusmodi
936 5496 1375 5551 benedictionem
1427 5496 1693 5566 consequi
1753 5509 1949 5565 preca—

384 5600 528 5649 mur,
559 5594 618 5640 ut
657 5601 972 5644 crescamus
1024 5601 1080 5644 et
1135 5589 1562 5660 multiplicemur
1601 5586 1952 5642 multitudine

450 5763 498 5799 “
520 5764 665 5820 Psal.
693 5781 816 5826 va,
845 5765 896 5819 i.
971 5767 1016 5800 "
1043 5767 1173 5820 ibid.
1214 5769 1261 5822 4.

2059 4662 2120 4715 τὸ
2145 4663 2441 4734 δυνάμενον
2469 4665 2614 4734 ἡμᾶς
2634 4664 2948 4734 δυναμῶσαι
2973 4681 2986 4694 ·
3034 4662 3194 4718 τοῦτο
3222 4665 3279 4718 δὲ
3302 4661 3368 4736 ἦν
3395 4665 3452 4718 τὸ
3480 4663 3608 4717 εὐλο-

2057 4755 2224 4826 γῆσαι
2255 4758 2434 4826 ἡμᾶς·
2487 4756 2706 4827 εὐλογίᾳ
2732 4756 2796 4828 δὴ
2827 4760 3164 4827 πνευματικῇ
3192 4797 3207 4821 ,
3243 4758 3319 4821 ὼς
3346 4758 3410 4811 ἂν
3436 4757 3520 4810 καὶ
3543 4755 3608 4816 είς

2063 4850 2210 4919 ἡμᾶς
2245 4848 2559 4920 πληρωθείη
2614 4851 2935 4920 πρεπόντως
2962 4853 3028 4921 τῇ
3061 4849 3225 4904 αὐτοῦ
3256 4850 3436 4921 χάριτι
3464 4851 3493 4919 ἡ
3525 4846 3608 4915 φά-

2063 4955 2266 4993 σκουσα
2321 4939 2538 5007 εὐλογία
2561 4953 2576 4967 °
2631 4959 2648 4990 ι
2677 4939 2978 5003 Αὐξάνεσθε
3001 4941 3094 4994 καὶ
3140 4940 3496 5013 πληθύνεσθε,
3532 4937 3605 4989 καὶ

2061 5031 2383 5103 πληρώσατε
2403 5032 2498 5103 τὴν
2524 5033 2644 5103 γῆν,
2672 5033 2764 5086 καὶ
2789 5035 3254 5104 κατακυριεύσατε
3278 5027 3604 5105 αὐτῆς.›Ταῦ-

2057 5141 2124 5177 τα
2157 5125 2255 5194 μὲν
2276 5125 2382 5196 γὰρ
2407 5125 2500 5178 καὶ
2524 5126 2689 5179 πάλαι
2711 5127 2828 5178 κατ’
2855 5125 3027 5197 ἀρχὰς
3047 5129 3140 5178 ἐπὶ
3164 5127 3261 5197 τῆς
3286 5120 3599 5195 κοσμοποιέας

2056 5215 2274 5287 εἴρητοο
2311 5217 2571 5290 ἐνομίσθη
2604 5236 2662 5272 τε
2703 5219 2976 5282 Ἰουδαίοις
3000 5220 3100 5272 οὐκ
3131 5218 3306 5281 ἄλλως
3333 5218 3365 5287 ἢ
3394 5229 3594 5284 σωματι-

2057 5308 2168 5372 κῶς
2200 5309 2374 5379 μόνως
2397 5310 2486 5363 διὰ
2515 5311 2615 5381 τῆς
2641 5311 2988 5374 πολυτελείας
3019 5310 3373 5382 πληροῦσθαι.
3440 5304 3591 5373 Ἡμεῖς

2056 5399 2136 5464 δὲ,
2169 5399 2389 5466 εἰδότες,
2413 5401 2490 5464 ῶς
2508 5402 2623 5456 ἔστι
2651 5404 2745 5457 καὶ
2770 5403 2948 5473 ψυχῆς
2973 5402 3192 5471 ἔκγονα,
3218 5397 3521 5454 διδασκάλων
3539 5406 3584 5441 κ

2060 5490 2246 5554 παῖδες
2283 5495 2330 5546 οἱ
2369 5493 2793 5566 μαθητευόμενοι
2817 5534 2832 5558 ,
2872 5494 3126 5564 τοιαύτης
3170 5493 3412 5562 ἀξιοῦμεν
3437 5483 3577 5553 τυχεῖν

2059 5583 2306 5652 εὐλογίας
2326 5625 2340 5650 ,
2357 5584 2432 5649 ὡς
2456 5586 2522 5640 ἀν
2542 5587 2800 5660 αὐξηθείη
2810 5605 2906 5660 μεν
2930 5586 3023 5642 καὶ
3047 5584 3456 5658 πληθυνθείημεν
3469 5573 3569 5642 πλίΓ

1419 5769 1462 5800 λθ
1492 5767 1622 5822 ibid.
1647 5765 1702 5822 8.
1778 5766 1824 5806 ⁸⁷
1853 5765 1990 5822 Gen.
2024 5783 2063 5832 ι,
2098 5765 2193 5821 28.
