3808 6280
182 316 278 371 673

1264 306 1769 365 LOMMENTARIA
1810 308 1877 363 IN
1914 306 2256 365 PSALMOS.

3307 313 3407 371 674

183 437 257 488 θει
277 431 380 485 τῶν
402 437 850 501 μαθητευομενων
868 467 883 491 ,
908 426 1136 498 μυριάσι
1158 444 1216 479 τε
1236 427 1345 481 τῶν
1365 428 1431 482 δι’
1454 430 1609 502 ήμῶν
1637 446 1736 484 σω-

1844 428 2259 498 discipulorum,
2276 435 2439 497 atque
2454 425 2667 481 inﬁnito
2686 442 2875 483 eorum
2893 428 2985 498 qui
3012 443 3107 500 per
3137 443 3239 484 nos
3262 430 3411 485 salu-

182 523 404 594 ζομένων
424 561 438 584 ,
468 519 545 583 ὡς
569 519 631 571 ἂν
666 520 839 569 εἰπεῖν
857 534 871 547 ·
916 536 934 567 ι
959 516 1263 588 Εὐλογητὸς
1303 520 1330 570 6
1357 518 1489 582 Θεὸς
1520 522 1549 571 6
1586 519 1735 571 εὐλο-

181 616 341 685 γήσας
361 611 507 683 ἡμᾶς
527 611 581 661 ὲν
599 608 743 679 πάσῃ
773 606 988 678 εὐλογίᾳ
1003 609 1344 677 πνευματικῇ
1368 609 1422 659 ὲν
1436 609 1549 671 τοῖς
1577 610 1738 660 ἐπου-

183 704 369 778 ρανίοις
399 705 455 757 ἑν
488 698 727 773 Χριστῷ.
762 718 779 750 ι
810 698 993 762 Οὕτως
1035 694 1126 752 οῦν
1167 700 1195 751 6
1226 698 1357 762 Θεὸς
1402 700 1735 771 οἰκτειρήσω

182 800 311 870 ήμᾶς
353 795 637 866 πρότερον,
676 790 775 848 εἶτ’
819 794 1164 865 οἰκτειρήσας
1216 793 1513 865 εὐλογήσαι
1565 796 1731 866 ἡμᾶς.

182 886 335 941 Τοῦτο
362 886 417 940 δὲ
449 886 550 939 οὐκ
580 884 752 948 ἄλλως
774 884 945 950 ἔσται,
973 887 1021 938 εἰ
1056 884 1129 955 μὴ
1157 884 1416 953 ἐπιφᾶναι
1467 885 1527 937 τὸ
1571 886 1736 957 πρόσ-

189 997 313 1034 ⁶ιιτιον
342 977 505 1031 αὐτοῦ
528 978 612 1048 ἐφ’
643 979 809 1048 ἡμᾶς,
836 976 971 1030 ὥστε
1001 977 1093 1045 καὶ
1121 978 1267 1047 ήμᾶς
1293 979 1465 1031 εἰπεῖν
1485 994 1497 1007 ·
1541 996 1558 1029 ι
1584 979 1736 1049 Ἐση-

188 1070 369 1143 μειώθη
399 1072 644 1142 ἐφ’ήμᾶς
664 1071 725 1123 τὸ
756 1068 868 1139 φῶς
897 1067 989 1121 τοῦ
1019 1069 1308 1141 προσώπου
1344 1087 1459 1135 σου,
1489 1070 1682 1142 Κύριε.
1711 1090 1728 1121 ι

190 1163 245 1219 Γὸ
283 1162 337 1215 δὲ
380 1161 760 1229 ἐπιλεγόμενον
798 1159 944 1225 ἑξῆς,
978 1178 995 1207 ι
1027 1160 1117 1213 καὶ
1154 1159 1373 1231 ἑλεήσαι
1414 1162 1581 1232 ἡμᾶς,
1610 1180 1627 1212 ›
1661 1159 1734 1233 μὴ

188 1256 409 1325 ιιείμενον
456 1256 590 1325 μήτε
631 1255 688 1306 ἑν
731 1253 810 1324 τῷ
855 1253 1145 1326 Ἑϐραϊκῶ,
1195 1254 1331 1324 μήτε
1382 1255 1439 1307 ἑν
1481 1256 1591 1316 τοῖς
1627 1253 1734 1307 λοι-

188 1350 288 1411 τεοῖς
336 1348 715 1419 ἑρμηνευταῖς,
776 1348 1088 1417 ἀναγκαίως
1142 1347 1448 1401 ὡϐέλισται.
1505 1347 1623 1401 Τῶν
1678 1348 1734 1401 δὲ

187 1440 565 1511 προλεχθέντων
613 1439 880 1510 εὐχόμεθα
918 1443 1116 1511 τυχεῖν,
1162 1441 1247 1493 ἵνα
1289 1438 1601 1511 δυνηθῶμεν
1636 1440 1733 1511 τὴν

186 1532 283 1586 Βδὸν
323 1530 483 1584 αὐτοῦ
513 1533 759 1602 γνωστὴν
792 1533 1015 1602 ποιῆσαι
1044 1535 1101 1585 ἑν
1129 1533 1275 1604 πάσῃ
1315 1536 1380 1603 τῇ
1408 1536 1499 1604 γῇ.
1531 1534 1621 1586 Διὸ
1648 1533 1734 1586 λέ-

184 1629 372 1677 λεκται-
413 1643 430 1673 ι
467 1624 574 1677 Τοῦ
612 1625 813 1694 γνῶναι
845 1628 902 1680 ὲν
939 1628 1006 1697 τῇ
1044 1628 1114 1697 γῇ
1146 1625 1243 1696 τὴν
1271 1625 1388 1680 ὁδόν
1423 1642 1536 1679 σου.
1575 1646 1592 1676 ι
1639 1626 1734 1689 Τίς

186 1718 227 1773 Σὲ
264 1720 292 1788 ἠ
323 1718 390 1788 γῆ
418 1718 512 1773 καὶ
541 1718 625 1783 τίς
656 1722 688 1791 ή
723 1720 840 1784 ὁδὸς
869 1719 961 1773 τοῦ
994 1718 1165 1783 Θεοῦ;
1197 1719 1270 1789 Γῆ
1320 1718 1419 1788 μὲν
1445 1720 1645 1782 πάντες
1683 1721 1732 1772 οἱ

1840 528 1946 572 tem
1978 518 2301 572 obtinebunt
2333 531 2584 581 numero,
2608 525 2666 570 ut
2690 518 2938 574 dicamus
2966 539 2977 573 :
3032 539 3049 571 ι
3081 520 3411 576 Benedictus

1838 609 1981 665 Deus
1993 610 2374 681 quibenedixit
2393 624 2492 666 nos
2511 611 2565 663 in
2585 611 2732 665 omni
2750 610 3128 667 benedictione
3140 612 3409 681 Spirituali

1838 703 1893 757 in
1918 703 2235 757 caelestibus
2269 701 2326 757 in
2369 700 2703 757 Christo“.:
2733 700 2822 757 Sic
2850 720 2979 774 ergo
2997 703 3140 760 Deus
3173 705 3408 776 primum

1834 795 2369 862 misereaturnostri,
2392 794 2587 850 deinde
2614 795 2872 851 misertus
2903 796 3191 852 benedicat
3223 798 3406 853 nobis.

1834 887 1893 941 ld
1922 902 2085 957 porro
2114 902 2457 957 nequaquam
2487 888 2722 953 eveniet,
2762 888 2870 943 nisi
2902 888 3170 945 illuminet
3196 891 3406 945 vultum

1836 994 1993 1034 suum
2021 994 2185 1050 super
2215 995 2351 1035 nos:
2390 980 2464 1032 ita
2495 986 2555 1033 ut
2579 988 2633 1034 et
2679 995 2781 1035 nos
2810 979 3103 1057 dicamus:
3147 998 3165 1030 ι
3211 980 3394 1051 Signa-

1836 1080 1946 1127 tum
1977 1081 2061 1128 est
2094 1088 2257 1143 super
2305 1089 2408 1128 nos
2454 1074 2640 1129 lumen
2689 1072 2869 1129 vultus
2895 1074 2996 1137 tui,
3042 1071 3350 1129 Domine”.
3381 1092 3401 1124 ι

1835 1161 1989 1227 Quod
2048 1163 2298 1233 sequitur
2347 1176 2543 1232 porro,
2583 1182 2602 1214 ι
2646 1171 2700 1219 et
2753 1165 3081 1219 misereatur
3124 1173 3328 1227 nostri,
3380 1184 3401 1216 ι

1835 1270 1956 1310 cum
1982 1270 2157 1325 neque
2183 1256 2238 1309 in
2263 1255 2552 1319 Hebraico,
2583 1271 2762 1327 neque
2800 1256 2857 1310 in
2894 1256 3118 1326 reliquis
3144 1256 3392 1326 interpre-

1832 1345 1978 1400 tibus
2007 1346 2234 1415 legatur,
2254 1346 2432 1412 obelo,
2464 1354 2525 1401 ut
2550 1356 2973 1403 consentaneum
3003 1354 3406 1410 erat,notatum

1826 1444 1935 1491 est.
1968 1435 2093 1491 Ideo
2120 1447 2298 1493 autem
2320 1438 2433 1507 jam
2471 1446 2767 1494 memorata
2796 1438 3014 1507 assequi
3047 1453 3326 1509 rogamus,
3352 1445 3406 1493 ut

1834 1530 1974 1584 viam
1997 1531 2115 1600 ejus
2148 1532 2201 1584 in
2228 1530 2481 1585 universa
2517 1538 2662 1585 terra
2689 1543 2871 1586 notam
2907 1532 3085 1587 facere
3109 1532 3405 1587 valeamus.

1834 1620 2015 1686 Quare
2059 1623 2302 1678 dicitur:
2345 1642 2363 1674 ι
2411 1622 2482 1678 Ut
2518 1638 2913 1694 cognoscamus
2964 1625 3020 1679 in
3072 1633 3218 1680 terra
3264 1626 3405 1679 viam

1832 1724 2002 1768 tuam.
2036 1734 2054 1767 ι
2094 1715 2352 1781 Quantam
2385 1723 2532 1770 terra
2562 1715 2706 1769 illa?
2754 1730 2875 1785 qua:
2926 1715 3011 1771 via
3058 1714 3191 1771 Dei?
3240 1714 3405 1771 Terre

186 1810 263 1879 τὴν
288 1808 387 1877 γῆν
413 1808 687 1873 οἰκοῦντες
715 1811 989 1881 ἄνθρωποι
1020 1809 1113 1863 καὶ
1146 1810 1324 1863 πάντα
1354 1809 1424 1862 τὰ
1456 1809 1576 1863 καθ’
1607 1809 1734 1881 ὅλης

1838 1808 2094 1863 nimirum
2146 1816 2274 1862 sunt
2310 1823 2502 1864 omnes
2536 1809 2783 1864 homines
2815 1816 3015 1864 terram
3066 1809 3368 1864 incolentes

187 1901 265 1971 ᾱις
291 1900 610 1971 οἰκουμένης
645 1901 771 1971 ἔθνη
794 1919 808 1933 ο
850 1901 968 1966 ὁδὸς
1005 1903 1060 1955 δὲ
1096 1902 1190 1955 τοῦ
1233 1899 1367 1954 Θεοῦ
1406 1901 1434 1953 6
1480 1900 1734 1971 θεοσεϐὴς

183 1991 307 2061 βίος·
341 1987 399 2045 οὐ
426 1993 491 2048 τὸ
514 1993 670 2056 τέλος
695 1994 831 2064 πρὸς
869 1994 1030 2048 αὐτὸν
1061 1994 1182 2062 ἄγει
1224 1992 1314 2047 τὸν
1342 1992 1496 2057 Θεὸν,
1531 1992 1606 2056 ώς
1644 1992 1735 2045 ἐπὶ

184 2085 487 2156 μητρόπολιν
517 2085 758 2153 ἀγαθῶν.
793 2086 904 2140 Καὶ
934 2086 1095 2150 αὐτὸς
1126 2086 1183 2138 δὲ
1226 2088 1255 2139 6
1289 2087 1551 2155 σωτήριος
1582 2086 1735 2153 λόγος

184 2174 253 2243 εἴη
279 2173 339 2227 ἂν
371 2174 486 2237 ὁδὸς
520 2173 617 2226 τοῦ
649 2173 804 2227 Θεοῦ.
850 2174 940 2227 Διὸ
982 2174 1109 2245 ἑξῆς
1142 2175 1332 2243 ῶσπερ
1367 2174 1735 2246 διερμηνεύων

182 2263 261 2335 τὴν
290 2265 521 2319 διάνοιαν
550 2265 794 2333 ἐπιλέγει
816 2281 830 2296 ο
872 2284 889 2317 ι
936 2267 1024 2320 Ἑν
1048 2267 1181 2318 πᾶσι
1206 2269 1315 2330 τοῖς
1345 2265 1521 2319 ἔθνεσι
1555 2266 1614 2319 τὸ
1640 2283 1738 2318 σω-

182 2356 341 2427 τήριόν
378 2373 489 2411 σου.
526 2376 547 2409 ι
581 2358 767 2421 Ὅπως
816 2352 907 2410 οῦν
944 2357 1257 2428 δυνηθῶμεν
1289 2359 1346 2410 ἑν
1378 2357 1526 2431 πάσῃ
1556 2360 1621 2429 τῇ
1663 2359 1731 2427 γῇ

182 2448 261 2500 καὶ
290 2450 343 2502 ὲν
383 2451 513 2502 πᾶσι
562 2452 675 2513 τοῖς
724 2449 900 2503 ἔθνεσι
944 2452 1056 2513 τοῖς
1102 2450 1201 2521 τὴν
1249 2451 1349 2521 γῆν
1382 2449 1590 2503 οἰκοῦσι
1636 2452 1734 2521 τὴν

182 2541 281 2593 ὁδόν
312 2559 398 2595 σου
426 2544 519 2595 καὶ
543 2542 607 2596 τὸ
634 2543 899 2614 σωτήριόν
926 2560 1044 2608 σου,
1074 2543 1268 2596 ταύτὸν
1294 2543 1401 2614 γάρ
1426 2545 1561 2607 ἑστι,
1596 2561 1736 2611 γνω-

184 2632 288 2685 στὸν
315 2634 553 2704 ποιῆσαι,
583 2634 925 2705 οἰκτείρησον
952 2635 1122 2706 ἡμᾶς,
1144 2637 1172 2688 6
1204 2635 1355 2699 Θεὸς,
1384 2636 1478 2688 καὶ
1509 2635 1733 2706 εὐλόγη-

183 2739 261 2776 σον
290 2727 447 2796 ἡμᾶς,
494 2728 589 2780 καὶ
629 2726 689 2779 τὸ
719 2726 1006 2797 πρόσωπόν
1036 2744 1126 2780 σου
1161 2728 1420 2795 ἑπίφανον
1458 2728 1541 2796 ἐφ’
1567 2729 1732 2797 ἡμᾶς,

183 2813 256 2868 ἵνα
286 2817 655 2888 πληρωθέντες
685 2820 859 2888 φωτὸς
887 2821 950 2871 ἑκ
981 2819 1075 2872 τοῦ
1102 2818 1391 2889 προσώπου
1419 2834 1536 2883 σου,
1569 2835 1736 2871 κατα-

183 2905 453 2978 λάμψωμεν
485 2910 696 2974 πάντας
724 2910 1062 2982 ἀνθρώπους.
1092 2911 1154 2962 El
1183 2909 1290 2979 γὰρ
1318 2910 1390 2981 μὴ
1423 2908 1574 2963 ταῦθ’
1606 2911 1735 2980 ἡμῖν

184 2999 466 3071 ὑπάρξειεν,
497 3003 650 3055 οὐδέν
674 3005 837 3073 ἐσμεν
867 3005 1027 3074 ἡμεῖς
1058 3002 1194 3075 πρὸς
1223 3004 1321 3073 τὴν
1357 3001 1453 3055 τοῦ
1480 2986 1735 3074 τηλικού-

184 3108 261 3144 του
292 3094 606 3166 πρὰγματος
636 3095 994 3168 κατόρθωσιν.

1836 1906 1890 1952 et
1914 1905 2100 1967 gentes
2129 1900 2444 1953 universum
2480 1898 2667 1953 orbem
2700 1906 3063 1968 occupantes;
3096 1899 3183 1953 via
3226 1906 3402 1954 auten.

1836 1987 1951 2054 Dei,
1974 1999 2056 2045 est
2086 1991 2341 2060 religiosa
2364 1990 2496 2056 vita,
2522 1990 2682 2061 cujus
2732 1990 2856 2045 ﬁnis
2890 1991 2957 2045 ad
2982 1991 3164 2060 ipsum
3200 1989 3370 2045 Deum
3390 2044 3403 2056 ,

1835 2101 1933 2141 ceu
1980 2085 2048 2139 ad
2101 2085 2391 2155 quamdam
2444 2086 2714 2140 bonorum
2772 2084 3112 2154 metropolim
3165 2083 3403 2140 deducit.

1834 2176 2061 2248 ipseque
2089 2178 2346 2233 salutaris
2373 2192 2553 2232 sermo
2576 2177 2662 2231 via
2691 2175 2787 2231 Dei
2815 2176 3000 2231 fuerit.
3043 2175 3405 2242 Quamobrem

1834 2269 1937 2324 sub
1982 2268 2097 2323 haec
2146 2270 2293 2323 velut
2332 2270 2657 2324 sententiam
2706 2268 2985 2338 explicans
3016 2268 3246 2338 adjicit:
3288 2286 3307 2319 ι
3348 2267 3406 2322 in

1834 2362 2089 2415 omnibus
2132 2361 2385 2431 gentibus
2431 2361 2673 2415 salutare
2703 2368 2877 2414 tuum.
2912 2380 2930 2412 ι
2987 2358 3058 2414 Ut
3099 2360 3281 2430 itaque
3314 2375 3403 2415 va-

1834 2454 2043 2508 leamus
2065 2454 2119 2507 in
2150 2453 2296 2506 omni
2323 2460 2468 2507 terra
2493 2463 2546 2507 et
2566 2453 2622 2506 in
2650 2453 2904 2506 omnibus
2928 2452 3182 2523 gentibus
3209 2462 3407 2511 terram

1834 2544 2201 2600 incolentibus
2227 2546 2369 2599 viam
2397 2553 2547 2600 tuam
2570 2552 2622 2599 et
2645 2545 2885 2601 salutare
2910 2553 3085 2609 tuum,
3115 2558 3240 2598 nam
3267 2544 3409 2598 idem

1835 2638 2011 2708 ipsum
2051 2645 2157 2703 est,
2192 2646 2382 2705 notum
2420 2636 2620 2699 facere,
2656 2638 2917 2693 miserere
2941 2634 3320 2700 nostri,Deus,
3355 2644 3409 2691 et

1834 2730 2062 2787 benedic
2112 2731 2307 2795 nobis,
2352 2730 2668 2801 vultumque
2722 2738 2877 2784 tuum
2941 2730 3185 2784 illumina
3244 2744 3410 2800 super

1833 2839 1965 2891 nos;
2000 2834 2058 2879 ut
2095 2826 2301 2880 lumine
2331 2825 2515 2879 vultus
2554 2824 2632 2879 tui
2664 2824 2892 2894 repleti,
2944 2839 3134 2879 omnes
3161 2823 3410 2879 homines

1834 2915 2192 2972 illustremus.
2224 2917 2440 2972 Atenim
2484 2919 2589 2973 nisi
2620 2918 2734 2973 haec
2767 2918 2925 2973 nobis
2958 2917 3409 2983 adfuerint,nihil

1835 3008 1901 3064 ad
1926 3017 2135 3064 tantam
2162 3025 2280 3065 rem
2306 3008 2692 3081 perﬁciendam
2727 3026 2935 3067 sumus.

248 3223 264 3256 :
304 3207 913 3280 Ἐξομολογησάσθωσάν
959 3225 1040 3260 σοι
1070 3207 1210 3271 λαοὶ,
1245 3207 1274 3259 6
1304 3206 1456 3270 Θεὸς,
1482 3205 1731 3277 ἐξομολοο

1901 3209 2068 3266 Vens.
2092 3211 2203 3266 4-8.
2235 3228 2254 3263 ι
2291 3212 2666 3268 Conﬁteantur
2694 3212 2792 3266 tibi
2814 3212 3019 3281 populi,
3046 3209 3215 3274 Deus,
3239 3209 3411 3265 conﬁ-

183 3300 514 3369 γησάσθωσὰν
556 3318 638 3354 σοι
666 3301 786 3354 λαοὶ
819 3302 1037 3365 πάντες.
1071 3299 1561 3370 Εὐφρανθήτωσαν.
1596 3318 1613 3349 ι
1653 3299 1734 3351 Τά

189 3390 271 3459 μὲν
298 3392 476 3463 πρῶτα
506 3395 716 3456 ἑαυτοῖς
738 3392 1042 3465 ὲπηύξαντο
1062 3394 1109 3445 οἱ
1138 3392 1245 3445 τῶν
1273 3390 1440 3443 ἑθνῶν
1464 3391 1531 3462 κή
1542 3408 1728 3461 ρυκες’

185 3481 315 3535 τὰδὲ
346 3485 677 3555 προκείμενα
703 3488 815 3547 τοῖς
844 3485 903 3537 τὸ
931 3484 998 3536 δι’
1031 3483 1210 3537 αὐτῶν
1249 3483 1511 3553 κήρυγμα
1554 3500 1733 3552 παρα-

186 3571 488 3645 δεξαμένοις.
534 3577 646 3629 Καὶ
673 3576 738 3647 δὴ
768 3576 861 3630 καὶ
890 3575 1105 3648 πρῶτον
1141 3575 1239 3645 μὲν
1278 3576 1460 3637 αὐτοῖς
1488 3573 1736 3645 ἐξομολο-

187 3667 373 3736 γήσεως
398 3669 676 3739 ἑνδοθῆναι
706 3669 891 3742 χώραν
917 3668 1189 3740 εὔχονται,
1220 3667 1369 3729 ὅπως
1397 3665 1467 3718 τὰ
1496 3666 1736 3739 πρότερα

190 3756 370 3811 ἑαυτῶν
418 3760 867 3832 πλημμελήματα
915 3762 1010 3814 καὶ
1058 3760 1155 3823 τὰς
1214 3760 1273 3811 ὲν
1325 3758 1735 3830 εἰδωλολατρείᾳ

187 3844 476 3915 δυσσεϐείας
518 3852 942 3923 ἀπορῤύῲωνται
988 3850 1076 3904 διά
1119 3850 1217 3920 τῆς
1268 3849 1731 3922 ἑξομολογήσεωξ·

187 3937 412 4013 δεύτερον
440 3944 812 4017 καθαρθέντας
842 3946 1037 4008 αὐτοὺς
1066 3947 1248 4014 τυχεῖν
1282 3946 1620 4016 εὐφροσύνης
1645 3946 1738 3997 καὶ

188 4032 533 4100 ἀγαλλιάσεως
557 4036 658 4106 τῆς
691 4036 842 4108 παρά
871 4035 946 4107 τῷ
976 4035 1094 4106 Θεῷ
1131 4035 1451 4090 ἱκετεύουσι.
1474 4037 1563 4089 Διὸ
1587 4036 1737 4108 πρῶ-

189 4138 264 4175 τον
288 4126 437 4194 φασίν
455 4144 469 4158 ·
509 4146 529 4178 ι
572 4125 1188 4199 Ἐξομολογησάσθωσάν
1210 4143 1293 4179 σοι
1322 4126 1460 4193 λαοὶ,
1483 4130 1512 4180 6
1536 4127 1685 4190 Θεός.
1715 4145 1732 4178 ι

201 4215 322 4269 Ἀλλ’
352 4218 469 4272 ἐπεὶ
504 4220 781 4273 συνέϐαινε
816 4221 980 4291 μήπω
1006 4222 1244 4272 συνεῖναι
1268 4220 1416 4290 ἡμᾶς
1449 4219 1634 4284 ποίους
1661 4221 1738 4272 εἰ-

194 4309 371 4379 ρήκασι
414 4311 607 4377 λαούς·
657 4313 780 4364 ἐπεὶ
814 4312 909 4365 καὶ
944 4311 1006 4364 16
1050 4311 1317 4364 Ἰουδαίων
1362 4310 1512 4374 ἔθνος
1553 4310 1738 4382 ἀθροί-

192 4415 355 4469 σματα
384 4404 475 4456 καὶ
506 4404 669 4467 λαοὺς
713 4403 1006 4474 ἐκέκτητο·
1040 4402 1370 4470 ἀναγκαίως,
1405 4403 1489 4455 ἵνα
1534 4403 1738 4472 νοήσω-

1835 3305 2050 3353 teantur
2065 3300 2163 3354 tibi
2182 3302 2365 3371 populi
2386 3317 2594 3356 omnes.
2616 3300 2911 3355 Laatentur.
2942 3320 2960 3352 ι
2982 3299 3173 3355 Priora
3189 3301 3409 3370 quidem

1834 3392 1937 3447 sibi
1954 3408 2231 3462 praecones
2262 3395 2502 3464 gentium
2523 3395 2901 3463 postularunt;
2923 3393 3036 3448 haec
3057 3409 3186 3448 vero
3215 3393 3284 3448 iis
3314 3392 3409 3462 qui

1834 3482 2274 3551 praedicationem
2301 3498 2457 3538 suam
2482 3492 2833 3554 exceperunt.
2851 3483 2915 3537 Et
2930 3485 3104 3553 primo
3121 3483 3256 3554 ipsis
3278 3499 3413 3538 con-

1834 3574 2089 3632 fessionis
2120 3578 2297 3631 locum
2318 3577 2433 3632 dari
2456 3586 2767 3647 precantur,
2800 3584 2859 3632 ut
2889 3594 2984 3648 per
3010 3578 3410 3634 confessionem

1835 3668 2065 3738 pristina
2112 3667 2306 3723 delicta
2350 3678 2404 3724 et
2443 3670 2759 3723 idololatria:
2814 3669 3141 3738 impietatem
3200 3669 3413 3723 abster-

1835 3766 1983 3830 gant.
2024 3756 2277 3813 Secundo
2306 3767 2499 3830 rogant
2528 3768 2586 3813 ut
2616 3761 2826 3829 purgati
2861 3759 3099 3816 laatitiam
3134 3770 3188 3814 et
3226 3761 3411 3815 exsul-

1836 3850 2097 3906 tationem
2136 3865 2167 3903 a
2212 3849 2321 3905 Deo
2382 3859 2809 3921 consequantur.
2861 3850 3040 3916 Quare
3098 3852 3272 3921 primo
3326 3853 3412 3907 dl-

1836 3953 1967 3997 cunt
2022 3962 2035 3998 :
2081 3962 2100 3995 (
2135 3942 2510 3997 Conﬁteantur
2574 3943 2673 3997 tibi
2736 3944 2951 4014 populi,
3021 3942 3183 4000 Deus.
3234 3964 3253 3997 ι
3302 3944 3411 4001 Sed

1836 4035 1962 4106 quia
1998 4036 2237 4090 nondum
2272 4035 2431 4091 nobis
2454 4042 2647 4089 notum
2677 4045 2817 4098 erat,
2846 4036 2940 4106 qui
2971 4036 3157 4106 populi
3201 4036 3405 4092 indicas

1836 4136 2066 4194 rentur;
2109 4143 2234 4183 nam
2284 4129 2402 4199 ipsa
2435 4143 2655 4198 quoque
2699 4126 2924 4183 Iudaica
2958 4144 3089 4198 gens
3138 4138 3314 4185 cmtus
3357 4136 3412 4185 et

1837 4220 2065 4289 populos
2090 4218 2313 4285 habuit;
2346 4225 2405 4271 ut
2439 4217 2679 4272 sciamus
2704 4217 2903 4287 quibus
2931 4217 2996 4271 de
3030 4218 3248 4287 populis
3283 4234 3414 4289 aga-

1838 4319 1950 4374 tur,
1979 4310 2295 4365 necessario
2324 4315 2598 4379 repetunt,
2628 4316 2972 4378 mentemque
3026 4324 3181 4364 suam
3231 4310 3413 4365 decla-

1838 4412 1963 4457 rant
1996 4404 2083 4459 his
2103 4402 2324 4457 verbis:
2372 4420 2391 4453 ι
2429 4400 2807 4455 Conﬁteantur
2822 4400 2921 4455 tibi
2946 4402 3129 4471 populi
3156 4415 3365 4457 omnes.
3387 4422 3407 4455 ι

195 4507 279 4559 μεν
303 4495 462 4548 ποίων
474 4495 879 4565 ἐμνημόνευσαν
906 4492 1071 4557 λαῶν,
1098 4493 1405 4565 δευτεροῦσι
1423 4494 1736 4566 τρανοῦντες

1845 4496 1983 4550 Num
2018 4494 2156 4550 forte
2208 4509 2304 4564 per
2334 4493 2545 4564 priores
2600 4492 2761 4558 illos,
2823 4491 3135 4548 Judaeorum
3182 4495 3415 4564 populos

191 4581 275 4649 τὴν
316 4583 543 4638 διάνοιαν
582 4589 639 4639 ἑν
682 4586 757 4657 τῷ
798 4586 975 4654 λέγειν
997 4602 1008 4614 ο
1051 4605 1070 4636 ι
1126 4584 1739 4655 Ἐξομολογησάσθωσάν

196 4687 266 4724 σοι
284 4674 393 4727 λαοὶ
411 4678 624 4741 πάντες.
665 4697 684 4729 ι
720 4680 943 4749 Μήποτε
971 4678 1027 4731 δὲ
1060 4678 1144 4732 διὰ
1176 4678 1281 4731 τῶν
1310 4678 1588 4749 προτέρων
1615 4677 1739 4740 τοὺς

198 4765 329 4833 παρὰ
369 4768 633 4833 Ἰουδαίοις
660 4769 822 4833 λαοὺς
850 4770 1194 4835 αἰνίττονται,
1222 4769 1361 4840 ὑπὲρ
1390 4767 1567 4821 αὐτῶν
1596 4766 1739 4839 πρῶ-

199 4867 275 4906 τον
303 4858 393 4928 τὴν
432 4861 591 4931 εὐχὴν
631 4861 1071 4932 ἀναπέμψαντες,
1113 4862 1201 4915 διὰ
1238 4862 1295 4915 δὲ
1336 4860 1443 4916 τῶν
1475 4860 1739 4932 δευτέρων

200 4943 309 5007 τοὺς
338 4947 393 5015 ἐξ
435 4948 599 5004 ἑθνῶν
638 4951 833 5016 λαούς;
862 4953 1038 5023 Ὅπερ
1079 4952 1166 5006 ἴνα
1204 4951 1479 5022 γνώριμον
1517 4951 1740 5018 γένηται

202 5035 298 5097 τοῖς
329 5039 720 5110 ἐντυγχάνουσι,
756 5044 1009 5111 διασαφεῖ
1037 5043 1258 5112 φάσκων
1288 5045 1315 5096 6
1346 5041 1503 5111 λόγος
1526 5058 1540 5072 ·
1580 5061 1597 5091 ε
1634 5041 1739 5092 Εὐ-

210 5126 569 5198 φρανθήτωσαν
597 5135 690 5187 καὶ
717 5134 1163 5202 ἀγαλλιάσθωσαν
1196 5135 1343 5205 ἔθνη.
1384 5154 1403 5185 ι
1440 5133 1655 5204 Ἐπειδὴ
1683 5132 1743 5185 δὲ

210 5210 275 5276 δὶς
317 5218 390 5282 τὸ,
442 5240 459 5272 ι
513 5224 1093 5296 ἑξομολογησάσθωσάν
1144 5243 1245 5291 σοι,
1300 5245 1319 5277 ›
1376 5226 1607 5296 εἴρηται,
1646 5225 1745 5292 ὅρα

212 5306 399 5374 μήποτε
430 5314 488 5366 τὸ
520 5317 614 5386 μὲν
643 5317 859 5388 πρῶτον
890 5318 1073 5388 ἐδήλου
1112 5317 1221 5371 τῶν
1255 5316 1532 5389 προτέρων
1564 5317 1746 5385 ἁμαρ-

211 5397 440 5463 τημάτων
479 5406 571 5474 τὴν
597 5406 901 5476 ὁμολογίαν,
934 5408 995 5459 τὸ
1033 5408 1088 5460 δὲ
1115 5407 1384 5479 δεύτερον,
1426 5407 1524 5478 τὴν
1551 5407 1635 5475 ἐφ’
1666 5401 1748 5471 οἷς

214 5484 379 5558 ἔτυχον
404 5494 616 5563 ἀγαθοῖς
648 5500 1013 5570 εὐχαριστίαν.
1051 5501 1399 5571 Λαμϐάνεται
1431 5500 1540 5572 γὰρ
1572 5503 1604 5571 ἠ
1633 5500 1746 5567 ἐξο-

218 5579 476 5653 μηλόγησις
512 5590 602 5641 καὶ
629 5592 720 5644 ἐπὶ
749 5592 1113 5662 εὐχαριστίας.
1154 5592 1308 5645 Οὕτω
1339 5592 1466 5662 γοῦν
1498 5595 1526 5646 6
1557 5593 1746 5664 Σωτὴρ

288 5737 525 5813 “‘Ephcs.
560 5748 667 5813 1,5.
743 5749 787 5782 ⁸³
810 5747 951 5805 Psal.
985 5767 1054 5815 iv,
1086 5751 1136 5805 7.
1250 5749 1504 5805 “Matth.
1540 5767 1615 5815 χι,
1650 5751 1738 5802 23$.

1845 4586 2208 4650 subindicant,
2267 4599 2366 4655 pro
2415 4585 2632 4655 illisque
2680 4583 2983 4640 orationem
3028 4584 3206 4655 primo
3258 4585 3418 4639 emit-

1845 4684 1997 4744 tunt;
2036 4693 2132 4747 per
2160 4676 2432 4732 secundos
2460 4683 2662 4740 autem,
2689 4676 2928 4746 gentium
2965 4674 3229 4745 populos?
3259 4674 3415 4740 Quod

1843 4777 1904 4821 ut
1937 4765 2234 4835 legentibus
2288 4766 2509 4834 planum
2558 4763 2670 4828 ﬁat,
2708 4762 2794 4817 his
2838 4762 3017 4816 verbis
3053 4760 3365 4817 declaratur
3397 4779 3412 4814 :

1851 4877 1870 4910 ‹
1918 4857 2192 4914 Laetentur
2221 4864 2275 4913 et
2297 4856 2570 4913 exsultent
2590 4862 2798 4927 gentes.
2837 4872 2856 4906 ι
2883 4853 3152 4921 Quoniam
3179 4867 3309 4909 vero
3330 4852 3417 4908 bis

1847 4949 2000 5015 illud,
2037 4968 2056 5001 ι
2102 4948 2464 5005 conﬁteantur
2492 4948 2626 5012 tibi,
2666 4966 2685 4999 ι
2725 4947 2930 5001 dictum
2976 4955 3085 5012 est;
3141 4940 3417 5014 perpende

1847 5058 1977 5097 num
2017 5043 2250 5113 primum
2280 5041 2634 5111 pristinorum
2663 5038 2983 5092 delictorum
3013 5035 3415 5091 confessionem

1849 5131 2145 5203 signiﬁcet;
2185 5131 2483 5187 secundum
2515 5144 2664 5191 vero,
2700 5128 3000 5198 gratiarum
3056 5142 3157 5197 pro
3200 5126 3414 5183 collatis

1849 5226 2008 5281 bonis
2038 5226 2327 5280 actionem.
2346 5222 2483 5277 Nam
2506 5220 2779 5276 confessio
2808 5220 2971 5274 etiam
2999 5234 3096 5290 pro
3115 5219 3413 5289 gratiarum

1852 5318 2065 5373 actione
2110 5323 2426 5385 usurpatur.
2462 5314 2553 5367 Sic
2582 5313 2724 5367 enim
2764 5312 3020 5367 Servator
3048 5311 3253 5382 gratias
3303 5310 3413 5380 agit

1853 5411 2084 5466 dicens:
2128 5429 2147 5461 ι
2188 5408 2471 5464 Conﬁteor
2529 5406 2663 5470 tibi,
2707 5403 2889 5468 Pater,
2935 5402 3160 5459 Domine
3202 5403 3323 5458 caeli
3357 5409 3414 5457 et

1850 5510 2010 5558 terrae
2035 5503 2101 5555 9°.
2144 5522 2162 5555 ι
2195 5499 2326 5556 Post
2352 5500 2581 5569 primam
2615 5511 2745 5552 vero
2792 5506 2846 5552 et
2874 5498 3167 5552 secundam
3198 5494 3415 5551 confes-

1854 5592 2082 5655 sionem,
2111 5590 2222 5660 jam
2246 5589 2407 5644 tertio
2437 5603 2535 5659 pro
2574 5586 2825 5648 gentibus
2862 5586 2969 5643 illis
2996 5586 3261 5643 confessis
3291 5597 3417 5657 pre-
