3808 6280
369 303 475 357 675

1057 295 1323 354 EUSEBII
1362 293 1842 353 CIESARIENSIS
1881 292 2030 348 OPP.
2068 291 2250 348 PARS
2279 289 2370 347 Ill.
2407 322 2475 332 --
2505 287 2914 344 EXEGETICA.

3505 286 3594 342 676

366 439 578 484 cantur.
637 424 849 492 Quibus
906 421 1126 477 verbis?
1173 441 1191 473 ι
1251 419 1526 476 ιειξιοηίιιι·
1577 428 1632 474 et
1677 417 1943 473 exsultent

2047 415 2364 486 ηὐχαρίστει
2389 411 2562 481 λέγων
2581 429 2594 442 ·
2633 429 2652 462 ι
2675 406 3129 479 Ἐξομολογοῦμαί
3151 422 3256 469 σοι,
3286 404 3484 476 Πάτερ,
3506 406 3594 460 Κύ-

365 528 574 594 gentes.
617 537 636 570 ι
669 516 786 583 Qua
819 530 946 570 vero
989 515 1057 570 de
1093 528 1260 568 causa
1286 555 1300 579 ,
1333 512 1529 567 deinde
1557 511 1717 566 docet
1757 513 1838 564 sic
1871 509 1952 563 lo-

365 629 578 686 quens:
618 629 637 662 ι
676 610 942 677 Quoniam
968 607 1241 680 judicabis
1259 607 1489 678 populos
1511 607 1565 660 in
1601 605 1894 675 :equitate;
1927 624 1944 656 ι

367 702 600 776 populos
657 706 838 753 autem
869 714 978 753 non
1026 699 1274 769 aliquos,
1339 697 1460 751 aliis
1521 695 1806 758 dimissis;
1852 693 1950 749 sed

367 810 582 858 omnes,
614 799 673 847 ut
700 790 1136 846 demonstratum
1183 789 1435 860 superius
1481 797 1605 844 est:
1649 787 1744 857 qui
1795 788 1950 859 gnari

368 887 594 955 insuper
627 899 687 940 se
715 883 812 939 abs
850 891 904 937 te
929 882 1151 937 ductum
1183 882 1288 948 iri,
1337 893 1396 936 ut
1421 881 1566 936 viam
1593 881 1695 935 sibi
1725 895 1754 934 a
1793 881 1950 936 nobis

369 978 663 1033 indicatam
696 975 1104 1046 perambulent.
1132 974 1255 1043 jure
1288 972 1474 1027 laetitia
1500 979 1554 1026 et
1586 971 1952 1027 exsultatione

369 1069 742 1139 replebuntur.
780 1063 888 1118 Pro
915 1064 1007 1117 illo
1037 1071 1240 1124 autem,
1271 1079 1290 1111 ‹
1323 1067 1378 1114 et
1400 1060 1696 1124 exsultent,
1735 1077 1754 1110 ι
1782 1059 1950 1128 Aqui-

369 1154 439 1216 la,
473 1171 492 1202 ι
522 1157 576 1204 et
607 1147 950 1217 laudabunt;
987 1167 1006 1200 ι
1043 1146 1401 1218 Symmachus
1431 1160 1581 1210 vero,
1611 1164 1630 1196 ‹
1689 1153 1744 1200 et
1787 1144 1953 1198 bene-

367 1244 570 1306 dicant,
601 1262 620 1296 ι
657 1241 998 1314 interpretati
1054 1248 1205 1296 sunt.
1253 1258 1271 1291 ι
1309 1238 1681 1294 Confiteantur
1707 1238 1807 1293 tibi
1856 1252 1953 1307 po-

369 1337 502 1407 puli,
530 1336 694 1399 Deus,
725 1337 1096 1390 conﬁteantur
1126 1333 1222 1387 tibi
1281 1331 1468 1402 populi
1525 1344 1714 1385 omnes
1757 1349 1770 1384 :
1805 1337 1951 1384 terra

367 1429 515 1484 dedit
543 1429 780 1485 fructum
805 1442 985 1484 suum.
1022 1446 1040 1479 ι
1079 1426 1154 1480 De
1197 1425 1356 1480 bonis
1390 1424 1675 1494 promissis
1704 1422 1814 1477 tuis
1858 1421 1950 1476 lae-

368 1523 643 1577 tabundus
670 1521 905 1592 Spiritus
945 1530 1190 1585 sanctus,
1220 1517 1413 1574 iisdem
1454 1516 1680 1571 vocibus
1727 1513 1948 1578 insistit,

367 1615 524 1683 quasi
555 1615 623 1669 de
671 1615 947 1668 communi
1007 1613 1384 1667 universorum
1443 1609 1724 1664 hominum
1777 1609 1951 1664 salute

368 1704 690 1760 delectatus.
721 1703 900 1770 Quare
946 1704 1031 1759 bis
1065 1712 1216 1758 terve
1266 1701 1536 1767 resumit,
1568 1716 1743 1770 neque
1775 1700 1890 1753 vult
1921 1713 1950 1752 a

368 1795 595 1850 salutari
643 1807 697 1851 et
743 1796 1054 1866 evangelico
1107 1794 1324 1849 cantico
1380 1793 1654 1848 secedere.
1714 1791 1949 1846 Rursum

369 1886 552 1956 itaque
576 1888 650 1940 ait
683 1904 695 1939 :
729 1907 746 1938 ‹
770 1886 1148 1942 Conﬁteantur
1174 1887 1271 1942 tibi
1301 1885 1504 1956 populi,
1539 1884 1699 1940 Deus.
1741 1903 1759 1935 ι
1790 1883 1947 1950 Quod

367 1994 499 2034 sane
533 1979 827 2033 maximum
856 1987 974 2036 erat
1010 1981 1357 2041 miraculum,
1378 1979 1504 2048 quia
1526 1977 1696 2033 Judaei
1729 1978 1947 2047 quidem

369 2068 750 2124 universorum
781 2070 877 2125 Dei
912 2072 1117 2126 cultum
1149 2085 1179 2124 a
1209 2071 1455 2141 patribus
1477 2071 1676 2134 edocti,
1705 2071 1757 2123 in
1781 2068 1950 2122 idolo-

369 2161 542 2216 latriae
583 2177 828 2218 errorem
863 2163 1179 2233 frequenter
1220 2163 1574 2233 proruebant.
1614 2161 1807 2234 P0puli
1848 2178 1947 2216 au-

367 2260 480 2308 tem
513 2269 609 2323 per
650 2256 839 2310 orbem
869 2256 1135 2320 universi,
1160 2257 1253 2326 qui
1283 2271 1315 2309 a
1340 2256 1525 2311 multis
1547 2264 1695 2312 retro
1734 2257 1948 2312 saeculis

366 2346 542 2400 errori
567 2345 736 2400 dediti
769 2353 947 2409 erant,
977 2363 1220 2416 eousque
1269 2361 1450 2402 mores
1480 2346 1866 2413 immutabunt,
1892 2355 1950 2400 ut

368 2451 478 2491 non
512 2439 690 2492 solum
715 2448 767 2493 te
789 2439 1031 2492 omnium
1063 2439 1230 2494 Deum
1268 2446 1596 2510 agnoscant;
1650 2438 1744 2494 sed
1784 2439 1946 2490 etiam

367 2528 618 2584 ediscant
651 2531 751 2586 tibi
783 2532 986 2602 duplici
1033 2532 1144 2603 jam
1196 2531 1401 2588 tradito
1447 2547 1597 2588 more
1651 2533 1944 2588 conﬁteri:

369 2623 514 2692 quod
547 2630 606 2677 ut
646 2626 862 2679 eveniat
893 2626 1005 2693 jam
1036 2624 1356 2680 vaticinium
1410 2634 1656 2692 matura;
1698 2633 1757 2679 ut
1792 2633 1948 2679 aeter-

367 2725 565 2766 narum
627 2715 1052 2783 promissionum
1102 2714 1301 2770 oculati
1357 2720 1526 2771 testes
1576 2715 1767 2770 simus.
1824 2713 1948 2769 Hac

368 2817 536 2872 porro
559 2803 639 2858 sic
669 2803 985 2874 accipienda
1019 2813 1168 2868 sunt,
1195 2812 1254 2858 ut
1292 2805 1507 2874 possint
1546 2816 1613 2860 ex
1655 2807 1948 2877 propheta-

369 2910 494 2949 rum
527 2911 759 2965 persona
785 2896 890 2950 dici
919 2913 934 2962 ;
971 2898 1040 2948 ita
1069 2901 1129 2949 ut
1152 2910 1273 2965 quae
1302 2902 1431 2950 ante
1463 2894 1766 2965 diapsalma
1795 2902 1944 2959 sunt,

369 2986 738 3056 apostolorum
766 3001 1012 3057 personat
1039 2986 1406 3052 conveniant;
1438 2999 1560 3055 quae
1595 2999 1724 3039 vero
1755 2999 1948 3040 secun-

367 3077 497 3131 dum
532 3077 834 3148 diapsalma
865 3085 1166 3148 ponuntur,
1204 3078 1592 3148 pr0phetarum
1627 3077 1819 3138 choro,
1851 3076 1945 3144 qui

366 3186 432 3227 ea
459 3186 574 3242 quae
598 3186 698 3225 nos
739 3169 1005 3235 videmus,
1051 3169 1155 3240 ipsi
1183 3184 1400 3239 quoque
1431 3169 1750 3238 conspicere
1797 3166 1947 3237 ﬂagi-

367 3264 581 3324 tabant,
606 3269 660 3316 et
689 3271 870 3316 tamen
898 3276 1009 3315 non
1035 3260 1289 3316 viderunt
1315 3260 1613 3315 secundum
1651 3259 1946 3315 Salvatoris

366 3364 558 3404 vocem
590 3349 658 3402 9‘.
715 3349 918 3404 Deinde
983 3349 1218 3403 dicitur:
1267 3368 1287 3402 ι
1329 3347 1496 3404 Terra
1529 3349 1676 3406 dedit
1714 3349 1948 3405 fructum

364 3455 563 3507 suum;
593 3460 610 3492 ι
641 3441 776 3505 sive,
807 3439 1107 3496 secundum
1134 3441 1519 3511 Symmachum
1546 3461 1560 3496 :
1601 3459 1618 3492 ι
1653 3440 1822 3497 Terra
1851 3441 1948 3496 da-

368 3531 447 3586 bit
479 3541 799 3601 proventum
846 3547 1026 3587 suum.
1087 3551 1105 3584 ι
1144 3529 1282 3588 Vere
1339 3547 1572 3603 namque
1613 3532 1825 3590 fructus
1863 3549 1948 3590 se-

365 3621 610 3676 cundum
665 3630 825 3677 terrae
872 3630 1119 3677 naturam
1168 3630 1294 3686 est,
1355 3639 1518 3681 nosse
1569 3625 1946 3681 universorum

367 3713 560 3779 Deum,
585 3730 790 3786 eosque
817 3717 974 3786 queis
1011 3717 1066 3770 in
1102 3716 1189 3770 illa
1218 3716 1465 3772 habitare
1491 3733 1811 3775 concessum
1840 3727 1945 3783 est,

367 3807 580 3864 debitas
639 3809 748 3880 ipsi
793 3809 1170 3866 confessiones
1228 3819 1283 3865 et
1347 3811 1646 3881 gratiarum
1706 3810 1948 3865 actiones

367 3901 637 3956 emittere.
673 3900 807 3954 Nam
840 3917 904 3957 ea
933 3901 1000 3957 de
1027 3910 1377 3957 causaterrae
1411 3904 1738 3960 elementum
1759 3903 1949 3958 condio

368 4011 481 4057 tum
505 4009 610 4066 est,
639 4011 699 4057 ut
721 4003 814 4073 qui
843 4003 896 4057 in
935 4003 1025 4056 illa
1055 4011 1408 4059 versarentur
1431 4047 1446 4071 ,
1485 4005 1701 4075 pietatis
1737 4003 1947 4059 fructu-5

368 4093 706 4168 proferrent;
751 4094 844 4149 sed
875 4095 945 4148 ob
976 4094 1135 4164 primi
1180 4094 1418 4150 hominis
1446 4095 1943 4165 praevaricationem

367 4187 573 4244 dictum
611 4195 735 4242 est:
780 4205 798 4238 ι
837 4185 1116 4242 Maledicta
1156 4196 1300 4241 terra
1341 4188 1396 4242 in
1436 4189 1693 4258 operibus
1725 4188 1854 4241 tuis.
1886 4187 1944 4240 ln

368 4279 556 4334 dolore
579 4277 832 4334 comedes
878 4277 1048 4347 ipsam
1103 4278 1358 4334 omnibus
1388 4277 1582 4333 diebus
1641 4277 1761 4333 vita:
1818 4285 1942 4331 tuae.

368 4369 568 4441 Spinas
599 4377 653 4425 et
681 4370 916 4424 tribulos
944 4370 1270 4440 germinabit
1292 4371 1390 4424 tibi
1426 4371 1493 4424 ’³.
1533 4389 1551 4422 ι
1591 4371 1659 4422 At
1688 4385 1795 4423 non
1828 4376 1946 4422 erat

2055 525 2137 580 ριε
2158 507 2250 559 τοῦ
2285 504 2512 576 οὐρανοῦ
2540 504 2634 556 καὶ
2662 503 2762 573 τῆς
2792 501 2912 571 γῆς.
2948 519 2966 552 ι
3004 497 3160 554 Μετά
3189 498 3246 551 δὲ
3269 498 3370 569 τὴν
3396 496 3597 569 πρώτην

2051 601 2145 653 καὶ
2190 598 2444 669 δευτέραν
2495 593 2880 666 ἐξομολόγησιν
2922 591 3243 662 ἐπεύχονται
3285 592 3399 654 τοῖς
3442 587 3596 645 ἔθνεσι

2049 695 2161 755 τοῖς
2206 686 2759 761 ὲξομολογησαμένοις
2801 684 2870 738 τὰ
2917 684 3096 755 τρίτα.
3131 683 3266 736 Τίνα
3305 681 3366 736 δὲ
3410 680 3596 747 ταῦτας

2057 806 2074 837 ι
2120 782 2588 854 Εὐφρανθήτωσαν
2622 781 2716 832 καὶ
2761 776 3208 847 ἀγαλλιάσθωσαν
3253 775 3401 846 ἔθνη.
3446 793 3465 827 ι
3503 774 3594 827 Kal

2047 875 2137 930 διὰ
2181 874 2341 928 ποίαν
2379 873 2576 935 αἰτίαν,
2606 871 2732 942 ἑξῆς
2765 870 3002 924 διδάσκει
3038 867 3233 937 λέγων·
3271 885 3291 918 ι
3327 867 3450 918 Ὅτι
3492 883 3597 936 κρι-

2049 969 2159 1031 νεῖς
2189 966 2351 1028 λαοὺς
2393 967 2450 1017 ὲν
2500 963 2773 1035 εὐθύτητι,
2814 981 2832 1014 ι
2877 963 2971 1016 καὶ
3017 961 3098 1013 ὅτι
3137 958 3319 1022 λαοὺς,
3363 959 3424 1010 οὐ
3467 959 3597 1022 τινὰς

2055 1056 2172 1127 μὲν,
2205 1054 2355 1118 τινὰς
2381 1053 2438 1107 δὲ
2475 1053 2570 1107 οὐ·
2613 1052 2748 1106 ἀλλὰ
2794 1053 3001 1114 πάντας
3029 1050 3168 1104 κατά
3199 1048 3267 1102 τὰ
3312 1049 3600 1118 ἔμπροσθεν

2048 1146 2406 1218 δεδηλωμένα.
2448 1146 2568 1197 Ἔτι
2614 1143 2672 1197 δὲ
2699 1144 2917 1212 γνόντα,
2957 1142 3038 1196 ὅτι
3074 1140 3466 1212 όδηγηθήσεται
3507 1139 3596 1194 ὐπὸ

2052 1237 2147 1292 σοῦ
2186 1239 2324 1310 πρὸς
2365 1237 2428 1291 τὸ
2469 1236 2683 1306 βαδίσαι
2708 1236 2807 1307 τὴν
2846 1233 2964 1289 ὁδὸν
2996 1234 3096 1306 τὴν
3121 1233 3213 1304 ὑφ’
3245 1231 3408 1304 ἡμῶν
3433 1234 3597 1296 aeni;

2049 1330 2480 1404 γνωριζομένην,
2508 1330 2733 1393 εἰκότως
2758 1328 3093 1400 εὐφροσύνης
3123 1327 3215 1380 καὶ
3246 1325 3594 1394 ἀγαλλιάσεως

2050 1420 2436 1492 πλησθήσεται.
2482 1420 2625 1472 Ἀντὶ
2666 1418 2721 1472 δὲ
2771 1418 2887 1482 τοῦ,
2920 1437 2938 1469 ι
2975 1419 3068 1471 καὶ
3096 1416 3590 1486 ἀγαλλιάσθωσαν..

2057 1531 2075 1563 ι
2101 1513 2191 1566 καὶ
2222 1513 2520 1566 αἰνέσουσιν
2560 1531 2579 1563 ι
2614 1512 2644 1564 6
2687 1510 2916 1572 ’Δκύλας
2936 1527 2950 1540 ·
2982 1512 3010 1563 6
3040 1510 3096 1562 δὲ
3127 1508 3440 1581 Σύμμαχος,
3471 1528 3488 1560 ι
3519 1509 3598 1563 καὶ

2051 1603 2487 1674 εὐφημείτωσαν,
2515 1621 2532 1653 ι
2568 1601 2934 1673 ἡρμήνευσαν.
2964 1619 2983 1651 ι
3007 1599 3598 1671 Ἐξομολογησὰσθωσάν

2053 1715 2134 1750 σοι
2167 1697 2305 1760 λαοὶ,
2341 1698 2369 1750 6
2399 1696 2552 1760 Θεὸς,
2589 1694 3178 1765 ὲξομολογησάσθωσάν
3219 1711 3303 1746 σοι
3340 1694 3454 1748 λαοὶ
3484 1695 3599 1749 πάν-

2049 1806 2160 1852 τεςο
2203 1789 2274 1858 γῆ
2302 1788 2485 1841 ιέδωκε
2515 1789 2607 1841 τὸν
2637 1787 2845 1858 καρπὸν
2887 1787 3076 1858 αὐτῆς.
3107 1806 3127 1837 ι
3168 1787 3291 1840 Ἐπὶ
3333 1789 3450 1850 ταῖς
3482 1805 3597 1859 χρη-

2051 1884 2201 1946 σταῖς
2253 1881 2347 1934 καὶ
2396 1879 2626 1948 ἀγαθαῖς
2671 1879 3027 1948 ἐπαγγελίαις
3075 1879 3498 1951 εὐφραινόμενον
3547 1878 3598 1934 τὸ

2050 1974 2273 2045 Πνεῦμα
2311 1971 2373 2026 τὸ
2417 1971 2592 2040 ἅγιον,
2638 1974 2754 2034 ταῖς
2797 1970 2988 2034 αὐταῖς
3018 1971 3341 2043 ἐνδιατρίϐει
3394 1973 3598 2040 φωναξ,

2047 2066 2236 2140 ὥσπερ
2267 2065 2548 2138 ἐντρυφῶν
2575 2067 2642 2136 τῇ
2675 2067 2828 2136 κοινῇ
2862 2064 3077 2118 πάντων
3108 2063 3412 2136 ἀνθρώπων
3443 2081 3601 2134 σωτη-

2051 2161 2162 2234 ρίᾳ.
2195 2160 2286 2213 Διὸ
2321 2156 2761 2228 ὲπαναλαμϐάνει
2793 2157 3042 2228 δεύτερον
3073 2158 3166 2209 καὶ
3198 2156 3402 2228 τρίτον,
3436 2156 3525 2210 καὶ
3549 2156 3599 2208 οὐ

2050 2251 2296 2322 βούλεται
2342 2251 2644 2321 ἀναχωρεῖν
2675 2249 2770 2303 τοῦ
2819 2249 3087 2321 σωτηρίου
3136 2248 3231 2302 καὶ
3265 2245 3600 2317 εὐαγγελικοῧ

2047 2343 2305 2415 ᾄσματος.
2351 2342 2518 2396 Πάλιν
2561 2337 2654 2395 οὖν
2703 2357 2886 2414 φησιν·
2943 2359 2959 2391 ι
3009 2339 3600 2412 Ἐξομολογησάσθωσάν

2049 2453 2130 2488 σοι
2169 2435 2305 2503 λαοὶ,
2345 2438 2376 2489 6
2418 2436 2568 2499 Θεός.
2609 2454 2630 2487 ι
2674 2436 2740 2487 Ὃ
2781 2434 2844 2505 δὴ
2890 2434 3141 2505 μέγιστον
3179 2427 3247 2503 ἦν
3283 2432 3491 2502 θαῦμα,
3529 2432 3596 2483 ὅτι

2059 2527 2298 2581 Ἰουδαῖοι
2326 2528 2444 2598 μὲν,
2485 2529 2548 2581 ὲκ
2575 2526 2826 2598 πατέρων
2857 2527 2947 2577 τὸν
2974 2523 3081 2578 τῶν
3109 2523 3244 2578 ὅλων
3273 2523 3405 2577 Θεὸν
3437 2522 3593 2576 σέϐειν

2045 2618 2430 2690 δεδιδαγμένοι,
2462 2619 2700 2689 συνεχῶς
2731 2617 3206 2690 ἐξετραχηλίζοντο
3234 2617 3328 2670 ὲπί
3358 2615 3456 2686 τὴν
3483 2615 3600 2668 πλά-

2046 2729 2143 2784 νην
2172 2713 2272 2783 τῆς
2295 2711 2734 2783 εἰδωλολατρείας
2753 2728 2768 2743 ·
2800 2711 2919 2765 λαοὶ
2941 2711 2998 2765 δὲ
3030 2712 3227 2774 πάντες
3251 2711 3302 2763 oi
3345 2708 3461 2763 καθ’
3487 2708 3598 2779 ὅλης

2044 2806 2144 2880 τῆς
2177 2806 2498 2876 οἰκουμένης
2525 2806 2588 2858 ὲκ
2618 2805 2714 2858 τοῦ
2751 2803 2964 2876 μακροῦ
2991 2803 3184 2868 αἰῶνος
3215 2800 3597 2873 πεπλανημένοι

2046 2901 2127 2962 εἰς
2168 2896 2437 2968 τοσαύτην
2475 2896 2663 2966 ἥξουσι
2712 2896 3031 2968 μεταϐολὴν,
3069 2894 3146 2960 ὡς
3182 2896 3257 2968 μὴ
3296 2895 3452 2966 μόνον
3492 2896 3596 2947 ὲπι-

2047 2991 2247 3061 γνῶναί
2272 3007 2332 3043 σε
2358 2989 2450 3044 τὸν
2480 2990 2572 3044 ἐπὶ
2605 2989 2820 3043 πάντων
2842 2989 2996 3054 Θεὸν,
3025 2988 3161 3044 ἀλλὰ
3189 2989 3283 3043 καὶ
3308 2991 3596 3060 ἐπιστήμην

2047 3081 2333 3136 ἀναλαϐεῖν
2369 3079 2462 3133 τοῦ
2509 3080 2943 3152 ἐξομολογεῖσθαί
2990 3098 3070 3134 σοι
3116 3079 3257 3134 κατά
3297 3081 3393 3134 τὸν
3425 3079 3596 3134 dm?»-

2049 3172 2208 3227 θέντα
2247 3172 2425 3226 διττὸν
2459 3172 2690 3239 τρόπον·
2739 3173 2876 3245 ὅπερ
2928 3173 3014 3227 ἵνα
3061 3172 3283 3243 γένηται
3322 3171 3424 3242 ἥδη
3461 3168 3594 3234 ποτὶ,

2047 3265 2273 3335 τάχυνον
2295 3265 2364 3318 τὰ
2391 3265 2492 3335 τῆς
2522 3265 2876 3337 προφητείας,
2905 3265 2992 3320 ἴνα
3038 3265 3304 3320 αὐτόπται
3344 3263 3450 3317 τῶν
3482 3265 3598 3318 αἰω-

2047 3357 2174 3411 νίων
2207 3357 2544 3426 ἐπαγγελιῶν
2575 3358 2889 3429 γενοίμεθα.
2936 3358 3249 3413 Ἀκουστέον
3277 3357 3335 3412 δὲ
3361 3357 3466 3410 τῶν
3487 3371 3597 3426 προ-

2047 3448 2313 3519 κειμένων
2345 3449 2420 3512 ὼς
2458 3449 2769 3520 δυναμένων
2795 3451 2888 3504 καὶ
2922 3451 2986 3504 ὲκ
3022 3447 3311 3521 προσώπου
3355 3446 3459 3500 τῶν
3483 3462 3596 3516 προ-

2047 3540 2231 3612 φητῶν
2255 3540 2535 3610 λέγεσθαι·
2569 3541 2696 3595 ὥστ’
2739 3538 2878 3596 εἶναι
2905 3543 2972 3596 τὰ
3002 3541 3100 3613 μὲν
3121 3541 3226 3611 πρὸ
3259 3539 3356 3593 τοῦ
3395 3538 3595 3608 διαψάλ-

2051 3651 2235 3706 ματος,
2273 3635 2578 3705 ἁρμόζοντα
2619 3633 2697 3704 τῷ
2727 3622 3001 3705 προσώπῳ
3033 3633 3141 3686 τῶν
3184 3631 3507 3697 ἀποστόλων,
3538 3629 3594 3683 τὰ

2046 3729 2103 3783 δὲ
2135 3728 2271 3799 μετά
2295 3728 2356 3781 τὸ
2381 3727 2676 3798 διάψαλμα,
2704 3727 2783 3798 τῷ
2811 3727 2957 3800 χορῷ
2988 3729 3096 3782 τῶν
3124 3729 3439 3800 προφητῶν,
3477 3728 3592 3780 οἵτι-

2047 3841 2135 3887 νες
2158 3821 2462 3894 ἐπεθύμουν
2499 3823 2625 3876 ἰδεῖν
2649 3822 2684 3876 ἃ
2713 3823 2872 3892 ἡμεῖς
2910 3822 3199 3893 βλέπομεν,
3227 3821 3322 3875 καὶ
3353 3823 3451 3875 οὐκ
3477 3820 3593 3874 εἶδον

2046 3914 2187 3968 κατά
2219 3915 2317 3985 τὴν
2359 3917 2623 3987 σωτήριον
2672 3915 2874 3986 φωνήν.
2915 3914 3072 3984 Ἑξῆς
3108 3913 3319 3977 τούτοις
3365 3913 3589 3985 εἴρηται·

2051 4027 2069 4058 ι
2101 4008 2176 4078 Γῆ
2204 4007 2370 4062 ἔδωκε
2394 4008 2485 4061 τὸν
2513 4005 2719 4078 καρπὸν
2747 4007 2914 4076 αὐτῆς
2934 4025 2947 4037 ·
2981 4026 2999 4058 ι
3039 4005 3072 4076 ἢ
3105 4005 3246 4059 κατὰ
3274 4005 3368 4058 τὸν
3396 4007 3594 4077 Σύμμα-

2045 4118 2171 4166 χον·
2215 4121 2233 4152 ι
2282 4100 2359 4170 Γῆ
2393 4098 2552 4152 δώσει
2585 4098 2684 4170 τὴν
2723 4097 2894 4169 φορὰν
2944 4097 3131 4167 αὐτῆς.
3168 4116 3187 4149 ι
3238 4097 3465 4168 Καρπὸς
3503 4095 3592 4165 γὰρ

2044 4191 2120 4254 ὡς
2150 4190 2364 4261 άληθῶς
2392 4191 2420 4242 6
2453 4189 2595 4244 κατὰ
2637 4189 2797 4258 φύσιν
2821 4189 2922 4260 τῆς
2961 4188 3066 4258 γῆς
3099 4191 3214 4242 ἐστι
3240 4189 3302 4242 τὸ
3328 4187 3591 4259 γνωρίζειν

2043 4281 2134 4335 τὸν
2164 4282 2256 4333 ἐπὶ
2281 4281 2498 4335 πάντων
2520 4279 2672 4343 Θεὸν,
2701 4280 2795 4333 καὶ
2815 4279 2914 4343 τὰς
2946 4279 3298 4351 ὀφειλομένας
3324 4280 3472 4351 αὐτῷ
3497 4279 3592 4344 εξο-

2048 4373 2368 4445 μολογήσεις
2409 4375 2503 4427 καὶ
2535 4372 2879 4446 εὐχαριστίας
2926 4372 3266 4444 ἀναπέμπειν
3290 4375 3417 4437 τοὺς
3448 4373 3591 4425 οἰκεῖν

366 4461 458 4518 hic
489 4461 700 4515 fructus
720 4467 878 4514 terrae
899 4461 1201 4514 secundum
1229 4472 1516 4525 naturam;
1548 4460 1642 4516 sed
1659 4460 1939 4531 praedictio

2047 4465 2214 4538 αὐτὴν
2243 4465 2660 4537 ὲπιτραπέντας.
2698 4466 2820 4518 Ἐπὶ
2844 4464 3002 4518 τοῦτο
3031 4466 3128 4535 μὲν
3153 4465 3261 4536 γὰρ
3282 4465 3589 4520 κατεσκεύα-

367 4553 591 4608 malitiae
657 4568 779 4623 qua:
827 4560 1024 4622 praeter
1081 4563 1329 4608 naturam
1387 4554 1447 4609 in
1501 4568 1565 4608 ea
1607 4554 1941 4623 pullulatura

366 4650 506 4700 erat.
560 4642 695 4698 Nam
738 4655 932 4714 praeter
965 4655 1214 4700 naturam
1254 4646 1426 4716 spinae
1468 4653 1522 4701 et
1549 4645 1734 4700 tribuli
1767 4646 1943 4700 oborti

367 4743 498 4791 sunt
523 4745 748 4806 propter
779 4737 1280 4806 praevaricationem
1313 4753 1424 4792 non
1450 4738 1629 4792 solum
1652 4738 1810 4808 primi
1846 4738 1943 4792 ho-

366 4825 550 4880 minis.
575 4827 668 4881 sed
697 4827 860 4882 etiam
880 4844 1067 4884 eorum
1101 4829 1193 4899 qui
1232 4838 1354 4897 post
1380 4829 1530 4883 illum
1583 4829 1639 4884 in
1686 4830 1940 4899 impieta-

366 4933 476 4982 tem
507 4929 743 4999 prolapsi
777 4937 926 4985 sunt.
953 4929 1089 4996 Quia
1148 4932 1202 4985 in
1256 4932 1523 5001 principio
1555 4931 1772 5001 quando
1806 4930 1944 4986 dixit

367 5017 551 5074 Deus:
593 5038 612 5070 ι
649 5019 927 5076 Germinet
953 5031 1098 5076 terra
1129 5022 1352 5077 herbam
1377 5021 1482 5076 l'eni
1506 5061 1521 5085 ,
1578 5023 1940 5076 setninantem

368 5124 577 5174 semen,
610 5111 908 5166 secundum
939 5127 1111 5182 genus
1135 5121 1189 5166 et
1217 5111 1718 5176 similitudinem,et
1736 5113 1938 5184 lignum

370 5200 708 5256 fructiferum
767 5202 947 5259 ferens
998 5203 1255 5267 fructum,
1289 5205 1448 5274 cujus
1480 5220 1666 5260 semen
1716 5205 1770 5257 in
1822 5203 1941 5273 ipso

369 5294 442 5348 sit
472 5294 770 5349 secundum
815 5311 988 5366 genus
1032 5311 1198 5373 super
1227 5306 1426 5352 terram
1459 5296 1534 5364 9';
1597 5314 1618 5349 ι
1671 5310 1937 5365 nusquam

369 5386 575 5440 mentio
607 5387 884 5455 Spinarum
934 5402 999 5443 ac
1039 5389 1362 5444 tribulorum
1390 5395 1504 5456 est;
1563 5404 1742 5458 neque
1795 5394 1939 5442 terra

371 5481 558 5537 isthmc
592 5485 967 5554 produxisset.
1003 5487 1110 5542 nisi
1159 5487 1471 5543 hominibus
1515 5487 1938 5556 inobsequentiae

370 5588 665 5645 subsecuta
688 5591 822 5647 ultio
849 5600 1013 5648 esset.
1043 5591 1101 5646 In
1132 5592 1352 5647 malitiae
1373 5607 1524 5665 ergo,
1547 5607 1668 5665 qua:
1693 5591 1934 5646 homini-

443 5765 488 5796 ⁰¹
511 5763 638 5818 Luc.
679 5783 731 5829 ι,
770 5766 859 5819 24.
937 5768 980 5798 "
1005 5767 1137 5822 Gen.
1172 5785 1254 5835 Ill,
1289 5769 1376 5826 l7.
1491 5769 1537 5803 ”
1561 5767 1695 5825 Gen.
1747 5784 1786 5833 ι,
1843 5770 1931 5825 ll.

2049 4576 2169 4613 σται
2210 4558 2271 4612 τὸ
2302 4560 2401 4630 τῆς
2430 4561 2532 4630 γῆς
2566 4561 2842 4629 στοιχεῖον,
2888 4559 2980 4612 ἐπὶ
3009 4558 3070 4612 τὸ
3098 4560 3224 4622 τοὺς
3261 4561 3319 4612 ὲν
3351 4562 3482 4630 αὐτῇ
3508 4557 3589 4620 τὰς

2045 4648 2328 4720 διατριϐὰς
2373 4652 2725 4722 ποιουμένους
2770 4651 3048 4715 εὐσεϐείας
3095 4653 3421 4725 προσφέρειν
3473 4667 3587 4721 καρ-

2046 4741 2181 4804 πούς
2202 4757 2214 4770 ·
2243 4740 2331 4794 διὰ
2355 4741 2411 4794 δὲ
2444 4743 2543 4814 τὴν
2571 4741 2663 4796 τοῦ
2697 4741 2912 4814 πρώτου
2946 4744 3134 4813 ἀνδρὸς
3157 4744 3463 4816 παράϐασιν
3488 4743 3587 4796 ἑλέ-

2044 4832 2148 4904 χθη
2173 4848 2203 4862 "
2226 4851 2246 4885 ι
2285 4833 2712 4906 Ἐπικατάρατος
2741 4837 2775 4906 ἡ
2806 4834 2879 4906 γῆ
2911 4837 2968 4887 έν
2999 4838 3109 4900 τοῖς
3145 4834 3329 4906 ἔργοις
3369 4853 3477 4891 σου.
3515 4835 3588 4888 Ἐν

2043 4925 2239 4989 λύπαις
2289 4925 2436 5000 φάγῃ
2487 4926 2654 4998 αὐτὴν
2703 4927 2884 4991 πάσας
2919 4927 3017 4992 τὰς
3066 4927 3278 4998 ἡμέρας
3318 4927 3440 5009 τῆς.
3463 4926 3588 4997 ζωῆς

2045 5033 2139 5069 σου
2158 5033 2172 5046 ο
2203 5016 2443 5081 ἀκάνθας
2467 5018 2560 5070 καὶ
2583 5017 2867 5089 τριϐόλους
2888 5019 3131 5072 ἀνατελεῖ
3156 5036 3258 5074 σοι.
3293 5039 3314 5072 ι
3349 5021 3481 5074 Ἀλλ’
3505 5019 3585 5072 οὐκ

2040 5103 2107 5178 ἦν
2135 5104 2288 5172 οὗτος
2313 5111 2342 5161 6
2384 5110 2524 5163 κατὰ
2569 5109 2730 5179 φύσιν
2762 5113 2970 5185 καρπὸς
2991 5112 3108 5182 στῆς
3138 5112 3274 5183 γῆς·
3309 5113 3584 5185 πρόρρησις

2040 5200 2098 5253 δὲ
2125 5201 2225 5272 τῆς
2261 5201 2557 5272 μελλούσης
2586 5203 2740 5272 φύειν
2766 5205 2823 5256 ὲν
2853 5206 2987 5276 αὐτῇ
3022 5206 3172 5276 παρά
3205 5205 3366 5274 φύσιν
3391 5203 3578 5265 κακίας.

2040 5292 2198 5364 Παρὰ
2228 5293 2387 5362 φύσιν
2411 5294 2520 5367 γάρ
2548 5296 2605 5349 αἰ
2631 5295 2863 5351 ἄκανθαι
2894 5299 2987 5350 καὶ
3017 5297 3251 5368 τρίϐολοι
3271 5297 3359 5350 διὰ
3380 5297 3471 5367 τὴν
3491 5311 3576 5348 πα·

2042 5385 2269 5458 ράϐασιν
2301 5387 2599 5442 ὐποστᾶσαι
2629 5389 2689 5441 οὐ
2726 5390 2886 5460 μόνον
2925 5391 3018 5444 τοῦ
3050 5390 3264 5462 πρώτου
3297 5389 3572 5462 ἀνθρώπων

2039 5479 2173 5533 ἀλλά
2203 5482 2297 5534 καὶ
2319 5480 2430 5534 τῶν
2463 5483 2580 5552 μετ’
2606 5482 2767 5536 αὐτὸν
2794 5483 3140 5554 ἠσεϐηκότων
3158 5501 3172 5514 ο
3207 5483 3328 5537 ἐπεὶ
3355 5482 3465 5536 κατ’
3489 5480 3571 5548 ἀρ-

2038 5571 2158 5643 χὰς,
2191 5571 2279 5624 ἃτε
2325 5567 2478 5627 εἶπεν
2506 5575 2536 5626 6
2578 5573 2736 5640 Θεός·
2769 5595 2787 5626 ι
2823 5575 3235 5646 Βλαστησάτωή
3263 5574 3332 5645 γῆ
3369 5573 3566 5645 βοτάνην
