3808 6280
169 335 265 390 θη

1273 328 1773 387 COMMENTARIA
1816 329 1879 384 IN
1921 324 2257 388 PSALMOS.

3296 336 3402 393 678
3452 328 3464 396 ζ

167 453 367 522 χόρτουο
401 446 620 518 σπεῖρον
654 442 875 516 σπέρμα
902 443 1043 498 κατὰ
1075 443 1232 513 γένος
1265 445 1359 498 καί
1390 445 1512 499 καθ’
1545 447 1712 517 ὁμοιό-

1828 446 1927 500 bus
1971 455 2159 516 postea
2209 445 2470 511 inhaesit,
2523 447 2811 519 imaginem
2838 488 2853 512 ,
2894 448 3065 519 spinas
3111 457 3166 505 et
3214 451 3401 505 tribuli

165 559 305 615 τητα,
344 539 437 593 καὶ
490 537 642 603 ξύλον
703 537 983 609 κάρπιμον
1032 536 1218 590 ποιοῦν
1270 538 1499 608 καρπὸν,
1548 534 1609 591 οὗ
1656 538 1717 591 τὸ

166 635 370 703 σπέρμα
402 629 566 682 αὐτοῦ
605 630 663 682 ἐν
705 627 854 699 αύτῷ
886 628 1026 681 κατὰ
1070 627 1226 696 γένος
1254 628 1348 681 ἐπὶ
1378 628 1479 698 τῆς
1512 629 1618 699 γῆς
1638 647 1651 661 ο
1694 648 1711 680 ι

163 721 351 791 οὐδαμῆ
385 720 571 791 μνήμη
604 718 825 786 γέγονεν
856 717 1107 772 ἀκανθῶν
1133 718 1253 770 οὐδὲ
1283 717 1547 789 τριϐόλων
1570 734 1583 748 ι
1609 719 1716 772 οὐδ’

166 814 223 867 ἂν
252 811 407 880 ἐφυσε
436 809 608 862 ταῦτα
637 810 669 878 ἡ
693 808 786 878 γῆ,
816 810 863 861 εἰ
893 809 966 878 μὴ
994 807 1061 861 τὰ
1082 808 1180 878 τῆς
1216 808 1500 880 παρακοῆς
1525 810 1720 878 ἐπηκο-

163 902 402 973 λούθησεν
430 899 723 971 ἀνθρώπῳ.
754 898 865 970 Τῆς
906 899 1036 967 γοῦν
1070 898 1294 968 ὕστερον
1336 899 1718 970 ἐπισυμϐάσης

166 992 448 1065 ἀνθρώποις
476 991 672 1053 κακίας
715 990 918 1053 εἰκόνες
946 990 1189 1061 ἐφύησαν
1217 990 1448 1045 ἄκανθαι
1477 990 1569 1043 καί
1599 988 1717 1060 τρί-

166 1084 311 1137 ϐολοι.
341 1080 503 1134 Ὅθεν
538 1079 623 1133 ἵνα
664 1079 835 1133 ταῦτα
881 1079 1169 1150 ἀπόληται,
1217 1080 1327 1151 πῦρ
1357 1076 1487 1151 ἦλθε
1540 1079 1718 1150 βαλεῖν

165 1171 246 1223 ἐπὶ
283 1167 373 1239 τὴν
403 1167 508 1236 γῆν
548 1168 577 1219 6
614 1167 822 1238 Σωτήρ.
873 1169 981 1221 Καὶ
1011 1168 1075 1239 δὴ
1116 1168 1210 1222 τοῦ
1256 1170 1524 1241 σωτηρίου
1558 1170 1717 1238 λόγου

162 1264 298 1333 δίκην
325 1260 493 1331 πυρὸς
534 1261 632 1325 τὰς
656 1261 895 1326 ἀκάνθας
929 1264 1021 1315 καὶ
1057 1265 1183 1327 τοὺς
1211 1262 1491 1335 τριϐόλους
1525 1264 1719 1332 ἀφανί-

162 1355 341 1419 ζοντος,
368 1352 625 1407 νεωθεῖσα
655 1354 752 1424 τῆς
778 1354 1029 1424 κακίαςή
1060 1354 1227 1425 ψυχὴ,
1255 1354 1346 1406 τὸν
1375 1355 1717 1425 προσήκοντα

161 1448 279 1516 αὐτῇ
308 1445 398 1499 καὶ
422 1445 757 1515 κατάλληλον
789 1445 1000 1515 καρπὸν
1038 1445 1343 1499 ἀποδίδωσι.
1381 1446 1578 1516 Διόπερ
1599 1445 1718 1499 λαοὶ

165 1542 250 1610 μὲν
294 1541 491 1602 πάντες
543 1538 1027 1610 ἐξομολογοῦνται⁸
1072 1539 1197 1610 ἔθνη
1245 1540 1300 1592 δὲ
1349 1540 1441 1592 ἐπὶ
1472 1540 1571 1610 τῆς
1614 1540 1715 1609 γῆς

160 1631 471 1704 όδηγοῦνται.
511 1633 733 1695 Τούτοις
763 1647 822 1684 τε
864 1631 1191 1694 ἀκολούθως,
1224 1632 1576 1702 ἐπενήνεκται
1617 1632 1676 1683 τό
1699 1648 1712 1661 ·

168 1726 272 1796 ιΓῆ
303 1724 465 1778 ἐδωκε
509 1725 602 1778 τὸν
640 1725 853 1796 καρπὸν
896 1724 1086 1794 αὐτῆς.
1148 1723 1452 1795 Εὑλογήσαι
1498 1725 1647 1794 ἡμᾶς
1687 1725 1717 1777 6

161 1816 290 1880 Θεὸς,
336 1818 364 1869 6
395 1816 528 1879 Θεὸς
567 1817 749 1888 ἡμῶν,
793 1816 1089 1887 εύλογήσαι
1127 1817 1274 1887 ἡμᾶς
1320 1817 1348 1869 ό
1396 1816 1549 1879 Θεός.
1602 1817 1714 1869 Καὶ
1747 1804 1788 1859 Β

162 1907 529 1979 φοϐηθήτωσαν
581 1909 743 1962 αὐτὸν
793 1910 968 1963 πάντα
1012 1910 1082 1961 τὰ
1128 1909 1342 1980 πέρατα
1384 1910 1483 1981 τῆς
1515 1910 1637 1979 γῆς.
1688 1927 1707 1960 ι

161 2001 265 2052 Εἴτε
289 2001 335 2052 οἱ
364 2000 653 2053 ἀπόστολοι
684 2000 775 2053 τοῦ
802 2001 1051 2072 Σωτῆρος
1081 2000 1258 2071 ἡμῶν,
1281 2003 1389 2055 εἴτε
1417 2002 1463 2054 οἱ
1497 2000 1715 2054 παλαιοὶ

159 2090 239 2144 τοῦ
264 2090 390 2145 Θεοῦ
449 2092 728 2164 προφῆται
759 2092 1022 2164 (ἐκατέρῳ
1062 2093 1170 2163 γάρ
1200 2093 1439 2163 τάγματι
1474 2093 1716 2164 ἐφαρμό-

159 2184 227 2247 ζει
250 2183 311 2237 τὰ
340 2184 666 2254 λεγόμενα),
701 2183 947 2255 εὔχονται
991 2185 1091 2255 τῆς
1122 2185 1277 2255 παρὰ
1323 2184 1416 2237 τοῦ
1449 2185 1583 2238 Θεοῦ
1619 2186 1712 2238 εύ-

158 2272 317 2342 λογίας
354 2278 559 2345 τυχεῖν,
600 2270 668 2348 ἦς
698 2277 790 2329 καὶ
824 2274 1082 2346 ἀνωτέρω
1124 2275 1223 2347 τὴν
1256 2275 1493 2329 διάνοιαν
1542 2292 1713 2348 παρε-

159 2367 430 2437 στήσαμεν,
483 2367 795 2431 δεικνύντες
848 2369 996 2431 ὅπως
1038 2368 1119 2431 τὸ,
1184 2386 1202 2419 ι
1260 2366 1567 2432 Αύξάνεσθε
1621 2371 1715 2422 καὶ

158 2460 465 2531 πληθύνεσθε
498 2462 598 2514 καὶ
643 2459 969 2533 πληρώσατε
1012 2460 1113 2530 τὴν
1161 2460 1289 2530 γῆν,
1336 2461 1430 2513 καὶ
1469 2478 1715 2513 κατακυ-

112 2610 126 2629 .
169 2553 387 2624 ριεύσατε
427 2554 622 2624 αὐτῆς,
660 2574 678 2605 ι
718 2554 810 2607 ἐπὶ
841 2553 1043 2606 τούτων
1076 2552 1379 2623 ἐπληροῦτο
1412 2571 1714 2623 πνευματι-

168 2645 280 2709 κῶς.
305 2647 539 2713 Πάρεστι
572 2647 702 2715 γοῦν
736 2647 880 2718 ἔργῳ
906 2646 1261 2717 παραλαϐεῖν,
1288 2647 1362 2709 ὡς
1389 2649 1421 2717 ἡ
1456 2647 1717 2718 σύμπασα

166 2738 223 2808 γῆ
254 2739 341 2807 τῆς
373 2738 597 2791 ἐκείνων
636 2738 883 2808 διαδοχῆς
917 2736 1228 2809 ἐπληρώθη.
1262 2738 1331 2791 Αἵ
1355 2755 1413 2790 τε
1443 2737 1566 2791 καθ’
1590 2738 1717 2807 ὅλης

160 2829 241 2898 τῆς
266 2830 583 2901 οἰκουμένης
610 2828 904 2900 ἱδρυθεῖσαι
929 2829 1023 2882 τοῦ
1052 2831 1300 2901 Σωτῆρος
1317 2830 1471 2901 ἡμῶν
1487 2829 1711 2900 Ἐκκλη-

162 2920 273 2983 σίαι,
299 2923 389 2974 καὶ
419 2924 469 2976 οἰ
501 2922 626 2976 καθ’
660 2924 897 2993 ἑκάστην
934 2923 1253 2995 μυρίανδροι
1279 2902 1398 2975 λαοὶ
1428 2923 1528 2993 τῆς
1560 2923 1715 2976 εὐλο-

159 3014 265 3080 γίας
308 3016 482 3068 αὐτῶν
531 3018 857 3087 ἐμφαίνουσι
890 3016 958 3069 τὰ
990 3015 1428 3085 ἀποτελέσματα.
1467 3015 1715 3085 Πρεπόν-

1819 539 2029 593 suborti
2082 546 2231 597 sunt.
2292 540 2699 607 Quamobrem,
2753 550 2813 594 ut
2863 541 2977 596 haec
3045 541 3400 611 dispeream,

1819 628 1995 697 ignem
2035 627 2089 680 in
2121 636 2324 682 terram
2372 627 2602 682 missum
2639 628 2895 683 Servator
2940 631 3105 685 venit.
3155 629 3221 685 Et
3269 645 3403 686 sane

1819 719 2043 774 salutari
2086 720 2256 774 verbo
2286 720 2430 790 ignis
2464 721 2640 775 instar
2666 722 2854 789 spinas
2889 731 2942 777 et
2973 724 3207 780 tribulos
3236 726 3402 779 absu—

1819 820 1998 865 mente
2019 850 2035 874 ,
2084 819 2345 866 renovata
2376 813 2558 865 anima
2587 812 2851 866 malitiam
2902 829 3110 871 exuens
3134 856 3151 881 ,
3199 830 3402 872 conve-

1818 902 2052 956 mentem
2081 903 2184 957 sibi
2208 910 2259 958 et
2288 914 2716 959 consentaneum
2742 904 2980 958 fructum
2998 905 3225 975 profert.
3253 907 3401 973 Qua-

1818 1002 2041 1063 prOpter
2080 996 2267 1065 populi
2312 1010 2503 1051 omnes
2538 996 2906 1063 conﬁtentur;
2941 1006 3129 1067 gentes
3162 1014 3293 1054 vero
3342 1000 3399 1054 in

1819 1100 1961 1143 terra
1985 1088 2316 1160 diriguntur.
2349 1090 2430 1143 Ad
2456 1089 2569 1143 haec
2600 1096 2780 1143 autem
2807 1100 3205 1160 consequenter
3228 1091 3401 1146 infer-

1819 1189 1907 1233 tur
1930 1181 2104 1235 illud:
2150 1199 2168 1231 ι
2212 1180 2381 1235 Terra
2412 1180 2560 1235 dedit
2610 1178 2846 1233 fructum
2892 1197 3073 1236 suum.
3107 1182 3400 1238 Benedicat

1817 1288 1919 1326 nos
1949 1272 2112 1337 Deus,
2154 1271 2298 1328 Deus
2326 1282 2534 1336 noster,
2564 1270 2851 1326 benedicat
2879 1287 2981 1328 nos
3015 1273 3177 1337 Deus,
3206 1281 3261 1327 et
3287 1288 3401 1327 me-

1817 1372 1973 1419 tuant
1996 1381 2119 1420 eum
2148 1380 2340 1420 omnes
2369 1366 2504 1422 ﬁnes
2542 1373 2721 1421 terrae.
2765 1386 2783 1418 »
2822 1364 2948 1422 Sive
2989 1367 3217 1435 apostoli
3266 1365 3403 1421 Scr-

1817 1457 2024 1511 vatoris
2055 1459 2258 1521 nostri,
2291 1459 2405 1512 sive
2448 1457 2615 1528 prisci
2670 1450 2746 1511 illi
2785 1455 2879 1511 Dei
2927 1457 3201 1527 pr0plreta3
3252 1458 3401 1527 (nam

1818 1550 2036 1620 utrique
2092 1552 2271 1606 Ordini
2325 1551 2438 1605 hanc
2490 1552 2635 1605 dicta
2686 1552 3044 1621 competunt),
3101 1551 3193 1606 Dei
3236 1551 3403 1605 bene-

1817 1640 2413 1721 dictionemtconsequi
2468 1652 2792 1714 precantur,
2844 1644 3002 1712 cujus
3034 1654 3267 1697 mentem
3305 1658 3404 1697 su-

1817 1748 1914 1803 pra
1941 1735 2363 1801 declaravimus,
2398 1751 2523 1791 cum
2561 1736 2718 1799 illud,
2757 1755 2775 1787 ‹
2818 1735 3069 1791 Crsecite
3106 1744 3160 1790 et
3212 1733 3402 1789 multi-

1818 1826 2094 1897 plicamini
2116 1836 2170 1883 et
2192 1831 2394 1898 replete
2419 1839 2640 1893 terram,
2659 1836 2713 1883 et
2733 1828 3088 1882 dominamini
3119 1828 3266 1882 illius
3280 1826 3347 1889 “,
3373 1844 3394 1880 ι

1817 1919 1872 1971 in
1928 1920 2061 1988 ipsis
2100 1921 2462 1990 spiritualiter
2489 1921 2819 1990 completum
2856 1936 2980 1974 esse
3017 1920 3396 1989 probaremus.

1817 2014 1969 2070 Licet
2010 2011 2179 2082 igitur
2216 2014 2299 2067 vel
2329 2028 2398 2068 ex
2428 2012 2597 2083 gestis
2621 2011 2786 2066 rebus
2820 2011 3142 2079 intelligere,
3176 2009 3399 2062 univer-

1819 2125 1935 2165 sam
1963 2116 2165 2163 terram
2196 2120 2387 2160 eorum
2429 2104 2781 2159 successione
2823 2103 3086 2172 repletam
3122 2116 3263 2156 esse.
3296 2099 3401 2155 Ec-

1818 2202 1999 2256 clesia:
2050 2210 2289 2268 namque
2356 2195 2666 2251 Servatoris
2722 2194 2895 2249 nOStri
2956 2208 3054 2263 per
3090 2193 3400 2247 universam

1818 2298 2020 2348 terr'am
2054 2291 2310 2356 fundatae,
2340 2298 2394 2345 et
2429 2288 2700 2343 innumeri
2757 2303 2854 2357 per
2906 2286 3153 2356 singulas
3209 2299 3400 2340 earum

1818 2385 2037 2455 populi,
2086 2382 2516 2437 benedictionem
2573 2378 2814 2447 ipsorum
2865 2377 3189 2445 completam
3241 2374 3401 2429 exhio

1820 2478 1969 2531 bent.
2003 2474 2143 2545 Ipsis
2170 2489 2334 2544 porro
2372 2472 2627 2528 convenit
2651 2468 2806 2532 illud,
2841 2488 2858 2520 ε
2888 2468 3032 2523 Deus
3056 2474 3264 2529 noster,
3295 2484 3313 2516 ι
3346 2466 3402 2520 in

1819 2570 1922 2624 hoc
1950 2569 2097 2624 dicto
2126 2580 2467 2637 expressum,
2507 2583 2524 2615 ι
2559 2562 2852 2618 Benedicat
2900 2575 3002 2615 nos
3048 2557 3224 2621 Deus,
3259 2556 3404 2614 Deus

1820 2662 2035 2719 noster;
2078 2671 2097 2704 ι
2125 2658 2311 2720 utpote
2333 2649 2427 2720 qui
2470 2658 2747 2718 paternam
2782 2644 2874 2699 Dei
2910 2644 2997 2698 sui
3035 2643 3404 2714 cognitionem

1819 2746 2120 2799 obtineant.
2152 2740 2352 2795 Verum
2403 2738 2598 2792 deinde
2640 2736 2774 2790 illud
2831 2734 3136 2805 adjiciunt:
3174 2751 3193 2782 ι
3234 2731 3405 2786 Bene-

1818 2838 1967 2890 dicat
1993 2850 2094 2889 nos
2116 2833 2299 2897 Deus;
2333 2850 2351 2883 ι
2388 2840 2571 2900 utpote
2603 2829 2695 2899 qui
2725 2842 2834 2882 non
2869 2828 3111 2897 ipsorum
3152 2831 3362 2878 tantum
3383 2864 3401 2889 ,

1818 2928 1913 2983 sed
1940 2928 2104 2983 etiam
2126 2939 2316 2980 eorum
2342 2924 2609 2985 omnium,
2643 2921 2736 2989 qui
2791 2935 2887 2989 per
2911 2933 3006 2973 eos
3044 2916 3274 2972 salutem
3300 2930 3402 2968 na-

1819 3020 1958 3075 cturi
1989 3027 2137 3079 sunt,
2167 3014 2311 3070 Deus
2363 3014 2453 3069 sit.
2487 3012 2618 3067 Post
2649 3013 2762 3065 haec
2793 3010 2977 3065 omnia
3022 3019 3201 3063 autem
3234 3007 3404 3062 totius

158 3123 247 3171 τως
277 3107 328 3160 δέ
360 3111 541 3173 αὐτοῖς
567 3110 649 3172 τὸ,
685 3128 704 3161 ι
751 3110 810 3163 '0
832 3110 964 3173 Θεὸς
1000 3109 1178 3181 ἡμῶν,
1218 3129 1246 3187 »η
1275 3110 1333 3160 ἐν
1360 3107 1458 3178 τῷ,
1494 3126 1512 3158 ί
1550 3109 1712 3161 Εὐλο-

1828 3110 2114 3182 prophetiaa
2171 3107 2631 3175 complementum
2690 3103 2983 3172 obsignant
3033 3101 3120 3156 bis
3177 3100 3401 3155 verbis:

158 3202 299 3271 γήσαι
330 3204 473 3273 ἡμᾶς
506 3204 535 3255 ό
578 3203 731 3267 Θεὸς,
762 3205 790 3255 ὁ
822 3203 953 3266 Θεὸς
982 3202 1137 3273 ἡμῶν
1157 3220 1170 3232 ·
1210 3220 1227 3253 ι
1260 3202 1335 3265 ὡς
1376 3201 1440 3253 ἂν
1480 3201 1709 3271 πάτριον

158 3294 454 3365 κεκτημένοι
474 3295 535 3348 τὸ
555 3294 650 3347 τοῦ
683 3294 819 3348 Θεοῦ
852 3294 1030 3347 αὐτῶν
1059 3293 1364 3366 γνώρισμα.
1408 3292 1546 3345 Ἀλλ’
1585 3291 1711 3363 ἑξῆς

158 3383 588 3440 ἐπισυνάπτουσιν
625 3387 893 3458 ἀορίστως
925 3387 1178 3455 λέγοντες
1216 3386 1298 3445 τὸ,
1338 3404 1355 3434 ι
1400 3384 1710 3454 Εὑλογήσαι

159 3473 285 3541 ἡμᾶς
311 3476 338 3526 6
363 3476 494 3538 Θεός
516 3493 529 3505 ·
572 3494 591 3527 ι
637 3476 708 3539 ὡς
749 3475 945 3547 μηκέτι
976 3476 1150 3545 μόνων
1189 3473 1366 3527 αὐτῶν
1385 3514 1399 3534 ,
1448 3472 1587 3526 ἀλλά
1615 3472 1712 3525 καὶ

161 3563 352 3616 πάντων
390 3565 497 3618 τῶν
531 3565 599 3618 δι’
630 3567 809 3619 αὐτῶν
835 3565 1227 3637 σωθησομένων
1254 3564 1383 3616 Θεὸν
1412 3563 1559 3616 ὄντα.
1599 3562 1712 3616 Καὶ

163 3652 280 3720 μετά
321 3655 493 3709 πάντα
536 3656 597 3709 τὸ
645 3657 1017 3729 συμπέρασμα
1057 3656 1160 3726 τῆς
1206 3656 1333 3727 ὅλης
1376 3654 1712 3726 προφητείας

160 3743 621 3816 ἐπισφραγίζονται
651 3749 930 3817 λέγοντεςο
984 3768 1002 3800 ι
1044 3750 1154 3803 Καὶ
1194 3748 1585 3819 φοϐηθήτωσαν
1618 3748 1715 3800 αύ-

160 3833 236 3887 τὸν
261 3840 429 3892 πάντα
452 3840 520 3893 τὰ
553 3842 765 3910 πέρατα
796 3842 894 3908 τῆς
919 3841 1045 3911 γῆς.
1083 3860 1101 3892 ι
1144 3839 1361 3911 Ἐπειδὴ
1391 3839 1498 3911 γὰρ
1534 3858 1550 3889 ι
1570 3839 1713 3910 ἀρχὴ

162 3932 329 3998 σοφίας
373 3933 536 4002 φόϐος
577 3935 804 4006 Κυρίου,
857 3955 875 3987 ι
920 3933 1229 4002 ἀναγκαίως
1264 3932 1452 4003 ὥσπερ
1484 3934 1714 3999 εἰσαγω-

162 4020 247 4091 γὴν
272 4024 365 4095 τῆς
399 4026 708 4091 θεοσεϐείας
751 4028 841 4081 τὸν
890 4027 1052 4096 φόϐον
1090 4026 1184 4079 τοῦ
1226 4025 1364 4079 Θεοῦ
1397 4024 1713 4093 ἐγγενέσθαι

162 4114 305 4167 πᾶσιν
329 4117 635 4189 ἀνθρώποις
679 4122 792 4182 τοῖς
834 4122 929 4173 καὶ
982 4119 1141 4191 μέχρι
1173 4118 1281 4172 τῶν
1328 4117 1575 4188 ἐσχάτων
1614 4115 1715 4186 τῆς

165 4205 251 4276 γῆς
283 4210 515 4266 οἰκοῦσιν
556 4212 880 4283 ἐπεύχονται
904 4231 915 4243 ·
950 4212 978 4264 ὃ
1018 4212 1082 4283 δὴ
1124 4212 1219 4264 καὶ
1246 4208 1549 4282 ἐπληροῦτο
1580 4208 1717 4279 μετὰ

1819 3222 1837 3254 ι
1882 3202 1945 3255 Et
1974 3208 2219 3255 metuant
2240 3214 2363 3254 eum
2394 3212 2584 3252 omnes
2610 3197 2747 3250 lines
2778 3207 2954 3249 terrm.
2996 3213 3015 3246 ι
3042 3191 3400 3262 ριιοιιᾱοιιυίο

1812 3296 1935 3349 dem
1973 3293 2118 3348 enim
2164 3309 2183 3342 ι
2223 3291 2437 3345 initium
2477 3289 2759 3358 sapientiae
2796 3288 2969 3341 timor
2989 3284 3205 3339 Domini
3256 3284 3325 3348 ⁸⁸,
3376 3302 3396 3333 ι

1816 3387 2129 3443 necessario
2156 3391 2473 3455 precantur,
2509 3390 2571 3436 ut
2600 3382 2799 3443 timor,
2861 3379 3019 3449 quasi
3063 3377 3302 3432 initiatio
3336 3375 3404 3431 ad

1814 3480 1956 3550 piam
1984 3478 2324 3547 religionem,
2370 3475 2627 3529 omnibus
2660 3473 2996 3537 hominibus,
3022 3470 3185 3526 etiam
3218 3477 3403 3524 extre-

1816 3589 1902 3627 ma
1926 3582 2086 3628 terrae
2120 3569 2523 3632 incolentibus,
2573 3569 2873 3637 ingeratur.
2907 3563 3064 3629 Quod
3108 3568 3230 3632 post
3263 3560 3406 3615 divi-

1820 3680 1949 3719 num
2009 3661 2312 3717 Salvatoris
2363 3661 2536 3714 nostri
2592 3658 2884 3711 adventum
2948 3655 3227 3724 impletum
3268 3659 3400 3709 est:

1820 3769 1945 3829 post
1974 3758 2126 3811 illum
2156 3757 2302 3810 enim
2328 3754 2383 3807 in
2401 3767 2616 3806 onmem
2649 3760 2850 3804 terram
2879 3749 3046 3802 exivit
3071 3761 3240 3801 sonus
3273 3760 3401 3814 apo-

1822 3851 2089 3905 stolorum
2124 3848 2264 3916 ejus,
2298 3854 2351 3901 et
2382 3846 2436 3898 in
2466 3844 2599 3897 ﬁnes
2628 3842 2779 3896 orbis
2800 3848 2960 3893 terra:
2984 3838 3144 3891 verba
3188 3851 3401 3891 eorum.

1820 3940 1897 3996 De
1952 3940 2039 3994 his
2090 3952 2310 4008 quoque
2356 3945 2516 3989 terra:
2549 3934 2749 3987 ﬁnibus
2786 3931 3041 4000 superius
3074 3928 3400 3981 dicebatur:

1827 4052 1844 4084 ι
1887 4030 2097 4086 Exaudi
2130 4046 2251 4095 nos,
2280 4029 2423 4084 Deus
2453 4029 2707 4082 Salvator
2739 4033 2947 4088 noster,
2984 4038 3111 4093 spes
3157 4020 3404 4075 omnium

1822 4125 2014 4179 ﬁnium
2044 4132 2203 4178 terra:
2228 4164 2243 4190 ,
2274 4131 2328 4176 et
2346 4136 2535 4176 eorum
2560 4121 2655 4190 qui
2679 4119 2733 4172 in
2760 4117 2896 4171 mari
2922 4124 3050 4170 sunt
3089 4115 3246 4183 longe
3272 4112 3338 4164 9°.
3378 4128 3401 4163 ι

161 4298 246 4371 τὴν
282 4304 370 4357 τοῦ
403 4307 653 4379 Σωτῆρος
714 4307 871 4378 ἡμῶν
906 4306 1246 4375 θεοφάνειαν,
1280 4304 1397 4377 μεθ’
1444 4305 1510 4373 ἢν
1553 4305 1633 4366 εἰς
1668 4304 1845 4356 πᾶσαν
1884 4304 1982 4373 τὴν
2045 4302 2149 4372 γῆν
2212 4298 2437 4370 ἐξῆλθεν
2470 4299 2499 4351 6
2532 4296 2763 4366 φθόγγος
2797 4294 2908 4348 τῶν
2945 4290 3256 4347 ἀποστόλων
3310 4289 3408 4340 αύ-

162 4392 261 4456 τοῦ,
298 4397 387 4448 καλ⁸
427 4399 506 4459 εἰς
546 4396 613 4449 τά
646 4397 857 4469 πέρατα
886 4396 986 4466 τῆς
1024 4395 1348 4467 οἰκουμένης
1385 4393 1459 4447 τὰ
1490 4395 1708 4465 ῥήματα
1746 4392 1942 4445 αὐτῶν.
1972 4393 2108 4463 Περὶ
2127 4390 2331 4443 τούτων
2356 4390 2413 4442 δὲ
2445 4389 2553 4442 τῶν
2579 4388 2830 4460 περάτων
2868 4384 2968 4454 τῆς
3011 4384 3111 4453 γῆς
3165 4380 3260 4434 καὶ
3321 4378 3409 4431 διὰ

160 4484 252 4539 τῶν
274 4485 573 4557 ἔμπροσθεν
602 4468 817 4555 ἐλέγετο
841 4503 854 4516 ο
897 4506 916 4538 ι
968 4485 1302 4539 Ἐπάκουσον
1332 4483 1513 4557 ήμῶν,
1546 4485 1573 4535 ὁ
1597 4481 1729 4545 Θεὸς
1766 4483 1794 4534 6
1831 4481 2033 4555 ιΣωτὴρ
2076 4480 2254 4553 ἡμῶν,
2299 4482 2334 4550 ὴ
2400 4478 2554 4541 ἐλπὶς
2601 4477 2819 4531 πάντων
2846 4473 2954 4527 τῶν
3001 4472 3251 4542 περάτων
3309 4468 3408 4537 τῆς

161 4576 249 4644 γῆς
273 4580 361 4630 καὶ
386 4578 494 4631 τῶν
518 4581 574 4631 ἐν
617 4578 862 4650 θαλάσσῃ
894 4577 1132 4648 μακράν.

205 4668 303 4720 ΕΙΣ
324 4671 407 4723 ΤΟ
430 4671 648 4725 ΤΕΛΟΣ
672 4671 758 4742 Τῼ
780 4670 978 4723 ΔΑΥΙΔ
1008 4667 1299 4721 ΨΑΛΜΟΣ
1328 4666 1504 4739 ῼΔΗΣ
1533 4664 1653 4719 ΞΖ’.

226 4802 242 4832 ι
285 4784 585 4856 Ἀναστήτω
628 4787 657 4839 6
701 4784 868 4850 Θεὸς,
902 4784 994 4837 καὶ
1026 4781 1604 4854 διασκορπισθήτωσαν
1660 4781 1709 4831 οἱ

164 4871 325 4945 ἐχθροὶ
364 4878 545 4945 αὐτοῦ,
586 4878 680 4931 καί
710 4878 1031 4949 φυγέτωσαν
1075 4876 1182 4930 ἀπὸ
1219 4872 1510 4947 προσώπου
1545 4870 1710 4926 αὐτοῦ

162 4965 207 5017 οἰ
236 4968 504 5037 μισοῦντες
532 4971 709 5024 αὐτόν.
756 4990 775 5022 ι
824 4970 887 5024 Oi
935 4970 1032 5042 μὲν
1065 4969 1170 5041 πρὸ
1213 4968 1305 5021 τοῦ
1353 4966 1489 5039 μετά
1525 4968 1712 5037 Χεῖρας

164 5059 291 5128 τρεῖς
312 5060 501 5132 ἐφεξῆς
532 5063 629 5135 τὴν
655 5062 846 5132 κλῆσιν
867 5060 976 5115 τῶν
1017 5061 1183 5114 ἐθνῶν
1218 5057 1563 5132 προεφώνουν
1586 5074 1601 5087 °
1638 5049 1714 5109 ὧν

165 5151 190 5202 ὁ
212 5153 296 5221 μὲν
326 5154 392 5219 ξδ’
415 5175 432 5206 ί
464 5157 685 5228 Ψαλμὸς
706 5155 851 5226 ᾠδῆς
885 5173 903 5206 ι
935 5154 1315 5224 ἐπεγέγραπτο
1344 5170 1361 5203 ‹
1385 5150 1475 5221 Τῷ
1495 5149 1674 5225 Δαυῖδ·
1693 5168 1710 5199 ι

166 5244 191 5295 6
217 5244 255 5295 δ’
281 5247 531 5317 ἑπόμενος
563 5267 581 5300 ι
632 5248 754 5319 ’ῼδὴ
795 5245 1041 5317 ψαλμοῦ·
1095 5265 1113 5298 ι
1146 5245 1174 5297 6
1221 5244 1277 5296 δέ
1336 5244 1516 5316 τρίτος
1566 5260 1585 5292 ‹
1630 5241 1717 5293 Ἐν

169 5331 335 5404 ὕμνοις
376 5340 579 5411 ψαλμὸς
625 5342 785 5413 ᾠδῆς.
842 5358 860 5392 ι
919 5339 1156 5403 Εἰκότως
1204 5335 1489 5410 τοιγαροῦν
1541 5335 1636 5389 καὶ
1689 5337 1717 5387 6

173 5428 293 5494 μετά
322 5434 520 5503 χεῖρας,
551 5433 899 5502 εὖαγγελικὸς
924 5432 999 5486 ὢν
1028 5433 1120 5485 καὶ
1146 5431 1326 5494 αὐτὸς,
1368 5430 1460 5483 καὶ
1496 5430 1555 5482 οὐ
1588 5427 1714 5499 περὶ¹

173 5520 259 5589 τῆς
298 5524 530 5596 κλήσεως
562 5528 665 5580 τῶν
704 5525 872 5579 ἐθνῶν
922 5525 1102 5595 μόνον,
1142 5522 1277 5576 ἀλλά
1318 5522 1412 5574 καὶ
1451 5520 1578 5591 περί
1618 5517 1712 5570 τοῦ

174 5608 401 5685 Σωτῆρος
426 5616 584 5671 αὐτοῦ
614 5615 948 5689 προφητείαν
981 5614 1268 5686 περιέχων,
1306 5630 1323 5664 ι
1363 5614 1441 5675 εἰς
1472 5610 1532 5662 τὸ
1564 5608 1715 5672 τέλος

241 5768 427 5830 “Gen.
471 5790 509 5840 ι,
552 5776 641 5832 28.
716 5775 763 5807 θ’
789 5774 931 5830 Psal.
964 5791 1054 5839 cx,
1097 5775 1181 5828 l0.

1290 5772 1334 5804 ⁸⁸
1356 5768 1503 5827 Psal.
1548 5782 1695 5830 Lrlv,
1728 5765 1777 5818 6.

1735 4663 1786 4722 D
1816 4659 1859 4713 ,Ι
1898 4654 1963 4709 ιΝ
1992 4650 2201 4708 FINEM
2223 4648 2476 4714 DAVIDI,
2520 4643 2841 4702 PSALMUS
2869 4642 3157 4699 CANTICI.
3196 4642 3405 4697 LXVII.

1890 4767 2057 4822 Vsns.
2081 4766 2199 4819 2-4.
2220 4784 2239 4815 ι
2275 4762 2546 4832 Exsurgat
2565 4759 2728 4823 Deus,
2753 4769 2807 4813 et
2833 4757 3168 4827 dissipentur
3200 4756 3414 4833 inimici

1823 4864 1968 4933 ejus,
2002 4869 2056 4914 et
2085 4859 2296 4929 fugiant
2321 4858 2412 4927 qui
2442 4855 2670 4909 oderunt
2697 4868 2817 4908 eum
2841 4866 2871 4905 a
2892 4851 3031 4905 facie
3056 4851 3195 4919 ejus.
3222 4870 3242 4903 ι
3271 4852 3410 4906 Tres

1822 4954 2017 5026 psalmi
2048 4961 2175 5007 ante
2196 4961 2517 5021 praesentem
2536 4952 2937 5015 consequenter
2959 4943 3145 5013 positi,
3165 4942 3412 5009 vocatio-;

1822 5063 1944 5103 nem
1960 5018 2213 5117 gentium
2224 5042 2663 5114 prmnuntiabant
2682 5056 2693 5091 :
2711 5038 2952 5106 equibus
2975 5050 3096 5088 uiv
3116 5052 3132 5083 ι
3157 5018 3411 5089 Psalmus

1824 5142 2024 5196 cantici
2054 5140 2250 5194 Davidi
2282 5157 2302 5190 ι
2325 5137 2619 5204 inscriptus
2650 5141 2795 5197 erat;
2818 5144 3053 5200 sequens
3074 5144 3223 5191 vero,
3243 5126 3415 5181 «Can—

1820 5239 1985 5289 ticum
2006 5218 2235 5304 psalmi;
2273 5251 2290 5282 ι
2309 5230 2504 5284 tertius
2524 5245 2540 5277 ι
2569 5225 2626 5279 In
2642 5224 2857 5295 hymnis
2870 5222 3113 5292 psalmus
3135 5217 3356 5272 cantici.
3383 5236 3406 5268 ›

1817 5328 1844 5383 J
1855 5346 1945 5383 ure
1961 5330 2142 5397 itaque
2160 5337 2400 5394 praesens
2420 5318 2663 5390 psalmus
2675 5329 2798 5369 cum
2810 5312 3155 5383 evangelieus
3173 5310 3299 5363 item
3312 5309 3407 5371 sit,

1823 5436 1885 5473 ac
1901 5435 2011 5473 non
2046 5417 2219 5473 solum
2235 5414 2302 5467 de
2318 5408 2602 5464 vocatione
2617 5406 2883 5476 gentium,
2914 5402 3007 5459 sed
3031 5402 3193 5456 etiam
3209 5401 3277 5455 de
3290 5400 3411 5469 ipso

1824 5512 2110 5565 Ser-ratore
2140 5502 2477 5575 prophetiam
2497 5500 2794 5560 contineat,
2825 5516 2844 5548 ι
2879 5496 2930 5549 in
2958 5496 3116 5548 linem
3144 5491 3355 5556 Davidi,
3382 5508 3407 5541 ι

1824 5618 1983 5674 atque
2021 5619 2039 5652 ι
2079 5598 2320 5671 psalmus
2363 5592 2619 5657 cantici,»
2659 5590 2884 5662 perinde
2949 5597 3112 5659 atque
3160 5585 3383 5656 superio
