3808 6280
392 291 498 348 679

1110 285 1378 344 EUSEBII
1416 285 1894 343 CESARIENSIS
1929 287 2078 343 OPP.
2120 288 2304 346 PARS
2335 289 2406 347 II.
2439 319 2506 331 -
2546 289 2957 346 EXEGETIL‘A.
3515 295 3601 353 680

387 428 500 476 res,
525 411 821 482 inscriptus
839 415 945 467 est.
967 407 1070 464 Par
1084 417 1202 464 erat
1225 409 1369 464 enim
1386 423 1665 465 sermones
1691 409 1958 464 bonorum

2060 409 2136 480 τῷ
2162 411 2324 465 Δαυῒδ
2346 431 2364 462 ι
2389 410 2808 482 ἐπιγέγραπται,
2831 409 2927 464 καὶ
2951 427 2971 460 ε
2995 408 3205 480 ψαλμὸς
3230 409 3401 480 ᾠδῆς)
3430 413 3602 482 opsita;

388 508 656 577 promissa
684 507 1103 577 complectentes
1129 543 1142 569 ,
1197 519 1306 558 non
1343 504 1504 558 modo
1558 504 1828 573 psalmos,
1863 503 1958 558 sed

389 615 501 656 una
528 601 768 671 psalmos
788 598 1010 662 cantici,
1033 605 1088 652 et
1112 597 1325 652 cantica
1348 595 1544 666 psalmi
1566 597 1772 660 vocari,
1797 604 1960 666 atque

394 710 416 746 ς
457 695 512 748 in
548 693 706 748 ﬁnem
738 712 757 744 ›
789 692 1094 756 remittere;
1128 690 1254 759 quia
1277 703 1342 744 ea
1370 703 1491 759 qua:
1532 689 1590 743 in
1640 688 1837 742 horum
1863 705 1958 742 va-

390 787 596 842 ticiniis
634 785 904 845 feruntur.
932 783 1206 838 diuturnis
1230 790 1352 852 post
1381 781 1719 852 temporibus
1749 782 1805 836 in
1828 795 1960 836 con-

391 877 752 933 summatione
781 875 965 931 saeculi
995 872 1321 944 perﬁcienda
1367 879 1543 928 erant.
1601 871 1701 926 Hic
1744 887 1960 942 quoque

391 967 632 1036 psalmus
661 982 692 1020 a
722 963 926 1036 Spiritu
962 963 1282 1034 prophetico
1318 976 1385 1016 ex
1417 975 1649 1030 persona
1675 962 1958 1032 apostolm

389 1075 509 1112 rum
543 1057 925 1127 pronuntiatus
955 1062 1060 1110 est.
1097 1053 1249 1108 Sicut
1285 1068 1415 1123 ergo
1445 1054 1497 1108 in
1529 1053 1959 1123 prmeedentibus

387 1151 637 1212 orabant,
671 1148 836 1204 Deum
861 1147 964 1203 sibi
995 1145 1060 1200 ad
1112 1145 1477 1214 evangelicam
1514 1143 1957 1213 praedicationem

387 1242 690 1312 adjutorem
718 1245 1008 1294 evocantes
1035 1255 1051 1305 ;
1082 1237 1269 1292 eodem
1295 1251 1513 1306 quoque
1543 1237 1704 1292 modo
1734 1235 1790 1290 in
1823 1251 1961 1307 pra:-

387 1332 531 1388 senti
568 1332 794 1386 ulterius
845 1327 1117 1400 progressi
1155 1326 1346 1382 dicunt
1377 1345 1390 1382 :
1435 1345 1453 1378 σ
1498 1327 1824 1384 Benedictus
1855 1327 1960 1383 Do-

389 1423 571 1478 minus
607 1421 847 1493 quotidie
883 1439 898 1487 ;
935 1434 1255 1490 prosperum
1299 1420 1402 1474 iter
1425 1417 1588 1475 faciet
1621 1421 1779 1476 nobis
1816 1421 1958 1476 Deus

348 1513 351 1517 ’
387 1515 706 1571 salutarium
735 1523 1042 1568 nostrorum
1070 1529 1082 1564 :
1124 1530 1143 1562 ›
1168 1513 1436 1566 ctiterum
1465 1530 1478 1565 :
1510 1529 1528 1562 ι
1558 1510 1774 1579 Manda,
1791 1510 1954 1575 Deus,

2057 505 2170 563 τοῖς
2201 503 2308 574 πρὸ
2349 503 2533 556 αὐτοῦ.
2565 503 2712 556 Ἔδει
2740 503 2850 574 γάρ
2881 501 3007 565 τούς
3056 502 3165 555 τῶν
3193 502 3412 570 ἀγαθῶν
3457 507 3604 574 ἐπαγ-

2058 596 2337 664 γελτικούς
2381 596 2571 665 λόγους
2619 595 2692 667 μὴ
2729 597 2888 666 μόνον
2922 595 3188 664 ψαλμοὺς,
3228 596 3341 649 ἀλλ’
3370 597 3501 666 ὁμοῦ
3529 603 3606 653 καὶ

2059 685 2198 738 κατὰ
2227 683 2286 738 τὸ
2313 686 2442 738 αὐτὸ
2469 684 2716 756 ψαλμοὺς
2745 684 2896 756 ᾠδῶν
2940 687 3034 739 καὶ
3075 685 3219 756 ᾠδὰς
3248 685 3478 756 ψαλμῶν
3510 689 3608 742 ὀνο-

2062 776 2325 848 μάζεσθαι
2345 778 2437 830 καὶ
2457 795 2476 828 ί
2499 779 2577 840 εἰς
2616 776 2677 830 τὸ
2707 777 2857 841 τέλος
2881 797 2897 830 ι
2921 778 3263 848 ἀναπέμπειν
3279 796 3291 807 ·
3326 779 3406 840 ὡς
3441 777 3502 831 ἂν
3525 797 3608 848 μα-

2059 871 2208 941 κροῖς
2247 867 2470 939 ὕστερον
2495 867 2707 939 χρόνοις
2736 870 2828 922 ἐπὶ
2862 869 3138 940 συντελείᾳ
3162 868 3258 922 τοῦ
3286 869 3480 933 αἰῶνος
3504 872 3608 940 μελ-

2058 959 2256 1013 λόντων
2283 957 2620 1030 πληροῦσθαι
2641 957 2749 1011 τῶν
2777 959 2834 1010 ὲν
2860 958 3041 1022 αὐτοῖς
3073 957 3498 1028 θεσπιζομένων.
3523 961 3606 1013 Λέ-

2059 1051 2246 1106 λεκται
2272 1052 2329 1105 δὲ
2365 1051 2457 1105 καὶ
2494 1051 2652 1115 αὐτὸς
2693 1053 2794 1105 ὐπὸ
2829 1051 2924 1105 τοῦ
2952 1052 3289 1123 προφητικοῦ
3316 1052 3607 1122 Πνεύματος

2058 1146 2122 1200 ὲκ
2170 1146 2462 1218 προσώπου
2507 1147 2616 1201 τῶν
2662 1145 2992 1200 ἀποστόλων.
3027 1146 3236 1217 Ὥσπερ
3263 1141 3359 1200 οὖν
3397 1145 3483 1200 διά
3517 1146 3607 1200 τῶν

2058 1239 2364 1312 ἔμπροσθεν
2415 1239 2713 1311 ὲπηύχοντο
2769 1239 2980 1302 ἑαυτοῖς
3030 1238 3458 1310 ἀνακαλούμενοι
3498 1238 3609 1292 Θεὸν

2060 1333 2318 1404 συνεργὸν
2342 1333 2422 1395 εἰς
2445 1331 2506 1385 τὸ
2529 1330 2876 1400 εὐαγγελικὸν
2909 1332 3190 1402 κήρυγμα,
3215 1331 3306 1384 τὸν
3334 1330 3494 1384 αὐτὸν
3513 1330 3609 1402 τρό-

2059 1441 2157 1477 πον
2183 1424 2276 1478 καὶ
2301 1425 2359 1476 ὲν
2389 1425 2500 1486 τοῖς
2529 1422 2910 1494 προκειμένοις
2933 1425 2981 1476 οἱ
3013 1423 3167 1477 αὐτοὶ
3200 1423 3497 1494 προϊόντες,
3524 1441 3609 1492 φα-

2060 1515 2184 1570 σίνο’
2204 1535 2223 1568 ι
2247 1515 2549 1586 Εὐλογητὸς
2585 1513 2788 1586 Κύριος
2819 1513 3028 1585 ἡμέραν
3055 1513 3176 1567 καθ’
3205 1513 3456 1584 ἡμέραν.-
3492 1529 3606 1567 κατ-

392 1606 578 1660 virtuti
599 1614 724 1670 tuae,
755 1604 1015 1659 conﬁrma
1050 1605 1174 1668 hoc,
1206 1601 1383 1667 Deus,
1433 1602 1578 1673 quod
1613 1613 1868 1674 operatus
1899 1619 1959 1659 es

2060 1607 2306 1662 ευοδώσει
2337 1609 2468 1678 ἡμῖν
2513 1608 2541 1659 ὁ
2595 1607 2727 1670 Θεὸς
2769 1605 2878 1659 τῶν
2929 1604 3209 1676 σωτηρίων
3247 1603 3444 1675 ἡμῶν·
3478 1622 3496 1655 ι
3531 1606 3609 1657 καὶ

390 1695 444 1750 in
480 1698 656 1752 nobis.
706 1716 724 1748 ι
778 1695 944 1750 Vides
999 1695 1144 1751 enim
1194 1693 1465 1765 quomodo
1517 1703 1842 1764 precentur,
1898 1703 1958 1749 ut

2060 1699 2218 1754 πάλιν
2238 1717 2250 1729 ·
2283 1719 2301 1751 ι
2340 1699 2634 1763 Ἕντειλαι,
2662 1699 2690 1750 ὁ
2715 1697 2866 1761 Θεὸς,
2905 1698 3004 1768 τὴν
3032 1697 3261 1768 δύναμίν
3302 1713 3399 1749 σου
3423 1713 3436 1727 ⁸
3475 1695 3608 1749 δυνά-

389 1789 532 1847 Deus
555 1790 656 1846 sibi
682 1804 998 1860 prosperum
1028 1792 1131 1846 iter
1156 1798 1331 1860 paret,
1357 1804 1524 1861 seque
1569 1787 1871 1857 conﬁrmet,
1898 1799 1958 1845 ut

2064 1808 2261 1863 μωσον,
2300 1793 2328 1845 ὁ
2373 1789 2523 1855 Θεὸς,
2558 1790 2714 1843 τοῦτο
2756 1789 2785 1842 ὃ
2823 1766 3176 1860 κατειργάσω
3210 1791 3366 1860 ἡμῖν.
3405 1807 3424 1840 ι
3471 1789 3608 1860 Ὁρᾷς

388 1881 664 1954 Evangelii
692 1897 914 1937 cursum
962 1883 1081 1938 sine
1111 1883 1270 1938 obice
1317 1881 1618 1953 perﬁciant.
1672 1880 1960 1954 Evangeli-

387 1975 666 2029 camitem
696 1973 1133 2044 praedicationem
1183 1981 1367 2044 aperte
1412 1980 1720 2028 memorant
1771 1974 1962 2031 dicen-

388 2074 508 2124 tes:
543 2085 562 2118 ‹
597 2066 860 2120 Dominus
892 2064 1042 2120 dabit
1063 2065 1288 2120 verbum
1334 2063 1833 2135 evangelizantibus
1857 2068 1962 2120 vir-

391 2165 508 2215 tute
537 2159 726 2213 multa.
763 2177 781 2210 ι
821 2156 933 2212 lmo
958 2157 1286 2226 quibusnam
1315 2157 1668 2231 Evangelium
1699 2157 1962 2228 praedica-

387 2251 498 2307 turi
521 2259 704 2305 essent
725 2249 1096 2303 vaticinantur
1122 2249 1209 2304 his
1237 2250 1417 2306 verbis
1443 2268 1458 2305 :
1487 2269 1507 2302 ι
1543 2248 1772 2304 Venient
1802 2250 1962 2320 legati

387 2357 457 2396 ex
493 2341 748 2411 Egypto,
773 2339 1051 2410 [Ethiopia
1077 2341 1315 2410 porriget
1337 2355 1556 2395 manum
1589 2357 1744 2396 suam
1780 2340 1910 2396 Deo.
1935 2359 1957 2394 ι

388 2433 547 2487 Clare
583 2433 727 2486 enim
763 2431 914 2487 hisce
947 2431 1126 2488 verbis
1162 2431 1434 2502 Aﬁgyptiis
1469 2432 1821 2503 Evangelium
1863 2449 1964 2487 an-

390 2524 680 2588 nuntiant,
735 2523 1053 2577 idololatras
1115 2523 1561 2578 subindicantes:
1611 2540 1677 2578 ex
1731 2525 1963 2596 ng-ypto

391 2631 625 2686 namque
651 2613 961 2669 idololatria
983 2622 1163 2667 ortum
1181 2617 1412 2684 accepit.
1429 2614 1736 2680 Quinetiam
1749 2615 1963 2668 Ethio-

389 2707 534 2778 piain
561 2705 672 2761 Deo
698 2720 915 2760 manum
947 2705 1222 2777 porrigere
1265 2721 1421 2761 suam
1464 2707 1688 2768 dicunt,
1721 2714 1960 2761 extrema

388 2809 548 2857 terra:
576 2799 966 2870 signiﬁcantes.
998 2797 1204 2855 Deinde
1235 2813 1361 2853 vero
1393 2799 1578 2854 omnia
1607 2813 1776 2869 regna
1802 2807 1964 2852 terrae

387 2891 676 2946 confertim
709 2891 993 2955 advocant,
1040 2889 1251 2960 hocque
1302 2890 1411 2943 ritu
1443 2890 1729 2945 universas
1777 2897 1963 2960 gentes

388 2986 717 3056 signiﬁcant.
748 2985 819 3041 Ut
859 2993 1038 3040 autem
1080 2999 1145 3040 ea
1173 3001 1292 3056 qua!
1335 2985 1392 3038 in
1421 2985 1681 3038 vaticinio
1707 2983 1962 3039 fereban—

2061 1882 2168 1954 γάρ
2196 1883 2343 1946 ὅπως
2375 1881 2806 1952 κατευοδωθῆναι
2833 1879 2938 1935 ὐπὸ
2965 1880 3059 1934 τοῦ
3091 1879 3224 1934 Θεοῦ
3259 1882 3354 1934 καὶ
3382 1881 3607 1952 δύναμιν-

2059 1974 2218 2046 θῆναι
2257 1975 2338 2039 εἰς
2366 1974 2427 2027 τὸ
2466 1972 2757 2036 ἀκωλύτως
2786 1972 2877 2025 τὸν
2919 1971 3117 2044 δρόμον
3159 1972 3252 2025 τοῦ
3294 1973 3608 2041 Εὐαγγελίου

2059 2066 2338 2120 τελειῶσαι
2381 2065 2648 2137 εὐχονται.
2698 2064 3018 2136 Μέμνηνται
3061 2064 3119 2118 δὲ
3164 2061 3353 2134 σαφῶς
3398 2066 3491 2117 καὶ
3531 2063 3608 2117 τοῦ

2061 2158 2413 2228 εὐαγγελικοῦ
2455 2156 2810 2229 κηρύγματος
2841 2156 3130 2225 ιλέγοντες·
3182 2175 3201 2208 t
3228 2155 3437 2228 Κύριος
3473 2156 3609 2210 δώσει

2065 2252 2213 2323 ῥῆμα
2249 2253 2361 2314 τοῖς
2400 2248 2903 2320 εὐαγγελιζομένοις
2929 2248 3154 2320 δυνάμει
3186 2248 3355 2321 πολλῇ
3385 2267 3399 2280 ο
3438 2268 3457 2300 ι
3497 2248 3609 2303 ἀλλὰ

2061 2343 2156 2396 καὶ
2180 2342 2319 2395 τίσιν
2350 2341 2578 2412 ἤμελλον
2603 2340 2889 2413 κηρύττειν
2910 2341 2970 2394 τὸ
2995 2341 3324 2410 Εὐαγγέλιον
3346 2340 3609 2404 θεσπίζου-

2065 2450 2146 2486 σιν
2174 2435 2229 2487 ὲν
2261 2427 2342 2496 οἷς
2382 2449 2546 2502 φασιν
2566 2451 2578 2463 ⁸
2617 2452 2635 2484 ι
2675 2431 2900 2497 ’Ἥξουσι
2929 2432 3184 2504 πρέσϐεις
3226 2433 3285 2496 eg
3316 2432 3608 2501 Αἰγύπτου*

2063 2525 2316 2578 Αἰθιοπία
2355 2524 2657 2596 προφθάσει
2685 2526 2842 2596 χεῖρα
2881 2526 3049 2595 αὐτῆς
3074 2525 3152 2596 τῷ
3193 2525 3332 2595 Θεῷ.
3373 2543 3394 2576 ι
3441 2525 3610 2593 Σαφῶς

2062 2617 2169 2689 γάρ
2194 2617 2282 2670 διὰ
2326 2616 2529 2670 τούτων
2571 2618 2847 2684 Αἴγυπτον
2879 2616 3342 2685 εὐαγγελίζονται,
3393 2617 3516 2681 τούς
3543 2619 3608 2670 εί-

2059 2709 2399 2780 δωλολάτρας
2431 2708 2790 2779 αἰνιττόμενοι
2813 2725 2828 2739 ·
2864 2709 2986 2760 ἐπεὶ
3023 2707 3081 2774 ἐξ
3115 2709 3395 2777 Αἰγύπτου
3436 2710 3609 2779 κατήρ-

2065 2801 2194 2866 ξατο
2224 2804 2258 2874 ἡ
2289 2802 2714 2883 εἰδωλολατρεία.
2752 2799 2908 2853 Ἀλλά
2937 2803 3030 2855 καὶ
3047 2802 3143 2872 τὴν
3181 2802 3466 2856 Αἰθιοπίαν
3498 2819 3608 2874 προ-

2063 2893 2265 2963 φθάσαι
2306 2897 2461 2967 χεῖρα
2501 2895 2670 2962 αὐτῆς
2711 2893 2788 2964 τῷ
2832 2893 2950 2964 Θεῷ
2993 2911 3142 2963 φασι,
3191 2895 3258 2947 τὰ
3299 2893 3503 2965 ἔσχατα
3526 2895 3608 2963 τῆς

2061 2983 2380 3054 οἰκουμένης
2419 2983 2722 3055 δηλοῦντες.
2765 2983 2879 3039 Εἶθ’
2920 2985 3047 3055 ἑξῆς
3080 2985 3177 3048 τὰς
3216 2985 3491 3054 βασιλείας
3527 2985 3608 3055 τῆς

387 3085 502 3143 tur,
533 3094 681 3132 nunc
705 3078 924 3132 tandem
957 3092 1119 3148 opere
1138 3077 1547 3145 perﬁcerentur,
1568 3077 1624 3130 in
1657 3076 1777 3146 ipso
1808 3077 1958 3145 prin-

2063 3074 2165 3144 γῆς
2195 3074 2372 3139 πάσας
2414 3075 2624 3146 ἀθρόως
2652 3077 3000 3146 συγκαλοῦσι,
3037 3077 3145 3131 τῶν
3173 3077 3342 3132 ἐθνῶν
3377 3077 3607 3131 ἀπάντων

388 3171 533 3242 cipio
563 3170 798 3240 Spiritus
829 3179 1051 3226 sanctus
1093 3185 1188 3240 per
1237 3169 1492 3224 Davidem
1532 3184 1720 3239 preces
1764 3170 1962 3224 emittit

388 3261 579 3317 dicens
601 3282 613 3316 :
637 3281 656 3312 ‹
685 3261 952 3333 Exsurgat
972 3262 1116 3318 Deus
1137 3268 1192 3316 et
1211 3262 1546 3332 dissipentur
1563 3261 1769 3316 inimici
1785 3263 1920 3332 ejus.
1939 3283 1957 3314 ι

389 3351 684 3423 Pergraves
707 3353 848 3407 enim
875 3353 1079 3406 inimici
1101 3351 1196 3407 Dei
1215 3352 1327 3420 jam
1353 3352 1483 3405 olim
1513 3352 1570 3406 in
1598 3366 1790 3406 omnes
1806 3361 1964 3406 terra;

390 3445 723 3500 habitatores
745 3445 1085 3516 tyrannidem
1120 3445 1472 3511 exercebant,
1506 3444 1729 3515 maligni
1773 3444 1964 3499 videli-

389 3549 477 3591 cet
505 3535 777 3592 dzemones
801 3576 817 3602 ,
859 3538 951 3606 qui
996 3535 1357 3605 multiplicum
1403 3534 1686 3588 numinum
1721 3548 1962 3588 errorem

389 3629 447 3684 in
480 3631 792 3685 universum
825 3630 1010 3684 orbem
1057 3627 1404 3683 induxerant.
1434 3626 1604 3681 Nemo
1641 3641 1804 3695 porro
1846 3636 1962 3680 erat

388 3721 483 3790 qui
514 3721 653 3775 mala
677 3721 1025 3792 propelleret,
1069 3735 1181 3774 non
1211 3719 1297 3779 vir
1341 3719 1581 3788 sapiens,
1619 3734 1724 3773 non
1752 3718 1958 3787 justus,

390 3829 498 3868 non
527 3814 807 3883 propheta,
832 3813 942 3868 imo
975 3828 1077 3869 nec
1109 3811 1382 3883 quispiam
1414 3827 1481 3867 ex
1507 3811 1716 3881 angelis
1753 3819 1806 3866 et
1834 3825 1962 3865 san-

389 3906 496 3960 ctis
524 3906 831 3975 spiritibus,
866 3906 983 3960 sive
1009 3921 1077 3960 ex
1107 3904 1426 3960 coelestibus
1459 3903 1768 3973 divinisque
1790 3903 1961 3956 virtu-

391 3999 560 4054 tibus.
621 3999 962 4068 Quapropter
991 3997 1156 4053 Deum
1187 4005 1342 4069 rogat
1393 4008 1451 4052 ut
1497 4005 1777 4068 exsurgat,
1810 4005 1864 4051 et
1897 4011 1962 4052 ex

390 4092 542 4161 regio
572 4091 767 4145 throno
817 4106 919 4146 suo
962 4093 1248 4145 excitetur.
1305 4087 1440 4142 Nam
1485 4090 1578 4144 Dei
1623 4091 1962 4160 providentia

392 4188 527 4237 tunc
563 4197 801 4246 cessare,
838 4197 1031 4236 vacare
1063 4188 1117 4236 et
1141 4196 1238 4236 ceu
1263 4181 1545 4251 quiescere
1576 4179 1798 4243 dicitur,
1836 4196 1960 4234 cum

392 4290 458 4329 ex
487 4274 694 4330 divitiis
719 4273 999 4335 bonitatis,
1046 4281 1100 4327 et
1129 4289 1196 4328 ex
1238 4273 1499 4343 patientia
1528 4271 1961 4342 longanimitatev

393 4381 501 4436 que
526 4381 624 4422 sua
653 4374 943 4436 peccantes
963 4372 1017 4419 et
1044 4379 1170 4435 erga
1199 4379 1258 4418 se
1285 4365 1448 4434 impie
1479 4371 1702 4434 agentes
1735 4363 1959 4429 tolerat;

2061 3163 2248 3218 τοῦτον
2281 3167 2691 3237 σημαινομένων
2720 3169 2809 3223 τὸν
2835 3170 3053 3242 τρόπον.
3088 3172 3205 3224 Ἵνα
3231 3171 3287 3223 δὲ
3318 3171 3386 3224 τὰ
3413 3170 3497 3224 διά
3517 3168 3607 3222 τῶν

2061 3255 2232 3320 λόγων
2274 3260 2719 3331 προφητευόμενα
2758 3262 2858 3333 ἢδη
2901 3265 3032 3317 ποτὲ
3075 3264 3170 3316 καὶ
3212 3263 3277 3316 δι’
3311 3264 3482 3333 ἔργων
3520 3280 3606 3332 χω-

2064 3349 2224 3421 ρήσῃ,
2255 3349 2551 3420 ἀρχόμενον
2583 3352 2644 3405 τὸ
2676 3353 2897 3424 Πνεῦμα
2926 3355 2987 3407 τὸ
3024 3356 3381 3426 προφητικὸν,
3410 3356 3494 3408 διὰ
3527 3353 3604 3406 τοῦ

2061 3441 2222 3493 Δαυῒδ
2246 3441 2408 3512 εὐχὴν
2436 3443 2915 3514 ἀναπέμπειλέγον
2939 3464 2952 3477 ο
2979 3465 2997 3498 ι
3027 3449 3334 3519 Ἀναστήτω
3353 3451 3381 3501 ό
3402 3447 3604 3518 Κύριος,

2062 3534 2154 3585 καὶ
2173 3533 2743 3605 διασκορπισθήτωσαν
2764 3538 2812 3589 οἰ
2841 3537 3024 3609 ἐχθροὶ
3055 3537 3241 3593 αὐτοῦ.
3285 3558 3304 3590 ι
3329 3537 3606 3608 Δεινοίγάρ

2061 3626 2245 3698 ἐχθροὶ
2278 3625 2372 3680 τοῦ
2403 3625 2536 3679 Θεοῦ
2567 3628 2994 3699 κατετυράννουν
3030 3628 3195 3683 πάλαι
3228 3630 3486 3702 πρότερον
3513 3630 3604 3681 τῶν

2062 3719 2154 3770 ἐπὶ
2173 3717 2273 3788 γῆς
2288 3717 2560 3782 ἁπάντων,
2583 3721 2631 3770 οἱ
2648 3718 2743 3790 τὴν
2761 3719 3016 3773 πολύθεΟν
3031 3721 3240 3793 πλάνην
3257 3721 3377 3775 καθ’
3393 3723 3512 3792 ὅλης
3523 3721 3605 3792 τῆς

2061 3807 2380 3878 οἰκουμένης
2422 3810 2816 3881 συστησάμενοι
2868 3813 3092 3883 πονηροὶ
3129 3813 3400 3883 δαίμονες.
3442 3812 3606 3875 Οὐδείς

2061 3917 2121 3952 τε
2153 3895 2220 3973 ἦν
2246 3900 2536 3973 ὲπαμύνων
2566 3906 2678 3967 τοῖς
2710 3905 2918 3966 κακοῖς,
2968 3905 3028 3956 οὐ
3076 3905 3238 3974 σοφὸς
3270 3907 3426 3979 ἀνὴρ,
3455 3907 3511 3959 οὐ
3541 3904 3606 3957 δί-

2063 4009 2234 4057 καιος,
2281 3994 2341 4047 οὐ
2375 3995 2677 4066 προφήτης·
2723 3995 2835 4048 ἀλλ’
2865 3996 2984 4048 οὐδὲ
3028 3996 3272 4065 ἀγγέλων
3304 4015 3385 4061 τις
3409 3999 3440 4068 ἦ
3468 4014 3606 4050 πνευ-

2065 4083 2246 4153 μάτων
2285 4084 2477 4151 ἁγίων,
2513 4085 2545 4157 ἢ
2580 4085 2687 4138 τῶν
2721 4088 2840 4138 κατ’
2874 4086 3101 4157 οὐρανὸν
3135 4087 3296 4141 θείων
3327 4087 3601 4158 δυνάμεων.

2061 4175 2152 4227 Διὸ
2177 4174 2240 4246 δὴ
2270 4176 2431 4228 αὐτὸν
2460 4177 2752 4247 ἀναστῆναι
2784 4177 2874 4232 τὸν
2911 4177 3063 4244 Θεὸν,
3103 4181 3196 4232 καὶ¹
3228 4179 3322 4233 τοῦ
3357 4177 3604 4250 βασιλικοῦ

2060 4265 2399 4336 διεγερθῆναι
2452 4267 2641 4338 θρόνου
2702 4268 3026 4340 παρακαλεῖ.
3084 4271 3340 4343 Ἦρεμεῖν
3397 4273 3484 4342 μὲν
3528 4269 3605 4322 καὶ

2062 4359 2348 4430 ἡσυχάζειν
2377 4361 2470 4415 καὶ
2499 4360 2687 4434 ὥσπερ
2715 4363 3136 4418 διαναπαύεσθαι
3162 4366 3229 4418 τά
3255 4367 3356 4436 τῆς
3381 4366 3467 4420 τοῦ
3490 4364 3602 4418 Θεοῦ

394 4455 600 4510 moveri
642 4463 822 4510 autem
853 4462 906 4508 et
939 4454 1163 4509 excitari
1211 4453 1430 4518 dicitur,
1475 4469 1599 4508 cum
1642 4461 1954 4523 peccatores

2060 4453 2307 4523 προνοίας
2339 4453 2573 4522 λέγεται,
2610 4457 2828 4510 ἐπειδὰν
2859 4456 2935 4527 τῷ
2964 4456 3176 4528 πλούτῳ
3206 4459 3304 4528 τῆς
3338 4457 3602 4530 χρηστότη-

393 4562 683 4618 aggressus
712 4547 1009 4602 ulciscitur.
1056 4544 1128 4600 Ut
1160 4546 1325 4617 igitur
1355 4545 1641 4600 memorati
1675 4545 1862 4599 hostes
1895 4545 1955 4597 li-

395 4653 517 4692 nem
556 4637 796 4693 facerent
825 4637 1141 4692 dominandi
1171 4637 1517 4703 hominibus,
1547 4636 1658 4692 Deo
1689 4637 1959 4707 supplicat

399 4733 459 4781 ut
483 4737 740 4799 exsurgat
785 4743 1015 4798 seseque
1042 4727 1281 4782 concitet
1313 4726 1382 4780 ad
1431 4728 1718 4791 ultionem,
1772 4733 1832 4781 ut
1865 4725 1957 4794 qui

397 4818 527 4875 olim
554 4819 609 4873 in
643 4835 809 4874 unum
853 4819 1166 4890 congregati
1214 4825 1392 4878 erant,
1423 4825 1477 4873 et
1506 4817 1807 4888 improbam
1841 4833 1960 4871 mu-

396 4915 494 4966 tuo
522 4911 870 4966 concordiam
907 4912 1161 4976 inierant,
1194 4925 1314 4965 eam
1347 4909 1556 4964 scilicet
1575 4925 1702 4986 qum
1729 4909 1960 4964 diaboli-

396 5015 518 5055 cam
558 4999 921 5056 idololatriam
955 5000 1271 5070 spectabat,
1325 4998 1720 5068 dissiparentur
1770 5001 1959 5070 procul

398 5092 653 5163 dispersi.
706 5092 750 5146 li
794 5107 922 5148 vero
972 5092 1177 5147 inimici
1213 5091 1307 5146 Dei
1345 5099 1521 5152 erant.
1549 5078 1551 5081 ’
1575 5106 1807 5162 eumque
1833 5093 1955 5148 ode-

400 5190 543 5245 rant,
574 5187 666 5254 qui
696 5199 874 5238 aerem
902 5193 1058 5238 terra:
1078 5185 1406 5238 eminentem
1438 5183 1738 5253 replebant,
1781 5192 1834 5239 et
1861 5185 1962 5238 im-

400 5275 728 5343 probitatem
762 5277 907 5330 illam
939 5277 1256 5347 multiplicis
1277 5276 1480 5332 erroris
1505 5263 1779 5340 fovebant,
1812 5277 1960 5348 impii

405 5381 598 5436 nempe
625 5367 846 5437 quidam
879 5375 932 5422 et
957 5368 1101 5424 athei
1135 5367 1426 5424 daemones.
1460 5367 1562 5433 Qui
1586 5366 1697 5422 Deo
1719 5369 1806 5422 vel
1839 5376 1961 5422 tau-

405 5460 518 5506 tum
549 5467 923 5513 commovente
952 5474 1028 5522 se,
1061 5467 1114 5513 et
1139 5458 1204 5512 ad
1224 5457 1528 5512 facinorum
1555 5458 1810 5513 ultionem
1844 5474 1964 5513 sese

405 5545 696 5613 excitante,
716 5550 890 5614 primo
920 5549 1134 5618 quidem
1164 5549 1412 5620 dissipati
1433 5557 1486 5604 et
1511 5550 1602 5604 alii
1625 5551 1809 5619 procul
1843 5551 1963 5604 aliis

405 5633 658 5703 dispersi,
688 5637 882 5692 deinde
910 5639 964 5692 in
985 5637 1165 5708 fugam
1188 5641 1330 5694 versi
1355 5648 1517 5704 sunt,
1552 5655 1614 5694 ac
1638 5649 1824 5710 postea
1856 5642 1963 5696 sic-

411 5732 467 5777 ut
495 5725 677 5780 deﬁcit
713 5727 896 5783 fumus
927 5728 1271 5795 defecerunt,
1296 5737 1351 5786 et
1384 5731 1531 5787 sicut
1556 5732 1812 5790 liauescit
1837 5750 1960 5789 cera

2055 4563 2144 4608 τος
2170 4545 2332 4598 αὐτοῦ
2363 4547 2453 4599 καὶ
2488 4551 2552 4618 τῇ
2591 4549 2939 4620 μακροθυμίᾳ
2971 4550 3111 4622 φέρῃ
3142 4551 3270 4613 τούς
3293 4549 3602 4622 ἁμαρτάνον-

2055 4654 2152 4699 τας
2195 4637 2289 4690 καὶ
2329 4639 2408 4701 εἰς
2437 4639 2595 4691 αὐτὸν
2623 4639 2971 4704 ἀσεϐοῦντας·
3009 4641 3069 4694 τὸ
3117 4641 3174 4695 δὲ
3224 4643 3480 4696 κινεῖσθαι
3526 4641 3603 4693 καὶ

2055 4726 2444 4793 διανίστασθαι,
2489 4730 2704 4783 ἐπειδὰν
2741 4729 2840 4794 τάς
2897 4732 3202 4802 ὲκδικήσεις
3227 4733 3448 4803 ποιῆσαι
3467 4728 3602 4792 ἐπεξ-

2061 4817 2153 4869 ιὼν
2198 4820 2307 4881 τοῖς
2342 4819 2762 4889 ἁμαρτάνουσιν.
2817 4822 2914 4874 Ἰν·
2947 4817 3038 4875 οὖν
3073 4821 3172 4892 ἠδη
3205 4822 3336 4892 ποτὲ
3385 4821 3601 4874 παύσων-

2056 4925 2145 4962 ται
2191 4911 2308 4972 ταῖς
2338 4911 2478 4965 κατά
2517 4913 2626 4965 τῶν
2675 4913 2974 4986 ἀνθρώπων
3027 4914 3363 4977 δυναστείαις
3406 4914 3450 4966 οἱ
3490 4927 3600 4981 προ-

2057 5000 2334 5072 λεχθέντες
2367 5005 2571 5076 ἐχθροὶ,
2605 4999 2952 5076 διαναστῆναι
2990 5007 3080 5060 τὸν
3129 5007 3259 5060 Θεὸν
3306 5007 3401 5061 καὶ
3437 5001 3591 5069 διεγεί·

2061 5111 2150 5166 ραι
2195 5093 2384 5148 ἑαυτὸν
2435 5097 2514 5159 εἰς
2563 5097 2836 5169 ἐκδίκησιν
2877 5100 3126 5164 ἱκετεύει,
3165 5099 3312 5162 ὅπως
3367 5100 3414 5151 οἱ
3458 5093 3597 5148 πάλαι

2060 5185 2202 5238 κατᾶ
2225 5186 2286 5238 τὸ
2311 5186 2442 5239 αὐτὸ
2473 5188 2795 5259 συνηγμένοι
2823 5191 2913 5243 καὶ
2939 5188 3111 5261 κακὴν
3145 5189 3454 5260 συμφωνίαν
3485 5181 3595 5254 πρὸς

2061 5274 2318 5347 ἀλλήλους
2373 5275 2621 5347 θέμενοι,
2692 5279 2789 5349 τὴν
2839 5281 2936 5351 τῆς
2986 5280 3302 5351 δαιμονικῆς
3348 5274 3582 5332 εἰδωλολα·

2060 5366 2244 5436 τρείας
2268 5407 2282 5431 ν
2324 5368 2747 5424 διασκεδασθῶσι
2802 5371 3018 5442 μακρὰν
3054 5372 3293 5442 ἀλλήλων
3326 5369 3590 5440 γενόμενοι.

2075 5458 2286 5529 Ἐχθρώ⁹
2315 5459 2371 5512 δὲ
2419 5461 2512 5513 τοῦ
2565 5461 2700 5515 Θεοῦ
2745 5465 2840 5516 καὶ
2869 5463 3150 5533 μισοῦντες
3197 5463 3355 5518 αὐτὸν
3379 5456 3524 5532 ἦσαν,
3551 5453 3590 5506 οἵ

2063 5550 2150 5605 τὸν
2185 5551 2322 5622 ὑπὲρ
2373 5553 2474 5621 γῆς
2510 5554 2645 5625 ἀέρα
2690 5555 3023 5627 πληροῦντες
3068 5556 3161 5609 καὶ
3192 5557 3289 5626 τὴν
3322 5556 3378 5608 ὲν
3418 5545 3572 5619 ἀνθρώ

2065 5660 2184 5706 ποις
2213 5644 2520 5716 πολυπλανῆ
2561 5647 2758 5700 κακίαν
2801 5648 3146 5718 ἐνεργοῦντες
3188 5646 3452 5708 δυσσεσεῖς
3472 5655 3584 5694 τινες

2065 5737 2158 5789 καὶ
2201 5736 2348 5791 ἄθεοι
2388 5737 2654 5809 δαίμονες·
2692 5739 2762 5804 οἳ,
2802 5739 3108 5811 κινηθέντος
3135 5740 3298 5796 αὐτοῦ
3347 5740 3487 5811 μόνον
3511 5725 3580 5783 τοῖ
