  <div class='ocr_page' id='page_1' title='image "/cluster/home/n/w/nwhite01/storage/ocr_20150623/23/mdp.39015078384396/348.png"; bbox 0 0 3808 6280; ppageno 0'>
   <div class='ocr_carea' id='block_1_1' title="bbox 182 336 283 393">
    <p class='ocr_par' dir='ltr' id='par_1_1' title="bbox 182 336 283 393">
     <span class='ocr_line' id='line_1_1' title="bbox 182 336 283 393; baseline 0 -1"><span class='ocrx_word' id='word_1_1' title='bbox 182 336 283 393; x_wconf 81' lang='grc'><strong>681</strong></span> 
     </span>
    </p>
   </div>
   <div class='ocr_carea' id='block_1_2' title="bbox 1300 332 2289 391">
    <p class='ocr_par' dir='ltr' id='par_1_2' title="bbox 1300 332 2289 391">
     <span class='ocr_line' id='line_1_2' title="bbox 1300 332 2289 391; baseline -0.001 -3"><span class='ocrx_word' id='word_1_2' title='bbox 1300 332 1802 390; x_wconf 67' lang='lat' dir='ltr'><strong>COMMENTARIA</strong></span> <span class='ocrx_word' id='word_1_3' title='bbox 1841 334 1907 391; x_wconf 80' lang='lat' dir='ltr'><strong>IN</strong></span> <span class='ocrx_word' id='word_1_4' title='bbox 1946 332 2289 389; x_wconf 76' lang='lat' dir='ltr'><strong>I’SALMOS.</strong></span> 
     </span>
    </p>
   </div>
   <div class='ocr_carea' id='block_1_3' title="bbox 3332 339 3444 395">
    <p class='ocr_par' dir='ltr' id='par_1_3' title="bbox 3332 339 3444 395">
     <span class='ocr_line' id='line_1_3' title="bbox 3332 339 3444 395; baseline 0.027 -3"><span class='ocrx_word' id='word_1_5' title='bbox 3332 339 3444 395; x_wconf 64' lang='lat'><strong>682</strong></span> 
     </span>
    </p>
   </div>
   <div class='ocr_carea' id='block_1_4' title="bbox 178 453 1745 531">
    <p class='ocr_par' dir='ltr' id='par_1_4' title="bbox 178 453 1745 528">
     <span class='ocr_line' id='line_1_4' title="bbox 178 453 1745 528; baseline 0 -19"><span class='ocrx_word' id='word_1_6' title='bbox 178 453 340 519; x_wconf 88' lang='grc' dir='ltr'>Θεοῦ,</span> <span class='ocrx_word' id='word_1_7' title='bbox 371 454 467 510; x_wconf 74' lang='grc' dir='ltr'>καὶ</span> <span class='ocrx_word' id='word_1_8' title='bbox 491 454 584 509; x_wconf 75' lang='grc' dir='ltr'>ἐπὶ</span> <span class='ocrx_word' id='word_1_9' title='bbox 613 454 711 525; x_wconf 80' lang='grc' dir='ltr'>τὴν</span> <span class='ocrx_word' id='word_1_10' title='bbox 747 454 854 509; x_wconf 80' lang='grc' dir='ltr'><strong>τῶν</strong></span> <span class='ocrx_word' id='word_1_11' title='bbox 893 453 1281 528; x_wconf 79' lang='grc' dir='ltr'><strong>πραττομένων</strong></span> <span class='ocrx_word' id='word_1_12' title='bbox 1335 455 1612 528; x_wconf 74' lang='grc' dir='ltr'><strong>ἐκδίκησιν</strong></span> <span class='ocrx_word' id='word_1_13' title='bbox 1638 458 1745 511; x_wconf 86' lang='grc' dir='ltr'>ἐαυ-</span> 
     </span>
    </p>
   </div>
   <div class='ocr_carea' id='block_1_5' title="bbox 1864 453 3443 531">
    <p class='ocr_par' dir='ltr' id='par_1_5' title="bbox 1864 455 3443 527">
     <span class='ocr_line' id='line_1_5' title="bbox 1864 455 3443 527; baseline 0.003 -16"><span class='ocrx_word' id='word_1_14' title='bbox 1864 471 1897 511; x_wconf 90' lang='lat' dir='ltr'><strong>a</strong></span> <span class='ocrx_word' id='word_1_15' title='bbox 1930 456 2068 512; x_wconf 86' lang='lat' dir='ltr'><strong>facie</strong></span> <span class='ocrx_word' id='word_1_16' title='bbox 2096 456 2259 526; x_wconf 77' lang='lat' dir='ltr'><strong>ignis,</strong></span> <span class='ocrx_word' id='word_1_17' title='bbox 2305 455 2386 510; x_wconf 89' lang='lat' dir='ltr'><strong>sic</strong></span> <span class='ocrx_word' id='word_1_18' title='bbox 2419 463 2472 510; x_wconf 89' lang='lat' dir='ltr'><strong>et</strong></span> <span class='ocrx_word' id='word_1_19' title='bbox 2517 455 2593 511; x_wconf 87' lang='lat' dir='ltr'><strong>illi</strong></span> <span class='ocrx_word' id='word_1_20' title='bbox 2641 457 2869 527; x_wconf 88' lang='lat' dir='ltr'><strong>perituri</strong></span> <span class='ocrx_word' id='word_1_21' title='bbox 2927 466 3101 514; x_wconf 86' lang='lat' dir='ltr'><strong>erant.</strong></span> <span class='ocrx_word' id='word_1_22' title='bbox 3158 458 3443 525; x_wconf 86' lang='lat' dir='ltr'><strong>Quomodo</strong></span> 
     </span>
    </p>
   </div>
   <div class='ocr_carea' id='block_1_6' title="bbox 177 546 1763 619">
    <p class='ocr_par' dir='ltr' id='par_1_6' title="bbox 177 546 1763 619">
     <span class='ocr_line' id='line_1_6' title="bbox 177 546 1763 619; baseline 0.003 -20"><span class='ocrx_word' id='word_1_23' title='bbox 177 547 272 599; x_wconf 84' lang='grc' dir='ltr'><strong>τὸν</strong></span> <span class='ocrx_word' id='word_1_24' title='bbox 304 546 687 618; x_wconf 76' lang='grc' dir='ltr'><strong>διεγείραντος,</strong></span> <span class='ocrx_word' id='word_1_25' title='bbox 729 546 945 617; x_wconf 83' lang='grc' dir='ltr'>πρῶτον</span> <span class='ocrx_word' id='word_1_26' title='bbox 989 547 1088 617; x_wconf 85' lang='grc' dir='ltr'>μὲν</span> <span class='ocrx_word' id='word_1_27' title='bbox 1125 548 1510 619; x_wconf 72' lang='grc' dir='ltr'>ἐσκορπίξοντο</span> <span class='ocrx_word' id='word_1_28' title='bbox 1544 549 1763 619; x_wconf 81' lang='grc' dir='ltr'>μακρὰν</span> 
     </span>
    </p>
   </div>
   <div class='ocr_carea' id='block_1_7' title="bbox 178 634 1764 709">
    <p class='ocr_par' dir='ltr' id='par_1_7' title="bbox 178 634 1764 709">
     <span class='ocr_line' id='line_1_7' title="bbox 178 634 1764 709; baseline 0.001 -18"><span class='ocrx_word' id='word_1_29' title='bbox 178 638 426 709; x_wconf 83' lang='grc' dir='ltr'>ἀλλήλων</span> <span class='ocrx_word' id='word_1_30' title='bbox 467 636 995 707; x_wconf 83' lang='grc' dir='ltr'>διασκεδαννύμενοι,</span> <span class='ocrx_word' id='word_1_31' title='bbox 1044 634 1141 692; x_wconf 71' lang='grc' dir='ltr'>εἶτ’</span> <span class='ocrx_word' id='word_1_32' title='bbox 1191 637 1431 709; x_wconf 84' lang='grc' dir='ltr'>ἐχρῶντο</span> <span class='ocrx_word' id='word_1_33' title='bbox 1464 642 1629 709; x_wconf 80' lang='grc' dir='ltr'>φυγῇ·</span> <span class='ocrx_word' id='word_1_34' title='bbox 1670 640 1764 692; x_wconf 73' lang='grc' dir='ltr'>καὶ</span> 
     </span>
    </p>
   </div>
   <div class='ocr_carea' id='block_1_8' title="bbox 181 726 1764 799">
    <p class='ocr_par' dir='ltr' id='par_1_8' title="bbox 181 726 1764 799">
     <span class='ocr_line' id='line_1_8' title="bbox 181 726 1764 799; baseline 0.001 -19"><span class='ocrx_word' id='word_1_35' title='bbox 181 730 321 799; x_wconf 79' lang='grc' dir='ltr'>μετὰ</span> <span class='ocrx_word' id='word_1_36' title='bbox 366 727 539 782; x_wconf 83' lang='grc' dir='ltr'>ταῦτα</span> <span class='ocrx_word' id='word_1_37' title='bbox 593 726 667 791; x_wconf 87' lang='grc' dir='ltr'><strong>ώς</strong></span> <span class='ocrx_word' id='word_1_38' title='bbox 721 727 963 782; x_wconf 86' lang='grc' dir='ltr'>ἐκλείπει</span> <span class='ocrx_word' id='word_1_39' title='bbox 1007 730 1211 793; x_wconf 82' lang='grc' dir='ltr'>καπνὸς</span> <span class='ocrx_word' id='word_1_40' title='bbox 1249 728 1511 796; x_wconf 77' lang='grc' dir='ltr'><strong>ἐξέλιπον,</strong></span> <span class='ocrx_word' id='word_1_41' title='bbox 1547 730 1641 783; x_wconf 73' lang='grc' dir='ltr'>καὶ</span> <span class='ocrx_word' id='word_1_42' title='bbox 1689 730 1764 793; x_wconf 83' lang='grc' dir='ltr'>ὡς</span> 
     </span>
    </p>
   </div>
   <div class='ocr_carea' id='block_1_9' title="bbox 176 818 1764 891">
    <p class='ocr_par' dir='ltr' id='par_1_9' title="bbox 176 818 1764 891">
     <span class='ocr_line' id='line_1_9' title="bbox 176 818 1764 891; baseline -0.001 -19"><span class='ocrx_word' id='word_1_43' title='bbox 176 823 406 891; x_wconf 84' lang='grc' dir='ltr'>τήκεται</span> <span class='ocrx_word' id='word_1_44' title='bbox 430 818 595 890; x_wconf 86' lang='grc' dir='ltr'>κηρὸς</span> <span class='ocrx_word' id='word_1_45' title='bbox 628 818 735 871; x_wconf 84' lang='grc' dir='ltr'><strong>ἀπὸ</strong></span> <span class='ocrx_word' id='word_1_46' title='bbox 766 818 1058 891; x_wconf 79' lang='grc' dir='ltr'><strong>προσώπου</strong></span> <span class='ocrx_word' id='word_1_47' title='bbox 1105 820 1293 891; x_wconf 89' lang='grc' dir='ltr'>πυρὸς,</span> <span class='ocrx_word' id='word_1_48' title='bbox 1324 818 1498 883; x_wconf 75' lang='grc' dir='ltr'>οὕτως</span> <span class='ocrx_word' id='word_1_49' title='bbox 1531 819 1764 890; x_wconf 72' lang='grc' dir='ltr'>ἤμελλον</span> 
     </span>
    </p>
   </div>
   <div class='ocr_carea' id='block_1_10' title="bbox 178 910 1765 982">
    <p class='ocr_par' dir='ltr' id='par_1_10' title="bbox 178 910 1765 982">
     <span class='ocr_line' id='line_1_10' title="bbox 178 910 1765 982; baseline 0 -17"><span class='ocrx_word' id='word_1_50' title='bbox 178 911 536 966; x_wconf 83' lang='grc' dir='ltr'>ἀπόλλυσθαι.</span> <span class='ocrx_word' id='word_1_51' title='bbox 586 912 815 982; x_wconf 78' lang='grc' dir='ltr'>Νοήσεις</span> <span class='ocrx_word' id='word_1_52' title='bbox 867 912 924 966; x_wconf 83' lang='grc' dir='ltr'>δὲ</span> <span class='ocrx_word' id='word_1_53' title='bbox 973 913 1122 976; x_wconf 81' lang='grc' dir='ltr'>ὃπως</span> <span class='ocrx_word' id='word_1_54' title='bbox 1158 912 1235 976; x_wconf 84' lang='grc' dir='ltr'>ὡς</span> <span class='ocrx_word' id='word_1_55' title='bbox 1276 912 1517 965; x_wconf 75' lang='grc' dir='ltr'>ἐκλείπει</span> <span class='ocrx_word' id='word_1_56' title='bbox 1560 910 1765 975; x_wconf 84' lang='grc' dir='ltr'>καπνὸς</span> 
     </span>
    </p>
   </div>
   <div class='ocr_carea' id='block_1_11' title="bbox 177 1003 1764 1076">
    <p class='ocr_par' dir='ltr' id='par_1_11' title="bbox 177 1003 1764 1076">
     <span class='ocr_line' id='line_1_11' title="bbox 177 1003 1764 1076; baseline 0.001 -20"><span class='ocrx_word' id='word_1_57' title='bbox 177 1004 427 1069; x_wconf 75' lang='grc' dir='ltr'>ἐξέλιπον</span> <span class='ocrx_word' id='word_1_58' title='bbox 455 1007 505 1057; x_wconf 88' lang='grc' dir='ltr'><strong>οί</strong></span> <span class='ocrx_word' id='word_1_59' title='bbox 527 1004 709 1076; x_wconf 81' lang='grc' dir='ltr'>ἐχθροὶ</span> <span class='ocrx_word' id='word_1_60' title='bbox 739 1003 925 1066; x_wconf 85' lang='grc' dir='ltr'>αὐτοῦ,</span> <span class='ocrx_word' id='word_1_61' title='bbox 962 1005 1259 1075; x_wconf 77' lang='grc' dir='ltr'><strong>ἐπιστήσας</strong></span> <span class='ocrx_word' id='word_1_62' title='bbox 1306 1004 1381 1068; x_wconf 84' lang='grc' dir='ltr'>ὡς</span> <span class='ocrx_word' id='word_1_63' title='bbox 1422 1004 1483 1057; x_wconf 90' lang='grc' dir='ltr'><strong>τὸ</strong></span> <span class='ocrx_word' id='word_1_64' title='bbox 1518 1003 1617 1073; x_wconf 83' lang='grc' dir='ltr'>μὲν</span> <span class='ocrx_word' id='word_1_65' title='bbox 1659 1020 1764 1057; x_wconf 87' lang='grc' dir='ltr'>πα·-</span> 
     </span>
    </p>
   </div>
   <div class='ocr_carea' id='block_1_12' title="bbox 175 1096 1762 1169">
    <p class='ocr_par' dir='ltr' id='par_1_12' title="bbox 175 1096 1762 1169">
     <span class='ocr_line' id='line_1_12' title="bbox 175 1096 1762 1169; baseline -0.002 -18"><span class='ocrx_word' id='word_1_66' title='bbox 175 1097 327 1151; x_wconf 85' lang='grc' dir='ltr'>λαιὸν</span> <span class='ocrx_word' id='word_1_67' title='bbox 380 1098 907 1169; x_wconf 77' lang='grc' dir='ltr'>μετεσχηματίζοντο</span> <span class='ocrx_word' id='word_1_68' title='bbox 948 1099 1029 1163; x_wconf 88' lang='grc' dir='ltr'><strong>είς</strong></span> <span class='ocrx_word' id='word_1_69' title='bbox 1079 1097 1345 1165; x_wconf 78' lang='grc' dir='ltr'><strong>ἀγγέλους</strong></span> <span class='ocrx_word' id='word_1_70' title='bbox 1378 1096 1574 1165; x_wconf 79' lang='grc' dir='ltr'>φωτὸς,</span> <span class='ocrx_word' id='word_1_71' title='bbox 1602 1096 1762 1159; x_wconf 78' lang='grc' dir='ltr'>αὐτὸς</span> 
     </span>
    </p>
   </div>
   <div class='ocr_carea' id='block_1_13' title="bbox 174 1186 1765 1253">
    <p class='ocr_par' dir='ltr' id='par_1_13' title="bbox 174 1186 1765 1253">
     <span class='ocr_line' id='line_1_13' title="bbox 174 1186 1765 1253; baseline -0.001 -11"><span class='ocrx_word' id='word_1_72' title='bbox 174 1188 232 1242; x_wconf 82' lang='grc' dir='ltr'>δὲ</span> <span class='ocrx_word' id='word_1_73' title='bbox 260 1192 289 1243; x_wconf 84' lang='grc' dir='ltr'><strong>ό</strong></span> <span class='ocrx_word' id='word_1_74' title='bbox 316 1189 561 1253; x_wconf 75' lang='grc' dir='ltr'>διάϐολος</span> <span class='ocrx_word' id='word_1_75' title='bbox 608 1190 702 1242; x_wconf 73' lang='grc' dir='ltr'><strong>καὶ</strong></span> <span class='ocrx_word' id='word_1_76' title='bbox 746 1191 794 1242; x_wconf 89' lang='grc' dir='ltr'><strong>οί</strong></span> <span class='ocrx_word' id='word_1_77' title='bbox 836 1189 1069 1243; x_wconf 91' lang='grc' dir='ltr'>διάκονοι</span> <span class='ocrx_word' id='word_1_78' title='bbox 1092 1187 1257 1242; x_wconf 75' lang='grc' dir='ltr'>αὑτοῦ</span> <span class='ocrx_word' id='word_1_79' title='bbox 1303 1187 1441 1241; x_wconf 86' lang='grc' dir='ltr'>κατὰ</span> <span class='ocrx_word' id='word_1_80' title='bbox 1473 1187 1565 1241; x_wconf 88' lang='grc' dir='ltr'><strong>τὸν</strong></span> <span class='ocrx_word' id='word_1_81' title='bbox 1610 1186 1765 1240; x_wconf 83' lang='grc' dir='ltr'>’Λπό-</span> 
     </span>
    </p>
   </div>
   <div class='ocr_carea' id='block_1_14' title="bbox 176 1278 1765 1350">
    <p class='ocr_par' dir='ltr' id='par_1_14' title="bbox 176 1278 1765 1350">
     <span class='ocr_line' id='line_1_14' title="bbox 176 1278 1765 1350; baseline 0.006 -18"><span class='ocrx_word' id='word_1_82' title='bbox 176 1278 387 1340; x_wconf 77' lang='grc' dir='ltr'>στολον,</span> <span class='ocrx_word' id='word_1_83' title='bbox 435 1280 493 1342; x_wconf 87' lang='grc' dir='ltr'>ὃς</span> <span class='ocrx_word' id='word_1_84' title='bbox 530 1296 712 1350; x_wconf 74' lang='grc' dir='ltr'>φησιν’</span> <span class='ocrx_word' id='word_1_85' title='bbox 753 1297 771 1330; x_wconf 81' lang='grc' dir='ltr'><strong>ι</strong></span> <span class='ocrx_word' id='word_1_86' title='bbox 803 1278 973 1341; x_wconf 81' lang='grc' dir='ltr'>Αὐτὸς</span> <span class='ocrx_word' id='word_1_87' title='bbox 1017 1278 1126 1349; x_wconf 79' lang='grc' dir='ltr'>γὰρ</span> <span class='ocrx_word' id='word_1_88' title='bbox 1157 1279 1186 1330; x_wconf 89' lang='grc' dir='ltr'><strong>ὁ</strong></span> <span class='ocrx_word' id='word_1_89' title='bbox 1218 1278 1459 1339; x_wconf 79' lang='grc' dir='ltr'>Σατανᾶς</span> <span class='ocrx_word' id='word_1_90' title='bbox 1491 1293 1765 1347; x_wconf 83' lang='grc' dir='ltr'>μετασχη-</span> 
     </span>
    </p>
   </div>
   <div class='ocr_carea' id='block_1_15' title="bbox 178 1365 1763 1442">
    <p class='ocr_par' dir='ltr' id='par_1_15' title="bbox 178 1365 1763 1442">
     <span class='ocr_line' id='line_1_15' title="bbox 178 1365 1763 1442; baseline -0.002 -17"><span class='ocrx_word' id='word_1_91' title='bbox 178 1370 467 1442; x_wconf 74' lang='grc' dir='ltr'>ματίζεται</span> <span class='ocrx_word' id='word_1_92' title='bbox 497 1372 576 1435; x_wconf 89' lang='grc' dir='ltr'><strong>είς</strong></span> <span class='ocrx_word' id='word_1_93' title='bbox 604 1371 832 1440; x_wconf 81' lang='grc' dir='ltr'>ἄγγελον</span> <span class='ocrx_word' id='word_1_94' title='bbox 864 1370 1058 1439; x_wconf 75' lang='grc' dir='ltr'>φωτός.</span> <span class='ocrx_word' id='word_1_95' title='bbox 1094 1390 1112 1422; x_wconf 71' lang='grc' dir='ltr'><strong>ι</strong></span> <span class='ocrx_word' id='word_1_96' title='bbox 1142 1370 1217 1423; x_wconf 80' lang='grc' dir='ltr'><strong>Οὐ</strong></span> <span class='ocrx_word' id='word_1_97' title='bbox 1251 1369 1395 1440; x_wconf 88' lang='grc' dir='ltr'>μέγα</span> <span class='ocrx_word' id='word_1_98' title='bbox 1433 1365 1528 1423; x_wconf 80' lang='grc' dir='ltr'>οὖν</span> <span class='ocrx_word' id='word_1_99' title='bbox 1574 1370 1622 1422; x_wconf 87' lang='grc' dir='ltr'><strong>εί</strong></span> <span class='ocrx_word' id='word_1_100' title='bbox 1668 1369 1763 1422; x_wconf 81' lang='grc' dir='ltr'>καὶ</span> 
     </span>
    </p>
   </div>
   <div class='ocr_carea' id='block_1_16' title="bbox 171 1460 1763 1535">
    <p class='ocr_par' dir='ltr' id='par_1_16' title="bbox 171 1460 1763 1535">
     <span class='ocr_line' id='line_1_16' title="bbox 171 1460 1763 1535; baseline -0.002 -20"><span class='ocrx_word' id='word_1_101' title='bbox 171 1462 225 1515; x_wconf 66' lang='lat' dir='ltr'><strong>et</strong></span> <span class='ocrx_word' id='word_1_102' title='bbox 256 1462 494 1518; x_wconf 82' lang='grc' dir='ltr'>διάκονοι</span> <span class='ocrx_word' id='word_1_103' title='bbox 529 1462 695 1518; x_wconf 76' lang='grc' dir='ltr'>αὐτοῦ</span> <span class='ocrx_word' id='word_1_104' title='bbox 751 1462 1315 1535; x_wconf 76' lang='grc' dir='ltr'>μετασχηματίζονται</span> <span class='ocrx_word' id='word_1_105' title='bbox 1370 1462 1451 1525; x_wconf 90' lang='grc' dir='ltr'><strong>είς</strong></span> <span class='ocrx_word' id='word_1_106' title='bbox 1501 1460 1763 1531; x_wconf 77' lang='grc' dir='ltr'><strong>ἀγγέλους</strong></span> 
     </span>
    </p>
   </div>
   <div class='ocr_carea' id='block_1_17' title="bbox 170 1548 1761 1625">
    <p class='ocr_par' dir='ltr' id='par_1_17' title="bbox 170 1548 1761 1625">
     <span class='ocr_line' id='line_1_17' title="bbox 170 1548 1761 1625; baseline -0.003 -18"><span class='ocrx_word' id='word_1_107' title='bbox 170 1555 541 1625; x_wconf 77' lang='grc' dir='ltr'>δικαιοσύνης,</span> <span class='ocrx_word' id='word_1_108' title='bbox 568 1554 1001 1625; x_wconf 87' lang='grc' dir='ltr'>ἐχρησμοδότουν</span> <span class='ocrx_word' id='word_1_109' title='bbox 1040 1570 1100 1606; x_wconf 93' lang='grc' dir='ltr'><strong>τε</strong></span> <span class='ocrx_word' id='word_1_110' title='bbox 1132 1554 1250 1606; x_wconf 85' lang='grc' dir='ltr'>τότε</span> <span class='ocrx_word' id='word_1_111' title='bbox 1286 1551 1428 1605; x_wconf 86' lang='grc' dir='ltr'><strong>κατά</strong></span> <span class='ocrx_word' id='word_1_112' title='bbox 1463 1552 1637 1605; x_wconf 90' lang='grc' dir='ltr'>πάντα</span> <span class='ocrx_word' id='word_1_113' title='bbox 1668 1548 1761 1603; x_wconf 87' lang='grc' dir='ltr'>τό-</span> 
     </span>
    </p>
   </div>
   <div class='ocr_carea' id='block_1_18' title="bbox 173 1643 1762 1718">
    <p class='ocr_par' dir='ltr' id='par_1_18' title="bbox 173 1643 1762 1718">
     <span class='ocr_line' id='line_1_18' title="bbox 173 1643 1762 1718; baseline -0.002 -20"><span class='ocrx_word' id='word_1_114' title='bbox 173 1663 299 1709; x_wconf 86' lang='grc' dir='ltr'>πον,</span> <span class='ocrx_word' id='word_1_115' title='bbox 327 1646 583 1715; x_wconf 83' lang='grc' dir='ltr'>μαντείας</span> <span class='ocrx_word' id='word_1_116' title='bbox 610 1647 703 1701; x_wconf 71' lang='grc' dir='ltr'>καὶ</span> <span class='ocrx_word' id='word_1_117' title='bbox 727 1646 1023 1718; x_wconf 82' lang='grc' dir='ltr'>θεραπείας</span> <span class='ocrx_word' id='word_1_118' title='bbox 1043 1644 1527 1715; x_wconf 83' lang='grc' dir='ltr'>ἐπαγγελλόμενοι,</span> <span class='ocrx_word' id='word_1_119' title='bbox 1544 1643 1619 1707; x_wconf 89' lang='grc' dir='ltr'><strong>ώς</strong></span> <span class='ocrx_word' id='word_1_120' title='bbox 1637 1644 1762 1706; x_wconf 80' lang='grc' dir='ltr'>τοὺς</span> 
     </span>
    </p>
   </div>
   <div class='ocr_carea' id='block_1_19' title="bbox 167 1733 1763 1807">
    <p class='ocr_par' dir='ltr' id='par_1_19' title="bbox 167 1733 1763 1807">
     <span class='ocr_line' id='line_1_19' title="bbox 167 1733 1763 1807; baseline -0.001 -20"><span class='ocrx_word' id='word_1_121' title='bbox 167 1734 571 1807; x_wconf 75' lang='grc' dir='ltr'>δεισιδαίμονας</span> <span class='ocrx_word' id='word_1_122' title='bbox 620 1735 766 1789; x_wconf 78' lang='grc' dir='ltr'>θύειν</span> <span class='ocrx_word' id='word_1_123' title='bbox 816 1736 997 1799; x_wconf 78' lang='grc' dir='ltr'>αὐτοῖς</span> <span class='ocrx_word' id='word_1_124' title='bbox 1044 1735 1162 1789; x_wconf 85' lang='grc' dir='ltr'>καθ’</span> <span class='ocrx_word' id='word_1_125' title='bbox 1209 1733 1515 1805; x_wconf 77' lang='grc' dir='ltr'>ὑπερϐολὴν</span> <span class='ocrx_word' id='word_1_126' title='bbox 1566 1734 1763 1805; x_wconf 87' lang='grc' dir='ltr'>μανίας</span> 
     </span>
    </p>
   </div>
   <div class='ocr_carea' id='block_1_20' title="bbox 1864 548 3441 623">
    <p class='ocr_par' dir='ltr' id='par_1_20' title="bbox 1864 548 3441 623">
     <span class='ocr_line' id='line_1_20' title="bbox 1864 548 3441 623; baseline 0.003 -19"><span class='ocrx_word' id='word_1_127' title='bbox 1864 558 2045 605; x_wconf 87' lang='lat' dir='ltr'><strong>autem</strong></span> <span class='ocrx_word' id='word_1_128' title='bbox 2070 550 2213 604; x_wconf 88' lang='lat' dir='ltr'><strong>sicut</strong></span> <span class='ocrx_word' id='word_1_129' title='bbox 2233 548 2418 604; x_wconf 87' lang='lat' dir='ltr'><strong>deﬁcit</strong></span> <span class='ocrx_word' id='word_1_130' title='bbox 2439 548 2621 604; x_wconf 87' lang='lat' dir='ltr'><strong>fumus</strong></span> <span class='ocrx_word' id='word_1_131' title='bbox 2644 549 2944 605; x_wconf 89' lang='lat' dir='ltr'><strong>defecerint</strong></span> <span class='ocrx_word' id='word_1_132' title='bbox 2970 553 3271 607; x_wconf 81' lang='lat' dir='ltr'><strong>adversarii</strong></span> <span class='ocrx_word' id='word_1_133' title='bbox 3297 555 3441 623; x_wconf 88' lang='lat' dir='ltr'><strong>ejus,</strong></span> 
     </span>
    </p>
   </div>
   <div class='ocr_carea' id='block_1_21' title="bbox 1865 638 3448 716">
    <p class='ocr_par' dir='ltr' id='par_1_21' title="bbox 1865 638 3448 716">
     <span class='ocr_line' id='line_1_21' title="bbox 1865 638 3448 716; baseline 0.004 -22"><span class='ocrx_word' id='word_1_134' title='bbox 1865 641 2160 712; x_wconf 80' lang='lat' dir='ltr'><strong>intelliges,</strong></span> <span class='ocrx_word' id='word_1_135' title='bbox 2194 641 2240 695; x_wconf 90' lang='lat' dir='ltr'><strong>si</strong></span> <span class='ocrx_word' id='word_1_136' title='bbox 2296 638 2703 694; x_wconf 74' lang='lat' dir='ltr'><strong>animadvertas</strong></span> <span class='ocrx_word' id='word_1_137' title='bbox 2751 656 2857 709; x_wconf 83' lang='lat' dir='ltr'><strong>qua</strong></span> <span class='ocrx_word' id='word_1_138' title='bbox 2906 643 3116 699; x_wconf 79' lang='lat' dir='ltr'><strong>ratione</strong></span> <span class='ocrx_word' id='word_1_139' title='bbox 3147 644 3277 698; x_wconf 90' lang='lat' dir='ltr'><strong>olim</strong></span> <span class='ocrx_word' id='word_1_140' title='bbox 3330 646 3448 716; x_wconf 88' lang='lat' dir='ltr'><strong>ipse</strong></span> 
     </span>
    </p>
   </div>
   <div class='ocr_carea' id='block_1_22' title="bbox 1864 733 3450 803">
    <p class='ocr_par' dir='ltr' id='par_1_22' title="bbox 1864 733 3450 803">
     <span class='ocr_line' id='line_1_22' title="bbox 1864 733 3450 803; baseline 0.003 -13"><span class='ocrx_word' id='word_1_141' title='bbox 1864 734 2119 791; x_wconf 86' lang='lat' dir='ltr'><strong>diabolus</strong></span> <span class='ocrx_word' id='word_1_142' title='bbox 2155 741 2211 789; x_wconf 88' lang='lat' dir='ltr'><strong>et</strong></span> <span class='ocrx_word' id='word_1_143' title='bbox 2248 734 2489 790; x_wconf 88' lang='lat' dir='ltr'><strong>ministri</strong></span> <span class='ocrx_word' id='word_1_144' title='bbox 2526 733 2649 803; x_wconf 87' lang='lat' dir='ltr'><strong>ejus</strong></span> <span class='ocrx_word' id='word_1_145' title='bbox 2686 736 3214 794; x_wconf 89' lang='lat' dir='ltr'><strong>transformarentur</strong></span> <span class='ocrx_word' id='word_1_146' title='bbox 3254 740 3307 794; x_wconf 90' lang='lat' dir='ltr'><strong>in</strong></span> <span class='ocrx_word' id='word_1_147' title='bbox 3351 755 3450 793; x_wconf 88' lang='lat' dir='ltr'><strong>an-</strong></span> 
     </span>
    </p>
   </div>
   <div class='ocr_carea' id='block_1_23' title="bbox 1865 823 3450 901">
    <p class='ocr_par' dir='ltr' id='par_1_23' title="bbox 1865 823 3450 901">
     <span class='ocr_line' id='line_1_23' title="bbox 1865 823 3450 901; baseline 0.004 -22"><span class='ocrx_word' id='word_1_148' title='bbox 1865 827 2015 897; x_wconf 89' lang='lat' dir='ltr'><strong>gelos</strong></span> <span class='ocrx_word' id='word_1_149' title='bbox 2056 825 2218 887; x_wconf 79' lang='lat' dir='ltr'><strong>lucis,</strong></span> <span class='ocrx_word' id='word_1_150' title='bbox 2260 823 2565 879; x_wconf 91' lang='lat' dir='ltr'><strong>secundum</strong></span> <span class='ocrx_word' id='word_1_151' title='bbox 2604 826 2948 895; x_wconf 85' lang='lat' dir='ltr'><strong>Apostolum,</strong></span> <span class='ocrx_word' id='word_1_152' title='bbox 2988 829 3081 897; x_wconf 91' lang='lat' dir='ltr'><strong>qui</strong></span> <span class='ocrx_word' id='word_1_153' title='bbox 3119 828 3194 883; x_wconf 90' lang='lat' dir='ltr'><strong>ait</strong></span> <span class='ocrx_word' id='word_1_154' title='bbox 3227 848 3241 883; x_wconf 88' lang='lat'><strong>:</strong></span> <span class='ocrx_word' id='word_1_155' title='bbox 3287 830 3450 901; x_wconf 71' lang='lat' dir='ltr'><strong>(Ipse</strong></span> 
     </span>
    </p>
   </div>
   <div class='ocr_carea' id='block_1_24' title="bbox 1860 916 3442 991">
    <p class='ocr_par' dir='ltr' id='par_1_24' title="bbox 1860 916 3442 991">
     <span class='ocr_line' id='line_1_24' title="bbox 1860 916 3442 991; baseline 0.001 -18"><span class='ocrx_word' id='word_1_156' title='bbox 1860 919 2008 973; x_wconf 91' lang='lat' dir='ltr'><strong>enim</strong></span> <span class='ocrx_word' id='word_1_157' title='bbox 2049 917 2283 973; x_wconf 85' lang='lat' dir='ltr'><strong>Satanas</strong></span> <span class='ocrx_word' id='word_1_158' title='bbox 2321 916 2747 973; x_wconf 87' lang='lat' dir='ltr'><strong>transformatur</strong></span> <span class='ocrx_word' id='word_1_159' title='bbox 2784 919 2840 973; x_wconf 91' lang='lat' dir='ltr'><strong>in</strong></span> <span class='ocrx_word' id='word_1_160' title='bbox 2871 922 3120 991; x_wconf 78' lang='lat' dir='ltr'><strong>angelum</strong></span> <span class='ocrx_word' id='word_1_161' title='bbox 3161 922 3299 979; x_wconf 91' lang='lat' dir='ltr'><strong>lucis</strong></span> <span class='ocrx_word' id='word_1_162' title='bbox 3331 924 3396 975; x_wconf 75' lang='grc'><strong>⁸⁷.</strong></span> <span class='ocrx_word' id='word_1_163' title='bbox 3424 942 3442 974; x_wconf 76' lang='grc' dir='ltr'><strong>ι</strong></span> 
     </span>
    </p>
   </div>
   <div class='ocr_carea' id='block_1_25' title="bbox 1862 1006 3451 1078">
    <p class='ocr_par' dir='ltr' id='par_1_25' title="bbox 1862 1006 3451 1078">
     <span class='ocr_line' id='line_1_25' title="bbox 1862 1006 3451 1078; baseline 0.004 -17"><span class='ocrx_word' id='word_1_164' title='bbox 1862 1007 1982 1062; x_wconf 91' lang='lat' dir='ltr'><strong>Non</strong></span> <span class='ocrx_word' id='word_1_165' title='bbox 2013 1023 2267 1078; x_wconf 80' lang='lat' dir='ltr'><strong>magnum</strong></span> <span class='ocrx_word' id='word_1_166' title='bbox 2294 1007 2479 1077; x_wconf 85' lang='lat' dir='ltr'><strong>itaque</strong></span> <span class='ocrx_word' id='word_1_167' title='bbox 2499 1006 2777 1077; x_wconf 83' lang='lat' dir='ltr'><strong>quidpiam</strong></span> <span class='ocrx_word' id='word_1_168' title='bbox 2802 1008 2849 1063; x_wconf 89' lang='lat' dir='ltr'><strong>si</strong></span> <span class='ocrx_word' id='word_1_169' title='bbox 2871 1008 3106 1063; x_wconf 88' lang='lat' dir='ltr'><strong>ministri</strong></span> <span class='ocrx_word' id='word_1_170' title='bbox 3130 1012 3249 1078; x_wconf 89' lang='lat' dir='ltr'><strong>ejus</strong></span> <span class='ocrx_word' id='word_1_171' title='bbox 3270 1018 3451 1067; x_wconf 90' lang='lat' dir='ltr'><strong>trans—</strong></span> 
     </span>
    </p>
   </div>
   <div class='ocr_carea' id='block_1_26' title="bbox 1866 1098 3450 1169">
    <p class='ocr_par' dir='ltr' id='par_1_26' title="bbox 1866 1098 3450 1169">
     <span class='ocr_line' id='line_1_26' title="bbox 1866 1098 3450 1169; baseline 0.003 -17"><span class='ocrx_word' id='word_1_172' title='bbox 1866 1098 2237 1154; x_wconf 84' lang='lat' dir='ltr'><strong>formarentur</strong></span> <span class='ocrx_word' id='word_1_173' title='bbox 2269 1100 2319 1153; x_wconf 89' lang='lat' dir='ltr'><strong>in</strong></span> <span class='ocrx_word' id='word_1_174' title='bbox 2352 1098 2577 1169; x_wconf 82' lang='lat' dir='ltr'><strong>angelos</strong></span> <span class='ocrx_word' id='word_1_175' title='bbox 2610 1100 2858 1169; x_wconf 71' lang='lat' dir='ltr'><strong>justitite,</strong></span> <span class='ocrx_word' id='word_1_176' title='bbox 2890 1116 2990 1155; x_wconf 92' lang='lat' dir='ltr'><strong>nec</strong></span> <span class='ocrx_word' id='word_1_177' title='bbox 3019 1102 3065 1155; x_wconf 90' lang='lat' dir='ltr'><strong>si</strong></span> <span class='ocrx_word' id='word_1_178' title='bbox 3100 1108 3231 1157; x_wconf 91' lang='lat' dir='ltr'><strong>tunc</strong></span> <span class='ocrx_word' id='word_1_179' title='bbox 3270 1103 3450 1157; x_wconf 87' lang='lat' dir='ltr'><strong>omni-</strong></span> 
     </span>
    </p>
   </div>
   <div class='ocr_carea' id='block_1_27' title="bbox 1864 1190 3453 1257">
    <p class='ocr_par' dir='ltr' id='par_1_27' title="bbox 1864 1190 3453 1257">
     <span class='ocr_line' id='line_1_27' title="bbox 1864 1190 3453 1257; baseline 0.002 -11"><span class='ocrx_word' id='word_1_180' title='bbox 1864 1191 1968 1247; x_wconf 93' lang='lat' dir='ltr'><strong>bus</strong></span> <span class='ocrx_word' id='word_1_181' title='bbox 1996 1190 2051 1245; x_wconf 89' lang='lat' dir='ltr'><strong>in</strong></span> <span class='ocrx_word' id='word_1_182' title='bbox 2080 1192 2217 1246; x_wconf 89' lang='lat' dir='ltr'><strong>locis</strong></span> <span class='ocrx_word' id='word_1_183' title='bbox 2245 1193 2467 1245; x_wconf 85' lang='lat' dir='ltr'><strong>oracula</strong></span> <span class='ocrx_word' id='word_1_184' title='bbox 2506 1191 2770 1257; x_wconf 89' lang='lat' dir='ltr'><strong>ederent,</strong></span> <span class='ocrx_word' id='word_1_185' title='bbox 2812 1192 3073 1247; x_wconf 78' lang='lat' dir='ltr'><strong>vaticinia</strong></span> <span class='ocrx_word' id='word_1_186' title='bbox 3122 1200 3177 1248; x_wconf 88' lang='lat' dir='ltr'><strong>et</strong></span> <span class='ocrx_word' id='word_1_187' title='bbox 3211 1197 3453 1249; x_wconf 86' lang='lat' dir='ltr'><strong>curatio-</strong></span> 
     </span>
    </p>
   </div>
   <div class='ocr_carea' id='block_1_28' title="bbox 1864 1285 3453 1359">
    <p class='ocr_par' dir='ltr' id='par_1_28' title="bbox 1864 1285 3453 1359">
     <span class='ocr_line' id='line_1_28' title="bbox 1864 1285 3453 1359; baseline -0.003 -14"><span class='ocrx_word' id='word_1_188' title='bbox 1864 1302 1963 1345; x_wconf 83' lang='lat' dir='ltr'><strong>nes</strong></span> <span class='ocrx_word' id='word_1_189' title='bbox 2013 1288 2371 1359; x_wconf 85' lang='lat' dir='ltr'><strong>pollicentes;</strong></span> <span class='ocrx_word' id='word_1_190' title='bbox 2414 1285 2488 1341; x_wconf 90' lang='lat' dir='ltr'><strong>ita</strong></span> <span class='ocrx_word' id='word_1_191' title='bbox 2536 1294 2595 1340; x_wconf 90' lang='lat' dir='ltr'><strong>ut</strong></span> <span class='ocrx_word' id='word_1_192' title='bbox 2652 1287 3023 1357; x_wconf 88' lang='lat' dir='ltr'><strong>superstitiosi</strong></span> <span class='ocrx_word' id='word_1_193' title='bbox 3065 1286 3316 1343; x_wconf 79' lang='lat' dir='ltr'><strong>homines</strong></span> <span class='ocrx_word' id='word_1_194' title='bbox 3354 1303 3453 1357; x_wconf 87' lang='lat' dir='ltr'><strong>per</strong></span> 
     </span>
    </p>
   </div>
   <div class='ocr_carea' id='block_1_29' title="bbox 1864 1376 3451 1449">
    <p class='ocr_par' dir='ltr' id='par_1_29' title="bbox 1864 1376 3451 1449">
     <span class='ocr_line' id='line_1_29' title="bbox 1864 1376 3451 1449; baseline 0.001 -16"><span class='ocrx_word' id='word_1_195' title='bbox 1864 1391 2133 1433; x_wconf 89' lang='lat' dir='ltr'><strong>summam</strong></span> <span class='ocrx_word' id='word_1_196' title='bbox 2165 1377 2438 1432; x_wconf 84' lang='lat' dir='ltr'><strong>insaniam</strong></span> <span class='ocrx_word' id='word_1_197' title='bbox 2472 1376 2558 1432; x_wconf 87' lang='lat' dir='ltr'><strong>vel</strong></span> <span class='ocrx_word' id='word_1_198' title='bbox 2587 1377 2693 1431; x_wconf 89' lang='lat' dir='ltr'><strong>sibi</strong></span> <span class='ocrx_word' id='word_1_199' title='bbox 2729 1377 3055 1434; x_wconf 83' lang='lat' dir='ltr'><strong>charissima</strong></span> <span class='ocrx_word' id='word_1_200' title='bbox 3088 1379 3223 1449; x_wconf 90' lang='lat' dir='ltr'><strong>ipsis</strong></span> <span class='ocrx_word' id='word_1_201' title='bbox 3251 1379 3419 1434; x_wconf 87' lang='lat' dir='ltr'><strong>immo</strong></span> <span class='ocrx_word' id='word_1_202' title='bbox 3448 1408 3451 1413; x_wconf 60' lang='grc' dir='ltr'><strong>ι</strong></span> 
     </span>
    </p>
   </div>
   <div class='ocr_carea' id='block_1_30' title="bbox 1864 1466 3452 1525">
    <p class='ocr_par' dir='ltr' id='par_1_30' title="bbox 1864 1466 3452 1525">
     <span class='ocr_line' id='line_1_30' title="bbox 1864 1466 3452 1525; baseline 0.001 -2"><span class='ocrx_word' id='word_1_203' title='bbox 1864 1470 2060 1525; x_wconf 87' lang='lat' dir='ltr'><strong>larent.</strong></span> <span class='ocrx_word' id='word_1_204' title='bbox 2090 1466 2249 1523; x_wconf 90' lang='lat' dir='ltr'><strong>Nunc</strong></span> <span class='ocrx_word' id='word_1_205' title='bbox 2272 1482 2403 1524; x_wconf 87' lang='lat' dir='ltr'><strong>vero</strong></span> <span class='ocrx_word' id='word_1_206' title='bbox 2441 1482 2632 1523; x_wconf 91' lang='lat' dir='ltr'><strong>eorum</strong></span> <span class='ocrx_word' id='word_1_207' title='bbox 2665 1468 2911 1521; x_wconf 87' lang='lat' dir='ltr'><strong>omnium</strong></span> <span class='ocrx_word' id='word_1_208' title='bbox 2942 1469 3102 1523; x_wconf 90' lang='lat' dir='ltr'><strong>ruina</strong></span> <span class='ocrx_word' id='word_1_209' title='bbox 3134 1476 3188 1524; x_wconf 89' lang='lat' dir='ltr'><strong>ct</strong></span> <span class='ocrx_word' id='word_1_210' title='bbox 3213 1468 3452 1524; x_wconf 89' lang='lat' dir='ltr'><strong>desertio</strong></span> 
     </span>
    </p>
   </div>
   <div class='ocr_carea' id='block_1_31' title="bbox 1864 1562 3447 1635">
    <p class='ocr_par' dir='ltr' id='par_1_31' title="bbox 1864 1562 3447 1635">
     <span class='ocr_line' id='line_1_31' title="bbox 1864 1562 3447 1635; baseline -0.001 -16"><span class='ocrx_word' id='word_1_211' title='bbox 1864 1563 2128 1635; x_wconf 77' lang='lat' dir='ltr'><strong>contigit,</strong></span> <span class='ocrx_word' id='word_1_212' title='bbox 2178 1563 2255 1617; x_wconf 88' lang='lat' dir='ltr'><strong>ita</strong></span> <span class='ocrx_word' id='word_1_213' title='bbox 2302 1568 2364 1616; x_wconf 90' lang='lat' dir='ltr'><strong>ut</strong></span> <span class='ocrx_word' id='word_1_214' title='bbox 2409 1577 2480 1617; x_wconf 89' lang='lat' dir='ltr'><strong>ne</strong></span> <span class='ocrx_word' id='word_1_215' title='bbox 2518 1562 2602 1617; x_wconf 86' lang='lat' dir='ltr'><strong>vel</strong></span> <span class='ocrx_word' id='word_1_216' title='bbox 2631 1576 2823 1617; x_wconf 90' lang='lat' dir='ltr'><strong>eorum</strong></span> <span class='ocrx_word' id='word_1_217' title='bbox 2856 1562 3115 1617; x_wconf 88' lang='lat' dir='ltr'><strong>memoria</strong></span> <span class='ocrx_word' id='word_1_218' title='bbox 3148 1562 3389 1634; x_wconf 85' lang='lat' dir='ltr'><strong>supersit</strong></span> <span class='ocrx_word' id='word_1_219' title='bbox 3433 1582 3447 1618; x_wconf 91' lang='lat'>:</span> 
     </span>
    </p>
   </div>
   <div class='ocr_carea' id='block_1_32' title="bbox 1860 1654 3453 1726">
    <p class='ocr_par' dir='ltr' id='par_1_32' title="bbox 1860 1654 3453 1726">
     <span class='ocr_line' id='line_1_32' title="bbox 1860 1654 3453 1726; baseline -0.001 -15"><span class='ocrx_word' id='word_1_220' title='bbox 1860 1656 2247 1726; x_wconf 82' lang='lat' dir='ltr'><strong>exstinctoque</strong></span> <span class='ocrx_word' id='word_1_221' title='bbox 2286 1654 2532 1725; x_wconf 89' lang='lat' dir='ltr'><strong>ipsorum</strong></span> <span class='ocrx_word' id='word_1_222' title='bbox 2578 1654 2703 1726; x_wconf 86' lang='lat' dir='ltr'><strong>igne</strong></span> <span class='ocrx_word' id='word_1_223' title='bbox 2733 1654 3055 1709; x_wconf 83' lang='lat' dir='ltr'><strong>defecerunt</strong></span> <span class='ocrx_word' id='word_1_224' title='bbox 3091 1656 3235 1711; x_wconf 87' lang='lat' dir='ltr'><strong>sicut</strong></span> <span class='ocrx_word' id='word_1_225' title='bbox 3269 1654 3453 1711; x_wconf 81' lang='lat' dir='ltr'><strong>deﬁcit</strong></span> 
     </span>
    </p>
   </div>
   <div class='ocr_carea' id='block_1_33' title="bbox 1863 1745 3452 1815">
    <p class='ocr_par' dir='ltr' id='par_1_33' title="bbox 1863 1745 3452 1815">
     <span class='ocr_line' id='line_1_33' title="bbox 1863 1745 3452 1815; baseline -0.001 -12"><span class='ocrx_word' id='word_1_226' title='bbox 1863 1748 2071 1805; x_wconf 88' lang='lat' dir='ltr'><strong>fumus.</strong></span> <span class='ocrx_word' id='word_1_227' title='bbox 2113 1746 2297 1815; x_wconf 85' lang='lat' dir='ltr'><strong>Quare</strong></span> <span class='ocrx_word' id='word_1_228' title='bbox 2322 1747 2435 1801; x_wconf 92' lang='lat' dir='ltr'><strong>alio</strong></span> <span class='ocrx_word' id='word_1_229' title='bbox 2474 1746 2529 1801; x_wconf 90' lang='lat' dir='ltr'><strong>in</strong></span> <span class='ocrx_word' id='word_1_230' title='bbox 2569 1747 2691 1801; x_wconf 92' lang='lat' dir='ltr'><strong>loco</strong></span> <span class='ocrx_word' id='word_1_231' title='bbox 2727 1745 2929 1802; x_wconf 82' lang='lat' dir='ltr'><strong>dicitur</strong></span> <span class='ocrx_word' id='word_1_232' title='bbox 2961 1764 2975 1801; x_wconf 90' lang='lat'><strong>:</strong></span> <span class='ocrx_word' id='word_1_233' title='bbox 3012 1766 3033 1798; x_wconf 73' lang='grc' dir='ltr'><strong>ι</strong></span> <span class='ocrx_word' id='word_1_234' title='bbox 3066 1747 3328 1803; x_wconf 84' lang='lat' dir='ltr'><strong>Ascendit</strong></span> <span class='ocrx_word' id='word_1_235' title='bbox 3365 1749 3452 1802; x_wconf 83' lang='lat' dir='ltr'><strong>fu-</strong></span> 
     </span>
    </p>
   </div>
   <div class='ocr_carea' id='block_1_34' title="bbox 171 1820 1745 1910">
    <p class='ocr_par' dir='ltr' id='par_1_34' title="bbox 171 1820 1745 1894">
     <span class='ocr_line' id='line_1_34' title="bbox 171 1820 1745 1894; baseline -0.004 -16"><span class='ocrx_word' id='word_1_236' title='bbox 171 1824 270 1878; x_wconf 74' lang='grc' dir='ltr'>καὶ</span> <span class='ocrx_word' id='word_1_237' title='bbox 317 1824 388 1877; x_wconf 83' lang='grc' dir='ltr'>τὰ</span> <span class='ocrx_word' id='word_1_238' title='bbox 435 1824 642 1878; x_wconf 87' lang='grc' dir='ltr'>ἐαυτῶν</span> <span class='ocrx_word' id='word_1_239' title='bbox 674 1824 923 1894; x_wconf 82' lang='grc' dir='ltr'>φίλτατα.</span> <span class='ocrx_word' id='word_1_240' title='bbox 974 1821 1111 1876; x_wconf 68' lang='grc' dir='ltr'>Νυνὶ</span> <span class='ocrx_word' id='word_1_241' title='bbox 1156 1820 1213 1873; x_wconf 82' lang='grc' dir='ltr'>δὲ</span> <span class='ocrx_word' id='word_1_242' title='bbox 1272 1820 1495 1873; x_wconf 81' lang='grc' dir='ltr'>ἐκείνων</span> <span class='ocrx_word' id='word_1_243' title='bbox 1540 1820 1745 1873; x_wconf 61' lang='grc' dir='ltr'>πάντων</span> 
     </span>
    </p>
   </div>
   <div class='ocr_carea' id='block_1_35' title="bbox 1864 1820 3448 1910">
    <p class='ocr_par' dir='ltr' id='par_1_35' title="bbox 1864 1837 3448 1910">
     <span class='ocr_line' id='line_1_35' title="bbox 1864 1837 3448 1910; baseline 0.002 -17"><span class='ocrx_word' id='word_1_244' title='bbox 1864 1856 1982 1896; x_wconf 91' lang='lat' dir='ltr'><strong>mus</strong></span> <span class='ocrx_word' id='word_1_245' title='bbox 2017 1840 2072 1894; x_wconf 89' lang='lat' dir='ltr'><strong>in</strong></span> <span class='ocrx_word' id='word_1_246' title='bbox 2112 1839 2194 1893; x_wconf 89' lang='lat' dir='ltr'><strong>ira</strong></span> <span class='ocrx_word' id='word_1_247' title='bbox 2231 1838 2351 1909; x_wconf 89' lang='lat' dir='ltr'><strong>ejus</strong></span> <span class='ocrx_word' id='word_1_248' title='bbox 2381 1839 2449 1893; x_wconf 81' lang='grc'><strong>⁸⁸.</strong></span> <span class='ocrx_word' id='word_1_249' title='bbox 2489 1858 2508 1890; x_wconf 77' lang='grc' dir='ltr'><strong>ι</strong></span> <span class='ocrx_word' id='word_1_250' title='bbox 2551 1837 2686 1892; x_wconf 89' lang='lat' dir='ltr'><strong>Nam</strong></span> <span class='ocrx_word' id='word_1_251' title='bbox 2717 1838 2800 1892; x_wconf 89' lang='lat' dir='ltr'><strong>ira</strong></span> <span class='ocrx_word' id='word_1_252' title='bbox 2839 1837 2935 1892; x_wconf 89' lang='lat' dir='ltr'><strong>Dei</strong></span> <span class='ocrx_word' id='word_1_253' title='bbox 2968 1837 3235 1895; x_wconf 87' lang='lat' dir='ltr'><strong>invadens</strong></span> <span class='ocrx_word' id='word_1_254' title='bbox 3273 1840 3448 1910; x_wconf 86' lang='lat' dir='ltr'><strong>ipsos.</strong></span> 
     </span>
    </p>
   </div>
   <div class='ocr_carea' id='block_1_36' title="bbox 168 1912 1759 1989">
    <p class='ocr_par' dir='ltr' id='par_1_36' title="bbox 168 1912 1759 1989">
     <span class='ocr_line' id='line_1_36' title="bbox 168 1912 1759 1989; baseline -0.005 -18"><span class='ocrx_word' id='word_1_255' title='bbox 168 1918 481 1989; x_wconf 78' lang='grc' dir='ltr'>ἀφανισμὸς</span> <span class='ocrx_word' id='word_1_256' title='bbox 506 1918 601 1971; x_wconf 74' lang='grc' dir='ltr'><strong>καὶ</strong></span> <span class='ocrx_word' id='word_1_257' title='bbox 637 1917 842 1989; x_wconf 81' lang='grc' dir='ltr'>ἐρημία</span> <span class='ocrx_word' id='word_1_258' title='bbox 868 1916 1111 1986; x_wconf 85' lang='grc' dir='ltr'>γέγονεν,</span> <span class='ocrx_word' id='word_1_259' title='bbox 1133 1916 1207 1979; x_wconf 85' lang='grc' dir='ltr'>ὡς</span> <span class='ocrx_word' id='word_1_260' title='bbox 1241 1913 1374 1987; x_wconf 82' lang='grc' dir='ltr'>μηδὲ</span> <span class='ocrx_word' id='word_1_261' title='bbox 1405 1912 1625 1985; x_wconf 83' lang='grc' dir='ltr'>μνήμην</span> <span class='ocrx_word' id='word_1_262' title='bbox 1660 1912 1759 1964; x_wconf 79' lang='grc' dir='ltr'><strong>αὑ-</strong></span> 
     </span>
    </p>
   </div>
   <div class='ocr_carea' id='block_1_37' title="bbox 167 2002 1764 2072">
    <p class='ocr_par' dir='ltr' id='par_1_37' title="bbox 167 2002 1764 2072">
     <span class='ocr_line' id='line_1_37' title="bbox 167 2002 1764 2072; baseline -0.002 -14"><span class='ocrx_word' id='word_1_263' title='bbox 167 2006 284 2061; x_wconf 84' lang='grc' dir='ltr'>τῶν</span> <span class='ocrx_word' id='word_1_264' title='bbox 342 2006 707 2060; x_wconf 85' lang='grc' dir='ltr'>ἐπιλιπέσθαι·</span> <span class='ocrx_word' id='word_1_265' title='bbox 741 2006 985 2072; x_wconf 77' lang='grc' dir='ltr'>ἐξέλιπον</span> <span class='ocrx_word' id='word_1_266' title='bbox 1035 2006 1092 2059; x_wconf 85' lang='grc' dir='ltr'>δὲ</span> <span class='ocrx_word' id='word_1_267' title='bbox 1144 2005 1220 2069; x_wconf 85' lang='grc' dir='ltr'>ὡς</span> <span class='ocrx_word' id='word_1_268' title='bbox 1271 2003 1513 2058; x_wconf 81' lang='grc' dir='ltr'>ἐκλείπει</span> <span class='ocrx_word' id='word_1_269' title='bbox 1557 2002 1764 2072; x_wconf 84' lang='grc' dir='ltr'>καπνὸς</span> 
     </span>
    </p>
   </div>
   <div class='ocr_carea' id='block_1_38' title="bbox 167 2092 1767 2168">
    <p class='ocr_par' dir='ltr' id='par_1_38' title="bbox 167 2092 1767 2168">
     <span class='ocr_line' id='line_1_38' title="bbox 167 2092 1767 2168; baseline -0.005 -15"><span class='ocrx_word' id='word_1_270' title='bbox 167 2097 607 2161; x_wconf 66' lang='grc' dir='ltr'>ὰποσδεσθέντος</span> <span class='ocrx_word' id='word_1_271' title='bbox 634 2098 812 2151; x_wconf 79' lang='grc' dir='ltr'>αὐτῶν</span> <span class='ocrx_word' id='word_1_272' title='bbox 844 2096 939 2151; x_wconf 88' lang='grc' dir='ltr'><strong>τοῦ</strong></span> <span class='ocrx_word' id='word_1_273' title='bbox 970 2095 1163 2168; x_wconf 79' lang='grc' dir='ltr'>πυρός’</span> <span class='ocrx_word' id='word_1_274' title='bbox 1198 2095 1277 2149; x_wconf 91' lang='grc' dir='ltr'><strong>διὸ</strong></span> <span class='ocrx_word' id='word_1_275' title='bbox 1307 2096 1401 2149; x_wconf 75' lang='grc' dir='ltr'>καὶ</span> <span class='ocrx_word' id='word_1_276' title='bbox 1425 2093 1655 2165; x_wconf 88' lang='grc' dir='ltr'>ἀλλαχοῦ</span> <span class='ocrx_word' id='word_1_277' title='bbox 1688 2092 1767 2146; x_wconf 74' lang='grc' dir='ltr'>εί-</span> 
     </span>
    </p>
   </div>
   <div class='ocr_carea' id='block_1_39' title="bbox 170 2186 1763 2263">
    <p class='ocr_par' dir='ltr' id='par_1_39' title="bbox 170 2186 1763 2263">
     <span class='ocr_line' id='line_1_39' title="bbox 170 2186 1763 2263; baseline -0.003 -20"><span class='ocrx_word' id='word_1_278' title='bbox 170 2208 359 2263; x_wconf 86' lang='grc' dir='ltr'>ρηται·</span> <span class='ocrx_word' id='word_1_279' title='bbox 421 2211 442 2244; x_wconf 84' lang='grc'><strong><em>‹</em></strong></span> <span class='ocrx_word' id='word_1_280' title='bbox 488 2191 679 2263; x_wconf 78' lang='grc' dir='ltr'>Ἀνέϐη</span> <span class='ocrx_word' id='word_1_281' title='bbox 726 2191 931 2253; x_wconf 87' lang='grc' dir='ltr'>καπνὸς</span> <span class='ocrx_word' id='word_1_282' title='bbox 982 2192 1038 2242; x_wconf 86' lang='grc' dir='ltr'><strong>ἐν</strong></span> <span class='ocrx_word' id='word_1_283' title='bbox 1070 2190 1206 2259; x_wconf 78' lang='grc' dir='ltr'>ὀργῇ</span> <span class='ocrx_word' id='word_1_284' title='bbox 1249 2186 1435 2241; x_wconf 87' lang='grc' dir='ltr'>αὑτοῦ.</span> <span class='ocrx_word' id='word_1_285' title='bbox 1474 2206 1492 2237; x_wconf 75' lang='grc' dir='ltr'><strong>ι</strong></span> <span class='ocrx_word' id='word_1_286' title='bbox 1563 2187 1626 2239; x_wconf 86' lang='grc' dir='ltr'><strong>Ἡ</strong></span> <span class='ocrx_word' id='word_1_287' title='bbox 1655 2186 1763 2257; x_wconf 82' lang='grc' dir='ltr'><strong>γὰρ</strong></span> 
     </span>
    </p>
   </div>
   <div class='ocr_carea' id='block_1_40' title="bbox 166 2276 1765 2355">
    <p class='ocr_par' dir='ltr' id='par_1_40' title="bbox 166 2276 1765 2355">
     <span class='ocr_line' id='line_1_40' title="bbox 166 2276 1765 2355; baseline -0.004 -18"><span class='ocrx_word' id='word_1_288' title='bbox 166 2283 267 2337; x_wconf 80' lang='grc' dir='ltr'><strong>τοῦ</strong></span> <span class='ocrx_word' id='word_1_289' title='bbox 304 2282 439 2336; x_wconf 88' lang='grc' dir='ltr'>Θεοῦ</span> <span class='ocrx_word' id='word_1_290' title='bbox 469 2282 608 2355; x_wconf 81' lang='grc' dir='ltr'>όργὴ</span> <span class='ocrx_word' id='word_1_291' title='bbox 636 2281 845 2345; x_wconf 77' lang='grc' dir='ltr'>τούτοις</span> <span class='ocrx_word' id='word_1_292' title='bbox 873 2281 1055 2343; x_wconf 78' lang='grc' dir='ltr'>αὐτοῖς</span> <span class='ocrx_word' id='word_1_293' title='bbox 1088 2278 1411 2342; x_wconf 81' lang='grc' dir='ltr'>ἐπελθοῦσα,</span> <span class='ocrx_word' id='word_1_294' title='bbox 1442 2278 1503 2332; x_wconf 92' lang='grc' dir='ltr'><strong>τὸ</strong></span> <span class='ocrx_word' id='word_1_295' title='bbox 1535 2276 1645 2350; x_wconf 82' lang='grc' dir='ltr'><strong>πῦρ</strong></span> <span class='ocrx_word' id='word_1_296' title='bbox 1674 2278 1765 2332; x_wconf 83' lang='grc' dir='ltr'><strong>αὑ-</strong></span> 
     </span>
    </p>
   </div>
   <div class='ocr_carea' id='block_1_41' title="bbox 168 2369 1760 2444">
    <p class='ocr_par' dir='ltr' id='par_1_41' title="bbox 168 2369 1760 2444">
     <span class='ocr_line' id='line_1_41' title="bbox 168 2369 1760 2444; baseline -0.006 -15"><span class='ocrx_word' id='word_1_297' title='bbox 168 2370 377 2443; x_wconf 77' lang='grc' dir='ltr'>τῶν-ᾦ</span> <span class='ocrx_word' id='word_1_298' title='bbox 407 2374 739 2444; x_wconf 80' lang='grc' dir='ltr'>κατέφλεγον</span> <span class='ocrx_word' id='word_1_299' title='bbox 776 2373 872 2437; x_wconf 84' lang='grc' dir='ltr'><strong>τὰς</strong></span> <span class='ocrx_word' id='word_1_300' title='bbox 910 2371 1017 2425; x_wconf 80' lang='grc' dir='ltr'>τῶν</span> <span class='ocrx_word' id='word_1_301' title='bbox 1054 2371 1353 2443; x_wconf 86' lang='grc' dir='ltr'>ἀνθρώπων</span> <span class='ocrx_word' id='word_1_302' title='bbox 1398 2369 1578 2441; x_wconf 80' lang='grc' dir='ltr'>ψυχὰς</span> <span class='ocrx_word' id='word_1_303' title='bbox 1627 2386 1760 2422; x_wconf 86' lang='grc' dir='ltr'>κατ-</span> 
     </span>
    </p>
   </div>
   <div class='ocr_carea' id='block_1_42' title="bbox 168 2458 1762 2535">
    <p class='ocr_par' dir='ltr' id='par_1_42' title="bbox 168 2458 1762 2535">
     <span class='ocr_line' id='line_1_42' title="bbox 168 2458 1762 2535; baseline -0.003 -14"><span class='ocrx_word' id='word_1_304' title='bbox 168 2469 417 2521; x_wconf 64' lang='grc' dir='ltr'>έσϐεσεν*</span> <span class='ocrx_word' id='word_1_305' title='bbox 438 2462 497 2521; x_wconf 76' lang='grc' dir='ltr'><strong>οῦ</strong></span> <span class='ocrx_word' id='word_1_306' title='bbox 521 2466 857 2531; x_wconf 76' lang='grc' dir='ltr'>σϐεσθέντος,</span> <span class='ocrx_word' id='word_1_307' title='bbox 877 2465 1047 2535; x_wconf 78' lang='grc' dir='ltr'>ἀνέϐη</span> <span class='ocrx_word' id='word_1_308' title='bbox 1072 2466 1293 2529; x_wconf 89' lang='grc' dir='ltr'>καπνός.</span> <span class='ocrx_word' id='word_1_309' title='bbox 1312 2464 1472 2518; x_wconf 83' lang='grc' dir='ltr'>Ἀλλὰ</span> <span class='ocrx_word' id='word_1_310' title='bbox 1492 2464 1586 2519; x_wconf 77' lang='grc' dir='ltr'>καὶ</span> <span class='ocrx_word' id='word_1_311' title='bbox 1609 2458 1762 2527; x_wconf 70' lang='grc' dir='ltr'>οὗτος</span> 
     </span>
    </p>
   </div>
   <div class='ocr_carea' id='block_1_43' title="bbox 164 2556 1764 2630">
    <p class='ocr_par' dir='ltr' id='par_1_43' title="bbox 164 2556 1764 2630">
     <span class='ocr_line' id='line_1_43' title="bbox 164 2556 1764 2630; baseline 0.001 -20"><span class='ocrx_word' id='word_1_312' title='bbox 164 2559 194 2610; x_wconf 71' lang='grc' dir='ltr'>ὁ</span> <span class='ocrx_word' id='word_1_313' title='bbox 213 2559 429 2623; x_wconf 86' lang='grc' dir='ltr'>καπνὸς</span> <span class='ocrx_word' id='word_1_314' title='bbox 451 2558 641 2630; x_wconf 78' lang='grc' dir='ltr'>μηκέθ’</span> <span class='ocrx_word' id='word_1_315' title='bbox 658 2558 1071 2627; x_wconf 79' lang='grc' dir='ltr'>ὑποκαιόμενος,</span> <span class='ocrx_word' id='word_1_316' title='bbox 1096 2557 1229 2629; x_wconf 85' lang='grc' dir='ltr'>μηδὲ</span> <span class='ocrx_word' id='word_1_317' title='bbox 1250 2556 1387 2628; x_wconf 74' lang='grc' dir='ltr'>ἔχων</span> <span class='ocrx_word' id='word_1_318' title='bbox 1405 2556 1600 2612; x_wconf 77' lang='grc' dir='ltr'>ὁπόθεν</span> <span class='ocrx_word' id='word_1_319' title='bbox 1638 2556 1764 2611; x_wconf 82' lang='grc' dir='ltr'>ὐπο-</span> 
     </span>
    </p>
   </div>
   <div class='ocr_carea' id='block_1_44' title="bbox 170 2652 1760 2724">
    <p class='ocr_par' dir='ltr' id='par_1_44' title="bbox 170 2652 1760 2724">
     <span class='ocr_line' id='line_1_44' title="bbox 170 2652 1760 2724; baseline -0.001 -16"><span class='ocrx_word' id='word_1_320' title='bbox 170 2655 301 2724; x_wconf 82' lang='grc' dir='ltr'>στῆ,</span> <span class='ocrx_word' id='word_1_321' title='bbox 326 2654 581 2707; x_wconf 80' lang='grc' dir='ltr'>ἐκλείπει.</span> <span class='ocrx_word' id='word_1_322' title='bbox 602 2654 771 2720; x_wconf 73' lang='grc' dir='ltr'>Ἐπεὶ,</span> <span class='ocrx_word' id='word_1_323' title='bbox 796 2653 853 2706; x_wconf 88' lang='grc' dir='ltr'><strong>δέ</strong></span> <span class='ocrx_word' id='word_1_324' title='bbox 874 2655 901 2706; x_wconf 88' lang='grc' dir='ltr'>ὁ</span> <span class='ocrx_word' id='word_1_325' title='bbox 923 2652 1055 2717; x_wconf 87' lang='grc' dir='ltr'>Θεὸς</span> <span class='ocrx_word' id='word_1_326' title='bbox 1080 2652 1193 2721; x_wconf 82' lang='grc' dir='ltr'><strong>φῶς</strong></span> <span class='ocrx_word' id='word_1_327' title='bbox 1220 2653 1358 2715; x_wconf 86' lang='grc' dir='ltr'>ἐστι,</span> <span class='ocrx_word' id='word_1_328' title='bbox 1380 2652 1473 2705; x_wconf 75' lang='grc' dir='ltr'>καὶ</span> <span class='ocrx_word' id='word_1_329' title='bbox 1495 2653 1681 2705; x_wconf 91' lang='grc' dir='ltr'>σκοτία</span> <span class='ocrx_word' id='word_1_330' title='bbox 1702 2655 1760 2707; x_wconf 86' lang='grc' dir='ltr'>ὲν</span> 
     </span>
    </p>
   </div>
   <div class='ocr_carea' id='block_1_45' title="bbox 164 2742 1763 2816">
    <p class='ocr_par' dir='ltr' id='par_1_45' title="bbox 164 2742 1763 2816">
     <span class='ocr_line' id='line_1_45' title="bbox 164 2742 1763 2816; baseline -0.001 -18"><span class='ocrx_word' id='word_1_331' title='bbox 164 2744 327 2816; x_wconf 76' lang='grc' dir='ltr'>αὐτῷ</span> <span class='ocrx_word' id='word_1_332' title='bbox 350 2746 451 2799; x_wconf 77' lang='grc' dir='ltr'>οὐκ</span> <span class='ocrx_word' id='word_1_333' title='bbox 485 2745 631 2799; x_wconf 77' lang='grc' dir='ltr'>ἔστιν</span> <span class='ocrx_word' id='word_1_334' title='bbox 656 2745 904 2815; x_wconf 82' lang='grc' dir='ltr'>οὐδεμία,</span> <span class='ocrx_word' id='word_1_335' title='bbox 934 2745 1091 2798; x_wconf 86' lang='grc' dir='ltr'>τοῦτο</span> <span class='ocrx_word' id='word_1_336' title='bbox 1116 2743 1176 2797; x_wconf 89' lang='grc' dir='ltr'><strong>τὸ</strong></span> <span class='ocrx_word' id='word_1_337' title='bbox 1205 2743 1321 2813; x_wconf 81' lang='grc' dir='ltr'>φῶς</span> <span class='ocrx_word' id='word_1_338' title='bbox 1348 2747 1461 2807; x_wconf 84' lang='grc' dir='ltr'>τοῖς</span> <span class='ocrx_word' id='word_1_339' title='bbox 1497 2742 1644 2814; x_wconf 86' lang='grc' dir='ltr'><strong>αὐτῷ</strong></span> <span class='ocrx_word' id='word_1_340' title='bbox 1676 2742 1763 2813; x_wconf 82' lang='grc' dir='ltr'>φί-</span> 
     </span>
    </p>
   </div>
   <div class='ocr_carea' id='block_1_46' title="bbox 166 2835 1762 2909">
    <p class='ocr_par' dir='ltr' id='par_1_46' title="bbox 166 2835 1762 2909">
     <span class='ocr_line' id='line_1_46' title="bbox 166 2835 1762 2909; baseline -0.001 -18"><span class='ocrx_word' id='word_1_341' title='bbox 166 2838 288 2902; x_wconf 82' lang='grc' dir='ltr'>λοις</span> <span class='ocrx_word' id='word_1_342' title='bbox 322 2838 513 2908; x_wconf 80' lang='grc' dir='ltr'>σοφίας</span> <span class='ocrx_word' id='word_1_343' title='bbox 550 2838 644 2892; x_wconf 74' lang='grc' dir='ltr'>καὶ</span> <span class='ocrx_word' id='word_1_344' title='bbox 679 2837 952 2907; x_wconf 87' lang='grc' dir='ltr'>γνώσεως,</span> <span class='ocrx_word' id='word_1_345' title='bbox 978 2838 1074 2891; x_wconf 68' lang='grc' dir='ltr'>καὶ</span> <span class='ocrx_word' id='word_1_346' title='bbox 1112 2836 1370 2909; x_wconf 82' lang='grc' dir='ltr'>ἀληθείας</span> <span class='ocrx_word' id='word_1_347' title='bbox 1393 2835 1762 2908; x_wconf 78' lang='grc' dir='ltr'>μαρμαρυγὰς</span> 
     </span>
    </p>
   </div>
   <div class='ocr_carea' id='block_1_47' title="bbox 165 2930 1764 3003">
    <p class='ocr_par' dir='ltr' id='par_1_47' title="bbox 165 2930 1764 3003">
     <span class='ocr_line' id='line_1_47' title="bbox 165 2930 1764 3003; baseline -0.001 -18"><span class='ocrx_word' id='word_1_348' title='bbox 165 2931 475 3001; x_wconf 77' lang='grc' dir='ltr'>ἐκπέμπει,</span> <span class='ocrx_word' id='word_1_349' title='bbox 497 2931 574 2995; x_wconf 86' lang='grc' dir='ltr'>ὼς</span> <span class='ocrx_word' id='word_1_350' title='bbox 592 2931 755 3001; x_wconf 80' lang='grc' dir='ltr'>φάναι</span> <span class='ocrx_word' id='word_1_351' title='bbox 782 2931 999 2994; x_wconf 83' lang='grc' dir='ltr'>αὐτοὺς,</span> <span class='ocrx_word' id='word_1_352' title='bbox 1026 2950 1045 2983; x_wconf 79' lang='grc' dir='ltr'><strong>ι</strong></span> <span class='ocrx_word' id='word_1_353' title='bbox 1067 2930 1407 3003; x_wconf 85' lang='grc' dir='ltr'>Ἑσημειώθη</span> <span class='ocrx_word' id='word_1_354' title='bbox 1427 2931 1510 2999; x_wconf 83' lang='grc' dir='ltr'>ἐφ’</span> <span class='ocrx_word' id='word_1_355' title='bbox 1534 2931 1679 3001; x_wconf 78' lang='grc' dir='ltr'>ἡμᾶς</span> <span class='ocrx_word' id='word_1_356' title='bbox 1704 2930 1764 2983; x_wconf 84' lang='grc' dir='ltr'><strong>τὸ</strong></span> 
     </span>
    </p>
   </div>
   <div class='ocr_carea' id='block_1_48' title="bbox 167 3018 1762 3095">
    <p class='ocr_par' dir='ltr' id='par_1_48' title="bbox 167 3018 1762 3095">
     <span class='ocr_line' id='line_1_48' title="bbox 167 3018 1762 3095; baseline -0.003 -19"><span class='ocrx_word' id='word_1_357' title='bbox 167 3024 292 3089; x_wconf 44' lang='grc' dir='ltr'>πῶς</span> <span class='ocrx_word' id='word_1_358' title='bbox 319 3023 414 3076; x_wconf 85' lang='grc' dir='ltr'><strong>τοῦ</strong></span> <span class='ocrx_word' id='word_1_359' title='bbox 448 3022 738 3095; x_wconf 82' lang='grc' dir='ltr'>προσώπου</span> <span class='ocrx_word' id='word_1_360' title='bbox 767 3039 882 3085; x_wconf 86' lang='grc' dir='ltr'>σου,</span> <span class='ocrx_word' id='word_1_361' title='bbox 918 3021 1108 3093; x_wconf 79' lang='grc' dir='ltr'>Κύριε.</span> <span class='ocrx_word' id='word_1_362' title='bbox 1147 3039 1165 3071; x_wconf 72' lang='grc' dir='ltr'><strong>ι</strong></span> <span class='ocrx_word' id='word_1_363' title='bbox 1202 3021 1327 3083; x_wconf 86' lang='grc' dir='ltr'>Τοῖς</span> <span class='ocrx_word' id='word_1_364' title='bbox 1359 3019 1417 3073; x_wconf 81' lang='grc' dir='ltr'>δὲ</span> <span class='ocrx_word' id='word_1_365' title='bbox 1452 3018 1762 3091; x_wconf 83' lang='grc' dir='ltr'>προλεχθεί-</span> 
     </span>
    </p>
   </div>
   <div class='ocr_carea' id='block_1_49' title="bbox 164 3107 1763 3185">
    <p class='ocr_par' dir='ltr' id='par_1_49' title="bbox 164 3107 1763 3185">
     <span class='ocr_line' id='line_1_49' title="bbox 164 3107 1763 3185; baseline -0.004 -18"><span class='ocrx_word' id='word_1_366' title='bbox 164 3131 256 3167; x_wconf 86' lang='grc' dir='ltr'><strong>σιν</strong></span> <span class='ocrx_word' id='word_1_367' title='bbox 293 3112 509 3185; x_wconf 78' lang='grc' dir='ltr'>ἐχθροῖς</span> <span class='ocrx_word' id='word_1_368' title='bbox 537 3113 699 3167; x_wconf 81' lang='grc' dir='ltr'>αὑτοῦ</span> <span class='ocrx_word' id='word_1_369' title='bbox 729 3112 841 3184; x_wconf 88' lang='grc' dir='ltr'><strong>πῦρ</strong></span> <span class='ocrx_word' id='word_1_370' title='bbox 881 3110 1218 3179; x_wconf 79' lang='grc' dir='ltr'>καταφλέγον</span> <span class='ocrx_word' id='word_1_371' title='bbox 1250 3110 1516 3179; x_wconf 91' lang='grc' dir='ltr'>γίγνεται.</span> <span class='ocrx_word' id='word_1_372' title='bbox 1562 3108 1653 3162; x_wconf 88' lang='grc' dir='ltr'>Διὸ</span> <span class='ocrx_word' id='word_1_373' title='bbox 1676 3107 1763 3161; x_wconf 84' lang='grc' dir='ltr'>λέ-</span> 
     </span>
    </p>
   </div>
   <div class='ocr_carea' id='block_1_50' title="bbox 1863 1931 3446 2003">
    <p class='ocr_par' dir='ltr' id='par_1_50' title="bbox 1863 1931 3446 2003">
     <span class='ocr_line' id='line_1_50' title="bbox 1863 1931 3446 2003; baseline 0.001 -17"><span class='ocrx_word' id='word_1_374' title='bbox 1863 1931 2044 2003; x_wconf 80' lang='lat' dir='ltr'><strong>ignem</strong></span> <span class='ocrx_word' id='word_1_375' title='bbox 2074 1933 2340 2003; x_wconf 89' lang='lat' dir='ltr'><strong>ipsorum,</strong></span> <span class='ocrx_word' id='word_1_376' title='bbox 2362 1947 2474 2001; x_wconf 89' lang='lat' dir='ltr'><strong>quo</strong></span> <span class='ocrx_word' id='word_1_377' title='bbox 2504 1931 2716 1987; x_wconf 90' lang='lat' dir='ltr'><strong>animas</strong></span> <span class='ocrx_word' id='word_1_378' title='bbox 2748 1932 3031 1987; x_wconf 83' lang='lat' dir='ltr'><strong>hominum</strong></span> <span class='ocrx_word' id='word_1_379' title='bbox 3060 1932 3446 1998; x_wconf 89' lang='lat' dir='ltr'><strong>incendebant,</strong></span> 
     </span>
    </p>
   </div>
   <div class='ocr_carea' id='block_1_51' title="bbox 1862 2024 3450 2097">
    <p class='ocr_par' dir='ltr' id='par_1_51' title="bbox 1862 2024 3450 2097">
     <span class='ocr_line' id='line_1_51' title="bbox 1862 2024 3450 2097; baseline 0.003 -18"><span class='ocrx_word' id='word_1_380' title='bbox 1862 2024 2118 2079; x_wconf 80' lang='lat' dir='ltr'><strong>restinxit</strong></span> <span class='ocrx_word' id='word_1_381' title='bbox 2147 2043 2161 2080; x_wconf 87' lang='lat'><strong>:</strong></span> <span class='ocrx_word' id='word_1_382' title='bbox 2191 2039 2301 2095; x_wconf 90' lang='lat' dir='ltr'><strong>quo</strong></span> <span class='ocrx_word' id='word_1_383' title='bbox 2329 2024 2619 2090; x_wconf 90' lang='lat' dir='ltr'><strong>restincto,</strong></span> <span class='ocrx_word' id='word_1_384' title='bbox 2659 2024 2909 2079; x_wconf 81' lang='lat' dir='ltr'><strong>ascendit</strong></span> <span class='ocrx_word' id='word_1_385' title='bbox 2949 2025 3154 2083; x_wconf 89' lang='lat' dir='ltr'><strong>fumus.</strong></span> <span class='ocrx_word' id='word_1_386' title='bbox 3196 2025 3301 2081; x_wconf 89' lang='lat' dir='ltr'><strong>Sed</strong></span> <span class='ocrx_word' id='word_1_387' title='bbox 3331 2026 3450 2097; x_wconf 81' lang='lat' dir='ltr'><strong>ipse</strong></span> 
     </span>
    </p>
   </div>
   <div class='ocr_carea' id='block_1_52' title="bbox 1862 2116 3451 2191">
    <p class='ocr_par' dir='ltr' id='par_1_52' title="bbox 1862 2116 3451 2191">
     <span class='ocr_line' id='line_1_52' title="bbox 1862 2116 3451 2191; baseline 0.002 -20"><span class='ocrx_word' id='word_1_388' title='bbox 1862 2116 2048 2173; x_wconf 80' lang='lat' dir='ltr'><strong>fumus</strong></span> <span class='ocrx_word' id='word_1_389' title='bbox 2101 2131 2227 2172; x_wconf 91' lang='lat' dir='ltr'><strong>cum</strong></span> <span class='ocrx_word' id='word_1_390' title='bbox 2278 2116 2419 2187; x_wconf 91' lang='lat' dir='ltr'><strong>ignis</strong></span> <span class='ocrx_word' id='word_1_391' title='bbox 2458 2130 2569 2171; x_wconf 91' lang='lat' dir='ltr'><strong>non</strong></span> <span class='ocrx_word' id='word_1_392' title='bbox 2621 2116 2820 2180; x_wconf 89' lang='lat' dir='ltr'><strong>subsit,</strong></span> <span class='ocrx_word' id='word_1_393' title='bbox 2864 2131 2965 2171; x_wconf 90' lang='lat' dir='ltr'><strong>nec</strong></span> <span class='ocrx_word' id='word_1_394' title='bbox 3005 2116 3207 2173; x_wconf 89' lang='lat' dir='ltr'><strong>habeat</strong></span> <span class='ocrx_word' id='word_1_395' title='bbox 3245 2118 3300 2173; x_wconf 93' lang='lat' dir='ltr'><strong>in</strong></span> <span class='ocrx_word' id='word_1_396' title='bbox 3340 2134 3451 2191; x_wconf 93' lang='lat' dir='ltr'><strong>quo</strong></span> 
     </span>
    </p>
   </div>
   <div class='ocr_carea' id='block_1_53' title="bbox 1864 2207 3449 2278">
    <p class='ocr_par' dir='ltr' id='par_1_53' title="bbox 1864 2207 3449 2278">
     <span class='ocr_line' id='line_1_53' title="bbox 1864 2207 3449 2278; baseline 0.002 -14"><span class='ocrx_word' id='word_1_397' title='bbox 1864 2208 2153 2276; x_wconf 87' lang='lat' dir='ltr'><strong>subsistat,</strong></span> <span class='ocrx_word' id='word_1_398' title='bbox 2195 2208 2399 2265; x_wconf 86' lang='lat' dir='ltr'><strong>deﬁcit.</strong></span> <span class='ocrx_word' id='word_1_399' title='bbox 2461 2207 2602 2275; x_wconf 86' lang='lat' dir='ltr'><strong>Quia</strong></span> <span class='ocrx_word' id='word_1_400' title='bbox 2648 2224 2778 2264; x_wconf 83' lang='lat' dir='ltr'><strong>vero</strong></span> <span class='ocrx_word' id='word_1_401' title='bbox 2816 2207 2962 2265; x_wconf 87' lang='lat' dir='ltr'><strong>Deus</strong></span> <span class='ocrx_word' id='word_1_402' title='bbox 2994 2210 3089 2264; x_wconf 76' lang='lat' dir='ltr'><strong>lux</strong></span> <span class='ocrx_word' id='word_1_403' title='bbox 3118 2218 3221 2278; x_wconf 87' lang='lat' dir='ltr'><strong>est,</strong></span> <span class='ocrx_word' id='word_1_404' title='bbox 3274 2219 3330 2266; x_wconf 89' lang='lat' dir='ltr'><strong>et</strong></span> <span class='ocrx_word' id='word_1_405' title='bbox 3367 2219 3449 2267; x_wconf 88' lang='lat' dir='ltr'><strong>te-</strong></span> 
     </span>
    </p>
   </div>
   <div class='ocr_carea' id='block_1_54' title="bbox 1862 2298 3449 2364">
    <p class='ocr_par' dir='ltr' id='par_1_54' title="bbox 1862 2298 3449 2364">
     <span class='ocr_line' id='line_1_54' title="bbox 1862 2298 3449 2364; baseline 0.001 -8"><span class='ocrx_word' id='word_1_406' title='bbox 1862 2300 2047 2357; x_wconf 72' lang='lat' dir='ltr'><strong>nebrae</strong></span> <span class='ocrx_word' id='word_1_407' title='bbox 2085 2301 2141 2355; x_wconf 92' lang='lat' dir='ltr'><strong>in</strong></span> <span class='ocrx_word' id='word_1_408' title='bbox 2166 2316 2233 2357; x_wconf 91' lang='lat' dir='ltr'><strong>eo</strong></span> <span class='ocrx_word' id='word_1_409' title='bbox 2262 2316 2374 2356; x_wconf 88' lang='lat' dir='ltr'><strong>non</strong></span> <span class='ocrx_word' id='word_1_410' title='bbox 2415 2307 2545 2357; x_wconf 89' lang='lat' dir='ltr'><strong>sunt</strong></span> <span class='ocrx_word' id='word_1_411' title='bbox 2587 2300 2733 2364; x_wconf 84' lang='lat' dir='ltr'><strong>ullae,</strong></span> <span class='ocrx_word' id='word_1_412' title='bbox 2770 2298 2888 2354; x_wconf 57' lang='lat' dir='ltr'><strong>haec</strong></span> <span class='ocrx_word' id='word_1_413' title='bbox 2936 2300 3031 2354; x_wconf 81' lang='lat' dir='ltr'><strong>lux</strong></span> <span class='ocrx_word' id='word_1_414' title='bbox 3081 2300 3275 2357; x_wconf 90' lang='lat' dir='ltr'><strong>amicis</strong></span> <span class='ocrx_word' id='word_1_415' title='bbox 3331 2301 3449 2357; x_wconf 88' lang='lat' dir='ltr'><strong>suis</strong></span> 
     </span>
    </p>
   </div>
   <div class='ocr_carea' id='block_1_55' title="bbox 1866 2390 3449 2463">
    <p class='ocr_par' dir='ltr' id='par_1_55' title="bbox 1866 2390 3449 2463">
     <span class='ocr_line' id='line_1_55' title="bbox 1866 2390 3449 2463; baseline 0 -16"><span class='ocrx_word' id='word_1_416' title='bbox 1866 2393 2168 2463; x_wconf 66' lang='lat' dir='ltr'><strong>sapientiae,</strong></span> <span class='ocrx_word' id='word_1_417' title='bbox 2223 2390 2466 2447; x_wconf 65' lang='lat' dir='ltr'><strong>scientias</strong></span> <span class='ocrx_word' id='word_1_418' title='bbox 2514 2400 2568 2447; x_wconf 91' lang='lat' dir='ltr'><strong>et</strong></span> <span class='ocrx_word' id='word_1_419' title='bbox 2611 2391 2860 2447; x_wconf 86' lang='lat' dir='ltr'><strong>veritatis</strong></span> <span class='ocrx_word' id='word_1_420' title='bbox 2894 2391 3081 2447; x_wconf 90' lang='lat' dir='ltr'><strong>radios</strong></span> <span class='ocrx_word' id='word_1_421' title='bbox 3118 2392 3337 2456; x_wconf 84' lang='lat' dir='ltr'><strong>emittit,</strong></span> <span class='ocrx_word' id='word_1_422' title='bbox 3374 2394 3449 2447; x_wconf 85' lang='lat' dir='ltr'><strong>ita</strong></span> 
     </span>
    </p>
   </div>
   <div class='ocr_carea' id='block_1_56' title="bbox 1862 2485 3450 2554">
    <p class='ocr_par' dir='ltr' id='par_1_56' title="bbox 1862 2485 3450 2554">
     <span class='ocr_line' id='line_1_56' title="bbox 1862 2485 3450 2554; baseline 0.002 -15"><span class='ocrx_word' id='word_1_423' title='bbox 1862 2492 1923 2540; x_wconf 92' lang='lat' dir='ltr'><strong>ut</strong></span> <span class='ocrx_word' id='word_1_424' title='bbox 1947 2485 2133 2540; x_wconf 82' lang='lat' dir='ltr'><strong>dicant</strong></span> <span class='ocrx_word' id='word_1_425' title='bbox 2162 2504 2175 2539; x_wconf 88' lang='lat'><strong>:</strong></span> <span class='ocrx_word' id='word_1_426' title='bbox 2218 2503 2237 2535; x_wconf 81' lang='grc' dir='ltr'><strong>ι</strong></span> <span class='ocrx_word' id='word_1_427' title='bbox 2268 2485 2555 2554; x_wconf 88' lang='lat' dir='ltr'><strong>Signatum</strong></span> <span class='ocrx_word' id='word_1_428' title='bbox 2599 2496 2683 2539; x_wconf 88' lang='lat' dir='ltr'><strong>est</strong></span> <span class='ocrx_word' id='word_1_429' title='bbox 2728 2499 2896 2553; x_wconf 90' lang='lat' dir='ltr'><strong>super</strong></span> <span class='ocrx_word' id='word_1_430' title='bbox 2924 2500 3026 2540; x_wconf 89' lang='lat' dir='ltr'><strong>nos</strong></span> <span class='ocrx_word' id='word_1_431' title='bbox 3053 2485 3237 2540; x_wconf 90' lang='lat' dir='ltr'><strong>lumen</strong></span> <span class='ocrx_word' id='word_1_432' title='bbox 3267 2486 3450 2542; x_wconf 89' lang='lat' dir='ltr'><strong>vultus</strong></span> 
     </span>
    </p>
   </div>
   <div class='ocr_carea' id='block_1_57' title="bbox 1862 2575 3453 2646">
    <p class='ocr_par' dir='ltr' id='par_1_57' title="bbox 1862 2575 3453 2646">
     <span class='ocr_line' id='line_1_57' title="bbox 1862 2575 3453 2646; baseline 0.001 -15"><span class='ocrx_word' id='word_1_433' title='bbox 1862 2578 1964 2640; x_wconf 92' lang='lat' dir='ltr'><strong>tui,</strong></span> <span class='ocrx_word' id='word_1_434' title='bbox 2000 2576 2229 2632; x_wconf 91' lang='lat' dir='ltr'><strong>Domine</strong></span> <span class='ocrx_word' id='word_1_435' title='bbox 2252 2576 2335 2643; x_wconf 79' lang='grc'><strong>⁹⁹;</strong></span> <span class='ocrx_word' id='word_1_436' title='bbox 2368 2595 2387 2628; x_wconf 72' lang='grc' dir='ltr'><strong>ι</strong></span> <span class='ocrx_word' id='word_1_437' title='bbox 2421 2575 2661 2631; x_wconf 91' lang='lat' dir='ltr'><strong>inimicis</strong></span> <span class='ocrx_word' id='word_1_438' title='bbox 2694 2583 2875 2630; x_wconf 92' lang='lat' dir='ltr'><strong>autem</strong></span> <span class='ocrx_word' id='word_1_439' title='bbox 2912 2576 3029 2631; x_wconf 89' lang='lat' dir='ltr'><strong>suis</strong></span> <span class='ocrx_word' id='word_1_440' title='bbox 3052 2592 3217 2646; x_wconf 87' lang='lat' dir='ltr'><strong>supra</strong></span> <span class='ocrx_word' id='word_1_441' title='bbox 3242 2591 3453 2633; x_wconf 85' lang='lat' dir='ltr'><strong>memo-</strong></span> 
     </span>
    </p>
   </div>
   <div class='ocr_carea' id='block_1_58' title="bbox 1844 2668 3447 2742">
    <p class='ocr_par' dir='ltr' id='par_1_58' title="bbox 1844 2668 3447 2742">
     <span class='ocr_line' id='line_1_58' title="bbox 1844 2668 3447 2742; baseline -0.001 -15"><span class='ocrx_word' id='word_1_442' title='bbox 1844 2672 1997 2727; x_wconf 80' lang='lat' dir='ltr'><strong>ratis</strong></span> <span class='ocrx_word' id='word_1_443' title='bbox 2026 2670 2169 2742; x_wconf 90' lang='lat' dir='ltr'><strong>ignis</strong></span> <span class='ocrx_word' id='word_1_444' title='bbox 2197 2684 2529 2725; x_wconf 87' lang='lat' dir='ltr'><strong>consumens</strong></span> <span class='ocrx_word' id='word_1_445' title='bbox 2554 2677 2657 2723; x_wconf 89' lang='lat' dir='ltr'><strong>est.</strong></span> <span class='ocrx_word' id='word_1_446' title='bbox 2711 2668 2894 2735; x_wconf 90' lang='lat' dir='ltr'><strong>Quare</strong></span> <span class='ocrx_word' id='word_1_447' title='bbox 2917 2669 3045 2725; x_wconf 89' lang='lat' dir='ltr'><strong>alibi</strong></span> <span class='ocrx_word' id='word_1_448' title='bbox 3075 2669 3280 2724; x_wconf 91' lang='lat' dir='ltr'><strong>dictum</strong></span> <span class='ocrx_word' id='word_1_449' title='bbox 3313 2678 3399 2724; x_wconf 90' lang='lat' dir='ltr'><strong>est</strong></span> <span class='ocrx_word' id='word_1_450' title='bbox 3432 2688 3447 2725; x_wconf 89' lang='lat'><strong>:</strong></span> 
     </span>
    </p>
   </div>
   <div class='ocr_carea' id='block_1_59' title="bbox 1866 2759 3450 2832">
    <p class='ocr_par' dir='ltr' id='par_1_59' title="bbox 1866 2759 3450 2832">
     <span class='ocr_line' id='line_1_59' title="bbox 1866 2759 3450 2832; baseline 0 -18"><span class='ocrx_word' id='word_1_451' title='bbox 1866 2780 1886 2814; x_wconf 80' lang='grc' dir='ltr'><strong>ι</strong></span> <span class='ocrx_word' id='word_1_452' title='bbox 1926 2762 2069 2832; x_wconf 84' lang='lat' dir='ltr'><strong>Ignis</strong></span> <span class='ocrx_word' id='word_1_453' title='bbox 2098 2762 2151 2815; x_wconf 94' lang='lat' dir='ltr'><strong>in</strong></span> <span class='ocrx_word' id='word_1_454' title='bbox 2176 2768 2477 2830; x_wconf 83' lang='lat' dir='ltr'><strong>conspectu</strong></span> <span class='ocrx_word' id='word_1_455' title='bbox 2516 2760 2638 2830; x_wconf 90' lang='lat' dir='ltr'><strong>ejus</strong></span> <span class='ocrx_word' id='word_1_456' title='bbox 2671 2759 3013 2825; x_wconf 84' lang='lat' dir='ltr'><strong>exardescet,</strong></span> <span class='ocrx_word' id='word_1_457' title='bbox 3040 2768 3096 2815; x_wconf 87' lang='lat' dir='ltr'><strong>et</strong></span> <span class='ocrx_word' id='word_1_458' title='bbox 3128 2761 3182 2814; x_wconf 93' lang='lat' dir='ltr'><strong>in</strong></span> <span class='ocrx_word' id='word_1_459' title='bbox 3213 2762 3450 2815; x_wconf 80' lang='lat' dir='ltr'><strong>circuitu</strong></span> 
     </span>
    </p>
   </div>
   <div class='ocr_carea' id='block_1_60' title="bbox 1862 2849 3451 2923">
    <p class='ocr_par' dir='ltr' id='par_1_60' title="bbox 1862 2849 3451 2923">
     <span class='ocr_line' id='line_1_60' title="bbox 1862 2849 3451 2923; baseline -0.003 -15"><span class='ocrx_word' id='word_1_460' title='bbox 1862 2854 1982 2923; x_wconf 91' lang='lat' dir='ltr'><strong>ejus</strong></span> <span class='ocrx_word' id='word_1_461' title='bbox 2021 2860 2317 2921; x_wconf 90' lang='lat' dir='ltr'><strong>tempestas</strong></span> <span class='ocrx_word' id='word_1_462' title='bbox 2346 2851 2524 2906; x_wconf 88' lang='lat' dir='ltr'><strong>valida</strong></span> <span class='ocrx_word' id='word_1_463' title='bbox 2551 2851 2604 2917; x_wconf 86' lang='grc'><strong>¹;</strong></span> <span class='ocrx_word' id='word_1_464' title='bbox 2653 2869 2672 2902; x_wconf 73' lang='grc' dir='ltr'><strong>ι</strong></span> <span class='ocrx_word' id='word_1_465' title='bbox 2707 2858 2761 2905; x_wconf 91' lang='lat' dir='ltr'><strong>et</strong></span> <span class='ocrx_word' id='word_1_466' title='bbox 2793 2869 2806 2905; x_wconf 92' lang='lat'>:</span> <span class='ocrx_word' id='word_1_467' title='bbox 2838 2869 2857 2901; x_wconf 77' lang='grc' dir='ltr'><strong>ι</strong></span> <span class='ocrx_word' id='word_1_468' title='bbox 2888 2849 3032 2921; x_wconf 87' lang='lat' dir='ltr'><strong>Ignis</strong></span> <span class='ocrx_word' id='word_1_469' title='bbox 3072 2851 3125 2904; x_wconf 89' lang='lat' dir='ltr'><strong>in</strong></span> <span class='ocrx_word' id='word_1_470' title='bbox 3151 2858 3451 2921; x_wconf 87' lang='lat' dir='ltr'><strong>conspectu</strong></span> 
     </span>
    </p>
   </div>
   <div class='ocr_carea' id='block_1_61' title="bbox 1862 2942 3443 3016">
    <p class='ocr_par' dir='ltr' id='par_1_61' title="bbox 1862 2942 3443 3016">
     <span class='ocr_line' id='line_1_61' title="bbox 1862 2942 3443 3016; baseline -0.003 -16"><span class='ocrx_word' id='word_1_471' title='bbox 1862 2947 1982 3016; x_wconf 90' lang='lat' dir='ltr'><strong>ejus</strong></span> <span class='ocrx_word' id='word_1_472' title='bbox 2042 2943 2382 3010; x_wconf 79' lang='lat' dir='ltr'><strong>exardescet,</strong></span> <span class='ocrx_word' id='word_1_473' title='bbox 2417 2952 2471 3000; x_wconf 89' lang='lat' dir='ltr'><strong>et</strong></span> <span class='ocrx_word' id='word_1_474' title='bbox 2522 2942 2881 2997; x_wconf 86' lang='lat' dir='ltr'><strong>inﬁammabit</strong></span> <span class='ocrx_word' id='word_1_475' title='bbox 2937 2957 3129 2997; x_wconf 88' lang='lat' dir='ltr'><strong>omnes</strong></span> <span class='ocrx_word' id='word_1_476' title='bbox 3189 2942 3443 2996; x_wconf 89' lang='lat' dir='ltr'><strong>inimicos</strong></span> 
     </span>
    </p>
   </div>
   <div class='ocr_carea' id='block_1_62' title="bbox 1863 3031 3450 3103">
    <p class='ocr_par' dir='ltr' id='par_1_62' title="bbox 1863 3031 3450 3103">
     <span class='ocr_line' id='line_1_62' title="bbox 1863 3031 3450 3103; baseline -0.003 -14"><span class='ocrx_word' id='word_1_477' title='bbox 1863 3034 1983 3103; x_wconf 91' lang='lat' dir='ltr'><strong>ejus</strong></span> <span class='ocrx_word' id='word_1_478' title='bbox 2005 3034 2079 3088; x_wconf 81' lang='grc'><strong>⁸.»</strong></span> <span class='ocrx_word' id='word_1_479' title='bbox 2123 3033 2183 3088; x_wconf 92' lang='lat' dir='ltr'><strong>In</strong></span> <span class='ocrx_word' id='word_1_480' title='bbox 2222 3032 2477 3103; x_wconf 64' lang='lat' dir='ltr'><strong>praesenti</strong></span> <span class='ocrx_word' id='word_1_481' title='bbox 2506 3046 2723 3102; x_wconf 91' lang='lat' dir='ltr'><strong>quoque</strong></span> <span class='ocrx_word' id='word_1_482' title='bbox 2748 3031 2957 3086; x_wconf 88' lang='lat' dir='ltr'><strong>inimici</strong></span> <span class='ocrx_word' id='word_1_483' title='bbox 2991 3031 3111 3102; x_wconf 90' lang='lat' dir='ltr'><strong>ejus</strong></span> <span class='ocrx_word' id='word_1_484' title='bbox 3137 3047 3246 3086; x_wconf 91' lang='lat' dir='ltr'><strong>non</strong></span> <span class='ocrx_word' id='word_1_485' title='bbox 3288 3031 3450 3087; x_wconf 91' lang='lat' dir='ltr'><strong>modo</strong></span> 
     </span>
    </p>
   </div>
   <div class='ocr_carea' id='block_1_63' title="bbox 1866 3123 3447 3194">
    <p class='ocr_par' dir='ltr' id='par_1_63' title="bbox 1866 3123 3447 3194">
     <span class='ocr_line' id='line_1_63' title="bbox 1866 3123 3447 3194; baseline 0.001 -15"><span class='ocrx_word' id='word_1_486' title='bbox 1866 3135 1926 3180; x_wconf 92' lang='lat' dir='ltr'><strong>ut</strong></span> <span class='ocrx_word' id='word_1_487' title='bbox 1954 3126 2137 3182; x_wconf 85' lang='lat' dir='ltr'><strong>fumus</strong></span> <span class='ocrx_word' id='word_1_488' title='bbox 2164 3125 2418 3189; x_wconf 73' lang='lat' dir='ltr'><strong>deficere,</strong></span> <span class='ocrx_word' id='word_1_489' title='bbox 2444 3123 2540 3179; x_wconf 90' lang='lat' dir='ltr'><strong>sed</strong></span> <span class='ocrx_word' id='word_1_490' title='bbox 2572 3123 2716 3178; x_wconf 90' lang='lat' dir='ltr'><strong>sicut</strong></span> <span class='ocrx_word' id='word_1_491' title='bbox 2739 3123 2857 3177; x_wconf 89' lang='lat' dir='ltr'><strong>ﬁuit</strong></span> <span class='ocrx_word' id='word_1_492' title='bbox 2886 3138 3014 3179; x_wconf 88' lang='lat' dir='ltr'><strong>cera</strong></span> <span class='ocrx_word' id='word_1_493' title='bbox 3045 3140 3075 3178; x_wconf 89' lang='lat' dir='ltr'><strong>a</strong></span> <span class='ocrx_word' id='word_1_494' title='bbox 3112 3123 3249 3179; x_wconf 86' lang='lat' dir='ltr'><strong>facie</strong></span> <span class='ocrx_word' id='word_1_495' title='bbox 3283 3124 3447 3194; x_wconf 84' lang='lat' dir='ltr'><strong>ignis,</strong></span> 
     </span>
    </p>
   </div>
   <div class='ocr_carea' id='block_1_64' title="bbox 166 3185 1745 3288">
    <p class='ocr_par' dir='ltr' id='par_1_64' title="bbox 166 3201 1745 3277">
     <span class='ocr_line' id='line_1_64' title="bbox 166 3201 1745 3277; baseline -0.004 -18"><span class='ocrx_word' id='word_1_496' title='bbox 166 3206 363 3259; x_wconf 83' lang='grc' dir='ltr'>λεκται</span> <span class='ocrx_word' id='word_1_497' title='bbox 383 3209 438 3259; x_wconf 86' lang='grc' dir='ltr'><strong>ἐν</strong></span> <span class='ocrx_word' id='word_1_498' title='bbox 461 3205 686 3277; x_wconf 76' lang='grc' dir='ltr'>ἑτέροιςο</span> <span class='ocrx_word' id='word_1_499' title='bbox 727 3224 745 3255; x_wconf 86' lang='grc'>‹</span> <span class='ocrx_word' id='word_1_500' title='bbox 775 3203 894 3276; x_wconf 90' lang='grc' dir='ltr'><strong>Πῦρ</strong></span> <span class='ocrx_word' id='word_1_501' title='bbox 926 3202 1154 3257; x_wconf 84' lang='grc' dir='ltr'>ἐνώπιον</span> <span class='ocrx_word' id='word_1_502' title='bbox 1196 3201 1359 3255; x_wconf 87' lang='grc' dir='ltr'>αὐτοῦ</span> <span class='ocrx_word' id='word_1_503' title='bbox 1394 3201 1745 3272; x_wconf 78' lang='grc' dir='ltr'>καυθήσεται,</span> 
     </span>
    </p>
   </div>
   <div class='ocr_carea' id='block_1_65' title="bbox 1864 3185 3449 3288">
    <p class='ocr_par' dir='ltr' id='par_1_65' title="bbox 1864 3185 3449 3288">
     <span class='ocr_line' id='line_1_65' title="bbox 1864 3185 3449 3288; baseline 0 -17"><span class='ocrx_word' id='word_1_504' title='bbox 1864 3218 1937 3272; x_wconf 90' lang='lat' dir='ltr'><strong>ita</strong></span> <span class='ocrx_word' id='word_1_505' title='bbox 1965 3226 2020 3274; x_wconf 89' lang='lat' dir='ltr'><strong>et</strong></span> <span class='ocrx_word' id='word_1_506' title='bbox 2062 3218 2167 3288; x_wconf 90' lang='lat' dir='ltr'><strong>ipsi</strong></span> <span class='ocrx_word' id='word_1_507' title='bbox 2214 3217 2521 3287; x_wconf 88' lang='lat' dir='ltr'><strong>liquescere</strong></span> <span class='ocrx_word' id='word_1_508' title='bbox 2550 3217 2833 3272; x_wconf 87' lang='lat' dir='ltr'><strong>dicuntur.</strong></span> <span class='ocrx_word' id='word_1_509' title='bbox 2890 3214 3160 3282; x_wconf 89' lang='lat' dir='ltr'><strong>Quoniam</strong></span> <span class='ocrx_word' id='word_1_510' title='bbox 3195 3185 3449 3285; x_wconf 46' lang='lat' dir='ltr'><strong>ipsivsese</strong></span> 
     </span>
    </p>
   </div>
   <div class='ocr_carea' id='block_1_66' title="bbox 169 3291 1751 3367">
    <p class='ocr_par' dir='ltr' id='par_1_66' title="bbox 169 3291 1751 3367">
     <span class='ocr_line' id='line_1_66' title="bbox 169 3291 1751 3367; baseline -0.004 -16"><span class='ocrx_word' id='word_1_511' title='bbox 169 3299 269 3351; x_wconf 76' lang='grc' dir='ltr'>καὶ</span> <span class='ocrx_word' id='word_1_512' title='bbox 282 3297 466 3367; x_wconf 72' lang='grc' dir='ltr'>κύκλῳ</span> <span class='ocrx_word' id='word_1_513' title='bbox 484 3296 650 3350; x_wconf 75' lang='grc' dir='ltr'>αὐτοῦ</span> <span class='ocrx_word' id='word_1_514' title='bbox 668 3296 919 3363; x_wconf 74' lang='grc' dir='ltr'>καταιγὶς</span> <span class='ocrx_word' id='word_1_515' title='bbox 946 3294 1169 3364; x_wconf 73' lang='grc' dir='ltr'>σφοδράο</span> <span class='ocrx_word' id='word_1_516' title='bbox 1186 3312 1203 3343; x_wconf 76' lang='grc' dir='ltr'><strong>ι</strong></span> <span class='ocrx_word' id='word_1_517' title='bbox 1225 3293 1338 3358; x_wconf 77' lang='grc' dir='ltr'>καὶ,</span> <span class='ocrx_word' id='word_1_518' title='bbox 1350 3312 1365 3343; x_wconf 82' lang='grc' dir='ltr'><strong>ι</strong></span> <span class='ocrx_word' id='word_1_519' title='bbox 1378 3291 1497 3363; x_wconf 90' lang='grc' dir='ltr'><strong>Πῦρ</strong></span> <span class='ocrx_word' id='word_1_520' title='bbox 1513 3292 1751 3345; x_wconf 84' lang='grc' dir='ltr'>ἐναντίον</span> 
     </span>
    </p>
   </div>
   <div class='ocr_carea' id='block_1_67' title="bbox 166 3383 1751 3461">
    <p class='ocr_par' dir='ltr' id='par_1_67' title="bbox 166 3383 1751 3461">
     <span class='ocr_line' id='line_1_67' title="bbox 166 3383 1751 3461; baseline -0.004 -18"><span class='ocrx_word' id='word_1_521' title='bbox 166 3390 339 3443; x_wconf 69' lang='grc' dir='ltr'>αὐτοῦ</span> <span class='ocrx_word' id='word_1_522' title='bbox 374 3391 725 3461; x_wconf 83' lang='grc' dir='ltr'>καυθήσεται,</span> <span class='ocrx_word' id='word_1_523' title='bbox 762 3389 858 3442; x_wconf 73' lang='grc' dir='ltr'>καὶ</span> <span class='ocrx_word' id='word_1_524' title='bbox 883 3388 1093 3457; x_wconf 80' lang='grc' dir='ltr'>φλογιεῖ</span> <span class='ocrx_word' id='word_1_525' title='bbox 1125 3386 1333 3449; x_wconf 81' lang='grc' dir='ltr'>πάντας</span> <span class='ocrx_word' id='word_1_526' title='bbox 1368 3386 1494 3449; x_wconf 79' lang='grc' dir='ltr'>τοὺς</span> <span class='ocrx_word' id='word_1_527' title='bbox 1524 3383 1751 3455; x_wconf 78' lang='grc' dir='ltr'>ἐχθροὺς</span> 
     </span>
    </p>
   </div>
   <div class='ocr_carea' id='block_1_68' title="bbox 167 3476 1751 3551">
    <p class='ocr_par' dir='ltr' id='par_1_68' title="bbox 167 3476 1751 3551">
     <span class='ocr_line' id='line_1_68' title="bbox 167 3476 1751 3551; baseline -0.004 -15"><span class='ocrx_word' id='word_1_528' title='bbox 167 3482 361 3536; x_wconf 81' lang='grc' dir='ltr'>αὑτοῦ.</span> <span class='ocrx_word' id='word_1_529' title='bbox 396 3502 414 3535; x_wconf 74' lang='grc' dir='ltr'><strong>ι</strong></span> <span class='ocrx_word' id='word_1_530' title='bbox 460 3483 572 3535; x_wconf 75' lang='grc' dir='ltr'><strong>Καὶ</strong></span> <span class='ocrx_word' id='word_1_531' title='bbox 608 3483 667 3535; x_wconf 83' lang='grc' dir='ltr'><strong>ἐν</strong></span> <span class='ocrx_word' id='word_1_532' title='bbox 697 3480 776 3551; x_wconf 86' lang='grc' dir='ltr'>τῷ</span> <span class='ocrx_word' id='word_1_533' title='bbox 811 3480 947 3551; x_wconf 86' lang='grc' dir='ltr'><strong>μετά</strong></span> <span class='ocrx_word' id='word_1_534' title='bbox 974 3483 1163 3551; x_wconf 82' lang='grc' dir='ltr'>χεῖρας</span> <span class='ocrx_word' id='word_1_535' title='bbox 1194 3479 1245 3532; x_wconf 86' lang='grc' dir='ltr'><strong>οί</strong></span> <span class='ocrx_word' id='word_1_536' title='bbox 1279 3477 1463 3549; x_wconf 74' lang='grc' dir='ltr'>ἐχθροὶ</span> <span class='ocrx_word' id='word_1_537' title='bbox 1489 3478 1549 3530; x_wconf 84' lang='grc' dir='ltr'>οὺ</span> <span class='ocrx_word' id='word_1_538' title='bbox 1594 3476 1751 3547; x_wconf 91' lang='grc' dir='ltr'>μόνον</span> 
     </span>
    </p>
   </div>
   <div class='ocr_carea' id='block_1_69' title="bbox 165 3568 1753 3642">
    <p class='ocr_par' dir='ltr' id='par_1_69' title="bbox 165 3568 1753 3642">
     <span class='ocr_line' id='line_1_69' title="bbox 165 3568 1753 3642; baseline -0.003 -15"><span class='ocrx_word' id='word_1_539' title='bbox 165 3574 447 3631; x_wconf 81' lang='grc' dir='ltr'>ἐκλείπειν</span> <span class='ocrx_word' id='word_1_540' title='bbox 471 3573 546 3637; x_wconf 88' lang='grc' dir='ltr'><strong>ώς</strong></span> <span class='ocrx_word' id='word_1_541' title='bbox 570 3573 794 3637; x_wconf 86' lang='grc' dir='ltr'>καπνὸς,</span> <span class='ocrx_word' id='word_1_542' title='bbox 821 3571 955 3626; x_wconf 87' lang='grc' dir='ltr'><strong>ἀλλά</strong></span> <span class='ocrx_word' id='word_1_543' title='bbox 983 3572 1076 3625; x_wconf 71' lang='grc' dir='ltr'>καὶ</span> <span class='ocrx_word' id='word_1_544' title='bbox 1102 3571 1177 3635; x_wconf 86' lang='grc' dir='ltr'>ὡς</span> <span class='ocrx_word' id='word_1_545' title='bbox 1201 3573 1425 3642; x_wconf 82' lang='grc' dir='ltr'>τήκεται</span> <span class='ocrx_word' id='word_1_546' title='bbox 1454 3570 1624 3642; x_wconf 88' lang='grc' dir='ltr'>κηρὸς</span> <span class='ocrx_word' id='word_1_547' title='bbox 1645 3568 1753 3622; x_wconf 87' lang='grc' dir='ltr'><strong>ἀπὸ</strong></span> 
     </span>
    </p>
   </div>
   <div class='ocr_carea' id='block_1_70' title="bbox 169 3662 1750 3739">
    <p class='ocr_par' dir='ltr' id='par_1_70' title="bbox 169 3662 1750 3739">
     <span class='ocr_line' id='line_1_70' title="bbox 169 3662 1750 3739; baseline -0.003 -20"><span class='ocrx_word' id='word_1_548' title='bbox 169 3664 467 3739; x_wconf 80' lang='grc' dir='ltr'>προσώπου</span> <span class='ocrx_word' id='word_1_549' title='bbox 493 3664 686 3735; x_wconf 88' lang='grc' dir='ltr'>πυρὸς,</span> <span class='ocrx_word' id='word_1_550' title='bbox 710 3663 881 3728; x_wconf 73' lang='grc' dir='ltr'>οὕτως</span> <span class='ocrx_word' id='word_1_551' title='bbox 920 3663 1245 3736; x_wconf 78' lang='grc' dir='ltr'>ἐκτήκεσθαι</span> <span class='ocrx_word' id='word_1_552' title='bbox 1278 3663 1553 3735; x_wconf 71' lang='grc' dir='ltr'><strong>εἴρηνται⁸</strong></span> <span class='ocrx_word' id='word_1_553' title='bbox 1601 3662 1750 3715; x_wconf 86' lang='grc' dir='ltr'>ἐπει-</span> 
     </span>
    </p>
   </div>
   <div class='ocr_carea' id='block_1_71' title="bbox 167 3753 1747 3831">
    <p class='ocr_par' dir='ltr' id='par_1_71' title="bbox 167 3753 1747 3831">
     <span class='ocr_line' id='line_1_71' title="bbox 167 3753 1747 3831; baseline -0.004 -18"><span class='ocrx_word' id='word_1_554' title='bbox 167 3760 345 3831; x_wconf 85' lang='grc' dir='ltr'>δήπερ</span> <span class='ocrx_word' id='word_1_555' title='bbox 374 3756 529 3810; x_wconf 79' lang='grc' dir='ltr'>αὐτοὶ</span> <span class='ocrx_word' id='word_1_556' title='bbox 571 3757 797 3820; x_wconf 79' lang='grc' dir='ltr'>ἑαυτοὺς</span> <span class='ocrx_word' id='word_1_557' title='bbox 827 3756 1052 3828; x_wconf 81' lang='grc' dir='ltr'>ἐχθροὺς</span> <span class='ocrx_word' id='word_1_558' title='bbox 1076 3755 1171 3809; x_wconf 87' lang='grc' dir='ltr'><strong>τοῦ</strong></span> <span class='ocrx_word' id='word_1_559' title='bbox 1206 3753 1341 3807; x_wconf 89' lang='grc' dir='ltr'>Θεοῦ</span> <span class='ocrx_word' id='word_1_560' title='bbox 1368 3755 1747 3826; x_wconf 83' lang='grc' dir='ltr'>πεποιήκασιν.</span> 
     </span>
    </p>
   </div>
   <div class='ocr_carea' id='block_1_72' title="bbox 176 3845 1752 3922">
    <p class='ocr_par' dir='ltr' id='par_1_72' title="bbox 176 3845 1752 3922">
     <span class='ocr_line' id='line_1_72' title="bbox 176 3845 1752 3922; baseline -0.003 -19"><span class='ocrx_word' id='word_1_561' title='bbox 176 3854 238 3903; x_wconf 77' lang='grc' dir='ltr'>Ὀ</span> <span class='ocrx_word' id='word_1_562' title='bbox 280 3850 393 3922; x_wconf 76' lang='grc' dir='ltr'><strong>γάρ</strong></span> <span class='ocrx_word' id='word_1_563' title='bbox 432 3849 562 3912; x_wconf 90' lang='grc' dir='ltr'>Θεὸς</span> <span class='ocrx_word' id='word_1_564' title='bbox 596 3850 787 3919; x_wconf 80' lang='grc' dir='ltr'>ἀγαπᾷ</span> <span class='ocrx_word' id='word_1_565' title='bbox 818 3849 884 3901; x_wconf 85' lang='grc' dir='ltr'><strong>τά</strong></span> <span class='ocrx_word' id='word_1_566' title='bbox 919 3848 1047 3901; x_wconf 78' lang='grc' dir='ltr'>ὄντα</span> <span class='ocrx_word' id='word_1_567' title='bbox 1081 3846 1279 3912; x_wconf 86' lang='grc' dir='ltr'>πάντα,</span> <span class='ocrx_word' id='word_1_568' title='bbox 1324 3848 1417 3900; x_wconf 79' lang='grc' dir='ltr'>καὶ</span> <span class='ocrx_word' id='word_1_569' title='bbox 1449 3846 1600 3899; x_wconf 81' lang='grc' dir='ltr'>οὐδὲν</span> <span class='ocrx_word' id='word_1_570' title='bbox 1634 3845 1752 3916; x_wconf 84' lang='grc' dir='ltr'>βδε-</span> 
     </span>
    </p>
   </div>
   <div class='ocr_carea' id='block_1_73' title="bbox 165 3936 1750 4012">
    <p class='ocr_par' dir='ltr' id='par_1_73' title="bbox 165 3936 1750 4012">
     <span class='ocr_line' id='line_1_73' title="bbox 165 3936 1750 4012; baseline -0.004 -14"><span class='ocrx_word' id='word_1_571' title='bbox 165 3943 429 3998; x_wconf 83' lang='grc' dir='ltr'>λύσσεται</span> <span class='ocrx_word' id='word_1_572' title='bbox 456 3936 530 3996; x_wconf 77' lang='grc' dir='ltr'>ὧν</span> <span class='ocrx_word' id='word_1_573' title='bbox 555 3942 828 4012; x_wconf 82' lang='grc' dir='ltr'>ἐποίησεν·</span> <span class='ocrx_word' id='word_1_574' title='bbox 857 3941 978 3995; x_wconf 85' lang='grc' dir='ltr'>οὐδὲ</span> <span class='ocrx_word' id='word_1_575' title='bbox 997 3940 1105 4012; x_wconf 86' lang='grc' dir='ltr'>γὰρ</span> <span class='ocrx_word' id='word_1_576' title='bbox 1137 3938 1309 4012; x_wconf 84' lang='grc' dir='ltr'>μισῶν</span> <span class='ocrx_word' id='word_1_577' title='bbox 1336 3956 1390 3991; x_wconf 89' lang='grc' dir='ltr'><strong>τι</strong></span> <span class='ocrx_word' id='word_1_578' title='bbox 1415 3939 1750 3993; x_wconf 82' lang='grc' dir='ltr'>κατεσκεύα-</span> 
     </span>
    </p>
   </div>
   <div class='ocr_carea' id='block_1_74' title="bbox 167 4031 1750 4106">
    <p class='ocr_par' dir='ltr' id='par_1_74' title="bbox 167 4031 1750 4106">
     <span class='ocr_line' id='line_1_74' title="bbox 167 4031 1750 4106; baseline -0.004 -15"><span class='ocrx_word' id='word_1_579' title='bbox 167 4035 250 4102; x_wconf 77' lang='grc' dir='ltr'>ζε·</span> <span class='ocrx_word' id='word_1_580' title='bbox 285 4036 372 4090; x_wconf 89' lang='grc' dir='ltr'><strong>διὸ</strong></span> <span class='ocrx_word' id='word_1_581' title='bbox 411 4036 620 4100; x_wconf 75' lang='grc' dir='ltr'>οὐδενὸς</span> <span class='ocrx_word' id='word_1_582' title='bbox 645 4036 838 4106; x_wconf 88' lang='grc' dir='ltr'>ἐχθρὸς</span> <span class='ocrx_word' id='word_1_583' title='bbox 861 4034 1043 4098; x_wconf 79' lang='grc' dir='ltr'>αὑτός.</span> <span class='ocrx_word' id='word_1_584' title='bbox 1068 4035 1132 4087; x_wconf 76' lang='lat' dir='ltr'><strong>Oi.</strong></span> <span class='ocrx_word' id='word_1_585' title='bbox 1155 4034 1213 4087; x_wconf 84' lang='grc' dir='ltr'>δὲ</span> <span class='ocrx_word' id='word_1_586' title='bbox 1236 4031 1601 4105; x_wconf 81' lang='grc' dir='ltr'>μακρύνοντες</span> <span class='ocrx_word' id='word_1_587' title='bbox 1626 4034 1750 4085; x_wconf 90' lang='grc' dir='ltr'>ἐαυ-</span> 
     </span>
    </p>
   </div>
   <div class='ocr_carea' id='block_1_75' title="bbox 165 4126 1748 4200">
    <p class='ocr_par' dir='ltr' id='par_1_75' title="bbox 165 4126 1748 4200">
     <span class='ocr_line' id='line_1_75' title="bbox 165 4126 1748 4200; baseline -0.004 -16"><span class='ocrx_word' id='word_1_588' title='bbox 165 4132 291 4195; x_wconf 80' lang='grc' dir='ltr'>τοὺς</span> <span class='ocrx_word' id='word_1_589' title='bbox 324 4130 420 4183; x_wconf 84' lang='grc' dir='ltr'><strong>ἀπ’</strong></span> <span class='ocrx_word' id='word_1_590' title='bbox 455 4130 642 4192; x_wconf 82' lang='grc' dir='ltr'>αὑτοῦ,</span> <span class='ocrx_word' id='word_1_591' title='bbox 683 4130 778 4183; x_wconf 79' lang='grc' dir='ltr'>καὶ</span> <span class='ocrx_word' id='word_1_592' title='bbox 825 4126 1269 4200; x_wconf 86' lang='grc' dir='ltr'>ἐχθροποιοῦντες</span> <span class='ocrx_word' id='word_1_593' title='bbox 1311 4126 1569 4189; x_wconf 80' lang='grc' dir='ltr'>ἑαυτοὺς,</span> <span class='ocrx_word' id='word_1_594' title='bbox 1626 4127 1748 4177; x_wconf 85' lang='grc' dir='ltr'>ἐπι-</span> 
     </span>
    </p>
   </div>
   <div class='ocr_carea' id='block_1_76' title="bbox 170 4220 1748 4296">
    <p class='ocr_par' dir='ltr' id='par_1_76' title="bbox 170 4220 1748 4296">
     <span class='ocr_line' id='line_1_76' title="bbox 170 4220 1748 4296; baseline -0.004 -18"><span class='ocrx_word' id='word_1_595' title='bbox 170 4224 414 4278; x_wconf 80' lang='grc' dir='ltr'>σπῶνται</span> <span class='ocrx_word' id='word_1_596' title='bbox 450 4223 547 4296; x_wconf 72' lang='grc' dir='ltr'>τὴν</span> <span class='ocrx_word' id='word_1_597' title='bbox 574 4222 870 4277; x_wconf 72' lang='grc' dir='ltr'>ἀπώλειαψ</span> <span class='ocrx_word' id='word_1_598' title='bbox 913 4223 989 4286; x_wconf 84' lang='grc' dir='ltr'>ὡς</span> <span class='ocrx_word' id='word_1_599' title='bbox 1026 4220 1301 4290; x_wconf 84' lang='grc' dir='ltr'>λέγεσθαι·</span> <span class='ocrx_word' id='word_1_600' title='bbox 1353 4238 1372 4272; x_wconf 78' lang='grc' dir='ltr'><strong>ι</strong></span> <span class='ocrx_word' id='word_1_601' title='bbox 1408 4221 1527 4274; x_wconf 88' lang='grc' dir='ltr'>Ὅτι</span> <span class='ocrx_word' id='word_1_602' title='bbox 1566 4220 1673 4274; x_wconf 81' lang='grc' dir='ltr'>ίδοὺ</span> <span class='ocrx_word' id='word_1_603' title='bbox 1697 4221 1748 4273; x_wconf 89' lang='grc' dir='ltr'><strong>οί</strong></span> 
     </span>
    </p>
   </div>
   <div class='ocr_carea' id='block_1_77' title="bbox 171 4311 1747 4389">
    <p class='ocr_par' dir='ltr' id='par_1_77' title="bbox 171 4311 1747 4389">
     <span class='ocr_line' id='line_1_77' title="bbox 171 4311 1747 4389; baseline -0.005 -18"><span class='ocrx_word' id='word_1_604' title='bbox 171 4317 540 4389; x_wconf 82' lang='grc' dir='ltr'>μακρύνοντες</span> <span class='ocrx_word' id='word_1_605' title='bbox 567 4316 791 4379; x_wconf 78' lang='grc' dir='ltr'>ἑαυτοὺς</span> <span class='ocrx_word' id='word_1_606' title='bbox 813 4315 921 4369; x_wconf 86' lang='grc' dir='ltr'><strong>άπὸ</strong></span> <span class='ocrx_word' id='word_1_607' title='bbox 942 4313 1035 4368; x_wconf 91' lang='grc' dir='ltr'><strong>σοῦ</strong></span> <span class='ocrx_word' id='word_1_608' title='bbox 1059 4312 1401 4366; x_wconf 85' lang='grc' dir='ltr'>ἀπολοῦνται.</span> <span class='ocrx_word' id='word_1_609' title='bbox 1435 4331 1453 4363; x_wconf 69' lang='grc' dir='ltr'><strong>ι</strong></span> <span class='ocrx_word' id='word_1_610' title='bbox 1499 4311 1654 4365; x_wconf 74' lang='grc' dir='ltr'>Οὕτω</span> <span class='ocrx_word' id='word_1_611' title='bbox 1688 4311 1747 4364; x_wconf 84' lang='grc' dir='ltr'>δὲ</span> 
     </span>
    </p>
   </div>
   <div class='ocr_carea' id='block_1_78' title="bbox 167 4401 1748 4477">
    <p class='ocr_par' dir='ltr' id='par_1_78' title="bbox 167 4401 1748 4477">
     <span class='ocr_line' id='line_1_78' title="bbox 167 4401 1748 4477; baseline -0.004 -16"><span class='ocrx_word' id='word_1_612' title='bbox 167 4408 268 4461; x_wconf 72' lang='grc' dir='ltr'>καὶ</span> <span class='ocrx_word' id='word_1_613' title='bbox 300 4406 511 4477; x_wconf 77' lang='grc' dir='ltr'>μισοῦσι</span> <span class='ocrx_word' id='word_1_614' title='bbox 554 4407 647 4459; x_wconf 88' lang='grc' dir='ltr'><strong>τὸν</strong></span> <span class='ocrx_word' id='word_1_615' title='bbox 688 4405 820 4458; x_wconf 89' lang='grc' dir='ltr'>Θεὸν</span> <span class='ocrx_word' id='word_1_616' title='bbox 860 4406 908 4457; x_wconf 90' lang='grc' dir='ltr'><strong>οί</strong></span> <span class='ocrx_word' id='word_1_617' title='bbox 954 4403 1025 4458; x_wconf 80' lang='grc' dir='ltr'>τὰ</span> <span class='ocrx_word' id='word_1_618' title='bbox 1057 4404 1148 4456; x_wconf 84' lang='grc' dir='ltr'><strong>ὑπ’</strong></span> <span class='ocrx_word' id='word_1_619' title='bbox 1197 4401 1360 4455; x_wconf 81' lang='grc' dir='ltr'>αὐτοῦ</span> <span class='ocrx_word' id='word_1_620' title='bbox 1398 4401 1748 4473; x_wconf 83' lang='grc' dir='ltr'>μεμισημένα</span> 
     </span>
    </p>
   </div>
   <div class='ocr_carea' id='block_1_79' title="bbox 170 4488 1744 4568">
    <p class='ocr_par' dir='ltr' id='par_1_79' title="bbox 170 4488 1744 4568">
     <span class='ocr_line' id='line_1_79' title="bbox 170 4488 1744 4568; baseline -0.003 -19"><span class='ocrx_word' id='word_1_621' title='bbox 170 4496 523 4568; x_wconf 87' lang='grc' dir='ltr'>πράττοντες.</span> <span class='ocrx_word' id='word_1_622' title='bbox 554 4494 738 4549; x_wconf 87' lang='grc' dir='ltr'>Ταῦτα</span> <span class='ocrx_word' id='word_1_623' title='bbox 780 4496 878 4565; x_wconf 85' lang='grc' dir='ltr'>μὲν</span> <span class='ocrx_word' id='word_1_624' title='bbox 907 4488 1000 4547; x_wconf 83' lang='grc' dir='ltr'><strong>οῦν</strong></span> <span class='ocrx_word' id='word_1_625' title='bbox 1041 4492 1161 4546; x_wconf 88' lang='grc' dir='ltr'>καθ’</span> <span class='ocrx_word' id='word_1_626' title='bbox 1196 4492 1290 4545; x_wconf 81' lang='grc' dir='ltr'><strong>ἐνα</strong></span> <span class='ocrx_word' id='word_1_627' title='bbox 1330 4490 1565 4561; x_wconf 84' lang='grc' dir='ltr'>λελέχθω</span> <span class='ocrx_word' id='word_1_628' title='bbox 1620 4492 1744 4562; x_wconf 87' lang='grc' dir='ltr'>τρό-</span> 
     </span>
    </p>
   </div>
   <div class='ocr_carea' id='block_1_80' title="bbox 1858 3305 3450 3378">
    <p class='ocr_par' dir='ltr' id='par_1_80' title="bbox 1858 3305 3450 3378">
     <span class='ocr_line' id='line_1_80' title="bbox 1858 3305 3450 3378; baseline -0.002 -14"><span class='ocrx_word' id='word_1_629' title='bbox 1858 3310 2114 3364; x_wconf 87' lang='lat' dir='ltr'><strong>inimicos</strong></span> <span class='ocrx_word' id='word_1_630' title='bbox 2140 3307 2234 3363; x_wconf 91' lang='lat' dir='ltr'><strong>Dei</strong></span> <span class='ocrx_word' id='word_1_631' title='bbox 2265 3310 2691 3364; x_wconf 89' lang='lat' dir='ltr'><strong>constituerunt.</strong></span> <span class='ocrx_word' id='word_1_632' title='bbox 2759 3305 2905 3361; x_wconf 89' lang='lat' dir='ltr'><strong>Deus</strong></span> <span class='ocrx_word' id='word_1_633' title='bbox 2934 3308 3082 3361; x_wconf 91' lang='lat' dir='ltr'><strong>enim</strong></span> <span class='ocrx_word' id='word_1_634' title='bbox 3115 3309 3298 3360; x_wconf 88' lang='lat' dir='ltr'><strong>omnia</strong></span> <span class='ocrx_word' id='word_1_635' title='bbox 3327 3322 3450 3378; x_wconf 75' lang='lat' dir='ltr'><strong>qua:</strong></span> 
     </span>
    </p>
   </div>
   <div class='ocr_carea' id='block_1_81' title="bbox 1858 3396 3449 3470">
    <p class='ocr_par' dir='ltr' id='par_1_81' title="bbox 1858 3396 3449 3470">
     <span class='ocr_line' id='line_1_81' title="bbox 1858 3396 3449 3470; baseline -0.002 -13"><span class='ocrx_word' id='word_1_636' title='bbox 1858 3410 1987 3457; x_wconf 86' lang='lat' dir='ltr'><strong>sunt</strong></span> <span class='ocrx_word' id='word_1_637' title='bbox 2026 3409 2205 3467; x_wconf 88' lang='lat' dir='ltr'><strong>amat,</strong></span> <span class='ocrx_word' id='word_1_638' title='bbox 2250 3411 2305 3457; x_wconf 90' lang='lat' dir='ltr'><strong>et</strong></span> <span class='ocrx_word' id='word_1_639' title='bbox 2349 3401 2485 3456; x_wconf 91' lang='lat' dir='ltr'><strong>nihil</strong></span> <span class='ocrx_word' id='word_1_640' title='bbox 2526 3399 2641 3455; x_wconf 90' lang='lat' dir='ltr'><strong>odit</strong></span> <span class='ocrx_word' id='word_1_641' title='bbox 2686 3413 2879 3454; x_wconf 91' lang='lat' dir='ltr'><strong>eorum</strong></span> <span class='ocrx_word' id='word_1_642' title='bbox 2906 3414 3030 3470; x_wconf 67' lang='lat' dir='ltr'><strong>qua:</strong></span> <span class='ocrx_word' id='word_1_643' title='bbox 3070 3396 3197 3454; x_wconf 90' lang='lat' dir='ltr'><strong>fecit</strong></span> <span class='ocrx_word' id='word_1_644' title='bbox 3228 3418 3241 3453; x_wconf 88' lang='lat'><strong>:</strong></span> <span class='ocrx_word' id='word_1_645' title='bbox 3272 3415 3449 3469; x_wconf 89' lang='lat' dir='ltr'><strong>neque</strong></span> 
     </span>
    </p>
   </div>
   <div class='ocr_carea' id='block_1_82' title="bbox 1856 3490 3449 3565">
    <p class='ocr_par' dir='ltr' id='par_1_82' title="bbox 1856 3490 3449 3565">
     <span class='ocr_line' id='line_1_82' title="bbox 1856 3490 3449 3565; baseline -0.002 -15"><span class='ocrx_word' id='word_1_646' title='bbox 1856 3494 2003 3550; x_wconf 88' lang='lat' dir='ltr'><strong>enim</strong></span> <span class='ocrx_word' id='word_1_647' title='bbox 2045 3493 2253 3565; x_wconf 88' lang='lat' dir='ltr'><strong>aliquid</strong></span> <span class='ocrx_word' id='word_1_648' title='bbox 2298 3492 2547 3549; x_wconf 88' lang='lat' dir='ltr'><strong>condidit</strong></span> <span class='ocrx_word' id='word_1_649' title='bbox 2580 3490 2729 3562; x_wconf 88' lang='lat' dir='ltr'><strong>quod</strong></span> <span class='ocrx_word' id='word_1_650' title='bbox 2757 3490 3003 3557; x_wconf 87' lang='lat' dir='ltr'><strong>odisset;</strong></span> <span class='ocrx_word' id='word_1_651' title='bbox 3038 3507 3213 3561; x_wconf 86' lang='lat' dir='ltr'><strong>quare</strong></span> <span class='ocrx_word' id='word_1_652' title='bbox 3244 3492 3449 3547; x_wconf 88' lang='lat' dir='ltr'><strong>nullius</strong></span> 
     </span>
    </p>
   </div>
   <div class='ocr_carea' id='block_1_83' title="bbox 1859 3579 3448 3653">
    <p class='ocr_par' dir='ltr' id='par_1_83' title="bbox 1859 3579 3448 3653">
     <span class='ocr_line' id='line_1_83' title="bbox 1859 3579 3448 3653; baseline -0.002 -16"><span class='ocrx_word' id='word_1_653' title='bbox 1859 3583 2119 3639; x_wconf 91' lang='lat' dir='ltr'><strong>inimicus</strong></span> <span class='ocrx_word' id='word_1_654' title='bbox 2153 3584 2269 3653; x_wconf 89' lang='lat' dir='ltr'><strong>ipse</strong></span> <span class='ocrx_word' id='word_1_655' title='bbox 2296 3590 2401 3639; x_wconf 88' lang='lat' dir='ltr'><strong>est.</strong></span> <span class='ocrx_word' id='word_1_656' title='bbox 2476 3581 2583 3647; x_wconf 87' lang='lat' dir='ltr'><strong>Qui</strong></span> <span class='ocrx_word' id='word_1_657' title='bbox 2610 3596 2740 3636; x_wconf 81' lang='lat' dir='ltr'><strong>vero</strong></span> <span class='ocrx_word' id='word_1_658' title='bbox 2768 3596 2887 3635; x_wconf 89' lang='lat' dir='ltr'><strong>sese</strong></span> <span class='ocrx_word' id='word_1_659' title='bbox 2920 3579 2989 3633; x_wconf 88' lang='lat' dir='ltr'><strong>ab</strong></span> <span class='ocrx_word' id='word_1_660' title='bbox 3018 3580 3137 3650; x_wconf 90' lang='lat' dir='ltr'><strong>ipso</strong></span> <span class='ocrx_word' id='word_1_661' title='bbox 3174 3579 3333 3649; x_wconf 89' lang='lat' dir='ltr'><strong>longe</strong></span> <span class='ocrx_word' id='word_1_662' title='bbox 3361 3596 3448 3634; x_wconf 90' lang='lat' dir='ltr'><strong>re-</strong></span> 
     </span>
    </p>
   </div>
   <div class='ocr_carea' id='block_1_84' title="bbox 1857 3670 3446 3746">
    <p class='ocr_par' dir='ltr' id='par_1_84' title="bbox 1857 3670 3446 3746">
     <span class='ocr_line' id='line_1_84' title="bbox 1857 3670 3446 3746; baseline -0.004 -14"><span class='ocrx_word' id='word_1_663' title='bbox 1857 3686 2097 3742; x_wconf 87' lang='lat' dir='ltr'><strong>movent,</strong></span> <span class='ocrx_word' id='word_1_664' title='bbox 2142 3676 2425 3746; x_wconf 87' lang='lat' dir='ltr'><strong>ipsiusque</strong></span> <span class='ocrx_word' id='word_1_665' title='bbox 2458 3690 2517 3729; x_wconf 89' lang='lat' dir='ltr'><strong>se</strong></span> <span class='ocrx_word' id='word_1_666' title='bbox 2555 3674 2809 3729; x_wconf 88' lang='lat' dir='ltr'><strong>inimicos</strong></span> <span class='ocrx_word' id='word_1_667' title='bbox 2837 3670 3101 3735; x_wconf 72' lang='lat' dir='ltr'><strong>efﬁciunt,</strong></span> <span class='ocrx_word' id='word_1_668' title='bbox 3144 3671 3446 3743; x_wconf 88' lang='lat' dir='ltr'><strong>perniciem</strong></span> 
     </span>
    </p>
   </div>
   <div class='ocr_carea' id='block_1_85' title="bbox 1858 3762 3447 3833">
    <p class='ocr_par' dir='ltr' id='par_1_85' title="bbox 1858 3762 3447 3833">
     <span class='ocr_line' id='line_1_85' title="bbox 1858 3762 3447 3833; baseline -0.004 -10"><span class='ocrx_word' id='word_1_669' title='bbox 1858 3769 1962 3823; x_wconf 84' lang='lat' dir='ltr'><strong>sibi</strong></span> <span class='ocrx_word' id='word_1_670' title='bbox 1987 3768 2290 3833; x_wconf 81' lang='lat' dir='ltr'><strong>attrahunt,</strong></span> <span class='ocrx_word' id='word_1_671' title='bbox 2326 3768 2401 3821; x_wconf 88' lang='lat' dir='ltr'><strong>ita</strong></span> <span class='ocrx_word' id='word_1_672' title='bbox 2432 3775 2492 3820; x_wconf 91' lang='lat' dir='ltr'><strong>ut</strong></span> <span class='ocrx_word' id='word_1_673' title='bbox 2517 3766 2735 3820; x_wconf 78' lang='lat' dir='ltr'><strong>dicatur</strong></span> <span class='ocrx_word' id='word_1_674' title='bbox 2770 3782 2785 3818; x_wconf 91' lang='lat'><strong>:</strong></span> <span class='ocrx_word' id='word_1_675' title='bbox 2826 3762 2995 3829; x_wconf 70' lang='lat' dir='ltr'><strong>«Quia</strong></span> <span class='ocrx_word' id='word_1_676' title='bbox 3014 3779 3144 3818; x_wconf 89' lang='lat' dir='ltr'><strong>ecce</strong></span> <span class='ocrx_word' id='word_1_677' title='bbox 3173 3763 3264 3832; x_wconf 87' lang='lat' dir='ltr'><strong>qui</strong></span> <span class='ocrx_word' id='word_1_678' title='bbox 3291 3764 3447 3817; x_wconf 84' lang='lat' dir='ltr'><strong>elon-</strong></span> 
     </span>
    </p>
   </div>
   <div class='ocr_carea' id='block_1_86' title="bbox 1855 3852 3447 3932">
    <p class='ocr_par' dir='ltr' id='par_1_86' title="bbox 1855 3852 3447 3932">
     <span class='ocr_line' id='line_1_86' title="bbox 1855 3852 3447 3932; baseline -0.005 -16"><span class='ocrx_word' id='word_1_679' title='bbox 1855 3870 1985 3932; x_wconf 90' lang='lat' dir='ltr'><strong>gant</strong></span> <span class='ocrx_word' id='word_1_680' title='bbox 2017 3875 2076 3915; x_wconf 92' lang='lat' dir='ltr'><strong>se</strong></span> <span class='ocrx_word' id='word_1_681' title='bbox 2113 3874 2144 3913; x_wconf 91' lang='lat' dir='ltr'><strong>a</strong></span> <span class='ocrx_word' id='word_1_682' title='bbox 2186 3865 2261 3921; x_wconf 90' lang='lat' dir='ltr'><strong>te,</strong></span> <span class='ocrx_word' id='word_1_683' title='bbox 2292 3857 2609 3928; x_wconf 77' lang='lat' dir='ltr'><strong>peribunt&#39;.</strong></span> <span class='ocrx_word' id='word_1_684' title='bbox 2641 3875 2659 3908; x_wconf 73' lang='grc' dir='ltr'><strong>ι</strong></span> <span class='ocrx_word' id='word_1_685' title='bbox 2694 3855 2786 3909; x_wconf 78' lang='lat' dir='ltr'><strong>Sic</strong></span> <span class='ocrx_word' id='word_1_686' title='bbox 2817 3860 2999 3908; x_wconf 88' lang='lat' dir='ltr'><strong>autem</strong></span> <span class='ocrx_word' id='word_1_687' title='bbox 3027 3862 3081 3909; x_wconf 84' lang='lat' dir='ltr'><strong>et</strong></span> <span class='ocrx_word' id='word_1_688' title='bbox 3112 3852 3280 3907; x_wconf 91' lang='lat' dir='ltr'><strong>Deum</strong></span> <span class='ocrx_word' id='word_1_689' title='bbox 3309 3852 3447 3908; x_wconf 85' lang='lat' dir='ltr'><strong>ode-</strong></span> 
     </span>
    </p>
   </div>
   <div class='ocr_carea' id='block_1_87' title="bbox 1855 3944 3444 4021">
    <p class='ocr_par' dir='ltr' id='par_1_87' title="bbox 1855 3944 3444 4021">
     <span class='ocr_line' id='line_1_87' title="bbox 1855 3944 3444 4021; baseline -0.004 -14"><span class='ocrx_word' id='word_1_690' title='bbox 1855 3960 2007 4017; x_wconf 91' lang='lat' dir='ltr'><strong>runt,</strong></span> <span class='ocrx_word' id='word_1_691' title='bbox 2059 3951 2153 4021; x_wconf 92' lang='lat' dir='ltr'><strong>qui</strong></span> <span class='ocrx_word' id='word_1_692' title='bbox 2199 3965 2397 4021; x_wconf 89' lang='lat' dir='ltr'><strong>perosa</strong></span> <span class='ocrx_word' id='word_1_693' title='bbox 2437 3948 2541 4019; x_wconf 91' lang='lat' dir='ltr'><strong>ipsi</strong></span> <span class='ocrx_word' id='word_1_694' title='bbox 2575 3953 2913 4017; x_wconf 84' lang='lat' dir='ltr'><strong>perpetrant.</strong></span> <span class='ocrx_word' id='word_1_695' title='bbox 2967 3944 3094 4000; x_wconf 67' lang='lat' dir='ltr'><strong>Haec</strong></span> <span class='ocrx_word' id='word_1_696' title='bbox 3134 3945 3301 4016; x_wconf 87' lang='lat' dir='ltr'><strong>igitur</strong></span> <span class='ocrx_word' id='word_1_697' title='bbox 3331 3959 3444 4001; x_wconf 83' lang='lat' dir='ltr'><strong>uno</strong></span> 
     </span>
    </p>
   </div>
   <div class='ocr_carea' id='block_1_88' title="bbox 1856 4038 3446 4112">
    <p class='ocr_par' dir='ltr' id='par_1_88' title="bbox 1856 4038 3446 4112">
     <span class='ocr_line' id='line_1_88' title="bbox 1856 4038 3446 4112; baseline -0.004 -12"><span class='ocrx_word' id='word_1_698' title='bbox 1856 4046 2019 4101; x_wconf 90' lang='lat' dir='ltr'><strong>modo</strong></span> <span class='ocrx_word' id='word_1_699' title='bbox 2070 4043 2217 4098; x_wconf 90' lang='lat' dir='ltr'><strong>dicta</strong></span> <span class='ocrx_word' id='word_1_700' title='bbox 2268 4041 2489 4097; x_wconf 81' lang='lat' dir='ltr'><strong>fuerint.</strong></span> <span class='ocrx_word' id='word_1_701' title='bbox 2551 4042 2691 4098; x_wconf 90' lang='lat' dir='ltr'><strong>Cum</strong></span> <span class='ocrx_word' id='word_1_702' title='bbox 2740 4056 2906 4112; x_wconf 82' lang='lat' dir='ltr'><strong>porro</strong></span> <span class='ocrx_word' id='word_1_703' title='bbox 2934 4038 3116 4093; x_wconf 88' lang='lat' dir='ltr'><strong>omnis</strong></span> <span class='ocrx_word' id='word_1_704' title='bbox 3159 4038 3446 4109; x_wconf 85' lang='lat' dir='ltr'><strong>prophetia</strong></span> 
     </span>
    </p>
   </div>
   <div class='ocr_carea' id='block_1_89' title="bbox 1854 4128 3446 4207">
    <p class='ocr_par' dir='ltr' id='par_1_89' title="bbox 1854 4128 3446 4207">
     <span class='ocr_line' id='line_1_89' title="bbox 1854 4128 3446 4207; baseline -0.006 -15"><span class='ocrx_word' id='word_1_705' title='bbox 1854 4136 2169 4207; x_wconf 79' lang='lat' dir='ltr'><strong>evangelica</strong></span> <span class='ocrx_word' id='word_1_706' title='bbox 2193 4136 2288 4201; x_wconf 91' lang='lat' dir='ltr'><strong>sit,</strong></span> <span class='ocrx_word' id='word_1_707' title='bbox 2331 4135 2651 4190; x_wconf 88' lang='lat' dir='ltr'><strong>consideres</strong></span> <span class='ocrx_word' id='word_1_708' title='bbox 2679 4134 2843 4189; x_wconf 88' lang='lat' dir='ltr'><strong>velim</strong></span> <span class='ocrx_word' id='word_1_709' title='bbox 2869 4148 2999 4187; x_wconf 89' lang='lat' dir='ltr'><strong>num</strong></span> <span class='ocrx_word' id='word_1_710' title='bbox 3035 4131 3150 4185; x_wconf 75' lang='lat' dir='ltr'><strong>hzec</strong></span> <span class='ocrx_word' id='word_1_711' title='bbox 3180 4130 3246 4185; x_wconf 89' lang='lat' dir='ltr'><strong>ad</strong></span> <span class='ocrx_word' id='word_1_712' title='bbox 3274 4128 3446 4185; x_wconf 88' lang='lat' dir='ltr'><strong>Deum</strong></span> 
     </span>
    </p>
   </div>
   <div class='ocr_carea' id='block_1_90' title="bbox 1854 4222 3447 4296">
    <p class='ocr_par' dir='ltr' id='par_1_90' title="bbox 1854 4222 3447 4296">
     <span class='ocr_line' id='line_1_90' title="bbox 1854 4222 3447 4296; baseline -0.004 -14"><span class='ocrx_word' id='word_1_713' title='bbox 1854 4227 2094 4283; x_wconf 81' lang='lat' dir='ltr'><strong>Verbum</strong></span> <span class='ocrx_word' id='word_1_714' title='bbox 2124 4224 2455 4289; x_wconf 88' lang='lat' dir='ltr'><strong>referantur,</strong></span> <span class='ocrx_word' id='word_1_715' title='bbox 2496 4224 2645 4296; x_wconf 81' lang='lat' dir='ltr'><strong>quod</strong></span> <span class='ocrx_word' id='word_1_716' title='bbox 2686 4224 2905 4294; x_wconf 89' lang='lat' dir='ltr'><strong>quidem</strong></span> <span class='ocrx_word' id='word_1_717' title='bbox 2951 4222 3079 4277; x_wconf 86' lang='lat' dir='ltr'><strong>olim</strong></span> <span class='ocrx_word' id='word_1_718' title='bbox 3129 4222 3183 4275; x_wconf 91' lang='lat' dir='ltr'><strong>in</strong></span> <span class='ocrx_word' id='word_1_719' title='bbox 3218 4230 3447 4292; x_wconf 84' lang='lat' dir='ltr'><strong>paterno</strong></span> 
     </span>
    </p>
   </div>
   <div class='ocr_carea' id='block_1_91' title="bbox 1854 4306 3463 4389">
    <p class='ocr_par' dir='ltr' id='par_1_91' title="bbox 1854 4306 3463 4389">
     <span class='ocr_line' id='line_1_91' title="bbox 1854 4306 3463 4389; baseline -0.007 -13"><span class='ocrx_word' id='word_1_720' title='bbox 1854 4320 1980 4377; x_wconf 92' lang='lat' dir='ltr'><strong>sinu</strong></span> <span class='ocrx_word' id='word_1_721' title='bbox 2027 4318 2408 4389; x_wconf 88' lang='lat' dir='ltr'><strong>requiescehat</strong></span> <span class='ocrx_word' id='word_1_722' title='bbox 2457 4336 2469 4371; x_wconf 94' lang='lat'>:</span> <span class='ocrx_word' id='word_1_723' title='bbox 2522 4336 2540 4369; x_wconf 77' lang='grc' dir='ltr'><strong>ι</strong></span> <span class='ocrx_word' id='word_1_724' title='bbox 2570 4316 2630 4371; x_wconf 89' lang='lat' dir='ltr'><strong>In</strong></span> <span class='ocrx_word' id='word_1_725' title='bbox 2681 4316 2953 4387; x_wconf 91' lang='lat' dir='ltr'><strong>principio</strong></span> <span class='ocrx_word' id='word_1_726' title='bbox 2993 4336 3012 4368; x_wconf 74' lang='grc' dir='ltr'><strong>ι</strong></span> <span class='ocrx_word' id='word_1_727' title='bbox 3063 4315 3210 4371; x_wconf 90' lang='lat' dir='ltr'><strong>enim</strong></span> <span class='ocrx_word' id='word_1_728' title='bbox 3268 4331 3287 4365; x_wconf 84' lang='grc' dir='ltr'><strong>ι</strong></span> <span class='ocrx_word' id='word_1_729' title='bbox 3325 4306 3463 4389; x_wconf 60' lang='lat' dir='ltr'><strong>erat.é</strong></span> 
     </span>
    </p>
   </div>
   <div class='ocr_carea' id='block_1_92' title="bbox 1859 4387 3458 4477">
    <p class='ocr_par' dir='ltr' id='par_1_92' title="bbox 1859 4387 3458 4477">
     <span class='ocr_line' id='line_1_92' title="bbox 1859 4387 3458 4477; baseline -0.006 -12"><span class='ocrx_word' id='word_1_730' title='bbox 1859 4387 2121 4475; x_wconf 65' lang='lat' dir='ltr'><strong>Verbum,</strong></span> <span class='ocrx_word' id='word_1_731' title='bbox 2151 4416 2206 4464; x_wconf 87' lang='lat' dir='ltr'><strong>et</strong></span> <span class='ocrx_word' id='word_1_732' title='bbox 2233 4407 2471 4464; x_wconf 85' lang='lat' dir='ltr'><strong>Verbum</strong></span> <span class='ocrx_word' id='word_1_733' title='bbox 2500 4415 2621 4463; x_wconf 88' lang='lat' dir='ltr'><strong>erat</strong></span> <span class='ocrx_word' id='word_1_734' title='bbox 2670 4406 2815 4477; x_wconf 88' lang='lat' dir='ltr'><strong>apud</strong></span> <span class='ocrx_word' id='word_1_735' title='bbox 2847 4405 3040 4473; x_wconf 89' lang='lat' dir='ltr'><strong>Deum,</strong></span> <span class='ocrx_word' id='word_1_736' title='bbox 3071 4412 3126 4461; x_wconf 90' lang='lat' dir='ltr'><strong>et</strong></span> <span class='ocrx_word' id='word_1_737' title='bbox 3157 4403 3300 4458; x_wconf 86' lang='lat' dir='ltr'><strong>Deus</strong></span> <span class='ocrx_word' id='word_1_738' title='bbox 3326 4387 3458 4457; x_wconf 64' lang='lat' dir='ltr'><strong>erat&#39;</strong></span> 
     </span>
    </p>
   </div>
   <div class='ocr_carea' id='block_1_93' title="bbox 1854 4495 3444 4568">
    <p class='ocr_par' dir='ltr' id='par_1_93' title="bbox 1854 4495 3444 4568">
     <span class='ocr_line' id='line_1_93' title="bbox 1854 4495 3444 4568; baseline -0.004 -12"><span class='ocrx_word' id='word_1_739' title='bbox 1854 4500 2097 4557; x_wconf 86' lang='lat' dir='ltr'><strong>Verbum</strong></span> <span class='ocrx_word' id='word_1_740' title='bbox 2126 4501 2166 4552; x_wconf 72' lang='grc'>⁸.</span> <span class='ocrx_word' id='word_1_741' title='bbox 2210 4518 2230 4551; x_wconf 75' lang='grc' dir='ltr'><strong>ι</strong></span> <span class='ocrx_word' id='word_1_742' title='bbox 2270 4498 2336 4552; x_wconf 88' lang='lat' dir='ltr'><strong>Et</strong></span> <span class='ocrx_word' id='word_1_743' title='bbox 2386 4519 2400 4555; x_wconf 92' lang='lat'>:</span> <span class='ocrx_word' id='word_1_744' title='bbox 2455 4518 2473 4550; x_wconf 82' lang='grc' dir='ltr'><strong>ι</strong></span> <span class='ocrx_word' id='word_1_745' title='bbox 2506 4497 2621 4554; x_wconf 87' lang='lat' dir='ltr'><strong>Hoc</strong></span> <span class='ocrx_word' id='word_1_746' title='bbox 2682 4507 2804 4553; x_wconf 88' lang='lat' dir='ltr'><strong>erat</strong></span> <span class='ocrx_word' id='word_1_747' title='bbox 2856 4498 2912 4552; x_wconf 87' lang='lat' dir='ltr'><strong>in</strong></span> <span class='ocrx_word' id='word_1_748' title='bbox 2970 4497 3239 4568; x_wconf 90' lang='lat' dir='ltr'><strong>principio</strong></span> <span class='ocrx_word' id='word_1_749' title='bbox 3298 4495 3444 4564; x_wconf 90' lang='lat' dir='ltr'><strong>apud</strong></span> 
     </span>
    </p>
   </div>
   <div class='ocr_carea' id='block_1_94' title="bbox 169 4584 1745 4662">
    <p class='ocr_par' dir='ltr' id='par_1_94' title="bbox 169 4584 1745 4658">
     <span class='ocr_line' id='line_1_94' title="bbox 169 4584 1745 4658; baseline -0.003 -17"><span class='ocrx_word' id='word_1_750' title='bbox 169 4605 295 4641; x_wconf 86' lang='grc' dir='ltr'>πον.</span> <span class='ocrx_word' id='word_1_751' title='bbox 341 4588 493 4641; x_wconf 75' lang='grc' dir='ltr'>Ἐπεὶ</span> <span class='ocrx_word' id='word_1_752' title='bbox 542 4587 597 4641; x_wconf 85' lang='grc' dir='ltr'>δὲ</span> <span class='ocrx_word' id='word_1_753' title='bbox 645 4589 678 4658; x_wconf 83' lang='grc' dir='ltr'><strong>ή</strong></span> <span class='ocrx_word' id='word_1_754' title='bbox 720 4587 869 4640; x_wconf 80' lang='grc' dir='ltr'>πᾶσα</span> <span class='ocrx_word' id='word_1_755' title='bbox 912 4585 1217 4658; x_wconf 79' lang='grc' dir='ltr'>προφητεία</span> <span class='ocrx_word' id='word_1_756' title='bbox 1248 4584 1575 4655; x_wconf 81' lang='grc' dir='ltr'>εὐαγγελικὴ</span> <span class='ocrx_word' id='word_1_757' title='bbox 1620 4602 1745 4655; x_wconf 90' lang='grc' dir='ltr'>τυγ-</span> 
     </span>
    </p>
   </div>
   <div class='ocr_carea' id='block_1_95' title="bbox 1864 4584 3445 4662">
    <p class='ocr_par' dir='ltr' id='par_1_95' title="bbox 1864 4586 3445 4662">
     <span class='ocr_line' id='line_1_95' title="bbox 1864 4586 3445 4662; baseline -0.003 -17"><span class='ocrx_word' id='word_1_758' title='bbox 1864 4592 2022 4647; x_wconf 86' lang='lat' dir='ltr'><strong>Deum</strong></span> <span class='ocrx_word' id='word_1_759' title='bbox 2049 4592 2091 4656; x_wconf 81' lang='lat'><strong>&quot;,</strong></span> <span class='ocrx_word' id='word_1_760' title='bbox 2113 4611 2134 4642; x_wconf 73' lang='grc' dir='ltr'><strong>ι</strong></span> <span class='ocrx_word' id='word_1_761' title='bbox 2166 4592 2344 4661; x_wconf 85' lang='lat' dir='ltr'><strong>ipsum</strong></span> <span class='ocrx_word' id='word_1_762' title='bbox 2372 4600 2490 4645; x_wconf 84' lang='lat' dir='ltr'><strong>erat</strong></span> <span class='ocrx_word' id='word_1_763' title='bbox 2513 4588 2837 4662; x_wconf 91' lang='lat' dir='ltr'><strong>Unigenitus</strong></span> <span class='ocrx_word' id='word_1_764' title='bbox 2864 4588 2980 4653; x_wconf 88' lang='lat' dir='ltr'><strong>Dei,</strong></span> <span class='ocrx_word' id='word_1_765' title='bbox 3009 4588 3099 4658; x_wconf 88' lang='lat' dir='ltr'><strong>qui</strong></span> <span class='ocrx_word' id='word_1_766' title='bbox 3123 4595 3208 4643; x_wconf 89' lang='lat' dir='ltr'><strong>est</strong></span> <span class='ocrx_word' id='word_1_767' title='bbox 3235 4586 3290 4639; x_wconf 91' lang='lat' dir='ltr'><strong>in</strong></span> <span class='ocrx_word' id='word_1_768' title='bbox 3317 4586 3445 4640; x_wconf 85' lang='lat' dir='ltr'><strong>sinu</strong></span> 
     </span>
    </p>
   </div>
   <div class='ocr_carea' id='block_1_96' title="bbox 166 4678 1745 4753">
    <p class='ocr_par' dir='ltr' id='par_1_96' title="bbox 166 4678 1745 4753">
     <span class='ocr_line' id='line_1_96' title="bbox 166 4678 1745 4753; baseline -0.003 -18"><span class='ocrx_word' id='word_1_769' title='bbox 166 4682 343 4753; x_wconf 72' lang='grc' dir='ltr'>χάνει,</span> <span class='ocrx_word' id='word_1_770' title='bbox 376 4680 473 4734; x_wconf 80' lang='grc' dir='ltr'><strong>θέα</strong></span> <span class='ocrx_word' id='word_1_771' title='bbox 514 4683 721 4752; x_wconf 68' lang='grc' dir='ltr'>μήποτε</span> <span class='ocrx_word' id='word_1_772' title='bbox 749 4678 922 4733; x_wconf 86' lang='grc' dir='ltr'>ταῦτα</span> <span class='ocrx_word' id='word_1_773' title='bbox 954 4680 1033 4742; x_wconf 89' lang='grc' dir='ltr'><strong>είς</strong></span> <span class='ocrx_word' id='word_1_774' title='bbox 1071 4678 1161 4731; x_wconf 91' lang='grc' dir='ltr'><strong>τὸν</strong></span> <span class='ocrx_word' id='word_1_775' title='bbox 1186 4678 1317 4731; x_wconf 90' lang='grc' dir='ltr'>Θεὸν</span> <span class='ocrx_word' id='word_1_776' title='bbox 1348 4678 1519 4746; x_wconf 85' lang='grc' dir='ltr'>Λόγον</span> <span class='ocrx_word' id='word_1_777' title='bbox 1546 4678 1745 4748; x_wconf 83' lang='grc' dir='ltr'>ἀναφέ-</span> 
     </span>
    </p>
   </div>
   <div class='ocr_carea' id='block_1_97' title="bbox 172 4768 1747 4844">
    <p class='ocr_par' dir='ltr' id='par_1_97' title="bbox 172 4768 1747 4844">
     <span class='ocr_line' id='line_1_97' title="bbox 172 4768 1747 4844; baseline -0.002 -18"><span class='ocrx_word' id='word_1_778' title='bbox 172 4790 344 4843; x_wconf 87' lang='grc' dir='ltr'>ρεται,</span> <span class='ocrx_word' id='word_1_779' title='bbox 372 4773 431 4837; x_wconf 80' lang='grc' dir='ltr'>ὃς</span> <span class='ocrx_word' id='word_1_780' title='bbox 461 4768 530 4844; x_wconf 78' lang='grc' dir='ltr'>ἦν</span> <span class='ocrx_word' id='word_1_781' title='bbox 563 4771 662 4843; x_wconf 81' lang='grc' dir='ltr'>μὲν</span> <span class='ocrx_word' id='word_1_782' title='bbox 709 4770 875 4825; x_wconf 83' lang='grc' dir='ltr'>πάλαι</span> <span class='ocrx_word' id='word_1_783' title='bbox 915 4772 973 4823; x_wconf 88' lang='grc' dir='ltr'><strong>ἐν</strong></span> <span class='ocrx_word' id='word_1_784' title='bbox 1010 4772 1122 4833; x_wconf 89' lang='grc' dir='ltr'>τοῖς</span> <span class='ocrx_word' id='word_1_785' title='bbox 1150 4769 1370 4833; x_wconf 82' lang='grc' dir='ltr'>κόλποις</span> <span class='ocrx_word' id='word_1_786' title='bbox 1401 4769 1747 4840; x_wconf 81' lang='grc' dir='ltr'>ἀναπαυόμε-</span> 
     </span>
    </p>
   </div>
   <div class='ocr_carea' id='block_1_98' title="bbox 169 4857 1751 4938">
    <p class='ocr_par' dir='ltr' id='par_1_98' title="bbox 169 4857 1751 4938">
     <span class='ocr_line' id='line_1_98' title="bbox 169 4857 1751 4938; baseline -0.003 -20"><span class='ocrx_word' id='word_1_787' title='bbox 169 4882 261 4927; x_wconf 82' lang='grc' dir='ltr'><strong>νος</strong></span> <span class='ocrx_word' id='word_1_788' title='bbox 288 4864 375 4918; x_wconf 87' lang='grc' dir='ltr'><strong>τοῦ</strong></span> <span class='ocrx_word' id='word_1_789' title='bbox 397 4864 631 4938; x_wconf 86' lang='grc' dir='ltr'>Πατρός·</span> <span class='ocrx_word' id='word_1_790' title='bbox 673 4882 691 4914; x_wconf 79' lang='grc' dir='ltr'><strong>ι</strong></span> <span class='ocrx_word' id='word_1_791' title='bbox 730 4863 819 4916; x_wconf 84' lang='grc' dir='ltr'>Ἐν</span> <span class='ocrx_word' id='word_1_792' title='bbox 851 4863 1022 4933; x_wconf 77' lang='grc' dir='ltr'>ἀρχῇ»</span> <span class='ocrx_word' id='word_1_793' title='bbox 1053 4862 1160 4932; x_wconf 83' lang='grc' dir='ltr'><strong>γὰρ</strong></span> <span class='ocrx_word' id='word_1_794' title='bbox 1194 4857 1290 4933; x_wconf 73' lang='grc' dir='ltr'><strong>«ἦν</strong></span> <span class='ocrx_word' id='word_1_795' title='bbox 1314 4863 1342 4914; x_wconf 87' lang='grc' dir='ltr'>ὁ</span> <span class='ocrx_word' id='word_1_796' title='bbox 1373 4862 1563 4931; x_wconf 88' lang='grc' dir='ltr'>Λόγος·</span> <span class='ocrx_word' id='word_1_797' title='bbox 1596 4861 1689 4916; x_wconf 79' lang='grc' dir='ltr'>καὶ</span> <span class='ocrx_word' id='word_1_798' title='bbox 1721 4862 1751 4913; x_wconf 88' lang='grc' dir='ltr'>ὁ</span> 
     </span>
    </p>
   </div>
   <div class='ocr_carea' id='block_1_99' title="bbox 169 4949 1743 5028">
    <p class='ocr_par' dir='ltr' id='par_1_99' title="bbox 169 4949 1743 5028">
     <span class='ocr_line' id='line_1_99' title="bbox 169 4949 1743 5028; baseline -0.001 -19"><span class='ocrx_word' id='word_1_799' title='bbox 169 4956 339 5024; x_wconf 84' lang='grc' dir='ltr'>Λόγος</span> <span class='ocrx_word' id='word_1_800' title='bbox 366 4952 433 5028; x_wconf 79' lang='grc' dir='ltr'>ἦν</span> <span class='ocrx_word' id='word_1_801' title='bbox 465 4955 599 5027; x_wconf 89' lang='grc' dir='ltr'>πρὸς</span> <span class='ocrx_word' id='word_1_802' title='bbox 628 4955 717 5010; x_wconf 83' lang='grc' dir='ltr'><strong>τὸν</strong></span> <span class='ocrx_word' id='word_1_803' title='bbox 754 4954 906 5016; x_wconf 88' lang='grc' dir='ltr'>Θεὸν,</span> <span class='ocrx_word' id='word_1_804' title='bbox 934 4954 1027 5007; x_wconf 76' lang='grc' dir='ltr'>καὶ</span> <span class='ocrx_word' id='word_1_805' title='bbox 1054 4953 1185 5016; x_wconf 87' lang='grc' dir='ltr'>Θεὸς</span> <span class='ocrx_word' id='word_1_806' title='bbox 1212 4949 1279 5024; x_wconf 76' lang='grc' dir='ltr'>ἦν</span> <span class='ocrx_word' id='word_1_807' title='bbox 1310 4956 1337 5007; x_wconf 91' lang='grc' dir='ltr'><strong>ό</strong></span> <span class='ocrx_word' id='word_1_808' title='bbox 1367 4954 1590 5021; x_wconf 78' lang='grc' dir='ltr'>Λόγος.»</span> <span class='ocrx_word' id='word_1_809' title='bbox 1617 4954 1743 5007; x_wconf 82' lang='grc' dir='ltr'>Καί’</span> 
     </span>
    </p>
   </div>
   <div class='ocr_carea' id='block_1_100' title="bbox 175 5039 1743 5119">
    <p class='ocr_par' dir='ltr' id='par_1_100' title="bbox 175 5039 1743 5119">
     <span class='ocr_line' id='line_1_100' title="bbox 175 5039 1743 5119; baseline 0.001 -22"><span class='ocrx_word' id='word_1_810' title='bbox 175 5039 369 5112; x_wconf 77' lang='grc' dir='ltr'>«οὗτος</span> <span class='ocrx_word' id='word_1_811' title='bbox 392 5044 460 5119; x_wconf 80' lang='grc' dir='ltr'>ἦν</span> <span class='ocrx_word' id='word_1_812' title='bbox 490 5049 547 5100; x_wconf 90' lang='grc' dir='ltr'><strong>ἐν</strong></span> <span class='ocrx_word' id='word_1_813' title='bbox 573 5048 715 5118; x_wconf 82' lang='grc' dir='ltr'>ἀρχῇ</span> <span class='ocrx_word' id='word_1_814' title='bbox 753 5044 889 5117; x_wconf 90' lang='grc' dir='ltr'>πρὸς</span> <span class='ocrx_word' id='word_1_815' title='bbox 909 5044 1000 5097; x_wconf 91' lang='grc' dir='ltr'><strong>τὸν</strong></span> <span class='ocrx_word' id='word_1_816' title='bbox 1031 5044 1184 5110; x_wconf 89' lang='grc' dir='ltr'>Θεὸν,</span> <span class='ocrx_word' id='word_1_817' title='bbox 1222 5064 1240 5098; x_wconf 74' lang='grc' dir='ltr'><strong>ι</strong></span> <span class='ocrx_word' id='word_1_818' title='bbox 1283 5046 1445 5109; x_wconf 79' lang='grc' dir='ltr'>αὐτὸς</span> <span class='ocrx_word' id='word_1_819' title='bbox 1477 5041 1544 5117; x_wconf 78' lang='grc' dir='ltr'>ἦν</span> <span class='ocrx_word' id='word_1_820' title='bbox 1571 5048 1600 5097; x_wconf 79' lang='grc' dir='ltr'>ὁ</span> <span class='ocrx_word' id='word_1_821' title='bbox 1627 5047 1743 5100; x_wconf 86' lang='grc' dir='ltr'><strong>Μο-</strong></span> 
     </span>
    </p>
   </div>
   <div class='ocr_carea' id='block_1_101' title="bbox 171 5133 1741 5208">
    <p class='ocr_par' dir='ltr' id='par_1_101' title="bbox 171 5133 1741 5208">
     <span class='ocr_line' id='line_1_101' title="bbox 171 5133 1741 5208; baseline 0.001 -21"><span class='ocrx_word' id='word_1_822' title='bbox 171 5135 389 5205; x_wconf 83' lang='grc' dir='ltr'>νογενὴς</span> <span class='ocrx_word' id='word_1_823' title='bbox 433 5135 526 5189; x_wconf 83' lang='grc' dir='ltr'><strong>τοῦ</strong></span> <span class='ocrx_word' id='word_1_824' title='bbox 570 5134 706 5189; x_wconf 90' lang='grc' dir='ltr'>Θεοῦ</span> <span class='ocrx_word' id='word_1_825' title='bbox 745 5135 775 5187; x_wconf 86' lang='grc' dir='ltr'><strong>ό</strong></span> <span class='ocrx_word' id='word_1_826' title='bbox 806 5133 882 5187; x_wconf 82' lang='grc' dir='ltr'><strong>ὢν</strong></span> <span class='ocrx_word' id='word_1_827' title='bbox 908 5134 988 5197; x_wconf 90' lang='grc' dir='ltr'><strong>είς</strong></span> <span class='ocrx_word' id='word_1_828' title='bbox 1024 5134 1115 5186; x_wconf 88' lang='grc' dir='ltr'><strong>τὸν</strong></span> <span class='ocrx_word' id='word_1_829' title='bbox 1154 5133 1351 5188; x_wconf 84' lang='grc' dir='ltr'>κόλπον</span> <span class='ocrx_word' id='word_1_830' title='bbox 1380 5134 1475 5205; x_wconf 84' lang='grc' dir='ltr'><strong>τοῦ</strong></span> <span class='ocrx_word' id='word_1_831' title='bbox 1511 5136 1741 5208; x_wconf 87' lang='grc' dir='ltr'>Πατρός.</span> 
     </span>
    </p>
   </div>
   <div class='ocr_carea' id='block_1_102' title="bbox 182 5224 1745 5300">
    <p class='ocr_par' dir='ltr' id='par_1_102' title="bbox 182 5224 1745 5300">
     <span class='ocr_line' id='line_1_102' title="bbox 182 5224 1745 5300; baseline 0.001 -22"><span class='ocrx_word' id='word_1_832' title='bbox 182 5227 328 5280; x_wconf 75' lang='grc' dir='ltr'>Ἐπεὶ</span> <span class='ocrx_word' id='word_1_833' title='bbox 360 5228 417 5281; x_wconf 84' lang='grc' dir='ltr'><strong>δέ</strong></span> <span class='ocrx_word' id='word_1_834' title='bbox 445 5228 660 5299; x_wconf 80' lang='grc' dir='ltr'>μορφὴν</span> <span class='ocrx_word' id='word_1_835' title='bbox 686 5225 873 5279; x_wconf 76' lang='grc' dir='ltr'>δούλου</span> <span class='ocrx_word' id='word_1_836' title='bbox 897 5224 1097 5289; x_wconf 76' lang='grc' dir='ltr'>λαϐὼν,</span> <span class='ocrx_word' id='word_1_837' title='bbox 1124 5226 1216 5279; x_wconf 72' lang='grc' dir='ltr'>καὶ</span> <span class='ocrx_word' id='word_1_838' title='bbox 1242 5229 1478 5300; x_wconf 89' lang='grc' dir='ltr'>σχήματι</span> <span class='ocrx_word' id='word_1_839' title='bbox 1503 5226 1745 5299; x_wconf 78' lang='grc' dir='ltr'>εὑρεθεὶς</span> 
     </span>
    </p>
   </div>
   <div class='ocr_carea' id='block_1_103' title="bbox 171 5317 1746 5391">
    <p class='ocr_par' dir='ltr' id='par_1_103' title="bbox 171 5317 1746 5391">
     <span class='ocr_line' id='line_1_103' title="bbox 171 5317 1746 5391; baseline -0.001 -19"><span class='ocrx_word' id='word_1_840' title='bbox 171 5320 247 5381; x_wconf 79' lang='grc' dir='ltr'>ὡς</span> <span class='ocrx_word' id='word_1_841' title='bbox 274 5320 576 5391; x_wconf 75' lang='grc' dir='ltr'>ἄνθρωπος,</span> <span class='ocrx_word' id='word_1_842' title='bbox 601 5319 963 5372; x_wconf 78' lang='grc' dir='ltr'>ἐταπείνωσεν</span> <span class='ocrx_word' id='word_1_843' title='bbox 985 5317 1177 5371; x_wconf 85' lang='grc' dir='ltr'>ἐαυτὸν</span> <span class='ocrx_word' id='word_1_844' title='bbox 1213 5319 1373 5391; x_wconf 86' lang='grc' dir='ltr'>μέχρι</span> <span class='ocrx_word' id='word_1_845' title='bbox 1407 5319 1659 5380; x_wconf 87' lang='grc' dir='ltr'>θανάτου,</span> <span class='ocrx_word' id='word_1_846' title='bbox 1685 5319 1746 5373; x_wconf 89' lang='grc' dir='ltr'><strong>τὸ</strong></span> 
     </span>
    </p>
   </div>
   <div class='ocr_carea' id='block_1_104' title="bbox 176 5411 1746 5485">
    <p class='ocr_par' dir='ltr' id='par_1_104' title="bbox 176 5411 1746 5485">
     <span class='ocr_line' id='line_1_104' title="bbox 176 5411 1746 5485; baseline 0.001 -21"><span class='ocrx_word' id='word_1_847' title='bbox 176 5414 390 5485; x_wconf 83' lang='grc' dir='ltr'>Πνεῦμα</span> <span class='ocrx_word' id='word_1_848' title='bbox 420 5414 481 5468; x_wconf 90' lang='grc' dir='ltr'><strong>τὸ</strong></span> <span class='ocrx_word' id='word_1_849' title='bbox 519 5416 674 5483; x_wconf 82' lang='grc' dir='ltr'>ἆγιον</span> <span class='ocrx_word' id='word_1_850' title='bbox 709 5413 933 5478; x_wconf 82' lang='grc' dir='ltr'>εἰκότως</span> <span class='ocrx_word' id='word_1_851' title='bbox 962 5412 1061 5485; x_wconf 80' lang='grc' dir='ltr'>τὴν</span> <span class='ocrx_word' id='word_1_852' title='bbox 1103 5411 1397 5466; x_wconf 85' lang='grc' dir='ltr'>ἀνάστασιν</span> <span class='ocrx_word' id='word_1_853' title='bbox 1442 5412 1605 5466; x_wconf 84' lang='grc' dir='ltr'>αὐτοῦ</span> <span class='ocrx_word' id='word_1_854' title='bbox 1659 5413 1746 5466; x_wconf 82' lang='grc' dir='ltr'>θε-</span> 
     </span>
    </p>
   </div>
   <div class='ocr_carea' id='block_1_105' title="bbox 175 5505 1744 5578">
    <p class='ocr_par' dir='ltr' id='par_1_105' title="bbox 175 5505 1744 5578">
     <span class='ocr_line' id='line_1_105' title="bbox 175 5505 1744 5578; baseline 0.001 -21"><span class='ocrx_word' id='word_1_855' title='bbox 175 5506 349 5570; x_wconf 73' lang='grc' dir='ltr'>σπίζει</span> <span class='ocrx_word' id='word_1_856' title='bbox 376 5507 550 5577; x_wconf 76' lang='grc' dir='ltr'>λέγοψ</span> <span class='ocrx_word' id='word_1_857' title='bbox 571 5525 590 5559; x_wconf 80' lang='grc' dir='ltr'><strong>ι</strong></span> <span class='ocrx_word' id='word_1_858' title='bbox 614 5507 922 5578; x_wconf 77' lang='grc' dir='ltr'>’Λναστήτω</span> <span class='ocrx_word' id='word_1_859' title='bbox 948 5509 976 5559; x_wconf 88' lang='grc' dir='ltr'><strong>ό</strong></span> <span class='ocrx_word' id='word_1_860' title='bbox 1010 5506 1162 5570; x_wconf 90' lang='grc' dir='ltr'>Θεὸς,</span> <span class='ocrx_word' id='word_1_861' title='bbox 1200 5505 1293 5559; x_wconf 74' lang='grc' dir='ltr'>καὶ</span> <span class='ocrx_word' id='word_1_862' title='bbox 1321 5505 1744 5578; x_wconf 78' lang='grc' dir='ltr'>διασκορπισθή-</span> 
     </span>
    </p>
   </div>
   <div class='ocr_carea' id='block_1_106' title="bbox 246 5684 1745 5755">
    <p class='ocr_par' dir='ltr' id='par_1_106' title="bbox 246 5684 1713 5755">
     <span class='ocr_line' id='line_1_106' title="bbox 246 5684 1713 5755; baseline 0 -14"><span class='ocrx_word' id='word_1_863' title='bbox 246 5688 285 5718; x_wconf 83' lang='grc'><strong>⁹⁷</strong></span> <span class='ocrx_word' id='word_1_864' title='bbox 308 5685 351 5741; x_wconf 85' lang='lat' dir='ltr'><strong>ﬂ</strong></span> <span class='ocrx_word' id='word_1_865' title='bbox 386 5686 515 5741; x_wconf 88' lang='lat' dir='ltr'><strong>Cor.</strong></span> <span class='ocrx_word' id='word_1_866' title='bbox 541 5701 623 5753; x_wconf 75' lang='grc' dir='ltr'>ιι,</span> <span class='ocrx_word' id='word_1_867' title='bbox 659 5686 745 5742; x_wconf 75' lang='grc' dir='ltr'>Ν.</span> <span class='ocrx_word' id='word_1_868' title='bbox 820 5688 867 5719; x_wconf 78' lang='grc'><strong>’⁸</strong></span> <span class='ocrx_word' id='word_1_869' title='bbox 890 5686 1037 5744; x_wconf 88' lang='lat' dir='ltr'><strong>Psal.</strong></span> <span class='ocrx_word' id='word_1_870' title='bbox 1074 5702 1208 5753; x_wconf 78' lang='lat' dir='ltr'><strong>xvn,</strong></span> <span class='ocrx_word' id='word_1_871' title='bbox 1248 5686 1302 5742; x_wconf 90' lang='lat'><strong>9.</strong></span> <span class='ocrx_word' id='word_1_872' title='bbox 1380 5686 1427 5719; x_wconf 86' lang='lat'>&quot;</span> <span class='ocrx_word' id='word_1_873' title='bbox 1446 5684 1593 5743; x_wconf 85' lang='lat' dir='ltr'><strong>Psal.</strong></span> <span class='ocrx_word' id='word_1_874' title='bbox 1638 5702 1713 5755; x_wconf 85' lang='lat' dir='ltr'><strong>tv,</strong></span> 
     </span>
    </p>
   </div>
   <div class='ocr_carea' id='block_1_107' title="bbox 1864 5684 2350 5755">
    <p class='ocr_par' dir='ltr' id='par_1_107' title="bbox 1877 5684 2350 5751">
     <span class='ocr_line' id='line_1_107' title="bbox 1877 5684 2350 5751; baseline 0.006 -12"><span class='ocrx_word' id='word_1_875' title='bbox 1877 5687 1891 5719; x_wconf 86' lang='grc'>¹</span> <span class='ocrx_word' id='word_1_876' title='bbox 1918 5684 2063 5741; x_wconf 88' lang='lat' dir='ltr'><strong>Psal.</strong></span> <span class='ocrx_word' id='word_1_877' title='bbox 2111 5702 2261 5751; x_wconf 71' lang='lat' dir='ltr'><strong>ms,</strong></span> <span class='ocrx_word' id='word_1_878' title='bbox 2297 5686 2350 5743; x_wconf 79' lang='grc'>5.</span> 
     </span>
    </p>
   </div>
   <div class='ocr_carea' id='block_1_108' title="bbox 174 5754 1035 5822">
    <p class='ocr_par' dir='ltr' id='par_1_108' title="bbox 174 5754 1035 5822">
     <span class='ocr_line' id='line_1_108' title="bbox 174 5754 1035 5822; baseline 0.005 -13"><span class='ocrx_word' id='word_1_879' title='bbox 174 5754 264 5811; x_wconf 74' lang='lat'><strong>27.</strong></span> <span class='ocrx_word' id='word_1_880' title='bbox 336 5757 357 5789; x_wconf 69' lang='grc'><strong>⁸</strong></span> <span class='ocrx_word' id='word_1_881' title='bbox 386 5755 544 5811; x_wconf 72' lang='grc' dir='ltr'>ιοοη.</span> <span class='ocrx_word' id='word_1_882' title='bbox 576 5774 615 5822; x_wconf 88' lang='grc' dir='ltr'><strong>ι,</strong></span> <span class='ocrx_word' id='word_1_883' title='bbox 642 5758 693 5813; x_wconf 81' lang='lat' dir='ltr'><strong>I.</strong></span> <span class='ocrx_word' id='word_1_884' title='bbox 770 5762 791 5792; x_wconf 84' lang='lat'><strong>&#39;</strong></span> <span class='ocrx_word' id='word_1_885' title='bbox 816 5757 948 5812; x_wconf 90' lang='lat' dir='ltr'><strong>ibid.</strong></span> <span class='ocrx_word' id='word_1_886' title='bbox 979 5759 1035 5813; x_wconf 76' lang='grc'>2.</span> 
     </span>
    </p>
   </div>
   <div class='ocr_carea' id='block_1_109' title="bbox 489 5850 1223 5915">
    <p class='ocr_par' dir='ltr' id='par_1_109' title="bbox 489 5850 1223 5915">
     <span class='ocr_line' id='line_1_109' title="bbox 489 5850 1223 5915; baseline 0 -4"><span class='ocrx_word' id='word_1_887' title='bbox 489 5853 751 5913; x_wconf 67' lang='grc' dir='ltr'>Ρλτιιοι..</span> <span class='ocrx_word' id='word_1_888' title='bbox 812 5854 930 5915; x_wconf 76' lang='lat' dir='ltr'><strong>Gn.</strong></span> <span class='ocrx_word' id='word_1_889' title='bbox 984 5850 1223 5911; x_wconf 71' lang='lat' dir='ltr'><strong>XXIII.</strong></span> 
     </span>
    </p>
   </div>
   <div class='ocr_carea' id='block_1_110' title="bbox 1853 4677 3444 4751">
    <p class='ocr_par' dir='ltr' id='par_1_110' title="bbox 1853 4677 3444 4751">
     <span class='ocr_line' id='line_1_110' title="bbox 1853 4677 3444 4751; baseline -0.006 -13"><span class='ocrx_word' id='word_1_890' title='bbox 1853 4684 2053 4739; x_wconf 87' lang='lat' dir='ltr'><strong>Patris.</strong></span> <span class='ocrx_word' id='word_1_891' title='bbox 2120 4683 2258 4750; x_wconf 89' lang='lat' dir='ltr'><strong>Quia</strong></span> <span class='ocrx_word' id='word_1_892' title='bbox 2296 4698 2427 4738; x_wconf 80' lang='lat' dir='ltr'><strong>vero</strong></span> <span class='ocrx_word' id='word_1_893' title='bbox 2461 4682 2691 4737; x_wconf 87' lang='lat' dir='ltr'><strong>formam</strong></span> <span class='ocrx_word' id='word_1_894' title='bbox 2725 4681 2870 4737; x_wconf 86' lang='lat' dir='ltr'><strong>servi</strong></span> <span class='ocrx_word' id='word_1_895' title='bbox 2904 4680 3217 4751; x_wconf 89' lang='lat' dir='ltr'><strong>accipiens,</strong></span> <span class='ocrx_word' id='word_1_896' title='bbox 3252 4686 3307 4732; x_wconf 92' lang='lat' dir='ltr'><strong>et</strong></span> <span class='ocrx_word' id='word_1_897' title='bbox 3340 4677 3444 4730; x_wconf 74' lang='lat' dir='ltr'><strong>lia-</strong></span> 
     </span>
    </p>
   </div>
   <div class='ocr_carea' id='block_1_111' title="bbox 1854 4774 3443 4843">
    <p class='ocr_par' dir='ltr' id='par_1_111' title="bbox 1854 4774 3443 4843">
     <span class='ocr_line' id='line_1_111' title="bbox 1854 4774 3443 4843; baseline -0.003 -11"><span class='ocrx_word' id='word_1_898' title='bbox 1854 4778 1973 4832; x_wconf 89' lang='lat' dir='ltr'><strong>hitu</strong></span> <span class='ocrx_word' id='word_1_899' title='bbox 2001 4777 2255 4831; x_wconf 85' lang='lat' dir='ltr'><strong>inventus</strong></span> <span class='ocrx_word' id='word_1_900' title='bbox 2274 4784 2334 4830; x_wconf 92' lang='lat' dir='ltr'><strong>ut</strong></span> <span class='ocrx_word' id='word_1_901' title='bbox 2361 4774 2869 4840; x_wconf 85' lang='lat' dir='ltr'><strong>homo,humiliavit</strong></span> <span class='ocrx_word' id='word_1_902' title='bbox 2884 4774 3236 4843; x_wconf 84' lang='lat' dir='ltr'><strong>semetipsum</strong></span> <span class='ocrx_word' id='word_1_903' title='bbox 3266 4786 3443 4841; x_wconf 86' lang='lat' dir='ltr'><strong>usque</strong></span> 
     </span>
    </p>
   </div>
   <div class='ocr_carea' id='block_1_112' title="bbox 1855 4862 3441 4938">
    <p class='ocr_par' dir='ltr' id='par_1_112' title="bbox 1855 4862 3441 4938">
     <span class='ocr_line' id='line_1_112' title="bbox 1855 4862 3441 4938; baseline -0.006 -15"><span class='ocrx_word' id='word_1_904' title='bbox 1855 4869 1923 4923; x_wconf 90' lang='lat' dir='ltr'><strong>ad</strong></span> <span class='ocrx_word' id='word_1_905' title='bbox 1949 4876 2216 4933; x_wconf 83' lang='lat' dir='ltr'><strong>mortem;</strong></span> <span class='ocrx_word' id='word_1_906' title='bbox 2244 4868 2369 4938; x_wconf 92' lang='lat' dir='ltr'><strong>jure</strong></span> <span class='ocrx_word' id='word_1_907' title='bbox 2400 4867 2641 4938; x_wconf 86' lang='lat' dir='ltr'><strong>Spiritus</strong></span> <span class='ocrx_word' id='word_1_908' title='bbox 2670 4874 2897 4922; x_wconf 87' lang='lat' dir='ltr'><strong>sanctus</strong></span> <span class='ocrx_word' id='word_1_909' title='bbox 2927 4864 3048 4933; x_wconf 87' lang='lat' dir='ltr'><strong>ejus</strong></span> <span class='ocrx_word' id='word_1_910' title='bbox 3077 4862 3441 4917; x_wconf 86' lang='lat' dir='ltr'><strong>resurrectio-</strong></span> 
     </span>
    </p>
   </div>
   <div class='ocr_carea' id='block_1_113' title="bbox 1854 4953 3444 5027">
    <p class='ocr_par' dir='ltr' id='par_1_113' title="bbox 1854 4953 3444 5027">
     <span class='ocr_line' id='line_1_113' title="bbox 1854 4953 3444 5027; baseline -0.006 -12"><span class='ocrx_word' id='word_1_911' title='bbox 1854 4976 1979 5017; x_wconf 89' lang='lat' dir='ltr'><strong>nem</strong></span> <span class='ocrx_word' id='word_1_912' title='bbox 2027 4960 2358 5016; x_wconf 86' lang='lat' dir='ltr'><strong>vaticinatur</strong></span> <span class='ocrx_word' id='word_1_913' title='bbox 2406 4960 2619 5022; x_wconf 87' lang='lat' dir='ltr'><strong>dicens,</strong></span> <span class='ocrx_word' id='word_1_914' title='bbox 2662 4976 2682 5009; x_wconf 81' lang='grc' dir='ltr'><strong>ι</strong></span> <span class='ocrx_word' id='word_1_915' title='bbox 2722 4957 2995 5027; x_wconf 80' lang='lat' dir='ltr'><strong>Exsurgat</strong></span> <span class='ocrx_word' id='word_1_916' title='bbox 3021 4955 3165 5011; x_wconf 92' lang='lat' dir='ltr'><strong>Deus</strong></span> <span class='ocrx_word' id='word_1_917' title='bbox 3195 4962 3250 5009; x_wconf 88' lang='lat' dir='ltr'><strong>et</strong></span> <span class='ocrx_word' id='word_1_918' title='bbox 3276 4953 3444 5009; x_wconf 87' lang='lat' dir='ltr'><strong>dissi—</strong></span> 
     </span>
    </p>
   </div>
   <div class='ocr_carea' id='block_1_114' title="bbox 1851 5042 3440 5117">
    <p class='ocr_par' dir='ltr' id='par_1_114' title="bbox 1851 5042 3440 5117">
     <span class='ocr_line' id='line_1_114' title="bbox 1851 5042 3440 5117; baseline -0.004 -16"><span class='ocrx_word' id='word_1_919' title='bbox 1851 5054 2051 5117; x_wconf 86' lang='lat' dir='ltr'><strong>pentur</strong></span> <span class='ocrx_word' id='word_1_920' title='bbox 2098 5047 2307 5103; x_wconf 90' lang='lat' dir='ltr'><strong>inimici</strong></span> <span class='ocrx_word' id='word_1_921' title='bbox 2341 5065 2355 5100; x_wconf 89' lang='lat'>:</span> <span class='ocrx_word' id='word_1_922' title='bbox 2398 5066 2417 5100; x_wconf 74' lang='grc' dir='ltr'><strong>ι</strong></span> <span class='ocrx_word' id='word_1_923' title='bbox 2458 5047 2551 5102; x_wconf 88' lang='lat' dir='ltr'><strong>ubi</strong></span> <span class='ocrx_word' id='word_1_924' title='bbox 2598 5061 2698 5117; x_wconf 90' lang='lat' dir='ltr'><strong>per</strong></span> <span class='ocrx_word' id='word_1_925' title='bbox 2741 5046 2912 5108; x_wconf 85' lang='lat' dir='ltr'><strong>illud,</strong></span> <span class='ocrx_word' id='word_1_926' title='bbox 2968 5063 2989 5097; x_wconf 78' lang='grc' dir='ltr'><strong>ι</strong></span> <span class='ocrx_word' id='word_1_927' title='bbox 3022 5043 3205 5107; x_wconf 89' lang='lat' dir='ltr'><strong>Deus,</strong></span> <span class='ocrx_word' id='word_1_928' title='bbox 3238 5062 3259 5093; x_wconf 72' lang='grc' dir='ltr'><strong>ι</strong></span> <span class='ocrx_word' id='word_1_929' title='bbox 3295 5042 3440 5097; x_wconf 89' lang='lat' dir='ltr'><strong>Deus</strong></span> 
     </span>
    </p>
   </div>
   <div class='ocr_carea' id='block_1_115' title="bbox 1852 5133 3441 5209">
    <p class='ocr_par' dir='ltr' id='par_1_115' title="bbox 1852 5133 3441 5209">
     <span class='ocr_line' id='line_1_115' title="bbox 1852 5133 3441 5209; baseline -0.003 -17"><span class='ocrx_word' id='word_1_930' title='bbox 1852 5136 2091 5195; x_wconf 88' lang='lat' dir='ltr'><strong>Verbum</strong></span> <span class='ocrx_word' id='word_1_931' title='bbox 2122 5138 2462 5209; x_wconf 88' lang='lat' dir='ltr'><strong>intelligitur.</strong></span> <span class='ocrx_word' id='word_1_932' title='bbox 2511 5138 2619 5192; x_wconf 87' lang='lat' dir='ltr'><strong>Aut</strong></span> <span class='ocrx_word' id='word_1_933' title='bbox 2662 5135 2841 5191; x_wconf 86' lang='lat' dir='ltr'><strong>oratio</strong></span> <span class='ocrx_word' id='word_1_934' title='bbox 2880 5136 2972 5190; x_wconf 89' lang='lat' dir='ltr'><strong>illa</strong></span> <span class='ocrx_word' id='word_1_935' title='bbox 2994 5137 3061 5192; x_wconf 89' lang='lat' dir='ltr'><strong>de</strong></span> <span class='ocrx_word' id='word_1_936' title='bbox 3090 5134 3312 5190; x_wconf 85' lang='lat' dir='ltr'><strong>Christo</strong></span> <span class='ocrx_word' id='word_1_937' title='bbox 3332 5133 3441 5187; x_wconf 79' lang='lat' dir='ltr'><strong>hoc</strong></span> 
     </span>
    </p>
   </div>
   <div class='ocr_carea' id='block_1_116' title="bbox 1853 5224 3439 5303">
    <p class='ocr_par' dir='ltr' id='par_1_116' title="bbox 1853 5224 3439 5303">
     <span class='ocr_line' id='line_1_116' title="bbox 1853 5224 3439 5303; baseline -0.005 -18"><span class='ocrx_word' id='word_1_938' title='bbox 1853 5231 2081 5302; x_wconf 88' lang='lat' dir='ltr'><strong>profert,</strong></span> <span class='ocrx_word' id='word_1_939' title='bbox 2142 5250 2159 5281; x_wconf 75' lang='grc' dir='ltr'><strong>ι</strong></span> <span class='ocrx_word' id='word_1_940' title='bbox 2200 5230 2507 5303; x_wconf 82' lang='lat' dir='ltr'><strong>Exsurgat,</strong></span> <span class='ocrx_word' id='word_1_941' title='bbox 2540 5249 2559 5282; x_wconf 73' lang='grc' dir='ltr'><strong>ι</strong></span> <span class='ocrx_word' id='word_1_942' title='bbox 2595 5239 2651 5286; x_wconf 91' lang='lat' dir='ltr'><strong>et</strong></span> <span class='ocrx_word' id='word_1_943' title='bbox 2706 5231 2775 5285; x_wconf 88' lang='lat' dir='ltr'><strong>ad</strong></span> <span class='ocrx_word' id='word_1_944' title='bbox 2825 5230 3208 5285; x_wconf 89' lang='lat' dir='ltr'><strong>universorum</strong></span> <span class='ocrx_word' id='word_1_945' title='bbox 3266 5224 3439 5280; x_wconf 81' lang='lat' dir='ltr'><strong>Deum</strong></span> 
     </span>
    </p>
   </div>
   <div class='ocr_carea' id='block_1_117' title="bbox 1852 5319 3436 5391">
    <p class='ocr_par' dir='ltr' id='par_1_117' title="bbox 1852 5319 3436 5391">
     <span class='ocr_line' id='line_1_117' title="bbox 1852 5319 3436 5391; baseline -0.004 -12"><span class='ocrx_word' id='word_1_946' title='bbox 1852 5324 2151 5391; x_wconf 88' lang='lat' dir='ltr'><strong>emittitur;</strong></span> <span class='ocrx_word' id='word_1_947' title='bbox 2204 5324 2281 5377; x_wconf 88' lang='lat' dir='ltr'><strong>ita</strong></span> <span class='ocrx_word' id='word_1_948' title='bbox 2334 5331 2396 5377; x_wconf 90' lang='lat' dir='ltr'><strong>ut</strong></span> <span class='ocrx_word' id='word_1_949' title='bbox 2442 5323 2613 5387; x_wconf 86' lang='lat' dir='ltr'><strong>illud,</strong></span> <span class='ocrx_word' id='word_1_950' title='bbox 2656 5342 2675 5375; x_wconf 83' lang='grc' dir='ltr'><strong>ι</strong></span> <span class='ocrx_word' id='word_1_951' title='bbox 2710 5323 2875 5389; x_wconf 89' lang='lat' dir='ltr'><strong>Deus,</strong></span> <span class='ocrx_word' id='word_1_952' title='bbox 2911 5342 2929 5375; x_wconf 71' lang='grc' dir='ltr'><strong>ι</strong></span> <span class='ocrx_word' id='word_1_953' title='bbox 2970 5322 3053 5378; x_wconf 88' lang='lat' dir='ltr'><strong>sic</strong></span> <span class='ocrx_word' id='word_1_954' title='bbox 3087 5319 3386 5391; x_wconf 85' lang='lat' dir='ltr'><strong>accipiatur</strong></span> <span class='ocrx_word' id='word_1_955' title='bbox 3419 5334 3436 5373; x_wconf 90' lang='lat'><strong>:</strong></span> 
     </span>
    </p>
   </div>
   <div class='ocr_carea' id='block_1_118' title="bbox 1852 5410 3436 5485">
    <p class='ocr_par' dir='ltr' id='par_1_118' title="bbox 1852 5410 3436 5485">
     <span class='ocr_line' id='line_1_118' title="bbox 1852 5410 3436 5485; baseline -0.004 -16"><span class='ocrx_word' id='word_1_956' title='bbox 1852 5413 1897 5469; x_wconf 91' lang='grc' dir='ltr'>Ο</span> <span class='ocrx_word' id='word_1_957' title='bbox 1932 5415 2096 5477; x_wconf 86' lang='lat' dir='ltr'><strong>Deus,</strong></span> <span class='ocrx_word' id='word_1_958' title='bbox 2133 5423 2394 5485; x_wconf 82' lang='lat' dir='ltr'><strong>exsurgat</strong></span> <span class='ocrx_word' id='word_1_959' title='bbox 2422 5414 2676 5471; x_wconf 87' lang='lat' dir='ltr'><strong>Christus</strong></span> <span class='ocrx_word' id='word_1_960' title='bbox 2706 5422 2855 5482; x_wconf 86' lang='lat' dir='ltr'><strong>tuus,</strong></span> <span class='ocrx_word' id='word_1_961' title='bbox 2887 5425 2941 5471; x_wconf 85' lang='lat' dir='ltr'><strong>et</strong></span> <span class='ocrx_word' id='word_1_962' title='bbox 2963 5414 3298 5482; x_wconf 89' lang='lat' dir='ltr'><strong>dissipentur</strong></span> <span class='ocrx_word' id='word_1_963' title='bbox 3328 5410 3436 5465; x_wconf 82' lang='lat' dir='ltr'><strong>ini—</strong></span> 
     </span>
    </p>
   </div>
   <div class='ocr_carea' id='block_1_119' title="bbox 1853 5502 3439 5578">
    <p class='ocr_par' dir='ltr' id='par_1_119' title="bbox 1853 5502 3439 5578">
     <span class='ocr_line' id='line_1_119' title="bbox 1853 5502 3439 5578; baseline -0.002 -16"><span class='ocrx_word' id='word_1_964' title='bbox 1853 5507 2147 5578; x_wconf 85' lang='lat' dir='ltr'><strong>mici-ejus.</strong></span> <span class='ocrx_word' id='word_1_965' title='bbox 2211 5506 2537 5578; x_wconf 80' lang='lat' dir='ltr'><strong>Congregati</strong></span> <span class='ocrx_word' id='word_1_966' title='bbox 2590 5522 2825 5577; x_wconf 82' lang='lat' dir='ltr'><strong>namque</strong></span> <span class='ocrx_word' id='word_1_967' title='bbox 2878 5515 3008 5564; x_wconf 89' lang='lat' dir='ltr'><strong>sunt</strong></span> <span class='ocrx_word' id='word_1_968' title='bbox 3062 5505 3267 5560; x_wconf 80' lang='lat' dir='ltr'><strong>inimici</strong></span> <span class='ocrx_word' id='word_1_969' title='bbox 3314 5502 3439 5573; x_wconf 73' lang='lat' dir='ltr'><strong>ejus</strong></span> 
     </span>
    </p>
   </div>
   <div class='ocr_carea' id='block_1_120' title="bbox 2454 5683 3434 5755">
    <p class='ocr_par' dir='ltr' id='par_1_120' title="bbox 2454 5683 3434 5755">
     <span class='ocr_line' id='line_1_120' title="bbox 2454 5683 3434 5755; baseline 0.001 -13"><span class='ocrx_word' id='word_1_970' title='bbox 2454 5686 2651 5743; x_wconf 77' lang='lat' dir='ltr'><strong>‘Psal.</strong></span> <span class='ocrx_word' id='word_1_971' title='bbox 2703 5683 2853 5755; x_wconf 55' lang='grc' dir='ltr'>ξονι,</span> <span class='ocrx_word' id='word_1_972' title='bbox 2903 5689 2958 5744; x_wconf 76' lang='lat'><strong>3.</strong></span> <span class='ocrx_word' id='word_1_973' title='bbox 3034 5688 3222 5743; x_wconf 75' lang='lat' dir='ltr'><strong>&#39;Psal.</strong></span> <span class='ocrx_word' id='word_1_974' title='bbox 3258 5694 3434 5753; x_wconf 79' lang='lat' dir='ltr'><strong>um,</strong></span> 
     </span>
    </p>
   </div>
   <div class='ocr_carea' id='block_1_121' title="bbox 2923 5844 3000 5906">
    <p class='ocr_par' dir='ltr' id='par_1_121' title="bbox 2923 5844 3000 5906">
     <span class='ocr_line' id='line_1_121' title="bbox 2923 5844 3000 5906; baseline 0 0"><span class='ocrx_word' id='word_1_975' title='bbox 2923 5844 3000 5906; x_wconf 69' lang='lat'><strong>2:2</strong></span> 
     </span>
    </p>
   </div>
  </div>
