3808 6280
179 349 272 410 585
1246 335 1753 395 COMMENTARIA
1793 335 1860 391 IN
1900 337 2236 397 PSALMOS.

3282 351 3389 406 686

245 482 261 515 ο
291 460 469 532 ’ᾼσατε
632 454 768 527 Θεῷ,
797 455 999 524 ψάλατε
1025 454 1101 526 τῷ
1133 455 1354 526 ὀνόματι
1390 455 1574 510 αὑτοῦ·
1605 456 1713 510 ὁδο-

1893 453 2058 510 Vsns.
2086 456 2140 520 5,
2180 455 2235 512 6.
2283 474 2302 507 ι
2343 455 2571 513 Cantate
2617 458 2748 528 Deo,
2784 462 3057 532 psalmum
3089 461 3259 518 dicite
3296 479 3396 517 no-

188 558 408 626 ποιήσατε
438 549 512 620 τῷ
532 548 992 618 ὲπιϐεϐηκότιέπὶ
1029 547 1300 619 δυσμῶν.»
1333 549 1435 603 Τὸν
1466 551 1563 620 μὲν
1590 551 1717 622 περὶ

184 649 268 703 τῶν
293 644 486 716 ἐχθρῶν
517 642 607 695 καὶ
663 643 965 713 μισούντων
997 643 1086 695 τὸν
1118 642 1251 697 Θεὸν
1288 641 1446 710 λόγον
1471 643 1559 695 διὰ
1589 643 1718 714 βρα-

182 742 294 809 χέων
324 735 602 804 ἐπετέμετο
619 736 651 805 ἡ
670 734 990 806 προφητεία⁵
1019 734 1108 787 τὸν
1131 734 1187 786 δὲ
1216 734 1471 804 περὶτῶν
1495 734 1717 788 δικαίων

179 829 386 896 ἑξαπλοί,
415 825 817 897 ἐνδιατρίϐουσα
841 829 906 898 τῇ
941 827 1069 898 περί⁹
1119 827 1299 900 αὐτῶν
1337 828 1542 900 μνήμῃ.
1605 827 1716 880 Καὶ

178 923 228 994 δὴ
258 922 309 974 τὸ
354 916 568 988 Πνεῦμα
598 917 658 971 τὸ
681 917 834 986 ἆγιον
865 898 1298 989 παρακελεύεται
1344 921 1455 980 τοῖς
1488 898 1717 979 δικαίοις

175 1015 298 1085 ᾄδειν
325 1013 410 1066 καὶ
438 1010 656 1081 ψάλλειν
688 1010 764 1082 τῷ
795 1010 936 1080 Θεῷ,
992 1012 1068 1074 ὡς
1112 1011 1177 1063 ἂν
1211 1011 1298 1064 διὰ
1329 1009 1532 1063 τούτων
1591 1008 1717 1080 μὲλ-

174 1107 329 1160 λουσιν
348 1103 630 1157 ἀπολαύειν
656 1103 755 1174 τῆς
788 1102 938 1167 θείας
968 1102 1304 1174 εὐφροσύνης
1335 1105 1426 1156 καὶ⁹
1453 1103 1548 1173 τῆς
1583 1120 1716 1174 προ-

173 1197 424 1269 λεχθείσης
452 1195 735 1268 τερπωλῆς
761 1197 853 1249 καὶ
907 1195 1299 1264 ἀγαλλιάσεως.
1331 1195 1440 1248 Καὶ
1484 1195 1715 1267 ἐπείπερ

173 1290 265 1342 τῶν
286 1289 369 1342 δύο
402 1287 622 1351 τούτων,
681 1288 822 1357 λέγω
872 1287 928 1341 δὲ
960 1286 1053 1341 τοῦ
1087 1288 1234 1360 ᾄδειν
1263 1287 1356 1341 καὶ
1386 1287 1627 1357 ψάλλειν,
1654 1289 1714 1341 τὸ

176 1379 259 1450 μὲν
287 1378 519 1449 κρεῖττον
549 1371 617 1447 ἦν
646 1375 706 1428 τὸ
761 1375 926 1446 ᾅδειν,
974 1376 1034 1428 τὸ
1071 1376 1129 1430 δὲ
1167 1375 1503 1448 ὑποϐεϐηκὸς
1537 1378 1597 1430 τὸ
1647 1377 1712 1430 δι’

170 1469 373 1542 ὀργάνου
405 1467 823 1540 ἀνακρούεσθαι,
872 1469 1095 1532 εἰκότως
1123 1469 1184 1522 τὸ
1218 1469 1318 1540 μὲν
1351 1473 1595 1542 κρεῖττον
1626 1471 1714 1524 άν-

171 1563 310 1633 έθηκε
332 1561 404 1631 τῷ
428 1560 565 1632 Θεῷ,
599 1560 658 1613 τὸ
677 1561 732 1613 δὲ
759 1561 849 1616 διὰ
873 1561 968 1615 τοῦ
989 1562 1221 1633 ὀργάνου
1239 1562 1480 1634 ἐνεργεῖν
1507 1562 1583 1634 τῷ
1600 1563 1714 1617 ὀνό-

173 1674 282 1726 ματι
313 1654 488 1710 αὐτοῦ.
540 1675 559 1708 ‹
588 1657 789 1728 1’.ᾼσατε
817 1675 833 1707 ι
896 1655 1027 1729 γὰρ,
1064 1657 1216 1727 φησὶ,
1285 1677 1302 1708 ι
1340 1657 1417 1730 τῷ
1446 1657 1584 1729 Θεῷ,

167 1747 343 1817 ψάλατε
374 1747 450 1818 τῷ
484 1747 716 1818 ὀνόματι
766 1748 986 1802 αύτοῦ.›
1027 1749 1176 1820 νᾼδει
1224 1749 1280 1803 δὲ
1322 1749 1399 1821 τῷ
1451 1749 1570 1821 Θεῷ
1595 1750 1712 1805 ὁδι’

167 1841 310 1908 ὑγιῶν
338 1840 620 1911 δογμάτων
648 1841 746 1912 τὴν
779 1841 954 1913 ψυχὴν
996 1844 1426 1915 πεπαιδευμένος
1482 1845 1578 1897 καὶ
1620 1845 1718 1908 τὰς
1747 1821 1791 1876 Β

166 1934 449 2005 πρεπούσας
472 1934 623 2004 αὐτῷ
649 1934 927 2003 θεολογίας
948 1937 1012 1989 ἐκ
1042 1936 1278 2000 διανοίας
1301 1935 1717 2007 κεκαθαρμένης

163 2024 488 2094 ἀναπέμπωνο
533 2023 724 2093 ψάλλει
756 2025 813 2078 δὲ
845 2025 922 2096 τῷ
959 2026 1182 2097 ὀνόματι
1217 2027 1404 2092 αὑτοῦ,
1439 2029 1467 2080 6
1498 2026 1584 2080 διὰ
1609 2027 1717 2080 τῶν

158 2115 236 2168 τοῦ
281 2117 524 2187 σώματος
557 2119 822 2190 κινήσεων
850 2119 944 2171 καὶ
973 2118 1060 2172 διά
1096 2119 1197 2188 τῆς
1217 2118 1325 2172 τῶν
1346 2119 1716 2191 αἰσθητηρίων

161 2207 411 2275 ἐνεργείας
429 2207 658 2261 τοιαῦτα
684 2209 957 2280 πράττων.
989 2208 1064 2272 ώς
1091 2208 1405 2276 δοξάζεσθαι
1451 2209 1520 2262 δι’
1550 2208 1716 2262 αὐτοῦ

158 2296 286 2367 παρὰ
304 2299 411 2362 τοῖς
429 2299 602 2372 ὁρῶσι
627 2301 686 2352 τὸ
706 2301 876 2372 ὄνομα
902 2301 992 2355 τοῦ
1019 2301 1175 2356 Θεοῦ.
1237 2302 1423 2356 Ταῦτα
1477 2304 1575 2374 μὲν
1623 2299 1715 2357 οῦν

157 2387 323 2458 πρῶτα
353 2391 792 2462 παρακελεύεται
837 2392 915 2464 τῷ
959 2393 1067 2448 τῶν
1114 2394 1340 2448 δικαίων
1368 2395 1515 2467 χορῴ
1544 2395 1716 2467 πράτ-

153 2495 248 2533 τειν
265 2482 292 2534 6
320 2481 493 2551 λόγος·
541 2483 668 2554 ἑξῆς
698 2485 753 2539 δὲ
773 2486 1004 2557 πρᾶγμά
1032 2503 1084 2539 τι
1110 2489 1282 2540 ποιεῖν
1301 2487 1508 2559 ἑτέροις
1531 2490 1716 2560 χρήσι-

156 2590 238 2640 μον
265 2577 611 2647 προστάττει.
641 2579 757 2632 Ἵνα
812 2581 919 2651 γὰρ
974 2579 1136 2651 ἐπιϐῇ
1165 2582 1193 2633 ὁ
1220 2580 1352 2644 Θεὸς
1373 2580 1450 2650 τῷ
1478 2580 1584 2633 τῶν
1619 2581 1713 2635 ἀν-

151 2661 358 2732 θρώπων
392 2665 522 2736 βίῳ,
557 2667 651 2720 καὶ
669 2667 818 2731 ὅπως
850 2670 1278 2741 ἐμπεριπατήσῃ
1319 2671 1431 2732 τοῖς
1469 2671 1561 2722 ἐπὶ
1589 2670 1711 2741 γῆς,

146 2756 232 2826 τὴν
255 2757 362 2811 ὁδὸν
394 2759 550 2830 αὑτῷ
581 2759 730 2813 λείαν
774 2762 868 2815 καὶ
911 2761 1117 2834 ὁμαλὴν
1163 2761 1572 2835 ἀπεργάζεσθαι
1599 2763 1713 2816 δια-

149 2849 402 2906 κελεύεται
425 2854 674 2922 φάσκων·
712 2872 730 2904 ι
755 2854 1193 2927 Ὁδοποιήσατε·›
1229 2855 1262 2926 ἢ
1291 2855 1432 2909 κατά
1457 2855 1550 2908 τὸν
1567 2855 1713 2926 Σύμ-

150 2958 318 3012 μαχον,
385 2963 403 2994 ί
437 2945 902 3018 Καταστρώσατεο
930 2967 949 2998 ›
1001 2948 1143 3002 κατά
1194 2948 1252 3002 δὲ
1305 2948 1397 3002 τὸν
1460 2948 1709 3011 Ἀκύλαν,

150 3051 166 3083 ι
199 3035 737 3104 Ἀποσκολοπίσατε,ι
772 3040 1018 3094 τουτέστι
1071 3042 1178 3094 πᾶν
1208 3042 1419 3095 σκολιὸν
1460 3042 1709 3111 ἀφέλετε,

145 3127 224 3179 καὶ
252 3132 351 3184 πᾶν
381 3133 561 3203 τραχὺ
596 3132 1040 3208 καταστρώσατε,
1070 3133 1146 3198 ὡς
1162 3133 1227 3187 ἂν
1254 3134 1462 3203 γένοιτο
1483 3135 1710 3188 λείακαὶ
1736 3166 1780 3223 C

141 3219 296 3293 ὁμαλὴ
325 3223 419 3277 τοῦ
451 3225 594 3278 Θεοῦ
626 3227 658 3296 ἡ
710 3227 790 3289 εἰς
832 3225 1153 3296 ἀνθρώπους
1209 3228 1426 3300 πορεία.
1457 3228 1627 3281 Τοῦτο
1653 3229 1710 3282 δὲ

140 3313 222 3364 καὶ
254 3314 481 3381 Ἡσαΐας
535 3317 723 3387 ἐδήλου
765 3318 958 3386 λέγων’
1015 3338 1034 3370 ι
1071 3319 1425 3390 Ἑτοιμάσατε
1475 3319 1572 3391 τὴν
1598 3319 1714 3372 ὁδὸν

137 3403 345 3478 Κυρίου,
382 3409 608 3474 εὐθείας
660 3415 862 3465 ποιεῖτε
916 3412 1014 3477 τὰς
1045 3412 1265 3485 τρίϐους
1313 3412 1501 3468 αὑτοῦ.
1556 3414 1714 3467 Πᾶσα

137 3499 334 3569 φάραγξ
390 3503 840 3577 πληρωθήσεται,
886 3507 981 3558 καὶ
1041 3508 1148 3559 πᾶν
1192 3506 1317 3578 ὅρος
1379 3508 1472 3560 καὶ
1527 3505 1714 3576 βουνὸς

134 3595 618 3668 ταπεινωθήσεται.
676 3598 788 3651 Καὶ
827 3597 979 3652 ἔσται
1011 3598 1082 3653 τὰ
1127 3597 1314 3653 σκολιά
1357 3601 1438 3662 εἰς
1475 3599 1708 3667 εὐθεῖαν,

135 3687 279 3757 mli]
327 3693 566 3762 τραχεῖα
629 3693 709 3754 είς
764 3691 916 3755 ὀδοὺς
970 3692 1137 3755 λείας,
1183 3692 1276 3746 καὶ
1323 3692 1512 3762 ὄψεται
1563 3696 1711 3747 πᾶσα

135 3778 256 3850 σὰρξ
283 3782 343 3834 τὸ
378 3785 655 3857 σωτήριον
684 3784 777 3837 τοῦ
807 3784 995 3838 Θεοῦ.»
1040 3785 1301 3839 Ἐνταῦθα
1323 3785 1379 3838 δὲ
1423 3786 1482 3839 ού
1514 3786 1710 3858 πρότε-

136 3882 215 3934 ρον
244 3869 511 3926 ὄδοποιεῖν
564 3873 774 3927 κελεύει
840 3875 873 3947 ἢ
931 3875 1145 3946 πρῶτον
1194 3876 1393 3938 αὐτοὺς
1437 3875 1711 3946 μαθόντας

130 3959 265 4024 ὅπως
293 3964 402 4035 χρὴ
431 3965 582 4037 ᾅδειν
620 3965 697 4036 τῷ
744 3965 862 4037 Θεῷ
893 3967 988 4020 καὶ
1044 3968 1192 4030 ὅπως
1227 3967 1448 4037 ψάλλειν
1489 3967 1566 4039 τῷ
1591 3970 1708 4021 ὀνό-

133 4070 248 4121 ματι
267 4057 455 4113 αὐτοῦ.
487 4058 674 4113 Ταῦτα
703 4058 812 4132 γάρ
841 4060 1218 4132 προμαθόντας
1259 4063 1352 4115 καὶ
1385 4061 1567 4134 ἔργοις
1591 4064 1709 4115 ἐπι-

128 4147 463 4214 τελέσαντας,
519 4151 644 4221 ἑξῆς
689 4151 936 4220 βούλεται
982 4153 1264 4217 ὁδοποιεῖν,
1319 4154 1564 4208 τουτέστι
1609 4154 1710 4219 τὰς

125 4241 268 4310 παρὰ
299 4243 410 4296 τῶν
445 4243 750 4316 ἀνθρώπων
769 4245 945 4317 ψυχὰς
976 4247 1435 4316 παρασκευάζειν,
1462 4249 1708 4322 καθαράς

123 4346 174 4383 τε
208 4333 300 4386 καὶ
332 4335 595 4406 ἑτοίμους
627 4336 796 4400 αὐτὰς
841 4338 1244 4410 ἀπεργάζεσθαι
1274 4341 1353 4403 εἰς
1395 4339 1494 4410 τὴν
1523 4341 1709 4412 ἐπιδη-

126 4424 244 4493 μίαν
275 4426 370 4480 τοῦ
396 4427 839 4499 προδηλωθέντος
867 4428 1022 4483 Θεοῦ,
1051 4429 1141 4482 Διό
1162 4447 1344 4501 φησιν·
1375 4448 1394 4481 ι
1432 4432 1710 4502 Ὀδοποιή-

1825 545 1960 600 mini
2004 548 2144 615 ejus,
2176 547 2280 601 iter
2307 545 2470 603 facite
2497 551 2570 612 ei,
2603 551 2696 620 qui
2740 554 2992 608 ascendit
3040 569 3205 624 super
3235 569 3396 622 occa-

1825 654 1966 693 sum.
2009 659 2028 690 ι
2061 638 2380 695 Sermonem
2405 640 2474 695 de
2499 641 2735 697 inimicis
2759 651 2813 698 et
2839 646 3096 700 osoribus
3127 646 3220 701 Dei
3263 645 3399 701 Ver-

1825 731 1878 785 bi
1929 731 2256 801 compendio
2285 733 2519 786 absolvit
2541 733 2862 802 prophetia;
2897 735 2969 789 de
2995 735 3163 804 justis
3210 745 3397 799 autem

1824 824 2001 879 fusius
2023 825 2155 894 agit,
2186 841 2484 895 eorumque
2510 829 3026 882 commemorationi
3059 829 3284 884 insistit.
3331 829 3398 884 Et

1823 931 1954 970 sane
1979 914 2219 985 Spiritus
2242 926 2469 972 sanctus
2491 917 2648 987 jubet
2675 919 2858 988 justos
2885 928 3107 975 cantare
3141 931 3196 976 et
3234 923 3393 991 psal-

1823 1005 1934 1059 lere
1970 1004 2109 1071 Deo;
2132 1016 2322 1076 utpote
2350 1009 2441 1078 qui
2463 1008 2547 1063 his
2570 1018 2850 1074 vacantes,
2880 1010 3120 1064 divinam
3150 997 3394 1067 laetitiam

1822 1107 2290 1170 memoratamque
2313 1100 2732 1156 delectationem
2763 1110 2817 1157 et
2852 1104 3273 1160 exsultationem
3296 1121 3396 1160 na-

1821 1190 1965 1244 cturi
1993 1190 2123 1244 sint.
2162 1191 2300 1258 Quia
2333 1209 2462 1249 vero
2498 1209 2566 1248 ex
2611 1195 2698 1250 his
2747 1195 2985 1259 duobus,
3035 1197 3296 1253 nimirum
3327 1215 3396 1254 ex

1822 1291 1987 1337 cantu
2020 1292 2075 1338 ct
2122 1300 2190 1339 ex
2243 1287 2566 1357 psalmodia,
2624 1290 2992 1358 przestabilior
3025 1301 3219 1347 cantus
3253 1299 3393 1354 erat,

1822 1382 1986 1445 atque
2014 1373 2246 1430 inferior
2278 1376 2382 1447 ipsi
2405 1385 2524 1432 erat
2555 1379 2910 1434 instrumenti
2962 1382 3233 1451 pulsatio;
3270 1383 3397 1454 jure

1820 1469 1965 1538 quod
2002 1471 2356 1540 praestantius
2414 1481 2533 1527 erat
2589 1472 2701 1530 Deo
2755 1474 2986 1540 addixit,
3044 1476 3396 1533 instrumenti

1821 1575 1952 1614 vero
1981 1562 2251 1617 actionem
2288 1565 2497 1620 nomini
2527 1566 2668 1636 ejus.
2702 1567 2844 1624 Nam
2879 1568 3079 1639 inquit,
3115 1588 3134 1621 ‹
3178 1578 3398 1626 cantate

1821 1648 1953 1714 Deo,
1984 1660 2038 1706 et
2067 1655 2336 1723 psalmum
2365 1655 2533 1712 dicite
2572 1659 2781 1713 nomini
2815 1659 2955 1730 ejus.
3013 1679 3032 1714 ι
3077 1660 3187 1716 Deo
3212 1671 3396 1718 autem

1819 1753 2022 1809 cantat,
2055 1747 2215 1814 cujus
2245 1747 2428 1802 anima
2459 1765 2594 1804 sana
2625 1751 2877 1806 doctrina
2906 1753 3159 1809 instituta
3201 1763 3306 1819 est,
3339 1762 3397 1810 et

1820 1838 2177 1906 congruentia
2218 1837 2513 1912 divinaque
2564 1843 2732 1898 verba
2779 1859 2845 1899 ex
2887 1860 3023 1914 pura
3055 1848 3395 1902 conscientia

1821 1930 1924 1998 ipsi
1950 1931 2308 2000 transmittit;
2346 1933 2532 2002 psallit
2560 1949 2690 1989 vero
2717 1937 2928 1991 nomini
2950 1937 3093 2006 ejus,
3142 1939 3236 2009 qui
3266 1954 3394 1995 cor-

1819 2021 2001 2089 poreis
2032 2021 2272 2078 motibus
2312 2032 2366 2078 et
2415 2025 2663 2080 sensibili
2727 2029 2942 2084 actione
2984 2031 3114 2084 talia
3143 2032 3393 2100 exhibet,

1817 2128 1938 2183 qua:
1970 2121 2308 2184 spectatores
2330 2115 2396 2170 ad
2425 2133 2622 2173 nomen
2655 2118 2748 2174 Dei
2790 2122 2966 2192 gloria
3001 2123 3394 2178 celebrandum

1818 2205 2099 2261 inducant.
2126 2206 2253 2263 Haec
2281 2208 2448 2278 igitur
2472 2211 2649 2278 primo
2670 2211 2901 2280 jubetur
2939 2213 3217 2283 justorum
3258 2216 3394 2270 clio-

1818 2313 1912 2353 rus
1938 2315 2236 2370 peragere;
2268 2301 2469 2357 deinde
2490 2318 2620 2358 vero
2642 2303 2816 2358 eidem
2837 2306 3152 2376 prazcipitur
3176 2315 3236 2361 ut
3257 2323 3396 2378 opus

1817 2389 1938 2444 aliis
1965 2390 2096 2445 utile
2129 2390 2397 2460 perficiat.
2434 2393 2571 2448 Nam
2603 2402 2663 2448 ut
2707 2395 2852 2452 Deus
2884 2397 2951 2451 ad
2979 2396 3264 2453 hominum
3305 2416 3399 2471 ge-

1815 2497 1922 2537 nus
1947 2483 2194 2545 accedat,
2223 2493 2422 2540 etcum
2460 2486 2753 2558 terrigenis
2787 2489 3152 2560 perambulet,
3197 2494 3395 2561 praeci-

1816 2575 1894 2646 pit
1927 2583 1986 2630 ut
2014 2577 2158 2631 viam
2197 2576 2411 2633 facilem
2437 2587 2600 2650 atque
2632 2581 2850 2652 planam
2885 2582 2990 2653 ipsi
3019 2585 3288 2648 muniant,
3313 2583 3398 2640 di-

1813 2682 1945 2722 cens
1979 2686 1994 2725 :
2034 2685 2053 2716 α
2095 2670 2204 2725 lter
2227 2670 2422 2736 facite;
2455 2690 2475 2723 ι
2512 2672 2627 2728 sive
2657 2673 2960 2728 secundum
2983 2673 3392 2746 Symmachum,

1819 2779 1838 2809 ι
1871 2758 2143 2829 Sternite;
2174 2781 2190 2813 ι
2229 2762 2531 2818 secundum
2561 2763 2813 2835 Aquilam
2843 2782 2991 2830 vero,
3023 2784 3041 2816 ι
3077 2767 3123 2819 Α
3153 2769 3394 2823 surculis

1813 2855 2097 2920 mundate,
2129 2875 2147 2906 ι
2185 2855 2239 2909 id
2262 2863 2368 2921 est,
2399 2871 2560 2911 omne
2589 2864 2896 2911 tortuosum
2923 2855 3225 2921 auferte,et
3249 2858 3395 2928 quod

1813 2961 2068 3018 asperum
2100 2953 2205 3011 est,
2243 2949 2492 3010 sternite,
2523 2954 2582 3001 ut
2615 2947 2720 3001 iter
2755 2946 2851 3003 Dei
2882 2948 2950 3002 ad
2980 2948 3230 3005 homines
3278 2951 3396 3021 pla-

1811 3055 1943 3094 num
1973 3038 2243 3109 facileque
2295 3039 2509 3094 evadat.
2553 3038 2796 3110 ldipsum
2833 3040 2914 3096 sic
2944 3041 3114 3097 Isaias
3147 3042 3396 3098 declara-

1813 3133 1929 3185 vit’
1961 3150 1973 3186 :
2011 3151 2030 3183 ‹
2072 3130 2268 3187 Parate
2297 3132 2442 3186 viam
2470 3131 2710 3199 Domini,
2745 3140 2928 3188 rectas
2954 3132 3116 3190 facite
3169 3136 3394 3190 semitas

1813 3224 1952 3293 ejus.
1991 3222 2184 3280 Omnis
2208 3225 2366 3280 vallis
2408 3225 2744 3294 implebitur,
2789 3231 2844 3281 et
2889 3226 3070 3280 omnis
3126 3242 3284 3282 mons
3341 3237 3398 3282 et

1813 3318 1970 3372 collis
2018 3318 2418 3373 bumiliabitur.
2460 3316 2526 3372 Et
2562 3329 2724 3374 erunt
2755 3326 3006 3375 tortuosa
3047 3318 3103 3372 in
3132 3319 3276 3374 viam
3308 3338 3397 3377 re-

1813 3419 1982 3472 clam,
2013 3417 2067 3464 et
2093 3426 2288 3481 aspera
2315 3412 2371 3465 in
2393 3413 2512 3467 vias
2560 3413 2775 3483 planas.
2841 3412 2908 3466 Et
2957 3414 3167 3470 videbit
3214 3416 3396 3470 omnis

1812 3518 1942 3557 caro
1969 3504 2212 3559 salutare
2239 3504 2354 3560 Dei.
2391 3525 2410 3556 ι
2450 3503 2551 3560 Hic
2569 3521 2700 3561 vero
2728 3522 2837 3560 non
2864 3507 3018 3577 prius
3069 3512 3174 3564 iter
3215 3509 3396 3563 facere

1807 3593 1986 3663 jubet,
2043 3612 2208 3666 quam
2260 3597 2589 3652 edidicerint
2647 3598 2742 3668 qui
2800 3600 3107 3655 canendum
3142 3608 3394 3670 oporteat

1813 3685 1923 3740 Deo
1983 3693 2037 3741 et
2090 3688 2437 3757 psallendum
2485 3688 2698 3742 nomini
2755 3688 2896 3757 ejus.
2956 3689 3053 3746 His
3089 3691 3390 3751 institutos,

1812 3787 2104 3850 postquam
2135 3780 2189 3836 id
2221 3781 2399 3850 reipsa
2435 3781 2809 3850 praistiterint,
2847 3781 2952 3836 iter
2985 3781 3182 3836 deinde
3211 3782 3394 3838 facere

1810 3872 2078 3942 praecipit,
2119 3871 2174 3926 id
2208 3881 2312 3935 est,
2345 3873 2616 3927 humanas
2651 3874 2863 3929 animas
2913 3889 3244 3944 praeparare,
3290 3893 3390 3946 pu-

1810 3980 2009 4034 rasque
2039 3963 2161 4018 illas
2195 3971 2250 4018 et
2279 3963 2346 4017 ad
2373 3963 2544 4033 ipsius
2578 3962 2670 4018 Dei
2699 3965 2993 4020 adventum
3028 3973 3246 4036 paratas
3277 3967 3390 4022 elli-

1809 4072 1954 4111 cere.
1985 4055 2350 4122 Quamobrem
2384 4055 2462 4109 ait
2499 4075 2511 4110 :
2553 4073 2571 4106 (
2613 4056 2719 4111 lter
2744 4057 2905 4113 facite
2936 4057 2988 4112 ei
3009 4059 3102 4128 qui
3140 4059 3388 4114 ascendit

1811 4163 1980 4218 super
2003 4163 2284 4211 occasum,
2321 4147 2588 4202 Dominus
2613 4164 2812 4203 nomen
2851 4149 2950 4202 illi.
3001 4168 3018 4199 ι
3072 4148 3168 4204 Hic
3223 4166 3390 4220 porro

1810 4237 2100 4291 Dominum
2136 4253 2276 4292 nova
2323 4253 2458 4292 voce
2506 4238 2809 4293 secundum
2843 4237 3168 4294 Hebraicam
3200 4241 3391 4296 lectio-

1807 4345 1930 4384 nem
1962 4330 2234 4399 expressit
2299 4346 2316 4386 ε
2377 4331 2558 4400 ipsum
2589 4331 2812 4402 quippe,
2872 4333 2946 4398 ia,
2995 4335 3384 4403 nuncupavit:

1807 4437 1978 4491 quare
2009 4420 2396 4494 Symmachus,
2435 4440 2454 4473 ι
2495 4421 2596 4478 Per
2630 4424 2686 4476 ia
2714 4425 3037 4480 vocabulum
3067 4425 3209 4494 ejus,
3252 4445 3272 4477 ι
3303 4426 3386 4478 in-

123 4529 244 4568 σατε
299 4517 381 4588 τῷ
419 4517 777 4590 ὲπιϐεϐηκύτι
831 4518 923 4570 ἰεπλ⁵
979 4517 1218 4589 δυσμῶν,
1285 4518 1486 4590 Κύριος
1532 4520 1704 4591 ὄνομα

1815 4520 2143 4584 terpretatus
2172 4520 2257 4568 est
2294 4533 2306 4567 :
2344 4514 2535 4584 quinta
2565 4528 2696 4568 vero
2729 4515 2918 4580 editio,
2956 4533 2975 4566 ι
3005 4514 3064 4569 ln
3097 4517 3152 4568 ia
3184 4531 3384 4572 nomen

120 4608 317 4678 αὐτῷ.»
353 4611 616 4683 Κέκληκε
669 4611 724 4665 δὲ
763 4611 854 4663 τὸν
905 4610 1108 4684 Κύριον
1157 4611 1386 4664 ἐνταῦθα
1415 4613 1704 4684 καινοτέρα

120 4705 260 4773 φωνῇ
325 4703 478 4758 κατά
544 4705 645 4778 τὴν
699 4705 992 4778 Ἐϐραῖκὴν
1051 4704 1213 4770 λέξιν·
1267 4706 1328 4758 ἴα
1378 4705 1488 4777 γὰρ
1543 4707 1703 4760 αὐτὸν

115 4793 421 4866 ὠνόμασενυ
455 4799 578 4852 ὅθεν
599 4801 628 4852 6
655 4797 969 4869 Σύμμαχος,
1027 4817 1045 4848 ι
1074 4799 1172 4853 Διὰ
1203 4797 1296 4851 τοῦ
1333 4799 1394 4851 la
1439 4800 1471 4869 ἡ
1509 4799 1704 4869 ὀνομα-

115 4885 202 4939 σία
229 4888 462 4953 αὐτοῦ,›
497 4891 858 4964 ἡρμήνευσεν·
892 4889 1002 4962 ἡδὲ
1034 4891 1261 4962 πέμπτη
1293 4890 1523 4954 ἓκδοσις,
1555 4909 1574 4942 ι
1616 4891 1703 4943 Ἐν

111 4979 184 5048 τῷ
209 4981 271 5033 τα
299 4983 364 5034 τὸ
419 4983 597 5054 ὄνομα
654 4983 872 5038 αὐτοῦ.»
908 4983 1154 5055 ᾘνίξατο
1196 4983 1253 5036 δὲ
1295 4983 1355 5036 τὸ
1406 4982 1576 5053 ὄνομα
1606 4982 1700 5035 τοῦ

111 5069 366 5146 Σωτῆρος
407 5074 588 5144 Ἰησοῦ
625 5075 712 5128 διὰ
740 5077 840 5147 τῆς
874 5075 1098 5148 πρώτης
1131 5075 1420 5146 συλλαϐῆς.
1445 5077 1555 5129 Καὶ
1581 5075 1705 5128 τοῦ·

107 5177 195 5216 τον
224 5166 582 5239 τὸνΚύριον,
617 5161 678 5222 οὗ
706 5168 766 5222 τὸ
794 5168 965 5239 ὄνομά
985 5185 1146 5238 φησιν
1175 5164 1314 5222 εἶναι
1346 5168 1433 5221 διὰ
1469 5166 1564 5220 τοῦ
1619 5167 1700 5228 la,

109 5251 139 5322 ἢ
191 5255 251 5307 ὲν
297 5255 382 5327 τῷ
443 5257 526 5321 la,
575 5258 960 5332 ἐπιϐεϐηκέναι
1016 5261 1109 5313 ἐπὶ
1161 5259 1380 5330 δυσμῶν
1440 5259 1698 5314 διδάσκει·

112 5349 373 5415 σημαίνει
409 5348 474 5401 δὲ
519 5351 620 5422 τὴν
650 5354 729 5416 εἰς
754 5351 1072 5424 ἀνθρώπους
1125 5351 1289 5406 αὐτοῦ
1347 5351 1580 5423 πάροδον
1609 5355 1702 5406 καὶ

107 5438 506 5513 τὴνένσαρκον
533 5444 845 5513 ἐπιδημίαν.
877 5445 950 5499 Ού
1003 5443 1113 5516 γὰρ
1145 5444 1237 5498 τὸν
1272 5446 1329 5498 ὲν
1357 5449 1536 5518 μορφῇ
1567 5445 1701 5500 Θεοῦ

107 5532 238 5585 Θεὸν
253 5535 445 5603 Λόγον
481 5537 682 5606 γυμνὸν
702 5536 972 5602 ἐπιδείξας
1001 5536 1194 5606 φώτων
1212 5537 1368 5609 δίκην
1394 5537 1702 5609 ὲξήστραψε

110 5625 195 5682 τὸν
216 5628 331 5684 τῶν
363 5628 674 5700 ἀνθρώπων
709 5630 840 5701 βίον,
874 5633 1085 5703 μορφὴν
1106 5631 1162 5685 δὲ
1189 5631 1376 5686 δούλου
1401 5632 1580 5687 λαϐὼν
1609 5635 1704 5687 καὶ

173 5787 194 5816 ⁸
217 5789 328 5842 lsa.
365 5804 465 5851 ιι,
509 5786 620 5842 3-5.
700 5791 740 5821 ¹⁰
771 5788 969 5861 Ephes.
1002 5807 1073 5854 Vt,
1109 5789 1194 5845 l2.

1809 4607 1952 4676 ejus.
1995 4625 2012 4658 ι
2054 4604 2158 4660 Per
2179 4607 2413 4676 primam
2451 4615 2631 4661 autem
2659 4608 2921 4678 syllabam
2944 4623 3146 4662 nomen
3180 4606 3385 4661 Serva-

1810 4701 1943 4755 toris
1970 4698 2100 4755 Jesu
2141 4699 2532 4755 subindicavit.
2579 4700 2645 4753 Et
2679 4701 2768 4754 hic
2799 4708 2883 4755 est
2908 4699 3172 4754 Dominus
3225 4701 3386 4770 cujus

1806 4809 2007 4848 nomen
2033 4807 2130 4863 per
2163 4792 2239 4857 ia,
2289 4794 2373 4847 vel
2417 4793 2474 4847 in
2504 4793 2560 4846 ia
2589 4792 2724 4846 dicit
2753 4807 2878 4847 esse
2927 4811 2940 4845 :
2983 4801 3038 4847 et
3069 4793 3388 4849 ascendisse

1805 4899 1928 4938 eum
1961 4884 2029 4938 ad
2063 4897 2324 4938 occasum
2357 4881 2542 4946 docet,
2573 4881 2954 4954 significatque
2974 4883 3094 4953 ejus
3130 4883 3184 4938 in
3216 4899 3385 4940 carne

1804 4976 2100 5030 transitum
2133 4975 2201 5029 ad
2236 4975 2508 5032 homines.
2547 4976 2734 5046 Neque
2777 4979 2925 5031 enim
2987 4991 3134 5040 cum,
3186 4977 3279 5046 qui
3326 4977 3386 5032 in

1805 5065 1981 5120 forma
2015 5065 2111 5122 Dei
2135 5073 2277 5132 erat,
2310 5065 2482 5122 Deum
2513 5064 2749 5122 Verbum
2779 5066 2988 5122 nudum
3019 5066 3286 5121 exhibens
3306 5067 3390 5121 ιιι--

1805 5159 1887 5214 cis
1921 5158 2119 5224 instar,
2147 5159 2450 5213 humanum
2489 5173 2664 5231 genus
2715 5158 3044 5222 illustravit;
3079 5158 3175 5214 sed
3203 5157 3381 5213 forma

1807 5252 1950 5306 servi
1981 5259 2230 5320 accepta,
2266 5251 2551 5320 radiisque
2577 5250 2800 5306 deitatis
2826 5266 2940 5306 suae
2969 5250 3288 5314 contractis,
3324 5259 3382 5306 et

1805 5341 1859 5395 in
1881 5357 2114 5412 corpore
2136 5341 2295 5412 quasi
2320 5340 2630 5404 demersus,
2664 5356 2789 5396 cum
2822 5341 2892 5397 ad
2917 5356 3176 5396 occasum
3208 5357 3382 5412 usque

1806 5436 2053 5490 mortalis
2085 5435 2210 5490 vita:
2250 5434 2562 5491 devenisset
2589 5439 2774 5505 (quam
2811 5435 2978 5490 vitam
2997 5435 3216 5490 divinus
3231 5434 3380 5507 Apo-

1806 5537 1982 5592 stolus
2007 5535 2260 5592 tenebras
2285 5541 2464 5599 vocat,
2491 5535 2680 5590 dicens
2734 5553 2747 5588 :
2817 5553 2836 5585 ι
2880 5535 3158 5593 Adversus
3191 5536 3381 5600 mundi

1805 5639 2049 5685 rectores
2076 5629 2424 5686 tenebrarum
2458 5628 2654 5683 harum
2676 5629 2719 5660 ⁸ο
2754 5629 2799 5700 ι)
2824 5647 2838 5695 ;
2867 5631 2981 5686 sive
3039 5631 3203 5687 etiam
3253 5645 3381 5688 cum
