3808 6280
376 306 481 405 an

1047 350 1315 408 EUSEBII
1367 348 1843 406 CESARIENSIS
1881 351 2030 406 OPP.
2068 350 2248 407 PARS
2286 353 2371 408 ill.
2414 385 2482 395 --
2522 352 2931 411 EXEGETICA.
3506 365 3590 422 688

382 473 558 540 ipsam
611 476 841 524 mortem
870 469 1151 536 subiisset,
1197 468 1516 524 ascendisse
1543 470 1747 523 dicitur
1781 485 1946 541 super

2070 471 2146 536 τὰς
2170 474 2390 537 ἀκτῖνας
2412 475 2510 547 τῆς
2526 473 2718 528 ἑαυτοῦ
2743 473 2991 545 θεότητος
3014 472 3311 541 συστείλας,
3336 475 3422 529 καὶ
3433 478 3592 552 ῶσπερ

381 590 660 630 occasum.
687 573 824 630 Huic
861 575 1027 645 igitur
1057 576 1309 639 Domino,
1357 577 1450 646 qui
1505 576 1752 631 ascendit
1787 591 1952 645 super

375 683 653 733 occasum,
685 667 844 737 cujus
879 683 1076 722 nomen
1107 666 1238 722 Jesu
1259 681 1356 737 per
1385 669 1440 722 ia
1465 667 1824 738 signiﬁcatur,
1850 667 1954 722 iter

378 759 559 816 facite.
592 758 717 814 Hazc
741 775 907 830 porro
929 760 1230 830 apostolico
1263 759 1436 814 choro
1467 759 1690 830 spiritus
1719 758 1954 831 prophe-

379 853 522 909 ticus
575 855 844 925 prazcipit,
888 864 942 909 et
977 854 1109 908 illud
1158 870 1282 909 eum
1320 853 1603 909 alacritate
1637 861 1691 910 et
1754 853 1952 909 ﬁducia

377 961 575 1018 magna
626 947 804 1018 ipsum
862 963 1121 1019 peragere
1146 947 1323 1019 jubet.
1358 947 1724 1014 Quamobrem
1756 945 1953 1002 deinde

371 1037 582 1094 .infert:
622 1058 640 1090 ι
675 1039 741 1093 Et
763 1040 1033 1096 exsultate
1057 1040 1113 1094 in
1139 1047 1439 1110 conspectu
1465 1039 1617 1108 ejus;
1652 1058 1670 1091 ›
1715 1038 1831 1094 sive
1863 1055 1953 1094 se-

368 1131 620 1186 cundum
673 1130 1086 1204 Symmachum,
1146 1151 1164 1183 ι
1210 1129 1275 1184 Ει
1329 1130 1636 1202 gloriamini
1688 1130 1743 1184 in
1815 1129 1954 1185 facie

365 1223 520 1294 ejus.
587 1243 606 1276 ι
655 1222 831 1278 Aliam
877 1240 1094 1296 quoque
1147 1224 1392 1296 praedicti
1448 1223 1665 1279 Domini
1705 1222 1954 1278 notitiam

369 1315 586 1384 praebet
604 1313 836 1372 dicens:
874 1333 892 1367 ι
924 1314 1104 1370 Patris
1129 1315 1504 1385 orphanorum
1541 1321 1596 1369 et
1636 1314 1843 1384 judicis
1874 1314 1955 1368 vi-

372 1407 635 1461 duarum.
673 1425 692 1458 ι
731 1405 846 1464 Nisi
878 1407 1022 1462 enim
1055 1414 1211 1478 pater
1262 1407 1638 1478 orphanorum
1675 1414 1731 1461 et
1758 1404 1956 1461 vindex

375 1494 654 1570 judexque
676 1501 962 1556 viduarum
1003 1500 1142 1557 eilici
1171 1501 1432 1574 dignatus
1459 1507 1628 1568 esset,
1672 1498 1821 1554 nulla
1851 1498 1955 1568 ipsi

381 1593 520 1647 ratio
551 1591 746 1648 fuisset
777 1608 902 1649 cum
933 1593 1234 1649 humilibus
1263 1602 1442 1647 terrae.
1474 1591 1543 1647 At
1572 1593 1701 1663 quia
1733 1605 1830 1662 per
1850 1591 1955 1646 hu-

379 1685 660 1741 manitatis
702 1700 991 1742 excessum
1027 1685 1286 1756 dignatus
1319 1691 1404 1739 est
1435 1684 1734 1740 ascendere
1791 1698 1955 1753 super

380 1792 658 1844 occasum,
694 1785 750 1834 et
793 1779 848 1834 in
883 1778 1125 1834 tenebris
1163 1777 1535 1847 orphanorum
1568 1785 1724 1848 pater
1746 1774 1952 1840 vocari,

377 1880 433 1925 et
461 1871 750 1927 viduarum
787 1873 1097 1944 patrocinio
1147 1872 1478 1937 carentium,
1538 1871 1956 1939 animarumque

375 1963 660 2028 orbarum,
699 1963 868 2034 judex
912 1971 967 2020 et
1001 1965 1149 2018 ultor
1192 1962 1368 2031 efﬁci;
1404 1963 1530 2033 jure
1569 1963 1636 2018 a‘d
1680 1962 1956 2032 orphanos

379 2056 626 2112 caelestis
650 2055 831 2112 Patris
868 2057 1111 2128 ignaros.
1135 2067 1190 2114 et
1210 2059 1277 2114 ad
1293 2059 1488 2114 viduas
1512 2056 1724 2112 animas
1752 2071 1958 2127 sponso

379 2148 541 2203 orbas
571 2149 717 2204 viam
746 2149 1000 2220 apparari
1027 2151 1201 2220 jubet.
1227 2151 1378 2206 Alias
1402 2164 1621 2221 quoque
1655 2147 1958 2204 Providen—

383 2241 470 2296 tiae
527 2241 794 2297 rationem
842 2242 959 2296 hinc
1021 2243 1295 2298 sententia
1329 2241 1712 2304 declaraverit,
1754 2240 1958 2296 docens

383 2333 576 2388 viduas
596 2341 652 2387 et
679 2331 978 2403 orphanos,
997 2332 1163 2388 orbos
1200 2339 1252 2389 et
1290 2333 1597 2403 patrocinio
1623 2342 1876 2388 carentes
1903 2332 1958 2386 in

385 2423 591 2479 iuundo
630 2424 866 2495 relinqui
897 2439 1007 2478 non
1055 2425 1174 2480 sine
1220 2424 1428 2478 ratione
1461 2431 1516 2478 et
1542 2424 1808 2494 sapientia
1839 2423 1956 2490 Dei;

385 2515 482 2573 sed
529 2516 598 2571 ad
649 2517 771 2586 ejus
817 2515 1070 2588 gloriam,
1105 2516 1334 2586 ejusque
1364 2515 1564 2571 divinae
1598 2515 1962 2587 providentia:

385 2618 786 2682 argumentum.
813 2608 966 2681 Smpe
1000 2610 1183 2681 itaque
1214 2609 1446 2680 orphani
1475 2609 1799 2680 parentibus
1815 2608 1958 2673 orbi,

385 2703 702 2760 accuratius
730 2703 907 2759 edocti
933 2709 987 2760 et
1020 2702 1222 2758 litteris
1252 2702 1491 2757 instituti
1523 2701 1696 2768 fuere,
1726 2717 1891 2772 quam
1923 2701 1961 2756 ii

385 2795 476 2866 qui
509 2811 539 2850 a
573 2795 894 2866 parentibus
933 2794 1151 2850 educati
1181 2802 1341 2862 sunt;
1393 2794 1636 2866 itemque
1691 2794 1964 2850 diuturnae

383 2888 510 2943 vitae
536 2895 592 2942 et
620 2887 816 2942 annosi
847 2889 1178 2943 exstiterunt
1213 2906 1225 2942 :
1262 2901 1439 2958 neque
1480 2887 1659 2942 solum
1692 2887 1760 2942 iis
1790 2887 1962 2942 victui

384 2981 698 3038 necessaria
728 2979 980 3047 adfuere;
1007 2979 1116 3035 imo
1137 2980 1301 3036 etiam
1339 2979 1587 3050 prmclari
1621 2988 1674 3034 et
1720 2979 1964 3035 illustres

384 3088 609 3129 evasere
637 3071 760 3127 viri.
793 3069 1032 3142 Parique
1063 3073 1228 3127 modo
1271 3073 1531 3128 mulieres
1583 3070 1641 3126 in
1675 3069 1962 3126 viduitatis

2055 579 2287 642 καταδὺς
2314 581 2371 632 ἐν
2404 579 2480 650 τῷ
2502 579 2735 649 σώματι,
2770 579 2861 632 ἐπὶ
2892 578 3109 650 δυσμῶν
3133 596 3192 631 τε
3217 579 3492 650 γενόμενος
3517 583 3592 635 τοῦ

2054 669 2246 740 θνητοῦ
2277 669 2413 740 βίου,
2439 669 2536 739 (ὃν
2555 671 2583 722 6
2612 669 2752 732 θεῖος
2787 668 3101 732 Ἀπόστολος
3131 669 3317 731 σκότος
3347 667 3593 740 ὠνόμασεν

2055 759 2243 815 εἰπών·
2289 783 2306 813 ι
2332 761 2476 833 Πρὸς
2497 763 2623 824 τοὺς
2649 762 3098 832 κοσμοκράτορας
3130 759 3224 814 τοῦ
3248 761 3463 824 σκότους
3488 763 3594 816 τούο

2052 855 2192 926 του·)
2228 874 2246 906 ι
2271 854 2303 926 ἦ
2329 857 2385 908 ὲν
2416 853 2566 924 αὐτῷ
2586 854 2820 918 καταδὺς
2846 852 2923 925 τῷ
2969 852 3201 924 θανάτῳ,
3235 851 3474 906 λέλεκται
3501 856 3596 907 ἑπι-

2054 947 2349 1018 ϐεϐηκέναι
2372 948 2464 1001 ἐπὶ
2488 947 2726 1019 δυσμῶν.
2756 947 2943 1018 Τούτῳ
2971 942 3090 1012 οῦν,
3143 945 3297 1016 φησὶ.
3326 944 3402 1015 τῷ
3444 947 3596 1000 ἐπιϐε-

2055 1041 2244 1112 ϐηκότι
2283 1043 2376 1095 ἐπὶ
2419 1041 2640 1112 δυσμῶν
2686 1040 2894 1112 Κυρίῳ,
2927 1035 2986 1094 οῦ
3026 1039 3085 1093 τὸ
3129 1039 3303 1110 Ἰησοῦ
3331 1039 3493 1109 ὄνομα
3528 1040 3598 1093 διὰ

2057 1133 2149 1186 τοῦ
2217 1134 2276 1186 τα
2334 1133 2678 1204 σημαίνεται,
2739 1132 3110 1204 ὀδοποιήσατε.
3168 1131 3493 1201 Προστάττει
3552 1131 3596 1183 δὲ

2053 1226 2228 1280 ταῦτα
2281 1225 2341 1279 τὸ
2377 1226 2601 1296 Πνεῦμα
2659 1224 2720 1278 τὸ
2783 1224 3119 1297 προφητικὸν
3165 1223 3242 1294 τῷ
3292 1223 3598 1294 ἀποστολικῷ

2053 1319 2218 1391 χορῷ,
2257 1317 2348 1372 καὶ
2379 1317 2538 1371 τοῦτο
2567 1317 2824 1390 πράττειν
2875 1317 2971 1370 σὺν
3004 1315 3169 1386 πολλῇ
3225 1314 3495 1387 προθυμίᾳ
3524 1315 3600 1368 καὶ

2055 1411 2337 1484 παρρησίᾳ
2363 1410 2756 1464 ὲπικελεύεται.
2805 1408 2897 1462 Διὸ
2946 1405 3189 1475 ἐπιλέγει
3236 1405 3383 1477 ἑξῆς·
3452 1424 3468 1456 ι
3513 1407 3602 1459 Καὶ

2055 1502 2386 1573 ἀγαλλιᾶσθε
2417 1500 2645 1558 ἐνώπιον
2701 1500 2921 1554 αὐτοῦ’»
2956 1499 2989 1570 ἢ
3021 1498 3163 1553 κατὰ
3187 1498 3278 1551 τὸν
3319 1497 3390 1551 Σύ
3401 1514 3599 1569 μμαχον.

2061 1617 2080 1650 ι
2104 1597 2215 1650 Καὶ
2241 1595 2540 1668 γαυριᾶσθε
2565 1596 2647 1660 εἰς
2679 1595 2969 1667 πρόσωπον
2996 1590 3181 1647 αὐτοῦ.
3199 1611 3217 1643 ι
3255 1591 3366 1645 Καὶ
3424 1589 3535 1644 ἀλλο
3558 1590 3602 1643 δὲ

2055 1688 2338 1760 γνώρισμα
2368 1688 2550 1742 δίδωσι
2579 1686 2670 1741 τοῦ
2702 1684 3135 1758 προδηλωθέντος
3182 1684 3413 1756 Κυρίου,
3441 1683 3602 1752 λέγων·

2063 1801 2082 1834 ι
2120 1781 2226 1835 Τοῦ
2261 1782 2466 1853 πατρὸς
2491 1779 2599 1834 τῶν
2630 1779 2880 1849 ὀρφανῶν
2907 1777 3004 1832 καὶ
3035 1775 3226 1850 κριτοῦ
3257 1775 3361 1829 τῶν
3395 1775 3599 1847 χηρῶν.»

1985 1851 2028 1906 Β
2056 1874 2120 1926 El
2157 1875 2230 1945 μὴ
2273 1851 2384 1946 γὰρ
2413 1871 2663 1946 ὀρφανῶν
2688 1871 2886 1943 ἠξίωσε
2920 1868 3167 1938 γενέσθαι
3213 1869 3419 1940 πατὴρ,
3453 1865 3606 1938 χηρῶν

2056 1984 2114 2020 τε
2138 1965 2350 2030 ἔκδικος
2379 1965 2472 2018 καὶ
2522 1963 2736 2037 κριτὴς,
2787 1961 2961 2024 οὐδεὶς
3005 1955 3073 2032 ἦν
3109 1959 3258 2030 αὐτῷ
3301 1958 3458 2028 λόγος
3497 1957 3608 2029 πρὸς

2057 2059 2182 2122 τοὺς
2207 2057 2299 2109 ἐπὶ
2342 2057 2445 2128 γῆς
2496 2054 2805 2118 ταπεινούς.
2868 2053 3021 2106 Ἐπεὶ
3074 2051 3129 2105 δὲ
3179 2051 3300 2104 καθ’
3336 2049 3608 2122 ὑπερϐολὴν

2059 2149 2465 2221 φιλανθρωπίας
2493 2147 2829 2219 κατηξίωσεν
2853 2145 3109 2216 ἐπιϐῆναι
3149 2144 3242 2197 ἐπὶ
3272 2142 3508 2213 δυσμῶν,
3535 2143 3610 2194 καὶ

2057 2243 2165 2296 τῶν
2194 2245 2251 2296 ὲν
2282 2241 2359 2311 τῷ
2382 2241 2556 2312 σκότῳ
2579 2238 2829 2312 ὀρφανῶν
2856 2237 3192 2310 χρηματίσαι
3223 2235 3428 2306 πατὴρ,
3449 2233 3542 2285 τῶν
3565 2248 3610 2284 τε

2058 2335 2436 2406 ἀπεριστάτων
2459 2333 2644 2404 χηρῶν
2665 2350 2723 2386 τε
2751 2331 2844 2385 καὶ
2877 2333 3100 2402 ἐρήμων
3131 2327 3320 2400 ψυχῶν
3340 2327 3524 2399 κριτὴς
3541 2327 3613 2378 καὶ

2060 2429 2269 2492 ἔκδικος
2301 2427 2571 2497 γενέσθαι·
2609 2426 2832 2488 είκότως
2881 2424 2976 2495 τὴν
3006 2423 3121 2478 ὁδὸν
3153 2422 3509 2494 τὴν,ἇγουσαν
3541 2420 3613 2472 ἐπὶ

2059 2524 2182 2586 τοὺς
2209 2521 2480 2594 ὀρφανοὺς
2537 2520 2662 2583 τοὺς
2689 2519 2779 2572 τὸν
2812 2517 3131 2589 ἐπουράνιον
3174 2514 3499 2585 ἀγνοοῦντας
3521 2513 3613 2565 Ila-

2059 2614 2213 2687 τέρα,
2247 2614 2339 2668 ἐπί
2388 2631 2448 2666 τε
2497 2612 2595 2675 τὰς
2643 2612 3008 2683 ἐστερημένας
3040 2610 3133 2664 τοῦ
3180 2609 3419 2679 νυμφίου
3472 2607 3618 2676 χήρας

2060 2709 2238 2780 ψυχὰς
2269 2708 2532 2762 ὁδοποιεῖν
2564 2702 3014 2776 παρακελεύεται.
3066 2700 3177 2754 Καὶ
3231 2699 3407 2762 ἄλλως
3442 2698 3512 2760 δὲ,
3540 2692 3615 2747 τοῦ

2063 2802 2190 2873 περὶ
2214 2798 2480 2872 Προνοίας
2503 2797 2662 2866 λόγου
2695 2797 2888 2864 γένοιτ’
2941 2794 3007 2847 ἂν
3037 2795 3069 2865 ή
3116 2791 3324 2845 διάνοια
3363 2806 3616 2863 παραστα-

2061 2893 2210 2965 τικὴ,
2251 2893 2598 2954 διδάσκουσα,
2629 2890 2709 2942 ὅτι
2733 2887 2898 2959 χῆραι
2941 2887 3034 2940 καὶ
3068 2885 3295 2956 ὀρφανοὶ
3325 2883 3516 2956 ἔρημοι
3543 2882 3619 2934 καὶ

2063 2985 2413 3057 ἁπερίστατοι
2438 2981 2857 3036 καταλείπονται
2881 2978 2938 3029 έν
2961 2975 3038 3048 τῷ
3064 2975 3165 3047 βίῳ
3193 2975 3294 3028 οὐκ
3339 2973 3468 3027 ἄνευ
3487 2973 3618 3040 λόγον

2064 3078 2157 3130 καὶ
2189 3076 2381 3145 σοφίας
2402 3071 2560 3140 Θεοῦ,
2588 3072 2702 3126 ἀλλ’
2728 3073 2807 3134 είς
2832 3069 2984 3134 δόξαν
3005 3067 3170 3122 αὐτοῦ
3193 3070 3286 3121 καὶ
3316 3070 3398 3131 είς
3429 3065 3620 3130 ἔνδειξιν

385 3167 747 3221 infortunium
780 3166 966 3234 lapsae,
1011 3164 1287 3231 alacriori,
1332 3163 1561 3220 feliciori
1617 3179 1680 3218 ac
1738 3163 1962 3234 religio-

2070 3170 2165 3240 τῆς
2190 3167 2353 3224 αὑτοῦ
2389 3167 2538 3230 θείας
2565 3165 2889 3236 ἐπισκοπῆς.
2924 3163 3189 3226 Πολλάκις
3209 3161 3338 3230 γοῦν
3367 3164 3417 3215 οἱ
3450 3160 3620 3228 γονέων

390 3259 528 3315 siori
560 3259 672 3312 vita
706 3256 1007 3327 perfuncta:
1041 3262 1190 3319 sunt,
1215 3271 1377 3326 quam
1407 3256 1512 3311 illae
1539 3271 1661 3326 qua:
1684 3256 1739 3309 in
1773 3255 1966 3325 conju-

387 3349 478 3420 gi'o
499 3350 668 3405 vitam
700 3357 946 3422 egerant.
982 3349 1128 3405 Deus
1162 3349 1362 3420 quippe
1401 3349 1527 3420 plus
1556 3350 1819 3421 orphanis
1845 3363 1970 3418 pro-

391 3440 574 3509 Spicit,
620 3455 786 3511 quam
841 3447 1023 3511 patres
1082 3440 1244 3509 filiis;
1277 3449 1332 3496 et
1367 3442 1656 3497 viduarum
1701 3449 1968 3512 patronus

390 3533 696 3605 vindexque
724 3541 827 3589 est.
855 3519 1037 3600 Quare
1064 3533 1269 3588 dictum
1310 3541 1394 3588 est
1424 3553 1437 3590 :
1486 3553 1504 3586 ι
1559 3533 1739 3593 Patris
1767 3535 1968 3604 orpha-

392 3627 589 3680 norum
621 3623 896 3694 etjudicis
914 3625 1226 3680 viduarum.
1261 3643 1279 3676 ι
1307 3623 1416 3680 Pro
1445 3625 1538 3680 illo
1563 3633 1765 3691 autem,
1802 3645 1820 3676 ι
1863 3626 1969 3693 Qui

394 3717 641 3772 as‘cen‘dit
669 3733 833 3788 super
872 3733 1168 3783 occasum;
1210 3737 1227 3768 ι
1265 3715 1650 3788 Symmachus,
1686 3737 1705 3769 ι
1743 3717 1844 3785 Qui
1877 3734 1972 3773 ve-

399 3809 550 3862 liitur
598 3811 652 3864 in
703 3810 1025 3864 inhabitata.
1095 3829 1113 3861 ι
1174 3811 1536 3865 lnhahitatam
1585 3826 1752 3882 porro
1787 3820 1968 3875 vocat,

397 3902 822 3973 alienigenarum
857 3911 912 3958 et
952 3911 1336 3958 extraucarum
1381 3903 1626 3972 gentium
1653 3904 1969 3975 regionem;

397 4023 519 4077 quze
557 4007 680 4062 aliis
714 4008 770 4061 in
821 4007 959 4062 locis
995 4007 1275 4063 desertum
1330 4008 1639 4077 nuncupari
1697 4009 1858 4065 solet.
1895 4008 1973 4065 Ac

397 4128 592 4170 rursus
612 4128 710 4184 pro
734 4113 849 4179 illo,
887 4134 907 4164 ι
931 4114 1135 4185 judicis
1163 4113 1493 4182 viduarum;
1534 4134 1552 4166 ι
1587 4115 1806 4184 Aquila,
1835 4136 1853 4167 ι
1884 4115 1977 4186 ju-

397 4221 633 4279 dicantis
664 4222 895 4290 viduas;
957 4243 974 4275 ι
1035 4221 1419 4294 Symmachus,
1467 4241 1486 4274 ι
1523 4222 1842 4279 ulciscentis
1891 4223 1974 4278 vi-

398 4330 560 4388 duas.
602 4351 620 4382 ι
656 4331 918 4401 Apposite
975 4331 1264 4385 admodum
1323 4339 1536 4402 patrem
1571 4329 1971 4400 orphanorum,

400 4432 947 4505 viduarumjudicem
969 4441 1144 4487 vocat.
1180 4433 1319 4499 Quia
1355 4434 1499 4490 enim
1532 4448 1643 4489 non
1664 4448 1858 4490 omnes
1892 4433 1979 4488 vi-

401 4540 522 4597 duae
555 4541 744 4596 eodem
791 4541 917 4596 vitae
969 4541 1222 4596 instituto
1279 4551 1426 4607 sunt,
1488 4539 1799 4610 dijudicans
1855 4540 1972 4612 ipse

2073 3261 2424 3334 ἐστερημένοι
2453 3259 2640 3321 παῖδες
2663 3257 2888 3330 ὀρφανοὶ
2920 3254 3118 3327 μᾶλλον
3148 3253 3257 3308 τῶν
3283 3253 3389 3306 ὑπὸ
3414 3251 3622 3322 πατράσι

2072 3353 2387 3427 τραφέντων
2419 3351 2590 3420 λόγων
2623 3350 2715 3404 καὶ
2750 3347 2994 3411 παιδείας
3042 3347 3324 3418 μετέσχον,
3364 3341 3621 3417 μακρόϐιοι

2073 3464 2132 3501 τε
2165 3447 2258 3500 καὶ
2304 3444 2642 3516 πολυχρόνιοι
2698 3444 2969 3511 γεγόνασι·
3003 3441 3096 3495 καὶ
3139 3439 3201 3492 οῦ
3237 3440 3396 3510 μόνον
3447 3434 3622 3508 τροφῆς

2075 3539 2415 3611 ηὐπόρησαν,
2435 3534 2568 3589 ἀλλὰ
2586 3534 2680 3588 καὶ
2712 3535 2790 3597 είς
2820 3533 3120 3604 ἐπισήμους
3147 3529 3348 3602 ἄνδρας
3364 3526 3623 3601 προῆλθον.

2076 3631 2187 3687 Καὶ
2219 3632 2472 3700 γυναῖκες
2501 3627 2760 3690 ὡσαύτως
2791 3626 2987 3700 χηρίαν
3013 3625 3413 3695 δυστυχήσασαι
3453 3618 3622 3692 μᾶλλον

2076 3727 2184 3779 τῶν
2208 3727 2264 3779 ὲν
2297 3722 2525 3794 συζυγία
2558 3722 2670 3792 βίον
2697 3719 2931 3791 εὔθυμον
2961 3718 3053 3772 καὶ
3077 3717 3280 3773 ἄλυπον
3303 3715 3397 3770 καὶ
3428 3711 3622 3782 θεοσεϐῆ

2077 3818 2370 3889 διεξῆλθον·
2404 3816 2497 3870 τοῦ
2547 3813 2680 3870 Θεοῦ
2713 3817 2828 3877 τοῖς
2855 3812 2954 3880 μὲν
3001 3813 3256 3882 ὀρφανοῖς
3306 3809 3442 3880 ὑπὲρ
3473 3807 3623 3860 πάντα

2049 3910 2292 3982 .πατέρα
2325 3906 2713 3970 καταστάντος,
2747 3906 2866 3968 ταῖς
2914 3903 2970 3955 δὲ
3021 3904 3218 3973 χήραις
3271 3898 3624 3968 ἀντιλήπτομ

2080 4017 2176 4072 καὶ
2202 4016 2437 4070 ἐκδίκου.
2461 4013 2551 4067 Διὸ
2577 4012 2807 4085 εἴρηταιο
2855 4030 2873 4062 ι
2902 4008 3008 4062 Τοῦ
3051 4007 3254 4080 πατρὸς
3278 4005 3388 4060 τῶν
3407 4000 3623 4076 ὀρφανῶν

2082 4119 2177 4172 καὶ
2207 4117 2391 4188 κριτοῦ
2434 4115 2540 4168 τῶν
2589 4113 2826 4186 χηρῶν.»
2872 4111 3016 4166 Ἀντὶ
3047 4109 3104 4162 δὲ
3139 4107 3259 4173 τοῦ,
3301 4126 3321 4158 ι
3361 4106 3448 4178 Τῷ
3471 4102 3624 4194 ἐπιϐε-

2085 4224 2276 4294 ϐηκότι
2311 4223 2403 4275 ἐπὶ
2433 4219 2707 4291 δυσμῶν,›
2740 4220 2768 4271 6
2791 4219 3101 4289 Σύμμαχος·
3145 4234 3164 4267 ι
3193 4213 3284 4285 Τῷ
3312 4207 3624 4283 ἐποχουμένῳ

2087 4328 2144 4380 ὲν
2175 4328 2242 4396 τῇ
2282 4325 2572 4395 ἀοικήτῳ.»
2615 4323 2898 4394 Ἀοίκητον
2933 4320 2990 4373 δὲ
3022 4319 3178 4374 καλεῖ
3219 4317 3318 4388 τὴν
3364 4314 3466 4368 τῶν
3497 4311 3622 4366 ἀλλο-

2086 4431 2259 4502 γενῶν
2282 4432 2376 4485 καὶ
2406 4430 2718 4501 ἀλλοφύλων
2748 4428 2915 4482 ἐθνῶν
2943 4426 3147 4499 χώραν’
3185 4425 3253 4495 ἢν
3303 4423 3498 4497 ἔρημον
3533 4417 3625 4470 ὀνο-

2093 4541 2281 4614 μάζειν
2314 4541 2370 4594 ὲν
2397 4541 2604 4610 ἑτέροις
2648 4536 2836 4592 εἴωθεν
2878 4535 2906 4588 6
2937 4535 3111 4603 λόγος.
3151 4529 3261 4584 Καὶ
3309 4528 3467 4582 πάλιν
3509 4521 3620 4581 ἀντὶ.

405 4659 650 4716 quaenam
679 4663 740 4704 se
777 4646 973 4720 dignae,
1006 4662 1128 4719 quae
1161 4662 1271 4702 non
1303 4646 1480 4717 dignae
1525 4647 1655 4710 sint,
1696 4646 1863 4716 judex
1888 4661 1966 4703 ea-

2096 4667 2114 4699 t
2148 4647 2239 4702 τοῦ
2266 4646 2455 4721 κριτοῦ
2478 4645 2586 4698 τῶν
2606 4641 2843 4716 χηρῶν,›
2875 4642 2903 4694 ὁ
2949 4641 3046 4710 μὲν
3085 4635 3337 4700 Ἀκύλας,
3362 4653 3381 4686 ι
3407 4624 3623 4687 δικαστοῦ

406 4768 529 4806 rum
561 4753 936 4809 constituitur.
969 4753 1156 4823 Neque
1185 4759 1370 4806 tamen
1420 4751 1538 4822 pari
1584 4751 1747 4808 modo
1775 4752 1976 4824 orpha-

404 4873 601 4914 norum
621 4861 788 4931 judex
824 4860 989 4915 fuerit
1023 4881 1033 4914 :
1067 4875 1223 4931 aeque
1239 4860 1384 4915 enim
1415 4859 1526 4914 illis
1555 4873 1655 4914 ceu
1680 4868 1836 4930 pater
1853 4875 1983 4931 pro-

409 4969 594 5040 spicit.

2087 4754 2292 4826 χηρῶν,
2307 4773 2325 4805 ι
2347 4754 2374 4806 6
2406 4751 2462 4804 δὲ
2490 4749 2802 4820 Σύμμαχος,
2823 4765 2842 4797 ι
2872 4745 2966 4800 καὶ
2983 4741 3399 4816 ὑπερδικοῦντος
3419 4735 3618 4811 χηρῶν,ι

2087 4861 2463 4932 ήρμήνευσαν.
2501 4857 2714 4928 Σφόδρα
2733 4855 2791 4909 δὲ
2837 4850 3078 4925 ἀκριϐῶς
3103 4848 3353 4923 ὀρφανῶν
3383 4847 3476 4920 μὲν
3494 4841 3623 4898 αὐτὸν

2091 4965 2304 5036 πατέρα
2329 4961 2613 5025 ἀποκαλεῖ,
2645 4959 2830 5032 χηρῶν
2874 4959 2932 5012 δὲ
2976 4957 3190 5030 κριτήν.
3233 4953 3388 5007 Ἐπεὶ
3428 4949 3527 5021 γὰρ
3569 4943 3624 5015 μὴ

409 5065 580 5121 πᾶσαι
608 5066 772 5138 χῆραι
798 5066 898 5136 τῆς
924 5066 1046 5136 ίσης
1079 5065 1383 5135 ὑπάρχουσι
1445 5062 1835 5135 προαιρέσεως,
1895 5061 2184 5134 διακρίνων
2254 5059 2350 5121 τὰς
2409 5057 2563 5124 ἀξίας
2598 5055 2761 5109 αὐτοῦ
2831 5055 2925 5108 καὶ
2963 5051 3062 5116 τὰς
3114 5049 3188 5122 μὴ
3229 5046 3624 5138 comi-3149f?"

409 5161 508 5233 τὴς
534 5136 713 5216 αὐτῶν
745 5161 1087 5216 καθίσταται.
1116 5163 1191 5214 Οὐ
1237 5161 1343 5233 μὴν
1380 5162 1474 5214 καὶ
1503 5159 1764 5232 ὀρφανῶν⁵
1786 5158 1986 5228 ὁμοίως
2022 5156 2216 5228 γένοιτ’
2259 5155 2324 5210 ἂν
2350 5155 2540 5227 κριτής
2560 5169 2572 5182 ·
2605 5151 2663 5218 ἐξ
2697 5152 2811 5204 ῖσου
2845 5150 2954 5221 γὰρ
2976 5147 3180 5202 τούτων
3247 5142 3450 5215 πατρὸς
3504 5136 3623 5202 δίκην

412 5259 647 5326 προνοεῖ.

489 5380 652 5436 Vsus.
688 5381 738 5434 7.
780 5399 799 5431 ι
838 5377 981 5436 Deus
1025 5380 1080 5434 in
1115 5380 1234 5434 loco
1269 5387 1462 5435 sancto
1489 5395 1611 5445 suo,
1654 5379 1800 5436 Deus
1830 5381 1988 5435 inha-

423 5469 601 5527 bitare
619 5470 751 5525 facit
784 5476 948 5526 unius
968 5472 1138 5526 moris
1171 5473 1224 5526 in
1254 5472 1441 5527 domo.
1481 5492 1499 5525 ι
1532 5471 1672 5539 Quia
1725 5488 1993 5528 memora-

2175 5400 2193 5433 (
2230 5380 2287 5433 Ὀ
2317 5377 2448 5441 Θεὸς
2481 5377 2538 5429 ἐν
2577 5377 2726 5444 τόπῳ
2763 5372 2902 5444 ἁγίῳ
2934 5370 3118 5435 αὐτοῦ,
3153 5371 3182 5422 6
3205 5367 3339 5430 Θεὸς
3370 5355 3623 5418 κατοικίζει

2100 5472 2462 5544 μονοτρόπους
2490 5471 2548 5523 ὲν
2606 5469 2758 5539 οἴκῳ.
2775 5487 2792 5520 ι
2840 5465 3056 5535 Ἐπειδὴ
3112 5463 3203 5517 τὸν
3261 5451 3625 5544 προδηλωθένῖα

418 5573 534 5618 tum
572 5562 861 5618 Dominum
894 5565 1054 5634 quasi
1101 5564 1412 5632 deprimens
1438 5565 1698 5620 humilem
1726 5565 1781 5620 in
1814 5565 1966 5620 locun

2097 5536 2300 5637 Κύριον
2330 5565 2479 5618 κάτω
2501 5579 2602 5616 που
2634 5536 2726 5615 sui.
2771 5560 2832 5614 τὸ
2875 5558 3128 5614 ταπεινὸν
3178 5554 3478 5637 κατήγαγεν
3501 5545 3527 5596 6

419 5656 743 5720 deduxerat,
783 5655 974 5710 dicens
993 5655 1311 5710 ascendisse
1334 5671 1502 5726 super
1531 5673 1812 5722 occasum,
1843 5673 1992 5713 esse-

422 5760 529 5815 que
561 5754 772 5816 patrem
807 5748 1175 5816 orphanorum
1198 5757 1253 5800 et
1277 5746 1517 5815 judicem
1546 5750 1871 5818 viduarum;
1899 5765 1995 5806 ne-

425 5841 666 5896 cessario
713 5841 778 5894 ad
809 5840 929 5909 ejus
977 5838 1235 5894 deitatem
1286 5836 1686 5907 praedicandam
1740 5843 1991 5908 vertitur,

2096 5623 2212 5725 τος,
2241 5653 2624 5724 ἐπιϐεϐηκέναι
2651 5650 2746 5703 ἐπὶ
2771 5646 2989 5719 δυσμῶν
3023 5646 3201 5715 φήσας
3219 5639 3397 5700 αὑτὸν,
3417 5623 3626 5725 ὀρφανῶν

2097 5765 2156 5800 τε
2178 5743 2317 5800 εἶναι
2348 5744 2562 5815 πατέρα
2585 5742 2679 5797 καὶ
2705 5739 2887 5813 χηρῶν
2914 5737 3125 5810 κριτὴν,
3155 5728 3457 5800 ἀναγκαίως
3495 5721 3626 5771 ἐπαν-

2100 5839 2317 5909 έρχεται
2352 5837 2444 5892 ἐπὶ
2493 5837 2590 5904 τὴν
2655 5835 2786 5902 περὶ
2825 5830 2987 5886 αὑτοῦ
3045 5825 3341 5894 θεολογίαν,
3381 5816 3625 5880 διδάσκων,
