3808 6280
206 348 303 401 68$

1309 340 1817 396 COMMENTARIA
1858 340 1922 395 IN
1964 340 2303 397 PSALMOS.

3308 416 3315 431 ‘
3338 344 3445 399 69D

204 469 278 523 δτι
300 458 412 526 ταὶς
446 462 541 533 μὲν
565 460 975 532 προλεχθείσαις
1007 459 1241 529 δυσμαῖς
1269 458 1359 512 διά
1386 476 1537 522 τινας
1556 461 1760 512 οἰκονο-

1871 459 2068 512 docens
2086 472 2213 512 eum
2232 455 2299 510 ad
2327 456 2646 526 praedictum
2674 473 2932 513 occasum
2962 474 3058 528 per
3082 456 3445 517 oeconomiam

209 560 324 632 μίας
346 556 473 627 πρὸς
510 554 709 624 βραχὺν
742 551 1009 605 ἐπιϐαίνει
1040 550 1250 621 χρόνον·
1282 552 1343 603 τό
1376 568 1439 619 γε
1482 553 1587 623 μὴν
1613 552 1767 621 οῑκη-

194 652 373 721 τήριον
410 643 570 698 αὐτοῦ
600 648 693 696 καὶ⁸
732 643 1072 714 ήπρέπουσα
1122 641 1272 716 αὐτῷ
1299 642 1548 714 διατριϐὴ
1577 643 1676 696 οὐκ
1707 644 1764 695 ἐν

202 739 413 808 δυσμαῖς
469 736 636 798 ἐστιν,
696 754 714 785 ι
743 734 856 788 ἀλλ’
883 736 941 786 ἐν
1002 735 1153 805 τόπῳ
1176 735 1339 805 ἁγίῳ·
1377 755 1394 783 »
1443 736 1476 806 ἢ
1504 736 1646 789 κατὰ
1672 736 1762 789 τὸν

214 825 445 889 Ἀκύλαν,
482 826 574 876 «ἐν
608 823 910 895 οἰκητηρίῳ
946 824 1265 895 ήγιασμένῳ
1301 825 1520 879 αὐτοῦ’»
1554 827 1586 897 ἢ
1624 825 1767 880 κατὰ

200 918 281 970 τὸν
311 916 619 987 Σύμμαχον,
680 935 698 967 ι
734 918 790 969 ἐν
839 917 1128 987 βασιλείοις
1157 917 1333 986 ἁγίοις
1354 918 1571 973 αὐτοῦ.»
1611 920 1765 972 Ἔστι

204 1011 291 1081 μὲν
316 1009 419 1079 γὰρ
448 1008 594 1079 αὐτῷ
631 1009 793 1073 τόπος
815 1012 1117 1082 ἐμπρέπων
1158 1011 1254 1065 καὶ
1287 1012 1542 1083 ἁρμόζων
1570 1015 1635 1086 τῇ
1666 1013 1766 1065 αὐ-

198 1101 281 1154 τοῦ
309 1100 535 1170 θεότητι·
552 1100 701 1171 ὅμως
726 1101 770 1155 δ’
790 1097 900 1167 οὖν,
920 1103 1300 1176 φιλάνθρωπος
1321 1104 1416 1169 ὢν,
1452 1104 1545 1157 τοῦ
1566 1103 1764 1157 οἰκείου

202 1192 443 1265 μεγέθους
497 1193 944 1261 ὑποκαταϐαίνει,
1002 1197 1426 1265 συγκαταϐαίνει
1462 1214 1519 1249 τε
1563 1198 1677 1261 τοῖς
1710 1198 1767 1250 ἐν

196 1284 408 1354 δυσμαῖς
432 1284 672 1338 οίκοῦσιν
700 1287 952 1357 ὀρφανοῖς
1005 1288 1099 1342 καὶ
1152 1289 1369 1360 χήραις.
1414 1287 1505 1341 Διὸ
1535 1290 1628 1342 καὶ
1681 1288 1770 1341 ἀλ-

197 1375 343 1446 λαχοῦ
386 1376 619 1447 εἴρηται·
683 1395 703 1429 ι
750 1380 871 1432 Ὅτι
926 1379 1033 1433 ἰδοὺ
1095 1380 1297 1451 Κύριος
1348 1379 1553 1450 Κύριος
1604 1380 1770 1431 ἐκπο-

200 1466 396 1536 ρεύεται
427 1467 519 1519 καὶ
544 1467 917 1538 καταϐήσεται
946 1472 1009 1521 ἐκ
1036 1468 1130 1521 τοῦ
1153 1470 1319 1523 τόπου
1350 1468 1538 1524 αὐτοῦ.
1564 1487 1582 1521 »
1621 1469 1768 1521 Κατ-

198 1556 281 1613 ιὼν
309 1558 361 1610 δὲ
414 1558 626 1611 ἐνθένδε
685 1559 781 1613 καὶ
837 1559 1135 1613 ἐπιϐαίνων
1176 1560 1270 1612 ἐπὶ
1317 1559 1547 1632 δυσμὰς,
1602 1559 1763 1611 ὁποῖα

195 1650 563 1722 διαπράττεται
608 1652 953 1723 θεασώμεθα.
1019 1652 1399 1717 «Κατοικίζει,
1459 1653 1613 1724 φησι,
1674 1668 1769 1721 μο-

196 1748 471 1820 νοτρόπους
494 1750 553 1800 ἐν
570 1746 757 1819 οἴκῳ.»
793 1747 951 1801 Κατὰ
986 1746 1042 1799 δέ
1086 1747 1177 1799 τὸν
1211 1746 1525 1817 Σύμμαχον,
1559 1763 1577 1795 ‹
1604 1744 1768 1796 Δίδω-

1872 550 1940 605 ad
1977 549 2142 604 breve
2187 556 2402 618 tempus
2449 548 2786 605 ascendisse.
2844 547 3191 605 Domicilium
3247 552 3448 624 quippe

1869 644 1989 712 ejus
2020 649 2076 698 et
2103 641 2373 712 condigna
2396 640 2570 710 ipsius
2604 640 2869 697 habitatio
2894 658 3004 697 non
3041 643 3096 697 in
3123 658 3321 699 occasu
3338 654 3444 711 est;

1869 736 1961 791 sed
2008 754 2027 787 ι
2069 735 2276 789 inloco
2323 739 2548 799 sancto;
2602 752 2621 785 »
2683 733 2798 788 sive
2830 734 3133 789 secundum
3168 735 3444 805 Aquilam,

1874 846 1892 878 ι
1941 826 1997 880 in
2020 824 2341 881 habitacqu
2378 823 2721 879 sanctificata
2751 839 2886 890 suo;
2928 843 2947 876 ι
2994 834 3089 879 aut
3143 829 3444 884 secundum

1873 918 2284 990 Symmachum,
2312 935 2329 966 ‹
2358 917 2412 971 in
2443 917 2591 987 regia
2621 923 2809 971 sancta
2845 931 2964 971 sua.
2999 938 3016 969 »
3053 917 3149 972 Est
3175 921 3319 974 enim
3340 921 3446 991 ipsi

1869 1012 2029 1067 locus
2054 1010 2385 1075 condecens,
2425 1017 2479 1064 et
2512 1009 2704 1063 deitati
2738 1008 2858 1079 cjus
2890 1020 3322 1077 consentaneus;
3348 1012 3444 1067 sed

1868 1111 2052 1158 tamen
2088 1103 2365 1157 humanus
2395 1116 2521 1157 cum
2577 1101 2672 1167 sit,
2718 1116 2751 1155 a
2799 1101 3021 1171 propria
3070 1103 3446 1174 magnitudine

1869 1195 2175 1258 descendit,
2206 1193 2581 1265 orphanisque
2613 1204 2670 1249 et
2705 1192 2891 1249 viduis
2930 1194 2985 1248 in
3038 1210 3238 1250 occasu
3291 1195 3446 1251 habi-

1871 1287 2115 1341 tantibus
2166 1301 2286 1341 sese
2350 1293 2696 1356 attemperat.
2756 1284 2937 1352 Quare
2993 1286 3122 1341 alibi
3172 1288 3373 1342 dicitur
3430 1308 3440 1343 :

1877 1397 1895 1430 ι
1931 1378 2072 1444 Quia
2094 1392 2223 1432 ecce
2244 1376 2510 1432 Dominus
2544 1376 2806 1434 Dominus
2843 1378 3122 1449 egreditur
3144 1386 3197 1433 et
3225 1379 3447 1435 descen-

1872 1470 1963 1525 det
1999 1469 2067 1524 de
2092 1470 2216 1523 loco
2252 1484 2373 1524 suo.
2420 1489 2439 1522 »
2471 1468 2609 1525 Cum
2634 1476 2813 1525 autem
2849 1470 2974 1526 inde
3002 1471 3372 1536 descenderit,
3393 1480 3449 1528 et

1871 1561 2183 1617 ascenderit
2243 1576 2411 1631 super
2454 1576 2737 1627 occasum,
2786 1576 2907 1631 quae
2937 1570 3215 1632 operetur,
3256 1562 3446 1617 videa-

1873 1669 2017 1709 mus.
2061 1672 2080 1705 ι
2123 1650 2438 1708 lnhabitare
2495 1651 2647 1719 facit,
2694 1653 2894 1724 inquit,
2941 1656 3106 1713 unius
3170 1656 3340 1711 moris
3388 1655 3445 1711 in

1872 1746 2056 1801 domo.
2099 1763 2118 1796 »
2152 1742 2470 1799 Secundum
2498 1742 2888 1815 Symmachum
2935 1754 3139 1813 autem,
3177 1766 3196 1800 ‹
3233 1746 3335 1803 Dat
3359 1748 3444 1803 in-

197 1857 272 1892 σιν
297 1843 459 1893 οἰκεῖν
487 1841 742 1911 μοναχοῖς
772 1839 1003 1893 οἰκίων»
1068 1838 1162 1891 καὶ
1190 1838 1330 1891 κατά
1366 1837 1455 1891 τὸν
1516 1835 1764 1897 Ἀκύλαν,

1871 1835 2223 1891 habitandam
2249 1836 2536 1892 monachis
2561 1836 2813 1903 domum;
2866 1855 2885 1889 »
2921 1840 3224 1896 secundum
3276 1841 3447 1911 Aqui-

199 1952 214 1983 ι
234 1929 444 1995 Καθίζει
474 1934 787 2003 μονογενεῖς
815 1930 1076 1985 οἶκονδε·»
1113 1930 1254 1985 κατὰ
1283 1931 1339 1984 δέ
1367 1930 1467 2001 τὴν
1502 1929 1760 2000 πέμπτην

192 2024 403 2089 ἔκδοσιν,
476 2045 495 2076 ‹
524 2024 840 2088 Κατοικίζει
882 2022 1217 2095 μονοξώνους
1275 2026 1334 2078 ὲν
1376 2026 1529 2095 οίκῳ.
1575 2043 1594 2076 »
1653 2024 1762 2077 Καὶ

191 2117 318 2170 τοῦτ’
351 2113 417 2188 ἦν
446 2118 511 2170 τὸ
541 2118 756 2189 πρῶτον
778 2117 943 2171 αὐτοῦ
996 2117 1345 2189 κατόρθωμα⁸
1374 2118 1403 2171 ὃ
1441 2117 1506 2189 δὴ
1539 2118 1635 2171 καὶ
1663 2117 1761 2186 μέ-

190 2227 358 2277 γιστον
388 2210 498 2264 τῶν
529 2210 693 2263 αὑτοῦ
748 2210 1190 2283 κατορθωμάτων
1221 2210 1300 2282 τῷ
1326 2211 1435 2263 τῶν
1459 2208 1762 2284 ἀνθρώπων

189 2298 469 2372 δεδώρηται
515 2301 681 2369 γένει.
744 2302 817 2354 Τὸ
870 2300 1000 2370 γοῦν
1058 2300 1274 2373 πρῶτον
1311 2301 1498 2372 τάγμα
1547 2302 1655 2356 τῶν
1704 2303 1762 2355 ἐν

190 2392 393 2464 Χριστῷ
421 2394 846 2466 προκοπτόντων
897 2395 958 2448 τὸ
1020 2394 1130 2447 τῶν
1186 2397 1435 2467 μοναχῶν
1479 2396 1758 2465 τυγχάνει.

187 2484 395 2536 Σπάνιοι
426 2484 486 2536 δέ
532 2487 669 2537 εἰσιν
699 2478 862 2539 οῦτοιο
932 2485 1013 2539 διδ
1062 2486 1204 2541 κατά
1259 2488 1351 2541 τὸν
1406 2486 1635 2540 Ἀκύλαν
1669 2504 1763 2557 μο-

186 2578 406 2641 νογενεῖς
468 2575 870 2647 ὠνομάσθησαν
896 2577 1319 2648 ἀφωμοιωμένοι
1366 2576 1444 2648 τῷ
1486 2580 1764 2648 μονογενεῖ

190 2665 291 2737 Υἱῷ
319 2667 409 2719 τοῦ
443 2666 606 2721 Θεοῦ.
647 2666 804 2720 Κατά
830 2668 887 2720 δέ
916 2668 1041 2731 τοὺς
1082 2668 1481 2739 Ἐϐδομήκοντα
1508 2669 1762 2739 μονότρο-

189 2777 268 2812 ποι
323 2761 708 2831 τυγχάνουσιν,
760 2760 875 2814 ἀλλ’
904 2762 964 2813 οὐ
1014 2761 1363 2833 πολύτροποι,
1412 2760 1532 2814 ούδέ
1574 2761 1761 2814 ἄλλοτε

186 2851 344 2915 ἄλλως
367 2852 458 2904 τὸν
498 2850 708 2905 ἑαυτῶν
736 2851 1160 2923 μεταϐάλλοντες
1192 2852 1412 2924 τρόπον,
1463 2852 1559 2905 ἕνα
1586 2852 1642 2904 δὲ
1676 2853 1765 2923 μό-

186 2960 266 2996 νον
289 2943 705 3015 κατορθοῦντες,
739 2946 830 2997 τὸν
859 2948 939 3008 εἰς
970 2945 1138 3018 ἀκρον
1167 2947 1369 3016 ἥκοντα
1394 2948 1613 3017 ἀρετῆς.
1651 2950 1763 3002 Μο-

186 3037 435 3102 νοζώνους
461 3039 524 3092 δὲ
561 3038 757 3102 αὐτοὺς
779 3040 812 3108 ἡ
844 3039 1070 3110 πέμπτη
1099 3039 1309 3103 ἕκδοσις
1359 3040 1664 3111 ὠνόμασεν,
1687 3043 1762 3104 ὼς

186 3126 244 3179 ἂν
275 3130 532 3199 μονήρεις
555 3128 648 3181 καὶ
667 3128 789 3181 καθ’
803 3130 1029 3193 ἐαυτοὺς
1057 3129 1485 3207 ἀνεζωσμένους.
1518 3129 1761 3182 Τοιοῦτοι

184 3220 236 3272 δέ
260 3196 456 3285 πάντες
494 3222 633 3273 εἰσὶν
662 3223 711 3274 οί
745 3222 837 3276 τὸν
874 3223 1084 3293 μονήρη
1108 3199 1202 3275 καὶ
1247 3196 1411 3291 ἀγνὸν
1440 3222 1758 3294 κατορθοῦν·
1792 3196 1833 3252 C

183 3327 266 3375 τες
294 3311 426 3381 βίον,
455 3306 534 3366 ὧν
568 3310 777 3382 πρῶτοι
808 3311 1097 3380 γεγόνασιν
1130 3313 1179 3365 οἱ
1205 3311 1299 3365 τοῦ
1332 3312 1584 3383 Σωτῆρος
1611 3312 1766 3383 ἡμῶν

186 3403 435 3476 μαθηταὶ,
462 3400 550 3469 οἷς
612 3406 818 3477 εἴρητοο
860 3425 879 3456 ‹
920 3406 1011 3476 Μὴ
1047 3404 1323 3478 κτήσησθε
1379 3406 1600 3478 χρυσὸν,
1635 3406 1768 3477 μηδὲ

183 3497 409 3568 ἄργυρον
438 3499 524 3561 εἰς
564 3496 667 3561 τὰς
724 3496 900 3562 ζώνας
934 3497 1110 3568 ὑμῶν,
1180 3498 1254 3569 μὴ
1300 3499 1479 3569 πήραν
1515 3500 1595 3562 εἰς
1625 3498 1765 3562 ὁδὸν,

186 3587 309 3659 μηδὲ
340 3589 689 3660 ὑποδήματα,
717 3590 850 3661 μηδέ
887 3590 1136 3660 ῥάϐδον.»
1185 3591 1274 3644 Ἐν
1306 3590 1414 3663 γὰρ
1465 3592 1542 3662 τῷ
1590 3591 1768 3660 λέγειν

187 3679 254 3749 μὴ
276 3679 384 3733 δεῖν
408 3680 717 3752 κτήσασθαι
739 3682 939 3753 χρυσὸν
968 3681 1103 3751 μηδὲ
1126 3681 1363 3753 ἄργυρον
1380 3683 1459 3744 εἰς
1475 3681 1573 3746 τὰς
1595 3680 1769 3747 ζώνας

183 3770 588 3843 ἀνεζωσμένους
642 3773 840 3837 αὐτοὺς
901 3774 1131 3843 εἰσάγει.
1168 3772 1327 3828 Οὕτω
1383 3774 1439 3827 δὲ
1472 3776 1568 3828 καὶ
1602 3776 1768 3829 πᾶσιν

185 3862 307 3932 ήμῖν
363 3864 392 3915 ὁ
435 3863 760 3928 Ἀπόστολος
816 3863 1250 3937 παρακελεύεται
1310 3865 1504 3934 λέγων·
1557 3885 1575 3918 t
1599 3867 1768 3936 Στῆτε

183 3951 271 4008 οῦν
294 3956 735 4028 περιζωσάμενοι
766 3958 865 4029 τὴν
890 3959 1060 4028 ὀσφὺν
1087 3958 1240 4029 ὑμῶν
1268 3962 1327 4012 ἐν
1361 3959 1639 4030 ἀληθείᾳ.»
1661 3962 1771 4014 Καὶ

181 4049 228 4102 οἱ
264 4048 324 4102 τὸ
353 4050 552 4121 Πάσχα
582 4051 641 4104 δὲ
669 4050 941 4114 ἐσθίοντες
968 4050 1279 4104 ἐκελεύοντο
1304 4049 1403 4114 τὰς
1432 4050 1603 4120 ὀσφῦς
1626 4050 1770 4121 ἔχειν

183 4141 648 4213 περιεζωσμένας.
684 4142 854 4196 Τοῦτο
885 4143 949 4215 δὴ
982 4139 1076 4197 οὖν
1108 4143 1327 4217 πρῶτον
1374 4144 1630 4215 κατορθοῖ
1659 4147 1771 4208 τοῖς

182 4234 238 4286 ἐν
288 4233 522 4304 δυσμαῖς
571 4234 812 4289 οἰκοῦσιν
867 4236 1212 4309 ἐπιδημήσας
1267 4240 1296 4291 ὁ
1359 4236 1766 4308 θεσπιζόμενος.

195 4326 320 4380 ’Δπὸ
339 4328 453 4399 γὰρ
478 4328 586 4381 τῶν
618 4328 1025 4402 προλεχθέντων
1062 4330 1314 4402 ὀρφανῶν
1336 4332 1432 4384 καὶ⁹
1460 4330 1570 4384 τῶν
1600 4331 1770 4403 δηλωα

182 4415 372 4471 θεισῶν
416 4419 602 4489 χηρῶν
633 4419 934 4492 ξάφορίσας,
998 4421 1275 4494 ἐξαίρετον
1324 4424 1419 4477 καὶ
1442 4421 1770 4493 τιμιώτατον

1870 1929 2000 1994 lam,
2062 1946 2080 1979 ι
2120 1927 2322 1983 Sedere
2354 1927 2484 1982 facit
2528 1929 2841 1998 unigenitos
2876 1929 3054 1999 domi;
3094 1952 3113 1985 »
3144 1932 3445 1988 secundum

1870 2021 2119 2091 quintam
2169 2020 2489 2082 editionem,
2542 2038 2560 2069 ι
2610 2020 2920 2077 lnhahitare
2968 2021 3100 2078 facit
3147 2040 3257 2079 una
3308 2041 3445 2079 zona

1871 2113 2202 2183 praecinctos
2230 2110 2403 2166 domi.
2447 2130 2466 2163 »
2501 2110 2568 2166 Et
2598 2113 2732 2167 illud
2759 2121 2879 2169 erat
2906 2114 3144 2184 primum
3173 2117 3294 2191 ejus
3317 2133 3451 2187 pra:-

1870 2205 2081 2259 clarum
2113 2219 2276 2274 opus,
2308 2203 2456 2275 quod
2493 2205 2793 2259 maximum
2821 2206 2945 2276 ejus
2995 2206 3211 2264 facinus
3257 2216 3345 2265 est
3390 2211 3445 2263 in

1870 2298 2101 2368 gratiam
2161 2298 2385 2352 humani
2444 2299 2664 2368 generis
2705 2298 2934 2354 editum.
2992 2297 3211 2356 Primus
3264 2301 3449 2372 itaque

1869 2390 2005 2444 ordo
2032 2405 2224 2444 eorum
2246 2391 2339 2460 qui
2365 2390 2422 2443 in
2448 2388 2668 2445 Christo
2695 2388 3011 2460 proficiunt,
3040 2398 3125 2446 est
3148 2391 3450 2445 monacho-
3524 2460 3527 2465 ν

1870 2500 2014 2538 runt.
2042 2483 2147 2538 Sed
2177 2484 2285 2538 rari
2312 2491 2441 2539 sunt
2470 2485 2586 2553 illi;
2620 2500 2792 2555 quare
2838 2484 3142 2541 secundum
3192 2486 3446 2556 Aquilam

1872 2578 2142 2648 unigeniti
2180 2578 2358 2633 vocati
2390 2584 2539 2643 sunt,
2578 2577 2789 2635 similes
2828 2578 2959 2633 facti
3000 2578 3281 2650 unigenito
3312 2575 3450 2633 Filio

1870 2672 1986 2727 Dei.
2021 2669 2333 2727 Secundum
2363 2671 2506 2725 LXX
2528 2680 2730 2737 autem,
2753 2671 2938 2737 unius,
2962 2686 3072 2726 non
3102 2672 3305 2727 diversi
3332 2686 3452 2727 mo-

1872 2766 1950 2820 ris
1979 2776 2126 2830 sunt,
2156 2781 2335 2836 neque
2363 2766 2597 2822 subinde
2626 2781 2835 2821 morem
2872 2765 3109 2831 variant,
3153 2764 3249 2821 sed
3280 2778 3449 2818 unum

1871 2858 2059 2911 colunt
2090 2857 2186 2927 qui
2214 2856 2282 2911 ad
2315 2858 2538 2912 virtutis
2568 2872 2834 2912 cacumen
2870 2857 3109 2912 advenit.
3134 2855 3286 2926 Ipsos
3320 2870 3449 2911 vero

1872 2951 2035 3004 unius
2062 2966 2215 3004 zona:
2251 2950 2445 3021 quinta
2471 2950 2644 3005 editio
2673 2931 2914 3013 vocavit,
2953 2956 3141 3019 utpote
3183 2949 3276 3019 qui
3310 2950 3448 3003 soli-

1872 3041 2018 3104 tarii,
2054 3050 2109 3096 et
2142 3056 2238 3110 per
2288 3042 2498 3110 seipsos
2551 3041 2830 3111 praecincti
2864 3040 2994 3096 sint.
3057 3038 3217 3095 Tales
3267 3046 3447 3094 autem

1872 3142 2020 3197 sunt,
2044 3138 2315 3203 quotquot
2338 3132 2699 3186 monasticam
2718 3138 3041 3201 castamque
3066 3131 3231 3184 vitam
3257 3138 3447 3201 agunt,

1868 3239 2101 3296 quorum
2156 3225 2319 3295 primi
2371 3225 2523 3280 fuere
2575 3223 2879 3279 Salvatoris
2935 3224 3108 3279 nostri
3170 3223 3446 3294 discipuli,

1869 3319 2071 3390 quibus
2100 3318 2306 3373 dictum
2338 3326 2423 3373 est
2457 3338 2470 3373 :
2513 3337 2531 3370 ‹
2574 3317 2752 3373 Nolite
2801 3317 3088 3388 possidere
3126 3331 3321 3371 aurum
3352 3333 3450 3372 nc-

1868 3427 1975 3481 que
2022 3420 2310 3482 argentum
2368 3411 2423 3464 in
2478 3411 2631 3465 zonis
2676 3411 2897 3475 vestris,
2941 3424 3117 3479 neque
3156 3423 3342 3479 peram
3393 3409 3449 3463 in

1870 3502 2038 3567 viam,
2069 3515 2248 3571 neque
2276 3501 2673 3563 calceamenta,
2706 3514 2884 3569 neque
2917 3499 3126 3570 virgam
3146 3499 3210 3553 “.
3257 3519 3273 3550 »
3311 3497 3448 3554 Cum

1869 3592 2074 3647 dicitur
2101 3592 2268 3657 enim,
2300 3606 2409 3647 non
2443 3600 2698 3662 oportere
2726 3591 3011 3662 possidere
3051 3605 3244 3643 aurum
3274 3606 3453 3660 neque

1871 3693 2155 3756 argentum
2175 3686 2233 3739 in
2265 3688 2444 3748 zonis,
2484 3685 2635 3754 ipsos
2669 3685 2825 3738 zonis
2853 3682 3182 3753 przecinctos
3217 3681 3448 3737 indicat.

1872 3779 1965 3832 Sic
1995 3786 2177 3832 autem
2214 3778 2472 3831 omnibus
2527 3777 2687 3831 nobis
2733 3776 3031 3845 Apostolus
3078 3775 3329 3844 praecipit
3366 3775 3451 3829 di—

1868 3884 2039 3924 cens:
2080 3887 2099 3920 ι
2155 3867 2306 3922 State
2356 3868 2525 3939 igitur
2574 3868 2857 3937 praecincti
2900 3867 3117 3923 lumbos
3144 3875 3360 3922 vestros
3394 3867 3448 3920 in

1870 3960 2103 4015 veritate
2128 3960 2193 4013 ¹².
2227 3978 2244 4009 »
2275 3956 2521 4028 Itemque
2545 3959 2639 4029 qui
2665 3958 2867 4028 pascha
2889 3959 3272 4026 comedebant,
3308 3960 3454 4013 lum-

1873 4050 1972 4104 bos
2006 4050 2334 4121 praecinctos
2368 4049 2570 4104 habere
2595 4048 2951 4119 jubebantur.
3003 4048 3061 4104 Id
3116 4049 3286 4120 igitur
3332 4050 3450 4119 pri-

1873 4155 2022 4194 mum
2038 4154 2178 4209 opus
2195 4138 2573 4193 habitantibus
2599 4138 2653 4191 in
2678 4152 2881 4192 occasu
2913 4136 3216 4193 adventans
3232 4135 3450 4191 exhibet

1871 4235 1921 4291 is
1948 4233 2043 4304 qui
2070 4234 2128 4288 in
2156 4231 2417 4287 vaticinio
2464 4230 2658 4287 fertur.
2705 4229 2839 4284 Nam
2885 4247 2953 4287 ex
3011 4230 3330 4286 memoratis
3359 4244 3451 4284 or-

1872 4328 2072 4400 phanis
2091 4334 2146 4383 et
2178 4325 2359 4381 viduis
2387 4323 2657 4380 adlectum
2688 4323 2795 4379 sibi
2824 4332 3176 4395 praestantem
3208 4323 3359 4377 illum
3396 4329 3451 4377 et

1875 4417 2333 4492 pretiosissimum
2383 4417 2549 4472 unius
2600 4416 2770 4472 moris
2816 4415 3089 4480 ordinem,
3142 4413 3451 4469 inhabitare

183 4510 355 4582 ἐαυτῷ
390 4512 578 4583 τάγμα
605 4513 666 4566 τὸ
700 4513 809 4567 τῶν
845 4514 1196 4586 μονοτρόπων
1230 4515 1529 4580 κατοικίζει
1568 4516 1764 4577 αὐτοὺς

1875 4513 2005 4568 facit
2034 4512 2091 4567 in
2114 4510 2300 4575 domo,
2334 4509 2545 4565 scilicet
2575 4509 2631 4563 in
2688 4506 2935 4563 Ecclesia
2972 4522 3094 4569 sua,
3143 4505 3449 4575 dignosque

183 4604 237 4656 ἐν
267 4603 425 4673 οἴκῳ,
459 4604 656 4677 δηλαδὴ
678 4608 736 4658 ἐν
767 4609 833 4678 τῇ
871 4607 1168 4680 Ἐκκλησία
1200 4606 1387 4672 αὐτοῦ,
1426 4609 1764 4679 παραμένειν

1871 4622 1966 4663 eos
1996 4604 2191 4660 habuit
2213 4604 2310 4674 qui
2341 4603 2398 4657 in
2421 4616 2485 4657 ea
2512 4608 2796 4657 manerent
2823 4607 2878 4654 et
2913 4596 3243 4653 habitarent.
3286 4593 3446 4649 Post.

184 4696 274 4749 καὶ
296 4702 574 4751 κατοικεῖν
635 4702 695 4756 ἐν
752 4701 888 4772 αὐτῇ
924 4700 1194 4770 καταξιῶν
1227 4701 1445 4765 αὐτούς.
1498 4701 1656 4755 Μετὰ
1710 4702 1767 4754 δὲ

181 4787 401 4853 τούτους
437 4790 688 4865 δεύτερον
736 4792 896 4864 ἔργον
930 4794 1258 4864 κοινωφελές
1288 4796 1382 4847 καὶ
1425 4796 1503 4859 εἰς
1535 4794 1768 4857 πολλοὺς

182 4876 457 4935 διαϐαῖνον
497 4882 771 4954 κατορθοῖ,
813 4903 831 4934 ‹
861 4882 1070 4953 ἐξάγων
1121 4883 1530 4955 πεπεδημένους
1565 4886 1621 4936 ἐν
1672 4885 1766 4936 ἀν-

181 4966 353 5040 δρείᾳ·
370 4990 389 5021 »
431 4973 497 5043 τῇ
520 4972 629 5043 γὰρ
656 4972 854 5025 ἐαυτοῦ
881 4974 1102 5045 ἀνδρεία
1127 4973 1311 5043 ἐξάγει
1354 4978 1481 5037 τοὺς
1504 4974 1767 5046 πρότερον

185 5062 393 5130 σειραῖς
432 5063 716 5136 ἁμαρτιῶν
745 5065 1174 5136 πεπεδημένους.
1242 5067 1388 5121 Ἀντὶ
1413 5067 1469 5120 δέ
1496 5066 1612 5130 τοῦ,
1650 5085 1668 5118 ς
1709 5069 1767 5121 ἐν

183 5152 429 5225 ἀνδρείᾳ,
454 5158 529 5218 εἰς
553 5157 870 5222 ἀπόλυσιν,»
913 5160 1254 5229 ἡρμήνευσεν
1284 5162 1312 5212 ὁ
1346 5158 1661 5229 Σύμμαχος,
1693 5160 1768 5212 εἱ-

188 5241 320 5297 πών·
363 5263 388 5299 ι
428 5246 640 5316 Ἐξάγει
679 5249 994 5320 δεδεμένους
1036 5252 1116 5313 εἰς
1179 5250 1492 5303 ἀπόλυσιν.»
1539 5252 1768 5322 Νοήσεις

182 5335 242 5390 δὲ
268 5339 366 5391 καὶ
390 5339 550 5394 τοῦτο
572 5343 635 5394 ἐκ
658 5343 756 5412 τῆς
782 5342 1047 5414 λεγούσης
1088 5345 1147 5396 ἐν
1204 5343 1767 5415 Ἠσαῒᾳ·προφητείας

187 5429 266 5493 είς
287 5429 457 5484 αὐτοῦ
485 5432 775 5503 πρόσωπον
824 5434 920 5488 τοῦ
958 5435 1186 5507 Κυρίοψ
1236 5454 1255 5486 ‹
1292 5436 1422 5490 Ἰδοὺ
1458 5434 1665 5489 δέδωκά
1709 5451 1768 5487 σε

188 5522 268 5585 εἰς
294 5522 564 5595 διαθήκην
586 5526 794 5593 γένους,
829 5528 909 5590 εἰς
963 5526 1078 5597 φῶς
1113 5527 1302 5592 ἐθνῶν,
1329 5527 1536 5593 ἀνοῖξαι
1567 5527 1767 5596 ὀφθαλ-

192 5613 326 5682 μοὺς
364 5613 602 5681 τυφλῶν,
632 5615 844 5686 ἐξάγειν
879 5619 943 5670 ἐκ
974 5617 1187 5688 δεσμῶν
1215 5618 1552 5690 δεδεμένους,
1588 5620 1683 5672 καὶ
1712 5618 1769 5683 ἐξ

264 5815 307 5849 ⁸⁵
329 5812 529 5869 Matth.
579 5831 629 5881 x,
664 5815 716 5884 9,
753 5816 838 5872 10.
925 5817 1191 5892 ’ξερὴρι
1219 5835 1292 5886 τι,
1327 5819 1409 5873 Η.

1866 4715 2030 4770 quam
2054 4699 2204 4769 ipsos
2230 4696 2451 4767 delegit,
2486 4694 2636 4749 aliud
2684 4708 2823 4764 opus
2852 4698 3096 4762 praestat,
3138 4689 3195 4743 in
3246 4688 3448 4743 multo.

1867 4808 1989 4847 rum
2018 4792 2312 4845 utilitatem
2344 4797 2399 4845 et
2436 4788 2888 4849 emolumentum,
2949 4802 2970 4835 ι
3033 4782 3276 4838 educens
3326 4780 3448 4835 vin-

1868 4893 1988 4939 ctos
2016 4884 2073 4938 in
2114 4883 2439 4937 fortitudine
2484 4901 2498 4935 :
2562 4898 2581 4932 »
2640 4893 2767 4934 nam
2803 4877 3012 4931 virtute
3065 4890 3167 4931 sua
3220 4889 3317 4929 eos
3354 4875 3449 4942 qui

1868 4978 2075 5049 pridem
2103 4983 2456 5047 peccatorum
2485 4972 2723 5028 vinculis
2750 4967 3291 5039 constringebantur,
3311 4964 3449 5019 edu-

1868 5072 1963 5125 cit.
1987 5069 2093 5124 Pro
2123 5070 2217 5124 illo
2257 5077 2461 5131 autem,
2503 5086 2521 5117 ‹
2562 5066 2615 5118 in
2652 5062 2992 5125 fortitudine,
3034 5081 3052 5111 »
3086 5057 3449 5130 Symmachus

1875 5182 1893 5215 ι
1925 5164 1979 5218 in
2007 5163 2382 5218 dimissionem
2423 5180 2441 5212 »
2484 5161 2875 5228 interpretatus
2899 5163 2985 5211 est
3005 5155 3195 5209 dicens
3223 5172 3234 5206 :
3258 5170 3275 5201 ι
3301 5150 3449 5204 Edu-

1868 5258 1944 5312 cit
1973 5258 2183 5311 vinctos
2211 5255 2270 5309 in
2300 5252 2695 5309 dimissionem.
2742 5270 2759 5302 »
2796 5248 2920 5303 Haec
2965 5263 3130 5317 porro
3176 5244 3446 5314 intelligas

1868 5365 1935 5404 ex
1969 5347 2251 5419 prophetia
2279 5345 2453 5407 lsaize,
2483 5357 2605 5413 qua:
2640 5358 2705 5396 ex
2735 5341 2905 5410 ipsius
2950 5338 3167 5393 Domini
3207 5350 3445 5407 persona

1870 5440 1951 5495 sic
1974 5439 2258 5508 loquitur:
2298 5454 2318 5486 ι
2360 5432 2499 5487 Ecce
2525 5432 2649 5486 dedi
2686 5440 2739 5485 te
2779 5431 2833 5483 in
2865 5436 3249 5483 testamentum
3280 5440 3444 5495 genec

1871 5535 1971 5597 ris,
2009 5532 2064 5585 in
2092 5533 2269 5585 lucem
2310 5526 2576 5599 gentium,
2624 5525 2691 5580 ad
2724 5522 3079 5594 aperiendum
3124 5520 3314 5574 oculos
3347 5533 3446 5572 cae-

1872 5640 2088 5690 corum,
2125 5622 2190 5677 ad
2234 5617 2578 5677 educendum
2626 5634 2692 5674 ex
2736 5614 2972 5670 vinculis
3028 5614 3247 5683 ligatos,
3283 5618 3338 5666 et
3369 5624 3438 5665 ex
