3808 6280
377 339 478 400 0ὲί

1051 335 1320 394 EUSEBI]
1359 332 1838 391 CALSABIENSIS
1879 329 2026 386 OPP.
2069 325 2249 382 PARS
2291 325 2380 381 lli.
2420 355 2490 365 -—
2525 322 2936 380 EXEGETICA.
3517 322 3604 379 89!

380 450 542 516 domo
571 463 835 515 custodia:
861 459 1116 516 sedentes
1149 461 1208 514 in
1239 459 1484 515 tenebris
1513 459 1577 512 ’³.
1621 478 1636 511 2
1677 457 1784 511 Eos
1813 456 1955 509 enim

2059 450 2210 504 οἴκου
2250 449 2499 520 φυλακῆς
2526 448 2872 518 καθημένους
2901 449 2960 500 ἐν
2983 445 3214 501 σκέτει.›
3248 445 3388 508 Τοὺς
3413 443 3511 516 γὰρ
3530 447 3606 500 πά-

380 555 473 622 qui
504 552 634 607 olim
666 553 1223 608 diabolicis'vinculis
1267 551 1807 621 constringebantur.
1838 548 1953 602 dia-

379 645 559 699 holico
587 645 884 699 multorum
918 645 1205 699 numinum
1261 645 1437 698 errori
1487 643 1722 707 deditos,
1760 642 1956 697 solutis

379 736 615 792 vinculis
648 737 858 802 eduxit,
893 751 1160 792 concessa
1192 744 1546 806 peccatorum
1606 734 1954 790 remissione.

378 827 492 883 lmo
525 831 694 884 etiam
733 846 829 886 eos
862 831 956 900 qui
1020 845 1049 883 a
1110 829 1312 884 sarculo
1371 829 1427 882 in
1486 838 1661 882 morte
1716 826 1954 897 colligati

377 929 537 975 erant
593 938 780 977 secum
815 921 1187 984 resuscitavil,
1225 935 1348 974 cum
1382 921 1580 974 acerba
1607 920 1802 975 mortis
1837 920 1957 972 vin-

379 1013 505 1065 cula
540 1013 816 1068 solvisset.
856 1011 970 1066 Hoc
995 1021 1176 1065 autem
1208 1011 1334 1066 fecit
1366 1031 1384 1061 ‹
1428 1013 1482 1066 in
1513 1013 1742 1074 virtute;
1784 1031 1802 1063 ι
1828 1026 1955 1065 nam

378 1111 604 1173 accepta
641 1105 881 1160 hominis
909 1104 1084 1158 forma
1110 1119 1314 1174 perque
1337 1103 1636 1158 humanum
1663 1119 1862 1174 corpus
1883 1104 1957 1156 vi-

377 1196 554 1250 riliter
581 1212 770 1266 agens,
802 1199 1019 1252 vinctos
1047 1198 1304 1267 superius
1349 1205 1680 1250 memoratos
1723 1211 1790 1250 ex
1835 1197 1956 1250 vin-

378 1288 524 1342 culis
553 1288 760 1343 eduxit.
799 1287 923 1343 Haec
948 1297 1105 1342 erant
1139 1290 1401 1358 praeclara
1435 1287 1528 1342 Dei
1563 1286 1730 1342 Verbr
1764 1289 1831 1342 ad
1859 1288 1957 1342 ho-

379 1380 556 1435 mines
583 1380 932 1434 adventantis
964 1380 1232 1442 facinora,
1264 1381 1467 1449 quibus
1499 1379 1701 1435 deinde
1724 1380 1957 1448 subjun-

378 1464 524 1533 gitur
563 1484 574 1517 :
619 1484 638 1517 ι
682 1464 949 1520 Similiter
994 1480 1091 1520 eos
1133 1465 1228 1534 qui
1261 1473 1613 1534 exasperant,
1658 1465 1752 1534 qui
1801 1464 1957 1518 habi-

379 1558 574 1611 tantin
605 1558 894 1626 sepulcris.
941 1575 960 1608 ι
1005 1554 1162 1623 Quod
1221 1555 1582 1628 Symmachus
1633 1555 1738 1610 hoc
1797 1563 1957 1625 pacto

377 1650 580 1704 clarius
614 1660 664 1705 et
703 1651 944 1719 apertius
977 1648 1272 1719 explicavit
1303 1667 1314 1701 :
1359 1668 1376 1700 ι
1413 1647 1842 1718 lnobsequentes
1859 1664 1958 1702 au-

377 1750 488 1797 tem
521 1742 905 1798 inhabitabunt
934 1749 1102 1797 aestus
1136 1741 1478 1809 siccitatem;
1522 1761 1541 1792 ι
1568 1741 1768 1811 Aquila
1801 1757 1953 1805 vero,

2058 545 2145 598 λαι
2173 544 2393 614 δεσμοῖς
2426 540 2752 603 διαϐολικοῖς
2804 539 3290 611 κατεσφιγμένους,
3339 537 3431 590 καὶ
3451 540 3510 608 τῇ
3533 557 3607 592 πο-

2056 636 2232 706 λυθέῳ
2262 635 2356 688 καὶ
2416 633 2702 703 δαιμονικῇ
2747 631 2923 704 πλάνῃ
2966 631 3424 702 προστετηκότας,
3474 629 3606 695 λύσας

2055 727 2167 780 τῶν
2197 725 2418 797 δεσμῶν
2441 724 2700 793 ἐξήγαγε,
2729 724 2853 788 δοὺς
2889 727 3082 794 ἄφεσιν
3141 723 3445 795 ἁμαρτιῶν.

2059 822 2152 875 καὶ
2183 821 2312 883 τοὺς
2352 820 2411 872 ὲν
2463 817 2544 887 τῷ
2607 816 2821 887 θανάτῳ
2855 817 3111 887 δεσμίους
3149 817 3316 880 ὄντας
3359 814 3422 881 ἐξ
3447 816 3605 881 αἰῶνος

2059 911 2449 982 συνανέστησεν
2481 909 2678 980 ἐαυτῷ,
2714 908 2880 973 λύσας
2907 910 3016 962 τῶν
3047 909 3256 980 πικρῶν
3280 909 3377 962 τοῦ
3412 909 3605 963 θανάτου

2055 1001 2291 1072 δεσμῶν.
2325 1001 2436 1054 Καὶ
2492 999 2653 1052 τοῦτο
2684 997 2918 1069 ἔπραξεν
2983 1017 3001 1050 ‹
3029 1001 3085 1051 ἐν
3118 996 3397 1069 ἀνδρείαοι
3452 995 3607 1066 ἀνδρὸς

2056 1093 2164 1164 γὰρ
2194 1094 2378 1165 σχῆμα
2406 1092 2606 1157 λαϐὼν,
2651 1093 2745 1146 καὶ
2767 1092 2857 1143 -δι’
2899 1091 3234 1162 ἀνθρωπείου
3267 1087 3510 1160 σώματος
3536 1091 3607 1142 ἀν-

2055 1186 2401 1258 δρισάμενος,
2427 1182 2666 1256 ἐξήγαγε
2694 1183 2802 1236 τῶν
2825 1183 3039 1254 δεσμῶν
3067 1183 3191 1246 τοὺς
3224 1181 3604 1253 πῳλεχθέντας.

2058 1279 2225 1332 Ταῦτ’
2246 1276 2312 1349 ἦν
2341 1279 2408 1331 τά
2427 1276 2830 1350 κατορθώματα
2859 1277 2958 1346 τῆς
2979 1279 3059 1341 είς
3101 1275 3422 1347 ἀνθρώπους
3452 1277 3606 1346 ἐπιδη-

2061 1373 2186 1444 μίας
2216 1370 2312 1425 τοῦ
2343 1371 2476 1424 Θεοῦ
2541 1371 2735 1440 Λόγου,
2790 1365 2870 1433 οἷς
2915 1370 3042 1440 ἐξῆς
3082 1370 3315 1440 εἴρηται·
3353 1388 3371 1418 ι
3411 1370 3605 1439 Ὁμοίως

2055 1466 2181 1527 τοὺς
2204 1463 2746 1534 παραπικραίνοντας
2761 1464 2886 1525 τοὺς
2911 1460 3298 1524 κατοικοῦντας
3320 1463 3377 1514 ἐν
3395 1463 3560 1529 τάφοις
3587 1482 3601 1511 ι

2060 1559 2235 1628 Ὅπερ
2261 1560 2290 1610 ὁ
2318 1556 2608 1627 Σύμμαχος
2647 1556 2960 1627 ἡρμήνευσε
3007 1553 3346 1625 λευκότερον,
3378 1554 3608 1624 διασαφή-

2059 1667 2158 1713 σας
2186 1648 2282 1720 τὴν
2322 1649 2559 1702 διάνοιαν
2583 1649 2676 1701 καὶ
2707 1646 2895 1700 εἰπών·
2937 1667 2956 1698 ι
2985 1649 3046 1699 Οἱ
3079 1646 3137 1698 δέ
3178 1646 3425 1708 ἀπειθεῖς
3457 1664 3607 1700 κατοια

2060 1743 2288 1813 κήσουσι
2319 1739 2600 1802 καύσωνος
2635 1738 2960 1810 ξηρότητα·›
2993 1739 3022 1790 ὁ
3054 1736 3111 1790 δὲ
3145 1736 3395 1799 Ἀκύλας,
3441 1756 3460 1787 ί
3492 1738 3611 1807 Πλὴν

383 1851 402 1882 ιι
443 1831 829 1887 Verumtamen
863 1833 1193 1888 absistentes
1232 1832 1611 1887 inhabitarunt
1641 1833 1824 1888 lz‘evem
1861 1849 1954 1903 pe-

2060 1833 2457 1904 ἀφιστάμενοι,
2506 1834 2698 1902 φησιν,
2744 1833 3064 1902 ἐσκήνωσαν
3147 1829 3554 1901 λεωπετρίανδε.
3591 1851 3606 1880 ι

375 1931 541 1978 tram.
583 1943 602 1974 ι
631 1920 755 1993 lpse
777 1925 980 1994 quippe
1013 1925 1229 1978 volebat
1258 1925 1656 1980 exacerbantes
1703 1939 1735 1977 a
1757 1923 1955 1977 vincu-

378 2016 448 2070 lis
476 2032 673 2072 eruere
707 2024 760 2072 et
793 2017 1047 2072 liberare.
1083 2017 1153 2070 At
1183 2017 1262 2071 illi
1298 2017 1355 2070 in
1386 2015 1702 2086 hujusmodi
1746 2016 1958 2070 inobse-

376 2109 604 2179 quentia
635 2117 1075 2179 perseverantes,
1119 2108 1400 2178 Deumque
1429 2123 1492 2164 ea
1524 2109 1580 2162 in
1630 2123 1687 2161 re
1737 2120 1958 2162 exacer-

375 2201 575 2256 hantes
606 2209 660 2255 et
704 2208 1120 2271 exasperantes,
1177 2201 1233 2256 in
1277 2200 1548 2272 sepulcris
1593 2200 1709 2254 suis
1743 2198 1956 2252 habita-

374 2291 535 2357 bunt,
563 2293 638 2347 ita
662 2303 722 2348 ut
749 2293 817 2349 de
840 2294 948 2347 illis
979 2294 1200 2347 dicatur
1237 2312 1250 2348 :
1290 2313 1308 2345 ‹
1349 2293 1482 2349 Sine
1514 2299 1763 2348 mortuos
1799 2306 1955 2361 sepe-

375 2383 478 2438 lire
510 2393 758 2440 mortuos
794 2400 925 2439 suos
961 2385 1042 2452 1‘*;
1076 2404 1100 2435 ι
1134 2384 1250 2441 sive
1299 2386 1464 2439 etiam
1501 2404 1519 2436 ‹
1571 2385 1957 2439 inhabitabunt

375 2486 546 2534 estus
578 2477 884 2531 siccitatem
907 2495 921 2543 ;
945 2472 982 2528 ἰ
1010 2485 1196 2547 utpote
1223 2477 1316 2546 qui
1343 2477 1472 2532 ituri
1498 2478 1610 2532 sint
1651 2496 1669 2528 ‹
1703 2477 1759 2531 in
1777 2478 1956 2547 ignem

375 2577 662 2635 :eternum,
698 2576 948 2639 paratum
974 2570 1193 2626 diabolo
1220 2579 1276 2626 et
1303 2570 1510 2640 angelis
1543 2569 1664 2640 ejus
1684 2570 1746 2622 ⁸⁵.
1777 2588 1796 2621 ι

447 2747 612 2803 Vens.
641 2749 695 2814 8,
723 2748 780 2804 9.
813 2747 1012 2815 «Deus,
1047 2765 1171 2805 cum
1200 2748 1542 2821 egredereris
1577 2749 1635 2802 in
1659 2757 1956 2819 conspectu

375 2843 559 2914 populi
577 2842 678 2906 tui,
711 2856 834 2897 eum
851 2843 1230 2919 pertransires
1247 2842 1302 2896 in
1327 2828 1565 2898 deserto.
1589 2841 1919 2912 Diapsalma.
1933 2861 1952 2892 ι

375 2932 472 2988 Dei
509 2931 744 2987 Verbum
779 2948 893 2987 non
916 2933 1075 2988 modo
1123 2933 1179 2987 in
1226 2931 1702 2988 consummatione
1730 2932 1958 2986 saeculo-

373 3041 498 3080 rum
527 3025 596 3080 ad
620 3025 868 3080 homines
898 3025 1208 3090 advenisse,
1258 3025 1354 3081 sed
1384 3025 1550 3079 etiam
1576 3024 1754 3094 ipsum
1791 3022 1958 3078 fuisse

373 3117 520 3187 quod
565 3130 661 3186 per
709 3115 951 3188 Moysem
1006 3116 1233 3171 oracula
1295 3115 1578 3180 fundebat,
1615 3115 1702 3169 hic
1730 3115 1959 3170 docetur

375 3209 465 3264 his
487 3209 670 3264 verbis
700 3225 714 3260 :
750 3227 769 3259 ς
809 3209 980 3271 Deus,
1014 3224 1140 3263 cum
1176 3207 1518 3278 egredereris
1574 3207 1631 3262 in
1659 3215 1956 3278 conspectu

371 3301 562 3372 populi
595 3301 695 3365 tui,
723 3315 846 3354 cum
881 3300 1249 3369 pertransires
1273 3301 1325 3353 in
1342 3300 1597 3362 deserto,
1626 3308 1771 3354 terra
1811 3306 1956 3353 mota

373 3401 480 3456 est,
509 3393 710 3448 etenim
765 3392 891 3446 coeli
941 3392 1373 3448 distillaverunt.
1413 3411 1432 3444 ι
1490 3390 1645 3445 Τυιιο
1673 3394 1841 3457 enim,
1874 3392 1958 3446 in-

373 3485 512 3556 quit,
549 3500 674 3539 cum
724 3483 988 3539 educeres
1029 3484 1169 3539 filios
1221 3484 1390 3540 Israel
1443 3501 1506 3540 ex
1537 3495 1680 3540 terra
1711 3484 1956 3556 Egypti,

374 3577 521 3634 fama
553 3593 737 3634 rerum
767 3577 824 3632 in
858 3577 1094 3649 Egypto
1126 3585 1401 3649 gestarum
1436 3577 1505 3632 ad
1549 3593 1740 3633 omnes
1764 3593 1958 3648 perva-

375 3677 557 3743 gante,
611 3672 872 3726 universa
928 3679 1075 3725 terra
1126 3679 1272 3726 mota
1311 3677 1414 3725 est.
1454 3669 1562 3726 Sed
1587 3679 1720 3725 tunc
1737 3671 1956 3741 quidem

373 3772 520 3818 terra
550 3772 696 3818 mota
731 3769 848 3828 est;
883 3764 998 3818 sive
1049 3761 1214 3827 fama,
1248 3771 1308 3816 ut
1324 3762 1533 3816 dictum
1579 3770 1685 3824 est,
1710 3763 1956 3818 omnium

370 3857 770 3927 terrigenarum
801 3871 965 3911 aures
989 3857 1250 3925 implente
1275 3874 1297 3923 ;
1323 3855 1436 3910 sive
1463 3855 1628 3910 etiam
1659 3856 1778 3926 ipso
1799 3863 1957 3915 terrae

371 3949 644 4004 elemento
670 3949 738 4004 de
767 3951 1002 4004 adventu
1030 3949 1125 4005 Dei
1155 3951 1399 4006 laetante.
1433 3949 1592 4016 Quod
1632 3950 1759 4005 item
1795 3950 1955 4005 docet

371 4037 514 4092 alius
567 4038 815 4108 psalmus
867 4041 955 4096 his
1005 4041 1234 4096 verbis:
1274 4061 1292 4093 ‹
1335 4043 1397 4096 1η
1455 4041 1608 4097 exitu
1668 4043 1835 4098 Israel
1887 4043 1955 4098 de

373 4127 636 4199 Egypto,
659 4129 854 4186 domus
869 4129 1044 4187 Jacob
1064 4132 1130 4188 de
1141 4133 1342 4202 populo
1360 4133 1614 4198 barbaro,
1635 4141 1847 4188 montes
1863 4149 1957 4188 ex-

369 4218 712 4274 sultaverunt
734 4229 794 4275 ut
821 4222 1043 4284 arietes,
1066 4233 1118 4277 et
1139 4224 1308 4280 colles
1331 4225 1472 4278 sicut
1489 4225 1814 4295 agniovium
1839 4225 1902 4277 ⁸⁶.
1927 4242 1949 4278 ι

369 4307 540 4364 Terra
575 4309 761 4382 itaque
787 4314 1034 4383 gaudens
1075 4315 1566 4383 commovebatur;
1613 4315 1738 4370 (ια)ιί
1771 4323 1954 4372 autem

367 4399 774 4458 distillaverunt
837 4425 850 4459 :
916 4405 1050 4474 quid
1106 4404 1550 4474 distillaverunt,
1605 4407 1714 4463 nisi
1767 4408 1951 4464 cibum

2071 1926 2350 1979 Ἐϐούλετο
2382 1925 2478 1996 μὲν
2503 1924 2610 1995 γὰρ
2642 1924 2804 1988 αὐτὸς
2826 1923 2920 1977 καὶ
2958 1923 3086 1986 τοὺς
3107 1921 3613 1993 παραπικραίνοντας

2057 2017 2344 2085 ἐξαγαγεῖν
2374 2018 2468 2068 καὶ
2500 2014 2861 2086 ἐλευθερῶσαι
2889 2012 2998 2067 τῶν
3042 2014 3276 2085 δεσμῶν.
3327 2014 3610 2084 Ἐπιμὲνον-

2057 2129 2148 2174 τες
2174 2111 2232 2164 δὲ
2251 2105 2400 2164 οῦτοι
2459 2113 2525 2182 τῇ
2561 2109 2836 2180 ἀπειθείᾳ,
2889 2107 3283 2181 παροξύωντές
3313 2126 3372 2162 τε
3401 2111 3456 2162 ἐν
3492 2109 3614 2178 αὐτῷ

2056 2203 2232 2274 τούτῳ
2281 2203 2375 2256 καὶ
2397 2201 2930 2275 παραπικραίνοντες
2956 2207 3048 2256 τὸν
3077 2204 3228 2266 Θεὸν,
3255 2204 3475 2273 κατοική
3486 2219 3613 2255 σουσι

2057 2295 2184 2357 τοὺς
2219 2293 2424 2346 ἑαυτῶν
2456 2293 2682 2362 τάφους,
2700 2292 2775 2356 ὡς
2794 2291 3044 2361 λέγεσθαι
3061 2293 3190 2365 περὶ
3217 2292 3412 2346 αὐτῶν·
3439 2295 3614 2360 «Ἄφες

2056 2382 2182 2445 τοὺς
2204 2384 2428 2455 νεκροὺς
2456 2383 2682 2436 θάπτειν
2719 2383 2844 2445 τοὺς
2885 2382 3094 2437 ἑαυτῶν
3122 2383 3401 2455 νεκρούς·›
3430 2383 3459 2453 ἦ
3486 2401 3613 2436 «κατ.

2055 2479 2334 2549 οικήσουσι
2382 2479 2662 2541 καύσωνος
2723 2477 3015 2548 ξηρότητα’
3048 2497 3067 2530 ι
3124 2477 3200 2540 ὡς
3247 2477 3314 2531 ἂν
3361 2477 3612 2548 μέλλοντες

2060 2569 2389 2641 πορεύεσθαι
2425 2590 2442 2622 ι
2475 2572 2555 2633 είς
2582 2571 2644 2624 τὸ
2683 2569 2796 2642 πῦρ
2823 2571 2885 2623 τὸ
2911 2569 3130 2626 αἰώνιον
3160 2571 3221 2623 τὸ
3245 2569 3612 2642 ἡτοιμασμένοι

2058 2661 2134 2733 τῷ
2161 2663 2390 2734 διαϐόλῳ
2407 2663 2626 2727 καὶτοῖς
2657 2662 2908 2732 ἀγγέλοις
2929 2661 3112 2715 αὐτοῦ.
3128 2681 3147 2714 ›

2138 2775 2157 2808 ε
2197 2758 2255 2810 '0
2296 2757 2462 2825 Θεὸς,
2505 2759 2563 2811 ἐν
2594 2757 2671 2829 τῷ
2727 2756 3122 2828 ἐκπορεύεσθαί
3171 2772 3230 2808 σε
3275 2755 3495 2809 ἐνώπιον
3537 2753 3611 2806 τοῦ

2059 2846 2189 2901 λαοῦ
2221 2865 2346 2912 σου,
2392 2851 2451 2901 ἐν
2497 2848 2576 2919 τῷ
2615 2848 2912 2901 διαϐαίνειν
2956 2865 3015 2901 σε
3064 2849 3122 2900 ἐν
3158 2849 3223 2917 τῇ
3260 2848 3464 2917 ἐρήμῳ.
3505 2847 3611 2898 Διά-

2057 2941 2266 3012 ψαλμα.
2295 2963 2322 2989 ιι
2349 2941 2471 2994 Ὀτι
2501 2941 2574 3011 μή
2605 2941 2763 3011 μόνον
2803 2941 2862 2992 ἐν
2900 2941 2965 3010 τῇ
2993 2937 3270 3008 συντελείᾳ
3294 2937 3400 2989 τῶν
3429 2935 3611 2990 αἰώνων

2059 3031 2370 3105 ἀνθρώποις
2411 3033 2674 3104 ἐπεδήμει
2726 3032 2754 3084 6
2793 3031 2887 3084 τοῦ
2933 3031 3068 3084 Θεοῦ
3117 3031 3318 3100 Λόγος,
3367 3029 3492 3084 ἀλλά
3535 3027 3610 3081 καὶ

1985 3165 2027 3222 c
2062 3125 2328 3198 πρότερον
2358 3124 2521 3187 αὐτὸς
2562 3119 2631 3195 ἦν
2679 3126 2707 3177 6
2745 3124 2833 3177 διά
2874 3123 3154 3186 Μωῦσέως
3184 3119 3554 3221 χρηματίζων,
3586 3123 3609 3172 ὀ

2061 3215 2252 3287 παρὼν
2283 3214 2525 3268 διδάσκει
2554 3213 2712 3282 λόγος
2750 3215 3003 3283 φάσκων·
3033 3232 3051 3263 ι
3089 3212 3146 3264 Ὁ
3178 3211 3331 3275 Θεὸς,
3360 3213 3417 3262 ἐν
3440 3209 3510 3280 τῷ
3537 3211 3608 3260 ἐκ·

2058 3306 2384 3378 πορεύεσθαί
2416 3323 2477 3359 σε
2511 3304 2740 3360 ἐνώπιον
2762 3304 2852 3359 τοῦ
2875 3304 3004 3358 λαοῦ
3033 3321 3151 3368 σου,
3170 3305 3228 3357 ἐν
3247 3304 3324 3376 τῷ
3349 3301 3608 3356 διαϐαίνειν

2059 3415 2118 3451 σε
2151 3400 2213 3452 ἐν
2241 3402 2308 3471 τῇ
2355 3401 2546 3470 ἐρήμῳ
2570 3437 2585 3462 ,
2613 3398 2687 3468 γῆ
2730 3397 2949 3470 ἐσείσθη
2973 3438 2989 3462 ,
3040 3399 3137 3451 καὶ
3176 3403 3289 3469 γὰρ
3332 3398 3380 3450 οἱ
3423 3395 3608 3468 οὐρανοὶ

2056 3489 2311 3555 ἕσταξαν.
2343 3510 2363 3543 ›
2391 3491 2501 3544 Καὶ
2534 3491 2653 3544 τότε
2675 3490 2805 3562 γὰρ,
2826 3491 2978 3562 φησὶ,
2997 3490 3119 3543 καθ’
3143 3489 3202 3543 ὂν
3231 3491 3419 3561 χρόνον
3444 3488 3608 3558 ἐξῆγες

2056 3584 2183 3647 τοὺς
2213 3585 2366 3647 υἱοὺς
2397 3583 2613 3654 Ἰσραὴλ
2644 3583 2753 3637 ἀπὸ
2773 3583 2877 3652 γῆς
2902 3581 3252 3653 Αίγύπτου,ή
3284 3580 3604 3653 σύμπασαγῆ

2056 3676 2262 3729 ἐσείετο
2305 3676 2406 3747 τῆς
2453 3677 2641 3748 φήμης
2685 3675 2792 3728 τῶν
2841 3677 2898 3728 ἐν
2942 3673 3198 3744 Αἰγύπτῳ
3238 3672 3605 3744 πεπραγμένων

2054 3767 2541 3841 διατρεχούσηςείς
2557 3766 2786 3831 πάντας.
2806 3766 2945 3819 Ἀλλ’
2969 3769 3001 3836 ή
3026 3767 3124 3836 μέν
3151 3767 3225 3836 γῆ
3257 3766 3380 3818 τότε
3403 3764 3576 3817 ἐσείετο
3591 3778 3602 3787 ·

2055 3859 2173 3928 ἢτοι
2211 3861 2312 3932 τῆς
2341 3861 2563 3932 φήμης,
2607 3859 2684 3923 ὡς
2730 3859 2945 3930 εἴρηται
2967 3899 2980 3922 ,
3014 3858 3114 3922 τάς
3148 3857 3366 3911 πάντων
3397 3855 3496 3909 τῶν
3530 3853 3604 3906 ἐπὶ

2055 3954 2159 4023 γῆς
2191 3949 2361 4012 ἀκοὰς
2393 3947 2746 4020 πληρούσης,
2783 3949 2816 4018 ἢ
2873 3949 2966 4001 καὶ
3015 3947 3180 4000 αὐτοῦ
3226 3947 3322 4000 τοῦ
3377 3943 3601 4014 στοιχείου

2055 4027 2334 4116 χαίροντος
2362 4041 2455 4094 ἐπὶ
2485 4043 2554 4111 τῇ
2584 4040 2836 4094 ἐπιϐάσει
2876 4039 2968 4092 τοῦ
3002 4038 3158 4091 Θεοῦ.
3203 4040 3268 4090 Ὃ
3307 4037 3371 4106 δὴ
3397 4036 3600 4089 διδάσκει

2055 4131 2150 4184 καὶ
2198 4129 2384 4200 ἔτερος
2415 4127 2632 4198 ψαλμὸς
2669 4126 2843 4197 λέγων
2863 4144 2879 4159 ·
2914 4146 2934 4178 ι
2977 4128 3064 4181 Ἐν
3103 4126 3269 4197 ἐξόδῳ
3329 4123 3524 4196 Ἰσραὴλ
3556 4118 3602 4182 ἐξ

2053 4221 2329 4291 Αἰγύπτου
2355 4261 2369 4284 ,
2395 4219 2546 4273 οἴκου
2591 4218 2783 4274 Ἰακὼϐ
2833 4220 2898 4273 ἐκ
2925 4217 3055 4273 λαοῦ
3092 4218 3369 4290 βαρϐάρου
3392 4257 3406 4281 ,
3436 4216 3497 4269 τά
3523 4215 3600 4286 ὅρη

2055 4315 2385 4385 ἐσκίρτησαν
2410 4312 2485 4378 ὡς
2516 4313 2695 4384 κριοὶ,
2721 4313 2818 4366 καὶ
2847 4315 2895 4366 οἱ
2924 4312 3102 4383 βουνο“ι
3136 4313 3212 4375 ὡς
3241 4311 3402 4384 ἀρνία
3433 4307 3603 4379 προϐά-

2052 4423 2180 4458 των.
2214 4424 2232 4457 ι
2254 4405 2316 4456 Ἠ
2353 4403 2448 4474 μὲν
2483 4398 2576 4456 οὖν
2601 4402 2672 4473 γῆ
2707 4404 2971 4475 χαίρουσα
3019 4402 3244 4456 ἐσείετοο
3268 4402 3320 4454 οἱ
3345 4401 3400 4454 δέ
3421 4396 3604 4469 οὐρανοὶ

365 4495 798 4567 inexspectatum
826 4496 883 4551 in
905 4497 1124 4553 deserto
1154 4496 1477 4570 degentibus
1504 4500 1809 4570 delapsum,
1837 4499 1952 4554 sive

2059 4497 2311 4566 ἐσταξαν.
2347 4498 2410 4549 Τί
2443 4495 2498 4548 δέ
2544 4494 2808 4562 ἕσταξαν,
2851 4496 2966 4551 ἀλλ’
2999 4496 3117 4567 ἦτοι
3157 4496 3258 4567 τὴν
3290 4497 3486 4567 τροφὴν
3525 4491 3603 4560 τὴν

365 4588 532 4643 etiam
602 4589 819 4645 divinos
871 4605 1152 4645 sermones
1175 4599 1229 4646 et
1279 4592 1426 4662 leges
1473 4609 1594 4663 quae
1642 4593 1949 4647 animarum

365 4679 777 4736 rationabilium
835 4681 945 4737 cibi
977 4683 1148 4737 sunt?
1188 4682 1334 4739 Mota
1359 4694 1442 4738 est
1488 4695 1669 4740 autem
1695 4693 1860 4753 terra,
1896 4695 1950 4740 et

365 4772 494 4826 cmii
521 4771 931 4826 distillaverunt
959 4791 977 4822 ‹
1017 4788 1047 4826 a
1075 4772 1216 4828 facie
1249 4773 1341 4828 Dei
1375 4772 1550 4841 Sinai,
1589 4794 1607 4827 ›
1647 4775 1700 4829 id
1734 4784 1840 4841 est,
1894 4777 1949 4830 in

365 4873 551 4920 monte
575 4863 730 4919 Sinai
754 4866 978 4919 oracula
1001 4865 1236 4922 edentis.
1292 4865 1418 4921 Haec
1470 4882 1602 4922 vero
1633 4869 1837 4923 clarius
1867 4870 1952 4923 in-

361 4963 698 5028 terpretatus
735 4955 1098 5027 Symmachus
1115 4964 1200 5012 est
1221 4957 1411 5012 dicens
1447 4975 1458 5010 :
1503 4975 1521 5008 ‹
1556 4956 1726 5017 T,erra
1760 4975 1949 5014 move-

363 5045 548 5112 batur,
581 5047 780 5100 ccelum
807 5062 941 5101 vero
971 5046 1257 5101 distillavit
1297 5062 1327 5101 a
1352 5047 1495 5103 facie
1529 5047 1624 5102 Dei
1662 5049 1826 5118 hujus
1865 5050 1950 5104 Si-

362 5138 475 5201 nai,
497 5148 595 5192 eta
622 5138 762 5192 facie
796 5137 914 5200 Dei,
948 5138 1040 5194 Dei
1073 5138 1261 5194 Israel.
1303 5159 1322 5192 ι
1357 5139 1498 5195 Νιιιιι
1531 5139 1670 5195 forte
1698 5143 1950 5198 caelestes

360 5227 596 5283 virtutes
622 5245 722 5283 ceu
751 5230 997 5285 nutrices
1027 5232 1274 5301 quaedam
1305 5248 1336 5287 e
1366 5247 1606 5287 mamma
1655 5233 1737 5287 lac
1768 5233 1947 5288 infan-

362 5315 794 5374 tibusdistillare
843 5319 1131 5389 facientes,
1178 5324 1258 5380 sic
1285 5333 1340 5381 et
1378 5325 1512 5395 ipsa:
1541 5325 1857 5380 alimentum
1879 5343 1946 5382 ex

363 5421 427 5461 se
461 5408 528 5462 iis
548 5411 642 5478 qui
668 5417 800 5466 tunc
847 5413 1089 5469 infantes
1140 5417 1325 5472 animo
1350 5428 1529 5484 erant,
1558 5418 1948 5474 subministra-

361 5499 535 5553 runt?
580 5503 864 5567 Quarelex
918 5522 949 5560 a
998 5507 1182 5579 Moyse
1237 5509 1438 5574 edicta,
1491 5510 1817 5582 padagogus
1879 5513 1948 5567 ab

361 5582 626 5654 Apostolo
648 5601 837 5643 vocata
873 5590 976 5645 fuit
1009 5589 1072 5645 ⁸⁷.

2055 4588 2372 4662 παραδόξως
2400 4586 2710 4658 ἐνεχθεῖσαν
2743 4590 2854 4650 τοῖς
2899 4588 2991 4640 ἐπὶ
3031 4589 3129 4658 τῆς
3173 4589 3384 4658 ἐρήμου
3407 4627 3422 4651 ,
3462 4585 3492 4654 ἢ
3529 4581 3604 4635 καὶ

2051 4684 2177 4747 τοὺς
2202 4681 2379 4743 θείους
2405 4679 2597 4747 λόγους
2617 4696 2677 4732 τε
2706 4680 2798 4732 καὶ
2822 4680 3027 4751 νόμους·
3044 4678 3249 4750 τροφὴν
3273 4679 3429 4742 ὄντας
3446 4673 3603 4747 ψυχῶν

2050 4773 2315 4843 λογικῶνς
2357 4772 2593 4824 Ἐσείετο
2617 4771 2674 4823 δὲ
2707 4773 2741 4842 ή
2769 4772 2844 4842 γῆ
2867 4811 2882 4835 ,
2931 4774 3024 4825 καὶ
3051 4770 3283 4835 ἐσταξαν
3323 4775 3373 4825 οἱ
3418 4767 3604 4841 οὐρανοὶ

2056 4890 2073 4920 ‹
2103 4868 2210 4922 ἀπὸ
2241 4864 2536 4938 προσώπου
2565 4862 2668 4916 τοῦ.
2691 4864 2825 4916 Θεοῦ
2859 4864 2952 4917 τοῦ
2994 4864 3144 4918 Σνιναῖ
3163 4907 3178 4930 ,
3209 4884 3228 4916 ι
3266 4865 3499 4918 τουτέστι
3526 4859 3602 4915 τοῦ

2049 4963 2108 5014 ἐν
2145 4960 2224 5031 τῷ
2264 4959 2382 5031 ὅρει
2415 4956 2567 5011 Σιναῒ
2601 4957 3058 5028 χρηματίσαντος.
3088 4959 3198 5012 Καὶ
3223 4959 3395 5012 ταῦτα
3436 4957 3488 5010 δὲ
3526 4971 3602 5006 σα-

2051 5050 2311 5122 φέστερον
2333 5050 2676 5120 ήρμήνευσεν
2699 5049 2728 5100 6
2747 5046 3043 5118 Σύμμαχος
3062 5048 3250 5101 εἰπιὲιν·
3279 5049 3384 5120 «Γῆ
3407 5047 3599 5107 ἐσείετο,

2052 5143 2278 5214 οὐρανὸς
2297 5141 2353 5193 δὲ
2379 5138 2684 5206 ἀπέσταξεν
2714 5139 2822 5193 ἀπὸ
2849 5139 3140 5212 προσώπου
3167 5141 3258 5195 τοῦ
3281 5141 3412 5195 Θεοῦ
3441 5139 3600 5193 τούτου

2049 5235 2142 5288 τοῦ
2167 5233 2339 5298 Σιναῒ,
2358 5233 2452 5286 καὶ
2474 5232 2581 5285 ἀπὸ
2604 5231 2898 5304 προσώπου
2924 5233 3020 5286 τοῦ
3035 5232 3190 5297 Θεοῦ,
3209 5234 3343 5287 Θεοῦ
3360 5231 3592 5302 Ἰσραή)..ι

2053 5327 2284 5397 Μήποτε
2315 5323 2498 5377 δὲκαὶ
2528 5324 2582 5375 αί
2627 5323 2870 5393 οὐράνιοι
2912 5323 3170 5394 δυνάμεις
3215 5323 3399 5394 ῶσπερ
3440 5317 3596 5392 τροφοί

2054 5434 2197 5482 τινες
2223 5417 2317 5470 καὶ
2343 5415 2553 5486 τιθηνοὶ
2575 5415 2682 5468 ἀπὸ
2706 5414 2874 5486 θηλῆς
2893 5415 3033 5484 γάλα
3063 5417 3274 5487 νηπίοις
3298 5413 3593 5476 ἀποστάζον·

2058 5526 2168 5573 σαι,
2213 5509 2386 5571 οὕτως
2409 5508 2503 5560 καὶ
2529 5502 2689 5562 αὗται
2722 5509 2822 5579 τήν
2855 5508 2913 5574 ἐξ
2945 5508 3124 5562 αὐτῶν
3151 5508 3407 5581 χορηγίαν
3428 5503 3588 5574 παρεί-

2057 5619 2150 5672 χον
2180 5603 2293 5665 τοῖς
2323 5601 2444 5655 τότε
2467 5601 2567 5666 τάς
2596 5602 2773 5673 ψυχὰς
2800 5602 3045 5675 νηπίοις;
3073 5601 3150 5655 Δι’
3176 5601 3204 5654 ὅ
3226 5603 3316 5655 καὶ
3354 5597 3583 5663 παιδαγω-

362 5673 456 5742 γὸς
493 5675 806 5747 ωνόμασται
837 5682 987 5752 παρά
1023 5681 1100 5751 τῷ
1135 5683 1439 5754 Ἀπί-πέλω
1473 5687 1500 5738 6
1533 5687 1620 5741 διὰ
1664 5689 1940 5752 Medicin);
1977 5690 2228 5763 λαληθεὶς
2260 5691 2435 5760 λόγος.

443 5792 483 5822 ³³
512 5795 616 5847 lsa.
647 5809 778 5860 χιιι,
809 5798 862 5863 6,
906 5797 958 5851 7.
1042 5802 1082 5831 ’⁸⁸
1111 5801 1241 5855 Luc.
1271 5819 1347 5869 ιχ,
1383 5803 1472 5858 60.

1555 5806 1593 5836 ’⁵
1621 5805 1809 5863 Matth.
1850 5826 1973 5878 xxv,
2007 5811 2094 5866 Η.

2178 5813 2218 5843 ¹⁶
2248 5810 2393 5868 Psal.
2419 5826 2576 5877 cxm,
2612 5811 2660 5878 1,
2691 5812 2743 5866 «ί.
2827 5812 3000 5868 "Gal.
3039 5829 3115 5879 ιιι,
3143 5811 3232 5867 Ἡ.
