3808 6280
238 307 334 367 (153

1351 297 1855 356 COMMENTARIA
1895 297 1964 352 IN
2003 296 2346 355 PSALMOS.

3374 297 3478 352 εει

305 438 323 472 ι
349 419 560 491 Βροχὴν
583 417 824 472 ἑκούσιον
850 419 1115 490 ἀφοριεϊς,
1137 419 1166 471 6
1195 417 1348 482 Θεὸς,
1371 422 1437 490 τῇ
1469 415 1772 489 κληρονομίι

1980 414 2147 474 Vens.
2182 417 2269 483 10,
2299 418 2386 472 li.
2420 435 2438 468 ι
2472 415 2719 471 Pluviam
2746 415 3110 474 voluntariam
3141 417 3474 488 segregabis.

235 527 354 575 σου,
387 511 481 563 καὶ
513 509 777 581 ἠσθένησε
797 549 813 573 ,
851 511 915 563 σὺ
945 509 1002 563 δέ
1030 509 1347 581 κατηρτίσω
1377 510 1568 578 αὐτὴν.
1609 528 1627 560 ι
1663 507 1796 561 Τότε

234 602 356 672 μὲν,
401 599 600 670 φησὶν,
641 616 659 648 ι
689 602 746 652 ἐν
780 597 858 669 τῷ
905 597 1304 670 ἐκπορεύεσθαι
1340 615 1398 650 σε
1434 596 1664 650 ἐνώπιον
1700 595 1794 650 τοῦ

229 693 350 748 λαοῦ
381 709 474 746 σου
493 733 508 756 ,
551 693 642 746 καὶ
681 693 739 744 ἐν
769 691 848 762 τῷ
877 691 1171 745 διαϐαίνειν
1196 707 1256 743 σε
1285 692 1344 744 ἐν
1371 693 1436 761 τῇ
1471 691 1664 761 ἐρήμῳ
1685 727 1699 752 ,
1724 689 1795 760 γῆ

228 783 434 854 ἐσείσθη
453 821 468 846 ,
498 783 594 835 καὶ
640 783 690 836 οἱ
718 783 937 854 οὐρανοὶ
963 782 1195 848 ἐσταξαν
1214 799 1229 813 ο
1257 802 1275 834 ι
1297 783 1390 836 ἐπὶ
1415 782 1472 836 δέ
1512 781 1606 835 τοῦ
1658 797 1797 852 παρ-

226 872 366 935 όντος
388 913 404 936 ,
435 873 524 926 ὅτε
570 872 900 946 ἐπιϐέϐηκας
925 875 1017 927 ἐπὶ
1042 873 1282 944 δυσμῶν,
1314 873 1477 946 ἕτερα
1518 872 1797 944 παράδοξα

225 965 474 1035 εἰργάσω.
532 965 609 1036 Τῇ
635 965 744 1038 γὰρ
784 966 1118 1039 κληρονομίᾳ
1153 983 1244 1020 σου
1282 965 1564 1039 ἀφώρισας
1594 966 1793 1038 βροχὴν

225 1055 478 1110 ἑκούσιον.
509 1059 860 1129 Κληρονομία
888 1059 944 1112 δέ
978 1059 1142 1113 αὐτοῦ
1172 1061 1258 1125 τίς
1283 1057 1350 1132 ἦν
1380 1060 1520 1132 μετὰ
1536 1061 1627 1114 τὸν
1663 1061 1796 1132 πρό-

223 1165 368 1220 τερον
409 1148 539 1202 λαὸν
579 1149 752 1222 ἁλλ’ή
798 1152 857 1216 ἐξ
899 1151 1070 1204 ἐθνῶν
1119 1152 1444 1223 Ἐκκλησία,
1481 1152 1670 1224 ὥσπερ
1699 1148 1792 1206 οὖν

221 1241 448 1294 διδάσκει
486 1242 661 1311 λέγων
700 1245 862 1308 αὐτὸς
904 1247 962 1300 ἐν
998 1247 1238 1320 δευτέρῳ
1268 1248 1501 1321 ψαλμῷο
1537 1268 1556 1300 ι
1589 1250 1794 1320 Κύριος

221 1330 332 1387 εἷπε
352 1334 489 1404 πρὸς
509 1336 577 1406 μέ
596 1353 609 1366 ⁸
629 1337 755 1400 Υἱός
775 1355 875 1408 μου
902 1335 953 1391 εἴ
977 1341 1062 1403 σὺ,
1090 1339 1200 1409 ἐγὼ
1226 1343 1291 1414 σή
1302 1360 1366 1411 με
1376 1358 1466 1414 ρον
1487 1342 1794 1412 γεγέννηκά

221 1441 295 1480 σε.
326 1426 558 1496 Δῐτησαι
583 1429 716 1499 παρ’
754 1427 888 1500 ἐμοῦ
911 1471 925 1494 ,
954 1432 1050 1484 καὶ¹
1074 1430 1230 1486 δώσω
1269 1449 1350 1487 σοι
1380 1433 1506 1505 ἔθνη
1530 1433 1630 1504 τὴν
1661 1434 1792 1505 κλη-

219 1516 466 1587 ρονομίαν
499 1533 594 1570 σου
629 1520 723 1572 καὶ⁵
753 1519 853 1591 τὴν
880 1521 1208 1592 κατάσχεσιν
1240 1540 1335 1577 σου
1364 1522 1434 1577 τὰ
1461 1523 1672 1594 πέρατα
1693 1524 1792 1595 τῆς

215 1609 326 1678 γῆς.
370 1629 388 1660 ι
418 1609 548 1674 Υἱὸς
579 1612 690 1683 γὰρ
717 1613 852 1666 Θεοῦ
892 1615 1246 1686 κελευόμενος
1285 1618 1422 1688 πρὸς
1447 1617 1543 1671 τοῦ
1578 1618 1792 1689 Πατρὸς

214 1701 371 1754 αἰτεῖν
393 1701 783 1773 κληρονομίαν,
810 1703 934 1759 οὔτε
967 1707 1234 1760 Ἰουδαίων
1259 1707 1431 1772 ἔθνος,
1454 1708 1589 1762 ἀλλὰ
1614 1709 1792 1762 πάντα

1903 506 2066 571 Deus,
2098 507 2400 563 haereditati
2431 515 2557 572 tuae,
2588 514 2643 562 et
2681 507 2952 562 infirmata
2979 514 3083 574 est,
3112 513 3170 560 tu
3198 522 3324 564 vero
3354 522 3480 578 per-

1901 600 2078 656 fecisti
2106 615 2248 656 eam.
2278 621 2298 654 ι
2354 599 2532 666 Tunc,
2592 600 2792 670 inquit,
2834 620 2850 652 ι
2877 616 3001 655 cum
3053 599 3477 670 egredererisin

1898 698 2193 763 conspectu
2227 691 2408 761 populi
2426 690 2525 756 tui,
2548 699 2741 745 etcum
2765 692 3129 760 pertransires
3155 691 3210 746 in
3235 692 3475 756 deserto,

1899 790 2045 836 terra
2078 789 2227 837 mota
2248 790 2354 846 est,
2386 787 2442 836 et
2466 780 2594 836 cteli
2625 779 3048 835 distillaverunt.
3088 799 3104 830 ι
3127 779 3185 833 ln
3217 782 3475 850 praesenti

1899 879 2080 927 autem
2104 889 2226 928 cum
2261 872 2558 928 ascendisti
2587 887 2752 942 super
2773 885 3055 934 occasum,
3087 869 3356 924 mirabilia
3369 870 3474 923 alia

1897 966 2247 1037 perpetrasti.
2281 965 2416 1020 Nam
2448 964 2751 1020 haereditati
2771 974 2878 1020 tua:
2909 965 3210 1034 segregasti
3235 962 3473 1032 pluviam

1896 1059 2283 1114 voluntariam.
2320 1057 2623 1112 Hiereditas
2654 1072 2816 1126 porro
2868 1055 3017 1110 illius
3069 1069 3318 1124 quamam
3356 1062 3476 1109 erat

1895 1158 2019 1221 post
2051 1152 2288 1221 priorem
2315 1150 2469 1205 illum
2500 1149 2780 1219 populum,
2807 1147 2912 1202 nisi
2935 1145 3179 1200 Ecclesia
3209 1145 3470 1216 gentium,

1897 1239 2103 1308 utipse
2127 1237 2288 1292 docet
2318 1237 2375 1292 in
2406 1237 2648 1294 secundo
2705 1236 2953 1308 psalmo:
2988 1253 3006 1286 ι
3037 1233 3302 1289 Dominus
3337 1234 3476 1289 dixit

1895 1306 2076 1384 ad‘me
2110 1348 2122 1382 :
2162 1327 2334 1383 Filius
2357 1344 2513 1384 meus
2543 1345 2603 1385 es
2637 1306 2725 1396 tu,
2751 1343 2852 1399 ego
2878 1327 3038 1382 hodie
3069 1327 3230 1398 genui
3257 1337 3330 1382 te.
3377 1325 3476 1381 Po-

1897 1420 2040 1496 stula
2072 1434 2103 1474 a
2132 1434 2242 1484 me,
2265 1426 2320 1475 et
2351 1420 2492 1475 dabo
2524 1419 2624 1475 tibi
2645 1428 2832 1491 gentes
2891 1419 3264 1476 haereditatem
3295 1427 3469 1487 tuam,

1892 1519 1948 1566 et
1968 1511 2374 1582 possessionem
2394 1520 2538 1567 tuam
2555 1513 2818 1568 terminos
2832 1521 2992 1570 terrae
3010 1514 3076 1569 ‘3.
3105 1533 3124 1566 ›
3149 1512 3284 1567 Nam
3303 1513 3472 1569 Filius

1895 1603 2012 1667 Dei,
2044 1604 2135 1660 cui
2175 1603 2336 1660 Pater
2383 1605 2632 1676 praecipit
2661 1613 2722 1658 ut
2755 1612 2904 1676 petat
2954 1605 3011 1660 in
3069 1605 3470 1669 haereditatem,

1894 1711 2004 1751 non
2036 1694 2349 1751 Iudaeorum
2379 1707 2615 1768 gentem,
2641 1696 2734 1752 sed
2761 1712 2953 1754 omnes
2980 1705 3171 1767 gentes
3205 1706 3258 1752 et
3283 1701 3473 1754 termi—

211 1790 273 1842 τὰ
302 1790 424 1863 ἔθνη
454 1795 550 1846 καὶ
579 1794 649 1848 τὰ
677 1796 890 1868 πέρατα
919 1798 1016 1868 τῆς
1044 1799 1146 1870 γῆς
1164 1840 1178 1864 ,
1215 1800 1300 1863 τίς
1337 1799 1403 1852 ἂν
1436 1800 1645 1868 γένοιτο
1682 1801 1714 1871 ἦ
1754 1803 1772 1854 ἑ

1892 1803 1996 1844 nos
2039 1795 2220 1854 terra,
2256 1789 2514 1860 quisnam
2554 1789 2740 1856 fuerit,
2802 1789 2910 1846 nisi
2938 1790 3030 1860 qui
3067 1789 3370 1846 Ecclesiam
3403 1806 3468 1846 ex

211 1881 300 1951 τὴν
338 1880 395 1945 ἐξ
430 1882 604 1937 ἐθνῶν
636 1886 968 1956 Ἐκκλησίαν
1003 1889 1406 1960 συστησάμενος
1430 1907 1443 1954 ;
1470 1890 1655 1962 Ταύτῃ
1688 1886 1780 1944 οὗν

209 1973 268 2042 τῇ
300 1972 636 2047 κληρονομίᾳ.
667 1978 832 2031 αὑτοῦ
874 1978 1118 2050 ἀφώρισε
1159 1980 1360 2054 βροχὴν
1392 1981 1636 2034 ἐκούσιον
1659 1999 1672 2010 ·
1701 1981 1780 2035 διὸ

209 2063 443 2119 λέλεκται
479 2069 612 2140 περὶ
652 2068 854 2122 αὐτοῦ⁸
903 2089 922 2121 ι
956 2071 1343 2142 Καταϐήσεται
1383 2074 1457 2137 ὡς
1492 2075 1644 2139 ὑετὸς
1685 2075 1779 2129 ἐπὶ

209 2156 361 2210 πόκον
380 2198 395 2222 ,
426 2160 523 2212 καὶ
552 2159 686 2213 ὡσεὶ
716 2162 973 2228 σταγόνες
1003 2163 1294 2228 στάζουσαι
1339 2168 1432 2220 ἐπὶ
1475 2165 1572 2238 τὴν
1597 2167 1721 2238 γῆν.
1754 2187 1772 2219 ι

207 2248 365 2318 Λόγος
407 2251 465 2303 δέ
495 2247 565 2322 ἦν
596 2253 950 2322 εὐαγγελικὸς
986 2257 1018 2326 ἠ
1060 2255 1227 2330 βροχὴ
1253 2260 1286 2328 ἡ
1312 2259 1565 2322 ἐκουσία,
1597 2261 1691 2312 καὶ
1717 2261 1778 2313 τὸ

206 2343 294 2411 τῆς
319 2344 528 2414 Καινῆς
542 2347 820 2418 Διαθήκης
843 2349 1105 2421 κήρυγμα
1125 2354 1190 2422 τῇ
1218 2351 1275 2418 ἐξ
1297 2352 1466 2406 ἐθνῶν
1482 2354 1776 2426 Ἐκκλησία

205 2435 649 2508 παραδεδομένον.
686 2439 843 2511 Καλὴ
871 2440 926 2494 δέ
957 2443 988 2512 ἡ
1027 2443 1314 2514 προσθήκη
1348 2445 1448 2515 τῆς
1481 2464 1498 2496 ι
1523 2446 1776 2511 ἑκουσίας

207 2526 417 2596 βροχῆςο
461 2549 482 2581 ›
523 2529 614 2584 διὰ
664 2533 939 2598 Μωύσέως
987 2536 1214 2607 μὲνγὰρ
1259 2537 1356 2607 οὐχ
1397 2537 1639 2603 ἑκούσιος
1664 2542 1774 2605 τοῖς

204 2617 438 2682 παλαιοῖς
464 2621 760 2692 παρείχετο
783 2623 957 2694 λόγος,
985 2629 1106 2680 ἐπεὶ
1135 2629 1195 2679 ού
1233 2630 1374 2682 κατὰ
1413 2629 1636 2701 γνώμην
1677 2631 1774 2704 τὴν

203 2709 353 2763 αὐτοῦ
375 2713 765 2782 ἐνομοθετείτο-
796 2717 876 2770 διὸ
908 2718 1042 2789 πρὸς
1071 2721 1268 2783 αὐτοὺς
1295 2719 1477 2790 ἔλεγεν
1505 2707 1534 2774 6
1561 2723 1768 2794 Σωτήρ·

207 2819 222 2848 ι
257 2802 490 2873 Μωῦσῆς
518 2805 656 2874 πρὸς
689 2804 785 2876 τὴν
811 2807 1242 2880 σκληροκαρδίαν
1273 2811 1426 2881 ὑμῶν
1448 2811 1707 2884 ἔγραψεν·
1746 2834 1767 2867 ι

201 2892 226 2942 6
246 2891 297 2943 δὲ
326 2893 480 2962 λόγος
513 2898 543 2949 ὀ
568 2897 925 2966 εύαγγελικὸς
956 2902 1097 2955 κατὰ
1124 2902 1318 2974 βουλὴν
1349 2905 1443 2958 καὶ
1468 2904 1610 2957 κατὰ
1636 2923 1771 2978 προ-

201 2984 398 3052 αίρεσιν
425 2986 562 3041 Θευῦ
589 2991 876 3064 ἁφωρίσθη
905 3012 923 3044 ι
954 2996 1021 3064 τῇ
1048 2994 1382 3068 κληρονομίᾳ.
1423 3017 1440 3047 ι
1485 2998 1648 3050 αὐτοῦ
1667 3037 1680 3061 ,
1705 2998 1771 3069 ἣν

200 3072 568 3144 αι’)ενῆσασαν
618 3079 715 3147 σὺ,
762 3082 933 3151 φησὶ,
986 3084 1331 3155 κατηρτίσω.ο
1389 3087 1530 3141 κατὰ
1575 3087 1632 3140 δέ
1678 3087 1769 3140 τὸν

212 3164 460 3231 Ἀκύλαν,
510 3186 528 3219 ι
577 3170 1037 3242 Μεμοχοηκυῖαν,
1078 3177 1242 3246 φησὶ,
1286 3178 1352 3231 σὺ
1394 3177 1636 3248 ἧδρασας
1678 3181 1774 3232 αύ-

199 3255 316 3326 τήν·
367 3274 385 3306 ι
426 3257 573 3311 κατὰ
614 3259 670 3312 δὲ
712 3262 803 3314 τὸν
844 3263 1167 3335 Σύμμαχον,
1210 3285 1228 3318 ι
1266 3269 1366 3321 Ἢν
1404 3269 1768 3341 ἐξεπόνησας,

199 3345 350 3414 φησὶ,
395 3348 489 3401 καὶ
530 3348 796 3419 ῆδρασας.
838 3374 858 3406 ι
899 3355 974 3408 Οὐ
1003 3357 1086 3409 δεῖ
1119 3357 1176 3411 δὲ
1213 3359 1427 3414 πολλῶν
1474 3360 1649 3431 λόγων
1691 3365 1770 3427 είς

195 3432 252 3488 τὸ
274 3439 624 3509 παραστῆσαι
651 3441 799 3507 ὅπως
833 3447 867 3516 ἡ
910 3445 969 3511 ἐξ
1012 3447 1182 3504 ἐθνῶν
1213 3451 1377 3505 πάλαι
1413 3453 1678 3526 πρότερον
1700 3451 1769 3527 ἦν

199 3531 572 3620 μεμοχθηκυὶα
605 3535 789 3598 πόνοις
834 3539 929 3591 καὶ
978 3541 1199 3613 μόχθοις
1242 3544 1341 3616 τῆς
1381 3546 1766 3620 είδωλολὰτρου

195 3619 393 3693 πλάνης
426 3627 892 3697 καταπονηοείσα·
924 3632 1270 3704 ἁσθενήσασά
1303 3655 1360 3688 τε
1387 3633 1455 3709 ἦν
1489 3641 1568 3702 εἰς
1596 3619 1766 3713 ὑπερ-

196 3711 366 3784 6ολὴν,
400 3715 477 3778 ὡς
505 3716 779 3789 μηδεμίαν
811 3721 869 3772 ἐν
895 3723 1030 3794 αὐτῇ
1059 3725 1483 3798 καταλειφθῆναι
1515 3711 1763 3801 δύναμιν.

207 3804 336 3859 Ἀλλ’
365 3807 650 3863 ἀναλαϐὼν
690 3813 859 3884 αὐτὴν
893 3816 921 3866 ὁ
952 3815 1142 3888 Σωτὴρ
1176 3819 1543 3889 κατηρτίσατο
1571 3823 1762 3894 αὐτὴν,

194 3895 414 3967 ἑδράσας
459 3901 556 3953 ἐπὶ
596 3901 692 3974 τὴν
739 3905 943 3977 πέτραν
990 3907 1088 3978 τὴν
1133 3909 1350 3980 ἀρραγῆ
1390 3912 1482 3964 καὶ
1515 3913 1764 3968 ἄσειστον

191 3988 283 4058 τῆς
327 3991 489 4046 αὐτοῦ
525 3995 780 4061 πίστεως·
811 3998 839 4051 ὃ
878 3997 940 4070 δὴ
987 4000 1080 4052 καὶ
1121 4002 1485 4072 ἐπηγγείλατο
1514 4007 1763 4078 ποιήσειν

189 4079 369 4134 εἰπών·
405 4102 424 4134 ι
478 4085 601 4139 Ἐπὶ
626 4086 726 4159 τὴν
750 4088 956 4160 πέτραν
985 4091 1324 4162 οἰκοδομήσω
1365 4112 1464 4166 μου
1494 4096 1593 4166 τὴν
1637 4098 1760 4155 Ἐκ-

190 4173 428 4243 κλησίαψ
467 4180 564 4234 καὶ
596 4181 758 4236 πύλαι
789 4182 914 4254 ᾅδου
948 4187 1009 4238 ού
1046 4187 1464 4258 κατισχύσουσιν
1499 4191 1690 4262 αὐτῆς.
1735 4212 1754 4246 ι

198 4265 456 4339 Ἐδρὰσας
481 4272 537 4326 δε
563 4274 734 4346 αὐτὴν
763 4278 856 4329 καὶ
885 4281 1375 4351 καταρτισὰμενος,
1400 4282 1468 4337 τὰ
1493 4283 1606 4348 ξῶα
1632 4288 1760 4339 ἐαυ-

187 4357 620 4440 τοῦνκατῴκισεν
664 4369 722 4420 ἐν
763 4369 922 4440 αὐτῇ.
959 4369 1081 4423 Ζῶα
1118 4371 1174 4425 δὲ
1215 4373 1335 4426 τίνα
1358 4373 1424 4427 ἂν
1457 4377 1629 4440 εἴποις
1662 4377 1755 4431 τοῦ

186 4439 367 4560 ςεοῦἥ
397 4456 494 4518 τὰς
525 4460 590 4512 ἐκ
631 4460 732 4530 τῆς
775 4439 902 4532 παρθ
936 4462 1090 4534 αὐτῷ
1127 4464 1272 4536 ζωῆς
1313 4467 1622 4539 ἀρυομὲνας
1655 4471 1750 4524 καὶ
1780 4503 1826 4560 D

187 4539 610 4618 ζωοποιουμὲνας
660 4553 868 4624 ψυχάς
920 4557 1031 4610 Καὶ
1081 4557 1253 4611 ταῦτα
1297 4561 1504 4625 πάντα,
1553 4539 1791 4634 (malm:

191 4653 207 4725 ι
238 4638 536 4709 ἡτοίμασας
579 4665 598 4695 ›
639 4645 724 4700 διὰ
751 4649 851 4719 τῆς
899 4650 998 4720 σῆς
1041 4653 1405 4724 χρηστότητος
1443 4657 1536 4707 καὶ
1560 4657 1750 4725 φιλαν-

187 4723 499 4802 ορωπίας,ἦ
529 4732 618 4786 διὰ
657 4753 676 4786 ι
717 4737 816 4806 τῆς
846 4738 946 4808 σῆς
980 4723 1358 4812 ἀγαθωσύνης,
1397 4763 1416 4795 ι
1444 4723 1584 4800 κατᾶ
1623 4749 1750 4813 τοὺς

184 4814 394 4909 λοιποὺς
431 4825 799 4897 ὲρμηνευτὰς,
838 4849 856 4881 ‹
903 4831 981 4901 τῷ
1021 4833 1241 4904 πτωχῷ.
1279 4856 1298 4887 ι
1333 4838 1552 4909 Πτωχὸν
1581 4839 1636 4893 δέ
1669 4842 1752 4894 ἐν·

184 4907 346 4962 ταῦοα
379 4913 612 4986 κέκληκε
644 4920 922 4989 μυστικῶς
965 4923 1054 4977 τὸν
1086 4927 1227 4980 κατὰ
1258 4927 1435 5000 σάρκα
1465 4930 1749 5003 ἄνθρωπον

184 5000 269 5053 τοῦ
300 5003 546 5078 Σωτῆρος
576 5010 752 5081 ήμῶν,
780 5013 839 5076 ὃς
875 5031 894 5064 ι
935 5015 1188 5082 πλούσιος
1222 5017 1298 5072 ῶν
1341 5020 1649 5092 ἐπτώχευσε
1682 5025 1748 5078 δι’

185 5091 341 5183 ﬁgis.
379 5095 466 5149 ἵνα
489 5099 649 5169 ἡμεῖς
681 5105 749 5174 τῇ
778 5104 941 5158 αὐτοῦ
983 5108 1226 5179 πτωχεία
1266 5091 1674 5183 πλουτήσωμεν.
1723 5135 1743 5168 t

197 5177 400 5252 Ἑδήλου
446 5183 501 5237 δέ
541 5189 703 5242 αὐτοῦ
754 5191 867 5262 τὴν·
898 5195 1169 5265 πτωχείαν
1214 5199 1306 5251 καὶ
1348 5201 1509 5264 αὐτὸς
1553 5202 1747 5271 λέγων·

193 5287 208 5317 ι
238 5271 448 5367 lviii-Osce
475 5277 568 5330 ἀπ’
607 5281 740 5351 ἐμοῦ
759 5323 773 5346 ,
808 5284 889 5338 ὅτι
927 5290 1098 5360 πρᾶός
1131 5293 1244 5361 εἰμι
1274 5295 1367 5345 καὶ
1393 5294 1646 5358 ταπεινὸς
1677 5298 1743 5367 τῇ

188 5361 391 5460 καρδίᾳ.
423 5385 467 5460 Δ»
513 5369 697 5460 Τούτῳ
728 5370 820 5428 οὖν
851 5377 929 5449 τῷ
957 5383 1158 5454 πτωχῷ
1194 5385 1224 5438 6
1259 5384 1392 5448 Θεὸς
1434 5387 1527 5439 καὶ
1557 5361 1747 5460 Πατὴρ

189 5450 342 5504 αὑτοῦ
384 5456 450 5526 τῇ
490 5459 652 5513 αὐτοῦ
680 5450 1186 5541 φιλανθρωπίᾳγκαὶ
1229 5474 1555 5546 χρηστότητι
1599 5450 1749 5546 ἡτοί-

261 5634 468 5726 ’ζξεειὶι
523 5656 583 5710 II,
621 5646 670 5713 7,
704 5650 757 5704 8.
838 5652 878 5684 ’³
903 5649 1045 5707 Psal.
1098 5669 1248 5720 uxr,
1279 5654 1331 5712 6.
1413 5659 1456 5690 ²⁰
1485 5657 1650 5715 Marc.
1686 5678 1739 5726 κ,
1774 5662 1826 5717 5.

190 5714 257 5766 ιι,
284 5703 367 5762 2,9,

1889 1880 2145 1951 gentibus
2207 1882 2546 1938 constituit?
2599 1879 2740 1936 Huic
2780 1883 2964 1953 itaque
3021 1881 3324 1938 haereditati
3357 1899 3471 1938 sum

1886 1975 2192 2046 segregavit
2236 1976 2475 2046 pluviam
2505 1976 2870 2031 voluntariam
2902 1994 2916 2031 :
2949 1990 3120 2046 quare
3163 1975 3356 2030 de'illo
3387 1977 3471 2031 di-

1887 2075 2038 2120 ctum
2095 2074 2180 2122 est
2218 2088 2229 2122 :
2271 2086 2291 2121 ι
2331 2066 2640 2123 Descendet
2697 2069 2842 2124 sicut
2869 2068 3054 2140 pluvia
3099 2067 3154 2122 in
3183 2067 3380 2132 vellus,
3416 2078 3471 2122 et

1886 2158 2030 2213 sicut
2062 2159 2341 2214 stillicidia
2395 2160 2660 2216 stillantia
2690 2176 2857 2232 super
2887 2171 3085 2216 terram
3131 2161 3194 2214 η.
3219 2179 3237 2212 ι
3277 2158 3469 2213 Pluvia

1886 2258 2063 2306 autem
2094 2251 2402 2306 voluntaria
2430 2260 2546 2308 erat
2567 2252 2788 2308 verbum
2821 2252 3191 2324 evangelicum
3225 2291 3241 2317 ,
3265 2260 3317 2307 et
3339 2266 3472 2322 prte-

1883 2340 2088 2394 dicatio
2114 2339 2250 2396 Novi.
2279 2340 2889 2397 TestamentiEcclesize
2915 2342 3154 2413 gentium
3189 2338 3471 2394 tradita.E

1882 2445 1943 2485 re
1973 2430 2227 2502 adjicitur
2249 2431 2316 2486 ad
2351 2451 2369 2485 ι
2407 2433 2646 2504 pluviam
2671 2452 2689 2484 ›
2725 2433 2878 2502 illud,
2947 2451 2966 2485 ι
3003 2432 3407 2489 voluntariam:
3442 2449 3464 2484 ι

1883 2539 2008 2578 nam
2037 2540 2134 2595 per
2165 2524 2410 2597 Moysem
2465 2530 2582 2581 non’
2639 2525 3012 2580 voluntarium
3050 2524 3295 2595 antiquis
3359 2524 3469 2578 illis

1881 2618 2204 2673 tradebatur
2223 2617 2472 2684 verbum,
2505 2619 2634 2691 quia
2662 2635 2772 2675 non
2801 2619 3103 2675 secundum
3136 2619 3311 2689 ipsius
3338 2634 3467 2675 sen-

1880 2709 2108 2763 tentiam
2132 2709 2222 2766 lex
2259 2709 2512 2766 dabatur.
2552 2707 2924 2775 Quamobrem
2955 2710 3078 2766 illos
3105 2711 3184 2765 sic
3214 2709 3467 2766 Salvator

1881 2800 2180 2870 alloquitur
2226 2821 2239 2856 :
2297 2820 2316 2854 ι
2349 2800 2567 2873 Moyses
2623 2801 2690 2856 ad
2744 2801 3007 2857 duritiam
3063 2801 3250 2857 cordis
3291 2801 3465 2856 vestri

1880 2892 2104 2963 scripsit
2147 2896 2215 2948 ³ο.
2255 2915 2274 2947 ι
2340 2895 2410 2950 At
2465 2896 2693 2951 verbum
2734 2895 3104 2968 evangelicum
3160 2894 3463 2950 secundum

1877 2988 2218 3043 voluntatem
2275 2994 2332 3042 et
2389 2987 2715 3044 electionem
2762 2985 2858 3042 Dei
2911 3006 2928 3037 ι
2966 2985 3264 3040 ιιαετεάἰιοιί
3295 3005 3313 3038 ι
3343 2985 3463 3055 ejus

1877 3079 2138 3134 traditum
2160 3085 2243 3135 est
2271 3097 2284 3134 :
2311 3095 2474 3150 quam
2501 3079 2775 3134 infirmam
2803 3085 2886 3144 tu,
2917 3079 3115 3149 inquit,
3147 3078 3462 3148 perfecisti;

1882 3169 2184 3224 secundum
2237 3170 2526 3240 Aquilam,
2605 3170 2996 3226 «laborantem
3027 3211 3042 3232 ,
3105 3171 3336 3242 inquit,
3401 3180 3462 3226 tu

1881 3258 2126 3315 fundasti
2178 3275 2339 3327 eam;
2400 3280 2418 3312 ι
2479 3261 2782 3316 secundum
2843 3259 3234 3332 Symmachum
3307 3278 3460 3326 vero,

1885 3370 2095 3426 (quam
2149 3355 2468 3420 elaborasti,
2524 3355 2740 3425 inquit,
2806 3364 2859 3410 et
2903 3354 3166 3410 fundasti.
3198 3376 3217 3408 ι
3275 3355 3463 3427 Neque

1878 3449 2064 3502 multis
2087 3463 2225 3517 Opus
2271 3447 2618 3502 sermonibus
2661 3453 2747 3502 est
2791 3447 2860 3501 ad
2906 3446 3296 3502 declarandum
3351 3464 3462 3518 quo

1873 3551 2038 3612 pacto
2065 3541 2310 3612 gentium
2344 3538 2592 3595 Ecclesia
2643 3539 2852 3610 pridem
2879 3539 3117 3604 defessa,
3147 3540 3458 3595 laboribus-

1875 3646 1981 3701 que
2009 3631 2219 3687 erroris
2255 3629 2526 3686 idolorum
2559 3630 2810 3686 confecta
2845 3637 3011 3692 esset,
3046 3645 3112 3684 ac
3144 3645 3310 3698 supra
3338 3645 3458 3682 rno-

1875 3723 2261 3785 duminfirma,
2292 3729 2352 3775 ut
2382 3722 2532 3776 nulla
2593 3721 2700 3791 ipsi
2759 3720 2934 3774 virtus
2989 3726 3322 3790 superesset.
3351 3717 3460 3774 Sed

1873 3817 2046 3886 ipsam
2083 3817 2343 3871 Servator
2383 3821 2697 3883 susceptam
2741 3813 2992 3883 perfecit,
3027 3814 3192 3882 inque
3218 3811 3374 3866 firma
3403 3820 3460 3868 et

1873 3907 2097 3963 immota
2123 3919 2279 3978 petra
2338 3907 2463 3961 fidei
2503 3921 2617 3962 suae
2682 3904 2973 3960 fundavit:
3005 3905 3153 3975 quod
3191 3919 3250 3959 se
3285 3903 3460 3959 factu-

1871 4015 1992 4053 rum
2029 4001 2314 4071 pollicitus
2350 4008 2470 4055 erat
2503 4000 2733 4054 dicens:
2773 4017 2790 4049 ι
2833 3997 3008 4069 Supra
3046 4007 3253 4068 petram
3285 3999 3457 4054 aedifi-

1869 4090 2012 4151 cabo,
2054 4089 2356 4146 Ecclesiam
2391 4105 2591 4153 meam,
2625 4097 2678 4145 et
2712 4096 2883 4160 portae
2923 4090 3084 4143 inferi
3114 4105 3222 4144 non
3257 4104 3459 4160 praeva-

1868 4183 2058 4239 lebunt
2089 4183 2356 4239 adversus
2385 4199 2525 4240 eam.
2563 4184 2629 4237 ²¹.
2670 4202 2688 4235 ι
2715 4181 3015 4253 Postquam
3059 4197 3189 4238 vero
3211 4183 3459 4238 fundavit

1866 4284 1921 4332 et
1947 4275 2178 4347 perfecit
2208 4317 2223 4342 ,
2259 4275 2521 4331 animalia
2559 4273 2932 4343 suaghabitare
2970 4274 3095 4329 fecit
3128 4277 3184 4329 in
3215 4290 3300 4332 ea.
3326 4275 3457 4330 Ani-

1865 4371 2028 4425 malia
2055 4386 2186 4425 vero
2230 4368 2322 4424 Dei
2352 4383 2473 4439 quae
2519 4367 2726 4423 dixeris
2756 4383 2898 4432 esse,
2934 4368 3044 4422 nisi
3077 4367 3290 4424 animas
3341 4371 3454 4422 vita

1865 4477 1986 4532 qua:
2017 4461 2159 4532 apud
2190 4461 2369 4530 ipsum
2399 4469 2502 4523 est,
2529 4459 2830 4515 instructas
2859 4468 2912 4515 et
2942 4459 3288 4515 donatasTEt
3313 4461 3427 4517 haec

1855 4553 2055 4624 inquit,
2089 4551 2273 4607 omnia
2304 4567 2401 4621 per
2416 4551 2761 4606 dulcedinem
2775 4558 2828 4606 et
2856 4550 3253 4640 humanitatem
3275 4540 3454 4635 tuam:

1857 4647 1972 4702 sive
2014 4661 2115 4716 per
2144 4665 2164 4697 ι
2194 4645 2498 4700 bonitatem
2531 4650 2682 4698 tuam
2707 4665 2725 4696 ι
2761 4643 3064 4698 secundum
3097 4645 3340 4715 reliquos
3363 4646 3452 4701 in-

1855 4746 2144 4811 terpretes,
2164 4756 2182 4789 ι
2210 4738 2436 4809 pauperi
2469 4737 2708 4808 parasti.
2737 4756 2756 4788 )
2775 4735 3080 4806 Pauperem
3118 4737 3206 4792 hic
3222 4741 3453 4809 mystice

1857 4843 2018 4888 vocat
2043 4832 2321 4886 hominem
2347 4829 2650 4885 Salvatoris
2677 4829 2855 4884 nostri
2879 4831 3180 4886 secundum
3205 4846 3446 4896 carnem,

1860 4925 1954 4995 qui
1982 4943 2000 4976 ι
2032 4939 2157 4978 cum
2183 4922 2336 4978 dives
2357 4931 2521 4987 esset,
2539 4937 2743 4993 egenus
2771 4929 2994 4992 propter
3016 4938 3117 4977 nos
3140 4922 3314 4979 factus
3339 4931 3447 4987 est,

1859 5027 1918 5072 ut
1952 5034 2054 5073 nos
2087 5017 2207 5086 ejus
2249 5016 2434 5086 inopia
2463 5015 2664 5070 divites
2688 5029 2942 5070 essemus
2969 5017 3038 5068 ²².
3080 5035 3097 5067 ι
3123 5015 3288 5068 Suam
3320 5032 3448 5072 vero

1858 5112 1975 5182 ipse
2005 5110 2241 5182 inopiam
2274 5111 2359 5164 his
2391 5108 2577 5163 verbis
2608 5105 2906 5161 declaravit
2935 5123 2947 5159 :
2983 5125 3002 5158 ι
3040 5106 3244 5162 Discite
3271 5123 3301 5162 a
3335 5124 3442 5176 me,

1860 5203 1991 5275 quia
2022 5203 2170 5264 mitis
2206 5217 2328 5258 sum
2381 5207 2437 5256 et
2480 5198 2704 5253 humilis
2729 5197 2896 5254 corde
2928 5198 2994 5252 ".
3037 5219 3056 5252 ι
3106 5197 3246 5255 Huic
3277 5200 3445 5272 igitur

1853 5295 2080 5373 pauperi
2119 5293 2263 5368 Deus
2284 5300 2338 5348 et
2366 5292 2527 5346 Pater
2549 5291 2669 5361 ejus
2688 5292 3025 5347 humanitate
3058 5307 3122 5347 ac
3151 5293 3444 5352 dulcedine

1852 5384 2245 5457 suapraadicta
2267 5384 2451 5437 omnia
2507 5382 2871 5456 prreparavit;
2919 5383 3169 5440 videlicet
3198 5386 3438 5455 pluviam

1853 5477 2249 5542 voluntariam,
2291 5475 2574 5547 praefatam
2610 5475 2985 5531 haureditatem
3032 5485 3087 5532 et
3136 5489 3438 5534 memorata

3169 5665 3216 5696 "
3242 5665 3429 5719 Matth.

1903 5663 1945 5695 ¹¹
1978 5658 2164 5715 Matth.
2207 5677 2296 5726 xv,
2335 5660 2423 5716 18.
2536 5664 2583 5694 ’³
2614 5660 2659 5715 ll
2687 5660 2815 5718 Cor.
2845 5678 2963 5728 vm,
3001 5663 3053 5718 9.
