3808 6280
355 342 463 397 095

1057 339 1324 396 EUSEBII
1363 341 1842 400 CESARIENSIS
1881 342 2033 400 OPP.
2073 344 2253 399 PARS
2291 343 2376 400 Ill.
2419 375 2487 385 —-
2525 343 2944 402 EXEGETICA.
3509 351 3596 407 696

357 464 635 516 animalia.
671 459 1038 526 Quamobrem
1094 469 1218 531 post
1271 461 1390 518 haec
1430 463 1615 518 omnia
1647 461 1882 518 infertur

2045 482 2184 534 μασε
2232 463 2301 519 τὰ
2345 462 2714 536 προλεχθὲντα
2744 465 2942 518 πάνταο
2973 464 3116 533 λέγω
3158 466 3216 519 δὲ
3249 466 3348 536 τὴν
3373 467 3598 522 ἑκούσιον

361 572 380 604 σ
403 548 616 606 Parasti
643 551 698 605 in
731 550 1022 606 dulcedine
1071 561 1166 606 tua
1190 554 1439 623 pauperi.
1494 553 1758 611 Dominus
1782 555 1934 609 dabit

352 644 580 698 verbum
607 643 1114 713 evangelizantibus
1144 645 1345 700 virtute
1377 647 1568 701 multa.
1610 667 1630 700 ι
1663 646 1788 702 Haec
1807 655 1936 702 sunt

353 736 613 804 praeclara
643 733 860 791 Domini
905 749 1096 805 opera,
1129 736 1222 805 qui
1283 739 1531 794 ascendit
1561 755 1728 810 super
1772 755 1935 796 occa-

351 844 494 884 sum.
523 826 795 895 Quoniam
828 843 960 884 vero
990 842 1053 883 ea
1084 828 1342 885 omnibus
1370 830 1641 886 declarari
1667 833 1934 904 oportuit,

352 920 404 974 id
428 923 594 975 etiam
631 921 752 990 ipse
807 919 1072 976 Dominus
1124 928 1249 990 post
1269 921 1478 992 reliqua
1522 925 1706 979 omnia
1749 924 1933 981 eﬂicit.

349 1012 634 1080 Quomodo
682 1021 738 1068 et
779 1028 885 1084 qua
917 1014 1176 1068 ratione?
1204 1013 1532 1072 Hominibus
1579 1018 1800 1088 quidem
1841 1021 1933 1090 qui

349 1121 449 1160 nec
473 1105 754 1175 proprium
780 1107 1007 1161 verbum
1036 1122 1137 1162 nec
1167 1107 1445 1177 propriam
1474 1110 1799 1179 sapientiam
1836 1111 1933 1166 ba-

348 1199 498 1262 bent,
526 1198 621 1254 sed
652 1198 746 1269 qui
781 1200 1010 1254 omnino
1071 1201 1238 1256 rudes
1264 1202 1600 1258 etineruditi
1628 1211 1778 1268 sunt,
1815 1205 1934 1276 ipse

345 1290 572 1344 verbum
625 1289 998 1360 suppeditabit
1042 1292 1261 1362 plenum
1323 1293 1682 1348 inenarrabili
1710 1294 1930 1348 virtute.

343 1379 450 1450 Ipsi
510 1395 642 1435 vero
678 1381 923 1436 roborati
973 1389 1027 1436 et
1083 1384 1286 1439 tradito
1330 1385 1438 1440 sibi
1491 1386 1658 1442 verbo
1711 1385 1956 1455 diserti,_

341 1486 621 1540 praecones
653 1471 925 1528 bonorum
978 1474 1150 1529 totius
1182 1476 1374 1530 mundi
1427 1477 1855 1540 constituentur,
1877 1488 1935 1531 ut

342 1574 644 1619 memorata
681 1564 996 1622 hominibus
1050 1569 1313 1625 omnibus
1367 1572 1716 1628 annuntient.
1753 1571 1935 1638 Quare

341 1665 742 1726 consequenter
771 1668 894 1729 post
925 1661 1185 1729 praeclara
1238 1662 1332 1717 illa
1386 1660 1602 1718 Domini
1635 1679 1802 1735 opera
1838 1665 1934 1719 ad-

336 1747 528 1816 jicitur
552 1747 686 1803 illud
730 1768 745 1804 :

2039 555 2258 627 βροχὴν,
2286 554 2384 627 τὴν
2405 554 2734 626 δηλωθεῖσαν
2755 553 3138 626 κληρονομίαν,
3161 555 3229 609 τὰ
3251 555 3599 627 προλεχθέντα

2036 647 2172 713 ζῶα.
2208 646 2300 700 Διδ
2339 649 2450 710 τοῖς
2496 648 2662 700 πᾶσιν
2698 648 3049 719 ἐπενήνεκται
3084 647 3183 712 τὸ,
3221 666 3242 700 ι
3283 647 3598 717 Ἡτοίμασας

2036 741 2094 793 ἐν
2139 742 2204 810 τῇ
2238 737 2568 810 χρηστότητι
2616 753 2709 790 σου
2752 737 2828 809 τῷ
2873 738 3093 809 πτωχῷ.
3133 738 3341 811 Κύριος
3371 739 3600 793 δώσειτὸ

2037 832 2188 902 ῥῆμα
2234 833 2348 892 τοῖς
2395 829 2904 900 εύαγγελιζομὲνοις
2949 830 3176 901 δυνάμει
3226 831 3421 902 πολλῇ,
3476 850 3495 883 ι
3532 833 3599 887 Τὰ

2040 923 2138 992 μὲν
2201 920 2603 994 κατορθώματα
2652 920 2747 976 τοῦ
2799 921 3190 993 ἐπιδεδηκότος
3241 925 3336 976 ἐπὶ
3397 923 3600 996 δυσμῶν

2036 1015 2243 1086 Κυρίου
2270 1014 2515 1068 τοιαῦτα.
2557 1014 2712 1067 Ἐπεὶ
2740 1013 2784 1067 δ’
2817 1015 2984 1085 ἐχρῆν
3009 1014 3147 1068 αύτά
3177 1013 3484 1080 ὲξάκουστα
3511 1020 3602 1071 πᾶ-

2036 1123 2122 1160 σιν
2157 1105 2464 1178 ἀνθρώποις
2493 1105 2767 1176 γενέσθαι,
2814 1106 2976 1159 πάλιν
3008 1109 3037 1162 6
3078 1108 3241 1172 αὐτὸς
3277 1108 3486 1180 Κύριος
3519 1115 3600 1164 καὶ

2033 1199 2193 1252 τοῦτο
2234 1199 2373 1273 πρὸς
2411 1200 2528 1262 τοῖς
2569 1197 2750 1262 ἄλλοις
2792 1200 3047 1254 ἐπιτελεῖ.
3095 1199 3221 1262 Πῶς
3255 1199 3312 1252 δὲ
3362 1202 3462 1254 καὶ
3495 1201 3602 1255 τίνα

2032 1292 2263 1364 τρόπον;
2321 1291 2653 1363 Ἀνθρώποις
2701 1291 2776 1362 μὴ
2814 1291 3028 1362 ἔχουσιν
3078 1291 3210 1346 ίδιον
3253 1292 3413 1361 λόγον
3437 1333 3454 1355 ,
3484 1294 3600 1364 μηδὲ

2033 1385 2240 1437 οἰκείαν
2291 1382 2503 1453 σοφίαν,
2539 1382 2821 1446 παντελῶς
2863 1383 2920 1436 δὲ
2968 1382 3208 1446 ἰδιώταις
3247 1385 3601 1455 ἀνεπιστήμο-

2035 1490 2141 1539 σιν,
2188 1473 2350 1534 αὐτὸς
2393 1473 2784 1545 ἐπιχορηγήσει
2836 1473 2987 1544 ῥῆμα
3022 1474 3217 1545 μεστὸν
3260 1474 3475 1543 ἀφάτου
3519 1477 3600 1530 καὶ

2035 1567 2236 1640 πολλῆς
2274 1567 2573 1638 δυνάμεως.
2621 1567 2684 1620 Oi
2725 1566 2783 1620 δὲ
2827 1566 3235 1638 δυναμωθέντες
3272 1568 3371 1622 καὶ
3403 1585 3600 1638 στομώ-

2034 1659 2220 1722 θέντες
2254 1659 2357 1712 ὑπὸ
2385 1658 2478 1712 τοῦ
2515 1657 2850 1730 δωρηθέντος
2879 1660 3064 1723 αὐτοῖς
3098 1660 3343 1731 ῥήματος
3377 1661 3601 1732 κήρυκες

2033 1751 2253 1822 ἀγαθῶν
2297 1750 2392 1805 τοῦ
2436 1751 2636 1815 παντὸς
2679 1750 2883 1824 κόσμου
2915 1753 3350 1824 καταστήσονται
3384 1753 3602 1822 εὐαγγε-

339 1839 608 1912 λιζόμενοι
659 1844 826 1896 πᾶσιν
872 1844 1185 1916 ἀνθρώποις
1229 1848 1299 1902 τὰ
1349 1849 1780 1922 προλελεγμένα.
1835 1849 1926 1903 Διὸ
1965 1846 2276 1910 ἀκολούθως
2312 1851 2426 1911 τοῖς
2465 1845 2561 1900 τοῦ
2594 1847 2800 1901 Κυρίου
2867 1847 3291 1920 κατορθώμασιν
3359 1851 3603 1922 ἐπενήνε-

338 1950 463 1987 κται
489 1936 550 1989 τό
577 1953 592 1967 ο

414 2071 433 2104 ι
467 2053 734 2113 Dominus
757 2059 909 2114 dabit
932 2061 1158 2116 verbum
1187 2064 1693 2136 evangelizantibus
1727 2067 1911 2121 virtuti

2108 2085 2126 2118 ι
2179 2063 2384 2136 Κύριος
2430 2061 2589 2116 δώσει
2628 2061 2776 2133 ῥῆμα
2822 2063 2937 2126 τοῖς
2973 2062 3486 2134 εύαγγελιζομένοις
3519 2062 3601 2118 δυ-

338 2146 528 2200 multa.
571 2168 588 2199 ι
610 2147 994 2206 Necessarium
1022 2167 1154 2207 vero
1198 2154 1301 2209 fuit
1332 2156 1384 2210 id
1420 2173 1520 2212 nos
1553 2174 1909 2230 cognoscere,

335 2239 464 2307 quia
487 2243 745 2312 superius
771 2244 996 2314 quidam
1036 2245 1181 2314 jussi
1215 2255 1344 2302 sunt
1371 2232 1572 2305 can'ere
1601 2262 1654 2306 et
1687 2251 1924 2321 psallere

334 2327 469 2396 Deo,
503 2331 716 2401 iterque
748 2332 930 2389 facere
961 2333 1010 2390 ei
1036 2335 1129 2406 qui
1158 2338 1409 2393 ascendit
1436 2355 1602 2410 super
1624 2356 1919 2396 occasura:

333 2420 499 2490 idque
530 2421 771 2476 declarat
827 2423 1018 2481 dicens
1056 2445 1068 2480 :
1107 2446 1126 2479 ι
1167 2426 1445 2488 Dominus
1493 2431 1646 2488 dabit
1696 2433 1921 2488 verbum

335 2513 841 2582 evangelizantibus
879 2517 1082 2573 virtute
1131 2521 1318 2574 multa.
1363 2541 1382 2573 ι
1432 2521 1528 2578 His
1570 2525 1716 2578 enim
1750 2540 1920 2580 evan-

333 2602 721 2672 gelizantibus,
748 2605 840 2675 qui
878 2622 981 2662 suo
1000 2609 1067 2663 ad
1095 2610 1344 2666 homines
1366 2614 1627 2669 transilui
1660 2615 1804 2669 viam
1831 2633 1923 2686 pa-

335 2693 559 2759 rabunt,
602 2694 720 2765 ipse
754 2698 849 2768 qui
889 2701 1302 2755 annuntiandus
1334 2703 1403 2758 ab
1455 2703 1591 2774 ipsis
1633 2715 1737 2767 est,
1770 2706 1922 2763 dabit

336 2787 558 2841 verbum
591 2788 861 2847 divinum.
893 2790 1030 2846 Nam
1061 2793 1217 2847 multi
1276 2803 1433 2850 erant
1476 2796 1723 2866 ejusdem
1766 2801 1920 2854 verbi

331 2894 565 2950 capaces
597 2897 721 2937 cum
753 2884 958 2940 virtute
987 2885 1158 2938 multa
1184 2903 1199 2940 :
1230 2902 1598 2960 magnumque
1632 2891 1766 2961 ipsis
1804 2903 1922 2947 erat

332 2971 648 3042 liujusmodi
676 2976 926 3038 verbum,
958 2979 1103 3048 quod
1136 2978 1202 3033 ad
1242 2977 1523 3049 Evangelii
1553 2983 1917 3039 ministerium

333 3067 627 3125 sulliceret.
669 3069 792 3140 lpse
832 3087 1070 3143 namque
1127 3071 1394 3128 Dominus
1449 3074 1752 3144 perfectum
1801 3086 1919 3131 erat

331 3157 426 3215 Dei
459 3158 721 3215 Verbum.
749 3160 790 3214 l'i
822 3178 952 3217 vero
983 3165 1076 3234 qui
1102 3165 1328 3219 verbum
1389 3176 1720 3237 acceperunt
1765 3167 1917 3224 brevi

331 3251 575 3322 quodam
623 3251 846 3308 virtutis
883 3254 1005 3324 ejus
1054 3254 1236 3310 alIlatu
1275 3256 1505 3326 dignati,
1553 3258 1756 3312 virtute
1793 3274 1917 3312 cum

330 3342 505 3397 multa
527 3343 909 3413 praedicantes,
937 3346 1256 3401 universum
1280 3347 1467 3402 orbem
1507 3347 1801 3420 Evangelia
1830 3366 1918 3406 re-

332 3435 620 3505 pleverunt
659 3436 848 3505 :quod
878 3437 996 3506 ipse
1027 3436 1220 3494 iisdem
1269 3438 1548 3510 pollicitus
1597 3417 1684 3496 his
1734 3417 1984 3497 verbisc

331 3534 450 3580 erat
483 3545 496 3580 :
538 3544 558 3578 ι
585 3524 697 3581 Vos
725 3537 904 3582 autem
933 3529 1217 3600 accipietis
1243 3531 1500 3586 virtutem
1527 3535 1918 3602 supervenien-

335 3619 405 3675 Iis
441 3618 684 3690 Spiritus
727 3621 904 3675 sancti
933 3621 987 3675 in
1035 3637 1131 3676 vos
1154 3621 1235 3687 ἰς
1270 3641 1288 3674 ›
1321 3621 1633 3678 Secundum
1667 3623 1917 3696 Symma-

329 3711 494 3767 chum
554 3720 788 3767 autem:
855 3732 874 3765 ι
939 3711 1226 3777 Dominus,
1298 3715 1498 3785 inquit,
1553 3717 1701 3773 dedit
1748 3720 1915 3774 verba

331 3807 734 3877 evangelizanli
761 3807 1028 3863 exercitui
1058 3809 1253 3864 multo.
1297 3827 1316 3861 ι
1345 3807 1542 3880 Ingens
1565 3820 1746 3868 autem
1797 3824 1916 3868 erat

332 3899 634 3956 Salvatoris
664 3901 836 3957 nostri
866 3901 1161 3968 exercitus,
1210 3917 1401 3956 eorum
1463 3903 1674 3959 scilicet
1713 3905 1915 3976 quibus

329 3993 496 4048 verba
547 3993 638 4046 illa
671 3991 795 4046 data
828 4001 882 4047 et
923 3991 1247 4046 annuntiata
1285 3990 1547 4061 fuerant;
1589 3995 1766 4065 primo
1786 3996 1913 4066 qui-

329 4081 454 4136 dem
487 4083 863 4151 apostolorum
897 4081 1225 4148 duodecim;
1251 4084 1494 4139 secundo
1514 4086 1912 4157 discipulorum

328 4172 710 4244 septuaginta;
755 4180 952 4244 praeter
993 4173 1110 4229 haec
1145 4189 1277 4231 vero
1307 4175 1542 4231 aliorum
1587 4181 1915 4250 quingento-

327 4278 478 4325 rum,
500 4263 704 4333 quibus
727 4263 895 4318 simul
923 4270 1048 4334 post
1072 4267 1534 4323 resurrectionem
1563 4272 1836 4340 apparuit,
1857 4281 1914 4325 ut

328 4354 551 4410 divinus
597 4353 894 4424 Apostolus
919 4353 1246 4411 testificatur
1277 4355 1363 4413 bis
1385 4359 1567 4414 verbis
1602 4379 1617 4416 :
1653 4380 1671 4413 ι
1709 4359 1914 4416 Deinde

326 4447 480 4502 visus
502 4454 588 4502 est
627 4447 752 4517 plus
769 4462 934 4517 quam
973 4447 1290 4518 quingentis
1322 4447 1586 4506 fratribus
1607 4453 1770 4508 simul
1805 4470 1818 4508 :
1847 4467 1912 4507 ex

325 4539 530 4609 quibus
557 4539 717 4593 multi
766 4547 990 4594 manent
1022 4555 1195 4610 usque
1239 4541 1440 4609 adhuc,
1471 4544 1692 4614 quidam
1730 4555 1912 4600 autem

326 4630 672 4687 dormierunt
699 4633 785 4700 ¹⁸;
823 4651 841 4683 ι
868 4642 1056 4702 postea
1089 4633 1371 4705 subjungit
1401 4654 1413 4690 :
1462 4654 1482 4688 ι
1519 4635 1724 4692 Deinde
1757 4638 1911 4694 visus

2023 2157 2184 2229 νάμει
2228 2155 2419 2227 πολλῇ.
2455 2173 2474 2206 ι
2521 2156 2841 2223 Ἀναγκαῖον
2880 2154 2936 2208 δὲ
2983 2150 3050 2226 ἦν
3091 2155 3296 2224 γνῶναι
3326 2158 3480 2227 ἡμᾶς
3520 2158 3602 2210 καὶ

2025 2253 2200 2305 τοῦτο.
2255 2248 2475 2320 Ἐπειδὴ
2519 2249 2776 2320 ἀνωτέρω
2829 2247 3226 2319 παρεκελεύετό
3273 2265 3416 2302 τισιν
3468 2249 3604 2321 ᾄδειν

2024 2343 2120 2398 καὶ
2165 2343 2389 2413 ψάλλειν
2430 2339 2508 2413 τῷ
2549 2339 2688 2412 Θεῷ,
2731 2341 2996 2394 ὁδοποιεῖν
3045 2358 3104 2393 τε
3144 2339 3223 2411 τῷ
3257 2339 3601 2410 ὲπιὸεόηκότι

2022 2439 2116 2492 ἐπὶ
2166 2435 2422 2507 δυσμῶν,
2473 2433 2820 2506 παρέστησεν
2874 2431 3070 2487 εἰπών·
3123 2453 3141 2485 ι
3195 2433 3404 2504 Κύριος
3445 2433 3601 2487 δώσει

2024 2530 2178 2602 ρἧα
2211 2531 2323 2593 τοῖς
2357 2525 2869 2596 εὖαγγελιζομένοις
2911 2523 3138 2595 δυνάμει
3183 2523 3375 2594 πολλῇ.
3416 2542 3434 2575 ›
3471 2523 3600 2577 Τού-

2021 2638 2135 2684 τοις
2167 2619 2277 2692 γὰρ
2307 2622 2419 2683 τοῖς
2447 2615 2958 2688 εὐαγγελιζομένοις
2979 2616 3073 2670 καὶ
3095 2615 3430 2670 ὁδοποιοῦσιν
3459 2615 3603 2685 αύτῷ

2020 2712 2118 2785 τὴν
2145 2715 2224 2776 εἰς
2249 2710 2567 2784 ἀνθρώπους
2596 2708 2827 2780 πάροδον
2841 2707 3003 2770 αὐτὸς
3027 2710 3055 2761 6
3087 2709 3222 2779 πρὸς
3248 2707 3428 2762 αὐτῶν
3479 2727 3603 2762 κατ-

2021 2804 2416 2875 αγγελλόμενος
2475 2801 2635 2855 δώσει
2702 2800 2852 2872 ῥῆμα
2926 2799 3128 2855 θεῖκόν.
3185 2801 3441 2854 Τοσοῦτοι
3500 2801 3601 2871 γὰο

2018 2889 2159 2966 ἦσαν
2208 2891 2506 2966 χωρητικοὶ
2551 2889 2647 2944 σὺν
2693 2888 2861 2960 πολλῇ
2897 2889 3154 2961 δυνάμει·
3197 2892 3293 2944 καὶ
3335 2891 3484 2962 μέγα
3535 2889 3596 2961 ἦν

2021 2989 2205 3051 αὐτοῖς
2232 2987 2382 3039 τουτὶ
2406 2985 2467 3038 τὸ
2500 2985 2651 3056 ῥῆμα
2679 2985 2772 3036 καλ⁵
2810 2982 3082 3056 αὔταρκες
3111 2985 3190 3049 εἰς
3218 2983 3315 3056 τὴν
3354 2983 3446 3037 τοῦ
3501 2984 3600 3037 Εὖ-

2019 3077 2272 3147 αγγελίου
2317 3075 2615 3130 διακονίαν.
2665 3074 2836 3138 Αὐτὸς
2873 3073 2972 3145 μὲν
3016 3073 3122 3146 γὰρ
3154 3076 3182 3126 6
3209 3074 3415 3144 Κύριος
3458 3077 3491 3128 6
3520 3074 3601 3127 τὲ-

2017 3169 2161 3232 λειος
2205 3164 2274 3240 ἦν
2305 3166 2400 3220 τοῦ
2444 3166 2580 3220 Θεοῦ
2613 3167 2805 3236 Λόγος.
2846 3167 2910 3219 Οἱ
2941 3165 2997 3218 δέ
3032 3165 3186 3236 ῥῆμα
3221 3164 3483 3229 λαϐόντες
3511 3167 3598 3218 καὶ

2019 3262 2277 3334 βραχείας
2303 3260 2447 3324 τινὸς
2469 3261 2569 3331 τῆς
2595 3259 2758 3314 αὑτοῦ
2779 3259 3056 3330 δυνάμεως
3081 3257 3432 3328 ἐμπνεύσεως
3475 3275 3601 3310 κατ-

2019 3353 2338 3420 αξιωθέντες
2367 3351 2467 3424 τὴν
2523 3351 2814 3423 σύμπασαν
2857 3350 3128 3423 ἐπλήρουν
3154 3350 3482 3420 οἰκουμένην
3508 3349 3599 3402 τοῦ

2019 3444 2352 3515 Εὑαγγελίου
2395 3445 2491 3498 σὺν
2533 3443 2701 3516 πολλῇ
2747 3443 2972 3514 δυνάμει
3015 3441 3398 3514 κηρύττοντες.
3429 3441 3600 3494 Τοῦτο

2019 3539 2147 3610 γοῦν
2176 3538 2268 3592 καὶ
2302 3537 2606 3609 ἐπήγγελτο
2637 3539 2820 3602 αὐτοῖς
2840 3537 2906 3590 δι’
2931 3536 3124 3591 ἐαυτοῦ
3148 3537 3345 3607 φήσας·
3369 3556 3388 3588 ‹
3411 3536 3599 3607 Ὑμεῖς

2018 3632 2076 3686 δὲ
2105 3631 2342 3703 λήψεσθε
2373 3630 2603 3702 δύναμιν
2631 3629 2948 3694 ἐπελθόντος
2973 3629 3067 3683 τοῦ
3097 3628 3252 3698 ἁγίου
3281 3627 3598 3699 Πνεύματος

2018 3725 2103 3794 ἐφ’
2133 3724 2298 3796 ὑμᾶς.
2333 3743 2351 3775 ι
2379 3723 2538 3776 Κατά
2565 3723 2621 3776 δέ
2647 3721 2737 3776 τὸν
2763 3721 3078 3793 Σύμμαχον,
3109 3741 3127 3773 ι
3161 3720 3386 3793 Κύριος,
3411 3721 3593 3790 φησὶν,

2016 3816 2182 3870 ἔδωκε
2235 3818 2420 3887 ῥήσεις
2451 3815 2529 3884 (1)
2563 3813 3021 3886 εὐαγγελιζομένῃ
3059 3815 3287 3886 στρατιᾷ
3329 3811 3522 3883 πολλῇ.
3573 3831 3591 3864 ι

2015 3905 2250 3978 Στρατιὰ
2281 3905 2336 3958 δέ
2357 3901 2425 3977 ἦν
2456 3903 2626 3976 πολλὴ
2649 3903 2742 3957 τοῦ
2776 3903 3027 3976 Σωτῆρος
3054 3901 3210 3974 ἡμῶν
3238 3905 3271 3973 ἡ
3303 3901 3411 3956 τῶν
3442 3903 3597 3969 εὐαγ-

2015 3996 2380 4068 γελιζομένων
2411 3996 2510 4060 τὰς
2537 3995 2783 4061 δοθείσας
2806 3997 2990 4060 αὐτοῖς
3019 3997 3226 4068 ῥήσεις,
3249 3992 3466 4066 πρῶτον
3499 3995 3595 4064 μὲν

2015 4089 2328 4143 ἀποστόλων
2377 4086 2466 4142 t6"
2511 4087 2700 4142 ἔπειτα
2746 4088 3002 4160 μαθητῶν
3033 4087 3095 4140 ο’·
3131 4089 3227 4142 καὶ
3265 4087 3356 4140 ἐπὶ
3387 4086 3593 4149 τούτοις

2015 4178 2218 4250 ἐτέρων
2253 4185 2326 4247 φ’,
2372 4175 2453 4241 οἷς
2483 4178 2695 4249 ἀθρόως
2733 4179 2906 4249 ἐφάνη
2957 4176 3095 4250 μετὰ
3139 4178 3247 4249 τὴν,
3277 4176 3602 4239 ἀνάστασιν,-

2014 4270 2090 4334 ώς
2119 4271 2148 4324 6
2183 4269 2322 4335 θεῖος
2355 4271 2737 4343 ἐμαρτύρησεν
2763 4271 3082 4336 Ἀπόστολος
3105 4269 3293 4325 είπών·
3318 4289 3336 4323 ι
3363 4271 3593 4322 Ἔπειτα

2015 4360 2172 4432 ὤφθη
2205 4361 2392 4415 ἐπάνω
2426 4369 2478 4430 φ’
2506 4363 2754 4432 ἀδελφοῖς
2783 4361 3019 4432 ἐφάπαξ·
3057 4360 3116 4428 ἐξ
3157 4353 3232 4415 ὧν
3273 4362 3320 4414 οἱ
3352 4359 3593 4421 πλείονες

2020 4455 2241 4526 μένουσι
2284 4453 2390 4519 ἕως
2437 4455 2594 4525 ἄρτι,
2626 4457 2768 4519 τινὲς
2804 4455 2862 4509 δέ
2906 4455 3000 4509 καὶ
3034 4454 3423 4527 ἐκοιμήθησαν·
3463 4473 3481 4505 ι
3511 4447 3593 4515 οἷς

2014 4547 2274 4616 ἐπιλέγει·
2327 4565 2346 4599 ι
2381 4549 2611 4601 Ἔπειτα
2655 4546 2810 4619 ὤφθη
2844 4551 2955 4611 τοῖς
3001 4547 3320 4610 ἀποστόλοις
3347 4547 3527 4598 πᾶσιν,
3565 4562 3584 4593 ›

2013 4635 2193 4693 Ἦσαν
2222 4639 2331 4711 γάρ
2361 4640 2480 4709 (sic)
2509 4635 2650 4711 ἦσαν
2693 4640 2786 4693 καὶ
2833 4640 2970 4711 μετά
3021 4641 3147 4704 τοὺς
3194 4639 3282 4704 ιϐ’,
3317 4639 3417 4692 καὶ
3457 4637 3589 4708 μετὰ

325 4733 410 4780 est
467 4725 730 4794 apostolis
785 4725 1042 4780 omnibus
1076 4727 1144 4779 ".
1187 4745 1209 4778 ι
1268 4725 1336 4780 Et
1379 4734 1534 4782 erant
1589 4744 1721 4785 sane
1782 4746 1907 4786 cum

2023 4731 2139 4793 τοὺς
2187 4737 2250 4795 ο’,
2296 4731 2390 4784 καὶ
2447 4729 2584 4802 μετὰ
2616 4731 2746 4794 τοὺς
2785 4737 2834 4800 φ’
2863 4731 3041 4803 ἐτεροι
3088 4731 3311 4794 πλείους
3356 4730 3589 4801 κήρυκες

325 4817 436 4872 illis
474 4817 784 4878 duodecim,
837 4831 966 4872 cum
1002 4817 1111 4873 illis
1152 4819 1525 4890 septuaginta,
1558 4828 1614 4876 et
1642 4837 1766 4876 cum
1801 4823 1913 4880 illis

325 4905 660 4977 quingentis,
717 4907 809 4962 alii
856 4909 996 4963 bene
1047 4909 1204 4964 multi
1267 4908 1547 4982 Evangelii
1606 4929 1905 4984 precones,

325 4998 648 5068 apostolicis
696 4998 1058 5067 temporibus,
1101 5005 1155 5053 et
1185 5007 1309 5070 post
1364 4999 1488 5056 illos
1537 5002 1654 5066 alii,
1681 5003 1776 5074 qui
1811 5021 1909 5074 per

321 5094 497 5143 t0tum
523 5090 710 5145 orbem
745 5090 800 5143 in
827 5089 1088 5145 Ecclesiis
1108 5089 1460 5164 Evangelium
1489 5095 1610 5163 ejus
1642 5098 1907 5166 praedica-

324 5187 477 5245 runt,
503 5181 703 5251 quibus
741 5196 836 5236 rex
872 5181 1136 5236 virtutum
1185 5182 1380 5239 Dilecti
1414 5185 1670 5241 virtutem
1706 5204 1904 5259 suppe-

326 5267 558 5327 ditabat.
589 5272 726 5326 Alia:
755 5271 886 5327 item
927 5280 1125 5342 praeter
1169 5275 1294 5330 illas
1324 5283 1483 5331 erant
1509 5275 1701 5333 Dilecti
1728 5281 1905 5336 virtu-

325 5367 432 5424 tes,
457 5362 711 5418 caelestes
747 5363 1010 5418 nimirum
1045 5367 1343 5431 exercitus,
1372 5369 1573 5438 angeli,
1607 5371 1908 5445 archange-

323 5447 366 5504 li
391 5458 446 5505 et
475 5451 646 5507 divini
671 5455 916 5526 spiritus.
952 5453 1044 5510 Hie
1066 5456 1301 5515 virtutes
1327 5458 1521 5516 Dilecti
1544 5471 1723 5518 erant.
1757 5462 1904 5532 Qua-

298 5615 304 5628 ’
393 5605 588 5663 “Act.
627 5625 668 5674 ι,
700 5611 754 5665 8.
830 5611 917 5664 ’⁸1
948 5611 1076 5667 Cor.
1114 5629 1203 5677 xv,
1245 5614 1301 5669 6.
1377 5615 1422 5651 ιθ
1445 5617 1574 5672 ibid.
1606 5619 1652 5674 7.

397 5765 474 5835 (ι)
517 5764 764 5832 Drusius,
793 5767 1324 5836 εύαγγελιζομένοις.

2014 4820 2106 4874 τοῦ
2134 4820 2490 4890 Εὑαγγελίου,
2538 4822 2681 4875 κατά
2706 4839 2763 4874 τε
2799 4822 2926 4884 τοὺς
2956 4820 3179 4892 χρόνους
3208 4821 3337 4884 τοὺς
3369 4820 3589 4874 ἀποστο-

2013 4912 2219 4978 λικοὺς,
2253 4913 2347 4968 καὶ
2385 4915 2499 4985 μετ’
2535 4915 2776 4977 ἐκείνους
2814 4915 2990 4986 ἕτεροι
3024 4915 3074 4966 οῑ
3117 4911 3259 4966 κατὰ
3296 4913 3475 4966 πᾶσαν
3495 4907 3586 4979 τὴν

2013 5007 2335 5080 οἰκουμένην
2371 5010 2428 5060 ἐν
2464 5011 2585 5072 ταῖς
2618 5005 2964 5077 Ἔκκλησίαις
2988 5004 3153 5059 αὐτοῦ
3173 5005 3236 5059 τὸ
3267 5003 3585 5074 Εὗαγγέλιον

2013 5099 2179 5154 αὐτοῦ
2204 5118 2273 5172 κη
2284 5101 2583 5171 ρύττοντες,
2608 5095 2688 5164 οἷς
2711 5103 2738 5154 6
2767 5099 3020 5172 βασιλεὺς
3051 5098 3160 5151 τῶν
3193 5097 3472 5168 δυνάμεων
3493 5094 3582 5165 τὴν

2011 5191 2102 5244 τοῦ
2139 5191 2447 5264 Ἀγαπητοῦ
2493 5192 2720 5264 δύναμιν
2771 5194 3043 5264 ἐχορήγει.
3082 5191 3308 5261 Ἕτεραι
3350 5190 3406 5242 δὲ
3445 5185 3582 5257 παρὰ

2011 5283 2235 5346 ταύταις
2261 5283 2355 5336 τοῦ
2391 5284 2700 5354 Ἀγαπητοῦ
2723 5284 2982 5354 δυνάμεις
3013 5279 3154 5355 ἦσαν
3189 5284 3244 5337 αἱ
3276 5284 3399 5336 κατ’
3431 5281 3579 5351 ούρα-

2011 5376 2102 5428 νὸν
2129 5378 2398 5449 στρατιαὶ,
2428 5377 2647 5446 ἄγγελοι
2681 5379 2774 5431 καὶ
2804 5375 3158 5450 ἀρχάγγελοι,
3181 5374 3277 5428 καὶ
3306 5373 3578 5446 πνεύματα

2013 5468 2149 5525 θεῖα.
2186 5463 2356 5524 Αὖται
2398 5469 2506 5542 γὰρ
2547 5465 2693 5541 ἦσαν.
2729 5472 2784 5525 al
2821 5470 3079 5542 δυνάμεις
3119 5467 3214 5522 τοῦ
3257 5463 3570 5539 ’Δγαπητοῦ.
