3808 6280
142 377 228 435 697

141 497 215 554 Διὸ
237 491 416 564 Κύριος
452 483 555 539 τῶν
593 481 877 553 δυνάμεων
913 474 1295 548 ἀνηγόρευται.
1353 470 1659 564 Ἀγαπητδς
1687 476 1731 534 Α

139 590 187 645 δὲ
202 585 282 641 τοῦ
304 556 425 636 θεοῦ
453 578 532 641 τίς
555 572 623 647 ἦν
650 575 683 647 ἢ
725 576 755 626 ὁ
782 569 1092 642 Μονογενὴς
1126 567 1254 631 Υἱὸς
1286 564 1378 619 τοῦ
1404 563 1571 628 Θεοῠ;
1606 556 1651 631 ᾧ

138 687 165 755 ὴ
194 676 399 749 πατρικὴ
426 670 569 741 φωνὴ
599 665 899 739 ἐμαρτύρει
947 663 1167 735 φήσασα
1191 678 1203 690 ·
1236 678 1256 711 ι
1298 654 1467 721 Οὗτός
1496 659 1652 755 ἐστιν

137 740 165 830 ti
200 740 306 831 Υἱός
351 740 443 836 μου
484 764 512 815 ὁ
549 758 853 830 ἀγαπητὸς,
888 758 967 820 είς
1006 754 1066 808 ὃν
1106 751 1403 824 ηὐδόκησαο
1441 769 1459 801 ι
1487 740 1654 809 Οὗτος

134 859 281 914 τοίνυν
316 856 342 906 ό
383 850 625 923 βασιλεὺς
673 848 784 901 τῶν
826 847 920 900 τοῦ
978 842 1288 915 Ἀγαπητοῦ
1328 840 1611 911 δυνάμεων
1637 874 1651 899 ,

135 951 288 1019 ὥσπερ
323 948 433 1007 ταῖς
478 943 596 996 κατ’
644 941 869 1013 οὐρανὸν
918 937 1211 1009 δυνάμεσιν
1264 935 1516 1006 ἐχορήγει
1556 933 1655 996 τὰς

133 1040 288 1098 ἑαυτοῦ
318 1035 638 1109 εὐεργεσίας,
677 1034 849 1097 οὕτως
887 1032 983 1087 καὶ
1017 1034 1130 1095 τοῖς
1161 1030 1253 1083 ἐπὶ
1283 1029 1386 1099 γῆς
1427 1027 1655 1095 εὐαγγε-

134 1137 386 1209 λιζομένοις
420 1131 595 1185 δίδωσι
622 1129 682 1181 τὸ
720 1124 1071 1209 εὐαγγελικὸν
1108 1123 1260 1194 ῥῆμα
1300 1120 1395 1173 σὺν
1430 1118 1655 1209 δυνάμει

132 1202 286 1301 πολλῇ.
315 1226 415 1281 Καὶ
437 1224 587 1278 αὐτοὶ
624 1222 682 1275 δὲ
714 1202 856 1276 οὗτοι
885 1221 936 1273 οἱ
968 1218 1061 1270 ἐπὶ
1095 1216 1201 1286 γῆς
1232 1212 1482 1301 στρατιαὶ
1512 1206 1654 1282 ἦσαν

132 1294 266 1381 αὐτοῦ
300 1319 386 1373 καὶ
429 1315 685 1386 δυνάμεις
728 1308 914 1367 αὐτοῦ,
942 1309 1032 1362 Διὸ
1068 1304 1208 1361 κατὰ
1235 1305 1325 1357 τὸν
1361 1294 1654 1374 Σύμμαχον

131 1416 351 1471 λέλεκται·
385 1428 404 1461 ι
434 1405 683 1467 Βασιλεῖς
714 1402 821 1456 τῶν
862 1398 1162 1472 στρατειῶν
1202 1394 1589 1467 ἠγαπήθησαν,
1628 1411 1647 1445 ι

130 1509 174 1580 ἦ,
209 1502 452 1573 ἀγαπητοὶ
502 1499 769 1568 ἐγένοντο.
810 1493 1032 1557 Τούτοις
1074 1492 1131 1545 δὲ
1173 1491 1354 1553 αὐτοῖς
1397 1488 1492 1542 καὶ
1528 1486 1655 1542 ἀλλο

128 1579 330 1670 χάρισμα
359 1594 691 1664 ἐδωρήσατω
714 1587 873 1642 τοῦτο
911 1586 969 1639 δὲ
1000 1581 1069 1657 ἦν
1098 1584 1159 1637 τὸ
1188 1580 1461 1638 διελέσθαι
1483 1579 1654 1633 σκύλα

128 1694 190 1755 είς
220 1687 502 1760 ὡραιότητα
540 1683 635 1737 τοῦ
684 1682 856 1737 οἴκου.
917 1676 1202 1750 Ὠραιότης
1248 1675 1344 1746 μὲν
1395 1674 1545 1727 οἴκου
1585 1670 1655 1724 τά

127 1783 439 1856 διαπρέποντα
485 1780 546 1831 ἐν
586 1778 653 1848 τῇ
702 1772 999 1843 Ἐκκλησία
1028 1769 1121 1824 τοῦ
1164 1767 1299 1822 Θεοῦ
1341 1766 1426 1837 εἴη
1459 1764 1525 1819 ἂν
1553 1764 1652 1817 τά-

126 1846 289 1947 γματα·
331 1866 401 1927 ὧν
444 1871 538 1924 καὶ
565 1846 909 1939 ἐπιθυμητὴς
936 1862 1188 1936 ὁμολογεῖ
1228 1878 1313 1924 τις
1350 1858 1650 1928 γεγονέναι,
1686 1846 1727 1901 Β

126 1968 284 2037 φήσαςο
314 1981 332 2015 ι
377 1961 587 2033 Κύριε,
625 1958 890 2030 ἠγάπησα
946 1953 1276 2025 εὐπρέπειαν
1332 1949 1481 2002 οἴκου
1533 1965 1649 2011 σου,

125 2056 197 2108 καὶ
232 2053 377 2105 τόπον
429 2049 787 2121 σκηνώματπ
834 2045 990 2115 δόξης
1044 2060 1160 2097 σου.
1216 2062 1234 2095 ι
1285 2040 1395 2094 Καὶ
1454 2037 1649 2091 πάλιν·

128 2164 143 2198 ι
170 2146 288 2200 Μίαν
310 2143 593 2216 ᾐτησάμην
625 2139 778 2211 παρά
811 2137 1015 2209 Κυρίου
1037 2176 1051 2200 ,
1084 2135 1290 2204 ταύτην
1321 2132 1558 2203 ζητήσω,
1592 2129 1655 2182 τὸ

123 2240 346 2291 καταχεῖν
379 2252 441 2307 με
467 2237 526 2287 ἐν
554 2235 689 2304 οἴκῳ
723 2230 930 2303 Κυρίου
971 2228 1149 2291 πάσας
1187 2226 1285 2288 τὰς
1316 2222 1529 2294 ἡμέρας
1556 2222 1654 2291 τῆς

122 2328 235 2398 ζωῆς
272 2346 361 2399 μου
382 2366 396 2391 ,
442 2325 539 2380 τοῦ
588 2325 812 2395 θεωρεῖν
862 2341 928 2394 με
959 2322 1057 2393 τὴν
1084 2317 1425 2391 τερπνότητα
1449 2314 1653 2385 Κυρίου

122 2422 195 2475 καὶ
222 2419 624 2474 ἐπισκέπτεσθαι
646 2417 737 2471 τόν
772 2417 897 2470 ναὸν
927 2414 1114 2468 αὑτοῦ.
1157 2433 1176 2466 ι

173 2530 240 2586 Τά
253 2533 405 2601 Ἀγια
424 2531 603 2584 τοίνυν
628 2528 735 2582 τῶν
761 2527 931 2596 ἁγίων
952 2525 1037 2598 εἴη
1066 2525 1131 2579 ἂν
1163 2526 1197 2596 ἡ
1228 2523 1529 2596 τερπνότης
1561 2523 1655 2576 καὶ

121 2622 344 2694 ὡραιότης
374 2621 463 2675 τοῦ
492 2620 645 2674 οἴκου
686 2619 781 2672 τοῦ
826 2618 983 2671 Θεοῦ.
1027 2616 1210 2670 Ταῦτα
1245 2616 1303 2669 δέ
1344 2617 1459 2667 ἐστι
1503 2614 1572 2666 τὰ
1600 2615 1657 2666 ἐν

122 2714 394 2787 σωφροσύνῃ
422 2716 515 2767 καὶ
556 2713 767 2782 ἁγνεία,
802 2712 895 2766 καὶ
924 2708 1256 2782 δικαιοσύνῃ,
1288 2707 1382 2761 καὶ
1408 2709 1527 2770 ταῖς
1551 2707 1661 2759 λοι-

122 2809 222 2869 παῖς
245 2807 448 2878 ἀρεταῖς
477 2805 854 2876 διαλάμποντα
883 2806 983 2874 τῆς
1030 2799 1353 2871 Ἐκκλησίας
1391 2798 1484 2852 τοῦ
1521 2798 1657 2852 Θεοῦ

120 2899 347 2969 τάγματα.
379 2900 469 2962 Εἰς
501 2898 563 2951 δὲ
584 2897 685 2971 τὴν
713 2896 1019 2969 ὡραιότητα
1047 2894 1251 2965 ταύτην
1284 2892 1457 2947 σκύλα
1488 2892 1656 2946 διελέ-

120 2989 218 3044 σθαι
245 2995 344 3054 τοῖς
382 2990 548 3044 αὑτοῦ
593 2972 969 3061 στρατιώταις’
997 2986 1301 3059 ἐδωρήσατο
1346 2988 1374 3038 ὁ
1410 2984 1659 3056 βασιλεὺς

118 3083 202 3135 τῶν
242 3083 526 3154 δυνάμεων.
591 3081 711 3136 Τῶν
769 3080 878 3153 γάρ
927 3078 1200 3150 πολεμίων
1244 3078 1660 3150 ἀνατραπέντων

118 3177 192 3229 καὶ
234 3177 303 3239 είς
342 3176 516 3248 φυγὴν
567 3174 985 3247 κεχωρηκότων,
1006 3172 1168 3269 λέγω
1200 3171 1258 3224 δὲ
1296 3171 1404 3225 τῶν
1433 3170 1657 3239 ἀφανῶν
1684 3212 1726 3269 c

117 3268 192 3323 ναὶ
228 3269 457 3339 ἀοράτων
486 3269 793 3339 δυνάμεων,
832 3266 962 3337 περὶ
999 3259 1074 3319 ὧν
1114 3264 1371 3336 ἀνωτέρω
1416 3263 1651 3332 ἐλέγετο·

122 3377 136 3409 ι
189 3360 473 3433 Ἀναστήτω
534 3362 565 3415 ὁ
624 3359 756 3423 Θεὸς
820 3359 915 3411 καὶ
973 3356 1552 3428 διασκορπισθήτωσαν
1606 3358 1657 3409 οἱ

114 3449 268 3522 ἐχθροὶ
292 3451 472 3517 αὐτοῦ,
502 3450 827 3519 φυγέτωσαν
857 3448 1059 3513 πάντες
1101 3450 1149 3502 οἱ
1185 3448 1468 3519 μισοῦντες
1496 3446 1658 3502 αὐτὸν

115 3543 202 3596 ἀπὸ
244 3544 524 3616 προσώπου
570 3542 772 3606 αὑτοῦ,
826 3561 845 3593 ι
886 3544 935 3595 οἱ
975 3541 1070 3595 τοῦ
1124 3540 1344 3611 νικητοῦ
1396 3539 1660 3610 βασιλέως

117 3636 408 3705 στρατιῶται
441 3636 509 3689 τά
557 3634 728 3689 σκύλα
759 3623 963 3688 τούτων
994 3635 1074 3697 είς
1104 3632 1329 3695 ἑαυτοὺς
1355 3629 1654 3704 διῃροῦντο.

117 3723 268 3778 Σκύλα
312 3726 366 3780 δὲ
413 3723 556 3798 ἦμεν
590 3727 754 3796 ἡμεῖς
791 3726 887 3779 καὶ
934 3725 1043 3777 πᾶν
1088 3723 1150 3777 τὸ
1199 3723 1306 3777 τῶν
1340 3720 1659 3794 ’ἀνθρώπων

118 3815 265 3883 γένος,
294 3818 352 3871 τὸ
390 3818 561 3874 πάλαι
607 3817 874 3889 πρότερον
923 3816 1233 3887 ὑποχείριον
1277 3815 1385 3868 τῶν
1420 3817 1659 3868 ἀντικει-

119 3907 265 3976 μένων
303 3909 583 3981 δυνάμεων
616 3908 1012 3979 γεγενημένον·
1042 3900 1117 3959 ὧν
1150 3905 1580 3970 ἀπελασθεισῶν,
1611 3908 1660 3959 οἱ

114 3999 191 4055 τοῦ
216 4004 451 4075 Σωτῆρος
474 4003 633 4075 ἡμῶν
659 4001 895 4073 μαθηταὶ
922 4001 1015 4055 καὶ
1045 3999 1351 4065 ἀπόστολοι,
1381 4001 1475 4052 καὶ
1507 4000 1663 4067 εὐαγ-

116 4094 359 4161 γελισταὶ,
388 4099 424 4168 ἦ
468 4115 531 4150 τε
575 4095 736 4167 λοιπὴ
790 4093 953 4148 αὑτοῦ
1010 4093 1300 4164 στρατεία,
1348 4092 1447 4155 τάς
1495 4091 1661 4145 πάλαι

118 4188 349 4260 πρότερον
386 4189 789 4260 ἐσκυλευμένας
815 4187 1014 4257 ψυχάς,
1049 4186 1236 4257 κτῆμα
1269 4186 1397 4239 ἴδιον
1437 4184 1664 4257 ποιησά-

119 4296 272 4348 μενοι,
319 4282 654 4353 διενείμαντο
709 4280 790 4344 εἰς
835 4278 1117 4347 ἀλλήλους.
1164 4276 1377 4339 Παῦλος
1424 4276 1521 4347 μὲν
1571 4271 1664 4329 οὖν

114 4371 204 4425 ἀπὸ
254 4373 600 4447 Ἰερουσαλὴμ
651 4372 743 4426 καὶ
792 4370 977 4441 κύκλῳ
1022 4369 1182 4441 μέχρι
1220 4368 1313 4422 τοῦ
1370 4366 1664 4439 Ἰλλυρικοῦ

114 4462 171 4515 τὰ
197 4464 250 4529 ἐξ
275 4465 439 4519 ἐθνῶν
472 4463 772 4537 ἐκληροῦτο
804 4462 995 4516 σκύλα’
1022 4462 1227 4531 Πέτρος
1269 4460 1327 4513 δὲ
1358 4459 1517 4513 πάλιν
1549 4458 1668 4511 ἐτέ-

1204 346 1708 408 COMMENTARl-A
1743 345 1810 401 1N
1850 344 2191 404 PSALMOS.

3236 342 3340 396 €98

1762 484 1822 524 re
1850 469 2116 525 Dominus
2148 468 2413 523 virtutum
2457 476 2705 524 vocatur.
2754 468 2997 530 Dilectus
3025 472 3204 520 autem
3240 461 3337 516 Dei

1753 563 1879 634 quis
1904 561 2089 626 fuerit,
2122 560 2229 616 nisi
2260 557 2584 631 Unigenitus
2617 560 2788 617 Filius
2818 560 2934 624 Dei,
2969 559 3055 613 eui
3079 558 3195 611 haec
3243 571 3340 623 j-a-

1754 663 1910 711 terna
1938 669 2043 709 vox
2069 652 2470 708 testificabatur
2499 671 2512 707 :
2553 671 2571 704 ι
2612 650 2711 706 Hic
2743 660 2827 707 est
2855 650 3026 709 Filius
3065 665 3219 704 meus
3253 647 3337 701 di-

1754 748 1950 810 lectus,
1992 746 2049 801 in
2080 760 2190 815 quo
2220 745 2351 800 mihi
2390 745 2699 814 complacui
2730 744 2817 797 ³τῖ
2856 763 2874 796 ι
2901 741 3001 797 Hic
3022 743 3201 812 itaque
3242 756 3336 793 rex

1753 840 2015 893 virtutum
2042 835 2256 900 Dilecti,
2286 834 2744 909 quemadmodum
2775 834 3091 903 caelestibus
3110 831 3335 885 virtuti-

1754 932 1858 987 bus
1889 930 2154 986 beneficia
2199 945 2301 985 sua
2344 928 2833 992 subministrabat,
2868 927 2949 983 sic
2976 935 3030 981 et
3059 924 3335 995 evangeli«

1756 1020 2010 1075 zantibus
2056 1023 2112 1074 in
2160 1028 2308 1076 terra
2356 1020 2585 1076 verbum
2643 1019 2737 1073 dat
2796 1018 3168 1089 evangelicum
3209 1030 3335 1069 eum

1756 1112 1958 1166 virtute
1991 1110 2180 1164 multa.
2214 1110 2256 1163 li
2288 1125 2419 1164 vero
2469 1110 2595 1179 ipsi,
2628 1112 2724 1178 qui
2779 1108 2833 1162 in
2869 1116 3015 1162 terra
3046 1106 3335 1176 degebant,

1756 1205 2031 1261 exercitus
2059 1212 2114 1259 et
2142 1204 2377 1259 virtutes
2419 1204 2541 1273 ejus
2588 1212 2766 1257 erant.
2823 1200 3004 1267 Quare
3034 1198 3337 1255 secundum

1757 1297 2144 1370 Symmachum
2194 1297 2432 1360 dicitur,
2475 1314 2493 1345 ι
2538 1294 2716 1367 Reges
2757 1294 3098 1349 exercituum
3153 1291 3338 1347 dilecti

1756 1398 1907 1455 sunt,
1938 1411 1956 1442 ι
1990 1392 2105 1447 sive
2135 1390 2320 1446 dilecti
2349 1399 2662 1446 evaserunt.
2712 1387 2809 1443 His
2840 1403 2969 1443 vero
3002 1387 3137 1458 ipsis
3167 1387 3338 1439 altera

1755 1485 1932 1555 gratia
1985 1484 2184 1538 collata
2222 1492 2338 1549 est;
2375 1483 2429 1537 id
2473 1491 2612 1545 erat,
2645 1488 2704 1536 ut
2737 1481 3043 1536 dividerent
3073 1480 3248 1551 spolia
3281 1479 3338 1532 in

1757 1577 1997 1647 speciem
2030 1576 2247 1631 domus.
2279 1574 2506 1647 Species
2542 1576 2762 1646 quidem
2794 1576 2989 1630 domus
3014 1572 3217 1629 fuerint
3249 1588 3341 1627 or-

1756 1668 1871 1721 nati
1900 1676 1955 1723 et
1980 1667 2164 1723 decori
2197 1667 2274 1721 illi
2308 1668 2364 1723 in
2393 1666 2639 1723 Ecclesia
2688 1666 2784 1721 Dei
2814 1664 3067 1732 ordines;
3105 1678 3337 1736 quorum

1757 1775 1817 1815 se
1849 1758 2105 1829 cupidum
2137 1758 2419 1829 quispiam
2436 1757 2866 1822 fatetur,dicens
2892 1776 2904 1811 :
2933 1774 2950 1806 ι
2977 1754 3223 1818 Domine,
3256 1754 3342 1808 di-

1756 1853 1860 1907 lexi
1891 1852 2147 1906 decorem
2170 1850 2366 1905 domus
2396 1857 2521 1914 tuae,
2549 1860 2602 1904 et
2629 1850 2807 1903 locum
2841 1843 3190 1901 habitationis
3224 1845 3341 1914 glo—

1754 1942 1849 1996 riae
1884 1950 1993 1995 tua:
2020 1941 2095 2007 ’3;
2130 1960 2149 1991 ›
2188 1954 2252 1995 ac
2283 1956 2501 1995 rursum
2531 1958 2543 1994 :
2592 1957 2610 1991 ι
2653 1938 2831 1994 Unam
2872 1937 2998 2007 petii
3025 1950 3055 1989 a
3085 1933 3338 1997 Domino.

1754 2032 1893 2085 hanc
1918 2030 2214 2100 requiram,
2240 2037 2299 2084 ut
2328 2029 2627 2084 inbabitent
2658 2029 2713 2083 in
2741 2028 2903 2083 domo
2933 2025 3146 2081 Domini
3164 2025 3341 2079 omni-

1752 2123 1855 2178 bus
1875 2122 2068 2177 diebus
2096 2123 2219 2176 vita:
2253 2137 2384 2176 mea:
2408 2140 2423 2181 ;
2444 2129 2504 2174 ut
2539 2120 2751 2175 videam
2772 2119 3105 2189 voluptatem
3126 2113 3340 2171 Domini

1753 2224 1807 2273 et
1840 2216 2057 2273 visitem
2092 2217 2358 2286 templum
2390 2216 2512 2285 ejus
2540 2215 2604 2269 ²⁹.
2644 2234 2663 2266 ›

1829 2502 2031 2558 Sancta
2091 2510 2412 2559 sanctorum
2470 2503 2657 2571 itaque
2711 2507 2965 2569 voluptas
3020 2513 3087 2552 ac
3130 2497 3342 2567 Species

1757 2595 1953 2651 domus
1984 2594 2079 2649 Dei
2115 2594 2337 2649 fuerint.
2370 2592 2436 2646 lli
2472 2607 2640 2663 porro
2673 2600 2802 2647 sunt
2832 2590 3093 2646 Ecclesia:
3136 2589 3229 2644 Dei
3255 2605 3344 2643 or-

1757 2688 1933 2751 dines,
1984 2686 2372 2756 temperantia,
2430 2685 2730 2747 castitate,
2775 2682 2990 2752 justitia
3039 2690 3091 2736 et
3129 2683 3344 2735 caeteris

1758 2779 2056 2834 virtutibus
2088 2779 2383 2848 fulgentes.
2416 2775 2497 2829 Ad
2531 2777 2695 2830 talem
2732 2790 2863 2845 ergo
2903 2774 3137 2844 speciem
3169 2772 3344 2842 spolia

1758 2872 2004 2927 dividere
2030 2886 2126 2926 rex
2152 2871 2418 2926 virtutum
2442 2869 2714 2924 militibus
2742 2868 2859 2925 suis
2886 2866 3180 2922 concessit.
3211 2864 3345 2921 Ver-

1761 2964 1839 3021 sis
1871 2964 2016 3019 enim
2076 2971 2131 3018 et
2179 2961 2380 3033 fugatis
2437 2961 2698 3026 inimicis,
2742 2962 2975 3016 occultis
3008 2960 3255 3015 videlicet
3290 2966 3345 3014 et

1762 3056 2132 3111 invisibilibus
2163 3055 2482 3117 virtutibus,
2509 3053 2576 3107 de
2603 3053 2807 3123 quibus
2848 3052 3101 3122 superius
3123 3050 3315 3106 diceba

1763 3159 1854 3204 tur
1883 3168 1894 3202 :
1929 3168 1948 3199 ι
1987 3147 2260 3218 Exsurgat
2294 3145 2461 3210 Deus,
2490 3153 2544 3200 et
2575 3144 2919 3215 dissipentur
2952 3144 3157 3197 inimici
3199 3144 3342 3212 ejus,

1760 3240 1972 3311 fugiant
2031 3254 2223 3294 omnes
2262 3238 2357 3307 qui
2398 3236 2633 3291 oderunt
2688 3251 2813 3291 eum
2865 3251 2895 3289 a
2937 3234 3075 3289 facie
3119 3233 3277 3304 ejus;
3318 3253 3339 3285 ο

1759 3332 1986 3388 victoris
2015 3330 2161 3400 regis
2195 3330 2399 3385 milites
2434 3329 2606 3400 spolia
2650 3344 2839 3383 eorum
2892 3328 3034 3382 inter
3070 3343 3129 3383 se
3157 3327 3346 3381 distri-

1758 3428 2019 3482 buerunt.
2053 3424 2238 3496 Spolia
2274 3432 2457 3479 autem
2500 3438 2600 3479 nos
2630 3438 2894 3491 eramus;
2928 3428 3210 3491 totumque
3247 3422 3347 3475 tto-

1760 3521 1970 3573 minum
2021 3535 2216 3588 genus,
2254 3518 2385 3572 olim
2436 3516 2775 3573 adversariis
2817 3515 3117 3570 virtutibus
3163 3513 3346 3568 subdi-

1759 3619 1897 3667 tum.
1932 3611 2145 3677 Quibus
2194 3610 2432 3681 repulsis
2481 3608 2783 3665 Salvatoris
2831 3608 3004 3664 nostri
3066 3608 3342 3677 discipuli,

1762 3706 1995 3776 apostoli
2036 3714 2090 3760 et
2116 3704 2485 3773 evangelistaa,
2522 3710 2576 3757 et
2625 3703 2871 3771 reliquus
2908 3701 3027 3769 ejus
3071 3701 3345 3755 exercitus

1762 3800 1999 3864 animas,
2034 3813 2156 3868 qua:
2186 3798 2315 3852 olim
2344 3805 2515 3867 rapta:
2544 3795 2786 3859 fuerant,
2816 3795 2975 3865 quasi
3013 3794 3067 3848 in
3098 3801 3342 3864 potesta—

1762 3896 1872 3945 tem
1899 3897 1954 3943 et
1986 3889 2250 3943 ditionem
2299 3903 2455 3943 suam
2500 3886 2771 3950 redactas,
2799 3886 2940 3941 inter
2961 3900 3021 3941 se
3048 3884 3346 3940 distribue-

1764 3990 1910 4037 runt.
1942 3980 2146 4036 Paulus
2176 3980 2446 4051 siquidem
2469 3979 2539 4034 ab
2565 3976 2867 4033 Jerusalem
2902 3985 2955 4033 et
2989 3977 3182 4032 vicinis
3211 3976 3347 4030 locis

1765 4090 1939 4144 usque
1993 4073 2061 4127 ad
2113 4072 2411 4144 Illyricum,
2439 4071 2684 4141 gentium
2730 4069 2904 4141 spolia
2952 4068 3180 4124 sortitus
3212 4075 3345 4122 est:

1764 4168 1961 4224 Petrus
2000 4170 2127 4221 item
2161 4166 2391 4220 aliarum
2418 4165 2684 4235 gentium,
2715 4162 2956 4219 Joannes
2984 4162 3187 4234 pariter
3220 4161 3351 4215 alia-

1764 4276 1910 4324 rum,
1938 4275 2004 4314 ex
2038 4257 2263 4327 reliquis
2294 4258 2558 4328 apostolis
2591 4256 2793 4327 singuli
2833 4255 3063 4309 aliarum
3097 4254 3349 4309 similiter

1766 4352 2012 4425 gentium
2044 4352 2222 4422 spolia
2248 4350 2558 4407 obtinuere.
2600 4349 2675 4405 Ex
2707 4350 2910 4421 quibus
2946 4348 3135 4419 spoliis
3164 4348 3348 4401 excel-

1768 4446 2002 4500 lentiora
2032 4443 2257 4497 donaria
2284 4441 2351 4496 ad
2370 4443 2606 4513 speciem
2629 4441 2825 4497 domus
2856 4440 2948 4496 Dei
2973 4446 3346 4510 segregarunt.

115 4569 205 4622 ρων
233 4555 394 4608 ἐθνῶν
424 4555 519 4609 καὶ⁴
569 4554 822 4622 Ἰωάννης
859 4549 1117 4612 ὡσαύτως
1150 4547 1351 4619 ἐτέρων
1370 4587 1384 4612 ,
1429 4547 1522 4599 καὶ
1555 4544 1658 4598 τῶν

1770 4536 2133 4603 Quamobrem
2166 4536 2370 4590 dictum
2401 4542 2518 4589 est:
2562 4553 2581 4585 (
2619 4532 2683 4587 Ει
2723 4533 2924 4604 speciei
2969 4531 3165 4585 domus
3210 4530 3352 4584 divi-

113 4643 289 4701 λοιπῶν
332 4647 644 4702 ἀποστόλων
684 4646 915 4707 ἕκαστος
956 4641 1371 4714 παραπλησίως.
1421 4638 1537 4709 Ἀφ’
1590 4630 1664 4691 ὧν

115 4735 299 4791 σκύλων
339 4738 408 4792 τά
452 4738 705 4810 ἐξαίρετα
738 4736 1086 4806 ἀναθήματα,
1127 4734 1205 4796 είς
1236 4731 1545 4804 ὡραιότητα
1568 4728 1663 4782 τοῦ

112 4828 240 4882 οἴκου
266 4831 355 4885 τοῦ
379 4831 514 4885 Θεοῦ
548 4828 843 4901 ἀφώριζον.
876 4827 966 4880 Διὸ
995 4825 1262 4879 λέλεκται·
1287 4844 1305 4875 ι
1331 4823 1441 4877 Καὶ
1463 4823 1662 4894 ὡραιό-

111 4933 215 4989 τητι
274 4920 363 4975 τοῦ
414 4922 564 4974 οἴκου
625 4918 890 4973 διελέσθαι
940 4914 1130 4971 σκύλα.
1182 4913 1306 4967 Ἐἀν
1364 4911 1665 4983 κοιμηθῆτε

110 5009 199 5064 ἀνά
243 5013 397 5082 μέσον
429 5013 537 5068 τῶν
570 5013 786 5084 κλήρων
832 5009 1100 5081 πτέρυγες
1144 5006 1473 5079 περιστερᾶς
1508 5021 1665 5075 περι-

111 5104 499 5175 ηργυρωμέναι,
551 5106 645 5159 καὶ
678 5105 748 5157 τά
795 5103 1110 5173 μετάφρενα
1158 5099 1325 5170 αὐτῆς
1359 5100 1418 5151 ἐν
1464 5096 1668 5169 χλωρό-

111 5209 217 5261 τητι
260 5198 502 5267 χρυσίου.
554 5217 573 5249 ι
623 5194 1020 5268 Μνημονεύειας
1063 5195 1092 5246 ὁ
1142 5192 1298 5259 λόγος
1340 5190 1449 5243 τῶν
1505 5190 1669 5257 εύαγ-

111 5284 448 5358 γελιζομένων
493 5289 716 5361 δυνάμει
764 5286 932 5357 πολλῇ
986 5284 1080 5338 τοῦ
1126 5300 1184 5337 τε
1235 5282 1385 5335 οἴκου
1427 5281 1522 5334 καὶ
1569 5281 1668 5351 τῆς

111 5372 420 5449 ὡραιότητος
459 5381 645 5445 αὑτοῦ,
690 5380 769 5433 ἐτι
826 5377 929 5450 μὴν
968 5378 1057 5430 καὶ
1098 5374 1207 5428 τῶν
1247 5376 1305 5426 ἐν
1344 5371 1491 5442 αὐτῷ
1538 5370 1666 5424 σκύ-

112 5460 232 5531 λων,
286 5468 351 5522 δι’
409 5463 485 5522 ὧν
550 5471 793 5541 ᾐνίττετο
847 5469 943 5538 τὴν
1006 5465 1331 5536 Ἐκκλησίαν
1384 5463 1479 5516 τοῦ
1533 5460 1667 5514 Θεοῦ

115 5557 197 5609 καὶ
245 5560 366 5624 τοὺς
418 5563 481 5614 ἐν
531 5564 668 5634 αὐτῇ
717 5559 1151 5631 διαπρέποντας·
1216 5555 1524 5619 ἀκολούθως
1580 5551 1670 5607 διά

115 5646 208 5701 τῶν
243 5651 377 5720 μετά
408 5655 591 5724 χεῖρας
623 5654 718 5707 καὶ
754 5652 863 5707 τῶν
906 5651 1275 5706 θεοπνεύστων
1308 5647 1669 5719 ἀναγνωσμά-

1772 4628 1902 4684 dere
1934 4627 2128 4699 spolia.
2169 4626 2227 4681 Si
2262 4627 2551 4682 dormiatis
2594 4627 2737 4681 inter
2766 4625 2978 4681 medios
3011 4624 3189 4677 cleros
3218 4638 3347 4691 pen-

1772 4737 1858 4776 nae
1883 4721 2149 4776 columba:
2169 4720 2553 4791 deargentatae,
2582 4727 2635 4773 et
2670 4717 2971 4788 posteriora
3001 4714 3122 4784 ejus
3150 4714 3204 4767 in
3236 4714 3351 4783 pal-

1772 4816 1886 4871 lore
1900 4814 2042 4871 auri.
2063 4833 2081 4866 ι
2104 4812 2399 4884 Postquam
2438 4811 2923 4883 evangelizantium
2949 4808 3151 4862 virtute
3180 4806 3350 4861 multa

1773 4908 2081 4978 domusque
2105 4923 2169 4961 ae
2230 4906 2431 4978 speciei
2469 4906 2610 4974 ejus,
2644 4917 2858 4957 necnon
2897 4900 3194 4969 spoliorum
3231 4912 3352 4967 quae

1772 5000 1829 5056 in
1861 5001 1977 5070 ipsa
2008 5006 2186 5065 erant,
2218 4999 2376 5070 queis
2418 4996 2660 5052 Ecclesia
2700 4994 2792 5049 Dei
2833 5001 2887 5048 et
2918 4994 2955 5048 ii
2994 4991 3087 5062 qui
3134 4991 3188 5045 in
3234 4990 3351 5060 ipsa

1774 5093 2059 5164 conspicui
2089 5092 2241 5149 fuere
2273 5091 2783 5152 subindicubantur,
2823 5086 3029 5141 mentio
3054 5083 3196 5138 facta
3224 5091 3308 5138 est
3333 5100 3351 5149 ;

1774 5193 2179 5256 consequenter
2204 5186 2259 5239 in
2291 5184 2359 5240 iis
2383 5197 2505 5253 quae
2526 5181 2638 5251 jatn
2660 5188 2961 5234 tractamus
2990 5175 3251 5231 divinitus
3276 5173 3356 5227 in-

1774 5280 2013 5350 spiratas
2042 5279 2305 5334 lectiones
2329 5281 2745 5338 commemorat,
2763 5288 2864 5326 nos
2882 5272 2956 5324 ita
2982 5269 3350 5338 compellans:

1777 5370 1866 5425 cSi
1887 5370 2327 5426 dormiatisinter
2352 5367 2562 5422 medios
2577 5366 2804 5420 cleros.»
2831 5361 2975 5418 Cleri
3004 5368 3206 5425 autem,
3240 5360 3356 5414 sive

1771 5465 1941 5521 fertes
1972 5463 2247 5524 Ecclesia},
2286 5468 2413 5516 sunt
2433 5458 2601 5514 Vetus
2629 5467 2682 5511 et
2710 5455 2920 5511 Novum
2944 5452 3353 5508 Testamentum

1773 5555 1867 5631 Dei
1905 5575 1916 5609 :
1953 5555 2238 5623 docetque,
2283 5567 2378 5606 eos
2424 5551 2515 5622 qui
2550 5551 2603 5605 in
2638 5547 2817 5604 medio
2851 5562 3039 5602 eorum
3069 5550 3355 5601 versantur

1774 5662 1980 5702 pennas
2009 5644 2277 5700 columbae
2313 5644 2697 5717 dcargentatas
2725 5641 3045 5697 inventuros
3075 5651 3227 5705 esse;
3258 5650 3356 5690 cu-

181 5803 218 5833 "
249 5803 433 5861 Matth.
475 5823 551 5874 ιιι,
589 5808 687 5874 i7;
725 5788 855 5872 xiu,
888 5806 938 5860 5.
1010 5807 1052 5838 ’³
1074 5804 1198 5863 Psal
1248 5821 1374 5868 xxv,
1413 5804 1465 5859 8.
1545 5800 1658 5855 ¹⁹Ρε

1790 5815 1940 5869 xst't,
1974 5800 2027 5854 4.
