3808 6280
457 365 562 422 699
1149 361 1418 418 EUSEBH
1458 349 1936 418 CESARIENSIS
1976 358 2127 416 OPP.
2170 356 2349 412 PARS
2388 355 2478 413 Ill.
2516 387 2588 397 -
2625 354 3036 413 EXEGETICA.
3587 361 3661 420 τω

456 488 545 557 jus
578 485 840 540 columba:
894 482 1200 552 posteriora
1247 482 1380 536 dicit
1408 497 1530 537 esse
1556 481 1611 534 in
1643 481 1850 551 pallore
1898 493 1960 532 au

2155 493 2251 530 ιων
2309 475 2407 546 τὴν
2461 475 2682 546 μνήμην
2740 475 2967 526 ποιεῖται
3017 474 3091 539 ὡς
3141 476 3278 546 πρὸς
3331 476 3468 546 ημᾶς
3499 475 3659 558 λέγων·

456 576 588 633 Nam
621 593 744 632 cum
779 577 1022 647 Spiritus
1053 582 1277 630 sanctus
1326 573 1577 627 columba
1608 589 1732 628 esse
1774 571 1960 642 intellig

2156 585 2175 619 ι
2198 567 2322 620 Ἐὰν
2360 565 2660 637 κοιμηθῆτε
2705 565 2811 619 ἀνά
2847 566 3007 636 μέσον
3039 565 3146 619 τῶν
3193 566 3425 638 κλήρων.
3455 587 3473 619 ι
3506 570 3660 641 Κλῆριι

454 675 567 732 tur,
589 683 710 737 quae
735 666 899 720 verba
926 665 982 718 in
1008 661 1191 718 Veteri
1221 671 1272 717 et
1297 661 1447 716 Novo
1469 661 1820 717 Testamento
1852 661 1958 729 legt

2157 659 2203 712 δὲ
2245 659 2342 730 τῆς
2385 657 2708 727 Ἐκκλησίας
2739 657 2877 709 εἰσὶν
2919 657 2954 728 ή
3008 675 3069 711 τε
3119 656 3334 711 Παλαιὰ
3363 659 3452 711 καὶ
3480 661 3661 733 ﬁliani,

454 767 568 824 tur,
627 755 928 813 secundum
961 755 1160 809 nudam
1193 762 1246 808 et
1273 753 1488 807 obviam
1519 753 1806 807 lectionem
1829 791 1844 814 ,
1879 766 1958 820 qui

2157 748 2386 820 Διαθήκη
2415 748 2509 801 τοῦ
2534 746 2669 801 Θεοῦ
2686 765 2700 778 ·
2726 743 2800 800 ὧν
2828 747 2954 811 τοὺς
2977 749 3034 800 έν
3059 748 3210 819 μέσῳ
3235 749 3661 821 διαστρεφομένους

454 849 560 906 sub
593 850 694 904 alis
726 848 940 902 occulta
964 855 1116 910 sunt,
1148 847 1272 911 alis,
1303 846 1546 915 inquam,
1580 843 1877 905 deauratis,
1909 857 1958 911 (ιι

2158 836 2381 890 διδάσκει
2415 836 2691 908 πτέρυγας
2719 839 3045 908 περιστερᾶς
3077 839 3577 911 περιηργυρωμένας
3599 843 3662 894 εὑ.

453 944 670 1012 eloquia
719 942 936 996 Domini
983 947 1266 1011 argentum
1303 947 1430 994 sunt
1476 938 1600 1007 igne
1645 936 1952 991 examinatu

2158 932 2360 1002 ρήσειν·
2397 925 2465 1003 ἦς
2496 934 2823 1004 περιστερᾶς
2857 932 2926 985 τὰ
2971 933 3282 1004 μετάφρενα
3323 930 3457 987 εἶναι
3494 935 3542 988 ἐν
3561 935 3662 1005 χλω-

454 1035 742 1105 probatum
771 1043 950 1088 terra}.
1009 1032 1179 1086 Sensa
1213 1041 1394 1085 autem
1431 1031 1482 1084 in
1509 1026 1781 1100 profundo
1805 1027 1958 1082 abscc

2157 1025 2333 1096 οότητι
2359 1027 2602 1097 χρυσίου.
2641 1028 2746 1081 Τοῦ
2775 1030 2883 1101 γὰρ
2922 1029 3074 1097 ἁγίου
3115 1028 3434 1097 Πνεύματος
3469 1044 3661 1097 περιστε-

453 1124 588 1186 dita,
643 1139 765 1193 quae
812 1131 1124 1177 memoratae
1169 1121 1456 1183 columbae,
1505 1119 1764 1173 nimirum
1798 1117 1957 1188 Spiril

2157 1119 2242 1187 ρᾶς
2278 1119 2587 1190 νοουμένου,
2617 1122 2666 1172 ot
2699 1123 2756 1174 έν
2791 1121 3004 1192 Παλαιᾷ
3040 1121 3130 1172 καὶ
3161 1121 3338 1188 Καινῇ
3369 1116 3661 1188 λελαλημένοι

454 1215 655 1278 sancti,
688 1214 1084 1285 posterioribus
1115 1212 1501 1283 comparanda,
1536 1213 1589 1265 in
1616 1211 1820 1282 pallore
1841 1211 1958 1265 dicu

2157 1210 2310 1278 ίόγοι,
2333 1209 2475 1263 κατά
2509 1213 2604 1282 μὲν
2639 1212 2737 1283 τὴν
2768 1213 3084 1265 ἐπιπόλαιον
3110 1209 3437 1279 ἀνάγνωσιν,
3461 1209 3661 1280 πτέρυξιν

454 1312 544 1358 tur
573 1320 719 1369 esse,
763 1307 890 1374 quia
917 1305 1186 1359 sententia
1218 1313 1270 1358 et
1300 1304 1594 1374 purissima
1630 1319 1786 1358 mens
1815 1304 1917 1358 sub
1952 1324 1958 1354 ι

2156 1301 2329 1371 ὒσπερ
2361 1301 2834 1374 ἐγκεκαλυμμένοι
2858 1302 3206 1373 τυγχάνουσι,
3237 1300 3332 1352 καὶ
3368 1297 3570 1370 πτέρυξι
3593 1317 3660 1351 πε-

452 1396 635 1450 ctione
667 1395 986 1451 abscondita
1023 1394 1142 1447 auri
1180 1396 1357 1449 instar
1397 1393 1633 1464 eﬂulget.
1689 1392 1896 1463 Hisque
1919 1409 1956 1446 ιιι

2156 1393 2634 1465 οιηργυρωμέναις,
2681 1394 2867 1466 ἐπειδὴ
2909 1393 2978 1446 τά
3022 1393 3175 1462 λόγια
3207 1393 3417 1463 Κυρίου
3456 1390 3660 1463 ἀργύριόν

453 1502 572 1540 sum
607 1501 708 1540 nos
737 1485 1028 1555 compellat
1051 1500 1263 1548 omnes,
1282 1484 1374 1554 qui
1406 1485 1462 1538 in
1495 1485 1658 1538 domo
1685 1483 1778 1540 Dei
1805 1500 1957 1555 congi

2155 1490 2254 1536 iam
2281 1485 2695 1555 πεπυρωμένον,
2722 1485 2963 1556 δοκίμιον
2983 1486 3048 1555 τῇ
3071 1481 3245 1554 γῇ·τά
3265 1482 3322 1534 δὲ
3347 1482 3486 1535 κατά
3512 1480 3659 1551 βάθους

453 1579 564 1648 gati
606 1593 818 1643 sumus,
864 1591 1001 1648 quos
1039 1577 1213 1646 spolia
1243 1577 1497 1647 superius
1520 1577 1871 1646 nuncupavit.
1924 1576 1957 1630 P

2156 1577 2560 1647 ίγκεκρυμμένα
2587 1578 2854 1649 νοήματα,
2890 1579 3033 1649 ἅπερ
3065 1576 3208 1629 ἔοικε
3239 1575 3574 1646 μεταφρένοις
3591 1573 3660 1644 τῆς

450 1668 546 1723 illo
577 1677 792 1733 autem,
845 1685 862 1718 ι
910 1667 966 1721 Si
1003 1667 1309 1731 dormiatis,
1351 1686 1369 1717 ›
1413 1665 1774 1736 Symmachus
1823 1667 1901 1721 sic
1928 1667 1954 1719 h

2155 1664 2494 1736 ἰποδοθείσης
2529 1670 2879 1739 περιστερᾶς,
2913 1666 3114 1738 δηλαδὴ
3154 1666 3247 1719 τοῦ
3278 1667 3436 1735 ἁγίου
3464 1665 3659 1735 Πνεῦμα-

448 1762 562 1824 bet,
623 1780 641 1811 ι
679 1759 736 1815 Si
765 1760 1070 1816 recideritis
1115 1760 1257 1815 inter
1301 1761 1500 1816 cleros.
1541 1779 1559 1811 ι
1605 1757 1738 1813 Nam
1767 1758 1952 1814 dormil

2155 1774 2244 1820 τος,
2280 1758 2337 1809 ὲν
2370 1757 2672 1831 χλωρότητι
2699 1759 2915 1828 λέγεται
2945 1757 3103 1824 εἶναι,
3130 1761 3228 1831 τῆς
3258 1755 3659 1840 ἐγκεκρυμμένης

448 1868 594 1908 nunc
622 1853 962 1922 requiescere
997 1853 1288 1922 signiﬁcat.
1325 1852 1396 1906 lis
1421 1852 1585 1923 igitur
1619 1854 1711 1922 qui
1739 1866 1952 1908 sacrort

2158 1851 2196 1919 ’ᾖ
2243 1848 2384 1912 λέξει
2426 1848 2666 1914 διανοίας
2713 1852 2804 1904 καὶ
2836 1851 2931 1905 τοῦ
2971 1852 3358 1924 καθαρωτάτου
3389 1849 3477 1902 νοῦ
3505 1841 3662 1920 χρυσού

445 1943 739 2000 verborum
767 1945 1143 1999 exercitationi
1177 1951 1389 2008 vacant,
1411 1944 1712 1998 hortatorio
1729 1943 1888 1997 modo
1909 1958 1949 2012 pl

2155 1943 2286 2013 ΐίκην
2318 1944 2824 2014 ἀπαστράπτοντος.
2851 1945 3035 1998 Ταῦτα
3068 1945 3123 1998 δὲ
3157 1946 3515 2013 ἁναφωνεῖται
3536 1943 3659 1996 πᾶσιν

447 2037 683 2091 mittitur
717 2037 1023 2091 divinarum
1049 2035 1456 2106 Scripturarum
1490 2035 1696 2090 utilitas
1731 2055 1743 2090 :
1780 2050 1904 2088 nam
1937 2050 1951 2088 ε

2165 2035 2256 2104 μῖν
2289 2037 2400 2098 τοῖς
2435 2037 2493 2087 ἐν
2523 2034 2601 2106 τῷ
2625 2035 2759 2106 οἴκῳ
2788 2036 2882 2090 τοῦ
2913 2036 3047 2090 Θεοῦ
3084 2037 3464 2108 συνηγμένοις,
3496 2033 3574 2097 οὓς
3598 2032 3660 2086 δια

441 2144 662 2185 erarum
695 2130 988 2184 lectionum
1023 2129 1188 2183 dictio
1219 2136 1448 2198 purgata
1481 2137 1565 2182 est
1597 2128 1768 2186 instar
1809 2141 1945 2197 argel

2155 2127 2230 2179 ὧν
2260 2126 2568 2200 ἔμπροσθεν
2604 2128 2774 2182 σκύλα
2791 2130 2820 2181 ό
2845 2129 2998 2199 λόγος
3025 2129 3324 2201 ὠνόμαζεν.
3346 2130 3490 2182 Ἀντὶ
3507 2127 3558 2179 δὲ
3573 2124 3659 2183 τώ.

442 2221 565 2292 igne
593 2205 912 2286 examinati,
948 2224 1247 2277 secundum
1278 2221 1420 2276 hanc
1442 2221 1763 2276 sententiam
1797 2239 1808 2274 :
1851 2238 1869 2271 ι
1892 2219 1946 2273 ΕΙ

2165 2218 2292 2271 Ἐἀν
2317 2219 2634 2291 κοιμηθῆτε,
2667 2239 2685 2272 ι
2726 2221 2868 2275 κατά
2899 2222 2989 2273 τὸν
3017 2220 3332 2292 Σύμμαχον,
3372 2240 3391 2270 ‹
3415 2218 3533 2272 Ἐάν
3554 2228 3659 2272 ἀνα-

441 2315 568 2381 quia
594 2313 807 2367 Domini
838 2314 959 2384 igne
989 2313 1298 2366 examinata
1325 2313 1403 2378 ³⁰;
1430 2331 1448 2364 ι
1478 2327 1542 2366 ac
1571 2327 1788 2366 rursum
1819 2331 1832 2366 :
1861 2331 1879 2364 ι
1901 2311 1940 2364 E

2156 2309 2325 2381 τέσητε
2353 2312 2555 2381 μεταξὺ
2593 2311 2702 2365 τῶν
2733 2316 2970 2384 κλήρων,
3003 2332 3020 2364 ι
3058 2301 3293 2385 εἴρηται.
3326 2312 3400 2364 Τὸ
3442 2310 3542 2382 γάρ
3578 2326 3660 2362 me

441 2406 568 2474 quia
608 2405 820 2459 Domini
853 2405 1066 2474 eloquia
1113 2413 1288 2469 casta,
1341 2411 1626 2473 argentum
1664 2403 1786 2473 igne
1814 2419 1945 2457 exan

2157 2401 2361 2473 ιηθῆναι
2385 2403 2477 2456 νῦν
2497 2403 2960 2458 διαναπαύσεσθαι
2981 2405 3280 2476 δηλοί.Τοῖς
3299 2401 3394 2457 οὖν
3416 2402 3518 2455 τῶν
3539 2402 3661 2473 is.va

441 2502 652 2557 natum,
689 2493 975 2562 probatum
1005 2500 1184 2557 terrae,
1219 2500 1510 2562 purgatum
1557 2493 1865 2563 septuplum
1892 2493 1934 2524 ⁸¹

2161 2497 2388 2565 σκηταῖς
2423 2494 2598 2564 λόγων
2625 2498 3043 2569 προτρεπτικῶς
3069 2501 3100 2568 ὴ
3132 2497 3516 2569 προσφώνησις
3536 2497 3661 2562 ἐπαῖ-

442 2584 725 2638 Sententia
758 2599 887 2639 vero
917 2586 1219 2655 spiritualis
1265 2592 1532 2656 praestans
1581 2593 1634 2640 et
1682 2586 1862 2657 magni
1898 2603 1946 2656 p1

2158 2587 2369 2642 έλλεται
2401 2588 2500 2661 τὴν
2528 2590 2594 2644 ὲκ
2618 2589 2724 2644 τῶν
2753 2590 2910 2644 θείων
2935 2591 3106 2659 λόγων
3127 2589 3395 2659 ὠφέλειαν
3414 2606 3427 2619 ⁸
3449 2589 3488 2658 ἦ
3510 2603 3560 2640 τε
3581 2586 3660 2658 γὰρ

439 2678 500 2730 tii
533 2692 675 2749 esse,
727 2692 851 2732 cum
903 2678 1127 2746 dicitur,
1169 2697 1187 2730 ι
1223 2678 1282 2733 In
1328 2679 1535 2750 pallore
1586 2677 1740 2744 auri,
1775 2696 1794 2730 ι
1835 2678 1943 2734 decl

2156 2679 2262 2744 έξις
2311 2681 2420 2736 τῶν
2468 2682 2627 2754 ἱερῶν
2674 2683 3116 2753 ἀναγνωσμάτων
3167 2683 3502 2754 κεκάθαρται
3546 2683 3660 2751 δίκην

437 2777 609 2824 ratur.
2121 2773 2385 2845 ἀργυρίου
2431 2775 2853 2847 πεπυρωμένου,
2889 2774 3030 2828 κατά
3071 2775 3164 2828 τὸν
3216 2776 3460 2844 φήσαντα
3503 2776 3659 2843 λόγον·

438 2888 459 2919 ι
489 2866 569 2921 Τά
599 2867 754 2937 λόγια
797 2868 1002 2940 Κυρίου
1050 2868 1458 2940 πεπυρωμένα⁸
1495 2887 1513 2919 ι
1546 2868 1640 2922 καὶ¹
1668 2868 1856 2921 πάλιψ
1925 2885 1944 2919 ι
2008 2866 2089 2921 Τά
2127 2868 2281 2937 λόγια
2316 2871 2522 2943 Κυρίου
2571 2871 2726 2940 λόγια
2771 2871 2930 2938 ἀγνά,
2973 2869 3248 2942 ἀργύριονι
3285 2871 3663 2943 πεπυρωμένον,

437 2958 679 3029 δοκίμιον
700 2963 764 3031 τῇ
792 2963 883 3032 γῇ,
906 2960 1371 3033 κεκαθαρισμένον
1396 2959 1809 3022 ὲπταπλασίως·
1850 2978 1869 3010 ι
1899 2959 2015 3030 ἦτε
2052 2959 2260 3016 διάνοια
2283 2966 2317 3034 ή
2348 2963 2689 3034 πνευματικὴ
2717 2962 2994 3034 ἐξαίρετος
3053 2963 3148 3016 καὶ
3211 2962 3565 3034 πολυτίμητος
3598 2961 3662 3014 διὰ

437 3051 531 3105 τοῦ
577 3052 861 3122 λέγεσθαι,
900 3056 1031 3109 (Ἑν
1072 3055 1375 3128 χλωρότητι
1415 3055 1664 3127 χρυσίου,
1695 3074 1713 3106 ι
1754 3053 2111 3126 παρίσταται.

502 3168 670 3226 Vens.
701 3172 889 3225 15-17.
936 3189 955 3224 ι
997 3172 1129 3226 Dum
1158 3173 1422 3228 discernit
1475 3173 1716 3228 caelestis
1739 3186 1898 3242 reges
1930 3188 2006 3228 sui

2210 3191 2228 3223 ι
2253 3172 2338 3224 Ἐν
2370 3169 2448 3241 τῷ
2470 3169 2797 3224 διαστέλλειν
2827 3169 2918 3223 τὸν
2945 3169 3192 3241 οὐράνιον
3225 3169 3463 3239 βασιλεῖς
3491 3168 3569 3222 ἐπ’
3587 3167 3665 3221 αὐ·

437 3277 531 3336 per
558 3278 676 3316 eam
712 3263 836 3318 nive
863 3263 1264 3318 dcalbahuntur
1309 3263 1366 3316 in
1415 3263 1655 3318 Selmon.
1696 3283 1714 3315 ι
1753 3262 1861 3317 Pro
1895 3264 1941 3318 ill

2161 3266 2240 3336 ην,
2277 3261 2702 3334 χιονωθήσονται
2728 3264 2786 3315 ὲν
2811 3261 3053 3333 Σελμών.
3077 3281 3096 3315 ι
3119 3263 3263 3315 Ἀντὶ
3297 3262 3413 3327 τοῦ,
3453 3281 3470 3313 ι
3494 3263 3572 3314 Ἑν
3602 3259 3665 3330 τῷ

441 3369 460 3402 ι
476 3349 610 3404 Dum
626 3351 890 3406 discernit
910 3351 1172 3419 cmlestis,
1187 3373 1204 3403 ι
1225 3360 1278 3406 et
1294 3360 1509 3416 caetera,
1527 3352 1606 3406 sic
1624 3352 1942 3422 interpretat

2156 3357 2444 3410 εαστέλλειν
2462 3357 2555 3410 τὸν
2572 3353 2892 3427 ἐπουράνιον
2917 3374 2935 3406 ι
2968 3355 3062 3408 καὶ
3084 3355 3153 3408 τὰ
3181 3353 3330 3425 ἑξῆς,
3354 3358 3382 3408 ό
3409 3355 3660 3425 Σύμμαχος

435 3439 797 3512 Symmachus
833 3462 845 3495 :
892 3461 910 3492 ι
941 3441 1169 3508 Quando
1198 3442 1535 3514 dispensavit
1567 3452 1758 3513 potens
1783 3459 1939 3515 regna

2157 3448 2298 3503 >ῦτον
2327 3449 2636 3520 ἡρμήνευσε
2679 3445 2770 3500 τὸν
2809 3446 3038 3515 τρόπον·
3081 3463 3100 3496 ι
3124 3445 3316 3499 Ὁπότε
3344 3443 3661 3514 κατεμέριζεν

435 3533 607 3596 tllam,
641 3535 797 3602 quasi
824 3533 947 3589 nive
970 3533 1221 3588 dealbata
1247 3545 1382 3590 erat.
1457 3533 1678 3591 Selmon
1707 3551 1865 3592 mons
1894 3535 1939 3588 D

2177 3540 2362 3604 ἱκανὸς
2392 3537 2697 3610 βασιλεύειν
2731 3538 2923 3609 αὐτὴν,
2967 3536 3043 3600 ὡς
3090 3536 3422 3607 χιονισθεῖσα
3449 3532 3532 3606 ἦν.
3561 3532 3662 3585 Σελ-

431 3639 590 3678 mons
612 3626 849 3697 pinguis,
870 3643 1027 3682 mons
1045 3627 1367 3695 altissimus,
1386 3643 1542 3684 mons
1563 3629 1778 3699 pinguis
1803 3648 1816 3683 :
1841 3644 1935 3698 qua

2155 3632 2231 3687 ὼν
2277 3632 2402 3705 ὅρος
2446 3631 2605 3696 Θεοῦ,
2645 3631 2770 3703 ὅρος
2824 3629 3131 3702 εὐτροφίας,
3166 3628 3292 3698 ὅρος
3344 3627 3659 3699 animum,

431 3717 650 3772 curiose
679 3719 1078 3789 investigantur
1131 3729 1344 3774 montes
1368 3721 1614 3776 excelsi?
1645 3721 1795 3776 Mons
1820 3721 1874 3775 in
1901 3737 1934 3792 q

2150 3743 2238 3798 ρος
2278 3723 2599 3795 εὐτροφίαςο
2635 3725 2714 3786 είς
2754 3722 2808 3775 τί
2855 3719 3346 3792 περισπουδάζεται
3393 3717 3458 3771 τά
3495 3718 3583 3786 ὅρη
3600 3717 3654 3768 τὰ

433 3809 763 3864 desideravit
803 3810 946 3866 Deus
988 3811 1257 3876 habitare,
1290 3821 1344 3868 et
1370 3811 1632 3868 Dominus
1659 3813 1923 3868 habitabit

2155 3817 2328 3888 ᾠηλά;
2361 3817 2432 3869 Τὸ
2468 3816 2592 3886 δρος
2623 3817 2759 3886 ὅπερ
2791 3814 3054 3884 ἐπόθησεν
3086 3813 3114 3864 6
3145 3811 3278 3874 Θεὸς
3315 3812 3397 3875 εἰς
3427 3811 3484 3863 τὸ
3508 3825 3659 3862 κατοι-

433 3901 618 3957 ﬁnem.
650 3922 670 3956 ι
708 3903 801 3960 His
827 3914 1006 3959 autem
1031 3908 1311 3972 docemur,
1341 3923 1462 3960 cum
1488 3907 1727 3962 caelestis
1754 3908 1862 3973 ille,
1895 3909 1937 3964 si

2152 3914 2230 3964 εἰν
2279 3913 2336 3963 ὲν
2382 3909 2547 3980 αὐτῷ,
2579 3910 2673 3962 καὶ
2699 3907 2902 3980 Κύριος
2929 3903 3344 3976 κατασκηνώσει
3369 3906 3447 3968 είς
3466 3903 3614 3965 τέλος.
3640 3920 3654 3950 ι

431 3993 736 4046 οωιοδῑίυιιι
773 3995 1074 4048 incolarum
1116 3995 1294 4064 Deus,
1347 3997 1658 4067 praedictam
1707 3999 1935 4052 columh:

2161 4002 2366 4056 ιδάσκει
2400 4002 2456 4054 δὲ
2487 4003 2516 4054 6
2545 4000 2718 4068 λόγος,
2752 3999 2827 4062 ὼς
2857 3999 2964 4070 ἄρα
3003 3997 3144 4050 κατὰ
3178 3996 3268 4050 τὸν
3293 3998 3477 4068 καιρὸν
3503 3996 3552 4048 ὲν
3574 3985 3610 4060 ᾧ
3635 3994 3658 4044 6

431 4083 653 4152 regibus
681 4091 842 4139 terra:
880 4086 1125 4152 donavit,
1159 4087 1212 4141 id
1238 4097 1341 4152 est,
1374 4089 1444 4144 iis
1478 4087 1570 4158 qui
1598 4089 1654 4142 in
1682 4096 1826 4144 terra
1861 4105 1935 4159 rei

2149 4113 2248 4149 που
2258 4096 2457 4169 ράνιος,
2485 4093 2684 4164 δηλαδὴ
2712 4095 2740 4146 6
2759 4093 2868 4146 τῶν
2888 4094 2946 4144 ὲν
2965 4092 3211 4163 οὐρανοῖς
3230 4089 3516 4143 οἰκούντων
3532 4086 3653 4149 Θεὸς.

431 4175 554 4244 ejus
586 4186 869 4232 consortes
909 4178 1129 4234 fuerunt
1169 4181 1247 4252 (hi
1297 4196 1460 4251 porro
1511 4187 1668 4235 erant
1713 4181 1935 4251 prophet

2149 4189 2213 4260 ὴν
2260 4185 2647 4260 προλεχθεῖσαν
2696 4183 3023 4256 περιστεράν
3071 4181 3402 4252 κατεμέριζε
3434 4183 3538 4243 τοῖς
3580 4180 3653 4230 ἐπὶ

429 4267 564 4337 justi
609 4275 663 4323 et
696 4269 768 4338 pii
799 4271 922 4334 viri,
965 4286 1029 4325 ac
1056 4271 1313 4342 discipuli
1365 4283 1418 4328 et
1449 4275 1679 4344 apostoli
1709 4272 1931 4328 Salvato

2150 4281 2214 4352 ῆς
2255 4281 2358 4350 γῆς
2409 4275 2706 4348 βασιλεῦσι,
2738 4275 2980 4329 τουτέστι
3003 4277 3115 4338 τοῖς
3144 4275 3201 4326 ὲν
3238 4276 3304 4343 τῇ
3336 4263 3407 4344 γῇ
3447 4271 3654 4342 μετόχοις

431 4361 629 4426 nostri,
674 4362 874 4431 quibus
915 4361 1178 4433 Spiritum
1212 4371 1461 4419 sanctum
1488 4365 1728 4420 cmlestis
1756 4364 1846 4420 ille
1872 4364 1935 4419 De

2148 4372 2216 4442 ἧς
2248 4368 2410 4424 αὐτοῦ
2459 4367 2752 4438 βασιλείας,
2789 4365 3099 4437 (προφῆται
3143 4363 3200 4417 δὲ
3244 4359 3389 4433 ἦσαν
3417 4354 3565 4423 οὗτοι,
3587 4356 3650 4411 δὶ-

430 4453 763 4523 distribuit);
811 4463 943 4509 tunc
989 4471 1084 4510 eos
1123 4455 1216 4525 qui
1253 4455 1422 4510 divini
1474 4454 1714 4527 Spiritus
1746 4457 1934 4512 donist

2149 4462 2261 4515 atat
2292 4479 2350 4514 τε
2377 4463 2471 4514 καὶ
2497 4459 2758 4528 θεοφιλεῖς
2778 4457 2986 4529 ἄνδρες,
3016 4456 3146 4509 οἵτε
3173 4453 3412 4526 μαθηταὶ
3439 4454 3525 4507 καὶ
3544 4447 3653 4504 ἀπό·

430 4545 546 4598 nati
579 4544 815 4614 fuerant,
846 4547 1020 4602 instar
1053 4548 1195 4602 nivis
1221 4548 1481 4603 candidos
1510 4550 1796 4619 clarosque
1819 4549 1934 4604 fuis:

2146 4553 2293 4606 ’τολοι
2325 4551 2418 4604 τοῦ
2447 4551 2696 4621 Σωτῆρος
2723 4553 2756 4620 ἡ
2767 4549 2902 4619 μῶν,
2935 4543 3016 4611 οἷς
3047 4547 3108 4600 τὸ
3140 4545 3365 4616 Πνεῦμα
3395 4546 3456 4599 τὸ
3479 4541 3650 4646 ἅγιονρό

430 4638 612 4706 Quare
643 4640 846 4694 dictum
892 4649 1017 4696 est:
1060 4662 1078 4693 ι
1118 4639 1322 4711 thuid
1391 4643 1744 4711 suspicamini
1795 4652 1934 4698 monl

2148 4647 2247 4710 νεὸς
2275 4645 2576 4717 διεμέριζεν
2600 4645 2629 4696 6
2654 4641 3022 4714 έπούρανιος,)
3041 4640 3216 4711 χιόνος
3238 4639 3397 4710 δίκην
3421 4631 3652 4707 ἐλαμπρύ-

428 4731 788 4800 coagulatos?
825 4753 843 4783 ι
894 4731 1271 4804 Ohjurgantur
1313 4734 1520 4789 scilicet
1561 4734 1654 4804 qui
1705 4734 1908 4804 aliquid

2148 4753 2268 4789 οντο
2295 4739 2346 4790 οἱ
2380 4735 2488 4790 τῶν
2515 4733 2609 4788 τοῦ
2639 4733 2782 4787 θείου
2812 4732 3128 4803 Πνεύματος
3186 4731 3530 4802 χαρισμάτων
3554 4739 3651 4778 κατι

427 4822 557 4876 mile
583 4823 851 4878 exsistere
878 4826 1215 4880 arbitrantur
1248 4845 1261 4880 :
1289 4824 1442 4879 addit
1466 4841 1596 4880 vero
1625 4842 1731 4896 qua
1759 4827 1825 4882 de
1847 4841 1931 4880 cat

2140 4826 2439 4898 ιξιούμενοι.
2485 4824 2577 4878 Διδ
2591 4823 2856 4876 λέλεκται·
2891 4823 3038 4875 «Ἵνα
3063 4820 3116 4873 τί
3151 4819 3546 4891 ὑπολαμϐάνετε
3571 4815 3644 4884 ὄρη

427 4928 540 4968 non
584 4923 832 4985 oporteat
871 4917 1090 4986 quidvis
1120 4917 1267 4972 aliud
1298 4934 1421 4996 cum
1465 4917 1588 4988 ipso
1629 4917 1931 4983 conferre“

2141 4918 2465 4990 τετυρωμένα
2486 4933 2500 4983 ;
2524 4936 2540 4968 ι
2562 4915 2954 4986 Ἐπιτιμῶντος
2978 4911 3072 4966 τοῦ
3103 4911 3262 4980 λόγου
3291 4915 3404 4974 τοῖς
3433 4907 3590 4979 ἕτερόν
3607 4920 3645 4955 τί

426 5023 557 5063 cens
589 5033 601 5063 -.
636 5008 824 5064 «Mons
854 5009 909 5064 in
942 5025 1051 5080 quo
1079 5011 1480 5081 beneplacitum
1509 5020 1593 5066 est
1628 5009 1737 5065 Deo
1766 5011 1930 5065 habit:

2141 5012 2425 5082 κομίζουσιν
2453 5012 2636 5082 ὅμοιον
2665 5007 2814 5078 αὐτῷ
2841 5003 2999 5061 εἶναι.
3019 5004 3288 5072 Έπιλέγει
3311 5005 3368 5058 δὲ
3391 5005 3478 5058 καὶ
3505 4997 3645 5053 αἰτίαν

425 5100 482 5153 in
520 5114 586 5154 eo
623 5119 634 5154 :
670 5101 870 5155 etenim
905 5099 1169 5157 Dominus
1203 5103 1468 5158 habitabit
1505 5103 1560 5156 in
1594 5102 1775 5158 ﬁnem.
1817 5123 1835 5156 ›
1873 5103 1929 5158 N:

2139 5104 2178 5155 lt’
2211 5104 2276 5174 ἢν
2303 5103 2365 5156 οὐ
2396 5103 2660 5173 προσήκει
2685 5099 3174 5171 ἀντιπαραϐάλλειν
3196 5096 3345 5168 αὐτῷ
3376 5085 3643 5165 ἕτερον·διά

370 5214 372 5216 τ
426 5191 516 5244 ille
543 5191 696 5246 solus
731 5207 889 5247 mons
919 5202 1003 5248 est
1034 5195 1089 5247 in
1122 5209 1230 5265 quo
1260 5193 1404 5248 Deus
1433 5194 1683 5248 habitare
1709 5203 1874 5264 c00pt,

2139 5213 2249 5265 ρησι
2268 5212 2282 5225 ·
2318 5215 2336 5245 ι
2364 5195 2438 5247 Τὸ
2473 5195 2599 5266 ὅρος
2625 5194 2654 5246 ὃ
2679 5193 2977 5264 ηὐδόκησεν
3004 5194 3032 5244 6
3065 5191 3198 5254 Θεὸς
3221 5191 3490 5244 κατοικεῖν
3514 5187 3564 5237 ἐν
3578 5181 3643 5236 αὐ-

369 5332 372 5334 .
425 5292 478 5337 et
505 5284 559 5338 in
591 5301 697 5356 quo
717 5285 879 5342 Pater
907 5288 1245 5343 domicilium
1279 5289 1440 5344 habet
1464 5289 1518 5342 in
1539 5288 1734 5342 srecula
1763 5288 1873 5341 iniit

2131 5287 2222 5358 τῷ·
2255 5289 2348 5340 καὶ
2391 5287 2499 5357 γὰρ
2551 5287 2579 5337 6
2625 5286 2830 5357 Κύριος
2880 5283 3293 5355 κατασκηνώσει
3340 5286 3415 5345 είς
3457 5279 3635 5332 τέλοςοι

428 5391 597 5446 quare
631 5392 742 5431 non
766 5377 922 5433 decet
957 5379 1121 5432 alium
1158 5394 1281 5433 cum
1311 5380 1403 5433 illo
1425 5379 1693 5434 conferre.
1740 5377 1874 5433 Nam
1900 5395 1930 5434 e

2135 5381 2286 5434 νίόνον
2322 5381 2430 5452 γάρ
2460 5383 2576 5433 ἐστι
2603 5378 2760 5432 τοῦτο
2791 5381 2846 5431 ὲν
2874 5371 2918 5447 ᾧ
2937 5377 3238 5448 ηὐδόκησεν
3275 5378 3304 5430 6
3340 5376 3465 5438 Θεὸς
3493 5383 3639 5424 κατοιο

426 5468 495 5523 de
517 5469 638 5524 aliis
669 5470 874 5525 dictum
909 5471 1012 5526 fuit
1043 5471 1174 5526 illud
1199 5513 1214 5538 ,
1269 5490 1288 5523 ι
1324 5469 1642 5529 Inhabitabo
1689 5472 1744 5526 in
1793 5471 1901 5528 illis

2131 5477 2245 5535 ιεῖν,
2276 5475 2369 5526 καὶ
2397 5475 2451 5526 ἐν
2545 5475 2573 5526 6
2604 5473 2793 5543 Πατὴρ
2819 5471 3148 5540 κατασκηνοῖ
3175 5469 3255 5530 είς
3283 5467 3522 5536 ἀπείρους
3543 5455 3635 5512 ait}

429 5558 797 5625 iuambulabo,
829 5569 882 5617 et
910 5576 1005 5617 ero
1039 5562 1257 5616 illorum
1286 5561 1520 5629 Deus,et
1550 5563 1653 5634 ipsi
1686 5571 1848 5619 erunt
1867 5563 1933 5617 mi

2127 5581 2202 5626 νας
2222 5581 2234 5593 °
2265 5563 2345 5616 διὸ
2384 5563 2444 5614 οὐ
2493 5563 2758 5632 προσήκει
2787 5561 2972 5630 ἕτερον
2999 5555 3477 5628 ἀντιπαραϐάλλειν
3500 5543 3631 5615 αὐτῷ.

428 5651 661 5724 populus
687 5651 760 5720 “;
800 5673 817 5705 ι
853 5663 906 5708 at
937 5670 1045 5709 non
1077 5655 1300 5724 perinde
1330 5655 1383 5709 in
1415 5657 1549 5727 ipsis
1577 5656 1784 5712 habitat
1808 5663 1861 5711 et
1884 5671 1932 5709 at

2128 5656 2168 5708 Ξί
2201 5654 2309 5725 γάρ
2336 5655 2430 5708 καὶ
2471 5653 2717 5707 λέλεκται
2754 5653 2880 5725 περὶ
2913 5651 3112 5723 ἑτέρων
3139 5650 3221 5714 τὸ,
3261 5667 3280 5700 ι
3306 5645 3571 5716 Ἐνοικήσω
3585 5637 3632 5690 ιν

505 5807 550 5838 "’
578 5804 719 5862 P511,
768 5822 899 5870 xm,
935 5808 1024 5861 5L
1106 5811 1144 5840 ³⁸
1173 5809 1317 5865 Psal.
1359 5827 1434 5878 xu,
1469 5811 1516 5863 7.
1595 5814 1639 5844 ³⁸
1664 5813 1836 5869 Levit.
1870 5827 2018 5878 xxw,
2053 5811 2157 5880 12;
2197 5809 2238 5865 ll
2267 5813 2395 5867 Cor.
2433 5826 2506 5876 vt,
2554 5809 2639 5866 16.
