3808 6280
148 336 232 391 τοι
1242 332 1748 391 COMMENTARIA
1785 336 1853 392 IN
1892 337 2235 399 PSALMOS.

3263 353 3366 410 ’ἔθα

146 456 312 517 αὐτοῖς
349 453 438 508 καὶ
483 453 932 524 ὲμπεριπατήσω,
960 453 1053 506 καὶ
1084 451 1278 523 ἔσομαι
1320 453 1498 507 αὐτῶν
1538 454 1688 518 Θεὸς,

1803 454 1966 519 bulat,
2000 464 2163 527 atque
2196 458 2251 513 in
2279 467 2461 515 monte
2489 476 2591 518 suo
2637 482 2655 519 :
2694 465 2892 520 etenim
2926 465 3088 523 Pater
3117 469 3170 523 in
3200 467 3362 535 Filio,

146 547 228 601 καὶ
253 546 397 600 αὐτοὶ
440 543 646 597 ἔσονταί
696 560 796 614 μου
826 543 982 606 λαός·
1023 562 1041 593 ι
1081 542 1194 596 ἀλλ’
1219 544 1318 613 οὐχ
1350 542 1521 607 οὕτως
1552 545 1689 596 ὲνοι-

146 642 220 693 κεῖ
246 637 332 690 καὶ
355 638 715 707 ὲμπεριπατεῖ
742 635 799 690 ὲν
830 635 1059 699 τούτοις,
1084 635 1159 698 ὡς
1180 637 1236 688 ἐν
1264 635 1339 706 τῷ
1362 634 1524 687 αὑτοῦ
1551 635 1686 708 lips:-

144 735 169 785 6
189 730 284 801 γὰρ
306 728 487 799 Πατὴρ
507 729 564 781 ἐν
590 726 663 797 τῷ
687 726 799 797 Υἱῷ
830 728 921 780 καὶ
943 728 970 779 6
1009 727 1133 789 Υἱὸς
1157 729 1212 779 ὲν
1232 724 1309 797 τῷ
1330 727 1502 797 Πατρί
1518 743 1531 755 '
1561 749 1579 777 ι
1598 727 1691 779 καὶ

144 825 193 877 ὲν
218 820 353 892 αὐτῷ
380 820 645 893 ηύδόκησε
672 821 778 873 πᾶν
803 819 863 872 τὸ
880 820 1153 890 πλήρωμα
1176 819 1274 889 τῆς
1296 817 1545 888 θεότητος
1567 835 1695 871 κατ-

143 912 369 982 οικήσειν
405 930 423 963 ι
454 911 550 964 καὶ
570 912 628 963 o6
674 912 804 964 ποτὲ
852 912 948 981 μὲν
976 909 1187 981 ᾤκησεν
1216 913 1272 963 ὲν
1302 910 1470 979 αὐτῷ,
1502 909 1689 963 ἄλλοτε

143 1006 191 1060 δὲ
214 1004 362 1058 αὑτοῦ
391 1004 601 1076 ἀπέστη
620 1021 632 1033 ·
663 1004 776 1058 ἀλλ’
807 1007 885 1067 εἰς
916 1004 972 1056 τὸ
999 1005 1221 1074 ἄπειρον
1246 1002 1395 1067 τέλος
1420 1004 1504 1055 ἀεὶ
1530 1005 1557 1055 ό
1586 1002 1693 1053 Πα-

144 1098 231 1167 τὴρ
248 1098 299 1148 ὲν
318 1094 391 1165 τῷ
417 1094 530 1165 Υίῷ
551 1099 811 1148 κατοικεῖ.
831 1096 1001 1158 Αὐτὸς
1019 1095 1073 1147 δέ
1100 1098 1244 1148 ἐστιν
1270 1096 1302 1165 ή
1326 1096 1511 1164 εἰρήνη
1536 1090 1691 1163 ήμῶν

145 1188 266 1241 κατὰ
286 1187 370 1239 τὸν
398 1187 734 1241 Ἀπόστολον.
752 1188 843 1241 Διὸ
863 1189 955 1241 καὶ
972 1185 1196 1258 Σαλμὼν
1216 1186 1336 1257 (sic)
1359 1185 1688 1255 ὠνόμασται,

1796 553 1850 601 ct
1878 545 2050 602 Filius
2092 550 2148 605 in
2190 547 2375 615 Patre,
2420 569 2437 601 ι
2475 563 2528 606 et
2556 554 2609 607 in
2638 555 2757 624 ipso
2789 560 3119 629 complacuit
3149 576 3364 616 onmem

1795 638 2189 707 plenitudinem
2209 641 2511 715 divinitatis
2543 645 2843 704 inhabitare
2864 651 2908 681 ⁸³
2937 669 2951 707 :
2979 672 2997 703 ι
3025 668 3201 723 neque
3220 655 3365 707 enim

1798 731 1961 786 modo
1991 731 2254 788 habitavit
2283 735 2339 789 in
2372 735 2488 802 illo,
2524 739 2686 794 modo
2716 743 2943 797 recessit
2975 745 3043 804 ab
3070 760 3169 811 eo;
3194 747 3288 802 scd
3311 747 3366 801 in

1797 821 2070 877 inﬁnitum
2106 840 2170 879 ac
2203 842 2416 898 semper
2441 828 2602 884 Pater
2632 831 2686 886 in
2727 831 2864 887 Filio
2907 833 3189 893 inhabitat.
3246 834 3368 908 Ipse

1798 922 1977 967 autem
1994 925 2077 969 est
2098 932 2200 986 pax
2216 929 2423 983 nostra,
2449 923 2751 979 secundum
2771 924 3088 995 Apostolum
3104 928 3164 981 “.
3188 928 3368 993 Quare

1801 1002 2019 1059 Sehnon
2050 1015 2297 1074 vocat-ur,
2340 1012 2392 1065 id
2415 1020 2533 1077 est,
2562 1013 2709 1080 Pax;
2742 1024 2797 1068 et
2830 1016 2984 1071 locus
3023 1015 3116 1071 Dei
3149 1035 3249 1088 pagi
3279 1018 3367 1072 di-

1798 1094 1975 1158 citur,
2039 1099 2338 1154 secundum
2389 1101 2519 1157 illud
2548 1142 2563 1168 ,
2625 1122 2643 1154 ι
2687 1102 2744 1157 1η
2799 1119 2935 1175 pace
2984 1114 3173 1161 sancta
3216 1108 3369 1162 locus

1797 1186 1916 1255 ejus
1946 1186 2008 1241 ³⁵.
2040 1209 2058 1240 ι

145 1282 263 1351 ὅπερ
289 1282 427 1332 ἐστὶν
453 1280 657 1351 Εἰρήνη
677 1297 690 1310 ·
721 1281 814 1334 καὶ
848 1281 1011 1343 τόπος
1040 1279 1134 1333 τοῦ
1162 1280 1295 1333 Θεοῦ
1326 1281 1358 1350 ή
1390 1279 1579 1349 εἰρήνη
1613 1276 1880 1340 λέλεκται,
1912 1280 2051 1332 κατὰ
2080 1281 2161 1344 τὸ,
2200 1303 2216 1334 ι
2242 1284 2330 1337 Ἐν
2362 1284 2551 1357 είρήνῃ
2583 1286 2712 1358 ἁγίᾳ
2756 1289 2783 1339 6
2818 1288 2983 1349 τόπος
3013 1290 3198 1342 αὐτοῦ.
3239 1310 3257 1339 ι

210 1392 225 1423 ι
257 1372 323 1425 Τὸ
349 1372 501 1442 ἅρμα
531 1370 626 1425 τοῦ
677 1371 809 1425 Θεοῦ
845 1373 1253 1443 μυριοπλάσιον,
1284 1372 1516 1441 χιλιάδες
1540 1368 1697 1439 εύθη-

145 1463 369 1517 νούντων·
385 1463 589 1534 Κύριος
619 1464 676 1516 ἐν
706 1465 886 1527 αὐτοῖς
912 1465 969 1518 ὲν
986 1463 1136 1517 Σιναῒ
1152 1466 1210 1516 έν
1230 1464 1306 1535 τῷ
1331 1463 1487 1534 ἁγίῳ.
1506 1484 1523 1514 ›
1545 1464 1698 1514 Ἀπο-

145 1556 247 1618 δοὺς
280 1556 304 1607 ό
331 1554 485 1622 λόγος
524 1554 747 1626 πρώτην
780 1555 879 1626 τὴν
909 1557 1038 1626 περὶ
1066 1553 1159 1608 τοῦ
1193 1557 1347 1624 ἁγίου
1380 1555 1695 1626 Πνεύματος

145 1643 461 1699 διδασκαλίαν
488 1644 576 1697 διὰ
605 1644 704 1715 τῆς
733 1647 1082 1715 περιστερᾶς,
1111 1645 1297 1698 ἔπειτα
1324 1646 1421 1717 τὴν
1448 1646 1576 1718 περὶ
1600 1645 1694 1699 τοῦ

148 1735 255 1789 Υἱοῦ
284 1735 364 1789 διὰ
407 1735 500 1788 τοῦ
531 1736 691 1807 ὅρους
716 1736 807 1789 τοῦ
838 1737 992 1802 Θεοῦ,
1026 1737 1340 1791 καταϐαίνει
1380 1737 1561 1790 λοιπὸν
1603 1739 1694 1790 ἐπὶ

145 1830 226 1892 τὰς
247 1828 640 1899 ύποϐεϐηκυίας
666 1829 922 1900 δυνάμεις
942 1847 955 1860 ⁸
982 1830 1267 1902 παριστὰς,
1297 1832 1399 1894 ὅτι,
1434 1832 1483 1883 εί
1508 1830 1600 1883 καὶ
1625 1830 1693 1882 τὰ

149 1918 352 1990 μάλιστα
377 1918 437 1971 τὸ
468 1919 595 1990 ὅρος
640 1920 701 1972 τὸ
742 1920 999 1973 ἁποδοθὲν
1047 1921 1283 1974 τοιοῦτον
1312 1923 1586 1993 τυγχάνει,
1619 1923 1694 1984 ὡς

146 2014 193 2063 ἐν
234 2010 367 2081 αὑτῷ
415 2016 693 2065 κατοικεῖν
742 2014 849 2065 πᾶν
894 2013 955 2065 τὸ
999 2012 1271 2085 πλήρωμα
1297 2016 1395 2085 τῆς
1424 2015 1693 2084 πατρικῆς

146 2103 386 2174 θεότητος,
406 2102 520 2156 ἀλλ’
539 2107 601 2158 o6
631 2106 788 2176 μόνον
811 2105 967 2158 τοῦτο
997 2106 1183 2177 κτῆμά
1206 2110 1321 2159 ἐστι
1346 2107 1438 2160 τοῦ
1462 2106 1691 2177 Πατρὸς,

146 2195 238 2265 ἔχει
276 2197 327 2248 δὲ
369 2199 462 2249 καὶ
486 2196 654 2258 ἄλλας
684 2198 1083 2271 ὑποϐεϐηκυίας
1123 2198 1433 2261 διακονικὰς
1467 2197 1559 2251 καὶ
1594 2198 1697 2251 λει-

144 2287 406 2356 τουργικὰς
429 2288 708 2359 δυνάμεις,
735 2290 802 2353 ἃς
839 2291 1035 2361 μυρίας
1064 2289 1227 2354 οῦσας
1266 2290 1359 2344 καὶ
1385 2289 1604 2354 πολλὰς,
1626 2293 1692 2361 τῇ

144 2396 192 2431 τε
216 2380 367 2450 ἀρετῇ
393 2379 758 2451 διαφερούσας
783 2383 872 2451 ὑφ’
902 2384 996 2436 ἕνα
1038 2382 1198 2451 ζυγὸν
1229 2382 1693 2453 καταδησάμενος,

144 2470 273 2541 ἅρμα
296 2471 465 2542 ἑαυτῷ
489 2474 812 2540 κατέζευξεν
837 2477 864 2528 6
882 2474 1258 2546 παμϐασιλεὺς
1298 2476 1450 2539 Θεὸς,
1483 2476 1569 2544 ὑφ’
1588 2477 1696 2546 ήνι-

144 2561 233 2632 όχῳ
261 2562 332 2633 τῷ
361 2566 658 2631 Μονογενεῖ
686 2565 846 2618 αὑτοῦ
878 2567 1051 2637 Λόγῳ.
1077 2567 1149 2619 Τὸ
1174 2568 1231 2621 δὲ
1258 2567 1461 2621 τούτων
1495 2566 1693 2638 πλῆθος

146 2655 221 2706 καὶ
245 2656 431 2727 Δανιὴλ
458 2660 487 2710 6
513 2659 797 2730 προφήτης
832 2660 889 2713 ὲν
915 2663 981 2731 τῇ
1015 2660 1238 2733 θεοπτίᾳ
1281 2661 1575 2732 παρίστησι
1609 2659 1695 2712 λέ·-

143 2762 259 2815 γων’
288 2766 305 2798 ι
324 2749 529 2820 Μύριαι
560 2750 817 2821 μυριάδες
837 2751 1212 2825 ἐλειτούργουν
1242 2753 1694 2824 αύτῷ,κα“ιχίλιαι

144 2839 350 2910 χιλιάδες
374 2846 837 2915 παρειστήκεισαν
863 2845 1169 2917 ἔμπροσθεν
1199 2845 1380 2899 αὑτοῦ.
1414 2866 1432 2897 ι
1450 2839 1519 2917 ᾭ
1554 2863 1694 2916 συμ-

145 2930 310 2999 φώνως
334 2934 424 2985 καὶ
457 2934 554 2986 νῦν
590 2935 836 2991 λέλεκται
855 2955 867 2968 ’
902 2956 921 2988 ι
945 2937 1017 2989 Τὸ
1041 2938 1191 3009 ἅρμα
1219 2937 1312 2991 τοῦ
1341 2938 1475 2992 Θεοῦ
1512 2955 1696 3009 μυριο-

145 3023 361 3087 πλάσιον,
401 3025 639 3095 χιλιάδες
673 3028 1061 3098 εὐθηνούντων.
1093 3049 1110 3079 ι
1132 3028 1270 3081 Ἀνθ’
1299 3022 1359 3081 οὗ
1400 3031 1428 3081 6
1470 3028 1696 3099 Σύμμα-

1871 1372 2041 1429 νειιε.
2078 1374 2164 1428 18.
2190 1374 2440 1432 ιϐυῖιυδ
2464 1377 2557 1435 Dei
2578 1380 2766 1436 decem
2798 1383 3038 1436 millibus
3065 1384 3369 1453 multiplex,

1799 1466 1967 1520 millia
1997 1468 2313 1532 laetantium,
2344 1468 2607 1526 Dominus
2640 1472 2693 1526 in
2721 1473 2823 1538 eis,
2865 1474 2919 1527 in
2950 1472 3120 1539 Sinai,
3156 1474 3211 1527 in
3240 1490 3370 1529 san-

1798 1568 1905 1615 cto.
1950 1580 1968 1612 ›
2008 1560 2138 1615 Post
2164 1561 2392 1631 primam
2426 1563 2680 1618 traditam
2709 1564 2775 1620 de
2804 1563 3016 1635 Spiritu
3054 1574 3245 1620 sancto
3274 1565 3373 1619 do-

1798 1652 2030 1706 ctrinam
2062 1668 2158 1723 per
2185 1654 2453 1708 columba:
2478 1656 2891 1712 similitudinem
2914 1697 2930 1723 ,
2973 1657 3278 1728 deindeque
3306 1659 3373 1714 de

1797 1739 1935 1797 Filio
1968 1758 2064 1813 per
2090 1742 2317 1813 ﬁguram
2350 1746 2549 1799 montis
2580 1745 2704 1811 Dei,
2739 1747 2805 1801 ad
2842 1746 3127 1801 inferiores
3153 1749 3373 1802 demum

1802 1841 2099 1902 potestates
2124 1836 2407 1892 descendit
2436 1854 2450 1903 ;
2481 1837 2787 1902 declarans,
2823 1838 3035 1892 etiamsi
3080 1855 3239 1894 mons
3284 1840 3374 1894 ille

1800 1938 2134 1985 memoratus
2184 1930 2497 1999 hujusmodi
2551 1932 2659 1997 sit,
2721 1939 2779 1985 ut
2830 1932 2886 1985 in
2939 1930 3058 2002 ipso
3111 1933 3374 1987 inhabitet

1801 2020 1981 2074 omnis
2027 2021 2309 2090 plenitudo
2341 2032 2579 2093 paterna:
2602 2023 2935 2087 divinitatis,
2967 2039 3076 2077 non
3119 2038 3240 2078 esse
3284 2031 3370 2075 ta-

1800 2124 1925 2163 men
1960 2113 2131 2165 solam
2181 2110 2360 2169 Patris
2401 2114 2841 2185 possessionem;
2891 2115 2984 2168 sed
3014 2116 3192 2184 ipsum
3237 2115 3375 2168 alias

1802 2198 2002 2255 habere
2033 2201 2387 2259 administras
2413 2212 2466 2258 et
2496 2204 2743 2259 subditas
2773 2204 3022 2262 virtutes.
3057 2219 3217 2274 quas,
3248 2205 3375 2259 licet

1801 2287 2014 2341 inlinito
2045 2305 2274 2343 numero
2297 2290 2427 2355 sint,
2458 2299 2621 2359 atque
2655 2291 2855 2344 virtute
2896 2298 3238 2359 praestantes,
3270 2289 3375 2343 sub

1801 2393 1911 2431 uno
1937 2380 2069 2448 jugo
2092 2380 2357 2449 colligans
2384 2381 2627 2434 omnium
2650 2395 2742 2434 rex
2774 2380 2863 2435 ille
2889 2379 3034 2434 Deus
3063 2379 3247 2433 currui
3274 2379 3375 2434 ad~

1795 2469 1979 2539 junxit
2011 2486 2133 2533 suo,
2168 2472 2451 2540 aurigante
2478 2470 2769 2541 Unigenito
2794 2468 2970 2526 Verbo
2996 2486 3115 2525 suo.
3169 2469 3376 2524 Harum

1801 2574 1931 2614 vero
1963 2559 2365 2616 multitudinem
2411 2561 2466 2613 in
2507 2561 2689 2614 divina
2736 2576 2832 2615 sua
2883 2560 3092 2616 visione
3135 2560 3378 2614 declarat

1801 2650 2012 2717 Daniel,
2041 2653 2229 2708 dicens
2260 2675 2272 2708 :
2317 2672 2334 2704 ι
2366 2652 2556 2708 Decies
2589 2654 2787 2709 millies
2822 2655 2961 2708 dena
3000 2654 3166 2707 millia
3214 2654 3377 2707 mini».

1802 2754 2049 2810 strabant
2076 2754 2146 2819 ei,
2174 2762 2226 2808 et
2249 2754 2418 2808 millia
2450 2753 2681 2807 millium
2709 2754 2962 2808 astabant
2996 2753 3051 2806 in
3079 2761 3376 2826 conspectu

1802 2847 1922 2915 ejus
1953 2848 2019 2903 ³⁸.
2058 2867 2077 2900 ›
2116 2847 2213 2902 Cui
2240 2847 2441 2901 accinit
2470 2847 2560 2901 hic
2587 2847 2740 2902 locus
2770 2864 2784 2900 :
2828 2865 2847 2898 ι
2885 2846 3094 2902 Currus
3119 2846 3210 2901 Dei
3242 2848 3378 2900 mul-

1802 2942 1969 3012 tiplex
2001 2940 2170 2994 millia
2210 2940 2530 2995 laetantium.
2562 2958 2581 2991 ι
2634 2939 2740 2994 Pro
2772 2953 2880 3009 quo
2909 2939 3267 3009 Symmachus
3296 2940 3376 2993 sic

1804 3036 2216 3105 interpretatur,
2254 3031 2519 3088 «Vectura
2548 3030 2643 3087 Dei
2674 3032 2940 3086 denorum
2968 3030 3217 3096 millium,
3253 3031 3376 3084 mil-

143 3135 222 3188 χος
244 3120 608 3190 ἡρμήνευσεψ
642 3118 904 3190 ι”Οχησις
928 3120 1019 3173 τοῦ
1044 3120 1178 3173 Θεοῦ
1203 3120 1495 3191 μυριάδων,
1524 3120 1694 3191 χιλιά-

1803 3128 1873 3183 lia
1907 3127 2242 3183 sonantium.
2276 3145 2295 3177 ›
2338 3124 2479 3191 Quid
2510 3124 2665 3189 illud,
2698 3142 2716 3174 ι
2741 3123 3106 3185 sonantium,»
3142 3123 3247 3176 nisi
3275 3137 3376 3176 νου

143 3210 218 3274 δες
261 3212 552 3281 ἠχούντων.
584 3231 602 3263 ι
644 3213 708 3265 Τί
758 3213 813 3265 δὲ
850 3234 867 3263 ι
898 3213 1172 3283 ἠχούντων
1202 3235 1219 3264 ι
1251 3214 1284 3285 ἢ
1333 3214 1549 3278 πάντως
1595 3232 1695 3269 που

143 3304 304 3371 φωνὰς
335 3305 562 3378 πλήρεις
590 3306 895 3375 δοξολογίας
928 3308 1020 3359 καὶ
1049 3306 1355 3375 θεολογίας;
1389 3302 1489 3360 Οἷα
1513 3307 1605 3361 καὶ
1630 3308 1699 3363 τὰ

145 3397 388 3468 σεραφεὶμ
410 3398 831 3469 ἀναγέγραπται
858 3416 932 3451 πα
941 3399 1009 3470 ρὰ
1037 3398 1113 3468 τῷ
1149 3399 1345 3470 Ἠσαίᾳ
1376 3399 1581 3470 βοῶντα
1606 3401 1700 3452 καὶ

143 3484 342 3553 λέγοντα
360 3505 372 3517 ο
402 3489 649 3556 «Ἄγιος,
676 3490 849 3558 ἅγιος,
882 3489 1035 3558 ἆγιος
1061 3489 1262 3561 Κύριος
1292 3490 1538 3557 Σαϐαὼθ,
1562 3491 1700 3563 πλη-

147 3594 231 3648 ρης
262 3580 403 3632 πᾶσα
430 3583 463 3652 ή
491 3584 563 3652 γῆ
592 3580 691 3651 τῆς
711 3581 868 3653 δόξης
888 3582 1070 3636 αὐτοῦ.
1103 3602 1121 3634 ι
1142 3584 1229 3635 Ἐν
1250 3583 1470 3647 ταύταις
1493 3584 1548 3636 δὲ
1579 3586 1700 3649 ταῖς

144 3670 323 3739 χιλιάσι
383 3673 479 3727 κα)⁸
528 3676 651 3736 ταῖς
706 3673 930 3745 μυριάσι
973 3677 1094 3738 ταῖς
1146 3676 1579 3747 ὑπεζευγμέναις
1621 3677 1700 3746 τῷ

144 3760 324 3833 ἅρματι
350 3764 444 3818 τοῦ
477 3765 614 3819 Θεοῦ
657 3767 751 3819 καὶ
779 3767 939 3831 αὐτὸς
982 3769 1009 3820 6
1044 3766 1245 3839 Κύριος
1274 3768 1436 3839 μέσος
1476 3769 1701 3839 ἐμπολι-

140 3855 352 3922 τεύεται,
387 3856 577 3928 ὥσπερ
606 3857 835 3929 ἡνιοχῶν
865 3859 1034 3922 αύτὰς
1062 3862 1154 3913 καὶ
1180 3860 1257 3930 τῷ
1291 3862 1565 3931 Πνεύματι
1595 3879 1699 3914 πα-

145 3948 494 4014 ρασκευάζων.
544 3951 636 4002 Διὸ
678 3951 1007 4019 ὲπιλέγεται,
1052 3970 1071 4002 ι
1099 3952 1297 4024 Κύριος
1337 3955 1394 4005 ὲν
1443 3954 1641 4016 αὐτοῖς.
1672 3973 1691 4005 ι

142 4036 280 4103 Ποῖος
311 4040 366 4093 δὲ
399 4040 624 4113 Κύριος,
658 4043 911 4113 σημαίνει
942 4042 1144 4114 προῖὼν
1169 4045 1262 4097 καὶ
1285 4043 1534 4113 φάσκωνο
1570 4062 1588 4094 ι
1613 4044 1700 4095 Ἐν

144 4130 275 4184 Σιναῖ
304 4134 358 4186 ὲν
386 4133 466 4205 τῷ
494 4134 653 4205 ἁγίῳ.
688 4154 705 4186 ι
734 4135 906 4199 Αὐτὸς
931 4135 1039 4207 γὰρ
1073 4138 1297 4200 ἐκεῖνος,
1333 4137 1519 4207 φησὶν,
1544 4138 1571 4188 6
1595 4134 1702 4188 K6-

144 4241 242 4294 ριος
276 4227 302 4277 6
344 4229 400 4280 ὲν
449 4227 600 4280 Σιναῒ
634 4226 711 4298 τῷ
738 4228 879 4299 ἁγίῳ
910 4228 1024 4300 ὄρει
1052 4229 1267 4297 ὀφθείς·
1304 4224 1373 4300 ἦν
1404 4229 1459 4282 δὲ
1490 4221 1644 4292 οὗτος
1671 4229 1700 4280 6

140 4315 221 4369 τοῦ
253 4318 382 4375 Θεοῦ
408 4320 603 4388 Λόγος,
637 4320 838 4392 δηλαδὴ
882 4325 994 4385 τοῖς
1038 4322 1142 4374 ὑπὸ
1172 4322 1234 4374 τὸ
1259 4321 1411 4393 ἂρμα
1440 4320 1531 4375 τοῦ
1565 4319 1698 4373 Θεοῦ

139 4406 488 4479 ἐζευγμένοις.
510 4412 600 4465 Διὸ
611 4413 671 4465 o6
693 4412 768 4483 τῷ
783 4411 949 4484 [στιν]
965 4412 1374 4484 τετραγράμμῳ
1386 4412 1647 4483 κέχρηται
1664 4414 1695 4482 ἡ

151 4497 389 4575 Ἐϐραῑκὴ
422 4502 586 4568 λέξις,
621 4506 901 4575 στοιχείοις
938 4504 994 4557 δὲ
1024 4509 1220 4569 κοινοῖς
1247 4505 1336 4558 τὸν
1368 4506 1570 4575 Κύριον
1601 4521 1698 4556 πε-

143 4592 293 4664 ριέχει
336 4596 393 4649 ὲν
439 4596 537 4667 τῷ,
575 4616 593 4647 ι
621 4596 825 4669 Κύριος
859 4599 916 4651 ἐν
968 4598 1170 4661 αὐτοῖς.
1204 4598 1349 4650 »Ἵνα
1378 4599 1485 4668 γὰρ
1513 4597 1696 4667 ἕτερον

140 4690 447 4763 παραστήσῃ
474 4689 657 4744 τοῦτον
689 4688 783 4742 τοῦ
813 4690 1069 4761 ἀνωτέρω
1110 4688 1196 4742 διὰ
1224 4688 1316 4741 τοῦ
1350 4688 1696 4759 τετραγράμ-

142 4794 230 4845 μου
255 4781 613 4851 σημανθέντος
642 4783 797 4847 Θεοῦ,
828 4784 915 4837 ὅτε
952 4783 1050 4854 μὲν
1083 4803 1102 4834 ι
1129 4782 1188 4835 τὸ
1212 4782 1361 4853 ἆρμα
1386 4779 1479 4833 τοῦ
1508 4780 1641 4832 Θεοῦ
1672 4799 1690 4830 ι

139 4867 354 4937 ἐλέγετο,
390 4872 479 4927 διὰ
525 4876 630 4927 τῶν
674 4877 1073 4946 ἁνεκφωνήτων
1109 4876 1236 4945 παρ’
1276 4873 1543 4944 Ἑϐραίοις
1576 4872 1697 4943 ἐδη-

138 4962 279 5019 λοῦτο
307 4970 581 5039 στοιχείων
603 4986 617 5001 ο
653 4971 769 5023 νυνὶ
801 4970 858 5023 δὲ
890 4972 997 5032 τοῖς
1030 4968 1354 5040 κοινοτέροις
1384 4970 1697 5039 χαρακτῆρ-

138 5070 232 5122 σιν,
249 5053 324 5122 οἴς
350 5061 446 5113 καὶ
466 5062 493 5112 6
517 5063 644 5135 παρ’
672 5061 982 5133 ἀνθρώποις
1002 5061 1275 5132 γράφεται
1298 5058 1363 5112 κύ
1374 5076 1503 5130 ριος.
1524 5060 1700 5130 Ἀκρι-

139 5141 236 5209 δῶς
265 5147 319 5200 δὲ
354 5151 446 5202 καὶ
472 5151 559 5203 τὸν
585 5151 746 5205 τόπον
772 5152 1195 5221 ἐπισημαίνεται
1219 5150 1309 5203 τὸν
1342 5170 1359 5201 ι
1389 5152 1446 5202 ὲν
1472 5146 1643 5212 Σιναῒ,
1672 5167 1690 5199 ι

141 5235 217 5290 ῐνα
256 5244 472 5313 σημήνῃ
498 5244 584 5297 τὸν
618 5246 708 5297 ἐπὶ
736 5243 838 5314 γῆς
876 5244 1110 5313 ὀφθέντα
1138 5244 1360 5315 Κύριον.
1396 5242 1605 5314 Σφόδρα
1640 5241 1696 5294 δὲ

147 5330 433 5398 ἀκολούθως
456 5336 691 5405 ἐπιλέγει
720 5336 868 5405 ἑξῆς

242 5447 257 5478 ι
308 5430 529 5501 Ἀνέϐης
595 5434 673 5496 εἰς
751 5431 920 5500 ὕψος,
990 5428 1416 5500 ήχμαλὼτευσας
1487 5430 1689 5499 αίχμα-

153 5517 365 5573 λωσξαν·
440 5522 623 5588 ἔλαϐες
689 5524 899 5595 δόματα
961 5524 1019 5575 ὲν
1076 5518 1403 5593 ἀνθρώποις.
1448 5539 1465 5571 ι
1511 5520 1689 5571 Αἰνίτ-

1801 3237 1892 3276 ces
1922 3221 2173 3275 laudibus
2208 3220 2517 3288 divinisque
2541 3215 2886 3272 sermonibus
2912 3215 3101 3284 plenas
3130 3214 3379 3268 emitten-

1801 3314 1971 3369 tiuin?
2000 3312 2193 3378 Qualia
2223 3310 2496 3380 seraphim
2525 3308 2667 3379 apud
2692 3306 2890 3361 Isaiam
2938 3305 3175 3359 clamare
3201 3318 3264 3357 ac
3287 3303 3374 3357 di-

1800 3419 1924 3459 cere
1955 3404 2216 3473 scriptum
2240 3408 2325 3457 est
2356 3419 2369 3455 :
2407 3391 2434 3450 .‘
2462 3397 2717 3461 Sanctus,
2745 3404 2992 3459 sanctus,
3017 3403 3241 3449 sanctus
3269 3391 3376 3447 Do-

1800 3497 1982 3550 minus
2009 3492 2266 3555 Sabaoth,
2287 3493 2446 3563 plena
2469 3500 2553 3548 est
2569 3490 2747 3545 omnis
2764 3496 2908 3543 terra
2938 3486 3109 3559 gloria
3135 3485 3254 3555 ejus
3271 3485 3335 3539 ³⁷.
3352 3503 3372 3538 ι

1800 3586 1947 3643 Inter
1998 3588 2113 3642 haec
2159 3587 2329 3641 millia
2369 3593 2423 3640 et
2449 3584 2588 3639 dena
2622 3584 2826 3647 millia,
2879 3596 3001 3651 qua:
3049 3580 3144 3635 Dei
3193 3582 3376 3633 currui

1796 3680 1989 3752 juncta
2019 3686 2179 3740 sunt,
2215 3679 2429 3734 medius
2455 3683 2706 3732 versatur
2736 3676 2854 3745 ipse
2889 3672 3153 3726 Dominus
3173 3712 3187 3735 ,
3219 3672 3375 3740 quasi

1803 3772 2062 3841 aurigans
2093 3785 2155 3823 ac
2184 3767 2412 3839 Spiritui
2442 3780 2752 3836 praeparans
2778 3766 2945 3833 ipsas.
3011 3760 3377 3827 Quamobrem

1802 3864 2171 3933 subjungitur,
2210 3880 2230 3913 ι
2262 3861 2525 3914 Dominus
2570 3859 2623 3911 in
2659 3858 2760 3925 eis.
2797 3875 2815 3908 ι
2869 3855 2973 3920 Qui
3010 3854 3081 3908 sit
3114 3851 3379 3905 Dominus

1802 3952 2035 4008 subinde
2057 3951 2298 4005 declarat
2332 3950 2415 4004 his
2439 3948 2640 4012 verbis,
2679 3964 2698 3998 ι
2736 3946 2794 4000 ln
2830 3943 3002 4007 Sinai,
3038 3944 3091 3996 in
3129 3948 3372 3997 sancto.»

1803 4048 1935 4101 Nam
1964 4048 2097 4117 ipse,
2132 4046 2330 4116 inquit,
2363 4044 2626 4098 Dominus
2652 4036 2734 4097 est
2769 4041 2862 4111 qui
2896 4041 2950 4094 in
2979 4047 3163 4094 monte
3188 4045 3379 4093 sancto

1805 4136 1955 4191 Sinai
1985 4138 2136 4192 visus
2160 4144 2281 4202 est;
2316 4145 2433 4190 erat
2461 4142 2641 4189 autem
2670 4133 2760 4187 ille
2793 4132 2890 4186 Dei
2924 4129 3160 4185 Verbum
3184 4168 3198 4194 ,
3226 4129 3379 4183 visus

1803 4227 2010 4283 scilicet
2039 4228 2107 4281 iis
2136 4227 2231 4297 qui
2282 4227 2384 4281 sub
2411 4241 2577 4279 curru
2624 4224 2717 4277 Dei
2760 4224 2937 4293 juncti
2969 4230 3146 4276 erant.
3198 4218 3379 4285 Quare

1803 4319 2070 4374 Hebraica
2101 4320 2281 4384 lectio,
2324 4333 2434 4372 non
2484 4326 2903 4386 tetragrammo,
2942 4315 3057 4369 sive
3090 4327 3221 4366 voce
3249 4326 3379 4380 qua-

1803 4420 1927 4467 tuor
1949 4414 2251 4467 litterarum
2286 4412 2478 4474 utitur,
2510 4409 2605 4465 sed
2629 4409 2896 4463 elementa
2927 4405 3235 4460 communia
3270 4401 3378 4455 Do-

1803 4504 2008 4557 minum
2038 4518 2345 4557 memorans
2372 4505 2602 4571 usurpat
2629 4500 2685 4552 in
2703 4500 2816 4562 illo,
2850 4495 3142 4549 «Dominus
3162 4494 3214 4545 in
3237 4493 3369 4546 eis.)

1807 4595 1873 4650 Ut
1901 4596 2045 4650 enim
2094 4610 2217 4649 eum
2250 4595 2415 4648 alium
2440 4608 2561 4648 esse
2599 4591 2901 4646 declararet
2943 4587 3010 4641 ab
3039 4602 3124 4647 eo,
3158 4584 3250 4653 qui
3283 4599 3376 4637 su-

1802 4690 1985 4758 perius
2035 4704 2132 4758 per
2179 4703 2376 4742 nomen
2407 4693 2642 4757 quatuor
2673 4684 2976 4738 litterarum
3006 4678 3371 4739 indicabatur,

1802 4780 1933 4843 Deo,
1974 4794 2099 4833 cum
2133 4797 2152 4829 ι
2186 4792 2383 4831 currus
2415 4774 2507 4830 Dei
2545 4794 2563 4825 ›
2598 4774 2894 4838 diceretur,
2924 4769 3208 4825 elementis
3229 4765 3373 4836 apud

1799 4872 2055 4928 Hebraeos
2080 4870 2445 4925 ineﬂ‘abilibus
2471 4883 2602 4922 usus
2648 4875 2767 4931 est;
2801 4877 2945 4917 nunc
2966 4876 3096 4915 vero
3130 4873 3374 4912 commu-

1799 4967 2048 5022 nioribus
2079 4961 2511 5025 characteribus,
2558 4958 2759 5029 quibus
2809 4954 3081 5009 indicatur
3116 4950 3374 5004 dominus

1800 5059 2027 5130 quilibet
2058 5056 2199 5126 apud
2229 5054 2494 5109 homines.
2549 5049 2751 5103 Locum
2788 5048 2915 5101 item
2947 5050 3201 5098 accurate
3232 5039 3375 5094 indi-

1800 5161 1906 5214 cat,
1945 5169 1963 5201 ι
1998 5151 2051 5204 in
2083 5147 2267 5213 Sinai,
2304 5167 2322 5199 ›
2356 5155 2414 5200 ut
2455 5144 2785 5215 signiﬁcaret
2820 5139 3105 5194 Dominum
3140 5137 3194 5190 in
3227 5143 3375 5189 terra

1801 5246 2000 5299 visum.
2070 5241 2273 5297 Deinde
2328 5246 2723 5307 consequenter
2782 5231 3073 5287 admodum
3135 5226 3303 5281 infert
3354 5241 3371 5281 :

1872 5428 2037 5482 Vens.
2069 5424 2159 5478 22.
2223 5440 2242 5471 ει
2282 5416 2589 5474 Ascendisti
2622 5416 2675 5468 in
2705 5414 2894 5474 altum,
2923 5408 3113 5478 cepisti
3147 5404 3373 5475 captivi-

1800 5529 1986 5583 tatem,
2023 5513 2278 5584 acccpisti
2319 5511 2462 5565 dona
2513 5508 2566 5562 in
2608 5504 2939 5560 hominibus.
2980 5519 2997 5549 ι
3039 5499 3373 5552 Descensum

210 5753 477 5816 83Coloss.
514 5779 551 5829 ι,
597 5764 677 5820 l9.
756 5766 800 5801 ³⁸
823 5764 1021 5836 Ephcs.
1059 5781 1119 5832 η,
1171 5765 1255 5820 Μ.
1321 5764 1367 5797 ³⁵
1389 5763 1531 5818 Psal.
1568 5778 1694 5815 mm

1804 5806 1814 5817 .
1894 5760 1937 5792 “
1959 5757 2095 5811 Dan.
2130 5770 2227 5817 ru,
2264 5753 2344 5807 l0.
2424 5752 2464 5781 ³⁷
2493 5748 2594 5805 lsa.
2626 5764 2700 5811 vi,
2734 5747 2786 5801 '5.
