3776 6284
417 363 523 420 703

1089 355 1362 416 EUSEBII
1395 355 1879 413 CIESARIENSIS
1916 355 2068 412 OPP.
2106 354 2289 411 PARS
2326 352 2412 409 Ill.
2453 383 2519 394 -—
2561 350 2970 407 EXEGETICA.
3537 359 3613 412 τοι

418 498 580 555 porro
606 479 728 548 ejus
751 477 1064 534 subindicat
1084 492 1208 531 eum
1237 476 1333 538 ait,
1363 477 1691 532 «ascendisti
1729 496 1741 531 :
1771 497 1789 528 ι
1819 493 1909 546 nec

2122 492 2246 528 σεται
2294 473 2349 527 δὲ
2405 470 2570 526 αὐτοῦ
2603 471 2701 543 τὴν
2741 471 2997 535 κάθοδον,
3037 468 3125 523 διὰ
3166 471 3256 522 τοῦ
3295 471 3479 540 φάναι,
3514 478 3613 529 «ἀν-

414 575 560 629 enim
622 583 954 625 ascensurus
1011 576 1164 632 erat,
1231 568 1338 622 nisi
1393 568 1548 639 prius
1601 567 1996 624 descendisset.

421 681 441 716 ι
461 663 595 718 Nam
635 663 728 732 qui
757 661 1061 725 descendit,
1089 661 1206 730 ipse
1229 668 1315 715 est
1348 671 1400 716 et
1439 661 1532 732 qui
1559 661 1807 716 ascendit
1836 677 2003 732 super

415 771 609 811 omnes
650 755 845 817 coelos,
881 761 942 808 ut
972 752 1225 822 impleret
1270 755 1456 808 omnia
1487 753 1551 806 ³⁸.
1587 771 1606 804 ι
1650 751 1790 819 Quid
1821 761 2001 807 autem

418 848 550 904 fecit
595 862 720 902 cum
757 844 1138 901 ascendisset?
1191 843 1471 914 Captivam
1507 843 1665 900 duxit
1719 845 2002 916 captivita-

417 951 555 1004 tem,
587 948 641 996 et
665 940 877 1010 accepit
903 939 1045 994 dona
1070 938 1125 991 in
1152 937 1486 992 hominibus.
1546 937 1720 1004 Quam
1750 953 1878 992 vero
1911 953 2004 992 ca-

417 1035 721 1104 ptivitatem
743 1033 1013 1102 captivam
1037 1030 1214 1090 duxit.
1243 1031 1345 1084 nisi
1378 1030 1638 1100 praedicta
1672 1031 2004 1102 spolia,quae

417 1127 620 1181 milites
664 1126 749 1180 sui
785 1125 1090 1180 diviserant
1123 1123 1148 1175 ?
1187 1122 1292 1177 Sed
1345 1124 1508 1177 etiam
1550 1124 1816 1194 largiente
1845 1122 2005 1180 Patre

419 1234 521 1274 suo
551 1219 762 1288 accepit
791 1218 934 1272 dona
966 1217 1021 1270 in
1050 1215 1386 1283 hominibus,
1443 1215 1744 1271 secundum
1772 1217 2006 1286 prornis-

420 1309 632 1364 sionem
668 1307 734 1361 ad
776 1307 953 1378 ipsum
1001 1304 1203 1360 factam
1250 1306 1338 1360 his
1389 1307 1574 1362 verbis
1608 1327 1621 1362 :
1660 1327 1678 1358 ι
1715 1306 1938 1362 Postula
1973 1324 2003 1362 a

419 1414 528 1464 me,
581 1404 636 1454 et
680 1398 823 1453 dabo
855 1397 952 1452 tibi
987 1406 1176 1468 gentes
1213 1395 1583 1452 hzereditatem
1611 1405 1762 1451 tuam
1793 1408 1846 1452 et
1881 1413 2005 1468 pos-

420 1490 726 1546 sessionem
753 1495 902 1543 tuam
928 1489 1193 1543 terminos
1222 1497 1401 1544 terrae.
1431 1488 1476 1521 "
1510 1507 1530 1540 ι
1563 1488 1817 1559 Acceptis
1847 1504 1877 1544 a
1904 1488 2006 1544 Pa-

417 1591 506 1638 tre
553 1581 866 1653 hujusmodi
917 1581 1078 1636 donis
1117 1599 1136 1633 ‹
1168 1582 1224 1636 in
1260 1581 1594 1646 hominibus,
1628 1600 1646 1632 ι
1685 1596 1838 1636 suam
1870 1597 2005 1636 con-

421 1675 601 1730 stituit
627 1665 975 1730 Ecclesiam.
1037 1671 1136 1728 His
1184 1673 1480 1744 subjicitur
1523 1691 1537 1728 :
1595 1690 1613 1724 ι
1653 1671 1863 1728 Etenim
1897 1689 2005 1729 non

423 1767 710 1823 credentes
751 1765 1102 1834 inhabitare;
1142 1785 1161 1818 ι
1210 1765 1355 1836 quod
1382 1765 1588 1821 clarius
1614 1766 2004 1836 interpretatus

2102 564 2235 636 έϐης
2254 579 2268 594 °
2301 583 2320 617 ι
2357 565 2418 617 οὐ
2449 562 2558 634 γὰρ
2587 561 2652 616 ἂν
2679 561 2854 625 ἄλλως
2889 561 3078 631 ἀνέϐη,
3105 561 3152 612 εί
3186 560 3258 632 μὴ
3287 562 3524 634 πρότερον
3546 583 3616 619 κα.

2098 655 2443 727 ταϐεϐήκει.‹
2467 655 2524 708 Ὀ
2540 655 2646 728 γάρ
2683 653 2947 718 καταϐὰς,
2975 653 3132 718 αὐτός
3163 656 3276 707 ἐστι
3307 657 3396 710 καὶ
3419 659 3444 709 ό
3461 658 3617 724 ἀναϐὰς

2101 749 2356 820 ὑπεράνω
2385 748 2601 801 πάντων
2621 747 2730 800 τῶν
2757 747 3022 818 οὐρανῶν,
3051 747 3136 801 ἵνα
3168 745 3422 818 πληρώσῃ
3446 749 3503 801 τά
3525 755 3620 804 πῶμ-

2100 857 2188 894 τα.
2221 860 2239 892 ι
2261 840 2493 904 Ἀναϐὰς
2526 839 2584 892 δὲ
2613 839 2665 893 τί
2697 840 2961 911 ἔπραξεν;
3000 839 3442 911 ᾘχμαλώτευσεν
3472 844 3622 912 dilua-

2100 931 2322 998 λωσίαν,
2359 933 2453 986 καὶ
2503 931 2660 985 ἔλαϐε
2705 931 2912 1003 δόματα
2957 932 3014 984 ἐν
3060 931 3384 1003 ἀνθρώποις.
3422 933 3620 989 Ποίανδὲ

2102 1025 2478 1097 αἰχμαλωσίαν
2501 1023 2920 1097 ᾐχμαλώτευσεν
2945 1025 2976 1096 ἢ
3003 1025 3071 1078 τὰ
3097 1024 3455 1097 προλεχθέντα
3477 1027 3622 1090 σκῦλα,

2101 1117 2137 1171 ὃ.
2163 1117 2498 1189 διενείμαντο
2527 1119 2575 1170 οἱ
2611 1116 2775 1170 αὐτοῦ
2807 1117 3170 1189 στρατιῶται;
3216 1117 3376 1170 Ἀλλὰ
3406 1118 3488 1172 καὶ
3509 1117 3626 1173 ἔλαϐε

2101 1210 2311 1280 δόματα
2339 1213 2396 1263 ὲν
2421 1209 2750 1281 ἀνθρώποις,
2767 1209 2859 1264 τοῦ
2890 1211 3102 1282 Πατρὸς
3123 1210 3273 1282 αὐτῷ
3289 1210 3625 1282 δεδωρημένου,

2103 1304 2224 1358 καθ’
2253 1306 2317 1374 ἥν
2347 1301 2680 1375 ἐπήγγελται
2723 1303 2860 1374 πρὸς
2889 1302 3051 1356 αὐτὸν
3091 1302 3440 1371 ἐπαγγελίαν,
3467 1305 3627 1373 φήσαςέ

2109 1409 2129 1444 t
2159 1391 2389 1463 Αἴτησαι
2420 1394 2551 1464 παρ’
2569 1391 2728 1461 ἐμοῦ,
2752 1393 2845 1446 καλ⁵
2869 1392 3023 1447 δώσω
3049 1410 3128 1446 σοι
3163 1392 3291 1464 ἔθνη
3317 1393 3411 1461 τὴν
3437 1393 3632 1465 κληρονο-

2107 1485 2236 1555 μίαν
2263 1501 2354 1538 σου
2375 1485 2468 1537 καὶ
2491 1485 2591 1556 τὴν
2616 1485 2942 1555 κατάσχεσίν
2968 1502 3059 1538 σου
3080 1485 3148 1538 τά
3171 1485 3383 1556 πέρατα
3404 1485 3494 1554 τῆς
3511 1487 3626 1556 τῆς.ι

2105 1577 2290 1631 Ταῦτα
2309 1577 2365 1631 δὲ
2379 1577 2446 1630 τὰ
2473 1577 2680 1649 δόματα
2701 1598 2719 1630 ι
2745 1579 2802 1631 ὲν
2825 1577 3130 1650 ἀνθρώποις
3153 1599 3172 1629 ι
3201 1577 3449 1650 παράτοῦ
3470 1578 3630 1651 ﬂaret;

2107 1669 2307 1734 λαϐὼν,
2347 1673 2712 1742 συνεστήσατο
2750 1671 2850 1742 τὴν
2890 1670 3214 1741 Ἐκκλησίαν
3259 1671 3441 1724 αὐτοῦ.
3465 1672 3633 1735 Τούτοις

2107 1761 2232 1832 ἑξῆς
2276 1763 2518 1834 εἴρηται·
2561 1781 2578 1813 t
2611 1763 2720 1815 Καὶ
2763 1762 2872 1834 γάρ
2900 1761 3253 1826 ἀπειθοῦντες
3293 1763 3385 1815 τοῦ
3413 1781 3636 1835 κατασληο

424 1857 788 1930 Symmachus
819 1865 922 1923 est,
977 1876 995 1909 ι
1033 1857 1223 1916 Adhuc
1252 1865 1305 1914 et
1329 1859 1384 1913 in
1411 1873 1518 1912 non
1544 1859 1894 1915 credentibus

2144 1853 2307 1905 ὦσαι·
2341 1872 2359 1904 ι
2393 1854 2530 1924 ὅπερ
2559 1853 2890 1926 σαφέστερον
2927 1853 3206 1907 ἀπέδωκεν
3227 1857 3256 1908 6
3293 1853 3561 1925 Σύμμαχος
3585 1858 3635 1906 εἰ·

424 1950 692 2005 habitare.
741 1969 760 2002 ι
807 1949 944 2004 Nam
977 1957 1033 2005 et
1067 1949 1224 2014 illud,
1259 1951 1460 2020 inquit,
1517 1964 1546 2003 a
1575 1947 1736 2004 Patre
1772 1952 2002 2021 accepit,

422 2050 483 2095 ut
512 2042 847 2098 inhabitaret
881 2043 938 2097 in
965 2043 1047 2098 eis
1086 2047 1181 2114 qui
1213 2042 1343 2096 olim
1374 2057 1484 2097 non
1527 2042 1875 2097 crediderant
1895 2083 1909 2107 ,
1952 2053 2007 2097 et

423 2135 609 2206 pietati
637 2135 692 2190 in
719 2134 890 2190 Deum
924 2135 1394 2191 contradixerant.
1449 2134 1583 2189 Nam
1618 2136 1759 2190 hanc
1791 2149 2008 2206 quoque

424 2233 748 2297 potestatem
777 2228 1010 2297 accepit,
1039 2233 1101 2280 ut
1130 2227 1186 2280 in
1206 2226 1387 2280 medio
1411 2241 1520 2279 non
1557 2225 1895 2280 credentium
1923 2226 2009 2279 in-

425 2322 718 2387 habitaret,
765 2328 931 2391 atque
962 2336 1028 2376 ex
1057 2321 1192 2390 ipsis
1224 2336 1335 2375 non
1365 2319 1714 2374 credentibus
1745 2319 1887 2373 dona
1918 2333 2010 2373 ac-

423 2416 649 2484 ciperet.
681 2413 978 2483 Postquam
1009 2421 1190 2469 autem
1223 2425 1303 2469 tot
1327 2423 1594 2484 prmcepta
1624 2420 1748 2482 post
1774 2412 2010 2484 prophe-

425 2508 555 2561 tiam
607 2507 734 2562 data
784 2515 933 2571 sunt,
969 2507 1232 2579 deinceps
1278 2506 1519 2578 Spiritus
1568 2515 1816 2571 sanctus,
1849 2507 2009 2577 quasi

422 2598 704 2670 praeclaris
734 2598 1187 2670 mirabilibusque
1221 2599 1390 2670 gestis
1426 2599 1706 2670 operibus,
1736 2605 1816 2652 tot
1839 2599 2009 2654 bono-

424 2707 546 2746 rum
576 2690 822 2761 largitori
853 2691 1128 2746 benedicit
1151 2690 1238 2747 his
1263 2691 1442 2747 verbis
1476 2709 1488 2744 :
1533 2710 1550 2741 ι
1572 2689 1836 2745 Dominus
1869 2688 2010 2744 Deus

422 2783 769 2850 benedictus,
824 2781 1147 2839 benedictus
1195 2781 1461 2839 Dominus
1516 2780 1780 2852 quotidie.
1817 2800 1837 2835 ι
1891 2779 2011 2834 Non

425 2876 566 2930 ultra
615 2875 782 2942 enim,
825 2875 1023 2946 inquit,
1058 2874 1311 2930 homines
1366 2874 1634 2946 malignos
1668 2874 1894 2944 spiritus
1925 2887 2011 2927 er-

423 2982 551 3022 rore
582 2968 733 3021 ducti
759 2970 969 3031 colunt,
1003 2967 1099 3022 sed
1134 2967 1366 3038 singulis
1393 2967 1586 3022 diebus
1611 2973 1664 3021 et
1697 2966 1847 3020 horis
1873 2980 2012 3035 prac-

423 3059 632 3114 dictum
669 3059 960 3113 Dominum
1013 3059 1370 3114 benedicunt.
1436 3059 1556 3130 Ipse
1584 3073 1714 3114 vero
1745 3056 2012 3112 Dominus

430 3171 449 3204 ι
483 3168 802 3222 prosperum
833 3153 938 3208 iter
960 3151 1122 3207 faciet
1151 3153 1329 3214 nobis.
1355 3173 1373 3205 ι
1415 3167 1540 3207 cum
1563 3153 1680 3222 ipse
1703 3152 1775 3207 sit
1810 3170 1828 3203 ‹
1867 3149 2012 3206 Deus

425 3245 751 3300 salutarium
782 3254 1152 3300 nostrorum.)
1189 3244 1316 3299 Haec
1348 3261 1476 3300 vero
1505 3262 1571 3301 ex
1598 3260 1829 3316 persona
1857 3245 2014 3299 chori
2041 3229 2082 3284 ο

426 3337 799 3406 apostolorum
834 3335 1075 3405 Spiritus
1101 3345 1327 3392 sanctus
1355 3337 1630 3406 loquitur,
1669 3344 1728 3390 ut
1760 3335 1828 3390 ab
1858 3335 2015 3390 initio

428 3428 700 3481 sermonis
732 3427 1158 3484 deelaravimus.
1188 3429 1456 3495 Quoniam
1488 3429 1657 3499 igitur
1688 3441 2015 3499 prosperum

428 3519 531 3573 iter
563 3534 593 3573 a
623 3517 735 3574 Deo
764 3521 841 3574 illi
872 3521 1260 3590 precabantur,
1293 3531 1349 3575 ut
1375 3537 1498 3576 eum
1529 3522 1762 3585 adirent,
1797 3521 1874 3575 uti
1899 3521 2012 3590 jam

429 3619 590 3666 antea
623 3611 833 3667 dictum
857 3620 964 3677 est,
1005 3613 1318 3670 necessario
1354 3613 1546 3668 dicunt
1578 3631 1594 3666 :
1635 3634 1654 3666 ι
1687 3612 2014 3668 Benedictus

427 3702 691 3758 Dominus
721 3703 987 3775 quotidie,
1021 3721 1342 3777 prosperum
1376 3707 1479 3761 iter
1504 3705 1664 3761 faciet
1687 3706 1844 3761 nobis
1870 3703 2014 3761 Deus

429 3795 752 3851 salutarium
785 3805 1121 3852 nostrorum.
1162 3819 1182 3852 ›
1249 3796 1358 3854 Pro
1384 3799 1479 3854 illo
1508 3807 1712 3865 autem,
1753 3819 1771 3851 ι
1807 3799 2015 3856 saluta-

427 3886 570 3941 rium
597 3895 970 3951 nostrornm,»
1013 3889 1376 3961 Symmachus
1414 3909 1432 3942 ι
1460 3889 1760 3946 Salvatoris
1790 3892 1962 3946 nostri
1987 3911 2004 3944 ι

430 3978 819 4049 interpretatus
843 3989 928 4036 est
947 3999 962 4049 ;
996 3997 1095 4052 pro
1116 3997 1225 4051 quo
1246 3998 1467 4038 rursum
1481 3981 1810 4038 Hebraicum
1829 3999 2014 4039 exem-

431 4069 572 4139 plar,
610 4069 911 4126 Salvatoris
943 4073 1116 4128 nostri
1139 4072 1270 4128 Jesu
1301 4089 1502 4130 nomen
1540 4074 2010 4130 commemoravit.

435 4180 456 4213 ι
482 4161 626 4217 Deus
662 4173 872 4230 noster,
891 4163 1037 4220 Deus
1074 4165 1254 4220 salvos
1284 4164 1541 4231 faciendi,
1574 4175 1628 4222 et
1657 4164 1874 4221 Domini
1905 4165 2014 4220 Do-

430 4254 566 4308 mini
597 4255 778 4311 exitus
802 4257 1014 4312 mortis.
1058 4276 1078 4310 ι
1111 4256 1236 4311 Haec
1268 4273 1486 4312 rursum
1516 4272 1584 4311 ex
1613 4272 1850 4327 persona
1884 4273 2014 4328 apo-

430 4346 699 4402 stolorum
743 4347 1060 4417 prophetice
1090 4347 1234 4403 dicta
1267 4357 1414 4403 sunt.
1466 4346 1605 4414 Quia
1636 4348 1782 4403 enim
1813 4349 1880 4404 de
1905 4348 2015 4404 Deo

429 4440 584 4511 prius
611 4442 778 4496 locuti
809 4447 957 4506 sunt,
976 4451 1380 4512 consequenter
1411 4444 1464 4498 in
1495 4443 1749 4515 praesenti
1781 4443 1972 4497 dicunt
1999 4463 2011 4497 :

433 4550 454 4583 ‹
493 4531 636 4589 Deus
670 4541 878 4594 noster.
909 4534 1050 4589 Deus
1082 4535 1266 4590 salvos
1297 4535 1554 4604 faciendi,
1583 4545 1636 4592 et
1663 4535 1877 4591 Domini
1908 4535 2015 4592 Do-

2107 1945 2257 1999 πών·
2292 1946 2444 2000 «Ἔτι
2487 1948 2582 2000 καὶ
2627 1948 2686 1999 ὲν
2733 1945 3020 2000 ἀπειθοῦσι
3063 1947 3637 2019 κατασκηνῶσαι.ιΚεὶ

2105 2041 2264 2096 τοῦτο
2296 2041 2425 2114 γὰρ,
2461 2043 2614 2114 φησὶ,
2645 2041 2796 2114 παρά
2821 2041 2913 2094 τοῦ
2945 2041 3159 2115 Πατρὸς
3193 2041 3378 2106 ἔλαϐε,
3418 2041 3473 2095 τὸ
3514 2059 3638 2095 κατα-

2111 2135 2386 2207 σκηνῶσαι
2412 2137 2468 2189 ἐν
2490 2125 2604 2200 τοῖς
2635 2135 2802 2189 πάλαι
2827 2134 3113 2189 ἀπειθοῦσι
3139 2136 3233 2190 καὶ
3268 2135 3638 2207 ἀντιλέγουσιτῇ

2107 2231 2200 2286 τοῦ
2228 2231 2362 2285 Θεοῦ
2392 2231 2663 2303 εὐσεϐείᾳ.
2691 2231 2804 2284 Καὶ⁵
2835 2229 3039 2300 ταύτην
3063 2231 3170 2302 γάρ
3205 2227 3399 2302 εἴληφε
3429 2230 3516 2300 τὴν
3537 2228 3641 2292 ἐξον-

2111 2326 2252 2389 σίαν,
2284 2322 2424 2376 ὥστε
2458 2325 2515 2376 ὲν
2550 2323 2700 2394 μέσῳ
2739 2323 2848 2376 τῶν
2893 2321 3262 2376 ἀπειθούντων
3296 2320 3639 2391 κατασκηνοῦν,

2109 2419 2169 2484 ἐξ
2201 2417 2378 2472 αὐτῶν
2424 2433 2483 2470 τε
2529 2415 2638 2470 τῶν
2683 2414 3050 2469 ἀπειθούντων
3078 2412 3379 2485 λαμϐάνειν
3407 2413 3561 2483 ἑαυτῷ
3581 2413 3622 2464 86

2113 2527 2276 2581 ματα.
2309 2507 2589 2561 Τοσούτων
2641 2507 2704 2579 δὴ
2760 2506 3101 2578 μαθημάτων
3153 2504 3551 2578 παραδοθέντων
3583 2504 3644 2556 διὰ

2108 2603 2208 2674 τῆς
2233 2601 2590 2673 προφητείας,
2613 2599 2738 2671 ἑξῆς
2759 2600 2820 2652 τὸ
2841 2598 3068 2670 Πνεῦμα
3092 2597 3153 2651 τὸ
3177 2598 3359 2668 ἆγιον,
3384 2598 3455 2660 ώς
3479 2598 3556 2649 ἐπὶ
3578 2613 3644 2666 με·

2111 2694 2294 2764 γάλοις
2328 2693 2422 2747 καὶ
2452 2692 2775 2764 παραδόξοις
2807 2690 3246 2762 κατορθώμασιν,
3272 2690 3481 2758 εὐλογεῖ
3499 2689 3572 2741 τὸν
3589 2705 3645 2740 τοι

2113 2786 2315 2840 σούτων
2346 2785 2568 2856 ἀγαθῶν
2595 2785 2796 2856 δοτῆρα
2828 2785 3035 2852 φάσκον
3058 2800 3071 2814 ·
3107 2802 3125 2834 ι
3152 2782 3363 2855 Κύριος
3397 2784 3424 2836 ὁ
3454 2781 3564 2844 Θεὸς
3584 2780 3645 2831 εἰ-

2110 2880 2356 2951 λογητὸς,
2403 2879 2694 2950 εὐλογητὸς
2735 2877 2941 2950 Κύριος
2985 2876 3199 2950 ἡμέραν
3243 2876 3370 2930 καθ’
3413 2875 3641 2947 ἡμέραν.»

2113 2972 2308 3026 Οὐκέτι
2342 2972 2471 3044 γὰρ,
2506 2973 2691 3043 φησὶν,
2727 2971 3002 3043 ἄνθρωποι
3031 2970 3292 3041 δαίμονας
3323 2969 3569 3040 πονηροὺς
3586 2984 3649 3018 πε·

2112 3062 2286 3134 πλανη
2297 3064 2472 3135 μένως
2497 3063 2830 3131 δοξάζουσιν,
2857 3063 2974 3117 ἀλλ’
3000 3064 3088 3134 ἐφ’
3107 3063 3350 3137 ἑκάστης
3378 3064 3564 3135 ἡμέρας
3582 3062 3648 3114 καὶ

2115 3154 2234 3208 καθ’
2261 3155 2498 3228 ἑκάστην
2536 3156 2686 3227 ὤραν
2733 3156 2827 3209 τὸν
2872 3153 3288 3227 προδηλωθέντα
3319 3155 3512 3226 Κύριον
3534 3151 3647 3204 εὐλο-

2114 3246 2321 3316 γοῦσιν.
2340 3248 2396 3302 Ὀ
2421 3249 2477 3302 δὲ
2511 3249 2674 3312 αὐτὸς
2699 3249 2902 3320 Κύριος
2936 3266 2953 3298 t
2985 3245 3352 3300 κατευοδώσει
3379 3248 3520 3316 ἡμῖν,
3540 3264 3555 3295 ι
3580 3245 3650 3296 αὖ·

2116 3341 2207 3404 τὸς
2233 3339 2308 3394 ὢν
2337 3361 2355 3392 ι
2383 3343 2411 3396 6
2428 3340 2561 3404 Θεὸς
2580 3339 2686 3394 τῶν
2712 3335 2994 3412 σωτηριῶν
3023 3338 3202 3412 ἡμῶν.
3223 3359 3242 3390 ι
3262 3340 3432 3408 Λέγει
3450 3339 3500 3390 δὲ
3523 3335 3651 3389 ταῦτα

2113 3431 2175 3484 τὸ
2200 3432 2425 3504 Πνεῦμα
2457 3433 2519 3485 τὸ
2551 3432 2703 3502 ἆγιον
2728 3432 2792 3484 ἐκ
2817 3430 3110 3503 προσώπου
3138 3431 3230 3484 τοῦ
3253 3429 3422 3503 χοροῦ
3443 3429 3539 3482 τῶν
3556 3429 3653 3480 ἀπο-

2117 3525 2337 3590 στόλων,
2385 3527 2575 3596 ὦσπερ
2606 3521 2702 3578 οῦν
2760 3525 2852 3579 καὶ
2882 3522 3288 3595 ἀρχόμενοιτοῦ
3343 3523 3493 3593 λόγου
3552 3536 3653 3589 παρ·

2114 3620 2446 3690 εστήσαμεν.
2499 3619 2652 3673 Ἐπεὶ
2693 3619 2871 3672 τοίνυν
2912 3621 3012 3690 τῆς
3047 3621 3110 3673 ὲκ
3125 3618 3217 3671 τοῦ
3233 3617 3376 3671 Θεοῦ
3407 3613 3655 3672 κατευοὸὠ-

2117 3727 2252 3774 σεως
2282 3711 2489 3766 ἐδέοντο
2518 3707 2685 3778 οῦτοι,
2714 3714 2794 3776 εἰς
2829 3711 2890 3764 τὸ
2918 3712 3235 3783 ὁδοποιῆσαι
3266 3709 3439 3782 αὐτῷ,
3469 3708 3589 3762 κατὰ
3607 3706 3654 3758 τὰ

2111 3801 2422 3875 ἔμπροσθεν
2447 3803 2727 3875 εἰρημένα,
2763 3802 3076 3873 ἀναγκαίως
3126 3802 3311 3871 φασίνο
3354 3822 3372 3853 ι
3401 3795 3654 3869 Εὐλογητὸς

2114 3895 2318 3968 Κύριος
2371 3896 2585 3970 ἡμέραν
2636 3894 2756 3951 καθ’
2791 3895 3040 3968 ἡμέραν,
3087 3894 3450 3948 κατευοδώσει
3493 3895 3600 3962 ἡμῖν
3635 3890 3655 3938 ὁ

2113 3989 2244 4054 Θεὸς
2286 3989 2395 4044 τῶν
2438 3989 2718 4062 σωτηριῶν
2754 3987 2932 4061 ἡμῶν.
2963 4007 2982 4041 ι
3005 3989 3150 4042 Ἀντὶ
3175 3988 3231 4041 δὲ
3263 3987 3386 4052 τοῦ,
3416 4007 3434 4038 ί
3459 3986 3555 4039 τῶν
3579 4000 3656 4036 σω-

2112 4081 2315 4153 τηριῶν
2343 4079 2522 4153 ἡμῶν,
2556 4099 2575 4134 ι
2605 4081 2633 4134 6
2661 4079 2979 4150 Σύμμαχος,
3019 4096 3038 4129 t
3064 4078 3160 4131 τοῦ
3187 4077 3445 4148 Σωτῆρος
3467 4072 3617 4146 ἡμῶν,
3641 4089 3653 4120 ι

2113 4174 2459 4244 ἡρμήνευσεν
2478 4189 2492 4204 ·
2527 4171 2645 4226 ἀνθ’
2671 4167 2732 4227 οῦ
2761 4171 2821 4246 τὸ
2868 4171 3155 4244 Ἐϐραῖκὸν
3186 4171 3348 4225 πάλιν
3379 4167 3473 4224 τοῦ
3505 4164 3658 4234 ὀνόμα-

2112 4281 2204 4328 τος
2241 4263 2335 4317 τοῦ
2370 4264 2622 4336 Σωτῆρος
2667 4263 2823 4334 ἡμῶν
2861 4262 3037 4334 Ἰησοῦ
3093 4262 3384 4334 μέμνηται.
3429 4281 3446 4312 ι
3473 4260 3524 4312 '0
3561 4254 3658 4316 Θεὸς

2116 4354 2294 4426 ἡμῶν,
2337 4356 2366 4409 6
2394 4354 2527 4418 Θεὸς
2575 4353 2671 4408 τοῦ
2707 4353 2920 4420 σώζειν,
2951 4354 3047 4408 καὶ
3081 4352 3176 4406 τοῦ
3233 4353 3442 4424 Κυρίου
3495 4345 3656 4418 Κυρίου

2117 4449 2173 4502 αἱ
2216 4447 2437 4513 διέξοδοι
2479 4447 2572 4502 τοῦ
2619 4447 2871 4504 θανάτου.
2909 4468 2926 4500 ι
2971 4447 3139 4500 Πάλιν
3181 4448 3245 4500 ἐκ
3279 4443 3557 4516 προσώπου
3579 4438 3658 4492 τῶν

2119 4539 2430 4595 ἀποστόλων
2452 4538 2804 4610 προφητικῶς
2823 4539 2917 4592 καὶ
2941 4537 3111 4590 ταῦτα
3137 4535 3406 4589 λέλεκται.
3427 4533 3565 4587 Ἐπεὶ
3579 4527 3657 4597 γὰρ

428 4623 564 4677 Inini
589 4623 770 4678 exitus
799 4626 1020 4687 mortis;
1046 4644 1064 4676 ι
1100 4625 1216 4681 sive
1245 4627 1544 4681 secundum
1571 4625 1919 4697 Symmachui

2165 4632 2476 4704 ίεολόγησαν
2497 4601 2754 4684 ¹διά-τών
2788 4601 3122 4702 ἔμπροσθεν,
3157 4625 3466 4689 ἀκολούθως
3493 4624 3574 4677 καὶ
3593 4619 3656 4672 διὰ

433 4739 452 4770 ι
494 4720 638 4776 Deus
675 4723 854 4785 nobis,
880 4721 1023 4777 Deus
1057 4723 1112 4776 in
1143 4723 1398 4788 salutem,
1431 4730 1486 4778 et
1519 4721 1734 4776 Domini
1758 4723 2008 4778 domina-

427 4815 567 4869 toris
590 4817 770 4870 exitus
801 4817 852 4870 in
880 4825 1132 4872 mortem.
1171 4836 1189 4869 ι
1227 4815 1362 4870 Nam
1395 4832 1518 4871 cum
1553 4815 1641 4870 hic
1670 4816 1822 4872 solus
1866 4815 2009 4874 Deus

429 4909 522 4972 sit,
560 4909 608 4963 is
639 4924 772 4963 sane
807 4911 990 4966 exitus
1035 4911 1242 4966 invenit
1281 4912 1437 4982 queis
1465 4926 1495 4963 a
1523 4917 1699 4965 morte
1731 4912 2005 4967 evaderet.

429 5000 880 5071 Quandoquidem
926 5001 1106 5057 omnis
1139 5003 1304 5057 homo
1337 5003 1403 5056 ad
1446 5001 1753 5072 ingressum
1789 5006 2011 5075 quidem

428 5093 622 5147 mortis
648 5093 915 5164 pervenit,
946 5092 1190 5147 nondum
1224 5101 1407 5148 tamen
1439 5095 1508 5149 ab
1533 5111 1600 5150 eo
1636 5097 1786 5151 exire
1811 5098 2007 5178 potuit.

428 5183 694 5242 Dominus
735 5195 919 5240 autem
954 5185 1044 5240 hic
1072 5193 1428 5252 memoratus,
1459 5189 1550 5257 qui
1577 5187 1690 5256 jam
1713 5191 2013 5244 communi-

429 5274 535 5331 bus
563 5278 848 5333 elementis
879 5277 935 5331 in
963 5276 1233 5332 Hebraieo
1265 5279 1404 5333 libro
1433 5279 1713 5344 scribitur,
1745 5296 1870 5335 cum
1917 5297 2013 5336 ex-

433 5368 542 5424 itus
571 5385 601 5424 a
631 5380 805 5427 morte
833 5370 1128 5441 aperuerit,
1151 5369 1293 5426 Deus
1319 5373 1480 5426 saluti
1504 5373 1850 5442 cognominis
1883 5373 2014 5428 eﬂ'e-

431 5465 554 5514 ctus
585 5467 685 5514 est.
730 5459 1094 5527 Quamobrem
1124 5460 1323 5515 dicitur
1352 5481 1366 5518 :
1408 5481 1426 5514 ι
1459 5462 1602 5519 Deus
1628 5471 1836 5528 noster,
1868 5463 2012 5520 Deus

433 5549 617 5604 salvos
653 5549 909 5606 faciendi.
951 5571 970 5605 ι
1011 5551 1195 5620 Quare
1240 5553 1332 5610 hic
1365 5553 1482 5623 ipse
1529 5553 1669 5610 Jobo
1701 5556 2012 5614 vaticinans

433 5642 691 5698 dicebat:
730 5663 748 5695 ι
781 5642 997 5700 Venisti
1037 5653 1218 5702 autem
1266 5644 1322 5701 in
1357 5646 1560 5703 fontem
1616 5650 1807 5718 maris,
1843 5661 1898 5708 et
1955 5652 2010 5707 in

512 5825 558 5856 ³⁸
587 5823 764 5890 Ερὴιέ
816 5840 888 5889 tv,
935 5825 1018 5878 ιο.
1100 5827 1142 5859 ³³
1169 5825 1313 5884 Psal.
1353 5845 1414 5892 ιι,
1450 5830 1502 5883 8.

2115 4724 2224 4777 τῶν
2271 4724 2408 4796 μετὰ
2447 4724 2633 4795 χεῖράς
2659 4741 2822 4793 φασιν
2841 4740 2855 4752 ·
2897 4741 2915 4773 ‹
2939 4723 2996 4775 '0
3027 4721 3158 4783 Θεὸς
3186 4717 3363 4790 ἡμῶν,
3394 4720 3424 4772 6
3450 4715 3569 4776 Θεὸς
3589 4709 3657 4763 τοῦ

2118 4816 2333 4884 σώζειν,
2367 4817 2580 4871 καὶτοῦ
2610 4817 2815 4886 Κυρίου
2850 4815 3058 4886 Κυρίου
3090 4816 3144 4867 αἱ
3177 4812 3400 4878 διέξοδοι
3424 4809 3513 4862 τοῦ
3541 4805 3660 4860 θανά-

2116 4925 2241 4961 τουο
2268 4928 2287 4958 ι
2314 4907 2348 4978 ἢ
2375 4907 2513 4961 κατά
2545 4907 2638 4960 τὸν
2667 4906 2966 4978 Σύμμαχον
2987 4921 3000 4934 ·
3041 4925 3060 4956 ι
3083 4905 3140 4959 '0
3164 4905 3294 4969 Θεὸς
3315 4906 3443 4976 ἡμῖν
3467 4900 3583 4961 Θεὸς
3601 4899 3658 4957 εἰς

2123 5001 2418 5071 σωτηρίαν,
2453 5001 2545 5053 καὶ
2571 4999 2664 5053 τοῦ
2690 5000 2896 5070 Κυρίου
2934 4998 3028 5051 τοῦ
3061 4998 3320 5052 δεσπότου
3357 4998 3412 5049 αἱ
3443 4996 3516 5057 είς
3535 4989 3658 5043 θάνα-

2117 5110 2210 5146 τον
2242 5091 2430 5157 ἔξοδοι.
2463 5112 2482 5144 ι
2515 5092 2688 5156 Μόνος
2723 5091 2830 5164 γὰρ
2879 5087 3032 5155 οὗτος
3077 5091 3208 5154 Θεὸς
3252 5089 3327 5143 ὣν
3372 5086 3461 5142 τοῦ
3504 5080 3658 5145 σώζειν

2119 5184 2331 5251 ἐξόδους
2351 5185 2540 5254 εὐρετο
2559 5185 2651 5239 τοῦ
2675 5185 2928 5240 θανάτου.
2946 5183 3168 5256 Ἐπειδὴ
3193 5183 3300 5246 πᾶς
3321 5181 3582 5254 ἄνθρωπος
3599 5172 3656 5229 εἷς

2124 5280 2221 5350 μὲν
2255 5280 2355 5351 τὴν
2385 5278 2586 5332 εἴσοδον
2618 5277 2712 5331 τοῦ
2747 5276 2976 5332 θανάτου
3013 5277 3267 5347 ἔφθασεν,
3296 5275 3471 5327 οὐκέτι
3510 5269 3560 5321 δὲ
3587 5262 3655 5318 καὶ

2118 5372 2408 5440 διεξελθεῖν
2453 5372 2614 5426 αὐτὸν
2662 5371 3040 5441 δεδύνηται.⁰0
3071 5369 3127 5422 δὲ
3154 5369 3242 5422 διὰ
3283 5366 3392 5420 τῶν
3418 5360 3655 5431 παρόντων

2117 5463 2446 5536 δηλούμενος
2466 5463 2693 5536 Κύριος,
2720 5463 2814 5517 καὶ
2847 5461 2943 5516 νῦν
2966 5461 3056 5514 διὰ
3074 5460 3183 5514 τῶν
3212 5456 3404 5513 κοινῶν
3425 5446 3653 5520 στοιχείων

2119 5560 2178 5611 ὲν
2208 5556 2570 5629 τῇ.Ἐ6ραῖκῇ
2599 5554 2765 5626 βίϐλῳ
2783 5555 3151 5627 γραξόμενος,
3177 5549 3437 5614 διεξόδους
3464 5536 3648 5629 statusi-

2123 5628 2281 5721 μενος
2309 5648 2403 5703 τοῦ
2437 5648 2690 5712 θανάτου,
2717 5647 2907 5718 γέγονε
2941 5645 3072 5708 Θεὸς
3101 5641 3386 5712 ἐπώνυμος
3406 5628 3645 5703 σωτηρίαὲ
