3776 6284
130 337 217 395 705

1205 320 1713 377 COMMENTARIA
1752 319 1826 376 IN
1865 319 2206 378 PSALMOS.

3235 326 3337 384 706

127 450 201 508 Διὸ
230 447 477 502 λέλεκταν
511 460 528 492 ι
552 441 609 495 '0
657 440 791 505 Θεὸς
840 440 1017 513 ἡμῶν,
1046 443 1075 494 6
1105 440 1237 505 Θεὸς
1268 440 1361 494 τοῦ
1393 440 1605 505 σώζειν.

1845 440 2008 512 stigiis
2059 439 2243 511 abyssi
2294 437 2608 495 ambulasti.
2659 439 2995 511 Aperiantur
3032 452 3209 497 autem
3238 442 3336 498 tibi

128 542 200 599 Διὸ
226 539 301 593 καῖ
334 534 404 606 τῷ
446 532 562 587 Ἰὼϐ
605 534 634 586 6
666 532 827 597 αὐτὸς
860 528 1017 597 οὗτος
1050 532 1403 604 χρηματίζων
1433 531 1617 602 ἔλεγεν
1640 547 1657 565 ο

132 632 321 693 (Ἦλθες
343 629 394 680 δὲ
423 628 516 680 ἐπὶ
544 628 725 698 πηγὴν
761 626 1062 697 θαλάσσης·
1088 627 1145 679 ὲν
1173 625 1229 678 δὲ
1263 625 1464 695 ἴχνεσιν
1493 626 1659 679 ἀϐύσ-

130 742 203 780 σου
241 718 998 792 περιεπάτησας.Ἀνοίγονται
1048 717 1107 771 δέ
1157 734 1240 770 σοι
1291 717 1440 788 φόϐῳ
1494 718 1659 771 πύλαι

128 816 336 870 θανάτου.
389 810 638 882 Πυλωροὶ
686 810 743 863 δὲ
797 810 925 882 ᾅδου
983 810 1181 872 ἰδόντες
1237 826 1294 862 σε
1339 808 1595 881 ἔπτηξαν.
1634 829 1654 861 ι

126 905 383 980 Διαῤῥήδην
411 904 505 956 καὶ
534 903 592 956 ὲν
616 903 845 966 ἐκείνοις
874 902 971 973 τὴν
1008 904 1087 965 εἰς
1117 901 1206 956 τὸν
1237 902 1465 955 θάνατον
1495 901 1658 956 αὐτοῦ

126 999 310 1056 κάθοδον
350 996 439 1049 καὶ
486 995 584 1066 τὴν
639 995 849 1048 ἐκεῖθεν
898 993 1130 1059 διέξοδον
1156 994 1447 1065 παριστὰς,
1473 993 1661 1065 ὥσπερ

125 1089 199 1146 οὖν
221 1089 301 1143 καὶ
329 1091 382 1142 ἐν
406 1090 518 1149 τοῖς
542 1086 945 1159 προκειμένοις,
976 1083 1057 1149 οἷς
1095 1084 1403 1149 ἀκολούθως
1431 1087 1531 1156 τὴν
1554 1085 1662 1139 τῶν

127 1181 297 1253 ἐχθρῶν
338 1176 498 1231 αὐτοῦ
543 1176 833 1248 συντριϐηην
866 1176 1107 1229 διδάσκει
1149 1175 1355 1243 λέγων·
1405 1193 1423 1225 ι
1455 1175 1603 1246 Πλὴν
1634 1177 1662 1228 ὁ

125 1272 231 1336 θεὸς
261 1267 527 1323 συνθλάσει
564 1267 807 1337 κεφαλὰς
839 1266 1051 1337 ἐχθρῶν
1092 1265 1278 1319 αὑτοῦ.
1310 1284 1327 1318 ι
1366 1266 1474 1318 Καὶ
1506 1264 1662 1318 τοῦτο

124 1366 169 1419 δὲ
196 1364 379 1435 νοήσεις
420 1360 691 1433 παραθεὶς
720 1361 819 1432 τὴν
851 1363 908 1414 ὲν
931 1359 1102 1432 έτέρῳ
1133 1360 1397 1429 λέγουσαν
1442 1358 1659 1429 φωνήν·

129 1455 224 1508 «Σὺ
252 1453 617 1525 ὲκραταίωσας
647 1454 712 1523 τῇ
740 1451 965 1522 δυνάμει
1008 1468 1101 1505 σου
1133 1452 1231 1523 τὴν
1261 1450 1555 1513 θάλασσαν,
1598 1450 1663 1505 σὺ

126 1548 402 1617 συνέτριψας
420 1546 522 1609 τὰς
548 1545 791 1614 κεφαλὰς
821 1545 930 1599 τῶν
956 1546 1267 1619 δρακόντων
1293 1545 1386 1597 ἐπὶ
1413 1544 1506 1598 τοῦ
1540 1543 1664 1598 ὓδα-

123 1658 210 1704 τος.
231 1640 291 1693 Σὺ
324 1638 651 1703 συνέθλασας
676 1637 774 1709 τὴν
804 1639 1045 1710 κεφαλὴν
1069 1638 1161 1692 τοῦ
1192 1638 1503 1710 δράκοντος.
1529 1658 1546 1689 ι
1568 1636 1666 1690 Διὰ

125 1732 209 1803 γὰρ
229 1729 413 1784 τούτων
432 1731 528 1785 καὶ
564 1733 615 1783 οἱ
635 1729 816 1802 ἐχθροὶ
847 1730 940 1783 τοῦ
975 1730 1110 1783 Θεοῦ
1140 1729 1506 1801 ἐδηλώθησαν,
1538 1726 1666 1800 περὶ

1759 532 1952 587 timore
1989 538 2157 601 portae
2204 528 2390 583 inferi.
2447 527 2671 584 Ostiarii
2699 547 2829 587 vero
2860 531 3061 586 inferni
3090 531 3337 588 videntes

1759 632 1813 679 te
1853 624 2137 679 conterriti
2185 630 2314 677 sunt
2354 621 2422 675 ‘°.
2463 641 2482 674 ι
2524 621 2736 677 Diserte
2769 625 2823 677 in
2856 625 2969 681 illis
2998 641 3215 697 quoque
3243 626 3340 682 de-

1760 732 2015 774 scensum
2051 718 2171 787 ejus
2194 716 2248 770 in
2278 724 2509 770 mortem
2547 724 2602 770 et
2642 717 2846 771 exitum
2879 718 3005 773 inde
3028 718 3337 784 declarans,

1760 813 2215 884 quemadmodum
2247 819 2301 865 et
2333 811 2385 865 in
2422 812 2803 881 praesentibus,
2831 821 3019 883 postea
3050 830 3181 870 vero
3206 823 3341 869 con-

1760 911 2053 975 sequenter
2100 903 2448 956 inimicorum
2481 918 2707 957 suorum
2757 905 3139 960 contritionem
3180 906 3341 960 docet

1760 999 1849 1053 his
1874 997 2057 1054 verbis
2090 1016 2103 1051 :
2142 1015 2158 1047 ι
2193 993 2584 1050 Verumtamen
2634 995 2777 1051 Deus
2811 995 3117 1068 confringet
3157 996 3340 1068 capita

1760 1089 2110 1144 inimicorum
2137 1101 2384 1141 suorum.
2426 1104 2444 1137 ι
2508 1085 2634 1143 Hinc
2656 1102 2820 1157 porro
2852 1087 3142 1158 intelliges,
3169 1086 3217 1142 si
3244 1099 3343 1142 vo-

1761 1197 1878 1236 cem
1909 1181 2017 1234 alio
2046 1180 2101 1233 in
2135 1179 2347 1248 psalmo
2377 1180 2606 1249 positam
2631 1179 2758 1234 huic
2785 1193 3090 1250 compares,
3109 1194 3337 1248 nempe:

1768 1296 1787 1325 ι
1818 1272 1898 1328 Tu
1928 1271 2266 1326 conﬁrmasti
2295 1272 2495 1326 virtute
2516 1280 2610 1327 tua
2632 1286 2803 1335 mare,
2833 1280 2890 1325 tu
2916 1272 3222 1327 contrivisti
3250 1285 3343 1326 ca-

1762 1367 1875 1437 pita
1896 1365 2196 1419 draconum
2228 1363 2285 1417 in
2319 1377 2480 1432 aqua.
2514 1360 2594 1415 Tu
2624 1362 2941 1433 confregisti
2970 1369 3132 1432 caput
3155 1361 3346 1415 draco-

1764 1462 1871 1517 nis.
1913 1478 1933 1513 ι
1970 1458 2067 1514 His
2094 1457 2242 1513 enim
2272 1457 2481 1511 inimici
2533 1456 2627 1513 Dei
2655 1456 3025 1519 declarantur,
3055 1453 3121 1508 de
3142 1452 3344 1523 quibus

1764 1554 1853 1609 hic
1875 1551 2082 1607 dictum
2118 1556 2203 1605 est
2229 1566 2242 1603 :
2280 1568 2299 1600 ι
2330 1548 2718 1603 Verumtamen
2750 1546 2895 1603 Deus
2916 1545 3223 1614 confringet
3251 1559 3343 1598 ca-

1764 1644 1877 1715 pita
1908 1643 2259 1699 inimicorum
2284 1655 2528 1697 suorum.
2569 1659 2590 1695 ι
2650 1639 2819 1694 Erant
2846 1646 3026 1694 autem
3053 1637 3129 1691 illi
3156 1636 3346 1691 draco-

1765 1753 1865 1792 nes
1895 1737 1951 1791 in
1979 1737 2118 1793 mari
2150 1744 2204 1793 et
2230 1738 2286 1792 in
2308 1737 2531 1793 humida
2563 1734 2869 1791 substantia
2907 1741 3123 1797 nantes,
3153 1730 3344 1785 videli-

123 1815 181 1875 ὧν
202 1821 409 1875 ἐνταῦθα
433 1820 717 1874 λέλεκται·
747 1840 764 1871 ι
795 1821 943 1893 Πλὴν
972 1822 1000 1873 6
1031 1820 1162 1884 Θεὸς
1190 1820 1476 1874 συνθλὰσει
1498 1837 1614 1889 κεφι

1881 1830 2209 1884 adversariae
2252 1837 2553 1900 potestates
2597 1828 2689 1884 Dei
2724 1826 2979 1889 inimicae,
3010 1825 3066 1879 in
3098 1822 3260 1878 salsis
3289 1828 3344 1876 et

124 1914 199 1978 λὰς
232 1913 426 1985 ἐχθρῶν
474 1913 660 1967 αὑτοῦ.
695 1909 903 1965 »τΗσαν
937 1912 993 1965 δὲ
1026 1907 1171 1967 οὗτοι
1214 1912 1506 1985 δράκοντες
1532 1913 1578 1964 οἱ
1609 1911 1666 1964 ὲν

124 2004 325 2075 θαλάσσῃ
372 2003 470 2056 καὶ
515 2004 608 2055 ἐπὶ
639 2003 811 2075 ὑγρᾶς
841 2001 1030 2065 οὐσίας
1075 2002 1382 2073 νηχόμενοι,
1412 2001 1667 2070 δυνάμεις

121 2096 284 2168 δηλαδὴ
311 2095 687 2166 ἀντικείμεναι
726 2095 919 2166 ἐχθραὶ
955 2093 1048 2147 τοῦ
1075 2094 1232 2159 Θεοῦ,
1262 2096 1374 2157 τοῖς
1404 2094 1667 2164 ἁλμυροῖς

121 2190 196 2241 καὶ
245 2191 479 2261 ρευστοῖς
546 2186 638 2240 τοῦ
692 2187 807 2258 βίου
869 2186 1108 2259 κύμασιν
1163 2184 1665 2255 ὲγκαλινδούμεναι.

124 2281 253 2335 Ὀθεν
281 2283 365 2335 καὶ
393 2283 452 2335 ὲν
482 2280 560 2352 τῷ
601 2278 721 2333 Ἰὼϐ
753 2279 998 2348 ἐλέγετο·
1028 2276 1260 2343 ιἿΙλθες
1284 2279 1341 2333 δὲ
1362 2278 1456 2332 ἐπὶ
1484 2277 1668 2348 πηγὴν

121 2374 391 2446 θαλάσσης,
449 2377 508 2428 ὲν
559 2373 616 2426 δὲ
666 2375 867 2444 ἴχνεσιν
926 2371 1165 2427 ἀϐύσσου
1236 2371 1663 2442 περιεπάτησας.

132 2468 422 2535 Ἀνοίγονται
454 2466 512 2519 δέ
545 2483 627 2519 σοι
662 2464 812 2535 φόϐῳ
852 2464 1019 2518 πύλαι
1052 2464 1303 2517 θανάτου.
1333 2462 1583 2533 Πυλωροὶ
1610 2460 1666 2513 δὲ

120 2559 239 2630 ᾅδου,
264 2559 457 2623 ἰδόντες
491 2575 572 2621 σε,
605 2557 866 2628 ἔπτηξαν.
901 2576 919 2607 ι
952 2555 1396 2628 Συντριΰομένων
1424 2554 1534 2624 γὰρ
1558 2551 1668 2605 τῶν

120 2649 331 2718 κεφαλῶν
372 2652 483 2704 τῶν
529 2649 858 2722 δρακόντων,
892 2647 1163 2719 ἔπτησσον
1206 2648 1253 2700 οἱ
1302 2645 1543 2716 πυλωροὶ
1572 2644 1667 2698 τοῦ

119 2742 248 2813 ᾄδου-
278 2741 352 2794 διὸ
388 2743 486 2795 καὶ
532 2741 680 2811 φόϐῳ
714 2740 811 2803 τὰς
843 2739 1017 2802 πύλας
1051 2739 1268 2810 ἤνοιγον
1308 2735 1403 2789 τοῦ
1438 2735 1667 2788 θανάτου

118 2832 180 2903 τῷ
208 2834 294 2897 τὰς
323 2834 565 2903 κεφαλὰς
594 2832 702 2885 τῶν
730 2829 940 2902 ἐχθρῶν
970 2827 1136 2883 αὑτοῦ
1167 2826 1483 2881 συνθλῶντι.
1508 2819 1668 2881 Οὗτοι

117 2926 161 2978 δὲ
182 2929 221 2979 οί
258 2926 434 2999 ἐχθροὶ
475 2925 570 2980 τοῦ
608 2925 815 2997 Κυρίου
840 2924 900 2976 τὸ
932 2922 1145 2976 πάντων
1181 2920 1483 2993 ἀνθρώπων
1538 2937 1670 2973 κατ-

118 3020 319 3073 επάτουν
362 3021 542 3088 γένος.
583 3020 673 3072 Διὸ
692 3018 939 3072 λέλεκται
963 3018 1086 3087 έξῆς
1106 3033 1119 3046 ·
1151 3036 1168 3067 ι
1201 3014 1460 3087 Κορυφὴν
1485 3014 1669 3085 τριχὸς

115 3112 551 3186 διαπορευομένων
598 3115 656 3167 ἐν
698 3112 1099 3184 πλημμελείαις
1139 3110 1340 3165 αὐτῶν.
1383 3129 1400 3162 ι
1453 3109 1669 3163 Τούτων

117 3203 206 3275 γὰρ
477 3204 762 3259 συνθλάσει
793 3173 893 3267 τὰς
936 3202 1196 3272 κεφαλὰς,
1230 3203 1383 3272 φησὶ,
1417 3201 1526 3254 τῶν
1559 3202 1672 3255 δια·
1698 3173 1743 3235 c

116 3298 464 3367 πορευομένων
511 3297 611 3359 τὰς
636 3296 743 3349 τῶν
774 3294 1075 3368 ἀνθρώπων
1109 3294 1373 3364 κεφαλάς.
1394 3294 1539 3347 Ἀντὶ
1564 3287 1671 3365 γὰρ

115 3387 212 3451 τοῦ,
247 3389 532 3461 «κορυφὴν
586 3388 789 3458 τριχὸς,
837 3386 1081 3460 κορυφὴν
1131 3385 1395 3458 ἔντριχον,
1429 3404 1447 3436 ι
1496 3386 1674 3457 ἡρμή-

113 3494 274 3533 νευσεν
319 3481 346 3533 6
389 3481 708 3551 Σύμμαχος.
746 3480 975 3553 Κορυφὴ
1006 3480 1063 3533 δὲ
1093 3478 1339 3551 ἕντριχος
1380 3480 1414 3550 ἡ
1462 3476 1673 3550 κεφαλὴ

115 3570 205 3624 τῶν
242 3573 540 3644 ἀνθρώπων
590 3573 934 3643 σημαίνεται.
968 3571 1187 3625 Τούτων
1234 3567 1327 3625 οὖν
1356 3570 1534 3624 αὐτῶν
1567 3569 1674 3623 τῶν

113 3663 297 3736 ἐχθρῶν
326 3667 545 3731 ἑαυτοῦ,
568 3666 677 3721 τῶν
703 3666 967 3737 πρότερον
994 3665 1091 3729 τὰς
1118 3665 1228 3719 τῶν
1259 3663 1356 3719 ἀνθ
1367 3662 1562 3736 ρώπων
1591 3680 1677 3716 κε-

115 3756 265 3823 φαλὰς
289 3757 758 3831 διαπορευομένων
793 3759 888 3812 καὶ
912 3758 1018 3811 ὑπὸ
1040 3760 1153 3821 τοῖς
1184 3756 1393 3810 έαυτῶν
1422 3756 1547 3809 ποσὶ
1576 3774 1677 3811 κα-

114 3851 495 3916 ταπατούντων,
528 3854 557 3905 6
579 3853 677 3916 τὰς
702 3850 970 3918 διεξόδους
993 3848 1087 3903 τοῦ
1116 3849 1347 3904 θανάτου
1376 3849 1677 3920 πεποιημέ-

116 3958 191 4003 νος
229 3942 352 4003 Θεὸς
397 3944 501 4007 τὰς
545 3942 785 4014 κεφαλὰς
822 3940 1292 3995 συνθλάσει.Ἀντὶ
1324 3939 1381 3993 δὲ
1412 3938 1528 4002 τοῦ,
1568 3958 1586 3990 ι
1618 3940 1675 3992 ὲν

117 4032 493 4104 πλημμελείαις
521 4035 717 4100 αὐτῶν,
750 4054 768 4087 ι
809 4035 837 4086 6
868 4032 1183 4105 Σύμμαχος,
1221 4051 1239 4082 ι
1273 4032 1329 4083 ὲν
1359 4032 1479 4091 ταῖς
1505 4029 1678 4099 πλημ-

1768 1921 2103 1977 volubilibus
2150 1922 2273 1976 vitae
2305 1921 2562 1976 ﬂuctibus
2606 1920 2882 1973 volutatze.
2929 1916 3108 1983 Quare
3150 1915 3207 1968 in
3242 1911 3345 1968 Job

1768 2028 1985 2084 quoque
2012 2014 2297 2069 dicebatur
2326 2033 2340 2069 :
2388 2031 2407 2065 ι
2446 2012 2658 2068 Venisti
2685 2020 2867 2067 autem
2898 2010 2953 2065 in
2995 2009 3198 2063 fontem
3228 2020 3347 2060 ma-

1767 2106 1870 2170 ris,
1896 2112 1951 2160 et
1975 2106 2028 2159 in
2057 2105 2302 2176 vestigiis
2327 2105 2510 2175 abyssi
2541 2103 2855 2158 ambulasti.
2893 2101 3226 2172 Aperiantur
3249 2112 3349 2151 au-

1769 2202 1877 2250 tem
1905 2196 2006 2252 tibi
2037 2198 2234 2253 timore
2284 2205 2453 2267 porta:
2481 2196 2661 2252 inferi.
2728 2194 2953 2250 Ostiarii
2983 2207 3112 2247 vero
3146 2188 3347 2244 inferni

1768 2288 2014 2344 videntes
2042 2296 2096 2344 te
2129 2289 2413 2345 conterriti
2444 2297 2626 2344 sunt.»
2657 2286 2921 2342 Contritis
2953 2298 3190 2353 namque
3214 2280 3347 2335 dra-

1768 2396 1969 2436 conum
2013 2380 2288 2452 capitibus
2331 2381 2542 2437 ostiarii
2592 2378 2791 2434 inferni
2836 2376 3120 2433 conterriti
3169 2382 3345 2432 sunt":

1768 2488 1939 2543 quare
1966 2472 2163 2527 timore
2193 2471 2432 2541 correpti
2455 2477 2641 2541 portas
2670 2469 2864 2524 mortis
2890 2469 3070 2538 capita
3096 2467 3351 2522 inimico-

1768 2578 1889 2617 rum
1914 2578 2139 2617 suorum
2177 2560 2543 2631 confringenti
2574 2560 2914 2630 aperiebant.
2960 2557 3025 2612 Hi
3074 2572 3205 2613 vero
3246 2558 3353 2611 ini-

1769 2655 1898 2712 mici
1940 2654 2158 2709 Domini
2204 2654 2520 2710 universum
2552 2653 2832 2708 hominum
2856 2667 3029 2723 genus
3068 2650 3355 2705 conculca-

1767 2748 1919 2806 bant.
1978 2748 2327 2819 Quapropter
2359 2746 2591 2801 inferius
2618 2745 2820 2798 dicitur
2849 2764 2862 2800 :
2898 2760 2917 2794 ι
2957 2742 3225 2797 Verticem
3260 2756 3354 2795 ca-

1769 2842 1884 2913 pilli
1917 2839 2413 2912 perambulantium
2443 2839 2496 2892 in
2529 2838 2743 2893 delictis
2770 2835 2907 2891 suis.
2943 2852 2962 2886 ›
2996 2832 3201 2887 Horum
3224 2874 3239 2899 ,
3268 2831 3353 2885 in-

1769 2933 1908 3003 quit.
1942 2930 2086 2986 Deus
2121 2929 2302 2999 capita
2330 2927 2660 2997 confringet,
2689 2922 3208 2995 perambulantium,
3250 2919 3351 2984 ait,

1769 3032 1823 3080 et
1856 3023 2186 3093 calcantium
2237 3020 2417 3089 capita
2462 3018 2765 3072 hominum.
2821 3013 2926 3069 Pro
2969 3014 3062 3068 illo
3093 3025 3351 3082 namque,

1777 3134 1795 3168 ι
1826 3116 2085 3170 verticem
2137 3113 2341 3183 capilli,
2388 3130 2407 3164 ›
2445 3108 2829 3181 Symmachus,
2890 3124 2908 3157 ι
2957 3104 3218 3161 verticem
3262 3116 3355 3156 ca-

1775 3208 2047 3279 pillatum,
2088 3224 2107 3258 ι
2161 3206 2344 3260 vertit.
2386 3201 2588 3258 Vertex
2631 3210 2809 3254 autem
2839 3197 3144 3266 capillatus.
3174 3198 3356 3265 ipsum

1774 3296 2058 3351 hominum
2082 3302 2248 3365 caput
2270 3291 2560 3364 significat.
2594 3288 2799 3342 Horum
2828 3288 3013 3357 itaque
3041 3285 3145 3341 sibi
3173 3283 3354 3338 inimi-

1773 3402 1991 3451 corum,
2038 3386 2131 3457 qui
2169 3386 2322 3456 prius
2377 3383 2659 3438 hominum
2703 3379 2885 3450 capita
2923 3376 3175 3433 terebant
3204 3374 3358 3445 pedi-

1774 3481 1989 3551 busque
2018 3481 2135 3536 suis
2169 3479 2477 3543 calcabant,
2510 3476 2690 3545 capita
2720 3472 3027 3543 confringet
3060 3470 3226 3535 Deus,
3263 3468 3357 3540 qui

1775 3574 1958 3630 exitus
1990 3572 2185 3627 mortis
2230 3568 2428 3625 effecit.
2495 3565 2604 3621 Pro
2636 3566 2728 3619 illo
2753 3571 2959 3627 autem,
3003 3582 3021 3613 ε
3058 3562 3110 3615 in
3143 3559 3357 3614 delictis

1775 3664 1913 3728 suis,
1947 3683 1964 3715 ι
2002 3661 2383 3734 Symmachus,
2415 3679 2433 3712 ί
2468 3659 2524 3714 in
2567 3657 2782 3712 delictis
2827 3656 2947 3723 ejus
2984 3671 3001 3704 ι
3032 3652 3357 3720 interpreta-

1776 3764 1868 3811 tus
1892 3761 1998 3818 est,
2023 3754 2215 3813 dicens
2247 3770 2260 3805 :
2299 3749 2600 3805 «Verticem
2624 3747 2935 3817 capillatum
2965 3742 3270 3797 revolutum
3302 3739 3358 3794 in

1778 3847 1998 3903 delictis
2021 3845 2160 3914 ejus.
2177 3863 2195 3895 ι
2213 3841 2401 3912 Neque
2422 3843 2565 3897 enim
2587 3841 2693 3894 alio
2711 3838 2870 3892 modo
2888 3831 3359 3905 poterantinimici

1779 3940 1875 3995 Dei
1892 3939 2150 3994 verticem
2170 3936 2509 4006 capillatum,
2531 3933 2583 3987 id
2595 3940 2678 3988 est
2705 3929 2989 3985 hominum
3004 3926 3205 3996 capita,
3227 3938 3361 3978 con-

1779 4032 2019 4098 culcare,
2036 4027 2138 4083 nisi
2157 4025 2394 4099 propriis
2407 4023 2623 4078 delictis
2637 4037 2701 4076 ac
2717 4018 2957 4091 peccatis
2970 4016 3211 4086 depressi
3226 4013 3363 4071 fuis—

120 4124 336 4193 μελείαις
362 4128 553 4198 αὐτῆς,
588 4147 605 4179 ι
643 4128 983 4199 ἠρμήνευσεν
1016 4122 1184 4178 εἰπών
1211 4141 1225 4154 ο
1262 4141 1280 4175 ι
1310 4121 1570 4193 Κορυφὴν
1596 4122 1611 4173 ἔ

1873 4130 1925 4176 ιι.
1965 4119 2148 4185 Quare
2190 4117 2258 4172 iis
2283 4116 2376 4186 qui
2404 4116 2542 4169 tales
2580 4126 2688 4167 non
2718 4118 2877 4167 erant
2915 4108 3132 4164 dicebat
3164 4106 3364 4162 Serva-

113 4233 277 4289 τριχον
310 4221 789 4291 ἀναστρεφομένην
806 4220 864 4273 ὲν
883 4222 1002 4282 ταῖς
1018 4217 1123 4288 πλη
1133 4216 1417 4287 μμελείαις
1438 4214 1604 4286 αὐτῆς

1902 4232 1915 4269 :
1966 4231 1984 4264 ι
2012 4210 2190 4267 Vestri
2223 4216 2405 4264 autem
2429 4206 2612 4277 capilli
2636 4204 2834 4275 capitis
2868 4218 3060 4258 omnes
3088 4200 3362 4256 numerati

116 4310 233 4363 υύδὲ
262 4313 370 4384 γὰρ
404 4290 581 4376 ἄλλως
612 4290 835 4366 δυνατὸν
876 4307 945 4382 ἦν
990 4312 1102 4369 τοῖς
1136 4308 1353 4381 ἐχθροῖς
1397 4306 1491 4360 τοῦ
1542 4307 1607 4359 Ge

1873 4312 1911 4358 ιι
1930 4303 1997 4358 δι.
2030 4321 2049 4354 ι
2070 4299 2204 4355 Nam
2231 4297 2623 4369 discipulorum
2643 4295 2822 4367 capilli
2848 4293 3048 4364 singuli
3077 4290 3364 4347 nobilioris

113 4408 426 4458 καταπατεῖν
467 4405 708 4477 κορυφὴν
742 4404 1005 4476 έντριχον,
1039 4402 1285 4456 τουτέστι
1317 4399 1415 4462 τὰς
1445 4399 1553 4453 τῶν
1584 4400 1604 4452 d

1872 4393 2033 4463 'poris
2060 4391 2256 4462 partis,
2305 4397 2365 4445 ut
2390 4387 2690 4444 necessarii
2727 4396 2780 4442 et
2814 4385 2880 4441 ad
2911 4392 3164 4439 ornatum
3193 4382 3363 4438 totius

116 4491 329 4565 θρὼπων
359 4471 627 4566 κεφαλας,
662 4471 711 4550 ἐι
744 4497 818 4568 μὴ
838 4471 979 4558 ’ταῖς
1021 4492 1250 4557 οἰκείαις
1279 4491 1607 4563 πλημμελείε

1874 4484 2133 4540 tierentes
2153 4523 2168 4549 ,
2209 4479 2623 4536 enumeratione
2654 4486 2708 4533 et
2733 4476 2980 4532 custodia
3002 4473 3183 4529 divina
3213 4471 3365 4541 digni

114 4561 195 4639 καὶ
218 4561 512 4660 ἁμαρτίαις
543 4561 959 4643 τεταπείίνωύτο.
985 4586 1075 4639 Διὸ
1102 4588 1215 4649 τοῖς
1254 4585 1328 4656 μὴ
1367 4561 1605 4638 τοιούτου

1873 4592 1977 4642 :re;
2010 4583 2071 4627 ut
2113 4588 2182 4628 ne
2223 4571 2552 4627 raderentur
2575 4567 2842 4624 novacula
2872 4564 3241 4626 inimicorum,
3269 4561 3364 4632 qui

323 4653 537 4748 ἐλεγενσ
571 4699 588 4731 ι
611 4678 796 4750 Ὑμῶν
825 4678 883 4732 δὲ
907 4677 1002 4731 καὶ
1026 4677 1081 4730 αἱ
1106 4653 1290 4748 τρίχες
1313 4653 1410 4747 τῆς
1440 4673 1607 4744 κεφαλ

1875 4668 2169 4723 'ambulant
2212 4671 2265 4722 et
2292 4664 2623 4719 conculcant
2659 4674 2877 4716 omnem
2905 4657 3164 4713 verticem
3196 4653 3366 4723 capil-

114 4771 271 4824 πᾱσαι
309 4772 687 4844 ἠριθμημέναι
729 4771 886 4824 είσίν.
919 4788 938 4821 ι
978 4768 1098 4823 Τῶν
1131 4767 1241 4840 γὰρ
1276 4768 1456 4821 αὐτῶν
1503 4766 1605 4838 μαθ

1292 4768 1456 4821 ιὺτῶν
1503 4766 1681 4838 μαθη-
1789 4763 1958 4816 latum
1993 4759 2300 4816 revolutum
2324 4755 2380 4810 in
2404 4754 2618 4810 delictis
2644 4752 2783 4822 ejus.

115 4862 211 4917 τῶν
238 4836 566 4938 καὶ-’ἑκάστη
595 4864 718 4939 θρὶξ
748 4864 842 4917 τοῦ
870 4836 1436 4935 τιμιωτέρου-μέρους
1463 4836 1556 4914 τοῦ
1586 4857 1869 4930 σώματος,
1910 4854 1986 4917 ὼς
2013 4850 2288 4921 ἀναγκαία
2320 4848 2415 4903 καὶ
2482 4847 2671 4917 κόσμῳ
2734 4841 2826 4897 τοῦ
2887 4840 3088 4939 παντὸς
3124 4836 3366 4910 συμϐαλ-

116 4960 321 5033 λομένη,
352 4935 585 5033 ἀριθμού
631 4935 965 5031 κατηξίωται
998 4958 1142 5013 θείου
1170 4960 1263 5012 καὶ
1298 4957 1545 5028 φυλακῆς
1567 4974 1581 4987 ·
1613 4955 1688 5018 ὡς
1725 4951 1789 5005 ἂν
1819 4951 1894 5023 μὴ
1929 4946 2204 5021 ξυρηθῶσι
2229 4944 2308 5017 τῷ
2340 4941 2489 5015 ξυρῷ
2505 4941 2613 4995 τῶν
2658 4938 2873 5033 ἐχθρῶν
2923 4935 3033 4989 τῶν
3060 4936 3368 5008 ἐμπεριπα-

116 5032 335 5112 τούντων
360 5032 817 5113 καταπατοῦντων
852 5057 1036 5109 πᾶσαν
1059 5053 1304 5124 κορυφὴν
1326 5052 1569 5123 ἐντριχον
1594 5051 1693 5122 τὴν
1732 5044 2215 5119 ἀναστρεφομένην
2246 5043 2304 5097 ὲν
2338 5036 2736 5111 πλημμελείαις
2761 5032 2951 5104 αὐτῆς.

185 5192 202 5223 ι
230 5170 365 5227 Εἶπε
420 5174 622 5245 Κύριος
645 5191 658 5204 ο
677 5174 773 5227 Ἐκ
796 5171 976 5225 Βασὰν
1007 5170 1343 5242 ἐπιστρέψω,
1371 5166 1676 5239 ἐπιστρέψω

1875 5161 2031 5218 Vens.
2065 5161 2157 5215 2'5.
2205 5179 2223 5212 ι
2261 5158 2409 5214 Dixit
2459 5154 2742 5219 Dominus,
2788 5148 2866 5203 hx
2904 5147 3086 5204 Basan
3138 5158 3366 5202 convero

122 5264 172 5317 ὲν
206 5263 379 5335 βυθοῖς
408 5238 703 5338 θαλάσσης.
731 5285 749 5318 ι
787 5263 958 5319 Πάλιν
1004 5238 1282 5318 κὰνταύθα
1325 5280 1344 5313 ι
1375 5262 1405 5313 6
1430 5238 1613 5331 Κύριος

1876 5274 1925 5322 ιι,
1951 5262 2264 5313 convertam
2293 5253 2350 5307 in
2382 5246 2713 5322 profundum
2746 5243 2937 5299 maris.
2967 5260 2987 5294 ι
3028 5238 3127 5295 Hic
3148 5251 3367 5294 rursum

121 5358 175 5409 ού
192 5328 277 5411 διὰ
295 5328 715 5431 τετραγράμμου
739 5361 868 5431 παρ’
893 5357 1161 5429 Ἑϐραίοις
1183 5328 1612 5424 ὲκπεφώνηται,ἕ

1876 5351 2137 5412 Dominus,
2172 5366 2190 5398 ›
2221 5361 2332 5401 non
2359 5345 2451 5399 illa
2475 5346 2713 5412 quatuor
2750 5338 3055 5393 litterarum
3072 5346 3204 5389 voce
3227 5328 3367 5401 apud

124 5446 176 5500 δὲ
196 5449 301 5503 τῶν
676 5425 1151 5522 στοιχείωνίἯδη
1204 5448 1261 5502 δὲ
1285 5447 1468 5518 τρίτον
1502 5444 1615 5498 τοῦτ

1878 5445 2055 5501 braeos
2083 5437 2428 5509 exprimitur,
2472 5431 2569 5488 sed
2607 5427 3076 5485 communioribus
3125 5425 3366 5481 elemen-

126 5540 381 5610 ὶδήλωσεν
407 5545 443 5613 ἡ
466 5515 707 5613 παροῦσα
725 5515 917 5613 Γραφὴ
940 5515 1215 5609 ὲφιστῶ-σα
1243 5515 1335 5593 τὸν
1365 5538 1441 5602 ὡς
1464 5537 1530 5592 ἂν
1550 5537 1617 5591 ei“.

1875 5578 1887 5591 .
1920 5534 2150 5602 Jamque
2180 5527 2342 5583 tertio
2367 5528 2515 5582 hunc
2539 5539 2780 5597 praesens
2812 5521 3086 5591 scriptura
3121 5515 3366 5573 nomina-

126 5606 223 5695 τις,
252 5606 502 5703 δεύτερον
530 5606 750 5705 Κύριον.
768 5606 921 5688 ζιεέεὶ
948 5606 1040 5689 καὶ
1071 5636 1131 5689 ὲν
1155 5632 1233 5704 τῷ
1266 5634 1528 5702 φάσκοντι
1558 5631 1617 5700 ψε

1882 5668 1897 5693 ,
1922 5623 2335 5691 secundumque
2358 5619 2686 5685 Dominum,
2732 5623 2794 5671 ut
2832 5611 3105 5689 quispiam
3147 5606 3367 5672 dixerit,

197 5789 240 5821 '°
266 5788 366 5846 Job
400 5807 630 5857 xxxviii,
662 5791 749 5859 16,
786 5790 873 5846 17.
949 5791 993 5823 ⁸³
1021 5788 1211 5846 Matth.
1248 5805 1303 5857 x,
1339 5788 1430 5845 ὅθ.
