3776 6284
440 335 550 394 707

1153 330 1423 390 EUSEBII
1462 329 1941 388 CESARIENSIS
1977 333 2127 390 OPP.
2171 335 2350 392 PARS
2387 335 2474 392 Ill.
2515 368 2585 378 —
2623 337 3035 395 EXEGETICA.
3555 347 3627 404 708

442 451 676 507 induxit.
713 449 993 521 Siquidem
1024 447 1078 502 in
1101 448 1312 520 psalmo
1345 447 1436 517 qui
1474 447 1554 502 sic
1584 447 1745 503 habet
1773 467 1787 501 :
1818 467 1836 500 ι
1867 448 1984 504 Dixi

2120 453 2206 525 μῷ
2225 471 2239 485 ο
2277 474 2294 506 ι
2322 450 2456 508 Εἶπε
2481 453 2682 526 Κύριος
2713 454 2792 524 τῷ
2821 454 3009 526 Κυρίῳ
3033 471 3158 526 μου.
3196 456 3375 510 Κάθου
3405 457 3461 512 ἐκ
3487 459 3628 529 δεξιῶν

441 543 704 598 Dominus
764 542 994 596 Domino
1027 555 1148 595 meo
1186 559 1197 593 :
1241 538 1380 594 Sede
1416 554 1445 592 a
1480 537 1688 594 dextris
1713 540 1946 605 meis",
1987 559 2007 594 ι

439 636 650 706 primus
695 651 790 705 per
821 633 1120 688 ineffabilia
1147 631 1287 701 apud
1325 631 1582 686 Hebrmos
1613 639 1850 702 quatuor
1897 636 2011 690 ele-

439 735 620 782 menta
659 727 958 792 scribitur;
991 725 1266 780 secundus
1298 733 1498 788 autem,
1527 739 1688 794 quem
1715 725 1798 780 sui
1836 725 2015 780 Domi-

437 834 568 873 num
619 817 889 888 Propheta
945 815 1186 871 declarat
1227 815 1437 878 dicens,
1471 833 1489 866 ι
1521 813 1750 869 Domino
1779 830 1902 870 meo
1927 856 1944 881 ,
1987 835 2005 870 ι

436 912 558 966 aliis
591 911 876 965 elementis
907 909 1256 979 exprimitur,
1287 909 1443 978 queis
1467 907 1716 977 cujusvis
1747 909 1892 965 servi
1919 910 2013 964 do-

435 1004 618 1058 minus
647 1001 1005 1072 significatur.
1041 999 1132 1055 Sic
1158 1016 1290 1071 ergo
1317 1017 1464 1054 nunc
1493 1016 1711 1071 quoque
1733 1001 1872 1071 jam-
1899 1009 2012 1057 ter-

434 1096 512 1148 tio
542 1096 632 1149 ille
657 1093 940 1160 Dominus,
969 1094 1063 1162 qui
1088 1107 1263 1162 usque
1293 1092 1360 1146 ad
1397 1092 1671 1147 infernum
1702 1094 2007 1162 descendit,

434 1188 722 1254 exitusque
766 1187 959 1239 mortis
995 1185 1227 1255 paravit,
1262 1183 1584 1253 vulgaribus
1633 1191 1686 1238 et
1729 1185 2008 1242 consuetis

432 1278 577 1346 apud
616 1276 872 1332 Hebraeos
899 1276 1186 1331 elementis
1235 1273 1583 1344 exprimitur.
1639 1273 1820 1341 Quare
1853 1275 2010 1348 Sym-

432 1371 664 1425 machus
715 1369 1000 1440 δεσπότην,
1043 1369 1159 1423 sive
1195 1368 1580 1424 dominatorem
1616 1368 2008 1440 interpretatus

431 1471 537 1518 est.
573 1461 671 1516 llic
715 1477 844 1532 ergo
878 1461 1163 1524 Dominus,
1194 1459 1445 1515 videlicet
1473 1459 1567 1515 Dei
1599 1458 1860 1527 Verbum,
1910 1462 2005 1527 ait,

439 1571 458 1606 ι
493 1553 566 1607 Ex
590 1553 764 1609 Basan
797 1561 1148 1618 convertam;
1189 1572 1208 1603 ι
1249 1566 1313 1607 ac
1346 1567 1599 1617 rursum,
1629 1570 1648 1604 ι
1679 1553 2007 1609 Convertam

430 1662 495 1701 ex
530 1646 803 1718 profundo
829 1647 1016 1700 maris.
1046 1664 1065 1696 ι
1093 1644 1200 1699 Pro
1219 1646 1313 1700 illo
1335 1653 1538 1710 autem,
1568 1664 1589 1697 ι
1618 1654 1952 1711 convertam,
1981 1664 2001 1699 ι

431 1755 495 1795 ac
525 1741 789 1803 secundo,
829 1757 848 1790 ι
879 1747 1214 1802 convertam,
1259 1758 1277 1789 ι
1319 1737 1682 1810 Symmachus
1719 1738 1802 1795 sic
1837 1741 2006 1794 inter-

2121 564 2245 618 μου,
2275 567 2293 598 ι
2324 545 2410 600 διὰ
2439 546 2544 600 τῶν
2576 548 2972 619 ἀνεκφωνήτων
3017 549 3147 618 παρ’
3189 548 3448 619 Ἑϐραίοις
3483 557 3627 609 τεττά-

2118 656 2227 710 ρων
2261 639 2536 712 στοιχείων
2564 639 2891 711 ἐγέγραπτο.
2933 638 2988 692 ’0
3018 639 3074 692 δέ
3103 639 3371 709 δεύτερος,
3400 641 3454 694 ὃν
3481 643 3629 701 ἐαυτοῦ

2115 731 2318 802 Κύριον
2342 734 2369 786 6
2393 732 2676 804 προφήτης
2697 731 2881 803 ἐδήλου
2903 731 3149 800 φάσκων,
3176 731 3295 802 (Τῷ
3315 735 3489 806 Κυρίῳ
3510 756 3626 806 pou,»

2115 823 2321 895 ἑτέροις
2354 825 2638 894 στοιχείοις
2670 823 2942 896 ἐδηλοῦτο,
2973 819 3053 887 οἷς
3085 824 3178 878 καὶ
3205 827 3312 889 πᾶς
3339 828 3367 880 6
3390 828 3443 880 ἐν
3468 829 3631 901 ἀνθρώ-

2113 931 2236 978 ποις
2265 914 2450 968 δούλου
2482 914 2669 984 κύριος
2716 915 3057 985 σημαίνεται.
3094 914 3279 979 Οὕτως
3325 910 3412 968 οὖν
3449 919 3530 971 καὶ
3570 921 3631 970 ἐν·

2113 1007 2288 1062 ταῦθα
2331 1008 2432 1079 ήδη
2467 1007 2647 1079 τρίτον
2697 1009 2724 1060 ὁ
2777 1007 2970 1078 μέχρις
3008 1006 3133 1078 ᾇδου
3182 1007 3426 1071 καταϐὰς
3463 1011 3543 1063 καὶ
3575 1010 3632 1065 δι-

2113 1098 2324 1164 εξόδους
2361 1098 2592 1153 θανάτου
2625 1099 2991 1169 πεποιημένος
3039 1100 3242 1171 Κύριος
3291 1099 3379 1153 διὰ
3421 1101 3516 1152 τῶν
3537 1108 3633 1175 παρ’

2124 1193 2390 1264 Ἑϐραίοις
2436 1191 2629 1254 κοινῶς
2657 1191 3016 1262 γραφομένων
3051 1191 3328 1261 στοιχείων
3356 1189 3632 1262 ὠνόμασται.

2111 1283 2310 1354 Διόπερ
2337 1285 2364 1335 6
2395 1281 2684 1352 Σύμμαχος
2717 1300 2734 1331 ι
2764 1280 3028 1352 δεσπότην
3060 1299 3076 1330 ι
3110 1282 3455 1352 ἡρμήνευε-εν
3494 1282 3630 1336 αὐτόν.

2111 1369 2280 1440 Οὗτος
2305 1372 2396 1429 οῦν
2418 1378 2446 1429 6
2478 1375 2701 1447 Κύριος,
2725 1373 2887 1437 αὐτὸς
2913 1376 2941 1426 ὀ
2967 1373 3061 1427 τοῦ
3096 1373 3230 1426 Θεοῦ
3267 1374 3434 1442 Λόγος
3458 1375 3633 1446 δηλαδὴ,

2109 1463 2229 1520 εἷπε
2243 1484 2256 1496 ·
2271 1486 2287 1514 ι
2312 1467 2406 1520 Ἐκ
2418 1466 2598 1520 Βασὰν
2616 1464 2944 1535 ἐπιστρέψωο
2960 1463 3081 1517 »καὶ
3099 1463 3260 1517 πάλιν
3277 1481 3288 1492 ·
3303 1482 3322 1514 ι
3347 1465 3633 1535 Ἐπιστρέψω

2109 1560 2172 1612 ἐκ
2197 1558 2370 1630 βυθῶν
2399 1558 2726 1629 θαλάσσης.)
2748 1559 2890 1613 Ἀντὶ
2914 1558 2971 1612 δὲ
2989 1556 3107 1623 τοῦ,
3135 1577 3152 1609 ι
3184 1557 3508 1629 ἐπιστρέψω,
3529 1578 3544 1610 ι
3567 1561 3634 1613 καὶ

2107 1653 2200 1707 τοῦ
2231 1653 2502 1726 δεύτερον,
2534 1673 2553 1706 ι
2577 1654 2908 1726 ἐπιστρέψω,
2941 1673 2960 1706 ι
2996 1655 3025 1706 6
3052 1653 3350 1725 Σύμμαχος
3373 1653 3541 1707 τοῦτον
3563 1655 3634 1725 ήρ-

2111 1749 2344 1819 μήνευσε
2365 1749 2455 1802 τὸν
2485 1749 2684 1821 τρόπον
2704 1766 2718 1778 ο
2746 1767 2766 1800 ι
2792 1744 2926 1801 Εἷπε
2954 1747 3159 1819 Κύριος
3177 1765 3188 1777 ·
3208 1747 3342 1800 Ἀπὸ
3363 1747 3526 1801 Βασὰν
3548 1749 3634 1800 ἐπι-

429 1838 696 1901 pretatur,
737 1849 754 1880 ι
787 1829 934 1883 Dixit
965 1828 1226 1883 Dominus
1259 1847 1271 1881 :
1313 1805 1390 1881 Ex
1431 1827 1608 1882 Basan
1639 1837 1914 1893 revertar,
1951 1845 1981 1884 e

2108 1805 2345 1910 στρέψω,
2373 1839 2468 1892 καὶ
2495 1805 2831 1911 άναστρέψαι
2874 1805 3086 1909 ποιήσω
3130 1805 3237 1892 άπὸ
3278 1837 3449 1907 βυθῶν
3479 1837 3633 1892 θαλάσ-

428 1923 626 1976 rcverti
678 1922 872 1975 faciam
919 1937 986 1975 ex
1037 1918 1309 1989 profundo
1359 1919 1547 1972 maris.
1587 1939 1605 1971 ι
1643 1916 1840 1974 Viden’
1883 1934 2004 1989 qua:

428 2025 592 2080 opera
635 2009 869 2064 ediderit
917 2008 1182 2063 Dominus
1219 2023 1346 2063 cum
1395 2006 1771 2063 descendisset
1797 2009 1853 2063 in
1878 2024 2005 2079 pro-

426 2102 656 2163 fundum
681 2103 888 2157 maris?
916 2101 1198 2173 Conl‘regit
1220 2101 1398 2172 capita
1427 2100 1728 2155 draconum
1758 2101 1813 2154 in
1837 2117 2001 2171 aqua,

425 2210 640 2250 necnon
670 2195 898 2265 capillos
930 2194 1277 2248 inimicorum
1309 2208 1558 2257 suorum,
1582 2192 1676 2263 qui
1700 2211 1718 2244 ι
1746 2193 2000 2248 verticem

424 2290 739 2360 capillatum
775 2288 830 2342 in
869 2287 1087 2342 delictis
1118 2306 1136 2338 ›
1171 2286 1602 2352 conculcabant;
1633 2286 1833 2340 reverti
1874 2284 2001 2340 fecit

423 2397 491 2437 ex
539 2381 717 2436 Basan
747 2387 802 2436 et
845 2395 911 2435 ex
940 2378 1213 2451 profundo
1261 2379 1431 2433 maris
1475 2379 1687 2434 animas
1723 2379 1848 2434 istic
1870 2378 2000 2434 olim

425 2474 726 2528 demersas.
775 2472 954 2527 Basan
1002 2479 1185 2525 autem
1219 2470 1528 2540 explicatur
1570 2469 1894 2541 ignominia,
1944 2471 2000 2523 in

422 2581 589 2638 quam
641 2565 900 2635 delapsus
949 2571 1034 2620 est
1075 2562 1340 2618 Dominus
1390 2577 1488 2633 per
1538 2569 1838 2617 memorata
1891 2561 2002 2616 ele-

421 2668 608 2712 menta
653 2657 948 2721 indicatus,
991 2657 1086 2726 qui
1133 2656 1494 2726 ignominiam
1530 2655 1862 2725 contempsit
1901 2669 2000 2724 pre

421 2753 599 2807 salute
628 2766 818 2807 eorum
849 2753 940 2820 qui
973 2751 1099 2807 istic
1140 2750 1197 2804 in
1245 2749 1561 2821 captivitate
1583 2749 1788 2803 detenti
1819 2755 1996 2804 erant.

419 2845 786 2914 Quamobrem
835 2845 1040 2899 dicitur
1069 2863 1082 2899 :
1114 2862 1132 2894 ι
1171 2843 1315 2897 Dixit
1364 2842 1665 2898 Dominus:
1700 2840 1778 2896 Ex
1819 2839 1996 2896 Basan

416 2945 1090 3004 eonvertam,convertam
1121 2953 1184 2992 ex
1211 2935 1484 3006 profundo
1515 2935 1722 2990 maris:
1751 2954 1770 2986 ι
1798 2932 1996 2989 deinde

417 3031 712 3100 adjicitur:
743 3049 761 3081 ι
798 3029 868 3085 Ut
899 3029 1202 3100 intingatur
1251 3043 1348 3098 pes
1382 3037 1507 3084 tuus
1536 3028 1593 3081 in
1636 3028 1922 3097 sanguine.
1967 3045 1986 3079 ι

2108 1948 2227 2002 σης.
2261 1949 2279 1983 ι
2328 1930 2494 2002 Ὁρᾷς
2525 1931 2686 1984 ὁποῖα
2737 1929 3133 2002 κατορθώματα
3177 1929 3467 2002 εἰργάσατο
3507 1947 3633 1986 κατα·

2102 2023 2206 2087 ϐάς
2254 2023 2335 2087 εἰς
2365 2023 2490 2086 τοὺς
2533 2021 2727 2092 βυθοὺς
2752 2023 2852 2093 τῆς
2891 2021 3164 2093 Θαλάσσης
3194 2024 3221 2075 6
3266 2022 3499 2092 Κύριος;
3544 2039 3633 2076 σνν-

2104 2115 2295 2169 έθλασε
2326 2115 2424 2179 τὰς
2457 2113 2697 2184 κεφαλάς
2729 2114 2838 2168 τῶν
2875 2114 3182 2187 δρακόντων
3207 2115 3301 2168 ἐπὶ
3334 2115 3426 2168 τοῦ
3465 2113 3632 2179 ὓδατος,

2105 2207 2197 2261 καί
2226 2207 2324 2272 τὰς
2353 2207 2544 2280 τρίχας
2564 2206 2670 2260 τῶν
2697 2206 2903 2278 ἐχθρῶν
2935 2206 3100 2260 αὐτοῦ
3127 2206 3239 2261 τῶν
3269 2226 3291 2259 ‹
3317 2208 3416 2277 τὴν
3440 2206 3633 2278 ἐντριχιν

2103 2299 2345 2371 κορυφὴν
2388 2300 2446 2352 ἐν
2491 2299 2888 2370 πλημμελείαις
2924 2317 2942 2349 ι
2987 2297 3500 2370 διαπορευομένων·
3541 2299 3633 2352 Em-

2105 2391 2332 2462 στρέψαι
2390 2392 2445 2445 δέ
2489 2392 2660 2445 ἐποίει
2704 2391 2810 2444 ἀπὸ
2843 2391 3022 2445 Βασὰν
3068 2393 3162 2445 καὶ
3217 2391 3330 2444 ἀπὸ
3380 2390 3538 2461 βυθῶν
3563 2390 3633 2460 τῆς

2102 2482 2378 2554 θαλάσσης
2435 2483 2535 2547 τὰς
2609 2482 2776 2536 πάλαι
2848 2483 3418 2553 καταπεποντωμένας
3481 2482 3632 2536 αὐτόσε

2099 2574 2296 2646 ψυχάς.
2330 2574 2509 2628 Βασὰν
2541 2574 2597 2628 δὲ
2627 2575 2965 2647 ἡρμήνευται
2992 2573 3244 2646 αἰσχύνη,
3275 2574 3404 2627 ἔνθα
3434 2575 3494 2628 δι’
3519 2577 3632 2644 ἡμᾶς

2099 2667 2364 2739 κατῆλθεν
2401 2668 2429 2720 6
2460 2667 2547 2720 διὰ
2588 2667 2696 2722 τῶν
2747 2667 3052 2739 εἰρημένων
3085 2667 3371 2738 στοιχείων
3419 2666 3632 2739 δηλωθεὶς

2099 2759 2325 2831 Κύριος,
2356 2760 2616 2832 αἰσχύνης
2647 2763 3064 2833 καταφρονήσας
3098 2760 3236 2832 ὑπὲρ
3272 2761 3532 2830 σωτηρίας
3551 2759 3632 2811 τῶν

2100 2855 2285 2908 αὐτόθι
2315 2856 2889 2926 καταδεδουλωμένων.
2913 2857 3005 2909 Διὸ
3035 2855 3286 2909 λέλεκται
3313 2873 3328 2886 ·
3360 2875 3378 2908 ‹
3407 2850 3529 2909 Εἶπε
3550 2854 3632 2908 Κύ-

2101 2965 2214 3019 ριος
2238 2965 2251 2976 ·
2295 2948 2389 3001 Ἐκ
2421 2947 2599 3000 Βασάν
2645 2947 2953 3020 ἐπιστρέψω
2982 2989 2996 3010 ,
3042 2948 3361 3019 ἐπιστρέψω
3408 2951 3466 3000 ἐκ
3496 2947 3633 3017 βυθῶν

2101 3038 2374 3111 θαλάσσης
2395 3056 2409 3069 ο
2441 3058 2461 3091 ι
2495 3034 2593 3092 εἶθ’
2620 3038 2748 3109 ἐξῆς
2772 3039 3056 3093 λέλεκται·
3103 3060 3122 3091 ι
3155 3041 3349 3104 Ὅπως
3378 3040 3441 3094 ἂν
3473 3039 3631 3110 βαθρῇό

414 3121 522 3178 Pro
551 3139 659 3194 quo
702 3120 1066 3194 Symmachus
1090 3123 1505 3192 interpretatur.
1546 3139 1566 3172 ‹
1598 3118 1984 3190 Utconfringa-

2101 3131 2236 3196 ποῦς
2283 3149 2378 3187 σου
2430 3134 2487 3186 ἐν
2518 3133 2730 3204 αἵματι.
2764 3151 2782 3183 ›
2826 3132 2965 3185 Ἀνθ’
3011 3127 3073 3187 οὗ
3098 3135 3127 3186 6
3171 3133 3465 3205 Σύμμαχος
3493 3133 3632 3204 ἡρμή-

415 3227 505 3270 tur
528 3233 624 3287 pes
652 3222 781 3270 tuus
802 3231 926 3269 cum
957 3215 1244 3284 sanguine,
1269 3220 1322 3267 et
1351 3213 1553 3267 lambat
1578 3213 1762 3282 lingua
1791 3226 1990 3267 canum

414 3317 634 3362 tuorum
665 3308 732 3361 ab
764 3321 1094 3378 unoquoque
1131 3304 1480 3360 inimicorum
1510 3313 1754 3361 tuorum.
1795 3325 1814 3357 ι
1854 3304 1990 3360 Nam

414 3415 539 3453 cum
597 3398 850 3455 inimicos
903 3413 1037 3454 suos
1088 3404 1415 3461 contereret,
1471 3405 1525 3452 et
1570 3399 1748 3468 capita
1800 3413 1990 3453 eorum

413 3491 809 3562 confringeret,
839 3491 1028 3564 pedem
1059 3507 1218 3548 suum
1250 3492 1518 3561 sanguine
1551 3507 1619 3546 ex
1665 3491 1844 3561 capite
1886 3491 1992 3544 ini-

412 3584 540 3638 mici
575 3585 658 3639 sui
691 3582 892 3638 ﬂuente
923 3583 1186 3654 replebat.
1211 3579 1393 3650 Quare
1449 3585 1504 3638 in
1556 3581 1697 3638 lsaia
1745 3583 1985 3640 dicitur:

415 3693 437 3728 ι
477 3673 614 3743 Quis
666 3682 752 3730 est
801 3674 890 3729 hic
944 3675 1038 3745 qui
1087 3675 1236 3730 venit
1281 3691 1349 3731 ex
1404 3673 1600 3739 Edom,
1630 3675 1798 3730 rubor
1821 3677 1990 3731 vesti-

410 3776 716 3822 mentorum
746 3783 812 3821 ex
845 3765 1016 3822 Bosor
1032 3767 1116 3821 “1?
1143 3787 1162 3820 ι
1203 3782 1265 3822 ac
1299 3766 1494 3822 deinde
1521 3785 1534 3821 :
1572 3785 1590 3818 ι
1617 3765 1798 3834 Quare
1821 3768 1987 3824 rubra

408 3863 735 3915 vestimenta
761 3867 875 3926 tua,
903 3869 959 3915 et
1006 3861 1324 3916 indumenta
1347 3869 1440 3914 tua
1470 3859 1616 3915 sicut
1645 3861 1840 3915 calcati
1871 3867 1986 3916 tor-

409 3951 635 4014 cularis,
669 3952 861 4022 plenus
892 3952 1316 4007 conculcata“?
1351 3973 1370 4005 ι
1410 3954 1610 4008 Postea
1661 3954 1984 4024 rogantibus

407 4042 484 4096 ita
521 4043 813 4111 respondet
844 4061 856 4095 :
897 4061 915 4093 ι
957 4041 1176 4097 Calcavi
1208 4045 1359 4114 ipsos
1386 4045 1442 4099 in
1490 4044 1680 4099 furore
1714 4059 1837 4099 meo
1858 4044 1924 4100 ιδ.
1958 4064 1976 4096 ι

405 4129 508 4188 Hic
542 4134 678 4187 item
730 4141 856 4202 post
893 4134 1101 4188 calcata
1153 4135 1452 4190 draconum
1491 4136 1695 4206 capita,
1729 4135 1932 4190 dicitur
1964 4155 1977 4191 :

409 4243 430 4276 ι
463 4221 534 4280 Ut
585 4223 962 4295 confringatur
1012 4240 1110 4296 pes
1151 4233 1280 4282 tuus
1326 4242 1450 4281 cum
1500 4227 1786 4298 sanguine,
1818 4247 1836 4279 ι
1871 4227 1977 4292 vel,

410 4333 429 4366 ς
470 4314 541 4371 Ut
573 4316 875 4387 intingatur
901 4331 998 4386 pes
1030 4324 1158 4372 tuus
1181 4317 1235 4371 in
1262 4317 1550 4390 sanguine,
1583 4326 1636 4374 et
1673 4318 1858 4389 lingua
1885 4334 1978 4372 ca-

403 4425 532 4463 num
555 4416 773 4463 tuorum
800 4426 867 4465 ex
892 4408 1129 4465 inimicis
1161 4411 1228 4464 ab
1255 4411 1393 4481 ipso.
1437 4431 1454 4462 ι
1498 4409 1606 4464 Pro
1635 4425 1744 4480 quo
1772 4409 1975 4466 clarius

2095 3242 2281 3278 νευσεν
2308 3225 2504 3279 εἰπὼν·
2541 3244 2558 3276 ι
2592 3227 2779 3288 Ὅπως
2809 3223 3157 3298 συγκατεάξῃ
3187 3227 3216 3278 6
3248 3225 3390 3289 ποῦς
3419 3243 3501 3278 σου
3529 3222 3632 3295 μετὰ

2093 3318 2342 3388 αἵματος,
2385 3318 2480 3372 καὶ
2527 3318 2668 3390 λάψῃ
2713 3317 3000 3390 ήγλῶσσα
3045 3317 3150 3370 τῶν
3196 3318 3380 3371 κυνῶν
3432 3335 3513 3370 σου
3552 3316 3632 3369 ἀπὺ

2093 3410 2323 3462 ἑκάστου
2379 3409 2487 3462 τῶν
2536 3409 2744 3482 ἐχθρῶν
2795 3426 2907 3462 σου.
2956 3428 2974 3459 ι
3039 3409 3352 3480 Συντρίϐων
3398 3409 3498 3480 γὰρ
3536 3408 3631 3469 τοὺς

2093 3497 2288 3551 ἑαυτοῦ
2334 3498 2562 3570 ἐχθροὺς
2593 3499 2688 3551 καὶ⁹
2733 3497 2832 3562 τὰς
2885 3496 3126 3566 κεφαλὰς
3173 3495 3357 3549 αὐτῶν
3412 3495 3629 3556 συνθλῶν,

2091 3590 2329 3661 ἐπλήρου
2377 3589 2468 3642 τὸν
2501 3586 2693 3642 ἐαυτοῦ
2739 3587 2874 3640 πόδα
2906 3587 3157 3656 αἵματος,
3190 3584 3286 3638 τοῦ
3338 3587 3402 3638 ἐκ
3427 3583 3524 3636 τῶν
3562 3599 3632 3635 κε-

2091 3680 2275 3749 φαλῶν
2323 3679 2419 3732 τοῦ
2455 3679 2649 3752 ἐχθροῦ
2702 3677 2867 3732 αὐτοῦ
2921 3678 3160 3748 ῥυέντος.
3214 3676 3309 3730 Διὸ
3362 3676 3557 3744 ἐλέγετο
3587 3675 3631 3726 ἐν

2100 3773 2330 3843 Ἠσαῖξιο
2370 3791 2388 3822 ‹
2423 3773 2519 3835 Τίς
2549 3765 2705 3834 οὗτος
2757 3773 2785 3824 6
2835 3770 3279 3841 παραγενόμενος
3333 3766 3395 3831 ἐξ
3455 3764 3628 3832 Ἐἂὶιμς

2045 3879 2051 3883 ”
2087 3867 2337 3939 ἐρύθημα
2375 3867 2605 3938 ἱματίων
2636 3867 2699 3918 ἐκ
2721 3863 2890 3936 Βοσόρ
2917 3880 2930 3928 ;
2961 3883 2978 3913 ι
3005 3863 3097 3916 καὶ
3127 3861 3288 3932 ἐξῆς’
3315 3881 3334 3914 ι
3361 3859 3456 3912 Διὰ
3485 3858 3531 3910 τί
3560 3869 3630 3906 σου

2086 3956 2290 4029 ἐρυθρὰ
2328 3957 2396 4008 τὰ
2427 3957 2634 4026 ἱμάτια,
2680 3954 2771 4008 καὶ
2801 3954 2869 4007 τὰ
2902 3952 3174 4022 ἐνδύματὰ
3202 3969 3295 4004 σου
3339 3950 3416 4012 ὡς
3449 3949 3627 4002 ἀποπα-

2083 4051 2246 4121 τητοῦ
2273 4047 2454 4118 ληνοῦ,
2481 4048 2694 4118 πλήρης
2721 4063 2938 4114 πεπατη
2950 4044 3115 4115 μένης
3139 4059 3153 4107 ;
3184 4063 3201 4092 ι
3229 4038 3344 4095 Εἶθ’
3375 4041 3496 4110 ἑξῆς
3522 4038 3628 4090 ἀπο-

2085 4143 2329 4214 κρίνεται
2362 4140 2497 4213 πρὸς
2523 4141 2647 4203 τοὺς
2675 4140 3078 4211 ἐρωτήσαντας,
3115 4135 3207 4189 καί
3246 4152 3416 4206 φησι·
3460 4151 3477 4183 ‹
3507 4133 3627 4184 Κατ-

2083 4235 2334 4306 επάτησα
2359 4232 2555 4295 αὐτοὺς
2590 4233 2646 4284 ἐν
2676 4230 2832 4302 θυμῷ
2866 4247 2987 4302 μου.
3042 4248 3060 4278 ι
3089 4229 3198 4282 Καὶ
3233 4225 3467 4280 ἐνταῦθα
3481 4221 3626 4275 τοίνυν

2084 4325 2223 4396 μετὰ
2266 4323 2364 4394 τήν
2415 4321 2703 4392 συντριϐὴν
2735 4321 2844 4373 τῶν
2893 4317 3144 4388 κεφαλῶν
3187 4316 3297 4369 τῶν
3357 4311 3627 4385 δρακόντοιν

2081 4417 2353 4470 λέλεκται’
2390 4434 2406 4466 ι
2442 4415 2626 4477 Ὅπως
2657 4412 2722 4467 ἂν
2771 4410 3118 4483 συγκατεάξῃ
3146 4411 3175 4463 6
3205 4405 3342 4471 ποῦς
3379 4421 3471 4459 σου
3517 4397 3627 4472 μετὰ

404 4496 768 4570 Symmachus
803 4500 1191 4568 interpretatus
1225 4509 1310 4556 est
1352 4501 1564 4563 dicens,
1601 4518 1620 4551 ι
1657 4499 1724 4553 Ει
1764 4501 1972 4555 lambat

2101 4511 2328 4581 ιῖματος,
2345 4529 2362 4561 ³
2383 4509 2439 4580 ἢ,
2459 4509 2677 4570 (Ὅπως
2701 4507 2844 4578 βαφῇ
2870 4508 2904 4588 ὁ,
2915 4504 3048 4568 ποῦς
3071 4521 3163 4557 σου
3189 4505 3246 4555 ἐν
3273 4502 3480 4572 αἵματι,
3499 4496 3623 4562 καὶὴ

401 4590 585 4662 lingua
613 4606 810 4646 canum
846 4599 1088 4655 tuorum,
1121 4593 1189 4648 ab
1239 4607 1572 4663 unoquoque
1619 4592 1974 4648 inimicorum

2101 4600 2295 4653 ’λῶσσα
2349 4598 2456 4652 τῶν
2491 4597 2666 4652 κυνῶν
2723 4615 2814 4650 σου
2873 4596 2932 4662 ἐξ
2988 4594 3198 4666 ἐχθρῶν
3246 4594 3372 4665 παρ’
3410 4587 3574 4644 αὐτοῦ.
3607 4603 3621 4632 ι

398 4691 640 4739 tuorum.
684 4704 703 4737 ›
740 4683 918 4741 Canes
955 4701 1119 4756 porro
1151 4679 1366 4739 Domini
1420 4683 1743 4755 sanguinem
1785 4685 1973 4738 inimi-

2101 4691 2228 4746 Ανθ⁹
2257 4684 2318 4745 οῦ
2352 4691 2672 4763 λευκότερον
2700 4691 2727 4743 6
2750 4689 3046 4760 Σύμμαχος
3077 4687 3421 4758 ήρμήνευσεν
3446 4676 3621 4733 εἰπών·

396 4791 587 4830 eorum
621 4775 742 4846 ejus
777 4777 1099 4843 lambentes,
1137 4792 1277 4846 quos
1305 4791 1428 4832 esse
1459 4775 1689 4840 dixeris,
1719 4777 1824 4830 nisi
1851 4792 1968 4847 gre-

2126 4786 2236 4838 Kal
2268 4783 2411 4854 λάψῃ
2441 4785 2473 4854 ή
2511 4783 2731 4852 γλῶσσα
2776 4780 2885 4834 τῶν
2922 4779 3101 4834 κυνῶν
3132 4777 3225 4831 ἂου
3273 4776 3378 4830 ἀπὸ
3425 4772 3622 4826 ἑκάστου

396 4869 480 4939 gis
527 4869 700 4940 ipsius
741 4870 997 4926 custodes
1042 4869 1334 4941 pervigiles
1379 4869 1474 4940 qui
1523 4867 1823 4922 Ecclesiam
1851 4869 1972 4938 ejus

2104 4877 2178 4930 ῶν
2209 4875 2420 4949 ἐχθρῶν
2466 4892 2580 4928 σου.
2613 4894 2631 4926 ι
2666 4874 2851 4939 Κύνας
2884 4874 2941 4926 δέ
2973 4871 3067 4925 τοῦ
3115 4869 3320 4941 Κυρίου
3353 4866 3623 4920 λάπτοντας

393 4968 638 5028 tuentur,
693 4964 809 5018 sive
835 4963 1061 5019 ultrices
1106 4961 1376 5032 quasdam
1421 4961 1676 5026 virtutes,
1702 4976 1822 5030 qua:
1848 4975 1974 5016 con-

2102 4967 2131 5020 δ
2153 4963 2291 5038 αἷμα
2322 4966 2430 5021 τῶν
2461 4965 2673 5038 ἐχθρῶν
2704 4963 2868 5019 αὑτοῦ
2901 4963 3054 5026 τίνας
3080 4959 3146 5015 ἂν
3175 4961 3348 5020 εἴποις
3377 4957 3411 5028 ἢ
3441 4955 3553 5015 τοὺς
3570 4949 3621 5001 τά

391 5053 635 5110 terendis
667 5053 906 5111 inimicis
919 5055 1040 5125 ejus
1066 5053 1410 5117 incumbunt,
1429 5067 1656 5123 quaeque
1669 5053 1967 5123 perniciem

2101 5058 2302 5128 ποίμνια
2345 5057 2512 5112 αὑτοῦ
2547 5055 2910 5127 φυλάττοντας
2943 5052 3188 5124 φύλακάς
3227 5065 3376 5111 τινας
3422 5040 3620 5116 ἐγρηγά

395 5162 585 5201 eorum
616 5147 1019 5218 quodammodo
1042 5145 1336 5218 degustare
1357 5145 1652 5217 satagunt?

2101 5167 2224 5214 mg,
2251 5149 2349 5222 τὴν
2381 5149 2706 5220 Ἐκκλησίαν
2739 5146 2903 5200 αὐτοῦ
2939 5139 3379 5217 φρουροῦντας,ῆ
3403 5148 3615 5207 τιμωρη-

390 5243 549 5308 τικάς
566 5261 718 5308 τινας
741 5244 999 5316 δυνάμεις
1022 5241 1459 5314 ἐπεμϐαινούσας
1483 5244 1549 5314 τῇ
1607 5241 1867 5313 συντριϐῇ
1893 5242 2004 5297 τῶν
2041 5244 2253 5317 ἐχθρῶν
2279 5245 2446 5300 αὑτοῦ
2463 5286 2478 5311 ,
2537 5245 2631 5298 καὶ
2663 5242 2852 5314 ὥσπερ
2895 5238 3263 5308 ἀπογεύεσθαι
3309 5227 3616 5302 πειρωμένας

387 5338 486 5409 τῆς
516 5339 792 5402 ἀπωλείας
823 5337 1001 5392 αὐτῶν
1027 5354 1042 5403 ;

455 5450 624 5508 Vens.
655 5453 744 5516 25,
776 5453 867 5509 26.
901 5471 920 5504 ‹
978 5452 1096 5509 Visi
1134 5455 1276 5508 sunt
1320 5453 1604 5524 ingressus
1641 5449 1745 5514 tui,
1795 5451 1962 5517 Deus,

385 5546 669 5618 ingressus
698 5545 791 5601 Dei
816 5548 944 5612 mei,
983 5546 1131 5618 regis
1163 5546 1306 5609 mei,
1335 5546 1432 5616 qui
1468 5553 1553 5600 est
1596 5544 1650 5598 in
1684 5553 1896 5600 sancto.
1937 5563 1956 5595 ι

385 5637 511 5695 Haec
536 5646 936 5709 consequenter
962 5637 1401 5710 praecedentibus
1424 5637 1782 5707 adjiciuntur.
1818 5634 1960 5704 Quia

2143 5472 2162 5504 ι
2206 5453 2622 5526 Ἐθεωρήθησαν
2660 5455 2717 5507 αἱ
2750 5451 2965 5525 πορεῖαί
3007 5467 3122 5517 σου,
3147 5450 3301 5514 Θεὸς,
3339 5449 3388 5501 αἱ
3422 5454 3608 5514 πορεισι

2065 5542 2160 5597 τοῦ
2193 5542 2328 5597 Θεοῦ
2365 5560 2489 5614 μου,
2530 5542 2624 5598 τοῦ
2662 5542 2923 5614 βασιλέως
2954 5559 3078 5613 μου,
3120 5540 3212 5596 τοῦ
3239 5543 3298 5594 ἐν
3324 5535 3397 5608 τῷ
3427 5532 3601 5630 ἁγίῳ..)

2063 5638 2175 5690 Καὶ
2199 5635 2367 5690 ταῦτα
2388 5639 2500 5700 τοίς
2532 5635 2903 5707 προλεχθεῖσιν
2932 5632 3238 5696 ἀκολούθως
3265 5629 3598 5698 ἐπενήνσκται.

1513 5793 1562 5825 ⁸⁵
1584 5793 1715 5850 ibid.
1741 5792 1796 5848 2.
1873 5792 1918 5825 ”
1947 5792 2080 5848 ibid.
2116 5792 2170 5846 5.

454 5795 499 5824 ⁸⁸
523 5791 667 5848 Psal.
695 5807 808 5860 tux,
835 5793 888 5846 l.
961 5793 1006 5825 “
1031 5793 1137 5848 lsa.
1167 5802 1322 5858 um,
1346 5793 1398 5847 i.
