3776 6284
123 330 207 390 vos
1196 321 1621 379 COMMENTAR

1742 320 1807 377 IN
1844 321 2185 380 PSALMOS.

3216 330 3317 385 710

129 442 310 513 Ἐπειδὴ
345 440 445 511 γὰρ
488 438 553 493 τά
602 437 971 511 θεπιζόμενα
1020 440 1150 514 πρὶν
1194 443 1444 511 γενέσθαι
1506 460 1621 516 προ-

1744 444 1887 498 enim
1919 457 2041 512 quae
2064 442 2118 496 in
2149 441 2413 497 vaticinio
2457 441 2730 511 feruntur,
2786 453 3075 518 antequam
3130 453 3317 501 essent

110 536 359 606 εθεωρεῖτο
383 533 490 593 τοῖς
522 530 694 597 ἁγίοις
722 531 815 584 τοῦ
846 532 981 585 Θεοῦ
1007 534 1330 605 προφήταις,
1366 534 1453 587 διὰ
1477 534 1636 587 τοῦτό

117 642 249 698 φησιν
278 622 499 690 ὁλόγος·
548 638 567 671 t
615 621 1030 695 Ἐθεωρήθησαν
1072 627 1127 678 αἱ
1174 626 1388 696 πορεῖαί
1446 644 1560 689 σου,
1607 627 1636 678 6

114 721 234 783 Θεός.
259 739 275 771 ι
300 719 445 770 Ποῐαι
469 716 522 768 δὲ
546 720 788 788 πορεῖαι;
823 718 958 773 ἀλλὰ
988 718 1174 791 πρώτη
1213 720 1316 790 μὴν
1350 722 1383 791 ἡ
1411 721 1635 785 κάθοδος

108 810 291 880 αὐτοῦὴ
326 810 378 859 ἐν
406 806 570 870 Σιναῒ,
599 809 693 860 καὶ
727 809 888 862 πάλιν
930 811 962 880 ή
996 810 1258 873 ἀνάϐασις
1288 814 1319 882 ή
1366 814 1445 876 εὶς
1480 812 1632 881 ὕψος,

108 904 187 959 καὶ
212 899 350 964 αὖθις
385 903 415 971 ἠ
437 898 710 973 κάθοδοςὴ
738 904 829 955 ἐπὶ
855 903 1034 957 Βασὰν
1075 905 1169 957 καὶ
1212 906 1243 974 ἡ
1280 904 1488 957 ἐκεῖθεν
1510 909 1630 959 ἑπι-

108 995 304 1069 στροφὴ,
350 994 381 1064 ἥ
420 1010 476 1046 τε
525 993 686 1064 μέχρι
735 994 829 1047 τοῦ
880 996 1111 1049 Θανάτου
1160 996 1490 1061 κατάϐασις,
1539 998 1633 1051 καὶ

106 1085 311 1139 ἐντεῦθεν
357 1082 570 1149 διέξοδοι
616 1085 777 1137 αὑτοῦ
803 1124 817 1149 ,
865 1087 960 1139 καὶ
998 1087 1088 1139 ἐπὶ
1127 1088 1350 1157 «amt;
1400 1088 1463 1141 ὲκ
1524 1088 1631 1140 τῶν

107 1181 249 1250 βυθῶν
271 1179 361 1249 τῆς
382 1176 654 1248 θαλάσσης
686 1178 946 1242 ἐπάνοδος
972 1195 985 1243 ;
1013 1173 1184 1232 Αῦται
1221 1181 1390 1233 πᾶσαι
1418 1182 1629 1250 πορεῖαι

104 1271 214 1343 ἦσαν
242 1270 325 1324 τοῦ
355 1270 677 1340 δηλουμένου
718 1271 947 1342 Κυρίου,
979 1271 1181 1335 αἵτινες
1217 1275 1328 1336 τοῖς
1368 1271 1461 1326 τοῦ
1495 1271 1627 1325 Θεοῦ

105 1366 361 1437 προφήταις
381 1361 759 1433 ὲθεωρήθησαν
784 1364 913 1434 πρὶν
947 1362 1229 1432 γενέσθαι·
1274 1363 1353 1416 διὸ
1391 1365 1482 1417 καὶ
1510 1369 1629 1429 ταῖς

102 1456 415 1528 προφητικαῐς
461 1452 839 1524 παρεδόθησαν
902 1454 1165 1525 Γραφαῖς.
1235 1455 1474 1519 Εἰκότως
1535 1453 1627 1510 οῦν

102 1544 343 1616 εἴρηται-ι
383 1541 793 1615 Ἐθεωρήθησαν
837 1545 891 1597 αἱ
942 1546 1156 1616 πορεῖαί
1186 1564 1275 1600 σου
1302 1587 1317 1610 ,
1348 1548 1376 1599 6
1414 1548 1563 1612 Θεός,
1601 1568 1619 1601 ι

100 1634 187 1690 Εἶτ’
219 1635 554 1704 ἀσφαλίζεται
603 1635 871 1691 διδάσκων
923 1637 1077 1690 ποίου
1124 1638 1257 1692 Θεοῦ
1305 1643 1361 1693 αί
1412 1646 1625 1712 πορεῖαι

99 1728 458 1799 ἑθεωρήθησαν·
506 1728 587 1781 διὸ
628 1729 868 1797 ἐπιλέγει
895 1746 907 1759 ο
960 1748 978 1780 ‹
1010 1731 1075 1783 Αἰ
1114 1736 1325 1804 πορεῖαι
1355 1733 1449 1786 τοῦ
1487 1733 1622 1788 Θεοῦ

1739 534 2179 605 praevidebantur
2204 550 2232 588 a
2258 536 2464 591 sanctis
2488 535 2581 590 Dei
2610 538 2909 606 prophetis,
2934 539 3054 593 ideo
3076 537 3310 592 dicitur:

1742 646 1759 678 ι
1807 624 1918 681 Visi
1977 634 2108 682 sunt
2157 628 2438 696 ingressus
2488 629 2589 691 tui,
2624 627 2786 683 Deus.
2820 650 2838 682 ι
2874 631 2975 696 Qui
3006 631 3308 702 ingressus.

1735 718 1844 773 nisi
1900 718 2134 789 primum
2194 719 2496 775 descensus
2526 720 2646 789 ejus
2688 722 2742 775 in
2777 722 2949 786 Sinai,
2982 739 3048 777 ac
3089 738 3311 777 rursum

1735 826 2002 866 ascensus
2038 811 2093 864 in
2130 811 2322 874 altum,
2362 812 2670 881 iterumque
2696 814 2995 870 descensus
3026 816 3081 869 in
3128 815 3312 870 Basan

1734 917 1796 955 ac
1827 918 2111 971 regressus
2134 902 2187 954 in
2222 903 2414 964 altum,
2444 910 2499 957 et
2540 920 2732 960 rursus
2763 906 3026 961 demissio
3056 906 3181 976 ejus
3213 922 3312 963 us-

1735 1009 1841 1064 que
1895 993 1963 1046 ad
2021 1003 2280 1056 mortem,
2308 1002 2363 1048 et
2406 996 2589 1049 exitus
2635 998 2781 1053 illius
2807 1014 2870 1051 ex
2897 1013 2982 1062 ea,
3007 1014 3069 1052 ac
3113 1010 3312 1068 praeter

1736 1088 1849 1141 haec
1906 1087 2093 1141 omnia
2155 1088 2365 1143 reditus
2391 1103 2456 1142 ex
2488 1088 2761 1158 profundo
2791 1091 2990 1145 maris?
3023 1090 3085 1143 Hi
3118 1106 3310 1147 omnes

1732 1179 2014 1248 ingressus
2059 1186 2216 1233 erant
2263 1183 2549 1235 memorati
2596 1181 2830 1246 Domini,
2863 1183 2957 1252 qui
3017 1194 3306 1253 antequam

1730 1272 2059 1325 exsisterent
2089 1286 2119 1324 a
2155 1271 2435 1341 prophetis
2474 1270 2566 1324 Dei
2622 1273 2725 1327 visi
2773 1280 2902 1327 sunt
2936 1291 2948 1325 :
2980 1289 3151 1342 quare
3183 1287 3310 1342 pro-

1729 1361 1961 1429 pheticis
1992 1362 2046 1415 in
2102 1362 2321 1432 scriptis
2350 1365 2661 1433 consignati
2699 1372 2848 1418 sunt.
2902 1363 3034 1419 Jure
3074 1379 3204 1434 ergo
3231 1364 3310 1419 di-
3340 1360 3343 1363 ’

1729 1460 1876 1507 ctum
1911 1463 1995 1509 est
2033 1473 2047 1509 :
2087 1473 2105 1505 ι
2142 1453 2255 1509 Visi
2290 1464 2418 1510 sunt
2448 1457 2727 1526 ingressus
2758 1457 2860 1521 tui,
2890 1456 3052 1512 Deus.
3090 1477 3108 1508 υ
3149 1456 3310 1510 Dein—

1729 1546 1903 1615 deque
1922 1562 2040 1601 rem
2064 1546 2354 1601 conﬁrmat
2382 1548 2634 1602 indicans
2658 1548 2949 1619 cujusnam
2977 1547 3067 1603 Dei
3095 1550 3308 1619 ingres-

1728 1653 1823 1693 sus
1856 1639 1956 1693 visi
1989 1639 2226 1707 luet-int;
2262 1656 2387 1693 nam
2420 1641 2608 1709 adjicit
2639 1660 2650 1694 :
2684 1660 2699 1691 ι
2738 1641 3023 1711 Ingressus
3056 1640 3151 1695 Dei
3174 1642 3305 1704 mei,

1727 1731 1870 1800 regis
1916 1730 2045 1785 mei.
2084 1750 2103 1783 ι
2152 1730 2272 1785 Non
2318 1733 2638 1801 simpliciter
2666 1731 2789 1796 Dei,
2826 1745 2916 1788 aut
2963 1735 3107 1801 regis
3136 1774 3152 1797 ,
3209 1732 3307 1789 sed

100 1840 195 1892 μου,
224 1821 307 1875 τοῦ
332 1819 591 1891 βασιλέως
624 1839 744 1892 μου.
776 1842 795 1873 ι
828 1823 903 1874 Οὐ
949 1822 1057 1895 γὰρ
1087 1825 1270 1889 ἁπλῶς
1315 1826 1471 1891 Θεοῦ,
1504 1828 1621 1881 οὐδὲ

1742 1839 1750 1871 l
1778 1820 1869 1874 Dei
1901 1822 2029 1875 mei.
2054 1840 2072 1872 ι
2104 1820 2219 1877 Hoc
2248 1838 2414 1893 porro
2439 1824 2616 1878 simile
2651 1821 2812 1877 fuerit
2845 1823 2945 1885 illi,
2967 1842 2986 1873 ι
3016 1823 3161 1877 Dixit
3199 1823 3307 1877 Do-
3376 1816 3379 1819 ’

99 1913 345 1982 βασιλέως,
381 1913 515 1966 ἀλλὰ
543 1912 636 1967 τοῦ
685 1933 703 1965 ι
733 1914 869 1968 Θεοῦ
911 1934 1032 1987 μου.
1086 1936 1103 1969 ι
1144 1917 1312 1971 Τοῦτο
1353 1920 1409 1973 δὲ
1442 1921 1623 1991 ὅμοιον

96 2006 303 2075 τυγχάνει
330 2004 433 2075 τῷ,
465 2024 484 2056 ι
518 2001 653 2058 Εἷπε
679 2005 884 2078 Κύριος
908 2007 986 2079 τῷ
1018 2010 1207 2081 Κυρίῳ
1235 2028 1334 2080 μου
1355 2028 1368 2041 ’
1418 2031 1436 2063 ι
1469 2015 1495 2065 6
1526 2014 1623 2083 μὲν

94 2098 178 2167 γὰρ
196 2097 389 2168 πρῶτος
415 2099 443 2151 6
466 2099 561 2151 ἐπὶ
591 2099 806 2152 πάντων
839 2101 922 2171 εῐη
956 2100 1021 2154 ἂν
1050 2101 1209 2166 Θεός·
1239 2104 1266 2155 6
1289 2104 1345 2157 δὲ
1371 2104 1622 2177 δεύτερος

93 2190 255 2261 Κύριος
292 2190 318 2241 6
359 2189 605 2244 ἁκούων⁴
659 2208 678 2241 ι
713 2190 896 2244 Κάθου
938 2193 1002 2245 ἐκ
1052 2191 1241 2258 δεξιῶν
1294 2213 1415 2266 μου,
1440 2215 1459 2248 ι
1492 2198 1622 2268 ἐμὸς

88 2278 302 2349 τυγχάνει
320 2278 519 2351 Κύριος
537 2294 551 2307 ·
587 2278 685 2342 διὸ,
710 2298 727 2329 ι
753 2274 889 2331 Εἷπε
913 2279 1115 2351 Κύριος
1134 2280 1210 2351 τῷ
1238 2282 1428 2353 Κυρίῳ
1453 2299 1573 2353 μου.
1596 2302 1615 2334 ›

91 2371 176 2423 Καὶ
195 2370 409 2424 ἐνταῦθα
433 2370 615 2424 τοίνυν
644 2370 736 2423 τὸν
781 2370 1030 2443 δεύτερον
1094 2374 1371 2444 σημαίνων
1400 2376 1427 2426 ὁ
1460 2374 1621 2438 αὐτὸς

91 2465 327 2534 προφήτης
372 2466 540 2537 φησίν
563 2482 576 2495 ·
614 2483 633 2516 ι
665 2467 732 2518 At
775 2468 987 2540 πορεῖαι
1037 2467 1131 2521 τοῦ
1175 2469 1310 2522 Θεοῦ
1344 2487 1443 2541 μου
1467 2510 1481 2534 ,
1524 2469 1617 2523 τοῦ

92 2553 308 2623 βασιλέως
336 2573 467 2627 μου,
518 2555 613 2609 τοῦ
661 2557 719 2609 ὲν
751 2557 829 2628 τῷ
874 2557 1031 2628 ἁγίῳ.
1063 2576 1081 2609 ι
1145 2558 1271 2612 Ἐάν
1316 2558 1424 2629 γὰρ
1477 2559 1620 2627 λέγω

90 2645 416 2717 θεωρουμένας
451 2648 714 2720 πορείας,
772 2651 845 2720 μή
883 2667 967 2713 τις
1004 2648 1273 2721 νομιζέτω
1328 2668 1395 2721 με
1441 2651 1620 2719 λέγειν

87 2734 159 2788 τοῦ
186 2737 267 2788 ἐπὶ
310 2738 524 2791 πάντων
567 2737 733 2790 Θεοῦ·
769 2737 903 2792 ἀλλὰ
948 2738 1042 2791 τοῦ
1080 2738 1213 2792 Θεοῦ
1246 2757 1347 2810 μου
1391 2740 1483 2793 καὶ
1525 2739 1617 2793 τοῦ

88 2826 309 2895 βασιλέως
353 2846 450 2899 μου
498 2831 734 2899 πορεῖαι.
791 2830 929 2883 Ἀλλ’
976 2831 1162 2902 ἐπειδὴ
1213 2850 1230 2882 ι
1271 2830 1618 2903 προέφθασαν

86 2920 299 2989 ἄρχοντες
350 2922 606 2992 ἐχόμενοι
663 2922 971 2991 ψαλλόντων
1029 2925 1086 2977 ἐν
1156 2924 1307 2994 μέσῳ
1362 2924 1616 2978 νεανίδων

83 3018 505 3089 τυμπανιστριῶν.
545 3037 564 3071 ι
599 3019 763 3072 Αὐτοὶ
800 3019 907 3090 γὰρ
939 3010 1084 3071 οὗτοι
1115 3019 1164 3071 οἱ
1207 3018 1618 3090 προφθάσαντες

1725 1912 1907 1965 minus
1940 1912 2168 1966 Domino
2202 1929 2322 1968 meo
2364 1933 2376 1968 :
2428 1934 2446 1967 ι
2498 1917 2704 1984 primus
2765 1914 2965 1984 quippe
3020 1916 3307 1969 universo-

1724 2016 1848 2054 rum
1884 2000 2025 2058 Deus
2060 2002 2265 2069 luerit;
2298 2004 2571 2057 secundus
2597 2018 2726 2057 vero
2756 2001 3040 2065 Dominus,
3078 2000 3169 2070 qui
3213 2015 3307 2054 au-

1724 2092 1823 2156 clit,
1864 2112 1881 2144 ι
1924 2091 2059 2148 Sede
2090 2109 2120 2148 a
2144 2093 2352 2149 dextris
2382 2098 2518 2149 meis
2535 2094 2600 2159 ⁸⁵,
2641 2114 2659 2145 ι
2695 2110 2849 2149 meus
2871 2093 3133 2147 Dominus
3163 2099 3247 2146 est
3283 2108 3299 2146 :

1723 2201 1912 2257 quare,
1950 2205 1969 2237 ι
2016 2186 2160 2240 Dixit
2203 2186 2467 2243 Dominus
2500 2186 2728 2241 Domino
2753 2203 2891 2242 meo.
2928 2206 2947 2239 ι
2988 2185 3087 2239 Hic
3132 2185 3305 2255 igitur

1722 2278 1873 2331 illum
1913 2279 2156 2333 secundo
2186 2279 2308 2334 loco
2354 2280 2589 2350 positum
2620 2282 2734 2349 ipse
2773 2278 3042 2348 Propheta
3091 2276 3304 2348 signiﬁ-

1721 2383 1854 2423 cans
1885 2368 2019 2422 dicit
2048 2388 2062 2423 :
2101 2388 2119 2420 ι
2160 2368 2446 2439 Ingressus
2474 2369 2566 2425 Dei
2591 2370 2719 2433 mei,
2757 2370 2901 2439 regis
2941 2369 3070 2434 mei,
3103 2370 3194 2438 qui
3218 2374 3305 2423 est

1723 2460 1777 2513 in
1815 2468 2029 2515 sancto.
2064 2459 2244 2514 iNam
2302 2476 2426 2515 cum
2474 2462 2758 2531 ingressus
2817 2460 2989 2515 videri
3039 2460 3184 2522 dico,
3233 2474 3304 2514 ne

1722 2551 1847 2621 quis
1873 2553 2148 2608 existimet
2179 2554 2562 2608 universorum
2588 2551 2682 2607 Dei
2724 2552 2845 2605 illos
2871 2567 3028 2617 esse;
3066 2550 3162 2605 sed
3207 2550 3302 2604 Dei

1720 2643 1861 2705 mei,
1896 2643 2039 2714 regis
2070 2644 2176 2698 mei
2220 2644 2504 2715 ingressus
2529 2652 2679 2699 sunt.
2717 2641 2914 2698 Verum
2941 2644 3068 2713 quia
3108 2661 3125 2693 ι
3163 2659 3303 2713 βιοτε-

1720 2743 1987 2788 venerunt
2014 2735 2290 2805 principes
2319 2735 2599 2803 conjuncti
2630 2734 3013 2804 psallentibus,
3042 2734 3094 2786 in
3119 2734 3301 2788 medio

1715 2824 2133 2893 juvencularum
2192 2825 2719 2896 tympanistriarum.
2766 2845 2785 2876 ›
2843 2823 2907 2877 lli
2971 2824 3115 2879 enim
3191 2824 3299 2894 ipsi

1721 2916 1999 2987 principes
2031 2916 2124 2986 qui
2164 2923 2566 2987 praevenerunt,
2595 2917 2710 2970 sive
2741 2916 2836 2984 qui
2878 2926 3102 2980 canunt,
3140 2925 3195 2969 et
3241 2916 3299 2969 in

1723 3005 1932 3078 Spiritu
1967 3017 2161 3065 sancto
2190 3007 2374 3062 futura
2400 3008 2792 3078 przenuntiant,
2819 3006 3187 3077 praeviderunt
3212 3006 3301 3060 in-

82 3107 318 3179 ἄρχοντες,
355 3112 387 3184 ἢ
420 3115 469 3165 οἱ
496 3113 712 3185 ᾄδοντες
738 3114 830 3166 καὶ
858 3112 1131 3184 Πνεῦματι
1162 3112 1300 3183 ἁγίῳ
1327 3112 1387 3165 τὸ
1425 3111 1615 3181 μέλλον

1742 3117 1949 3172 pressus
2002 3099 2095 3156 Dei
2143 3101 2248 3155 mei
2299 3101 2443 3171 regis
2491 3100 2617 3155 mei.
2676 3100 2755 3153 llli
2804 3115 2974 3163 vero,
3021 3100 3302 3169 prophetas

83 3198 421 3266 θεσπίζοντες,
466 3202 891 3274 προεθεὼρησαν
939 3201 1037 3265 τὰς
1084 3202 1306 3273 πορείας
1352 3200 1444 3255 τοῦ
1481 3200 1615 3254 Θεοῦ

1742 3208 1936 3263 tempe,
1968 3193 2269 3263 apostolos,
2300 3192 2392 3263 qui
2444 3200 2567 3263 post
2617 3207 2849 3259 venere,
2884 3200 3297 3261 praevenerunt.

83 3308 164 3360 μου
191 3295 274 3347 καὶ
294 3295 385 3348 τοῦ
413 3295 682 3366 βασιλέως
719 3314 842 3366 μου.
879 3290 1036 3349 Οὗτοι
1063 3295 1119 3347 δὲ
1154 3289 1292 3365 ἦσαν
1319 3294 1369 3346 οἱ
1405 3293 1617 3364 προφῆ-

79 3400 167 3445 ται,
195 3388 237 3439 οἱ
276 3388 684 3460 προφθάσαντες
719 3391 844 3453 τοὺς
888 3389 1026 3460 μετὰ
1051 3388 1226 3442 ταῦτα
1257 3387 1620 3459 προελθόντας

78 3476 386 3543 ἀποστόλους.
416 3480 524 3533 Δύο
562 3479 671 3554 γὰρ
705 3481 881 3552 χορῶν
909 3481 1007 3550 τὴν
1039 3480 1131 3533 τοῦ
1166 3480 1416 3552 Σωτῆρος
1460 3478 1617 3550 ἡμῶν

80 3567 316 3638 θεολογίαν
335 3572 645 3644 ἀνθρώποις
679 3572 1156 3645 παραδεδωκότων,
1174 3573 1210 3623 6
1238 3572 1335 3642 μὲν
1368 3570 1615 3642 προφθά-

79 3675 156 3721 σας
184 3662 328 3732 χορὸς
356 3658 423 3734 ἧν
452 3665 481 3716 6
516 3662 875 3733 προφητικὸς,
926 3665 953 3715 6
984 3663 1041 3716 δὲ
1087 3662 1338 3733 δεύτερος
1376 3660 1616 3714 ἐπελθὼν

75 3748 212 3803 ὁτῶν
246 3754 555 3807 ἀποστόλων
591 3754 684 3807 καὶ
725 3752 978 3825 μαθητῶν
1016 3753 1109 3806 τοῦ
1161 3753 1433 3824 ἃυτῆρος.
1468 3752 1616 3824 Πλὴν

74 3840 186 3895 ἀλλὰ
211 3844 589 3919 ὲθεωρήθησαν
632 3847 685 3898 αἱ
712 3849 928 3916 πορεῖαι
969 3845 1062 3898 τοῦ
1094 3845 1422 3915 δηλωθέντος
1447 3843 1611 3897 Θεοῦ⁶

74 3931 230 4000 ῆτοῖς
280 3938 374 4006 μὲν
434 3935 753 4001 ἀποστόλοις
798 3936 1211 4008 ἐθεωρήθησαν,
1256 3938 1305 3990 οἳ
1354 3938 1449 3990 καὶ
1495 3936 1617 4005 ὄψει

74 4026 345 4095 παρέλαϐον
400 4028 471 4082 τά
526 4029 693 4082 πάλαι
750 4028 1055 4101 προγνώσει
1118 4029 1614 4099 προπεφωνημένα.

74 4108 207 4168 Οὗτοι
240 4117 333 4188 μὲν
371 4114 465 4173 οῦν
498 4120 686 4182 αὐτοῖς
729 4118 1026 4189 ὀφθαλμοῖς
1055 4118 1154 4182 τὰς
1192 4118 1415 4189 πορείας
1456 4117 1618 4171 ἐθεώ-

74 4223 216 4277 ρησαν
262 4210 352 4263 τοῦ
392 4210 565 4265 Θεοῦο
616 4212 968 4283 προέφθασαν
1012 4211 1070 4264 δὲ
1114 4210 1310 4274 αὐτοὺς
1359 4211 1617 4282 ἄρχοντές

1720 3284 1934 3340 Etenim
1992 3301 2117 3340 cum
2161 3286 2270 3340 duo
2304 3285 2458 3340 chori
2510 3283 2811 3339 Salvatoris
2866 3283 3039 3337 nostri
3086 3282 3301 3336 theolo-

1718 3377 1863 3448 giam
1916 3376 2232 3431 hominibus
2283 3377 2628 3440 tradiderint,
2676 3376 2768 3444 qui
2820 3375 3027 3444 primus
3072 3374 3299 3443 prodiit,

1719 3468 2073 3539 propheticus
2102 3469 2484 3535 choruserat;
2516 3468 2608 3537 qui
2642 3482 2770 3521 vero
2810 3466 3087 3521 secundus
3113 3480 3302 3521 acces-

1720 3560 1810 3623 sit,
1846 3560 2226 3630 apostolorum
2252 3559 2718 3628 etdiscipulorum
2748 3556 2951 3612 Christi
2977 3557 3180 3610 chorus
3205 3571 3302 3610 ex-

1720 3653 1878 3708 stitit.
1912 3652 2181 3709 Cazterum
2216 3654 2317 3708 visi
2351 3660 2482 3707 sunt
2528 3651 2810 3719 ingressus
2838 3650 3122 3703 memorati
3160 3647 3296 3716 Dei;

1719 3745 1834 3799 sive
1861 3744 2122 3813 apostolis
2153 3743 2373 3812 quidem
2405 3742 2506 3795 visi
2557 3748 2706 3801 sunt,
2737 3740 2828 3808 qui
2878 3753 2999 3807 quae
3050 3737 3179 3790 olim
3229 3752 3299 3791 ex

1721 3837 2070 3908 prtescientia
2112 3835 2474 3906 praenuntiata
2510 3833 2726 3887 fuerant
2776 3832 2909 3902 ipsis
2950 3831 3125 3885 oculis
3164 3843 3299 3883 con-

1721 3940 2035 4002 spexerunt.
2085 3932 2151 3985 lli
2192 3932 2375 4000 itaque
2423 3929 2625 3985 oculati
2662 3928 2943 3998 ingressus
2990 3926 3084 3981 Dei
3125 3935 3298 3982 testes

1720 4028 1873 4081 fuere
1905 4045 1917 4078 :
1954 4025 2102 4095 ipsos
2135 4031 2315 4077 tamen
2343 4028 2719 4091 praevenerunt
2751 4019 3022 4089 principes
3076 4018 3299 4087 quidam

1720 4118 2001 4188 conjuncti
2053 4114 2413 4187 psallentihus
2444 4132 2457 4168 :
2492 4112 2650 4182 queis
2727 4111 3107 4180 signiﬁcantur
3169 4124 3297 4163 cum

1720 4213 1837 4283 ipse
1877 4209 2068 4272 David,
2119 4216 2231 4262 tum
2289 4207 2327 4261 ii
2378 4207 2472 4276 qui
2524 4219 2632 4258 una
2690 4218 2812 4257 cum
2844 4218 2910 4257 eo
2962 4210 3094 4256 tunc
3128 4201 3298 4256 duces

70 4314 188 4363 τινες
216 4297 354 4356 οὗτοι
386 4307 434 4357 οὶ
479 4304 727 4374 ἐχόμενοι
766 4303 873 4358 τῶν
905 4303 1231 4374 ψαλλόντων.
1268 4303 1528 4374 Σημαίνει
1560 4302 1616 4355 δὲ

1742 4300 1909 4371 >οριι1ἱ
1941 4305 2116 4354 erant.
2170 4295 2234 4349 lli
2269 4294 2551 4364 conjuncti
2607 4291 2972 4363 psallentihus
3021 4305 3299 4360 praevene-

69 4389 92 4436 δ
113 4388 247 4459 λόγος
274 4393 366 4447 τὸν
394 4394 559 4448 Δαυῒδ
592 4395 752 4449 αὐτὸν
786 4396 1028 4458 καὶτοὺς
1060 4395 1155 4447 σὺν
1178 4394 1325 4464 αὐτῷ
1354 4395 1446 4447 καὶ
1478 4393 1618 4447 κατὰ

1742 4395 1846 4440 ὐιιι
1870 4387 1923 4440 in
1942 4384 2553 4454 mediojuvencularum
2586 4380 3111 4451 tympanistriarum.
3137 4378 3298 4434 Tales

70 4485 172 4547 τοὺς
201 4489 395 4551 αὐτοὺς
441 4488 667 4561 χρόνους
704 4488 1039 4560 ἡγουμένους
1069 4487 1163 4541 τοῦ
1209 4487 1372 4541 λαοῦ’
1422 4488 1618 4551 οἵτινες

1742 4489 1869 4534 :erte
1897 4486 2054 4533 erant
2099 4474 2341 4530 Judaica:
2369 4487 2677 4544 synagoga,
2720 4468 3053 4540 imperfectae
3086 4468 3297 4523 scilicet

71 4577 286 4649 ἐχόμενοι
314 4556 783 4651 τῶν-’ᾦαλλόντων
820 4556 1171 4654 προέφθασαν
1215 4583 1273 4633 ὲν
1316 4581 1467 4651 μέσῳ
1496 4596 1618 4634 νεαο

1742 4577 1777 4625 :t
1828 4568 2006 4623 adhuc
2044 4566 2370 4637 juvenculaa,
2405 4564 2554 4618 nulla
2612 4562 2718 4615 alia
2759 4559 2989 4614 scientia
3031 4556 3293 4627 praedita,

69 4668 202 4723 νὶδων
228 4674 688 4745 τυμπανιστριῶν.
710 4674 969 4727 Τοιαῦται
999 4674 1057 4726 δὲ
1079 4668 1218 4744 ἦσαν
1243 4673 1299 4726 αἱ
1334 4672 1619 4726 Ἰουδαῖκαὶ

1742 4678 1887 4733 [nam
1924 4668 1984 4715 ut
2006 4658 2278 4731 tympanis
2308 4657 2423 4712 sive
2450 4653 2731 4725 corporeis
2763 4651 3143 4706 instrumentis
3168 4656 3293 4703 ute-

70 4738 378 4833 συναγωγαὶ,
409 4738 620 4829 ἀτελεῖς
648 4767 743 4819 καὶ
781 4767 946 4819 εἰσέτι
974 4738 1233 4831 νεάνιδες,
1275 4767 1432 4821 πλέον
1465 4766 1619 4819 οὐδὲν

1742 4764 1937 4818 'entur,
1982 4767 2047 4807 ex
2078 4761 2421 4806 mortuorum
2456 4747 2775 4802 animalium
2820 4743 2959 4814 pelle
3005 4738 3292 4795 confectis.

67 4830 402 4925 ἐπιστάμεναι
448 4858 483 4929 ἢ
527 4858 830 4928 τυμπάνοις
872 4857 1107 4929 χρῆσθαι
1134 4862 1249 4921 τοῖς
1289 4859 1619 4928 σωματικοῖς

1742 4847 1905 4912 )uare
1964 4843 2362 4916 tympanistria:
2422 4840 2705 4902 dicuntur,
2765 4834 2913 4906 quod
2955 4832 3093 4888 nihil
3148 4830 3297 4885 aliud

65 4943 289 5017 ὀργάνοις
324 4951 390 5003 ὲκ
430 4949 590 5021 δορᾶς
628 4948 836 5018 νεκρῶν
869 4949 1025 5012 ζώων
1068 4949 1612 5021 κατεσκευασμένοις.

1742 4946 1976 5004 ιοεεεηι,
1999 4953 2164 5009 quam
2190 4948 2454 5006 corporea
2478 4933 2613 5003 legis
2637 4935 2927 5001 praecepta.

66 5032 145 5087 Διὸ
165 5039 583 5111 τυμπανίστριαι
610 5038 877 5110 εἴρηνται,
907 5038 985 5109 τῷ
1013 5039 1177 5111 μηδὲν
1208 5038 1393 5109 ἕτερον
1417 5038 1615 5093 εἰδέναι

66 5123 95 5195 ἢ
120 5127 182 5181 τὰ
213 5132 498 5203 σωματικὰ
528 5131 622 5185 τοῦ
645 5131 812 5203 νόμου
838 5133 1294 5204 παραγγέλματα.

133 5257 151 5290 t
186 5241 273 5296 Ἐν
312 5243 658 5317 Ἐκκλησίαις
686 5246 956 5315 εὐλογεῖτε
984 5246 1074 5299 τὸν
1124 5246 1256 5299 Θεὸν
1299 5244 1501 5316 Κύρων
1556 5244 1621 5296 ὲκ

1797 5235 1966 5293 Vens.
1995 5234 2087 5299 27,
2113 5231 2202 5287 28.
2232 5249 2251 5281 σ
2279 5228 2339 5283 1η
2371 5224 2630 5281 Ecclesiis
2657 5220 2962 5277 benedicite
3016 5215 3155 5319 Deo.
3190 5213 3299 5319 llo:

68 5331 243 5402 πηγῶν
282 5305 520 5409 Ἰσραήλ..
551 5358 569 5393 ι
628 5305 784 5394 iliaca
823 5305 958 5403 ’τοὺς
992 5305 1482 5411 προθεωρήσαντας
1524 5335 1621 5399 τὰς

1742 5328 1879 5381 mino
1908 5325 1977 5380 de
2021 5321 2266 5377 fontibus
2312 5316 2497 5374 Israel.
2537 5333 2557 5366 ι
2595 5313 2667 5367 De
2703 5313 2769 5367 iis
2809 5310 3026 5367 locutus
3066 5308 3159 5377 qui
3201 5305 3297 5362 Dei

66 5400 149 5475 τοῦ
198 5400 523 5496 δηλωθέντος
559 5430 696 5484 Θεοῦ
732 5400 988 5502 πορείας,
1036 5400 1344 5492 amcitiam;
1383 5431 1412 5482 6
1466 5427 1621 5496 λόγος

1742 5424 1840 5485 iam
1886 5414 2171 5473 memorati
2221 5413 2507 5482 ingressus
2554 5405 2939 5476 praeviderant,
3003 5409 3128 5472 post
3175 5400 3300 5455 illos

69 5493 259 5586 ἑτέροις
283 5520 395 5572 τισὶ
451 5522 585 5591 μετὰ
625 5524 750 5586 τοὺς
800 5493 1048 5593 πρώτους
1076 5521 1399 5593 γενομένους
1455 5493 1621 5592 προσ-

1742 5512 1943 5587 primos
1972 5514 2372 5576 consequenter
2419 5502 2557 5556 alios
2590 5497 2880 5567 compellat
2908 5495 3098 5593 dicens
3125 5509 3192 5593 ιτ

70 5579 219 5670 φωνεί
232 5579 408 5678 λέγων
428 5579 496 5665 ’.ι
538 5614 625 5666 Ἐν
652 5579 971 5685 ἐκκλησίαις
1000 5579 1269 5682 eilia-{site
1292 5579 1565 5668 τὸνθεόν·
1595 5628 1614 5663 ι

1742 5579 1975 5664 ιοοιοεὶἱε
2023 5596 2326 5655 hencdicite
2378 5592 2506 5646 Deo.
2548 5611 2567 5643 ›
2600 5589 2736 5655 Quia
2781 5602 2910 5641 vero
2950 5586 3063 5643 hi.a
3094 5579 3303 5655 princi-

127 5763 169 5793 “
187 5765 328 5820 Psal.
360 5781 470 5831 cu,
506 5768 557 5824 l.
