3776 6284
406 321 502 377 711
1072 314 1343 373 EUSEBII
1381 309 1860 370 CAESARIENSIS
1894 308 2047 366 OPP.
2088 308 2268 366 PARS
2305 309 2395 369 Ill.
2438 341 2496 354 -
2543 310 2957 368 EXEGETICA.
3535 316 3615 374 7l2

406 440 571 510 pibus
620 435 729 492 illis
769 436 864 508 qui
922 441 1306 506 praevenerunt
1365 432 1572 488 diversi
1630 437 1825 498 erant;
1853 430 1977 500 jure

2088 430 2174 484 καὶ
2195 430 2492 503 ἐπειδήπερ
2523 430 2698 502 ’ἐτεροι
2741 427 2880 503 ἦσαν
2903 424 3045 486 οῦτοι
3073 430 3226 502 παρά
3258 430 3382 495 τοὺς
3415 433 3616 503 προφθάο

407 538 586 588 cmtus
621 531 837 584 illorum
867 527 1138 583 ecclesias
1171 531 1352 590 vocat,
1384 525 1541 595 queis
1566 523 1850 594 prophetia
1879 539 1981 578 nec

405 625 643 679 obscure
691 618 1002 675 Servatoris
1048 616 1223 673 nostri
1269 615 1536 671 ecclesias
1567 619 1977 668 commemorat.

405 711 676 768 Jubeutur
701 725 866 782 porro
895 708 949 762 bi
985 706 1214 763 secundi
1239 745 1256 770 ,
1286 721 1399 761 non
1430 705 1486 759 in
1515 703 1694 758 medio
1719 703 1982 774 iuvenca.

408 805 585 858 larum
633 798 1170 872 tympanistriarum,
1215 797 1311 852 sed
1361 796 1420 850 in
1464 793 1716 851 ecclesiis
1757 793 1983 850 benedi-

406 911 531 952 cere
559 894 690 950 Deo.
719 894 853 961 Quis
902 893 975 947 sit
1016 890 1159 946 Deus
1202 891 1293 945 ille
1325 906 1450 944 mox
1503 889 1712 950 indicat
1766 887 1978 953 dicens,

411 1007 430 1040 ι
469 986 718 1041 Domino.
755 1004 773 1037 ›
815 983 968 1039 Unde
996 998 1126 1039 vero
1179 983 1233 1036 id
1292 980 1596 1044 hauserint,
1646 978 1795 1050 quod
1824 995 1982 1051 Opor-

404 1090 517 1137 teat
541 1079 802 1134 Ecclesiis
835 1077 1050 1132 Domini
1080 1076 1156 1147 (l)
1182 1075 1506 1143 theologiam
1531 1072 1766 1140 tradere,
1801 1088 1985 1128 neces-

406 1171 555 1226 sario
610 1169 846 1240 explicat
890 1169 976 1224 his
1032 1167 1217 1222 verbis
1244 1189 1258 1222 ;
1289 1183 1307 1218 ι
1344 1164 1574 1220 Domino
1620 1164 1689 1221 de
1734 1163 1978 1222 fontibus

404 1262 605 1330 lsrael,
645 1282 663 1315 ι
712 1261 1139 1332 vulgaribusque
1174 1258 1374 1315 iterum
1427 1257 1850 1314 characteribus
1893 1256 1983 1312 hic

407 1356 673 1412 Dominus
699 1353 1046 1426 exprimitur.
1091 1351 1296 1408 Fontes
1324 1366 1454 1407 vero
1481 1350 1668 1415 lsrael,
1704 1349 1984 1421 propheti-

405 1465 484 1506 cae
531 1448 827 1520 Scripturae
879 1455 1009 1504 sunt
1055 1453 1222 1516 atque
1249 1445 1335 1500 lex
1365 1442 1588 1514 Moysis.
1643 1441 1722 1497 Ex
1779 1443 1982 1514 quibus

405 1539 565 1609 quasi
595 1554 662 1594 ex
684 1537 949 1601 fontibus,
977 1551 1074 1608 per
1105 1537 1302 1591 hausta
1349 1533 1417 1590 de
1462 1532 1749 1588 Salvatore
1791 1540 1986 1590 nostro

407 1631 748 1694 testimonia,
785 1630 1015 1686 secundi
1046 1629 1124 1682 illi
1155 1629 1212 1683 in
1249 1627 1502 1684 ecclesiis
1532 1626 1858 1683 benedicere
1879 1627 1982 1697 ipsi

2086 540 2284 588 σαντας
2314 524 2611 596 ἄρχοντας,
2661 524 2886 589 εἰκότως
2917 525 3013 578 καὶ
3054 523 3156 588 τάς
3205 524 3448 589 συνόδους
3474 526 3617 581 αὐτῶν

2080 616 2378 686 ἐκκλησίας
2397 617 2682 680 ἀποκαλεῖ,
2719 617 3001 687 μονονουχὶ
3025 619 3208 687 γυμνῇ
3236 619 3302 687 τῇ
3329 617 3524 689 κεφαλῇ
3545 617 3617 682 τὰς

2079 709 2176 763 τοῦ
2215 709 2469 781 Σωτῆρος
2499 709 2658 780 ἡμῶν
2699 709 2996 780 ἐκκλησίας
3041 708 3508 781 προαγορευούσης
3543 712 3619 780 τῆς

2081 799 2437 872 προφητείας.
2475 797 2796 853 Κελεύονται
2830 799 2887 852 δὲ
2914 792 3060 851 οὗτοι
3093 799 3142 850 oi
3187 796 3431 868 δεύτεροι
3466 797 3552 850 οὐκ
3577 800 3619 851 ἐν

2085 893 2236 965 μέσῳ
2290 891 2544 945 νεανίδων
2575 889 3019 962 τυμπανιστριῶν
3040 929 3054 953 ,
3079 888 3194 942 ἀλλ’
3239 891 3298 941 ἐν
3343 888 3618 959 ἐκκλησίαις

2081 984 2324 1052 εὐλογεῖν
2354 981 2446 1036 τὸν
2480 983 2632 1036 θεόν.
2682 983 2793 1036 Καὶ
2827 985 2978 1034 ποῖον
3024 982 3178 1046 Θεὸν,
3227 981 3386 1035 πάλιν
3419 982 3620 1049 ἐπιλέγει

2084 1076 2232 1146 ἑξῆς,
2270 1095 2289 1126 ‹
2318 1074 2544 1147 Κύριον.
2577 1093 2596 1126 ›
2631 1074 2742 1128 Καὶ
2788 1072 2952 1126 πόθεν
2988 1071 3324 1145 ἀρυομένους
3365 1074 3498 1144 χρῆν
3529 1075 3620 1136 ταῖς

2082 1167 2400 1238 ἐκκλησίαις
2436 1165 2535 1238 τὴν
2576 1165 2671 1219 τοῦ
2721 1164 2928 1237 Κυρίου
2982 1164 3333 1237 παραδιδόναι
3383 1164 3620 1234 θεολογίαν

2083 1259 2394 1329 ἀναγκαίως
2454 1258 2750 1332 παρίστησι
2788 1257 2992 1326 λέγων·
3043 1275 3064 1309 ι
3100 1256 3303 1329 Κύριον
3358 1258 3425 1310 ἐκ
3468 1257 3621 1326 πηγῶν

2095 1350 2312 1423 Ἰσραὴλ
2332 1390 2348 1414 ,
2390 1370 2409 1403 ι
2459 1353 2573 1415 τοῖς
2611 1349 2940 1420 κοινοτέροις
2989 1350 3332 1422 χαρακτῆρσι
3382 1348 3620 1403 κάνταῦθα

2084 1444 2246 1498 πάλιν
2279 1441 2374 1496 τοῦ
2407 1442 2615 1514 Κυρίου
2648 1442 3072 1514 σημαινομένου.
3115 1441 3296 1513 Πηγαὶ
3345 1440 3400 1494 δὲ
3447 1439 3621 1512 Ἰσραὴλ

2090 1536 2145 1588 αἱ
2196 1536 2530 1608 προφητικαὶ
2579 1535 2792 1607 Γραφαὶ
2820 1535 3198 1605 τυγχάνουσιν,
3225 1534 3262 1604 ἦ
3296 1551 3355 1587 τε
3382 1534 3621 1596 Μωῦσέως

2083 1628 2375 1700 νομοθεσία
2394 1645 2408 1658 ο
2442 1627 2501 1694 ἐξ
2532 1622 2608 1681 ὧν
2628 1627 2816 1698 ὥσπερ
2845 1625 2953 1680 ἀπὸ
2991 1624 3184 1697 πηγῶν
3207 1624 3529 1697 ἀρυομένους
3548 1621 3621 1686 τὰς

400 1723 681 1795 iubentur.
705 1721 909 1778 Deinde
932 1721 1215 1793 subiungit
1243 1738 1256 1774 :
1293 1737 1313 1771 ι
1353 1717 1430 1774 lbi
1461 1719 1746 1789 Beniamin
1793 1719 1982 1776 adole-

2088 1719 2220 1792 περὶ
2268 1718 2363 1774 τοῦ
2396 1720 2645 1792 Σωτῆρος
2685 1719 2841 1791 ήμῶν
2877 1716 3180 1790 μαρτυρίας
3227 1715 3467 1786 εὐλογεῖν
3497 1713 3624 1768 αὑτὸν

334 1800 350 1814 ’
406 1817 689 1872 scentulus
758 1815 816 1870 in
875 1815 1076 1870 mentis
1124 1828 1376 1870 excessu.
1414 1830 1434 1865 ι
1471 1810 1580 1867 Pro
1629 1811 1726 1867 illo
1775 1819 1979 1877 autem,

2088 1813 2142 1865 ἐν
2189 1813 2310 1875 ταῖς
2349 1810 2668 1882 ἐκκλησίαις
2719 1812 2834 1874 τοῖς
2877 1809 3152 1882 δευτέροις
3204 1805 3621 1880 παρακελεύεται.

410 1927 433 1960 ο
466 1909 560 1975 ibi,
588 1929 606 1961 ι
635 1907 996 1980 Symmachus
1018 1908 1114 1971 ait,
1141 1925 1160 1960 ι
1188 1907 1281 1962 ubi
1315 1905 1603 1975 Beniamin
1638 1904 1932 1969 minimus;
1957 1923 1976 1957 ι

403 1999 602 2070 Aquila
650 2012 780 2053 vero
819 1997 1094 2062 similiter,
1133 2015 1152 2048 ι
1187 1997 1262 2052 ibi
1309 1995 1592 2066 Beniamin
1646 1995 1849 2061 brevis,
1880 1995 1985 2048 im-

404 2105 606 2163 perans
642 2090 798 2161 ipsis.
838 2109 857 2142 ι
896 2089 1178 2159 Beniamin
1207 2103 1336 2144 vero
1361 2087 1573 2158 iunior,
1609 2087 1868 2142 minimus
1890 2095 1986 2140 aut

405 2184 764 2240 brevissimus
819 2181 1024 2237 Paulus
1072 2189 1191 2236 erat
1255 2181 1474 2237 divinus
1527 2180 1846 2251 Apostolus,
1916 2194 1984 2235 ex

405 2277 548 2332 tribu
591 2275 897 2345 Beniamin,
935 2272 1196 2330 Hebraeus
1223 2289 1290 2329 ex
1321 2272 1596 2340 Hebraeis,
1627 2271 1985 2342 quemadmo-

406 2369 535 2424 dum
565 2369 682 2438 ipse
730 2366 891 2422 docet
939 2367 1026 2423 his
1055 2366 1240 2422 verbis
1274 2384 1288 2420 :
1330 2384 1350 2418 ι
1389 2365 1756 2421 Circumcisio
1790 2373 1986 2420 octavo

373 2517 376 2520 ,
406 2460 515 2522 die,
548 2475 616 2514 ex
641 2474 838 2530 genere
872 2459 1058 2522 Israel,
1092 2459 1163 2514 de
1195 2459 1342 2514 tribu
1378 2459 1690 2530 Beniamin,
1723 2458 1986 2516 Hebraeus

406 2567 474 2606 ex
500 2551 742 2607 Hebraeis
764 2550 829 2604 ⁸⁷.
875 2569 893 2602 ι
933 2549 1130 2606 Iunior
1162 2565 1292 2608 vero
1320 2551 1545 2613 dicitur.
1581 2551 1699 2607 sive
1725 2552 1986 2606 minimus

408 2652 502 2699 aut
529 2644 733 2708 brevis,
764 2643 893 2714 quia
934 2643 986 2698 id
1020 2643 1137 2714 ipse
1189 2645 1433 2699 declarat
1465 2645 1654 2700 dicens
1687 2662 1702 2700 :
1740 2662 1760 2697 ι
1797 2643 1988 2700 Novis-

410 2739 552 2796 simo
602 2746 783 2792 autem
829 2737 1075 2792 omnium
1127 2735 1288 2807 quasi
1327 2737 1576 2792 abortivo
1620 2737 1774 2793 visus
1802 2745 1886 2792 est
1933 2744 1988 2793 et

408 2831 632 2886 mihi”.
668 2848 686 2882 ι
741 2829 847 2884 Pro
877 2830 970 2885 illo
1003 2837 1213 2894 autem,
1251 2845 1272 2881 ι
1303 2830 1361 2884 in
1415 2831 1618 2885 mentis
1663 2845 1918 2896 excessu,
1962 2850 1980 2881 ι

405 2924 601 2995 Aquila
629 2963 646 2989 ,
705 2941 724 2975 ι
780 2923 1055 2994 imperans
1108 2923 1283 2995 ipsis;
1323 2944 1341 2976 ι
1385 2923 1694 2981 Theodotio
1753 2934 1936 2980 autem
1967 2964 1984 2991 ,

412 3035 431 3072 ι
470 3023 769 3088 praeceptor
813 3031 1044 3086 eorum;
1079 3035 1099 3071 ι
1144 3017 1334 3088 quinta
1377 3017 1568 3084 editio,
1623 3037 1643 3070 ‹
1696 3018 1987 3074 instituen-

407 3117 538 3175 tem,
571 3129 590 3162 ι
658 3117 754 3165 aut
813 3128 833 3162 ‹
871 3108 1181 3178 docentem,
1215 3129 1234 3163 ι
1270 3110 1616 3182 interpretati
1669 3120 1818 3168 sunt.
1874 3111 1986 3169 Nec

407 3204 598 3259 multis
653 3203 836 3259 verbis
875 3218 1015 3274 opus
1064 3204 1132 3259 ad
1180 3191 1676 3274 comprobandum,
1733 3213 1984 3261 sanctum

406 3294 750 3365 Apostolum,
785 3294 879 3364 qui
911 3293 1195 3364 Beniamin
1219 3303 1472 3359 vocatur,
1501 3293 1766 3351 Ecclesiis
1812 3296 1986 3365 impe-

407 3399 554 3447 rare,
587 3399 886 3454 earumque
915 3390 1305 3455 praeceptorem
1339 3399 1484 3440 esse.
1533 3383 1656 3440 Non
1689 3386 1840 3442 solus
1882 3386 1983 3440 ita-

407 3492 516 3547 que
545 3474 830 3544 Bcniamin
861 3475 936 3530 ibi
965 3482 1082 3530 erat
1106 3515 1122 3540 ,
1150 3474 1408 3531 videlicet
1447 3475 1504 3530 in
1551 3474 1816 3534 Ecclesiis
1847 3475 1942 3532 Dei
1968 3495 1983 3545 ;

410 3565 506 3622 sed
533 3565 696 3621 etiam
739 3583 759 3616 ‹
796 3564 1071 3636 principes
1099 3562 1242 3619 Juda
1266 3564 1438 3620 duces
1461 3580 1672 3630 eorum,
1707 3567 1986 3640 principes

409 3658 691 3722 Zabulon,
753 3657 1032 3728 principes
1079 3655 1393 3728 Nephthali.
1433 3677 1452 3710 ι
1489 3656 1588 3713 llis
1633 3673 1798 3729 porro
1846 3661 1988 3715 indi-

409 3753 606 3802 cantur
638 3745 832 3815 reliqui
855 3746 1110 3815 apostoli,
1138 3761 1373 3816 quorum
1405 3747 1496 3800 alii
1526 3761 1592 3802 ex
1621 3749 1771 3804 tribu
1821 3748 1984 3819 Juda,

409 3837 500 3890 alii
526 3851 594 3890 ex
618 3837 764 3890 tribu
785 3835 1050 3903 Zabqlon,
1084 3837 1177 3891 alii
1205 3851 1274 3891 ex
1303 3836 1450 3891 tribu
1485 3835 1776 3908 Nephthali
1803 3850 1985 3896 erant.

409 3927 591 3993 Quare
623 3928 819 3983 horum
852 3937 1055 3984 terram
1085 3940 1352 3986 memorat
1381 3929 1620 4000 Spiritus
1643 3940 1868 3990 sanctus
1891 3950 1989 4006 per

409 4017 606 4074 Isaiam
661 4019 981 4090 prophetam
1049 4021 1295 4078 dicens:
1338 4039 1358 4072 ι
1397 4020 1568 4077 Terra
1627 4023 1876 4080 Zabulon
1932 4033 1988 4081 et

412 4124 555 4165 terra
596 4109 963 4183 Nephthalim,
1009 4112 1154 4167 viam
1199 4114 1369 4169 maris
1396 4153 1412 4177 ,
1447 4122 1600 4170 trans
1667 4114 1986 4181 Iordanem,

409 4201 626 4257 Galilzea
663 4202 908 4274 gentium
930 4203 995 4257 δ’.
1035 4222 1054 4255 ›
1091 4204 1210 4274 lpse
1236 4221 1454 4277 quoque
1507 4207 1766 4264 Servator
1802 4215 1990 4266 trans-

411 4294 530 4350 iens
573 4295 729 4364 iuxta
777 4309 931 4350 mare
963 4293 1218 4365 Galilaaae,
1250 4298 1455 4353 isthinc
1507 4315 1638 4356 suos
1691 4300 1990 4372 discipulos

409 4388 647 4443 vocavit.
705 4387 907 4459 Aperte
953 4389 1136 4460 itaque
1188 4391 1351 4446 docet
1407 4391 1671 4448 Ecclesiis
1721 4394 1990 4465 imperare

2013 3155 2060 3215 C

2083 1897 2219 1958 Εἶτα
2257 1902 2530 1973 ἐπιλέγειο
2560 1922 2579 1954 ι
2612 1903 2760 1956 Ἐκεῖ
2785 1901 3041 1972 Βενιαμὶν
3081 1898 3342 1972 νεώτερος
3376 1901 3435 1953 ἐν
3467 1899 3624 1952 ἐκστά-

2087 2014 2187 2051 σει.
2221 2015 2240 2048 i
2285 1995 2430 2049 Ἀντὶ
2463 1995 2520 2049 δέ
2545 1993 2639 2048 τοῦ
2675 2012 2694 2048 ι
2728 1997 2881 2059 ἐκεῖ,
2927 2012 2945 2046 ι
2981 1995 3010 2046 6
3053 1991 3379 2066 Σύμμαχος,
3431 2010 3450 2044 ι
3484 1993 3624 2055 ὅπου,

2086 2088 2253 2160 φησὶ,
2313 2087 2571 2158 Βενιαμὶν
2637 2086 2667 2138 6
2725 2087 3050 2158 μικρότατος
3071 2101 3085 2117 ο
3129 2103 3149 2137 ι
3207 2083 3303 2138 καὶ
3339 2084 3381 2146 ,ὁ
3433 2083 3626 2145 ’Δκύλας

2083 2179 2284 2250 ὁμοίως
2305 2195 2320 2209 ·
2349 2197 2368 2230 ‹
2405 2179 2568 2242 Ἐκεῖ,
2595 2179 2748 2249 φησὶ,
2774 2178 3033 2250 Βενιαμὶν
3057 2179 3086 2231 6
3109 2176 3332 2248 βραχὺς,
3351 2174 3627 2246 ἐπικρατῶν

2085 2269 2284 2323 αὐτῶν.
2323 2289 2342 2322 ›
2394 2269 2653 2342 Βενιαμὶν
2701 2271 2758 2324 δέ
2801 2269 3061 2343 νεώτερος
3107 2271 3202 2324 καὶ
3255 2269 3562 2341 μικράιατος
3600 2267 3625 2335 ἢ

2087 2362 2421 2434 βραχύτατος
2453 2362 2665 2427 Παῦλος
2694 2358 2762 2434 ἦν
2781 2364 2810 2417 6
2837 2361 2978 2426 θεῖος
3022 2363 3360 2427 Ἀπόστολος,
3391 2361 3553 2432 φυλῆς
3571 2359 3629 2412 ῶν

2086 2457 2364 2526 Βενιαμὶν,
2420 2454 2671 2527 Ἐϐραῖος
2708 2455 2768 2520 ἐξ
2823 2455 3086 2528 Ἐϐραίων
3109 2495 3123 2520 ,
3166 2454 3346 2518 καθὼς
3389 2453 3542 2516 αὐτὸς
3571 2451 3628 2504 δι-

2085 2547 2272 2602 δάσκει
2319 2547 2528 2617 λέγων’
2586 2567 2606 2600 ‹
2649 2547 2930 2620 Περιτομὴ
2975 2549 3318 2618 ὀκταήμερος
3362 2546 3426 2598 ἐκ
3469 2545 3629 2613 γένους

2099 2639 2334 2712 Ἰσραὴλ,
2363 2640 2537 2711 φυλῆς
2582 2641 2876 2712 Βενιαμὶν,
2924 2639 3173 2712 Ἐϐραῖος
3215 2638 3273 2706 ἐξ
3320 2636 3626 2708 Ἐϐραίων.»

2086 2730 2367 2803 Νεώτερος
2393 2731 2450 2785 δέ
2486 2730 2723 2803 εἴρηται,
2752 2731 2786 2802 ἢ
2819 2731 3167 2803 μικρότατος,
3198 2729 3233 2802 ἢ
3283 2728 3500 2800 βραχὺς,
3534 2727 3630 2779 ἐπεὶ

2088 2825 2183 2878 καὶ
2214 2823 2377 2887 αὐτὸς
2405 2821 2562 2877 τοῦτο
2584 2822 2824 2876 διδάσκει
2849 2821 3023 2890 λέγων
3044 2837 3058 2851 ⁸
3094 2839 3111 2872 ι
3143 2820 3405 2891 Ὕστερον
3435 2818 3490 2872 δὲ
3518 2817 3629 2869 πάν-

2085 2933 2194 2969 των
2232 2913 2424 2987 ὥσπερ
2456 2913 2535 2985 τῷ
2572 2912 2885 2986 ἐκτρώματι
2922 2911 3079 2984 ὤφθη
3129 2911 3319 2983 κάμοί.
3352 2929 3370 2962 ι
3425 2909 3558 2963 ’Δντὶ
3587 2908 3631 2962 δὲ

2087 3006 2215 3074 τοῦ,
2247 3026 2266 3059 ι
2293 3006 2352 3061 ἐν
2394 3005 2649 3061 ἐκστάσει
2674 3045 2690 3070 ,
2736 3024 2757 3058 ι
2791 3005 2821 3057 6
2870 3003 2968 3076 μέν
3003 3001 3264 3070 Ἀκύλας,
3305 3019 3326 3054 ι
3356 2998 3631 3072 ἐπικρατῶν

2088 3096 2299 3151 αὐτῶν·
2331 3113 2350 3148 ι
2383 3097 2412 3150 6
2437 3095 2494 3148 δέ
2531 3095 2844 3160 Θεοδοτίων,
2875 3113 2895 3148 ι
2920 3095 3211 3165 παιδευτὴς
3252 3089 3452 3146 αὐτῶν·
3488 3110 3505 3141 ι
3537 3088 3633 3160 ήδέ

2089 3188 2311 3261 πέμπτη
2335 3188 2562 3252 ἔκδυσις,
2593 3207 2611 3240 ι
2635 3186 3426 3260 παιδεύοντα,›ἢ,‹διδάσκοντα
3449 3182 3634 3254 timui-

2086 3298 2304 3337 νευσαν.
2336 3283 2410 3335 υὺ
2443 3281 2524 3335 δεῖ
2549 3281 2608 3336 δὲ
2636 3283 2768 3353 ήμῖν
2798 3281 3058 3334 πλειόνων
3090 3279 3265 3348 λόγων
3298 3280 3376 3342 είς
3394 3275 3636 3341 ἀπόδειξιν

2084 3371 2179 3426 τοῦ
2212 3375 2434 3446 κρατεῖν
2474 3372 2583 3426 τῶν
2639 3371 3006 3444 Ἐκκλησιῶν,
3039 3372 3133 3424 καὶ
3163 3368 3448 3439 παιδευτὴν
3477 3368 3634 3422 αὐτῶν

2086 3459 2223 3520 εἶναι
2251 3466 2342 3519 τὸν
2373 3465 2516 3536 ἱερὸν
2543 3463 2862 3518 Ἀπόστολον
2885 3464 3142 3534 Βενιαμὶν
3168 3459 3633 3533 ὠνομασμένονΛῦ

2090 3557 2250 3628 μόνος
2283 3556 2340 3609 δέ
2385 3556 2494 3628 ἄρα
2539 3558 2568 3610 6
2614 3555 2871 3626 Βενιαμὶν
2900 3551 2968 3626 ἦν
3007 3556 3153 3622 ἐκεῖ,
3185 3554 3384 3627 δηλαδὴ
3436 3553 3488 3604 ἐν
3530 3553 3634 3613 ταῖς

2099 3649 2446 3719 Ἐκκλησίαις
2475 3648 2568 3702 τοῦ
2599 3648 2756 3714 Θεοῦ,
2779 3648 2916 3702 ἀλλά
2960 3648 3053 3701 καὶ
3084 3665 3104 3699 ι
3129 3648 3178 3700 οἱ
3206 3645 3458 3718 ἄρχοντες
3484 3640 3636 3696 Ἰούδα

2085 3741 2354 3813 ἡγεμόνες
2385 3740 2596 3806 αὐτῶν,
2643 3741 2785 3794 οἵτε
2834 3740 3095 3811 ἄρχοντες
3145 3734 3427 3791 Ζαϐουλὼν
3472 3734 3557 3788 καὶ
3591 3733 3633 3784 oi

2086 3835 2348 3905 ἄρχοντες
2373 3832 2709 3904 Νεφθαλείμ.
2739 3833 2814 3904 Ση
2823 3831 3000 3904 μαίνει
3029 3830 3087 3884 δὲ
3116 3832 3145 3882 6
3166 3829 3323 3898 λόγος
3349 3828 3434 3882 διά
3458 3825 3633 3879 τούτων

2086 3925 2214 3989 τοὺς
2252 3924 2473 3989 λοιποὺς
2506 3924 2857 3988 ἀποστόλους,
2895 3916 2973 3976 ὧν
2999 3923 3048 3975 oi
3087 3921 3185 3992 μὲν
3217 3917 3356 3992 ἦσαν
3395 3921 3456 3974 ἐκ
3485 3916 3632 3986 φυλῆς

2099 4017 2290 4082 Ἰούδα,
2321 4019 2372 4070 oi.
2398 4017 2454 4071 δέ
2481 4019 2545 4070 ἐκ
2579 4015 2754 4087 φυλῆς
2779 4014 3067 4070 Ζαϐουλὼν
3093 4013 3188 4068 καὶ
3219 4011 3536 4082 Νεφθαλείμ.
3553 4007 3630 4059 Διὸ

2086 4113 2186 4184 τῆς
2228 4112 2432 4166 τούτων
2472 4112 2744 4184 μέμνηται
2791 4110 2976 4182 χώρας
3020 4108 3082 4162 τὸ
3131 4109 3286 4176 ἅγιον
3321 4107 3528 4178 Πνεῦμα
3555 4100 3628 4156 διὰ

2099 4205 2322 4259 Ἡσαΐου
2342 4204 2441 4258 τοῦ
2467 4205 2744 4276 προφήτου
2779 4202 2934 4271 λέγον
2956 4219 2969 4231 ·
3000 4221 3018 4252 ι
3043 4201 3118 4273 Γῆ
3147 4197 3432 4252 Ζαϐουλὼν
3471 4196 3549 4252 καὶ
3567 4195 3628 4263 τῆ

2086 4297 2437 4368 Νεφθαλείμ,
2488 4297 2606 4350 ὁδὸν
2641 4295 2919 4364 θαλάσσης
2943 4335 2958 4359 ,
2999 4293 3176 4365 πέραν
3216 4291 3313 4345 τοῦ
3373 4290 3625 4362 Ἰορδάνου,

2087 4389 2344 4443 Γαλιλαία
2365 4387 2471 4442 τῶν
2498 4387 2687 4441 ἐθνῶν.
2703 4405 2721 4439 ι
2742 4386 2854 4441 Καὶ
2876 4383 3037 4448 αὐτὸς
3056 4384 3114 4438 δέ
3138 4386 3166 4437 6
3183 4382 3395 4455 Σωτὴρ,
3419 4396 3625 4452 παραγα-

412 4481 589 4551 primo
640 4478 893 4545 Paulum,
948 4480 1332 4538 brevissimum
1363 4491 1416 4538 et
1448 4485 1735 4540 minimum
1757 4527 1774 4553 ,
1805 4501 1869 4541 ac
1892 4486 1985 4556 iu-

2089 4483 2202 4552 γὼν
2233 4479 2384 4553 παρά
2409 4480 2506 4553 τὴν
2541 4480 2814 4534 θάλασσαν
2843 4478 2944 4549 τῆς
2969 4475 3280 4541 Γαλιλαίας,
3315 4477 3440 4539 τοὺς
3472 4470 3626 4528 ἑαυτοῦ

408 4574 619 4630 niorem
674 4574 888 4629 caneris
928 4576 1234 4655 apostolis,
1265 4577 1321 4632 in
1367 4576 1567 4632 mentis
1618 4592 1848 4634 excessu
1887 4578 1987 4632 ali-

409 4665 630 4737 quando
661 4666 923 4738 positum,
961 4667 1181 4737 quando
1209 4668 1642 4738 persequebatur
1685 4668 1982 4726 Ecclesiam

411 4755 530 4823 Dei,
567 4772 798 4828 eamque
830 4759 1100 4824 vastabat,
1135 4760 1249 4814 sive
1298 4760 1518 4829 quando
1559 4761 1617 4816 in
1653 4762 1986 4818 revelatione

411 4849 749 4906 Salvatorem
781 4849 952 4916 vidit;
983 4852 1066 4907 vel
1099 4853 1321 4922 quando
1353 4862 1543 4923 raptus
1572 4861 1657 4911 est
1677 4854 1732 4909 in
1767 4857 1990 4926 paradi-

409 4955 530 4996 sum
564 4956 735 5011 usque
765 4941 830 4996 ad
860 4943 1080 4996 tertium
1107 4942 1331 4997 coelum.
1370 4941 1506 4998 Post
1551 4943 1782 5000 Paulum
1830 4961 1985 5010 vero,

409 5041 638 5089 caeteros
684 5034 963 5104 apostolos
997 5052 1015 5084 ι
1056 5034 1152 5099 ibi,
1193 5053 1212 5087 ι
1251 5034 1463 5090 scilicet
1493 5035 1550 5090 in
1589 5036 1708 5106 ipsa
1741 5037 1990 5094 Ecclesia

409 5133 604 5182 ornate
658 5133 974 5182 versaturos
1028 5127 1381 5192 vaticinatur,
1427 5128 1816 5200 principesque
1871 5129 1990 5187 fore

409 5226 634 5276 nostros
660 5235 727 5275 ex
754 5219 901 5275 tribu
933 5219 1094 5285 Juda,
1125 5234 1190 5275 ac
1220 5221 1500 5292 principes
1533 5221 1802 5289 Zabulon,
1838 5224 1989 5295 prin-

411 5313 562 5382 cipes
591 5311 906 5384 Nephtbali.
941 5313 999 5368 Si
1033 5313 1158 5387 quis
1185 5330 1318 5370 vero
1361 5329 1458 5386 per
1511 5316 1682 5370 otium
1731 5325 1988 5373 accurate

413 5403 782 5474 perquisierit,
826 5404 1095 5476 cuiusque
1143 5407 1374 5477 apostoli
1445 5406 1647 5461 tribum
1699 5407 1980 5477 reperiet:

485 5584 531 5620 "
557 5584 791 5657 Philipp.
843 5602 925 5651 Ill,
966 5587 1020 5642 5.
1094 5586 1181 5640 υἱ
1208 5587 1335 5643 Cor.
1383 5603 1474 5655 xv,
1507 5587 1562 5642 8.
1638 5587 1682 5620 “
1707 5585 1814 5643 lsa.
1848 5602 1925 5651 Ix,
1968 5586 2020 5640 1.

2097 4574 2343 4647 μαθητὰς
2370 4573 2580 4627 ἐνθένδε
2626 4571 2959 4626 ἀνεκαλεῖτο.
2992 4569 3186 4639 Σαφῶς
3215 4565 3310 4621 οὖν
3356 4566 3627 4636 ἐπικρατεῖν

2091 4668 2199 4721 τῶν
2239 4666 2572 4739 Ἐκκλησιῶν
2601 4666 2814 4738 πρῶτον
2846 4666 2945 4737 μὲν
2973 4664 3183 4719 Παῦλον
3210 4663 3303 4717 τὸν
3337 4663 3627 4736 βραχύτατον

2093 4761 2187 4813 καὶ
2217 4759 2571 4833 μικρότατον,
2605 4759 2699 4812 καὶ
2728 4756 2996 4812 νεώτατον
3019 4756 3131 4810 τῶν
3159 4756 3468 4810 ἀποστόλων
3492 4751 3627 4806 ἐδίδα-

2094 4849 2216 4917 ξεν,
2249 4853 2308 4904 ἐν
2357 4851 2612 4905 ἐκστάσει
2643 4851 2772 4906 ποτέ
2812 4851 3136 4922 γενόμενον,
3192 4849 3282 4902 ὅτε
3335 4847 3514 4902 ἐδίωκε
3552 4842 3625 4911 τὴν

2106 4943 2432 5014 Ἐκκλησίαν
2463 4943 2556 4997 τοῦ
2591 4942 2726 4997 Θεοῦ
2745 4982 2760 5008 ,
2805 4943 2901 4996 καὶ
2935 4941 3153 5012 ἐπόρθει
3177 4940 3370 5011 αὐτὴν,
3411 4940 3446 5010 ἢ
3473 4939 3547 4990 ὅτε
3579 4936 3623 4984 ἐν

2094 5037 2431 5106 ἀποκαλύψει
2456 5037 2546 5092 τὸν
2580 5038 2810 5108 Σωτῆρα
2845 5035 3100 5090 τεθέατοο
3137 5034 3170 5104 ἢ
3203 5035 3294 5088 ὅτε
3332 5031 3538 5105 ἡρπάγη
3563 5027 3622 5085 εἰς

2093 5129 2186 5183 τὸν
2234 5129 2562 5202 παράδεισον
2603 5129 2707 5192 ἐως
2749 5129 2934 5201 τρίτου
2985 5126 3246 5200 ούρανοῦ·
3303 5125 3435 5197 μετά
3484 5123 3531 5176 δὲ
3553 5115 3619 5173 τὸν

2096 5221 2310 5277 Παῦλον
2348 5223 2478 5286 τοὺς
2526 5221 2748 5284 λοιποὺς
2797 5219 3126 5282 ἀποστόλους
3156 5219 3276 5272 ἐκεῖ
3323 5218 3381 5269 ἐν
3422 5216 3480 5284 τῇ
3515 5206 3615 5273 αὐτῇ

2106 5314 2401 5388 Ἐκκλησία
2465 5312 2790 5387 διαπρέπειν
2843 5311 3121 5376 θεσπίζει,
3191 5309 3450 5380 ἄρχοντας
3498 5302 3615 5388 ὕντξις

2095 5408 2264 5482 1"ll-“517‘
2273 5385 2397 5481 ρουξ
2427 5409 2492 5462 ἔκ
2516 5385 2690 5479 φυλῆς
2729 5404 2920 5470 Ἰούδα,
2953 5405 3047 5460 καὶ
3083 5403 3348 5475 ἄρχοντας
3382 5385 3614 5454 usqum

490 5740 568 5815 (1)
611 5742 669 5798 1d
715 5751 800 5798 est
826 5782 841 5808 ,
891 5742 1058 5797 Deum
1087 5743 1238 5798 illum
1279 5759 1388 5800 esse
1419 5743 1474 5795 in
1512 5740 1749 5798 Ecclesia
1784 5740 2092 5812 prwdicare.
