3776 6284
176 339 271 393 τη
1274 337 1779 393 COMMENTARIA
1819 338 1886 394 lN
1928 312 2265 399 PSALMOS.

3287 354 3387 412 7H

172 455 257 509 καὶ
284 454 538 524 ἄρχοντας
576 452 911 526 Νεφθαλείμ.
959 457 1079 510 Ἐπὶ
1114 460 1305 531 σχολῆς
1332 463 1375 515 δ’
1417 464 1483 517 ἀν
1512 482 1597 527 τις·
1630 482 1694 532 φι,

1820 480 1941 518 nam
1978 468 2151 522 cuivis
2187 470 2449 538 quarrcnt';
2476 471 2635 526 datur
2664 488 2694 529 ει
2744 474 3031 533 Servatore
3076 480 3383 536 inveniendi

171 545 482 616 λοκαλησας,
536 544 631 615 τὴν
685 546 914 600 ἑκάστου
975 549 1083 602 τῶν
1137 553 1446 607 ἀποστόλων
1500 558 1719 627 εὑρήσει

172 636 359 707 φυλήν
412 636 530 688 ἐπεὶ
584 639 745 690 ’τι-αντὶ¹
796 638 877 709 τῷ
934 642 1180 712 ζητοῦντι
1232 645 1264 713 ἡ
1314 645 1414 715 τῆς
1454 648 1719 718 εὑρέσεως

167 727 353 780 δέδοται
375 726 479 780 ὑπὸ
496 727 589 780 τοῦ
623 728 875 801 Σωτῆρος
904 732 1225 800 ἐπαγγελία.

233 836 250 867 ι
278 818 559 882 Ἔντειλαι,
591 820 620 870 6
659 819 810 885 Θεὸς,
849 822 944 893 τὴν
974 824 1198 895 δύναμιν
1230 843 1342 891 σου,
1381 828 1714 900 δυνάμωσον,

164 910 344 974 ὁΘεὸς,
369 912 524 964 τοῦτο
540 911 569 964 ὃ
590 916 939 985 κατειργάσω
964 918 1111 987 ἡμῖν.
1136 937 1154 969 ι
1185 920 1414 973 Ἔπεται
1436 923 1715 976 καὶταῦτα

164 1004 262 1065 τοῖς
306 1002 699 1073 προλεχθεῖσιν.
749 1006 965 1077 Ἐπειδὴ
1007 1008 1113 1079 γὰρ
1152 1013 1502 1083 προφητικῶς
1550 1031 1716 1084 προσ-

163 1092 365 1145 έταττεν
396 1096 424 1145 6
462 1093 617 1162 λόγος
644 1099 756 1159 τοῖς
787 1099 1100 1165 ἀποστόλοις
1125 1104 1182 1153 ἐν
1212 1104 1524 1175 ἐκκλησίαις
1562 1107 1713 1159 εὐλο-

162 1184 266 1248 γεῖν
290 1182 374 1236 τὸν
406 1183 630 1256 Κύριον,
662 1189 755 1240 καὶ
802 1189 957 1243 τοῦτο
996 1195 1167 1246 ποιεῖν
1208 1194 1280 1265 μὴ
1310 1197 1511 1269 ἑτέρων
1553 1198 1713 1252 τινῶν

160 1277 493 1346 ὁρμωμένους
543 1281 749 1350 λόγων,
785 1285 899 1337 ἀλλ’
949 1288 1013 1340 ἐκ
1067 1289 1173 1342 τῶν
1223 1292 1410 1361 πηγῶν
1478 1293 1708 1363 Ἰσραὴλ,

161 1367 445 1431 ἀκολούθως
483 1371 624 1443 ὑπὲρ
656 1375 834 1427 αὑτῶν
862 1377 1024 1449 εὐχὴν
1051 1380 1363 1452 ἀναπέμπει
1399 1383 1459 1435 τὸ
1489 1385 1711 1454 Πνεῦμα

158 1459 210 1510 τὸ
234 1463 577 1531 προφητικὸν,
610 1468 816 1533 φάσκον
839 1486 851 1499 ·
881 1488 898 1520 ι
932 1472 1217 1537 Ἔντειλαι,
1251 1475 1279 1526 6
1312 1474 1461 1541 Θεὸς,
1492 1477 1589 1547 τὴν
1615 1476 1708 1529 δύ-

158 1550 299 1621 ναμίν
341 1570 431 1605 σου
456 1572 473 1585 ·
512 1575 531 1607 ι
574 1557 707 1610 ὡσεὶ
751 1561 1082 1633 σαφέστερον
1132 1564 1313 1633 ἔλεγεν
1340 1582 1352 1594 ·
1417 1569 1709 1622 Ἐπισπευ-

103 1681 109 1690 .
158 1642 282 1695 σάτω
315 1644 345 1714 ἡ
371 1644 605 1716 δύναμίς
636 1666 753 1712 σου,
791 1652 883 1702 καὶ
910 1656 1235 1727 συνεργείτω
1267 1660 1379 1721 τοῖς
1418 1660 1703 1731 ἀνδράσιν·

154 1731 273 1786 ἀλλά
308 1736 397 1788 καὶ
421 1737 524 1808 ἤδη
556 1740 686 1791 ποτὲ
712 1744 777 1811 τῇ
805 1743 949 1813 ίσχύῖ
976 1762 1066 1798 σου
1098 1747 1164 1799 δι’
1194 1748 1370 1819 ἔργων
1403 1754 1705 1823 χωρησάτω

152 1826 209 1877 τὰ
235 1830 690 1900 προφητευόμενα
711 1850 725 1862 ·
762 1835 1032 1890 καὶτοῦτο
1062 1839 1118 1892 δὲ
1146 1839 1174 1892 ὃ
1206 1844 1549 1913 κατειργάσω
1580 1847 1709 1915 ἡμῖν

151 1920 206 1987 τῇ
239 1922 296 1988 σῇ
324 1918 490 1992 βουλῇ
525 1924 840 1996 προορίσας,
879 1929 971 1981 καὶ
1003 1930 1132 1983 αὑτὸ
1164 1932 1479 2003 δυνάμωσον
1501 1952 1517 1968 ·
1561 1937 1708 2001 ὅπως

150 2010 204 2099 τῇ
324 2011 554 2083 δυνάμει
583 2015 761 2085 ἔργοις
803 2020 1194 2094 ἐπιτελεσθείη.
1222 2025 1285 2076 Τί
1314 2025 1369 2077 δὲ
1398 2022 1465 2097 ἦν
1489 2027 1644 2081 τοῦτο
1671 2030 1702 2099 ἢ

150 2096 198 2149 τὸ
226 2098 343 2170 ἑξῆς
392 2103 815 2174 ἐπιφερόμενον,
859 2126 877 2158 ι
921 2110 1042 2162 Ἐπὶ
1084 2112 1175 2165 τὸν
1210 2114 1334 2166 ναόν
1369 2096 1461 2168 σου
1511 2117 1602 2170 τὸν
1648 2096 1706 2170 ἐν

156 2190 495 2265 Ἰερουσαλὴμ
535 2198 616 2249 σοὶ
644 2198 851 2252 οἴσουσι.
889 2201 1130 2271 βασιλεῖς
1159 2206 1333 2276 δῶρα;
1368 2227 1385 2258 ι
1412 2209 1570 2262 τοῦτο
1597 2211 1704 2283 γὰρ

147 2283 259 2336 αὑτὸ
284 2286 752 2358 ἐπαγγειλάμενος
793 2294 925 2363 ἡμῖν
956 2294 1269 2367 δυνάμωσον
1298 2300 1568 2367 γενέσθαι.
1602 2303 1705 2354 Βα-

150 2375 293 2439 σιλεῖς
326 2378 381 2430 δέ
412 2378 519 2439 ,διὰ
548 2381 704 2434 τοῦτο
738 2384 793 2434 αί
847 2384 1111 2453 βασιλεῖαι
1150 2390 1250 2458 τῆς
1282 2392 1386 2460 γῆς
1434 2393 1698 2463 εἴρηνται,

144 2464 236 2516 τῶν
256 2466 416 2521 ὲθνῶν
439 2471 698 2524 ἁπάντων
722 2475 908 2528 τοῦτον
940 2482 1348 2551 σημαινομένων
1367 2484 1458 2539 τὸν
1479 2487 1695 2557 τρόπον.

143 2554 278 2619 Nai);
313 2557 368 2609 δὲ
392 2560 452 2610 ἐν
499 2561 871 2634 Ἰερουσαλὴμ,
900 2567 982 2635 ἐφ’
1011 2567 1068 2619 ὃν
1097 2570 1166 2621 τά
1199 2570 1347 2641 δῶρα
1386 2554 1622 2629 οἴσουσιν
1650 2578 1698 2628 οἱ

145 2646 377 2716 βασιλεῖς,
407 2653 522 2704 οὐδ’
554 2654 740 2725 ἕτερος
792 2656 857 2708 ἂν
897 2658 978 2729 εἴη
1014 2659 1112 2730 τῆς
1159 2661 1435 2730 βασιλείας
1477 2666 1583 2719 τῶν
1611 2668 1699 2719 ού-

146 2742 330 2812 ρανιῖΝ·
387 2746 553 2817 εἴπερ
607 2749 764 2818 ἴσμεν
824 2751 1172 2824 Ἰερουσαλὴμ
1222 2757 1579 2827 ἐπουράνιον,
1631 2762 1696 2831 ἣν

142 2832 317 2899 ἔδειξεν
355 2836 384 2888 6
417 2838 627 2892 είπών·
668 2860 685 2891 ι
722 2843 784 2894 Ἡ
816 2842 871 2895 δὲ
904 2845 1014 2897 ἄνω
1057 2846 1410 2920 Ἰερουσαλὴμ
1435 2852 1695 2925 ἐλευθέρα

141 2925 286 3015 ἐστὶν,
312 2929 432 2999 ἣτις
455 2931 576 2983 ἐστὶ
609 2934 790 3005 μήτηρ
810 2935 995 3005 ήμῶψ
1024 2954 1043 2987 ›
1064 2939 1178 3000 καὶ,
1210 2958 1228 2989 ι
1255 2941 1693 3015 Προσεληλύθατε

140 3013 263 3069 Σιὼν
282 3019 396 3090 ὄρει
429 3022 528 3073 καὶ
553 3022 702 3074 πόλει
727 3024 861 3076 Θεοῦ
890 3026 1110 3092 ζῶντος,
1157 3013 1509 3104 Ἰερουσαλὴ
1534 3035 1694 3087 ἐπου-

1822 559 2110 624 promissio
2134 560 2193 612 δί’.

1892 831 2053 885 Vens.
2088 830 2178 887 29.
2220 849 2237 881 ι
2277 832 2492 899 Munda,
2525 833 2688 898 Deus,
2720 837 2906 890 virtuti
2937 847 3080 905 tute;
3122 845 3379 896 conlirmn

1819 922 1940 984 hoc,
1974 921 2137 988 Deus,
2167 924 2312 993 quod
2347 933 2603 994 operatus
2638 943 2699 981 es
2728 910 2788 981 in
2823 929 3003 983 nobis.
3035 950 3052 982 ι
3089 930 3215 987 llaec
3244 950 3380 1003 pra:-

1816 1013 2137 1070 cedentibus
2194 1026 2612 1071 connectuntur.
2675 1020 2812 1085 Quia
2867 1021 3011 1075 enim
3071 1025 3380 1093 prophetit-e

1815 1105 2127 1174 praecipitur
2182 1108 2444 1176 apostolis
2492 1108 2547 1162 in
2601 1109 2852 1164 ecclesiis
2913 1110 3234 1167 benedicere
3277 1113 3380 1167 Do-

1815 1197 1962 1250 mino
1984 1240 1997 1264 ,
2034 1199 2195 1267 idque
2236 1210 2493 1269 praestare
2538 1217 2646 1255 non
2697 1202 2819 1256 aliis
2853 1204 3196 1259 sermonibus
3225 1221 3377 1261 exor-

1815 1304 1906 1344 sos
1930 1331 1943 1353 ,
1976 1291 2068 1344 sed
2102 1304 2164 1345 ex
2204 1292 2444 1346 fontibus
2502 1292 2701 1359 Israel;
2735 1304 3139 1364 consequenter
3173 1312 3275 1366 pro
3313 1299 3383 1353 iis

1813 1380 2108 1435 orationem
2168 1382 2407 1451 Spiritus
2460 1383 2815 1452 propheticus
2860 1385 3110 1450 ellundit,
3143 1386 3379 1443 dicens:

1816 1490 1833 1520 ι
1874 1472 2090 1538 Munda,
2123 1472 2285 1540 Deus,
2318 1475 2506 1529 virtuti
2535 1484 2682 1537 tuae;
2725 1495 2743 1527 ι
2784 1491 2847 1530 ac
2880 1476 2925 1531 si
2959 1478 3202 1546 apertius
3236 1480 3385 1535 dice-

1810 1571 1891 1617 ret
1930 1584 1940 1617 :
1977 1563 2219 1620 Festinet
2243 1566 2415 1622 virtus
2448 1574 2537 1620 tua
2560 1606 2574 1629 ,
2604 1566 2820 1637 illisque
2848 1568 2979 1623 viris
3004 1578 3329 1640 coaperetur
3354 1586 3369 1635 ;

1810 1655 1905 1709 sed
1955 1657 2040 1711 vel
2072 1673 2194 1711 sero
2228 1659 2449 1712 tandem
2502 1659 2705 1713 virtute
2756 1666 2850 1713 tua
2905 1676 3026 1730 qum
3066 1662 3381 1732 prophetico

1809 1745 1954 1800 dicta
1985 1755 2113 1802 sunt
2145 1764 2310 1819 opere
2338 1750 2717 1819 compleantur
2744 1769 2756 1804 :
2794 1759 2846 1804 ct
2877 1752 2979 1805 hoc
3024 1753 3202 1822 ipsum
3231 1756 3399 1824 quod

1812 1847 2068 1908 operatus
2108 1856 2168 1895 es
2208 1842 2261 1894 in
2315 1842 2473 1896 nobis
2521 1850 2809 1911 postquam
2852 1843 3099 1897 futurum
3129 1860 3252 1900 esse
3282 1862 3378 1899 vo-

1812 1931 2019 1986 luntate
2046 1943 2135 1986 tua
2177 1933 2488 1993 delinieras,
2522 1936 2785 1987 conﬁrma
2813 1973 2827 1995 ,
2862 1942 2920 1988 ιιι
2967 1942 3235 2004 potestate
3286 1946 3377 1990 tua

1808 2036 1896 2075 res
1930 2021 2047 2092 ipsa
2094 2022 2426 2089 perﬁciatur.
2458 2021 2597 2087 Quid
2651 2032 2830 2078 autem
2868 2026 3011 2080 aliud
3055 2025 3187 2079 illud
3234 2038 3373 2094 erat,

1807 2130 1968 2183 quam
2000 2115 2051 2167 id
2083 2115 2228 2183 quod
2256 2114 2521 2183 sequitur,
2565 2132 2583 2164 ι
2621 2114 2699 2169 Ad
2730 2117 2987 2186 templum
3023 2127 3172 2170 tuum
3205 2117 3258 2171 in
3282 2117 3375 2171 Je-

1807 2208 2043 2261 rusalem
2090 2207 2186 2261 tibi
2241 2206 2468 2262 oﬂ‘erent
2518 2223 2672 2277 reges
2705 2210 2975 2263 munera?
3014 2230 3032 2261 ι
3073 2208 3186 2265 Hoc
3229 2212 3375 2265 enim

1805 2300 1980 2369 ipsum
2008 2299 2152 2368 quod
2190 2300 2348 2354 nobis
2381 2300 2682 2369 promisisti
2729 2302 3009 2367 conﬁrma,
3050 2310 3109 2356 ut
3140 2303 3370 2358 eveniat.

1806 2391 1978 2462 Reges
2010 2400 2190 2445 autem
2218 2405 2384 2459 regna
2433 2399 2592 2445 terrae
2638 2392 2969 2460 signiﬁcant,
3006 2408 3113 2461 qua
3162 2395 3375 2448 ratione

1803 2482 2071 2535 universa:
2092 2491 2280 2552 gentes
2314 2480 2643 2536 indicantur.
2677 2482 2960 2553 Templum
2990 2491 3171 2538 autem
3200 2484 3255 2538 in
3283 2483 3375 2538 Je-

1801 2574 2062 2635 rusalem,
2118 2589 2226 2643 quo
2276 2572 2524 2627 deferent
2580 2590 2737 2643 rcges
2789 2590 3036 2639 munera,
3070 2591 3180 2632 non
3222 2578 3371 2630 aliud

1801 2663 1963 2719 fuerit
1997 2680 2157 2734 quam
2191 2680 2415 2734 regnum
2450 2666 2735 2725 cwlorum.
2788 2665 3047 2722 Novimus
3100 2668 3368 2738 siquidem

1798 2755 2097 2811 Jerusalem
2130 2759 2404 2813 caelestem
2462 2772 2624 2826 quam
2677 2758 2936 2813 indicavit
2980 2760 3253 2829 quispiam
3284 2760 3371 2814 his

1799 2850 2019 2904 verbis:
2053 2868 2071 2899 ι
2102 2849 2176 2903 Ea
2220 2866 2351 2905 vero
2396 2867 2517 2920 qua:
2560 2866 2779 2905 sursum
2826 2860 2910 2907 est
2941 2851 3264 2918 Jerusalem,
3301 2852 3369 2904 li-

1797 2943 1925 2996 bera
1955 2950 2060 3005 est,
2093 2959 2213 3013 qua:
2242 2950 2326 2997 est
2379 2952 2552 2997 mater
2597 2956 2781 2998 nostra
2803 2946 2844 2976 δι
2873 2963 2887 3009 ;
2933 2967 2950 2996 ι
2985 2952 3037 2999 et
3068 2963 3079 2997 ε
3110 2962 3128 2994 ι
3174 2944 3373 2999 Αεοεεο

1796 3030 1948 3084 sistis
1996 3030 2063 3083 ad
2111 3031 2243 3084 Sion
2292 3040 2532 3085 montem
2576 3042 2629 3085 et
2669 3032 2946 3088 civitatem
2997 3033 3091 3089 Dei
3135 3035 3370 3089 viventis

144 3110 312 3180 ρανίῳ.
346 3131 363 3164 ι
418 3114 641 3185 Ταύτης
695 3111 786 3168 οῦν
834 3119 935 3188 τῆς
987 3122 1305 3194 ἐπουρανίου
1352 3126 1558 3191 πόλεως
1604 3132 1694 3184 τοῦ

1806 3121 2100 3178 Jerusalem
2136 3125 2411 3179 caelestem
2434 3126 2500 3178 ⁸³.
2540 3144 2559 3175 ι
2593 3124 2745 3191 Quod
2772 3126 2936 3197 igitur
2959 3128 3013 3182 in
3044 3128 3136 3182 illa
3157 3129 3367 3183 ccelesti

144 3200 262 3254 Θεοῦ
286 3203 344 3255 τὸ
373 3203 655 3276 ἐξαίρετον
689 3208 783 3259 καὶ
816 3209 1086 3265 ἀνώτατον
1116 3215 1209 3266 καὶ
1236 3218 1477 3285 κρεῖττον
1504 3221 1531 3271 6
1565 3220 1698 3283 νεώς

137 3293 234 3346 ἐστι
256 3295 344 3348 τοῦ
379 3296 541 3350 Θεοῦ.
585 3298 705 3351 Ἐπὶ
734 3300 920 3354 τοῦτον
950 3304 1126 3358 τοίνυν
1153 3306 1243 3359 τὸν
1276 3308 1410 3362 νεών
1437 3326 1551 3373 σου,
1590 3329 1695 3383 φη-

136 3383 227 3449 σὶν,
274 3387 352 3439 σοὶ
397 3388 606 3449 οἴσουσι
643 3391 878 3459 βασιλεῖς
924 3394 1098 3465 δῶρω
1142 3400 1190 3450 οί
1242 3400 1339 3470 τὴν
1383 3400 1570 3473 λοιπὴν
1603 3403 1695 3476 δη-

133 3472 247 3547 λαδὴ
278 3478 428 3531 πόλιν
456 3480 557 3549 τὴν
587 3482 904 3558 ἐπουράνιον
949 3486 1224 3551 οἰκοῦντες
1254 3489 1491 3560 βασιλεῖς
1521 3472 1689 3561 ὄντες,

132 3565 207 3619 διὰ
231 3568 286 3620 τὸ
310 3570 685 3643 κατηξιῶσθαι
714 3573 813 3642 τῆς
845 3575 1121 3644 βασιλείας
1143 3581 1249 3633 τῶν
1296 3584 1559 3654 οὐρανῶν,
1599 3588 1692 3639 καλ¹

130 3657 205 3711 διὰ
230 3661 381 3715 τοῦτο
404 3662 823 3733 συμϐασιλεύειν
843 3666 920 3737 τῷ
945 3669 1153 3724 ἑαυτῶν
1185 3673 1393 3744 Κυρίῳ.
1430 3694 1448 3726 ι
1488 3676 1551 3727 Εἰ
1584 3677 1690 3749 γὰρ

133 3754 553 3826 συναπεθάνομεν
575 3797 591 3821 ,
621 3757 715 3810 καλ¹
763 3757 1068 3831 συζήσομεν
1094 3804 1107 3828 ,
1140 3766 1235 3816 καὶ
1265 3767 1313 3818 εί
1349 3768 1690 3838 ὑπομένομεν

129 3841 263 3909 Θεὸν,
296 3849 387 3900 καὶ
426 3848 947 3920 ωμὸασιλεύσομεν.
988 3870 1005 3903 ι
1032 3848 1189 3907 Οὗτοι
1219 3852 1313 3908 οῦν
1350 3859 1400 3909 οἱ
1430 3858 1685 3927 βασιλεῖς,

127 3939 191 4004 ὡς
218 3942 279 3995 ἂν
308 3945 412 3997 ὑπὸ
467 3946 685 4015 μεγάλῳ
725 3947 971 4017 ἀρχιερεῖ
1006 3946 1084 4017 τῷ
1118 3948 1411 4017 Μονογενεῖ
1435 3948 1529 4001 τοῦ
1553 3950 1686 4003 Θεοῦ

126 4034 565 4109 λειτουργοῦντες,
597 4041 759 4109 ἱερεῖς
780 4057 839 4091 τε
864 4038 1033 4102 ὄντες,
1061 4042 1155 4093 καὶ
1177 4042 1329 4095 αὐτοὶ
1356 4042 1501 4113 δῶρα
1528 4061 1689 4113 προσ-

127 4126 342 4183 οίσουσιν
373 4133 457 4193 είς
496 4132 586 4184 τὸν
621 4132 747 4185 ναὸν
786 4133 950 4186 αὑτοῦ
978 4134 1069 4186 τὸν
1101 4134 1438 4205 ἐπουράνιον,
1472 4152 1684 4188 συνεισο

126 4222 388 4292 ερχόμενοι.
430 4223 507 4294 τῷ
548 4225 767 4294 μεγάλῳ
798 4226 1061 4298 ἀρχιερεῖ.
1091 4228 1278 4290 Ὅπως
1313 4226 1370 4278 δὲ
1402 4226 1558 4279 τοῦτο
1591 4227 1684 4294 γέ-

125 4331 263 4384 νηται
289 4319 379 4369 καὶ
408 4317 473 4369 δι’
500 4318 676 4387 ἔργων
700 4323 1049 4391 προχωρήσῃ,
1078 4319 1388 4388 ἀναγκαίως
1414 4319 1685 4389 ἐπηύξατο

124 4407 302 4458 εἰπών·
341 4427 359 4459 ι
400 4410 690 4473 Ἐντειλαι,
721 4412 748 4461 6
783 4409 935 4473 Θεὸς,
979 4410 1074 4480 τὴν
1112 4409 1337 4479 δύναμίν
1372 4426 1485 4473 σου,
1527 4410 1684 4463 δυνά-

126 4513 319 4563 μωσον,
363 4502 391 4553 6
425 4500 573 4565 Θεὸς,
609 4502 765 4555 τοῦτο
798 4502 825 4554 ὃ
865 4502 1207 4571 κατειργάσω
1253 4503 1400 4571 ἡμῖν.
1440 4521 1457 4553 ι

189 4608 206 4641 ι
227 4592 575 4664 Ἐπιτίμησον
592 4596 704 4657 τοῖς
722 4594 929 4666 θηρίοις
943 4593 1036 4646 τοῦ
1056 4593 1322 4663 καλάμου.
1336 4594 1573 4663 »Ὥσπερ
1589 4592 1683 4663 ηὗ-

122 4680 237 4746 ξατο
255 4687 581 4755 συνεργῆσαι
594 4690 706 4750 τοῖς
719 4687 1092 4758 προλεχθεῖσιν
1104 4684 1288 4737 εἰπών’
1312 4701 1329 4734 ι
1344 4685 1631 4744 Ἔντειλαι,
1656 4688 1682 4737 6

120 4774 255 4840 Θεὸς,
284 4778 382 4850 τὴν
409 4776 634 4850 δύναμίν
657 4797 769 4831 σου·
798 4799 816 4830 ι
841 4778 933 4832 καὶ
951 4778 1326 4848 (Δυνάμωσον,
1345 4777 1537 4840 ὁΘεὸς,
1563 4776 1680 4829 τοῦ-

118 4867 207 4919 τοὸ
232 4873 575 4941 κατειργάσω
590 4875 722 4942 ἡμῖν
742 4889 756 4902 ο
792 4892 810 4922 ι
836 4870 979 4925 οὕτω
996 4871 1156 4924 πάλιν
1181 4869 1393 4940 εὔχεται
1414 4870 1481 4923 τὰ
1502 4868 1645 4922 κωλύ
1661 4902 1677 4909 -

122 4974 253 5026 ματα
279 4962 519 5015 ἐκποδὼν
548 4963 778 5035 ἀρθῆναι
819 4964 881 5015 ὲκ
928 4960 1113 5032 μέσου,
1142 4962 1288 5019 ὅπως
1334 4958 1624 5025 ἀκωλύτως
1651 4964 1677 5013 6

117 5047 259 5119 λόγος
307 5054 599 5129 διαδράμῃ.
648 5054 899 5128 Συνεὼρα
947 5054 1054 5125 γὰρ
1098 5057 1161 5124 τῇ
1206 5052 1508 5124 προγνώσει
1550 5053 1677 5116 τοὺς

120 5141 394 5209 μέλλοντας
437 5145 823 5201 ἐπανίστασθαι
864 5146 940 5216 τῷ
984 5146 1321 5215 εὑαγγελικῷ
1361 5144 1673 5217 κηρύγματι

116 5235 371 5309 διωγμοὺς
398 5241 489 5295 καὶ
514 5242 639 5303 τοὺς
675 5240 894 5312 νοητοὺς
932 5234 1124 5308 θῆρας,
1153 5232 1227 5291 ὧν
1253 5236 1448 5308 ηὔχετο
1477 5239 1674 5309 ῥυσθῆ-

117 5342 197 5378 ναι
224 5328 463 5381 δείπώνο
503 5348 521 5381 ι
558 5329 649 5400 Μὴ
684 5328 938 5400 παραδῷς
982 5331 1093 5389 τοῖς
1138 5326 1345 5397 θηρίοις
1382 5326 1557 5395 ψυχὰς
1589 5327 1673 5390 ἔξ-

120 5420 537 5489 ομολογουμένας
602 5439 714 5474 σοι·
757 5418 973 5495 »θηρία
1017 5420 1073 5472 δέ
1130 5418 1375 5487 καλάμου
1428 5417 1667 5486 νοήσεις,

123 5510 293 5577 μαθὼν
321 5512 426 5566 ἀπὸ
452 5513 542 5567 τοῦ
583 5513 700 5566 ’1ὼὸ
731 5515 877 5576 ὅπως
902 5514 1111 5583 εἴρηται
1145 5511 1248 5563 ὑπό
1274 5510 1367 5562 τοῦ
1390 5509 1631 5561 διαὸόλου
1653 5524 1665 5537 θ

125 5620 140 5651 ι
187 5600 316 5658 Ὑπὸ
346 5606 652 5659 παντοδαπά
695 5605 883 5675 δένδρα
931 5605 1207 5674 κοιμᾶται,
1243 5601 1391 5654 ποισά
1422 5600 1669 5651 πάπυοον

1802 3208 1894 3265 Dei
1942 3213 2159 3267 civitate
2211 3215 2581 3282 praestantius.
2628 3216 2919 3270 sublimius
2957 3224 3011 3270 et
3051 3217 3247 3272 melius
3272 3217 3361 3270 ha—

1797 3302 1974 3366 betur,
2008 3306 2268 3375 templum
2312 3306 2405 3361 Dei
2435 3317 2537 3360 est.
2585 3308 2641 3360 In
2668 3308 2769 3361 hoc
2796 3308 2999 3378 templo
3021 3317 3135 3375 tuo,
3166 3305 3368 3379 inquit,

1798 3395 1894 3448 tibi
1956 3395 2185 3451 offerent
2234 3413 2391 3467 reges
2472 3400 2861 3469 munerazqui
2928 3401 3141 3455 scilicet
3205 3402 3370 3456 aliam

1795 3485 1943 3538 illam
1997 3486 2271 3540 civitatem
2330 3488 2608 3543 caelestem
2668 3489 2955 3553 incolunt,
3008 3504 3136 3544 vere
3185 3504 3366 3560 reges,

1793 3577 1921 3647 quia
1994 3594 2163 3648 regno
2240 3580 2501 3634 caelorum
2584 3580 2791 3651 dignati
2881 3588 3056 3647 sunt;
3136 3581 3368 3652 ideoque

1793 3685 1898 3724 una
1961 3686 2085 3725 eum
2159 3671 2390 3726 Domino
2444 3687 2546 3727 suo
2604 3682 2852 3744 regnant.
2894 3692 2911 3724 ι
2948 3672 3085 3727 Nam
3126 3674 3173 3727 si
3214 3689 3366 3727 com--

1791 3764 1990 3817 mortui
2021 3779 2246 3830 sumus,
2299 3772 2354 3819 et
2400 3767 2770 3830 convivemus,
2832 3773 2886 3821 et
2920 3766 2968 3820 si
3026 3766 3364 3822 sustinemus

1789 3851 1959 3907 Deum
2011 3863 2063 3906 et
2115 3853 2571 3922 conregnabimus
2594 3853 2660 3907 ³³.
2698 3872 2715 3904 ι
2755 3852 2818 3905 lli
2856 3853 3039 3922 itaque
3064 3867 3239 3922 reges,
3277 3864 3364 3906 ut-

1789 3953 1911 4012 pote
1939 3944 2031 4013 qui
2061 3946 2163 3999 sub
2197 3960 2392 4013 magno
2419 3944 2762 3999 sacerdotum
2797 3944 3042 4013 principe
3072 3941 3365 4013 Unigenitu

1787 4034 1883 4089 Dei
1914 4036 2276 4090 ministerium
2304 4036 2521 4099 obeant,
2548 4044 2603 4089 et
2633 4035 2947 4090 sacerdotes
2969 4036 3103 4098 sint,
3135 4050 3364 4089 munera

1786 4133 1839 4179 et
1872 4125 1976 4194 ipsi
2004 4124 2060 4178 in
2091 4125 2349 4193 templum
2399 4125 2515 4193 ejus
2546 4124 2767 4179 caeleste
2806 4124 3055 4187 all’erent,
3080 4138 3189 4177 una
3233 4138 3361 4178 cum

1787 4232 1985 4286 magno
2016 4215 2360 4270 sacerdotum
2393 4216 2639 4284 principe
2689 4216 3049 4272 introeuntes.
3082 4215 3151 4269 Ut
3178 4227 3359 4271 autem

1789 4308 1889 4361 hoc
1918 4308 2009 4359 liat
2037 4313 2091 4361 et
2117 4321 2281 4375 opere
2311 4306 2669 4375 compleatur,
2707 4307 3024 4363 necessario
3059 4306 3139 4362 sic
3168 4321 3362 4375 preca-

1788 4404 1873 4450 tus
1900 4405 1981 4451 est
2011 4414 2025 4449 :
2062 4414 2081 4446 ‹
2115 4394 2330 4460 Manda,
2364 4393 2527 4459 Deus,
2565 4395 2754 4450 virtuti
2777 4403 2882 4449 tua:
2903 4413 2917 4455 ;
2938 4396 3199 4449 conlirma
3229 4396 3355 4461 hoc,

1716 4474 1760 4529 Ι)
1788 4488 1951 4555 Deus,
1983 4487 2130 4556 quod
2162 4495 2419 4555 operatus
2447 4503 2506 4542 es
2537 4486 2590 4540 in
2617 4486 2797 4542 nobis.
2834 4506 2852 4538 ι

1857 4578 2025 4635 Vsus.
2058 4580 2242 4633 5155.
2290 4597 2308 4629 ι
2348 4578 2570 4648 lucrepa
2608 4577 2749 4634 feras
2778 4578 3085 4633 arundinis.
3117 4598 3134 4629 ›
3156 4578 3357 4643 Quem-

1785 4671 2077 4726 admodum
2120 4682 2375 4740 precatus
2423 4672 2622 4734 fuerat,
2662 4679 2720 4723 ut
2768 4670 3059 4739 praedictos
3106 4670 3357 4725 homines

1783 4765 2067 4835 adjuvaret
2099 4746 2288 4819 dicens
2333 4784 2345 4817 :
2404 4782 2420 4813 ι
2448 4763 2664 4824 Manda,
2712 4763 2878 4827 Deus,
2907 4762 3098 4815 virtuti
3155 4769 3297 4825 tuae;
3330 4781 3348 4811 ι

1782 4866 1837 4912 et
1857 4898 1871 4919 ,
1910 4876 1928 4908 ι
1950 4856 2228 4911 Conlirma
2254 4856 2379 4919 hoc,
2409 4854 2576 4915 Deus.
2608 4854 2752 4923 quod
2782 4862 3041 4924 cperatus
3070 4869 3131 4909 es
3164 4854 3216 4907 in
3252 4869 3354 4907 no-

1784 4951 1902 5014 bis;
1931 4970 1948 5002 ι
1987 4951 2067 5005 sic
2098 4948 2259 5002 modo
2295 4956 2569 5018 precatur,
2605 4955 2665 5000 ut
2697 4946 2883 5005 obices
2923 4945 2991 5001 de
3028 4946 3208 5000 medio
3252 4946 3355 5000 tol-

1784 5045 1984 5107 lantur,
2047 5049 2101 5098 et
2162 5042 2280 5097 sine
2341 5040 2729 5109 impedimento
2794 5053 2974 5093 sermo
3041 5049 3344 5108 percurrat.

1779 5136 2129 5193 Praescientia
2158 5138 2356 5207 quippe
2381 5141 2605 5189 noverat
2636 5148 2731 5187 eas
2757 5148 2879 5201 quae
2909 5132 3176 5188 adversus
3206 5148 3345 5202 prae-

1780 5229 2108 5283 dicationem
2152 5224 2519 5294 evangelicam
2557 5221 2860 5276 excitandaa
2898 5229 3053 5274 erant
3088 5235 3345 5288 persecu-

1774 5323 1973 5385 tiones,
2021 5318 2442 5389 spiritualesque
2481 5314 2646 5375 feras,
2702 5328 2732 5367 a
2780 5312 2981 5381 quibus
3011 5314 3146 5380 eripi
3182 5327 3342 5381 roga-

1775 5415 1867 5467 bat
1917 5415 2007 5467 ille
2034 5413 2128 5482 qui
2168 5411 2280 5463 haec
2316 5409 2639 5477 loquebatur
2682 5426 2694 5459 :
2749 5405 2869 5459 «Ne
2904 5404 3092 5459 tradas
3149 5405 3340 5458 bestiis

1774 5506 1984 5559 animas
2032 5502 2351 5557 conﬁtentes
2409 5499 2623 5552 Μὴν.»
2690 5497 2821 5563 Quae
2872 5497 2981 5551 sint
3043 5496 3149 5549 illa:
3210 5497 3339 5549 tera:

1775 5595 2058 5649 arundinis
2088 5591 2380 5660 intelligas.
2419 5593 2465 5643 si
2514 5605 2542 5642 a
2571 5589 2672 5644 Job
2708 5590 2926 5655 ediscas
2968 5588 3100 5658 quid
3131 5588 3335 5642 dictum

182 5760 223 5791 '°
250 5761 434 5816 Matth.
468 5778 561 5825 vn,
594 5762 642 5827 7,
682 5762 735 5817 8.
809 5763 852 5793 ⁸¹
882 5761 1055 5814 Galat.
1094 5776 1165 5823 Iv,
1196 5760 1285 5813 9.6.
1364 5759 1406 5789 ⁵²
1436 5756 1600 5811 Hebr.
1637 5770 1732 5808 xu.
1766 5753 1853 5806 9.2.
1935 5752 1979 5783 ⁸³
2006 5750 2048 5803 11
2076 5750 2215 5804 Tim.
2253 5764 2311 5816 ιι,
2350 5749 2434 5811 11,
2468 5745 2551 5799 12.
2631 5747 2676 5777 ⁵⁸
2704 5744 2846 5800 Psal.
2873 5760 3065 5801 Lxxm.
3098 5743 3184 5797 l‘J.

352 5860 617 5917 l’nnoc.
664 5860 781 5918 Gn.
828 5857 1065 5919 XXIII.

2946 5840 3023 5897 23
