3776 6284
400 313 505 368 715

1066 304 1336 366 ausam!
1375 304 1847 364 cassamsusrs
1882 305 2032 364 ore.
2072 306 2251 363 rans
2289 308 2376 364 ιιι.
2413 338 2487 353 -
2522 308 2948 367 EXEGETICA.’
3493 320 3567 375 τις

399 434 466 488 dc
492 431 708 488 diabolo
738 431 810 486 sit
827 448 854 484 -:
877 447 904 480 4
931 428 1058 485 Sub
1095 431 1274 483 omnis
1293 429 1506 499 generis
1528 428 1814 482 arboribus
1835 426 1946 481 dor‘

2064 428 2156 483 καὶ
2195 428 2434 501 κάλαμον
2469 431 2563 484 καὶ
2605 430 2886 502 βούτομον.
2924 449 2946 484 ι
2974 430 3050 486 Ού
3100 429 3206 502 γὰρ
3243 430 3379 503 παρα
3421 435 3568 504 συκῆν,

402 527 521 592 mit,
551 525 705 595 juxta
733 539 1022 595 papyrum,
1054 523 1325 576 calamum
1359 528 1411 576 et
1439 521 1674 584 caricem
1690 522 1790 576 ⁵⁵.»
1847 519 1965 575 Non

393 619 546 686 juxta
579 616 763 680 ﬁcum,
794 617 983 678 vitem,
1034 615 1206 668 oleam
1261 623 1354 667 aut
1407 613 1662 682 palmam,
1699 619 1790 665 aut
1835 613 1964 681 quid

396 711 465 766 iis
486 709 666 764 simile
694 748 708 772 ,
742 708 835 763 sed
858 708 1013 776 juxta
1031 721 1318 777 papyrum,
1350 705 1619 758 calamum
1647 713 1700 756 et
1727 703 1962 756 caricem

396 799 681 868 quiescere
721 798 898 868 ipsum
941 796 1047 860 ait,
1081 795 1348 856 infirmas,
1385 793 1609 864 frigidas
1646 793 1964 861 nullumque

396 891 635 946 fructum
669 891 872 945 bonum
925 887 1270 958 proferentes
1315 888 1526 941 animas
1578 885 1664 940 bis
1715 885 1966 940 subindi-

395 997 569 1049 cans;
606 982 763 1046 juxta
789 979 910 1033 illas
943 979 1143 1049 quippe
1170 978 1335 1032 draco
1367 978 1702 1048 quiescebat.
1751 976 1963 1032 Truces

395 1083 575 1124 autem
611 1071 716 1124 illa:
768 1069 893 1123 fera:
940 1067 1246 1131 arundinis,
1278 1076 1406 1124 sunt
1455 1067 1781 1125 adversariae
1813 1077 1964 1138 pote-

395 1173 587 1226 states,
619 1162 840 1231 maligni
873 1161 1168 1225 daemones,
1223 1170 1278 1216 et
1320 1161 1581 1216 venenosi
1627 1161 1961 1230 reptilesque

395 1256 643 1326 spiritus,
673 1269 812 1323 quos
846 1259 904 1306 ut
935 1252 1176 1321 increpet
1219 1250 1384 1315 Deus,
1437 1250 1680 1321 Spiritus
1730 1261 1960 1306 sanctus

392 1355 549 1416 rogat
577 1345 728 1400 hisce
759 1345 971 1400 verbis:
1010 1363 1028 1395 ι
1053 1343 1278 1413 lncrepa
1311 1343 1456 1398 feras
1492 1345 1802 1400 arundinis.
1837 1365 1855 1397 ι
1894 1345 1961 1399 Et

303 1449 305 1451 ‘
391 1439 866 1509 congregationem
912 1445 1227 1504 taurorum;
1274 1440 1408 1503 sive,
1451 1439 1750 1495 secundum
1801 1441 1961 1511 Sym-

391 1529 667 1592 machum,
733 1537 972 1584 icmtum
1029 1528 1431 1599 przegrandium
1460 1547 1475 1597 ;
1508 1550 1527 1583 ›
1581 1545 1779 1586 vaccas
1827 1532 1958 1587 item

389 1623 713 1692 populorum
751 1621 1018 1690 increpari
1054 1621 1294 1690 postulat
1343 1640 1355 1676 :

389 1718 642 1786 pulcrum
712 1723 766 1770 et
832 1715 996 1776 tauri,
1064 1721 1191 1770 sunt
1250 1715 1286 1769 ii
1363 1713 1504 1770 inter
1580 1713 1800 1770 Iudaeos
1863 1714 1956 1784 qui

390 1807 545 1862 verbi
596 1814 975 1876 persecutores
1023 1814 1172 1862 sunt.
1235 1805 1331 1861 llis
1377 1807 1525 1861 aliud
1553 1822 1690 1877 opus
1729 1806 1960 1876 subjun-

389 1902 556 1969 gitur,
597 1907 692 1952 «ut
716 1899 1075 1953 excludantur
1115 1899 1153 1952 ii
1191 1899 1284 1968 qui
1311 1901 1522 1968 probati
1566 1907 1695 1955 sunt
1753 1914 1955 1970 argen-

388 1998 480 2045 to:
507 2009 525 2040 ο
570 1989 712 2059 quod
754 1988 1017 2057 liquidius
1060 1988 1296 2059 explicat
1329 1987 1689 2060 Symmachus
1731 1985 1952 2042 dicens:

394 2082 535 2147 «Qui
567 2082 808 2136 calcibus
856 2081 1065 2151 pellunt
1091 2096 1188 2138 eos
1217 2080 1312 2152 qui
1357 2080 1575 2150 probati
1618 2087 1747 2134 sunt
1789 2079 1948 2149 quasi

385 2173 710 2242 probatione
756 2173 1021 2243 argenti.»
1078 2171 1144 2226 Hi
1192 2187 1429 2241 namque
1460 2170 1626 2236 tauri,
1663 2176 1716 2225 et
1747 2184 1954 2225 memo-

386 2273 519 2318 rata:
549 2278 747 2328 vaccae,
781 2279 811 2317 a
847 2263 976 2318 feris
1011 2261 1300 2316 arundinis
1339 2262 1578 2332 agitata,
1631 2260 1840 2314 nullum
1875 2245 1957 2312 ia-

389 2356 567 2424 pidem
593 2372 702 2409 non
725 2363 964 2417 movent,
998 2361 1057 2407 ut
1097 2353 1275 2408 sancti
1305 2352 1398 2406 Dei
1430 2368 1458 2404 a
1483 2367 1578 2421 spe
1607 2351 1711 2405 sibi
1749 2365 1954 2420 pr0po-

388 2451 494 2504 sita
542 2449 921 2504 deturbentur.
965 2445 1153 2501 Sancti
1183 2459 1313 2500 vero
1348 2443 1440 2497 Dei
1468 2453 1594 2496 sunt
1617 2442 1711 2512 qui
1740 2442 1953 2512 probati

388 2547 518 2594 sunt
554 2547 802 2609 argento.
843 2536 1312 2604 Quemadmodum
1357 2535 1502 2590 enim
1553 2553 1571 2586 ι
1596 2535 1812 2604 eloquia
1849 2532 1956 2588 Do-

387 2631 523 2685 mini
552 2637 727 2692 casta,
758 2637 1042 2701 argentum
1074 2628 1198 2699 igne
1216 2626 1662 2690 examinatum"
1687 2645 1702 2694 ;
1732 2648 1750 2677 ι
1792 2625 1876 2682 sic
1900 2633 1954 2681 et

387 2723 634 2778 homines
674 2721 767 2777 Dei
824 2721 1034 2792 probati
1092 2729 1222 2774 sunt
1275 2727 1335 2774 ut
1397 2727 1727 2790 argentum:
1781 2732 1954 2787 quare

384 2817 608 2871 dicunt:
645 2835 663 2867 ι
686 2814 938 2870 Probasti
968 2829 1089 2879 nos,
1119 2811 1283 2875 Deus,
1330 2813 1452 2884 igne
1496 2827 1600 2868 nos
1629 2810 1950 2867 examinasti

385 2908 528 2962 sicut
556 2907 896 2962 examinator
946 2913 1230 2977 argentum
1250 2905 1350 2958 ⁵⁷.»
1394 2903 1564 2976 Igitur
1608 2905 1736 2961 ferte
1784 2919 1953 2959 arun-

2067 521 2188 574 ούδὲ
2219 522 2370 593 παρά
2392 523 2654 593 ἄμπελον,
2680 525 2801 578 οὐδὲ
2852 524 3001 595 παρὰ
3047 523 3250 586 ἐλαίαν,
3274 523 3306 594 ἢ
3329 525 3572 598 φοίνικα,ή

2065 629 2118 665 τι
2163 613 2270 666 τῶν
2313 614 2522 677 τούτοις
2569 615 2987 686 παραπλησίων,
3036 612 3170 667 ἀλλά
3199 614 3340 685 παρά
3377 615 3573 688 πάπυρον

2065 707 2159 758 καὶ
2190 705 2431 776 κάλαμον
2461 706 2553 759 καὶ
2579 706 2836 777 βούτομον
2864 705 3233 760 ἀναπαύεσθαί
3261 723 3408 776 φησιν
3433 709 3573 773 αὐτὸν,

2063 797 2163 860 τὰς
2193 798 2414 862 ἀτόνους
2445 799 2538 852 καὶ
2565 799 2867 870 καθύγρους
2892 800 2984 853 καὶ
3015 798 3223 870 μηδένα,
3244 799 3434 869 καρπὸν
3455 801 3576 869 ἀναγ-

2067 890 2218 941 καῖον
2269 888 2646 958 προφερούσας
2691 890 2867 958 ψυχὰς
2928 889 3115 942 τοῦτον
3165 889 3480 959 αἰνιξάμενος
3509 891 3575 943 τὸν

2062 979 2295 1051 τρόπον·
2349 979 2498 1052 παρὰ
2543 979 2819 1054 τοιαύταις
2862 981 2971 1052 γάρ
3013 978 3310 1033 ἀνεπαύετο
3338 982 3363 1033 6
3390 979 3575 1050 δράκων.

2063 1071 2224 1125 Δεινά
2255 1071 2311 1124 δὲ
2335 1071 2498 1143 θηρία
2521 1073 2765 1143 καλάμου
2800 1075 3148 1144 τυγχάνουσιν
3177 1075 3232 1126 αἱ
3268 1073 3578 1143 ἀντικείμενοι

2061 1164 2338 1234 δυνάμεις,
2379 1165 2432 1216 οἵ
2462 1179 2526 1217 τε
2572 1166 2797 1237 πονηροὶ
2835 1165 3083 1236 δαίμονες
3119 1165 3214 1218 καὶ
3239 1165 3308 1218 τά
3338 1165 3490 1217 ἱοδόλα
3508 1166 3579 1218 καὶ

2061 1253 2366 1326 ἐρπυστικά
2407 1254 2712 1326 πνεύματα,
2761 1250 2842 1319 οἷς
2885 1255 3208 1326 ἐπιτιμῆσαι
3255 1254 3342 1307 τὸν
3390 1254 3500 1308 Θεὸν
3535 1254 3579 1307 τὸ

2061 1347 2281 1418 Πνεῦμα
2308 1346 2370 1400 τό
2402 1347 2552 1416 ἅγιον
2582 1347 2668 1400 διὰ
2698 1347 2804 1400 τῶν
2837 1348 2972 1418 μετὰ
2995 1351 3182 1418 χεῖρας
3207 1345 3414 1416 εὔχεται
3443 1346 3577 1415 λέγειν’

2065 1454 2083 1489 ι
2137 1437 2487 1508 Ἐπιτίμησον
2529 1441 2639 1502 τοῖς
2683 1438 2892 1510 θηρίοις
2939 1439 3034 1492 τοῦ
3077 1437 3346 1506 καλάμου.
3376 1455 3393 1487 ι
3422 1437 3594 1508 Καὶιῇι

2061 1533 2344 1601 συναγωγῇ
2393 1529 2450 1582 δὲ
2497 1529 2604 1583 τῶν
2651 1531 2885 1601 ταύρων,
2925 1529 2980 1600 ἢ,
3011 1529 3151 1582 κατά
3198 1527 3290 1581 τὸν
3323 1527 3579 1598 Σύμμαχον,

1422 1637 1601 1676 vaccae
1632 1630 1813 1678 autem
1861 1636 1946 1692 po-

2065 1639 2084 1672 ι
2119 1623 2321 1693 συνόδῳ
2367 1622 2769 1693 παμμεγέθων,
2816 1641 2835 1673 ι
2888 1621 2982 1674 καὶ
3033 1624 3154 1684 ταῖς
3209 1619 3458 1690 δαμάλεσι
3503 1619 3583 1672 τῶν

2055 1714 2199 1768 λαῶν
2252 1714 2575 1784 ἐπιτιμῆσαι
2625 1712 2888 1766 ἱκετεύει·
2941 1713 3200 1784 δαμάλεις
3249 1713 3306 1765 δὲ
3349 1711 3477 1764 λαῶν
3512 1712 3582 1764 καὶ

2056 1805 2246 1876 ταῦροι
2293 1805 2343 1857 οἱ
2395 1804 2546 1875 παρά
2588 1804 2860 1868 Ἰουδαίοις
2915 1805 3020 1857 εἰσὶ
3057 1805 3285 1858 διῶκται
3319 1803 3406 1857 τοῦ
3442 1804 3583 1870 λόγου.

2062 1889 2167 1949 ΤΩν
2215 1895 2390 1968 ἔργων
2434 1896 2494 1949 τὸ
2544 1895 2671 1965 έξῆς
2714 1895 3090 1966 ἐπιλεγόμενον
3127 1899 3186 1950 ἐν
3229 1896 3328 1967 τῷ,
3359 1915 3376 1948 ι
3404 1895 3486 1949 τοῦ
3520 1898 3587 1949 ἐκ·

2055 1987 2367 2060 κλεισθῆναι
2426 1987 2553 2050 τοὺς
2607 1987 3096 2058 δεδοκιμασμένους
3147 1988 3224 2059 τῷ
3279 1989 3584 2060 ἀργυρίῳ»

2055 2079 2191 2150 ὅπερ
2239 2079 2567 2149 σαφέστερον
2613 2080 2952 2150 ήρμήνευσεν
2996 2081 3026 2133 6
3079 2079 3374 2151 Σύμμαχος
3426 2079 3587 2133 εἰπών·

2061 2189 2080 2223 ι
2111 2172 2236 2236 Τοῖς
2257 2170 2659 2234 διαλακτίςουσι
2686 2172 2814 2235 τοὺς
2839 2171 3154 2243 εύδοκήτους
3175 2172 3256 2236 ὡς
3285 2172 3494 2244 δοκιμὴν
3517 2174 3592 2243 ἀρ-

2055 2261 2269 2332 γυρίου.
2307 2279 2327 2315 ι
2356 2255 2516 2315 Οὗτοι
2554 2259 2662 2332 γὰρ
2706 2262 2754 2314 οἱ
2808 2259 3020 2333 ταῦροι,
3050 2263 3149 2315 καὶ
3173 2262 3228 2314 αἱ
3259 2262 3593 2333 προλεχθεῖσαι

2053 2353 2331 2424 δαμάλεις,
2367 2353 2472 2406 ὑπὸ
2499 2352 2608 2406 τῶν
2649 2352 2852 2422 Θηρίων
2882 2352 2974 2406 τοῦ
3026 2354 3280 2425 καλάμου
3319 2354 3593 2426 ἐνεργούμε-

2055 2461 2162 2507 ναι,
2191 2443 2291 2514 τὴν
2322 2445 2500 2497 πᾶσαν
2537 2441 2810 2496 ποιοῦνται
2866 2444 3098 2516 σπουδὴν
3142 2443 3286 2516 πρὸς
3326 2445 3384 2498 τὺ
3424 2444 3594 2498 ἐκκλει-

2057 2537 2245 2608 σθῆναι
2275 2539 2399 2602 τοὺς
2431 2538 2620 2606 ἁγίους
2653 2537 2747 2591 τοῦ
2779 2537 2914 2592 Θεοῦ
2951 2541 3050 2611 τῆς
3085 2540 3493 2612 ἐπηγγελμένης
3517 2541 3593 2595 αὖα

2053 2631 2162 2690 τοῖς
2191 2629 2420 2692 ἐλπίδος.
2453 2629 2633 2697 Ἀγιοι
2680 2629 2738 2682 δὲ
2784 2629 2917 2682 Θεοῦ
2966 2631 3015 2684 οἱ
3058 2631 3497 2702 δεδοκιμασμένοι
3535 2629 3594 2700 τῷ

2053 2720 2315 2792 ἀργυρίῳ.
2357 2721 2564 2793 Ὥσπερ
2594 2720 2703 2794 γὰρ
2729 2740 2747 2774 ι
2776 2721 2844 2776 τά
2868 2721 3021 2790 λόγια
3047 2722 3256 2794 Κυρίου
3283 2723 3438 2792 ἀγνά,
3462 2721 3595 2796 ἀργύ-

2054 2829 2168 2883 ριον
2197 2811 2608 2883 πεπυρωμένον,
2640 2831 2659 2866 ι
2686 2811 2860 2876 οὕτως
2893 2813 2986 2866 καὶ
3009 2813 3058 2866 οἱ
3083 2813 3177 2866 τοῦ
3200 2814 3342 2868 Θεοῦ
3365 2815 3594 2886 ἂνθρωποι

2061 2903 2504 2974 δεδοκιμασμένοι
2552 2902 2689 2958 εἰσὶν
2732 2904 2810 2968 ὼς
2859 2904 2922 2958 τὸ
2975 2904 3270 2976 ἀργύριονο
3326 2906 3404 2960 διό
3441 2923 3593 2976 φασιν·

383 3001 553 3066 diuis,
592 3001 937 3072 congregatio
961 3009 1265 3064 taurorum,
1298 3007 1352 3056 et
1375 3015 1555 3054 vacca:
1585 3000 1931 3070 populorum,

2057 3013 2075 3046 ‹
2116 2995 2475 3067 Ἐδοκίμασας
2498 2998 2666 3068 ἡμᾶς,
2691 2996 2720 3048 6
2752 2995 2902 3061 Θεὸς,
2937 2997 3225 3068 ἐπύρωσας
3256 3001 3405 3070 ἡμᾶς
3427 2999 3497 3062 ὡς
3519 3015 3595 3050 πυ-

383 3109 478 3148 cos
517 3092 608 3162 qui
640 3091 850 3162 probati
883 3099 1012 3146 sunt
1043 3097 1272 3163 argento
1305 3104 1337 3144 a
1380 3091 1662 3169 proposita
1711 3091 1815 3169 sibi
1852 3106 1949 3161 spe

382 3159 671 3237 exciit—dere
700 3189 973 3252 satagunt.
1029 3159 1174 3248 Sive,
1203 3159 1500 3237 secundum
1537 3159 1947 3253 's'ymzichuin,

388 3291 408 3324 ι
434 3273 689 3329 Calcibus
724 3274 931 3344 pellunt
961 3288 1056 3329 eos
1099 3274 1194 3344 qui
1225 3273 1440 3344 probati
1475 3285 1602 3329 sunt
1631 3274 1788 3344 quasi
1823 3289 1952 3344 pro-

381 3364 602 3419 batione
629 3366 902 3436 argenti.)
947 3363 1018 3420 Ut
1047 3380 1116 3420 ne
1149 3365 1332 3435 itaque
1364 3365 1443 3419 illi
1469 3380 1635 3434 supra
1659 3365 1792 3419 dicti
1819 3380 1950 3419 san-

382 3457 488 3512 ctis
526 3456 622 3512 Dei
659 3457 1046 3528 impedimento
1079 3457 1209 3521 sint,
1239 3457 1551 3512 necessario
1598 3456 1808 3511 dictum
1832 3463 1947 3513 est:

388 3555 653 3623 «Increpa
704 3551 852 3608 teras
900 3550 1208 3610 arundinis.
1259 3550 1610 3621 congregatio
1662 3557 1949 3605 taurorum

383 3644 440 3696 in
491 3643 676 3697 vaccis
720 3641 1103 3712 populorunm
1159 3639 1281 3694 Alia
1334 3640 1464 3696 item
1503 3641 1718 3696 ratione
1762 3649 1949 3698 tauros

382 3732 653 3803 intelligas
668 3729 980 3786 Iudaeorum
1004 3729 1310 3800 principes:
1342 3744 1538 3785 vaccas
1561 3737 1741 3786 autem
1757 3746 1948 3787 corum

382 3837 684 3895 synagogas
739 3823 807 3877 iis
861 3819 1129 3884 subditas,
1175 3828 1229 3876 et
1279 3821 1508 3890 populos
1559 3822 1654 3891 qui
1703 3830 1949 3894 tempore

380 3914 654 3986 passionis
687 3913 996 3969 Servatoris
1013 3912 1193 3968 nostri
1224 3913 1662 3968 insurrexerunt.
1696 3912 1795 3968 Cui
1819 3930 1947 3970 sen-

381 4006 566 4060 tentiae
621 4004 946 4074 astipulatur
980 4018 1087 4059 vox
1143 4003 1236 4056 illa
1282 4017 1351 4058 ex
1412 4002 1586 4072 ipsius
1643 4002 1946 4061 Salvatoris

380 4111 615 4166 persona
668 4095 724 4149 in
747 4095 960 4164 psalmo
991 4109 1092 4148 ιιι
1125 4093 1303 4163 posita
1329 4111 1344 4148 :
1388 4111 1406 4144 ι
1425 4093 1692 4160 Quoniam
1716 4095 1948 4150 circum-

381 4188 646 4243 dederunt
675 4201 761 4241 me
784 4186 941 4240 vituli
975 4185 1153 4250 multi,
1185 4186 1327 4240 tauri
1359 4187 1588 4257 pingues
1613 4187 1944 4242 obsederunt

378 4294 486 4333 me.
527 4277 874 4347 Aperuerunt
925 4276 978 4328 in
1009 4291 1096 4330 me
1132 4291 1195 4331 os
1225 4291 1386 4330 suum
1407 4277 1510 4330 ⁵⁸.»
1552 4277 1721 4344 Queis
1751 4278 1943 4332 subin—

2053 3086 2239 3160 ροῦται
2287 3087 2348 3140 τὸ
2390 3088 2670 3160 ἀργύριον.
2711 3108 2730 3139 ι
2761 3090 2823 3142 Oi
2857 3083 2948 3143 οὖν
2976 3089 3138 3162 θῆρες
3169 3091 3218 3143 si
3263 3092 3360 3144 τοῦ
3391 3091 3596 3161 καλάμου

2053 3180 2147 3232 καὶ
2181 3181 2213 3250 ἡ
2257 3180 2544 3251 συναγωγὴ
2576 3180 2684 3235 τῶν
2714 3179 2948 3252 ταύρων,
2979 3182 3071 3234 καὶ
3114 3183 3170 3234 αί
3217 3181 3477 3253 δαμάλεις
3511 3180 3594 3234 τῶν

2050 3267 2214 3331 λαῶν,
2247 3269 2372 3331 τοὺς
2395 3267 2878 3339 δεδοκιμασμένους
2901 3269 2978 3340 τῷ
3005 3270 3250 3342 ἀργυρίῳ
3277 3269 3598 3341 ἀποκλεισθῆο

2051 3375 2137 3411 ναι
2177 3356 2533 3422 σπουδάζουσι
2571 3361 2669 3429 τῆς
2718 3358 3128 3430 ἐπηγγελμένης
3164 3361 3354 3426 αὐτοῖς
3395 3360 3595 3424 ἐλπίδος.

2051 3448 2146 3510 Ἣ,
2197 3447 2337 3502 κατὰ
2383 3449 2475 3501 τὸν
2508 3446 2830 3519 Σύμμαχον,
2875 3468 2894 3501 ι
2941 3450 3358 3516 Διαλακτίζουσι
3412 3451 3601 3514 τούτους

2051 3537 2246 3600 αὐτοὺς
2297 3538 2620 3609 εύδοκήτους
2663 3537 2820 3602 ὄντας
2879 3539 2954 3603 ὼς
3004 3540 3231 3613 δοκιμὴν
3283 3543 3550 3615 ἀργυρίου.
3577 3560 3593 3593 ι

2053 3632 2147 3684 Ἵν’
2175 3626 2266 3684 οὖν
2297 3629 2372 3702 μὴ
2406 3630 2652 3701 ἐμποδὼν
2683 3631 2942 3700 γένωνται
2990 3636 3102 3697 τοῖς
3145 3635 3331 3703 ἁγίοις
3361 3635 3454 3690 τοῦ
3488 3633 3598 3690 Θεοῦ

2049 3723 2097 3776 οί
2130 3721 2532 3794 προλεχθέντες,
2577 3722 2888 3791 ἀναγκαίως
2928 3725 3172 3796 είρηταιυ
3206 3744 3225 3777 ι
3272 3727 3597 3798 Ἐπιτίμησον

2047 3816 2158 3877 τοῖς
2189 3813 2396 3884 θηρίοις
2423 3813 2518 3866 τοῦ
2552 3813 2820 3885 καλάμου,
2865 3815 2900 3885 ἡ
2951 3817 3238 3889 συναγωγὴ
3274 3819 3386 3872 τῶν
3413 3819 3599 3890 ταύρων

2049 3905 2107 3958 ἐν
2147 3907 2266 3968 ταῖς
2304 3905 2566 3976 δαμάλεσι
2609 3905 2717 3958 τῶν
2749 3905 2911 3959 λαῶν.
2959 3925 2977 3958 ι
3014 3908 3122 3962 Καὶ
3168 3907 3348 3974 ἄλλως
3395 3909 3599 3979 ταύρους

2047 3999 2259 4070 νοήσεις
2286 3999 2410 4064 τοὺς
2445 3999 2707 4054 Ἰουδαίων
2743 4000 3008 4072 ἄρχοντας
3027 4021 3040 4034 ·
3076 4003 3342 4075 δαμάλεις
3367 4003 3599 4059 δέ-αύτῶν

2045 4091 2144 4154 τάς
2183 4091 2287 4144 ὑπὸ
2328 4091 2548 4156 τούτους
2589 4094 2910 4163 συναγωγὰς
2963 4095 3054 4148 καὶ
3116 4098 3241 4160 τοὺς
3292 4097 3456 4162 λαοὺς
3494 4097 3598 4160 τοὺς

2047 4185 2436 4247 ἐπισυστάντας
2485 4184 2626 4239 κατά
2667 4185 2730 4238 τὸ
2780 4185 2950 4250 πάθος
3002 4185 3097 4239 τοῦ
3145 4188 3402 4260 Σωτῆρος
3441 4186 3596 4260 ἡμῶν.

2047 4272 2326 4342 Μαρτυρεῖ
2349 4271 2405 4324 δὲ
2429 4270 2505 4342 τῷ
2540 4271 2682 4344 λόγῳ
2709 4274 2741 4344 ἡ
2774 4274 2834 4338 ἐξ
2861 4272 3022 4327 αὐτοῦ
3056 4275 3352 4346 προσώπου
3381 4276 3474 4330 τοῦ
3505 4276 3597 4328 Σω-

379 4369 599 4423 dicabat
624 4369 898 4440 principes
937 4369 1151 4428 Iudaici
1193 4375 1402 4444 papuli,
1441 4391 1654 4430 necnon
1690 4376 1940 4429 multitu-

2052 4362 2209 4433 τῆρος
2237 4363 2294 4415 ἐν
2318 4370 2397 4416 κα¹
2426 4363 2623 4434 ψαλμῷ
2652 4365 2800 4436 φωνὴ
2827 4365 3136 4434 φάσκουσα·
3171 4386 3191 4419 ι
3226 4370 3349 4423 Ὅτι
3383 4369 3598 4423 ἐκύκλω-

375 4459 559 4516 dinem
616 4462 750 4534 ipsis
799 4462 1073 4519 subditam
1118 4479 1247 4536 quae
1291 4465 1587 4522 adversum
1645 4481 1708 4522 se
1756 4467 1942 4522 insur-

377 4554 540 4611 rexit.

453 4807 710 4881 «Dissipa
749 4817 939 4880 gentes
984 4798 1277 4881 quaa'bella
1319 4812 1561 4868 volunt.»
1607 4813 1738 4880 Quae
1775 4831 1940 4888 supe-

373 4900 492 4957 rius
521 4899 794 4966 i’eruntur,
839 4902 908 4957 de
958 4903 1292 4960 adversariis
1341 4906 1711 4976 potestatibus
1767 4915 1821 4963 et
1871 4908 1940 4964 de

373 4992 712 5064 principibus
743 4993 1056 5050 Judaeorum
1121 5006 1376 5052 enarrata
1421 5005 1589 5053 sunt:
1644 4998 1760 5054 haec
1811 5015 1939 5055 vero

374 5082 442 5138 dc
473 5083 711 5140 inimicis
753 5083 1010 5140 Ecclesiae
1057 5101 1124 5140 ex
1163 5086 1496 5157 reliquarum
1545 5089 1790 5158 gentium
1835 5106 1940 5143 nu-

372 5190 542 5232 mero.
584 5174 931 5246 Prospiciens
966 5192 1202 5247 namque
1235 5177 1473 5248 Spiritus
1503 5186 1728 5234 sanctus
1755 5195 1850 5235 eos
1869 5195 1938 5235 ex

372 5265 624 5335 gentibus
648 5266 744 5336 qui
778 5265 834 5319 in
880 5267 1267 5322 incredulitate
1312 5268 1715 5338 perscveraturi
1755 5277 1935 5336 erant,

373 5355 636 5413 adversus
665 5355 852 5413 ﬁdeles
875 5357 1014 5412 bella
1035 5367 1091 5413 et
1118 5361 1526 5430 persecutiones
1543 5368 1790 5417 moturos
1813 5377 1936 5418 esse

372 5454 565 5500 contra
604 5446 909 5503 Ecclesiam
951 5448 1069 5508 Dei.
1118 5451 1436 5506 necessario
1487 5451 1590 5507 hac
1636 5452 1704 5508 de
1746 5467 1807 5507 re
1853 5453 1934 5510 sic

371 5545 626 5606 precatur
663 5556 678 5594 :
715 5557 736 5592 ι
755 5538 971 5610 Dissipa
1000 5549 1191 5609 gentes
1218 5557 1340 5612 quae
1368 5541 1509 5597 bella
1538 5543 1778 5598 volunt.»
1836 5543 1934 5600 His

370 5643 610 5710 namque
638 5629 945 5702 dissipatis,
984 5633 1159 5704 gratia
1191 5634 1504 5704 evangelica
1553 5635 1732 5691 locum
1760 5635 1932 5692 habe-

2043 4451 2142 4505 σάν
2183 4469 2250 4523 με
2297 4452 2484 4524 μόσχοι
2526 4453 2728 4520 πολλοὶ,
2778 4455 2968 4528 ταῦροι
3001 4457 3184 4522 πίονες
3208 4460 3497 4530 περιέσχον
3523 4474 3595 4528 με.

2044 4543 2297 4609 Ἤνοιξαν
2323 4545 2408 4596 ἐπ’
2437 4543 2538 4614 ἐμὲ
2570 4544 2631 4597 τὸ
2660 4544 2832 4616 στόμα
2866 4546 3064 4602 αὐτῶν.
3099 4567 3116 4600 ι
3151 4550 3228 4601 Δι’
3263 4543 3342 4602 ὧν
3381 4549 3598 4621 ᾐνίττετο

2039 4635 2164 4698 τοὺς
2190 4635 2454 4706 ἄρχοντας
2479 4636 2572 4688 τοῦ
2599 4636 2870 4690 Ἰουδαίων
2891 4637 3019 4692 λαοῦ
3059 4639 3154 4692 καὶ
3187 4640 3258 4694 τά
3285 4641 3383 4694 ὑπ’
3427 4640 3599 4702 αὐτοὺς

2043 4724 2220 4796 πλήθη
2246 4725 2316 4778 τά
2343 4726 2703 4781 ἐπισυστάντα
2732 4731 2850 4782 κατ’
2880 4730 3062 4784 αὑτοῦ.

2115 4834 2134 4866 ι
2173 4816 2565 4886 Διασκόρπισον
2595 4817 2722 4890 ἔθνη
2763 4821 2829 4874 τά
2866 4822 2990 4885 τοὺς
3030 4821 3293 4894 πολέμους
3320 4823 3552 4878 θέλοντα.
3578 4840 3596 4874 ι

2038 4905 2119 4959 Τά
2150 4907 2247 4978 μὲν
2283 4905 2528 4979 ἀνώτερα
2575 4911 2702 4982 περὶ
2743 4911 2850 4964 τῶν
2888 4913 3273 4984 ἀντικειμένων
3310 4916 3599 4986 δυνάμεων,

2035 4998 2130 5050 καὶ
2179 4999 2304 5070 περὶ
2350 5000 2457 5054 τῶν
2505 5002 2778 5073 ἀρχόντων
2825 5002 2918 5056 τοῦ
2963 5004 3227 5059 Ἰουδαίων
3271 5005 3462 5070 ἔθνους
3499 5005 3602 5071 ἐδη-

2034 5086 2219 5155 λοῦτο,
2265 5089 2333 5144 τὰ
2369 5090 2425 5143 δὲ
2470 5093 2806 5164 προκείμενα
2848 5093 2975 5164 περὶ
3011 5093 3118 5146 τῶν
3160 5097 3219 5148 ἐν
3259 5098 3374 5160 τοῖς
3415 5095 3598 5155 λοιποῖς

2034 5179 2208 5234 ἔθνεσι
2242 5181 2513 5255 πολεμίων
2539 5185 2639 5256 τῆς
2685 5185 3030 5257 Ἐκκλησίας.
3073 5188 3283 5258 Ἐπειδὴ
3320 5185 3434 5258 γᾶρ
3472 5186 3598 5257 ἐώρα

2034 5271 2097 5324 τὸ
2125 5272 2346 5344 Πνεῦμα
2379 5275 2440 5328 τὸ
2485 5275 2638 5343 ἅγιον
2681 5278 2806 5341 τοὺς
2849 5279 2907 5330 ἐν
2941 5277 3169 5356 ἀπιστίᾳ
3214 5277 3598 5347 ἀπομείναντας

2034 5364 2142 5418 τῶν
2192 5366 2359 5420 ἐθνῶν
2385 5369 2920 5440 ἐπαναστησομένους
2961 5371 3070 5433 τοῖς
3102 5372 3328 5434 πιστοῖς,
3373 5369 3470 5423 καὶ
3497 5369 3599 5420 διω-

2032 5456 2205 5526 γμοὺς
2245 5457 2385 5512 κατά
2438 5461 2536 5530 τῆς
2582 5460 2904 5530 Ἐκκλησίας
2945 5460 3039 5516 τοῦ
3090 5461 3224 5515 Θεοῦ
3265 5463 3594 5532 κινήσοντας,

2034 5547 2343 5614 ἀναγκαίως
2390 5549 2484 5602 καὶ
2527 5550 2656 5620 περὶ
2696 5549 2884 5603 τούτου
2935 5550 3151 5621 εὔχεται
3192 5551 3344 5619 λέγον
3365 5567 3379 5581 ο
3425 5569 3444 5602 ι
3483 5553 3596 5601 Δια-

2034 5638 2321 5709 σκόρπισον
2364 5639 2491 5711 ἔθνη
2541 5642 2610 5699 τὰ
2661 5644 2786 5708 τοὺς
2834 5642 3103 5715 πολέμους
3151 5643 3391 5698 θέλοντα.
3425 5661 3447 5697 ι
3479 5644 3588 5696 Au:-

350 5859 352 5862 ν
439 5784 486 5815 ﬂ
509 5781 609 5839 Job
633 5799 720 5847 xc,
756 5783 840 5839 l6.
915 5785 960 5817 "
989 5783 1133 5840 Psal.
1172 5801 1244 5852 xi,
1269 5786 1322 5842 7.
1399 5788 1442 5821 ⁸⁷
1466 5787 1609 5844 Psal.
1641 5804 1766 5857 txv,
1801 5788 1889 5857 Ιον

2052 5791 2185 5847 Psal.
2210 5807 2321 5862 xxi,
2352 5793 2440 5864 15,
2468 5794 2555 5852 14.
