3776 6284
198 328 285 381 7l7
1288 332 1787 392 COMMENTARIA
1825 336 1894 392 IN
1931 332 2272 395 PSALMOS.

3297 344 3398 401 718

194 442 607 516 σκορπιζομένων
629 446 738 519 γὰρ
789 450 1012 515 τούτων,
1056 454 1088 522 ἡ
1138 453 1363 527 χάριςὴ
1412 459 1717 527 εὐαγγελικὶ

1840 459 1939 515 bit.
2000 459 2117 513 Jam
2163 459 2406 513 futurum
2463 468 2581 513 erat
2628 467 2686 513 ut
2724 460 2896 530 gratia
2948 467 3289 531 operaretur,
3330 461 3399 516 ab

188 539 351 611 χώραν
373 540 497 603 ἕξει.
530 541 766 610 Ἥμελλε
789 542 881 595 τοῦ
907 547 1144 616 ἐνεργεῖν
1178 546 1272 599 καὶ
1300 547 1358 611 ἐξ
1384 548 1561 601 αὐτῶν
1582 550 1733 621 πρώ-

186 649 279 683 των
327 630 578 701 ἄρχεσθαι
627 632 734 684 τῶν
785 634 905 687 καθ’
963 637 1261 709 ὑπερϐολὴν
1317 638 1729 711 εἰδωλολατρῶν.

184 721 444 797 Αἰγύπτιοι
473 722 529 775 δὲ
556 720 693 795 ἦσαν
732 727 780 777 οἰ
810 727 1023 781 πάντων
1072 728 1372 800 ἀνθρώπων
1399 733 1491 786 καὶ
1521 735 1733 787 πάντων

184 812 334 865 ἐθνῶν
354 813 912 885 δεισιδαιμονέστατοι.
937 820 1026 873 Διὸ
1050 820 1180 889 ἑξῆς
1197 821 1456 892 ἐπιλέγειδ
1478 844 1496 875 ι
1510 824 1733 889 ’Ἡξουσι

184 905 417 975 πρέσϐεις
443 905 501 969 ἐξ
525 907 816 976 Αἰγύπτου.
855 930 872 959 ι
906 912 1062 965 Κατά
1101 913 1156 965 δὲ
1179 914 1272 967 τὸν
1308 915 1556 981 Ἀκύλαν,
1593 936 1611 963 σ
1644 918 1734 972 Οἴ-

184 1013 343 1050 σουσιν
366 999 743 1068 ἐσπευσμένως
766 1002 824 1068 ἐξ
849 1003 1121 1071 Αἰγύπτου
1138 1022 1152 1037 ο
1192 1025 1209 1056 ι
1238 1007 1378 1061 κατά
1401 1009 1455 1062 δὲ
1476 1009 1565 1063 τὸν
1589 1010 1735 1082 Σύμ-

185 1106 353 1158 μαχον,
385 1108 402 1139 ι
426 1090 756 1146 Ἐλθέτωσαν
800 1096 1129 1164 ὲκφάναντες
1169 1101 1217 1150 οἰ
1264 1098 1323 1163 ἐξ
1375 1101 1668 1170 Αἰγύπτου.
1708 1123 1726 1154 ι

182 1180 276 1233 Καὶ
322 1180 378 1232 τὸ
426 1181 525 1250 μὲν
573 1185 789 1237 πάντων
839 1186 1235 1260 εἰδωλολατρῶν
1278 1192 1435 1258 γένος
1483 1191 1571 1246 διὰ
1624 1194 1732 1247 τῶν

179 1267 519 1337 ἐλευσομένων
542 1270 602 1337 ἐξ
630 1273 903 1340 Αἰγύπτου
939 1275 1033 1328 καλ.
1061 1277 1463 1349 διαϐησομένιοιν
1501 1283 1593 1335 ἐπὶ
1632 1282 1731 1352 τὴν

179 1358 259 1411 τοῦ
294 1359 418 1413 Θεοῦ
442 1363 642 1429 γνῶσιν
680 1364 1001 1436 δεδήλωται·
1039 1369 1124 1421 διὰ
1161 1370 1216 1423 δὲ
1262 1371 1355 1425 τοῦ
1388 1373 1515 1444 ἑξῆς
1554 1375 1733 1429 ἐπιλε-

179 1444 405 1514 γομένοψ
425 1463 442 1497 ι
460 1448 712 1503 Αἰθιοπία
732 1454 1033 1523 προφθάσει
1062 1460 1217 1528 χεῖρα
1242 1462 1411 1531 αὐτῆς
1430 1462 1508 1533 τῷ
1534 1463 1673 1535 Θεῷ,
1706 1484 1724 1518 ι

177 1534 235 1588 τά
263 1537 397 1608 ἄκρα
434 1540 532 1609 τῆς
578 1542 685 1595 τῶν
724 1545 1023 1615 ἀνθρώπων
1073 1551 1419 1623 οἰκουμένης.
1470 1534 1729 1625 Σημαίνει

175 1629 269 1699 γὰρ
308 1632 335 1683 ό
364 1630 540 1699 λόγος,
587 1636 662 1698 ὼς
695 1636 802 1707 ἄρα
852 1637 911 1702 ἐξ
957 1641 1209 1694 ἁπάντων
1253 1645 1361 1696 τῶν
1411 1645 1579 1701 ἐθνῶν
1620 1647 1729 1701 τῶν

175 1720 255 1772 ἀπ’
280 1721 535 1793 ἀνατολῆς
561 1725 712 1796 ἡλίου
747 1728 907 1800 μέχρι
959 1732 1178 1803 δυσμῶν
1221 1735 1457 1805 ἥξουσιν,
1502 1739 1639 1793 κατά
1668 1741 1728 1795 τὸ

1834 551 1901 607 iis
1953 552 2228 620 Prioribus
2281 566 2407 605 orsa
2457 551 2549 621 qui
2598 567 2761 623 supra
2820 552 3041 607 modum
3093 551 3398 607 idololatra:

1832 651 2022 699 erant:
2065 642 2304 713 Egyptii
2342 650 2521 697 autem
2554 643 2630 696 illi
2674 652 2831 697 erant
2870 645 3111 700 omnium
3152 644 3397 715 gentium

1833 750 1896 788 ac
1926 736 2249 804 populorum
2282 734 2830 804 superstitiosissimi.
2863 735 3041 801 Quare
3058 743 3248 806 postea
3274 735 3400 790 sub-

1828 826 2009 897 jungit
2049 846 2061 881 :
2106 846 2124 879 ι
2155 826 2385 881 Venient
2428 827 2588 897 legali
2640 843 2704 880 ex
2754 826 3041 898 Egypto.»
3086 827 3396 883 Secundum

1833 920 2085 990 Aquilam
2120 935 2272 981 vero,
2329 939 2346 970 ι
2374 919 2573 975 Ferent
2620 919 2943 973 festinanter
2966 934 3031 973 ex
3067 918 3302 990 :Egypto
3328 937 3343 986 ;
3371 937 3390 970 ι

1834 1012 2133 1065 secundum
2190 1009 2600 1082 Symmachum,
2657 1010 2935 1065 «Veniant
2988 1010 3273 1067 eﬂ‘erentes
3328 1026 3397 1065 ex

1833 1101 2119 1174 Egypto.»
2155 1102 2461 1173 Totumque
2502 1104 2912 1158 idololatrarum
2942 1118 3137 1175 genus,
3171 1119 3264 1173 per
3300 1118 3397 1157 eos

1831 1196 1925 1263 qui
1962 1210 2025 1248 ex
2063 1194 2296 1265 {Egypto
2328 1196 2565 1259 venturi,
2612 1204 2665 1249 ct
2698 1195 2765 1249 ad
2801 1194 2891 1249 Dei
2923 1196 3171 1249 notitiam
3224 1206 3399 1249 trans-

1833 1286 1960 1339 ituri
1990 1294 2137 1349 sunt,
2172 1287 2480 1353 indicatur;
2515 1303 2613 1358 per
2657 1288 2707 1341 id
2740 1302 2868 1341 vero
2909 1286 3052 1356 quod
3089 1300 3214 1340 mox
3243 1285 3399 1340 addi~

1832 1385 1957 1431 tur:
2008 1396 2026 1428 ‹
2050 1376 2325 1448 Ᾱῐιίιίορίιι
2356 1380 2596 1449 porriget
2649 1394 2867 1431 manum
2894 1393 3047 1433 suam
3081 1377 3212 1442 Deo,
3244 1396 3262 1429 ι
3302 1391 3399 1430 ex-

1831 1476 2001 1524 trema
2033 1470 2181 1525 orbis
2216 1470 2614 1541 significantur.
2660 1469 2977 1524 Declaratur
3000 1486 3164 1540 porro
3186 1485 3250 1524 ex
3278 1470 3401 1523 uui-

1829 1561 2003 1615 versis
2034 1561 2286 1629 gentibus
2314 1561 2383 1615 ab
2415 1562 2627 1615 oriente
2666 1562 2780 1617 sole
2812 1576 2985 1631 usque
3027 1560 3095 1614 ad
3139 1559 3399 1615 occiden-

1828 1658 1939 1705 tem
1974 1667 2296 1707 accessuros
2345 1668 2487 1717 essc,
2539 1661 2599 1707 ut
2631 1653 2762 1707 alibi
2812 1652 3016 1707 dicitur
3050 1671 3064 1707 :
3101 1670 3121 1702 ι
3144 1651 3398 1706 Remini-

1830 1752 2053 1798 scentur
2077 1754 2130 1799 et
2166 1752 2555 1799 convertentur
2580 1744 2647 1807 ad
2676 1743 2961 1798 Dominum
2996 1744 3238 1800 universi
3259 1744 3395 1799 fines

174 1813 356 1881 φάσκον
389 1817 446 1869 ὲν
480 1819 691 1890 ἑτέροις
718 1820 926 1889 λόγιον·
968 1842 986 1875 ι
1020 1826 1433 1897 Μνησθήσονται
1468 1831 1561 1884 καὶ
1607 1834 1717 1885 ἐπι·

1828 1838 1987 1886 terra!
2030 1850 2044 1886 :
2092 1840 2146 1887 et
2193 1832 2498 1887 adorabunt
2524 1833 2579 1887 in
2612 1840 2911 1902 conspectu
2952 1834 3073 1902 ejus
3124 1833 3395 1888 universa:

174 1908 549 1977 στραφήσονται
601 1912 735 1982 πρὸς
787 1915 991 1986 Κύριον
1040 1918 1215 1970 πάντα
1264 1919 1331 1972 τὰ
1375 1921 1586 1991 πέρατα
1622 1924 1722 1995 τῆς

170 1998 273 2068 γῆς,
300 2000 389 2053 καὶ
434 2005 903 2076 προσκυνήσουσιν
953 2007 1180 2062 ἐνώπιον
1228 2013 1391 2066 αὑτοῦ
1448 2017 1615 2076 πᾶσαι
1660 2018 1719 2071 αἰ

170 2093 368 2161 πατριαί
414 2093 522 2145 τῶν
570 2095 756 2149 ἐθνῶν.
793 2117 811 2150 ι
850 2101 1003 2153 Κατά
1047 2102 1102 2154 δὲ
1139 2103 1230 2156 τὸν
1273 2106 1531 2160 Ἀκύλαν’
1567 2128 1585 2159 ι
1610 2094 1717 2162 Α’ἰ-

168 2178 291 2250 θίοψ,
314 2185 461 2254 φησί,
491 2186 764 2258 δρομώσει
789 2194 944 2261 χεῖρα
966 2193 1130 2246 αὐτοῦ
1156 2195 1232 2266 τῷ
1261 2196 1404 2267 Θεῷ·
1444 2218 1462 2250 ›
1497 2200 1635 2254 κατὰ
1662 2202 1717 2254 δὲ

166 2271 241 2324 τὸν
269 2274 586 2361 Σύμμαχον·
620 2297 638 2328 ι
679 2280 930 2334 Αἰθιοπία
976 2286 1263 2339 σπευσάτω
1308 2286 1520 2342 διδοῦσα
1561 2293 1719 2361 χεῖρα

165 2361 231 2431 τῷ
259 2359 383 2433 Θεῷ.
425 2386 441 2415 ι
481 2366 638 2420 Ἔστι
683 2368 741 2422 δὲ
793 2374 886 2426 καὶ
938 2374 1079 2429 κατὰ
1135 2377 1232 2446 τὴν
1276 2378 1512 2451 ἱστορίαν
1561 2359 1718 2434 τοῦτο

166 2452 527 2525 πεπληρῶσθαι
564 2459 729 2527 φάναι
768 2461 860 2514 ἐπὶ
888 2463 981 2517 τοῦ
1014 2466 1287 2531 Αἰθίοπος,
1320 2462 1380 2521 οὗ
1416 2470 1717 2542 μέμνηνται

162 2542 255 2632 τῶν
282 2545 587 2602 ἀποστόλων
618 2553 673 2603 αἰ
708 2552 961 2623 Πράξεις.
1010 2556 1203 2627 Σχεδὸν
1237 2558 1344 2630 γάρ
1378 2560 1717 2632 προέφθασεν

162 2626 294 2699 οὗτος
325 2637 390 2690 τὰ
433 2638 598 2693 λοιπά
631 2641 779 2713 ἔθνη,
836 2626 1192 2713 καταξιωθείς
1224 2626 1329 2721 προ
1372 2626 1586 2707 πάντων
1617 2655 1718 2726 τῆς

161 2728 387 2817 γνώσεως
410 2732 504 2785 τοῦ
536 2734 805 2807 Σωτῆρος.
839 2738 1023 2802 Ὅπως
1046 2738 1102 2792 δὲ
1140 2741 1234 2794 καὶ
1275 2745 1529 2815 πρέσϐεις
1555 2742 1717 2817 ἦλθον

161 2816 217 2911 ἐς
250 2819 512 2888 Αἰγύπτου
551 2825 693 2878 κατά
737 2826 835 2898 τὴν
880 2828 1151 2900 ἱστορίαν,
1194 2829 1354 2887 πάλιν
1392 2834 1447 2889 αἰ
1482 2816 1717 2911 Πράξεις

161 2907 251 2961 τῶν
297 2911 604 2967 ἀποστόλων
649 2915 917 2988 δηλοῦσιν,
970 2923 1027 2972 ἐν
1079 2917 1166 2986 αἷς
1218 2926 1447 2996 εἴρηται,
1495 2907 1570 2991 ὥς
1610 2931 1717 3002 ἄρα

162 3002 283 3092 κατά
464 3007 679 3079 ἡμέραν
726 3009 827 3080 τῆς
874 3010 1249 3086 Πεντηκοστῆς
1290 3014 1351 3070 τὸ
1397 3019 1619 3092 Πνεῦμα
1654 3023 1715 3076 τὸ

160 3089 293 3159 ἅγιον
331 3089 615 3169 ἐπλήρωσε
653 3097 742 3153 τὸν
787 3097 934 3156 οἷκον
977 3104 1103 3157 ἔνθα
1134 3103 1273 3177 ἦσαν
1313 3110 1364 3162 οἱ
1408 3089 1711 3179 ἀπόστολοι,

162 3184 354 3239 ἑκάθισέ
379 3206 437 3241 τε
471 3191 567 3243 ἐπὶ
602 3193 727 3255 τοὺς
756 3195 1028 3265 παρόντας
1063 3197 1336 3263 ἅπαντας⁸
1371 3204 1427 3254 ὲν
1458 3199 1538 3267 οἷς
1578 3200 1717 3277 ἦσαν
1743 3181 1785 3238 C

161 3274 342 3351 Πάρθοι
374 3282 466 3333 καὶ
497 3283 679 3353 Μῆδοι
717 3286 808 3338 καὶ
853 3286 1135 3358 Ἐλαμῖται
1184 3293 1277 3345 καὶ
1317 3294 1365 3346 οί
1407 3274 1720 3351 κατοικοῦν-

158 3384 237 3433 τες
269 3370 361 3443 τὴν
404 3375 861 3447 Μεσοποταμίαν,
899 3380 1156 3434 Ἰουδαίαν
1189 3400 1249 3436 τε
1295 3387 1389 3439 καὶ
1426 3389 1721 3445 Καππαδο-

161 3461 283 3553 κίαν,
313 3465 512 3520 Πόντον
561 3469 654 3521 καὶ
695 3468 794 3541 τὴν
831 3472 1032 3537 Ἀσίαν,
1064 3476 1303 3546 Φρυγίαν
1332 3497 1393 3531 τε
1430 3481 1521 3533 καὶ
1559 3482 1718 3553 Παμ-

160 3551 351 3618 φυλίαν,
384 3555 658 3624 Αἴγυπτον
688 3558 782 3612 καί
808 3559 879 3613 τὰ
920 3562 1058 3634 μέρη
1094 3565 1191 3635 τῆς
1223 3565 1428 3638 Λιϐύης
1451 3570 1561 3640 τῆς
1577 3551 1720 3625 κατὰ

159 3642 411 3716 Κυρήνην.
457 3640 619 3701 Οὗτοι
670 3649 733 3721 δὴ
782 3648 877 3705 οὖν
930 3652 1127 3718 πάντες
1171 3656 1410 3729 ὠσπερεί
1460 3662 1719 3731 πρέσϐεις

157 3730 423 3826 ξτύγχανον
479 3741 588 3796 τῶν
638 3738 839 3808 ἐθνῶν,
890 3748 993 3818 τῆς
1038 3751 1133 3804 τοῦ
1189 3753 1343 3821 ἀγίου
1402 3756 1719 3826 Πνεύματος

160 3822 389 3901 ἁπαρχῆς
443 3833 861 3904 κατηξιωμένοι.
904 3836 1063 3890 Ἀλλὰ
1113 3840 1222 3910 γὰρ
1278 3841 1416 3911 μετά
1475 3822 1600 3908 τούς
1657 3845 1717 3909 ἐξ

160 3918 435 3998 Αἰγύπτου,
484 3924 581 3977 καί
628 3926 766 3996 μετά
814 3928 913 3999 τὴν
971 3926 1362 4000 προφθάσασαν
1412 3935 1713 4003 Αἰθιοπίαν,

160 4008 270 4080 ἑξῆς
301 4016 352 4067 αἰ
382 4014 565 4069 λοιπαὶ
608 4016 872 4087 βασιλεῖαι
914 4022 1014 4091 τῆς
1042 4023 1146 4092 γῆς
1174 4024 1482 4089 καλοῦνται,
1517 4028 1714 4101 δηλαδὴ

161 4103 241 4155 καί
264 4103 326 4157 τά
356 4106 457 4159 ὑπὸ
485 4102 707 4172 ταύταις
739 4106 887 4182 ἔθνη.
920 4110 1011 4165 Διὸ
1046 4114 1389 4183 ὲπιλέγεται·
1419 4136 1438 4169 ι
1467 4120 1531 4171 Αἰ
1563 4120 1716 4190 βασι-

159 4190 278 4245 λεῖαι
302 4195 396 4265 τῆς
434 4198 557 4267 γῆς,
610 4198 775 4268 ᾄσατε
816 4199 894 4270 τῷ
924 4200 1061 4271 Θεῷ,
1096 4201 1302 4272 ψάλατε
1333 4205 1409 4275 τῷ
1438 4207 1644 4278 Κυρίῳ.
1690 4229 1707 4260 ι

165 4282 223 4371 ξΑ
259 4286 346 4337 καὶ
383 4287 489 4339 οὐδ’
529 4287 699 4353 ἄλλως
740 4288 771 4360 ἢ
829 4290 918 4343 διὰ
967 4293 1135 4363 μόνης
1179 4295 1279 4366 τῆς
1323 4296 1416 4349 τοῦ
1464 4299 1713 4371 Σωτῆρος

160 4368 297 4442 ἡμῶν
326 4372 671 4443 διδασκαλίας
703 4381 889 4445 τέλους
932 4384 1245 4455 ἐτύγχανεν.
1285 4384 1397 4442 Ούκ
1438 4368 1712 4446 ἔστιν-οὗν

159 4463 310 4531 ἔθνος,
350 4470 409 4523 οὑ
456 4470 626 4543 χώρα,
679 4474 738 4526 οὐ
792 4475 946 4542 γένος
994 4477 1315 4549 ἀνθρώπων,
1363 4483 1423 4534 οὑ
1467 4483 1710 4554 βασιλεία

1828 1922 2048 1978 familiae
2079 1924 2389 1994 gentium".
2419 1944 2435 1975 ι
2458 1922 2768 1979 Secundum
2788 1922 3035 1993 Aquilam
3064 1941 3118 1978 ε(
3138 1924 3395 1995 ΑΞιιιίοῃε

1828 2029 2116 2070 accurrere
2158 2014 2319 2069 faciet
2376 2030 2596 2069 manum
2645 2030 2801 2070 suam
2850 2015 2993 2081 Deo;
3024 2034 3042 2067 ι
3087 2015 3389 2071 secundum

1829 2103 2263 2175 Symmachum:
2301 2104 2619 2176 «EthiOpia
2684 2105 2905 2161 festinet
2978 2107 3109 2163 dare
3166 2121 3393 2161 manum

1826 2196 1989 2251 Deo.»
2032 2196 2113 2250 Ex
2141 2198 2371 2252 historia
2408 2214 2572 2269 porro
2621 2199 2746 2253 licet
2795 2214 2916 2253 eam
2955 2214 3070 2254 rem
3114 2199 3393 2269 impletam

1825 2288 2010 2343 dicere
2044 2288 2098 2342 in
2134 2287 2414 2360 IEtbiope,
2442 2290 2603 2358 cujus
2633 2290 2965 2343 mentionem
3003 2290 3209 2344 habent
3254 2289 3393 2343 Acta

1826 2380 2219 2449 apostolorum.
2284 2380 2408 2450 Ipse
2461 2396 2696 2450 namque
2747 2388 2975 2435 caeteras
3022 2388 3213 2448 gentes
3275 2379 3388 2433 fere

1829 2471 2110 2541 praevenit,
2142 2470 2448 2527 Salvatoris
2478 2473 2792 2543 cognitione
2819 2479 2947 2527 ante
2989 2487 3179 2527 omnes
3203 2471 3395 2542 digna—

1825 2568 1934 2616 tus.
1976 2560 2262 2627 Quomodo
2296 2573 2477 2617 autem
2527 2563 2687 2633 legati
2738 2563 2988 2618 venerint
3030 2577 3096 2616 ex
3129 2560 3391 2633 Egypto,

1823 2668 2043 2709 rursum
2095 2663 2357 2708 enarrant
2406 2653 2545 2708 Acta
2600 2655 2995 2724 apostolorum,
3045 2653 3140 2708 ubi
3167 2652 3392 2717 dicitur,

1822 2745 1881 2799 in
1919 2745 2007 2800 die
2058 2743 2411 2801 Pentecostes
2470 2744 2735 2816 Spiritum
2789 2756 3039 2803 sanctum
3097 2747 3395 2816 replevisse

1822 2834 2065 2898 domum,
2096 2834 2190 2888 ubi
2226 2842 2385 2889 erant
2418 2837 2674 2904 apostoli,
2721 2837 3043 2906 sedisseque
3071 2852 3239 2906 supra
3273 2852 3395 2891 om-

1822 2942 1923 2982 nes
1977 2926 2073 2997 qui
2125 2927 2376 2981 aderant.
2418 2925 2476 2980 in
2522 2929 2723 2997 quibus
2766 2936 2923 2983 erant
2971 2928 3179 2993 Parthi,
3225 2923 3388 2993 Medi,

1822 3015 2084 3083 Elamitaa,
2141 3027 2193 3074 et
2241 3018 2334 3087 qui
2393 3019 2712 3073 habitabant
2782 3011 3250 3091 Mesopotamiam,
3293 3019 3394 3074 ,ιιι-ο

1822 3108 1991 3163 daeam
2043 3116 2098 3163 et
2145 3108 2570 3180 Cappadociam,
2607 3100 2846 3163 Pontum
2875 3119 2929 3165 et
2961 3111 3173 3176 Asiam,
3215 3107 3390 3182 Phry-

1818 3201 1962 3271 giam
1993 3209 2048 3256 et
2096 3202 2496 3272 Pamphyliam,
2535 3201 2830 3274 [Egyptum
2873 3210 2928 3257 et
2985 3211 3171 3273 partes
3204 3202 3390 3275 Libyae

1819 3292 1968 3347 circa
1997 3293 2349 3364 Cyrenem”.
2391 3291 2458 3346 lli
2489 3292 2655 3363 igitur
2688 3309 2883 3349 omnes
2927 3309 3027 3348 ceu
3063 3295 3225 3364 legati
3253 3311 3387 3365 gen-

1774 3388 1953 3441 'tium
2012 3395 2189 3451 erant,
2239 3386 2477 3458 Spiritus
2525 3388 2698 3443 sancti
2736 3386 2990 3457 primitiis
3029 3386 3232 3442 donati.
3284 3390 3384 3442 At-

1821 3480 1967 3535 enim
2001 3487 2128 3550 post
2144 3480 2453 3552 Egyptios,
2496 3487 2620 3551 post
2661 3479 2998 3551 [Ethiopiam
3032 3489 3153 3551 qua:
3182 3494 3389 3551 pratve-

1818 3581 1996 3637 nerat,
2039 3581 2233 3627 caetera
2262 3572 2461 3629 deinde
2506 3588 2671 3644 regna
2710 3583 2868 3628 terra:
2897 3580 3187 3636 vocantur,
3234 3571 3384 3628 vide-

1817 3662 1947 3718 licet
2025 3672 2217 3733 gentes
2279 3664 2349 3720 iis
2405 3664 2686 3732 subjecta.
2762 3663 2943 3730 Quare
2998 3663 3384 3733 subjungitur:

1823 3750 2052 3826 «Regna
2104 3766 2285 3823 terrae,
2343 3766 2560 3811 cantate
2616 3756 2747 3821 Deo,
2817 3756 3033 3826 psallite
3092 3754 3380 3809 Domino.»

1819 3847 1951 3913 Quae
1981 3864 2089 3903 non
2143 3849 2252 3903 alio
2300 3848 2461 3903 modo
2505 3864 2668 3918 quam
2718 3863 2814 3918 per
2860 3862 3025 3902 unam
3076 3840 3386 3902 Servatoris

1816 3940 1993 3996 nostri
2040 3930 2348 3995 doctrinam
2392 3939 2554 3995 finem
2610 3944 2962 4009 acceperunt.
3003 3938 3164 3993 Nulla
3217 3939 3387 4008 igitur

1817 4047 1969 4101 gens,
1997 4031 2145 4085 nulla
2176 4032 2348 4103 regio,
2370 4031 2583 4085 nullum
2614 4046 2788 4101 genus
2828 4032 3132 4097 hominum,
3161 4033 3379 4088 nullum

1816 4123 1873 4177 in
1906 4130 2021 4177 toto
2049 4123 2181 4178 orbe
2206 4138 2457 4194 regnum,
2503 4122 2560 4176 in
2599 4138 2709 4193 quo
2740 4140 2848 4179 non
2882 4126 3068 4195 populi
3104 4124 3213 4181 Deo
3243 4140 3381 4181 con-

1814 4217 2023 4287 gregati
2044 4216 2261 4286 jussum
2291 4228 2688 4288 exsequantur.
2743 4217 2843 4272 Hic
2868 4234 3000 4274 vero
3031 4235 3248 4276 rursum
3291 4237 3387 4275 cao

1814 4321 1942 4361 nere
1991 4305 2121 4371 Deo,
2175 4308 2407 4377 psallere
2448 4308 2677 4364 Domino
2722 4310 2897 4378 jubet.
2949 4326 3056 4365 non
3106 4328 3204 4382 per
3250 4312 3383 4366 illud

1814 4404 2048 4467 quatuor
2074 4398 2379 4453 litterarum
2412 4414 2631 4464 nomen,
2683 4400 2776 4456 sed
2809 4417 2876 4456 eo
2920 4402 3015 4472 qui
3064 4404 3382 4474 vulgaribus

1814 4491 2098 4545 elementis
2139 4493 2478 4547 enuntiatur.
2518 4492 2694 4562 Atque
2740 4500 2800 4547 ut
2842 4494 3045 4549 clarius
3078 4496 3382 4565 perspicia-

157 4555 264 4609 καθ’
290 4559 425 4653 ,ὅλης
454 4564 552 4635 τῆς
594 4566 935 4637 οἰκουμένης,
970 4569 1109 4653 ἔνθα.
1145 4571 1266 4642 οὐχ).
1313 4571 1428 4627 λαοὶ
1471 4575 1549 4646 τῷ
1591 4577 1707 4648 Θεῷ

1821 4598 1934 4636 mus
1963 4584 2086 4653 quis
2128 4584 2198 4638 sit
2237 4585 2326 4640 ille
2355 4584 2638 4652 Dominus,
2691 4585 2915 4642 subdit:
2956 4604 2975 4637 ‹
3002 4586 3103 4652 Qui
3138 4589 3383 4643 ascendit

158 4651 421 4716 συστάντες
452 4655 512 4707 τὸ
543 4657 817 4729 κέλευσμα
848 4652 1270 4733 ἀποπληροῦσιν.
1294 4664 1461 4721 Πάλιν
1491 4668 1547 4721 δὲ
1582 4670 1709 4724 κάν-

157 4738 309 4794 ταῦθα
334 4744 476 4815 ᾅδειν
506 4748 605 4816 μὲν
633 4750 955 4821 προστάττει
982 4746 1063 4823 τῷ
1095 4754 1233 4825 Θεῷ,
1272 4756 1491 4826 ψάλλειν
1534 4760 1591 4813 δὲ
1628 4761 1707 4829 τῷ

156 4829 324 4904 Κυρίῳ
337 4838 432 4909 οὐχ
455 4838 536 4892 ἵνα
555 4842 630 4912 (l)
647 4841 739 4895 τοῦ
756 4847 1203 4918 τετραγράμμου,
1219 4850 1295 4919 τῷ
1310 4850 1364 4903 δὲ
1384 4853 1707 4926 κοινοτέροις

158 4926 415 5017 στοιχείοις
458 4929 769 5004 δηλουμένῳ
810 4936 1050 5008 ὀνόματι.
1087 4934 1198 4993 Καὶ
1237 4942 1325 4995 ἵνα
1378 4944 1705 5017 σαφέστερον

155 5013 347 5086 γνῶμεν
362 5019 441 5084 τίς
458 5039 584 5077 ποτε
605 5022 671 5096 ἦν
690 5018 843 5091 οὗτος
862 5029 891 5080 ὀ
916 5030 1136 5101 Κύριος,
1155 5034 1509 5089 ὲπισυνὰπτει
1529 5013 1704 5106 λέγων

156 5109 293 5205 ἑξῆς·
327 5133 345 5166 ι
375 5117 465 5189 Τῷ
509 5122 857 5194 ὲπιϐεϐηκότι
899 5126 991 5179 ἐπὶ
1033 5128 1124 5182 τὸν
1158 5130 1383 5201 οὐρανὸν
1412 5132 1504 5185 τοῦ
1537 5134 1701 5205 οὐρα-

156 5201 233 5296 νοῦ
279 5208 414 5263 κατὰ
455 5212 751 5279 ἀνατολάς*
807 5236 825 5269 ι
879 5219 1080 5289 σφόδρα
1129 5222 1463 5287 ἀκολούθως·
1515 5201 1700 5296 ἐπειδὴ

154 5290 264 5388 γὰρ.
289 5296 373 5388 διὰ
427 5300 536 5356 τῶν
588 5306 843 5377 ἀνωτέρω
890 5309 1106 5381 εἴρητο⁹
1140 5331 1159 5363 ι
1206 5313 1580 5384 Ὁδοποιήσατε
1625 5290 1703 5388 τῶ

156 5380 479 5478 έπιϐεϐηκότι
537 5395 628 5447 ὲπί
684 5397 923 5469 δυσμῶν,
978 5380 1179 5473 Κύριος
1236 5404 1404 5475 ὄνομα
1437 5380 1697 5478 ἀύτῷ.;

83 5531 87 5533 _
155 5470 435 5568 ἀξιολούθως
458 5481 546 5537 διὰ
584 5485 694 5539 τῶν
722 5488 859 5558 μετὰ
893 5470 1079 5562 χεῖρας
1107 5492 1287 5546 οὐκέτι
1318 5470 1701 5568 ἐπιϐεϐηκέναι

159 5564 300 5620 αὑτὸν
337 5572 427 5625 ἐπὶ
466 5573 680 5647 δυσμῶν
712 5597 895 5651 φησιν,
927 5582 1040 5636 ἀλλ’
1068 5585 1160 5636 ἐπὶ
1193 5585 1282 5639 τὸν
1316 5564 1543 5659 οὐρανὸν
1580 5593 1699 5645 κατ’

218 5676 259 5710 ⁸⁸
280 5679 420 5740 Psal.
452 5704 564 5754 xxi,
593 5692 683 5748 28.
760 5695 804 5726 “
830 5696 949 5751 Act.
984 5714 1044 5764 ιι,
1076 5700 1224 5755 1-10.

221 5771 289 5843 (1)
310 5770 442 5849 Lege
467 5781 526 5833 οὐ
554 5783 657 5838 διά.

1816 4690 1981 4745 super
2009 4675 2206 4730 caalum
2243 4678 2369 4731 coeli
2399 4678 2466 4733 ad
2496 4679 2797 4734 orientem:
2830 4697 2848 4730 ι
2894 4677 3055 4746 idque
3084 4678 3377 4733 admodum

1814 4775 2230 4838 consequenter,
2255 4770 2380 4840 quia
2410 4771 2660 4841 superius
2692 4769 2898 4823 dictum
2931 4769 3069 4823 fuit:
3109 4788 3128 4820 ‹
3159 4772 3266 4826 lter
3302 4770 3381 4824 fa-

1814 4858 1921 4914 cile
1946 4861 1993 4914 ei
2017 4860 2110 4929 qui
2136 4862 2382 4917 ascendit
2407 4879 2569 4934 super
2591 4876 2867 4923 occasum,
2897 4860 3159 4916 Dominus
3180 4877 3376 4917 nomen

1811 4951 1943 5006 illi.»
1987 4952 2030 5005 E
2061 4970 2121 5010 re
2171 4955 2227 5009 in
2274 4956 2526 5026 praesenti
2574 4969 2683 5008 non
2733 4953 2808 5007 ait
2838 4953 3016 5023 ipsum
3062 4954 3379 5009 ascendisse

1810 5061 1973 5117 super
2019 5061 2295 5111 occasum,
2355 5048 2449 5103 sed
2500 5062 2665 5116 super
2718 5046 2916 5102 cmlum
2961 5044 3027 5098 ad
3080 5046 3374 5100 orientem.

1807 5137 1913 5192 Par
1941 5140 2138 5211 quippe
2175 5148 2292 5195 erat
2326 5154 2425 5193 nos
2463 5139 2557 5208 qui
2597 5138 2924 5194 descensum
2965 5138 3085 5207 ejus
3127 5138 3371 5194 edidice-

1807 5245 2015 5294 ramus,
2058 5231 2291 5287 reditum
2344 5233 2471 5286 item
2521 5230 2759 5285 edoceri.
2825 5229 3138 5285 Descensus
3181 5229 3368 5300 itaque

1809 5331 1869 5376 ut
1917 5322 2136 5379 deitatis
2178 5338 2290 5379 suae
2323 5323 2529 5377 lumina
2561 5323 2865 5379 occultaret
2895 5321 2962 5376 ad
2999 5336 3255 5378 occasum
3290 5320 3372 5375 fa-

1808 5420 1933 5467 ctus
1956 5422 2068 5479 est;
2114 5427 2379 5468 ascensus
2407 5420 2587 5468 autem
2638 5410 2759 5483 ejus
2786 5413 2853 5469 ad
2892 5414 3090 5469 coelum
3121 5413 3269 5476 coeli,
3303 5414 3367 5467 ad

1812 5503 2099 5568 orientem,
2135 5505 2206 5558 ob
2239 5504 2536 5574 gloriosam
2593 5504 2715 5575 ejus
2753 5505 2809 5559 in
2865 5504 3064 5561 coelum
3104 5505 3368 5575 remigra-

1807 5592 2027 5649 tionem.
2069 5592 2183 5648 Hoc
2214 5607 2377 5663 porro
2406 5593 2612 5649 dictum
2642 5597 2893 5666 exemplo
2918 5597 3050 5651 solis
3074 5594 3367 5665 intelligas.
