3776 6284
391 323 492 382 ’119

1069 319 1336 376 EUSEBII
1375 318 1848 376 CESARIENSIS
1884 317 2032 376 OPP.
2073 318 2253 376 PARS
2289 319 2375 375 III.
2414 348 2483 361 --
2511 320 2923 378 “EXEGETICA.
3499 329 3583 385 τεο

391 440 545 494 Sicut
587 436 734 492 enim
779 435 859 491 sel
895 435 949 488 in
991 434 1275 490 occidente
1305 436 1520 490 occulte
1562 435 1943 506 progreditur,

2064 435 2332 499 ίινατολάς.
2382 436 2530 488 Ἔδει
2563 436 2669 507 γὰρ
2701 437 2869 506 ἡμᾶς,
2899 435 2997 506 τὴν
3036 433 3256 487 κάθοδον
3290 436 3446 492 αὑτοῦ
3476 457 3585 513 προ·

385 527 688 598 deindeque
716 534 1005 596 postquam
1031 525 1098 578 ad
1132 526 1456 580 orientalem
1489 527 1824 580 horizontem
1852 525 1949 579 ad-

385 621 556 687 venit,
600 626 747 675 recta
779 620 834 672 in
864 618 1006 672 coelo
1038 617 1231 688 pergit,
1280 617 1464 670 omnia
1500 617 1836 681 illuminans,
1871 617 1953 670 lu-

387 711 679 780 cidamque
707 710 850 763 diem
883 708 1142 772 elﬁciens,
1194 707 1382 761 eadem
1431 707 1644 761 ratione
1690 705 1952 760 Dominus

390 803 480 857 hic
506 801 849 863 enuntiatus,
881 799 974 869 qui
1013 806 1258 868 tempore
1304 798 1581 868 passionis
1623 804 1677 851 et
1731 797 1949 858 mortis,

388 908 671 954 occasum,
699 901 758 944 ut
786 891 862 945 ita
903 890 1104 952 dicam,
1141 888 1364 953 fecerat,
1397 899 1685 959 postquam
1715 889 1954 958 regionis

389 985 541 1040 illius
565 999 789 1039 cursum
821 981 1169 1045 confecisset,
1200 988 1386 1051 postea
1409 981 1611 1034 dicitur
1639 981 1955 1036 ascendisse

391 1093 558 1147 super
589 1077 792 1131 ccelum
823 1075 947 1130 caeli
997 1075 1064 1128 ad
1109 1075 1394 1128 orientem.
1441 1072 1752 1128 Secundum
1783 1072 1956 1142 Aqui-

389 1169 500 1223 lam
527 1185 690 1224 vero:
716 1186 734 1219 ι
754 1168 861 1233 Qui
890 1165 1134 1222 ascendit
1163 1165 1218 1218 in
1247 1165 1444 1220 coelum
1475 1165 1599 1219 (ξωΙὶ
1625 1165 1692 1219 ab
1714 1165 1908 1232 initio;
1931 1184 1949 1216 ι

391 1259 690 1316 secundum
721 1257 1104 1329 Symmachum
1129 1275 1141 1310 :
1171 1275 1188 1307 ι
1211 1255 1314 1322 Qui
1342 1255 1556 1310 vehitur
1588 1256 1643 1310 in
1676 1257 1814 1310 cmlo
1838 1257 1960 1310 caeli

392 1366 457 1404 ex
489 1350 714 1419 prima:
758 1347 891 1402 Illud
923 1356 1124 1412 autem,
1161 1365 1180 1398 ι
1231 1364 1297 1401 ex
1338 1347 1536 1417 prima,
1566 1366 1584 1399 ι
1619 1356 1704 1412 et,
1743 1367 1760 1397 ι
1787 1349 1854 1402 ab
1878 1349 1960 1402 in-

393 1441 542 1503 itio,i
573 1440 744 1510 probe
774 1454 1073 1509 cognoscas
1114 1439 1340 1494 audiens
1385 1438 1724 1494 Servatorem
1757 1439 1830 1492 ita
1881 1439 1960 1492 lo-

391 1541 647 1603 quentem
697 1552 759 1588 :1
797 1531 976 1597 Pater,
1011 1534 1253 1603 gloriﬁca
1302 1549 1388 1589 me
1429 1533 1600 1604 gloria
1642 1547 1808 1600 quam
1861 1531 1956 1584 lia-

391 1625 484 1678 bui
516 1633 806 1695 antequam
841 1626 1078 1680 mundus
1113 1635 1258 1681 esset
1289 1625 1429 1696 apud
1455 1626 1590 1680 te".
1632 1643 1651 1676 ι

2061 527 2459 597 μεμαθηκότας,
2485 527 2594 579 «καὶ
2634 527 2729 598 τὴν
2764 527 3020 581 ἐπάνοδον
3051 526 3379 597 διδαχθῆναι.
3417 530 3476 582 Ἦ
3513 534 3588 602 μὲν

2058 613 2148 671 οὖν
2176 617 2396 681 κάθοδος
2441 617 2528 671 διὰ
2573 617 2668 671 τοῦ
2718 617 3011 672 καλύπτειν
3054 618 3220 672 αὑτοῦ
3251 620 3319 672 τὰ
3343 617 3482 689 φῶτα
3512 625 3589 692 τῆς

2059 709 2307 778 θεότητος
2348 711 2439 762 ἐπὶ
2485 710 2704 780 δυσμῶν
2752 711 2995 779 ἐγίνετο·
3030 713 3062 782 ἠ
3103 711 3160 764 δὲ
3198 711 3379 774 ἄνοδος
3410 713 3493 763 ἐπὶ
3518 714 3591 766 τὸν

2057 799 2280 870 οὐρανὸν
2313 799 2404 852 τοῦ
2434 799 2660 870 ούρανοῦ
2707 801 2824 853 κατ’
2857 801 3116 864 ἀνατολὰς
3165 801 3256 855 διὰ
3296 802 3393 873 τὴν
3423 803 3592 870 ἔνδοξον

2059 889 2221 942 αὑτοῦ
2269 891 2348 952 εἰς
2399 889 2655 958 οὐρανοὺς
2692 891 3146 946 ἀποκατάστασιν.
3203 891 3433 962 Νοήσεις
3471 892 3520 946 δὲ
3547 892 3594 945 τὸ

2059 980 2376 1051 λελεγμένον
2416 983 2480 1034 ὲκ
2530 981 2623 1034 τοῦ
2674 982 2812 1034 κατὰ
2855 983 2946 1035 τὸν
2989 983 3138 1053 ἥλιον
3170 981 3590 1052 παραδείγματος.

2063 1075 2278 1145 Ὠσπερ
2303 1074 2412 1146 γὰρ
2457 1076 2487 1126 ὁ
2529 1075 2676 1144 ἥλιος
2699 1117 2714 1138 ,
2763 1075 2904 1129 κατά
2947 1076 3152 1147 δυσμάς
3190 1077 3490 1146 γενόμενος,
3517 1078 3594 1145 τὴν

2058 1165 2238 1236 ἀφανῆ
2268 1165 2492 1235 πορείαν
2525 1169 2779 1229 ποιεῖται,
2809 1163 2905 1219 εἶτ’
2932 1168 3023 1220 ἐπὶ
3059 1167 3150 1220 τὸν
3181 1165 3483 1220 ἀνατολικὸν
3505 1167 3595 1236 ὁρί-

2067 1255 2224 1320 ζοντα
2281 1258 2653 1327 καταντήσας,
2710 1258 2837 1312 εὐθὺ
2878 1257 2973 1311 τοῦ
3020 1256 3243 1328 ούρανοῦ
3300 1257 3508 1328 φέρεται
3543 1258 3596 1310 τὰ

2067 1347 2351 1418 σύμπαντα
2384 1349 2629 1417 φωτίζων
2659 1349 2752 1402 καὶ
2795 1349 3048 1420 λαμπράν
3081 1349 3297 1421 ἡμέραν
3335 1349 3594 1420 ὲργαζόμε·

2063 1457 2171 1502 νος,
2219 1441 2356 1494 κατά
2396 1441 2488 1494 τὸν
2537 1442 2698 1493 αὑτὸν
2729 1441 2928 1512 τρόπον
2975 1443 3068 1496 καὶ
3119 1445 3146 1495 ό
3190 1441 3502 1512 δηλούμενος
3532 1444 3597 1494 ἐν·

2061 1531 2237 1584 ταῦθα
2271 1531 2492 1602 Κύριος,
2536 1532 2634 1602 τὴν
2676 1532 3023 1586 ἀποδοθεῖσαν
3072 1533 3366 1587 κατάδυσιν
3407 1534 3597 1602 ποιησά-

2067 1640 2224 1693 μενος
2268 1623 2408 1676 κατά
2439 1624 2527 1676 τὸν
2559 1623 2747 1695 καιρὸν
2778 1623 2870 1676 τοῦ
2904 1623 3109 1688 πάθους
3136 1626 3230 1678 καί¹
3257 1622 3354 1676 τοῦ
3389 1623 3597 1684 θανάτου,

391 1719 490 1791 τὴν
540 1718 722 1792 χώραν
768 1719 1160 1791 διαπορευθεὶς,
1211 1723 1347 1791 μετὰ
1368 1720 1537 1774 ταῦτα
1581 1719 1794 1786 λέγεται
1828 1717 2220 1786 ἀναϐεϐηκέναι
2283 1718 2375 1771 ἐπὶ
2419 1718 2510 1771 τὸν
2553 1718 2780 1791 οὐρανὸν
2842 1718 2936 1772 τοῦ
3000 1719 3224 1790 ούρανοῦ
3268 1721 3387 1772 κατ’
3444 1719 3598 1770 ἀνατο-

391 1811 508 1874 λάς.
547 1812 704 1866 Κατά
724 1813 781 1866 δὲ
803 1814 895 1867 τὸν
928 1814 1175 1878 Ἀκύλαν,
1219 1832 1238 1865 ι
1274 1814 1364 1884 Τῷ
1397 1813 1743 1884 ὲπιὸεὸηκότι
1784 1814 1843 1866 ὲν
1901 1813 2116 1884 οὐρανῷ
2148 1813 2376 1884 ούρανοῦ
2419 1813 2653 1884 ἀρχῆθεν
2701 1829 2715 1844 ·

2790 1832 2810 1865 ι
2876 1814 3031 1868 Κατὰ
3081 1815 3138 1866 δὲ
3189 1815 3282 1868 τὸν
3328 1812 3599 1884 Σύμμαχον,

397 1923 416 1955 ι
458 1903 546 1975 Τῷ
574 1906 916 1978 ἑποχουμένῳ
963 1907 1055 1959 ἐπὶ
1097 1908 1186 1960 τὸν
1237 1907 1464 1978 οὐρανὸν
1500 1907 1592 1960 τοῦ
1633 1905 1860 1980 οὐρανοῦ
1928 1909 1993 1960 ὲκ
2027 1906 2268 1978 πρώτης,
2319 1925 2338 1958 ι
2394 1906 2628 1978 εἴρηται.
2662 1905 2734 1959 Τὸ
2774 1907 2851 1970 δὲ,
2883 1925 2901 1956 ι
2928 1909 2991 1959 ὲκ
3022 1906 3242 1979 πρώτης
3276 1924 3296 1959 ι
3327 1906 3434 1968 καὶ,
3464 1922 3481 1955 ι
3526 1904 3601 1973 ἀρ-

389 2001 574 2072 χῆθεν,
609 2020 628 2054 ι
663 2003 873 2072 νοήσεις
918 2001 1080 2056 αὑτοῦ
1115 2002 1365 2072 λέγοντος
1410 2003 1624 2057 ἀκούων
1655 2002 1750 2056 τοῦ
1784 2003 2030 2074 Σωτῆρος

390 2093 483 2146 τὸν
515 2093 722 2164 κόσμον
755 2091 894 2148 εἶναι
929 2093 1082 2165 παρά
1116 2095 1216 2148 σοί.
1265 2113 1284 2148 ι

2073 2020 2088 2034 ·
2124 2021 2142 2054 ι
2182 2002 2384 2074 Πάτερ,
2431 2001 2652 2066 δόξασόν
2703 2019 2768 2073 με
2815 2005 2878 2072 τῇ
3167 1996 3314 2071 εἶχον
3379 1997 3478 2069 πρὸ
3529 1994 3599 2048 τοῦ

464 2205 629 2264 Vens.
665 2209 851 2264 5I-3ﬁ.
890 2229 907 2259 ι
934 2209 1073 2265 Ecce
1105 2210 1258 2264 dabit
1289 2209 1408 2266 voci
1466 2225 1579 2266 sua:
1621 2226 1804 2265 vocem
1859 2211 1957 2264 vir-

2142 2245 2161 2278 ι
2211 2225 2339 2279 Ἰδοὺ
2385 2223 2545 2278 δώσει
2588 2227 2654 2296 τῇ
2708 2226 2856 2294 φωνῇ
2906 2222 3068 2276 αὐτοῦ
3115 2221 3299 2293 φωνὴν
3341 2221 3598 2292 δυνάμεως,

393 2299 552 2363 tutis,
613 2299 736 2355 date
773 2302 998 2370 gloriam
1049 2300 1157 2356 Deo
1217 2317 1380 2371 super
1426 2299 1646 2357 Israel.»
1699 2301 1955 2357 Notitiam

395 2392 598 2464 praebet
623 2393 910 2446 memorati
951 2391 1162 2447 Domini
1187 2395 1377 2450 dicens
1409 2413 1422 2450 :
1449 2413 1467 2446 ι
1498 2394 1637 2449 Ecce
1669 2394 1817 2450 dabit
1839 2395 1959 2448 voci

397 2495 510 2541 suae
545 2495 734 2534 vocem
771 2481 1045 2534 virtutis.»
1090 2480 1192 2536 lIic
1247 2499 1374 2538 vere
1406 2484 1535 2538 licet
1588 2484 1815 2537 formam
1867 2483 1961 2537 de-

394 2572 634 2628 scribere
676 2573 896 2627 virtutis
929 2572 1046 2642 ejus
1071 2613 1086 2638 ,
1121 2573 1212 2644 qui
1243 2592 1262 2625 ι
1294 2573 1347 2628 in
1379 2574 1647 2644 principio
1669 2582 1786 2630 erat
1817 2575 1957 2646 apud

393 2663 564 2728 Deum
581 2665 650 2731 ",
687 2682 704 2717 ι
734 2663 829 2719 Dei
858 2664 1042 2730 Verbi,
1077 2665 1221 2737 quod
1243 2682 1345 2720 vox
1373 2667 1491 2735 ejus
1536 2682 1642 2720 non
1677 2666 1957 2720 hominum

345 2783 348 2786 η
393 2758 516 2813 voci
561 2758 781 2826 similis,
836 2759 934 2814 sed
977 2759 1160 2813 divina
1210 2763 1411 2815 virtute
1466 2760 1622 2831 plena
1676 2761 1766 2814 sit.
1818 2758 1953 2813 Nam

401 2849 612 2916 «dabit,
675 2851 874 2923 inquit,
943 2853 1064 2907 voci
1123 2868 1235 2908 sua:
1280 2869 1467 2908 vocem
1532 2853 1811 2906 virtutis.»
1857 2851 1961 2905 Su-

393 2943 581 3024 perius
613 2944 742 3000 item
773 2945 1060 3000 dicebatur
1099 2964 1113 3000 :
1169 2963 1188 2997 ι
1219 2945 1486 3002 Dominus
1535 2945 1686 3000 dabit
1729 2946 1958 3001 verbum

393 3037 914 3107 cvangelizantibus,
968 3039 1172 3092 virtute
1221 3039 1443 3092 multa.»
1488 3039 1627 3105 Quia
1661 3041 1806 3094 enim
1857 3054 1958 3094 vox

395 3127 516 3197 ejus
572 3129 774 3196 virtute
829 3129 1165 3198 replebatur,
1247 3130 1444 3183 merito
1517 3129 1958 3199 [medicationem

395 3233 552 3274 suam
597 3219 1099 3290 evangelizantibus
1130 3222 1354 3276 verbum
1402 3221 1565 3275 dabat
1591 3236 1714 3274 cum
1760 3222 1960 3276 virtute

395 3311 588 3366 multa.
627 3309 778 3380 Opus
808 3320 985 3365 autem
1016 3311 1191 3382 ipsum
1226 3312 1480 3366 virtutem
1517 3311 1779 3366 declarat.
1820 3311 1958 3365 Nam

396 3416 523 3475 cum
543 3402 778 3472 simplici
823 3403 1016 3457 vocula
1064 3402 1348 3474 discipulis
1379 3404 1493 3458 suis
1520 3402 1769 3468 dixisset,
1812 3423 1829 3454 ι
1855 3401 1962 3456 Ve-

397 3495 530 3556 nite,
578 3494 869 3564 sequimini
915 3511 1023 3558 me,
1055 3502 1110 3549 et
1145 3495 1338 3550 faciam
1395 3512 1490 3550 vos
1521 3496 1824 3565 piscatores
1857 3495 1957 3548 ho-

2064 2318 2182 2372 δότε
2211 2316 2364 2380 δόξαν
2393 2314 2470 2386 τῷ
2502 2314 2620 2385 Θεῷ
2652 2314 2743 2366 ἐπὶ
2776 2314 2864 2366 τὸν
2896 2313 3128 2385 Ἰσραήλ.
3163 2332 3183 2364 ι
3219 2312 3502 2384 Γνώρισμα
3529 2312 3603 2366 τοῦ

2064 2407 2388 2480 δηλωθέντος
2433 2407 2640 2478 Κυρίου
2687 2406 3018 2477 παραδίδωσι
3067 2404 3270 2474 λέγων·
3308 2424 3326 2457 ι
3373 2407 3490 2458 ’ἰδοὺ
3525 2405 3602 2458 δώ-

2069 2520 2149 2555 σει
2173 2503 2238 2572 τῇ
2272 2502 2419 2570 φωνῇ
2445 2497 2607 2552 αὐτοῦ
2641 2499 2817 2568 φωνὴν
2847 2497 3142 2568 δυνάμεως.
3184 2517 3202 2548 ι
3243 2496 3510 2551 Ἐντεῦθεν
3531 2493 3603 2550 οὖν

2065 2593 2278 2665 άληθῶς
2311 2594 2424 2645 ἐστι
2455 2591 2855 2663 χαρακτηρίσαι
2882 2590 2977 2660 τὴν
3012 2589 3209 2661 ἀρετὴν
3248 2609 3267 2640 ι
3300 2589 3395 2643 τοῦ
3413 2592 3465 2643 ὲν
3489 2590 3601 2661 ἀρχῇ

2067 2682 2198 2754 πρὸς
2232 2682 2320 2735 τὸν
2351 2681 2482 2735 Θεὸν
2514 2701 2532 2733 ι
2553 2681 2688 2734 Θεοῦ
2721 2681 2915 2748 Λόγου,
2943 2682 3004 2732 ὲκ
3027 2680 3116 2753 τοῦ
3140 2681 3237 2751 τὴν
3269 2681 3446 2751 φανὴν
3473 2679 3603 2734 αὐτοῦ

2069 2775 2143 2846 μὴ
2172 2774 2360 2846 ὁμοίαν
2394 2770 2531 2828 εἶναι
2565 2771 2890 2845 ἀνθρώποις,
2929 2773 3206 2844 δυνάμεως
3245 2774 3303 2827 δὲ
3347 2773 3603 2846 πεπληρῶ-

2068 2867 2188 2920 σθαι
2223 2867 2389 2930 θείας.
2434 2885 2451 2918 ι
2485 2864 2653 2918 Δώσει
2694 2883 2712 2917 ι
2743 2865 2871 2936 γὰρ,
2917 2865 3067 2936 φησὶ,
3105 2884 3124 2917 ι
3153 2869 3220 2937 τῇ
3275 2869 3425 2938 φωνῇ
3473 2866 3604 2920 αὑτοῦ

2067 2960 2246 3032 φωνὴν
2280 2959 2581 3032 δυνάμεως.
2617 2977 2635 3010 ι
2663 2958 2771 3012 Καὶ
2813 2957 3068 3028 ἀνωτέρω
3097 2959 3153 3011 δὲ
3191 2958 3436 3027 ἐλέγετο·
3468 2978 3485 3011 ι
3520 2957 3604 3012 Κύ-

2069 3068 2180 3123 ριος
2236 3050 2394 3103 δώσει
2459 3051 2608 3121 ῥῆμα
2674 3052 2786 3112 τοῖς
2859 3048 3365 3120 εύαγγελιζομένοις
3417 3050 3604 3121 δυνάμει

2067 3143 2250 3214 πολλῇ.
2291 3163 2308 3194 ι
2350 3142 2562 3213 Ἐπειδὴ
2596 3143 2703 3214 γὰρ
2747 3143 2780 3214 ἡ
2830 3141 2978 3211 φωνὴ
3007 3141 3169 3194 αὑτοῦ
3200 3143 3514 3215 πεπλήρωτο
3535 3144 3604 3196 δυ-

2065 3233 2298 3302 νάμεως,
2333 3231 2553 3294 εἰκότως
2592 3231 2685 3283 καὶ
2735 3232 2845 3293 τοῖς
2886 3228 3393 3300 εὐαγγελιζομένοις
3422 3231 3478 3285 τὸ
3505 3231 3604 3303 περὶ

2066 3322 2226 3376 αὑτοῦ
2252 3324 2509 3393 κήρυγμα
2532 3321 2696 3375 ἐδίδου
2725 3322 2871 3393 ῥῆμα
2899 3322 2993 3373 σὺν
3015 3321 3240 3393 δυνάμει
3265 3323 3450 3394 πολλῇ,
3476 3322 3607 3393 Παρί-

2066 3431 2220 3485 στησι
2252 3415 2308 3467 δὲ
2341 3413 2400 3467 τὸ
2432 3412 2590 3484 ἔργον
2640 3412 2737 3484 τὴν
2766 3412 3012 3483 δύναμιν.
3041 3413 3184 3485 Ψιλῇ
3214 3413 3321 3486 γάρ
3349 3417 3491 3486 φωνῇ
3516 3415 3604 3475 tot;

2066 3506 2228 3560 αὑτοῦ
2277 3505 2543 3576 μαθηταῖς
2590 3504 2788 3556 εἰπών·
2856 3522 2874 3554 ι
2926 3503 3088 3556 Δεῦτε
3137 3503 3476 3557 ἀκολουθεῖτέ
3516 3519 3601 3574 μοι,

395 3584 601 3638 minum
622 3583 722 3649 ",1
777 3600 914 3655 opus
972 3585 1150 3655 ipsum
1204 3586 1405 3641 virtute
1457 3601 1557 3640 sua
1615 3586 1810 3641 edebat
1847 3605 1859 3640 :
1895 3601 1957 3642 ac

2064 3596 2153 3649 καὶ
2169 3596 2376 3666 ποιήσω
2392 3595 2532 3665 ὑμᾶς
2551 3592 2716 3656 ἁλιεῖς
2732 3592 2826 3645 ἀνθ
2836 3591 3050 3664 ρώπων,
3090 3611 3108 3643 ι
3136 3591 3364 3663 δυνάμει
3393 3592 3450 3645 τὸ
3477 3591 3606 3664 ἔργον

395 3689 616 3732 rursum
648 3691 771 3732 eum
806 3679 1153 3746 praecepisset
1189 3678 1379 3734 iisdem
1430 3679 1619 3735 dicens
1655 3699 1668 3735 :
1707 3700 1724 3732 ι
1756 3680 1960 3738 Euntes

394 3765 586 3822 docete
611 3782 800 3823 omnes
827 3777 1016 3838 gentes
1047 3769 1100 3823 in
1125 3771 1344 3824 nomine
1376 3787 1495 3825 meo
1510 3770 1610 3836 “,i
1648 3787 1812 3843 opere
1841 3772 1958 3827 vir-

393 3868 564 3916 tutem
594 3860 872 3916 exhibuit:
905 3877 968 3916 ac
1000 3878 1220 3917 rursum
1257 3878 1383 3916 cum
1417 3861 1650 3918 diceret:
1694 3883 1712 3915 ι
1737 3863 1962 3934 Oportet

396 3952 680 4024 pradieari
716 3952 1066 4024 Evangelium
1119 3955 1273 4025 regni
1307 3956 1360 4009 in
1413 3965 1526 4011 toto
1557 3958 1695 4012 orbe
1718 3958 1772 4011 in
1806 3959 1956 4013 testi-

386 4043 638 4099 monium
663 4044 919 4099 omnibus
951 4045 1318 4115 ge‘ntibus",i
1356 4048 1506 4102 verbi
1540 4049 1794 4104 virtutem
1827 4049 1960 4120 ipsis

396 4134 661 4206 operibus
700 4136 1141 4206 conspiciendam
1183 4139 1410 4208 praebuit
1437 4181 1451 4202 ,
1482 4150 1534 4194 et
1589 4139 1725 4194 alias
1776 4143 1856 4194 sic
1882 4140 1962 4194 lo-

396 4235 557 4282 cutus
591 4245 605 4282 :
638 4245 655 4280 ι
677 4224 853 4297 Supra
886 4237 1094 4299 petram
1123 4229 1401 4286 aediﬁcabo
1436 4231 1730 4286 Ecclesiam
1759 4247 1956 4297 meam,

395 4330 449 4375 et
483 4327 656 4390 portae
695 4319 853 4376 inferi
885 4337 994 4375 non
1020 4323 1392 4391 praevalebunt
1417 4324 1681 4382 adversus
1716 4327 1955 4390 eam",i

394 4427 455 4467 re
489 4413 609 4482 ipsa
641 4412 751 4467 vim
799 4412 1113 4468 declaravit.
1162 4413 1363 4469 Eodem
1416 4431 1642 4486 prorsus
1691 4418 1854 4471 modo
1907 4418 1959 4472 iu

397 4504 612 4559 caeteris
643 4505 918 4576 omnibus
975 4506 1095 4575 ejus
1133 4506 1399 4562 doctrinze
1435 4510 1619 4565 verbis
1665 4511 1956 4565 admistam

397 4595 637 4660 divinam
677 4597 796 4666 ejus
833 4597 1090 4653 virtutem
1129 4599 1528 4669 deprehendas.
1584 4602 1754 4674 Cujus
1791 4619 1960 4659 causa

397 4687 604 4741 dictum
633 4695 717 4743 est
742 4709 755 4744 :
793 4707 812 4740 ι
836 4688 974 4744 Ecce
998 4691 1150 4744 dabit
1184 4693 1305 4745 voci
1329 4707 1442 4747 suae
1469 4709 1656 4748 vocem
1685 4697 1954 4750 virtutis.»

399 4776 506 4832 Sed
547 4778 707 4832 etiam
763 4779 848 4834 his
880 4781 1094 4835 traditis
1148 4781 1436 4848 institutis,
1471 4785 1575 4839 sub
1616 4785 1730 4840 hinc
1772 4788 1963 4857 praeci—

398 4870 511 4940 pit:
553 4888 570 4922 ι
593 4867 725 4925 Date
756 4873 983 4941 gloriam
1041 4872 1149 4928 Deo
1186 4890 1350 4945 super
1384 4875 1578 4932 Israel:
1611 4879 1961 4949 magniﬁceno

399 4961 478 5014 tia
509 4959 631 5030 ejus
665 4968 722 5014 et
748 4961 922 5017 virtus
951 4963 1069 5032 ejus
1100 4963 1154 5018 in
1198 4965 1492 5022 nubibus.»
1554 4967 1688 5020 Illud
1717 4969 1958 5038 quidem,

406 5071 426 5104 ε
451 5050 584 5108 Date
627 5053 857 5125 gloriam
887 5053 1050 5120 Deo,»
1081 5057 1340 5113 omnibus
1366 5057 1589 5125 dicitur,
1629 5059 1721 5128 qui
1771 5059 1840 5113 ad
1870 5074 1960 5114 sa-

400 5144 632 5199 lutarem
656 5144 814 5200 ﬁdem
840 5155 1136 5214 vocantur;
1171 5147 1303 5202 illud
1326 5156 1530 5213 autem,
1569 5167 1588 5198 ι
1617 5164 1781 5218 super
1802 5148 1964 5205 Israel

403 5233 806 5304 magniﬁcentia
863 5235 1038 5305 ejus,»
1099 5236 1368 5306 signiﬁcat
1397 5253 1492 5291 eos
1530 5252 1593 5291 ex
1641 5235 1840 5291 Israele
1869 5237 1961 5306 qui

403 5327 620 5382 deitatls
669 5328 789 5398 ejus
824 5343 1109 5398 praecones
1150 5327 1391 5388 fuerunt,
1434 5329 1712 5398 apostolos
1756 5329 1963 5383 scilicet

404 5424 458 5470 et
489 5417 878 5487 evangelistas,
909 5433 940 5472 a
969 5419 1170 5486 quibus
1209 5419 1611 5489 magniﬁcentia
1640 5419 1784 5488 ejus,
1811 5417 1960 5471 vide-

404 5506 532 5563 licet
593 5508 830 5577 deitatis,
904 5510 1257 5566 noscebatur.
1317 5509 1498 5576 Quare
1548 5509 1677 5564 alibi
1717 5508 1956 5563 dicitur:

2065 3687 2269 3741 ἐποίει·
2308 3687 2402 3740 καὶ
2441 3685 2600 3739 πάλιν
2653 3683 3025 3755 ἐντειλάμενος
3068 3684 3250 3748 αὐτοῖς
3303 3684 3399 3737 καὶ
3437 3680 3600 3736 εἰπών·

2067 3798 2086 3830 ι
2126 3779 2482 3851 Πορευθέντες
2546 3775 2916 3849 μαθητεύσατε
2960 3777 3137 3830 πάντα
3170 3775 3239 3828 τά
3280 3774 3407 3847 ἔθνη
3446 3776 3499 3827 ὲν
3543 3772 3603 3843 τῷ

2060 3871 2282 3942 ὀνόματί
2315 3887 2437 3941 μου,
2483 3888 2501 3920 ι
2533 3869 2678 3939 ἔργῳ
2708 3868 2806 3940 τὴν
2839 3867 3062 3938 δύναμιν
3094 3867 3301 3920 ἐδείκνυ
3320 3883 3334 3898 ·
3365 3865 3454 3920 καὶ
3479 3861 3603 3926 αὖθις

2059 3960 2258 4016 εἰπών·
2301 3980 2318 4012 ι
2376 3962 2468 4013 Δεῖ
2513 3959 2850 4032 κηρυχθῆναι
2893 3958 2953 4012 τὸ
2980 3958 3309 4026 Εὑαγγέλιον
3351 3959 3446 4028 τῆς
3487 3956 3605 4027 βασι·

2059 4053 2209 4116 λείας
2248 4056 2304 4106 ὲν
2347 4053 2446 4126 ὅλῃ
2495 4054 2561 4123 τῇ
2594 4051 2889 4122 οἰκουμένῃ
2934 4051 3013 4114 εἰς
3044 4049 3339 4122 μαρτύριον
3369 4051 3492 4102 πᾶσι
3515 4049 3605 4109 τοῖς

2061 4145 2258 4208 ἔθνεσι,
2287 4162 2305 4195 ›
2343 4143 2436 4195 τοῦ
2468 4141 2626 4210 λόγου
2660 4141 2756 4212 τὴν
2786 4141 3010 4210 δύναμιν
3039 4140 3219 4202 αὐτοῖς
3248 4139 3312 4211 ἔρ
3327 4156 3426 4208 τοις
3448 4138 3602 4208 παρεῖ·

2060 4253 2153 4307 χεν
2187 4235 2317 4306 όρᾷν
2337 4251 2350 4264 ·
2384 4234 2477 4286 καὶ
2521 4231 2704 4287 ἄλλοτε
2737 4233 2940 4302 φήσας·
2981 4249 2999 4281 ι
3047 4230 3168 4282 Ἐπὶ
3200 4230 3301 4302 τὴν
3333 4231 3522 4302 πέτραν
3543 4227 3603 4280 οι-

2061 4325 2345 4396 κοδομήσω
2395 4340 2495 4395 μου
2539 4322 2638 4394 τὴν
2679 4321 3020 4394 Ἐκκλησίαν,
3067 4323 3160 4375 καὶ⁴
3206 4321 3372 4376 πύλαι
3408 4322 3522 4393 ᾅδου
3554 4319 3599 4371 οὺ

2062 4415 2470 4484 κατισχύσουσιν
2497 4413 2686 4484 αὐτῆς,
2722 4435 2738 4466 ι
2777 4411 2923 4483 αὐτῷ
2963 4412 3244 4483 πράγματι
3271 4413 3370 4484 τὴν
3403 4412 3602 4480 δύναμιν

2062 4505 2459 4578 παρεστήσατο.
2495 4505 2597 4558 Τὸν
2630 4505 2790 4558 αὑτὸν
2816 4501 2908 4558 οῦν
2937 4505 3137 4576 τρόπον
3169 4503 3264 4557 καὶ
3290 4507 3399 4566 τοῖς
3428 4500 3600 4557 λοιποῖς

2061 4597 2234 4651 ἅπασι
2260 4601 2370 4662 τοῖς
2401 4600 2499 4668 τῆς
2527 4597 2868 4660 διδασκαλίας
2897 4595 3060 4649 αὐτοῦ
3092 4596 3297 4668 ῥήμασι
3333 4610 3599 4663 συγκεκρα-

2065 4691 2230 4764 μένην
2261 4692 2437 4764 εὕροις
2468 4692 2534 4746 ἃν
2560 4693 2658 4764 τὴν
2692 4691 2876 4762 θεῖκὴν
2916 4689 3160 4760 δύναμιν.
3197 4683 3272 4743 Οῦ
3306 4690 3456 4761 χάριν
3480 4687 3598 4756 εἴρη-

2060 4799 2182 4837 ται·
2214 4803 2232 4834 ι
2268 4783 2397 4837 Ἰδοὺ
2421 4783 2582 4837 δώσει
2610 4787 2674 4855 τῇ
2699 4785 2848 4854 φωνῇ
2875 4781 3036 4834 αὐτοῦ
3071 4782 3252 4853 φωνὴν
3282 4783 3554 4851 δυνάμεως.
3580 4797 3594 4828 ι

2076 4873 2235 4928 Ἀλλὰ
2271 4873 2379 4946 γὰρ
2410 4874 2582 4928 ταῦτα
2603 4874 2917 4938 παιδεύσας,
2941 4871 3066 4943 ἑξῆς
3085 4872 3496 4944 παρακελεύεται
3516 4867 3597 4938 φά-

2067 4982 2209 5018 σκων
2235 4985 2247 4997 ·
2287 4986 2304 5016 ι
2337 4967 2463 5019 Δότε
2494 4966 2648 5033 δόξαν
2681 4965 2758 5036 τῷ
2787 4964 2904 5035 Θεῷ
2939 4965 3031 5018 ἐπὶ
3059 4965 3148 5018 τὸν
3189 4964 3429 5036 Ἰσραήλ·
3459 4963 3490 5032 ἡ

2063 5053 2430 5126 γαλοπρέπεια
2460 5055 2622 5109 αὑτοῦ
2657 5055 2752 5108 καὶ
2782 5058 2814 5125 ὴ
2844 5055 3070 5126 δύναμις
3094 5054 3256 5108 αὑτοῦ
3294 5055 3351 5108 ὲν
3388 5053 3495 5112 ταῖς
3532 5062 3597 5101 νε’

2063 5146 2269 5216 φέλαις.
2313 5166 2331 5199 ›
2353 5145 2425 5199 Τὸ
2460 5146 2556 5218 μὲν
2597 5143 2710 5210 οῦν,
2748 5165 2784 5199 ι·
2804 5147 2930 5201 Δότε
2960 5147 3112 5212 δόξαν
3136 5145 3213 5216 τῷ
3245 5143 3379 5216 Θεῷ,
3411 5161 3429 5194 ι
3459 5141 3594 5193 eam

2069 5239 2276 5311 εἴρηται
2317 5240 2428 5301 τοῖς
2455 5237 2810 5310 κεκλημένοις
2847 5238 2952 5292 ὑπὸ
2991 5239 3086 5309 τὴν
3119 5240 3375 5310 σωτήριον
3407 5233 3590 5286 πίστιν·

2071 5330 2144 5385 Τὸ
2169 5331 2244 5395 δὲ,
2277 5349 2294 5382 ι
2325 5330 2417 5383 ἐπὶ
2459 5331 2549 5384 τὸν
2598 5331 2810 5403 Ἰσραὴλ
2847 5333 2881 5402 ἡ
2919 5329 3359 5401 μεγαλοπρέπεια
3384 5323 3544 5385 αὐτοῦ,
3573 5339 3587 5369 ι

2070 5421 2321 5492 σημαίνει
2362 5421 2488 5485 τοὺς
2531 5421 2589 5487 ἐξ
2631 5423 2843 5495 Ἰσραὴλ
2880 5421 3200 5492 γενομένους
3245 5421 3342 5492 τῆς
3378 5417 3590 5484 θεότητος

2068 5509 2231 5562 αὑτοῦ
2261 5511 2522 5582 κήρυκας,
2548 5511 2870 5574 ἀποστόλους
2891 5510 3088 5582 δηλαδὴ
3111 5511 3205 5564 καὶ
3222 5502 3584 5579 εὐαγγελιστάς.

473 5663 515 5694 ⁶¹
539 5661 697 5720 Joan.
729 5681 862 5730 xvii,
893 5666 948 5723 5.
1023 5667 1066 5700 ⁶²
1095 5664 1252 5721 Joan.
1283 5681 1321 5734 ι,
1347 5666 1397 5719 I.
1473 5667 1516 5699 ⁸³
1539 5664 1724 5720 Matth.
1763 5681 1835 5730 Iv,
1865 5664 1951 5720 I9.

2064 5663 2284 5718 ’IIatth.
2321 5679 2508 5730 xxvm,
2541 5664 2629 5721 I9.
2703 5665 2748 5698 "
2781 5664 2965 5720 Matth.
3019 5681 3166 5729 xxiv,
3201 5666 3288 5720 II.
3357 5662 3397 5694 “
3422 5654 3580 5713 Iatlh.

406 5743 514 5796 xvi,
551 5735 638 5787 I8.
