3776 6284
171 322 255 379 72l
1259 310 1766 371 COIIMENTARIA
1804 310 1870 365 IN
1911 307 2253 363 PSALMOS.

3293 299 3399 354 7‘22

166 441 276 511 mp‘
298 433 373 502 οἷς
407 439 438 508 ή
486 434 924 507 μεγαλοπρέπεια
963 435 1128 491 αὑτοῦ
1177 435 1504 507 ὲγνωρίζετο
1528 454 1541 466 ·
1577 433 1717 487 οὕτω

1890 429 2143 496 ὶιιοιιίαιιι
2198 428 2406 481 elevata
2466 434 2550 480 est
2625 423 3030 495 magnificentia
3083 431 3171 475 tua
3231 434 3397 486 super

165 532 246 601 τῆς
273 530 508 598 θεότητος
540 528 704 581 αὐτοῦ
740 528 1096 600 καλουμένης.
1124 529 1213 580 Διὸ
1238 528 1481 581 λέλεκται
1510 529 1566 580 ὲν
1598 527 1717 580 ἑτέ-ο

166 625 293 691 ροῐς·
326 637 344 671 ι
384 619 499 672 Ὅτι
541 618 752 689 ἐπήρθη
786 621 817 688 ἡ
857 618 1303 689 μεγαλοπρέπειά
1339 635 1432 670 σου
1467 616 1720 686 ὑπεράνω

163 711 255 765 τῶν
281 708 526 781 οὐρανῶν.
578 729 595 760 ι
627 710 747 763 ’Ότι
780 710 836 764 δὲ
872 711 932 764 οὑ
962 710 1162 774 πάντες
1192 713 1242 763 οἱ
1279 710 1336 775 ἐξ
1382 709 1596 780 Ἰσραὴλ
1626 702 1717 761 οὗ-

167 822 233 857 τοι
269 802 489 874 Ἰσραὴλ,
522 802 639 855 οὐδὲ
682 804 762 856 ὅτι
801 804 909 856 είσὶ
965 802 1185 875 σπέρμα
1221 802 1472 874 Ἀϐραὰμ
1522 804 1718 865 πάντες

164 897 337 950 τέκνα·
370 894 458 947 καὶ
483 894 558 957 ὼς
592 894 654 947 οὐ
681 894 749 948 τά
783 894 945 947 τέκνα
990 895 1087 963 τῆς
1118 892 1319 964 σαρκὸς
1348 891 1518 946 ταῦτα
1550 894 1716 945 τέκνα

164 986 243 1040 τοῦ
275 984 427 1038 Θεοῦ·
468 984 588 1037 οὐδὲ
610 988 637 1039 ὁ
663 986 720 1038 ὲν
748 983 825 1055 τῷ
865 984 1083 1055 φανερῷ
1126 984 1377 1047 Ἰουδαῖός
1400 985 1569 1049 ὲττιν,
1600 984 1721 1038 οὐδὲ

166 1077 265 1145 ήὲν
295 1073 366 1145 τῷ
394 1073 613 1145 φανερῷ
663 1074 720 1126 ὲν
772 1074 934 1143 σαρκὶ
983 1073 1273 1146 περιτομὴ,
1308 1075 1421 1127 ἀλλ’
1468 1077 1495 1128 6
1541 1076 1598 1126 ὲν
1642 1072 1720 1144 τῷ

164 1167 360 1239 κρυπτῷ
392 1167 658 1230 Ἰουδαῖος,
690 1170 783 1222 καὶ
808 1168 1076 1241 περιτομὴ
1102 1168 1327 1238 καρδίας
1354 1170 1410 1221 ἐν
1428 1167 1716 1238 πνεύματι,

162 1261 213 1314 οὐ
237 1259 528 1330 γράμματι,
564 1260 803 1315 διδάσκει
835 1260 1021 1330 σαφῶς
1047 1262 1076 1314 6
1110 1261 1447 1324 ’Λπόστολος.
1478 1262 1600 1314 Ἐπὶ
1629 1261 1720 1315 τὸν

174 1350 361 1422 Ἰσραὴλ
378 1350 607 1423 τοίνυνή
644 1354 1090 1425 μεγαλοπρέπεια
1130 1353 1293 1407 αὐτοῦ
1318 1370 1330 1383 ·
1361 1353 1494 1407 ἀλλά
1521 1354 1615 1407 καὶ
1641 1373 1657 1403 ι
1686 1356 1720 1425 ή

160 1442 358 1513 δύναμις
399 1442 561 1496 αὑτοῦ
588 1446 644 1497 ἐν
669 1449 786 1509 ταῖς
820 1446 1101 1515 νεφέλαις·
1142 1466 1160 1499 ι
1194 1447 1321 1519 περὶ
1366 1440 1440 1500 ὧν
1493 1449 1720 1513 Ἡσαΐας

161 1533 374 1597 θεσπίζει
408 1533 607 1603 λέγων·
649 1554 669 1589 ι
701 1537 811 1590 Καὶ
846 1540 966 1601 ταῖς
1000 1536 1247 1606 νεφέλαις
1291 1538 1609 1609 ὲντελοῦμαι
1646 1540 1719 1611 μὴ

160 1623 321 1696 βρέξαι
360 1626 449 1681 ἐπὶ
497 1626 591 1680 τὸν
636 1627 933 1699 ἀμπελῶνα
965 1629 1139 1683 ὑετόν.
1179 1649 1197 1682 ι
1246 1629 1462 1701 Ἐδήλου
1507 1630 1563 1683 δὲ
1609 1632 1717 1702 ἄρα

161 1718 270 1781 τοὺς
304 1719 584 1789 προφήτας
612 1721 706 1773 καὶ
754 1721 879 1785 τοὺς
920 1721 1030 1774 τῶν
1076 1722 1233 1775 θείων
1277 1722 1611 1794 μαθημάτων
1640 1723 1720 1775 δι-

1820 523 2100 576 υαξιοεδτ.»
2147 518 2301 585 Quod
2350 526 2672 571 autemnon
2720 530 2909 569 omnes
2949 513 3045 584 qui
3091 528 3157 567 ex
3194 509 3398 563 Israele

1820 623 1969 677 sunt,
2001 614 2163 668 Israel
2193 608 2425 666 vocandi
2457 612 2598 675 sint;
2634 625 2807 678 neque
2835 608 2963 677 quia
2997 621 3182 661 semen
3223 602 3397 656 Abra-

1819 706 1902 759 hae
1929 711 2076 767 sunt,
2116 702 2238 756 ideo
2273 715 2466 755 omnes
2515 698 2607 751 filii
2652 699 2773 766 ejus
2821 699 2959 762 sint;
3008 695 3265 767 quodque
3303 693 3396 747 ﬁlii

1821 798 2005 852 carnis
2034 812 2142 851 non
2194 797 2289 848 filii
2323 795 2416 849 Dei
2466 792 2660 854 sint“,
2714 807 2889 859 neque
2946 791 3035 860 qui
3086 790 3264 859 palam
3300 785 3399 841 Ju-

1820 888 1991 949 daeus,
2024 903 2150 942 vere
2190 887 2317 942 talis
2348 887 2439 944 sit.
2475 901 2651 955 neque
2682 900 2813 938 vera
2845 883 3196 936 circumcisio
3228 882 3301 937 sit
3335 896 3398 936 ea

1822 996 1943 1050 qua:
1978 980 2032 1034 in
2067 995 2231 1034 carne
2264 978 2358 1041 ﬁt;
2396 978 2491 1033 sed
2521 975 2746 1031 Iudaeus
2774 990 2935 1029 verus
2976 975 3029 1027 in
3071 973 3310 1037 occulto,
3345 982 3400 1027 et

1821 1073 2173 1127 circumcisio
2203 1070 2386 1126 cordis
2424 1071 2478 1123 in
2510 1069 2705 1139 spiritu
2731 1111 2745 1135 ,
2793 1084 2903 1122 non
2935 1068 2989 1119 in
3020 1068 3200 1120 littera
3232 1066 3394 1129 sit“,

1822 1164 1973 1217 clare
2000 1163 2161 1217 docet
2187 1162 2500 1232 Apostolus.
2546 1159 2722 1229 Super
2754 1157 2925 1212 Israel
2977 1157 3146 1226 igitur
3187 1157 3398 1225 magni-

1823 1254 2037 1309 ﬁcentia
2065 1254 2224 1324 ejus;
2267 1252 2363 1308 sed
2391 1253 2555 1308 etiam
2593 1271 2610 1302 ι
2637 1252 2815 1304 virtus
2838 1250 2959 1319 ejus
2992 1250 3045 1303 in
3078 1249 3349 1304 nubibus:
3371 1267 3394 1301 ι

1821 1350 1889 1405 de
1922 1349 2122 1419 quibus
2171 1348 2340 1403 Isaias
2366 1346 2695 1402 vaticinatur
2749 1344 2975 1398 dicens:
3021 1361 3038 1395 ι
3068 1342 3134 1397 Et
3161 1342 3399 1398 nubibus

1824 1442 2096 1496 mandabo
2124 1454 2192 1495 ne
2221 1440 2411 1509 pluant
2436 1453 2603 1508 supra
2630 1438 2844 1494 vineam
2884 1436 3189 1506 pluviam“lo
3214 1453 3228 1501 ;
3255 1454 3272 1486 ι
3311 1434 3397 1488 in-

1823 1536 2017 1591 dicans
2073 1534 2282 1590 scilicet
2336 1532 2653 1602 prophetas,
2706 1538 2762 1587 et
2796 1530 3106 1583 divinarum
3138 1528 3394 1597 discipli~

1822 1641 2016 1681 narum
2070 1626 2345 1687 doctores,
2377 1624 2491 1694 qui,
2525 1622 2979 1678 subministrante
3008 1618 3242 1690 Spiritu,
3284 1632 3400 1674 cet.-

1823 1719 1944 1773 Iesti
1973 1718 2155 1787 pluvia
2182 1717 2394 1773 animas
2424 1716 2709 1772 hominum
2739 1722 2798 1769 ut
2826 1716 3029 1770 bonum
3066 1728 3255 1785 agrum
3282 1712 3403 1766 irrio

156 1809 445 1875 δισκάλους,
478 1812 531 1865 οἳ
564 1814 629 1883 τῇ
668 1813 761 1865 τοῦ
806 1814 1122 1882 Πνεύματος
1150 1814 1384 1887 χορηγίᾳ
1429 1815 1519 1868 τὸν
1560 1816 1717 1887 ούρά-

1894 1810 2046 1865 bant.
2088 1810 2162 1863 Ita
2196 1825 2325 1880 ergo
2353 1809 2529 1863 virtus
2566 1807 2687 1876 ejus
2721 1808 2776 1861 in
2813 1806 3080 1860 nubibus.
3129 1824 3148 1856 ι
3171 1804 3400 1858 Mirabi—

157 1918 252 1955 νιον
276 1901 419 1955 ὑετὸν
442 1906 563 1966 ταῖς
601 1902 710 1957 τῶν
746 1902 1045 1976 ἀνθρώπων
1067 1904 1265 1975 ψυχαῖς
1313 1905 1500 1978 ὥσπερ
1523 1907 1581 1958 ὲν
1616 1906 1721 1977 χώ-

158 2010 260 2063 ραις
286 1994 508 2062 ἀγαθαῖς
535 1994 855 2066 ὲπήρδευον.
903 1995 1088 2061 Οὕτως
1141 1993 1232 2050 οὖν
1283 1998 1375 2051 καὶ
1414 1999 1447 2068 ή
1494 1996 1720 2067 δύναμις

155 2084 298 2138 αὐτοῦ
342 2087 396 2138 ἐν
417 2087 541 2149 ταῖς
577 2086 844 2154 νεφέλαις.
881 2106 902 2140 ι
930 2088 1251 2159 Θαυμαστὸς
1296 2090 1324 2141 6
1367 2088 1498 2152 Θεὸς
1524 2090 1583 2141 ὲν
1610 2092 1720 2152 τοῖς

155 2174 309 2243 ἁγίοις
330 2175 514 2241 αὑτοῦ,
550 2196 568 2228 ι
609 2177 815 2249 ἑτέροις
834 2175 952 2233 οὖσι
974 2180 1121 2252 παρά
1144 2181 1268 2244 τοὺς
1294 2181 1720 2251 προωνομασμέ-

155 2284 258 2330 νους
276 2269 556 2338 προφήτας
588 2269 682 2321 καὶ
710 2270 1062 2335 ἀποστόλους.
1099 2272 1257 2334 Τίνες
1281 2272 1324 2324 δ’
1353 2271 1417 2325 ἂν
1444 2267 1551 2324 εἶεν
1578 2267 1720 2326 οὗτοι

155 2358 250 2411 ἀλλ’
271 2360 318 2411 οί
343 2357 400 2424 ἐξ
428 2361 686 2414 ἁπάντων
710 2361 818 2415 τῶν
845 2363 1017 2417 ἐθνῶν
1048 2364 1270 2433 ἁγνείας
1294 2365 1387 2418 καὶ
1414 2364 1719 2435 ἁγιωσύνης

155 2448 448 2530 ἠξιωμένοις
480 2452 542 2504 ὲν
568 2446 650 2514 οἷς
679 2453 772 2505 καὶ
806 2453 1119 2524 θαυμαστός
1142 2457 1289 2508 ἐστιν
1313 2457 1341 2508 6
1369 2457 1520 2521 Θεὸς,
1547 2456 1720 2520 διδοὺς

153 2538 312 2603 αὐτοῖς
337 2538 564 2611 δύναμιν
608 2542 701 2594 καλ⁸
741 2544 1096 2613 κραταίωσιν.
1125 2546 1215 2599 Διὸ
1258 2546 1525 2616 συνῆπται
1564 2547 1714 2617 ἑξῆς·

159 2646 174 2677 ι
209 2628 259 2681 ’0
281 2628 407 2693 Θεὸς
450 2632 671 2703 Ἰσραὴλ
698 2634 858 2695 αὐτὸς
887 2633 1045 2687 δώσει
1073 2635 1302 2707 δύναμιν
1329 2638 1421 2690 καὶ
1450 2639 1720 2708 κραταίω-

155 2736 224 2773 σιν
251 2720 322 2790 τῷ
349 2721 462 2793 λαῷ
490 2723 683 2787 αὐτοῦ,
710 2725 999 2796 εὐλογητὸς
1026 2728 1054 2778 6
1084 2728 1234 2791 Θεός.
1271 2747 1289 2779 ι
1318 2729 1485 2782 Πάλιν
1514 2730 1569 2782 δὲ
1594 2731 1716 2783 κάνο

153 2810 301 2864 ταῦθα
338 2812 569 2884 δύναμιν
617 2816 930 2884 ἀναγκαίως
960 2817 1157 2871 διδόναι
1183 2819 1428 2873 λέλεκται
1465 2821 1540 2891 τῷ
1580 2822 1720 2893 ἁγίῳ

156 2899 247 2968 ὶαῷ
271 2902 450 2966 αὐτοῦ,
503 2903 593 2956 ἵνα
639 2905 861 2976 δύνηται
910 2906 1123 2977 λέγειν·
1159 2926 1177 2959 ι
1220 2910 1404 2963 Πάντα
1457 2912 1621 2981 ἰσχύω
1661 2913 1718 2963 έν

152 2994 217 3063 τῷ
238 2995 617 3068 ἐνδυναμοῦντί
648 3017 734 3069 με,
767 3019 784 3051 ι
811 3001 957 3057 Ἔδει
987 3002 1115 3073 γὰρ,
1145 3002 1333 3073 ὥσπερ
1354 3008 1466 3067 τοῖς
1490 3007 1716 3074 εὐαγγε-

154 3086 425 3158 λιζομένοις
454 3090 637 3143 δέδοτο
661 3091 813 3162 ῥῆμα
846 3094 943 3146 σὺν
970 3094 1195 3166 δυνάμει
1228 3096 1420 3169 πολλῇ,
1449 3097 1588 3151 οὕτω
1623 3098 1714 3152 καὶ

1828 1903 1895 1959 lis
1943 1900 2085 1956 Deus
2122 1902 2177 1955 in
2228 1902 2433 1957 sana-tis
2490 1901 2658 1964 suis,-
2717 1900 2811 1969 qui
2864 1899 2955 1953 alii
3008 1908 3195 1953 sunta
3232 1912 3401 1967 supra

1827 1994 2143 2048 memoratis
2191 1992 2472 2063 prOpbetis
2524 2001 2579 2047 et
2649 1991 2935 2063 apostolis.
2994 1989 3231 2057 Quinam
3289 1990 3396 2054 illi,

1828 2087 1934 2142 nisi
1975 2087 2067 2156 qui
2102 2102 2168 2141 ex
2196 2086 2454 2140 omnibus
2498 2085 2754 2156 gentibus
2791 2085 3050 2139 castitate
3096 2091 3150 2139 et
3194 2082 3402 2139 sancti-

1828 2180 2011 2235 monia
2043 2179 2234 2233 donati
2267 2180 2429 2234 sunt?
2460 2178 2513 2231 in
2555 2178 2754 2247 quibus
2805 2176 3077 2230 mirabilis
3116 2174 3263 2231 Deus
3290 2182 3399 2238 est,

1826 2276 1921 2345 qui
1952 2274 2211 2329 virtutem
2236 2282 2292 2327 et
2321 2273 2488 2326 robur
2511 2271 2645 2340 ipsis
2678 2270 2958 2339 impertiit.
2993 2270 3173 2334 Quare
3203 2266 3402 2323 deinde

1827 2366 2175 2436 subjungitur
2206 2383 2217 2418 :
2280 2382 2299 2415 ι
2322 2362 2464 2418 Deus
2513 2360 2679 2417 Israel
2730 2361 2849 2429 ipse
2883 2359 3035 2413 dabit
3064 2358 3317 2412 virtutem
3347 2363 3403 2411 ct

1827 2460 2205 2514 fortitudinem
2251 2458 2395 2527 plebi
2461 2470 2595 2520 suaa,
2646 2452 2973 2508 benedictus
3032 2450 3231 2506 Deus.»
3301 2448 3403 2503 Hic

1827 2567 2047 2608 rursum
2103 2551 2358 2605 virtutem
2413 2555 2607 2603 saneto
2656 2546 2861 2616 popqu
2910 2545 3032 2614 ejus
3083 2542 3400 2598 necessario

1825 2643 1940 2697 dari
1977 2642 2073 2704 ait,
2125 2648 2185 2696 ut
2215 2639 2389 2709 possit
2418 2639 2601 2693 dicere
2642 2656 2654 2691 :
2714 2656 2731 2688 ι
2757 2634 2952 2691 Omnia
2982 2642 3207 2705 possum
3237 2633 3293 2686 in
3336 2648 3403 2687 co

1825 2735 1919 2805 qui
1968 2749 2054 2788 me
2101 2732 2493 2788 confortat“.»
2532 2729 2791 2799 Oportuit
2817 2728 2989 2790 enim,
3023 2734 3080 2805 ut
3116 2724 3397 2793 evangeli-

1826 2825 2080 2880 zantibus
2114 2824 2341 2879 verbum
2371 2821 2558 2876 datum
2608 2818 2786 2873 fuerat
2811 2833 2934 2871 cum
2970 2819 3171 2870 virtute
3201 2815 3397 2875 multa,

1826 2915 1900 2968 ita
1932 2929 2153 2984 quoque
2189 2912 2390 2982 populo
2437 2910 2559 2979 ejus
2609 2909 2778 2963 robur
2810 2916 2864 2961 et
2895 2907 3148 2962 virtutem
3186 2903 3399 2959 submi-

1825 3003 2073 3069 nistrari,
2108 3011 2169 3058 ut
2201 3003 2375 3073 possit
2421 3010 2612 3057 contra
2644 3000 2919 3056 versutias
2965 2998 3171 3054 diaboli
3212 2996 3399 3052 consi-

1826 3106 1990 3163 stere,
2024 3112 2088 3151 ac
2120 3096 2347 3168 perinde
2378 3104 2541 3165 atque
2571 3094 2774 3149 Paulus
2807 3093 2991 3146 dicere
3024 3110 3037 3144 :
3084 3110 3101 3142 ι
3132 3088 3267 3155 Quis
3296 3104 3400 3142 nos

151 3178 217 3255 τῷ
254 3179 358 3251 λαῷ
396 3181 564 3236 αὑτοῦ
616 3183 947 3253 κραταίωσιν
1005 3189 1099 3240 καὶ
1141 3187 1368 3260 δύναμιν
1428 3192 1707 3262 παρέχειν,

1890 3188 2088 3260 parabit
2120 3204 2151 3243 a
2181 3188 2452 3245 charitate
2479 3187 2608 3242 Dei?
2647 3186 2954 3248 tribulatio,
3006 3198 3074 3236 an
3115 3180 3397 3252 angustia,

151 3270 268 3338 πρὸς
299 3272 356 3325 τὸ
381 3272 642 3328 δύνασθαι
683 3276 931 3331 ἵστασθαι
979 3269 1113 3349 πρὸς
1160 3279 1261 3345 τὰς
1293 3281 1572 3352 μεθοδείας
1618 3282 1710 3337 τοῦ

1821 3300 1887 3338 an
1922 3282 2255 3354 persecutio,
2284 3296 2353 3333 an
2382 3279 2615 3333 fames”
2638 3278 2659 3331 ?
2682 3297 2700 3330 ι
2738 3288 2793 3332 et
2822 3277 2907 3331 his
2935 3274 3157 3331 similia.

151 3359 387 3433 διαϐόλου,
413 3370 508 3422 καὶ
549 3369 727 3437 λέγειν
760 3371 961 3441 ὁμοίως
1025 3373 1254 3444 Παύλῳ·
1312 3394 1331 3427 ι
1365 3376 1461 3441 Τίς
1519 3379 1666 3449 ἡμᾶς
1703 3380 1926 3450 χωρίσει
1970 3377 2079 3431 ἀπὸ
2119 3377 2220 3447 τῆς
2263 3375 2481 3443 ἀγάπης
2533 3369 2627 3425 τοῦ
2668 3370 2846 3435 θεοῦἱ
2895 3368 3072 3438 θλίψις
3116 3367 3151 3439 ἢ
3222 3381 3403 3421 στενθ·

151 3456 321 3526 χωρία,
351 3458 382 3529 ἢ
409 3459 669 3531 διωγμὸς,
713 3462 745 3533 ἢ
792 3462 977 3533 λιμός;
1012 3483 1029 3515 ι
1065 3466 1159 3519 καὶ
1189 3466 1258 3518 τὰ
1296 3467 1507 3532 τούτοις
1543 3469 1918 3542 παραπλήσια.

152 3567 246 3621 ΕΙΣ
282 3568 363 3625 ΤΟ
403 3572 664 3633 ΤΕΛΟΣ,
718 3575 903 3627 ΥΠΕΡ
963 3578 1097 3629 ΤΩΝ
1146 3580 1714 3636 ΑΛΛΟΙΩΘΗΣΟΜΕ-

566 3644 728 3707 NaN,
769 3646 856 3717 Τῼ
897 3648 1118 3702 ΔΑΥιΔ.
1159 3648 1282 3703 sua

218 3746 236 3780 ι
272 3731 447 3787 Σιῖισόν
504 3750 593 3805 με,
640 3735 671 3787 6
714 3734 866 3800 Θεὸς,
899 3736 980 3791 ὅτι
1029 3739 1349 3810 είσήλθοσαν
1399 3741 1567 3797 ὕδατα
1612 3744 1718 3808 ἓως

153 3818 310 3892 ψυχῆς
366 3842 485 3895 μου.
534 3845 552 3877 ι
616 3826 886 3897 Τέτταρές
943 3830 1080 3884 εἰσιν
1137 3833 1186 3883 οἱ
1246 3833 1716 3906 ἐπιγεγραμμένοι

159 3928 175 3960 ι
213 3910 372 3985 Ὑπὲρ
396 3917 506 3971 τῶν
529 3917 1073 3990 ἀλλοιωθησομένων·
1113 3941 1132 3972 ι
1168 3922 1260 3976 δύο
1289 3926 1386 3995 μὲν
1409 3926 1502 3978 τοῦ
1533 3927 1714 3989 Δαυῒδ,

156 4004 177 4056 6
205 4006 332 4075 μετά
356 4012 544 4081 χεῖρας
569 4014 661 4064 καὶ
685 4013 714 4064 6
747 4012 843 4065 νϐ’·
866 4012 975 4065 τῶν
1007 4014 1065 4067 δὲ
1094 4014 1225 4067 υἱῶν
1248 4018 1391 4089 Κορὲ
1416 4013 1517 4083 εἷς,
1548 4021 1575 4073 6
1613 4020 1716 4090 p.6',

157 4093 238 4145 καὶ
279 4097 369 4149 τοῦ
411 4098 585 4168 Ἀσάφ
628 4100 831 4169 ὁμοίως
877 4102 905 4153 6
946 4101 1040 4155 00'.
1089 4102 1211 4157 Ἐπὶ
1256 4106 1471 4159 πάντων
1509 4108 1564 4161 δὲ
1599 4110 1718 4163 ἀντὶ

157 4182 258 4249 τοῦ,
299 4205 317 4238 ι
359 4189 532 4264 ’Υπὲρ
580 4191 691 4244 τῶν
736 4193 1268 4266 ἀλλοιωθησομένων,
1305 4220 1323 4250 ι
1358 4201 1387 4253 ὁ
1423 4200 1518 4271 μὲν
1561 4200 1718 4253 Ἀκύ-

157 4272 260 4340 λας,
293 4299 309 4330 ι
358 4282 482 4334 Ἐπὶ
525 4283 747 4354 κρίνων,
784 4305 802 4337 ι
850 4286 1178 4341 ἐκδέδωκεν·
1228 4291 1256 4342 6
1297 4291 1354 4343 δὲ
1403 4292 1716 4363 Σύμμαχος,

1818 3580 1884 3635 IN
1934 3580 2185 3645 FINEM,
2224 3575 2363 3632 eno
2414 3574 2501 3629 us
2552 3574 2669 3640 QUI
2725 3566 3399 3645 coalitUTABUNTUR,

2259 3647 2389 3703 IPSI
2430 3645 2665 3700 DAVID.
2709 3642 2938 3698 LXVIII.

1890 3742 2058 3798 Vens.
2090 3742 2146 3804 2,
2177 3742 2230 3796 5.
2272 3760 2289 3795 ι
2330 3740 2550 3795 Salvum
2581 3754 2669 3793 me
2705 3736 2811 3796 fac,
2840 3733 3004 3795 Deus,
3039 3729 3298 3801 quoniam
3326 3729 3402 3783 in-

1822 3844 2107 3891 traverunt
2128 3850 2281 3904 aquae
2309 3848 2482 3902 usque
2512 3831 2578 3903 ad
2602 3828 2839 3882 animam
2869 3838 3066 3878 meam.
3099 3841 3117 3874 ι
3156 3821 3405 3887 Quatuor

1821 3927 2014 3999 psalmi
2053 3945 2071 3977 ι
2128 3924 2235 3978 Pro
2287 3924 2356 3978 iis
2407 3922 2500 3991 qui
2543 3917 3027 3974 commutabuntur
3083 3934 3101 3967 ι
3148 3913 3401 3984 inscripti

1822 4022 1972 4071 sunt.
2005 4013 2123 4067 Duo
2156 4011 2398 4074 Davidis,
2433 4024 2629 4078 nempe
2662 4008 2750 4061 hic
2799 4021 2960 4076 quem
3014 4013 3323 4060 tractamus.
3349 4013 3407 4061 et

1825 4125 1916 4162 ιιι
1948 4128 1959 4161 :
1992 4107 2226 4159 ﬁliorum
2255 4103 2394 4157 Core
2415 4117 2578 4163 unus,
2598 4099 2807 4155 scilicet
2830 4113 2955 4153 κων
2979 4115 2994 4164 ;
3022 4097 3223 4167 Αειιιὶιί
3252 4098 3404 4152 simi—

1820 4200 1942 4254 liter
1975 4212 2162 4253 uxrx.
2194 4195 2253 4248 In
2280 4192 2538 4248 omnibus
2588 4205 2753 4261 porro
2781 4190 2930 4244 illius
2960 4190 3100 4256 loco,
3135 4211 3163 4240 ι
3198 4189 3304 4243 Pro
3336 4190 3403 4245 iis

1823 4290 1915 4360 qui
1947 4289 2455 4347 commutabantur,
2495 4305 2513 4337 ι
2554 4284 2771 4353 Aquila,
2806 4302 2823 4335 ι
2861 4281 3037 4353 Super
3060 4283 3191 4349 lilia,
3227 4300 3249 4334 ι
3283 4281 3400 4335 edi—

160 4386 177 4417 ι
217 4368 380 4441 ’Υπὲρ
419 4372 528 4427 τῶν
570 4374 768 4429 ἀνθῶν.
808 4394 826 4427 ι
875 4375 933 4430 '0
960 4380 1056 4449 μὲν
1085 4375 1174 4432 οὖν
1211 4380 1293 4451 μδ¹
1319 4380 1415 4452 τὴν
1462 4385 1591 4453 περὶ
1626 4384 1717 4437 τοῦ

1890 4381 2334 4453 t;Symmaehus
2364 4393 2515 4441 vero,
2549 4396 2566 4429 ι
2610 4376 2717 4430 Pro
2746 4374 2990 4430 floribus.
3031 4394 3048 4425 ι
3090 4372 3405 4444 Quadragc-

168 4458 459 4534 Ἀγαπητοῦ
510 4468 847 4539 προφητείαν
886 4472 1151 4540 περιεῖχε,
1198 4473 1296 4542 τῆς
1338 4490 1396 4525 τε
1446 4473 1506 4537 ἐξ
1550 4473 1717 4528 ἐθνῶν

1890 4491 2000 4529 nus
2028 4475 2212 4543 itaque
2242 4479 2474 4541 quartus
2504 4470 2571 4524 de
2603 4467 2812 4521 Dilecto
2852 4467 3212 4536 pr0phetiam,
3237 4473 3403 4534 atque

168 4550 475 4624 Ἐκκλησίας
520 4558 618 4629 τὴν
653 4560 760 4613 ἀπὸ
801 4561 909 4614 τῶν
939 4563 1192 4633 χειρόνων
1234 4565 1327 4618 ἐπὶ
1368 4565 1438 4618 τά
1484 4566 1716 4638 κρείττω

1890 4569 2060 4623 ntium
2102 4565 2365 4619 Ecclesiae
2395 4578 2425 4615 a
2465 4562 2747 4632 pejoribus
2781 4560 2846 4613 ad
2883 4558 3108 4612 meliora
3150 4558 3404 4610 immuta-

156 4644 459 4703 ἀλλοίωσιν·
502 4653 530 4704 6
574 4653 631 4707 δὲ
674 4657 1039 4725 πεντηκοστὸς
1085 4657 1271 4722 ένατος
1310 4658 1580 4730 ἀποϐολὴν
1622 4660 1714 4712 τοῦ

1890 4675 2047 4724 mem,
2100 4656 2523 4727 complectitur;
2564 4651 3052 4723 quinquagesimus
3086 4665 3265 4704 nonus
3305 4650 3403 4703 ab-

169 4736 421 4795 Ἰουδαίων
453 4743 639 4810 ἔθνους
668 4746 760 4800 καὶ
790 4748 899 4801 τῶν
933 4749 1243 4819 ἀλλοφύλων
1282 4750 1450 4803 ἐθνῶν
1492 4751 1591 4821 τὴν
1624 4752 1717 4805 ἐπὶ

1890 4751 2113 4806 :tionem
2135 4747 2349 4804 Iudaici
2371 4747 2578 4819 populi,
2597 4745 3135 4815 alienigenarumque
3158 4742 3398 4811 gentium

158 4825 217 4878 τὰ
241 4828 496 4885 κάλλιστα
525 4834 825 4907 μεταϐολήν
843 4853 857 4867 ·
899 4839 926 4891 6
953 4838 1011 4891 δὲ
1038 4838 1111 4892 οθ¹
1146 4834 1300 4903 αὖθις
1329 4839 1427 4910 τὴν
1457 4840 1551 4893 τοῦ
1590 4841 1717 4893 Ἰου-

1942 4840 2395 4913 praestantissima
2421 4836 2837 4893 conversionem
2868 4852 2887 4900 ;
2922 4848 3140 4888 rursum
3177 4842 3402 4902 septua-

156 4914 304 4973 δαίων
329 4920 511 4988 ἔθνους
540 4927 879 4995 ἀπόπτωσιν,
906 4931 999 4985 καὶ
1032 4930 1123 4984 τοῦ
1147 4931 1398 5003 Σωτῆρος
1426 4931 1584 5003 ἡμῶν
1618 4932 1716 5003 τὴν

158 5008 548 5086 ὲνανθρώπησιν
583 5019 854 5091 σημαίνει.
885 5022 1120 5086 Εἰκότως
1148 5017 1242 5076 οὖν
1270 5024 1364 5075 καὶ
1393 5024 1421 5075 6
1448 5021 1584 5094 μετὰ
1609 5025 1719 5094 χεῖ-

160 5117 265 5171 ρας,
317 5123 336 5157 ι
382 5106 551 5182 ’Υπὲρ
597 5112 705 5165 τῶν
747 5113 1275 5186 ἀλλοιωθησομένων,
1329 5134 1346 5165 ι
1380 5115 1436 5186 ἢ,
1484 5134 1502 5167 ι
1550 5116 1718 5189 Ὑπὲρ

1823 4936 2063 5007 gesimus
2104 4948 2282 4987 nonus
2331 4929 2546 4986 Judaici
2576 4928 2760 4999 pepuli
2797 4927 3029 4996 lapsum,
3063 4932 3117 4978 et
3152 4923 3401 4978 Salvato-

1826 5032 1903 5086 ris
1957 5030 2132 5084 nostri
2186 5025 2617 5082 incarnationem
2683 5020 2975 5091 signiﬁcat.
3025 5016 3156 5072 Jure
3216 5017 3400 5085 itaque

1824 5140 2064 5196 praesens
2096 5123 2223 5179 item
2257 5121 2521 5192 psalmus,
2561 5137 2580 5167 ‹
2615 5116 2720 5170 Pro
2758 5115 2825 5171 iis
2854 5115 2947 5184 qui
2979 5111 3415 5169 commutabun-..

159 5194 255 5248 τῶν
275 5197 469 5265 ἀνθῶν,
502 5222 519 5254 ι
551 5206 693 5259 κατά
713 5207 803 5260 τὸν
838 5207 1237 5279 Σύμμαχον,’ἧ,
1272 5227 1289 5258 ι
1314 5208 1437 5261 Ἐπὶ
1458 5209 1711 5281 κρίνων.»

163 5284 292 5339 κατὰ
318 5287 406 5341 τὸν
449 5290 694 5360 Ἀκύλαν,
722 5297 1120 5369 ἐπιγέγραπται
1140 5318 1152 5329 ·
1182 5301 1370 5372 ἐπειδὴ
1399 5301 1499 5372 τὴν
1531 5302 1623 5354 ἐπὶ
1656 5301 1716 5354 τὸ

163 5376 328 5448 χεῖρον
374 5380 651 5439 ἀλλοίωσιν
686 5389 780 5442 τοῦ
816 5391 881 5442 ὲκ
924 5391 1226 5462 περιτομῆς
1257 5390 1386 5443 λαοῦ
1432 5392 1524 5445 καὶ
1556 5392 1716 5456 αὐτὸς

165 5467 413 5542 περιέχει,
442 5472 551 5543 οὓς,
576 5478 736 5549 κρίνα
765 5482 857 5535 καὶ
884 5483 1018 5552 ἀνθη
1048 5485 1188 5538 κατά
1217 5484 1406 5555 καιρὸν
1430 5483 1714 5554 ὀφθέντας,

164 5557 309 5625 θὲπὶ
347 5563 413 5617 τὰ
439 5568 603 5639 χείρω
633 5570 901 5640 διεδέξατο
946 5576 1234 5649 μεταϐολή.
1268 5576 1486 5629 Ἀνθεσι
1511 5576 1569 5629 δὲ
1616 5577 1716 5629 αὐ-

167 5674 277 5811 m'l‘:
294 5674 434 5805 gssal.
474 5698 591 5753 vm,
662 5689 717 5747 2.
796 5693 839 5725 ⁸⁸
870 5690 1025 5748 Rom.
1064 5709 1139 5761 Ix,
1169 5694 1278 5749 6-8.
1382 5695 1425 5727 θ’
1451 5693 1606 5751 ιιοω.
1643 5670 1702 5761 1t,

1890 5698 1956 5752 I9.

1823 5226 1953 5283 tur;
2002 5237 2020 5269 ι
2055 5222 2149 5269 aut
2199 5232 2217 5264 ι
2254 5211 2358 5266 Pro
2397 5209 2644 5270 floribus,
2690 5230 2717 5259 ι.
2753 5213 2811 5260 ut
2856 5203 3253 5276 Symmachus;
3282 5208 3397 5265 aut,

1829 5329 1847 5361 ι
1884 5311 2060 5379 Super
2084 5306 2218 5371 lilia,
2258 5324 2277 5356 ι
2316 5312 2377 5357 ιιι
2414 5302 2630 5372 Aquila,
2664 5298 2963 5369 inscriptus
2993 5303 3098 5359 est,
3132 5295 3259 5366 quia
3297 5310 3398 5363 po-

1818 5402 1935 5470 puli
1961 5417 2030 5456 ex
2058 5396 2483 5454 circumcisione
2515 5392 2579 5447 ad
2608 5392 2795 5461 pejora
2836 5388 3190 5443 mutationem
3224 5385 3401 5441 conti-

1818 5500 1934 5557 net,
1986 5489 2078 5560 qui
2126 5502 2249 5541 cum
2303 5486 2435 5539 liliis
2489 5490 2543 5537 et
2586 5482 2815 5537 ﬂoribus
2863 5481 2992 5535 olim
3039 5478 3248 5535 similes
3295 5478 3396 5532 visi

1819 5580 2076 5641 fuissent,
2129 5577 2241 5646 jam
2286 5574 2355 5628 ad
2406 5574 2680 5630 deteriora
2734 5572 3100 5627 declinarunt.
3144 5568 3398 5624 Floribus

2061 5698 2107 5729 ⁷ο
2146 5698 2255 5751 Isa.
2291 5713 2344 5760 ν,
2379 5694 2431 5751 6.
2534 5696 2577 5727 ⁷⁸
2605 5691 2840 5766 Pliilipp.
2878 5709 2953 5756 ιιι,
2996 5691 3083 5745 15.
3163 5692 3205 5722 ⁷-³
3235 5687 3393 5743 Rom.
