3776 6284
341 321 442 377 725

1016 318 1287 375 EUSEBII
1325 303 1804 374 CJESARIENSIS
1842 313 1991 368 OPP.
2032 311 2212 366 PARS
2248 309 2334 366 Ill.
2366 341 2436 350 -—
2474 305 2881 362 EXEGEI‘ICA.
3464 300 3550 353 ιιι

339 443 524 491 autem
551 435 674 490 illos
717 434 888 492 Isaias
941 445 1225 506 comparat
1252 437 1478 492 dicens:
1516 454 1533 484 ί
1567 433 1756 490 Omnis
1782 446 1910 486 caro

2025 429 2138 490 τοὺς
2164 425 2498 498 παραϐάλλει
2526 426 2619 476 καὶ
2652 423 2680 474 6
2715 422 2939 482 Ἠσαίας
2965 419 3135 486 λέγων
3154 435 3169 452 ε
3209 436 3226 467 ι
3266 418 3415 470 Πᾶσα
3438 417 3552 488 σὰρξ

339 529 546 593 fenum,
577 533 632 580 et
663 527 840 582 omnis
869 527 1040 597 gloria
1074 526 1196 596 ejus
1227 527 1381 596 quasi
1418 526 1516 580 ﬂos
1548 524 1679 579 feni.
1719 523 1910 577 Exsic-

337 623 520 670 catum
549 625 636 671 est
686 616 892 680 fenum,
933 625 986 669 ct
1021 619 1119 670 flos
1159 615 1358 670 decidit
1386 616 1453 667 υ.
1499 635 1517 666 ι
1571 613 1736 679 Queis
1789 627 1914 682 spe-

336 707 548 763 ciosum
581 707 733 762 illum
755 707 823 761 ad
852 707 1012 761 breve
1038 713 1254 776 tempus
1279 705 1561 760 ﬂorentem
1589 717 1912 772 corporeum

335 795 647 852 Iudaeorum
680 797 886 851 cultum
926 796 1054 850 feno
1085 805 1139 851 et
1167 796 1393 852 ﬂoribus
1426 794 1656 850 confert.
1687 791 1746 846 In
1772 808 1912 863 pra:-

338 892 480 947 senti
512 906 730 970 quoque
759 889 934 944 ﬂoridi
966 905 1154 944 eorum
1192 897 1366 944 status
1391 889 1456 942 ad
1483 888 1755 942 deteriora
1788 902 1912 940 mu-

337 983 600 1038 lationem
637 989 691 1036 et
721 981 1135 1036 conversionem
1167 979 1406 1034 declarat
1448 979 1501 1032 in
1536 976 1910 1047 sequentibus,

337 1076 432 1144 ubi
473 1075 720 1130 dicitur:
751 1092 768 1124 ί
807 1071 926 1126 Fiat
958 1088 1144 1129 mensa
1200 1086 1388 1126 eorum
1441 1085 1625 1124 coram
1677 1069 1811 1140 ipsis
1857 1069 1912 1123 in

338 1166 632 1236 laqueum,
683 1170 738 1217 et
792 1162 848 1216 in
895 1161 1308 1217 retributionem
1361 1167 1416 1214 et
1460 1160 1514 1214 in
1569 1160 1910 1216 scandalum.

337 1255 714 1312 Obscurentur
742 1254 886 1308 oculi
930 1269 1143 1316 eorum,
1196 1268 1266 1307 ne
1317 1252 1559 1320 videant,
1616 1270 1635 1303 ι
1691 1259 1796 1306 etc.
1851 1250 1914 1303 Et

337 1345 466 1414 quia
499 1344 680 1415 longis
711 1351 898 1414 postea
921 1343 1259 1413 temporibus
1298 1342 1414 1397 hasc
1443 1349 1705 1397 eventura
1730 1347 1909 1402 erant,

340 1431 680 1496 necessario,
724 1449 740 1480 ι
775 1429 833 1484 in
875 1431 1061 1504 tinem,
1105 1447 1124 1480 ι
1160 1427 1485 1498 inscriptum
1533 1435 1636 1483 est.
1675 1426 1740 1480 Et
1785 1441 1913 1480 vero

339 1537 518 1592 neque
556 1522 823 1592 psalmus,
863 1535 1041 1590 neque
1083 1520 1379 1583 canticum,
1430 1534 1608 1589 neque
1656 1517 1910 1588 hymnus,

343 1627 518 1682 neque
541 1611 673 1682 quid
703 1610 883 1666 simile
912 1618 997 1664 est
1025 1628 1038 1663 :
1071 1609 1199 1680 quia
1249 1624 1313 1664 ea
1356 1624 1477 1678 qua:
1503 1609 1916 1678 subsequuntur

341 1719 451 1759 non
501 1711 869 1759 consentanea
899 1701 992 1756 tali
1045 1701 1204 1756 titulo
1255 1709 1430 1757 erant.
1483 1699 1666 1767 Quare
1709 1703 1915 1758 dixeris

2019 522 2227 594 χόρτος,
2258 520 2350 573 καὶ
2376 520 2525 571 πᾶσα
2556 516 2681 580 δόξα
2713 515 2883 585 αὐτῆς
2910 513 2984 576 ώς
3025 510 3182 574 ἄνθος
3208 510 3398 580 χόρτου
3416 529 3428 540 ·
3453 510 3556 580 ἐξη-

2023 614 2190 687 ράνθη
2223 615 2250 666 ὁ
2292 612 2505 683 χόρτος,
2538 609 2721 662 καὶτὸ
2762 605 2919 669 ἄνθος
2946 604 3171 671 ἐξέπεσε
3196 620 3209 633 ο
3249 622 3267 653 ι
3320 602 3382 654 δι’
3406 595 3471 654 ὧν
3507 603 3556 655 :6

2018 709 2154 779 πρὸς
2194 705 2399 777 βραχύν
2427 721 2546 756 τινα
2587 701 2775 772 χρόνον
2808 697 3042 768 ἀνθῆσαν
3072 695 3166 749 καὶ
3199 695 3396 766 ὡραῖον
3421 695 3558 762 ἁφθὲν

2017 802 2115 871 τῆς
2143 797 2460 869 σωματικῆς
2495 795 2763 848 Ἰουδαίων
2805 789 3098 862 θρησκείας
3141 788 3320 860 χόρτῳ
3357 786 3446 839 καὶ
3481 787 3559 853 ἄν·

2019 890 2167 943 θεσιν
2213 887 2519 950 ἀπεικάζει.
2557 885 2665 938 Καὶ
2708 883 2796 936 διὰ
2836 881 2944 934 τῶν
2987 879 3364 950 προκειμένων
3406 878 3558 931 τοίνυν

2017 986 2114 1056 τὴν
2144 985 2426 1040 ἀλλοίωσιν
2458 983 2550 1035 καὶ
2581 982 2680 1051 τὴν
2715 979 2805 1032 ἐπὶ
2845 978 2906 1031 τὸ
2933 979 3110 1048 χεῖρον
3163 972 3453 1045 μεταϐολὴν
3478 973 3562 1042 τῆς

2018 1077 2185 1147 ἄνθης
2214 1076 2330 1147 (sic)
2376 1074 2553 1129 αὐτῶν
2599 1072 2892 1142 παρίστησι
2936 1068 3138 1141 προῖὼν
3167 1069 3194 1120 6
3221 1067 3378 1134 λόγος
3417 1068 3467 1118 ἐν
3496 1061 3561 1128 οἷς

2019 1185 2151 1238 φησι
2174 1186 2188 1214 °.
2228 1187 2245 1218 ι
2281 1165 2567 1236 Γενηθήτω
2600 1166 2633 1234 ἡ
2659 1161 2905 1232 τράπεζα
2946 1160 3124 1214 αὐτῶν
3157 1156 3386 1212 ἐνώπιον
3412 1155 3562 1209 αὐτῶν
3615 1158 3620 1164 ”

2019 1246 2098 1324 εἰς
2128 1258 2331 1328 παγίδα
2372 1256 2466 1310 καὶ
2500 1256 2579 1318 είς
2623 1252 2974 1308 ἀνταπόδοσιν
3014 1251 3107 1304 καὶ
3155 1252 3236 1312 εἰς
3281 1246 3560 1301 σκάνδαλον.

2019 1350 2464 1420 Σκοτισθήτωσαν
2491 1350 2541 1402 οἱ
2566 1345 2834 1416 ὀφθαλμοὶ
2859 1343 3036 1398 αὐτῶν
3060 1342 3153 1394 τοῦ
3188 1340 3264 1411 μὴ
3303 1339 3519 1409 βλέπειν,
3545 1358 3559 1389 υ

2018 1443 2113 1497 καὶ
2137 1442 2204 1496 τὰ
2227 1441 2374 1511 ἑξῆς.
2399 1441 2509 1495 Καὶ
2537 1437 2833 1509 ἐπειδήπερ
2869 1437 3097 1507 μακροῖς
3122 1432 3351 1501 ὕστερον
3383 1428 3566 1500 χρόνοις

2017 1535 2192 1590 ταῦτα
2222 1521 2287 1586 δι’
2317 1533 2491 1605 ἔργων
2523 1532 2720 1602 χωρεῖν
2747 1527 2986 1600 ἔμελλον,
3009 1524 3324 1593 ἀναγκαίως
3357 1539 3376 1574 t
3409 1521 3494 1584 Εἰς
3518 1522 3569 1573 :6

2019 1627 2170 1690 τέλος
2207 1645 2224 1677 ι
2262 1624 2700 1697 προγέγραπται.
2734 1619 2873 1673 Οὔτε
2918 1618 2976 1672 δὲ
3019 1616 3232 1688 ψαλμός
3266 1617 3432 1679 ἐστιν,
3466 1613 3568 1669 οὔτε

2019 1719 2146 1791 ᾠδὴ,
2181 1717 2304 1772 οὔτε
2347 1718 2534 1787 ὕμνος,
2557 1713 2680 1768 οὔτε
2722 1731 2774 1767 τι
2815 1710 3054 1766 τοιοῦτον
3077 1728 3091 1748 ε
3119 1709 3241 1762 ἐπεὶ
3289 1707 3423 1779 μηδὲ
3461 1722 3572 1760 κατ-

341 1797 682 1868 proplietiam
707 1811 831 1852 esse
864 1811 932 1850 ex
962 1809 1195 1866 persona
1227 1793 1534 1851 Servatoris
1556 1795 1734 1852 nostri
1763 1811 1919 1852 enar-

2025 1811 2222 1881 άλληλα
2248 1806 2316 1881 ἦν
2361 1809 2431 1862 τὰ
2463 1807 2822 1878 ἐπιλεγόμενα
2879 1803 3103 1874 τοιαύτῃ
3143 1801 3459 1874 προγραφῇ.
3497 1796 3573 1852 Διδ

341 1891 516 1945 rantis
560 1905 624 1944 ea
658 1904 780 1960 quae
818 1889 925 1945 sibi
960 1897 1149 1960 postea
1187 1889 1574 1959 contigerunt;
1605 1889 1917 1959 praedictio-

341 1996 574 2052 uemque
602 1997 792 2038 eorum
821 1997 942 2052 qua:
964 1980 1168 2038 Judmis
1196 1991 1319 2052 post
1353 1989 1536 2036 tantos
1567 1997 1737 2036 ausus
1768 1981 1918 2034 illata

341 2080 492 2129 sunt.
530 2073 758 2128 Orditur
795 2075 980 2146 itaque
1028 2074 1288 2129 Servator
1326 2074 1629 2129 orationem
1663 2074 1918 2131 cmittens

341 2165 410 2220 ad
455 2166 672 2224 Patrem
725 2168 811 2224 his
861 2168 1041 2223 verbis
1094 2187 1108 2222 :
1167 2185 1186 2216 ο
1231 2167 1449 2222 Salvum
1483 2182 1569 2222 me
1618 2166 1724 2230 fac,
1752 2165 1917 2230 Deus,

339 2258 602 2328 quoniam
673 2259 1018 2314 intraverunt
1088 2275 1242 2330 aqua:
1303 2274 1478 2329 usque
1545 2257 1614 2312 ad
1680 2259 1918 2312 animam

342 2366 540 2407 meam.
577 2368 596 2404 ι
645 2350 1020 2421 Videnturque
1057 2351 1188 2405 mihi
1227 2351 1294 2405 de
1323 2350 1592 2406 industria
1625 2351 1742 2404 haec
1791 2364 1914 2404 cum

343 2443 505 2498 dictis
534 2443 592 2498 in
625 2443 952 2514 praecedenti
987 2443 1201 2513 psalmo
1235 2442 1529 2512 conjuncta
1558 2457 1699 2497 esse.
1734 2441 1792 2496 In
1823 2441 1918 2495 illo

344 2550 580 2605 namque
631 2535 953 2611 dicebatur:
1004 2553 1022 2585 ‹
1083 2533 1226 2588 Dixit
1261 2533 1561 2588 Dominus:
1614 2532 1694 2586 Ex
1741 2532 1918 2588 Basan

341 2634 680 2690 convertam,
715 2613 1029 2682 convertam
1059 2642 1124 2680 ex
1151 2625 1424 2696 profundo
1467 2625 1637 2680 maris
1660 2625 1736 2691 7‘;
1794 2643 1813 2675 ι
1863 2624 1917 2678 in

343 2720 448 2774 hoc
475 2734 625 2784 vero,
655 2737 675 2771 ι
711 2718 842 2775 Veni
875 2719 931 2774 in
962 2719 1303 2774 altitudinem
1328 2719 1517 2783 maris,
1539 2727 1593 2774 et
1622 2726 1919 2790 tempestas

343 2812 603 2868 demersit
628 2827 734 2867 me.
772 2832 791 2864 ι
819 2812 1073 2883 Oportuit
1095 2813 1238 2868 enim
1258 2812 1476 2868 edoceri
1502 2828 1603 2867 nos
1630 2827 1738 2883 quo
1759 2821 1918 2882 pacto

344 2905 693 2963 descenderit
725 2907 985 2963 Dominus
1006 2909 1060 2962 in
1094 2908 1290 2972 Basan,
1317 2907 1461 2978 quod
1485 2915 1570 2962 est
1595 2907 1916 2978 ignominia,

341 3007 398 3054 et
427 2999 702 3071 quomodo
731 3000 947 3064 dixerit,
984 3020 1002 3051 ‹
1037 2999 1364 3055 Gonvertam
1397 3015 1464 3055 ex
1504 2999 1776 3070 profundo
1804 3014 1921 3053 ma-

343 3093 443 3148 ris.
493 3113 512 3145 ι
561 3091 742 3160 Quare
790 3093 907 3147 haec
957 3093 1074 3163 ipsa
1126 3092 1181 3146 in
1215 3091 1471 3161 praesenti
1520 3091 1803 3146 declarat:
1851 3089 1919 3146 de

343 3185 640 3256 ignominia
686 3185 907 3256 quidem
943 3185 998 3241 in
1031 3185 1406 3255 sequentibus,
1433 3184 1622 3239 dicens
1652 3203 1665 3237 :
1707 3203 1725 3234 ‹
1768 3182 1918 3248 Quo-
1946 3169 1987 3225 (ἶ

344 3278 492 3331 niam
518 3286 740 3347 propter
767 3285 820 3331 te
866 3278 1106 3334 sustinui
1133 3278 1509 3348 opprobrium,
1542 3277 1758 3346 operuit
1785 3290 1919 3330 con-

348 3366 492 3420 fusio
518 3355 710 3421 faciem
749 3382 966 3433 meam;
1009 3384 1028 3417 ι
1065 3381 1129 3421 ac
1150 3381 1344 3421 rursus
1371 3385 1385 3421 :
1415 3385 1433 3418 ι
1471 3365 1553 3419 Tu
1581 3366 1689 3422 scis
1716 3366 1921 3436 impro-

346 3458 558 3528 periuui
583 3473 764 3512 meum
795 3465 848 3513 et
875 3457 1256 3513 confusionem
1281 3473 1456 3513 meam
1483 3466 1536 3514 et
1561 3458 1920 3513 reverentiam

347 3566 545 3605 meam.
578 3571 596 3603 ι
635 3549 709 3606 De
735 3551 1006 3621 profundo
1037 3558 1218 3606 autem
1246 3552 1415 3612 maris
1447 3551 1604 3616 illud,
1635 3570 1655 3603 ι
1701 3549 1922 3611 Salvum

347 3655 436 3695 me.
469 3640 577 3705 fac,
608 3639 773 3706 Deus,
801 3643 1058 3713 quoniam
1093 3643 1436 3698 intraverunt
1471 3657 1625 3713 aqua:
1640 3658 1814 3713 usque
1855 3640 1923 3696 ad

347 3732 588 3788 animam
619 3749 818 3790 meam.
858 3733 1065 3790 Infixus
1100 3751 1222 3790 sum
1275 3735 1330 3790 in
1379 3736 1511 3790 limo
1558 3731 1836 3805 profundi,
1870 3738 1925 3788 et

349 3839 460 3880 non
483 3834 568 3882 est
607 3827 936 3884 substantia.
970 3827 1106 3884 Veni
1157 3829 1212 3883 in
1261 3827 1606 3882 altitudinem
1646 3825 1836 3890 maris,
1871 3832 1926 3879 et

346 3925 644 3988 tempestas
682 3903 942 3974 demersit
968 3933 1076 3974 me.
1126 3937 1144 3969 ι
1189 3916 1316 3971 Haec
1343 3918 1486 3972 enim
1526 3931 1776 3986 magnam
1812 3900 1927 3968 alli-

347 4010 575 4066 nitatem
609 4010 847 4065 habeant
878 4025 1002 4066 cum
1029 4011 1096 4086 iis
1119 4025 1240 4079 quae
1268 4013 1323 4064 in
1365 4008 1690 4080 praecedenti
1716 4008 1928 4078 psalmo

350 4099 496 4156 dicta
531 4111 681 4165 sunt,
733 4118 929 4172 nempe
974 4103 1029 4156 in
1079 4103 1212 4156 illo:
1251 4121 1270 4153 ι
1311 4100 1457 4156 Dixit
1495 4101 1795 4155 Dominus:
1850 4098 1928 4154 Ex

349 4195 529 4250 Basan
560 4204 899 4273 convertam,
933 4203 1244 4250 convertam
1277 4211 1344 4251 ex
1369 4194 1638 4266 profundo
1681 4194 1869 4247 maris.
1903 4211 1922 4244 ι

349 4284 489 4354 Quia
536 4287 593 4341 in
626 4287 720 4343 illo
769 4289 886 4358 ipse
934 4287 1197 4342 Dominus
1252 4289 1333 4342 sic
1383 4287 1639 4352 dicebat;
1680 4292 1735 4340 et
1782 4299 1929 4340 nunc

350 4379 832 4451 quoqueeumdem
880 4380 1057 4452 ipsum
1102 4395 1224 4435 esse
1264 4379 1355 4450 qui
1395 4379 1510 4434 haec
1539 4377 1774 4448 loquitur
1815 4377 1929 4433 exi-

353 4469 707 4525 stimandum.

425 4672 546 4746 Ipse
572 4674 740 4748 igitur
775 4689 936 4746 quem
963 4689 1072 4736 non
1122 4675 1289 4731 alium
1321 4690 1443 4739 esse
1489 4689 1651 4745 quam
1677 4673 1771 4729 Dei
1799 4673 1929 4730 Ver-

354 4767 484 4824 bum
516 4769 770 4842 superius
807 4765 1323 4843 demonstravimus,
1363 4768 1667 4830 orationem
1700 4766 1929 4823 effundit

354 4860 424 4916 ad
452 4859 690 4936 Patrem,
720 4858 958 4915 hominis
986 4874 1150 4930 quem
1181 4859 1479 4930 assumpsit
1511 4860 1786 4935 cruciatus
1821 4860 1928 4916 sibi

355 4952 617 5026 proprios
654 4958 937 5024 reputans,
979 4966 1150 5024 quare
1201 4952 1315 5006 ait:
1356 4971 1374 5004 ‹
1413 4950 1634 5005 Salvum
1686 4969 1771 5008 me
1820 4951 1925 5017 fac,

356 5042 523 5108 Deus,
554 5043 813 5113 quoniam
844 5026 1188 5117 intraverunt
1218 5059 1371 5116 aquae
1400 5060 1576 5114 usque
1596 5045 1663 5099 ad
1693 5045 1931 5099 animam

357 5151 558 5212 meam.
605 5134 811 5190 Infixus
851 5151 971 5209 sum
1004 5135 1061 5190 in
1112 5137 1243 5192 limo
1282 5125 1563 5207 profundi,
1602 5146 1656 5212 et
1692 5153 1800 5192 non
1847 5145 1932 5193 est

357 5211 682 5285 substantia.
713 5225 848 5294 Veni
879 5228 932 5282 in
959 5229 1299 5285 altitudinem
1331 5230 1522 5295 maris,
1554 5240 1608 5285 et
1635 5211 1930 5300 tempestas

359 5321 620 5398 demersit
646 5336 752 5377 me.
796 5341 814 5373 ι
847 5320 1169 5379 Praecedens
1192 5324 1377 5393 utique
1404 5323 1646 5394 psalmus
1671 5323 1757 5378 his
1783 5337 1932 5377 com-

359 5412 637 5483 pellabat:
674 5432 692 5465 ι
731 5414 839 5468 lter
860 5413 1024 5469 facite
1069 5414 1118 5469 ei
1172 5414 1267 5484 qui
1297 5411 1544 5488 ascendit
1581 5429 1744 5484 super
1775 5428 1933 5490 occa-

342 5506 504 5577 "sum,
545 5502 808 5580 Dominus
855 5521 1052 5560 nomen
1097 5507 1174 5560 illi
1196 5506 1262 5561 ⁷⁵.
1313 5525 1331 5556 ι
1368 5505 1573 5562 Deinde
1623 5519 1778 5580 suam
1808 5519 1930 5560 cum

432 5659 610 5717 “lsa.
636 5678 725 5728 ιιι,
756 5662 812 5727 6,
857 5665 908 5718 7.
982 5664 1028 5695 ⁷⁵
1067 5662 1211 5733 Psal.
1251 5677 1419 5731 uvu,
1459 5662 1549 5717 25.
1624 5662 1670 5693 ⁷⁸
1708 5660 1839 5733 ibid.
1879 5659 1934 5716 5.

2019 1903 2194 1966 εἴποις
2243 1903 2307 1956 ἂν
2358 1901 2695 1974 προφητείαν
2742 1901 2806 1951 ἐκ
2850 1896 3142 1969 προσώπου
3185 1893 3285 1946 τοῦ
3347 1893 3572 1962 Σωτῆρος

2019 1995 2174 2067 ήμῶν
2203 1993 2490 2059 διεξιόντος
2550 1992 2618 2045 τὰ
2651 1991 2780 2061 περὶ
2812 1989 2973 2043 αὑτὸν
3010 1985 3420 2058 συμϐεϐηκότα,
3466 2001 3574 2055 προ-

2018 2088 2363 2162 αναφώνησίν
2405 2106 2462 2142 τε
2507 2086 2616 2140 τῶν
2665 2086 2936 2148 Ἰουδαίοις
2955 2082 3296 2138 ἐπελθόντων
3350 2081 3477 2152 μετὰ
3519 2080 3574 2134 τὰ

2019 2181 2136 2234 κατ’
2172 2181 2367 2242 αὐτοὺς
2405 2176 2801 2248 τετολμημένα.
2839 2174 3167 2246 Ἀρχόμενος
3197 2171 3242 2224 δ’
3279 2166 3372 2225 οὖν
3417 2171 3443 2222 6
3478 2171 3574 2222 Σω-

2017 2275 2141 2347 τὴρ,
2167 2273 2334 2344 εὐχὴν
2360 2271 2672 2340 ἀναπέμπει
2698 2266 2834 2338 πρὸς
2865 2265 2955 2318 τὸν
2980 2263 3198 2335 Πατέρα
3216 2263 3395 2331 λέγων
3417 2279 3432 2292 ·
3458 2280 3474 2311 ι
3491 2259 3575 2312 ω·

2021 2370 2112 2424 σόν
2168 2385 2255 2438 με,
2305 2369 2333 2418 6
2386 2363 2540 2427 Θεὸς,
2589 2362 2670 2415 ὅτι
2719 2357 3035 2429 εἰσήλθοσαν
3088 2355 3258 2409 ὕδατα
3290 2355 3395 2416 ἕως
3423 2353 3576 2422 ψυχῆς

2023 2477 2144 2532 μου.
2187 2477 2206 2510 ι
2242 2456 2352 2510 Καί
2397 2472 2485 2526 μοι
2524 2454 2669 2506 δοκεῖ
2708 2448 2851 2503 κατὰ
2882 2448 3036 2516 λόγον
3077 2444 3250 2499 ταῦτα
3291 2447 3406 2506 τοῖς
3435 2444 3486 2495 ἐν
3511 2441 3576 2512 τῷ

2019 2549 2372 2624 προλεχθέντι
2403 2545 2675 2615 συνῆφθαι
2721 2541 2939 2612 ψαλμῷ.
2985 2542 3072 2594 Ἐν
3115 2538 3314 2608 ἐκείνῳ
3359 2537 3453 2608 μὲν
3487 2534 3577 2605 γὰρ

2017 2641 2234 2709 ἐλέγετο
2255 2654 2268 2668 ³
2309 2659 2326 2689 ι
2359 2634 2494 2690 Εἷπε
2529 2633 2732 2704 Κύριος
2753 2648 2767 2661 ·
2804 2631 2898 2683 Ἐκ
2927 2629 3105 2682 Βασὰν
3131 2626 3464 2698 ἐπιστρέψω,
3488 2626 3578 2676 ἐπι·

2029 2733 2245 2806 στρέψω
2287 2731 2351 2784 ἐκ
2398 2728 2575 2800 βυθῶν
2607 2727 2912 2797 θαλάσσης·
2948 2742 2966 2775 ι
3004 2724 3060 2774 ἐν
3093 2720 3271 2791 τούτῳ
3301 2720 3381 2781 δὲ,
3419 2737 3436 2768 ι
3463 2711 3578 2769 ’Ἦλ-

2018 2825 2108 2878 θον
2139 2824 2218 2886 sic;
2266 2821 2335 2875 τά
2370 2819 2506 2891 βάθη
2552 2819 2651 2889 τῆς
2684 2817 2978 2886 θαλάσσης,
3037 2813 3133 2865 καὶ
3175 2809 3433 2878 καταιγὶς
3468 2822 3578 2860 κατ-

2017 2914 2264 2970 επόντισέ
2310 2908 2397 2984 με.
2432 2931 2450 2963 ι
2488 2910 2635 2963 Ἔδει
2681 2908 2790 2978 γὰρ
2822 2908 2967 2977 ἡμᾶς
2993 2903 3311 2974 διδαχθῆναι
3359 2898 3472 2963 πῶς
3513 2899 3578 2959 είς

2017 3007 2114 3078 τὴν
2143 3004 2322 3058 Βασὰν
2354 3000 2620 3071 κατῆλθεν
2659 3001 2688 3052 6
2733 2997 2956 3069 Κύριος,
2993 2995 3129 3064 ὅπερ
3162 2993 3313 3046 ἐστὶν
3352 2987 3576 3058 αἰσχύνη,

2021 3103 2114 3156 καὶ
2136 3100 2252 3164 πῶς
2280 3098 2484 3166 ἔλεγεν,
2517 3113 2535 3147 ι
2574 3095 2761 3147 Ἐπιστ
2775 3092 2921 3165 ρέψω
2953 3091 3016 3143 ἐκ
3043 3087 3220 3160 βυθῶν
3253 3086 3535 3156 θαλάσσης.
3557 3102 3573 3134 ι

2020 3194 2110 3248 Διὸ
2143 3193 2206 3264 δὴ
2234 3191 2405 3245 ταῦτα
2437 3187 2576 3241 αὐτὰ
2600 3186 2690 3240 διὰ
2717 3186 2827 3254 τῶν
2855 3180 3230 3255 προκειμένων
3269 3179 3575 3252 παρίστησι·

2020 3285 2149 3358 περὶ
2183 3284 2282 3355 μὲν
2324 3281 2425 3352 τῆς
2457 3279 2718 3349 αἰσχύνης
2761 3273 2966 3347 προῖὼν
3013 3273 3108 3326 καὶ
3154 3270 3334 3338 λέγων
3358 3287 3372 3300 ·
3421 3287 3439 3320 ι
3477 3267 3579 3358 ’θτι

2021 3357 2183 3431 ἕνεκα
2231 3373 2328 3430 σοῦ
2374 3375 2658 3445 ὑπήνεγκα
2701 3367 3022 3437 ὀνειδισμὸν,
3057 3364 3328 3434 ἐκάλυψεν
3372 3357 3579 3432 ἐντροπὴ

2022 3471 2083 3524 τὸ
2108 3467 2399 3542 πρόσωπόν
2439 3483 2540 3537 μου
2568 3482 2584 3496 ο
2622 3484 2640 3516 ι
2685 3463 2778 3516 καὶ
2822 3458 3012 3524 αὖθιςο
3046 3478 3064 3510 ι
3091 3459 3164 3511 Σὺ
3197 3456 3481 3526 γινώσκεις
3505 3453 3580 3505 τὸν

2023 3562 2324 3633 ὁνειδισμόν
2358 3578 2458 3632 μου
2484 3559 2578 3612 καὶ
2604 3557 2702 3628 τὴν
2736 3552 2995 3624 αἰσχύνην
3035 3569 3136 3624 μου
3163 3551 3259 3604 καὶ
3295 3549 3395 3620 τὴν
3421 3550 3582 3617 impo-

2025 3658 2134 3728 πήν
2189 3660 2333 3727 μου”·
2377 3675 2396 3707 ι
2454 3652 2582 3724 περὶ
2630 3651 2687 3704 δὲ
2731 3648 2827 3703 τοῦ
2874 3647 3036 3720 βυθοῦ
3073 3645 3172 3714 τῆς
3206 3642 3479 3713 θαλάσσης
3510 3638 3577 3701 τὸ,

2031 3767 2050 3800 ι
2086 3745 2266 3802 Σῶσόν
2293 3764 2380 3819 με,
2408 3747 2436 3800 6
2460 3743 2611 3808 Θεὸς,
2639 3743 2717 3796 ὅτι
2745 3740 3063 3812 είσήλθοσαν
3094 3735 3262 3789 ὓδατα
3295 3733 3401 3797 ἕως
3423 3731 3580 3801 ψυχῆς

2030 3857 2152 3911 μου,
2172 3837 2568 3911 Ἐνεπάγηνείς
2596 3833 2728 3904 ὕλην
2755 3832 2831 3902 (1)
2848 3829 3033 3902 βυθοῦ,
3064 3829 3158 3883 καὶ
3185 3828 3286 3880 οὐκ
3308 3826 3453 3878 ἐστιν
3467 3819 3582 3876 ὑπό-

2030 3911 2236 3996 στασις.
2272 3927 2473 3984 Ἦλθον
2505 3930 2585 3992 είς
2610 3921 2698 3980 τά
2720 3924 2857 3997 βάθη
2890 3923 2989 3993 τῆς
3013 3922 3310 3992 θαλάσσης,
3336 3918 3428 3971 καὶ
3468 3932 3581 3970 κατ-

2028 4026 2174 4094 αιγὶς
2201 4020 2553 4097 κατεπόντισέ
2614 4036 2701 4089 με.
2750 4037 2770 4086 ι,
2807 4016 2991 4088 Ταῦτα
3025 4014 3133 4086 γὰρ
3193 4013 3450 4081 πλείστην
3485 4008 3581 4079 ἔχοι

2031 4099 2096 4170 ἂν
2126 4114 2445 4170 ἀκολουθίαν
2475 4111 2611 4183 πρὸς
2637 4109 2702 4164 τὰ
2745 4109 2802 4161 ἐν
2830 4106 2908 4178 τῷ
2938 4105 3044 4178 πρὸ
3071 4104 3264 4164 τούτου
3290 4099 3485 4173 ψαλμῷ
3509 4098 3580 4150 λε-

2029 4183 2294 4278 λεγμένω
2328 4206 2386 4258 έν
2415 4203 2512 4281 τῷ,
2536 4203 2568 4254 ἰ
2602 4196 2770 4254 Εἶπεν
2808 4201 2836 4253 6
2860 4198 3063 4269 Κύριος
3083 4211 3096 4225 °
3137 4196 3232 4247 Ἐκ
3264 4191 3442 4245 Βασὰν
3479 4192 3581 4281 ἐπι-

2033 4300 2268 4372 στρέψω,
2305 4278 2618 4368 ἐπιστρέψω
2664 4295 2729 4346 ἐκ
2777 4289 2952 4361 βυθῶν
2983 4287 3282 4356 θαλάσσης.
3320 4305 3338 4337 ι
3384 4278 3578 4349 Ἐπειδὴ

2031 4395 2089 4445 ἐν
2118 4391 2310 4461 ἐκείνῳ
2342 4387 2502 4450 αὐτὸς
2533 4382 2599 4458 ἦν
2627 4387 2655 4437 6
2677 4385 2879 4454 Κύριος
2923 4384 2951 4435 6
2987 4378 3158 4433 ταῦτα
3184 4378 3384 4446 λέγων·
3415 4375 3581 4427 ἔπειτα

1957 4506 2002 4560 D
2033 4483 2124 4537 καὶ
2155 4481 2251 4534 νῦν
2291 4479 2382 4552 τὸν
2411 4477 2570 4531 αὑτὸν
2599 4472 2738 4530 εἶναι
2769 4471 3022 4549 ἡγεῖσθαι,
3049 4469 3140 4522 τὸν
3174 4467 3246 4521 τὰ
3271 4464 3580 4540 προκείμενα

2031 4573 2314 4646 διεξιόντα.

2101 4686 2272 4749 Αὐτὸς
2299 4681 2605 4756 τοιγαροῦν,
2633 4681 2691 4737 ὃν
2729 4681 2837 4734 οὐδ’
2876 4680 3060 4749 ἕτερον
3096 4671 3234 4729 εἶναι
3264 4674 3298 4746 ἦ
3335 4669 3427 4726 τοῦ
3459 4663 3578 4720 Θεοῦ

2031 4773 2201 4842 Λόγον
2227 4771 2312 4826 διὰ
2348 4771 2453 4824 τῶν
2466 4759 2782 4842 ’ἔμπροσθεν
2813 4767 3255 4839 παρεστήσαμεν,
3285 4761 3442 4837 εὐχὴν
3467 4760 3579 4812 ἀνα-

2033 4865 2242 4936 πέμπει
2273 4861 2350 4934 τῷ
2377 4861 2570 4934 Πατρὶ,
2610 4859 3028 4930 ίδιοποιούμενος
3052 4858 3121 4911 τὰ
3151 4856 3273 4911 καθ’
3304 4849 3360 4908 οὗ
3389 4850 3579 4919 ἀνείλη·-

2035 4975 2132 5028 φεν
2163 4955 2449 5029 ἀνθρώπου
2480 4953 2624 5023 πάθη
2643 4971 2657 4984 υ
2692 4953 2772 5006 διό
2801 4968 2969 5022 φησι·
3007 4970 3024 5002 ι
3061 4949 3243 5002 Σῶσόν
3277 4964 3359 5019 με,
3387 4946 3414 5000 6
3441 4940 3574 5001 Θεὸς,

2033 5050 2113 5102 ὅτι
2145 5047 2462 5120 εἰσήλθοσαν
2491 5046 2656 5109 ὕδατα
2687 5046 2790 5120 ἕως
2816 5043 2993 5118 ψυχῆς
3024 5059 3144 5117 μου.
3188 5037 3481 5106 Ἐνεπάγην
3507 5031 3576 5120 εἰς

2035 5139 2165 5210 ὓλην
2195 5119 2378 5209 βυθοῦ,
2407 5137 2501 5190 καὶ⁸
2540 5136 2640 5212 οὐκ
2673 5136 2818 5188 ἔστιν
2853 5135 3167 5193 ὑπόστασις.
3194 5126 3390 5182 Ἦλθον
3417 5126 3492 5188 είς
3518 5119 3575 5172 τά

2038 5231 2175 5303 βάθη
2205 5230 2305 5301 ’τῆς
2338 5229 2632 5306 θαλάσσης,
2660 5227 2753 5281 καὶ
2791 5225 3041 5292 καταιγὶς
3074 5217 3418 5277 κατεπόντισέ
3449 5231 3526 5286 με.
3551 5229 3567 5262 ι

2047 5319 2105 5378 ’0
2139 5323 2235 5393 μὲν
2263 5313 2354 5376 οὖν
2385 5321 2490 5394 πρὸ
2524 5320 2713 5374 τούτου
2739 5317 2950 5395 ψαλμὸς
2983 5312 3314 5386 προσεφώνει
3339 5308 3568 5378 φάσκων·

2042 5433 2061 5465 ι
2111 5413 2488 5485 Ὀδοποιήσατε
2517 5412 2595 5483 τῷ
2631 5409 2979 5481 ἐπιϐεϐηκότι
3018 5408 3109 5460 ἐπὶ
3135 5403 3366 5476 δυσμῶν,
3391 5397 3571 5476 Κύριος

2037 5505 2206 5576 δνομα
2239 5505 2414 5576 αὐτῷ.
2455 5524 2474 5557 ,
2514 5500 2611 5558 εἶθ’
2645 5503 2771 5581 ἑξῆς
2802 5501 2900 5574 τὴν
2925 5501 3040 5572 ἃμα
3062 5495 3360 5572 ἀνθρώποις
3383 5491 3568 5570 διατριο

432 5751 718 5837 ςυὟλην.
756 5751 1024 5824 Interpres
1054 5752 1249 5824 legisse
1270 5752 1483 5810 videtur
1509 5752 1642 5820 ίλύν,
1677 5752 1824 5825 quod
1854 5747 2202 5807 verisimilius
2225 5755 2309 5808 est
2336 5757 2391 5804 et
2410 5746 2572 5812 nobis,
2589 5759 2805 5823 quoque
2836 5742 3009 5814 magis
3046 5742 3239 5812 placet.
3269 5738 3418 5794 Enn.
