3776 6284
369 316 469 372 ἾΞΠ

1051 313 1327 371 EUSEBII
1358 314 1839 377 CESARIENSIS
1874 313 2028 375 OPP.
2081 313 2265 371 PARS
2302 314 2391 377 Ill.
2431 344 2503 355 —
2541 313 2955 374 EXEGETICA.
3482 318 3563 375 728

365 446 540 503 usque
569 433 637 487 ad
669 432 908 489 animam
956 447 1159 499 meam,
1206 433 1441 505 abyssus
1486 434 1677 489 ultima
1705 437 1786 490 cir

2051 434 2251 498 κοιλίας
2274 434 2368 489 τοῦ
2393 434 2594 506 κήτους
2615 435 3028 511 ἀναγέγραπται
3052 434 3344 505 ηὐγμένος.
3374 433 3514 502 Λέγει
3529 437 3564 492 δ’

361 525 512 583 dedit
540 542 645 581 me.
673 524 851 581 Subiit
897 534 1063 596 caput
1108 542 1287 582 meum
1341 527 1409 582 ad
1456 526 1755 584 divisiones
1784 543 1940 582 mon-

363 617 519 683 tium,
559 617 815 674 descendi
847 618 900 672 in
931 625 1157 681 terram,
1199 618 1361 686 cujus
1398 630 1579 675 vectes
1610 630 1739 675 sunt
1769 620 1943 675 admi-

362 709 548 766 nicula
580 719 784 765 aeterna
805 710 870 763 ⁸⁸.
925 727 943 759 ι
978 707 1322 778 Quapropter
1357 712 1609 781 exemplo
1635 710 1786 766 Jonae
1814 727 1944 782 pro-

364 800 540 871 pheta:
571 816 706 857 usus
744 797 1003 855 Servator
1031 808 1116 855 est
1151 800 1218 854 ad
1253 816 1370 865 eos,
1400 802 1493 871 qui
1534 804 1747 873 signum
1786 804 1858 857 ab
1883 819 1943 859 se

362 892 639 961 petebant,
674 890 904 945 dicens:
963 907 982 941 ι
1031 889 1323 945 Generatio
1374 909 1540 962 prava
1591 901 1644 949 et
1696 894 1943 950 adultera

364 984 580 1053 signum
614 983 831 1052 quaerit,
859 990 913 1037 et
943 982 1158 1053 signum
1208 999 1320 1039 non
1351 985 1571 1040 dabitur
1616 986 1689 1050 ei,
1727 987 1836 1042 nisi
1875 989 1944 1042 si-

362 1090 530 1145 gnum
557 1071 710 1129 Jonas
744 1074 1040 1143 prophetae.
1079 1073 1231 1129 Sicut
1269 1078 1412 1131 enim
1461 1076 1562 1130 fuit
1615 1075 1783 1131 Jonas
1812 1094 1941 1148 pro-

363 1164 526 1237 pheta
550 1164 606 1217 in
630 1172 819 1218 ventre
847 1167 948 1219 ceti
978 1165 1157 1219 tribus
1173 1166 1366 1221 diebus
1385 1178 1440 1221 et
1463 1167 1634 1222 tribus
1657 1168 1940 1234 noctibus,

364 1255 446 1311 sic
472 1256 577 1310 erit
599 1265 652 1311 et
683 1256 854 1312 Filius
883 1256 1120 1312 hominis
1151 1256 1206 1311 in
1237 1258 1403 1314 corde
1429 1266 1590 1313 term
1621 1259 1800 1317 tribus
1828 1261 1944 1316 die-

364 1348 469 1407 bus
498 1357 552 1404 et
579 1349 757 1405 tribus
786 1350 1042 1404 noctibus
1059 1350 1123 1404 ”.
1160 1370 1179 1402 ι
1212 1350 1321 1406 Cor
1344 1358 1507 1406 terra:
1525 1361 1685 1407 vocat
1712 1354 1767 1409 id
1797 1353 1942 1423 quod

365 1438 454 1495 hic
486 1440 690 1495 dicitur
718 1441 1049 1511 profundum
1081 1443 1272 1507 maris,
1307 1442 1507 1499 inferni
1537 1444 1655 1499 loca
1692 1446 1944 1507 subindi-

363 1547 517 1593 cans.
548 1532 914 1600 Quamobrem
944 1534 1000 1588 in
1041 1531 1146 1588 Job
1174 1550 1395 1606 quoque
1439 1536 1660 1591 oracula
1711 1536 1945 1593 fundens

362 1624 484 1697 ipse
528 1624 790 1687 Dominus
820 1624 1024 1682 similia
1072 1624 1374 1685 declaravit
1404 1627 1639 1684 dicens:
1675 1647 1695 1681 ι
1736 1627 1945 1685 Venisti

363 1722 547 1775 autem
582 1718 649 1771 ad
701 1716 905 1775 fontem
949 1717 1138 1783 maris,
1187 1718 1247 1773 in
1297 1720 1547 1791 vestigiis
1577 1735 1708 1776 vero
1756 1721 1943 1793 abyssi

362 1805 751 1864 deambulasti.
782 1807 1123 1879 Aperiantur
1161 1808 1259 1864 tibi
1290 1810 1488 1865 timore
1515 1816 1686 1880 portae
1711 1812 1943 1867 mortis:

362 1902 575 1959 ostiarii
600 1903 801 1959 inferni
833 1903 1085 1959 videntes
1113 1911 1169 1960 te
1198 1906 1482 1961 conterriti
1504 1914 1635 1961 sunt
1656 1907 1722 1961 '°.
1767 1926 1786 1959 ι

2041 524 2135 582 οὗν
2156 527 2250 582 καὶ
2271 526 2434 590 αὑτός
2451 542 2466 558 ’
2495 543 2516 578 ι
2546 524 2848 598 Περιεχύθη
2877 542 2965 597 μοι
2989 520 3132 595 ὕδωρ
3150 524 3255 587 ἕως
3279 523 3565 595 ψυχῆςμω·

2042 619 2276 683 ἄϐυσσος
2302 618 2578 673 ἐκύκλωσέ
2608 634 2675 691 με
2698 618 2923 689 ἐσχάτη.
2950 617 3134 689 Ἔδυή
3164 616 3372 686 κεφαλή
3401 633 3489 686 μου
3506 619 3568 683 εἰς

2045 710 2279 783 σχισμάς
2310 711 2503 785 ὀρέων,
2533 711 2766 783 κατέϐην
2790 714 2871 775 εἰς
2898 711 3022 782 γῆν,
3051 705 3119 782 ἦς
3149 712 3197 764 οἱ
3230 708 3409 781 μοχλοί⁸
3434 710 3570 783 αὐτῆς

2043 803 2259 873 κάτοχοι
2317 801 2545 857 αἰώνιοι.
2589 821 2608 854 ι
2665 803 2865 873 Διόπερ
2918 800 2997 871 τῷ
3054 799 3446 871 παραδείγματι
3494 800 3569 857 τοῦ

2057 896 2208 950 Ἰωνᾶ
2244 896 2509 966 κέχρηται
2545 896 2575 948 ὁ
2608 894 2797 965 Σωτὴρ
2828 893 2964 964 πρὸς
3000 894 3125 956 τοὺς
3156 895 3474 962 αἰτήσαντας
3498 894 3572 946 αὖ.

2042 987 2134 1040 τὸν
2181 990 2424 1058 σημεῖον,
2474 984 2675 1039 εἰπών·
2709 1005 2729 1037 ι
2762 985 2929 1039 Γενεὰ
2972 984 3184 1056 πονηρὰ
3229 984 3326 1037 καὶ
3370 985 3574 1054 μοιχαλὶς

2044 1078 2267 1146 σημεῖον
2305 1074 2568 1145 ἐπιζητεῖ,
2604 1074 2698 1127 καὶ
2740 1078 2961 1146 σημεῖον
2988 1075 3049 1128 ού
3078 1073 3361 1145 δοθήσεται
3384 1075 3503 1145 αὐτῇ
3537 1076 3576 1129 εἰ

2045 1166 2122 1238 μὴ
2169 1167 2231 1221 τὸ
2276 1170 2501 1237 σημεῖον
2556 1168 2712 1221 Ἰωνᾶ
2764 1166 2859 1221 τοῦ
2907 1168 3208 1239 προφήτου.
3250 1167 3450 1238 ’Ὥσπερ
3492 1167 3578 1239 γὰρ

2042 1258 2260 1329 ἐγένετο
2300 1261 2480 1323 Ἰωνᾶς
2505 1262 2535 1313 ὁ
2574 1261 2859 1331 προφήτης
2889 1262 2947 1314 ἐν
2977 1262 3043 1331 τῇ
3077 1259 3256 1330 κοιλίᾳ
3297 1258 3390 1311 τοῦ
3414 1261 3578 1330 κήτους

2041 1354 2193 1423 τρεῖς
2223 1352 2439 1424 ἡμέρας
2470 1354 2564 1406 καὶ
2599 1357 2749 1425 τρεῖς
2789 1353 3009 1417 νύκτας,
3045 1352 3217 1417 οὕτως
3261 1352 3411 1405 ἔσται
3451 1354 3578 1405 καὶὸ

2045 1444 2173 1507 Υἰὸς
2204 1444 2298 1498 τοῦ
2324 1443 2612 1517 ἀνθρώπου
2636 1446 2695 1499 ἐν
2721 1447 2787 1516 τῇ
2819 1445 3015 1517 καρδίᾳ
3040 1446 3140 1516 τῆς
3179 1445 3287 1513 γῆς
3316 1448 3454 1515 τρεῖς
3476 1444 3572 1515 ἡμέ-

2049 1554 2148 1608 ρας
2184 1538 2279 1591 καὶ
2301 1540 2450 1611 τρεῖς
2490 1537 2710 1602 νύκτας.
2749 1556 2768 1591 ι
2806 1536 3048 1608 Καρδίαν
3070 1536 3128 1590 δέ
3153 1538 3259 1608 γῆς
3284 1535 3355 1590 τὰ
3389 1535 3583 1590 ἐνταῦθα

2044 1627 2310 1699 λεγόμενα
2341 1628 2481 1700 βάθη
2510 1628 2788 1699 θαλάσσης
2826 1628 3101 1699 ὀνομάζει,
3130 1629 3201 1682 τὰ
3229 1628 3331 1682 τοῦ
3360 1629 3476 1699 ᾆδον
3501 1647 3584 1699 χω-

2046 1720 2139 1792 ρία
2174 1720 2565 1791 αἰνιττόμενος.
2592 1719 2684 1772 Διδ
2716 1719 2813 1774 καὶ
2847 1723 2905 1774 ἐν
2935 1718 3015 1790 τῷ
3057 1717 3180 1774 Ἰὼϐ
3210 1720 3585 1794 χρηματίζωνό

2051 1811 2216 1875 αὐτὸς
2244 1811 2448 1884 Κύριος
2478 1812 2549 1866 τὰ
2584 1812 2746 1881 ὅμοια
2777 1812 3017 1884 παρίστη
3045 1810 3218 1881 λέγων
3237 1829 3251 1842 ι
3296 1830 3315 1863 ι
3339 1808 3522 1876 Ἧλθες
3542 1814 3587 1866 δὲ

2057 1908 2150 1961 ἐπὶ
2178 1906 2360 1979 πηγὴν
2383 1906 2677 1977 θαλάσσης,
2705 1907 2763 1961 ἐν
2786 1906 2846 1959 δέ
2871 1905 3069 1977 ῐχνεσιν
3094 1904 3339 1963 ἀϐύσσου
3366 1906 3589 1977 περιεπά-

362 2012 554 2068 τησας.
583 1997 912 2066 ’Δνοίγονται
940 1997 999 2051 δέ
1032 2015 1116 2052 σοι
1150 1998 1300 2069 φόϐῳ
1328 1998 1494 2053 πύλαι
1521 2000 1770 2067 Θανάτου,
1808 2000 2049 2074 πυλωροὶ
2080 2000 2206 2072 ᾆδου
2231 2000 2427 2063 ἰδόντες
2451 2015 2512 2052 σε
2545 1997 2837 2069 ἔπτηξαν.»

439 2111 600 2170 Vides
634 2123 814 2169 autem
848 2115 1124 2185 quomodo
1170 2116 1262 2171 hic
1316 2133 1535 2189 quoque
1566 2134 1692 2173 cum
1738 2118 1942 2175 fontem
1978 2129 2019 2183 Β

363 2204 534 2259 maris
588 2206 959 2270 nominasset,
1015 2214 1070 2262 et
1127 2206 1461 2277 adjecisset,
1517 2228 1536 2260 ‹
1593 2211 1650 2265 1η
1699 2210 1941 2281 vestigiis

365 2295 550 2366 abyssi
580 2297 892 2364 ambulasti,
930 2318 949 2350 ι
985 2297 1226 2354 declaret
1258 2300 1388 2369 quid
1418 2302 1489 2357 sit
1523 2301 1776 2372 abyssus,
1811 2301 1943 2372 quid

363 2400 535 2448 mare,
568 2386 905 2455 subjiciens:
954 2405 973 2439 ι
1015 2386 1351 2456 Aperiuntnr
1380 2396 1560 2443 autem
1616 2390 1716 2445 tibi
1747 2391 1944 2446 timore

364 2484 536 2548 portae
569 2478 781 2541 mortis,
810 2478 1022 2535 ostiarii
1055 2493 1187 2533 vero
1226 2479 1424 2534 inferni
1456 2480 1701 2536 videntes
1732 2490 1785 2536 te
1814 2497 1944 2535 con—

365 2569 546 2625 territi
577 2578 725 2626 sunt.
770 2591 787 2622 l
848 2569 949 2625 Hic
985 2571 1153 2641 igitur
1180 2571 1346 2626 etiam
1395 2572 1726 2643 profundum
1774 2575 1943 2630 maris

368 2664 563 2720 mortis
595 2665 846 2734 regiones
879 2662 1190 2728 adumbrat,
1234 2679 1345 2734 quo
1380 2664 1721 2721 descendens
1752 2665 1942 2720 Salva-

324 2786 327 2789 λ
367 2764 454 2810 tor
492 2761 555 2809 eo
598 2753 860 2817 Dominus
913 2760 1123 2817 noster,
1163 2755 1315 2810 solus
1348 2756 1474 2811 inde
1523 2772 1808 2827 regressus
1838 2767 1939 2813 est.

366 2843 547 2914 Quare
597 2847 652 2901 in
700 2847 1028 2918 praecedenti
1076 2863 1297 2919 quoque
1351 2851 1566 2920 psalmo
1609 2850 1939 2906 dicebatur:

372 2958 390 2989 ς
427 2936 493 2992 Ει
521 2936 733 2995 Domini
765 2939 978 2995 Domini
1009 2943 1189 2999 exitus
1213 2943 1405 2998 mortis
1428 2944 1511 3009 ";
1547 2963 1565 2994 ι
1596 2958 1659 2998 ac
1688 2958 1941 2999 rursum:

372 3049 392 3080 ε
430 3029 577 3086 Dixit
605 3031 868 3089 Dominus
900 3051 913 3088 :
941 3031 1023 3087 Ex
1052 3033 1230 3089 Basan
1256 3043 1592 3102 convertam,
1629 3041 1941 3091 convertam

344 3136 431 3179 ex
477 3122 747 3194 profundo
778 3126 1035 3180 maris”.
1075 3146 1093 3178 ι
1142 3125 1247 3181 Pro
1274 3128 1368 3182 illo
1393 3135 1595 3192 autem,
1640 3145 1659 3179 ‹
1713 3129 1779 3181 Et
1814 3134 1947 3181 tem-

367 3222 549 3284 pestas
599 3214 860 3272 demersit
910 3232 1016 3283 me,
1079 3237 1100 3270 ι
1153 3218 1370 3289 Aquila,
1428 3237 1446 3271 ι
1503 3219 1570 3272 Et
1618 3218 1944 3289 proﬂuvium

368 3307 653 3363 inundavit
680 3324 797 3375 me;
822 3328 841 3360 ι
865 3308 1225 3381 Symmachus
1245 3294 1397 3376 vero,
1431 3330 1449 3363 ‹
1474 3311 1536 3366 Et
1564 3314 1762 3367 lluctus
1788 3312 1945 3367 inun-

366 3398 517 3461 davit
563 3414 672 3465 me,
724 3419 743 3453 ι
788 3403 1129 3473 interpretati
1164 3411 1316 3460 sunt.
1357 3402 1493 3458 Nam
1536 3404 1832 3459 verisimile
1859 3411 1945 3459 est

2128 2120 2291 2191 Ὁρᾷς
2316 2120 2424 2191 γὰρ
2469 2120 2617 2182 ὅπως
2657 2118 2752 2172 καὶ
2784 2120 2842 2171 ἐν
2879 2118 3089 2182 τούτοις
3131 2117 3320 2189 πηγὴν
3355 2116 3591 2187 θαλασσης

2047 2210 2342 2282 ὀνομάσας,
2373 2210 2467 2263 καὶ
2499 2208 2753 2282 προσθεὶς
2778 2210 2861 2272 τὸ,
2895 2228 2914 2261 ι
2964 2210 3054 2262 Ἐν
3079 2209 3137 2263 δὲ
3165 2209 3370 2280 ἴχνεσιν
3393 2207 3591 2262 ἀδύσσου

2047 2301 2474 2372 περιεπάτησας,
2512 2319 2530 2352 ι
2564 2300 2660 2372 τὴν
2693 2300 2928 2355 ἄϐυσσον
2962 2302 3055 2354 καὶ
3082 2300 3180 2371 τὴν
3209 2299 3479 2353 θάλασσαν
3498 2299 3594 2353 τίνα

2046 2394 2162 2446 ἐστὶ
2207 2393 2464 2461 διασαφεῖ
2499 2391 2766 2462 ἐπιλέγων
2790 2408 2804 2422 ·
2841 2412 2861 2444 ‹
2906 2391 3236 2460 Ἀνοίγονται
3278 2391 3337 2445 δέ
3367 2409 3443 2444 σοι
3473 2391 3594 2461 φόϐῳ

2046 2484 2207 2538 πύλαι
2232 2484 2484 2547 θανάτου,
2512 2483 2751 2555 πυλωροί
2772 2484 2828 2537 δὲ
2859 2483 2983 2555 ᾅδου
3015 2483 3211 2548 ἰδόντες
3242 2500 3305 2537 σε
3335 2483 3587 2554 ἐπτηξαν.ι

2046 2572 2255 2627 Οὐκοῦν
2284 2573 2376 2626 καὶ
2409 2573 2467 2625 ἐν
2491 2575 2606 2636 τοῖς
2636 2573 3020 2645 προκειμένοις
3035 2573 3110 2627 ,τὰ
3133 2573 3275 2644 βάθη
3307 2573 3404 2644 τῆς
3430 2571 3596 2625 θαλάσσ-

2048 2681 2147 2734 σης
2187 2664 2256 2719 τὰ
2295 2663 2389 2717 τοῦ
2437 2663 2669 2718 θανάτου
2713 2663 2887 2735 χωρία
2930 2663 3245 2727 αἰνίττεται,
3296 2662 3422 2718 ἔνθα
3468 2663 3596 2734 μόνος

2047 2754 2293 2819 καταϐὰς
2316 2757 2345 2808 ό
2368 2754 2557 2826 Σωτὴρ
2585 2755 2680 2809 καὶ
2705 2755 2909 2827 Κύριος
2930 2755 3086 2827 ὴμῶν
3111 2754 3413 2825 διεξῆλθεν.
3446 2754 3526 2808 Διὸ
3552 2755 3598 2807 ἐν

2044 2845 2122 2917 τῷ
2169 2845 2276 2917 πρὸ
2313 2844 2501 2898 τούτου
2539 2844 2741 2915 ψαλμῷ
2789 2844 3010 2913 ἐλέγετο
3034 2861 3047 2874 ο
3080 2854 3099 2895 t
3140 2844 3249 2897 Καὶ
3284 2843 3379 2896 τοῦ
3422 2841 3595 2912 Κυρίου

2046 2936 2251 3009 Κυρίου
2279 2938 2332 2989 αἱ
2363 2935 2583 3000 διέξοδοι
2614 2935 2708 2989 τοῦ
2743 2935 2971 2990 θανάτου
2998 2951 3012 2965 ’
3051 2954 3069 2986 ι
3097 2935 3189 2988 καί
3214 2934 3414 2988 πάλινσ
3450 2953 3466 2984 ι
3488 2929 3597 2985 Eia

2045 3026 2268 3099 Κύριος·
2287 3029 2381 3081 Ἐκ
2395 3028 2574 3082 Βασὰν
2592 3029 2923 3100 ἐπιστρέψω.
2943 3027 3255 3098 ἐπιστρέψω
3272 3030 3338 3080 ἐκ
3357 3026 3518 3098 βυθῶν
3531 3024 3601 3077 θα-

2045 3121 2300 3193 λάσσης.»
2321 3122 2464 3175 Ἀντί
2495 3121 2553 3175 δέ
2592 3120 2720 3179 τοῦ·
2774 3140 2791 3171 ι
2841 3121 2953 3175 Καὶ
2992 3121 3243 3189 καταιγίς
3277 3116 3599 3173 κατεπόντισέ

2050 3231 2137 3285 με,
2167 3233 2185 3266 ι
2218 3217 2247 3268 ὁ
2273 3215 2373 3285 μὲν
2389 3214 2636 3278 Ἀκύλας,
2669 3233 2688 3265 ι
2720 3214 2829 3267 Καὶ
2860 3213 2987 3284 ῥοῦς
3019 3213 3284 3266 ἐπέκλυσὲ
3316 3230 3383 3283 με
3411 3228 3422 3238 ο
3458 3230 3476 3263 ι
3510 3208 3600 3264 όδέ

2047 3306 2361 3377 Σύμμαχος,
2399 3325 2417 3357 ε
2445 3306 2556 3359 Καὶ
2584 3304 2795 3377 ῥεῖθρον
2817 3304 3081 3359 ἐπέκλυσε
3105 3321 3226 3375 ps,»
3267 3306 3598 3376 ἡρμήνευσεν.

2048 3400 2208 3464 Εἰκὸς
2254 3398 2363 3472 γὰρ
2411 3398 2539 3469 περὶ
2585 3397 2746 3452 αὐτὸν
2778 3396 3060 3466 γεγονέναι
3110 3397 3210 3462 τὰς
3249 3395 3602 3467 ἀντικειμένας

371 3489 718 3550 adversariae
762 3501 1064 3564 potestates
1124 3478 1180 3549 in
1239 3495 1475 3550 circuitu
1522 3496 1640 3565 ejus
1709 3503 1786 3550 ste

2053 3492 2328 3562 δυνάμεις,
2357 3493 2468 3557 ὅτε,
2497 3491 2690 3557 ἐπιϐὰς
2724 3495 2789 3563 τῇ
2827 3492 3090 3566 θαλάσσῃ,
3119 3492 3401 3566 συνέτριόε
3429 3493 3519 3556 τὰς
3538 3507 3605 3544 κε-

368 3582 591 3652 quando
622 3583 907 3656 ingressus
939 3601 1089 3642 mare
1139 3587 1406 3658 confregit
1436 3589 1614 3659 capita
1645 3588 1944 3644 draconum

372 3670 427 3724 in
460 3684 623 3743 aqua.
656 3671 923 3738 Quocirca
954 3674 1011 3732 in
1040 3677 1365 3746 praecedenti
1391 3680 1600 3748 psalmo
1626 3679 1943 3735 dicebatur:

374 3780 397 3814 ε
440 3759 508 3817 Et
542 3762 758 3822 Domini
809 3764 1023 3822 Domini
1061 3768 1242 3825 exitus
1293 3771 1505 3825 mortis.
1564 3769 1946 3826 Verumtamen

372 3851 514 3908 Deus
538 3853 846 3926 confringet
873 3857 1050 3927 capita
1070 3858 1418 3913 inimicorum
1442 3860 1747 3915 suorum".
1781 3879 1800 3911 ι
1827 3859 1948 3915 Non

369 3944 515 3999 enim
550 3945 657 3999 alio
705 3947 867 4001 modo
907 3949 1032 4004 illos
1069 3951 1262 4008 mortis
1302 3951 1483 4007 exitus
1533 3952 1943 4023 pertransisset,

294 4089 303 4099 ,
370 4035 479 4095 nisi
512 4035 874 4107 confregisset
923 4041 1101 4111 capita
1154 4042 1504 4098 inimicorum
1554 4059 1801 4107 suorum,
1852 4042 1948 4114 qui

373 4130 497 4183 istic
525 4135 704 4183 erant.
747 4128 903 4195 Quod
951 4131 998 4184 si
1028 4132 1153 4201 quis
1183 4132 1297 4188 lucc
1324 4150 1389 4189 eo
1433 4134 1640 4190 dixisse
1690 4132 1947 4189 Davidem

374 4228 548 4291 putet,
576 4221 723 4291 quod
751 4222 872 4293 ipse
901 4224 957 4278 in
984 4227 1184 4282 multas
1212 4228 1542 4283 tentationes
1570 4227 1826 4283 inciderit
1851 4267 1865 4291 ,
1900 4229 1947 4282 is

373 4314 677 4386 perpendat
699 4314 974 4385 quomodo
1011 4317 1225 4387 possint
1273 4319 1463 4374 isthaac
1493 4319 1685 4375 Davidi
1728 4334 1949 4390 compe-

371 4413 527 4463 tere:
563 4420 583 4463 ι
616 4405 894 4463 Dederunt
919 4408 972 4462 in
994 4424 1182 4465 escam
1213 4426 1386 4467 meam
1420 4410 1511 4476 fel,
1543 4419 1598 4467 et
1627 4412 1681 4465 in
1714 4410 1805 4465 siti
1829 4423 1949 4465 mea

372 4505 699 4568 putaverunt
745 4513 833 4555 me
872 4507 1078 4567 aceto;
1118 4519 1137 4553 ι
1197 4511 1291 4557 aut
1312 4503 1444 4557 illud
1471 4544 1485 4569 ,
1534 4523 1551 4555 ε
1589 4500 1709 4559 Fiat
1760 4518 1948 4557 mensa

370 4604 562 4646 eorum
591 4606 778 4661 coram
808 4593 945 4662 ipsis
970 4593 1031 4647 in
1060 4593 1337 4663 laqueum,
1378 4595 1509 4660 et,in
1558 4594 1948 4650 retributiones

369 4691 423 4739 et
452 4683 510 4747 in
540 4684 879 4742 scandalum.
918 4683 1299 4751 obscurentur
1343 4688 1486 4742 oculi
1521 4704 1710 4743 eorum
1762 4704 1830 4744 ne
1862 4687 1947 4742 vi-

369 4776 556 4840 deant,
587 4782 643 4841 et
669 4776 894 4832 dorsum
927 4792 1119 4833 eorum
1146 4792 1363 4848 semper
1392 4778 1640 4834 incurva.
1673 4799 1691 4832 ι
1722 4780 1951 4836 Caetera-

2057 3584 2231 3653 φαλὰς
2255 3583 2363 3637 τῶν
2389 3584 2698 3656 δρακόντων
2727 3585 2820 3636 ἐπὶ
2842 3582 2934 3636 τοῦ
2961 3583 3170 3648 ὓδατος.
3195 3585 3290 3637 Διὸ
3335 3584 3427 3638 καὶ
3451 3586 3505 3637 ἐν
3541 3581 3602 3651 τῷ

2054 3675 2161 3747 πρὸ
2199 3675 2389 3729 τούτου
2423 3676 2642 3745 ἐλέγετο
2669 3676 2868 3749 ψαλμῷ
2895 3695 2907 3706 ·
2945 3694 2965 3728 ‹
2996 3677 3107 3730 Καὶ
3137 3676 3231 3732 τοῦ
3270 3678 3476 3749 Κυρίου
3508 3677 3603 3728 Κυ-
3670 3673 3679 3681 ’

2056 3768 2172 3841 ρίου
2201 3770 2257 3823 αἱ
2282 3767 2503 3833 διέξοδοι
2540 3770 2633 3823 τοῦ
2660 3769 2908 3825 θανάτου.
2937 3768 3084 3839 Πλὴν
3108 3769 3137 3821 ό
3174 3769 3310 3832 Θεὸς
3351 3766 3603 3821 συνθλάςει

2054 3859 2294 3927 κεφαλὰς
2312 3859 2421 3912 τῶν
2444 3859 2652 3930 ἐχθρῶν
2676 3858 2864 3913 αὐτοῦ.
2914 3878 2936 3911 ι
2963 3859 3033 3912 0t
3063 3858 3172 3933 γὰρ
3200 3857 3267 3914 ἂν
3294 3857 3467 3919 ἄλλως
3487 3855 3604 3921 διεξ-

2055 3949 2300 4022 εληλύθει
2342 3950 2440 4015 τὰς
2468 3933 2730 4017 διεξόδους
2768 3950 2861 4004 τοῦ
2900 3949 3184 4023 θανάτουῆ
3213 3949 3508 4012 συνθλάσας
3525 3946 3604 4008 τὰς

2055 4041 2293 4111 κεφαλὰς
2316 4042 2425 4094 τῶν
2450 4041 2637 4095 αὐτόθι
2668 4041 2878 4114 ἐχθρῶν
2908 4040 3095 4096 αὐτοῦ.
3131 4040 3258 4094 Ἐὰν
3280 4040 3338 4093 δέ
3357 4058 3441 4103 τις
3460 4037 3605 4092 ταῦτα

2056 4130 2252 4207 νομίζῃ
2285 4132 2463 4199 λέγειν
2488 4132 2578 4186 τὸν
2613 4132 2775 4188 Δαυῒδ
2808 4132 2897 4187 διὰ
2931 4132 2993 4185 τὸ
3033 4131 3250 4195 πολλοῖς
3281 4145 3604 4204 περιπεπτω-

2055 4228 2208 4281 κέναι
2252 4229 2596 4299 πειρασμοῖς,
2643 4223 2992 4297 ἐπιστησάτω
3029 4224 3149 4287 πῶς
3182 4219 3294 4277 οἷόν
3340 4240 3399 4276 τε
3441 4218 3505 4297 ἦν
3542 4218 3605 4288 τῷ

2054 4320 2215 4375 Δαυῖδ
2248 4319 2512 4393 ἁρμόζειν
2544 4320 2603 4373 τὸ
2631 4318 2845 4387 λέγειν·
2889 4338 2906 4370 ι
2944 4317 3191 4371 Ἕδωκαν
3227 4319 3307 4381 εἰς
3347 4316 3407 4370 τὺ
3438 4311 3606 4386 βρῶμά

2060 4432 2160 4487 μου
2190 4413 2372 4486 χολὴν,
2402 4411 2495 4466 καὶ
2520 4413 2599 4475 εἰς
2619 4411 2719 4483 τὴν
2740 4410 2898 4481 δίψαν
2929 4426 3030 4481 μου
3059 4408 3315 4462 ἐπότισάν
3350 4425 3417 4479 με
3443 4407 3602 4473 δξος·ι

2055 4502 2196 4574 ἥτδ,
2235 4520 2254 4554 ε
2289 4500 2577 4572 Γενηθήτω
2610 4501 2643 4570 ἡ
2690 4496 2937 4571 τράπεζα
2967 4496 3148 4551 αὐτῶν
3184 4496 3414 4555 ἐνώπιον
3452 4493 3605 4551 αὐτῶν

2057 4598 2137 4658 εἰς
2160 4595 2361 4664 παγίδα
2400 4594 2495 4648 καὶ
2523 4595 2602 4656 εἰς
2628 4592 3011 4656 ἀνταποδόσεις
3058 4590 3153 4643 καὶ
3192 4590 3273 4653 εἰς
3317 4587 3604 4642 σκάνδαλον.

2058 4686 2507 4756 Σκοτισθήτωσαν
2547 4687 2595 4738 οἰ
2623 4685 2893 4755 ὀφθαλμοὶ
2923 4683 3103 4737 αὐτῶν
3137 4681 3230 4735 τοῦ
3271 4681 3344 4754 μὴ
3393 4680 3604 4752 βλέπειν.

2058 4780 2152 4833 καὶ
2188 4779 2280 4832 τὸν
2312 4777 2481 4831 νῶτον
2511 4777 2687 4831 αὐτῶν
2724 4777 2810 4835 διὰ
2848 4777 3051 4840 παντὸς
3084 4774 3427 4847 σύγκαμψον.
3465 4792 3483 4824 ι
3516 4770 3606 4824 Καὶ

369 4882 478 4938 que
505 4866 594 4924 his
621 4868 822 4924 similia
850 4868 898 4924 si
925 4869 1052 4939 quis
1088 4868 1195 4924 sibi
1223 4869 1527 4938 collegerit,
1560 4869 1782 4927 Davidis

2051 4871 2122 4925 τὰ
2176 4871 2341 4924 λοιπὰ
2401 4870 2461 4923 δὲ
2512 4870 2722 4933 τούτοις
2767 4869 3127 4942 παραπλήσια
3180 4864 3495 4937 συναγαγών
3535 4878 3605 4924 τις

370 4973 522 5016 εοηω
550 4959 867 5016 nullatenus
903 4975 1205 5031 congruere
1245 4962 1634 5029 deprehendet.
1672 4963 1786 5021 lnte

2054 4963 2252 5034 ἐαυτῷ,
2283 4962 2434 5034 εὖροι
2466 4962 2532 5017 ἂν
2572 4962 2825 5035 οὐδαμῶς
2861 4949 3173 5034 ἆρμόξοντα
3213 4960 3293 5032 τῷ
3331 4957 3426 5012 τοῦ
3469 4951 3606 5011 Δαυῖδ

369 5050 567 5106 talioni
597 5064 778 5107 autem
815 5052 891 5105 illi
941 5052 1008 5107 de
1039 5050 1330 5107 Servatore
1377 5064 1567 5110 nostro
1603 5056 1786 5111 eviden

2055 5055 2351 5127 προσώπῳ.
2389 5052 2500 5125 Τὴν
2530 5054 2587 5108 δέ
2626 5071 2689 5123 γε
2721 5055 2815 5108 ἐπὶ
2858 5054 2949 5108 τὸν
2986 5053 3261 5125 ἡμέτερον
3290 5051 3507 5122 Σωτῆρα
3532 5049 3605 5118 ἐρ-

371 5143 706 5213 argumentis
736 5140 897 5197 ﬁdem
930 5143 1188 5198 conciliat
1218 5158 1500 5199 sacrorum
1534 5144 1786 5216 Evangeli

2058 5147 2284 5218 μηνείαν
2313 5144 2644 5199 πιστώσεται
2676 5148 2964 5217 σφραγῖσιν
2997 5144 3415 5216 ἀναμφιλέκτοις
3447 5143 3478 5211 ή
3516 5137 3604 5191 τῶν

373 5233 767 5296 testimonium,
799 5249 923 5289 cum
951 5236 1020 5289 ab
1052 5235 1214 5290 allato
1247 5234 1401 5291 Jonaa
1432 5239 1703 5307 exemplo,
1739 5247 1786 5291 tu

2056 5238 2216 5311 ἱερῶν
2246 5237 2589 5307 Εὐαγγελίων
2626 5237 2923 5308 μαρτυρία,
2952 5237 3057 5290 ἀπό
3084 5254 3142 5289 τε
3170 5236 3267 5290 τοῦ
3301 5230 3604 5305 παρατεθέν-

373 5324 540 5395 huius
580 5326 777 5397 psalmi
821 5326 990 5397 dicto,
1044 5345 1063 5379 ι
1101 5325 1372 5393 Quoniam
1403 5328 1559 5384 zelus
1604 5324 1786 5383 domu:

2056 5349 2147 5395 τος
2178 5330 2271 5383 τοῦ
2315 5331 2470 5383 Ἰωνᾶ
2510 5328 2979 5400 παραδείγματος,⁸
3002 5329 3097 5383 καὶ
3121 5329 3231 5381 ἀπὸ
3261 5326 3351 5381 τοῦ
3378 5319 3603 5392 λέγεσθαι

378 5417 616 5479 comedit
655 5434 763 5485 me,
804 5439 825 5471 ι
851 5420 997 5489 quod
1026 5420 1079 5474 in
1119 5419 1412 5493 Evangelio
1451 5421 1752 5476 secundum
1784 5459 1786 5469 η

2058 5425 2117 5475 ἐν
2155 5425 2267 5485 τοῖς
2301 5421 2701 5493 προκειμένοις,
2737 5440 2753 5472 ι
2788 5422 2906 5473 Ὀτι
2941 5422 2970 5472 ὁ
3005 5418 3165 5490 ζῆλος
3208 5417 3302 5472 τοῦ
3338 5415 3479 5470 οἴκου
3525 5426 3602 5463 σου

380 5522 527 5573 nem,
571 5510 865 5579 ipsissimis
901 5512 1081 5567 verbis
1133 5513 1414 5583 impletum
1454 5513 1767 5569 declaratur

2060 5515 2338 5585 κατέφαγε
2385 5530 2486 5586 με’
2523 5535 2541 5565 ι
2596 5515 2734 5586 ὅπερ
2770 5513 3045 5578 αὑτολεξεὶ
3094 5508 3499 5583 μεμαρτύρηται
3538 5504 3604 5565 εἰς

379 5734 429 5781 υ
446 5663 767 5802 'i‘uﬂanéen,
808 5666 861 5729 6,
906 5667 952 5718 7.
1052 5666 1298 5723 “Matth.
1336 5684 1435 5734 xu,
1473 5670 1563 5734 59,
1603 5669 1693 5725 40.
1793 5667 1963 5725 "Joh
2002 5685 2245 5735 xxxvm,
2283 5670 2485 5738 16,17.
2581 5672 2625 5703 ⁹¹
2667 5669 2811 5726 Psal.
2854 5685 3023 5735 txvn,
3062 5624 3153 5724 2i.
3265 5668 3308 5700 "
3345 5662 3491 5725 ibid.,
3525 5657 3599 5712 33.
