3776 6284
184 327 277 382 7‘29
1284 329 1786 386 COMMENTARIA
1827 333 1892 388 IN
1934 332 2269 390 PSALMOS.
3294 340 3396 394 730

181 445 329 498 αὐτὸν
370 443 787 516 πεπληρωμένον
828 447 887 499 ὲν
918 446 995 518 τῷ
1026 446 1165 501 κατὰ
1200 449 1450 519 Ἰωάννην
1491 452 1713 519 Εὑαγγε-

1836 453 2030 507 dicitur
2066 472 2080 508 :
2121 472 2139 505 ι
2197 453 2263 507 Et
2303 453 2545 508 ascendit
2574 454 2733 510 Jesus
2779 455 3193 527 Jerosolymam,
3226 462 3279 509 et
3309 458 3397 510 in-

180 536 285 605 λίῳ,
308 538 361 587 ὲν
391 528 434 603 ᾧ
456 536 790 607 γέγραπται·
829 557 846 588 ι
881 539 990 591 Καὶ
1020 539 1187 610 ἀνέϐη
1215 542 1243 593 6
1283 541 1489 611 Ἰησοῦς
1515 545 1593 606 είς
1631 544 1726 595 Ἱε-

184 627 450 698 ροσόλυμα,
485 629 576 682 καὶ
604 621 760 699 εὗρεν
789 631 845 682 ἐν
873 629 950 699 τῷ
985 630 1113 700 ἱερῷ
1143 623 1386 702 πρόϐατα
1415 634 1725 699 πωλοῦντας

180 719 259 772 καὶ
290 717 410 788 βόας
451 720 543 771 καὶ
582 721 928 791 περιστεράς.
966 741 982 773 ι
1034 719 1145 774 Εἶθ’
1178 722 1252 786 ὡς
1296 723 1459 793 ήλασε
1505 724 1724 788 τούτους

179 810 358 865 εἰπών’
390 828 407 861 ι
447 811 646 879 Ἄρατε
669 811 839 865 ταῦτα
885 814 1155 878 ἐντεῦθεν,
1190 815 1264 884 μὴ
1298 818 1498 867 ποιεῖτε
1531 815 1622 868 τὸν
1651 812 1727 868 ol-

178 920 260 955 κον
293 901 381 955 τοῦ
425 903 638 973 Πατρός
691 921 791 974 μου
834 901 979 959 οἷκον
1019 906 1301 977 ἐμπορίου,
1342 926 1359 957 ι
1411 907 1653 975 ἐπιλέγει
1698 910 1726 960 6

176 996 578 1069 εὐαγγελιστής·
634 1017 653 1050 ‹
704 999 1083 1071 Ἐμνήσθησαν
1137 1002 1185 1053 οἱ
1246 1000 1483 1070 μαθηταὶ
1540 1001 1723 1068 αὐτοῦ,

176 1088 245 1141 ὅτι
274 1092 647 1162 γεγραμμένον
682 1092 855 1145 ἐστίν·
896 1094 954 1145 '0
980 1092 1137 1163 ζῆλος
1168 1092 1261 1146 τοῦ
1291 1096 1438 1147 οίκου
1463 1109 1554 1145 σου
1602 1110 1726 1146 κατ-

173 1178 325 1248 έφαγέ
371 1199 455 1251 με.
495 1202 513 1233 ι
571 1183 729 1237 Ἀλλά
772 1184 864 1237 καὶ
914 1184 993 1247 τὸ,
1027 1204 1045 1234 ‹
1097 1185 1340 1237 Ἔδωκαν
1385 1185 1463 1247 είς
1533 1182 1727 1253 βρῶμά

174 1285 262 1337 μου
286 1269 460 1339 χολὴν,
484 1272 579 1325 καὶ
602 1275 680 1335 είς
706 1274 803 1341 τὴν
829 1272 985 1342 δίψαν
1011 1290 1111 1343 μου
1145 1273 1399 1327 ἐπότισάν
1436 1289 1501 1342 με
1535 1272 1675 1338 ὅξος,
1700 1292 1716 1323 ι

170 1358 221 1411 ἐν
248 1361 350 1422 τοῖς
376 1360 510 1429 μετὰ
545 1365 731 1433 χεῖρας
759 1362 1028 1432 κείμενον,
1059 1364 1123 1416 ἐκ
1165 1362 1455 1434 προσώπου
1484 1360 1576 1415 τοῦ
1614 1362 1725 1413 Σω-

168 1450 312 1520 τῆρος
361 1451 517 1521 ήμῶν
582 1453 1002 1524 μεμαρτύρηται
1056 1453 1404 1523 λελεγμένον,
1438 1452 1577 1506 κατὰ
1632 1451 1722 1504 τὸν

177 1539 425 1612 Ἰωάννην,
454 1544 721 1615 φήσαντα·
757 1562 776 1595 «
809 1544 964 1600 Μετὰ
986 1543 1159 1598 ταῦτα
1188 1543 1308 1597 ἰδὼν
1330 1546 1358 1596 6
1392 1541 1615 1613 Ἰησοῦς,
1642 1541 1722 1594 ὅτι

165 1632 322 1685 πάντα
346 1632 656 1687 τετέλεσται
682 1636 804 1705 ήδη,
834 1636 923 1689 ἵνα
950 1635 1209 1707 πληρωθῇ
1234 1637 1265 1705 ή
1298 1633 1509 1705 Γραφὴ,
1533 1632 1681 1700 λέγει
1704 1650 1717 1661 ·

164 1720 311 1790 Διψῶ.
353 1723 569 1795 Λεκάνη
599 1724 775 1780 ἔκειτο
815 1724 968 1792 ὄξους
1000 1726 1205 1797 μεστή·
1244 1725 1481 1792 σπόγγον
1507 1718 1599 1775 οὖν
1636 1738 1723 1792 με·

1832 543 1979 596 venit
2009 543 2064 596 in
2102 544 2303 612 templo
2335 543 2630 598 vendentes
2665 559 2795 601 oves
2827 552 2880 600 et
2913 546 3077 600 boves
3106 556 3158 599 et
3184 544 3396 600 celum-

1832 634 1957 692 bas.
1989 655 2007 686 ι
2040 634 2243 690 Deinde
2263 646 2547 705 postquam
2577 636 2827 705 ejecisset
2849 654 2943 693 eos
2971 639 3194 692 dicens:
3230 658 3247 689 ι
3288 640 3400 691 Αυ-

1832 725 1968 781 ferte
2005 728 2108 782 ista
2146 727 2311 794 hinc;
2350 727 2518 782 nolite
2557 727 2739 781 facere
2794 728 3012 782 domum
3066 729 3244 786 Patris
3292 732 3396 784 mei

1832 818 2050 871 domum
2099 820 2502 887 negotiationis,
2534 838 2551 869 ι
2582 818 2768 873 subdit
2818 820 3190 888 evangelista:
3231 841 3248 871 ι
3291 819 3398 875 Re—
3434 814 3437 817 ’

1832 906 2039 959 cordati
2065 915 2193 960 sunt
2214 907 2463 975 discipuli
2488 908 2605 977 ejus
2634 908 2760 975 quia
2790 909 3052 976 scriptum
3076 918 3160 964 est
3188 930 3201 965 :
3237 911 3398 966 Zelus

1832 994 2026 1049 domus
2080 1002 2184 1049 tua:
2234 995 2469 1049 comedit
2522 1011 2607 1049 me
2628 995 2691 1050 9".
2760 1014 2777 1045 ›
2838 996 2943 1048 Sed
3008 996 3171 1051 etiam
3222 1000 3393 1063 illud,

1837 1104 1854 1136 ι
1894 1085 2167 1140 Dederunt
2200 1087 2253 1140 in
2285 1102 2466 1142 escam
2502 1102 2675 1141 meam
2702 1087 2794 1152 fel,
2835 1097 2887 1141 et
2919 1088 2971 1141 in
3016 1089 3106 1142 siti
3138 1105 3257 1143 mea
3299 1105 3399 1159 po-

1830 1184 2087 1230 taverunt
2121 1193 2205 1230 me
2232 1186 2407 1240 aceto,
2446 1196 2463 1227 ι
2507 1177 2649 1245 quod
2685 1178 2741 1231 in
2776 1178 2877 1231 hoc
2906 1178 3116 1247 psalmo
3144 1180 3394 1243 habetur,

1829 1283 1894 1320 ex
1928 1283 2158 1337 persona
2189 1266 2487 1322 Salvatoris
2519 1268 2913 1321 nostridictum
2943 1269 3273 1332 declaratur,
3306 1286 3390 1324 se-

1829 1358 2066 1412 cundum
2105 1356 2388 1416 Joannem.
2436 1357 2529 1427 qui
2581 1359 2656 1410 ait
2686 1376 2697 1410 :
2734 1378 2751 1409 ι
2791 1357 2984 1414 Postea
3018 1360 3209 1414 videns
3238 1359 3397 1415 Jesus

1827 1450 1953 1518 quia
2001 1448 2183 1502 omnia
2215 1456 2591 1505 consummata
2623 1457 2772 1513 sunt,
2808 1458 2867 1503 ut
2899 1451 3213 1520 impleretur
3249 1450 3399 1505 Scri-

1826 1548 2006 1608 ptura,
2029 1538 2169 1593 dixit
2198 1559 2213 1594 :
2248 1537 2406 1594 Sitio.
2430 1537 2538 1593 Vas
2564 1548 2679 1593 erat
2704 1542 2940 1608 positum
2971 1550 3124 1597 aceto
3155 1544 3393 1610 plenum.

1827 1626 1908 1681 llli
1949 1633 2127 1681 autem
2164 1629 2444 1697 spongiam
2481 1628 2694 1697 plenam
2744 1637 2899 1684 aceto
2930 1645 3053 1684 cum
3098 1630 3220 1686 felle
3268 1632 3396 1703 hys—

1826 1734 1959 1788 sopo
2010 1719 2527 1789 circumponentes,
2573 1722 2889 1779 obtulerunt
2932 1724 3013 1777 ori
3069 1724 3207 1793 ejus.
3259 1724 3394 1779 Cum

164 1814 268 1865 στὸν
311 1815 634 1885 ποιήσαντες
673 1816 826 1883 ὄξους
881 1818 1017 1888 μετὰ
1061 1817 1243 1887 χολῆς,
1282 1815 1517 1885 ὑσσώπῳ
1560 1831 1713 1885 περι-

1836 1825 1941 1879 :rgo
1987 1810 2287 1880 accepisset
2339 1809 2498 1865 Jesus
2552 1822 2764 1866 acetum
2822 1829 2946 1868 cum
3000 1814 3162 1882 felle,
3215 1816 3392 1870 dixit;

162 1905 341 1972 θέντες,
390 1910 773 1979 προσήνεγκαν
824 1910 991 1965 αὐτοῦ
1036 1910 1111 1981 τῷ
1156 1910 1402 1981 στόματι.
1453 1909 1579 1961 Ὅτε
1626 1902 1719 1959 οὖν

159 1999 327 2053 ἐλαϐεν
371 2003 398 2053 6
448 2002 658 2073 Ἰησοῦς
700 2004 761 2056 τὸ
802 2003 921 2068 ὅξος
956 2003 1095 2074 μετὰ
1126 2003 1310 2073 χολῆς,
1351 1998 1471 2054 εἷπε
1496 2018 1508 2031 ·
1557 1997 1721 2051 Τετέ-

158 2092 321 2147 λεσται
373 2096 468 2149 καὶ
514 2095 652 2168 αὕτη
696 2099 729 2168 ή
776 2098 989 2169 Γραφή,
1028 2116 1046 2149 ι
1089 2096 1284 2151 καὶτὰ
1330 2095 1491 2149 λοιπὰ
1533 2094 1589 2145 δέ
1643 2093 1721 2152 είς

1825 1902 2218 1956 Consummata
2247 1913 2332 1957 est
2358 1912 2411 1957 et
2441 1904 2556 1958 haec
2607 1903 2891 1975 Scriptura
2913 1908 2980 1970 ",
3021 1926 3039 1958 ι
3092 1916 3148 1962 et
3196 1915 3421 1962 caetera’

1825 2008 1947 2063 qua:
1974 1994 2039 2047 ad
2068 2010 2358 2063 personam
2393 1993 2704 2052 Servatoris
2750 2000 2924 2053 nostri
2954 2000 3266 2055 referuntur
3297 2020 3312 2068 ;
3341 2008 3397 2056 et

1825 2087 1943 2140 sine
1971 2087 2079 2139 ulla
2116 2087 2377 2141 violentia
2408 2089 2915 2158 interpretationem
2947 2092 3088 2146 hanc
3116 2100 3337 2147 tuentur

156 2186 429 2255 πρόσωπσν
470 2185 568 2240 τοῦ
616 2189 866 2259 Σωτῆρος
909 2189 1063 2259 ήμῶν
1103 2189 1501 2261 ἀναφερόμενα,
1549 2186 1710 2251 σώζοι
1736 2180 2054 2237 άναὸίαστον
2089 2180 2164 2252 (1)
2202 2182 2298 2251 τὴν
2328 2184 2642 2253 ἑρμηνείαν.

220 2278 553 2335 «Ἐκοπίασα
597 2280 837 2352 κράζων,
892 2284 1255 2354 ἐϐραγχίασεν
1296 2287 1323 2337 6
1349 2284 1553 2355 λάρυγξ
1589 2299 1713 2352 μου,

156 2370 379 2437 ἐξέλιπον
420 2375 468 2426 oi
512 2373 783 2445 ὀφθαλμοί
828 2393 928 2446 μου
968 2377 1076 2430 ἀπὸ
1109 2376 1202 2429 τοῦ
1246 2376 1483 2441 ἐλπίζειν
1525 2393 1591 2446 με
1637 2378 1716 2438 είς

154 2460 231 2514 τὸν
264 2462 390 2515 Θεόν
426 2482 552 2541 μου.
595 2484 613 2515 ι
680 2466 790 2519 Καὶ
829 2466 1003 2521 ταῦτα
1049 2470 1105 2521 ἐν
1149 2468 1229 2538 τῷ
1274 2468 1414 2521 κατὰ
1465 2467 1713 2537 Ἰωάννην

154 2551 431 2622 ἐπληροῦτο
462 2555 783 2627 Εὑαγγελίῳ
806 2574 819 2587 ·
866 2559 922 2611 ἐν
962 2551 1005 2625 ᾧ
1036 2559 1279 2629 εἱστήκει
1315 2562 1343 2612 6
1387 2556 1592 2630 Ἰησοῦς
1624 2558 1715 2611 καὶ

154 2640 330 2713 ἔκραζε
371 2645 585 2715 λέγων·
630 2666 649 2699 t
690 2651 811 2702 Ἐάν
858 2668 941 2713 τις
986 2650 1142 2722 διψᾷ,
1191 2650 1433 2722 ἐρχέσθω
1474 2652 1609 2722 πρὸς
1645 2650 1712 2721 μὲ

154 2736 235 2788 καὶ
264 2737 488 2791 πινέτω·
518 2759 537 2790 ›
572 2735 728 2802 αὖθις
766 2740 821 2793 δέ
854 2743 1090 2813 εἴρηται·
1132 2762 1151 2793 (
1197 2742 1401 2813 Ἰησοῦς
1432 2744 1489 2795 δὲ
1515 2742 1712 2813 ἔκραζε

153 2829 247 2881 καὶ·
278 2829 489 2898 ἔλεγεν·
543 2833 600 2885 ’0
641 2833 907 2887 πιστεύων
953 2837 1031 2899 είς
1080 2835 1180 2906 ἐμὲ
1232 2836 1295 2888 οὑ
1344 2835 1587 2889 πιστεύει
1635 2836 1714 2898 είς

153 2921 258 2992 ἐμὲ,
302 2923 412 2977 ἀλλ’
446 2926 528 2987 είς
568 2925 658 2977 τὸν
700 2925 993 2996 πέμψαντά
1036 2945 1122 2996 με.
1159 2927 1267 2979 Καὶ
1300 2929 1328 2981 6
1362 2927 1578 2998 θεωρῶν
1612 2927 1712 2998 ἐμὲ

1895 2275 2060 2330 Vens.
2093 2276 2149 2341 4,
2184 2276 2235 2330 5.
2284 2296 2302 2327 ι
2349 2277 2620 2333 Laboravi
2672 2279 2943 2346 clamans,
2998 2296 3177 2336 raucae
3236 2282 3395 2337 facta:

1821 2386 1951 2428 sunt
2003 2372 2190 2428 fauces
2228 2389 2381 2437 meae,
2412 2373 2736 2429 defecerunt
2767 2376 2910 2429 oculi
2944 2377 3047 2430 mei
3080 2376 3207 2430 dum
3233 2392 3395 2445 spero

1818 2466 1872 2517 in
1904 2464 2072 2519 Deum
2108 2480 2308 2519 meum.
2336 2484 2355 2517 ι
2390 2465 2513 2520 Ηωο
2537 2482 2753 2536 quoque
2791 2467 2847 2519 in
2872 2466 3165 2536 Evangelio
3196 2482 3397 2521 secun-

1821 2557 1950 2611 dum
1985 2556 2248 2611 Joannem
2283 2558 2507 2628 impleta
2556 2558 2825 2622 feruntur,
2856 2561 3076 2629 quando
3104 2561 3283 2613 stabat
3307 2560 3398 2615 Je—

1821 2666 1916 2705 sus
1948 2657 2002 2704 et
2033 2649 2117 2705 his
2142 2649 2324 2705 verbis
2359 2651 2632 2705 clamabat
2663 2672 2675 2706 :
2714 2671 2732 2702 ι
2772 2651 2827 2705 Si
2863 2651 2989 2722 quis
3037 2653 3174 2717 silit,
3209 2653 3397 2708 veniat

1822 2740 1886 2794 ad
1920 2755 2006 2794 me
2039 2750 2093 2794 et
2130 2741 2282 2794 bibat
2307 2744 2374 2796 ⁸⁸.
2410 2762 2428 2792 ι
2462 2740 2679 2798 Rursus
2731 2759 2950 2813 quoque
2995 2745 3202 2799 dictum
3255 2751 3343 2798 es‘.
3374 2761 3391 2799 :

1828 2850 1847 2881 ε
1887 2829 2049 2885 Jesus
2082 2840 2261 2884 autem
2296 2832 2569 2885 clamabat
2601 2841 2655 2887 et
2675 2834 2883 2887 dicebat
2919 2854 2930 2886 :
2971 2833 3074 2899 Qui
3124 2835 3293 2888 credit
3336 2834 3395 2888 in

1823 2936 1931 2985 me,
1960 2938 2068 2976 non
2103 2922 2280 2976 credit
2310 2923 2366 2975 in
2401 2939 2505 2990 me,
2531 2925 2626 2978 sed
2652 2925 2705 2977 in
2730 2939 2853 2978 eum
2886 2925 2975 2996 qui
3000 2940 3085 2978 me
3130 2924 3299 2979 misit.
3325 2924 3394 2978 Et

151 3012 326 3085 θεωρεῖ
354 3016 443 3068 τὸν
479 3017 774 3087 πέμψαντά
817 3036 902 3088 με.
947 3018 1087 3087 Ἐγὼ
1115 3019 1228 3087 φῶς
1260 3022 1339 3083 είς
1382 3019 1473 3071 τὸν
1507 3019 1709 3089 κόσμον

1836 3012 1909 3080 ιιιί
1945 3011 2087 3065 videt
2116 3026 2221 3073 me,
2254 3011 2401 3065 videt
2435 3028 2561 3066 cum
2595 3014 2689 3081 qui
2718 3013 2867 3066 misit
2907 3028 3013 3067 me.
3042 3011 3152 3082 Ego
3202 3013 3293 3065 lux
3332 3013 3392 3067 in

149 3104 391 3178 ἐλήλυθα,
425 3109 513 3161 ἵνα
556 3110 662 3172 πᾶς
693 3112 721 3162 6
756 3110 1028 3163 πιστεύων
1059 3112 1139 3174 εἰς
1171 3112 1271 3181 ἐμὲ
1314 3114 1372 3164 ἐν
1522 3111 1711 3182 σκοτίᾳ

151 3198 217 3270 μὴ
268 3201 440 3273 μείνῃ.
473 3222 491 3254 ι
538 3203 646 3255 Kal.
696 3202 788 3256 ἐπὶ
822 3202 914 3255 τοῦ
944 3202 1196 3274 Λαζάρου
1242 3203 1299 3255 δὲ
1343 3204 1552 3275 ἐπάρας
1583 3204 1709 3266 τοὺς

148 3288 437 3361 ὀφθαλμοὺς
479 3291 647 3345 αὐτοῦ
692 3294 772 3355 εἰς
816 3293 909 3345 τὸν
952 3293 1180 3364 οὐρανὸν
1236 3290 1383 3346 εἷπε·
1443 3312 1461 3343 ‹
1504 3295 1705 3364 Πάτερ,

150 3382 433 3455 εὐχαριστῶ
468 3402 572 3449 σοι,
608 3386 691 3438 ὅτι
724 3384 963 3456 ἤκουσάς
1000 3402 1121 3454 μου.
1172 3384 1310 3452 Ἐγὼ
1342 3384 1399 3437 δέ
1432 3385 1598 3455 ᾔδειν,
1626 3386 1707 3437 ὅτι

148 3476 361 3530 πάντοτέ
396 3495 497 3548 μου
533 3476 769 3539 ἀκούεις,
819 3478 929 3530 Ka‘t
974 3477 1147 3530 ταῦτα
1192 3474 1380 3540 εἰπὼν,
1424 3479 1574 3547 φωνῇ
1612 3493 1709 3546 με-

148 3565 276 3638 γάλῃ
314 3568 660 3639 ἐκραύγασε·
713 3570 952 3639 Λάζαρε,
999 3567 1156 3641 δεῦρο
1204 3568 1324 3635 ἔξω.
1361 3588 1379 3620 ι
1428 3569 1585 3621 Ἀλλὰ
1614 3569 1708 3621 καὶ

70 3682 73 3685 ·
148 3662 255 3712 κατ’
280 3660 408 3713 αὐτὸ
435 3660 497 3713 τὸ
526 3660 696 3723 πάθος
725 3662 927 3731 ἱστορεῖ
953 3664 980 3714 6
1003 3660 1280 3723 Ματθαῖος
1305 3660 1477 3729 λέγων
1494 3677 1505 3690 '
1547 3660 1709 3713 «Ἃπδ

148 3747 197 3802 δὲ
234 3751 391 3823 ἕκτης
420 3751 570 3823 ὥρας
622 3751 809 3815 σκότος
856 3752 1072 3820 ἐγένετο
1126 3753 1218 3805 ἐπὶ
1262 3754 1443 3806 πᾶσαν
1470 3754 1569 3824 τὴν
1606 3754 1710 3823 γῆν

148 3840 240 3906 ἓως
266 3843 410 3916 ὧρας
438 3845 651 3914 ἐνάτης.
687 3843 822 3914 Περὶ
850 3843 907 3896 δέ
935 3842 1033 3913 τὴν
1065 3844 1259 3913 ἐνάτην
1284 3842 1453 3915 ὥραν,
1489 3845 1712 3915 άνεὸόη-

150 3951 231 3988 σεν
281 3937 310 3988 6
347 3934 553 4006 Ἰησοῦς
607 3938 756 4007 φωνῇ
818 3935 1027 4006 μεγάλῃ
1077 3935 1282 4004 λέγων·
1331 3935 1499 4001 Ἠλεὶ,
1542 3936 1705 4001 Ἠλεὶ,

147 4026 295 4097 Λαμὰ
325 4027 679 4098 Σαὸαχθανεί.
707 4048 725 4079 ›
761 4028 894 4080 Τότε
924 4028 1019 4098 μὲν
1047 4023 1140 4080 οὖν
1172 4025 1345 4080 συνὼν
1380 4027 1705 4099 ἀνθρώποις,

150 4116 341 4181 πάντας
383 4116 521 4188 βοῶν
550 4116 851 4188 παρεκάλει
880 4117 1036 4187 ήκειν
1066 4117 1160 4171 καὶ
1195 4117 1444 4170 σπεύδειν
1489 4119 1581 4170 ἐπὶ
1611 4117 1708 4188 τὴν

147 4207 295 4260 αύτοῦ
338 4208 715 4262 διδασκαλίαν·
774 4208 867 4261 καὶ
910 4206 1001 4261 τὸν
1047 4210 1364 4279 τεταρταῖον
1413 4208 1469 4261 δὲ
1517 4208 1709 4283 νεκρὸν

152 4297 274 4364 μετὰ
314 4298 553 4370 μεγάλης
594 4298 907 4352 ἀνεκαλεῖτο
947 4298 1217 4368 κραυγῆς.
1266 4299 1425 4353 Ἀλλὰ
1456 4300 1549 4353 καὶ
1580 4300 1707 4372 περὶ

1820 3104 2083 3158 mundum
2111 3103 2257 3166 veni,
2288 3110 2349 3156 ut
2387 3103 2568 3159 omnis
2590 3105 2685 3173 qui
2720 3104 2892 3159 credit
2924 3104 2978 3156 in
3010 3120 3114 3169 me,
3152 3104 3207 3157 in
3231 3111 3386 3159 tene-

1817 3194 1930 3249 bris
1954 3209 2062 3248 non
2082 3196 2378 3248 maneat".
2410 3214 2429 3245 ι
2463 3194 2522 3248 Et
2551 3211 2712 3265 super
2731 3194 2993 3247 Lazarum
3027 3195 3247 3250 elevatis
3266 3210 3391 3249 ocu-

1820 3286 1887 3340 lis
1908 3286 2023 3341 suis
2073 3286 2129 3339 in
2170 3286 2371 3339 cmlum
2412 3288 2594 3341 dixit:
2635 3305 2653 3336 ι
2690 3286 2871 3349 Pater,
2915 3288 3117 3356 gratias
3166 3303 3266 3358 ago
3288 3287 3388 3341 tibi

1818 3378 1945 3448 quia
1980 3377 2180 3432 audisti
2210 3393 2318 3433 me.
2348 3377 2459 3448 Ego
2490 3387 2670 3433 autem
2721 3379 2959 3433 sciebam
3014 3380 3142 3448 quia
3172 3395 3389 3451 semper

1817 3485 1904 3525 me
1929 3469 2105 3524 audis.
2139 3469 2204 3522 Et
2224 3486 2347 3524 eum
2373 3470 2488 3525 haec
2516 3472 2764 3536 dixisset,
2795 3486 2930 3524 voce
2953 3485 3149 3541 magna
3184 3472 3390 3524 clama—

1815 3563 1895 3615 vit
1930 3577 1945 3613 :
1980 3561 2205 3625 Lazare,
2256 3563 2375 3617 veni
2431 3562 2664 3618 foras“.
2706 3582 2725 3613 ι
2764 3561 2872 3616 Sed
2930 3564 3093 3617 etiam
3151 3562 3217 3616 de
3268 3563 3389 3632 ipso

1818 3654 2092 3723 passionis
2113 3663 2359 3725 tempore
2388 3656 2504 3709 hac
2522 3662 2712 3708 narrat
2743 3655 3028 3709 Mattliaaus
3059 3674 3072 3708 :
3109 3673 3127 3704 ι
3166 3654 3209 3707 Α
3234 3664 3389 3709 sexta

1816 3754 1998 3801 autem
2034 3747 2167 3800 hora
2202 3749 2438 3802 tenebrae
2482 3747 2641 3800 facta:
2677 3753 2827 3808 .sunt
2872 3761 3039 3813 super
3077 3745 3386 3799 universam

1817 3844 2017 3891 terram
2068 3853 2243 3907 usque
2296 3837 2363 3890 ad
2394 3838 2583 3890 horam
2627 3852 2849 3890 nonam.
2900 3835 2964 3888 Et
2993 3836 3142 3888 circa
3194 3836 3386 3888 horam

1816 3943 2015 3981 nonam
2061 3928 2317 3982 clamavit
2361 3927 2524 3983 Jesus
2579 3943 2710 3982 voce
2765 3942 2961 3993 magna
2995 3926 3185 3980 dicens
3223 3944 3237 3979 :
3276 3924 3384 3991 Eli,

1815 4018 1919 4081 Eli,
1952 4016 2115 4072 Lama
2159 4018 2529 4073 Sabachthani
2556 4019 2623 4073 ⁸⁸.
2665 4039 2684 4070 ι
2726 4018 2881 4072 Tunc
2933 4019 3115 4088 itaque
3139 4034 3261 4073 cum
3288 4018 3390 4073 bo~

1816 4111 2056 4167 minibus
2114 4110 2338 4181 degens,
2391 4111 2677 4167 clamando
2732 4126 2923 4167 omnes
2975 4112 3390 4176 cohortabatur,

1817 4211 1877 4255 ut
1906 4202 2154 4257 venirent
2196 4211 2642 4272 maturarentque
2685 4201 2753 4255 ad
2791 4201 2913 4271 ejus
2946 4202 3250 4257 doctrinam
3284 4220 3300 4257 :
3332 4210 3388 4259 et

1816 4290 2244 4360 quatriduanum
2279 4298 2554 4344 mortuum
2604 4290 2845 4344 clamore
2876 4305 3075 4361 magno
3100 4291 3383 4347 evocabat.

139 4386 233 4457 ,τὴν
263 4389 453 4462 ἐνάτην
486 4366 636 4462 ώραν
666 4389 761 4443 τοῦ
794 4366 999 4453 πάθους
1028 4366 1224 4444 ἀνεϐόα
1257 4394 1407 4462 φωνῇ
1461 4366 1701 4464 μεγάλῄ·

1836 4382 1922 4437 Sed
1955 4384 2118 4437 etiam
2153 4383 2300 4437 circa
2331 4398 2531 4437 nouam
2555 4383 2828 4452 passionis
2868 4383 3082 4446 horam,
3113 4383 3387 4437 clamabat

149 4480 231 4531 καὶ
276 4481 414 4551 μετὰ
467 4481 641 4535 ταῦτα
682 4480 877 4536 πάλιν·
941 4500 960 4532 ί
992 4480 1217 4550 Κράξας
1264 4484 1413 4552 φωνῇ
1473 4481 1702 4554 μεγάλῃ,

148 4571 312 4641 ἀφῆκε
355 4573 417 4625 τὸ
458 4572 692 4644 πνεῦμα.
754 4572 865 4626 Καὶ
914 4572 1022 4625 ἰδοὺ
1072 4572 1132 4625 τὸ
1172 4571 1566 4641 καταπέτασμα
1611 4570 1705 4624 τοῦ

148 4662 262 4715 ναοῦ
288 4663 506 4735 ἐσχίσθη
529 4665 607 4726 είς
630 4663 742 4727 δύο,
770 4665 862 4716 καὶ
890 4664 921 4734 ή
946 4664 1018 4734 γῆ
1040 4662 1280 4734 ἐσείσθη,
1306 4664 1400 4717 καὶ
1424 4665 1480 4715 αἱ
1510 4663 1705 4734 πέτραι

150 4754 467 4825 ἐῤῥάγησαν,
501 4755 595 4807 καὶ
633 4754 700 4809 τὰ
730 4758 965 4825 μνημεῖα
994 4752 1364 4825 ἀνεῴχθησαν,
1402 4755 1495 4807 καὶ
1538 4755 1707 4808 πολλὰ

152 4841 363 4913 σώματα
402 4844 508 4897 τῶν
545 4845 965 4916 κεκοιμημένων
1008 4846 1177 4914 άγίων
1215 4845 1527 4916 ἠγέρθησαν
1550 4864 1561 4876 ·
1586 4865 1601 4896 ι
1641 4846 1711 4899 τὰ

149 4935 373 4990 τοσαῦτα
414 4937 509 5008 τῆς
545 4938 786 5010 μεγάλης
824 4934 989 4990 αὐτοῦ
1025 4936 1211 5005 φωνῆς
1260 4937 1501 5006 ἐνεργεῖν
1550 4934 1710 4988 δυνα-

154 5023 329 5096 μένης.
366 5027 429 5079 Εἱ
457 5027 512 5080 δέ
540 5026 849 5099 ἐπιστήσειέ
896 5043 1001 5088 τις,
1045 5026 1120 5088 ὠς
1166 5025 1223 5093 ἐξ
1263 5027 1472 5078 ἐκείνου
1510 5027 1602 5078 καὶ
1630 5027 1710 5087 εἰς

151 5115 297 5188 δεῦρο
335 5118 455 5172 καθ’
489 5119 616 5191 ὅλης
649 5120 749 5189 τῆς
780 5118 1082 5189 ἀνθρώπων
1127 5119 1453 5189 οἰκουμένης
1489 5118 1546 5168 ἐν
1588 5121 1709 5180 ταῖς

153 5207 453 5280 ἐκκλησίαις
502 5211 665 5265 αὑτοῦ
718 5211 836 5282 βοᾷ,
892 5210 1142 5263 σπεύδειν
1193 5210 1284 5263 ἐπὶ
1339 5210 1399 5263 τὸ
1447 5210 1708 5274 ζωοποιὸν

154 5298 303 5352 αὐτοῦ
337 5302 485 5373 πόμα
507 5302 857 5373 παρακαλῶν,
885 5301 978 5354 κα)⁵
1006 5301 1133 5363 τοὺς
1164 5303 1282 5363 ταῖς
1315 5300 1450 5372 πρὸς
1483 5300 1708 5359 θάνατον

153 5386 435 5460 ἁμαρτίαις
506 5391 943 5463 νενεκρωμένους
1004 5388 1483 5460 ἀνακαλούμενος·
1530 5387 1608 5458 τῷ
1648 5404 1708 5439 τε

1809 4489 1940 4529 voce
1968 4489 2165 4545 magna
2197 4494 2209 4528 :
2254 4489 2318 4529 ac
2359 4484 2547 4544 postea
2606 4490 2827 4530 rursum
2869 4494 2880 4527 :
2914 4492 2932 4524 ‹
2964 4473 3220 4529 Clamans
3252 4488 3391 4527 voce

1814 4581 2032 4635 magna,
2065 4566 2246 4620 emisit
2270 4566 2546 4636 spiritum.
2580 4566 2646 4620 Et
2675 4581 2804 4620 ecce
2828 4565 3002 4619 velum
3035 4564 3218 4634 templi
3241 4564 3386 4617 scis-

1818 4673 1939 4711 sum
1969 4666 2053 4713 est
2076 4659 2131 4713 in
2152 4658 2283 4722 duo,
2318 4666 2374 4713 et
2403 4666 2549 4713 terra
2576 4667 2723 4712 mota
2771 4666 2877 4722 est,
2915 4666 2970 4713 et
2997 4669 3159 4726 petrae
3199 4657 3389 4712 scissas

1815 4758 1963 4815 sunt,
1994 4758 2048 4805 et
2080 4760 2433 4807 monumenta
2458 4759 2643 4821 aperta
2673 4759 2821 4814 sunt,
2848 4760 2902 4805 et
2948 4751 3117 4803 multa
3150 4764 3386 4819 corpora

1818 4849 2134 4896 sanctorum
2162 4843 2253 4912 qui
2301 4844 2638 4897 dormierant
2668 4849 3088 4897 resurrexerunt
3122 4843 3161 4895 ³.
3202 4859 3222 4893 ι
3257 4839 3391 4910 Haec

1817 4934 2028 4989 scilicet
2059 4950 2252 5005 magna
2284 4936 2455 5005 ipsius
2488 4950 2592 4989 vox
2646 4936 2807 4989 edere
2867 4941 3100 5003 poterat.
3135 4933 3289 4999 Quod
3337 4934 3389 4991 si

1812 5023 1934 5093 quis
1957 5024 2265 5079 consideret
2299 5025 2391 5094 qui
2441 5025 2510 5077 ab
2538 5024 2630 5076 illo
2673 5024 2741 5077 ad
2799 5023 2903 5077 hoc
2947 5038 3120 5092 usque
3168 5029 3391 5091 tempus

1814 5132 1909 5184 per
1939 5124 2113 5170 totum
2138 5118 2324 5172 orbem
2374 5117 2429 5169 in
2470 5116 2722 5169 ecclesiis
2751 5116 2867 5170 suis
2890 5116 3005 5185 ipse
3034 5116 3253 5180 clamet,
3290 5129 3385 5167 co-

1814 5206 2045 5267 liortans
2075 5209 2323 5279 singulos
2367 5216 2425 5261 ut
2469 5214 2744 5259 maturent
2799 5207 2864 5260 ad
2901 5207 3175 5260 vivillcum
3207 5205 3387 5275 ipsius

1814 5304 2036 5367 potum;
2071 5313 2136 5353 ac
2188 5313 2452 5353 revocans
2504 5298 2625 5350 illos
2665 5297 2759 5365 qui
2791 5297 3115 5350 mortalibus
3146 5296 3387 5365 peccatis

1814 5392 2070 5446 exstinu
2126 5400 2285 5457 sunt;
2338 5390 2525 5445 audiat
2579 5390 2710 5444 item
2760 5389 3083 5443 clamantem
3128 5388 3388 5460 passione

217 5543 262 5575 "
296 5543 450 5598 loan.
478 5562 537 5605 ιι,
565 5544 750 5600 l5-l7.
823 5545 868 5576 ’⁵
906 5543 1063 5598 Joan.
1103 5559 1216 5607 ως,
1255 5540 1446 5612 Ξεοόθ.
1522 5542 1568 5573 ⁹⁶
1607 5541 1763 5597 Joan.
1807 5560 1903 5611 vn,
1946 5545 2034 5597 57.
2112 5545 2155 5575 ³⁷
2195 5542 2351 5599 Joau.
2384 5560 2484 5609 xu,
2526 5542 2715 5599 44-46.
2791 5543 2838 5578 ⁸⁸
2875 5542 3031 5599 Joan.
3076 5560 3153 5612 ιι,
3192 5543 3380 5603 “~43.

157 5613 197 5645 ⁹⁹
236 5612 419 5667 Matth.
460 5630 626 5678 xxvn,
666 5614 755 5679 45,
804 5613 891 5668 46.
970 5616 987 5645 ¹
1034 5613 1162 5667 ibid.
1232 5611 1410 5666 50-52.

224 5725 297 5797 (Ι)
328 5726 497 5788 Σώζοι
528 5729 905 5782 ἁναόίαστον.
937 5727 1096 5783 Forte
1126 5726 1288 5791 σώζει
1314 5726 1712 5787 ἁκαταῦίαστον

1837 5724 1853 5778 1
1884 5722 2156 5783 ἀϐίαστον.
2194 5718 2350 5774 Enn.
