3776 6284
349 334 446 390 731

1043 325 1313 384 EUSEBII
1347 320 1819 381 CESARIENSIS
1854 320 2004 378 OPP.
2044 318 2224 374 PARS
2258 318 2434 373 lll.—
2472 307 2875 368 EXEGETICA.

3467 303 3556 356 vsa

348 458 448 504 s‘ua
479 449 544 504 ad
585 455 756 503 totum
793 446 1001 511 orbem,
1029 445 1203 515 magis
1225 457 1388 514 quam
1412 450 1546 496 tunc
1576 440 1644 494 ad
1675 438 1918 501 Sionern,

2029 437 2280 509 βοωμένῳ
2332 430 2497 487 αὐτοῦ
2554 427 2714 482 πάθει
2765 423 2863 493 τὴν
2921 418 3212 491 σύμπασαν
3265 416 3558 488 οἰκουμένην

352 543 623 613 siquidem
660 561 678 593 ‹
723 543 776 596 in
816 554 1038 595 onmem
1071 547 1274 593 terram
1302 536 1471 591 exivit
1496 549 1667 590 sonus
1709 546 1921 596 eorum,

351 643 409 690 et
440 636 493 688 in
526 635 660 689 fines
705 633 856 688 orbis
909 640 1068 686 terra
1121 631 1283 684 verba
1335 635 1524 684 eorum
1553 628 1609 693 ’ς
1637 644 1655 677 ι
1691 626 1739 680 is
1794 637 1927 678 sane

353 725 491 781 sciet
524 739 624 779 cur
668 724 722 777 in
765 722 1023 793 praesenti
1047 737 1110 776 ex
1141 721 1262 790 ejus
1306 732 1540 788 persona
1568 716 1775 770 dictum
1808 714 1880 769 sit
1908 727 1922 763 :

359 817 681 872 «Laboravi
746 816 1015 874 clamans,
1065 828 1247 867 rauca:
1319 811 1473 864 factae
1542 815 1672 864 sunt
1742 806 1928 860 fauces

355 925 508 964 meae.
550 930 568 960 ›
595 907 731 962 Nam
764 907 916 961 vocis
949 905 1071 974 ejus
1130 903 1590 974 perseverantiam
1648 899 1734 952 his
1786 896 1927 950 indi-

353 1010 461 1056 cat.
499 1000 618 1054 Non
655 1000 798 1054 enim
834 1013 958 1052 cum
989 998 1157 1052 semel
1184 998 1477 1050 clamasset
1499 991 1800 1056 abscessit;
1832 989 1928 1045 sed

355 1108 574 1162 semper
618 1091 1012 1160 discipulorum
1061 1104 1192 1142 voce
1250 1088 1450 1141 clamat
1499 1092 1553 1138 et
1587 1083 1652 1169 ad
1683 1083 1927 1137 omnium

355 1184 566 1238 animas
596 1181 932 1236 vociferatur
967 1198 979 1233 :
1009 1195 1225 1249 semper
1272 1180 1398 1232 item
1466 1175 1533 1229 ad
1576 1173 1790 1228 Patrem
1823 1174 1930 1227 cla-

357 1284 581 1342 matpro
615 1274 682 1328 iis
706 1273 798 1342 qui
833 1273 887 1326 in
908 1274 1086 1342 ipsum
1121 1269 1494 1324 crediderunt.
1527 1266 1708 1332 Quare
1729 1263 1928 1318 deinde

357 1363 637 1435 subjungit
671 1379 684 1415 :
726 1381 744 1414 ι
788 1362 1111 1418 Defecerunt
1157 1360 1302 1416 oculi
1342 1359 1446 1414 mei
1475 1359 1602 1413 dum
1673 1372 1835 1428 spero
1870 1357 1926 1410 in

355 1456 527 1511 Deum
579 1471 779 1510 meum.
839 1473 856 1506 ι
915 1453 1021 1508 Pro
1064 1453 1157 1508 illo
1210 1461 1430 1516 autem,
1470 1470 1488 1502 ι
1523 1449 1863 1512 defecerunt,
1904 1467 1924 1499 ι

355 1547 575 1619 Aquila,
610 1544 891 1602 «confecti
954 1552 1102 1609 sunt,
1159 1545 1275 1606 ait,
1346 1542 1491 1596 oculi
1544 1541 1672 1603 mei,
1735 1554 1930 1608 exspe-

358 1644 572 1692 ctantes
605 1635 794 1692 Deum.
821 1653 840 1688 ι
861 1633 1145 1689 Clamabat
1175 1647 1338 1704 porro
1358 1641 1411 1685 et
1430 1629 1830 1687 vociferabatur
1858 1626 1930 1681 ob

362 1727 767 1782 multitudinem
799 1726 1143 1780 inimicorum
1177 1739 1427 1778 suorum.
1457 1721 1610 1789 Quod
1639 1721 1723 1774 his
1750 1719 1928 1773 verbis

2029 531 2228 602 μᾶλλον
2260 529 2292 600 ἢ
2325 529 2447 580 τότε
2487 522 2622 576 Σιὼν
2642 561 2657 586 ,
2697 519 2924 588 ἐπείπερ
2972 534 2989 565 ι
3035 514 3114 576 εἰς
3148 514 3322 564 πᾶσαν
3355 510 3444 581 τὴν
3474 511 3560 579 γῆν

2025 622 2244 692 ἐξῆλθεν
2293 621 2321 671 ὁ
2355 618 2585 688 φθόγγος
2633 611 2830 672 αὐτῶν,
2881 609 2973 662 ml.
3007 608 3086 669 εἰς
3124 604 3190 656 τὰ
3237 602 3439 673 πέρατα
3478 603 3562 673 τῆς

2025 712 2348 782 οἰκουμένης
2397 708 2467 762 τὰ
2505 709 2720 777 ῥήματα
2771 701 2979 754 αὐτῶν·
3014 717 3033 750 ι
3085 697 3288 748 εἴσεται
3335 695 3473 758 ὅπως
3513 697 3561 747 έν

2025 810 2137 869 τοῖς
2171 801 2550 876 προκειμένοις
2596 797 2657 863 ἐξ
2697 793 2858 851 αὐτοῦ
2909 789 3196 864 προσώπου
3249 788 3454 858 εἴρηται
3491 784 3560 851 τὸ,

2032 917 2051 950 ι
2088 897 2384 950 Ἑκοπίασα
2438 890 2674 964 κράζων,
2729 885 3086 957 ἐϐραγχίασεν
3111 883 3139 933 ό
3181 878 3390 952 λάρυγξ
3412 895 3520 947 μου.
3542 897 3559 929 ι

2027 990 2100 1042 Τὸ
2154 988 2261 1060 γὰρ
2308 985 2617 1056 παράμονον
2669 977 2833 1034 αὐτοῦ
2884 978 2983 1048 τῆς
3030 974 3157 1044 βοῆς
3228 971 3318 1024 διὰ
3386 971 3563 1060 τούτων

2030 1056 2302 1148 σημαίνει.
2357 1075 2430 1128 Οὐ
2481 1072 2592 1143 γὰρ
2645 1068 2790 1132 ἅπαξ
2847 1065 2974 1121 ποτὲ
3024 1063 3222 1133 βοήσας
3283 1056 3560 1128 παρῆλθεν·

2028 1169 2139 1224 ἀλλ’
2181 1171 2267 1222 ἀεὶ
2309 1167 2407 1238 βοᾷ
2442 1167 2534 1220 καὶ
2578 1164 2844 1234 κέκραγεν
2890 1161 2968 1222 εἰς
3009 1156 3106 1218 τὰς
3152 1154 3371 1206 πάντων
3413 1149 3564 1218 ψυχὰς

2027 1261 2114 1314 διὰ
2136 1261 2244 1314 τῶν
2272 1258 2434 1312 αὑτοῦ
2471 1254 2750 1328 μαθητῶν·
2781 1253 2866 1307 ἀεὶ⁵
2891 1251 2948 1305 δὲ
2971 1249 3063 1303 καί¹
3095 1246 3228 1318 πρὸς
3256 1244 3348 1296 τὸν
3373 1243 3564 1311 Πατέρα

2031 1355 2130 1425 βοᾷ
2162 1355 2299 1424 ὑπὲρ
2344 1351 2452 1405 τῶν
2490 1351 2570 1413 είς
2612 1347 2769 1402 αὐτὸν
2821 1340 3281 1397 πεπιστευκότων.
3335 1334 3422 1387 Διὸ

2029 1423 2296 1512 ἐπιλέγει)
2379 1461 2398 1494 ι
2442 1439 2712 1505 Ἐξέλιπον
2775 1438 2822 1490 οἰ
2867 1431 3130 1504 ὀφθαλμοί
3184 1445 3288 1500 μου
3341 1426 3445 1480 ἀπὸ
3488 1423 3564 1476 τοῦ

2030 1536 2267 1600 ἐλπίζειν
2326 1551 2392 1604 με
2447 1533 2539 1586 ἐπὶ
2585 1531 2677 1584 τὸν
2734 1527 2864 1582 Θεόν
2920 1542 3040 1596 μου.
3071 1543 3090 1576 ι
3152 1519 3300 1574 Ἀντὶ
3354 1517 3410 1570 δὲ
3455 1513 3564 1576 τοῦ,

2035 1645 2054 1678 ι
2083 1626 2346 1692 ἐξέλιπον,
2397 1643 2415 1676 ι
2462 1624 2491 1676 ό
2535 1620 2762 1683 ’Δκύλας
2787 1660 2801 1685 ,
2853 1635 2872 1670 ι
2937 1612 3347 1681 Ἐτελέσθησαν,
3408 1608 3565 1674 φησίν,

2028 1721 2078 1772 οἰ
2109 1715 2372 1787 ὀφθαλμοί
2409 1732 2510 1786 μου
2557 1711 2940 1783 περιμένοντες
2996 1705 3086 1758 τὸν
3109 1703 3257 1756 Θεόν.
3286 1720 3304 1753 ι
3342 1697 3491 1750 Ἐὅόα

363 1817 608 1872 declarat
636 1832 650 1868 :
690 1835 708 1868 ι
747 1815 1086 1887 Multiplicati
1123 1823 1253 1872 sunt
1282 1830 1448 1884 super
1473 1786 1700 1883 capillos
1734 1811 1925 1881 capitis

2030 1811 2122 1864 καὶ
2156 1786 2441 1879 ἐκεκράγει
2492 1805 2579 1858 διὰ
2626 1804 2688 1858 τὸ
2733 1801 2934 1872 πλῆθος
2976 1798 3086 1851 τῶν
3133 1791 3347 1887 ἐχθρῶν
3393 1786 3564 1887 αὺτού-

354 1910 461 1964 mei
500 1911 594 1980 qui
655 1912 888 1965 oderunt
947 1925 1032 1966 me
1077 1910 1269 1980 gratis.
1319 1927 1338 1960 ι
1375 1906 1530 1974 Quod
1577 1907 1623 1962 si
1685 1905 1929 1960 Ecclesia

353 2000 475 2069 ejus
508 2003 580 2057 sit
614 2018 816 2072 corpus
842 2002 984 2071 ejus,
1019 2001 1320 2057 secundum
1352 1999 1697 2070 Apostolum,
1728 1996 1821 2066 qui
1874 1994 1929 2050 id

353 2093 514 2149 docet
535 2092 621 2148 his
652 2093 834 2148 verbis
869 2111 882 2147 :
924 2111 943 2143 ι
982 2091 1093 2147 Vos
1125 2099 1305 2145 autem
1349 2089 1485 2144 estis
1535 2103 1736 2158 corpus
1766 2086 1929 2141 Chri-

355 2183 450 2244 sti,
476 2192 531 2238 et
563 2183 808 2237 membra
837 2198 904 2236 ex
953 2190 1110 2252 parte
1134 2183 1186 2248 ³;
1220 2200 1240 2234 ι
1272 2179 1478 2236 dixeris
1517 2178 1763 2234 membra
1807 2192 1930 2232 cor-

354 2276 510 2345 poris
554 2290 676 2344 quaa
725 2275 900 2344 magis
958 2273 1270 2329 necessaria
1333 2280 1485 2339 sunt,
1537 2279 1722 2340 atque,
1754 2279 1812 2323 ut
1857 2268 1931 2323 ita

359 2367 566 2430 dicam,
597 2381 814 2429 sensus,
849 2381 946 2420 eos
980 2381 1046 2420 ex
1098 2365 1300 2436 populo
1353 2379 1476 2418 esse
1507 2365 1600 2433 qui
1634 2360 1930 2417 necessarii

354 2455 659 2522 habentur;
694 2463 775 2518 ut,
811 2455 964 2510 verbi
997 2471 1184 2517 causa,
1218 2463 1382 2525 caput
1417 2453 1658 2524 prmfecti
1697 2452 1926 2517 fuerint;

355 2558 440 2606 os,
493 2543 778 2612 magistri;
832 2559 1013 2608 aures,
1085 2544 1382 2614 prudentes
1418 2541 1730 2607 auditores;
1762 2540 1928 2604 oculi,

355 2634 449 2704 qui
492 2634 545 2687 in
577 2632 875 2703 Scripturis
901 2636 1246 2704 perspicaces
1281 2641 1438 2698 sunt;
1479 2647 1695 2697 manus,
1720 2632 1813 2702 qui
1845 2645 1932 2685 re-

356 2725 461 2780 bus
491 2725 716 2796 agendis
741 2727 1104 2796 promptiores
1141 2744 1154 2779 :
1179 2734 1344 2796 atque
1371 2739 1496 2778 cum
1537 2723 1771 2793 quadam
1799 2737 1930 2794 pro-

363 2816 614 2886 portione
645 2817 725 2872 sic
753 2817 964 2887 reliqua
1005 2817 1253 2887 corporis
1303 2816 1548 2872 membra
1593 2817 1930 2873 distribuan-

363 2915 473 2964 tur.
498 2907 622 2962 Pari
655 2909 815 2963 modo
843 2910 1072 2979 capillos
1129 2910 1401 2981 intelligas
1448 2925 1570 2966 esse
1618 2911 1928 2965 multitudi.

358 3011 484 3051 nem
515 3005 706 3063 totam,
738 3013 802 3052 ac
831 2998 1160 3068 superfluam
1195 3001 1411 3054 turbam
1445 3016 1658 3066 eorum,
1691 3002 1781 3070 qui
1832 3002 1931 3054 ali-

2027 1903 2056 1955 ὃ
2083 1901 2146 1973 δὴ
2179 1901 2473 1973 παρίστησι
2517 1898 2716 1966 λέγων’
2783 1914 2801 1947 ι
2833 1888 3274 1961 Ἐπληθύνθησαν
3317 1883 3454 1954 ὑπὲρ
3489 1879 3569 1943 τὰς

2027 1997 2217 2066 τρίχας
2249 1993 2350 2062 τῆς
2379 1991 2618 2062 κεφαλῆς
2660 2005 2759 2061 μου
2802 1988 2852 2040 οἰ
2888 1981 3167 2056 μισοῦντές
3209 1995 3278 2050 με
3319 1973 3565 2066 δωρεάν.ι

2030 2062 2093 2140 Εἰ
2121 2062 2189 2139 δὲ
2229 2083 2386 2154 σῶμα
2411 2080 2575 2136 αὑτοῦ
2596 2078 2897 2148 τυγχάνειή
2922 2069 3210 2142 Ἐκκλησία
3237 2063 3424 2126 αὐτοῦ,
3454 2062 3572 2116 κατὰ

2028 2180 2118 2233 τὸν
2157 2175 2492 2241 Ἀπόστολον,
2527 2174 2585 2238 ὃς
2617 2173 2861 2231 ἐδίδασκε
2882 2168 3053 2237 λέγων
3071 2182 3085 2194 ·
3129 2182 3146 2215 ι
3168 2162 3362 2232 Ὑμεῖς
3390 2158 3444 2211 δέ
3468 2158 3572 2208 ἔστι

2032 2272 2188 2342 σῶμα
2210 2269 2444 2341 Χριστοῦ
2479 2268 2573 2323 καὶ
2607 2265 2742 2338 μέλη
2773 2266 2838 2316 ὲκ
2873 2261 3068 2333 μέρους
3089 2276 3102 2287 ·
3147 2275 3165 2308 ι
3220 2255 3398 2314 εἴποις
3431 2249 3492 2303 ἂν
3517 2246 3574 2300 τὰ

2035 2362 2133 2432 μὲν
2173 2359 2571 2430 ἀναγκαιότερα
2624 2355 2756 2427 μέλη
2802 2353 2896 2406 τοῦ
2937 2351 3205 2422 σώματος,
3245 2349 3344 2402 καὶ
3385 2343 3477 2408 τὰ,
3511 2344 3566 2432 ivi

2028 2431 2199 2513 οὕτως
2233 2450 2402 2513 εἴπω,
2441 2446 2787 2517 αἰσθητήρια,
2814 2443 2938 2505 τοὺς
2969 2439 3296 2509 ἀναγκαίους
3331 2433 3469 2490 εἶναι
3493 2431 3573 2486 τοῦ

2031 2541 2189 2594 λαοῦ·
2245 2534 2354 2593 οἷον
2399 2538 2639 2610 κεφαλὴν
2679 2539 2803 2600 τοὺς
2854 2533 3216 2605 ἡγουμένους,
3267 2529 3442 2600 στόμα
3469 2526 3576 2588 τοὺς

2028 2631 2400 2694 διδασκάλους,
2439 2632 2532 2684 καὶ
2579 2631 2706 2692 τοὺς
2740 2626 2995 2688 συνετοὺς
3035 2620 3309 2695 ἀκροατὰς
3349 2619 3419 2673 τὰ
3457 2611 3573 2678 ὦτα,

2027 2724 2154 2786 τοὺς
2211 2721 2520 2792 ὀφθαλμοὺς
2587 2721 2714 2782 τοὺς
2779 2717 3117 2789 διορατικοὺς
3174 2714 3282 2767 τῶν
3344 2710 3574 2782 Γραςςῶν,

2029 2815 2216 2884 χεῖρας
2247 2812 2370 2874 τοὺς
2418 2809 2920 2881 πρακτικωτέρους,
2967 2805 3172 2868 τούτοις
3212 2821 3273 2856 τε
3320 2801 3576 2869 ἀναλόγως

2028 2903 2098 2956 τὰ
2129 2902 2291 2956 λοιπὰ
2325 2903 2461 2973 μέλη
2491 2901 2585 2954 τοῦ
2616 2899 2882 2970 σώματος,
2908 2894 2988 2962 οἷς
3022 2895 3307 2952 ἀκόλουθον
3337 2895 3427 2965 εἴη
3456 2893 3576 2946 νοεῖν

2027 2996 2219 3068 τρίχας
2245 2991 2382 3050 εἶναι
2414 2993 2506 3047 τοῦ
2541 2995 2739 3058 παντὸς
2769 2994 2838 3048 τὰ
2867 2992 3065 3064 πλήθη,
3101 2991 3194 3044 ml.
3222 2989 3312 3042 τὸν
3344 2984 3577 3057 περιττὸν

358 3105 524 3160 quem
591 3097 845 3144 ornatum
923 3091 1022 3144 toti
1095 3091 1312 3160 corpori
1382 3092 1698 3153 conciliant,
1750 3107 1925 3161 neque

2030 3087 2183 3159 ὄχλον
2219 3089 2481 3160 φέροντας
2529 3087 2627 3158 μέν
2670 3104 2791 3142 τινα
2827 3085 3030 3154 κόσμον
3082 3082 3187 3152 ὅλῳ
3235 3078 3314 3149 τῷ
3363 3077 3575 3147 σώματι,

358 3190 540 3235 tamen
571 3182 798 3250 perinde
829 3183 1124 3236 necessarii
1151 3193 1279 3238 sunt
1318 3197 1382 3236 ac
1410 3182 1624 3252 reliqua
1658 3184 1924 3239 membra.

359 3269 586 3326 Talibus
614 3271 776 3342 igitur
796 3272 1009 3341 capillis
1036 3273 1209 3328 multo
1236 3273 1420 3342 plures
1473 3287 1700 3326 numero
1730 3271 1930 3328 fuerint

357 3362 453 3432 qui
487 3363 648 3416 alieni
673 3371 800 3416 sunt
831 3378 862 3416 a
894 3363 1016 3428 fide,
1053 3372 1239 3433 utpote
1268 3363 1362 3433 qui
1395 3363 1450 3416 in
1473 3364 1582 3417 lata
1608 3372 1660 3418 et
1690 3364 1928 3432 spatiosa

359 3455 447 3509 via
505 3453 780 3508 incedant.
814 3454 1178 3520 Quamobrem
1212 3456 1421 3509 dictum
1456 3464 1543 3510 est
1574 3475 1586 3510 :
1621 3473 1639 3504 ι
1667 3453 1929 3524 Multipli-

367 3545 477 3600 cati
505 3555 632 3600 sunt
660 3562 824 3616 super
855 3547 1085 3618 capillos
1116 3548 1312 3617 capitis
1347 3548 1454 3602 mei
1474 3545 1814 3618 quiodcrunt
1843 3562 1930 3602 me

359 3638 548 3705 gratis.
563 3657 581 3688 ι
601 3637 782 3694 Gratis
796 3647 975 3694 autem
989 3639 1168 3694 odisse
1183 3639 1456 3704 dicuntur,
1473 3639 1568 3708 qui
1585 3639 1788 3692 nullam
1805 3654 1930 3708 pro-

361 3727 502 3782 ferre
527 3728 708 3782 valent
735 3729 848 3784 odii
879 3744 1124 3794 causam,
1151 3737 1210 3784 ut
1269 3729 1363 3800 qui
1414 3730 1655 3785 salutare
1703 3730 1926 3784 verbum

361 3828 795 3889 persequuntur,
823 3837 947 3876 cum
977 3824 1126 3876 nulla
1151 3822 1440 3878 incusandi
1463 3823 1583 3893 ejus
1629 3825 1772 3878 ratio
1798 3840 1929 3896 sup-

359 3917 529 3978 petat.
561 3911 666 3966 Pro
702 3913 797 3967 illo
846 3924 1048 3982 autem,
1086 3933 1105 3966 (
1139 3914 1233 3985 qui
1282 3913 1517 3968 oderunt
1561 3929 1648 3970 me
1675 3917 1862 3986 gratis,
1903 3937 1922 3970 ›

361 4004 742 4074 Symmachus,
791 4025 809 4057 ι
846 4007 1092 4062 odientes
1136 4022 1243 4072 me,
1274 4006 1475 4076 inquit,
1526 4008 1644 4063 sine
1676 4024 1862 4064 causa.
1905 4030 1923 4062 ι

358 4090 442 4146 Illi
469 4095 672 4164 itaque,
706 4096 802 4156 ait,
837 4098 1188 4167 multiplicati
1215 4107 1344 4153 sunt
1385 4101 1508 4170 plus
1555 4116 1716 4170 quam
1744 4100 1928 4171 capilli

359 4185 556 4254 capitis
589 4186 714 4241 mei.
751 4187 893 4252 Quin
921 4189 1084 4242 etiam
1110 4189 1402 4245 confortati
1433 4199 1560 4247 sunt
1579 4193 1782 4247 inimici
1814 4208 1930 4262 per-

361 4283 654 4346 sequentes
699 4293 846 4332 eum.
878 4278 944 4331 Et
1008 4294 1140 4334 sane
1183 4281 1369 4337 videre
1397 4290 1502 4348 est,
1528 4297 1636 4351 quo
1687 4291 1928 4352 tempore

359 4368 722 4437 persequendi
790 4367 1024 4425 facultas
1098 4371 1280 4439 datur,
1330 4372 1653 4436 confortari,
1719 4374 1923 4440 extolli,

2033 3179 2109 3249 μὴ
2160 3177 2264 3250 μὴν
2308 3176 2611 3246 ἀναγκαίαν
2659 3174 2779 3229 τινὰ
2837 3174 3028 3245 χρῆσιν
3081 3169 3271 3245 ὁμοίαν
3312 3166 3384 3220 τὰ
3437 3163 3578 3218 λοιπὰ

2033 3271 2190 3342 μέλη.
2227 3270 2346 3322 Τῶν
2369 3264 2462 3322 οὖν
2485 3268 2740 3322 τοιούτων
2775 3265 2976 3337 τριχῶν
3006 3261 3183 3333 πολλῷ
3217 3261 3458 3314 πλεῖστοι
3487 3251 3579 3309 εἷεν

2029 3360 2095 3414 ἂν
2133 3363 2182 3414 οἰ
2221 3359 2489 3431 ἀλλότριοι
2527 3359 2628 3429 τῆς
2675 3358 2928 3422 πίστεως,
2964 3356 3057 3410 ἆτε
3095 3354 3158 3426 δὴ
3197 3353 3294 3424 τὴν
3338 3351 3578 3404 πλατεῖαν

2031 3455 2126 3508 ml.
2188 3453 2284 3524 τὴν
2349 3452 2655 3525 εὐρύχωρον
2726 3449 3050 3520 βαδίζοντες.
3135 3445 3228 3498 Διὸ
3311 3443 3575 3496 λέλεκταιο

2035 3563 2053 3596 ι
2079 3542 2518 3615 Ἐπληθύνθησαν
2562 3542 2701 3612 ὑπὲρ
2736 3539 2833 3604 τὰς
2859 3539 3046 3610 τρίχας
3079 3539 3179 3608 τῆς
3209 3533 3452 3604 κεφαλῆς
3491 3547 3578 3602 μου

2027 3638 2078 3690 οἰ
2114 3637 2397 3708 μισοῦντές
2435 3652 2502 3707 με
2533 3634 2760 3705 δωρεάν.
2794 3652 2813 3684 ›
2863 3630 3077 3703 Δωρεάν
3109 3630 3166 3683 δὲ
3201 3631 3381 3700 μισεῖν
3414 3625 3578 3692 λέγον-

2028 3745 2120 3780 ται
2152 3729 2201 3781 οἱ
2235 3728 2336 3781 οὐκ
2371 3727 2584 3797 ἔχοντες
2617 3724 2794 3780 αἰτίαν
2819 3725 2990 3776 εἰπεῖν
3037 3721 3129 3774 τοῦ
3176 3720 3390 3792 μίσους,
3437 3717 3506 3778 ὡς
3538 3714 3580 3766 οἰ

2028 3817 2116 3871 τὸν
2149 3818 2413 3888 σωτήριον
2436 3816 2589 3886 λόγον
2612 3814 2894 3877 διώκοντες
2921 3814 3014 3868 καί
3047 3812 3210 3885 μηδὲν
3241 3809 3577 3880 καταμέμφε-

2031 3909 2153 3961 σθαι
2195 3908 2342 3978 αὺτῷ
2375 3907 2681 3979 δυνάμενοι.
2731 3907 2874 3959 Ἀντί
2904 3905 2962 3958 δὲ
2993 3905 3108 3969 τοῦ,
3155 3924 3173 3955 ι
3210 3905 3258 3959 οἰ
3313 3901 3577 3975 μισοῦντές

2031 4015 2099 4069 με
2141 3996 2379 4066 δωρεὰν,
2411 4016 2429 4049 ι
2485 3999 2512 4049 ὁ
2566 3995 2890 4068 Σύμμαχος,
2953 4014 2971 4044 ι
3025 3995 3088 4048 Οἱ
3141 3992 3424 4064 μισοῦντές
3486 4007 3574 4061 με,

2031 4087 2216 4158 φησὶν,
2277 4086 2553 4150 ἀναιτίως.
2609 4105 2628 4138 ›
2669 4077 2827 4140 οὗτοι
2864 4080 2956 4138 οὖν
3002 4083 3199 4155 μᾶλλον
3239 4084 3575 4140 ἐπλεόνασαν,

2031 4180 2214 4249 φησὶν,
2263 4179 2297 4248 ἢ
2341 4179 2397 4232 αἰ
2437 4179 2623 4249 τρίχες
2673 4178 2771 4248 τῆς
2819 4175 3061 4245 κεφαλῆς
3111 4193 3234 4246 μου.
3289 4173 3447 4227 Ἀλλά
3495 4171 3577 4224 καὶ

2030 4267 2476 4342 ὲκραταιώθησαν
2508 4270 2557 4322 οἱ
2591 4267 2774 4339 ἐχθροὶ
2802 4266 2966 4322 αὑτοῦ
3001 4269 3048 4319 οἰ
3079 4265 3364 4328 διώκοντες
3409 4264 3574 4316 αὐτόν.

2034 4361 2162 4414 Ἰδοι
2199 4360 2329 4430 γοῦν
2361 4378 2464 4426 τις,
2495 4359 2618 4415 καθ’
2653 4360 2878 4412 ἕκαστον
2917 4358 3102 4430 καιρὸν
3137 4357 3259 4412 καθ’
3291 4358 3350 4410 ὃν
3380 4355 3574 4409 διώκειν

359 4460 638 4528 multaque
661 4475 822 4530 posse
857 4462 1106 4517 inimicos
1137 4463 1276 4532 ejus.
1331 4463 1535 4533 Injuste
1583 4473 1762 4519 autem
1798 4481 1920 4534 per—

2032 4452 2469 4523 συγχωροῦνται,
2523 4452 2986 4522 κραταιουμένους
3037 4452 3130 4504 ml.
3179 4449 3574 4519 ἐπαιρομένους,

362 4560 666 4620 sequuntur
687 4553 860 4617 illum,
884 4560 937 4608 et
961 4555 1132 4623 gratis
1161 4556 1414 4612 oderunt.
1439 4557 1574 4612 Cum
1605 4559 1748 4612 enim
1776 4559 1926 4612 nulla

359 4642 538 4699 subsit
572 4644 872 4700 inimicitiae
901 4661 1102 4712 causa,
1135 4663 1312 4717 neque
1358 4659 1782 4704 consentaneam
1838 4664 1927 4702 ra-

361 4732 566 4788 tionem
601 4733 849 4802 proferre
879 4734 1093 4789 valeant
1118 4750 1218 4789 cur
1246 4743 1678 4806 persequantur,
1723 4734 1928 4804 injuste

357 4831 542 4900 tamen
576 4831 791 4878 vexant.
825 4826 921 4880 Ille
950 4841 1082 4880 vero
1137 4808 1261 4880 cuin
1311 4827 1447 4879 nihil
1501 4829 1760 4896 rapuerit,
1787 4826 1924 4880 nihil

356 4913 574 4983 injuriae
603 4915 868 4981 intulerit,
893 4917 1219 4988 supplicium
1249 4917 1367 4972 luit.
1391 4917 1525 4972 Nam
1548 4918 1596 4972 si
1625 4918 1926 4973 secundum

357 5006 505 5076 leges
535 5021 712 5076 paenae
736 5023 766 5060 a
812 5009 922 5062 reis
975 5009 1282 5078 repetendae
1317 5010 1447 5074 sint,
1476 5025 1652 5079 neque
1685 5010 1801 5080 ipse
1830 5025 1927 5064 ne-

357 5111 464 5166 que
496 5102 742 5167 germani
789 5099 908 5168 ejus
957 5098 1214 5169 discipuli
1249 5101 1432 5171 aliquo
1459 5101 1516 5154 in
1567 5100 1807 5156 facinore
1831 5100 1927 5154 de-

358 5189 616 5258 prehensi
666 5196 819 5245 sunt.
886 5187 1018 5245 Jure
1075 5207 1205 5262 ergo
1249 5192 1325 5246 ait
1359 5210 1372 5246 :
1408 5211 1426 5243 ‹
1462 5191 1594 5258 Quae
1628 5207 1738 5246 non
1768 5192 1924 5262 rapui

355 5284 491 5331 tunc
549 5279 921 5334 exsolvebam.
971 5299 990 5332 ι
1041 5279 1120 5333 Ac
1170 5290 1418 5350 tempore
1478 5282 1755 5350 passionis
1813 5296 1926 5336 suae

357 5369 527 5436 gratis
547 5369 920 5438 cruciabatur,
953 5378 1009 5424 ct
1035 5370 1366 5442 supplicium
1389 5372 1593 5434 luebat,
1625 5386 1750 5425 cum
1791 5373 1925 5428 nulli

357 5457 613 5526 injuriam
642 5459 882 5518 fecisset.
921 5461 1102 5527 Quare
1135 5473 1266 5517 tunc
1295 5462 1507 5518 dicebat
1546 5479 1560 5514 :
1601 5483 1619 5516 ι
1651 5461 1782 5530 Quae
1816 5480 1923 5518 non

356 5548 515 5618 rapui
538 5557 668 5604 tunc
711 5551 1097 5619 exsolvebam;
1142 5573 1161 5606 ›
1213 5554 1352 5620 sive,
1413 5555 1714 5610 secundum
1761 5553 1926 5625 Aqui-

431 5727 450 5758 ’
496 5723 639 5782 Dsal.
683 5742 838 5795 XVIII,
879 5728 930 5783 5.
1008 5727 1028 5760 ³
1070 5727 1085 5782 Ι
1125 5727 1252 5786 Cor.
1294 5745 1391 5797 xli,
1431 5731 1519 5785 27.

2031 4542 2125 4596 καὶ
2153 4541 2324 4596 πολλὰ
2361 4543 2688 4613 δυναμένους
2724 4543 2850 4606 τοὺς
2877 4541 3102 4614 ἐχθροὺς
3145 4541 3330 4596 αὑτοῦ.
3371 4539 3573 4600 Ἀδίκως

2027 4635 2085 4688 δὲ
2110 4634 2271 4688 αὐτὸν
2297 4633 2577 4687 διώκουσιν
2604 4629 2769 4698 οὗτοι,
2800 4633 2894 4686 καὶ
2924 4633 3146 4704 ἐμίσουν
3173 4633 3334 4688 αὐτὸν
3365 4629 3573 4701 δωρεάν.

2028 4727 2314 4797 Μηδεμίαν
2343 4725 2451 4797 γὰρ
2481 4725 2694 4796 ἔχοντες
2723 4724 2974 4778 ὑπόθεσιν
3003 4723 3220 4796 ἔχθρας,
3257 4723 3388 4794 μηδὲ
3414 4721 3572 4782 αἰτίας

2028 4817 2200 4871 εἰπεῖν
2229 4815 2483 4883 εὐλόγους
2511 4808 2612 4867 οἶοί
2652 4830 2712 4865 τε
2744 4813 2810 4866 δι’
2842 4811 2929 4875 ἃς³
2947 4811 3252 4876 διώκουσιν,
3288 4812 3431 4881 ὅμως
3468 4805 3571 4859 ἀδίο

2029 4924 2141 4970 κως
2187 4907 2348 4960 αὐτὸν
2382 4905 2683 4960 διώκουσιν.
2747 4907 2804 4960 '0
2836 4906 2894 4958 δὲ
2939 4905 3077 4975 ὑπὲρ
3119 4898 3194 4957 ὧν
3247 4904 3322 4974 μὴ
3355 4904 3572 4972 ἥρπασεν

2031 4998 2164 5070 μηδὲ
2196 4999 2439 5069 ἠδίκησε,
2472 4998 2693 5052 κόλασιν
2727 4997 3033 5066 ὑπέμεινεν.
3067 4997 3130 5049 Εἰ
3178 4995 3286 5069 γὰρ
3328 4991 3462 5047 κατά
3495 4989 3570 5043 νό-

2030 5106 2164 5160 μους
2201 5091 2476 5161 υπροσήκει
2510 5089 2664 5160 δίκην
2702 5087 3116 5160 εἰσπράττεσθαι
3166 5089 3293 5150 τοὺς
3337 5080 3569 5155 ἠδικηκό-

2029 5199 2162 5245 τας,
2193 5180 2314 5234 οὔτε
2355 5181 2410 5234 δὲ
2442 5182 2603 5244 αὐτὸς
2643 5179 2765 5233 οὔτε
2809 5179 2858 5232 οἰ
2899 5176 3062 5232 αὑτοῦ
3096 5178 3311 5247 γνήσιοι
3353 5170 3568 5247 μαθηταὶ

2027 5274 2244 5344 ἧλωσάν
2285 5291 2414 5326 ποτε
2465 5273 2556 5326 ἐπὶ
2595 5271 2940 5344 παρανομίᾳ·
2984 5270 3209 5332 εἰκότως
3253 5267 3439 5340 φησίν·
3479 5264 3566 5315 «Ἃ

2027 5367 2126 5438 οὐχ
2159 5367 2380 5438 ἦρπασα
2422 5366 2541 5419 τότε
2573 5365 2912 5418 ἀπετίννυον.
2937 5383 2955 5416 ι
2988 5363 3100 5416 Καὶ
3125 5361 3265 5416 κατά
3288 5360 3373 5414 τὸν
3397 5356 3566 5425 καιρὸν

2025 5460 2082 5513 δὲ
2123 5459 2217 5511 τοῦ
2260 5459 2462 5522 πάθους
2505 5456 2667 5510 αὑτοῦ
2710 5455 2914 5526 δωρεὰν
2959 5454 3185 5524 ἔπασχε,
3223 5454 3316 5508 καὶ
3351 5450 3479 5519 ὑπὲρ
3502 5439 3564 5499 ὧι

2032 5552 2105 5624 μὴ
2140 5551 2385 5621 ἠδικήκει
2430 5550 2698 5621 τιμωρίαν
2742 5547 2930 5603 ἐδίδου.
2983 5544 3074 5599 Διδ
3105 5546 3199 5600 καὶ
3228 5544 3342 5597 τότε
3372 5539 3562 5608 ἑλεγενυ
