3776 6284
181 335 269 393 735
1270 330 1775 388 COMMENTARIA
1812 331 1877 385 IN
1916 330 2253 387 PSALMOS.

3282 325 3383 381 τδι

179 469 196 501 ι
226 447 284 500 Ἀ
327 444 416 515 οὐχ
455 442 700 514 ἥρπαζον
747 443 868 497 τότε
911 442 1255 498 ἀπετίννυονο
1293 463 1311 495 ι
1339 445 1396 515 ἢ,
1436 445 1573 499 κατά
1613 446 1689 499 τὸν

1828 463 1958 500 am:
2005 466 2024 498 ι
2065 446 2197 513 Quae
2230 461 2338 500 non
2370 445 2639 499 violenter
2684 446 2885 503 abstuli
2946 452 3078 499 tunc
3125 443 3383 498 restitue-

184 539 411 596 ⁹Διιύλιιν·
449 538 550 590 «Ἀ
578 538 678 591 οὐκ
710 537 1015 609 ἐϐιασάμην
1047 537 1166 590 τότε
1200 538 1554 610 ὲπέστρεφον.
1578 559 1597 591 ι

234 651 321 704 «⁸0
342 649 486 715 Θεὸς,
520 650 581 703 σὺ
610 648 779 717 ἔγνως
803 648 901 719 τὴν
935 650 1244 721 ἀφροσύνην
1276 668 1398 721 μου.
1438 670 1455 702 ι
1496 652 1704 722 Ὠσπερ

167 742 477 812 ἀνεγκλήτως
500 740 529 793 ὁ
558 740 699 803 θεῖος
724 739 1041 803 Ἀπόστολος
1060 742 1259 810 μωρὸν
1274 741 1382 795 τοῦ
1400 743 1546 796 Θεοῦ
1568 743 1673 797 ώνό
1688 772 1703 783 -

171 851 288 906 μασε
309 833 365 885 τὸ
386 830 554 893 πάθος
575 830 670 883 τοῦ
693 831 966 902 Σωτῆρος,
992 833 1087 885 καὶ
1112 832 1396 886 ἀσθένειαν
1417 834 1510 887 τὸν
1538 851 1702 887 σταυ-

169 928 261 998 ρὸν,
297 924 450 978 είπών
468 943 481 956 ·
512 942 531 975 ι
556 923 900 996 Ἐσταυρώθη
926 924 985 989 ἐξ
1015 925 1298 989 ἀσθενείας
1319 942 1365 977 ἰ
1390 927 1482 980 καὶ
1508 925 1666 980 πάλιν
1684 943 1699 958 ο

167 1042 182 1073 ι
211 1021 379 1091 Ἡμεῖς
440 1018 496 1071 δὲ
558 1016 902 1087 κηρύσσομεν
968 1018 1201 1088 Χριστὸν
1265 1018 1698 1090 ἐσταυρωμένον,

172 1110 413 1171 Ἰουδαίοις
447 1107 546 1178 μὲν
576 1105 891 1170 σκάνδαλον,
932 1105 1108 1158 ἔθνεσι
1134 1106 1191 1159 δὲ
1235 1107 1445 1177 μωρίαν
1467 1124 1479 1137 ’
1521 1108 1601 1160 ὅτι
1641 1108 1701 1160 τὸ

164 1200 316 1271 μωρὸν
343 1196 431 1250 τοῦ
463 1196 599 1250 Θεοῦ
639 1195 942 1268 σοφώτερον
970 1196 1077 1249 τῶν
1104 1196 1404 1269 ἀνθρώπων
1436 1199 1572 1263 ἐστὶ,
1606 1200 1700 1251 καὶ

157 1294 207 1345 τὸ
232 1290 437 1354 ἀσθενὲς
470 1290 564 1343 τοῦ
590 1288 725 1342 Θεοῦ
760 1288 1109 1361 ίσχυρότερον
1157 1290 1263 1342 τῶν
1306 1290 1608 1361 ἀνθρώπων
1628 1308 1641 1322 ·
1672 1311 1692 1344 ι

153 1383 274 1438 οὕτω
310 1384 395 1436 καὶ
432 1382 529 1436 νῦν
570 1384 669 1436 οὐκ
710 1382 775 1437 ἂν
819 1383 1085 1454 ἁμάρτοις
1118 1384 1215 1454 τὴν
1270 1384 1500 1437 ἐνταῦθα
1541 1384 1695 1453 λεγο-

156 1478 299 1548 μένην
343 1476 651 1547 ἀφροσύνην
700 1476 1097 1548 παραπλησίως
1142 1478 1341 1548 νοήσας
1386 1479 1451 1547 τῇ
1501 1477 1699 1547 ὀνομα-

153 1568 309 1639 σθείσῃ
336 1569 481 1640 παρά
623 1570 929 1640 Ἀποστόλῳ
962 1568 1159 1640 μωρίᾳ.
1200 1568 1358 1621 Ἀλλὰ
1386 1569 1481 1622 καὶ
1509 1568 1697 1640 ὥσπερ

150 1662 271 1729 ἔγνω
300 1660 495 1733 Κύριος
544 1662 673 1725 τοὺς
717 1662 877 1725 ὄντας
920 1660 1119 1725 αὑτοῦ,
1159 1662 1388 1733 ἐπείπερ
1428 1660 1695 1733 ὲξαίρετοί

148 1752 269 1815 τινές
304 1753 435 1806 εἰσιν
462 1755 515 1807 οί
548 1754 648 1825 τῆς
678 1753 771 1807 τοῦ
797 1754 933 1808 Θεοῦ
975 1753 1227 1825 γνώσεως
1264 1753 1688 1826 κατηξιωμένοι·

146 1844 292 1907 οὕτως
317 1846 466 1915 καὶὴ
519 1845 753 1901 ἐνταῦθα
800 1845 1101 1919 ἀφροσύνη,
1138 1844 1262 1910 ἀξία
1301 1846 1399 1916 τῆς
1441 1844 1694 1914 γνώσεως

145 1936 451 2005 τυγχάνουσα
496 1936 594 1989 τοῦ
643 1936 797 2001 Θεοῦ,
853 1937 1025 2008 μέγαν
1068 1936 1188 1990 τινὰ
1224 1936 1318 1989 καὶ
1365 1934 1532 2006 βαθὺν
1578 1931 1691 2006 εἶχε

144 2024 291 2095 λόγον.
335 2028 407 2079 Ού
448 2025 561 2097 γὰρ
618 2026 771 2097 παρά
818 2026 915 2099 τὴν
971 2026 1067 2099 σὴν
1113 2027 1327 2097 βουλὴν,
1374 2026 1496 2080 οὐδὲ
1543 2026 1694 2098 παρὰ

142 2117 224 2189 τὴν
270 2117 360 2189 σὴν
388 2118 591 2186 γνῶσιν
635 2119 871 2188 ἐγένετο,
925 2119 1110 2190 φησὶν,
1155 2122 1189 2190 ή
1239 2118 1518 2190 ἀφροσύνη
1565 2137 1689 2191 μου.

143 2208 259 2263 Ποία
302 2209 356 2263 δὲ
404 2209 546 2281 αῦτη
595 2212 645 2263 εἰ
702 2211 776 2281 μὴ
823 2213 856 2282 ἡ
896 2208 1229 2282 νομιζομένη
1294 2214 1408 2276 τοῖς
1448 2210 1688 2279 πολλοῖς;

150 2297 226 2361 ὀς
260 2300 359 2370 γὰρ
399 2301 431 2370 ἡ
472 2300 654 2371 μωρία
686 2300 939 2373 Ἕλλησιν
993 2301 1268 2373 ἐνομίζετο
1316 2302 1516 2374 μωρία,
1550 2303 1694 2357 κατά

144 2387 304 2456 βαθεῖς
357 2389 412 2441 δὲ
456 2389 652 2458 λόγους
703 2390 840 2443 Θεοῦ
905 2390 1302 2444 συνεπελεῖτο·
1365 2394 1460 2446 καὶ
1512 2388 1579 2465 ἦν
1631 2393 1693 2445 τὸ

140 2480 250 2551 παρ’
277 2480 579 2552 ἀνθρώποις
619 2483 801 2554 μωρὸν
846 2482 1198 2555 νομιζόμενον
1248 2483 1553 2557 σοφώτερον
1584 2485 1691 2539 τῶν

138 2571 444 2643 ἀνθρώπων·
489 2574 762 2646 ηὐδόκησε
811 2575 919 2647 γάρ
966 2577 995 2627 ὁ
1038 2574 1174 2638 Θεὸς
1216 2575 1303 2630 διά
1348 2576 1447 2648 τῆς
1481 2577 1691 2648 μωρίας

136 2664 214 2717 τοῦ
242 2665 586 2737 κηρύγματος
612 2667 784 2720 σῶσαι
827 2668 951 2731 τοὺς
986 2666 1359 2732 πιστεύοντας·
1392 2669 1563 2732 οὕτως
1597 2670 1690 2723 καὶ

137 2756 484 2826 ἡᾶφροσύνη,
530 2758 595 2829 ἣν
640 2757 708 2811 δι’
756 2759 904 2828 ἡμᾶς
946 2759 1154 2829 suam;
1210 2758 1452 2823 κενώσας
1499 2760 1689 2814 ἑαυτὸν

136 2847 214 2900 καὶ
256 2848 458 2920 μορφὴν
485 2849 676 2902 δούλου
721 2849 898 2906 λαϐὼν
926 2852 1019 2904 καί
1059 2852 1251 2924 μέχρις
1282 2851 1511 2905 θανάτου
1545 2869 1689 2924 παρ-

135 2939 299 3005 ελθὼν,
361 2944 648 3015 σοφωτέρα
693 2943 791 3014 τῆς
838 2944 947 2996 τῶν
1001 2943 1300 3017 ἀνθρώπων
1366 2944 1556 3013 σοφίας
1597 2940 1686 3017 ἦν.

143 3032 193 3088 Ὀ
212 3034 353 3104 λόγος
379 3036 488 3108 γὰρ
537 3039 565 3090 ὁ
605 3035 698 3089 τοῦ
734 3035 970 3108 σταυροῦ
1002 3039 1114 3100 τοῖς
1151 3038 1248 3108 μὲν
1273 3038 1685 3108 ἀπολλυμένοις,

1807 538 1952 591 bam.
1986 556 2005 588 ι

1822 652 1825 655 ’
1875 648 2046 704 Vens.
2078 652 2131 704 li.
2166 666 2186 699 ι
2226 648 2391 713 Deus,
2426 656 2484 702 tu
2531 649 2641 704 scis
2693 648 3058 717 insipientiam
3116 661 3316 701 meam.
3355 664 3373 695 ι

1806 741 2280 807 Quemadmodum
2355 741 2576 795 divinus
2629 740 2925 809 Apostolus
2980 738 3202 793 stultum
3254 737 3373 800 Dei,

1804 833 2115 903 passionem
2151 830 2452 886 Salvatoris
2475 872 2490 896 ,
2522 839 2576 886 et
2610 847 2852 893 crucem,
2887 831 3256 887 inﬁrmitatem
3287 830 3374 883 in-

1803 927 2063 995 culpatim
2094 925 2308 979 vocavit
2352 925 2542 979 dicens
2586 943 2598 978 :
2638 943 2656 976 ι
2692 924 2999 979 Crucilixus
3024 934 3195 978 estex
3225 922 3375 977 infir-

1802 1019 1995 1071 mitate
2019 1017 2082 1081 ‘;
2120 1035 2142 1068 ι
2177 1031 2239 1069 ac
2286 1031 2546 1071 rursum:
2585 1034 2603 1066 ι
2645 1014 2755 1069 Nos
2804 1026 2981 1070 autem
3018 1015 3374 1085 praedicamus

1801 1102 2080 1157 Christum
2136 1103 2482 1167 cruciﬁxum,
2513 1102 2718 1158 Judaeis
2762 1105 2983 1174 quidem
3018 1104 3371 1168 scandalum,

1800 1196 2058 1264 gentibus
2088 1202 2268 1248 autem
2326 1195 2637 1258 stultitiam,
2664 1197 2792 1265 quia
2839 1196 2981 1265 quod
3029 1195 3256 1249 stultum
3290 1200 3375 1249 est

1801 1285 1918 1348 Dei,
1952 1287 2255 1356 sapientius
2286 1296 2370 1343 est
2395 1286 2708 1341 hominibus
2727 1308 2738 1342 :
2760 1295 2813 1343 et
2830 1288 2975 1358 quod
2995 1287 3267 1341 inﬁrmum
3289 1292 3374 1339 est

1800 1378 1918 1441 Dei,
1946 1377 2139 1433 fortius
2156 1386 2240 1433 est
2263 1379 2576 1434 hominibus
2596 1381 2615 1411 ⁸
2639 1398 2652 1447 ;
2680 1400 2696 1431 ι
2719 1381 2798 1435 sic
2820 1388 2875 1434 ct
2906 1381 2960 1433 in
2990 1378 3243 1449 praesenti
3261 1391 3372 1430 non

1805 1471 2172 1534 aberraveris,
2206 1471 2252 1525 si
2290 1472 2659 1540 insipientiam
2702 1472 2789 1527 hic
2840 1480 3217 1533 memoratam,
3255 1467 3374 1539 pari

1798 1562 2010 1615 ratione
2053 1562 2325 1633 intelligas
2358 1573 2521 1632 atque
2566 1564 2857 1618 stultitiam
2892 1563 2961 1617 ab
2992 1562 3253 1632 Apostolo
3287 1558 3375 1614 di-

1796 1659 1963 1705 ctam.
1991 1649 2096 1705 Sed
2130 1652 2273 1705 sicut
2303 1654 2454 1706 novit
2489 1653 2752 1708 Dominus
2781 1653 2873 1723 qui
2904 1663 3032 1708 sunt
3052 1652 3194 1723 ejus,
3236 1666 3369 1721 quo-

1796 1741 1945 1795 niam
1968 1741 2189 1812 quidam
2219 1742 2404 1797 selecti
2430 1744 2679 1799 homines
2705 1752 2834 1799 sunt
2852 1743 2946 1799 Dei
2965 1744 3275 1815 cognitione
3296 1742 3375 1797 di-

1796 1833 1965 1902 gnati,
2017 1833 2089 1886 ita
2137 1832 2240 1887 hoc
2293 1834 2415 1889 loco
2467 1836 2779 1906 insipientia
2808 1836 2919 1902 illa,
2947 1852 3068 1906 qua:
3093 1835 3257 1905 digna
3286 1840 3374 1889 est

1796 1922 1890 1978 Dei
1939 1926 2271 1995 cognitione,
2305 1943 2559 1999 magnam
2608 1928 3049 1999 profundamque
3100 1928 3371 1983 rationem

1796 2013 2207 2087 habuit.Neque
2231 2017 2375 2071 enim
2401 2027 2600 2087 praeter
2628 2019 2963 2074 voluntatem
2990 2034 3053 2074 ac
3073 2030 3266 2089 praeter
3284 2033 3374 2073 co-

1793 2105 2094 2175 gnitionem
2120 2114 2268 2161 tuam
2300 2107 2403 2162 fuit
2424 2109 2515 2163 illa
2570 2109 2885 2180 insipientia
2927 2124 3070 2165 mea.
3110 2108 3371 2175 Quaenam

1794 2197 1909 2265 illa,
1934 2199 2040 2253 nisi
2062 2215 2183 2269 quae
2212 2201 2339 2256 talis
2386 2216 2419 2256 a
2454 2203 2644 2257 multis
2673 2202 3001 2274 reputatur?
3031 2200 3186 2257 Sicut
3228 2201 3373 2255 enim

1794 2289 2114 2362 insipientia
2140 2295 2232 2349 illa
2261 2295 2467 2351 Graecis
2499 2296 2814 2367 insipientia
2854 2295 3261 2360 mstimabatur,
3287 2308 3375 2349 se-

1795 2388 2040 2442 cundum
2073 2390 2403 2459 profundam
2431 2407 2560 2446 vero
2602 2390 2698 2446 Dei
2738 2392 3029 2454 rationem,
3069 2389 3137 2444 ad
3174 2388 3371 2443 melius

1795 2480 2150 2548 vertebatur;
2179 2488 2234 2535 et
2265 2480 2411 2551 quod
2446 2481 2515 2536 ab
2552 2480 2870 2535 hominibus
2890 2480 3115 2534 stultum
3147 2477 3376 2549 putaba-

1796 2577 1908 2636 tur,
1960 2571 2264 2642 sapientius
2303 2581 2420 2627 erat
2454 2573 2807 2639 hominibus;
2842 2588 2968 2626 nam
3017 2569 3129 2626 Deo
3170 2568 3375 2641 placuit

1794 2678 1890 2733 per
1921 2663 2208 2718 stultitiam
2233 2664 2639 2733 praedicationis
2654 2664 2942 2719 credentes
2963 2663 3145 2718 salvos
3168 2662 3371 2725 facere,

1796 2757 1877 2811 sic
1904 2765 1958 2811 et
1987 2757 2241 2820 stultitia,
2265 2772 2427 2828 quam
2459 2765 2683 2829 propter
2706 2772 2809 2811 nos
2855 2757 3044 2821 subiit,
3076 2756 3373 2810 humilians

1792 2848 2057 2917 seipsum,
2119 2846 2351 2902 formam
2433 2850 2577 2903 servi
2647 2848 2948 2918 accipiens,
2974 2856 3029 2903 et
3072 2863 3247 2917 usque
3300 2844 3375 2900 ad

1794 2948 2026 2995 mortem
2066 2940 2356 3005 accedens,
2407 2941 2710 3011 sapientior
2759 2941 2875 3011 ipsa
2937 2942 3218 2995 hominum
3281 2955 3373 2995 sa-

1793 3032 1999 3104 pientia
2032 3043 2167 3088 erat.
2196 3032 2330 3086 Nam
2366 3034 2548 3090 crucis
2576 3035 2713 3089 ratio
2740 3037 3093 3106 pereuntibus
3124 3035 3368 3105 quidem,

133 3128 274 3198 φησιν
322 3130 351 3181 ὁ
399 3128 769 3193 Ἀπόστολος,
825 3128 1005 3200 μωρία
1053 3130 1234 3192 ἐστὶν,
1274 3132 1323 3184 εἰ
1372 3130 1428 3183 δὲ
1481 3130 1684 3201 μωρία,

1822 3126 1971 3196 nquit
1998 3124 2317 3195 Apostolus,
2356 3125 2593 3180 stultitia
2623 3136 2726 3183 est.
2760 3125 2920 3192 Quod
2958 3127 3003 3183 si
3055 3126 3282 3181 stultitia
3316 3132 3372 3181 et

131 3221 210 3271 καὶ
252 3219 563 3290 ἀφροσύνη,
624 3223 738 3284 τοῖς
789 3221 846 3277 δὲ
894 3221 1225 3294 σωζομένοις
1278 3225 1409 3293 ἡμῖν
1460 3221 1689 3293 δύναμις

129 3308 245 3361 θεοῦ
302 3312 435 3366 ἐστι.
499 3311 715 3382 Ταύτην
773 3308 865 3366 οὖν
916 3313 1014 3383 τὴν
1071 3313 1382 3385 ἀφροσύνην
1445 3315 1539 3369 καὶ
1591 3314 1688 3385 τὴν

132 3399 315 3470 μωρίαν
364 3401 464 3459 οὐκ
518 3404 786 3474 ἠγνόησεν
829 3406 857 3457 ὁ
907 3404 1071 3468 Θεός·
1116 3404 1280 3459 αὐτοῦ
1341 3404 1449 3477 γὰρ
1509 3406 1688 3477 κρίσει

128 3493 411 3565 γεγένηται.
476 3496 570 3549 Διό
619 3513 819 3567 φησιν·
880 3514 899 3547 ι
935 3496 993 3549 '0
1046 3496 1207 3561 Θεὸς,
1254 3498 1318 3551 σὺ
1366 3498 1537 3566 ἔγνως
1590 3497 1686 3568 τὴν

127 3584 412 3657 ἀφροσύνην
448 3604 573 3658 μου.
608 3606 625 3637 ι
697 3586 996 3658 Ἀπηλλαξε
1050 3587 1106 3640 δὲ
1145 3590 1292 3659 ἡμᾶς
1344 3590 1687 3660 πραγμάτων

124 3673 483 3750 ὁΣύρμαχος,
524 3678 867 3750 ἑρμηνεύσας
903 3678 997 3733 καὶ
1039 3680 1242 3733 εἰπών’
1301 3698 1319 3731 ι
1342 3680 1401 3734 '0
1433 3680 1585 3745 Θεὸς,
1621 3682 1685 3734 σὺ

126 3767 254 3837 οἶδας
282 3773 377 3845 τὴν
410 3774 667 3844 ἀπειρίαν
714 3790 814 3845 μου
842 3790 855 3803 ·
890 3792 908 3823 ι
967 3774 1225 3845 ἀπειρίαν
1257 3774 1457 3846 δηλαδὴ
1495 3777 1593 3846 τὴν
1629 3778 1686 3831 ὲν

125 3866 426 3938 ἀνθρώποις.
475 3868 587 3938 Τῆς
612 3866 722 3937 γὰρ
748 3868 805 3921 ἐν
839 3865 1144 3938 ἀνθρώποις
1184 3868 1382 3931 κακίας
1411 3868 1687 3939 ἀλλότριος

125 3957 207 4020 ὢν,
235 3960 327 4032 τὴν
355 3960 530 4031 καλὴν
561 3959 763 4029 ταύτην
788 3958 1042 4029 ἀπειρίαν
1074 3958 1361 4029 ἀνατίθησι
1392 3962 1457 4029 τῇ
1488 3959 1685 4027 γνώσει

123 4051 203 4103 τοῦ
240 4052 427 4105 ἑαυτοῦ
459 4052 693 4130 Πατρός.
736 4054 847 4106 Καὶ
879 4052 1011 4123 ἄλλη
1054 4052 1111 4105 δὲ
1144 4052 1333 4123 Γραφὴ
1368 4052 1486 4105 θεία
1518 4054 1687 4123 ἀφρο-

127 4142 273 4216 σύνης
307 4146 581 4217 μέμνηται
612 4144 705 4197 τοῦ
736 4145 989 4217 Σωτῆρος
1026 4143 1328 4215 συμφώνως
1365 4146 1430 4215 τῇ
1464 4162 1683 4216 προκει-

127 4235 265 4308 μένῃ.
301 4237 617 4307 Γέγραπται
663 4235 795 4305 γοῦν
834 4236 891 4288 ὲν
916 4235 1247 4307 Παροιμίαις
1271 4252 1284 4265 ’
1324 4254 1341 4285 ι
1366 4234 1504 4288 Τάδε
1540 4235 1685 4304 λέγει

123 4327 243 4400 ἀνὴρ
284 4332 396 4392 τοῖς
444 4330 759 4383 πιστεύουσι
799 4328 937 4399 Θεῷ,
978 4328 1071 4384 καὶ
1116 4328 1379 4399 παύομαι.
1434 4330 1685 4400 Ἀφρονέ-

123 4437 299 4484 trram;
332 4422 441 4492 γάρ
488 4423 605 4490 είμι
652 4422 869 4475 πάντων
922 4420 1246 4491 ἀνθρώπων,
1283 4421 1375 4474 καὶ
1422 4422 1684 4493 φρόνησις

121 4508 387 4581 ἀνθρώπου
413 4511 517 4563 οὐκ
542 4510 684 4565 ἐστιν
712 4513 769 4564 ὲν
795 4511 937 4583 ἐμοί.
956 4510 1087 4574 Θεὸς
1112 4511 1349 4581 δεδίδαχέ
1375 4530 1439 4583 με
1471 4515 1682 4583 σοφίαν,

121 4602 203 4655 καὶ
250 4605 448 4674 γνῶσιν
506 4606 674 4673 ἁγίων
720 4604 954 4675 ἔγνωκα.
983 4625 1000 4657 ι
1062 4606 1173 4659 Καὶ
1229 4607 1289 4658 ὲν
1332 4607 1540 4670 τούτοις
1577 4608 1685 4680 γάρ

122 4693 319 4748 πάντων
371 4696 474 4767 μὲν
519 4696 819 4768 ἀνθρώπων
871 4698 1268 4770 ἀφρονέστατον
1316 4699 1506 4752 ἑαυτὸν
1546 4696 1686 4756 εἶναι

119 4783 273 4853 ὶέγει,
303 4789 396 4840 καὶ
426 4789 689 4860 φρόνησιν
736 4790 1021 4862 ἀνθρώπου
1067 4791 1141 4864 μὴ
1182 4790 1500 4861 ἐσχηκέναι·
1538 4793 1686 4863 ὅμως

119 4872 167 4926 δὲ
199 4877 322 4947 παρ’
350 4876 520 4931 αὑτοῦ
559 4876 650 4930 τοῦ
676 4876 810 4936 Θεοῦ
844 4878 1146 4949 δεδιδάχθαι
1179 4880 1277 4949 τὴν
1312 4882 1685 4953 πνευματικὴν

122 4965 315 5032 σοφίαν,
350 4968 447 5019 καὶ
472 4966 571 5035 τὴν
599 4967 800 5035 γνῶσιν
826 4967 933 5021 τῶν
962 4969 1129 5037 ἀγίων
1158 4970 1474 5037 ἐγνωκέναι.
1526 4972 1685 5027 Ἀλλά

120 5057 203 5108 καὶ
238 5079 256 5109 ι
299 5062 355 5113 αἱ
415 5060 793 5133 πλημμέλειαι
836 5080 973 5133 μου,
1023 5065 1221 5132 φησὶν,
1286 5064 1394 5117 ἀπὸ
1444 5065 1538 5118 σοῦ
1586 5067 1684 5123 οὐκ

122 5146 520 5221 ἁπεκρύὸησαν.
552 5169 569 5201 ›
622 5151 685 5203 Et
727 5150 837 5223 γὰρ
883 5147 1024 5223 ἦσάν
1067 5169 1211 5216 τινες
1255 5155 1312 5204 ἐν
1343 5154 1466 5224 ἐμοὶ
1505 5153 1687 5224 πλημ-

124 5236 336 5304 μέλειαι,
381 5241 451 5294 δι’
496 5240 564 5304 ἃς
605 5242 682 5313 τῷ
723 5243 939 5314 σταυρῷ
972 5261 1039 5313 με
1075 5230 1503 5316 προσετίμησαν,
1546 5247 1686 5316 τάχα

124 5342 214 5380 που
257 5333 319 5385 σὺ
358 5332 579 5404 πρῶτος
610 5333 812 5402 ἔγνως,
859 5335 917 5387 ὃν
947 5328 1229 5390 λανθάνειν
1266 5334 1417 5387 οὐδὲν
1453 5329 1565 5388 οἷόν
1592 5326 1682 5388 τεο

124 5416 226 5470 ἀλλ’
252 5420 462 5495 οὐδένες
490 5420 610 5494 (sic)
644 5419 807 5495 ἦσαν.
849 5424 941 5476 Διὸ
973 5426 1022 5477 ot
1058 5422 1342 5496 μισοῦντές
1377 5442 1442 5496 με
1475 5424 1685 5497 δωρεὰν

126 5509 363 5579 ἑμίσουν,
440 5513 539 5567 καὶ⁹
593 5517 640 5568 οί
709 5515 1061 5581 ὲκδιώκοντές
1115 5534 1182 5587 με
1238 5517 1438 5580 ἀδίκως
1501 5516 1537 5569 ἃ
1590 5517 1687 5588 οὐχ

126 5591 336 5683 ἡρπασα
388 5606 739 5678 ὲξέπραττον.
803 5609 954 5663 ’Ens‘t
996 5608 1053 5660 δὲ
1086 5607 1542 5685 ψευδομάρτυρας
1594 5609 1688 5661 καὶ

1792 3217 2106 3287 insipientia
2135 3225 2239 3282 est,
2280 3217 2442 3271 nobis
2472 3225 2653 3272 tamen
2684 3219 2917 3273 salutem
2981 3219 3159 3274 nactis
3191 3218 3370 3272 virtus

1790 3305 1887 3361 Dei
1916 3314 2019 3361 est.
2049 3305 2199 3360 Hanc
2230 3306 2397 3375 igitur
2437 3305 2810 3375 insipientiam
2848 3318 2900 3361 et
2939 3307 3227 3362 stultitiam
3259 3323 3371 3361 non

1791 3398 2063 3469 ignoravit
2100 3396 2281 3466 Deus;
2315 3414 2443 3453 nam
2499 3398 2676 3467 ipsius
2721 3399 2931 3467 judicio
2976 3399 3207 3455 exstitit.
3243 3399 3372 3453 ldco

1790 3491 1905 3545 ait:
1946 3512 1964 3542 ι
2005 3490 2168 3555 Deus,
2224 3500 2281 3546 tu
2340 3493 2451 3547 scis
2519 3493 2890 3563 insipientiam
2958 3507 3155 3547 meam.
3200 3511 3220 3544 ›
3258 3490 3370 3546 Nos

1788 3598 1920 3637 vero
1954 3581 2317 3653 Symmachus
2348 3583 2417 3637 ab
2461 3582 2563 3637 hac
2598 3599 2657 3638 re
2703 3582 2998 3653 expedivit,
3052 3582 3133 3637 sic
3194 3582 3367 3636 inter-

1788 3682 2037 3745 pretatus
2070 3694 2082 3729 :
2122 3693 2139 3726 ι
2181 3673 2345 3736 Deus.
2380 3684 2437 3729 tu
2470 3676 2581 3730 scis
2605 3676 2933 3745 imperitiam
2966 3690 3164 3742 meam,
3210 3693 3228 3726 ι
3265 3675 3373 3727 im-

1789 3766 2040 3836 peritiam
2071 3766 2283 3821 scilicet
2314 3783 2435 3837 quae
2483 3768 2539 3821 in
2586 3766 2902 3821 hominibus
2939 3774 3042 3822 est.
3069 3764 3203 3819 Nam
3242 3782 3365 3820 cum

1789 3857 1858 3911 ab
1891 3857 2173 3911 hominum
2227 3860 2436 3913 malitia
2496 3860 2712 3914 alienus
2746 3866 2913 3924 esset,
2947 3860 3089 3914 hanc
3141 3859 3368 3929 probam

1788 3953 2117 4022 imperitiam
2152 3952 2334 4007 Patris
2389 3955 2476 4008 sui
2558 3954 2855 4024 cognitioni
2914 3953 3178 4021 assignat.
3226 3950 3369 4004 Alibi

1787 4059 2006 4113 quoque
2031 4043 2216 4098 divina
2251 4045 2537 4116 Scriptura
2564 4046 2894 4116 insipientia:
2928 4044 3229 4099 Salvatoris
3256 4058 3369 4097 me-

1788 4135 1969 4200 minit,
2007 4136 2205 4207 bisque
2263 4145 2553 4193 consonat.
2614 4138 2893 4210 Scriptum
2954 4138 3139 4208 itaque
3181 4143 3265 4192 est
3311 4136 3369 4190 in

1787 4228 2098 4285 Proverbiis
2165 4249 2176 4285 :
2218 4249 2235 4281 ι
2294 4229 2419 4285 Haec
2445 4231 2580 4286 dicit
2620 4233 2704 4286 vir
2755 4230 3106 4288 credentibus
3140 4231 3269 4295 Deo,
3315 4239 3371 4285 et

1787 4336 1968 4375 cesso.
2020 4319 2390 4377 Stultissimus
2414 4324 2559 4378 enim
2593 4340 2714 4379 sum
2768 4325 3011 4379 omnium
3064 4325 3368 4385 hominum,

1789 4420 1842 4467 et
1873 4413 2164 4483 prudentia
2209 4413 2450 4470 hominis
2482 4431 2591 4469 non
2634 4424 2719 4471 est
2772 4417 2826 4471 in
2862 4433 2970 4472 me.
3014 4415 3155 4471 Deus
3185 4415 3371 4469 docuit

1793 4519 1881 4558 me
1912 4504 2261 4574 sapientiam,
2288 4513 2342 4560 et
2372 4506 2739 4577 cognitionem
2770 4517 3085 4563 sanctorum
3128 4504 3310 4559 novi‘.
3344 4521 3363 4555 ι

1793 4595 1852 4649 Ιιι
1885 4596 1975 4651 his
2010 4612 2252 4667 namque
2274 4613 2334 4653 se
2369 4598 2614 4653 omnium
2666 4599 2949 4653 hominum
2991 4594 3373 4666 insipientissi-

1794 4701 1944 4739 mum
1980 4687 2324 4760 pronuntiat,
2364 4694 2419 4742 et
2471 4686 2820 4758 prudentiam
2869 4686 3105 4741 hominis
3162 4701 3221 4740 se
3257 4699 3368 4739 non

1794 4778 1995 4833 habere
2026 4779 2160 4833 dicit
2194 4798 2207 4833 :
2238 4779 2334 4835 sed
2386 4788 2570 4835 tamen
2604 4780 2672 4834 ab
2709 4779 2828 4850 ipso
2860 4777 2971 4833 Deo
3009 4777 3261 4833 edoctum
3311 4793 3370 4833 se

1794 4871 2139 4941 spiritualem
2176 4871 2525 4940 sapientiam,
2557 4879 2611 4925 et
2643 4870 3011 4940 cognitionem
3055 4878 3369 4923 sanctorum

1794 4979 1960 5019 nosse
1983 4970 2196 5017 narrat.
2233 4960 2340 5017 Sed
2376 4963 2563 5026 etiam,
2603 4962 2802 5033 inquit,
2829 4980 2847 5013 ι
2884 4960 3083 5016 delicta
3115 4976 3234 5015 mea
3256 4975 3286 5014 a
3318 4969 3372 5014 te

1790 5071 1903 5111 non
1965 5065 2093 5112 sunt
2157 5056 2497 5113 abscondita.
2535 5074 2555 5107 ι
2591 5053 2726 5109 Nam
2762 5056 2808 5109 si
2863 5055 3111 5125 quaedam
3164 5053 3222 5107 in
3285 5069 3372 5109 me

1792 5148 1996 5205 delicta
2044 5158 2253 5214 essent,
2313 5149 2385 5203 ob
2431 5163 2553 5219 quae
2608 5163 2697 5201 me
2753 5147 2905 5202 cruci
2954 5146 3370 5211 destinaverint,

1794 5256 1927 5296 sane
1953 5249 2010 5295 tu
2044 5242 2256 5313 primus
2282 5255 2500 5304 nosses,
2526 5239 2612 5293 cui
2650 5240 2821 5294 latere
2855 5239 2991 5292 nihil
3023 5246 3239 5309 potest;
3271 5237 3368 5293 sed

1793 5335 1945 5392 nulla
1968 5342 2147 5389 erant.
2189 5333 2371 5399 Quare
2391 5334 2484 5403 qui
2508 5331 2737 5387 oderant
2760 5346 2865 5397 me,
2895 5332 3065 5403 gratis
3098 5331 3325 5387 oderant
3353 5347 3367 5384 :

1793 5432 1849 5481 et
1872 5426 1966 5497 qui
1989 5425 2464 5496 persequebantur
2495 5440 2601 5489 me,
2646 5424 2851 5495 injuste
2896 5441 3018 5496 quae
3071 5440 3181 5480 non
3214 5426 3369 5497 rapui

1793 5518 2105 5589 exigebant.
2140 5516 2280 5582 Quia
2329 5533 2462 5573 vero
2488 5517 2657 5572 falsos
2700 5523 2870 5573 testes
2916 5526 2971 5573 et
3003 5518 3369 5590 sycophantas

1794 5609 1863 5663 ad
1898 5624 1985 5665 me
2015 5609 2388 5666 accusandum
2446 5610 2845 5676 subornarunt,
2872 5620 2929 5667 tu
2971 5612 3139 5681 nosti,
3168 5612 3365 5685 inquit,

198 5760 215 5791 ³
250 5760 291 5815 ιι
323 5761 448 5820 Cor.
493 5780 609 5835 χιιι,
650 5766 699 5821 4.
776 5768 797 5800 ⁸
839 5765 857 5821 1
892 5766 1012 5822 Cor.
1060 5782 1097 5833 ι,
1136 5765 1325 5821 23-25.
1405 5766 1424 5797 ⁸
1464 5763 1626 5825 Prov.
1668 5780 1689 5819 ι

1844 5765 1953 5833 1-5.
