3776 6284
325 360 431 417 735
986 345 1260 406 EUSEBII
1296 332 1776 401 CESARIENSIS
1809 327 1964 388 OPP.
2002 323 2189 384 PARS
2222 320 2311 379 Ill.
2350 351 2424 367 —
2458 314 2871 376 EXEGETICA.
3475 305 3558 364 Τδθ

324 479 471 536 Deus
494 491 625 532 num
658 471 789 546 quid
816 478 1102 546 peccatum
1137 485 1168 523 a
1208 481 1296 522 me
1343 466 1432 520 sil.
1461 461 1648 532 Neque
1690 457 1835 514 enim
1862 453 1911 509 si

2023 446 2356 518 συκοφάντας
2389 444 2621 514 ἔστησαν
2655 440 2714 493 ἐν
2742 438 2810 510 τῇ
2846 435 2963 491 κατ’
2997 431 3133 506 ἐμοῦ
3162 428 3484 546 κατηγορίᾳ,
3510 431 3562 484 σὺ

323 569 573 642 quaedam
595 568 735 623 mihi
787 565 989 621 delicta
1018 563 1287 621 inessent,
1324 556 1422 611 tibi
1449 558 1634 610 essent
1668 548 1904 604 occulta.

322 639 393 716 Et
423 658 584 723 alias,
617 656 662 712 si
693 664 880 711 nostra
914 653 1033 722 ipse
1064 656 1286 721 peccata
1320 643 1600 708 abstersit,
1625 650 1678 696 et
1730 639 1908 693 factus

323 760 410 809 est
437 766 539 824 pro
583 749 746 805 nobis
795 744 1172 805 maledictum,
1207 741 1281 795 ita
1323 746 1383 793 ut
1426 735 1494 791 de
1519 734 1614 789 illo
1640 733 1855 788 dicatur
1890 745 1907 782 :

330 865 350 898 ι
391 844 513 916 Ipse
546 847 775 914 peccata
816 846 1004 893 nostra
1053 840 1256 905 portat,
1283 840 1336 886 et
1380 844 1479 900 pro
1508 828 1668 882 nobis
1698 826 1911 881 crucia-

324 947 437 993 tur.
471 935 537 989 Et
568 938 684 1006 ipse
708 933 1030 988 vulneratus
1064 935 1150 983 est
1181 932 1405 995 propter
1434 927 1658 991 peccata
1696 924 1907 981 nostra,
1958 951 1977 971 .

328 1031 637 1085 infirmatus
668 1035 751 1080 est
794 1032 1016 1093 propter
1055 1016 1374 1087 iniquitates
1432 1018 1676 1067 nostras.
1706 1008 1770 1062 Et
1806 1006 1908 1062 Do-

330 1123 518 1177 minus
552 1116 781 1172 tradidit
811 1128 936 1169 eum
987 1109 1227 1181 peccatis
1286 1104 1552 1161 nostris’.
1588 1120 1607 1155 ι
1647 1099 1793 1164 Haec,
1828 1099 1913 1153 in-

328 1214 469 1284 quit,
514 1210 715 1266 delicta
785 1220 887 1278 pro
933 1200 1250 1257 hominibus
1319 1194 1536 1266 suscepi
1574 1209 1587 1245 :
1626 1198 1688 1246 tu
1738 1191 1908 1256 nosti,

331 1304 496 1368 Deus,
525 1302 656 1374 quia
685 1314 796 1355 non
830 1293 1149 1352 abscondita
1193 1291 1291 1346 tibi
1346 1297 1495 1345 sunt.
1534 1285 1723 1356 Neque
1754 1285 1904 1341 enim

331 1404 528 1470 praeter
556 1391 847 1449 consilium
880 1400 1032 1444 tuum
1084 1385 1276 1440 istbzec
1327 1380 1568 1439 suscepi.
1598 1377 1779 1444 Quare
1820 1376 1913 1431 illa

332 1489 525 1547 notitia
556 1495 652 1542 tua
681 1485 845 1556 digna
881 1476 1133 1537 effecisti.

401 1771 570 1829 Vens.
601 1771 652 1827 7.
683 1788 702 1822 ι
742 1768 861 1825 Non
890 1765 1223 1825 erubescant
1271 1762 1328 1818 in
1349 1776 1437 1815 me
1468 1759 1562 1831 qui
1587 1762 1912 1829 exspectant

2010 538 2177 605 οἶδας,
2229 539 2414 611 φησὶν,
2460 541 2490 591 6
2516 534 2683 598 Θεὸς,
2731 531 2785 585 εἴ
2808 529 2931 583 τινά
2970 544 3061 598 μοι
3104 520 3559 594 πεπλημμέληται.

2009 634 2084 687 Οὑ
2126 633 2235 704 γὰρ
2282 631 2348 686 ἂν
2383 627 2694 701 ἐκρύϐησάν
2746 641 2842 686 σε,
2889 621 2941 674 εί
2980 635 3127 681 τινες
3173 611 3320 688 ἦσαν
3364 614 3425 666 ἐν
3464 614 3563 684 ἐμοὶ

2011 724 2399 798 πλημμέλειαι.
2425 722 2536 776 Καὶ
2561 719 2757 780 άλλως,
2782 718 2829 770 εί
2853 712 2952 777 τὰς
2973 709 3249 783 ἡμετέρας
3280 705 3564 777 ἀνεμάξατο

2012 817 2315 891 ἁμαρτίας,
2350 814 2448 868 καὶ
2476 812 2701 881 γέγονεν
2734 808 2875 877 ὑπὲρ
2919 803 3073 877 ἡμῶν
3116 801 3365 872 κατάρα,
3398 799 3471 862 ὡς
3494 798 3565 852 λέ-

2010 890 2203 978 γεσθαι
2252 908 2381 979 περὶ
2433 903 2630 961 αὑτοῦο
2690 922 2708 955 ι
2742 895 2909 961 Οὑτος
2958 897 3058 960 τάς
3103 892 3384 966 ἁμαρτίας
3430 890 3563 961 ἡμῶν

2012 1000 2189 1074 φέρει,
2224 997 2319 1052 καὶ
2366 996 2495 1067 περὶ
2522 992 2678 1065 ἡμῶν
2722 991 2990 1044 ὀδυνᾶται.
3036 986 3148 1040 Καὶ
3191 982 3356 1046 αὑτὸς
3395 982 3566 1053 ἐτραυ-

2015 1090 2251 1163 ματίσθη
2283 1088 2375 1143 διὰ
2404 1087 2504 1152 τὰς
2534 1084 2805 1157 ἁμαρτίας
2840 1081 3017 1154 ἡμῶν,
3047 1079 3141 1133 καὶ
3185 1074 3566 1149 μεμαλάκισται

2010 1184 2098 1239 διὰ
2124 1183 2228 1247 τὰς
2257 1180 2486 1253 ἀνομίας
2516 1178 2691 1250 ἡμῶν.
2719 1176 2830 1229 Καὶ
2851 1172 3055 1245 Κύριος
3086 1169 3405 1241 παρέδωκεν
3430 1167 3566 1221 αὑτὸν

2011 1278 2128 1340 ταῖς
2153 1275 2447 1347 ἁμαρτίαις
2470 1271 2679 1345 ήμῶν.»
2712 1269 2821 1324 Καὶ
2845 1266 3066 1329 ταύτας,
3097 1264 3250 1336 φησι,
3281 1263 3381 1326 τὰς
3412 1261 3568 1333 πλημ-

2016 1367 2236 1438 μελείας
2286 1366 2428 1438 ὑπὲρ
2489 1363 2790 1436 ἀνθρώπων
2842 1358 3208 1429 ἀνεδεξάμην·
3272 1356 3337 1408 σὺ
3394 1351 3565 1421 ἔγνως,

2011 1459 2041 1511 6
2072 1456 2224 1521 Θεὸς,
2247 1456 2369 1510 ἐπεὶ
2416 1456 2490 1529 μὴ
2533 1452 2925 1527 ἀπεκρύϐησάν
2954 1468 3034 1506 σε.
3074 1449 3149 1503 Οὐ
3190 1445 3300 1518 γὰρ
3332 1446 3459 1515 δίχα»
3485 1442 3567 1512 τῆς

2014 1550 2113 1621 σῆς
2145 1549 2451 1622 βουλήσεως
2510 1550 2713 1612 ταύτας
2760 1544 3096 1615 ἀνεδεξάμην
3117 1558 3131 1573 ο
3174 1540 3256 1595 διὸ
3301 1537 3397 1592 καὶ
3434 1535 3569 1603 ἀξίας

2012 1640 2110 1711 τῆς
2139 1640 2337 1695 σαυτοῦ
2363 1639 2617 1710 γνώσεως
2639 1637 2809 1702 αὑτάς
2832 1636 3091 1706 ἐποιήσω.

2060 1751 2182 1825 «Μὴ
2198 1752 2613 1824 αἰσχυνθείησαν
2627 1751 2823 1821 ἐπ’ἐμὲ
2846 1751 2895 1803 οί
2914 1748 3275 1820 ὑπομένοντες
3292 1760 3370 1808 σε,
3391 1741 3570 1815 Κύριε,

333 1875 409 1932 te,
463 1863 713 1928 Domine,
763 1859 992 1914 Domine
1034 1856 1320 1913 virtutum.
1362 1873 1381 1905 ι
1414 1849 1554 1917 Quia
1610 1846 1914 1903 doctrinam

2023 1844 2189 1917 Κύριε
2213 1844 2322 1899 τῶν
2353 1845 2651 1917 δυνάμεων.
2668 1863 2687 1896 ι
2707 1842 2924 1914 Ἐπειδὴ
2952 1841 3050 1913 τὴν
3078 1840 3215 1912 ἐμὴν
3243 1837 3572 1893 διδασκαλίαν

333 1974 509 2016 meam
536 1957 814 2028 sapientes
860 1951 1027 2022 hujus
1060 1948 1247 2007 saeculi
1290 1946 1675 2007 criminantur,
1710 1941 1916 2011 ipsam-

332 2067 441 2124 que
465 2048 677 2122 pellunt
705 2054 766 2101 ut
798 2043 1117 2116 insipientia
1158 2047 1213 2097 et
1266 2037 1497 2095 stultitia
1533 2035 1749 2107 plenam
1788 2046 1915 2103 pro-

332 2153 455 2217 pter
514 2140 938 2214 ignominiosam
992 2151 1234 2199 crucem,
1288 2147 1483 2204 precor
1517 2146 1582 2185 ac
1633 2144 1784 2199 rogo.
1820 2141 1916 2182 eos

334 2236 430 2308 qui
461 2235 695 2291 credunt
738 2231 793 2287 in
825 2248 911 2286 me
945 2230 1044 2285 abs
1073 2237 1125 2283 te
1166 2226 1372 2283 servari
1424 2221 1810 2283 immutabiles,
1841 2219 1916 2273 ita

335 2335 397 2384 ut
455 2342 735 2399 nunquam
798 2325 1147 2379 erubescant.
1182 2320 1363 2388 Quare
1394 2326 1453 2372 tu
1488 2318 1626 2386 ipse,
1666 2313 1913 2378 Domine,

336 2419 568 2476 Domine
624 2419 911 2480 virtutum,
947 2429 1042 2470 eos
1098 2412 1193 2483 qui
1244 2418 1469 2481 propter
1547 2405 1914 2477 cognitionem

335 2521 486 2567 tuam
550 2526 580 2564 a
631 2525 718 2566 me
771 2506 1033 2563 traditam
1083 2506 1499 2574 impugnantur,
1568 2498 1662 2570 qui
1729 2497 1915 2568 gravia

335 2617 551 2673 semper
574 2601 879 2671 patiuntur,
899 2605 953 2653 et
978 2612 1153 2667 usque
1180 2594 1249 2650 ad
1275 2600 1506 2648 mortem
1529 2595 1904 2662 perseverant,

336 2711 406 2751 ne
452 2694 826 2763 derelinquas,
860 2707 928 2745 ne
981 2689 1038 2745 in
1090 2704 1177 2744 me
1216 2694 1502 2759 sperantes
1567 2683 1933 2740 confundan-‘

334 2794 448 2856 tur,
478 2786 573 2858 qui
608 2793 664 2841 te
708 2783 878 2839 Deum
937 2781 1107 2838 Israel
1153 2778 1472 2851 exquirunt.
1501 2776 1731 2831 Etiamsi
1772 2776 1917 2829 enim

334 2891 389 2936 te
415 2880 548 2936 olim
575 2895 689 2935 non
718 2884 1031 2942 noscerent,
1062 2875 1191 2946 quia
1215 2872 1558 2929 daemonibus
1588 2870 1749 2925 malis
1785 2868 1918 2925 sub-

335 2971 439 3028 diti
471 2979 631 3029 erant
655 2990 670 3040 ;
700 2978 755 3025 at
775 2970 887 3041 jam
915 2985 1039 3024 cum
1058 2975 1113 3022 te
1133 2977 1384 3031 noscant,
1402 2965 1459 3021 in
1487 2964 1733 3021 omnium
1767 2963 1914 3018 obli-

336 3065 553 3120 vionem
586 3071 879 3128 venerunt,
911 3071 1074 3132 teque
1112 3058 1290 3115 solum
1341 3057 1637 3130 quzerendo
1666 3070 1920 3127 perseve—

338 3163 482 3213 rant.
511 3153 879 3224 Quamobrem
911 3153 1183 3225 supplicio
1217 3166 1288 3207 ne
1333 3149 1768 3212 confundantur,
1810 3163 1915 3203 neu
1946 3168 1988 3226 ο

342 3266 363 3299 ι
404 3245 707 3316 ignominia
755 3244 1083 3311 afﬁciantur;
1127 3263 1146 3295 ι
1194 3243 1276 3298 sic
1330 3242 1477 3297 enim
1526 3242 1920 3312 interpretatus

339 3332 706 3408 Symmachus
755 3342 839 3390 est
874 3351 887 3386 :
925 3353 944 3386 (
987 3332 1068 3389 Ne
1127 3331 1540 3388 confundantur
1590 3346 1756 3402 super
1808 3346 1919 3394 me,

340 3429 434 3500 qui
470 3434 793 3498 exspectant
823 3435 899 3495 te,
928 3426 1158 3483 Domine
1182 3426 1328 3482 Deus
1355 3425 1646 3488 virtutum,
1676 3439 1745 3477 ne
1766 3423 1925 3493 igno-

339 3518 510 3575 minia
556 3516 870 3573 afﬁciantur
914 3532 1083 3588 super
1122 3533 1209 3573 me
1240 3517 1338 3589 qui
1384 3525 1637 3587 quaerunt
1668 3520 1742 3578 te,
1779 3513 1924 3569 Deus

341 3609 531 3667 Israel.
575 3630 595 3663 ι
637 3607 910 3666 Observes
970 3624 1136 3679 porro
1213 3607 1493 3681 quomodo
1551 3606 1760 3662 dictum
1828 3604 1921 3667 sit,

347 3719 368 3754 ι
414 3699 667 3763 Domine.
697 3698 929 3756 Domine
967 3700 1267 3767 virtutum;
1304 3719 1323 3752 ι
1360 3698 1434 3754 ita
1479 3706 1539 3752 ut
1592 3711 1789 3751 nomen
1819 3694 1926 3748 Do-

342 3790 477 3848 mini
500 3790 813 3862 repetitum,
845 3797 900 3846 et
938 3788 1007 3844 ad
1036 3787 1208 3845 Deum
1247 3789 1634 3844 universorum
1690 3787 1923 3842 relatum

341 3883 434 3942 sit.

416 3997 588 4053 Vens.
615 3998 670 4062 8,
699 3996 754 4052 9.
792 4016 811 4049 ι
850 3996 1123 4064 Quoniam
1182 4002 1406 4067 propter
1454 4002 1509 4051 te
1561 3992 1800 4051 sustinui
1829 4007 1928 4061 op-

343 4091 656 4162 probrium.
687 4091 905 4162 operuit
947 4089 1202 4146 confusio
1260 4088 1453 4143 faciem
1503 4103 1706 4142 meam.
1750 4104 1769 4138 ›
1810 4083 1926 4140 (ἔως

344 4180 474 4249 teri,
506 4182 708 4252 inquit,
744 4181 998 4236 homines
1037 4181 1108 4235 oh
1153 4185 1374 4250 peccata
1425 4193 1525 4234 sua
1557 4176 1923 4247 correptioni-

345 4274 452 4331 bus
474 4284 529 4329 ct
554 4273 871 4344 opprobriis
923 4273 1329 4342 subjiciuntur;
1357 4284 1457 4342 ego
1505 4284 1638 4325 vero
1661 4268 1754 4338 qui
1796 4283 1927 4338 pcc-

345 4376 529 4423 catum
565 4383 678 4423 non
710 4366 859 4431 novi,
894 4374 1120 4437 propter
1153 4374 1206 4421 te
1251 4364 1488 4422 sustinui
1543 4361 1924 4436 Opprobrium,

344 4460 476 4531 quia
506 4466 564 4515 tu
591 4460 731 4530 ipse,
759 4457 905 4515 Deus
961 4458 1246 4514 hominum
1294 4469 1525 4520 amator,
1550 4470 1653 4526 pro
1687 4455 1925 4509 humano

344 4565 549 4621 genere
575 4550 666 4605 me
699 4558 985 4621 peccatum
1009 4548 1216 4614 fecisti;
1247 4559 1304 4604 ut
1335 4550 1429 4620 qui
1461 4548 1697 4603 credunt
1726 4546 1781 4600 in
1809 4560 1918 4611 me,

340 4640 559 4713 justitia
587 4640 911 4698 efﬁciantur.
942 4641 1057 4697 Imo
1094 4641 1258 4697 etiam
1292 4659 1310 4692 ‹
1341 4648 1564 4710 propter
1595 4648 1646 4694 te
1684 4637 1923 4695 sustinui

343 4734 720 4807 opprobrium,
753 4754 772 4787 ι
803 4750 928 4789 cum
956 4751 1025 4790 ex
1060 4734 1344 4789 voluntate
1373 4740 1467 4786 tua
1487 4746 1574 4786 me
1595 4730 1661 4785 ad
1691 4730 1923 4784 nihilum

343 4826 554 4899 redegi,
603 4834 659 4882 et
712 4825 782 4881 ad
819 4834 1053 4882 mortem
1083 4840 1261 4897 usque
1301 4824 1573 4895 depressi,
1631 4839 1741 4895 quo
1789 4832 1927 4879 tem-

343 4935 480 4994 pore
531 4926 927 4990 praetereuntes
977 4917 1459 4989 blasphemabant,
1518 4925 1801 4971 moventes
1832 4930 1926 4971 ca—

344 5015 457 5087 pita
492 5027 592 5069 sua
622 5019 678 5068 et
705 5011 951 5067 dicentes
981 5029 995 5066 :
1033 5030 1052 5063 ι
1084 5008 1223 5074 Vah,
1251 5008 1345 5080 qui
1369 5007 1610 5064 destruis
1636 5007 1923 5077 templum,

345 5113 400 5166 et
449 5106 506 5161 in
556 5102 734 5163 tribus
777 5104 970 5160 diebus
1026 5103 1287 5166 aediﬁcas,
1324 5102 1536 5158 salvum
1596 5099 1686 5154 fac
1733 5109 1926 5156 temet-

346 5199 553 5271 ipsum.
579 5197 638 5253 Si
675 5195 849 5254 Filius
876 5196 971 5253 Dei
1001 5213 1082 5261 es,
1110 5195 1383 5253 descende
1405 5194 1474 5250 de
1503 5209 1690 5250 cruce.
1726 5192 1929 5249 Simili-

346 5296 432 5344 ter
453 5297 509 5346 et
542 5289 822 5360 principes
863 5289 1214 5344 sacerdotum
1246 5288 1541 5343 illudentes
1573 5299 1697 5340 cum
1746 5298 1929 5339 sacer-

349 5380 572 5438 dotibus
617 5390 671 5438 et
696 5380 909 5438 Scribis
963 5389 1018 5437 et
1063 5380 1358 5437 Pharisaeis
1398 5379 1657 5434 dicebant
1714 5391 1729 5429 :
1775 5376 1927 5432 Alios

352 5471 537 5527 salvos
592 5470 744 5537 fecit,
775 5472 1021 5544 seipsum
1071 5488 1185 5528 non
1231 5478 1410 5543 potest
1461 5471 1675 5527 salvum
1725 5466 1928 5523 facere.

354 5562 415 5619 Si
468 5580 567 5620 rex
624 5565 796 5621 Israel
840 5573 949 5630 est,
984 5566 1285 5624 descendat
1339 5580 1487 5622 nunc
1530 5564 1600 5621 de
1662 5577 1849 5623 cruce.
1874 5569 1931 5617 et

351 5652 640 5713 credemus
680 5655 753 5711 ei.
796 5656 1046 5727 Speravit
1109 5658 1163 5714 in
1213 5658 1405 5724 Deum,
1443 5656 1641 5729 eripiat
1688 5670 1836 5723 eum,
1880 5653 1928 5709 si

428 5789 448 5827 ⁷
487 5787 590 5846 lsa.
634 5803 754 5855 LIII,
793 5789 916 5845 ι-ο,

2016 1938 2065 1991 οἱ
2107 1938 2262 2007 σοφοὶ
2303 1937 2397 1990 τοῦ
2427 1937 2622 2000 αἰῶνος
2652 1934 2838 1989 τούτου
2878 1932 3269 1997 διαϐάλλουσιν,
3306 1930 3573 1986 ἐλαύνουσί

2015 2048 2073 2084 τε
2113 2030 2281 2103 αὑτὴν
2316 2030 2393 2095 ὡς
2430 2031 2631 2102 μεστὴν
2666 2028 2975 2101 ἀφροσύνης
3002 2027 3097 2081 κα¹ι
3142 2027 3348 2097 μωρίας
3373 2024 3467 2079 διὰ
3497 2025 3573 2079 τὸν

2016 2123 2377 2178 ἐπονείδιστον
2413 2121 2663 2195 σταυρὸν,
2691 2119 2953 2175 ἀντιϐολῶ
2982 2119 3077 2173 καὶ
3107 2118 3316 2188 δέομαι,
3343 2118 3475 2180 τοὺς
3508 2119 3573 2180 εἰς

2016 2219 2115 2291 ἐμὲ
2146 2216 2497 2279 πιστεύοντας
2527 2212 2886 2285 φυλάττεσθαι
2914 2213 3018 2265 ὑπὸ
3052 2208 3144 2264 σοῦ
3177 2210 3569 2280 άδιατρέπτονς,

2016 2313 2092 2378 ὡς
2129 2314 2337 2384 μήποτε
2365 2307 2842 2381 καταισχυνθῖψαι.
2873 2306 2962 2360 Διὸ
2999 2306 3063 2359 σὺ
3097 2304 3285 2367 αὑτὸς,
3318 2297 3360 2355 ὦ
3389 2301 3570 2373 Κύριε,

2016 2405 2190 2477 Κύριε
2230 2403 2337 2457 τῶν
2380 2401 2680 2473 δυνάμεων,
2732 2399 2855 2463 τοὺς
2904 2394 3338 2467 πολεμουμένους
3366 2392 3458 2446 διά
3489 2394 3574 2465 τὴν

2019 2496 2117 2569 σὴν
2164 2493 2399 2565 γνῶσιν,
2450 2495 2517 2566 ἢν
2564 2492 2653 2546 ὑπ’
2705 2489 2839 2564 ἐμοῦ
2898 2488 3262 2563 παρειλήφασι
3287 2529 3302 2553 ,
3358 2488 3573 2540 πάντοτε

2018 2589 2386 2661 ὑπομένοντας
2413 2588 2481 2641 τά
2508 2586 2659 2641 δεινά
2687 2583 2780 2639 καὶ
2816 2585 2974 2658 μέχρι
3000 2582 3232 2638 θανάτου
3264 2580 3575 2654 καρτεροῦν-

2017 2698 2145 2747 τας,
2185 2680 2259 2754 μὴ
2293 2679 2691 2751 ἐγκαταλείπῃς
2716 2719 2730 2742 ,
2770 2677 2901 2750 μηδὲ
2944 2674 3342 2747 ἐντραπείησαν
3381 2672 3574 2744 θαρσή-

2021 2789 2211 2837 σαντες
2255 2772 2340 2824 ἐπ*
2368 2770 2524 2841 ἐμοὶ,
2565 2770 2615 2823 oi
2658 2769 2718 2823 σέ
2759 2768 2849 2821 τὸν
2878 2766 3008 2819 Θεὸν
3041 2763 3133 2818 τοῦ
3171 2761 3385 2835 Ἰσραὴλ
3429 2758 3575 2831 ἐκζη-

2017 2865 2257 2929 τοῦντες.
2276 2866 2338 2918 Εἰ
2363 2863 2470 2937 γὰρ
2486 2863 2582 2917 καὶ
2604 2862 2671 2918 τὰ
2705 2861 2935 2934 μάλιστα
2959 2855 3097 2931 ἦσάν
3116 2874 3245 2911 ποτε
3275 2854 3575 2924 armum;

2021 2977 2080 3012 σε
2119 2957 2207 3013 διὰ
2242 2957 2302 3012 τὸ
2332 2957 2552 3029 δαίμοσι
2593 2956 2852 3027 πονηροῖς
2884 2950 3266 3015 δεδουλῶσθαι,
3306 2948 3442 3004 άλλά
3470 2948 3572 3011 νῦν,

2022 3049 2330 3119 ἐπιγνόντες
2377 3065 2469 3111 σε,
2523 3047 2740 3101 πάντων
2787 3043 2883 3115 μὲν
2929 3041 3097 3113 λήθην
3145 3039 3495 3110 ἐποιήσαντο,
3525 3035 3574 3088 σὲ

2021 3141 2079 3195 δὲ
2140 3139 2296 3212 μόνον
2353 3135 2654 3193 διατελοῦσι
2710 3133 3018 3206 ζητοῦντες.
3087 3131 3178 3184 Διὸ
3235 3131 3460 3183 ἱκετεύω
3512 3127 3574 3199 μὴ

2024 3231 2712 3304 καταιηυνθῆναιαὺτοὺς,
2750 3227 2885 3299 μηδὲ
2920 3246 2938 3278 ι
2964 3223 3338 3296 ἀσχημονῆσαι
3361 3240 3375 3253 ·
3405 3241 3425 3274 ι
3448 3219 3577 3274 οὑτω

2022 3327 2131 3399 γὰρ
2155 3327 2495 3398 ήρμήνευσεν
2523 3324 2551 3377 ό
2576 3320 2869 3394 Σύμμαχος
2890 3317 3086 3371 είπὼν·
3120 3336 3138 3367 ι
3161 3317 3254 3388 Μὴ
3274 3330 3577 3384 καταισχυν-

2024 3417 2245 3488 θείησαν
2289 3414 2374 3468 ἐπ’
2424 3411 2548 3484 ἐμοὶ
2596 3413 2647 3464 οί
2691 3408 3097 3479 προσδοκῶντες
3142 3423 3236 3469 σε,
3283 3405 3451 3477 Κύριε
3486 3402 3576 3457 Θεὲ

2023 3508 2132 3562 τῶν
2168 3507 2450 3579 δυνάμεων
2472 3523 2486 3536 ·
2525 3504 2600 3577 μὴ
2625 3503 3064 3575 ἀσχημονήσαιεν
3103 3500 3190 3553 ἐπ’
3224 3499 3325 3572 ἐμὲ
3350 3500 3396 3552 οἱ
3428 3494 3578 3567 ἐκζη-

2024 3600 2242 3665 τοῦντές
2292 3617 2375 3664 σε,
2421 3596 2521 3651 Θεέ
2559 3594 2654 3650 τοῦ
2694 3596 2930 3667 Ἰσραήλ.
2963 3613 2982 3646 ι
3044 3594 3325 3666 Ἐπιτήρει
3361 3591 3415 3644 δέ
3444 3591 3575 3652 ὅπως

2027 3695 2240 3768 εἴρηται
2260 3692 2340 3757 τὸ,
2359 3711 2378 3743 ‹
2402 3689 2596 3761 Κύριε,
2622 3686 2795 3758 Κύριε
2806 3682 2914 3740 τῶν
2929 3684 3230 3756 δυνάμεων,
3251 3703 3273 3737 ι
3298 3679 3579 3752 δευτεροῦν-

2027 3806 2116 3852 τος
2148 3785 2242 3841 τοῦ
2270 3785 2428 3854 λόγου
2466 3783 2571 3856 ’τὴν
2604 3780 2946 3855 κυριολογίαν
2966 3780 3061 3833 καὶ
3081 3776 3177 3832 ἐπὶ
3196 3776 3292 3831 τὸν
3325 3774 3426 3830 τῶν
3456 3774 3575 3828 ὅλων

2028 3879 2160 3934 Θεὸν
2186 3878 2618 3948 ἀναπέμποντος.

2106 4015 2124 4046 ι
2155 3995 2277 4048 ’Ὁτι
2309 3990 2471 4045 ἐνεκά
2509 4006 2604 4044 σου
2646 3988 2929 4061 ὑπήνεγκα
2970 3983 3297 4055 ὀνειδισμὸν,
3338 3979 3573 4049 ἐκάλυψεν

2028 4085 2263 4159 ἐντροπὴ
2298 4085 2360 4138 τὸ
2390 4082 2684 4156 πρόσωπόν
2720 4098 2839 4153 μου.
2867 4099 2886 4132 ι
2950 4081 3015 4133 Ol.
3058 4077 3157 4149 μὲν
3184 4078 3382 4140 λοιποὶ,
3412 4076 3571 4146 φησιν,

2028 4179 2298 4251 ἄνθρωποι
2337 4176 2405 4230 δι’
2438 4175 2645 4238 οἰκείας
2688 4172 2963 4245 ἁμαρτίας
3001 4170 3247 4242 ἐλέγχοις
3279 4170 3371 4223 καὶ
3405 4166 3570 4220 ὀνειδι-

2029 4273 2186 4342 σμοῖς
2227 4267 2652 4322 ὑποϐάλλονται·
2699 4264 2809 4335 ἐγὼ
2843 4264 2900 4317 δέ
2939 4264 2967 4315 ὀ
3014 4260 3090 4333 μὴ
3125 4262 3289 4331 γνοὺς
3329 4257 3571 4332 ἁμαρτίαν

2026 4360 2192 4415 ἕνεκά
2220 4377 2311 4414 σου
2344 4360 2627 4429 ὑπήνεγκα
2650 4357 2948 4428 ὀνειδισμόν
2966 4373 2979 4385 ·
3018 4354 3315 4427 ἐπειδήπερ
3351 4353 3411 4405 σὺ
3436 4349 3571 4411 αὑτὸς

2028 4455 2057 4507 6
2080 4451 2457 4524 φιλάνθρωπος
2480 4450 2611 4514 Θεὸς
2645 4450 2786 4522 ὑπὲρ
2822 4447 2916 4502 τοῦ
2943 4446 3050 4502 τῶν
3079 4446 3380 4520 ἀνθρώπων
3408 4445 3569 4516 γένους

2029 4545 2302 4620 ἁμαρτίαν
2332 4562 2399 4616 με
2429 4543 2711 4614 ἐποίησας,
2753 4544 2900 4606 ὅπως
2933 4542 2983 4594 οἱ
3015 4540 3362 4604 πιστεύοντες
3390 4535 3567 4607 είςὲμὲ

2024 4642 2287 4711 γένωνται
2304 4635 2640 4705 δικαιοσύνη.
2659 4634 2819 4688 Ἀλλὰ
2844 4635 2938 4689 καὶ¹
2961 4654 2979 4685 ι
3002 4633 3166 4687 ἕνεκά
3195 4650 3289 4686 σου
3320 4633 3566 4703 ὑπήνεγκα

2029 4729 2363 4800 ὀνειδισμὸν,
2395 4745 2415 4779 ι
2453 4726 2541 4780 διὰ
2568 4725 2667 4797 τὴν
2692 4725 2790 4797 σὴν
2839 4722 3031 4795 βουλὴν
3071 4721 3319 4785 κενώσας
3366 4716 3565 4793 ἐμαυτὸν

2026 4823 2123 4877 καὶ
2175 4821 2337 4894 μέχρι
2387 4819 2618 4874 θανάτου
2684 4814 3055 4881 ταπεινώσας,
3117 4815 3240 4868 καθ’
3300 4816 3359 4868 ὃν
3410 4809 3563 4880 καιρὸν

2025 4917 2075 4968 οἱ
2136 4910 2647 4985 παραπορευόμενοι
2705 4907 3086 4979 ἐϐλασφήμουν
3169 4904 3439 4967 κινοῦντες
3487 4900 3565 4961 τὰς

2026 5005 2270 5077 κεφαλὰς
2294 5004 2473 5059 αὑτῶν
2499 5002 2593 5058 καὶ
2618 5001 2867 5072 λέγοντες
2889 5017 2903 5031 ο
2951 5018 2969 5051 ι
3000 4998 3116 5053 υύὰ
3145 5001 3174 5053 ό
3207 4998 3476 5053 καταλύων
3493 4993 3563 5045 τὸν

2025 5101 2184 5163 ναὸν,
2232 5100 2328 5154 καὶ
2370 5099 2427 5151 ἐν
2478 5097 2656 5170 τρισὶν
2714 5095 2948 5168 ἡμέραις
3017 5092 3350 5164 οἰκοδομῶν,
3424 5088 3561 5143 σῶσον

2030 5193 2274 5249 σεαυτόν.
2325 5193 2389 5246 El
2412 5190 2543 5256 Υἱὸς
2590 5184 2643 5244 εἴ
2708 5186 2803 5242 τοῦ
2844 5185 3011 5253 Θεοῦ,
3054 5183 3323 5257 κατάϐηθι
3360 5183 3456 5237 ἀπὸ
3487 5173 3558 5232 τοῦ

2030 5284 2282 5360 σταυροῦ.
2331 5284 2561 5356 Ὁμοίως
2599 5282 2656 5336 δέ
2693 5281 2789 5336 καὶ
2831 5282 2879 5333 οἱ
2928 5281 3205 5352 ἀρχιερεῖς
3246 5275 3556 5349 ἐμπαίζοντες

2031 5377 2172 5450 μετά
2222 5375 2332 5432 τῶν
2373 5375 2563 5449 ἱερέων
2598 5373 2695 5430 καὶ
2729 5371 3112 5445 Γραμματέων
3155 5369 3252 5424 καὶ
3293 5362 3556 5440 Φαρισαίων

2029 5470 2236 5540 ἔλεγονο
2262 5468 2489 5532 Ἀλλους
2532 5466 2755 5531 ἔσωσεν,
2803 5463 2994 5520 ἐαυτὸν
3035 5463 3097 5518 οὑ
3142 5461 3357 5515 δύναται
3393 5456 3550 5540 σῶσαι,

2030 5563 2095 5617 Ei
2136 5539 2396 5634 βασιλεὺς
2433 5558 2650 5632 Ἰσραήλ
2691 5559 2841 5625 ἐστι,
2894 5554 3186 5610 καταϐάτω
3222 5551 3315 5607 νῦν
3348 5547 3443 5605 ἀπὸ

2034 5631 2291 5726 σταυροῦ,
2337 5653 2429 5709 καὶ⁵
2471 5631 2833 5721 πιστεύσομεν
2878 5644 3047 5719 αὐτῷ.
3094 5643 3349 5706 Πέποιθεν
3374 5636 3454 5693 ἐπὶ
3475 5631 3548 5688 τὸν

3756 3030 3767 3167 ᾗ

3756 3168 3767 3243 Γ
