3776 6284
188 339 287 394 737

1296 334 1801 391 COMMENTARIA
1840 333 1907 388 IN
1943 334 2284 393 PSALMOS.

3311 342 3415 398 738

185 454 338 507 Θεὸν⁸
374 451 624 525 ῥυσάσθω
678 452 861 516 αὑτὸν,
912 454 962 505 εἱ
1012 450 1157 505 θέλει
1206 452 1387 508 αὑτόν.
1429 450 1565 507 Eine
1615 452 1732 523 γὰρ

1849 452 1967 505 vult
2005 467 2152 507 eum.
2209 452 2356 506 Dixit
2401 453 2568 519 enim,
2603 455 2730 524 quia
2780 454 2953 512 Filius
3001 457 3096 512 Dei
3148 472 3265 511 sum
3309 458 3350 510 ⁸.
3396 479 3414 512 ι

182 546 258 599 ὅτι
295 543 429 596 Θεοῦ
457 543 581 606 Υἱός
622 545 756 614 εἰμι.
797 562 816 596 ι
857 543 1041 599 Ταῦτα
1084 544 1147 615 δὴ
1198 540 1293 597 οὖν
1339 544 1606 607 θεσπίζων
1651 547 1743 598 ἐπὶ

179 635 267 688 τοῦ
319 636 602 705 παρόντος,
655 635 848 706 φησιν·
900 654 921 688 ι
948 638 1070 688 Ὅτι
1115 636 1280 690 ἕνεκά
1324 653 1417 689 σου
1462 636 1743 707 ὑπήνεγκα

179 727 490 796 ὀνειδισμὸν,
528 727 797 796 ἐκάλυψεν
835 727 1070 799 ἐντροπὴ
1110 727 1172 780 τὸ
1210 728 1499 799 πρόσωπόν
1569 745 1691 797 μου.
1717 747 1736 779 ι

178 821 249 873 Οὐ
290 819 398 891 γὰρ
448 820 514 873 δι’
565 820 839 891 ἁμαρτίας
884 820 1042 890 ὲμάς,
1093 820 1214 873 οὐδὲ
1258 819 1347 872 διὰ
1393 819 1742 890 παρανόμους

177 913 429 983 πράξεις,
465 912 615 975 ἀλλ’,
655 930 673 963 ι
709 912 872 966 ἕνεκά
906 929 997 966 σου
1037 931 1055 964 ι
1107 913 1201 965 καὶ
1240 911 1330 965 τὸν
1380 909 1741 981 προλεχθέντα

181 1024 199 1056 ι
235 1003 533 1073 ὀνειδισμὸν
567 1004 859 1072 ὑπέμεινα,
884 1004 980 1055 καὶ
1005 1003 1066 1055 τὸ
1091 1003 1379 1073 πρόσωπόν
1415 1020 1514 1073 μου
1548 1002 1742 1055 ἐκάλυ-

175 1095 266 1163 ψεν
303 1094 538 1165 ὲντροπή
561 1111 574 1124 ·
602 1112 620 1147 ι
660 1094 716 1164 ἢ,
750 1093 888 1146 κατά
932 1093 1023 1146 τὸν
1058 1092 1369 1163 Σύμμαχον,
1404 1111 1421 1142 ι
1447 1091 1739 1160 Ἐκάλυψεν

175 1187 543 1257 ἀσχημόνησις
564 1187 625 1240 τὸ
659 1187 945 1257 πρόσωπον
970 1184 1153 1241 αὑτοῦ.
1186 1206 1205 1237 ›
1240 1186 1346 1239 Καὶ
1360 1185 1532 1239 ταῦτα
1561 1186 1741 1238 πάντα

176 1278 451 1347 ὑπέμεινα.
490 1279 674 1349 φησὶν,
701 1278 865 1330 ἕνεκά
892 1296 1005 1341 σου,
1041 1277 1317 1330 τουτέστιν
1341 1278 1501 1331 ἕνεκα
1516 1278 1609 1330 τοῦ
1644 1277 1737 1330 σοῦ

174 1369 487 1439 θελήματος.
539 1369 696 1423 Ἀλλά
738 1369 831 1422 καὶ
876 1388 894 1419 ι
926 1368 1433 1439 ἀπηλλοτριωμένος
1477 1367 1738 1439 ἐγενήθην

171 1463 273 1524 τοῖς
291 1460 554 1529 ἀδελφοῖς
581 1479 681 1532 μου
701 1502 714 1523 ,
747 1462 842 1515 καὶ
892 1460 1040 1527 ξένος
1074 1464 1186 1524 τοῖς
1217 1462 1349 1523 υἱοῖς
1392 1458 1493 1528 τῆς
1536 1459 1737 1529 μητρός

176 1570 287 1622 μου.
320 1570 337 1602 ι
377 1552 484 1604 Δύο
516 1553 574 1605 δὲ
597 1554 852 1622 τάγματα
872 1552 929 1603 ἐν
954 1550 1162 1614 τούτοις
1184 1550 1527 1621 παρίστησιν
1559 1548 1616 1600 ἓν
1640 1548 1737 1618 μὲν

170 1643 225 1695 τὸ
244 1641 349 1695 τῶν
381 1641 598 1711 ἀληθῶς
631 1640 869 1709 ἀδελφῶν
898 1639 1059 1693 αὐτοῦ
1082 1679 1095 1704 ,
1125 1635 1205 1703 οἷς
1244 1638 1474 1709 ἐγενήθη
1506 1637 1738 1709 ἀπηλλο-

168 1731 479 1802 τριωμένος·
516 1732 701 1803 ἕτερον
733 1731 789 1784 δὲ
809 1731 870 1783 τὸ
898 1731 1005 1783 τῶν
1030 1730 1160 1781 υἱῶν
1181 1729 1280 1798 τῆς
1314 1729 1517 1799 μητρὸς
1546 1727 1732 1791 αὑτοῦ,

169 1826 223 1876 οὐ
256 1825 356 1895 μὴν
388 1825 634 1894 ἀδελφῶν
680 1824 844 1877 αὑτοῦ
865 1863 879 1887 ,
912 1818 992 1887 οἷς
1020 1823 1248 1893 ἐγενήθη
1275 1822 1440 1888 ξένος.
1489 1821 1598 1875 Καὶ
1634 1821 1740 1892 μὴν

170 1918 323 1989 ἐχρῆν
357 1919 509 1981 υἱοὺς
545 1917 749 1988 μητρὸς
781 1916 966 1980 αὑτοῦ,
998 1916 1156 1979 ὄντας
1199 1915 1481 1983 ἀδελφοὺς,
1518 1916 1611 1968 καὶ
1646 1915 1741 1966 αὑ-

168 2011 283 2072 τοὺς
316 2009 520 2079 ὁμοίως
560 2012 673 2071 τοῖς
714 2008 997 2081 προτέροις
1032 2007 1407 2078 χρηματίζειν.
1469 2006 1605 2059 Ἀλλ’
1642 2006 1741 2059 οὑκ

169 2100 403 2171 ὠνόμασε
426 2103 558 2164 τοὺς
586 2101 732 2163 υἱοὺς
753 2102 851 2171 τῆς
894 2099 1096 2170 μητρὸς
1120 2098 1398 2167 ἀδελφοὺς,
1428 2097 1501 2160 ὼς
1523 2096 1741 2168 ἑτέρους

169 2193 313 2255 ὄντας
335 2192 539 2263 δηλαδὴ
564 2193 714 2263 παρά
740 2192 801 2245 τὸ
825 2191 1036 2262 πρῶτον
1070 2191 1255 2260 τάγμα
1283 2190 1390 2242 τῶν
1419 2188 1741 2259 ὀνομασθέν-

167 2284 537 2353 τωνάδελφῶν
568 2283 760 2337 αὑτοῦ.
801 2283 877 2354 (1)
910 2285 1004 2347 Εἱς
1031 2279 1122 2336 οὖν
1151 2282 1411 2351 ἀδελφοὺς
1443 2280 1540 2350 μὲν
1576 2278 1737 2332 αὐτοῦ

170 2377 505 2444 γεγεγονέναι
533 2376 657 2440 τοὺς
684 2376 846 2429 αὑτοῦ
878 2374 1143 2447 μαθητὰς,
1174 2368 1382 2445 περὶῶν
1399 2374 1493 2427 καὶ
1508 2375 1563 2425 ὲν
1579 2372 1740 2443 ἑτέρᾳ.

170 2466 336 2536 φησίψ
369 2485 386 2518 ι
428 2466 752 2534 Ἀπαγγελῶ
765 2465 827 2518 τὸ
850 2465 1021 2536 ὄνομά
1046 2482 1137 2517 σου
1173 2468 1285 2527 τοῖς
1324 2463 1570 2531 ἀδελφοῖς
1599 2478 1699 2531 μου
1722 2501 1736 2524 ,

170 2561 254 2612 καὶ
271 2562 325 2613 ὲν
353 2560 506 2631 μέσῳ
539 2559 864 2631 Ἐκκλησίας
882 2559 1109 2628 ὑμνήσω
1127 2574 1206 2610 σε.
1234 2576 1251 2607 ι
1273 2556 1383 2609 Καὶ
1402 2558 1460 2609 ἐν
1475 2554 1553 2625 τῷ
1569 2556 1740 2623 Εὑαγ-

168 2650 316 2721 γελίῳ
338 2654 401 2722 τῇ
427 2650 622 2721 Μαρίᾳ
661 2651 848 2719 φανεὶς
881 2649 1017 2720 μετά
1048 2650 1145 2719 τὴν
1179 2650 1243 2701 ὲκ
1276 2646 1483 2718 νεκρῶν
1506 2646 1739 2699 ἀνάστα-

171 2757 245 2794 σιν
268 2741 439 2810 ἔλεγε·
466 2761 485 2793 ι
513 2741 752 2812 Πορεύου
786 2739 920 2813 πρὸς
952 2740 1077 2802 τοὺς
1108 2737 1371 2807 ἀδελφούς
1404 2755 1524 2808 μου,
1549 2739 1643 2789 καὶ
1657 2732 1737 2789 εἷ-

171 2848 258 2887 πον
282 2835 480 2898 αὐτοῖς·
520 2832 820 2886 Ἀναὸαίνω
849 2832 985 2903 πρὸς
1008 2832 1099 2884 τὸν
1127 2830 1345 2902 Πατέρα
1379 2846 1477 2900 μου
1507 2830 1600 2882 καὶ
1621 2829 1736 2882 Πά-

171 2926 289 2996 τέρα
321 2926 495 2997 ὑμῶν,
521 2927 614 2980 καὶ
638 2925 769 2979 Θεόν
791 2942 889 2995 μου
915 2924 1009 2977 καὶ
1024 2923 1157 2976 Θεὸν
1174 2923 1203 2975 ὑ
1212 2922 1347 2993 μῶν.
1363 2942 1381 2973 ι
1403 2922 1625 2984 Τούτοις
1645 2917 1735 2974 οὖν

169 3020 267 3080 τοῖς
297 3018 542 3088 ἀδελφοῖς
576 3017 738 3072 αὑτοῦ
775 3015 1280 3088 ἀπηλλοτριωμένος
1316 3013 1547 3084 ἐγενήθη
1594 3013 1737 3066 κατά

172 3111 344 3180 καιρὸν
363 3110 456 3163 τοῦ
485 3110 817 3181 δηλουμένου
842 3109 1066 3173 πάθους,
1092 3108 1178 3161 ὅτε
1205 3108 1404 3170 πάντες
1422 3108 1469 3158 οἱ
1499 3106 1735 3177 μαθηταὶ

171 3202 318 3254 αὑτοῦ
346 3203 577 3271 ἀφέντες
604 3202 765 3256 αὑτὸν
808 3201 1037 3271 ἔφευγον
1062 3240 1076 3265 ,
1105 3199 1266 3261 αὑτός
1290 3216 1348 3249 τε
1375 3200 1402 3251 ὁ
1435 3201 1730 3270 κορυφαῖος

171 3293 265 3348 τῶν
286 3296 594 3349 ἀποστόλων
623 3296 827 3367 Πέτρος
853 3297 1126 3367 ἠρνήσατο
1158 3290 1319 3346 αὑτὸν
1360 3292 1561 3364 τρίτον.
1601 3292 1735 3345 Τού-

171 3404 269 3451 τοις
288 3388 431 3455 ξένος
458 3390 554 3442 καὶ
577 3387 1084 3459 ἀπηλλοτριωμένος
1102 3384 1355 3457 ἐγενήθη⁸
1384 3388 1497 3447 τοῖς
1520 3384 1576 3437 δὲ
1600 3385 1734 3447 υἱοῖς

170 3475 259 3545 τῆς
288 3476 487 3548 μητρὸς
517 3477 701 3540 arb-.05,
735 3477 796 3529 οὑ
833 3476 937 3547 μὴν
962 3476 1057 3529 καὶ
1087 3476 1334 3545 ἀδελφοῖς
1363 3470 1509 3529 οὖσιν
1547 3473 1730 3537 αὑτοῦ,

173 3565 304 3632 ξένος
330 3571 540 3638 γέγονε.
600 3569 888 3639 Μέμνηται
935 3569 991 3622 δὲ
1027 3569 1088 3621 τὸ
1116 3568 1446 3638 Εὑαγγέλιον
1490 3566 1733 3636 ἀδελφῶν

173 3658 318 3712 αὑτοῦ
346 3662 439 3713 καὶ
474 3660 699 3733 μητρὸς,
719 3662 827 3725 ὅτε,
852 3660 1019 3714 ἐλθὼν
1046 3663 1124 3725 εἰς
1155 3661 1254 3731 τὴν
1285 3659 1518 3730 πατρίδα
1544 3657 1730 3723 αὑτοῦ,

173 3749 428 3806 ἐδίδασκεν
464 3754 523 3807 ὲν
555 3756 621 3823 τῇ
658 3755 969 3824 συναγωγῇ,
1002 3753 1076 3817 ὡς
1107 3752 1509 3824 ἐκπλήσσεσθαι
1536 3752 1733 3815 αὐτοὺς

174 3842 258 3895 καὶ
281 3842 473 3911 λέγειν·
516 3862 535 3896 ι
567 3844 737 3897 Πόθεν
770 3844 944 3915 τούτῳ
979 3847 1012 3915 ή
1046 3844 1204 3913 σοφία
1244 3843 1413 3914 enim];
1444 3844 1555 3914 Οὐχ
1579 3838 1731 3906 οὗτός

174 3930 304 3984 ἔστιν
325 3933 352 3984 ὁ
370 3932 463 3985 τοῦ
495 3931 743 3996 τέκτονος
767 3932 910 3998 υἱός;
942 3933 1054 4003 υὺχ
1079 3935 1112 4003 ή
1154 3934 1339 4003 μήτηρ
1365 3930 1529 3985 αὑτοῦ
1564 3931 1657 3983 καὶ
1682 3932 1731 3983 οἱ

173 4021 372 4094 ἀδελφοὶ
403 4024 569 4078 αὑτοῦ
599 4025 693 4077 καὶ
711 4027 765 4078 αἱ
797 4024 1020 4095 ἀδελφαὶ¹
1033 4022 1196 4077 αὑτοῦ
1226 4025 1393 4076 πᾶσαι
1424 4023 1560 4093 πρὸς
1585 4023 1731 4093 ἡμᾶς

174 4114 294 4179 stat;
320 4116 487 4171 Πόθεν
524 4117 698 4190 τούτῳ
710 4117 880 4172 ταῦτα
945 4119 1157 4182 πάντα;
1186 4134 1204 4168 ι
1226 4115 1351 4168 Ἐὰν
1374 4114 1472 4185 μὲν
1497 4108 1588 4165 οὖν
1608 4114 1732 4175 τοὺς

175 4205 226 4257 ὲν
259 4206 332 4278 τῷ
375 4209 512 4280 μετὰ
546 4213 733 4282 χεῖρας
782 4209 1105 4281 λεγομένους
1148 4207 1296 4270 υἱοὺς
1334 4205 1536 4277 μητρὸς
1567 4204 1729 4257 αὑτοῦ

174 4296 376 4363 τούτους
411 4298 549 4354 εἶναι
588 4299 933 4371 ὲκλάϐοιμεν,
966 4299 1179 4369 ἀνάγκη
1203 4298 1301 4369 τὴν
1329 4295 1486 4365 ἁγίαν
1519 4292 1730 4365 Παρθέ-

176 4404 253 4442 νον
283 4394 489 4465 μητέρα
510 4394 673 4462 φάναι
710 4392 988 4463 γεγονέναι
1013 4391 1120 4444 τῶν
1146 4388 1348 4442 λοιπῶν
1372 4385 1613 4456 ἀδελφῶν
1632 4386 1729 4439 αύ-

1845 543 1972 600 Haec
2020 560 2169 599 nunc
2226 545 2536 601 vaticinans
2588 546 2769 601 dicit:
2814 567 2833 599 ι
2877 547 3144 614 Quoniam
3198 557 3423 618 propter

1843 643 1898 691 te
1953 637 2192 691 sustinui
2233 638 2610 707 opprobrium,
2640 641 2857 708 operuit
2910 640 3162 695 confusio
3224 640 3417 695 faciem

1842 743 2039 783 meam.
2069 746 2088 778 ι
2119 727 2236 782 Non
2263 729 2407 783 enim
2444 728 2513 783 ob
2546 740 2767 799 peccata
2802 739 2856 784 et
2900 731 3146 801 improba
3176 730 3421 787 facinora

1842 834 1999 884 mea;
2034 818 2130 873 sed
2161 838 2180 871 ‹
2219 828 2440 889 propter
2470 826 2522 874 te
2572 839 2591 872 ι
2628 820 2946 890 praedictum
2997 840 3015 872 ι
3053 822 3418 892 opprobrium

1840 910 2101 973 sustinui,
2121 920 2175 964 et
2211 912 2430 979 operuit
2458 911 2710 966 confusio
2737 911 2933 967 faciem
2963 929 3139 969 meam
3170 932 3184 981 ;
3219 933 3238 966 ι
3279 918 3416 979 sive,

1842 1001 2140 1056 secundum
2196 1001 2577 1073 Symmachum
2614 1022 2627 1057 :
2665 1022 2685 1055 ι
2723 1004 2951 1074 Operuit
2991 1006 3288 1077 ignominia
3333 1006 3421 1061 fa-

1840 1092 1980 1146 ciem
2007 1093 2149 1162 ejus.
2187 1113 2205 1145 »
2244 1093 2309 1147 Et
2334 1095 2449 1153 haec
2476 1096 2680 1163 omnia,
2711 1095 2887 1167 inquit
2913 1136 2928 1159 ,
2961 1106 3185 1169 propter
3215 1109 3266 1154 te
3293 1114 3420 1169 pas-

1841 1197 1935 1237 sus
1974 1198 2118 1250 sum,
2149 1185 2203 1240 id
2253 1194 2358 1251 est,
2404 1196 2625 1256 propter
2674 1189 3009 1244 voluntatem
3048 1200 3217 1244 tuam.
3272 1192 3416 1257 Quin

1838 1278 1999 1330 etiam
2046 1298 2065 1330 ‹
2121 1289 2415 1335 extraneus
2467 1280 2645 1337 factus
2694 1296 2813 1335 sum
2865 1280 3130 1338 fratribus
3165 1284 3325 1346 meis,
3364 1294 3419 1339 et

1839 1364 2159 1434 peregrinus
2205 1365 2332 1419 ﬁliis
2370 1368 2562 1423 matris
2612 1384 2765 1423 mem.
2813 1388 2831 1421 ι
2869 1368 3017 1425 Duos
3067 1372 3157 1426 hic
3200 1372 3421 1427 ordines

1839 1453 2151 1523 significat;
2199 1456 2427 1510 alterum
2483 1473 2672 1511 eorum
2728 1459 2820 1528 qui
2875 1476 3003 1515 vere
3062 1461 3266 1517 fratres
3300 1463 3420 1533 ejus

1837 1552 2013 1609 erant,
2049 1546 2249 1615 quibus
2272 1555 2568 1603 extraneus
2602 1547 2779 1604 factus
2807 1559 2924 1617 est;
2958 1552 3188 1606 alterum
3224 1569 3417 1609 eorum

1839 1634 1930 1703 qui
1962 1633 2056 1687 filii
2110 1635 2302 1689 matris
2355 1636 2475 1705 ejus
2506 1646 2684 1704 erant,
2716 1639 2810 1693 sed
2860 1656 2968 1693 non
3024 1639 3225 1696 fratres
3272 1642 3418 1711 ejus,

1838 1728 2036 1797 quibus
2064 1729 2383 1799 peregrinus
2416 1729 2640 1787 effectus
2670 1740 2773 1787 est.
2827 1732 2892 1787 Et
2938 1743 3121 1790 tamen
3174 1739 3417 1806 oportuit

1774 1803 1812 1857 Β
1844 1816 1984 1872 ﬁlios
2021 1820 2213 1873 matris
2240 1819 2382 1888 ejus,
2414 1835 2538 1874 cum
2578 1821 2775 1878 fratres
2808 1823 2931 1894 ejus
2958 1834 3164 1888 essent,
3189 1803 3418 1896 perinde

1841 1916 2004 1978 atque
2051 1910 2264 1979 priores
2317 1912 2624 1982 nuncupari
2685 1912 2905 1969 fratres.
2935 1914 3005 1966 At
3056 1914 3199 1969 ﬁlios
3228 1916 3420 1970 matris

1840 2000 2036 2056 fratres
2062 2016 2170 2054 non
2194 2002 2430 2064 vocavit,
2464 2011 2653 2073 utpote
2686 2004 2822 2059 alios
2846 2014 2900 2059 et
2921 2004 3169 2060 diversos
3204 2020 3234 2058 a
3267 2007 3418 2075 prio-

1842 2108 1901 2148 re
1926 2094 2119 2147 ordine
2163 2108 2353 2148 eorum
2387 2094 2480 2163 qui
2527 2094 2726 2151 fratres
2756 2096 2935 2151 vocati
2986 2104 3135 2151 sunt.
3194 2095 3417 2152 Fratres

1840 2201 1971 2256 ergo
2001 2186 2143 2253 ejus,
2176 2186 2432 2256 discipuli
2471 2187 2839 2255 existimandi,
2866 2189 2933 2244 de
2953 2189 3150 2259 quibus
3178 2190 3304 2244 alibi
3334 2190 3418 2244 di-

1839 2279 1914 2332 cit
1948 2298 1960 2333 :
1998 2298 2016 2331 ‹
2051 2278 2295 2334 Narrabo
2329 2297 2527 2336 nomen
2563 2291 2715 2335 tuum
2770 2282 3034 2338 fratribus
3092 2284 3248 2346 meis,
3279 2290 3332 2338 et
3360 2284 3416 2338 in

1839 2372 2017 2425 medio
2036 2372 2299 2434 Ecclesiae
2323 2373 2556 2428 laudabo
2580 2380 2632 2427 te
2656 2376 2699 2429 θ.
2741 2392 2761 2427 ι
2796 2373 2862 2426 Ει
2892 2374 2945 2427 in
2975 2373 3267 2443 Evangelio
3294 2382 3416 2444 post

1839 2465 2296 2519 resurrectionem
2340 2480 2406 2519 ex
2453 2465 2707 2529 mortuis,
2748 2480 2872 2519 cum
2914 2465 3096 2520 Marias
3130 2466 3281 2521 visus
3308 2475 3412 2529 est,

1839 2553 2054 2609 dicebat
2098 2573 2111 2609 :
2160 2573 2178 2607 ‹
2214 2554 2363 2611 Vade
2405 2556 2473 2611 ad
2524 2555 2723 2611 fratres
2778 2572 2949 2620 meos,
3007 2563 3061 2610 et
3107 2556 3208 2611 'die
3257 2556 3411 2610 illis:

1813 2637 2089 2702 .Ascendo
2110 2647 2176 2700 ad
2199 2645 2415 2701 Patrem
2438 2663 2615 2702 meum
2648 2657 2699 2702 et
2724 2646 2937 2702 Patrem
2957 2655 3220 2710 vestrum,
3246 2646 3413 2701 Deum

1838 2755 2019 2793 meum
2054 2748 2106 2794 et
2140 2739 2309 2794 Deum
2341 2748 2583 2795 vestrum
2611 2741 2675 2794 ιο.
2715 2760 2733 2792 ι
2770 2739 2865 2795 llis
2907 2741 3090 2809 itaque
3151 2740 3413 2795 fratribus

1838 2831 1954 2886 suis
1970 2839 2267 2886 extraneus
2298 2831 2478 2887 factus
2507 2840 2592 2887 est
2627 2839 2870 2901 tempore
2891 2833 3165 2901 praedictae
3200 2832 3413 2902 passio-

1836 2922 1942 2984 nis,
1978 2923 2200 2991 quando
2238 2938 2430 2978 omnes
2472 2923 2731 2993 discipuli
2755 2923 2876 2992 ejus
2909 2924 3101 2977 relicto
3139 2939 3203 2977 eo
3240 2922 3413 2993 fugie—

1837 3013 1986 3078 bant,
2019 3014 2242 3086 ipseque
2297 3015 2605 3085 praecipuus
2664 3016 3039 3084 apostolorum
3096 3014 3291 3069 Petrus
3331 3022 3412 3068 ter

1838 3107 2054 3176 negavit
2081 3122 2227 3161 eum.
2260 3104 2357 3162 llis
2407 3106 2731 3177 peregrinus
2779 3114 2833 3161 et
2862 3115 3157 3161 extraneas
3186 3106 3410 3160 effectus

1836 3204 1939 3252 est.
1979 3196 2134 3253 Filiis
2186 3199 2316 3252 item
2375 3198 2570 3252 matris
2602 3213 2735 3263 suae,
2764 3199 2857 3268 qui
2908 3198 3104 3254 fratres
3161 3200 3246 3253 sui
3298 3213 3408 3252 non

1835 3293 2012 3354 erant,
2045 3283 2363 3358 peregrinus
2411 3286 2533 3341 fuit.
2587 3286 2831 3341 Meminit
2862 3302 3023 3357 porro
3060 3285 3404 3356 Evangelium

1835 3376 2066 3431 fratrum
2120 3384 2174 3431 et
2220 3377 2413 3432 matris
2448 3376 2588 3445 ejus,
2619 3377 2713 3431 ubi
2764 3392 2888 3431 cum
2924 3377 3166 3430 venisset
3214 3377 3267 3429 in
3314 3392 3411 3445 pa-

1834 3468 1991 3520 triam
2024 3482 2203 3531 suam,
2236 3467 2485 3535 docebat,
2517 3466 2571 3520 in
2632 3482 2925 3538 synagoga,
2959 3468 3030 3519 ita
3070 3474 3127 3519 ut
3158 3468 3259 3536 ipsi
3293 3474 3411 3521 stu-

1833 3565 2022 3628 perent
2056 3572 2119 3611 ac
2146 3558 2393 3611 dicerent
2425 3577 2437 3613 :
2487 3576 2506 3610 ι
2544 3556 2699 3611 Unde
2755 3557 2882 3611 huic
2930 3557 3198 3631 sapientia
3246 3557 3413 3612 hac?

1830 3648 2023 3703 Nonne
2052 3648 2140 3702 hic
2164 3656 2249 3702 est
2274 3648 2412 3702 fabri
2449 3648 2627 3704 filius?
2656 3646 2848 3702 Nonne
2878 3656 3051 3701 mater
3071 3646 3190 3715 ejus
3218 3658 3270 3702 et
3300 3648 3411 3700 fra.

1832 3745 1945 3793 tres
1969 3736 2110 3807 ejus,
2147 3745 2200 3791 et
2228 3752 2447 3792 sorores
2500 3740 2621 3806 ejus
2663 3752 2855 3790 omnes
2897 3735 3039 3805 apud
3088 3751 3189 3790 nos
3239 3736 3411 3791 sunt?

1833 3834 1989 3889 Unde
2026 3833 2155 3887 huic
2206 3834 2321 3887 haec
2358 3834 2541 3886 omnia
2575 3833 2656 3885 “?
2691 3852 2708 3884 ι
2739 3831 2796 3885 Si
2824 3832 2992 3902 igitur
3040 3831 3183 3887 filios
3216 3832 3407 3887 matris

1830 3926 1952 3995 ejus
1984 3925 2040 3980 in
2084 3926 2186 3979 hoc
2243 3926 2453 3995 psalmo
2485 3925 2565 3979 sic
2597 3932 2848 3988 vocatos,
2881 3938 2981 3993 pro
3014 3922 3136 3979 istis
3169 3923 3409 3994 accipia-

1830 4033 1977 4085 mus,
2013 4032 2239 4073 necesse
2268 4024 2352 4071 est
2394 4031 2497 4073 nos
2546 4023 2791 4071 sanctam
2829 4015 3124 4085 Virginem,
3164 4016 3406 4085 reliquo-

1830 4123 1952 4163 rum
1994 4110 2227 4162 fratrum
2271 4109 2388 4179 ejus
2423 4116 2651 4162 matrem
2701 4108 2903 4162 dicere.
2938 4105 3137 4162 Verum
3167 4106 3410 4163 Jacobus

1831 4203 1923 4273 qui
1968 4202 2167 4257 dicitur
2226 4200 2396 4254 frater
2425 4199 2663 4263 Domini,
2694 4214 2801 4253 non
2836 4199 3052 4253 videtur
3085 4200 3407 4269 peregrinus

1831 4296 1933 4365 ipsi
1964 4295 2154 4360 fuisse,
2188 4308 2291 4347 nec
2320 4292 2445 4348 ﬁdei
2473 4293 2528 4345 in
2567 4292 2746 4361 ipsum
2778 4300 3106 4356 extraneus;
3130 4291 3242 4343 imo
3275 4304 3407 4343 vero

1832 4400 1974 4439 unus
2008 4399 2071 4439 ex
2124 4384 2192 4437 iis
2250 4382 2343 4452 qui
2377 4396 2500 4435 cum
2560 4381 2750 4449 primis
2799 4380 2943 4433 inter
2968 4394 3257 4449 germanos
3283 4380 3407 4448 ejus

175 4480 275 4534 τοῦ.
320 4483 453 4537 Ἀλλ’
481 4486 821 4555 ἐπιφαίνεται
860 4482 1110 4545 Ἰάκωϐος
1145 4483 1173 4534 ὁ
1196 4478 1537 4551 χρηματίσας
1560 4477 1721 4530 αὑτοῦ

1830 4475 2128 4544 discipulos
2159 4479 2353 4535 erant;
2389 4472 2463 4524 ita
2490 4478 2545 4524 ut
2582 4472 2698 4539 ipse
2720 4470 2929 4539 primus
2960 4468 3405 4539 Hierosolymita-

177 4569 382 4642 ἀδελφὸς
407 4576 506 4628 οὑκ
528 4574 938 4645 ἀπεξενωμένος
954 4571 1117 4625 αὑτοῦ
1140 4571 1397 4640 γεγονὼς,
1426 4568 1544 4621 οὑδὲ
1573 4567 1728 4621 ἀλλό-

150 4726 153 4727 ν
176 4678 308 4732 τριος
337 4666 435 4737 τῆς
464 4671 541 4733 είς
569 4670 729 4721 αὑτὸν
757 4668 1012 4729 πίστεως,
1038 4659 1118 4727 εἷς
1147 4664 1203 4716 δὲ
1228 4662 1335 4715 τῶν
1369 4661 1573 4732 σφόδρα
1590 4677 1724 4730 γνη-

179 4754 294 4808 σίων
328 4760 487 4812 αὑτοῦ
520 4760 795 4832 μαθητῶν·
830 4760 902 4822 ὡς
934 4758 1027 4812 καὶ
1046 4758 1135 4809 τὸν
1167 4755 1353 4826 θρόνον
1370 4752 1726 4816 ἀναδέξασθαι

179 4846 374 4916 πρῶτον
396 4852 493 4922 τῆς
517 4854 575 4905 ὲν
609 4852 997 4924 Ἱεροσολύμοις
1035 4847 1380 4918 Ἐκκλησίας.
1415 4846 1524 4899 Καὶ
1545 4847 1592 4897 οἱ
1625 4844 1729 4896 λοι-

181 4941 259 4992 ποὶ
282 4941 333 4995 δὲ
359 4946 517 4999 αὑτοῦ
550 4946 797 5016 ἀδελφοὶ,
837 4947 884 4999 εἰ
916 4945 1011 4998 καὶ
1041 4941 1112 4998 τὰ
1139 4942 1369 5014 μάλιστα
1402 4939 1519 4993 κατ’
1553 4936 1726 5009 ἀρχὰς

179 5030 266 5085 οὑκ
290 5035 560 5092 ἐπίστευον
592 5040 671 5102 εἱς
703 5038 886 5101 αὑτὸν,
914 5035 1049 5090 ἀλλά
1080 5034 1216 5106 μετά
1247 5032 1419 5086 ταῦτα
1449 5030 1597 5101 δῆλοί
1618 5032 1725 5082 εἰσι

182 5125 562 5193 πιστεύσαντες.
597 5130 821 5201 Ἱστορεῖ
843 5129 885 5181 δ’
915 5124 1007 5181 οὖν
1038 5127 1100 5179 τὸ
1133 5124 1480 5193 Εὑαγγέλιον,
1515 5122 1590 5184 ὡς
1618 5122 1725 5192 ἄρα

180 5212 209 5282 ἡ
239 5218 404 5291 μήτηρ
428 5221 589 5275 αὑτοῦ
621 5222 714 5275 καὶ
734 5223 782 5275 οἱ
811 5220 1028 5290 ἀδελφοὶ
1053 5217 1216 5274 αὑτοῦ
1251 5216 1591 5286 είστήκεισαν
1622 5211 1727 5278 ἔξω

184 5301 445 5374 ζητοῦντες
470 5310 695 5383 λαλῆσαι
717 5312 885 5384 αὐτῷ.
912 5311 1022 5365 Καὶ
1048 5312 1104 5362 ὲν
1130 5310 1251 5370 ταῖς
1278 5306 1514 5376 Πράξεσι
1535 5304 1591 5357 δὲ
1614 5300 1721 5356 τῶν

184 5392 467 5454 ἀποστόλων
487 5401 753 5467 λέλεκται,
786 5402 861 5466 ὡς
892 5403 1001 5474 ἄρα
1017 5397 1155 5471 ἦσαν
1182 5398 1231 5451 οἱ
1260 5396 1544 5450 ἀπόστολοι
1569 5394 1720 5464 κοινῇ

185 5483 362 5552 πάντες
387 5491 911 5563 προσκαρτεροῦντες
942 5494 1008 5562 τῇ
1044 5490 1314 5561 προσευχῇ
1358 5486 1454 5539 σὺν
1490 5482 1723 5555 Μαριὰμ

246 5597 266 5630 ⁸
302 5599 480 5657 Matth.
520 5619 693 5667 xxvii,
731 5606 916 5661 40-43.
993 5606 1014 5639 ⁸
1051 5601 1199 5658 Psal.
1240 5615 1355 5663 ni,
1396 5599 1488 5654 23.
1568 5597 1609 5628 ¹⁰
1649 5594 1807 5651 Joan.
1852 5611 1944 5658 xx,
1988 5592 2074 5647 l7.

188 5663 267 5721 Π.
338 5671 379 5702 ¹⁸
418 5675 536 5727 Act.
576 5689 615 5738 ι,
660 5663 745 5730 ﬂ.

254 5760 321 5832 (l)
352 5763 549 5821 Texltts
569 5764 807 5820 vitiatus.

1829 4583 1912 4621 me
1941 4564 2198 4619 Ecclesiae
2227 4563 2485 4616 thronum
2538 4562 2830 4630 acciperet.
2890 4558 3101 4627 lieliqui
3125 4559 3252 4612 item
3283 4558 3408 4627 ejus

1828 4659 2047 4720 fratres,
2080 4655 2182 4710 etsi
2220 4669 2248 4707 a
2275 4653 2545 4723 principio
2579 4667 2687 4706 non
2713 4651 3000 4705 crederent
3035 4651 3089 4703 in
3116 4650 3317 4719 ipsum,
3349 4658 3404 4702 at

1827 4759 2036 4806 certum
2087 4755 2171 4803 est
2220 4762 2315 4800 eos
2376 4756 2563 4816 postea
2618 4745 2934 4799 credidisse.
2992 4741 3191 4796 Narrat
3255 4742 3401 4796 enim

1828 4840 2175 4912 Evangelium
2209 4840 2272 4905 “,
2300 4849 2527 4893 matrem
2578 4844 2632 4890 et
2680 4836 2880 4889 fratres
2910 4833 3031 4903 ejus
3084 4833 3229 4888 foras
3286 4842 3401 4888 ste-

1831 4937 1966 4991 tisse
1994 4937 2301 5003 quaerentes
2328 4945 2454 4985 eum
2487 4927 2709 4998 alloqui.
2746 4925 2812 4980 Et
2844 4928 2899 4981 in
2933 4926 3161 4980 Actibus
3187 4933 3403 4994 aposto-

1833 5026 2010 5081 lorum
2045 5022 2089 5055 ³³
2112 5022 2334 5085 dicitur,
2386 5019 2556 5073 fuisse
2584 5019 2862 5088 apostolos
2898 5033 3006 5070 una
3047 5027 3404 5085 perseveran-

1816 5116 2002 5172 tesin
2030 5113 2279 5170 oratione
2301 5125 2425 5165 cum
2461 5109 2633 5162 Maria
2662 5116 2835 5164 matre
2859 5109 2980 5179 ejus
3025 5113 3080 5161 et
3136 5104 3396 5159 fratribus

1833 5210 1973 5280 ejus.
2027 5207 2131 5274 Qui
2182 5218 2312 5274 ergo
2349 5202 2694 5257 existimetur
2746 5202 2815 5257 iis
2867 5199 3186 5272 peregrinus
3238 5198 3400 5252 esse?

1827 5298 2023 5354 Nullus
2069 5298 2252 5364 itaque
2299 5292 2454 5345 locus
2506 5299 2751 5361 superest
2802 5299 2862 5343 ut
2894 5290 2962 5344 de
3014 5289 3083 5344 iis
3130 5288 3393 5341 dicatur:

1835 5408 1854 5441 ι
1890 5389 2195 5444 Extraneus
2221 5384 2397 5437 factus
2429 5394 2551 5435 sum
2585 5381 2848 5435 fratribus
2870 5379 3029 5444 meis,
3061 5385 3115 5434 et
3153 5372 3396 5447 peregri-

1830 5498 1934 5537 nus
1966 5480 2092 5534 filiis
2126 5476 2316 5530 matris
2358 5487 2510 5527 meae.
2548 5492 2566 5525 ι
2610 5472 2731 5527 Non
2774 5473 2919 5527 enim
2952 5473 3018 5527 iis
3055 5469 3395 5541 peregrinus.

2165 5592 2203 5621 “
2248 5585 2434 5642 Matth.
2491 5602 2614 5652 xm,
2673 5585 2859 5642 54-56.
2977 5587 3020 5617 η
3061 5581 3248 5638 Matth.
3292 5593 3393 5647 xu,
