3776 6284
408 334 512 391 739

1100 331 1369 390 EUSEBH
1407 332 1885 391 CIESARIENSIS
1922 335 2070 392 OPP.
2113 337 2293 394 PARS
2322 338 2404 395 ill.
2430 370 2499 381 —
2537 338 2947 396 EXEGETICA.
3528 345 3612 400 ’110

405 448 504 506 sed
533 448 762 503 multum
794 449 1068 519 pretiosus
1092 457 1231 514 erat,
1258 451 1332 504 ita
1369 458 1426 506 ut
1451 451 1766 508 nullatenus
1794 469 1894 509 crel

2085 461 2151 530 τῇ
2188 460 2353 531 μητρὶ
2380 457 2542 512 αὑτοῦ
2567 459 2660 513 καὶ
2682 462 2794 523 τοῖς
2821 457 3066 528 ἀδελφοῖς
3092 458 3276 512 αὑτοῦ.
3309 459 3428 523 Πῶς
3445 457 3526 515 οιῖιν
3546 463 3613 516 δύ-

404 557 465 595 re
496 541 656 594 liceat
678 550 1010 597 memoratos
1042 542 1244 597 fratres
1264 543 1387 612 ejus
1415 542 1558 600 filios
1581 544 1764 600 Maria
1788 545 1979 604 fuisse.

401 633 509 686 Alii
546 647 680 688 sane
710 632 916 688 fuerint
943 635 1036 706 qui
1073 637 1127 689 in
1161 635 1374 706 psalmo
1407 635 1504 690 lilii
1541 639 1731 692 matris
1753 637 1873 707 ejus
1901 639 1985 693 di-

401 731 626 788 cuntur,
667 725 981 796 quibusque
1020 735 1318 782 extr-ancus
1357 727 1537 781 factus
1567 732 1671 781 est.
1705 725 1982 798 lntelligas

400 831 568 886 porro
590 824 820 872 matrem
850 817 1072 886 quidem
1101 818 1223 887 ejus
1253 835 1377 876 esse
1399 817 1715 873 Judaorum
1736 819 1982 891 Synago-

399 923 523 978 gam
574 925 902 979 omnemque
954 912 1337 981 cognationem
1389 911 1689 968 secundum
1737 928 1979 978 carnem,

399 1014 590 1053 eorum
638 999 849 1054 scilicet
891 999 985 1070 qui
1029 1017 1095 1055 ex
1132 1000 1556 1056 circumcisione
1595 1009 1790 1068 erant;
1843 1002 1982 1058 ﬁlios

397 1107 529 1148 vero
553 1091 868 1162 hujusmodi
892 1093 1109 1158 matris,
1141 1109 1237 1149 eos
1271 1095 1364 1164 qui
1393 1094 1573 1165 ipsum
1609 1095 1978 1163 abnegarunt,

397 1199 463 1237 ac
491 1185 752 1238 dixerunt
787 1201 802 1238 ι
844 1203 862 1235 ι
906 1184 1064 1240 Hunc
1089 1193 1271 1241 autem
1302 1186 1582 1241 nescimus
1606 1185 1750 1241 unde
1776 1186 1847 1241 sit
1879 1187 1974 1242 ιδ.»

396 1273 543 1341 ideo,
581 1290 706 1330 cum
743 1276 893 1330 illum
947 1277 1296 1348 peregrinum
1335 1278 1738 1340 existimarent,
1762 1279 1980 1334 dicebat

394 1365 477 1421 eis
508 1385 521 1420 :
559 1385 577 1416 ι
616 1367 727 1422 Cur
746 1367 1015 1437 loquelam
1067 1385 1241 1424 meam
1285 1384 1394 1424 non
1422 1370 1646 1424 nostis?
1683 1371 1817 1440 quia
1867 1387 1980 1426 non

394 1459 628 1527 potestis
676 1459 868 1514 audire
898 1475 1209 1516 sermonem
1254 1477 1436 1516 meum
1466 1463 1532 1516 ¹⁸.
1569 1483 1587 1515 ι
1625 1462 1978 1534 Peregrinum

392 1550 559 1603 etiam
596 1550 746 1604 illum
779 1552 1042 1620 putabant
1069 1567 1196 1606 cum
1228 1553 1474 1610 dicerent
1509 1574 1522 1610 :
1561 1573 1580 1607 ι
1618 1555 1810 1611 Nonne
1843 1556 1980 1612 bene

391 1639 627 1695 dicimus
654 1657 776 1706 nos,
799 1642 929 1712 quia
961 1641 1344 1701 Samaritanus
1371 1662 1430 1702 es
1469 1655 1620 1711 tu,et
1650 1647 1978 1704 damonium

392 1732 562 1789 babes
595 1734 674 1786 "?
716 1754 735 1786 ι
771 1735 954 1800 Quare
983 1736 1203 1792 dicebat
1236 1741 1318 1794 eis
1351 1759 1365 1795 :
1404 1758 1422 1791 ι
1465 1739 1578 1812 Ego
1602 1745 1725 1798 veni
1775 1743 1830 1798 in
1873 1759 1977 1799 no-

2085 567 2240 602 ναται
2265 550 2471 614 τούτοις
2499 548 2645 614 ξένος
2670 544 2806 602 εἶναι
2840 548 3146 620 νομίζεσθαι
3167 551 3354 614 rem
3383 552 3450 622 μὴ
3467 552 3614 624 χώραν

2085 638 2228 708 ἔχειν
2269 638 2398 710 περὶ
2438 637 2641 691 τούτων
2671 638 2922 707 λέγεσθαι
2953 638 3034 704 τὸ,
3067 658 3084 690 ι
3131 640 3616 712 Ἀπηλλοτριωμένος

2084 731 2346 802 ἐγενήθην
2377 733 2490 793 τοῖς
2515 730 2763 800 ἀδελφοῖς
2791 748 2890 801 μου
2917 770 2932 794 ,
2961 732 3055 784 καὶ
3081 731 3228 797 ξένος
3259 735 3372 797 τοῖς
3398 735 3519 798 υίοῖς
3539 736 3615 805 τῆς

2086 823 2290 894 μητρός
2317 837 2438 892 μου.
2481 841 2500 874 ι
2523 823 2595 876 Οὐ
2628 822 2736 893 γὰρ
2762 819 2830 896 ἦν
2852 823 3057 877 τούτων
3075 824 3240 899 ξένος,
3256 825 3488 879 ἀλλὰκαὶ
3509 828 3617 895 ἄγαν

2081 912 2280 983 τίμιος·
2312 912 2388 975 ὡς
2411 911 2604 983 μηκέτι
2624 913 2749 976 τοὺς
2774 913 3168 984 προλεχθέντας
3203 914 3366 968 αὑτοῦ
3401 915 3617 986 ἀδελφοὺς

2082 1004 2232 1068 υἱοὺς
2276 999 2412 1058 εἷναι
2457 1005 2554 1076 τῆς
2595 1004 2811 1076 Μαρίας
2848 1007 3120 1076 ἡγεῖσθαι,
3150 1006 3327 1077 ἕτεροι
3366 1006 3410 1059 δ’
3445 1007 3503 1061 ἂν
3533 1004 3616 1061 εἷεν

2083 1097 2234 1167 παρά
2259 1097 2482 1158 τούτους
2513 1097 2560 1148 oi
2601 1095 2688 1150 διὰ
2720 1096 2814 1150 τοῦ
2845 1097 3060 1167 ψαλμοῦ
3109 1096 3391 1168 λεγόμενοι
3421 1099 3513 1150 uiol.
3541 1101 3617 1170 τῆς

2085 1181 2293 1251 μητρὸς
2315 1180 2502 1245 αὑτοῦ,
2535 1175 2616 1244 οἷς
2646 1181 2792 1245 ξένος
2809 1183 3062 1254 ἐγενήθη.
3090 1183 3324 1254 Νοήσεις
3355 1183 3410 1236 δὲ
3444 1186 3617 1257 μητέρα

2085 1272 2184 1343 μὲν
2211 1272 2310 1344 τὴν
2333 1271 2440 1326 τῶν
2465 1271 2731 1324 Ἰουδαίων
2752 1272 3080 1343 Συναγωγὴν
3095 1274 3189 1326 καὶ
3205 1276 3385 1326 πᾶσαν
3406 1275 3494 1345 τὴν
3511 1279 3619 1331 κατά

2084 1365 2262 1436 σάρκα
2295 1363 2608 1433 συγγένειαν
2644 1363 2751 1416 τῶν
2785 1366 2850 1418 ἐκ
2888 1365 3192 1436 περιτομῆς
3221 1382 3234 1395 °
3270 1367 3416 1429 υίοὺς
3454 1367 3505 1420 δὲ
3542 1369 3618 1439 τῆς

2079 1456 2333 1529 τοιαύτης
2366 1457 2568 1529 μητρὸς
2590 1459 2716 1521 τοὺς
2759 1458 3166 1529 ἀρνησαμένους
3185 1458 3370 1522 αὐτὸν,
3398 1462 3484 1512 καὶ
3501 1461 3618 1533 εἰρη-

2081 1549 2274 1612 κότας·
2314 1567 2334 1600 ι
2359 1548 2557 1602 Τοῦτον
2581 1548 2639 1600 δὲ
2676 1549 2778 1600 οὐκ
2819 1547 3038 1617 οἴδαμεν
3100 1547 3262 1600 πόθεν
3304 1549 3476 1600 ἐστίν⁹
3503 1568 3520 1600 ι
3549 1550 3618 1602 Διὸ

2081 1643 2262 1713 ἔλεγεν
2297 1643 2512 1706 αὐτοῖς,
2547 1642 2732 1714 ἐπειδὴ
2762 1642 2910 1708 ξένον
2942 1641 3102 1694 αὑτὸν
3135 1639 3404 1710 ἐνόμιζον’
3443 1661 3460 1692 ι
3481 1642 3563 1695 Διά
3578 1642 3617 1695 τί

2078 1735 2177 1807 τὴν
2201 1735 2388 1804 λαλιὰν
2428 1735 2527 1806 τὴν
2568 1735 2708 1806 ἐμὴν
2746 1735 2806 1786 οὺ
2843 1733 3174 1802 γινώσκετε;
3221 1734 3306 1786 ὃτι
3341 1734 3401 1786 ού
3429 1733 3617 1787 δύνασθε

391 1825 541 1881 mine
570 1826 750 1881 Patris
784 1827 911 1891 mei,
943 1840 997 1882 et
1027 1845 1133 1884 non
1169 1831 1423 1901 accipitis
1466 1848 1591 1899 me;
1621 1833 1669 1887 si
1707 1833 1848 1888 alius
1881 1851 1894 1883 ι

2080 1829 2296 1883 ἀκούειν
2328 1829 2418 1883 τὸν
2455 1829 2612 1898 λόγον
2637 1829 2730 1882 τὸν
2770 1829 2920 1899 ἐμόν.
2951 1847 2970 1879 ι
3006 1827 3166 1880 Ξένον
3198 1826 3256 1879 δὲ
3291 1827 3450 1880 αὐτὸν
3491 1827 3617 1880 πάλιν

389 1919 534 1971 nerit
565 1918 618 1970 in
655 1917 880 1972 nomine
907 1919 1153 1988 proprio,
1183 1921 1361 1990 ipsum
1399 1921 1684 1992 accipietis
1720 1925 1785 1976 ".
1829 1942 1847 1974 ι
1883 1921 1977 1978 Sic

386 2007 557 2079 igitur
594 2011 924 2080 peregrinus
956 2018 1011 2065 et
1039 2021 1335 2069 extraneus
1362 2013 1540 2070 factus
1571 2023 1656 2070 est
1703 2014 1832 2070 filiis
1862 2029 1979 2068 ma-

386 2101 490 2157 tris
517 2117 651 2158 sua.
681 2102 806 2158 Hac
844 2118 1010 2174 porro
1049 2107 1234 2160 omnia
1273 2107 1538 2163 sustinuit
1579 2108 1650 2162 ob
1677 2123 1820 2174 eam,
1855 2123 1976 2178 qua

385 2207 512 2247 mox
541 2195 788 2261 aiIertur,
823 2210 1071 2262 causam,
1095 2214 1260 2269 quam
1287 2203 1604 2258 necessario
1641 2203 1837 2273 aperit,
1891 2203 1977 2258 di-

384 2298 516 2339 cens
545 2303 559 2340 ε

2078 1921 2308 1994 ἡγοῦντο
2338 1921 2604 1989 λέγοντες·
2642 1940 2660 1972 ι
2686 1921 2762 1974 Οὐ
2794 1919 2972 1982 καλῶς
2995 1921 3158 1989 ἡμεῖς
3183 1917 3415 1988 λέγομεν
3445 1919 3517 1971 ὅτι
3537 1919 3618 1972 Σα-

2083 2015 2345 2085 μαρείτης
2361 2009 2410 2066 εἴ
2434 2013 2518 2075 σὺ,
2553 2013 2647 2067 καὶ⁵
2666 2011 2937 2083 δαιμόνιον
2964 2011 3137 2082 ἐχειςς
3171 2030 3188 2062 ι
3216 2011 3311 2064 Διὸ
3343 2011 3487 2079 ἔλεγε
3514 2012 3621 2082 πρὸς

2079 2105 2294 2170 αὐτούς’
2321 2125 2338 2158 ι
2364 2103 2506 2175 Ἐγὼ
2528 2104 2758 2176 ἐλήλυθα
2777 2107 2834 2157 ἐν
2846 2103 2922 2174 τῷ
2939 2104 3164 2173 ὀνόματι
3185 2102 3281 2156 τοῦ
3299 2104 3502 2175 Πατρός
3522 2120 3619 2173 μου,

2081 2203 2173 2255 καὶ
2205 2202 2266 2253 ού
2300 2198 2606 2270 λαμὸάνετέ
2649 2212 2746 2267 με’
2772 2196 2866 2249 ἐὰν
2894 2195 3049 2260 ἀλλος
3075 2196 3204 2267 ἔλθη
3242 2197 3302 2248 ἐν
3334 2196 3412 2266 τῷ
3439 2196 3621 2266 ὀνόματι

2079 2293 2158 2364 τῷ
2179 2293 2314 2363 ἰδίῳ,
2343 2294 2547 2345 ἐκεῖνον
2566 2287 2822 2359 λήψεσθε.
2845 2306 2862 2338 ι
2886 2286 3041 2340 Οὕτω
3064 2287 3246 2340 τοίνυν
3276 2286 3425 2351 ξένος
3453 2287 3537 2340 καὶ
3551 2285 3622 2339 ἀλ-

383 2373 593 2446 λότριος
620 2377 810 2446 γέγονε
835 2384 949 2444 τοῖς
979 2383 1116 2446 υίοῖς
1139 2383 1238 2454 τῆς
1262 2385 1468 2457 μητρὸς
1491 2386 1678 2440 αὑτοῦ.
1707 2387 1896 2444 Ταῦτα
1909 2389 1966 2443 δὲ
2003 2390 2182 2444 πάντα
2205 2387 2464 2458 ὑπέμεινε
2481 2384 2568 2438 διά
2594 2383 2693 2456 τὴν
2721 2381 3116 2451 ἐπιλεγομένην
3168 2380 3374 2443 αἰτίαν,
3417 2383 3477 2452 ἦν
3490 2382 3622 2447 ἀναγ-

383 2468 555 2531 καίως
577 2471 874 2544 παρίστησι
902 2473 1098 2542 λέγων·

453 2583 620 2641 Vsus.
651 2587 836 2643 10-15.
879 2605 896 2638 ι
937 2589 1205 2654 Quoniam
1247 2589 1397 2645 zelus
1443 2589 1639 2647 domus
1674 2599 1781 2648 tua
1810 2607 1964 2648 com-

381 2679 496 2736 edit
524 2696 632 2745 me,
683 2688 738 2736 et
779 2682 1076 2753 opprobria
1115 2682 1568 2754 exprobrantium
1611 2684 1713 2738 tibi
1759 2685 1965 2740 cecide-

380 2781 512 2826 runt
541 2789 706 2844 super
737 2789 844 2829 me.
891 2795 910 2828 ι
958 2774 1097 2841 Quia
1127 2775 1273 2830 enim
1325 2776 1496 2830 multa
1549 2791 1686 2831 usus
1744 2777 1963 2842 fiducia,

378 2881 475 2922 eos
504 2867 600 2937 qui
622 2867 842 2922 domum
876 2865 1057 2923 Patris
1086 2869 1194 2933 sui,
1231 2869 1455 2924 domum
1495 2868 1882 2941 negotiationis
1912 2878 1966 2925 et

378 2961 696 3030 speluncam
722 2961 999 3016 latronum
1028 2961 1322 3026 faciebant,
1349 2964 1683 3035 coarguebat
1707 2970 1762 3019 et
1791 2964 1961 3035 pelle-

375 3051 502 3119 bat,
531 3053 654 3109 ideo
683 3053 1090 3110 insidiabantur
1110 3055 1235 3126 ipsi.
1273 3054 1430 3122 Quod
1453 3055 1694 3112 declarat
1721 3071 1956 3128 evange-

2146 2609 2166 2643 ι
2207 2591 2329 2645 Ὀτι
2358 2591 2387 2643 ὀ
2427 2588 2588 2662 ζῆλος
2633 2588 2729 2643 τοῦ
2756 2589 2910 2644 οἴκου
2967 2608 3064 2644 σου
3097 2592 3382 2661 κατέφαγέ
3433 2608 3524 2663 με,
3548 2589 3623 2643 καὶ

2067 2684 2121 2736 οἱ
2177 2681 2470 2752 ὀνειδισμοὶ
2513 2679 2622 2735 τῶν
2690 2679 3054 2745 ὀνειδιζόντων
3122 2700 3181 2736 σε
3243 2684 3512 2738 ἐπέπεσαν
3552 2666 3618 2737 ἐπ’

2070 2772 2192 2842 ἐμέ.
2239 2789 2258 2823 ι
2317 2770 2534 2842 Ἐπειδὴ
2580 2769 2721 2842 γὰρ,
2787 2771 2955 2843 πολλῇ
3013 2772 3302 2846 παρρησίᾳ
3359 2773 3621 2846 χρώμενος,

2070 2863 2198 2926 τοὺς
2237 2863 2329 2916 τὸν
2369 2859 2517 2917 οἷκον
2570 2863 2666 2918 τοῦ
2722 2865 2936 2936 Πατρός
2975 2865 3140 2919 αὐτοῦ
3179 2862 3330 2920 οἷκον
3395 2865 3622 2938 ἐμπορίου

2067 2957 2160 3010 καὶ
2236 2956 2498 3028 σπήλαιον
2557 2957 2769 3030 λῃστῶν
2844 2957 3134 3022 ποιοῦντας
3187 2958 3391 3031 ήλεγχέ
3447 2975 3501 3012 τε
3549 2958 3622 3011 καὶ

2067 3049 2284 3123 ήλαυνε,
2318 3050 2508 3104 τούτου
2537 3051 2696 3123 χάριν
2752 3051 3108 3104 ὲπεὸούλευον
3152 3052 3328 3123 αὐτῷθ
3361 3052 3391 3105 δ
3425 3051 3485 3121 δὴ
3512 3065 3622 3120 παρ-

377 3117 522 3207 lista,
550 3145 774 3201 dicens:
814 3165 832 3198 ι
871 3145 937 3200 Ει
976 3117 1149 3218 prope
1183 3117 1317 3203 erat‘v
1352 3147 1564 3204 Pascha
1615 3117 1894 3206 Judaoruvr

2071 3117 2274 3216 ἱστησιν
2290 3145 2318 3196 ὀ
2333 3117 2722 3215 εὐαγγελιστής
2734 3144 2922 3198 εἰπών’
2946 3165 2966 3197 ι
2985 3145 3093 3200 Kal
3109 3142 3178 3218 ἦν
3199 3117 3371 3215 ἐγγὺς
3385 3146 3444 3199 τὸ
3461 3117 3619 3213 Πάσχα

374 3244 429 3288 et
453 3235 701 3290 ascendit
729 3231 890 3290 Iesus
931 3233 1329 3308 Jerosolymam
1361 3256 1377 3292 :
1411 3245 1467 3292 et
1500 3237 1706 3292 invenit
1735 3237 1791 3291 in
1825 3244 1962 3291 tem-

375 3329 467 3397 plo
498 3326 796 3384 vendentes
851 3343 980 3384 oves
1025 3337 1081 3384 et
1131 3330 1320 3394 boves,
1362 3336 1418 3384 et
1465 3329 1961 3384 nummulariorum

375 3417 566 3473 effudit
612 3435 689 3477 as
737 3428 792 3477 et
840 3436 1084 3478 mensas.
1119 3420 1188 3475 Et
1213 3421 1282 3478 iis
1307 3421 1402 3492 qui
1443 3422 1732 3478 columbas
1761 3421 1964 3478 vende—

375 3509 508 3566 bant
553 3511 732 3568 dixit:
765 3510 991 3568 Auferte
1043 3513 1151 3568 ista
1215 3513 1366 3575 hinc,
1433 3519 1488 3569 et
1550 3514 1723 3568 nolite
1782 3513 1964 3569 facere

375 3603 597 3659 domum
625 3604 804 3662 Patris
833 3605 962 3672 mei,
1010 3605 1215 3661 donum
1255 3605 1644 3677 negotiationis
1675 3607 1740 3661 ⁸⁸.
1783 3625 1803 3659 ι
1830 3605 1964 3672 Qui-

373 3693 482 3751 bus
533 3695 868 3768 subjungit:
921 3713 941 3749 ι
1002 3696 1295 3752 Recordati
1336 3705 1464 3753 sunt
1516 3697 1772 3769 discipuli
1819 3698 1960 3768 ejus,

373 3787 503 3858 quia
571 3789 838 3860 scriptum
901 3800 1041 3847 est:
1095 3789 1258 3846 Zelus
1309 3791 1506 3848 domus
1574 3799 1680 3848 tua
1725 3793 1964 3848 comedit

371 3882 542 3936 me".
571 3901 589 3932 ι
611 3879 717 3937 Sed
762 3881 929 3938 etiam
960 3881 1252 3954 opprobria
1286 3884 1734 3954 exprobrantium
1765 3883 1875 3940 Deo
1905 3886 1963 3940 in

371 3988 433 4029 se
474 3975 766 4044 recipiens,
799 3991 991 4031 eorum
1050 3977 1197 4032 ultor
1227 3976 1368 4031 fuit:
1415 3978 1772 4047 quamobrem
1820 3978 1965 4034 dice-

371 4064 466 4119 bat
493 4083 508 4120 :
536 4065 646 4120 «Et
675 4067 969 4138 opprobria
1014 4068 1460 4138 exprobrantium
1507 4068 1602 4123 tibi
1645 4068 1964 4124 ceciderunt

371 4174 536 4229 super
563 4175 670 4215 me.
713 4179 732 4212 ι
766 4159 888 4215 Non
913 4159 1094 4217 ferens
1125 4162 1271 4218 enim
1302 4178 1399 4218 eos
1433 4163 1526 4232 qui
1551 4162 1812 4232 operibus
1843 4161 1962 4218 suis

372 4253 730 4324 approbrium
760 4252 1042 4324 religionis
1073 4253 1284 4325 legibus
1313 4254 1644 4318 inferebant,
1682 4254 1962 4325 principes

370 4348 548 4418 gentis
579 4345 931 4416 coarguebat.
964 4345 1146 4412 Quare
1177 4347 1368 4402 turbas
1402 4354 1456 4401 et
1496 4345 1800 4416 discipulos
1829 4360 1961 4401 suos

2061 3234 2169 3288 τῶν
2214 3233 2502 3299 Ἰουδαίων,
2534 3235 2627 3289 καὶ
2659 3234 2826 3306 ἀνέϐη
2855 3236 2884 3287 ό
2925 3235 3133 3308 Ἰησοῦς
3162 3237 3244 3300 εἰς
3286 3235 3617 3309 Ἱεροσόλυμον

2062 3326 2156 3381 zeal.
2185 3343 2343 3398 ευρεν
2381 3329 2440 3379 ὲν
2468 3326 2545 3396 τῷ
2576 3327 2706 3399 ίερῷ
2739 3328 3054 3392 πωλοῦντας
3089 3328 3344 3399 πρόϐατα
3376 3330 3465 3383 καὶ
3498 3328 3616 3398 βόας.

2064 3421 2160 3472 καὶ
2186 3419 2295 3472 τῶν
2330 3419 2692 3473 κολλυϐιστιῖιν
2715 3419 2895 3491 ἐξέχεε
2910 3421 2978 3474 τὰ
3000 3421 3250 3493 κέρματα
3278 3421 3374 3474 καὶ
3397 3421 3490 3485 τὰς
3512 3437 3619 3492 τραο

2065 3510 2255 3576 πέζας.
2273 3512 2385 3565 Kal.
2397 3514 2510 3575 τοῖς
2530 3511 2628 3576 τάς
2646 3511 2978 3584 περιστερὰς
3002 3513 3276 3567 πωλοῦσιν
3292 3512 3466 3567 εἷπεντ
3489 3515 3621 3581 ’Δραο

2062 3620 2122 3656 τε
2150 3603 2323 3657 ταῦτα
2357 3603 2627 3669 ἐντεῦθεν,
2653 3605 2747 3659 καὶ
2784 3604 2859 3677 μὴ
2892 3607 3094 3658 ποιεῖτε
3123 3606 3213 3660 τὸν
3241 3601 3392 3659 οἷκον
3421 3604 3507 3658 τοῦ
3533 3604 3619 3657 Πα-

2062 3694 2190 3767 τρός
2205 3711 2306 3765 μου
2328 3691 2474 3749 οἷκον
2493 3696 2756 3768 ἐμπορίου
2777 3711 2790 3724 ·
2819 3714 2837 3747 ι
2867 3695 3130 3763 ἐπιλέγειο
3159 3715 3178 3747 ι
3202 3697 3565 3769 Ἐμνήσθησαν
3581 3693 3620 3745 οἱ

2067 3786 2307 3858 μαθηταὶ
2331 3786 2518 3852 αὐτοῦ,
2547 3788 2629 3842 ὅτι
2660 3789 3048 3862 γεγραμμένον
3076 3789 3246 3842 ἐστίν·
3278 3789 3337 3844 '0
3368 3787 3520 3860 ζῆλος
3543 3783 3619 3839 τοῦ

2063 3879 2214 3933 οῖκου
2249 3897 2343 3934 σου
2366 3880 2645 3951 κατέφαγέ
2672 3899 2760 3953 με.
2794 3901 2813 3935 ι
2858 3881 3019 3934 Ἀλλά
3049 3881 3290 3945 καὶτοὺς
3318 3877 3618 3951 ὀνειδισμοὺς

2062 3971 2171 4024 τῶν
2197 3972 2564 4037 ὀνειδιζόντων
2598 3973 2690 4026 τὸν
2728 3973 2860 4027 Θεὸν
2887 3976 2967 4037 είς
2998 3973 3189 4027 ἐαυτὸν
3227 3973 3615 4045 ἀναλαμῦἀνιιιν,

2063 4062 2274 4129 ἔκδικος
2308 4064 2522 4134 ἐγένετο
2547 4065 2770 4119 τούτων’
2788 4061 2867 4120 διδ
2882 4065 3054 4135 ἐλεγε⁶
3086 4085 3104 4118 ι
3129 4067 3241 4120 Καὶ
3267 4067 3320 4119 οἱ
3353 4062 3614 4133 ὀνειδισμοὶ

2062 4157 2171 4210 τῶν
2199 4157 2561 4223 ὀνειδιζόντων
2603 4176 2663 4212 σε
2697 4157 2970 4212 ἐπέπεσαν
2991 4153 3084 4210 ἐπτ
3105 4156 3228 4230 ἐμέ.
3263 4177 3283 4212 ι
3316 4159 3390 4212 Ού
3418 4159 3518 4229 γὰρ
3540 4153 3614 4224 φέ-

2067 4271 2174 4324 ρων
2194 4255 2318 4316 τοὺς
2343 4252 2431 4306 διὰ
2466 4253 2572 4307 τῶν
2601 4253 2817 4308 οἰκείων
2841 4254 3017 4328 ἔργων
3049 4253 3252 4317 ὄνειδος
3287 4250 3613 4325 προστρίόον-

2063 4344 2259 4416 τας
2289 4345 2388 4417 τῆς
2422 4345 2727 4412 θεοσεϐείας
2765 4348 2934 4419 νόμῳ,
2969 4346 3096 4410 τοὺς
3133 4345 3388 4417 ἐλέγχους
3410 4345 3612 4399 ἐποιεῖτο

369 4437 786 4502 cohortabatur,
828 4437 1018 4493 dicens
1053 4456 1066 4492 :
1104 4456 1123 4490 ι
1167 4437 1346 4509 Super
1396 4437 1713 4492 cathedram
1755 4434 1894 4508 Moys

2071 4436 2205 4492 κατά
2218 4437 2326 4492 τῶν
2356 4438 2632 4509 ἀρχόντων
2655 4439 2748 4493 τοῦ
2767 4436 2969 4504 ἔθνους.
2995 4439 3086 4492 Διό
3101 4442 3210 4502 τοῖς
3227 4438 3403 4510 ὄχλοις
3425 4436 3610 4496 καὶτοῖς

369 4530 629 4586 sederunt
660 4527 866 4583 Scriba
891 4535 944 4583 et
975 4526 1238 4584 Pharisai
1275 4547 1291 4584 :
1322 4529 1506 4582 omnia
1535 4543 1666 4599 ergo
1686 4542 1948 4598 quacun-

367 4638 476 4693 que
499 4620 738 4676 dixerint
769 4619 929 4675 vobis
965 4618 1127 4674 facite
1161 4629 1215 4674 et
1242 4626 1476 4686 servate,
1495 4618 1796 4674 secundum
1819 4633 1950 4688 ope-

366 4734 430 4773 ra
453 4726 636 4774 autem
666 4731 857 4772 eorum
889 4717 1062 4770 nolite
1096 4715 1296 4772 facere.
1335 4714 1535 4769 Dicunt
1561 4715 1729 4782 enim,
1755 4723 1810 4770 et
1839 4728 1949 4767 non

365 4809 576 4868 faciunt
597 4809 666 4862 ⁸⁸.
720 4831 739 4861 ι
788 4807 994 4864 Deinde
1039 4823 1170 4864 vero
1207 4821 1446 4878 arguens
1495 4806 1610 4860 hac
1645 4805 1702 4859 in
1757 4819 1947 4860 eorum

364 4913 654 4971 personam
685 4897 997 4970 proferebat
1030 4915 1044 4951 :
1079 4916 1098 4950 ι
1143 4896 1237 4952 Va
1256 4897 1438 4962 vobis,
1471 4896 1680 4952 Scriba
1720 4904 1774 4951 et
1803 4895 1948 4950 Pha-

360 4991 505 5049 risai
536 4991 854 5062 hypocrita,
887 4991 1014 5061 quia
1039 4989 1298 5046 clauditis
1333 5005 1561 5060 regnum
1591 4990 1859 5045 calorum
1887 4989 1943 5042 in

361 5093 658 5154 conspectu
689 5083 972 5138 hominum
1002 5084 1087 5151 “;
1128 5103 1148 5137 ι
1187 5099 1253 5140 ac
1281 5098 1502 5139 rursum
1537 5101 1551 5136 :
1593 5099 1613 5134 ι
1649 5079 1743 5136 Va
1763 5080 1942 5146 vobis,

2061 4530 2331 4601 μαθηταῖς
2355 4531 2519 4585 αὑτοῦ
2554 4528 2992 4604 παρῄνειλέγωνο
3029 4551 3048 4584 ι
3095 4532 3216 4585 Ἐπὶ
3241 4531 3342 4602 τῆς
3372 4529 3607 4597 καθέδρας

2055 4622 2332 4686 Μωῦσέως
2369 4622 2628 4678 ἐκάθισαν
2659 4626 2708 4678 οἱ
2737 4625 3088 4696 Γραμματεῖς
3115 4625 3209 4676 καὶ
3248 4625 3298 4676 οἱ
3325 4623 3606 4692 Φαρισαῖοι·

2055 4712 2232 4766 πάντα
2259 4709 2351 4768 οῦν
2371 4716 2471 4770 ὅσα
2493 4714 2559 4769 ἂν
2593 4714 2820 4769 εἴπωσιν
2845 4716 2973 4787 ὑμῖν
3007 4716 3267 4786 ποιήσατε
3286 4715 3375 4768 καὶ
3399 4713 3603 4784 τηρεῖτε’

2055 4805 2197 4859 κατὰ
2225 4806 2281 4858 δὲ
2314 4807 2382 4860 τὰ
2407 4807 2544 4878 ἔργα
2572 4806 2750 4860 αὐτῶν
2787 4807 2861 4878 μή
2891 4809 3114 4860 ποιεῖτε.
3141 4807 3376 4876 Λέγουσι
3402 4806 3503 4875 γὰρ
3531 4799 3605 4854 καὶ

2053 4901 2114 4954 οὐ
2145 4898 2410 4954 ποιοῦσιν.
2444 4920 2462 4952 ι
2495 4896 2751 4972 Είθ⁹ἐξῆς
2777 4901 3092 4972 ἀπελέγχων
3121 4900 3319 4964 αὐτοῦς
3345 4903 3423 4965 είς
3452 4895 3602 4953 αὐτῶν

2053 4992 2342 5065 πρόσωπον
2375 4993 2580 5064 ἔλεγεν·
2605 5015 2621 5047 ι
2647 4995 2784 5048 Οὐαὶ
2813 4990 2961 5064 ὑμῖν,
2979 4996 3332 5068 Γραμματεῖς
3348 4995 3438 5049 καὶ
3464 4994 3602 5060 Papi-

2054 5089 2193 5140 σαῖοι
2229 5088 2546 5160 ὑποκριταὶ,
2576 5088 2656 5141 ὅτι
2678 5088 2888 5142 κλείετε
2912 5088 3010 5161 τὴν
3036 5088 3312 5159 βασιλείαν
3335 5086 3438 5139 τῶν
3463 5084 3599 5154 οὖρα-

362 5177 569 5231 Scriba
621 5182 678 5230 et
733 5174 1016 5240 Pharisai,
1045 5175 1175 5246 quia
1227 5175 1434 5231 similes
1491 5173 1628 5230 estis
1672 5172 1894 5243 sepulcri

2071 5177 2155 5231 ’ὧν
2185 5176 2496 5251 ἔμπροσθεν
2529 5177 2637 5230 τῶν
2673 5178 3009 5250 ἀνθρώπων
3048 5199 3065 5232 ι
3112 5175 3208 5232 καὶ
3245 5177 3418 5232 πάλιν·
3450 5193 3466 5225 ι
3487 5169 3597 5225 Οὐαὶ

356 5268 630 5325 dealbatis
658 5268 726 5320 ¹¹.
766 5287 784 5319 ι
818 5266 901 5322 Ob
938 5268 1079 5324 tales
1111 5268 1300 5338 itaque
1348 5267 1747 5337 correptiones,
1809 5264 1941 5320 insi-

2041 5267 2192 5339 ὑμῖν,
2228 5270 2579 5339 γραμματεῖς
2617 5269 2709 5321 καὶ
2745 5270 3058 5340 Φαρισαῖοι,
3109 5267 3190 5322 ὅτι
3233 5259 3595 5339 παρομοιάζετε

357 5359 480 5416 dias
527 5361 632 5430 ipsi
669 5369 956 5431 pararunt.
1015 5359 1362 5431 Quapropter
1401 5359 1491 5414 hic
1543 5359 1618 5413 ait
1651 5377 1664 5412 :
1702 5376 1721 5410 ι
1777 5355 1894 5411 Ζειι

2076 5359 2232 5429 ἀφοις
2283 5358 2704 5429 κεκονιαμένοις.
2737 5378 2756 5412 ι
2797 5357 2915 5412 Τῶν
2959 5358 3089 5428 γοῦν
3123 5357 3370 5412 τοιούτων
3390 5353 3595 5421 ἐλέγχων

355 5453 554 5508 domne
581 5461 688 5508 tua
705 5454 940 5509 comedit
959 5469 1068 5518 me,
1091 5462 1145 5508 et
1165 5453 1460 5523 opprobria
1486 5449 1894 5520 exprobrantiul

2071 5467 2206 5504 vexa
2225 5449 2322 5521 τὴν
2339 5449 2628 5522 ἐπιϐουλήν
2647 5449 2794 5522 αὐτῷ
2822 5450 3296 5504 συνεσκευάσαντο.
3327 5445 3508 5513 Διόπερ
3525 5443 3590 5491 ὲν-

356 5546 456 5606 tibi
492 5547 810 5604 ceciderunt
838 5561 1005 5618 super
1025 5560 1132 5601 me.
1159 5544 1226 5598 Et
1253 5543 1449 5616 operui
1475 5543 1530 5598 in
1575 5541 1790 5614 jejunio
1819 5542 1894 5595 ani

2071 5539 2220 5594 ταῦθά
2237 5556 2420 5612 φησιν·
2457 5558 2475 5592 ι
2499 5541 2556 5592 Ὀ
2588 5539 2748 5610 ζῆλος
2777 5538 2870 5594 τοῦ
2899 5538 3048 5593 οἴκου
3089 5556 3180 5592 σου
3216 5532 3476 5606 κατέφαγέ
3503 5545 3587 5599 με,

431 5705 474 5736 ⁸⁸
509 5701 665 5758 Joan.
711 5717 788 5766 Ix,
826 5702 917 5757 29.
994 5703 1037 5734 ¹⁸
1073 5701 1230 5755 Joan.
1273 5714 1394 5762 vm,
1433 5700 1524 5754 43.
1601 5697 1648 5730 "
1687 5695 1820 5752 ibid.
1863 5695 1894 5750 ι

2071 5696 2073 5703 ’
2110 5693 2269 5749 Joan.
2313 5710 2366 5764 ν,
2411 5694 2500 5748 45.
2613 5695 2656 5727 ¹⁸
2694 5693 2852 5751 Joan.
2895 5711 2957 5762 ιι,
2997 5694 3164 5750 15-16
3287 5695 3327 5726 ’⁸
3352 5687 3474 5744 ibid.
3511 5680 3582 5736 Π.

355 5777 404 5810 ⁸³
427 5774 617 5831 Matth.
661 5787 820 5836 χχιιι,
859 5772 914 5834 2,
955 5771 1009 5825 5.
1085 5773 1127 5802 ¹¹
1169 5770 1299 5824 ibid.
1334 5771 1386 5823 5.
1464 5771 1509 5800 “
1551 5767 1684 5822 ibid.
1733 5767 1824 5820 27.
