3776 6284
191 339 273 393 741
1281 328 1787 385 COMMENTARIA
1825 329 1893 385 IN
1930 330 2273 389 PSALMOS.
2346 342 2358 363 '

3301 342 3403 396 742

185 457 267 510 καὶ
291 456 337 507 oi
366 448 649 521 ὀνειδισμοὶ
679 448 787 503 τῶν
826 448 1189 514 ὀνειδιζόντων
1223 465 1298 501 ,σε
1334 450 1604 505 ἐπέπεσαν
1637 448 1715 502 ἐπ¹

1827 464 1970 504 mam
2026 466 2224 518 meam,
2268 461 2321 507 et
2350 451 2551 509 factum
2590 454 2750 512 estin
2782 456 3131 527 opprobrium
3182 456 3336 513 mihi.
3376 476 3395 509 ι

184 546 291 618 ἐμέ.
377 544 483 596 Καὶ
546 540 889 611 συνεκάλυψα
963 542 1020 593 ἐν
1096 540 1320 611 νηστείᾳ
1386 540 1484 610 τὴν
1545 540 1723 610 ψυχήν

184 654 316 712 μου,
362 636 453 689 καὶ
508 632 738 703 ἐγενήθη
796 634 877 695 εἰς
933 632 1270 702 ὀνειδισμοὺς
1326 632 1468 702 ἐμοί.
1511 652 1528 683 ι
1593 632 1721 683 Ὅτε

184 729 291 803 μὲν,
334 726 510 797 φησὶν,
561 724 743 796 ἐώρων
793 726 883 777 τὸν
933 724 1022 777 σὺν
1066 720 1211 777 οἷκον
1260 723 1441 794 πάσης
1484 722 1723 795 πληρού-

183 837 326 892 μενον
362 816 603 886 ἀνομίας,
630 815 723 869 καὶ
758 816 886 868 ποτὲ
920 816 1016 886 μὲν
1043 815 1357 885 γιγνόμενον
1385 810 1530 867 οἷκον
1563 816 1725 884 ἐμπο-

182 911 302 983 ρίου,
329 908 451 961 ποτέ
476 909 530 961 δὲ
549 908 808 977 σπήλαιον
831 905 1059 979 λῃστῶν,
1092 904 1432 977 πυρούμενος
1456 905 1559 957 ὑπὸ
1579 904 1721 957 θείου

178 1004 344 1076 ζήλου,
370 1001 594 1071 ήλαυνον
624 1002 747 1063 τοὺς
777 1000 920 1053 ἐνδον
949 998 1418 1069 παρανομοῦντας·
1460 997 1594 1051 ἀλλά
1629 999 1722 1051 καὶ

176 1096 255 1149 ὅτε
298 1096 412 1157 ταῖς
449 1092 656 1147 ἐαυτῶν
680 1091 956 1162 ἀθεμίτοις
1004 1092 1265 1163 πράξεσιν
1307 1091 1509 1153 δνειδος
1560 1108 1717 1162 περι-

175 1186 326 1259 ἥπτόν
342 1203 418 1238 σοι
431 1184 506 1254 τῷ
526 1184 663 1254 Θεῷ,
682 1178 740 1237 οὗ
756 1184 851 1255 τὴν
867 1184 1017 1238 θεοσέ
1025 1185 1173 1237 ϐειαν
1186 1183 1595 1255 ἐπηγγέλλοντο,
1617 1182 1721 1235 πά-

172 1278 244 1332 λιν
272 1280 344 1341 sl;
379 1276 567 1331 ἑαυτὸν
629 1276 1021 1347 ἀναλαμϐάνων
1064 1278 1189 1340 τοὺς
1228 1276 1497 1339 τοιούτους
1535 1275 1720 1329 ὀνειδι-

174 1369 342 1439 σμοὺς,
357 1366 741 1438 ἠναγκαζόμην
758 1368 1037 1439 παρρησίᾳ
1052 1366 1307 1438 χρῆσθαι,
1327 1367 1555 1420 καὶτοὺς
1570 1366 1720 1434 ἐλέγ-

172 1478 283 1531 χους
308 1462 483 1523 αὐτοῖς
517 1458 924 1530 θεραπευτικῶς
957 1459 1302 1531 προσφέρειν
1340 1461 1428 1512 ὅτε
1448 1459 1503 1511 δέ
1532 1458 1718 1528 ἐώρων

170 1553 484 1621 ἀναισθήτως
515 1552 709 1612 αὐτοὺς
729 1549 969 1619 ἔχοντας,
994 1550 1086 1603 καὶ
1121 1550 1195 1620 μὴ
1223 1550 1717 1622 ἐπιστρεφομένους

168 1644 277 1706 τοὺς
306 1643 466 1713 ἐμοὺς
494 1642 774 1712 ἐλέγχους,
818 1642 1243 1711 ἀποκλαιόμενος
1272 1641 1452 1695 αὐτῶν
1487 1641 1584 1713 τὴν
1609 1643 1715 1695 ἀπ-

167 1735 358 1797 ώλειαν,
398 1736 682 1805 ἐνήστευον
715 1735 805 1787 καὶ
829 1734 1158 1787 κατεπόνουν
1192 1736 1424 1805 ἐμαυτὸν
1443 1735 1582 1806 ὑπὲρ
1617 1735 1714 1789 αὐ-

1826 540 1984 605 Cum,
2015 539 2447 613 inquit,domum
2488 553 2636 600 tuam
2665 547 2905 603 viderem
2940 548 3086 604 omni
3116 549 3402 618 iniquitate

1824 634 2111 703 repletam,
2132 644 2186 689 et
2210 636 2372 691 modo
2404 637 2629 691 domum
2662 641 3069 710 negotiationis,
3089 641 3249 696 modo
3278 658 3403 711 spe-

1824 725 2042 780 luncam
2076 727 2349 782 latronum
2399 728 2669 794 ell'ectam,
2715 732 2902 786 divino
2943 734 3205 791 incensus
3260 735 3397 799 zelo,

1823 830 1918 871 eos
1964 819 2058 887 qui
2105 819 2253 873 intus
2290 819 2635 889 iniquitatem
2671 824 3044 892 operabantur
3092 826 3249 895 ejeci.
3288 827 3401 879 lmo

1821 909 1984 963 etiam
2027 926 2152 965 cum
2182 911 2411 968 nefariis
2442 915 2611 984 gestis
2637 916 2752 970 suis
2783 918 3134 985 opprobrium
3165 921 3262 974 tibi
3289 919 3401 975 Deo

1822 1002 2106 1070 inferrent,
2129 1020 2255 1075 erga
2286 1021 2447 1075 quem
2490 1013 2670 1060 tamen
2705 1007 3026 1077 religionem
3062 1010 3400 1078 profiteban-

1820 1104 1929 1158 tur,
1966 1095 2022 1149 in
2053 1109 2137 1148 me
2164 1110 2384 1149 rursum
2414 1096 2706 1166 opprobria
2744 1096 3059 1166 hujusmodi
3108 1100 3400 1168 recipiens,

1818 1188 2152 1243 necessitate
2179 1188 2522 1257 compulsus,
2557 1190 2934 1258 correptiones
2966 1190 3101 1260 ipsis
3126 1192 3192 1245 ad
3226 1208 3403 1247 reme-

1818 1279 1967 1334 dium
2009 1280 2386 1334 admovebam.
2440 1279 2510 1334 Ut
2565 1281 2817 1336 videbam
2877 1290 3058 1336 autem
3094 1284 3216 1339 illos
3251 1286 3402 1340 nullo

1818 1387 1983 1427 sensu
2029 1371 2257 1435 moveri,
2286 1387 2463 1442 neque
2496 1373 2821 1442 resipiscere
2864 1390 2931 1430 ex
2978 1376 3404 1445 reprehensione

1816 1477 1957 1525 mea,
1981 1477 2169 1516 eorum
2204 1463 2501 1531 perniciem
2528 1462 2820 1533 deplorans
2848 1462 3183 1533 ieiunabam,
3207 1483 3402 1538 meque

1817 1553 2032 1606 illorum
2060 1566 2227 1606 causa
2253 1551 2716 1606 maccrabam.llli
2746 1562 2925 1607 autem
2954 1561 3085 1607 tunc
3112 1555 3274 1609 etiam
3298 1572 3397 1609 ex-

1816 1642 2156 1713 probrabant
2178 1642 2334 1705 mihi,
2355 1650 2408 1695 et
2432 1641 2700 1711 jejunium
2725 1658 2903 1697 meum
2923 1642 3163 1713 profusis
3177 1645 3403 1699 cachin-

1813 1733 1905 1787 nis
1933 1732 2255 1787 irridebant.
2285 1732 2421 1786 Cum
2464 1733 2656 1787 vellem
2692 1747 2857 1803 porro
2889 1736 3196 1805 exemplum
3225 1738 3401 1806 pinni-

165 1825 275 1879 τῶν.
306 1795 365 1878 Ol
394 1825 451 1877 δὲ
479 1795 581 1878 ’καὶ
612 1824 784 1889 οὓτως
817 1823 1088 1888 ὠνείδιζόν
1133 1795 1236 1895 μοι.
1254 1795 1595 1897 διασύροντες
1623 1826 1715 1879 καὶ

1819 1824 2001 1877 tentias
2033 1823 2169 1893 ipsis
2202 1838 2530 1893 proponere,
2572 1839 2680 1877 non
2713 1825 2874 1879 modo
2905 1825 3133 1896 jejuniis
3165 1842 3252 1882 me
3282 1842 3399 1881 ma-

165 1916 489 1988 χλευάζοντες
508 1916 603 1988 τὴν
631 1918 769 1989 ἐμὴν
800 1917 1071 1987 νηστείαν.
1095 1918 1424 1988 Βουλόμενος
1446 1918 1503 1971 δέ
1534 1919 1715 1981 αὐτοῖς

165 2005 503 2078 ὑπογραμμὸν
537 2006 825 2076 μετανοίας
847 2005 1138 2069 δεικνύναι,
1165 2007 1224 2058 οὐ
1263 2006 1422 2076 μόνον
1441 2006 1715 2074 νηστείαις

163 2098 372 2170 ἐμαυτὸν
404 2099 752 2163 κατεπόνουν,
784 2097 918 2151 ἀλλὰ
950 2097 1040 2150 καὶ
1076 2097 1135 2150 τὸ
1156 2096 1272 2149 ἐνδυ
1282 2098 1358 2168 μά
1386 2115 1487 2167 μου
1515 2097 1715 2150 σάκκον

162 2190 457 2261 ἐποιούμην,
493 2190 739 2255 κολάζων
771 2190 863 2243 καὶ
902 2188 1309 2260 τιμωρούμενος
1340 2188 1436 2260 τὴν
1473 2187 1712 2260 ἐμαυτοῦ

163 2282 339 2351 σάρκα,
368 2282 519 2352 αὑτῷ
539 2299 600 2335 τε
626 2282 770 2353 ἔργῳ
802 2281 1001 2354 τρόπον
1024 2280 1462 2351 ἐξομολογήσεως
1480 2281 1574 2335 καὶ
1606 2280 1713 2335 τῶν

160 2373 415 2445 προτέρων
461 2373 879 2445 ἁμαρτημάτων
918 2372 1237 2442 καθάρσεως
1285 2373 1591 2436 ἐπιδεικνὺς
1619 2373 1714 2425 αὺ-

159 2468 273 2529 τςῖς.
307 2468 365 2519 Ui
397 2467 453 2520 δέ
475 2466 573 2520 καὶ
604 2466 772 2520 ταῦτα
790 2466 1055 2536 γελῶντες
1076 2467 1197 2520 ἀντὶ
1219 2467 1535 2538 παραϐολῆς
1555 2484 1623 2537 με
1637 2461 1713 2519 εἶ-

159 2574 256 2626 χον,
286 2559 665 2630 συνερχόμενοι
702 2559 800 2629 μέν
826 2559 942 2630 ἆμα
972 2559 1066 2613 καὶ
1098 2559 1233 2631 πρὸς
1246 2562 1365 2623 ταῖς
1380 2558 1587 2613 ἑαυτῶν
1606 2557 1713 2613 πύ-

158 2648 259 2712 λαις
290 2650 658 2720 καθεζόμενοι,
693 2653 872 2704 πᾶσαν
894 2650 1069 2721 δὲτὴν
1099 2652 1308 2705 ἑαυτῶν
1340 2651 1553 2722 ὁμιλίαν
1584 2651 1712 2724 περὶ

158 2739 274 2809 ἐμοῦ
300 2740 644 2812 ποιούμενοι,
690 2742 785 2795 καὶ
819 2744 1100 2814 μονονουχὶ
1132 2743 1544 2813 ἀδολεσχοῦντες
1576 2745 1712 2815 πρὸς

157 2832 392 2903 ἀλλήλους
424 2835 483 2886 ἐν
514 2836 582 2905 τῇ
607 2835 726 2887 κατ’
747 2835 880 2907 ἐμοῦ
911 2835 1093 2907 χλεύῃ.
1132 2837 1244 2888 Οὐκ
1263 2836 1501 2907 ἀπήρκει
1529 2837 1584 2891 δὲ
1613 2838 1713 2890 αὑ-

155 2926 250 2985 τοῖς
287 2922 560 2996 διασύρειν
590 2926 683 2978 καὶ
728 2925 1011 2996 χλευάζειν
1054 2927 1150 2989 τὰς
1182 2926 1321 2998 ἐμάς
1350 2928 1490 2999 ὑπὲρ
1531 2928 1710 2981 αὐτῶν

154 3016 420 3087 ἀσκήσεις,
460 3016 600 3071 ἀλλά
634 3017 727 3071 καὶ
763 3017 1042 3087 συμπόσια
1080 3019 1535 3089 συγκροτοῦντες.,
1569 3022 1709 3092 ᾠδὰς

154 3107 234 3159 καὶ
258 3109 467 3180 ᾅσματα
498 3112 581 3174 είς
605 3110 704 3181 ἐμὲ
726 3110 1004 3180 διεξῄεσαν
1023 3111 1464 3180 οἰνοφλυγοῦντες
1490 3113 1583 3166 καὶ
1614 3131 1709 3184 με·
1734 3146 1779 3206 C

155 3196 451 3271 θυσκόμενοι
480 3203 541 3255 ἐν
568 3204 686 3264 ταῖς
715 3203 834 3255 κατ’
864 3200 1000 3272 ἐμοῦ
1021 3202 1346 3272 παροινίαις.
1382 3204 1498 3273 Ἐφ’
1528 3200 1608 3269 οἷς
1627 3206 1707 3259 ἐτι

156 3293 329 3362 μᾶλλον
355 3294 463 3363 ἐγὼ
496 3295 898 3348 συνεκάλυπτον
932 3296 989 3347 ἐν
1021 3295 1245 3367 νηστείᾳ
1268 3296 1365 3368 τὴν
1388 3295 1565 3369 ψυχήν
1591 3316 1714 3370 μου,

152 3384 235 3438 καὶ
264 3386 518 3459 ἐτιθέμην
547 3388 607 3439 τὸ
645 3386 849 3458 ἑνδυμά
880 3405 979 3457 μου
1014 3387 1239 3451 σάκκον,
1270 3388 1367 3460 τὴν
1404 3389 1583 3444 αὐτῶν
1606 3392 1715 3444 άπ-

152 3473 325 3531 ὡλειαν
357 3478 807 3549 ἀποκλαιόμενος.
833 3480 923 3533 Διὸ
959 3478 1099 3533 κατὰ
1120 3480 1213 3532 τὸν
1229 3478 1458 3534 Ἀκύλαν
1474 3480 1712 3553 εἴρηται⁶

157 3585 172 3616 ι
208 3569 308 3622 Καὶ
349 3569 593 3624 ἔκλαυσα
614 3572 672 3623 ἐν
713 3571 937 3642 νηστείᾳ
966 3570 1144 3641 ψυχήν
1190 3588 1291 3641 μου
1311 3611 1326 3636 ,
1358 3572 1453 3626 καὶ
1482 3571 1714 3645 ἐγενήθη

152 3661 570 3737 εκὶόνειδισμοὺς
598 3665 622 3716 ὲ
631 3664 740 3735 μοί.
761 3664 871 3717 Καὶ
896 3663 1094 3717 ἐδωκεν
1119 3663 1329 3718 ἔνδυσιν
1357 3682 1458 3735 μου
1484 3665 1709 3730 σάκκον,

152 3752 233 3833 καὶ
263 3755 528 3827 ἐγενόμην
550 3755 735 3818 αὐτοῖς
758 3756 838 3819 είς
856 3755 1191 3827 παραϐολήν.
1232 3756 1481 3827 Ὠμίλουν
1504 3758 1574 3815 ἐν,
1591 3757 1715 3827 ἐμοὶ

150 3845 422 3917 καθήμενοι
456 3846 666 3919 πύληνο
733 3848 828 3901 καὶ
860 3847 1064 3919 ψαλμοὶ
1102 3847 1361 3901 πινόντων
1381 3848 1649 3919 μέθυσμα.
1690 3866 1708 3900 ι

150 3934 274 3988 κατά
298 3935 353 3989 δὲ
380 3935 471 3990 τὸν
494 3934 566 3989 Σύ
576 3954 810 4007 μμαχον⁸
846 3954 864 3988 ι
906 3936 1017 3990 Καὶ
1042 3935 1261 3990 κλάοντι
1296 3936 1436 4006 μετά
1462 3936 1717 4006 νηστείας

150 4025 233 4094 τὴν
262 4026 433 4097 ψυχήν
466 4046 569 4099 μου
601 4028 815 4096 ἐγένετο
848 4029 927 4092 είς
958 4028 1155 4091 ὄνειδος
1189 4028 1332 4099 ἐμοί.
1361 4027 1472 4081 Kal.
1500 4027 1715 4081 τάσσων

151 4117 202 4170 τὸ
222 4118 329 4172 ἐνδυ
337 4122 411 4191 μά
434 4140 539 4193 μου
572 4122 794 4187 σάκκον,
819 4124 911 4175 καὶ¹
933 4122 1198 4192 ἐγενόμην
1226 4121 1407 4184 αὐτοῖς
1427 4122 1506 4184 είς
1539 4138 1717 4191 παρα-

152 4208 313 4281 ϐολήν.
347 4212 645 4285 Διηγοῦντό
678 4232 744 4285 με
790 4214 1088 4285 καθήμενοι
1119 4216 1175 4267 ἐν
1209 4213 1349 4285 πύλῃ
1369 4255 1383 4278 ,
1419 4214 1511 4267 καὶ¹
1553 4212 1716 4283 ἔψαλ-

151 4296 229 4351 λόν
258 4318 320 4370 με
375 4304 423 4356 οἱ
466 4303 717 4367 πίνοντες
760 4304 1036 4375 μέθυσμα.
1082 4325 1099 4357 ι
1152 4304 1310 4357 Ἀλλὰ
1347 4304 1557 4368 τούτοις
1592 4322 1718 4358 συν-

152 4382 380 4449 εξετάσαι
407 4392 724 4460 ἀναγκαῖον,
758 4392 873 4457 πῶς
890 4394 1101 4464 εἴρηται
1135 4394 1240 4445 ὑπὸ
1254 4394 1347 4447 τοῦ
1380 4395 1631 4466 Σωτῆρος
1655 4396 1713 4447 ἐν

1818 1916 2092 1982 cerabam,
2129 1914 2223 1969 sed
2257 1916 2422 1969 etiam
2465 1931 2564 1984 pro
2610 1917 2939 1972 vestimento
2975 1918 3244 1987 ponebam
3274 1920 3401 1973 cili-

1819 2008 1985 2074 cium,
2011 2018 2231 2062 carnem
2291 2022 2465 2062 meam
2526 2009 2804 2080 castigans
2845 2018 2900 2063 et
2940 2011 3196 2080 puniens,
3234 2020 3399 2082 atque

1819 2100 1938 2172 ipso
1988 2116 2152 2171 opere
2198 2100 2416 2155 modum
2452 2101 2817 2158 confessionis
2845 2110 3009 2173 atque
3059 2105 3401 2174 purgationis

1816 2190 2176 2261 pristinorum
2203 2200 2553 2262 peccatorum
2580 2192 2718 2262 ipsis
2754 2196 3285 2252 commonstrabam.
3320 2197 3401 2253 llli

1816 2301 1945 2340 vero
1991 2286 2106 2339 haec
2150 2301 2369 2355 quoque
2400 2284 2715 2341 deridentes
2736 2302 2836 2357 pro
2875 2289 3134 2358 parabola
3174 2305 3260 2344 me
3302 2291 3400 2343 ha-

1815 2378 2073 2442 buerunt,
2103 2379 2266 2434 simul
2295 2379 2707 2444 convenientes,
2735 2387 2790 2435 et
2833 2381 2901 2435 ad
2934 2389 3120 2450 portas
3150 2396 3281 2435 suas
3312 2397 3402 2437 se-

1814 2469 2027 2535 dentes,
2060 2470 2127 2525 de
2158 2486 2243 2525 me
2288 2486 2396 2524 una
2451 2470 2723 2539 colloquia
2769 2470 3087 2537 miscentes,
3114 2490 3179 2528 ac
3209 2481 3400 2527 mutuo

1813 2574 1990 2631 nugas
2031 2568 2353 2631 spargentes
2390 2561 2520 2615 dum
2565 2575 2651 2614 me
2704 2560 3025 2618 irriderent.
3086 2563 3275 2635 Neque
3314 2571 3403 2620 sat

1813 2652 1924 2707 illis
1954 2650 2056 2704 fuit
2085 2652 2231 2721 quod
2272 2668 2358 2708 me
2390 2654 2732 2717 deluderent,
2765 2663 2928 2725 atque
2963 2656 3032 2711 ob
3056 2672 3176 2710 mea
3208 2672 3307 2727 pro
3336 2657 3401 2710 il-

1813 2745 1881 2799 lis
1910 2750 2164 2813 suscepta
2198 2745 2461 2799 exercitia
2494 2744 2790 2798 ridiculum
2826 2755 3081 2816 agerent;
3108 2746 3202 2802 sed
3232 2746 3398 2800 etiam

1813 2837 2067 2890 convivia
2099 2843 2349 2906 agentes,
2380 2837 2685 2892 cantilenas
2710 2838 2840 2891 vino
2875 2838 3016 2907 capti
3054 2844 3107 2892 et
3155 2837 3315 2901 ebrii,
3343 2836 3397 2890 in

1812 2943 1898 2982 me
1925 2926 2328 2981 debacchantes
2353 2926 2608 2981 edebant.
2648 2926 2764 2993 Qua
2803 2926 2870 2982 de
2908 2942 3073 2981 causa
3093 2942 3193 2997 ego
3226 2926 3400 2980 multo

1812 3019 1988 3088 magis
2012 3017 2323 3088 operiebam
2361 3018 2415 3071 in
2445 3018 2654 3087 jejunio
2704 3018 2942 3072 animam
2975 3034 3170 3081 meam,
3206 3025 3259 3072 et
3297 3032 3398 3086 po-

1814 3112 2007 3165 nebam
2033 3109 2418 3165 vestimentum
2462 3125 2644 3164 meum
2674 3109 2939 3173 cilicium,
2974 3109 3199 3163 exitium
3253 3109 3401 3176 ipso-

1817 3217 1937 3255 rum
1961 3202 2273 3272 deplorans.
2306 3201 2505 3267 Quare,
2525 3200 2827 3257 secundum
2858 3201 3131 3271 Aquilam,
3157 3199 3356 3254 dicitur

1823 3312 1841 3345 ι
1882 3294 1949 3350 Et
1989 3294 2197 3365 ploravi
2252 3294 2307 3349 in
2335 3294 2548 3364 jejunio
2576 3295 2814 3349 animam
2865 3309 3064 3358 meam,
3092 3303 3147 3347 et
3190 3293 3395 3348 factum

1818 3391 1903 3439 est
1936 3385 1992 3439 in
2018 3383 2314 3455 opprobria
2342 3383 2499 3438 mihi.
2532 3382 2598 3436 Et
2627 3382 2778 3438 dedit
2800 3384 3187 3438 vestimentum
3214 3398 3393 3436 meum

1818 3491 2062 3541 saccum,
2082 3485 2136 3533 et
2167 3476 2348 3531 factus
2380 3491 2500 3530 sum
2530 3475 2641 3531 illis
2661 3476 2715 3529 in
2748 3475 3084 3546 parabolam.
3116 3474 3401 3545 Collaque-

1818 3569 2021 3623 bantur
2064 3568 2121 3623 in
2162 3584 2250 3624 me
2283 3568 2537 3623 sedentes
2564 3566 2631 3622 ad
2683 3576 2896 3638 portam
2945 3587 2957 3622 :
3001 3573 3054 3621 et
3086 3567 3280 3636 psalmi
3316 3566 3371 3620 bi

1816 3662 2060 3717 bentium
2093 3662 2448 3728 ebrietatem;
2488 3680 2505 3713 ι
2540 3659 2843 3717 secundum
2881 3658 3268 3730 Symmachum
3298 3672 3399 3711 auo

1817 3762 1928 3809 tem
1959 3773 1972 3809 :
2014 3772 2031 3803 ι
2072 3752 2139 3806 Ει
2179 3754 2417 3823 ploranti
2447 3759 2571 3822 post
2591 3751 2802 3821 jejunia
2827 3750 3064 3804 animam
3090 3764 3287 3811 meam,
3320 3746 3401 3802 fa-

1817 3857 1964 3901 ctum
2012 3847 2175 3902 estin
2206 3845 2559 3915 opprobrium
2595 3841 2831 3897 mihi.Et
2866 3857 3073 3911 ponens
3107 3839 3399 3893 indumen-

1815 3947 1930 3993 tum
1961 3953 2141 3991 meum
2173 3952 2417 3999 saccum,
2450 3942 2505 3990 et
2540 3934 2720 3990 factus
2760 3949 2882 3988 sum
2925 3932 3034 3988 illis
3079 3931 3134 3985 in
3164 3930 3397 4001 parabo-

1816 4029 1947 4083 lam.
1977 4027 2322 4081 Enarrabant
2366 4042 2453 4080 me
2477 4024 2729 4080 sedentes
2773 4025 2827 4078 in
2881 4030 3060 4093 porta,
3097 4030 3151 4077 et
3184 4020 3356 4091 psalle

1816 4121 1949 4175 bant
1972 4134 2059 4174 me
2079 4119 2331 4174 bibentes
2361 4119 2700 4173 ebrietatem.
2736 4136 2754 4168 ›
2785 4115 2851 4169 At
2882 4117 3075 4169 horum
3110 4114 3399 4169 occasione

1814 4210 2227 4280 disquirendum
2258 4218 2365 4273 est,
2398 4224 2497 4264 cur
2523 4224 2553 4262 a
2581 4206 2873 4263 Servatore
2898 4206 3108 4261 dictum
3140 4206 3194 4259 in
3223 4204 3371 4259 Evan

1814 4304 1956 4375 gelio
1988 4302 2153 4358 fuerit
2188 4322 2201 4357 :
2237 4321 2257 4354 ι
2298 4302 2463 4358 Venit
2512 4303 2752 4357 Joannes
2808 4315 2987 4370 neque
3036 4297 3396 4355 manducans.

1818 4410 1995 4462 neque
2033 4394 2248 4457 bibens,
2284 4402 2340 4447 et
2369 4393 2601 4448 dicunt:
2638 4391 2975 4447 Dasmonium
3024 4388 3205 4441 habet.
3238 4375 3399 4438 Venit

154 4473 502 4547 Εὐαγγελίοιςε
545 4499 564 4531 ι
596 4476 800 4535 τΗλθεν
857 4482 1106 4553 Ἰωάννης
1155 4483 1291 4553 μήτε
1335 4481 1529 4534 ἐσθίων
1573 4482 1711 4551 μήτε

1818 4486 1987 4541 Filius
2027 4485 2266 4540 hominis
2312 4486 2652 4540 manducans
2700 4491 2755 4539 et
2804 4483 3018 4543 bibens,
3051 4488 3103 4534 et
3155 4477 3393 4532 dicunt:

156 4564 329 4633 πίνων,
369 4572 461 4624 καὶ⁸
489 4572 758 4640 λέγουσιν·
804 4574 1090 4645 Δαιμόνιον
1125 4574 1256 4645 ἔχει.
1284 4570 1486 4627 τΗλθεν
1524 4577 1551 4627 ὁ
1584 4574 1711 4637 Υἱὸς

155 4656 237 4708 τοῦ
262 4659 543 4731 ἀνθρώπου
570 4661 763 4715 ἐσθίων
792 4664 884 4716 καὶ
916 4664 1106 4728 πίνων,
1143 4665 1234 4717 καὶ
1272 4664 1539 4732 λέγουσιν’
1580 4664 1711 4717 Ἰδοὺ

158 4745 421 4820 ἄνθρωπος
457 4754 629 4822 φάγος
656 4756 750 4807 καὶ
783 4756 1064 4826 οἰνοπότης
1086 4796 1101 4821 ,
1144 4756 1391 4810 τελωνῶν
1423 4757 1576 4825 φίλος
1622 4758 1715 4811 καὶ

160 4839 499 4912 ἁμαρτωλῶν.
527 4864 544 4896 ι
575 4846 713 4899 Ἀλλ’
732 4849 877 4918 ἐρεῖς
891 4846 1063 4901 ταῦτα
1088 4850 1206 4901 κατ’
1227 4848 1401 4920 ἀρχάς
1426 4847 1518 4903 τοῦ
1536 4849 1714 4919 Εὐαγ-

160 4933 322 4999 γελίου
368 4937 666 5007 γίγνεσθαι,
704 4939 792 4991 ὅτε
821 4938 907 4991 διὰ
937 4938 999 4991 τὸ
1034 4940 1108 5011 μὴ
1139 4940 1417 5010 νηστεύειν
1448 4942 1573 5005 τοὺς
1614 4959 1718 5013 μα-

162 5024 311 5093 θητὰς
333 5030 516 5096 αὐτοῦ,
548 5030 645 5102 τὴν
670 5031 810 5102 ὺπέρ
839 5031 1013 5084 αὐτῶν
1042 5032 1334 5101 ἀπολογίαν
1378 5032 1718 5103 ποιούμενος,

163 5113 377 5183 ἔφασκεν
397 5140 409 5151 ·
438 5142 455 5173 ι
467 5124 539 5176 Οὐ
552 5123 802 5176 δύνανται
817 5125 866 5175 οἱ
888 5123 992 5175 υἱοὶ
1005 5122 1097 5176 τοῦ
1114 5126 1401 5195 νυμφῶνος
1415 5123 1716 5195 νηστεύειν,

164 5205 237 5272 ἐφ’
264 5210 381 5265 ὅσον
412 5215 527 5282 μετ’
554 5214 733 5267 αὐτῶν
758 5218 904 5268 ἐστιν
937 5215 965 5267 ὁ
992 5216 1223 5286 νυμφίος
1242 5232 1255 5246 ·
1284 5216 1580 5288 ἀρθήσεται
1617 5216 1711 5268 ἀπ’

165 5298 324 5352 αὐτῶν
368 5303 395 5355 ό
433 5304 683 5374 νυμφίος,
732 5304 825 5357 καὶ
863 5305 983 5357 τότε
1036 5304 1436 5377 νηστεύσουσιν.
1472 5325 1492 5358 ι
1556 5306 1717 5377 Ὁρᾷς

165 5386 279 5459 γὰρ,
308 5391 380 5455 ὡς
419 5396 511 5447 καὶ
543 5394 705 5457 αὐτὸς
736 5395 1002 5465 ἠπίστατο
1039 5397 1128 5449 τὸν
1165 5398 1263 5467 τῆς
1304 5397 1558 5469 νηστείας
1593 5417 1716 5452 και-

168 5477 276 5549 ρόν;
300 5483 547 5539 Είτοίνυν
569 5486 658 5539 τὸν
684 5486 874 5559 καιρὸν
901 5487 993 5541 τοῦ
1017 5488 1222 5551 πάθους
1247 5490 1411 5544 αὐτοῦ
1437 5490 1719 5556 συνεξετά-

168 5586 303 5635 σειας
331 5578 439 5641 τοῖς
467 5579 601 5649 μετὰ
628 5581 815 5650 χεῖρας
839 5582 1239 5652 προκειμένοις,
1273 5580 1454 5653 εὕροις
1478 5582 1542 5637 ἂν
1570 5584 1716 5648 ὅπως

236 5750 275 5781 υ
304 5751 490 5813 ualui.
538 5774 617 5826 ιι,
670 5759 757 5828 ιε,
800 5759 886 5815 ιθ.
963 5760 1008 5792 τι
1052 5758 1241 5815 Matth.
1287 5774 1368 5827 ιι,
1405 5760 1505 5816 .15.

1816 4578 1957 4633 Ecce
1986 4578 2151 4631 homo
2176 4593 2343 4631 vorax
2382 4584 2437 4631 et
2476 4584 2695 4647 potator
2724 4576 2856 4638 vini,
2890 4572 3309 4643 publicanorum
3343 4574 3399 4623 et

1819 4676 2167 4739 peccatorum
2210 4671 2420 4724 amicus
2442 4670 2509 4722 ’³.
2540 4689 2558 4721 ›
2590 4668 2695 4723 Sed
2725 4667 2876 4721 dicas
2906 4664 3021 4717 haec
3045 4660 3200 4715 initio
3223 4658 3398 4712 Evan-

1821 4757 1943 4825 gelii
1968 4757 2112 4811 facta
2142 4772 2286 4823 esse,
2315 4756 2536 4827 quando
2564 4773 2628 4812 eo
2651 4755 2798 4831 quod
2829 4751 3085 4821 discipuli
3120 4748 3240 4817 ejus
3287 4762 3395 4801 non

1818 4850 2159 4921 jejunarent,
2211 4866 2311 4921 pro
2348 4851 2507 4920 ipsis,
2541 4850 2753 4919 objecta
2785 4846 3063 4916 depellcns
3084 4884 3098 4907 ,
3127 4843 3344 4897 dicebat
3378 4862 3393 4897 :

1828 4961 1847 4993 ι
1911 4940 2031 4996 Non
2084 4948 2314 5013 possunt
2372 4941 2466 4995 lilii
2520 4939 2743 4993 thalami
2798 4935 3077 5007 sponsalis
3119 4934 3393 5003 jejunare,

1822 5032 2061 5103 quandiu
2102 5049 2224 5087 cum
2282 5033 2389 5087 illis
2438 5041 2520 5085 est
2570 5045 2847 5099 sponsus:
2885 5027 3162 5081 auferetur
3196 5025 3264 5078 ab
3316 5022 3396 5076 eis

1824 5141 2085 5197 sponsus,
2118 5132 2174 5180 et
2205 5135 2337 5179 tunc
2362 5124 2689 5194 jejunabunt
2713 5121 2777 5173 “.
2819 5139 2837 5172 ι
2874 5118 3068 5172 Viden’
3101 5115 3245 5186 quod
3279 5114 3398 5184 ipse

1821 5232 2038 5287 quoque
2084 5217 2277 5286 jejunii
2326 5226 2539 5286 tempus
2565 5215 2735 5285 probe
2774 5213 2976 5268 sciret?
3013 5210 3068 5264 Si
3102 5223 3232 5277 ergo
3262 5216 3398 5260 tem-

1822 5324 1925 5378 pus
1967 5308 2241 5377 passionis
2294 5306 2467 5376 ipsius
2523 5322 2647 5361 cum
2698 5305 2766 5359 iis
2796 5319 2917 5373 qua:
2947 5302 3059 5370 jam
3096 5307 3396 5352 tractamus

1824 5400 2127 5455 contuleris
2185 5399 2562 5468 deprehendes
2624 5396 2899 5467 quomodo
2948 5395 3063 5449 haec
3129 5390 3397 5477 completa

1823 5492 2048 5557 fuerint,
2081 5491 2301 5560 quando
2360 5489 2575 5546 sublato
2615 5488 2835 5544 demum
2885 5502 3110 5557 sponso,
3143 5479 3395 5551 discipuli

1820 5582 1943 5654 ejus
1965 5583 2310 5654 jejunabant.
2336 5581 2522 5652 Neque
2549 5582 2661 5637 veri
2693 5580 2945 5637 absimilc
2968 5587 3074 5643 est,
3110 5589 3233 5632 eum
3257 5583 3400 5644 pra!-
