  <div class='ocr_page' id='page_1' title='image "/cluster/home/n/w/nwhite01/storage/ocr_20150623/23/mdp.39015078384396/379.png"; bbox 0 0 3776 6284; ppageno 0'>
   <div class='ocr_carea' id='block_1_1' title="bbox 351 315 3554 382">
    <p class='ocr_par' dir='ltr' id='par_1_1' title="bbox 351 315 3554 382">
     <span class='ocr_line' id='line_1_1' title="bbox 351 315 3554 382; baseline 0.001 -8"><span class='ocrx_word' id='word_1_1' title='bbox 351 321 456 376; x_wconf 68' lang='lat'><strong>753</strong></span> <span class='ocrx_word' id='word_1_2' title='bbox 1077 316 1346 375; x_wconf 83' lang='lat' dir='ltr'><strong>EUSEBII</strong></span> <span class='ocrx_word' id='word_1_3' title='bbox 1385 315 1867 374; x_wconf 67' lang='lat' dir='ltr'><strong>CESARIENSIS</strong></span> <span class='ocrx_word' id='word_1_4' title='bbox 1899 315 2045 374; x_wconf 86' lang='lat' dir='ltr'><strong>OPP.</strong></span> <span class='ocrx_word' id='word_1_5' title='bbox 2086 315 2263 372; x_wconf 84' lang='lat' dir='ltr'><strong>PARS</strong></span> <span class='ocrx_word' id='word_1_6' title='bbox 2298 316 2385 372; x_wconf 84' lang='grc' dir='ltr'><strong>ΙΙΙ.</strong></span> <span class='ocrx_word' id='word_1_7' title='bbox 2423 347 2493 359; x_wconf 89' lang='grc'><strong><em>-</em></strong></span> <span class='ocrx_word' id='word_1_8' title='bbox 2531 316 2934 373; x_wconf 77' lang='lat' dir='ltr'><strong>EXEGETICA.</strong></span> <span class='ocrx_word' id='word_1_9' title='bbox 3468 325 3554 382; x_wconf 65' lang='lat' dir='ltr'><strong>7H</strong></span> 
     </span>
    </p>
   </div>
   <div class='ocr_carea' id='block_1_2' title="bbox 350 437 1882 514">
    <p class='ocr_par' dir='ltr' id='par_1_2' title="bbox 350 438 1882 508">
     <span class='ocr_line' id='line_1_2' title="bbox 350 438 1882 508; baseline -0.003 -14"><span class='ocrx_word' id='word_1_10' title='bbox 350 441 624 495; x_wconf 77' lang='lat' dir='ltr'><strong>videntem</strong></span> <span class='ocrx_word' id='word_1_11' title='bbox 677 453 738 493; x_wconf 86' lang='lat' dir='ltr'><strong>se</strong></span> <span class='ocrx_word' id='word_1_12' title='bbox 779 438 931 494; x_wconf 83' lang='lat' dir='ltr'><strong>brevi</strong></span> <span class='ocrx_word' id='word_1_13' title='bbox 977 449 1100 508; x_wconf 90' lang='lat' dir='ltr'><strong>post</strong></span> <span class='ocrx_word' id='word_1_14' title='bbox 1155 449 1397 508; x_wconf 90' lang='lat' dir='ltr'><strong>tempore</strong></span> <span class='ocrx_word' id='word_1_15' title='bbox 1430 438 1566 508; x_wconf 87' lang='lat' dir='ltr'><strong>ipsis</strong></span> <span class='ocrx_word' id='word_1_16' title='bbox 1613 448 1882 494; x_wconf 78' lang='lat' dir='ltr'><strong>extraneu:</strong></span> 
     </span>
    </p>
   </div>
   <div class='ocr_carea' id='block_1_3' title="bbox 2018 437 3555 514">
    <p class='ocr_par' dir='ltr' id='par_1_3' title="bbox 2032 437 3555 514">
     <span class='ocr_line' id='line_1_3' title="bbox 2032 437 3555 514; baseline 0.007 -23"><span class='ocrx_word' id='word_1_17' title='bbox 2032 438 2201 492; x_wconf 87' lang='grc' dir='ltr'>ταῦτα</span> <span class='ocrx_word' id='word_1_18' title='bbox 2230 437 2547 511; x_wconf 75' lang='grc' dir='ltr'><strong>ἐπληροῦτο,</strong></span> <span class='ocrx_word' id='word_1_19' title='bbox 2581 440 2670 492; x_wconf 79' lang='grc' dir='ltr'><strong>ὅτε</strong></span> <span class='ocrx_word' id='word_1_20' title='bbox 2707 439 2889 494; x_wconf 77' lang='grc' dir='ltr'>λοιπὸν</span> <span class='ocrx_word' id='word_1_21' title='bbox 2919 438 3202 510; x_wconf 77' lang='grc' dir='ltr'><strong>αἰρομένου</strong></span> <span class='ocrx_word' id='word_1_22' title='bbox 3231 441 3325 494; x_wconf 86' lang='grc' dir='ltr'><strong>τοῦ</strong></span> <span class='ocrx_word' id='word_1_23' title='bbox 3355 447 3555 514; x_wconf 79' lang='grc' dir='ltr'>νυμφίον</span> 
     </span>
    </p>
   </div>
   <div class='ocr_carea' id='block_1_4' title="bbox 351 530 1926 600">
    <p class='ocr_par' dir='ltr' id='par_1_4' title="bbox 351 530 1926 600">
     <span class='ocr_line' id='line_1_4' title="bbox 351 530 1926 600; baseline 0 -16"><span class='ocrx_word' id='word_1_24' title='bbox 351 530 487 596; x_wconf 89' lang='lat' dir='ltr'><strong>fore,</strong></span> <span class='ocrx_word' id='word_1_25' title='bbox 514 539 571 586; x_wconf 88' lang='lat' dir='ltr'><strong>et</strong></span> <span class='ocrx_word' id='word_1_26' title='bbox 605 539 779 585; x_wconf 91' lang='lat' dir='ltr'><strong>totum</strong></span> <span class='ocrx_word' id='word_1_27' title='bbox 825 547 891 586; x_wconf 77' lang='lat' dir='ltr'><strong>ex</strong></span> <span class='ocrx_word' id='word_1_28' title='bbox 937 531 1365 585; x_wconf 88' lang='lat' dir='ltr'><strong>circumcisione</strong></span> <span class='ocrx_word' id='word_1_29' title='bbox 1410 531 1668 600; x_wconf 92' lang='lat' dir='ltr'><strong>populum</strong></span> <span class='ocrx_word' id='word_1_30' title='bbox 1703 531 1926 600; x_wconf 80' lang='lat' dir='ltr'><strong>sangui-</strong></span> 
     </span>
    </p>
   </div>
   <div class='ocr_carea' id='block_1_5' title="bbox 351 622 1922 694">
    <p class='ocr_par' dir='ltr' id='par_1_5' title="bbox 351 622 1922 694">
     <span class='ocr_line' id='line_1_5' title="bbox 351 622 1922 694; baseline 0.002 -18"><span class='ocrx_word' id='word_1_31' title='bbox 351 638 475 678; x_wconf 90' lang='lat' dir='ltr'><strong>nem</strong></span> <span class='ocrx_word' id='word_1_32' title='bbox 507 639 667 679; x_wconf 90' lang='lat' dir='ltr'><strong>suum</strong></span> <span class='ocrx_word' id='word_1_33' title='bbox 700 624 1108 694; x_wconf 74' lang='lat' dir='ltr'><strong>postulaturum</strong></span> <span class='ocrx_word' id='word_1_34' title='bbox 1137 639 1282 687; x_wconf 88' lang='lat' dir='ltr'><strong>esse,</strong></span> <span class='ocrx_word' id='word_1_35' title='bbox 1313 622 1536 677; x_wconf 89' lang='lat' dir='ltr'><strong>Petrum</strong></span> <span class='ocrx_word' id='word_1_36' title='bbox 1577 631 1922 693; x_wconf 82' lang='lat' dir='ltr'><strong>negaturum,</strong></span> 
     </span>
    </p>
   </div>
   <div class='ocr_carea' id='block_1_6' title="bbox 351 713 1924 783">
    <p class='ocr_par' dir='ltr' id='par_1_6' title="bbox 351 713 1924 783">
     <span class='ocr_line' id='line_1_6' title="bbox 351 713 1924 783; baseline -0.001 -15"><span class='ocrx_word' id='word_1_37' title='bbox 351 722 407 768; x_wconf 91' lang='lat' dir='ltr'><strong>et</strong></span> <span class='ocrx_word' id='word_1_38' title='bbox 437 713 568 767; x_wconf 85' lang='lat' dir='ltr'><strong>talia</strong></span> <span class='ocrx_word' id='word_1_39' title='bbox 618 721 812 768; x_wconf 87' lang='lat' dir='ltr'><strong>contra</strong></span> <span class='ocrx_word' id='word_1_40' title='bbox 857 730 916 769; x_wconf 90' lang='lat' dir='ltr'><strong>se</strong></span> <span class='ocrx_word' id='word_1_41' title='bbox 967 713 1326 783; x_wconf 89' lang='lat' dir='ltr'><strong>perpetranda</strong></span> <span class='ocrx_word' id='word_1_42' title='bbox 1369 729 1530 778; x_wconf 88' lang='lat' dir='ltr'><strong>esse;</strong></span> <span class='ocrx_word' id='word_1_43' title='bbox 1583 721 1642 767; x_wconf 90' lang='lat' dir='ltr'><strong>ut</strong></span> <span class='ocrx_word' id='word_1_44' title='bbox 1681 713 1924 766; x_wconf 86' lang='lat' dir='ltr'><strong>futurum</strong></span> 
     </span>
    </p>
   </div>
   <div class='ocr_carea' id='block_1_7' title="bbox 351 802 1923 866">
    <p class='ocr_par' dir='ltr' id='par_1_7' title="bbox 351 802 1923 866">
     <span class='ocr_line' id='line_1_7' title="bbox 351 802 1923 866; baseline -0.001 -6"><span class='ocrx_word' id='word_1_45' title='bbox 351 812 501 860; x_wconf 89' lang='lat' dir='ltr'><strong>esset</strong></span> <span class='ocrx_word' id='word_1_46' title='bbox 550 805 805 860; x_wconf 83' lang='lat' dir='ltr'><strong>tenebras</strong></span> <span class='ocrx_word' id='word_1_47' title='bbox 857 804 1040 857; x_wconf 87' lang='lat' dir='ltr'><strong>omnia</strong></span> <span class='ocrx_word' id='word_1_48' title='bbox 1099 803 1308 857; x_wconf 83' lang='lat' dir='ltr'><strong>circum</strong></span> <span class='ocrx_word' id='word_1_49' title='bbox 1365 802 1692 866; x_wconf 86' lang='lat' dir='ltr'><strong>obvolvere,</strong></span> <span class='ocrx_word' id='word_1_50' title='bbox 1755 805 1923 858; x_wconf 90' lang='lat' dir='ltr'><strong>solem</strong></span> 
     </span>
    </p>
   </div>
   <div class='ocr_carea' id='block_1_8' title="bbox 348 894 1924 966">
    <p class='ocr_par' dir='ltr' id='par_1_8' title="bbox 348 894 1924 966">
     <span class='ocr_line' id='line_1_8' title="bbox 348 894 1924 966; baseline 0 -16"><span class='ocrx_word' id='word_1_51' title='bbox 348 896 529 966; x_wconf 88' lang='lat' dir='ltr'><strong>ipsum</strong></span> <span class='ocrx_word' id='word_1_52' title='bbox 561 894 872 958; x_wconf 84' lang='lat' dir='ltr'><strong>obscurari,</strong></span> <span class='ocrx_word' id='word_1_53' title='bbox 918 895 1098 949; x_wconf 80' lang='lat' dir='ltr'><strong>velum</strong></span> <span class='ocrx_word' id='word_1_54' title='bbox 1146 895 1329 963; x_wconf 90' lang='lat' dir='ltr'><strong>templi</strong></span> <span class='ocrx_word' id='word_1_55' title='bbox 1380 895 1580 957; x_wconf 88' lang='lat' dir='ltr'><strong>scindi,</strong></span> <span class='ocrx_word' id='word_1_56' title='bbox 1635 896 1924 965; x_wconf 85' lang='lat' dir='ltr'><strong>omniaque</strong></span> 
     </span>
    </p>
   </div>
   <div class='ocr_carea' id='block_1_9' title="bbox 347 987 1920 1058">
    <p class='ocr_par' dir='ltr' id='par_1_9' title="bbox 347 987 1920 1058">
     <span class='ocr_line' id='line_1_9' title="bbox 347 987 1920 1058; baseline -0.002 -14"><span class='ocrx_word' id='word_1_57' title='bbox 347 990 478 1044; x_wconf 91' lang='lat' dir='ltr'><strong>olim</strong></span> <span class='ocrx_word' id='word_1_58' title='bbox 507 990 562 1044; x_wconf 92' lang='lat' dir='ltr'><strong>in</strong></span> <span class='ocrx_word' id='word_1_59' title='bbox 593 987 794 1043; x_wconf 90' lang='lat' dir='ltr'><strong>lsraele</strong></span> <span class='ocrx_word' id='word_1_60' title='bbox 827 987 1137 1042; x_wconf 86' lang='lat' dir='ltr'><strong>veneranda</strong></span> <span class='ocrx_word' id='word_1_61' title='bbox 1168 987 1370 1052; x_wconf 79' lang='lat' dir='ltr'><strong>everti;</strong></span> <span class='ocrx_word' id='word_1_62' title='bbox 1400 988 1654 1041; x_wconf 88' lang='lat' dir='ltr'><strong>nimirum</strong></span> <span class='ocrx_word' id='word_1_63' title='bbox 1695 1003 1920 1058; x_wconf 76' lang='lat' dir='ltr'><strong>regnum</strong></span> 
     </span>
    </p>
   </div>
   <div class='ocr_carea' id='block_1_10' title="bbox 348 1079 1923 1145">
    <p class='ocr_par' dir='ltr' id='par_1_10' title="bbox 348 1079 1923 1145">
     <span class='ocr_line' id='line_1_10' title="bbox 348 1079 1923 1145; baseline -0.001 -9"><span class='ocrx_word' id='word_1_64' title='bbox 348 1080 945 1145; x_wconf 81' lang='lat' dir='ltr'><strong>eorum,sacerdotium</strong></span> <span class='ocrx_word' id='word_1_65' title='bbox 967 1089 1020 1134; x_wconf 86' lang='lat' dir='ltr'><strong>et</strong></span> <span class='ocrx_word' id='word_1_66' title='bbox 1052 1079 1250 1134; x_wconf 87' lang='lat' dir='ltr'><strong>Sancta</strong></span> <span class='ocrx_word' id='word_1_67' title='bbox 1282 1088 1625 1145; x_wconf 83' lang='lat' dir='ltr'><strong>sanctorum;</strong></span> <span class='ocrx_word' id='word_1_68' title='bbox 1657 1081 1923 1134; x_wconf 88' lang='lat' dir='ltr'><strong>omnium-</strong></span> 
     </span>
    </p>
   </div>
   <div class='ocr_carea' id='block_1_11' title="bbox 348 1168 1922 1241">
    <p class='ocr_par' dir='ltr' id='par_1_11' title="bbox 348 1168 1922 1241">
     <span class='ocr_line' id='line_1_11' title="bbox 348 1168 1922 1241; baseline -0.001 -14"><span class='ocrx_word' id='word_1_69' title='bbox 348 1188 456 1241; x_wconf 88' lang='lat' dir='ltr'><strong>que</strong></span> <span class='ocrx_word' id='word_1_70' title='bbox 490 1186 678 1227; x_wconf 89' lang='lat' dir='ltr'><strong>eorum</strong></span> <span class='ocrx_word' id='word_1_71' title='bbox 720 1170 1080 1238; x_wconf 87' lang='lat' dir='ltr'><strong>abjectionem</strong></span> <span class='ocrx_word' id='word_1_72' title='bbox 1120 1176 1175 1223; x_wconf 90' lang='lat' dir='ltr'><strong>et</strong></span> <span class='ocrx_word' id='word_1_73' title='bbox 1214 1168 1484 1223; x_wconf 82' lang='lat' dir='ltr'><strong>excidium</strong></span> <span class='ocrx_word' id='word_1_74' title='bbox 1517 1169 1806 1225; x_wconf 82' lang='lat' dir='ltr'><strong>confertim</strong></span> <span class='ocrx_word' id='word_1_75' title='bbox 1837 1169 1922 1226; x_wconf 86' lang='lat' dir='ltr'><strong>fu-</strong></span> 
     </span>
    </p>
   </div>
   <div class='ocr_carea' id='block_1_12' title="bbox 349 1258 1956 1330">
    <p class='ocr_par' dir='ltr' id='par_1_12' title="bbox 349 1258 1956 1330">
     <span class='ocr_line' id='line_1_12' title="bbox 349 1258 1956 1330; baseline 0.001 -16"><span class='ocrx_word' id='word_1_76' title='bbox 349 1270 534 1314; x_wconf 90' lang='lat' dir='ltr'><strong>turum</strong></span> <span class='ocrx_word' id='word_1_77' title='bbox 565 1279 578 1315; x_wconf 90' lang='lat'>:</span> <span class='ocrx_word' id='word_1_78' title='bbox 615 1275 724 1313; x_wconf 91' lang='lat' dir='ltr'><strong>non</strong></span> <span class='ocrx_word' id='word_1_79' title='bbox 754 1260 888 1323; x_wconf 85' lang='lat' dir='ltr'><strong>veri,</strong></span> <span class='ocrx_word' id='word_1_80' title='bbox 921 1258 1165 1328; x_wconf 90' lang='lat' dir='ltr'><strong>inquam,</strong></span> <span class='ocrx_word' id='word_1_81' title='bbox 1191 1259 1441 1314; x_wconf 87' lang='lat' dir='ltr'><strong>absimile</strong></span> <span class='ocrx_word' id='word_1_82' title='bbox 1481 1268 1585 1323; x_wconf 88' lang='lat' dir='ltr'><strong>est,</strong></span> <span class='ocrx_word' id='word_1_83' title='bbox 1618 1261 1793 1330; x_wconf 87' lang='lat' dir='ltr'><strong>ipsum</strong></span> <span class='ocrx_word' id='word_1_84' title='bbox 1828 1263 1920 1316; x_wconf 86' lang='lat' dir='ltr'><strong>ho-</strong></span> <span class='ocrx_word' id='word_1_85' title='bbox 1951 1298 1956 1304; x_wconf 60' lang='lat'><strong><em>~</em></strong></span> 
     </span>
    </p>
   </div>
   <div class='ocr_carea' id='block_1_13' title="bbox 347 1351 1919 1422">
    <p class='ocr_par' dir='ltr' id='par_1_13' title="bbox 347 1351 1919 1422">
     <span class='ocr_line' id='line_1_13' title="bbox 347 1351 1919 1422; baseline 0.003 -15"><span class='ocrx_word' id='word_1_86' title='bbox 347 1368 470 1407; x_wconf 91' lang='lat' dir='ltr'><strong>rum</strong></span> <span class='ocrx_word' id='word_1_87' title='bbox 493 1368 658 1407; x_wconf 85' lang='lat' dir='ltr'><strong>causa</strong></span> <span class='ocrx_word' id='word_1_88' title='bbox 682 1367 989 1408; x_wconf 88' lang='lat' dir='ltr'><strong>macerasse</strong></span> <span class='ocrx_word' id='word_1_89' title='bbox 1027 1353 1082 1406; x_wconf 90' lang='lat' dir='ltr'><strong>in</strong></span> <span class='ocrx_word' id='word_1_90' title='bbox 1106 1351 1316 1422; x_wconf 87' lang='lat' dir='ltr'><strong>jejunio</strong></span> <span class='ocrx_word' id='word_1_91' title='bbox 1361 1354 1599 1408; x_wconf 86' lang='lat' dir='ltr'><strong>animam</strong></span> <span class='ocrx_word' id='word_1_92' title='bbox 1652 1372 1828 1422; x_wconf 89' lang='lat' dir='ltr'><strong>suam,</strong></span> <span class='ocrx_word' id='word_1_93' title='bbox 1863 1366 1919 1412; x_wconf 91' lang='lat' dir='ltr'><strong>et</strong></span> 
     </span>
    </p>
   </div>
   <div class='ocr_carea' id='block_1_14' title="bbox 2029 527 3557 602">
    <p class='ocr_par' dir='ltr' id='par_1_14' title="bbox 2029 527 3557 602">
     <span class='ocr_line' id='line_1_14' title="bbox 2029 527 3557 602; baseline 0.004 -19"><span class='ocrx_word' id='word_1_94' title='bbox 2029 531 2122 584; x_wconf 79' lang='grc' dir='ltr'>καὶ</span> <span class='ocrx_word' id='word_1_95' title='bbox 2149 532 2198 584; x_wconf 81' lang='grc' dir='ltr'><strong>οἱ</strong></span> <span class='ocrx_word' id='word_1_96' title='bbox 2231 530 2466 602; x_wconf 75' lang='grc' dir='ltr'>μαθηταὶ</span> <span class='ocrx_word' id='word_1_97' title='bbox 2485 531 2648 584; x_wconf 78' lang='grc' dir='ltr'>αὑτοῦ</span> <span class='ocrx_word' id='word_1_98' title='bbox 2671 533 2976 601; x_wconf 84' lang='grc' dir='ltr'>ἐνήστευον.</span> <span class='ocrx_word' id='word_1_99' title='bbox 3007 532 3119 599; x_wconf 80' lang='grc' dir='ltr'><strong>Ἐφ’</strong></span> <span class='ocrx_word' id='word_1_100' title='bbox 3135 527 3218 596; x_wconf 73' lang='grc' dir='ltr'><strong>οἷς</strong></span> <span class='ocrx_word' id='word_1_101' title='bbox 3241 535 3340 586; x_wconf 81' lang='grc' dir='ltr'><strong>οὐκ</strong></span> <span class='ocrx_word' id='word_1_102' title='bbox 3365 536 3557 602; x_wconf 79' lang='grc' dir='ltr'>ἀπεικὸς</span> 
     </span>
    </p>
   </div>
   <div class='ocr_carea' id='block_1_15' title="bbox 2025 617 3561 698">
    <p class='ocr_par' dir='ltr' id='par_1_15' title="bbox 2025 617 3561 698">
     <span class='ocr_line' id='line_1_15' title="bbox 2025 617 3561 698; baseline 0.006 -24"><span class='ocrx_word' id='word_1_103' title='bbox 2025 617 2092 693; x_wconf 81' lang='grc' dir='ltr'>ἦν</span> <span class='ocrx_word' id='word_1_104' title='bbox 2117 623 2211 676; x_wconf 77' lang='grc' dir='ltr'>καὶ</span> <span class='ocrx_word' id='word_1_105' title='bbox 2245 623 2404 676; x_wconf 83' lang='grc' dir='ltr'>αὐτὸν</span> <span class='ocrx_word' id='word_1_106' title='bbox 2433 623 2767 694; x_wconf 80' lang='grc' dir='ltr'>προορῶντα,</span> <span class='ocrx_word' id='word_1_107' title='bbox 2795 622 2869 685; x_wconf 84' lang='grc' dir='ltr'>ὡς</span> <span class='ocrx_word' id='word_1_108' title='bbox 2894 622 3088 693; x_wconf 85' lang='grc' dir='ltr'>μικρὸν</span> <span class='ocrx_word' id='word_1_109' title='bbox 3107 623 3331 695; x_wconf 74' lang='grc' dir='ltr'>ὕστερον</span> <span class='ocrx_word' id='word_1_110' title='bbox 3357 627 3561 698; x_wconf 75' lang='grc' dir='ltr'>ἀπηλλο-</span> 
     </span>
    </p>
   </div>
   <div class='ocr_carea' id='block_1_16' title="bbox 2023 713 3560 785">
    <p class='ocr_par' dir='ltr' id='par_1_16' title="bbox 2023 713 3560 785">
     <span class='ocr_line' id='line_1_16' title="bbox 2023 713 3560 785; baseline 0.005 -19"><span class='ocrx_word' id='word_1_111' title='bbox 2023 713 2322 785; x_wconf 87' lang='grc' dir='ltr'>τριωμένος</span> <span class='ocrx_word' id='word_1_112' title='bbox 2351 715 2501 767; x_wconf 80' lang='grc' dir='ltr'>ἔσται</span> <span class='ocrx_word' id='word_1_113' title='bbox 2544 715 2743 778; x_wconf 78' lang='grc' dir='ltr'>αὐτοῖς,</span> <span class='ocrx_word' id='word_1_114' title='bbox 2775 714 2870 767; x_wconf 77' lang='grc' dir='ltr'>καὶ</span> <span class='ocrx_word' id='word_1_115' title='bbox 2900 714 2975 778; x_wconf 84' lang='grc' dir='ltr'>ὡς</span> <span class='ocrx_word' id='word_1_116' title='bbox 2999 713 3060 767; x_wconf 84' lang='grc' dir='ltr'>τὸ</span> <span class='ocrx_word' id='word_1_117' title='bbox 3088 714 3194 768; x_wconf 81' lang='grc' dir='ltr'><strong>πᾶν</strong></span> <span class='ocrx_word' id='word_1_118' title='bbox 3221 715 3372 780; x_wconf 83' lang='grc' dir='ltr'>ἐθνος</span> <span class='ocrx_word' id='word_1_119' title='bbox 3398 719 3482 771; x_wconf 87' lang='grc' dir='ltr'><strong>τοῦ</strong></span> <span class='ocrx_word' id='word_1_120' title='bbox 3509 723 3560 774; x_wconf 82' lang='grc' dir='ltr'><strong>ἐκ</strong></span> 
     </span>
    </p>
   </div>
   <div class='ocr_carea' id='block_1_17' title="bbox 2025 799 3559 876">
    <p class='ocr_par' dir='ltr' id='par_1_17' title="bbox 2025 799 3559 876">
     <span class='ocr_line' id='line_1_17' title="bbox 2025 799 3559 876; baseline 0.003 -17"><span class='ocrx_word' id='word_1_121' title='bbox 2025 805 2326 875; x_wconf 83' lang='grc' dir='ltr'><strong>περιτομῆς</strong></span> <span class='ocrx_word' id='word_1_122' title='bbox 2357 804 2484 858; x_wconf 86' lang='grc' dir='ltr'>λαοῦ</span> <span class='ocrx_word' id='word_1_123' title='bbox 2523 804 2584 857; x_wconf 86' lang='grc' dir='ltr'><strong>τὸ</strong></span> <span class='ocrx_word' id='word_1_124' title='bbox 2612 799 2749 875; x_wconf 75' lang='grc' dir='ltr'>αἷμα</span> <span class='ocrx_word' id='word_1_125' title='bbox 2785 804 2950 857; x_wconf 82' lang='grc' dir='ltr'>αὐτοῦ</span> <span class='ocrx_word' id='word_1_126' title='bbox 2983 805 3360 876; x_wconf 81' lang='grc' dir='ltr'><strong>ἐξαιτήσεται,</strong></span> <span class='ocrx_word' id='word_1_127' title='bbox 3394 811 3476 863; x_wconf 76' lang='grc' dir='ltr'><strong>καὶ</strong></span> <span class='ocrx_word' id='word_1_128' title='bbox 3500 812 3559 875; x_wconf 82' lang='grc' dir='ltr'>ὡς</span> 
     </span>
    </p>
   </div>
   <div class='ocr_carea' id='block_1_18' title="bbox 2025 897 3560 969">
    <p class='ocr_par' dir='ltr' id='par_1_18' title="bbox 2025 897 3560 969">
     <span class='ocr_line' id='line_1_18' title="bbox 2025 897 3560 969; baseline 0.004 -19"><span class='ocrx_word' id='word_1_129' title='bbox 2025 898 2228 969; x_wconf 83' lang='grc' dir='ltr'><strong>Πέτρος</strong></span> <span class='ocrx_word' id='word_1_130' title='bbox 2252 897 2410 950; x_wconf 81' lang='grc' dir='ltr'>αὑτὸν</span> <span class='ocrx_word' id='word_1_131' title='bbox 2440 898 2754 968; x_wconf 82' lang='grc' dir='ltr'><strong>ἀρνήσεται,</strong></span> <span class='ocrx_word' id='word_1_132' title='bbox 2788 898 2882 950; x_wconf 70' lang='grc' dir='ltr'><strong>καὶ</strong></span> <span class='ocrx_word' id='word_1_133' title='bbox 2902 897 3124 951; x_wconf 85' lang='grc' dir='ltr'>τοιαῦτα</span> <span class='ocrx_word' id='word_1_134' title='bbox 3143 901 3260 953; x_wconf 86' lang='grc' dir='ltr'>κατ’</span> <span class='ocrx_word' id='word_1_135' title='bbox 3283 902 3442 954; x_wconf 77' lang='grc' dir='ltr'>αὑτοῦ</span> <span class='ocrx_word' id='word_1_136' title='bbox 3465 904 3560 956; x_wconf 85' lang='grc' dir='ltr'>τολ-</span> 
     </span>
    </p>
   </div>
   <div class='ocr_carea' id='block_1_19' title="bbox 2026 987 3560 1063">
    <p class='ocr_par' dir='ltr' id='par_1_19' title="bbox 2026 987 3560 1063">
     <span class='ocr_line' id='line_1_19' title="bbox 2026 987 3560 1063; baseline 0.005 -23"><span class='ocrx_word' id='word_1_137' title='bbox 2026 988 2348 1060; x_wconf 86' lang='grc' dir='ltr'>μηθήσεται,</span> <span class='ocrx_word' id='word_1_138' title='bbox 2374 987 2513 1040; x_wconf 84' lang='grc' dir='ltr'>ὥστε</span> <span class='ocrx_word' id='word_1_139' title='bbox 2549 989 2733 1052; x_wconf 85' lang='grc' dir='ltr'>σκότος</span> <span class='ocrx_word' id='word_1_140' title='bbox 2765 988 3036 1042; x_wconf 86' lang='grc' dir='ltr'>διαλαϐεῖν</span> <span class='ocrx_word' id='word_1_141' title='bbox 3065 989 3124 1042; x_wconf 81' lang='grc' dir='ltr'><strong>τὸ</strong></span> <span class='ocrx_word' id='word_1_142' title='bbox 3149 991 3419 1062; x_wconf 76' lang='grc' dir='ltr'>περιέχον,</span> <span class='ocrx_word' id='word_1_143' title='bbox 3437 993 3560 1063; x_wconf 73' lang='grc' dir='ltr'>ἥλιόν</span> 
     </span>
    </p>
   </div>
   <div class='ocr_carea' id='block_1_20' title="bbox 2020 1079 3561 1153">
    <p class='ocr_par' dir='ltr' id='par_1_20' title="bbox 2020 1079 3561 1153">
     <span class='ocr_line' id='line_1_20' title="bbox 2020 1079 3561 1153; baseline 0.004 -21"><span class='ocrx_word' id='word_1_144' title='bbox 2020 1097 2079 1132; x_wconf 87' lang='grc' dir='ltr'><strong>τε</strong></span> <span class='ocrx_word' id='word_1_145' title='bbox 2109 1079 2270 1133; x_wconf 81' lang='grc' dir='ltr'>αὑτὸν</span> <span class='ocrx_word' id='word_1_146' title='bbox 2303 1080 2647 1150; x_wconf 69' lang='grc' dir='ltr'>σκπισθῆναι</span> <span class='ocrx_word' id='word_1_147' title='bbox 2671 1122 2684 1145; x_wconf 96' lang='grc'><strong>,</strong></span> <span class='ocrx_word' id='word_1_148' title='bbox 2715 1081 2808 1134; x_wconf 76' lang='grc' dir='ltr'><strong>καὶ</strong></span> <span class='ocrx_word' id='word_1_149' title='bbox 2841 1080 2901 1133; x_wconf 84' lang='grc' dir='ltr'><strong>τὸ</strong></span> <span class='ocrx_word' id='word_1_150' title='bbox 2935 1082 3335 1153; x_wconf 81' lang='grc' dir='ltr'>καταπέτασμα</span> <span class='ocrx_word' id='word_1_151' title='bbox 3364 1085 3452 1137; x_wconf 82' lang='grc' dir='ltr'><strong>τοῦ</strong></span> <span class='ocrx_word' id='word_1_152' title='bbox 3477 1085 3561 1138; x_wconf 85' lang='grc' dir='ltr'>νεὼ</span> 
     </span>
    </p>
   </div>
   <div class='ocr_carea' id='block_1_21' title="bbox 2023 1172 3561 1243">
    <p class='ocr_par' dir='ltr' id='par_1_21' title="bbox 2023 1172 3561 1243">
     <span class='ocr_line' id='line_1_21' title="bbox 2023 1172 3561 1243; baseline 0.003 -18"><span class='ocrx_word' id='word_1_153' title='bbox 2023 1173 2336 1243; x_wconf 82' lang='grc' dir='ltr'>σχισθῆναι,</span> <span class='ocrx_word' id='word_1_154' title='bbox 2395 1172 2767 1243; x_wconf 83' lang='grc' dir='ltr'>ἀνατραπῆναί</span> <span class='ocrx_word' id='word_1_155' title='bbox 2813 1189 2872 1226; x_wconf 85' lang='grc' dir='ltr'><strong>τε</strong></span> <span class='ocrx_word' id='word_1_156' title='bbox 2934 1173 3113 1226; x_wconf 82' lang='grc' dir='ltr'>πάντα</span> <span class='ocrx_word' id='word_1_157' title='bbox 3169 1173 3238 1226; x_wconf 79' lang='grc' dir='ltr'>τὰ</span> <span class='ocrx_word' id='word_1_158' title='bbox 3276 1175 3439 1228; x_wconf 81' lang='grc' dir='ltr'>πάλαι</span> <span class='ocrx_word' id='word_1_159' title='bbox 3484 1177 3561 1230; x_wconf 79' lang='grc' dir='ltr'><strong>τοῦ</strong></span> 
     </span>
    </p>
   </div>
   <div class='ocr_carea' id='block_1_22' title="bbox 2031 1262 3562 1336">
    <p class='ocr_par' dir='ltr' id='par_1_22' title="bbox 2031 1262 3562 1336">
     <span class='ocr_line' id='line_1_22' title="bbox 2031 1262 3562 1336; baseline 0.002 -21"><span class='ocrx_word' id='word_1_160' title='bbox 2031 1262 2244 1334; x_wconf 81' lang='grc' dir='ltr'>Ἰσραὴλ</span> <span class='ocrx_word' id='word_1_161' title='bbox 2275 1262 2465 1332; x_wconf 77' lang='grc' dir='ltr'>σεμνὰ,</span> <span class='ocrx_word' id='word_1_162' title='bbox 2502 1262 2642 1331; x_wconf 90' lang='grc' dir='ltr'>λέγω</span> <span class='ocrx_word' id='word_1_163' title='bbox 2673 1263 2729 1316; x_wconf 87' lang='grc' dir='ltr'>δὲ</span> <span class='ocrx_word' id='word_1_164' title='bbox 2751 1262 2848 1334; x_wconf 80' lang='grc' dir='ltr'><strong>τὴν</strong></span> <span class='ocrx_word' id='word_1_165' title='bbox 2876 1262 3145 1333; x_wconf 86' lang='grc' dir='ltr'>βασιλείαν</span> <span class='ocrx_word' id='word_1_166' title='bbox 3166 1264 3349 1318; x_wconf 79' lang='grc' dir='ltr'>αὐτῶν</span> <span class='ocrx_word' id='word_1_167' title='bbox 3381 1265 3467 1318; x_wconf 77' lang='grc' dir='ltr'>καὶ</span> <span class='ocrx_word' id='word_1_168' title='bbox 3482 1268 3562 1336; x_wconf 80' lang='grc' dir='ltr'>τὴν</span> 
     </span>
    </p>
   </div>
   <div class='ocr_carea' id='block_1_23' title="bbox 2023 1352 3562 1426">
    <p class='ocr_par' dir='ltr' id='par_1_23' title="bbox 2023 1352 3562 1426">
     <span class='ocr_line' id='line_1_23' title="bbox 2023 1352 3562 1426; baseline 0.001 -18"><span class='ocrx_word' id='word_1_169' title='bbox 2023 1353 2316 1426; x_wconf 84' lang='grc' dir='ltr'>ἱερωσύνην</span> <span class='ocrx_word' id='word_1_170' title='bbox 2350 1353 2444 1406; x_wconf 73' lang='grc' dir='ltr'><strong>καὶ</strong></span> <span class='ocrx_word' id='word_1_171' title='bbox 2476 1352 2545 1407; x_wconf 83' lang='grc' dir='ltr'><strong>τὰ</strong></span> <span class='ocrx_word' id='word_1_172' title='bbox 2569 1355 2732 1424; x_wconf 77' lang='grc' dir='ltr'>Ἂγια</span> <span class='ocrx_word' id='word_1_173' title='bbox 2760 1356 2868 1407; x_wconf 87' lang='grc' dir='ltr'><strong>τῶν</strong></span> <span class='ocrx_word' id='word_1_174' title='bbox 2899 1355 3090 1423; x_wconf 85' lang='grc' dir='ltr'>ἁγίων·</span> <span class='ocrx_word' id='word_1_175' title='bbox 3124 1357 3342 1410; x_wconf 81' lang='grc' dir='ltr'>πάντων</span> <span class='ocrx_word' id='word_1_176' title='bbox 3377 1373 3430 1409; x_wconf 87' lang='grc' dir='ltr'><strong>τε</strong></span> <span class='ocrx_word' id='word_1_177' title='bbox 3462 1357 3562 1410; x_wconf 84' lang='grc' dir='ltr'>τού-</span> 
     </span>
    </p>
   </div>
   <div class='ocr_carea' id='block_1_24' title="bbox 345 1445 1882 1520">
    <p class='ocr_par' dir='ltr' id='par_1_24' title="bbox 345 1445 1882 1515">
     <span class='ocr_line' id='line_1_24' title="bbox 345 1445 1882 1515; baseline 0.003 -16"><span class='ocrx_word' id='word_1_178' title='bbox 345 1445 599 1515; x_wconf 87' lang='lat' dir='ltr'><strong>posuisse</strong></span> <span class='ocrx_word' id='word_1_179' title='bbox 633 1445 1014 1500; x_wconf 82' lang='lat' dir='ltr'><strong>vestimentum</strong></span> <span class='ocrx_word' id='word_1_180' title='bbox 1046 1459 1206 1499; x_wconf 91' lang='lat' dir='ltr'><strong>suum</strong></span> <span class='ocrx_word' id='word_1_181' title='bbox 1239 1460 1484 1501; x_wconf 88' lang='lat' dir='ltr'><strong>saccum.</strong></span> <span class='ocrx_word' id='word_1_182' title='bbox 1525 1446 1644 1512; x_wconf 87' lang='lat' dir='ltr'><strong>Qua</strong></span> <span class='ocrx_word' id='word_1_183' title='bbox 1668 1449 1735 1502; x_wconf 93' lang='lat' dir='ltr'><strong>de</strong></span> <span class='ocrx_word' id='word_1_184' title='bbox 1755 1465 1882 1505; x_wconf 91' lang='lat' dir='ltr'><strong>caus</strong></span> 
     </span>
    </p>
   </div>
   <div class='ocr_carea' id='block_1_25' title="bbox 2018 1445 3562 1520">
    <p class='ocr_par' dir='ltr' id='par_1_25' title="bbox 2020 1446 3562 1520">
     <span class='ocr_line' id='line_1_25' title="bbox 2020 1446 3562 1520; baseline 0.002 -21"><span class='ocrx_word' id='word_1_185' title='bbox 2020 1465 2128 1503; x_wconf 92' lang='grc' dir='ltr'><strong>των</strong></span> <span class='ocrx_word' id='word_1_186' title='bbox 2161 1446 2428 1518; x_wconf 78' lang='grc' dir='ltr'>ἀποϐολὴν</span> <span class='ocrx_word' id='word_1_187' title='bbox 2465 1447 2559 1500; x_wconf 76' lang='grc' dir='ltr'>καὶ</span> <span class='ocrx_word' id='word_1_188' title='bbox 2584 1447 2892 1520; x_wconf 79' lang='grc' dir='ltr'>ἀνατροπὴν</span> <span class='ocrx_word' id='word_1_189' title='bbox 2925 1448 3124 1520; x_wconf 83' lang='grc' dir='ltr'>ἀθρόαν</span> <span class='ocrx_word' id='word_1_190' title='bbox 3151 1448 3435 1517; x_wconf 86' lang='grc' dir='ltr'>γενέσθαι’</span> <span class='ocrx_word' id='word_1_191' title='bbox 3462 1451 3562 1502; x_wconf 77' lang='grc' dir='ltr'>τού-</span> 
     </span>
    </p>
   </div>
   <div class='ocr_carea' id='block_1_26' title="bbox 346 1536 1882 1611">
    <p class='ocr_par' dir='ltr' id='par_1_26' title="bbox 346 1536 1882 1611">
     <span class='ocr_line' id='line_1_26' title="bbox 346 1536 1882 1611; baseline 0.005 -21"><span class='ocrx_word' id='word_1_192' title='bbox 346 1537 498 1607; x_wconf 88' lang='lat' dir='ltr'><strong>impii</strong></span> <span class='ocrx_word' id='word_1_193' title='bbox 526 1537 774 1591; x_wconf 85' lang='lat' dir='ltr'><strong>homines</strong></span> <span class='ocrx_word' id='word_1_194' title='bbox 796 1536 972 1606; x_wconf 90' lang='lat' dir='ltr'><strong>ipsum</strong></span> <span class='ocrx_word' id='word_1_195' title='bbox 1003 1537 1322 1602; x_wconf 89' lang='lat' dir='ltr'><strong>irridebant,</strong></span> <span class='ocrx_word' id='word_1_196' title='bbox 1346 1539 1474 1592; x_wconf 90' lang='lat' dir='ltr'><strong>dum</strong></span> <span class='ocrx_word' id='word_1_197' title='bbox 1509 1539 1628 1594; x_wconf 89' lang='lat' dir='ltr'><strong>loco</strong></span> <span class='ocrx_word' id='word_1_198' title='bbox 1651 1544 1882 1611; x_wconf 85' lang='lat' dir='ltr'><strong>parabol:</strong></span> 
     </span>
    </p>
   </div>
   <div class='ocr_carea' id='block_1_27' title="bbox 2018 1536 3561 1611">
    <p class='ocr_par' dir='ltr' id='par_1_27' title="bbox 2018 1536 3561 1611">
     <span class='ocr_line' id='line_1_27' title="bbox 2018 1536 3561 1611; baseline 0 -18"><span class='ocrx_word' id='word_1_199' title='bbox 2018 1556 2125 1593; x_wconf 92' lang='grc' dir='ltr'><strong>των</strong></span> <span class='ocrx_word' id='word_1_200' title='bbox 2154 1539 2319 1594; x_wconf 73' lang='grc' dir='ltr'>ἕνεκα</span> <span class='ocrx_word' id='word_1_201' title='bbox 2355 1541 2454 1592; x_wconf 83' lang='grc' dir='ltr'><strong>οὐκ</strong></span> <span class='ocrx_word' id='word_1_202' title='bbox 2496 1540 2723 1604; x_wconf 85' lang='grc' dir='ltr'>ἀπεικὸς</span> <span class='ocrx_word' id='word_1_203' title='bbox 2753 1536 2820 1610; x_wconf 79' lang='grc' dir='ltr'>ἦν</span> <span class='ocrx_word' id='word_1_204' title='bbox 2857 1540 3016 1593; x_wconf 81' lang='grc' dir='ltr'>αὑτὸν</span> <span class='ocrx_word' id='word_1_205' title='bbox 3051 1543 3374 1594; x_wconf 86' lang='grc' dir='ltr'>καταπονείν</span> <span class='ocrx_word' id='word_1_206' title='bbox 3399 1543 3452 1593; x_wconf 88' lang='grc' dir='ltr'><strong>ἐν</strong></span> <span class='ocrx_word' id='word_1_207' title='bbox 3484 1558 3561 1611; x_wconf 87' lang='grc' dir='ltr'>νη-</span> 
     </span>
    </p>
   </div>
   <div class='ocr_carea' id='block_1_28' title="bbox 345 1624 1882 1704">
    <p class='ocr_par' dir='ltr' id='par_1_28' title="bbox 345 1624 1882 1700">
     <span class='ocr_line' id='line_1_28' title="bbox 345 1624 1882 1700; baseline 0.004 -20"><span class='ocrx_word' id='word_1_208' title='bbox 345 1624 598 1681; x_wconf 90' lang='lat' dir='ltr'><strong>futilibus</strong></span> <span class='ocrx_word' id='word_1_209' title='bbox 623 1627 738 1681; x_wconf 92' lang='lat' dir='ltr'><strong>suis</strong></span> <span class='ocrx_word' id='word_1_210' title='bbox 771 1627 1115 1682; x_wconf 86' lang='lat' dir='ltr'><strong>sermonibus</strong></span> <span class='ocrx_word' id='word_1_211' title='bbox 1163 1637 1527 1699; x_wconf 83' lang='lat' dir='ltr'><strong>nugarentur;</strong></span> <span class='ocrx_word' id='word_1_212' title='bbox 1558 1629 1773 1700; x_wconf 91' lang='lat' dir='ltr'><strong>alioque</strong></span> <span class='ocrx_word' id='word_1_213' title='bbox 1809 1632 1882 1686; x_wconf 65' lang='lat' dir='ltr'><strong>die</strong></span> 
     </span>
    </p>
   </div>
   <div class='ocr_carea' id='block_1_29' title="bbox 2018 1624 3563 1704">
    <p class='ocr_par' dir='ltr' id='par_1_29' title="bbox 2021 1629 3563 1704">
     <span class='ocr_line' id='line_1_29' title="bbox 2021 1629 3563 1704; baseline 0.001 -20"><span class='ocrx_word' id='word_1_214' title='bbox 2021 1632 2172 1704; x_wconf 79' lang='grc' dir='ltr'>στείᾳ</span> <span class='ocrx_word' id='word_1_215' title='bbox 2202 1631 2296 1703; x_wconf 78' lang='grc' dir='ltr'><strong>τὴν</strong></span> <span class='ocrx_word' id='word_1_216' title='bbox 2331 1631 2506 1702; x_wconf 80' lang='grc' dir='ltr'>ψυχὴν</span> <span class='ocrx_word' id='word_1_217' title='bbox 2529 1631 2714 1695; x_wconf 83' lang='grc' dir='ltr'>αὐτοῦ,</span> <span class='ocrx_word' id='word_1_218' title='bbox 2749 1631 2843 1685; x_wconf 81' lang='grc' dir='ltr'>καὶ</span> <span class='ocrx_word' id='word_1_219' title='bbox 2864 1631 3069 1684; x_wconf 88' lang='grc' dir='ltr'>τιθέναι</span> <span class='ocrx_word' id='word_1_220' title='bbox 3093 1629 3154 1683; x_wconf 89' lang='grc' dir='ltr'>τὸ</span> <span class='ocrx_word' id='word_1_221' title='bbox 3190 1630 3397 1701; x_wconf 83' lang='grc' dir='ltr'>ἔνδυμα</span> <span class='ocrx_word' id='word_1_222' title='bbox 3423 1632 3563 1686; x_wconf 81' lang='grc' dir='ltr'>αὐτοῦ</span> 
     </span>
    </p>
   </div>
   <div class='ocr_carea' id='block_1_30' title="bbox 345 1718 1882 1794">
    <p class='ocr_par' dir='ltr' id='par_1_30' title="bbox 345 1720 1882 1794">
     <span class='ocr_line' id='line_1_30' title="bbox 345 1720 1882 1794; baseline 0.005 -22"><span class='ocrx_word' id='word_1_223' title='bbox 345 1731 588 1789; x_wconf 88' lang='lat' dir='ltr'><strong>tempore</strong></span> <span class='ocrx_word' id='word_1_224' title='bbox 619 1720 672 1774; x_wconf 92' lang='lat' dir='ltr'><strong>in</strong></span> <span class='ocrx_word' id='word_1_225' title='bbox 708 1720 876 1788; x_wconf 90' lang='lat' dir='ltr'><strong>portis</strong></span> <span class='ocrx_word' id='word_1_226' title='bbox 923 1720 1162 1786; x_wconf 88' lang='lat' dir='ltr'><strong>collecti,</strong></span> <span class='ocrx_word' id='word_1_227' title='bbox 1193 1735 1287 1775; x_wconf 88' lang='lat' dir='ltr'><strong>eos</strong></span> <span class='ocrx_word' id='word_1_228' title='bbox 1312 1722 1405 1790; x_wconf 87' lang='lat' dir='ltr'><strong>qui</strong></span> <span class='ocrx_word' id='word_1_229' title='bbox 1441 1723 1790 1791; x_wconf 67' lang='lat' dir='ltr'><strong>praeteribant</strong></span> <span class='ocrx_word' id='word_1_230' title='bbox 1822 1741 1882 1794; x_wconf 88' lang='lat' dir='ltr'><strong>pe</strong></span> 
     </span>
    </p>
   </div>
   <div class='ocr_carea' id='block_1_31' title="bbox 2018 1718 3565 1794">
    <p class='ocr_par' dir='ltr' id='par_1_31' title="bbox 2021 1718 3565 1794">
     <span class='ocr_line' id='line_1_31' title="bbox 2021 1718 3565 1794; baseline -0.001 -16"><span class='ocrx_word' id='word_1_231' title='bbox 2021 1725 2221 1778; x_wconf 80' lang='grc' dir='ltr'>σάκκον</span> <span class='ocrx_word' id='word_1_232' title='bbox 2258 1726 2345 1793; x_wconf 83' lang='grc' dir='ltr'><strong>ἐφ’</strong></span> <span class='ocrx_word' id='word_1_233' title='bbox 2446 1725 2538 1777; x_wconf 80' lang='grc' dir='ltr'><strong>καὶ</strong></span> <span class='ocrx_word' id='word_1_234' title='bbox 2574 1723 2860 1794; x_wconf 76' lang='grc' dir='ltr'>ἐχλεύαζον</span> <span class='ocrx_word' id='word_1_235' title='bbox 2893 1723 3055 1776; x_wconf 80' lang='grc' dir='ltr'>αὑτὸν</span> <span class='ocrx_word' id='word_1_236' title='bbox 3086 1725 3133 1776; x_wconf 81' lang='lat' dir='ltr'><strong>oi</strong></span> <span class='ocrx_word' id='word_1_237' title='bbox 3177 1723 3398 1787; x_wconf 87' lang='grc' dir='ltr'>ἀσεϐεῖς</span> <span class='ocrx_word' id='word_1_238' title='bbox 3422 1763 3436 1785; x_wconf 96' lang='grc'><strong>,</strong></span> <span class='ocrx_word' id='word_1_239' title='bbox 3466 1724 3565 1776; x_wconf 81' lang='grc' dir='ltr'>ἀντὶ</span> 
     </span>
    </p>
   </div>
   <div class='ocr_carea' id='block_1_32' title="bbox 343 1801 1882 1888">
    <p class='ocr_par' dir='ltr' id='par_1_32' title="bbox 343 1811 1882 1880">
     <span class='ocr_line' id='line_1_32' title="bbox 343 1811 1882 1880; baseline 0.003 -14"><span class='ocrx_word' id='word_1_240' title='bbox 343 1812 646 1866; x_wconf 83' lang='lat' dir='ltr'><strong>calumnias</strong></span> <span class='ocrx_word' id='word_1_241' title='bbox 697 1813 752 1865; x_wconf 92' lang='lat' dir='ltr'><strong>in</strong></span> <span class='ocrx_word' id='word_1_242' title='bbox 805 1811 980 1880; x_wconf 85' lang='lat' dir='ltr'><strong>ipsum</strong></span> <span class='ocrx_word' id='word_1_243' title='bbox 1025 1819 1263 1867; x_wconf 89' lang='lat' dir='ltr'><strong>structas</strong></span> <span class='ocrx_word' id='word_1_244' title='bbox 1304 1813 1359 1866; x_wconf 92' lang='lat' dir='ltr'><strong>iu</strong></span> <span class='ocrx_word' id='word_1_245' title='bbox 1393 1829 1634 1868; x_wconf 89' lang='lat' dir='ltr'><strong>errorem</strong></span> <span class='ocrx_word' id='word_1_246' title='bbox 1680 1816 1882 1872; x_wconf 88' lang='lat' dir='ltr'><strong>deduce</strong></span> 
     </span>
    </p>
   </div>
   <div class='ocr_carea' id='block_1_33' title="bbox 2018 1801 3564 1888">
    <p class='ocr_par' dir='ltr' id='par_1_33' title="bbox 2021 1816 3564 1888">
     <span class='ocr_line' id='line_1_33' title="bbox 2021 1816 3564 1888; baseline -0.001 -18"><span class='ocrx_word' id='word_1_247' title='bbox 2021 1816 2332 1888; x_wconf 84' lang='grc' dir='ltr'>παραϐολῆς</span> <span class='ocrx_word' id='word_1_248' title='bbox 2351 1820 2469 1880; x_wconf 86' lang='grc' dir='ltr'>ταῖς</span> <span class='ocrx_word' id='word_1_249' title='bbox 2500 1816 2618 1870; x_wconf 77' lang='grc' dir='ltr'>κατ’</span> <span class='ocrx_word' id='word_1_250' title='bbox 2645 1816 2809 1870; x_wconf 83' lang='grc' dir='ltr'>αὑτοῦ</span> <span class='ocrx_word' id='word_1_251' title='bbox 2826 1817 3136 1886; x_wconf 81' lang='grc' dir='ltr'>διηγήσεσιν</span> <span class='ocrx_word' id='word_1_252' title='bbox 3157 1816 3564 1886; x_wconf 71' lang='grc' dir='ltr'>ἀδολεσχοῦντεςε</span> 
     </span>
    </p>
   </div>
   <div class='ocr_carea' id='block_1_34' title="bbox 341 1905 1915 1974">
    <p class='ocr_par' dir='ltr' id='par_1_34' title="bbox 341 1905 1915 1974">
     <span class='ocr_line' id='line_1_34' title="bbox 341 1905 1915 1974; baseline 0.002 -14"><span class='ocrx_word' id='word_1_253' title='bbox 341 1914 498 1974; x_wconf 87' lang='lat' dir='ltr'><strong>rent;</strong></span> <span class='ocrx_word' id='word_1_254' title='bbox 542 1912 789 1974; x_wconf 90' lang='lat' dir='ltr'><strong>tempore</strong></span> <span class='ocrx_word' id='word_1_255' title='bbox 822 1912 1003 1958; x_wconf 90' lang='lat' dir='ltr'><strong>autem</strong></span> <span class='ocrx_word' id='word_1_256' title='bbox 1037 1905 1166 1968; x_wconf 90' lang='lat' dir='ltr'><strong>cibi,</strong></span> <span class='ocrx_word' id='word_1_257' title='bbox 1198 1906 1325 1960; x_wconf 92' lang='lat' dir='ltr'><strong>vino</strong></span> <span class='ocrx_word' id='word_1_258' title='bbox 1355 1913 1409 1960; x_wconf 91' lang='lat' dir='ltr'><strong>et</strong></span> <span class='ocrx_word' id='word_1_259' title='bbox 1431 1906 1682 1961; x_wconf 85' lang='lat' dir='ltr'><strong>ebrietati</strong></span> <span class='ocrx_word' id='word_1_260' title='bbox 1717 1923 1915 1963; x_wconf 87' lang='lat' dir='ltr'><strong>vacan-</strong></span> 
     </span>
    </p>
   </div>
   <div class='ocr_carea' id='block_1_35' title="bbox 342 1998 1915 2066">
    <p class='ocr_par' dir='ltr' id='par_1_35' title="bbox 342 1998 1915 2066">
     <span class='ocr_line' id='line_1_35' title="bbox 342 1998 1915 2066; baseline 0 -10"><span class='ocrx_word' id='word_1_261' title='bbox 342 2011 444 2060; x_wconf 88' lang='lat' dir='ltr'><strong>tes.</strong></span> <span class='ocrx_word' id='word_1_262' title='bbox 473 2000 775 2054; x_wconf 90' lang='lat' dir='ltr'><strong>cantilenas</strong></span> <span class='ocrx_word' id='word_1_263' title='bbox 829 2005 1019 2052; x_wconf 88' lang='lat' dir='ltr'><strong>contra</strong></span> <span class='ocrx_word' id='word_1_264' title='bbox 1069 1998 1246 2062; x_wconf 88' lang='lat' dir='ltr'><strong>ipsum</strong></span> <span class='ocrx_word' id='word_1_265' title='bbox 1293 1999 1539 2053; x_wconf 82' lang='lat' dir='ltr'><strong>ederent.</strong></span> <span class='ocrx_word' id='word_1_266' title='bbox 1593 1999 1772 2066; x_wconf 86' lang='lat' dir='ltr'><strong>Quare</strong></span> <span class='ocrx_word' id='word_1_267' title='bbox 1825 2001 1915 2057; x_wconf 90' lang='lat' dir='ltr'><strong>ille</strong></span> 
     </span>
    </p>
   </div>
   <div class='ocr_carea' id='block_1_36' title="bbox 340 2091 1915 2163">
    <p class='ocr_par' dir='ltr' id='par_1_36' title="bbox 340 2091 1915 2163">
     <span class='ocr_line' id='line_1_36' title="bbox 340 2091 1915 2163; baseline 0.002 -16"><span class='ocrx_word' id='word_1_268' title='bbox 340 2093 631 2163; x_wconf 88' lang='lat' dir='ltr'><strong>operiebat</strong></span> <span class='ocrx_word' id='word_1_269' title='bbox 655 2092 708 2145; x_wconf 89' lang='lat' dir='ltr'><strong>in</strong></span> <span class='ocrx_word' id='word_1_270' title='bbox 748 2091 960 2160; x_wconf 90' lang='lat' dir='ltr'><strong>jejunio</strong></span> <span class='ocrx_word' id='word_1_271' title='bbox 991 2091 1230 2144; x_wconf 85' lang='lat' dir='ltr'><strong>animam</strong></span> <span class='ocrx_word' id='word_1_272' title='bbox 1264 2107 1442 2155; x_wconf 91' lang='lat' dir='ltr'><strong>suam,</strong></span> <span class='ocrx_word' id='word_1_273' title='bbox 1476 2099 1530 2147; x_wconf 89' lang='lat' dir='ltr'><strong>et</strong></span> <span class='ocrx_word' id='word_1_274' title='bbox 1575 2095 1810 2163; x_wconf 87' lang='lat' dir='ltr'><strong>ponebat</strong></span> <span class='ocrx_word' id='word_1_275' title='bbox 1837 2097 1915 2150; x_wconf 86' lang='lat' dir='ltr'><strong>in-</strong></span> 
     </span>
    </p>
   </div>
   <div class='ocr_carea' id='block_1_37' title="bbox 339 2181 1916 2251">
    <p class='ocr_par' dir='ltr' id='par_1_37' title="bbox 339 2181 1916 2251">
     <span class='ocr_line' id='line_1_37' title="bbox 339 2181 1916 2251; baseline 0.003 -14"><span class='ocrx_word' id='word_1_276' title='bbox 339 2183 660 2237; x_wconf 87' lang='lat' dir='ltr'><strong>dumentum</strong></span> <span class='ocrx_word' id='word_1_277' title='bbox 712 2197 870 2236; x_wconf 92' lang='lat' dir='ltr'><strong>suum</strong></span> <span class='ocrx_word' id='word_1_278' title='bbox 909 2196 1154 2242; x_wconf 89' lang='lat' dir='ltr'><strong>saccum,</strong></span> <span class='ocrx_word' id='word_1_279' title='bbox 1190 2181 1354 2250; x_wconf 85' lang='lat' dir='ltr'><strong>idque</strong></span> <span class='ocrx_word' id='word_1_280' title='bbox 1376 2198 1476 2251; x_wconf 91' lang='lat' dir='ltr'><strong>pro</strong></span> <span class='ocrx_word' id='word_1_281' title='bbox 1507 2183 1735 2238; x_wconf 89' lang='lat' dir='ltr'><strong>aliorum</strong></span> <span class='ocrx_word' id='word_1_282' title='bbox 1769 2187 1916 2241; x_wconf 85' lang='lat' dir='ltr'><strong>salu-</strong></span> 
     </span>
    </p>
   </div>
   <div class='ocr_carea' id='block_1_38' title="bbox 340 2273 1532 2342">
    <p class='ocr_par' dir='ltr' id='par_1_38' title="bbox 340 2273 1532 2342">
     <span class='ocr_line' id='line_1_38' title="bbox 340 2273 1532 2342; baseline 0 -14"><span class='ocrx_word' id='word_1_283' title='bbox 340 2282 393 2329; x_wconf 91' lang='lat' dir='ltr'><strong>te</strong></span> <span class='ocrx_word' id='word_1_284' title='bbox 422 2290 489 2328; x_wconf 79' lang='lat' dir='ltr'><strong>ex</strong></span> <span class='ocrx_word' id='word_1_285' title='bbox 515 2273 776 2328; x_wconf 87' lang='lat' dir='ltr'><strong>bonitatis</strong></span> <span class='ocrx_word' id='word_1_286' title='bbox 803 2273 1189 2341; x_wconf 81' lang='lat' dir='ltr'><strong>exsuperantia</strong></span> <span class='ocrx_word' id='word_1_287' title='bbox 1223 2275 1532 2342; x_wconf 64' lang='lat' dir='ltr'><strong>prmstabat.</strong></span> 
     </span>
    </p>
   </div>
   <div class='ocr_carea' id='block_1_39' title="bbox 2020 1907 3566 1980">
    <p class='ocr_par' dir='ltr' id='par_1_39' title="bbox 2020 1907 3566 1980">
     <span class='ocr_line' id='line_1_39' title="bbox 2020 1907 3566 1980; baseline -0.002 -17"><span class='ocrx_word' id='word_1_288' title='bbox 2020 1910 2219 1964; x_wconf 75' lang='grc' dir='ltr'>καὶτὸν</span> <span class='ocrx_word' id='word_1_289' title='bbox 2238 1909 2334 1980; x_wconf 84' lang='grc' dir='ltr'><strong>μὲν</strong></span> <span class='ocrx_word' id='word_1_290' title='bbox 2362 1909 2518 1963; x_wconf 76' lang='grc' dir='ltr'>ἄλλον</span> <span class='ocrx_word' id='word_1_291' title='bbox 2537 1909 2725 1980; x_wconf 85' lang='grc' dir='ltr'>καιρὸν</span> <span class='ocrx_word' id='word_1_292' title='bbox 2752 1909 2850 1979; x_wconf 84' lang='grc' dir='ltr'><strong>τῆς</strong></span> <span class='ocrx_word' id='word_1_293' title='bbox 2875 1909 3109 1980; x_wconf 81' lang='grc' dir='ltr'>ἡμέρας,</span> <span class='ocrx_word' id='word_1_294' title='bbox 3136 1911 3192 1960; x_wconf 92' lang='grc' dir='ltr'><strong>ἐν</strong></span> <span class='ocrx_word' id='word_1_295' title='bbox 3225 1911 3351 1971; x_wconf 83' lang='grc' dir='ltr'>ταῖς</span> <span class='ocrx_word' id='word_1_296' title='bbox 3399 1907 3566 1971; x_wconf 82' lang='grc' dir='ltr'>πύλαις</span> 
     </span>
    </p>
   </div>
   <div class='ocr_carea' id='block_1_40' title="bbox 2021 1999 3566 2072">
    <p class='ocr_par' dir='ltr' id='par_1_40' title="bbox 2021 1999 3566 2072">
     <span class='ocr_line' id='line_1_40' title="bbox 2021 1999 3566 2072; baseline -0.001 -17"><span class='ocrx_word' id='word_1_297' title='bbox 2021 2001 2371 2071; x_wconf 82' lang='grc' dir='ltr'>συναγόμενοι</span> <span class='ocrx_word' id='word_1_298' title='bbox 2390 2042 2404 2065; x_wconf 95' lang='grc'><strong>,</strong></span> <span class='ocrx_word' id='word_1_299' title='bbox 2425 2001 2551 2064; x_wconf 80' lang='grc' dir='ltr'>τοὺς</span> <span class='ocrx_word' id='word_1_300' title='bbox 2585 2001 2651 2052; x_wconf 88' lang='grc' dir='ltr'>δι’</span> <span class='ocrx_word' id='word_1_301' title='bbox 2682 2000 2861 2054; x_wconf 82' lang='grc' dir='ltr'>αὐτῶν</span> <span class='ocrx_word' id='word_1_302' title='bbox 2901 2001 3280 2072; x_wconf 88' lang='grc' dir='ltr'>διερχομένους</span> <span class='ocrx_word' id='word_1_303' title='bbox 3314 2003 3437 2064; x_wconf 83' lang='grc' dir='ltr'>ταῖς</span> <span class='ocrx_word' id='word_1_304' title='bbox 3467 1999 3566 2054; x_wconf 83' lang='grc' dir='ltr'>κατ’</span> 
     </span>
    </p>
   </div>
   <div class='ocr_carea' id='block_1_41' title="bbox 2019 2089 3567 2162">
    <p class='ocr_par' dir='ltr' id='par_1_41' title="bbox 2019 2089 3567 2162">
     <span class='ocr_line' id='line_1_41' title="bbox 2019 2089 3567 2162; baseline -0.001 -19"><span class='ocrx_word' id='word_1_305' title='bbox 2019 2090 2182 2144; x_wconf 78' lang='grc' dir='ltr'>αὐτοῦ</span> <span class='ocrx_word' id='word_1_306' title='bbox 2215 2089 2485 2152; x_wconf 88' lang='grc' dir='ltr'>διαϐολαῖς</span> <span class='ocrx_word' id='word_1_307' title='bbox 2507 2089 2770 2142; x_wconf 86' lang='grc' dir='ltr'>ἐπλάνων·</span> <span class='ocrx_word' id='word_1_308' title='bbox 2803 2091 2860 2144; x_wconf 91' lang='grc' dir='ltr'><strong>ἐν</strong></span> <span class='ocrx_word' id='word_1_309' title='bbox 2883 2090 2939 2143; x_wconf 83' lang='grc' dir='ltr'>δὲ</span> <span class='ocrx_word' id='word_1_310' title='bbox 2957 2091 3034 2161; x_wconf 85' lang='grc' dir='ltr'>τῷ</span> <span class='ocrx_word' id='word_1_311' title='bbox 3050 2090 3227 2162; x_wconf 82' lang='grc' dir='ltr'>καιρῷ</span> <span class='ocrx_word' id='word_1_312' title='bbox 3247 2091 3350 2160; x_wconf 80' lang='grc' dir='ltr'>τῆς</span> <span class='ocrx_word' id='word_1_313' title='bbox 3369 2091 3567 2161; x_wconf 76' lang='grc' dir='ltr'>τροφῆς,</span> 
     </span>
    </p>
   </div>
   <div class='ocr_carea' id='block_1_42' title="bbox 2021 2182 3570 2255">
    <p class='ocr_par' dir='ltr' id='par_1_42' title="bbox 2021 2182 3570 2255">
     <span class='ocr_line' id='line_1_42' title="bbox 2021 2182 3570 2255; baseline -0.001 -17"><span class='ocrx_word' id='word_1_314' title='bbox 2021 2187 2145 2255; x_wconf 81' lang='grc' dir='ltr'>οῐνῳ</span> <span class='ocrx_word' id='word_1_315' title='bbox 2177 2183 2270 2236; x_wconf 65' lang='grc' dir='ltr'><strong>καὶ</strong></span> <span class='ocrx_word' id='word_1_316' title='bbox 2312 2182 2449 2255; x_wconf 83' lang='grc' dir='ltr'>μέθῃ</span> <span class='ocrx_word' id='word_1_317' title='bbox 2485 2183 2853 2253; x_wconf 79' lang='grc' dir='ltr'>σχολάζοντες,</span> <span class='ocrx_word' id='word_1_318' title='bbox 2893 2182 3034 2254; x_wconf 80' lang='grc' dir='ltr'>ᾠδὰς</span> <span class='ocrx_word' id='word_1_319' title='bbox 3082 2184 3429 2237; x_wconf 81' lang='grc' dir='ltr'>συνετίθεσαν</span> <span class='ocrx_word' id='word_1_320' title='bbox 3472 2186 3570 2238; x_wconf 82' lang='grc' dir='ltr'>κατ’</span> 
     </span>
    </p>
   </div>
   <div class='ocr_carea' id='block_1_43' title="bbox 2021 2275 3572 2348">
    <p class='ocr_par' dir='ltr' id='par_1_43' title="bbox 2021 2275 3572 2348">
     <span class='ocr_line' id='line_1_43' title="bbox 2021 2275 3572 2348; baseline -0.002 -18"><span class='ocrx_word' id='word_1_321' title='bbox 2021 2277 2202 2330; x_wconf 86' lang='grc' dir='ltr'>αὐτοῦ.</span> <span class='ocrx_word' id='word_1_322' title='bbox 2234 2275 2324 2328; x_wconf 76' lang='grc' dir='ltr'>Διὸ</span> <span class='ocrx_word' id='word_1_323' title='bbox 2351 2275 2570 2329; x_wconf 86' lang='grc' dir='ltr'>συνεκά)</span> <span class='ocrx_word' id='word_1_324' title='bbox 2584 2292 2748 2328; x_wconf 82' lang='grc' dir='ltr'>υπτεν</span> <span class='ocrx_word' id='word_1_325' title='bbox 2775 2277 2832 2329; x_wconf 93' lang='grc' dir='ltr'><strong>ἐν</strong></span> <span class='ocrx_word' id='word_1_326' title='bbox 2861 2276 3078 2348; x_wconf 85' lang='grc' dir='ltr'>νηστείᾳ</span> <span class='ocrx_word' id='word_1_327' title='bbox 3097 2277 3194 2347; x_wconf 80' lang='grc' dir='ltr'>τὴν</span> <span class='ocrx_word' id='word_1_328' title='bbox 3207 2276 3390 2348; x_wconf 73' lang='grc' dir='ltr'>ψυχὴν</span> <span class='ocrx_word' id='word_1_329' title='bbox 3408 2275 3572 2343; x_wconf 77' lang='grc' dir='ltr'>αὐτοῦ,</span> 
     </span>
    </p>
   </div>
   <div class='ocr_carea' id='block_1_44' title="bbox 340 2364 3573 2442">
    <p class='ocr_par' dir='ltr' id='par_1_44' title="bbox 340 2364 3573 2442">
     <span class='ocr_line' id='line_1_44' title="bbox 340 2364 3573 2442; baseline 0.001 -25"><span class='ocrx_word' id='word_1_330' title='bbox 340 2365 436 2417; x_wconf 74' lang='grc' dir='ltr'>καὶ</span> <span class='ocrx_word' id='word_1_331' title='bbox 466 2364 672 2418; x_wconf 79' lang='grc' dir='ltr'>ἐτίθετο</span> <span class='ocrx_word' id='word_1_332' title='bbox 703 2364 762 2418; x_wconf 84' lang='grc' dir='ltr'><strong>τὸ</strong></span> <span class='ocrx_word' id='word_1_333' title='bbox 830 2364 1034 2435; x_wconf 78' lang='grc' dir='ltr'>ἔνδυμα</span> <span class='ocrx_word' id='word_1_334' title='bbox 1081 2364 1244 2418; x_wconf 87' lang='grc' dir='ltr'>αὑτοῦ</span> <span class='ocrx_word' id='word_1_335' title='bbox 1281 2365 1513 2432; x_wconf 87' lang='grc' dir='ltr'>σάκκον,</span> <span class='ocrx_word' id='word_1_336' title='bbox 1583 2367 1722 2438; x_wconf 85' lang='grc' dir='ltr'>ὑπὲρ</span> <span class='ocrx_word' id='word_1_337' title='bbox 1759 2370 1857 2440; x_wconf 83' lang='grc' dir='ltr'>τῆς</span> <span class='ocrx_word' id='word_1_338' title='bbox 1920 2371 2120 2442; x_wconf 82' lang='grc' dir='ltr'>ἐτέρων</span> <span class='ocrx_word' id='word_1_339' title='bbox 2169 2369 2470 2439; x_wconf 77' lang='grc' dir='ltr'>σωτηρίας,</span> <span class='ocrx_word' id='word_1_340' title='bbox 2513 2368 2580 2421; x_wconf 88' lang='grc' dir='ltr'>δι’</span> <span class='ocrx_word' id='word_1_341' title='bbox 2629 2369 2932 2440; x_wconf 81' lang='grc' dir='ltr'>ὑπερϐολὴν</span> <span class='ocrx_word' id='word_1_342' title='bbox 2976 2369 3392 2441; x_wconf 83' lang='grc' dir='ltr'>φιλανθρωπίας</span> <span class='ocrx_word' id='word_1_343' title='bbox 3423 2368 3573 2422; x_wconf 78' lang='grc' dir='ltr'>ταῦτα</span> 
     </span>
    </p>
   </div>
   <div class='ocr_carea' id='block_1_45' title="bbox 339 2461 616 2530">
    <p class='ocr_par' dir='ltr' id='par_1_45' title="bbox 339 2461 616 2530">
     <span class='ocr_line' id='line_1_45' title="bbox 339 2461 616 2530; baseline 0.004 -17"><span class='ocrx_word' id='word_1_344' title='bbox 339 2461 616 2530; x_wconf 83' lang='grc' dir='ltr'>πράττων.</span> 
     </span>
    </p>
   </div>
   <div class='ocr_carea' id='block_1_46' title="bbox 414 2575 1911 2646">
    <p class='ocr_par' dir='ltr' id='par_1_46' title="bbox 414 2575 1911 2646">
     <span class='ocr_line' id='line_1_46' title="bbox 414 2575 1911 2646; baseline 0.001 -13"><span class='ocrx_word' id='word_1_345' title='bbox 414 2579 580 2633; x_wconf 73' lang='lat' dir='ltr'><strong>Vens.</strong></span> <span class='ocrx_word' id='word_1_346' title='bbox 607 2577 694 2630; x_wconf 77' lang='grc'><strong>14.</strong></span> <span class='ocrx_word' id='word_1_347' title='bbox 725 2596 744 2628; x_wconf 88' lang='grc'><strong>‹</strong></span> <span class='ocrx_word' id='word_1_348' title='bbox 767 2575 877 2646; x_wconf 86' lang='lat' dir='ltr'><strong>Ego</strong></span> <span class='ocrx_word' id='word_1_349' title='bbox 911 2591 1042 2630; x_wconf 89' lang='lat' dir='ltr'><strong>vero</strong></span> <span class='ocrx_word' id='word_1_350' title='bbox 1065 2576 1367 2631; x_wconf 87' lang='lat' dir='ltr'><strong>orationem</strong></span> <span class='ocrx_word' id='word_1_351' title='bbox 1399 2592 1575 2632; x_wconf 87' lang='lat' dir='ltr'><strong>meam</strong></span> <span class='ocrx_word' id='word_1_352' title='bbox 1603 2579 1669 2632; x_wconf 87' lang='lat' dir='ltr'><strong>ad</strong></span> <span class='ocrx_word' id='word_1_353' title='bbox 1705 2586 1774 2644; x_wconf 90' lang='lat' dir='ltr'><strong>te,</strong></span> <span class='ocrx_word' id='word_1_354' title='bbox 1810 2579 1911 2634; x_wconf 92' lang='lat' dir='ltr'><strong>Do-</strong></span> 
     </span>
    </p>
   </div>
   <div class='ocr_carea' id='block_1_47' title="bbox 342 2667 1913 2738">
    <p class='ocr_par' dir='ltr' id='par_1_47' title="bbox 342 2667 1913 2738">
     <span class='ocr_line' id='line_1_47' title="bbox 342 2667 1913 2738; baseline 0.001 -14"><span class='ocrx_word' id='word_1_355' title='bbox 342 2672 508 2735; x_wconf 78' lang='lat' dir='ltr'><strong>mine,</strong></span> <span class='ocrx_word' id='word_1_356' title='bbox 543 2677 757 2738; x_wconf 90' lang='lat' dir='ltr'><strong>tempus</strong></span> <span class='ocrx_word' id='word_1_357' title='bbox 813 2669 1158 2738; x_wconf 84' lang='lat' dir='ltr'><strong>beneplaciti,</strong></span> <span class='ocrx_word' id='word_1_358' title='bbox 1205 2667 1388 2724; x_wconf 86' lang='lat' dir='ltr'><strong>Deus:</strong></span> <span class='ocrx_word' id='word_1_359' title='bbox 1449 2670 1510 2724; x_wconf 89' lang='lat' dir='ltr'><strong>In</strong></span> <span class='ocrx_word' id='word_1_360' title='bbox 1567 2671 1913 2727; x_wconf 89' lang='lat' dir='ltr'><strong>multitudine</strong></span> 
     </span>
    </p>
   </div>
   <div class='ocr_carea' id='block_1_48' title="bbox 341 2760 1912 2832">
    <p class='ocr_par' dir='ltr' id='par_1_48' title="bbox 341 2760 1912 2832">
     <span class='ocr_line' id='line_1_48' title="bbox 341 2760 1912 2832; baseline -0.001 -13"><span class='ocrx_word' id='word_1_361' title='bbox 341 2763 728 2819; x_wconf 73' lang='lat' dir='ltr'><strong>misericordiae</strong></span> <span class='ocrx_word' id='word_1_362' title='bbox 755 2769 860 2814; x_wconf 72' lang='lat' dir='ltr'><strong>tua:</strong></span> <span class='ocrx_word' id='word_1_363' title='bbox 882 2761 1076 2815; x_wconf 82' lang='lat' dir='ltr'><strong>exaudi</strong></span> <span class='ocrx_word' id='word_1_364' title='bbox 1108 2776 1211 2816; x_wconf 92' lang='lat' dir='ltr'><strong>me.</strong></span> <span class='ocrx_word' id='word_1_365' title='bbox 1255 2781 1273 2814; x_wconf 76' lang='grc' dir='ltr'><strong>ι</strong></span> <span class='ocrx_word' id='word_1_366' title='bbox 1308 2760 1388 2816; x_wconf 83' lang='grc' dir='ltr'><strong>11ιὶ</strong></span> <span class='ocrx_word' id='word_1_367' title='bbox 1423 2763 1662 2832; x_wconf 89' lang='lat' dir='ltr'><strong>quidem,</strong></span> <span class='ocrx_word' id='word_1_368' title='bbox 1690 2766 1782 2829; x_wconf 88' lang='lat' dir='ltr'><strong>ait,</strong></span> <span class='ocrx_word' id='word_1_369' title='bbox 1818 2765 1912 2818; x_wconf 92' lang='lat' dir='ltr'><strong>de-</strong></span> 
     </span>
    </p>
   </div>
   <div class='ocr_carea' id='block_1_49' title="bbox 338 2850 1912 2922">
    <p class='ocr_par' dir='ltr' id='par_1_49' title="bbox 338 2850 1912 2922">
     <span class='ocr_line' id='line_1_49' title="bbox 338 2850 1912 2922; baseline -0.002 -13"><span class='ocrx_word' id='word_1_370' title='bbox 338 2854 609 2916; x_wconf 82' lang='lat' dir='ltr'><strong>ridebant,</strong></span> <span class='ocrx_word' id='word_1_371' title='bbox 653 2850 1111 2919; x_wconf 81' lang='lat' dir='ltr'><strong>aﬂlictionemque</strong></span> <span class='ocrx_word' id='word_1_372' title='bbox 1155 2864 1329 2904; x_wconf 89' lang='lat' dir='ltr'><strong>meam</strong></span> <span class='ocrx_word' id='word_1_373' title='bbox 1370 2850 1747 2906; x_wconf 87' lang='lat' dir='ltr'><strong>traducebant.</strong></span> <span class='ocrx_word' id='word_1_374' title='bbox 1799 2853 1912 2922; x_wconf 85' lang='lat' dir='ltr'><strong>Ego</strong></span> 
     </span>
    </p>
   </div>
   <div class='ocr_carea' id='block_1_50' title="bbox 338 2943 1910 3015">
    <p class='ocr_par' dir='ltr' id='par_1_50' title="bbox 338 2943 1910 3015">
     <span class='ocr_line' id='line_1_50' title="bbox 338 2943 1910 3015; baseline 0.001 -17"><span class='ocrx_word' id='word_1_375' title='bbox 338 2961 468 3001; x_wconf 89' lang='lat' dir='ltr'><strong>vero</strong></span> <span class='ocrx_word' id='word_1_376' title='bbox 500 2943 937 3015; x_wconf 88' lang='lat' dir='ltr'><strong>perseverabam,</strong></span> <span class='ocrx_word' id='word_1_377' title='bbox 969 2943 1268 2997; x_wconf 88' lang='lat' dir='ltr'><strong>orationem</strong></span> <span class='ocrx_word' id='word_1_378' title='bbox 1320 2960 1495 2999; x_wconf 86' lang='lat' dir='ltr'><strong>meam</strong></span> <span class='ocrx_word' id='word_1_379' title='bbox 1528 2945 1629 2999; x_wconf 90' lang='lat' dir='ltr'><strong>tibi</strong></span> <span class='ocrx_word' id='word_1_380' title='bbox 1682 2944 1910 3000; x_wconf 92' lang='lat' dir='ltr'><strong>Domino</strong></span> 
     </span>
    </p>
   </div>
   <div class='ocr_carea' id='block_1_51' title="bbox 338 3035 1910 3105">
    <p class='ocr_par' dir='ltr' id='par_1_51' title="bbox 338 3035 1910 3105">
     <span class='ocr_line' id='line_1_51' title="bbox 338 3035 1910 3105; baseline -0.003 -11"><span class='ocrx_word' id='word_1_381' title='bbox 338 3037 592 3094; x_wconf 75' lang='lat' dir='ltr'><strong>oﬁ’erens.</strong></span> <span class='ocrx_word' id='word_1_382' title='bbox 626 3036 892 3091; x_wconf 83' lang='lat' dir='ltr'><strong>Observes</strong></span> <span class='ocrx_word' id='word_1_383' title='bbox 940 3050 1106 3105; x_wconf 92' lang='lat' dir='ltr'><strong>porro</strong></span> <span class='ocrx_word' id='word_1_384' title='bbox 1157 3037 1338 3100; x_wconf 84' lang='lat' dir='ltr'><strong>velim,</strong></span> <span class='ocrx_word' id='word_1_385' title='bbox 1383 3035 1704 3092; x_wconf 81' lang='lat' dir='ltr'><strong>llebraicam</strong></span> <span class='ocrx_word' id='word_1_386' title='bbox 1766 3036 1910 3091; x_wconf 91' lang='lat' dir='ltr'><strong>Scri-</strong></span> 
     </span>
    </p>
   </div>
   <div class='ocr_carea' id='block_1_52' title="bbox 343 3127 1906 3199">
    <p class='ocr_par' dir='ltr' id='par_1_52' title="bbox 343 3127 1906 3199">
     <span class='ocr_line' id='line_1_52' title="bbox 343 3127 1906 3199; baseline 0.001 -17"><span class='ocrx_word' id='word_1_387' title='bbox 343 3136 560 3199; x_wconf 89' lang='lat' dir='ltr'><strong>pturam</strong></span> <span class='ocrx_word' id='word_1_388' title='bbox 589 3128 678 3181; x_wconf 90' lang='lat' dir='ltr'><strong>hic</strong></span> <span class='ocrx_word' id='word_1_389' title='bbox 705 3142 920 3197; x_wconf 87' lang='lat' dir='ltr'><strong>quoque</strong></span> <span class='ocrx_word' id='word_1_390' title='bbox 950 3133 1187 3196; x_wconf 89' lang='lat' dir='ltr'><strong>quatuor</strong></span> <span class='ocrx_word' id='word_1_391' title='bbox 1231 3127 1537 3182; x_wconf 88' lang='lat' dir='ltr'><strong>litterarum</strong></span> <span class='ocrx_word' id='word_1_392' title='bbox 1563 3143 1696 3183; x_wconf 90' lang='lat' dir='ltr'><strong>voce</strong></span> <span class='ocrx_word' id='word_1_393' title='bbox 1722 3129 1906 3184; x_wconf 90' lang='lat' dir='ltr'><strong>Domi-</strong></span> 
     </span>
    </p>
   </div>
   <div class='ocr_carea' id='block_1_53' title="bbox 341 3193 1980 3290">
    <p class='ocr_par' dir='ltr' id='par_1_53' title="bbox 341 3193 1980 3290">
     <span class='ocr_line' id='line_1_53' title="bbox 341 3193 1980 3290; baseline 0.001 -15"><span class='ocrx_word' id='word_1_394' title='bbox 341 3238 472 3275; x_wconf 91' lang='lat' dir='ltr'><strong>num</strong></span> <span class='ocrx_word' id='word_1_395' title='bbox 505 3221 828 3290; x_wconf 83' lang='lat' dir='ltr'><strong>exprimere.</strong></span> <span class='ocrx_word' id='word_1_396' title='bbox 857 3217 932 3273; x_wconf 87' lang='lat' dir='ltr'><strong>Te</strong></span> <span class='ocrx_word' id='word_1_397' title='bbox 960 3234 1090 3274; x_wconf 88' lang='lat' dir='ltr'><strong>vero</strong></span> <span class='ocrx_word' id='word_1_398' title='bbox 1124 3217 1414 3273; x_wconf 89' lang='lat' dir='ltr'><strong>Dominum</strong></span> <span class='ocrx_word' id='word_1_399' title='bbox 1447 3219 1747 3289; x_wconf 87' lang='lat' dir='ltr'><strong>deprecans</strong></span> <span class='ocrx_word' id='word_1_400' title='bbox 1773 3220 1914 3276; x_wconf 85' lang='lat' dir='ltr'><strong>dice-</strong></span> <span class='ocrx_word' id='word_1_401' title='bbox 1939 3193 1980 3250; x_wconf 63' lang='grc' dir='ltr'>Ο</span> 
     </span>
    </p>
   </div>
   <div class='ocr_carea' id='block_1_54' title="bbox 340 3309 1915 3380">
    <p class='ocr_par' dir='ltr' id='par_1_54' title="bbox 340 3309 1915 3380">
     <span class='ocr_line' id='line_1_54' title="bbox 340 3309 1915 3380; baseline 0 -14"><span class='ocrx_word' id='word_1_402' title='bbox 340 3312 466 3366; x_wconf 91' lang='lat' dir='ltr'><strong>bam</strong></span> <span class='ocrx_word' id='word_1_403' title='bbox 500 3330 514 3365; x_wconf 91' lang='lat'><strong>:</strong></span> <span class='ocrx_word' id='word_1_404' title='bbox 551 3330 568 3361; x_wconf 75' lang='grc' dir='ltr'><strong>ι</strong></span> <span class='ocrx_word' id='word_1_405' title='bbox 606 3309 846 3380; x_wconf 89' lang='lat' dir='ltr'><strong>Tempus</strong></span> <span class='ocrx_word' id='word_1_406' title='bbox 882 3311 1232 3379; x_wconf 84' lang='lat' dir='ltr'><strong>beneplaciti,</strong></span> <span class='ocrx_word' id='word_1_407' title='bbox 1265 3309 1448 3375; x_wconf 88' lang='lat' dir='ltr'><strong>Deus;</strong></span> <span class='ocrx_word' id='word_1_408' title='bbox 1491 3329 1509 3362; x_wconf 74' lang='grc' dir='ltr'><strong>ι</strong></span> <span class='ocrx_word' id='word_1_409' title='bbox 1547 3311 1683 3375; x_wconf 86' lang='lat' dir='ltr'><strong>sive,</strong></span> <span class='ocrx_word' id='word_1_410' title='bbox 1715 3326 1915 3366; x_wconf 89' lang='lat' dir='ltr'><strong>secun-</strong></span> 
     </span>
    </p>
   </div>
   <div class='ocr_carea' id='block_1_55' title="bbox 341 3399 1910 3478">
    <p class='ocr_par' dir='ltr' id='par_1_55' title="bbox 341 3399 1910 3478">
     <span class='ocr_line' id='line_1_55' title="bbox 341 3399 1910 3478; baseline -0.001 -21"><span class='ocrx_word' id='word_1_411' title='bbox 341 3403 470 3458; x_wconf 90' lang='lat' dir='ltr'><strong>dum</strong></span> <span class='ocrx_word' id='word_1_412' title='bbox 493 3400 876 3472; x_wconf 84' lang='lat' dir='ltr'><strong>Symmachum</strong></span> <span class='ocrx_word' id='word_1_413' title='bbox 903 3419 916 3454; x_wconf 89' lang='lat'><strong>:</strong></span> <span class='ocrx_word' id='word_1_414' title='bbox 946 3418 964 3450; x_wconf 76' lang='grc' dir='ltr'><strong>ι</strong></span> <span class='ocrx_word' id='word_1_415' title='bbox 984 3399 1221 3469; x_wconf 88' lang='lat' dir='ltr'><strong>Tempus</strong></span> <span class='ocrx_word' id='word_1_416' title='bbox 1247 3399 1728 3478; x_wconf 82' lang='lat' dir='ltr'><strong>reconciliationis.</strong></span> <span class='ocrx_word' id='word_1_417' title='bbox 1747 3399 1910 3465; x_wconf 89' lang='lat' dir='ltr'><strong>Deus,</strong></span> 
     </span>
    </p>
   </div>
   <div class='ocr_carea' id='block_1_56' title="bbox 340 3489 1912 3549">
    <p class='ocr_par' dir='ltr' id='par_1_56' title="bbox 340 3489 1912 3549">
     <span class='ocr_line' id='line_1_56' title="bbox 340 3489 1912 3549; baseline -0.003 0"><span class='ocrx_word' id='word_1_418' title='bbox 340 3494 396 3549; x_wconf 90' lang='lat' dir='ltr'><strong>in</strong></span> <span class='ocrx_word' id='word_1_419' title='bbox 420 3493 765 3547; x_wconf 88' lang='lat' dir='ltr'><strong>multitudine</strong></span> <span class='ocrx_word' id='word_1_420' title='bbox 801 3490 1194 3546; x_wconf 70' lang='lat' dir='ltr'><strong>misericordiae</strong></span> <span class='ocrx_word' id='word_1_421' title='bbox 1233 3498 1339 3545; x_wconf 73' lang='lat' dir='ltr'><strong>tuae</strong></span> <span class='ocrx_word' id='word_1_422' title='bbox 1358 3491 1556 3545; x_wconf 84' lang='lat' dir='ltr'><strong>exaudi</strong></span> <span class='ocrx_word' id='word_1_423' title='bbox 1590 3506 1696 3546; x_wconf 92' lang='lat' dir='ltr'><strong>me.</strong></span> <span class='ocrx_word' id='word_1_424' title='bbox 1733 3511 1751 3542; x_wconf 67' lang='grc' dir='ltr'><strong>ι</strong></span> <span class='ocrx_word' id='word_1_425' title='bbox 1778 3489 1912 3545; x_wconf 85' lang='lat' dir='ltr'><strong>Nam</strong></span> 
     </span>
    </p>
   </div>
   <div class='ocr_carea' id='block_1_57' title="bbox 341 3580 1910 3640">
    <p class='ocr_par' dir='ltr' id='par_1_57' title="bbox 341 3580 1910 3640">
     <span class='ocr_line' id='line_1_57' title="bbox 341 3580 1910 3640; baseline -0.004 0"><span class='ocrx_word' id='word_1_426' title='bbox 341 3587 386 3640; x_wconf 89' lang='lat' dir='ltr'><strong>si</strong></span> <span class='ocrx_word' id='word_1_427' title='bbox 417 3585 551 3639; x_wconf 89' lang='lat' dir='ltr'><strong>alias</strong></span> <span class='ocrx_word' id='word_1_428' title='bbox 583 3600 684 3638; x_wconf 82' lang='lat' dir='ltr'><strong>vox</strong></span> <span class='ocrx_word' id='word_1_429' title='bbox 717 3589 810 3636; x_wconf 89' lang='lat' dir='ltr'><strong>tua</strong></span> <span class='ocrx_word' id='word_1_430' title='bbox 848 3581 1027 3637; x_wconf 87' lang='lat' dir='ltr'><strong>Patris</strong></span> <span class='ocrx_word' id='word_1_431' title='bbox 1050 3584 1156 3637; x_wconf 90' lang='lat' dir='ltr'><strong>mei</strong></span> <span class='ocrx_word' id='word_1_432' title='bbox 1188 3581 1321 3636; x_wconf 88' lang='lat' dir='ltr'><strong>mihi</strong></span> <span class='ocrx_word' id='word_1_433' title='bbox 1343 3580 1460 3635; x_wconf 78' lang='lat' dir='ltr'><strong>haec</strong></span> <span class='ocrx_word' id='word_1_434' title='bbox 1483 3581 1768 3636; x_wconf 89' lang='lat' dir='ltr'><strong>testiﬁcata</strong></span> <span class='ocrx_word' id='word_1_435' title='bbox 1797 3589 1910 3636; x_wconf 91' lang='lat' dir='ltr'><strong>est:</strong></span> 
     </span>
    </p>
   </div>
   <div class='ocr_carea' id='block_1_58' title="bbox 347 3673 1915 3743">
    <p class='ocr_par' dir='ltr' id='par_1_58' title="bbox 347 3673 1915 3743">
     <span class='ocr_line' id='line_1_58' title="bbox 347 3673 1915 3743; baseline -0.003 -13"><span class='ocrx_word' id='word_1_436' title='bbox 347 3697 366 3730; x_wconf 78' lang='grc' dir='ltr'><strong>ι</strong></span> <span class='ocrx_word' id='word_1_437' title='bbox 407 3675 506 3731; x_wconf 86' lang='lat' dir='ltr'><strong>Hic</strong></span> <span class='ocrx_word' id='word_1_438' title='bbox 539 3684 622 3732; x_wconf 92' lang='lat' dir='ltr'><strong>est</strong></span> <span class='ocrx_word' id='word_1_439' title='bbox 660 3675 831 3730; x_wconf 87' lang='lat' dir='ltr'><strong>Filius</strong></span> <span class='ocrx_word' id='word_1_440' title='bbox 881 3689 1035 3729; x_wconf 91' lang='lat' dir='ltr'><strong>meus</strong></span> <span class='ocrx_word' id='word_1_441' title='bbox 1085 3673 1316 3728; x_wconf 90' lang='lat' dir='ltr'><strong>dilectus</strong></span> <span class='ocrx_word' id='word_1_442' title='bbox 1362 3673 1418 3726; x_wconf 90' lang='lat' dir='ltr'><strong>in</strong></span> <span class='ocrx_word' id='word_1_443' title='bbox 1454 3688 1562 3743; x_wconf 90' lang='lat' dir='ltr'><strong>quo</strong></span> <span class='ocrx_word' id='word_1_444' title='bbox 1611 3673 1744 3726; x_wconf 92' lang='lat' dir='ltr'><strong>mihi</strong></span> <span class='ocrx_word' id='word_1_445' title='bbox 1779 3673 1915 3727; x_wconf 86' lang='lat' dir='ltr'><strong>bene</strong></span> 
     </span>
    </p>
   </div>
   <div class='ocr_carea' id='block_1_59' title="bbox 339 3763 1912 3840">
    <p class='ocr_par' dir='ltr' id='par_1_59' title="bbox 339 3763 1912 3840">
     <span class='ocr_line' id='line_1_59' title="bbox 339 3763 1912 3840; baseline -0.006 -15"><span class='ocrx_word' id='word_1_446' title='bbox 339 3769 643 3840; x_wconf 90' lang='lat' dir='ltr'><strong>complacui</strong></span> <span class='ocrx_word' id='word_1_447' title='bbox 683 3768 764 3835; x_wconf 82' lang='grc'><strong>²⁸;</strong></span> <span class='ocrx_word' id='word_1_448' title='bbox 808 3787 826 3820; x_wconf 73' lang='grc' dir='ltr'><strong>ι</strong></span> <span class='ocrx_word' id='word_1_449' title='bbox 865 3781 1011 3822; x_wconf 92' lang='lat' dir='ltr'><strong>nunc</strong></span> <span class='ocrx_word' id='word_1_450' title='bbox 1049 3765 1287 3820; x_wconf 81' lang='lat' dir='ltr'><strong>maxime</strong></span> <span class='ocrx_word' id='word_1_451' title='bbox 1318 3775 1530 3835; x_wconf 88' lang='lat' dir='ltr'><strong>tempus</strong></span> <span class='ocrx_word' id='word_1_452' title='bbox 1588 3763 1912 3835; x_wconf 87' lang='lat' dir='ltr'><strong>beneplaciti</strong></span> 
     </span>
    </p>
   </div>
   <div class='ocr_carea' id='block_1_60' title="bbox 339 3855 1915 3930">
    <p class='ocr_par' dir='ltr' id='par_1_60' title="bbox 339 3855 1915 3930">
     <span class='ocr_line' id='line_1_60' title="bbox 339 3855 1915 3930; baseline -0.006 -13"><span class='ocrx_word' id='word_1_453' title='bbox 339 3869 426 3918; x_wconf 93' lang='lat' dir='ltr'><strong>est</strong></span> <span class='ocrx_word' id='word_1_454' title='bbox 461 3876 670 3930; x_wconf 87' lang='lat' dir='ltr'><strong>:quare</strong></span> <span class='ocrx_word' id='word_1_455' title='bbox 699 3874 895 3930; x_wconf 90' lang='lat' dir='ltr'><strong>precor</strong></span> <span class='ocrx_word' id='word_1_456' title='bbox 942 3866 1003 3911; x_wconf 93' lang='lat' dir='ltr'><strong>ut</strong></span> <span class='ocrx_word' id='word_1_457' title='bbox 1035 3857 1091 3911; x_wconf 92' lang='lat' dir='ltr'><strong>in</strong></span> <span class='ocrx_word' id='word_1_458' title='bbox 1140 3855 1489 3910; x_wconf 88' lang='lat' dir='ltr'><strong>multitudine</strong></span> <span class='ocrx_word' id='word_1_459' title='bbox 1527 3855 1915 3910; x_wconf 71' lang='lat' dir='ltr'><strong>misericordia:</strong></span> 
     </span>
    </p>
   </div>
   <div class='ocr_carea' id='block_1_61' title="bbox 339 3945 1912 4013">
    <p class='ocr_par' dir='ltr' id='par_1_61' title="bbox 339 3945 1912 4013">
     <span class='ocr_line' id='line_1_61' title="bbox 339 3945 1912 4013; baseline -0.004 -8"><span class='ocrx_word' id='word_1_460' title='bbox 339 3957 450 4005; x_wconf 70' lang='lat' dir='ltr'><strong>tute</strong></span> <span class='ocrx_word' id='word_1_461' title='bbox 479 3949 739 4004; x_wconf 82' lang='lat' dir='ltr'><strong>exaudias</strong></span> <span class='ocrx_word' id='word_1_462' title='bbox 770 3965 873 4013; x_wconf 86' lang='lat' dir='ltr'><strong>me,</strong></span> <span class='ocrx_word' id='word_1_463' title='bbox 905 3955 958 4001; x_wconf 92' lang='lat' dir='ltr'><strong>et</strong></span> <span class='ocrx_word' id='word_1_464' title='bbox 992 3947 1045 3999; x_wconf 90' lang='lat' dir='ltr'><strong>in</strong></span> <span class='ocrx_word' id='word_1_465' title='bbox 1093 3945 1325 4001; x_wconf 86' lang='lat' dir='ltr'><strong>veritate</strong></span> <span class='ocrx_word' id='word_1_466' title='bbox 1367 3946 1562 4001; x_wconf 89' lang='lat' dir='ltr'><strong>salutis</strong></span> <span class='ocrx_word' id='word_1_467' title='bbox 1594 3952 1702 3999; x_wconf 79' lang='lat' dir='ltr'><strong>tuae</strong></span> <span class='ocrx_word' id='word_1_468' title='bbox 1729 3960 1912 3999; x_wconf 89' lang='lat' dir='ltr'><strong>serves</strong></span> 
     </span>
    </p>
   </div>
   <div class='ocr_carea' id='block_1_62' title="bbox 338 4034 1914 4109">
    <p class='ocr_par' dir='ltr' id='par_1_62' title="bbox 338 4034 1914 4109">
     <span class='ocr_line' id='line_1_62' title="bbox 338 4034 1914 4109; baseline -0.004 -13"><span class='ocrx_word' id='word_1_469' title='bbox 338 4056 445 4096; x_wconf 92' lang='lat' dir='ltr'><strong>me.</strong></span> <span class='ocrx_word' id='word_1_470' title='bbox 495 4039 616 4094; x_wconf 89' lang='lat' dir='ltr'><strong>Non</strong></span> <span class='ocrx_word' id='word_1_471' title='bbox 663 4041 956 4093; x_wconf 87' lang='lat' dir='ltr'><strong>humanam</strong></span> <span class='ocrx_word' id='word_1_472' title='bbox 1005 4040 1204 4109; x_wconf 90' lang='lat' dir='ltr'><strong>quippe</strong></span> <span class='ocrx_word' id='word_1_473' title='bbox 1254 4037 1473 4106; x_wconf 91' lang='lat' dir='ltr'><strong>postulo</strong></span> <span class='ocrx_word' id='word_1_474' title='bbox 1530 4037 1780 4101; x_wconf 87' lang='lat' dir='ltr'><strong>salutem,</strong></span> <span class='ocrx_word' id='word_1_475' title='bbox 1817 4034 1914 4090; x_wconf 91' lang='lat' dir='ltr'><strong>sed</strong></span> 
     </span>
    </p>
   </div>
   <div class='ocr_carea' id='block_1_63' title="bbox 338 4127 1913 4200">
    <p class='ocr_par' dir='ltr' id='par_1_63' title="bbox 338 4127 1913 4200">
     <span class='ocr_line' id='line_1_63' title="bbox 338 4127 1913 4200; baseline -0.004 -13"><span class='ocrx_word' id='word_1_476' title='bbox 338 4147 544 4187; x_wconf 86' lang='lat' dir='ltr'><strong>veram.</strong></span> <span class='ocrx_word' id='word_1_477' title='bbox 576 4131 724 4185; x_wconf 86' lang='lat' dir='ltr'><strong>Talis</strong></span> <span class='ocrx_word' id='word_1_478' title='bbox 750 4145 915 4200; x_wconf 87' lang='lat' dir='ltr'><strong>porro</strong></span> <span class='ocrx_word' id='word_1_479' title='bbox 942 4139 1026 4186; x_wconf 91' lang='lat' dir='ltr'><strong>est</strong></span> <span class='ocrx_word' id='word_1_480' title='bbox 1068 4146 1188 4200; x_wconf 75' lang='lat' dir='ltr'><strong>quae</strong></span> <span class='ocrx_word' id='word_1_481' title='bbox 1217 4146 1285 4185; x_wconf 82' lang='lat' dir='ltr'><strong>ex</strong></span> <span class='ocrx_word' id='word_1_482' title='bbox 1307 4139 1360 4184; x_wconf 90' lang='lat' dir='ltr'><strong>te</strong></span> <span class='ocrx_word' id='word_1_483' title='bbox 1389 4127 1659 4200; x_wconf 85' lang='lat' dir='ltr'><strong>provenit,</strong></span> <span class='ocrx_word' id='word_1_484' title='bbox 1691 4141 1797 4197; x_wconf 88' lang='lat' dir='ltr'><strong>qua</strong></span> <span class='ocrx_word' id='word_1_485' title='bbox 1826 4143 1913 4181; x_wconf 90' lang='lat' dir='ltr'><strong>me</strong></span> 
     </span>
    </p>
   </div>
   <div class='ocr_carea' id='block_1_64' title="bbox 340 4217 1912 4294">
    <p class='ocr_par' dir='ltr' id='par_1_64' title="bbox 340 4217 1912 4294">
     <span class='ocr_line' id='line_1_64' title="bbox 340 4217 1912 4294; baseline -0.005 -16"><span class='ocrx_word' id='word_1_486' title='bbox 340 4238 475 4294; x_wconf 75' lang='lat' dir='ltr'><strong>rogo</strong></span> <span class='ocrx_word' id='word_1_487' title='bbox 525 4222 662 4292; x_wconf 91' lang='lat' dir='ltr'><strong>eripi</strong></span> <span class='ocrx_word' id='word_1_488' title='bbox 715 4237 745 4274; x_wconf 93' lang='lat' dir='ltr'><strong>a</strong></span> <span class='ocrx_word' id='word_1_489' title='bbox 778 4221 893 4275; x_wconf 91' lang='lat' dir='ltr'><strong>luto</strong></span> <span class='ocrx_word' id='word_1_490' title='bbox 925 4230 988 4274; x_wconf 94' lang='lat' dir='ltr'><strong>ut</strong></span> <span class='ocrx_word' id='word_1_491' title='bbox 1030 4236 1140 4275; x_wconf 90' lang='lat' dir='ltr'><strong>non</strong></span> <span class='ocrx_word' id='word_1_492' title='bbox 1187 4220 1400 4290; x_wconf 78' lang='lat' dir='ltr'><strong>inﬁgar.</strong></span> <span class='ocrx_word' id='word_1_493' title='bbox 1429 4219 1474 4272; x_wconf 83' lang='lat' dir='ltr'><strong>A</strong></span> <span class='ocrx_word' id='word_1_494' title='bbox 1501 4235 1611 4289; x_wconf 90' lang='lat' dir='ltr'><strong>quo</strong></span> <span class='ocrx_word' id='word_1_495' title='bbox 1637 4220 1772 4285; x_wconf 86' lang='lat' dir='ltr'><strong>luto,</strong></span> <span class='ocrx_word' id='word_1_496' title='bbox 1807 4217 1912 4273; x_wconf 90' lang='lat' dir='ltr'><strong>nisi</strong></span> 
     </span>
    </p>
   </div>
   <div class='ocr_carea' id='block_1_65' title="bbox 340 4307 1913 4382">
    <p class='ocr_par' dir='ltr' id='par_1_65' title="bbox 340 4307 1913 4382">
     <span class='ocr_line' id='line_1_65' title="bbox 340 4307 1913 4382; baseline -0.004 -16"><span class='ocrx_word' id='word_1_497' title='bbox 340 4311 408 4368; x_wconf 90' lang='lat' dir='ltr'><strong>de</strong></span> <span class='ocrx_word' id='word_1_498' title='bbox 445 4327 554 4382; x_wconf 91' lang='lat' dir='ltr'><strong>quo</strong></span> <span class='ocrx_word' id='word_1_499' title='bbox 583 4311 832 4381; x_wconf 83' lang='lat' dir='ltr'><strong>superius</strong></span> <span class='ocrx_word' id='word_1_500' title='bbox 859 4309 1144 4364; x_wconf 79' lang='lat' dir='ltr'><strong>dicebam:</strong></span> <span class='ocrx_word' id='word_1_501' title='bbox 1194 4327 1212 4360; x_wconf 89' lang='grc'><strong><em>‹</em></strong></span> <span class='ocrx_word' id='word_1_502' title='bbox 1262 4308 1465 4364; x_wconf 83' lang='lat' dir='ltr'><strong>lnﬁxus</strong></span> <span class='ocrx_word' id='word_1_503' title='bbox 1508 4322 1628 4362; x_wconf 92' lang='lat' dir='ltr'><strong>sum</strong></span> <span class='ocrx_word' id='word_1_504' title='bbox 1679 4307 1736 4360; x_wconf 90' lang='lat' dir='ltr'><strong>in</strong></span> <span class='ocrx_word' id='word_1_505' title='bbox 1785 4307 1913 4360; x_wconf 87' lang='lat' dir='ltr'><strong>limo</strong></span> 
     </span>
    </p>
   </div>
   <div class='ocr_carea' id='block_1_66' title="bbox 338 4399 1912 4478">
    <p class='ocr_par' dir='ltr' id='par_1_66' title="bbox 338 4399 1912 4478">
     <span class='ocr_line' id='line_1_66' title="bbox 338 4399 1912 4478; baseline -0.004 -18"><span class='ocrx_word' id='word_1_506' title='bbox 338 4405 616 4478; x_wconf 85' lang='lat' dir='ltr'><strong>profundi,</strong></span> <span class='ocrx_word' id='word_1_507' title='bbox 651 4412 705 4457; x_wconf 90' lang='lat' dir='ltr'><strong>et</strong></span> <span class='ocrx_word' id='word_1_508' title='bbox 736 4417 840 4456; x_wconf 91' lang='lat' dir='ltr'><strong>non</strong></span> <span class='ocrx_word' id='word_1_509' title='bbox 866 4412 949 4457; x_wconf 90' lang='lat' dir='ltr'><strong>est</strong></span> <span class='ocrx_word' id='word_1_510' title='bbox 979 4401 1315 4456; x_wconf 83' lang='lat' dir='ltr'><strong>substantia?</strong></span> <span class='ocrx_word' id='word_1_511' title='bbox 1341 4420 1360 4452; x_wconf 79' lang='grc'>›</span> <span class='ocrx_word' id='word_1_512' title='bbox 1384 4399 1516 4453; x_wconf 89' lang='lat' dir='ltr'><strong>Nam</strong></span> <span class='ocrx_word' id='word_1_513' title='bbox 1545 4400 1636 4469; x_wconf 89' lang='lat' dir='ltr'><strong>qui</strong></span> <span class='ocrx_word' id='word_1_514' title='bbox 1661 4399 1912 4468; x_wconf 88' lang='lat' dir='ltr'><strong>superius</strong></span> 
     </span>
    </p>
   </div>
   <div class='ocr_carea' id='block_1_67' title="bbox 338 4492 1985 4587">
    <p class='ocr_par' dir='ltr' id='par_1_67' title="bbox 338 4492 1985 4587">
     <span class='ocr_line' id='line_1_67' title="bbox 338 4492 1985 4587; baseline -0.005 -34"><span class='ocrx_word' id='word_1_515' title='bbox 338 4500 505 4553; x_wconf 74' lang='lat' dir='ltr'><strong>limus</strong></span> <span class='ocrx_word' id='word_1_516' title='bbox 555 4495 810 4567; x_wconf 80' lang='lat' dir='ltr'><strong>profundi</strong></span> <span class='ocrx_word' id='word_1_517' title='bbox 873 4495 1054 4549; x_wconf 90' lang='lat' dir='ltr'><strong>dictus</strong></span> <span class='ocrx_word' id='word_1_518' title='bbox 1112 4503 1226 4557; x_wconf 90' lang='lat' dir='ltr'><strong>est,</strong></span> <span class='ocrx_word' id='word_1_519' title='bbox 1286 4493 1375 4546; x_wconf 85' lang='lat' dir='ltr'><strong>hic</strong></span> <span class='ocrx_word' id='word_1_520' title='bbox 1431 4492 1606 4545; x_wconf 89' lang='lat' dir='ltr'><strong>lutum</strong></span> <span class='ocrx_word' id='word_1_521' title='bbox 1658 4501 1985 4587; x_wconf 77' lang='lat' dir='ltr'><strong>vocatur.D</strong></span> 
     </span>
    </p>
   </div>
   <div class='ocr_carea' id='block_1_68' title="bbox 339 4583 1909 4660">
    <p class='ocr_par' dir='ltr' id='par_1_68' title="bbox 339 4583 1909 4660">
     <span class='ocr_line' id='line_1_68' title="bbox 339 4583 1909 4660; baseline -0.007 -14"><span class='ocrx_word' id='word_1_522' title='bbox 339 4588 438 4646; x_wconf 79' lang='lat' dir='ltr'><strong>His</strong></span> <span class='ocrx_word' id='word_1_523' title='bbox 522 4605 682 4660; x_wconf 88' lang='lat' dir='ltr'><strong>porro</strong></span> <span class='ocrx_word' id='word_1_524' title='bbox 760 4587 1028 4658; x_wconf 84' lang='lat' dir='ltr'><strong>signiﬁcat</strong></span> <span class='ocrx_word' id='word_1_525' title='bbox 1123 4586 1450 4640; x_wconf 88' lang='lat' dir='ltr'><strong>solutionem</strong></span> <span class='ocrx_word' id='word_1_526' title='bbox 1524 4584 1770 4653; x_wconf 86' lang='lat' dir='ltr'><strong>corporis</strong></span> <span class='ocrx_word' id='word_1_527' title='bbox 1855 4583 1909 4636; x_wconf 93' lang='lat' dir='ltr'><strong>in</strong></span> 
     </span>
    </p>
   </div>
   <div class='ocr_carea' id='block_1_69' title="bbox 338 4673 1908 4750">
    <p class='ocr_par' dir='ltr' id='par_1_69' title="bbox 338 4673 1908 4750">
     <span class='ocr_line' id='line_1_69' title="bbox 338 4673 1908 4750; baseline -0.006 -13"><span class='ocrx_word' id='word_1_528' title='bbox 338 4691 549 4746; x_wconf 89' lang='lat' dir='ltr'><strong>morte,</strong></span> <span class='ocrx_word' id='word_1_529' title='bbox 613 4681 680 4736; x_wconf 86' lang='lat' dir='ltr'><strong>de</strong></span> <span class='ocrx_word' id='word_1_530' title='bbox 737 4696 845 4750; x_wconf 88' lang='lat' dir='ltr'><strong>qua</strong></span> <span class='ocrx_word' id='word_1_531' title='bbox 910 4680 967 4732; x_wconf 87' lang='lat' dir='ltr'><strong>in</strong></span> <span class='ocrx_word' id='word_1_532' title='bbox 1035 4679 1142 4732; x_wconf 91' lang='lat' dir='ltr'><strong>alio</strong></span> <span class='ocrx_word' id='word_1_533' title='bbox 1187 4678 1268 4733; x_wconf 91' lang='lat' dir='ltr'><strong>sic</strong></span> <span class='ocrx_word' id='word_1_534' title='bbox 1316 4675 1688 4745; x_wconf 85' lang='lat' dir='ltr'><strong>loquebatur:</strong></span> <span class='ocrx_word' id='word_1_535' title='bbox 1725 4693 1743 4726; x_wconf 83' lang='grc' dir='ltr'><strong>ι</strong></span> <span class='ocrx_word' id='word_1_536' title='bbox 1792 4673 1908 4728; x_wconf 85' lang='grc' dir='ltr'>Νοη</span> 
     </span>
    </p>
   </div>
   <div class='ocr_carea' id='block_1_70' title="bbox 339 4766 1911 4845">
    <p class='ocr_par' dir='ltr' id='par_1_70' title="bbox 339 4766 1911 4845">
     <span class='ocr_line' id='line_1_70' title="bbox 339 4766 1911 4845; baseline -0.007 -13"><span class='ocrx_word' id='word_1_537' title='bbox 339 4777 688 4845; x_wconf 90' lang='lat' dir='ltr'><strong>derelinques</strong></span> <span class='ocrx_word' id='word_1_538' title='bbox 729 4773 967 4826; x_wconf 87' lang='lat' dir='ltr'><strong>animam</strong></span> <span class='ocrx_word' id='word_1_539' title='bbox 1023 4785 1198 4824; x_wconf 88' lang='lat' dir='ltr'><strong>meam</strong></span> <span class='ocrx_word' id='word_1_540' title='bbox 1243 4770 1298 4823; x_wconf 92' lang='lat' dir='ltr'><strong>in</strong></span> <span class='ocrx_word' id='word_1_541' title='bbox 1349 4767 1581 4831; x_wconf 88' lang='lat' dir='ltr'><strong>inferno,</strong></span> <span class='ocrx_word' id='word_1_542' title='bbox 1615 4781 1717 4822; x_wconf 88' lang='lat' dir='ltr'><strong>nec</strong></span> <span class='ocrx_word' id='word_1_543' title='bbox 1754 4766 1911 4821; x_wconf 90' lang='lat' dir='ltr'><strong>dabis</strong></span> 
     </span>
    </p>
   </div>
   <div class='ocr_carea' id='block_1_71' title="bbox 336 4857 1911 4931">
    <p class='ocr_par' dir='ltr' id='par_1_71' title="bbox 336 4857 1911 4931">
     <span class='ocr_line' id='line_1_71' title="bbox 336 4857 1911 4931; baseline -0.01 -6"><span class='ocrx_word' id='word_1_544' title='bbox 336 4877 588 4927; x_wconf 77' lang='lat' dir='ltr'><strong>sanctum</strong></span> <span class='ocrx_word' id='word_1_545' title='bbox 615 4875 768 4920; x_wconf 91' lang='lat' dir='ltr'><strong>tuum</strong></span> <span class='ocrx_word' id='word_1_546' title='bbox 801 4863 988 4918; x_wconf 88' lang='lat' dir='ltr'><strong>videre</strong></span> <span class='ocrx_word' id='word_1_547' title='bbox 1012 4862 1419 4931; x_wconf 88' lang='lat' dir='ltr'><strong>corruptionem</strong></span> <span class='ocrx_word' id='word_1_548' title='bbox 1451 4861 1518 4914; x_wconf 79' lang='lat'><strong>’°.</strong></span> <span class='ocrx_word' id='word_1_549' title='bbox 1560 4878 1579 4911; x_wconf 69' lang='grc' dir='ltr'><strong>ι</strong></span> <span class='ocrx_word' id='word_1_550' title='bbox 1614 4858 1718 4924; x_wconf 82' lang='lat' dir='ltr'><strong>Qui</strong></span> <span class='ocrx_word' id='word_1_551' title='bbox 1749 4857 1911 4928; x_wconf 76' lang='lat' dir='ltr'><strong>igitur</strong></span> 
     </span>
    </p>
   </div>
   <div class='ocr_carea' id='block_1_72' title="bbox 339 4951 1909 5023">
    <p class='ocr_par' dir='ltr' id='par_1_72' title="bbox 339 4951 1909 5023">
     <span class='ocr_line' id='line_1_72' title="bbox 339 4951 1909 5023; baseline -0.006 -9"><span class='ocrx_word' id='word_1_552' title='bbox 339 4977 370 5014; x_wconf 85' lang='lat' dir='ltr'><strong>a</strong></span> <span class='ocrx_word' id='word_1_553' title='bbox 403 4965 581 5015; x_wconf 88' lang='lat' dir='ltr'><strong>morte</strong></span> <span class='ocrx_word' id='word_1_554' title='bbox 607 4957 943 5020; x_wconf 89' lang='lat' dir='ltr'><strong>detinentur,</strong></span> <span class='ocrx_word' id='word_1_555' title='bbox 991 4954 1394 5023; x_wconf 91' lang='lat' dir='ltr'><strong>corruptionem</strong></span> <span class='ocrx_word' id='word_1_556' title='bbox 1439 4951 1610 5022; x_wconf 89' lang='lat' dir='ltr'><strong>passi,</strong></span> <span class='ocrx_word' id='word_1_557' title='bbox 1652 4951 1706 5004; x_wconf 91' lang='lat' dir='ltr'><strong>in</strong></span> <span class='ocrx_word' id='word_1_558' title='bbox 1738 4965 1909 5019; x_wconf 89' lang='lat' dir='ltr'><strong>eaque</strong></span> 
     </span>
    </p>
   </div>
   <div class='ocr_carea' id='block_1_73' title="bbox 338 5043 1908 5116">
    <p class='ocr_par' dir='ltr' id='par_1_73' title="bbox 338 5043 1908 5116">
     <span class='ocr_line' id='line_1_73' title="bbox 338 5043 1908 5116; baseline -0.007 -8"><span class='ocrx_word' id='word_1_559' title='bbox 338 5051 647 5114; x_wconf 87' lang='lat' dir='ltr'><strong>constituti,</strong></span> <span class='ocrx_word' id='word_1_560' title='bbox 683 5064 807 5104; x_wconf 93' lang='lat' dir='ltr'><strong>cum</strong></span> <span class='ocrx_word' id='word_1_561' title='bbox 843 5049 899 5102; x_wconf 92' lang='lat' dir='ltr'><strong>in</strong></span> <span class='ocrx_word' id='word_1_562' title='bbox 941 5062 1004 5102; x_wconf 92' lang='lat' dir='ltr'><strong>ea</strong></span> <span class='ocrx_word' id='word_1_563' title='bbox 1034 5045 1469 5116; x_wconf 89' lang='lat' dir='ltr'><strong>permanserint,</strong></span> <span class='ocrx_word' id='word_1_564' title='bbox 1498 5043 1649 5097; x_wconf 80' lang='lat' dir='ltr'><strong>inﬁxi</strong></span> <span class='ocrx_word' id='word_1_565' title='bbox 1683 5051 1810 5096; x_wconf 89' lang='lat' dir='ltr'><strong>sunt</strong></span> <span class='ocrx_word' id='word_1_566' title='bbox 1853 5043 1908 5097; x_wconf 94' lang='lat' dir='ltr'><strong>in</strong></span> 
     </span>
    </p>
   </div>
   <div class='ocr_carea' id='block_1_74' title="bbox 337 5133 1908 5212">
    <p class='ocr_par' dir='ltr' id='par_1_74' title="bbox 337 5133 1908 5212">
     <span class='ocr_line' id='line_1_74' title="bbox 337 5133 1908 5212; baseline -0.006 -16"><span class='ocrx_word' id='word_1_567' title='bbox 337 5144 454 5197; x_wconf 89' lang='lat' dir='ltr'><strong>luto</strong></span> <span class='ocrx_word' id='word_1_568' title='bbox 489 5161 502 5198; x_wconf 94' lang='lat'>:</span> <span class='ocrx_word' id='word_1_569' title='bbox 535 5156 636 5212; x_wconf 79' lang='lat' dir='ltr'><strong>ego</strong></span> <span class='ocrx_word' id='word_1_570' title='bbox 665 5155 794 5194; x_wconf 91' lang='lat' dir='ltr'><strong>vero</strong></span> <span class='ocrx_word' id='word_1_571' title='bbox 822 5137 1040 5194; x_wconf 86' lang='lat' dir='ltr'><strong>etiamsi</strong></span> <span class='ocrx_word' id='word_1_572' title='bbox 1085 5134 1481 5198; x_wconf 90' lang='lat' dir='ltr'><strong>descenderim,</strong></span> <span class='ocrx_word' id='word_1_573' title='bbox 1510 5133 1574 5188; x_wconf 87' lang='lat' dir='ltr'><strong>ad</strong></span> <span class='ocrx_word' id='word_1_574' title='bbox 1611 5134 1783 5187; x_wconf 87' lang='lat' dir='ltr'><strong>lutum</strong></span> <span class='ocrx_word' id='word_1_575' title='bbox 1817 5149 1908 5188; x_wconf 89' lang='lat' dir='ltr'><strong>us-</strong></span> 
     </span>
    </p>
   </div>
   <div class='ocr_carea' id='block_1_75' title="bbox 340 5225 1902 5305">
    <p class='ocr_par' dir='ltr' id='par_1_75' title="bbox 340 5225 1902 5305">
     <span class='ocr_line' id='line_1_75' title="bbox 340 5225 1902 5305; baseline -0.005 -17"><span class='ocrx_word' id='word_1_576' title='bbox 340 5249 446 5305; x_wconf 91' lang='lat' dir='ltr'><strong>que</strong></span> <span class='ocrx_word' id='word_1_577' title='bbox 476 5232 774 5287; x_wconf 85' lang='lat' dir='ltr'><strong>humilians</strong></span> <span class='ocrx_word' id='word_1_578' title='bbox 808 5231 1096 5299; x_wconf 87' lang='lat' dir='ltr'><strong>meipsum,</strong></span> <span class='ocrx_word' id='word_1_579' title='bbox 1123 5241 1318 5299; x_wconf 88' lang='lat' dir='ltr'><strong>precor</strong></span> <span class='ocrx_word' id='word_1_580' title='bbox 1355 5235 1535 5281; x_wconf 84' lang='lat' dir='ltr'><strong>tamen</strong></span> <span class='ocrx_word' id='word_1_581' title='bbox 1569 5225 1654 5280; x_wconf 90' lang='lat' dir='ltr'><strong>his</strong></span> <span class='ocrx_word' id='word_1_582' title='bbox 1685 5226 1902 5281; x_wconf 86' lang='lat' dir='ltr'><strong>verbis:</strong></span> 
     </span>
    </p>
   </div>
   <div class='ocr_carea' id='block_1_76' title="bbox 2092 2571 3573 2649">
    <p class='ocr_par' dir='ltr' id='par_1_76' title="bbox 2092 2571 3573 2649">
     <span class='ocr_line' id='line_1_76' title="bbox 2092 2571 3573 2649; baseline 0.003 -25"><span class='ocrx_word' id='word_1_583' title='bbox 2092 2593 2108 2624; x_wconf 84' lang='grc' dir='ltr'><strong>ι</strong></span> <span class='ocrx_word' id='word_1_584' title='bbox 2148 2571 2316 2641; x_wconf 82' lang='grc' dir='ltr'><strong>Κάγὼ</strong></span> <span class='ocrx_word' id='word_1_585' title='bbox 2338 2573 2393 2626; x_wconf 78' lang='grc' dir='ltr'>δὲ</span> <span class='ocrx_word' id='word_1_586' title='bbox 2417 2574 2449 2642; x_wconf 79' lang='grc' dir='ltr'><strong>ἡ</strong></span> <span class='ocrx_word' id='word_1_587' title='bbox 2478 2573 2747 2643; x_wconf 86' lang='grc' dir='ltr'>προσευχή</span> <span class='ocrx_word' id='word_1_588' title='bbox 2774 2591 2872 2642; x_wconf 89' lang='grc' dir='ltr'><strong>μου</strong></span> <span class='ocrx_word' id='word_1_589' title='bbox 2914 2572 3049 2644; x_wconf 82' lang='grc' dir='ltr'>πρὸς</span> <span class='ocrx_word' id='word_1_590' title='bbox 3080 2573 3157 2639; x_wconf 76' lang='grc' dir='ltr'>σὲ,</span> <span class='ocrx_word' id='word_1_591' title='bbox 3181 2575 3381 2646; x_wconf 86' lang='grc' dir='ltr'>Κύριε,</span> <span class='ocrx_word' id='word_1_592' title='bbox 3406 2594 3573 2649; x_wconf 81' lang='grc' dir='ltr'>καιρος</span> 
     </span>
    </p>
   </div>
   <div class='ocr_carea' id='block_1_77' title="bbox 2015 2663 3574 2736">
    <p class='ocr_par' dir='ltr' id='par_1_77' title="bbox 2015 2663 3574 2736">
     <span class='ocr_line' id='line_1_77' title="bbox 2015 2663 3574 2736; baseline 0.001 -17"><span class='ocrx_word' id='word_1_593' title='bbox 2015 2663 2279 2728; x_wconf 78' lang='grc' dir='ltr'>εὐδοκίας,</span> <span class='ocrx_word' id='word_1_594' title='bbox 2317 2667 2346 2717; x_wconf 82' lang='grc' dir='ltr'>ὁ</span> <span class='ocrx_word' id='word_1_595' title='bbox 2373 2663 2503 2726; x_wconf 87' lang='grc' dir='ltr'><strong>Θεός</strong></span> <span class='ocrx_word' id='word_1_596' title='bbox 2522 2681 2534 2693; x_wconf 83' lang='grc'><em>’</em></span> <span class='ocrx_word' id='word_1_597' title='bbox 2564 2664 2622 2717; x_wconf 87' lang='grc' dir='ltr'><strong>ἐν</strong></span> <span class='ocrx_word' id='word_1_598' title='bbox 2661 2663 2739 2734; x_wconf 84' lang='grc' dir='ltr'>τῷ</span> <span class='ocrx_word' id='word_1_599' title='bbox 2769 2665 2959 2736; x_wconf 82' lang='grc' dir='ltr'>πλήθει</span> <span class='ocrx_word' id='word_1_600' title='bbox 2989 2665 3082 2719; x_wconf 85' lang='grc' dir='ltr'><strong>τοῦ</strong></span> <span class='ocrx_word' id='word_1_601' title='bbox 3115 2666 3299 2728; x_wconf 78' lang='grc' dir='ltr'>ἐλέους</span> <span class='ocrx_word' id='word_1_602' title='bbox 3330 2684 3427 2720; x_wconf 92' lang='grc' dir='ltr'><strong>σου</strong></span> <span class='ocrx_word' id='word_1_603' title='bbox 3459 2669 3574 2721; x_wconf 74' lang='grc' dir='ltr'><strong>έπὰο</strong></span> 
     </span>
    </p>
   </div>
   <div class='ocr_carea' id='block_1_78' title="bbox 2016 2751 3574 2828">
    <p class='ocr_par' dir='ltr' id='par_1_78' title="bbox 2016 2751 3574 2828">
     <span class='ocr_line' id='line_1_78' title="bbox 2016 2751 3574 2828; baseline 0.004 -24"><span class='ocrx_word' id='word_1_604' title='bbox 2016 2751 2207 2804; x_wconf 83' lang='grc' dir='ltr'>κουσόν</span> <span class='ocrx_word' id='word_1_605' title='bbox 2245 2768 2366 2821; x_wconf 89' lang='grc' dir='ltr'>μου.</span> <span class='ocrx_word' id='word_1_606' title='bbox 2402 2772 2420 2802; x_wconf 76' lang='grc' dir='ltr'><strong>ι</strong></span> <span class='ocrx_word' id='word_1_607' title='bbox 2456 2753 2518 2804; x_wconf 85' lang='grc' dir='ltr'>Οἱ</span> <span class='ocrx_word' id='word_1_608' title='bbox 2552 2753 2650 2822; x_wconf 85' lang='grc' dir='ltr'><strong>μὲν</strong></span> <span class='ocrx_word' id='word_1_609' title='bbox 2703 2753 3016 2822; x_wconf 81' lang='grc' dir='ltr'>ἐχλεύαζον,</span> <span class='ocrx_word' id='word_1_610' title='bbox 3046 2756 3197 2826; x_wconf 74' lang='grc' dir='ltr'>φησὶ,</span> <span class='ocrx_word' id='word_1_611' title='bbox 3219 2756 3316 2809; x_wconf 76' lang='grc' dir='ltr'><strong>καὶ</strong></span> <span class='ocrx_word' id='word_1_612' title='bbox 3349 2757 3574 2828; x_wconf 83' lang='grc' dir='ltr'>διέσυρον</span> 
     </span>
    </p>
   </div>
   <div class='ocr_carea' id='block_1_79' title="bbox 2017 2842 3572 2919">
    <p class='ocr_par' dir='ltr' id='par_1_79' title="bbox 2017 2842 3572 2919">
     <span class='ocr_line' id='line_1_79' title="bbox 2017 2842 3572 2919; baseline 0.003 -22"><span class='ocrx_word' id='word_1_613' title='bbox 2017 2843 2116 2907; x_wconf 83' lang='grc' dir='ltr'>τὰς</span> <span class='ocrx_word' id='word_1_614' title='bbox 2165 2842 2304 2914; x_wconf 82' lang='grc' dir='ltr'>ἐμὰς</span> <span class='ocrx_word' id='word_1_615' title='bbox 2350 2842 2640 2907; x_wconf 86' lang='grc' dir='ltr'>κακώσεις·</span> <span class='ocrx_word' id='word_1_616' title='bbox 2689 2843 2800 2913; x_wconf 85' lang='grc' dir='ltr'><strong>ἐγὼ</strong></span> <span class='ocrx_word' id='word_1_617' title='bbox 2849 2844 2905 2897; x_wconf 82' lang='grc' dir='ltr'>δὲ</span> <span class='ocrx_word' id='word_1_618' title='bbox 2962 2847 3459 2918; x_wconf 85' lang='grc' dir='ltr'>προσεκαρτέρουν,</span> <span class='ocrx_word' id='word_1_619' title='bbox 3489 2849 3572 2919; x_wconf 77' lang='grc' dir='ltr'>τὴν</span> 
     </span>
    </p>
   </div>
   <div class='ocr_carea' id='block_1_80' title="bbox 2016 2935 3573 3011">
    <p class='ocr_par' dir='ltr' id='par_1_80' title="bbox 2016 2935 3573 3011">
     <span class='ocr_line' id='line_1_80' title="bbox 2016 2935 3573 3011; baseline 0.004 -24"><span class='ocrx_word' id='word_1_620' title='bbox 2016 2936 2156 3006; x_wconf 80' lang='grc' dir='ltr'>ἐμὴν</span> <span class='ocrx_word' id='word_1_621' title='bbox 2190 2936 2494 3006; x_wconf 78' lang='grc' dir='ltr'>προσευχήν</span> <span class='ocrx_word' id='word_1_622' title='bbox 2520 2952 2600 2988; x_wconf 89' lang='grc' dir='ltr'><strong>σοι</strong></span> <span class='ocrx_word' id='word_1_623' title='bbox 2631 2935 2709 3006; x_wconf 85' lang='grc' dir='ltr'>τῷ</span> <span class='ocrx_word' id='word_1_624' title='bbox 2731 2936 2919 3007; x_wconf 86' lang='grc' dir='ltr'>Κυρίῳ</span> <span class='ocrx_word' id='word_1_625' title='bbox 2937 2938 3388 3009; x_wconf 81' lang='grc' dir='ltr'>προσαναφέρων.</span> <span class='ocrx_word' id='word_1_626' title='bbox 3426 2942 3573 3011; x_wconf 84' lang='grc' dir='ltr'>Τήρει</span> 
     </span>
    </p>
   </div>
   <div class='ocr_carea' id='block_1_81' title="bbox 2014 3027 3572 3103">
    <p class='ocr_par' dir='ltr' id='par_1_81' title="bbox 2014 3027 3572 3103">
     <span class='ocr_line' id='line_1_81' title="bbox 2014 3027 3572 3103; baseline 0.002 -22"><span class='ocrx_word' id='word_1_627' title='bbox 2014 3027 2091 3092; x_wconf 84' lang='grc' dir='ltr'><strong>δὲ,</strong></span> <span class='ocrx_word' id='word_1_628' title='bbox 2125 3027 2200 3091; x_wconf 88' lang='grc' dir='ltr'>ὡς</span> <span class='ocrx_word' id='word_1_629' title='bbox 2237 3027 2329 3080; x_wconf 81' lang='grc' dir='ltr'><strong>καὶ</strong></span> <span class='ocrx_word' id='word_1_630' title='bbox 2362 3027 2591 3080; x_wconf 83' lang='grc' dir='ltr'>ἐνταῦθα</span> <span class='ocrx_word' id='word_1_631' title='bbox 2625 3027 2716 3080; x_wconf 83' lang='grc' dir='ltr'>τὸν</span> <span class='ocrx_word' id='word_1_632' title='bbox 2752 3027 2953 3099; x_wconf 83' lang='grc' dir='ltr'>Κύριον</span> <span class='ocrx_word' id='word_1_633' title='bbox 2985 3028 3071 3081; x_wconf 77' lang='grc' dir='ltr'>διὰ</span> <span class='ocrx_word' id='word_1_634' title='bbox 3098 3029 3192 3082; x_wconf 86' lang='grc' dir='ltr'><strong>τοῦ</strong></span> <span class='ocrx_word' id='word_1_635' title='bbox 3238 3032 3572 3103; x_wconf 77' lang='grc' dir='ltr'>τετραγράμ-</span> 
     </span>
    </p>
   </div>
   <div class='ocr_carea' id='block_1_82' title="bbox 2017 3119 3574 3195">
    <p class='ocr_par' dir='ltr' id='par_1_82' title="bbox 2017 3119 3574 3195">
     <span class='ocr_line' id='line_1_82' title="bbox 2017 3119 3574 3195; baseline 0.004 -23"><span class='ocrx_word' id='word_1_636' title='bbox 2017 3137 2119 3190; x_wconf 87' lang='grc' dir='ltr'><strong>μου</strong></span> <span class='ocrx_word' id='word_1_637' title='bbox 2153 3121 2185 3190; x_wconf 82' lang='grc' dir='ltr'>ἡ</span> <span class='ocrx_word' id='word_1_638' title='bbox 2224 3119 2485 3190; x_wconf 80' lang='grc' dir='ltr'>Ἐϐραῖκὴ</span> <span class='ocrx_word' id='word_1_639' title='bbox 2514 3121 2931 3190; x_wconf 76' lang='grc' dir='ltr'>ἐπισημαίνεται</span> <span class='ocrx_word' id='word_1_640' title='bbox 2961 3124 3169 3194; x_wconf 79' lang='grc' dir='ltr'>γραφή.</span> <span class='ocrx_word' id='word_1_641' title='bbox 3195 3125 3500 3195; x_wconf 83' lang='grc' dir='ltr'>Εὒχόμενος</span> <span class='ocrx_word' id='word_1_642' title='bbox 3524 3124 3574 3177; x_wconf 82' lang='grc' dir='ltr'>δὲ</span> 
     </span>
    </p>
   </div>
   <div class='ocr_carea' id='block_1_83' title="bbox 2016 3212 3573 3287">
    <p class='ocr_par' dir='ltr' id='par_1_83' title="bbox 2016 3212 3573 3287">
     <span class='ocr_line' id='line_1_83' title="bbox 2016 3212 3573 3287; baseline 0 -19"><span class='ocrx_word' id='word_1_643' title='bbox 2016 3214 2150 3285; x_wconf 83' lang='grc' dir='ltr'>πρὸς</span> <span class='ocrx_word' id='word_1_644' title='bbox 2180 3214 2237 3266; x_wconf 83' lang='grc' dir='ltr'><strong>σὲ</strong></span> <span class='ocrx_word' id='word_1_645' title='bbox 2259 3214 2348 3266; x_wconf 87' lang='grc' dir='ltr'><strong>τὸν</strong></span> <span class='ocrx_word' id='word_1_646' title='bbox 2379 3212 2582 3285; x_wconf 82' lang='grc' dir='ltr'>Κύριον</span> <span class='ocrx_word' id='word_1_647' title='bbox 2599 3213 2770 3266; x_wconf 90' lang='grc' dir='ltr'>ταῦτα</span> <span class='ocrx_word' id='word_1_648' title='bbox 2791 3214 2993 3282; x_wconf 77' lang='grc' dir='ltr'>έλεγοψ</span> <span class='ocrx_word' id='word_1_649' title='bbox 3037 3234 3056 3267; x_wconf 84' lang='grc'>‹</span> <span class='ocrx_word' id='word_1_650' title='bbox 3084 3218 3290 3287; x_wconf 81' lang='grc' dir='ltr'>Καιρὸς</span> <span class='ocrx_word' id='word_1_651' title='bbox 3323 3216 3573 3277; x_wconf 81' lang='grc' dir='ltr'>εὐδοκίας,</span> 
     </span>
    </p>
   </div>
   <div class='ocr_carea' id='block_1_84' title="bbox 2014 3303 3573 3378">
    <p class='ocr_par' dir='ltr' id='par_1_84' title="bbox 2014 3303 3573 3378">
     <span class='ocr_line' id='line_1_84' title="bbox 2014 3303 3573 3378; baseline 0.002 -22"><span class='ocrx_word' id='word_1_652' title='bbox 2014 3305 2043 3356; x_wconf 87' lang='grc' dir='ltr'><strong>ὁ</strong></span> <span class='ocrx_word' id='word_1_653' title='bbox 2079 3305 2228 3368; x_wconf 86' lang='grc' dir='ltr'>Θεός·</span> <span class='ocrx_word' id='word_1_654' title='bbox 2265 3325 2282 3356; x_wconf 75' lang='grc' dir='ltr'><strong>ι</strong></span> <span class='ocrx_word' id='word_1_655' title='bbox 2313 3304 2368 3375; x_wconf 82' lang='grc' dir='ltr'>ἢ,</span> <span class='ocrx_word' id='word_1_656' title='bbox 2398 3303 2538 3357; x_wconf 83' lang='grc' dir='ltr'>κατὰ</span> <span class='ocrx_word' id='word_1_657' title='bbox 2567 3305 2982 3376; x_wconf 77' lang='grc' dir='ltr'>τὸνΣύμμαχονο</span> <span class='ocrx_word' id='word_1_658' title='bbox 3021 3326 3038 3357; x_wconf 83' lang='grc' dir='ltr'><strong>ι</strong></span> <span class='ocrx_word' id='word_1_659' title='bbox 3063 3307 3252 3378; x_wconf 85' lang='grc' dir='ltr'>καιρὸς</span> <span class='ocrx_word' id='word_1_660' title='bbox 3277 3307 3573 3377; x_wconf 79' lang='grc' dir='ltr'>διαλλαγῆς.</span> 
     </span>
    </p>
   </div>
   <div class='ocr_carea' id='block_1_85' title="bbox 2027 3395 3570 3470">
    <p class='ocr_par' dir='ltr' id='par_1_85' title="bbox 2027 3395 3570 3470">
     <span class='ocr_line' id='line_1_85' title="bbox 2027 3395 3570 3470; baseline 0 -22"><span class='ocrx_word' id='word_1_661' title='bbox 2027 3395 2084 3448; x_wconf 86' lang='lat'><strong>&#39;0</strong></span> <span class='ocrx_word' id='word_1_662' title='bbox 2101 3396 2250 3460; x_wconf 82' lang='grc' dir='ltr'>Θεὸς,</span> <span class='ocrx_word' id='word_1_663' title='bbox 2281 3398 2338 3449; x_wconf 89' lang='grc' dir='ltr'><strong>ἐν</strong></span> <span class='ocrx_word' id='word_1_664' title='bbox 2361 3396 2438 3467; x_wconf 85' lang='grc' dir='ltr'>τῷ</span> <span class='ocrx_word' id='word_1_665' title='bbox 2454 3396 2649 3468; x_wconf 82' lang='grc' dir='ltr'>πλήθει</span> <span class='ocrx_word' id='word_1_666' title='bbox 2663 3397 2756 3449; x_wconf 89' lang='grc' dir='ltr'><strong>τοῦ</strong></span> <span class='ocrx_word' id='word_1_667' title='bbox 2778 3397 2960 3461; x_wconf 78' lang='grc' dir='ltr'>ἐλέους</span> <span class='ocrx_word' id='word_1_668' title='bbox 2976 3415 3068 3450; x_wconf 92' lang='grc' dir='ltr'><strong>σου</strong></span> <span class='ocrx_word' id='word_1_669' title='bbox 3090 3399 3395 3452; x_wconf 59' lang='grc' dir='ltr'>ἐπάωυσὸν</span> <span class='ocrx_word' id='word_1_670' title='bbox 3417 3416 3531 3470; x_wconf 83' lang='grc' dir='ltr'>μου.</span> <span class='ocrx_word' id='word_1_671' title='bbox 3553 3416 3570 3448; x_wconf 72' lang='grc' dir='ltr'><strong>ι</strong></span> 
     </span>
    </p>
   </div>
   <div class='ocr_carea' id='block_1_86' title="bbox 2016 3487 3577 3561">
    <p class='ocr_par' dir='ltr' id='par_1_86' title="bbox 2016 3487 3577 3561">
     <span class='ocr_line' id='line_1_86' title="bbox 2016 3487 3577 3561; baseline 0.001 -21"><span class='ocrx_word' id='word_1_672' title='bbox 2016 3487 2078 3540; x_wconf 82' lang='lat' dir='ltr'><strong>El</strong></span> <span class='ocrx_word' id='word_1_673' title='bbox 2104 3487 2211 3559; x_wconf 85' lang='grc' dir='ltr'>γὰρ</span> <span class='ocrx_word' id='word_1_674' title='bbox 2249 3487 2341 3540; x_wconf 91' lang='grc' dir='ltr'><strong>καί</strong></span> <span class='ocrx_word' id='word_1_675' title='bbox 2375 3503 2503 3540; x_wconf 89' lang='grc' dir='ltr'>ποτε</span> <span class='ocrx_word' id='word_1_676' title='bbox 2527 3487 2712 3540; x_wconf 81' lang='grc' dir='ltr'>ἄλλοτε</span> <span class='ocrx_word' id='word_1_677' title='bbox 2743 3489 2860 3559; x_wconf 83' lang='grc' dir='ltr'>ήσὴ</span> <span class='ocrx_word' id='word_1_678' title='bbox 2877 3487 2968 3541; x_wconf 90' lang='grc' dir='ltr'><strong>τοῦ</strong></span> <span class='ocrx_word' id='word_1_679' title='bbox 2997 3489 3209 3560; x_wconf 83' lang='grc' dir='ltr'>Πατρὸς</span> <span class='ocrx_word' id='word_1_680' title='bbox 3243 3490 3577 3561; x_wconf 80' lang='grc' dir='ltr'>ἐμαρτύρησε</span> 
     </span>
    </p>
   </div>
   <div class='ocr_carea' id='block_1_87' title="bbox 2015 3577 3574 3654">
    <p class='ocr_par' dir='ltr' id='par_1_87' title="bbox 2015 3577 3574 3654">
     <span class='ocr_line' id='line_1_87' title="bbox 2015 3577 3574 3654; baseline 0.002 -21"><span class='ocrx_word' id='word_1_681' title='bbox 2015 3582 2165 3652; x_wconf 82' lang='grc' dir='ltr'>φωνὴ</span> <span class='ocrx_word' id='word_1_682' title='bbox 2198 3581 2447 3649; x_wconf 82' lang='grc' dir='ltr'>λέγουσα·</span> <span class='ocrx_word' id='word_1_683' title='bbox 2491 3601 2509 3634; x_wconf 77' lang='grc' dir='ltr'><strong>ι</strong></span> <span class='ocrx_word' id='word_1_684' title='bbox 2537 3577 2702 3645; x_wconf 77' lang='grc' dir='ltr'>Οὗτός</span> <span class='ocrx_word' id='word_1_685' title='bbox 2729 3585 2874 3635; x_wconf 90' lang='grc' dir='ltr'>ἐστιν</span> <span class='ocrx_word' id='word_1_686' title='bbox 2894 3584 2921 3635; x_wconf 82' lang='grc' dir='ltr'><strong>ὁ</strong></span> <span class='ocrx_word' id='word_1_687' title='bbox 2953 3581 3079 3645; x_wconf 80' lang='grc' dir='ltr'>Υἱός</span> <span class='ocrx_word' id='word_1_688' title='bbox 3108 3600 3206 3653; x_wconf 87' lang='grc' dir='ltr'><strong>μου</strong></span> <span class='ocrx_word' id='word_1_689' title='bbox 3238 3586 3266 3636; x_wconf 84' lang='grc' dir='ltr'>ὁ</span> <span class='ocrx_word' id='word_1_690' title='bbox 3285 3584 3574 3654; x_wconf 77' lang='grc' dir='ltr'>ἀγαπητὸς,</span> 
     </span>
    </p>
   </div>
   <div class='ocr_carea' id='block_1_88' title="bbox 2013 3670 3577 3748">
    <p class='ocr_par' dir='ltr' id='par_1_88' title="bbox 2013 3670 3577 3748">
     <span class='ocr_line' id='line_1_88' title="bbox 2013 3670 3577 3748; baseline 0.001 -19"><span class='ocrx_word' id='word_1_691' title='bbox 2013 3677 2072 3730; x_wconf 89' lang='grc' dir='ltr'><strong>ἐν</strong></span> <span class='ocrx_word' id='word_1_692' title='bbox 2095 3670 2138 3744; x_wconf 80' lang='grc' dir='ltr'>ᾧ</span> <span class='ocrx_word' id='word_1_693' title='bbox 2168 3677 2464 3748; x_wconf 81' lang='grc' dir='ltr'>ηὐδόκησα.</span> <span class='ocrx_word' id='word_1_694' title='bbox 2497 3695 2515 3728; x_wconf 69' lang='grc' dir='ltr'><strong>ι</strong></span> <span class='ocrx_word' id='word_1_695' title='bbox 2565 3676 2722 3730; x_wconf 76' lang='grc' dir='ltr'>Ἀλλὰ</span> <span class='ocrx_word' id='word_1_696' title='bbox 2748 3677 2841 3730; x_wconf 90' lang='grc' dir='ltr'><strong>νῦν</strong></span> <span class='ocrx_word' id='word_1_697' title='bbox 2875 3677 3108 3746; x_wconf 88' lang='grc' dir='ltr'>μάλιστα</span> <span class='ocrx_word' id='word_1_698' title='bbox 3131 3677 3324 3748; x_wconf 84' lang='grc' dir='ltr'>καιρός</span> <span class='ocrx_word' id='word_1_699' title='bbox 3358 3679 3577 3747; x_wconf 74' lang='grc' dir='ltr'>ἐστιτῆς</span> 
     </span>
    </p>
   </div>
   <div class='ocr_carea' id='block_1_89' title="bbox 2013 3766 3574 3838">
    <p class='ocr_par' dir='ltr' id='par_1_89' title="bbox 2013 3766 3574 3838">
     <span class='ocr_line' id='line_1_89' title="bbox 2013 3766 3574 3838; baseline -0.001 -18"><span class='ocrx_word' id='word_1_700' title='bbox 2013 3767 2278 3830; x_wconf 84' lang='grc' dir='ltr'>εὐδοκίας·</span> <span class='ocrx_word' id='word_1_701' title='bbox 2307 3766 2386 3820; x_wconf 86' lang='grc' dir='ltr'><strong>διδ</strong></span> <span class='ocrx_word' id='word_1_702' title='bbox 2417 3766 2644 3821; x_wconf 77' lang='grc' dir='ltr'>ἱκετεύω</span> <span class='ocrx_word' id='word_1_703' title='bbox 2675 3770 2733 3821; x_wconf 87' lang='grc' dir='ltr'><strong>ἐν</strong></span> <span class='ocrx_word' id='word_1_704' title='bbox 2783 3767 2858 3838; x_wconf 84' lang='grc' dir='ltr'>τῷ</span> <span class='ocrx_word' id='word_1_705' title='bbox 2900 3767 3090 3838; x_wconf 87' lang='grc' dir='ltr'>πλήθει</span> <span class='ocrx_word' id='word_1_706' title='bbox 3122 3768 3216 3821; x_wconf 90' lang='grc' dir='ltr'><strong>τοῦ</strong></span> <span class='ocrx_word' id='word_1_707' title='bbox 3260 3769 3448 3833; x_wconf 83' lang='grc' dir='ltr'>ἐλέους</span> <span class='ocrx_word' id='word_1_708' title='bbox 3492 3785 3574 3821; x_wconf 76' lang='grc' dir='ltr'><strong>σου</strong></span> 
     </span>
    </p>
   </div>
   <div class='ocr_carea' id='block_1_90' title="bbox 2013 3856 3577 3930">
    <p class='ocr_par' dir='ltr' id='par_1_90' title="bbox 2013 3856 3577 3930">
     <span class='ocr_line' id='line_1_90' title="bbox 2013 3856 3577 3930; baseline 0.002 -22"><span class='ocrx_word' id='word_1_709' title='bbox 2013 3856 2314 3910; x_wconf 79' lang='grc' dir='ltr'>ἐπακοῦσαι</span> <span class='ocrx_word' id='word_1_710' title='bbox 2342 3874 2465 3927; x_wconf 89' lang='grc' dir='ltr'>μου,</span> <span class='ocrx_word' id='word_1_711' title='bbox 2493 3857 2586 3910; x_wconf 79' lang='grc' dir='ltr'><strong>καὶ</strong></span> <span class='ocrx_word' id='word_1_712' title='bbox 2615 3858 2671 3910; x_wconf 87' lang='grc' dir='ltr'><strong>ἐν</strong></span> <span class='ocrx_word' id='word_1_713' title='bbox 2694 3857 2921 3929; x_wconf 75' lang='grc' dir='ltr'>ἀληθείᾳ</span> <span class='ocrx_word' id='word_1_714' title='bbox 2937 3857 3037 3928; x_wconf 81' lang='grc' dir='ltr'>τῆς</span> <span class='ocrx_word' id='word_1_715' title='bbox 3060 3858 3331 3930; x_wconf 84' lang='grc' dir='ltr'>σωτηρίας</span> <span class='ocrx_word' id='word_1_716' title='bbox 3357 3875 3454 3913; x_wconf 87' lang='grc' dir='ltr'><strong>σου</strong></span> <span class='ocrx_word' id='word_1_717' title='bbox 3483 3857 3577 3911; x_wconf 84' lang='grc' dir='ltr'>σῶ-</span> 
     </span>
    </p>
   </div>
   <div class='ocr_carea' id='block_1_91' title="bbox 2015 3944 3574 4018">
    <p class='ocr_par' dir='ltr' id='par_1_91' title="bbox 2015 3944 3574 4018">
     <span class='ocr_line' id='line_1_91' title="bbox 2015 3944 3574 4018; baseline 0.001 -21"><span class='ocrx_word' id='word_1_718' title='bbox 2015 3944 2102 3998; x_wconf 82' lang='grc' dir='ltr'><strong>σαί</strong></span> <span class='ocrx_word' id='word_1_719' title='bbox 2133 3962 2219 4015; x_wconf 87' lang='grc' dir='ltr'>με.</span> <span class='ocrx_word' id='word_1_720' title='bbox 2255 3945 2328 4000; x_wconf 83' lang='grc' dir='ltr'>Ού</span> <span class='ocrx_word' id='word_1_721' title='bbox 2365 3947 2473 4016; x_wconf 82' lang='grc' dir='ltr'>γὰρ</span> <span class='ocrx_word' id='word_1_722' title='bbox 2511 3945 2855 4018; x_wconf 86' lang='grc' dir='ltr'>ἀνθρωπίνης</span> <span class='ocrx_word' id='word_1_723' title='bbox 2886 3948 3075 4018; x_wconf 85' lang='grc' dir='ltr'>δέομαι</span> <span class='ocrx_word' id='word_1_724' title='bbox 3107 3949 3418 4018; x_wconf 87' lang='grc' dir='ltr'>σωτηρίας,</span> <span class='ocrx_word' id='word_1_725' title='bbox 3450 3947 3574 4002; x_wconf 71' lang='grc' dir='ltr'>ἀλλὰ</span> 
     </span>
    </p>
   </div>
   <div class='ocr_carea' id='block_1_92' title="bbox 2012 4035 3576 4109">
    <p class='ocr_par' dir='ltr' id='par_1_92' title="bbox 2012 4035 3576 4109">
     <span class='ocr_line' id='line_1_92' title="bbox 2012 4035 3576 4109; baseline 0 -22"><span class='ocrx_word' id='word_1_726' title='bbox 2012 4035 2108 4106; x_wconf 81' lang='grc' dir='ltr'>τῆς</span> <span class='ocrx_word' id='word_1_727' title='bbox 2129 4037 2378 4107; x_wconf 73' lang='grc' dir='ltr'>ἀληθοῦςο</span> <span class='ocrx_word' id='word_1_728' title='bbox 2416 4037 2650 4106; x_wconf 89' lang='grc' dir='ltr'>Τοιαύτη</span> <span class='ocrx_word' id='word_1_729' title='bbox 2687 4037 2744 4090; x_wconf 84' lang='grc' dir='ltr'><strong>δέ</strong></span> <span class='ocrx_word' id='word_1_730' title='bbox 2779 4039 2926 4091; x_wconf 88' lang='grc' dir='ltr'>ἐστιν</span> <span class='ocrx_word' id='word_1_731' title='bbox 2957 4039 2990 4108; x_wconf 77' lang='grc' dir='ltr'><strong>ἡ</strong></span> <span class='ocrx_word' id='word_1_732' title='bbox 3025 4037 3176 4109; x_wconf 79' lang='grc' dir='ltr'>παρὰ</span> <span class='ocrx_word' id='word_1_733' title='bbox 3215 4037 3330 4102; x_wconf 89' lang='grc' dir='ltr'>σοῦ,</span> <span class='ocrx_word' id='word_1_734' title='bbox 3363 4037 3486 4092; x_wconf 81' lang='grc' dir='ltr'>καθ’</span> <span class='ocrx_word' id='word_1_735' title='bbox 3517 4038 3576 4107; x_wconf 83' lang='grc' dir='ltr'>ἣν</span> 
     </span>
    </p>
   </div>
   <div class='ocr_carea' id='block_1_93' title="bbox 2015 4126 3574 4200">
    <p class='ocr_par' dir='ltr' id='par_1_93' title="bbox 2015 4126 3574 4200">
     <span class='ocr_line' id='line_1_93' title="bbox 2015 4126 3574 4200; baseline 0.001 -22"><span class='ocrx_word' id='word_1_736' title='bbox 2015 4126 2251 4197; x_wconf 83' lang='grc' dir='ltr'>σωθῆναι</span> <span class='ocrx_word' id='word_1_737' title='bbox 2271 4127 2493 4180; x_wconf 88' lang='grc' dir='ltr'>ἱκετεύω</span> <span class='ocrx_word' id='word_1_738' title='bbox 2508 4127 2614 4181; x_wconf 85' lang='grc' dir='ltr'>ἀπὸ</span> <span class='ocrx_word' id='word_1_739' title='bbox 2635 4127 2828 4199; x_wconf 88' lang='grc' dir='ltr'>πηλοῦ,</span> <span class='ocrx_word' id='word_1_740' title='bbox 2850 4129 2938 4182; x_wconf 85' lang='grc' dir='ltr'><strong>ἴνα</strong></span> <span class='ocrx_word' id='word_1_741' title='bbox 2966 4130 3039 4200; x_wconf 82' lang='grc' dir='ltr'>μὴ</span> <span class='ocrx_word' id='word_1_742' title='bbox 3066 4129 3318 4199; x_wconf 82' lang='grc' dir='ltr'>ἐμπαγῶ.</span> <span class='ocrx_word' id='word_1_743' title='bbox 3355 4127 3574 4181; x_wconf 61' lang='grc' dir='ltr'>Ποίουῶ</span> 
     </span>
    </p>
   </div>
   <div class='ocr_carea' id='block_1_94' title="bbox 2013 4212 3576 4293">
    <p class='ocr_par' dir='ltr' id='par_1_94' title="bbox 2013 4212 3576 4293">
     <span class='ocr_line' id='line_1_94' title="bbox 2013 4212 3576 4293; baseline 0.001 -24"><span class='ocrx_word' id='word_1_744' title='bbox 2013 4217 2207 4287; x_wconf 88' lang='grc' dir='ltr'>πηλοῦ,</span> <span class='ocrx_word' id='word_1_745' title='bbox 2223 4219 2254 4288; x_wconf 83' lang='grc' dir='ltr'>ἢ</span> <span class='ocrx_word' id='word_1_746' title='bbox 2282 4236 2349 4270; x_wconf 90' lang='grc' dir='ltr'><strong>πε</strong></span> <span class='ocrx_word' id='word_1_747' title='bbox 2357 4219 2411 4290; x_wconf 72' lang='grc' dir='ltr'>ρὶ</span> <span class='ocrx_word' id='word_1_748' title='bbox 2423 4212 2482 4272; x_wconf 76' lang='grc' dir='ltr'><strong>οῦ</strong></span> <span class='ocrx_word' id='word_1_749' title='bbox 2496 4220 2748 4290; x_wconf 87' lang='grc' dir='ltr'>ἀνωτέρω</span> <span class='ocrx_word' id='word_1_750' title='bbox 2767 4220 2970 4289; x_wconf 70' lang='grc' dir='ltr'>ἔλεγονο</span> <span class='ocrx_word' id='word_1_751' title='bbox 2998 4241 3016 4272; x_wconf 88' lang='grc'><strong>‹</strong></span> <span class='ocrx_word' id='word_1_752' title='bbox 3040 4221 3340 4293; x_wconf 82' lang='grc' dir='ltr'>Ἐνεπάγην</span> <span class='ocrx_word' id='word_1_753' title='bbox 3355 4223 3435 4285; x_wconf 85' lang='grc' dir='ltr'><strong>είς</strong></span> <span class='ocrx_word' id='word_1_754' title='bbox 3453 4220 3576 4290; x_wconf 77' lang='grc' dir='ltr'>ὓλην</span> 
     </span>
    </p>
   </div>
   <div class='ocr_carea' id='block_1_95' title="bbox 2015 4305 3574 4383">
    <p class='ocr_par' dir='ltr' id='par_1_95' title="bbox 2015 4305 3574 4383">
     <span class='ocr_line' id='line_1_95' title="bbox 2015 4305 3574 4383; baseline 0.001 -23"><span class='ocrx_word' id='word_1_755' title='bbox 2015 4305 2196 4378; x_wconf 81' lang='grc' dir='ltr'>βυθοῦ,</span> <span class='ocrx_word' id='word_1_756' title='bbox 2221 4310 2314 4362; x_wconf 62' lang='grc' dir='ltr'><strong>κα)⁹</strong></span> <span class='ocrx_word' id='word_1_757' title='bbox 2342 4310 2441 4362; x_wconf 84' lang='grc' dir='ltr'><strong>ούκ</strong></span> <span class='ocrx_word' id='word_1_758' title='bbox 2458 4309 2600 4363; x_wconf 81' lang='grc' dir='ltr'>ἐστιν</span> <span class='ocrx_word' id='word_1_759' title='bbox 2623 4312 2948 4377; x_wconf 55' lang='lat' dir='ltr'><strong>budaeus-Lg;</strong></span> <span class='ocrx_word' id='word_1_760' title='bbox 2979 4331 2995 4363; x_wconf 72' lang='grc' dir='ltr'><strong>ι</strong></span> <span class='ocrx_word' id='word_1_761' title='bbox 3016 4311 3078 4364; x_wconf 88' lang='grc' dir='ltr'><strong>Ἦ</strong></span> <span class='ocrx_word' id='word_1_762' title='bbox 3103 4311 3209 4380; x_wconf 88' lang='grc' dir='ltr'>γὰρ</span> <span class='ocrx_word' id='word_1_763' title='bbox 3228 4312 3484 4383; x_wconf 86' lang='grc' dir='ltr'>ἀνωτέρω</span> <span class='ocrx_word' id='word_1_764' title='bbox 3496 4311 3574 4362; x_wconf 85' lang='grc' dir='ltr'>λε-</span> 
     </span>
    </p>
   </div>
   <div class='ocr_carea' id='block_1_96' title="bbox 2013 4399 3573 4474">
    <p class='ocr_par' dir='ltr' id='par_1_96' title="bbox 2013 4399 3573 4474">
     <span class='ocr_line' id='line_1_96' title="bbox 2013 4399 3573 4474; baseline 0 -22"><span class='ocrx_word' id='word_1_765' title='bbox 2013 4399 2199 4470; x_wconf 87' lang='grc' dir='ltr'>χθεῖσα</span> <span class='ocrx_word' id='word_1_766' title='bbox 2219 4400 2332 4464; x_wconf 81' lang='grc' dir='ltr'>ίλὺς</span> <span class='ocrx_word' id='word_1_767' title='bbox 2351 4400 2511 4472; x_wconf 80' lang='grc' dir='ltr'>βυθοῦ</span> <span class='ocrx_word' id='word_1_768' title='bbox 2534 4401 2766 4454; x_wconf 86' lang='grc' dir='ltr'>ἐνταῦθα</span> <span class='ocrx_word' id='word_1_769' title='bbox 2782 4402 2950 4472; x_wconf 83' lang='grc' dir='ltr'>πηλὸς</span> <span class='ocrx_word' id='word_1_770' title='bbox 2971 4400 3307 4473; x_wconf 86' lang='grc' dir='ltr'>ὠνόμασται.</span> <span class='ocrx_word' id='word_1_771' title='bbox 3321 4404 3396 4473; x_wconf 87' lang='grc' dir='ltr'>Ση</span> <span class='ocrx_word' id='word_1_772' title='bbox 3406 4402 3573 4474; x_wconf 81' lang='grc' dir='ltr'>μαίνει</span> 
     </span>
    </p>
   </div>
   <div class='ocr_carea' id='block_1_97' title="bbox 2013 4491 3569 4563">
    <p class='ocr_par' dir='ltr' id='par_1_97' title="bbox 2013 4491 3569 4563">
     <span class='ocr_line' id='line_1_97' title="bbox 2013 4491 3569 4563; baseline -0.001 -20"><span class='ocrx_word' id='word_1_773' title='bbox 2013 4491 2069 4543; x_wconf 86' lang='grc' dir='ltr'>δὲ</span> <span class='ocrx_word' id='word_1_774' title='bbox 2093 4491 2178 4544; x_wconf 80' lang='grc' dir='ltr'>διὰ</span> <span class='ocrx_word' id='word_1_775' title='bbox 2198 4491 2398 4544; x_wconf 90' lang='grc' dir='ltr'>τούτων</span> <span class='ocrx_word' id='word_1_776' title='bbox 2422 4491 2519 4562; x_wconf 86' lang='grc' dir='ltr'><strong>τὴν</strong></span> <span class='ocrx_word' id='word_1_777' title='bbox 2549 4492 2642 4545; x_wconf 88' lang='grc' dir='ltr'><strong>τοῦ</strong></span> <span class='ocrx_word' id='word_1_778' title='bbox 2689 4491 2938 4562; x_wconf 84' lang='grc' dir='ltr'>σώματος</span> <span class='ocrx_word' id='word_1_779' title='bbox 2970 4494 3027 4545; x_wconf 86' lang='grc' dir='ltr'><strong>ἐν</strong></span> <span class='ocrx_word' id='word_1_780' title='bbox 3066 4493 3143 4563; x_wconf 83' lang='grc' dir='ltr'><strong>τῷ</strong></span> <span class='ocrx_word' id='word_1_781' title='bbox 3169 4492 3381 4563; x_wconf 81' lang='grc' dir='ltr'>θανάτῳ</span> <span class='ocrx_word' id='word_1_782' title='bbox 3407 4492 3569 4550; x_wconf 88' lang='grc' dir='ltr'>λύσιν.</span> 
     </span>
    </p>
   </div>
   <div class='ocr_carea' id='block_1_98' title="bbox 2014 4579 3574 4655">
    <p class='ocr_par' dir='ltr' id='par_1_98' title="bbox 2014 4579 3574 4655">
     <span class='ocr_line' id='line_1_98' title="bbox 2014 4579 3574 4655; baseline -0.001 -20"><span class='ocrx_word' id='word_1_783' title='bbox 2014 4583 2140 4655; x_wconf 80' lang='grc' dir='ltr'>περὶ</span> <span class='ocrx_word' id='word_1_784' title='bbox 2189 4579 2255 4655; x_wconf 79' lang='grc' dir='ltr'><strong>ἧς</strong></span> <span class='ocrx_word' id='word_1_785' title='bbox 2314 4586 2370 4635; x_wconf 90' lang='grc' dir='ltr'><strong>ἐν</strong></span> <span class='ocrx_word' id='word_1_786' title='bbox 2427 4584 2597 4654; x_wconf 79' lang='grc' dir='ltr'>ἑτέρῳ</span> <span class='ocrx_word' id='word_1_787' title='bbox 2639 4583 2874 4653; x_wconf 73' lang='grc' dir='ltr'>ἔφασκεν</span> <span class='ocrx_word' id='word_1_788' title='bbox 2907 4600 2920 4614; x_wconf 81' lang='grc'><em>’</em></span> <span class='ocrx_word' id='word_1_789' title='bbox 2961 4601 2980 4636; x_wconf 78' lang='grc' dir='ltr'><strong>ι</strong></span> <span class='ocrx_word' id='word_1_790' title='bbox 3030 4584 3143 4636; x_wconf 82' lang='grc' dir='ltr'><strong>Οὐκ</strong></span> <span class='ocrx_word' id='word_1_791' title='bbox 3174 4583 3574 4652; x_wconf 74' lang='grc' dir='ltr'>ἐγκαταλείψεις</span> 
     </span>
    </p>
   </div>
   <div class='ocr_carea' id='block_1_99' title="bbox 2011 4673 3572 4746">
    <p class='ocr_par' dir='ltr' id='par_1_99' title="bbox 2011 4673 3572 4746">
     <span class='ocr_line' id='line_1_99' title="bbox 2011 4673 3572 4746; baseline 0.001 -22"><span class='ocrx_word' id='word_1_792' title='bbox 2011 4674 2109 4744; x_wconf 78' lang='grc' dir='ltr'>τὴν</span> <span class='ocrx_word' id='word_1_793' title='bbox 2160 4673 2336 4744; x_wconf 79' lang='grc' dir='ltr'>ψυχήν</span> <span class='ocrx_word' id='word_1_794' title='bbox 2390 4692 2490 4744; x_wconf 86' lang='grc' dir='ltr'><strong>μου</strong></span> <span class='ocrx_word' id='word_1_795' title='bbox 2541 4676 2621 4727; x_wconf 79' lang='grc' dir='ltr'><strong>είς</strong></span> <span class='ocrx_word' id='word_1_796' title='bbox 2669 4675 2759 4728; x_wconf 84' lang='grc' dir='ltr'><strong>τὸν</strong></span> <span class='ocrx_word' id='word_1_797' title='bbox 2825 4675 2956 4746; x_wconf 73' lang='grc' dir='ltr'>ᾅδην</span> <span class='ocrx_word' id='word_1_798' title='bbox 2985 4714 3000 4740; x_wconf 91' lang='grc'><strong>,</strong></span> <span class='ocrx_word' id='word_1_799' title='bbox 3061 4675 3182 4728; x_wconf 84' lang='grc' dir='ltr'>οὐδὲ</span> <span class='ocrx_word' id='word_1_800' title='bbox 3239 4675 3428 4738; x_wconf 79' lang='grc' dir='ltr'>δώσεις</span> <span class='ocrx_word' id='word_1_801' title='bbox 3489 4674 3572 4727; x_wconf 81' lang='grc' dir='ltr'><strong>τὸν</strong></span> 
     </span>
    </p>
   </div>
   <div class='ocr_carea' id='block_1_100' title="bbox 2009 4763 3569 4838">
    <p class='ocr_par' dir='ltr' id='par_1_100' title="bbox 2009 4763 3569 4838">
     <span class='ocr_line' id='line_1_100' title="bbox 2009 4763 3569 4838; baseline 0 -22"><span class='ocrx_word' id='word_1_802' title='bbox 2009 4764 2150 4818; x_wconf 82' lang='grc' dir='ltr'>ὅσιόν</span> <span class='ocrx_word' id='word_1_803' title='bbox 2206 4783 2298 4818; x_wconf 90' lang='grc' dir='ltr'><strong>σου</strong></span> <span class='ocrx_word' id='word_1_804' title='bbox 2349 4765 2474 4818; x_wconf 79' lang='grc' dir='ltr'>ἰδεῖν</span> <span class='ocrx_word' id='word_1_805' title='bbox 2524 4766 2837 4838; x_wconf 81' lang='grc' dir='ltr'>διαφθοράν.</span> <span class='ocrx_word' id='word_1_806' title='bbox 2882 4786 2900 4818; x_wconf 73' lang='grc' dir='ltr'><strong>ι</strong></span> <span class='ocrx_word' id='word_1_807' title='bbox 2947 4767 3010 4819; x_wconf 80' lang='grc' dir='ltr'><strong>Οἱ</strong></span> <span class='ocrx_word' id='word_1_808' title='bbox 3050 4766 3148 4836; x_wconf 84' lang='grc' dir='ltr'><strong>μὲν</strong></span> <span class='ocrx_word' id='word_1_809' title='bbox 3192 4763 3285 4820; x_wconf 80' lang='grc' dir='ltr'><strong>οὖν</strong></span> <span class='ocrx_word' id='word_1_810' title='bbox 3335 4765 3437 4819; x_wconf 82' lang='grc' dir='ltr'><strong>ὑπὸ</strong></span> <span class='ocrx_word' id='word_1_811' title='bbox 3483 4764 3569 4818; x_wconf 86' lang='grc' dir='ltr'><strong>τοῦ</strong></span> 
     </span>
    </p>
   </div>
   <div class='ocr_carea' id='block_1_101' title="bbox 2011 4857 3572 4930">
    <p class='ocr_par' dir='ltr' id='par_1_101' title="bbox 2011 4857 3572 4930">
     <span class='ocr_line' id='line_1_101' title="bbox 2011 4857 3572 4930; baseline -0.001 -20"><span class='ocrx_word' id='word_1_812' title='bbox 2011 4857 2242 4912; x_wconf 86' lang='grc' dir='ltr'>θανάτου</span> <span class='ocrx_word' id='word_1_813' title='bbox 2289 4859 2668 4930; x_wconf 84' lang='grc' dir='ltr'>κρατηθέντες,</span> <span class='ocrx_word' id='word_1_814' title='bbox 2707 4859 3000 4930; x_wconf 86' lang='grc' dir='ltr'>διαφθορὰν</span> <span class='ocrx_word' id='word_1_815' title='bbox 3043 4859 3428 4930; x_wconf 78' lang='grc' dir='ltr'>ὑπομείναντες</span> <span class='ocrx_word' id='word_1_816' title='bbox 3486 4857 3572 4910; x_wconf 79' lang='grc' dir='ltr'><strong>καὶ</strong></span> 
     </span>
    </p>
   </div>
   <div class='ocr_carea' id='block_1_102' title="bbox 2009 4945 3572 5022">
    <p class='ocr_par' dir='ltr' id='par_1_102' title="bbox 2009 4945 3572 5022">
     <span class='ocr_line' id='line_1_102' title="bbox 2009 4945 3572 5022; baseline -0.001 -22"><span class='ocrx_word' id='word_1_817' title='bbox 2009 4949 2067 5001; x_wconf 89' lang='grc' dir='ltr'><strong>ἐν</strong></span> <span class='ocrx_word' id='word_1_818' title='bbox 2103 4949 2276 5022; x_wconf 80' lang='grc' dir='ltr'>φθορᾷ</span> <span class='ocrx_word' id='word_1_819' title='bbox 2309 4951 2608 5021; x_wconf 85' lang='grc' dir='ltr'>γενόμενοι,</span> <span class='ocrx_word' id='word_1_820' title='bbox 2645 4949 3094 5022; x_wconf 82' lang='grc' dir='ltr'>ἐναπομείναντές</span> <span class='ocrx_word' id='word_1_821' title='bbox 3117 4967 3176 5002; x_wconf 89' lang='grc' dir='ltr'><strong>τε</strong></span> <span class='ocrx_word' id='word_1_822' title='bbox 3207 4950 3364 5020; x_wconf 72' lang='grc' dir='ltr'>αὐτῇ,</span> <span class='ocrx_word' id='word_1_823' title='bbox 3386 4945 3572 5002; x_wconf 70' lang='grc' dir='ltr'>ἐνεπα-</span> 
     </span>
    </p>
   </div>
   <div class='ocr_carea' id='block_1_103' title="bbox 2009 5034 3569 5113">
    <p class='ocr_par' dir='ltr' id='par_1_103' title="bbox 2009 5034 3569 5113">
     <span class='ocr_line' id='line_1_103' title="bbox 2009 5034 3569 5113; baseline -0.004 -19"><span class='ocrx_word' id='word_1_824' title='bbox 2009 5057 2184 5111; x_wconf 90' lang='grc' dir='ltr'>γησαν</span> <span class='ocrx_word' id='word_1_825' title='bbox 2207 5043 2287 5104; x_wconf 88' lang='grc' dir='ltr'><strong>είς</strong></span> <span class='ocrx_word' id='word_1_826' title='bbox 2316 5042 2406 5094; x_wconf 82' lang='grc' dir='ltr'>τὸν</span> <span class='ocrx_word' id='word_1_827' title='bbox 2440 5041 2628 5111; x_wconf 86' lang='grc' dir='ltr'>πηλόν.</span> <span class='ocrx_word' id='word_1_828' title='bbox 2669 5041 2810 5110; x_wconf 86' lang='grc' dir='ltr'><strong>Ἐγὼ</strong></span> <span class='ocrx_word' id='word_1_829' title='bbox 2840 5042 2895 5095; x_wconf 83' lang='grc' dir='ltr'><strong>δὲ</strong></span> <span class='ocrx_word' id='word_1_830' title='bbox 2930 5043 2978 5094; x_wconf 84' lang='grc' dir='ltr'><strong>εί</strong></span> <span class='ocrx_word' id='word_1_831' title='bbox 3004 5043 3098 5096; x_wconf 77' lang='grc' dir='ltr'><strong>καὶ</strong></span> <span class='ocrx_word' id='word_1_832' title='bbox 3119 5039 3385 5113; x_wconf 82' lang='grc' dir='ltr'>κατῆλθον</span> <span class='ocrx_word' id='word_1_833' title='bbox 3408 5034 3569 5090; x_wconf 80' lang='grc' dir='ltr'>κενώ-</span> 
     </span>
    </p>
   </div>
   <div class='ocr_carea' id='block_1_104' title="bbox 2015 5130 3566 5205">
    <p class='ocr_par' dir='ltr' id='par_1_104' title="bbox 2015 5130 3566 5205">
     <span class='ocr_line' id='line_1_104' title="bbox 2015 5130 3566 5205; baseline -0.004 -20"><span class='ocrx_word' id='word_1_834' title='bbox 2015 5150 2112 5196; x_wconf 90' lang='grc' dir='ltr'><strong>σας</strong></span> <span class='ocrx_word' id='word_1_835' title='bbox 2160 5132 2390 5203; x_wconf 80' lang='grc' dir='ltr'>ἐμαυτδν</span> <span class='ocrx_word' id='word_1_836' title='bbox 2451 5132 2610 5205; x_wconf 83' lang='grc' dir='ltr'>μέχρι</span> <span class='ocrx_word' id='word_1_837' title='bbox 2656 5130 2879 5187; x_wconf 84' lang='grc' dir='ltr'>τούτου·</span> <span class='ocrx_word' id='word_1_838' title='bbox 2932 5133 3044 5187; x_wconf 84' lang='grc' dir='ltr'>ἀλλ’</span> <span class='ocrx_word' id='word_1_839' title='bbox 3095 5133 3319 5186; x_wconf 81' lang='grc' dir='ltr'>ἱκετεύω</span> <span class='ocrx_word' id='word_1_840' title='bbox 3371 5131 3566 5198; x_wconf 84' lang='grc' dir='ltr'>λέγων’</span> 
     </span>
    </p>
   </div>
   <div class='ocr_carea' id='block_1_105' title="bbox 2019 5221 3567 5297">
    <p class='ocr_par' dir='ltr' id='par_1_105' title="bbox 2019 5221 3567 5297">
     <span class='ocr_line' id='line_1_105' title="bbox 2019 5221 3567 5297; baseline 0.003 -20"><span class='ocrx_word' id='word_1_841' title='bbox 2019 5246 2037 5276; x_wconf 78' lang='grc' dir='ltr'><strong>ι</strong></span> <span class='ocrx_word' id='word_1_842' title='bbox 2064 5225 2243 5278; x_wconf 85' lang='grc' dir='ltr'>Σῶσόν</span> <span class='ocrx_word' id='word_1_843' title='bbox 2275 5241 2340 5295; x_wconf 88' lang='grc' dir='ltr'><strong>με</strong></span> <span class='ocrx_word' id='word_1_844' title='bbox 2357 5224 2464 5278; x_wconf 77' lang='grc' dir='ltr'><strong>ἀπὸ</strong></span> <span class='ocrx_word' id='word_1_845' title='bbox 2487 5224 2679 5295; x_wconf 81' lang='grc' dir='ltr'>πηλοῦ,</span> <span class='ocrx_word' id='word_1_846' title='bbox 2704 5226 2792 5280; x_wconf 83' lang='grc' dir='ltr'><strong>ἵνα</strong></span> <span class='ocrx_word' id='word_1_847' title='bbox 2828 5225 2902 5297; x_wconf 81' lang='grc' dir='ltr'>μὴ</span> <span class='ocrx_word' id='word_1_848' title='bbox 2929 5223 3179 5296; x_wconf 82' lang='grc' dir='ltr'>ἐμπαγῶ.</span> <span class='ocrx_word' id='word_1_849' title='bbox 3210 5243 3228 5275; x_wconf 77' lang='grc' dir='ltr'><strong>ι</strong></span> <span class='ocrx_word' id='word_1_850' title='bbox 3254 5223 3333 5277; x_wconf 78' lang='grc' dir='ltr'><strong>Τὰ</strong></span> <span class='ocrx_word' id='word_1_851' title='bbox 3362 5222 3415 5276; x_wconf 82' lang='grc' dir='ltr'><strong>δέ</strong></span> <span class='ocrx_word' id='word_1_852' title='bbox 3445 5221 3567 5290; x_wconf 73' lang='grc' dir='ltr'><strong>ἑξῆς</strong></span> 
     </span>
    </p>
   </div>
   <div class='ocr_carea' id='block_1_106' title="bbox 345 5315 1882 5394">
    <p class='ocr_par' dir='ltr' id='par_1_106' title="bbox 345 5315 1882 5394">
     <span class='ocr_line' id='line_1_106' title="bbox 345 5315 1882 5394; baseline -0.003 -17"><span class='ocrx_word' id='word_1_853' title='bbox 345 5343 364 5377; x_wconf 79' lang='grc' dir='ltr'><strong>ι</strong></span> <span class='ocrx_word' id='word_1_854' title='bbox 411 5323 570 5394; x_wconf 87' lang='lat' dir='ltr'><strong>Eripe</strong></span> <span class='ocrx_word' id='word_1_855' title='bbox 597 5338 683 5377; x_wconf 91' lang='lat' dir='ltr'><strong>me</strong></span> <span class='ocrx_word' id='word_1_856' title='bbox 717 5321 785 5376; x_wconf 91' lang='lat' dir='ltr'><strong>de</strong></span> <span class='ocrx_word' id='word_1_857' title='bbox 829 5321 966 5385; x_wconf 88' lang='lat' dir='ltr'><strong>luto,</strong></span> <span class='ocrx_word' id='word_1_858' title='bbox 1000 5329 1060 5374; x_wconf 92' lang='lat' dir='ltr'><strong>ut</strong></span> <span class='ocrx_word' id='word_1_859' title='bbox 1105 5333 1216 5374; x_wconf 90' lang='lat' dir='ltr'><strong>non</strong></span> <span class='ocrx_word' id='word_1_860' title='bbox 1265 5318 1479 5388; x_wconf 76' lang='lat' dir='ltr'><strong>inﬁgar.</strong></span> <span class='ocrx_word' id='word_1_861' title='bbox 1518 5334 1536 5368; x_wconf 74' lang='grc' dir='ltr'><strong>ι</strong></span> <span class='ocrx_word' id='word_1_862' title='bbox 1565 5315 1695 5383; x_wconf 67' lang='lat' dir='ltr'><strong>Quae</strong></span> <span class='ocrx_word' id='word_1_863' title='bbox 1735 5333 1882 5386; x_wconf 79' lang='lat' dir='ltr'><strong>porrt</strong></span> 
     </span>
    </p>
   </div>
   <div class='ocr_carea' id='block_1_107' title="bbox 2018 5315 3566 5394">
    <p class='ocr_par' dir='ltr' id='par_1_107' title="bbox 2018 5315 3566 5388">
     <span class='ocr_line' id='line_1_107' title="bbox 2018 5315 3566 5388; baseline -0.003 -18"><span class='ocrx_word' id='word_1_864' title='bbox 2018 5316 2362 5387; x_wconf 62' lang='grc' dir='ltr'>ἐπιλεγόμενα</span> <span class='ocrx_word' id='word_1_865' title='bbox 2391 5315 2492 5380; x_wconf 82' lang='grc' dir='ltr'>τὰς</span> <span class='ocrx_word' id='word_1_866' title='bbox 2526 5319 2582 5370; x_wconf 85' lang='grc' dir='ltr'><strong>ἐν</strong></span> <span class='ocrx_word' id='word_1_867' title='bbox 2615 5317 2761 5388; x_wconf 81' lang='grc' dir='ltr'>αὐτῷ</span> <span class='ocrx_word' id='word_1_868' title='bbox 2788 5317 2865 5388; x_wconf 81' lang='grc' dir='ltr'>τῷ</span> <span class='ocrx_word' id='word_1_869' title='bbox 2895 5317 3106 5388; x_wconf 78' lang='grc' dir='ltr'>θανάτῳ</span> <span class='ocrx_word' id='word_1_870' title='bbox 3138 5315 3390 5386; x_wconf 83' lang='grc' dir='ltr'>δυνάμεις</span> <span class='ocrx_word' id='word_1_871' title='bbox 3431 5327 3566 5382; x_wconf 84' lang='grc' dir='ltr'>παρ-</span> 
     </span>
    </p>
   </div>
   <div class='ocr_carea' id='block_1_108' title="bbox 341 5407 1898 5483">
    <p class='ocr_par' dir='ltr' id='par_1_108' title="bbox 341 5407 1898 5483">
     <span class='ocr_line' id='line_1_108' title="bbox 341 5407 1898 5483; baseline -0.005 -14"><span class='ocrx_word' id='word_1_872' title='bbox 341 5414 770 5483; x_wconf 88' lang='lat' dir='ltr'><strong>subsequuntur,</strong></span> <span class='ocrx_word' id='word_1_873' title='bbox 794 5411 1022 5465; x_wconf 88' lang='lat' dir='ltr'><strong>virtutes</strong></span> <span class='ocrx_word' id='word_1_874' title='bbox 1043 5408 1099 5463; x_wconf 90' lang='lat' dir='ltr'><strong>in</strong></span> <span class='ocrx_word' id='word_1_875' title='bbox 1127 5409 1243 5480; x_wconf 91' lang='lat' dir='ltr'><strong>ipsa</strong></span> <span class='ocrx_word' id='word_1_876' title='bbox 1267 5417 1440 5462; x_wconf 89' lang='lat' dir='ltr'><strong>morte</strong></span> <span class='ocrx_word' id='word_1_877' title='bbox 1468 5407 1600 5462; x_wconf 86' lang='lat' dir='ltr'><strong>sitas</strong></span> <span class='ocrx_word' id='word_1_878' title='bbox 1617 5407 1898 5475; x_wconf 90' lang='lat' dir='ltr'><strong>denotant,</strong></span> 
     </span>
    </p>
   </div>
   <div class='ocr_carea' id='block_1_109' title="bbox 337 5498 1901 5588">
    <p class='ocr_par' dir='ltr' id='par_1_109' title="bbox 337 5498 1901 5588">
     <span class='ocr_line' id='line_1_109' title="bbox 337 5498 1901 5588; baseline -0.005 -27"><span class='ocrx_word' id='word_1_879' title='bbox 337 5521 372 5588; x_wconf 59' lang='grc' dir='ltr'><strong>ρ</strong></span> <span class='ocrx_word' id='word_1_880' title='bbox 400 5506 596 5576; x_wconf 86' lang='lat' dir='ltr'><strong>quibus</strong></span> <span class='ocrx_word' id='word_1_881' title='bbox 625 5506 758 5574; x_wconf 87' lang='lat' dir='ltr'><strong>eripi</strong></span> <span class='ocrx_word' id='word_1_882' title='bbox 790 5519 848 5558; x_wconf 90' lang='lat' dir='ltr'><strong>se</strong></span> <span class='ocrx_word' id='word_1_883' title='bbox 879 5509 1032 5575; x_wconf 75' lang='lat' dir='ltr'><strong>rogat</strong></span> <span class='ocrx_word' id='word_1_884' title='bbox 1061 5501 1250 5555; x_wconf 85' lang='lat' dir='ltr'><strong>dicens</strong></span> <span class='ocrx_word' id='word_1_885' title='bbox 1277 5517 1290 5554; x_wconf 95' lang='lat'>:</span> <span class='ocrx_word' id='word_1_886' title='bbox 1323 5517 1344 5551; x_wconf 74' lang='grc' dir='ltr'><strong>ι</strong></span> <span class='ocrx_word' id='word_1_887' title='bbox 1381 5498 1602 5553; x_wconf 84' lang='lat' dir='ltr'><strong>Liberer</strong></span> <span class='ocrx_word' id='word_1_888' title='bbox 1625 5498 1694 5552; x_wconf 91' lang='lat' dir='ltr'><strong>ab</strong></span> <span class='ocrx_word' id='word_1_889' title='bbox 1720 5499 1786 5553; x_wconf 91' lang='lat' dir='ltr'><strong>iis</strong></span> <span class='ocrx_word' id='word_1_890' title='bbox 1808 5499 1901 5569; x_wconf 91' lang='lat' dir='ltr'><strong>qui</strong></span> 
     </span>
    </p>
   </div>
   <div class='ocr_carea' id='block_1_110' title="bbox 341 5589 1903 5665">
    <p class='ocr_par' dir='ltr' id='par_1_110' title="bbox 341 5589 1903 5665">
     <span class='ocr_line' id='line_1_110' title="bbox 341 5589 1903 5665; baseline -0.004 -13"><span class='ocrx_word' id='word_1_891' title='bbox 341 5593 577 5653; x_wconf 73' lang='lat' dir='ltr'><strong>ederunt</strong></span> <span class='ocrx_word' id='word_1_892' title='bbox 600 5611 708 5661; x_wconf 88' lang='lat' dir='ltr'><strong>me,</strong></span> <span class='ocrx_word' id='word_1_893' title='bbox 739 5604 795 5650; x_wconf 89' lang='lat' dir='ltr'><strong>et</strong></span> <span class='ocrx_word' id='word_1_894' title='bbox 829 5594 894 5651; x_wconf 91' lang='lat' dir='ltr'><strong>de</strong></span> <span class='ocrx_word' id='word_1_895' title='bbox 923 5593 1209 5665; x_wconf 79' lang='lat' dir='ltr'><strong>profundis</strong></span> <span class='ocrx_word' id='word_1_896' title='bbox 1236 5605 1520 5663; x_wconf 87' lang='lat' dir='ltr'><strong>aquarum.</strong></span> <span class='ocrx_word' id='word_1_897' title='bbox 1548 5589 1666 5644; x_wconf 86' lang='lat' dir='ltr'><strong>Non</strong></span> <span class='ocrx_word' id='word_1_898' title='bbox 1699 5606 1784 5646; x_wconf 90' lang='lat' dir='ltr'><strong>me</strong></span> <span class='ocrx_word' id='word_1_899' title='bbox 1810 5591 1903 5646; x_wconf 80' lang='lat' dir='ltr'><strong>de-</strong></span> 
     </span>
    </p>
   </div>
   <div class='ocr_carea' id='block_1_111' title="bbox 308 5770 1754 5843">
    <p class='ocr_par' dir='ltr' id='par_1_111' title="bbox 308 5770 1754 5843">
     <span class='ocr_line' id='line_1_111' title="bbox 308 5770 1754 5843; baseline -0.001 -14"><span class='ocrx_word' id='word_1_900' title='bbox 308 5806 310 5808; x_wconf 62' lang='grc' dir='ltr'><strong>τ</strong></span> <span class='ocrx_word' id='word_1_901' title='bbox 420 5778 466 5814; x_wconf 73' lang='grc'><strong>’³</strong></span> <span class='ocrx_word' id='word_1_902' title='bbox 496 5775 682 5832; x_wconf 76' lang='lat' dir='ltr'><strong>Matth.</strong></span> <span class='ocrx_word' id='word_1_903' title='bbox 722 5790 810 5840; x_wconf 79' lang='lat' dir='ltr'><strong>ut,</strong></span> <span class='ocrx_word' id='word_1_904' title='bbox 851 5775 948 5843; x_wconf 66' lang='grc' dir='ltr'><strong>ιη</strong></span> <span class='ocrx_word' id='word_1_905' title='bbox 979 5790 1112 5842; x_wconf 78' lang='grc' dir='ltr'>ινιι,</span> <span class='ocrx_word' id='word_1_906' title='bbox 1141 5775 1192 5828; x_wconf 83' lang='grc'><strong>5.</strong></span> <span class='ocrx_word' id='word_1_907' title='bbox 1269 5773 1312 5804; x_wconf 86' lang='lat'>&quot;</span> <span class='ocrx_word' id='word_1_908' title='bbox 1351 5770 1499 5826; x_wconf 86' lang='lat' dir='ltr'><strong>Psal.</strong></span> <span class='ocrx_word' id='word_1_909' title='bbox 1538 5787 1627 5839; x_wconf 79' lang='lat' dir='ltr'><strong>xv,</strong></span> <span class='ocrx_word' id='word_1_910' title='bbox 1669 5772 1754 5826; x_wconf 80' lang='grc'><strong>10.</strong></span> 
     </span>
    </p>
   </div>
   <div class='ocr_carea' id='block_1_112' title="bbox 2007 5402 3564 5482">
    <p class='ocr_par' dir='ltr' id='par_1_112' title="bbox 2007 5402 3564 5482">
     <span class='ocr_line' id='line_1_112' title="bbox 2007 5402 3564 5482; baseline -0.006 -20"><span class='ocrx_word' id='word_1_911' title='bbox 2007 5409 2243 5478; x_wconf 88' lang='grc' dir='ltr'>ίστησιν·</span> <span class='ocrx_word' id='word_1_912' title='bbox 2277 5411 2366 5479; x_wconf 80' lang='grc' dir='ltr'><strong>ἀφ’</strong></span> <span class='ocrx_word' id='word_1_913' title='bbox 2393 5402 2467 5464; x_wconf 82' lang='grc' dir='ltr'>ὧν</span> <span class='ocrx_word' id='word_1_914' title='bbox 2513 5410 2772 5480; x_wconf 81' lang='grc' dir='ltr'>ρυσθῆναι</span> <span class='ocrx_word' id='word_1_915' title='bbox 2805 5409 3018 5482; x_wconf 74' lang='grc' dir='ltr'>εὔχεται</span> <span class='ocrx_word' id='word_1_916' title='bbox 3049 5410 3240 5478; x_wconf 85' lang='grc' dir='ltr'>λέγων·</span> <span class='ocrx_word' id='word_1_917' title='bbox 3261 5427 3279 5460; x_wconf 77' lang='grc' dir='ltr'><strong>ι</strong></span> <span class='ocrx_word' id='word_1_918' title='bbox 3302 5404 3564 5474; x_wconf 82' lang='grc' dir='ltr'>Ῥυσθείην</span> 
     </span>
    </p>
   </div>
   <div class='ocr_carea' id='block_1_113' title="bbox 2007 5497 3558 5573">
    <p class='ocr_par' dir='ltr' id='par_1_113' title="bbox 2007 5497 3558 5573">
     <span class='ocr_line' id='line_1_113' title="bbox 2007 5497 3558 5573; baseline -0.006 -19"><span class='ocrx_word' id='word_1_919' title='bbox 2007 5503 2070 5554; x_wconf 85' lang='grc' dir='ltr'><strong>ἐκ</strong></span> <span class='ocrx_word' id='word_1_920' title='bbox 2089 5501 2197 5555; x_wconf 83' lang='grc' dir='ltr'><strong>τῶν</strong></span> <span class='ocrx_word' id='word_1_921' title='bbox 2224 5501 2520 5573; x_wconf 86' lang='grc' dir='ltr'>μισούντων</span> <span class='ocrx_word' id='word_1_922' title='bbox 2551 5520 2616 5573; x_wconf 87' lang='grc' dir='ltr'><strong>με</strong></span> <span class='ocrx_word' id='word_1_923' title='bbox 2645 5502 2737 5557; x_wconf 69' lang='grc' dir='ltr'><strong>καὶ</strong></span> <span class='ocrx_word' id='word_1_924' title='bbox 2763 5505 2825 5556; x_wconf 86' lang='grc' dir='ltr'><strong>ἐκ</strong></span> <span class='ocrx_word' id='word_1_925' title='bbox 2853 5503 2958 5557; x_wconf 82' lang='grc' dir='ltr'>τῶν</span> <span class='ocrx_word' id='word_1_926' title='bbox 2983 5501 3189 5573; x_wconf 78' lang='grc' dir='ltr'>βαθέων</span> <span class='ocrx_word' id='word_1_927' title='bbox 3218 5500 3322 5554; x_wconf 86' lang='grc' dir='ltr'><strong>τῶν</strong></span> <span class='ocrx_word' id='word_1_928' title='bbox 3347 5497 3558 5551; x_wconf 78' lang='grc' dir='ltr'>ὑδάτων.</span> 
     </span>
    </p>
   </div>
   <div class='ocr_carea' id='block_1_114' title="bbox 2007 5591 3562 5664">
    <p class='ocr_par' dir='ltr' id='par_1_114' title="bbox 2007 5591 3562 5664">
     <span class='ocr_line' id='line_1_114' title="bbox 2007 5591 3562 5664; baseline -0.003 -18"><span class='ocrx_word' id='word_1_929' title='bbox 2007 5592 2095 5662; x_wconf 88' lang='grc' dir='ltr'><strong>Μή</strong></span> <span class='ocrx_word' id='word_1_930' title='bbox 2124 5610 2189 5662; x_wconf 85' lang='grc' dir='ltr'><strong>με</strong></span> <span class='ocrx_word' id='word_1_931' title='bbox 2217 5595 2662 5649; x_wconf 67' lang='grc' dir='ltr'>καταποπισάτω</span> <span class='ocrx_word' id='word_1_932' title='bbox 2700 5596 2950 5663; x_wconf 71' lang='grc' dir='ltr'>καταιγὶς</span> <span class='ocrx_word' id='word_1_933' title='bbox 2992 5592 3201 5656; x_wconf 78' lang='grc' dir='ltr'>ὓδατος,</span> <span class='ocrx_word' id='word_1_934' title='bbox 3241 5591 3369 5664; x_wconf 80' lang='grc' dir='ltr'>μηδὲ</span> <span class='ocrx_word' id='word_1_935' title='bbox 3403 5603 3562 5642; x_wconf 72' lang='grc' dir='ltr'><strong>κατα⁴</strong></span> 
     </span>
    </p>
   </div>
   <div class='ocr_carea' id='block_1_115' title="bbox 3761 2113 3767 2154">
    <p class='ocr_par' dir='ltr' id='par_1_115' title="bbox 3761 2113 3767 2154">
     <span class='ocr_line' id='line_1_115' title="bbox 3761 2113 3767 2154; baseline 0 0"><span class='ocrx_word' id='word_1_936' title='bbox 3761 2113 3767 2154; x_wconf 68' lang='grc' dir='ltr'>ξ</span> 
     </span>
    </p>
   </div>
   <div class='ocr_carea' id='block_1_116' title="bbox 3761 2157 3767 2212">
    <p class='ocr_par' dir='ltr' id='par_1_116' title="bbox 3761 2157 3767 2212">
     <span class='ocr_line' id='line_1_116' title="bbox 3761 2157 3767 2212; baseline 0 0"><span class='ocrx_word' id='word_1_937' title='bbox 3761 2157 3767 2212; x_wconf 63' lang='grc' dir='ltr'><strong>ἲ</strong></span> 
     </span>
    </p>
   </div>
  </div>
