3776 6284
327 276 446 332 σιτ
979 270 1248 329 EUSEBII
1289 272 1773 330 CESANENSES
1811 282 1818 323 ι

2090 275 2191 329 85
2231 272 2319 328 ιιι.
2364 305 2431 316 -
2471 273 2896 331 EXEGETICA.
3499 278 3581 332 7‘!

323 392 528 464 operui
568 389 624 444 ln
646 388 858 460 jejunio
895 389 1132 444 animam
1179 404 1378 454 meam,
1412 397 1468 445 et
1503 389 1704 445 factum
1732 399 1814 446 est

2094 392 2280 448 Maw
2313 393 2516 461 λέγων·
2547 410 2574 443 ρι
2613 391 2724 446 Kal.
2769 390 3115 462 συνεκάλυψα
3154 392 3213 445 ἐν
3252 391 3478 464 νηστεία
3507 391 3585 465 τὴν

325 484 690 556 opprobrium
743 483 896 538 mihi.
949 481 1017 536 Et
1069 481 1223 552 posui
1287 485 1672 538 vestimentum
1736 499 1916 538 meum

329 567 582 635 saccum.
618 597 636 630 ι
665 575 879 632 Patrem
913 575 1098 646 itaque
1131 575 1355 645 rogabat
1375 575 1491 630 haec
1535 585 1594 635 ut
1623 576 1916 646 respiceret

335 678 393 727 et
417 671 793 726 consideraret
820 684 942 740 quae
982 684 1079 738 pro
1106 668 1265 723 nobis
1297 668 1596 722 certamina
1639 668 1919 722 sustinue-

333 765 428 820 rit.
459 763 641 830 Quare
665 761 878 817 dicebat
915 781 928 815 :
963 778 981 810 ι
1015 759 1238 815 Intende
1262 760 1458 814 anima:
1488 775 1641 821 mete,
1667 767 1720 815 et
1748 759 1916 815 libera

331 869 478 910 eam.
523 874 542 907 ι
582 852 781 908 Deinde
803 868 932 908 vero
966 860 1109 906 recte
1144 851 1283 905 facta
1320 850 1616 907 ostendens
1651 867 1773 916 sua,
1795 867 1918 922 qua:

335 951 398 998 ut
436 945 527 1000 ille
572 943 833 1015 reSpiciat
885 943 1160 1006 obsecrat,
1209 941 1433 1013 pergit:
1476 960 1494 992 ι
1533 941 1764 1012 Propter
1813 943 1919 996 ini-

333 1037 511 1090 micos
542 1051 693 1091 meos
722 1035 868 1106 eripe
907 1050 1012 1090 me.
1042 1035 1122 1089 Tu
1155 1035 1265 1090 scis
1305 1034 1698 1104 improperium
1736 1049 1916 1090 meum

282 1113 291 1169 ἱ
335 1135 390 1180 et
410 1127 789 1183 confusionem
806 1143 1005 1190 meam,
1024 1138 1075 1181 et
1092 1127 1449 1182 reverentiam
1466 1142 1661 1182 meam.
1679 1147 1696 1178 ι
1718 1127 1918 1195 Quem-

338 1219 633 1274 admodum
660 1220 804 1275 enim
834 1235 998 1289 supra
1031 1219 1246 1273 dicebat
1281 1239 1293 1272 :
1326 1236 1346 1269 ‹
1384 1217 1466 1273 Tu
1502 1220 1614 1275 scis
1655 1219 1920 1290 insipien-

335 1311 470 1364 tiam
499 1325 696 1374 meam,
734 1320 788 1364 et
819 1309 1016 1364 delicta
1042 1323 1158 1362 mea
1201 1325 1230 1361 a
1284 1315 1337 1364 te
1371 1323 1480 1363 non
1518 1318 1646 1364 sunt
1692 1309 1921 1364 abscon-

339 1401 491 1466 dita;
535 1419 554 1452 ι
596 1400 678 1456 sic
711 1409 765 1454 et
813 1414 980 1458 nunc.
1025 1405 1142 1462 tua,
1176 1397 1378 1469 inquit,
1413 1399 1721 1469 cognitione
1754 1397 1918 1469 digna

339 1497 470 1545 sunt
518 1488 844 1559 improperia
896 1505 1033 1544 mea.
1093 1487 1166 1545 De
1230 1489 1338 1545 illis
1381 1505 1599 1560 quoque
1665 1489 1918 1560 superius

339 1583 534 1654 agebat
558 1581 747 1637 dicens
791 1601 803 1636 :
843 1600 863 1633 ι
897 1583 1203 1652 Opprubria
1227 1583 1675 1653 exprobrantium
1705 1583 1800 1636 tibi
1829 1598 1919 1638 ce-

336 1673 592 1729 ciderunt
625 1690 788 1746 super
816 1690 923 1729 me.
960 1694 978 1724 ι
1023 1674 1477 1746 Quandoquidem
1523 1674 1690 1746 igitur
1719 1691 1785 1729 ex
1827 1675 1918 1744 ju-

290 1771 295 1775 ’
337 1766 486 1822 dicio
510 1775 606 1822 tuo
637 1775 694 1822 et
727 1775 864 1822 nutu
893 1769 1187 1838 opprobria
1241 1770 1477 1824 sustinui
1509 1777 1563 1824 et
1621 1769 1916 1840 ignominia

334 1861 552 1930 plenam
587 1859 919 1931 passionem,
959 1861 1080 1915 ideo
1111 1862 1275 1915 dico:
1308 1879 1326 1912 ι
1374 1859 1455 1914 Tu
1492 1861 1602 1916 scis
1642 1861 1918 1931 imprope-

335 1951 481 2005 rium
514 1965 694 2006 meum
723 1959 779 2007 et
807 1951 1188 2006 confusionem
1231 1967 1406 2006 meam
1459 1959 1513 2007 et
1555 1951 1916 2006 reverentiam

331 2055 536 2096 meam.
577 2059 598 2092 ι
632 2041 1024 2097 Confusiunem
1057 2041 1201 2097 nosti
1239 2056 1438 2106 meam,
1481 2057 1591 2097 non
1635 2041 1915 2111 indignam

335 2134 532 2188 notitia
582 2140 708 2199 tua,
760 2141 816 2190 et
869 2138 1231 2192 reverentiam
1285 2151 1381 2190 seu
1434 2135 1718 2206 pudorem,
1752 2150 1916 2205 quem

337 2225 600 2290 sustinui,
635 2241 758 2280 cum
793 2245 810 2277 ι
853 2228 1078 2284 dorsum
1106 2245 1284 2284 meum
1315 2228 1442 2283 dedi
1489 2228 1558 2282 ad
1604 2228 1834 2299 ﬂagella,
1863 2237 1917 2281 et

335 2318 532 2374 faciem
572 2334 751 2374 meam
779 2319 846 2375 ad
897 2321 1105 2391 alapas.
1143 2341 1161 2373 ι
1200 2321 1388 2392 Neque
1439 2321 1555 2391 pari
1607 2329 1771 2390 atque
1815 2333 1917 2390 ego

336 2408 551 2464 ratione
578 2411 895 2466 cruciantes
929 2427 1017 2466 me
1063 2413 1207 2468 nosti
1257 2432 1270 2466 :
1311 2427 1493 2482 neque
1535 2411 1679 2465 enim
1712 2410 1788 2464 illi
1823 2425 1918 2465 co-

334 2499 581 2570 gnitione
603 2508 697 2555 tua
727 2501 896 2574 digni.
919 2502 1098 2569 Quare
1132 2507 1200 2560 de
1228 2504 1336 2560 illis
1371 2503 1493 2558 dico
1521 2521 1532 2556 :
1563 2521 1581 2554 ‹
1617 2501 1822 2556 Contra
1864 2509 1917 2557 te

333 2602 466 2650 sunt
503 2608 693 2649 omnes
712 2595 805 2664 qui
844 2594 1111 2650 tribulant
1141 2611 1247 2651 me.
1289 2615 1306 2648 ι
1343 2594 1418 2649 lta
1451 2611 1616 2666 porro
1645 2602 1836 2648 contra
1863 2602 1917 2648 te

333 2694 486 2752 sunt,
518 2695 580 2742 ut
611 2688 886 2744 contraria
943 2688 1042 2742 tibi
1080 2689 1365 2760 eligentes,
1398 2703 1594 2758 meque
1645 2688 1911 2749 cruciant,

332 2780 470 2835 nihil
503 2780 757 2836 utilitatis
807 2797 872 2835 ex
919 2781 1230 2836 ministerio
1280 2795 1401 2836 meo
1442 2781 1612 2845 nacti,
1650 2787 1814 2850 atque
1857 2778 1914 2832 in

329 2886 492 2928 suam
525 2873 824 2943 perniciem
857 2873 1133 2928 cruciant.
1173 2872 1337 2928 Addit
1369 2882 1558 2944 postea
1596 2891 1612 2928 :
1649 2890 1669 2923 ι
1706 2869 1917 2941 Impro-

334 2965 544 3035 perium
571 2966 906 3037 exspectavit
939 2982 1037 3021 cor
1072 2981 1252 3020 meum
1283 2973 1337 3021 et
1367 2967 1663 3020 miseriam.
1705 2984 1723 3016 ι
1757 2962 1914 3030 Quod

332 3057 540 3112 clarius
599 3059 994 3128 interpretatus
1054 3056 1422 3128 Symmachus
1493 3065 1577 3112 est
1646 3057 1837 3112 dicens
1897 3073 1910 3109 :

2019 484 2200 556 ψυχήν
2235 500 2357 555 μου,
2403 483 2496 537 καὶ
2545 482 2775 555 ἐγενήθη
2825 484 2904 547 είς
2947 483 3285 553 ὀνειδισμοὺς
3323 483 3464 554 ἐμοί.
3498 485 3587 538 K11

2019 576 2222 648 ἐθέμην
2275 575 2336 629 τὸ
2378 574 2582 646 ἐνδυμά.
2632 593 2733 646 μου
2775 574 2996 629 σάκκον.
3046 594 3065 627 ι
3115 575 3240 628 Ἐπὶ
3269 577 3480 638 τούτοις
3515 571 3587 634 οὖν

2021 669 2117 722 καὶ
2161 667 2462 741 παρεκάλει
2508 667 2599 731 τὸν
2642 667 2860 738 Πατέρα
2887 666 3154 738 ἐμϐλέψαι
3184 667 3280 720 καὶ
3308 665 3588 722 θεάσασθαι

2018 761 2146 822 τοὺς
2179 759 2370 822 ἄθλους
2399 757 2491 821 οὓς
2548 757 2692 831 ὑπὲρ
2743 757 2899 829 ἡμῶν
2952 758 3245 828 ὑπέμεινε·
3293 757 3377 811 διὸ
3417 757 3585 826 ἔλεγε·

2027 871 2045 902 ι
2087 851 2330 922 Πρόσχες
2378 853 2447 922 τῇ
2497 850 2642 922 ψυχῇ
2685 868 2827 921 μου,
2874 850 2972 904 καὶ
3020 849 3297 922 λύτρωσαι
3349 848 3585 920 abripui

2021 939 2156 996 Εἶτα
2185 944 2396 1007 δεικνὺς
2439 943 2604 996 αὑτοῦ
2646 944 2717 997 τὰ
2749 943 3149 1014 κατορθώματα
3204 937 3286 1006 οἷς
3337 943 3591 1014 ἐμϐλέψαι

2022 1035 2342 1106 παρεκάλει,
2377 1035 2636 1104 ἐπιλέγειο
2657 1053 2680 1087 r
2709 1036 2909 1088 Ἕνεκα
2936 1034 3046 1087 τῶν
3072 1033 3282 1105 ἐχθρῶν
3311 1052 3413 1105 μου
3442 1033 3590 1104 ῥῦσαί

2023 1145 2112 1200 με.
2145 1128 2217 1182 Σὺ
2243 1127 2572 1197 γιγνώσκεις
2599 1127 2690 1180 τὸν
2715 1128 3013 1199 όνειδισμόν
3044 1145 3142 1198 μου
3164 1128 3259 1180 καὶ
3286 1127 3386 1198 τὴν
3418 1127 3592 1196 αἰσχύ-

2020 1231 2116 1281 νην
2153 1231 2275 1284 μου,
2301 1214 2398 1269 καὶ
2425 1215 2524 1285 τὴν
2554 1216 2822 1287 ἐντροπὴν
2864 1234 2990 1285 μου.
3029 1236 3048 1268 ι
3089 1217 3178 1279 Ὧς
3208 1216 3318 1288 γὰρ
3349 1217 3595 1289 ἀνωτέρω

2021 1304 2207 1374 ἐλεγεο
2274 1323 2294 1356 ι
2346 1306 2420 1358 Σὺ
2472 1305 2644 1374 ἐγνως
2705 1307 2804 1377 τὴν
2856 1306 3166 1378 ἀφροσύνην
3225 1325 3346 1378 μου,
3396 1309 3500 1362 καὶ
3546 1308 3590 1361 ai

2021 1398 2390 1470 πλημμέλειαί
2427 1417 2528 1470 μου
2556 1400 2666 1453 ἀπὸ
2692 1399 2785 1453 σοῦ
2821 1401 2921 1454 οὐκ
2954 1399 3344 1472 ἁπεκρύϐησαν
3365 1419 3380 1430 ο
3414 1422 3434 1453 ›
3465 1400 3595 1454 οὕτω

2021 1491 2114 1544 καὶ
2138 1490 2233 1546 νῦν
2277 1493 2376 1563 τῆς
2426 1493 2545 1564 σῆς,
2580 1493 2740 1564 φησὶ,
2783 1491 3037 1561 γνώσεως
3080 1493 3433 1564 τυγχάνουσιν
3466 1494 3595 1559 ἄξιοι

2020 1583 2071 1634 οί
2119 1582 2414 1654 όνειδισμοί
2470 1601 2595 1654 μου.
2656 1584 2877 1655 Ἐδήλου
2909 1585 2967 1638 δέ
3013 1584 3144 1658 περὶ
3193 1584 3394 1639 τούτων
3426 1587 3527 1639 καὶ
3549 1588 3596 1639 ἐν

2023 1677 2133 1738 τοῖς
2164 1674 2470 1746 ἔμπροσθεν
2503 1675 2709 1746 λέγων’
2745 1694 2764 1726 ι
2806 1678 2916 1731 Καὶ
2937 1678 2988 1730 οἱ
3020 1678 3310 1749 ὀνειδισμοὶ
3336 1679 3447 1731 τῶν
3471 1681 3595 1732 ὀνει-

1951 1751 1990 1805 Β
2017 1766 2272 1831 διζόντων
2333 1783 2393 1819 σε
2425 1765 2700 1820 ἐπέπεσαν
2743 1767 2829 1820 ἐπ’
2881 1767 3004 1838 ἐμέ.
3039 1787 3057 1818 ι
3101 1769 3252 1821 Ἐπεὶ
3295 1769 3478 1824 τοίνυν
3542 1773 3594 1841 σῇ

2017 1857 2197 1929 κρίσει
2254 1856 2346 1911 καὶ
2379 1855 2456 1927 σῷ
2495 1856 2764 1930 πνεύματι
2786 1858 2911 1922 τοὺς
2939 1859 3271 1930 ὀνειδισμοὺς
3313 1860 3596 1931 ὑπέμεινα,

2017 1949 2113 2002 καὶ
2147 1947 2208 2000 τὸ
2252 1947 2451 2019 μεστὸν
2491 1947 2752 2019 αἰσχύνης
2798 1948 2860 2001 τὸ
2896 1949 3084 2013 πάθος,
3110 1949 3197 2002 διὰ
3228 1949 3386 2004 τοῦτό
3429 1968 3595 2023 φημ’

2024 2059 2042 2092 ι
2079 2043 2150 2094 Σὺ
2179 2039 2467 2110 γινώσκεις
2500 2042 2592 2092 τὸν
2619 2041 2920 2112 ὀνειδισμόν
2959 2059 3060 2112 μου
3089 2043 3182 2096 καὶ
3215 2044 3310 2114 τὴν
3340 2043 3599 2115 αἰσχύνην

2019 2149 2144 2203 μου,
2183 2133 2278 2185 καὶ
2309 2132 2409 2202 τὴν
2455 2133 2725 2204 ἐντροπὴν
2757 2151 2879 2204 μου.
2919 2154 2937 2184 ο
2978 2135 3088 2204 Τὴν
3143 2134 3240 2204 μὲν
3283 2134 3424 2206 ἐμὴν
3460 2131 3600 2200 om;

2017 2224 2280 2295 αἰσχύνην
2316 2225 2415 2279 οὐκ
2457 2221 2624 2280 οὖσαν
2666 2225 2892 2290 ἀναξίαν
2925 2227 3022 2297 τῆς
3060 2227 3156 2298 σῆς
3183 2225 3459 2295 γνώσεως.
3507 2230 3600 2282 Kal.

2016 2318 2114 2388 τὴν
2163 2319 2430 2390 ἐντροπὴν
2479 2335 2607 2390 μου,
2662 2319 2729 2390 ἢν
2785 2319 3074 2390 ὑπέμεινα,
3111 2338 3128 2370 ι
3170 2320 3260 2373 τὸν
3297 2320 3469 2373 νῶτόν
3511 2336 3600 2390 μου

2016 2412 2140 2475 δοὺς
2175 2413 2255 2476 είς
2291 2413 2562 2482 μάστιγας
2614 2412 2710 2466 καὶ
2754 2413 2854 2476 τὰς
2902 2414 3156 2482 σιαγόνας
3194 2431 3294 2484 μου
3327 2414 3411 2476 είς

2019 2519 2221 2571 σματα,
2258 2520 2277 2554 ι
2309 2501 2620 2570 γινώσκεις.
2649 2503 2848 2556 Οὐκέτι
2879 2503 2935 2556 δὲ
2959 2504 3158 2574 ὁμοίως
3183 2505 3306 2575 ἐμοὶ
3334 2506 3466 2567 τοὺς
3499 2504 3602 2558 θλξο

2016 2593 2210 2659 δοντάς
2260 2611 2328 2666 με
2367 2594 2690 2663 γινώσκειςο
2739 2595 2800 2650 ού
2844 2594 2953 2667 γὰρ
2993 2596 3090 2667 τῆς
3138 2596 3236 2666 σῆς
3275 2596 3600 2666 τυγχάνουσι

2015 2685 2269 2754 γνώσεως
2316 2685 2476 2752 ἄξιοι.
2528 2685 2619 2739 Διὸ
2675 2687 2804 2759 περὶ
2834 2686 3014 2741 αὐτῶν
3059 2705 3233 2758 φημι.
3269 2704 3289 2738 ι
3332 2687 3601 2741 Ἑναντίον

2018 2775 2112 2831 σοῦ
2143 2777 2346 2842 πάντες
2396 2779 2446 2831 oi
2473 2776 2746 2843 θλίϐοντές
2781 2795 2870 2850 με.
2898 2799 2916 2831 ι
2939 2778 3093 2833 Οὕτω
3124 2779 3181 2832 δέ
3204 2780 3338 2832 εἰσιν
3365 2779 3602 2834 ἐναντίον

2017 2870 2132 2934 σοῦ,
2166 2871 2242 2936 ὡς
2269 2870 2337 2925 τὰ
2377 2870 2594 2926 ἐναντία
2627 2871 2710 2925 σοὶ
2734 2871 3109 2945 προῃρημένοι
3131 2890 3142 2902 ·
3181 2871 3425 2927 θλίϐουσι
3456 2872 3518 2926 δέ
3541 2891 3601 2945 με

2020 2965 2185 3036 μηδὲν
2213 2965 2580 3037 ὠφελούμενοι
2612 2966 2678 3019 ἐκ
2720 2967 2821 3037 τῆς
2850 2965 2987 3036 ἐμῆς
3018 2963 3332 3037 θεραπείας,
3359 2967 3456 3020 καὶ
3503 2966 3601 3021 θλί-

2018 3059 2170 3111 ϐουσι
2195 3057 2282 3112 διὰ
2308 3057 2409 3126 τῆς
2424 3057 2606 3111 αὐτῶν
2627 3057 2920 3122 ἀπωλείας.
2938 3055 3051 3110 Εἶτ’
3075 3058 3354 3126 ἐπιλέγει·
3383 3077 3402 3109 ι
3440 3060 3603 3112 Ὀνειο

339 3167 358 3202 ι
397 3151 790 3221 lmproperium
823 3151 1092 3221 confregit
1121 3167 1218 3206 cor
1245 3167 1446 3216 meum,
1472 3159 1527 3206 et
1557 3151 1806 3206 dolebam

2109 3149 2206 3220 μὸν
2253 3149 2655 3220 προσεδόκησεν
2708 3151 2742 3220 ή
2792 3149 2989 3221 καρδία
3045 3167 3147 3220 μου
3194 3151 3290 3204 καὶ
3325 3151 3600 3205 ταλαιπω-

332 3241 528 3310 Aquila
564 3257 716 3305 vero,
749 3259 769 3294 ι
812 3241 1232 3314 lmprOperium,
1281 3243 1482 3315 inquit,
1519 3243 1781 3300 contrivit
1817 3257 1914 3298 cor

333 3345 535 3394 meum,
565 3337 618 3387 et
643 3331 963 3403 desperatus
997 3350 1140 3389 sum.
1167 3353 1186 3387 ι

2020 3241 2139 3313 ρίαν
2158 3258 2170 3271 ·
2218 3260 2236 3292 ι
2266 3240 2294 3293 ὃ
2323 3240 2388 3310 δὴ
2416 3241 2746 3313 σαφέστερον
2775 3243 3119 3313 ἡρμήνευσεν
3145 3243 3174 3295 ὁ
3209 3242 3510 3314 Σύμμαχος
3527 3245 3600 3296 εξ-

2018 3331 2167 3386 πών’
2211 3351 2228 3383 ι
2280 3331 2608 3403 Ὀνειδισμὺς
2634 3331 2862 3398 κατέαξε
2892 3333 2991 3404 τὴν
3050 3333 3275 3406 καρδίαν
3329 3351 3454 3406 μου,
3513 3335 3600 3387 καὶ

328 3422 581 3497 ἠνιώμην
613 3441 627 3456 °
685 3445 703 3477 ι
741 3429 769 3480 ὁ
829 3427 888 3481 δέ
962 3428 1212 3495 Ἀκύλας,
1263 3448 1281 3481 ι
1338 3429 1688 3501 Ὀνειδισμὺς,
1748 3430 1902 3503 φησὶ,
1933 3425 2218 3499 συνέτριψε
2247 3427 2346 3498 τὴν
2367 3425 2592 3498 καρδίαν
2629 3443 2750 3496 μου,
2775 3427 2870 3479 καὶ
2901 3425 3279 3500 ἁπεγνώσθην.
3324 3445 3342 3479 ι

335 3533 337 3536 ‘
405 3516 576 3577 Vnus.
613 3520 820 3578 22-25.
855 3541 874 3575 ι
915 3521 981 3578 Et
1026 3525 1264 3581 sustinui
1290 3525 1384 3596 qui
1413 3525 1579 3580 simul
1614 3527 1913 3582 contrista-

331 3619 506 3678 retur,
532 3621 587 3668 et
609 3629 718 3669 non
743 3613 945 3682 fuit;et
962 3616 1056 3688 qui
1081 3615 1482 3680 consolaretur,
1504 3626 1678 3673 etnon
1710 3616 1912 3672 inveni.

333 3701 404 3757 Et
443 3702 715 3760 dederunt
738 3705 792 3760 in
831 3721 1015 3762 escam
1048 3722 1223 3763 meam
1253 3705 1345 3771 fel,
1379 3718 1434 3762 et
1460 3708 1515 3762 in
1547 3707 1637 3764 siti
1669 3721 1788 3762 mea
1815 3721 1915 3778 po-

334 3805 589 3852 laverunt
631 3813 719 3854 me
765 3807 942 3856 aceto.
981 3819 1001 3854 ι
1026 3798 1340 3857 Secundum
1389 3799 1776 3873 Symmachum
1811 3815 1910 3854 auo

328 3897 443 3944 tem
479 3909 491 3944 :
525 3908 545 3942 ι
574 3888 645 3943 Et
665 3891 1055 3962 exspectabam
1106 3893 1199 3964 qui
1245 3892 1410 3950 simul
1462 3894 1906 3957 contristaretur,

328 3988 389 4036 et
417 3996 528 4035 non
548 3979 691 4049 fuit;
729 3991 784 4037 et
813 3989 1216 4050 eonsolantem,
1246 3992 1301 4040 et
1331 4000 1439 4041 non
1474 3985 1680 4041 inveni.
1715 3984 1781 4039 Et
1825 3983 1908 4037 in-

328 4069 594 4140 jiciebant
623 4071 681 4125 in
703 4072 886 4128 cibum
913 4088 1092 4129 meum
1125 4073 1218 4138 fel,
1249 4083 1306 4130 et
1330 4075 1386 4130 in
1416 4075 1508 4132 siti
1536 4090 1656 4130 mea
1689 4082 1912 4146 potave-

334 4167 465 4214 runt
493 4175 581 4216 me
610 4171 786 4218 aceto.
819 4183 844 4218 ι»
877 4163 1187 4239 Discipulos
1204 4166 1588 4238 ejustempore
1609 4169 1908 4240 passionis,

330 4254 456 4324 ipso
477 4252 760 4319 derelicto,
786 4255 1064 4329 eﬂ‘ugisse,
1087 4274 1264 4329 neque
1285 4269 1472 4314 tamen
1495 4258 1685 4316 dolore
1708 4276 1912 4316 vacuos

329 4343 526 4414 fuisse,
549 4346 708 4405 docet
737 4350 1110 4424 Evangelium.
1139 4351 1276 4408 Cum
1295 4353 1444 4408 enim
1475 4353 1670 4410 Petrus
1695 4353 1912 4411 ﬂevisse

2099 3541 2116 3572 ι
2162 3522 2271 3575 Καὶ
2303 3520 2570 3590 ὑπέμεινα
2610 3518 2879 3574 συλλυπού
2888 3537 3068 3590 μενον,
3095 3520 3190 3574 καὶ
3213 3521 3310 3591 οὐχ
3336 3521 3595 3592 ὑπῆρξεν,

2023 3614 2119 3668 καὶ
2162 3611 2604 3685 παρακαλοῦντα,
2633 3611 2726 3667 καὶ
2775 3611 2874 3681 οὐχ
2922 3602 3101 3683 εὖρον.
3132 3612 3243 3665 Kal.
3283 3613 3489 3667 ἔδωκαν
3521 3616 3599 3678 εἰς

2019 3708 2080 3761 τὸ
2107 3707 2303 3779 βρῶμά
2329 3724 2430 3780 μου
2456 3706 2638 3779 χολὴν,
2673 3707 2768 3762 καὶ⁹
2790 3710 2870 3772 είς
2896 3709 2997 3780 τὴν
3021 3707 3179 3780 δίψαν
3213 3726 3314 3780 μου
3343 3710 3599 3764 ἐπότισὰν

2021 3815 2089 3870 με
2120 3798 2262 3863 ὅξος.
2307 3817 2326 3851 ι
2377 3797 2535 3852 Κατὰ
2565 3797 2622 3850 δέ
2652 3797 2744 3852 τὸν
2775 3796 3067 3869 Σύμμαχον
3089 3814 3103 3828 ⁸
3145 3817 3163 3849 ι
3195 3799 3307 3854 Καὶ
3341 3799 3597 3871 ἀνέμενον

2017 3889 2478 3961 συλλυπούμενον,
2509 3890 2603 3943 καὶ
2630 3890 2730 3960 οὐχ
2759 3889 2994 3960 ὑπῆρξε,
3031 3890 3128 3946 καὶ
3157 3891 3594 3964 παρηγοροῦντα,

2017 3979 2112 4033 καὶ
2155 3979 2253 4050 οὐχ
2299 3979 2551 4053 εὕρισκον
2578 3995 2592 4010 ·
2623 3981 2735 4035 Καὶ
2782 3980 3066 4036 ἐνέϐαλλον
3123 3985 3205 4046 εἰς
3256 3982 3352 4054 τὴν
3391 3986 3595 4056 τροπήν

2021 4089 2124 4140 μου
2177 4071 2360 4142 χολὴν,
2400 4074 2494 4127 καὶ
2525 4073 2584 4126 ἐν
2610 4074 2676 4144 τῇ
2710 4072 2852 4143 δίψει
2894 4091 2997 4144 μου
3028 4074 3288 4130 ἐπότισάν
3313 4093 3379 4147 με
3403 4076 3543 4142 ὅξος.
3568 4094 3587 4127 ι

2023 4166 2144 4218 Ὅτι
2174 4163 2274 4235 μὲν
2289 4165 2338 4218 οί
2355 4164 2598 4237 μαθηταὶ
2623 4164 2810 4229 αὐτοῦ,
2837 4165 3228 4231 καταλιπόντες
3257 4167 3435 4231 αὑτὸν,
3464 4168 3594 4236 {qau-

2017 4273 2116 4327 γον
2147 4259 2290 4313 κατὰ
2325 4259 2419 4314 τὸν
2447 4258 2542 4314 τοῦ
2587 4259 2792 4324 πάθους
2822 4261 3034 4334 καιρὸν,
3062 4261 3214 4333 ὅμως
3242 4261 3287 4318 δ’
3315 4263 3466 4326 ἐκτὸς
3498 4261 3592 4315 λύ-

2017 4365 2128 4420 πης
2157 4349 2258 4405 οὐκ
2287 4345 2450 4421 ἦσαν,
2472 4350 2713 4406 διδάσκει
2737 4353 2798 4405 τὸ
2823 4352 3174 4422 Εὐαγγέλιον.
3201 4353 3327 4408 Ὅτε
3354 4353 3456 4426 γὰρ
3486 4353 3591 4406 Πέ-

331 4453 520 4495 amare
572 4441 883 4511 scribatur;
921 4459 986 4498 ac
1027 4445 1230 4516 reliqui
1271 4448 1590 4516 congregati
1645 4447 1703 4502 in
1747 4448 1822 4502 do,

2098 4458 2139 4504 ις
2177 4441 2595 4512 ἀναγέγραπται
2638 4441 3127 4514 ἀποκλαυσάμενος
3179 4443 3409 4515 πικρῶς,
3435 4443 3486 4495 οἴ
3526 4460 3589 4495 τε

332 4543 440 4583 una
482 4529 712 4587 latuisse
759 4543 982 4606 propter
1015 4546 1218 4592 metum
1251 4536 1570 4593 Iudaeorum
1625 4537 1910 4607 ferantur;

332 4633 678 4691 nequaquam
698 4623 890 4681 dolore
905 4627 1064 4681 vacui
1089 4638 1266 4683 erant.
1301 4628 1427 4684 Hau:
1452 4630 1620 4702 igitur
1648 4630 1716 4686 de
1741 4633 1912 4686 choro

330 4711 708 4779 apostolorum
735 4714 881 4770 dicta
919 4717 1088 4774 fuisse
1117 4727 1311 4789 putare
1341 4729 1770 4778 consentaneum
1801 4738 1912 4778 non

331 4809 446 4871 est;
481 4802 575 4858 sed
616 4803 685 4862 de
720 4809 1100 4866 cruciantibus
1140 4811 1294 4866 illum
1325 4814 1393 4867 de
1412 4813 1616 4884 quibus
1649 4813 1857 4869 dictum
1893 4834 1909 4873 :

334 4908 356 4942 ι
393 4890 598 4947 Contra
650 4901 705 4949 te
753 4905 882 4951 sunt
916 4913 1108 4956 omnes
1149 4902 1242 4971 qui
1296 4902 1563 4958 tribulant
1605 4919 1712 4959 me.
1743 4923 1765 4956 θ
1802 4903 1913 4975 Ego

328 4984 531 5055 quippe
557 4987 740 5043 omnia
786 5005 884 5060 pro
913 4992 1133 5046 illorum
1163 4995 1341 5050 salute
1371 4997 1623 5065 agebam,
1648 4999 1912 5067 operiens

331 5073 388 5128 in
419 5075 631 5146 jejunio
663 5079 899 5134 animam
937 5098 1137 5148 meam,
1175 5100 1338 5140 sacco
1391 5095 1553 5141 utens
1607 5088 1910 5142 indumenti

329 5165 454 5227 loco
485 5187 498 5232 ;
540 5170 618 5223 illi
640 5186 771 5224 vero
804 5172 870 5226 iis
891 5176 1168 5229 contraria
1194 5179 1603 5248 perpetrabant,
1632 5177 1795 5232 modo
1818 5195 1913 5233 ert-

333 5261 658 5326 probruutes
703 5265 1165 5338 traducentesque
1207 5269 1416 5338 jejunia
1469 5285 1611 5332 mea,
1669 5286 1794 5325 mox
1857 5271 1911 5327 iu

331 5354 824 5422 compotationibus
853 5359 969 5415 suis
997 5367 1188 5415 contra
1223 5379 1309 5417 me
1346 5362 1662 5434 psallentes,
1699 5377 1764 5417 ae
1793 5379 1914 5418 om-

333 5443 423 5495 nia
469 5444 650 5515 potius
683 5457 926 5517 agentes,
963 5466 1126 5519 quam
1151 5460 1218 5506 rut
1250 5470 1468 5508 mecum
1509 5453 1913 5509 contristaren-

329 5539 443 5588 tur.
483 5534 592 5606 Ego
623 5553 750 5591 vero
791 5556 891 5609 pro
940 5543 1049 5598 illis
1080 5544 1270 5600 dolore
1301 5545 1625 5613 aiiiciebar;
1658 5546 1733 5600 illi
1781 5560 1914 5602 vero

333 5635 443 5675 non
474 5638 580 5677 una
615 5641 828 5681 niecum
859 5629 1116 5686 dolebant
1139 5641 1194 5689 et
1219 5635 1561 5704 angebantur
1592 5649 1735 5690 :nec
1762 5635 1915 5705 quis-

328 5712 480 5782 piam
518 5711 660 5768 inter
685 5714 806 5771 illos
837 5715 938 5772 fuit
971 5721 1062 5791 qui
1092 5735 1179 5777 me
1213 5723 1612 5780 consolaretur.
1645 5722 1753 5780 Sed
1777 5725 1911 5781 nihil

2013 4531 2190 4587 λοιποῖ⁵
2219 4533 2550 4604 συνηγμένοι
2578 4533 2674 4588 καὶ
2708 4536 2800 4604 ὑφ’
2836 4536 2932 4588 Eva
2989 4535 3421 4606 κρυπταζόμενοι
3445 4529 3590 4586 οἷκον

2011 4623 2100 4677 διὰ
2123 4624 2213 4677 τὸν
2235 4623 2398 4694 φόϐον
2420 4624 2531 4677 τῶν
2569 4625 2855 4690 Ἰουδαίων,
2872 4627 2974 4680 οὐκ
2997 4626 3104 4693 ἔξω
3135 4626 3311 4698 λύπης
3330 4627 3587 4697 ὑπῆρχον.

2014 4717 2130 4770 Ούκ
2158 4716 2224 4771 ἄν
2244 4714 2338 4771 οὖν
2359 4718 2622 4790 ἁρμόσειε
2654 4719 2830 4773 ταῦτα
2862 4722 2988 4792 περὶ
3014 4719 3108 4773 τοῦ
3141 4720 3305 4792 χοροῦ
3331 4720 3432 4773 τῶν
3451 4720 3590 4772 ἀπο.

2016 4809 2219 4862 στόλων
2266 4808 2539 4879 λέγεσθαι,
2576 4809 2711 4864 ἀλλά
2759 4814 2888 4884 περὶ
2930 4811 3039 4865 τῶν
3094 4812 3381 4866 θλιϐόντων
3411 4810 3589 4870 αὑτὸν,

2015 4901 2143 4973 περὶ
2170 4893 2245 4956 ὧν
2290 4901 2504 4970 ἔλεγεν·
2545 4923 2566 4954 ι
2589 4903 2856 4957 Ἐναντίον
2895 4902 2989 4959 σοῦ
3026 4905 3226 4970 πάντες
3244 4907 3292 4959 oi
3329 4900 3589 4964 θλίϐοντές

2017 5010 2105 5064 με.
2138 5013 2156 5050 ι
2201 4992 2342 5064 Ἐγὼ
2378 4995 2478 5065 μὲν
2511 4994 2621 5068 γὰρ
2671 4997 2850 5052 πάντα
2895 4999 3037 5070 ὑπὲρ
3053 4999 3161 5069 τῆς
3203 4999 3380 5054 αὐτῶν
3421 5010 3590 5062 autn-

2014 5085 2138 5156 ρίας
2172 5086 2407 5152 ἐποίουν,
2465 5087 2755 5142 καλύπτων
2781 5091 2838 5143 ἐν
2868 5091 3094 5162 νηστεία
3124 5092 3226 5162 τὴν
3258 5092 3427 5162 ψυχήν
3456 5101 3584 5159 μου.

2015 5176 2207 5246 σάκκῳ
2236 5192 2297 5228 τε
2335 5176 2906 5248 ἐνδύματι-χρώμενος
2925 5196 2938 5210 ’
2964 5181 3014 5234 oi
3046 5179 3102 5233 δέ
3130 5180 3200 5233 τὰ
3233 5178 3434 5234 ἐναντία
3457 5174 3582 5228 τοὺ·

2013 5285 2126 5331 τοις
2147 5267 2435 5340 ἔπραττον,
2469 5271 2592 5323 τοτέ
2625 5270 2724 5340 μὲν
2763 5271 3112 5337 ὀνειδίζοντες
3139 5273 3233 5325 καὶ
3255 5270 3581 5341 διασύροντες

2013 5359 2113 5422 τὰς
2156 5358 2294 5430 ἐμὰς
2318 5359 2588 5431 νηστείας,
2617 5362 2736 5416 τοτὲ
2761 5361 2818 5416 δέ
2850 5363 2908 5416 ἐν
2937 5365 3058 5426 ταῖς
3080 5362 3381 5434 παροινίαις
3409 5356 3581 5413 αὐτῶν

2015 5450 2133 5502 κατ’
2172 5448 2305 5521 ἐμοῦ
2337 5449 2653 5519 ψάλλοντες,
2677 5453 2772 5506 καὶ¹
2797 5453 2975 5507 πάντα
3005 5453 3205 5524 μᾶλλον
3234 5454 3265 5524 ῆ
3300 5447 3582 5506 συλλυπούο

2018 5561 2186 5614 μενοι.
2220 5542 2396 5612 Κάγὼ
2431 5545 2528 5615 μὲν
2565 5547 2706 5617 ὑπὲρ
2736 5547 2918 5600 αὐτῶν
2955 5547 3136 5615 ἁλγῶν
3169 5546 3486 5615 ἐλυπούμηνο
3515 5541 3576 5593 οι

2013 5636 2069 5689 δέ
2102 5636 2162 5690 ού
2194 5635 2490 5707 συνήλγουν
2524 5654 2633 5707 μοι,
2657 5637 2777 5691 οὐδὲ
2806 5637 3146 5709 συνέπασχον
3163 5656 3176 5670 ι
3203 5637 3313 5692 ἀλλ’
3337 5633 3440 5690 οὐδὲ
3458 5647 3576 5685 πι-

2020 5727 2284 5801 ράκλητάς
2320 5745 2403 5796 τις
2447 5728 2628 5787 αὐτῶν
2673 5730 2751 5797 είς
2783 5729 2923 5807 ἐμὴν
2966 5730 3312 5808 παραμυθίαν
3339 5727 3570 5799 εὕρηται.
