3776 6284
184 347 287 404 7m

1312 336 1815 396 (ῖΟῗιΙΜΕΝΤΑῐιιᾹ
1850 336 1921 395 ΙΝ
1960 336 2303 394 PSALMOS.

3337 333 3450 395 τοι

181 463 259 516 ﬂii
280 478 364 516 ιτα
378 460 442 516 δὲ
466 460 534 514 τὰ
552 460 679 514 κατ’
706 459 841 531 ὲμοῦ
875 458 1271 531 ἐγχειροῦντες,
1298 461 1381 523 είς
1415 459 1514 530 μὲν
1537 459 1599 512 τὸ
1623 457 1672 531 βε

1960 463 2059 509 itra
2087 469 2173 508 me
2202 467 2311 507 non
2338 450 2738 522 aggrecllentcs,
2768 455 2823 509 in
2847 469 3030 511 escam
3058 469 3234 509 meam
3265 455 3335 510 fel
3364 457 3451 512 in-

180 555 257 626 μὰ
305 571 415 624 μου
468 552 627 624 χολὴν
668 551 911 614 ἔϐαλλον,
962 552 1137 605 καίτοι
1187 552 1391 623 τροφὰς
1417 554 1601 616 αὐτοῖς
1631 551 1766 623 ἐμοῦ

185 646 441 708 πλουσίας
472 644 846 715 παρεχομένου
864 661 877 674 ·
911 642 1135 713 διψῶντι
1163 642 1221 697 δέ
1244 661 1335 715 μοι
1364 644 1485 709 ὅξος
1518 645 1639 698 ἀντὶ
1667 662 1766 697 πο-

185 737 269 791 ιοῦ
332 736 693 808 προσέφερον.
741 736 1007 807 Τοιαύτην
1058 736 1123 789 δέ
1187 752 1276 807 μοι
1326 736 1557 809 ἐκίρνων
1602 737 1767 809 χολὴν

177 831 363 885 ¹ὁποίαν
411 829 598 900 ἐδήλου
652 830 680 880 6
725 829 1063 900 προφητικὸς
1115 828 1273 897 λόγος
1318 829 1526 883 εἰπών·
1572 849 1590 882 ι
1641 831 1766 895 Πῶς

175 921 451 993 ὲστράιρης
479 921 558 983 εἰς
591 919 835 988 πικρίαν,
860 921 896 988 ἡ
924 918 1165 987 ἄμπελος
1196 921 1229 989 ἡ
1262 918 1555 988 ἀλλοτρίας
1581 938 1601 969 ι
1624 919 1768 989 Νοή-

176 1027 288 1072 σεις
322 1010 381 1063 δὲ
416 1012 562 1075 ὅπως
598 1011 856 1083 τρέφεται
884 1012 913 1063 6
948 1009 1137 1080 Σωτὴρ
1164 1008 1320 1079 ἡμῶν
1356 1009 1642 1063 ἐπακούων
1671 1011 1767 1063 αὺ-

177 1100 265 1155 τεῦ
294 1101 581 1171 λέγοντος·
610 1119 628 1152 ι
676 1101 955 1163 Ἐπείνων,
999 1102 1092 1153 καὶ
1126 1100 1364 1153 ἐδώκατέ
1401 1118 1489 1174 μοι
1532 1104 1725 1170 φαγεῖν
1748 1116 1762 1130 ’

177 1197 395 1264 ἐδίψων,
449 1195 544 1247 καὶ
591 1195 881 1248 ἐποτίσατέ
947 1212 1012 1265 με
1075 1213 1092 1244 i
1134 1196 1195 1247 Εἰ
1225 1195 1279 1247 δὲ
1322 1196 1441 1249 ἀντὶ
1483 1195 1766 1267 τροφίμων

173 1286 403 1357 καρπῶν
434 1285 543 1338 τῶν
566 1285 655 1339 διὰ
680 1286 936 1349 εὐσεϐοῦς
972 1284 1087 1355 βίου
1119 1285 1323 1355 πικράς
1349 1302 1433 1349 τις
1465 1286 1763 1358 προσφέροι

174 1379 288 1433 κατ’
313 1379 481 1432 αὐτοῦ
512 1378 879 1450 βλασφημίας,
914 1381 979 1449 τῇ
997 1397 1055 1431 τε
1084 1378 1401 1450 διδασκαλίᾳ
1426 1378 1589 1433 αὑτοῦ
1625 1397 1766 1451 παρ-

173 1468 439 1539 εμπλέκοι
496 1467 632 1522 ἄθεα
688 1468 784 1522 καὶ
831 1468 1002 1538 ψευδῆ
1053 1468 1319 1539 δόγματα,
1377 1462 1534 1532 οὗτος
1581 1472 1662 1534 είς
1703 1469 1765 1523 τὸ

173 1561 367 1632 βρῶμα
401 1561 566 1614 αὑτοῦ
617 1561 778 1633 χολὴν
814 1560 1093 1631 ἐμϐάλλει,
1128 1562 1220 1613 καὶ
1247 1562 1470 1631 διψῶντι
1497 1558 1636 1615 οἶνον
1668 1564 1761 1616 ὲκ-

172 1652 399 1722 τροπίαν
436 1653 527 1706 τὸν
569 1655 633 1706 ἐκ
668 1653 769 1722 τῆς
815 1652 1029 1716 εὐθείας
1075 1653 1194 1707 ὀδοῦ
1235 1657 1765 1726 παρατετραμμένον

167 1742 405 1797 δίδωσιν.
430 1744 667 1797 Τοιαῦτα
688 1744 742 1797 δὲ
766 1744 1021 1807 ἐθέσπιζε
1054 1747 1181 1819 περὶ
1210 1746 1302 1799 τοῦ
1338 1746 1604 1799 Ἰουδαίων
1630 1746 1761 1801 λαοῦ

1867 546 2142 615 jecerunt,
2163 544 2380 598 etiamsi
2401 558 2503 613 ego
2524 543 2701 599 lautos
2726 546 2833 600 illis
2852 548 3006 602 cibos
3033 552 3412 617 apposuissem
3428 563 3450 603 :

1869 638 2076 693 sitienti
2108 653 2239 693 vero
2273 636 2405 690 mihi
2442 644 2655 691 acetum
2696 653 2792 706 pro
2818 648 2952 707 potu
2984 641 3307 697 oﬂ‘erebant.
3341 639 3454 696 Hu-

1865 732 2108 800 iusmodi
2126 747 2256 785 vero
2287 730 2418 784 mihi
2436 728 2853 793 felmiscebant,
2881 734 3042 801 quale
3063 735 3307 789 declarat
3333 749 3456 805 pro-

1868 824 2123 896 pheticus
2148 838 2332 879 sermo
2363 823 2555 879 dicens
2582 842 2595 878 :
2635 844 2653 875 ι
2694 824 2981 891 Quemodo
3006 840 3275 882 conversa
3309 843 3370 882 es
3395 830 3451 884 in

1863 915 2315 979 amaritudinem,
2348 916 2477 971 vitis
2524 916 2703 969 aliena
2736 916 2805 946 ’3'
2831 917 2853 969 ?
2880 936 2900 967 ι
2956 918 3243 982 Quomodo
3267 930 3453 974 autem

1869 1008 2048 1060 alatur
2078 1004 2341 1062 Senator
2386 1016 2593 1070 noster,
2639 1007 2910 1080 intelliges
2942 1009 2987 1062 si
3028 1012 3205 1079 ipsum
3256 1012 3452 1066 audias

1868 1100 2141 1152 dicentem
2173 1118 2186 1153 :
2220 1118 2236 1150 ι
2266 1099 2510 1163 Esurivi,
2548 1111 2600 1154 et
2631 1099 2863 1155 dedistis
2902 1101 3033 1154 mihi
3077 1102 3451 1167 manducare;

1867 1192 2039 1255 sitivi,
2065 1201 2118 1247 et
2149 1192 2377 1247 dedistis
2410 1192 2542 1245 mibi
2575 1192 2763 1247 bibere
2790 1193 2855 1244 ’³.
2891 1212 2914 1244 ι
2937 1191 3092 1257 Quod
3120 1193 3170 1245 si
3198 1209 3302 1263 pro
3332 1193 3456 1246 {ru--

1868 1288 2050 1342 ctibus
2098 1287 2169 1342 ad
2231 1287 2484 1341 alendum
2535 1287 2897 1356 opportunis,
2957 1303 3053 1355 per
3100 1288 3244 1357 piam
3288 1287 3453 1341 vitam

1865 1380 2145 1449 prrebitis,
2188 1381 2414 1435 acerbas
2459 1387 2652 1434 contra
2694 1380 2870 1450 ipsum
2921 1379 3288 1449 blasphemias
3330 1380 3453 1449 quis

1866 1472 2128 1541 proferat.
2160 1479 2218 1526 et
2257 1472 2521 1525 doctrinae
2567 1470 2690 1540 ejus
2728 1471 2885 1525 atbea
2917 1480 2969 1524 et
3025 1470 3160 1526 falsa
3198 1470 3455 1540 dogmata

1866 1564 2190 1626 admisceat,
2240 1564 2290 1616 is
2324 1564 2389 1616 ad
2426 1577 2608 1617 escam
2654 1563 2774 1633 ejus
2817 1563 2885 1617 fel
2928 1563 3124 1631 injicit,
3157 1570 3211 1616 ct
3246 1566 3454 1619 sitienti

1864 1658 2077 1714 vinum.
2109 1672 2336 1725 vappam
2365 1670 2401 1709 a
2435 1663 2579 1709 recta
2606 1656 2689 1708 via
2714 1655 3089 1709 deﬂectcntem
3116 1656 3293 1712 olfert.
3326 1656 3454 1712 Haec

1867 1756 2047 1803 autem
2083 1749 2151 1802 de
2180 1747 2406 1801 Judaico
2442 1750 2642 1818 popqu
2674 1747 2887 1819 Moyses
2917 1748 2970 1801 iu
3004 1763 3199 1817 magno
3231 1750 3452 1803 cantico

172 1836 407 1905 Μωῦσῆς
444 1838 501 1888 ἐν
531 1835 742 1910 μεγάλῃ
781 1837 889 1909 ᾠδῇ
935 1807 1288 1915 προφητικῶς
1324 1839 1625 1909 ἁναφωνῶν

1959 1839 2186 1907 »ριιοιίοο
2224 1840 2557 1894 vaticinatus
2582 1848 2686 1905 est,
2718 1842 2832 1894 lucc
2864 1840 3173 1896 vociferans
3216 1860 3229 1895 :
3269 1861 3287 1892 ι
3313 1840 3450 1895 Nam

166 1924 335 1993 λέγων
357 1943 369 1955 ·
424 1945 442 1977 ι
494 1928 586 1981 Ἐκ
620 1929 729 2001 γὰρ
764 1931 1009 2001 ἀμπέλου
1042 1932 1291 2002 Σοδόμων
1320 1935 1353 2003 ἡ
1385 1932 1628 2004 ἄμπελος
1658 1935 1759 1987 αὖ-

168 2017 294 2081 τῶν,
330 2019 427 2071 καὶ
458 2021 490 2091 ή
525 2020 794 2091 κληματὶς
819 2023 995 2076 αὐτῶν
1023 2025 1087 2076 ὲκ
1118 2025 1479 2096 Γομόρῤας·ὴ
1518 2024 1760 2097 σταφυλὴ

171 2110 343 2164 αὐτῶν
374 2114 623 2185 σταφυλὴ
653 2115 833 2187 χολῆς,
863 2114 1058 2187 βότρυς
1092 2117 1320 2188 πικρίας
1346 2117 1545 2170 αὐτῶν.
1580 2138 1598 2170 ι
1635 2120 1761 2172 Ἔν-

167 2203 259 2257 θεν
304 2206 535 2269 εἰκότως
577 2211 691 2271 τοῖς
729 2209 913 2271 αὐτοῖς
949 2210 1043 2263 καὶ
1074 2209 1161 2263 διὰ
1202 2211 1421 2263 Ἡσαΐου
1468 2212 1759 2283 καταμέμ-

174 2313 325 2365 φεται
354 2299 419 2352 τδ
452 2299 676 2369 Πνεῦμα
706 2300 863 2368 λέγον
884 2317 897 2330 ο
923 2301 1187 2370 «Ἔμεινα
1211 2302 1296 2354 ἵνα
1321 2303 1521 2373 ποιήσῃ
1551 2319 1759 2372 σταφυ-

169 2386 285 2459 λὴν,
314 2389 545 2459 ἐποίησε
577 2390 634 2442 δὲ
669 2389 910 2453 ἀκάνθας
934 2408 947 2420 ·
985 2411 1002 2441 ι
1042 2389 1151 2443 Καὶ
1182 2389 1340 2444 πάλιν
1362 2392 1653 2460 ·‹”Εμεινα
1673 2392 1761 2444 ἵνα

168 2481 365 2551 ποιήσῃ
396 2480 605 2552 κρίσιν,
635 2482 859 2553 ἐποίησε
889 2481 947 2534 δὲ
978 2482 1227 2552 ἀνομίαν,
1257 2483 1350 2536 καὶ
1378 2482 1438 2535 οὐ
1481 2483 1760 2536 δικαιοσύ-

172 2588 283 2641 νην,
333 2572 479 2626 ἀλλὰ
529 2576 797 2646 κραυγήν.
842 2595 862 2627 ι
903 2576 1124 2647 Ἔργοις
1171 2576 1460 2649 τοιγαροῦν
1492 2578 1584 2630 καὶ
1619 2576 1760 2649 πρά-

170 2661 303 2728 ξεσι,
332 2666 521 2737 πικρῷ
554 2684 611 2720 τε
642 2666 786 2739 λόγῳ
817 2669 909 2721 καὶ
939 2668 1039 2740 βίῳ
1070 2669 1275 2722 ἔδωκαν
1327 2673 1407 2733 εἰς
1454 2671 1516 2725 τὸ
1560 2671 1758 2742 βρῶμα

172 2756 260 2809 τοῦ
300 2758 561 2830 Σωτῆρος
593 2759 774 2830 χολὴν,
813 2760 909 2813 καὶ
940 2763 1019 2823 είς
1050 2761 1150 2832 τὴν
1180 2761 1338 2831 δίψαν
1370 2762 1534 2815 αὑτοῦ
1575 2763 1759 2815 ἐπότι-

174 2866 265 2903 σαν
296 2850 464 2905 αὐτὸν
503 2852 641 2917 ὅξος.
694 2855 847 2907 Ἐπεὶ
876 2855 932 2908 δὲ
965 2855 1071 2908 ἔδει
1096 2856 1192 2909 καὶ
1220 2855 1361 2909 κατὰ
1383 2856 1478 2927 τ’ὴν
1516 2858 1757 2928 ἱστορίαν

172 2942 257 2994 τὸν
285 2944 382 3015 τῆς
415 2945 753 3013 προφητείας
786 2946 1245 3018 ἀποπληρωθῆναι
1282 2947 1461 3017 λόγον,
1489 2948 1630 3001 κατὰ
1666 2948 1759 3001 τὸν

173 3036 356 3107 καιρὸν
389 3035 490 3087 τοῦ
527 3036 731 3099 πάθους
756 3038 920 3091 αὑτοῦ
966 3040 1167 3110 ἱστορεί
1190 3042 1218 3092 ὁ
1244 3038 1636 3109 εὐαγγελιστὴς
1666 3040 1755 3093 λέ-

173 3141 306 3194 γων·
337 3147 356 3177 ι
398 3127 557 3181 Μετὰ
586 3128 742 3181 τοῦτο
770 3129 923 3193 εἰδὼς
952 3133 980 3184 6
1026 3131 1252 3201 Ἰησοῦς,
1288 3132 1369 3183 ὅτι
1403 3130 1581 3184 πάντα
1610 3131 1758 3183 τετέ-

173 3217 350 3273 λεσται
370 3222 502 3293 ἤδη,
539 3222 623 3275 ἵνα
652 3222 913 3295 πληρωθῇ
948 3227 980 3294 ἠ
1018 3225 1230 3296 Γραφὴ,
1259 3224 1427 3293 λέγει·
1460 3224 1626 3293 Διψῶ.
1653 3226 1759 3277 Λε-

175 3311 303 3383 κὰνη
336 3313 520 3366 ἔκειτο
552 3313 705 3379 ὄξους
736 3317 931 3386 μεστή.
966 3317 1216 3384 Σπόγγον
1246 3312 1341 3368 οὗν
1365 3316 1567 3385 μεστὸν
1600 3317 1761 3385 ποιήο

177 3420 358 3468 σαντες
396 3406 558 3472 ὄξους
610 3407 748 3476 μετὰ
790 3407 951 3478 χολῆς
1001 3408 1095 3461 καὶ
1153 3405 1391 3478 ὑσσώπῳ
1444 3406 1759 3478 περιθέντες

176 3498 553 3578 προσήνεγκαν
602 3497 767 3551 αὑτοῦ
934 3499 1194 3570 στόματι.
1226 3500 1354 3551 Ὂτε
1382 3494 1475 3551 οὖν
1518 3497 1704 3551 ἔλαϐεν
1732 3500 1760 3551 6

187 3588 385 3658 Ἰησοῦς
434 3590 497 3643 τὸ
546 3590 666 3654 ὅξος
709 3592 845 3662 μετὰ
871 3592 969 3662 τῆς
1013 3590 1196 3662 χολῆς,
1242 3588 1394 3644 εἷπε·
1432 3591 1755 3644 Τετέλεσται

175 3681 263 3733 καὶ
300 3680 445 3752 αὕτη
476 3684 509 3753 ἡ
543 3683 755 3753 Γραφή.
787 3684 897 3735 Καὶ
933 3684 1122 3747 κλίνας
1151 3684 1247 3754 τὴν
1284 3682 1548 3754 κεφαλὴν,
1579 3683 1758 3754 ἀφῆκε

174 3770 230 3823 τὺ
260 3770 501 3842 πνεῦμα.
541 3789 558 3820 ι
597 3770 706 3824 Καὶ
739 3772 924 3843 ἐπειδὴ
958 3772 1143 3838 κλίνας
1186 3774 1280 3845 τὴν
1322 3774 1561 3844 κεφαλὴν
1590 3774 1760 3845 παρέ-

176 3859 306 3915 δωκε
326 3863 385 3915 τὸ
410 3861 630 3933 πνεῦμα
665 3862 804 3932 μετὰ
832 3863 933 3934 τὴν
963 3864 1358 3936 συμπλήρωσιν
1387 3866 1487 3936 τῆς
1512 3865 1756 3937 Γραφῆς,

176 3954 391 4018 εἰκότως
439 3956 534 4007 καὶ
577 3956 633 4006 ὲν
676 3952 753 4024 τῷ
804 3953 1002 4025 ψαλμῷ
1033 3956 1196 4026 μέχρι
1244 3956 1433 4010 τούτου
1464 3956 1533 4010 τὰ
1564 3956 1758 4010 ἑαυτοῦ

178 4046 504 4117 περιγράφει
544 4047 712 4120 πάθη.
750 4042 863 4101 Εἶτ’
902 4047 1150 4102 ἐντεῦθεν
1183 4051 1341 4102 ὁποῖα
1376 4047 1760 4119 μετελεύσεται

178 4138 365 4205 αὐτοὺς
400 4141 666 4208 θεσπίζει·
707 4162 726 4194 ι
766 4143 1109 4215 Γενηθήτωή
1141 4143 1390 4214 τράπεζα
1422 4142 1602 4197 αὐτῶν
1625 4144 1761 4197 ἐνώ-

180 4250 294 4287 πιον
334 4235 517 4288 αὐτῶν
550 4237 629 4299 είς
662 4236 887 4304 παγίδα,
932 4237 1025 4289 καὶ
1064 4238 1144 4299 εἰς
1171 4236 1524 4290 ἀνταπόδοσιν
1564 4238 1657 4291 καὶ
1682 4241 1761 4301 εἰς

182 4324 487 4379 σκάνδαλον.
527 4345 547 4378 ο
596 4327 806 4398 Ὥσπερ
833 4327 974 4381 κατά
1012 4344 1130 4380 τινα
1188 4328 1498 4398 συνήθειαν,
1533 4328 1599 4381 τὰ
1635 4328 1763 4400 μέλ-

180 4413 329 4469 λοντα
351 4416 431 4481 ὡς
461 4419 827 4490 παρῳχηκότα
864 4418 1236 4490 προφέρεσθαι
1271 4418 1459 4473 εἴωθεν
1489 4420 1757 4491 ήΓραφήο

1867 1948 1933 1985 ex
1963 1935 2118 1985 vinea
2170 1929 2531 1985 Sodomorum
2571 1930 2728 1984 vinea
2756 1946 2967 1992 eorum,
3008 1937 3061 1981 et
3089 1932 3301 1999 palmes
3328 1931 3452 1999 ejus

1862 2038 1933 2077 ex
1961 2021 2289 2076 Gomorrlia.
2323 2020 2439 2075 Uva
2462 2037 2677 2085 eorum,
2710 2038 2811 2075 uva
2838 2022 2997 2081 lellis,
3028 2023 3217 2076 botrus
3248 2023 3455 2076 amari-

1868 2108 2077 2164 tudinis
2106 2125 2297 2164 eorum
2328 2110 2395 2162 3°.
2437 2129 2455 2162 ι
2494 2107 2635 2166 Hinc
2669 2111 2920 2165 similiter
2948 2110 3189 2179 Spiritus
3218 2127 3312 2167 eos
3348 2127 3453 2182 per

1864 2200 2065 2255 Isaiam
2091 2201 2273 2271 arguit
2293 2202 2482 2258 dicens
2510 2220 2529 2257 ι
2560 2221 2578 2252 ι
2610 2202 2932 2273 Exspectavi
2958 2214 3009 2258 ul
3041 2206 3243 2259 I'acerct
3268 2220 3449 2270 uvam,

1868 2296 1993 2352 fecit
2024 2306 2206 2352 autem
2240 2299 2429 2368 spinas
2457 2297 2533 2363 aI;
2570 2318 2588 2348 ν
2617 2306 2671 2353 et
2701 2314 2919 2353 rursum
2943 2317 2955 2353 :
2979 2317 2997 2349 ι
3041 2299 3359 2369 ιιίχερριειεινὶ
3390 2310 3454 2353 ut

1868 2388 2070 2444 faceret
2095 2389 2391 2459 judicium,
2442 2389 2571 2445 fecit
2616 2400 2798 2446 autem
2844 2392 3211 2460 iniquitatem,
3247 2400 3300 2445 et
3340 2408 3453 2447 non

1858 2481 2137 2550 justitiam
2169 2481 2265 2537 sed
2300 2482 2597 2537 clamorem
2631 2483 2697 2533 ³³.
2744 2502 2763 2533 ι
2798 2481 3069 2553 Operibus
3111 2499 3242 2550 ergo
3272 2489 3327 2537 et
3366 2499 3454 2537 reo

1867 2573 1972 2628 bus
2004 2576 2196 2645 gestis,
2241 2576 2442 2630 acerbo
2492 2590 2750 2630 sermone
2801 2584 2855 2631 et
2907 2576 3017 2630 vita
3068 2575 3341 2630 dederunt
3392 2576 3451 2631 in

1865 2677 2050 2717 escam
2082 2661 2362 2718 Servatori
2394 2663 2489 2728 fel,
2520 2674 2575 2718 et
2611 2666 2663 2719 in
2699 2665 2791 2720 siti
2816 2666 2936 2735 ejus
2968 2675 3299 2735 putaverunt
3323 2683 3453 2722 cum

1865 2766 2039 2808 aceto.
2058 2755 2194 2821 Quia
2214 2771 2341 2809 vero
2363 2758 2663 2811 secundum
2678 2758 2964 2812 historiam
2983 2775 3200 2829 quoque
3215 2760 3455 2829 prophe-

1865 2849 1955 2901 tiae
1985 2863 2291 2904 sermonem
2312 2850 2525 2919 impleri
2547 2851 2809 2918 oportuit,
2838 2850 2950 2904 haec
2974 2851 3041 2904 de
3063 2858 3307 2919 tempore
3325 2867 3454 2921 pas-

1866 2939 2039 2994 sionis
2055 2940 2176 3009 ejus
2195 2950 2382 2994 narrat
2410 2943 2745 3012 evangelista
2763 2938 2983 2997 dit-eus:
3006 2962 3023 2991 ι
3042 2941 3238 2997 Postea
3268 2944 3452 2998 sciens

1862 3031 2025 3088 Jesus
2046 3034 2173 3103 quia
2194 3036 2379 3088 omnia
2401 3044 2783 3089 consummata
2812 3045 2941 3089 sunt
2964 3036 3095 3103 jam,
3126 3047 3180 3088 ut
3196 3051 3454 3090 consum-

1864 3136 2109 3181 maretur
2140 3126 2448 3198 Scriptura,
2482 3129 2619 3182 dixit
2657 3147 2669 3183 :
2706 3126 2864 3182 Sitio.
2906 3127 3015 3183 Vas
3054 3139 3173 3183 erat
3210 3130 3452 3199 positum

1862 3228 2017 3274 aceto
2044 3220 2285 3289 plenum.
2319 3220 2401 3274 llli
2466 3228 2647 3275 autem
2696 3222 2987 3289 spongiam
3034 3223 3248 3291 plenam
3296 3230 3452 3276 aceto

1859 3328 1985 3367 cum
2041 3313 2164 3367 felle
2213 3321 2268 3367 et
2306 3315 2543 3385 liyssopo
2593 3312 3078 3383 circumponentes
3134 3314 3454 3369 obtulerunt

1860 3405 1943 3457 ori
1995 3405 2137 3475 ejus.
2194 3404 2330 3460 Cum
2365 3420 2495 3477 ergo
2540 3406 2844 3474 accepisset
2894 3413 3107 3459 acetum
3144 3422 3267 3459 cum
3302 3405 3448 3471 felle,

1861 3494 2033 3549 dixit:
2063 3484 2455 3549 Consummata
2484 3505 2569 3550 est
2598 3505 2652 3549 et
2679 3496 2795 3549 haec
2827 3496 3133 3566 Scriptura.
3168 3495 3255 3558 Et,
3293 3497 3454 3549 incli-

1862 3594 1994 3641 nato
2018 3573 2217 3655 capite,
2265 3585 2489 3640 tradidit
2545 3587 2799 3656 spiritum
2838 3587 2902 3640 ³³.
2948 3606 2966 3639 ›
3004 3586 3273 3652 Quoniam
3320 3601 3451 3641 vero

1863 3679 2127 3733 inclinato
2158 3677 2338 3747 capite
2370 3678 2596 3731 tradidit
2626 3678 2879 3747 Spiritum
2925 3687 3050 3748 post
3101 3691 3452 3733 consumma-

1863 3771 2067 3824 tionem
2126 3769 2447 3836 Scripturae,
2499 3770 2628 3839 jure
2675 3771 2730 3825 in
2789 3773 3001 3839 psalmo
3038 3770 3104 3823 ad
3137 3770 3240 3824 hoc
3276 3784 3452 3840 usque

1864 3872 2080 3932 tempus
2112 3864 2393 3917 cruciatus
2422 3862 2836 3918 circumscribit
2882 3877 3034 3917 suos.
3082 3861 3287 3917 Deinde
3322 3877 3451 3918 vero

1862 3971 1984 4026 qua:
2022 3956 2157 4025 ipsis
2203 3956 2347 4010 mala
2387 3964 2650 4010 eventura
2702 3957 2813 4009 sint
2864 3956 3237 4011 aaticinatur:
3280 3974 3298 4008 ι
3332 3955 3452 4010 Fiat

1864 4060 2052 4101 mensa
2083 4061 2275 4101 eorum
2311 4060 2497 4101 coram
2530 4044 2668 4116 ipsis
2690 4047 2744 4100 in
2781 4049 3059 4115 laqueum,
3104 4056 3158 4101 et
3191 4048 3244 4101 in
3287 4048 3450 4101 retri-

1864 4138 2145 4191 butionem
2168 4137 2297 4191 etin
2317 4136 2660 4193 scandalum.
2701 4156 2719 4189 ι
2752 4137 2920 4204 Quasi
2948 4156 3013 4194 ex
3048 4143 3452 4196 consuetudine

1865 4230 2004 4283 solet
2051 4229 2334 4298 Scriptura
2386 4229 2568 4283 futura
2602 4232 2762 4299 quasi
2809 4232 3084 4301 przeterita
3119 4234 3448 4302 vaticinari;

1863 4337 2034 4392 quare
2063 4322 2286 4391 jamjam
2311 4321 2527 4377 dicebat
2559 4340 2574 4378 :
2605 4342 2625 4373 ι
2657 4321 2935 4378 Dederunt
2962 4324 3016 4377 in
3052 4340 3238 4381 escam
3272 4341 3451 4381 meam

1867 4415 1959 4479 fel,
2004 4434 2023 4466 ι
2066 4431 2130 4469 ac
2160 4416 2207 4470 si
2234 4415 2460 4479 diceret,
2493 4414 2734 4480 dabuutl;
2772 4434 2793 4467 ι
2834 4424 2887 4470 et
2917 4416 2971 4469 in
3014 4418 3107 4470 siti
3135 4433 3253 4471 mea
3293 4426 3452 4488 pota-

180 4507 374 4578 ἀρτίως
403 4509 533 4577 γοῦν
575 4509 727 4578 ἔλεγε
755 4511 836 4573 τὸ,
877 4529 896 4561 ι
929 4510 1174 4563 Ἕδωκαν
1199 4512 1279 4573 εἰς
1313 4511 1372 4564 τὸ
1416 4509 1612 4582 βρῶμα
1649 4529 1671 4581 μ

1962 4519 2051 4565 unt
2114 4525 2200 4564 tne
2250 4518 2434 4577 aceto,
2469 4528 2488 4560 ι
2532 4508 2588 4564 id
2640 4517 2727 4565 est
2770 4508 3046 4574 potabant.
3109 4509 3251 4564 Alibi
3314 4527 3453 4581 quo-

182 4597 355 4669 χολὴν,
401 4619 421 4651 ι
463 4601 585 4653 ἀντὶ
623 4600 739 4665 τοῦ,
794 4599 1083 4663 δώσουσι,
1117 4620 1135 4651 ι
1175 4602 1270 4654 καὶ
1316 4602 1395 4664 είς
1456 4600 1554 4671 τὴν
1600 4599 1758 4668 δίψαν

182 4705 279 4759 μου
340 4689 600 4743 ὲπότισάν
659 4708 727 4760 με
784 4690 936 4757 ὅξος·
980 4711 998 4743 ι
1038 4692 1157 4745 ἀντὶ
1208 4690 1334 4754 τοῦ,
1405 4690 1755 4745 ποτίσουσι.

183 4781 285 4835 Καὶ
327 4782 558 4855 ἀλλαχοῦ
590 4784 645 4837 δὲ
674 4784 875 4854 ὁμοίως
921 4783 1172 4856 εἴρηται·
1210 4802 1230 4835 ι
1271 4784 1663 4856 Διεμερίσαντο
1692 4784 1760 4837 τὰ

186 4871 364 4942 ἱμάτιά
398 4892 499 4946 μου
532 4877 764 4939 ἑαυτοῖς,
791 4877 884 4930 καὶ
922 4877 1132 4931 ἔπιτον
1168 4878 1462 4948 ἱματισμόν
1494 4893 1593 4947 μου
1629 4875 1747 4927 ἔδαε

182 4960 266 5017 λον
305 4964 524 5038 κλῆρον·
569 4988 587 5019 ι
624 4968 717 5021 καὶ¹
750 4968 941 5021 πάλιν
984 4987 1002 5018 ι
1038 4968 1398 5039 Παρέστησαν
1429 4967 1477 5019 οἱ
1514 4965 1755 5037 βασιλεῖς

183 5052 276 5123 τῆς
310 5056 435 5127 τῆς,
480 5060 572 5112 καὶ
628 5060 676 5112 oi
708 5060 966 5131 ἄρχοντες
998 5058 1346 5129 συνήχθησαν
1377 5058 1470 5111 ἐπὶ
1514 5057 1576 5110 τὸ
1601 5058 1752 5122 αὐτὸ,

188 5144 319 5198 κατὰ
374 5147 468 5201 τοῦ
516 5150 722 5221 Κυρίου
770 5149 1038 5204 καὶκατὰ
1081 5149 1175 5201 τοῦ
1224 5147 1461 5219 Χριστοῦ
1508 5147 1696 5202 αὑτοῦ.
1733 5168 1753 5200 ι

197 5235 421 5306 Ὁμοίως
460 5240 568 5313 γὰρ
608 5240 899 5294 καὶταῦτα
933 5239 1193 5311 μέλλοντα
1227 5239 1509 5309 γίγνεσθαι
1551 5240 1626 5302 ὼς
1656 5239 1758 5310 ἤδη

190 5332 546 5401 παρῳχηκότα
578 5335 1033 5404 προανεερωνείτο.
1062 5330 1219 5386 Οὖτω
1276 5332 1370 5384 καὶ
1398 5332 1498 5384 ὅσα
1544 5330 1759 5400 νομίζε-

189 5434 273 5472 ται
302 5423 709 5493 προστακτικῶς
744 5425 778 5493 ἢ
823 5422 1089 5488 εὑκτικῶς
1122 5422 1397 5491 λέγεσθαι,
1445 5424 1538 5477 καὶ
1584 5421 1761 5477 ταῦτα

193 5515 501 5586 προφητικῷ
549 5517 735 5587 τρόπῳ
775 5515 1255 5589 προαγορευτικῶς
1284 5515 1605 5581 ἐξακούεται
1624 5530 1638 5543 ⁸
1670 5509 1762 5569 οἷά

259 5713 321 5744 ’⁸⁸
359 5715 556 5771 Jerem.
579 5730 642 5777 rt,
678 5716 769 5773 2|.

196 5780 375 5842 28-30.
454 5786 498 5818 “
537 5785 680 5844 Psal.
725 5803 839 5857 XF),
882 5789 968 5844 19.
1044 5788 1089 5820 ⁸⁸
1130 5780 1288 5845 Psal.
1323 5804 1385 5857 ll,
1426 5787 1479 5844 2.

843 5719 887 5751 ”
929 5716 1293 5789 Matth._xxv,
1334 5719 1449 5789 551
1502 5719 1548 5751 ⁸⁸
1589 5719 1745 5776 Deut.
1786 5735 1959 5787 xxxu,
2005 5720 2095 5778 32.
2173 5722 2213 5753 ³¹
2255 5720 2359 5778 lsa.
2406 5737 2458 5789 v,
2500 5722 2555 5777 9..

1866 4620 1975 4676 que
2005 4602 2260 4659 similiter
2292 4602 2536 4658 dicitur:
2578 4620 2597 4653 ι
2637 4600 2952 4656 Diviserunt
2984 4603 3088 4656 sibi
3122 4602 3453 4657 vestimenta

1868 4710 2010 4759 mea,
2039 4702 2093 4749 et
2123 4709 2289 4764 super
2322 4703 2525 4749 vestem
2561 4710 2735 4749 meam
2778 4698 3049 4748 miserunt
3077 4703 3283 4748 sortem
3309 4694 3356 4725 ”
3382 4712 3399 4762 ;
3430 4714 3450 4746 δ

1866 4802 1935 4841 ac
1964 4802 2185 4840 rursum
2221 4805 2233 4839 :
2268 4804 2286 4836 ι
2325 4786 2633 4842 Astiterunt
2671 4802 2829 4856 reges
2879 4794 3058 4849 terrae,
3091 4795 3144 4840 et
3174 4787 3455 4857 principes

1868 4885 2244 4932 convenerunt
2272 4876 2326 4929 in
2362 4891 2529 4929 unum
2562 4874 2828 4930 adversus
2854 4873 3143 4928 Dominum
3175 4881 3229 4929 et
3257 4874 3457 4930 adver-

1866 4984 1963 5024 sus
1990 4967 2271 5023 Christum
2300 4968 2420 5037 ejus
2450 4967 2516 5022 ⁸⁵.
2552 4985 2570 5017 ι
2610 4965 2745 5019 Nam
2777 4967 3027 5022 similiter
3062 4967 3175 5021 haec
3207 4981 3329 5037 quae
3364 4964 3454 5023 fu-

1866 5068 1988 5114 tura
2020 5069 2198 5125 erant,
2237 5062 2395 5130 quasi
2434 5062 2549 5129 jam
2589 5063 2862 5129 praeterita
2907 5061 3450 5133 przenuntiabuntur.

1866 5150 1992 5206 Pari
2048 5153 2258 5207 ratione
2304 5169 2646 5223 quaecunque
2693 5163 2958 5223 putantur
3001 5154 3322 5224 imperando
3360 5162 3456 5209 aut

1866 5245 2107 5315 optando
2139 5245 2269 5306 dici,
2304 5244 2623 5314 prophetico
2671 5260 2824 5299 more
2854 5246 3211 5316 praenuntiari
3248 5253 3456 5318 putau-

1866 5335 1993 5389 dum
2020 5343 2106 5391 est
2161 5354 2175 5390 :
2220 5336 2402 5405 qualia
2438 5342 2568 5389 sunt
2627 5336 2742 5389 luce
2788 5345 2910 5406 qua:
2951 5345 3273 5391 tractamus.
3308 5333 3453 5391 Illud

1865 5429 2011 5480 enim
2045 5446 2058 5480 :
2090 5444 2108 5477 ι
2147 5424 2268 5479 Fiat
2312 5442 2500 5481 mensa
2555 5442 2772 5490 eorum,
2814 5448 2831 5479 ι
2868 5428 3165 5499 intelligas,
3199 5446 3217 5481 ι
3248 5428 3340 5483 ﬁet
3374 5448 3388 5485 :
3425 5446 3446 5481 ι

1866 5526 1919 5571 et
1950 5517 2081 5572 illud
2110 5536 2125 5572 :
2153 5517 2563 5575 «Obscurentur
2591 5519 2735 5576 oculi
2760 5535 2973 5587 eorum,
3001 5540 3020 5575 ι
3052 5536 3153 5593 pro
3188 5539 3208 5574 ι
3246 5522 3452 5580 obscu-

2634 5724 2678 5755 ³²
2722 5723 2859 5780 ibid.
2905 5724 2958 5785 7.
3038 5724 3083 5757 ³³
3122 5721 3283 5780 Joan.
3328 5741 3449 5797 xxx,
