3776 6284
334 308 455 366 -751

1026 304 1304 364 EUSEBII
1343 302 1822 362 CAESARIENSIS
1859 300 2008 359 OPP.
2053 301 2232 358 PARS
2271 302 2360 360 ill.
2396 331 2466 344 -—
2502 294 2916 359 EXEGETICA.

3508 298 3600 366 7'5"!

319 450 324 454 ·
352 432 652 497 rahuntur;
693 445 710 480 ι
741 436 795 483 et
827 428 1112 499 sequentia
1160 428 1433 484 similiter.
1475 425 1593 481 Non
1626 428 1771 482 enim
1804 441 1924 480 con-

2044 426 2157 477 ὲστι
2183 423 2254 478 τὰ
2288 424 2427 495 μετὰ
2449 427 2660 497 χεῖρας.
2680 424 2753 478 Τὸ
2780 426 2906 497 γὰρ,
2936 445 2953 476 ι
2996 426 3284 498 Γενηθήτω
3310 429 3344 498 ἡ
3377 426 3602 499 τράπεζα

321 528 678 579 sentaneum
711 528 817 587 est,
855 535 982 574 eum
1008 519 1104 591 qui
1136 520 1298 575 nobis
1342 520 1590 590 praecipit
1644 529 1702 573 ut
1736 517 1936 571 malum

319 636 322 638 ·
350 629 453 686 pro
488 613 634 669 malo
662 629 770 668 non
799 613 1116 677 reddamus,
1151 611 1246 668 sed
1271 626 1559 682 precemur
1601 627 1702 682 pro
1736 611 1804 666 iis
1844 611 1940 682 qui

315 726 322 733 ·
352 708 516 764 nobis
536 707 845 762 molestiam
873 713 1086 768 creant,
1114 714 1168 759 et
1195 712 1254 758 ut
1284 704 1697 767 benedicamus,
1723 716 1824 757 nec
1849 717 1938 757 ex-

317 819 320 830 ι
351 812 659 864 secremur,
691 799 1054 868 inimicosque
1084 796 1400 868 diligamus,
1439 795 1754 865 hujusmodi
1796 796 1937 849 mala

351 894 474 948 aliis
511 891 826 962 imprecari.
852 889 970 945 Non
1002 891 1244 960 cptativo
1276 889 1460 960 igitur,
1485 904 1663 959 neque
1702 889 1939 958 impera-

351 989 465 1040 tivo
500 984 683 1048 modo,
708 983 804 1038 sed
857 984 1161 1038 secundum
1215 983 1470 1036 traditam
1504 983 1770 1037 rationem
1823 983 1937 1036 haec

352 1077 673 1148 prephetice
697 1076 1046 1147 pronuntiata
1080 1083 1228 1129 sunt.
1255 1072 1361 1128 Pro
1384 1074 1451 1128 iis
1473 1073 1616 1126 enim
1651 1087 1774 1143 qua:
1800 1087 1935 1127 eon-

352 1177 439 1224 tra
493 1186 580 1224 me
633 1169 753 1224 ausi
797 1175 1202 1240 perpetrarunt,
1241 1168 1355 1222 haec
1412 1167 1562 1237 ipsos
1617 1167 1930 1237 excipient:

317 1277 543 1318 Ain-ensa
581 1278 771 1317 eorum
832 1264 939 1318 illis
985 1277 1097 1315 non
1147 1261 1214 1314 ad
1258 1259 1723 1330 suppeditandum
1749 1259 1933 1314 cibum

352 1356 480 1418 erit,
508 1355 602 1410 sed
625 1357 680 1409 in
711 1355 986 1424 laqueum,
1012 1360 1066 1408 et
1098 1356 1151 1406 in
1176 1352 1568 1407 retributiones
1599 1363 1652 1406 et
1688 1353 1742 1406 in
1774 1367 1936 1408 scan-

355 1446 562 1508 dalum,
597 1446 724 1515 quia
751 1444 1021 1499 dederunt
1058 1444 1112 1498 in
1140 1441 1324 1499 escam
1356 1458 1531 1497 meam
1567 1441 1659 1497 fel.
1691 1443 1931 1497 Mensam

355 1553 522 1608 porro
548 1536 762 1592 Iudaici
794 1538 979 1608 populi
1018 1551 1180 1606 quam
1217 1534 1426 1590 dixeris
1468 1550 1612 1598 esse,
1645 1535 1757 1590 nisi
1795 1535 1936 1589 divi-

353 1634 502 1687 nitus
553 1631 849 1701 inspiratas
899 1628 1233 1698 Scripturas,
1268 1641 1406 1698 quas
1447 1627 1698 1681 meditari
1734 1635 1788 1681 et
1818 1643 1933 1681 mc-

353 1723 584 1776 moriter
634 1721 878 1793 proferre
917 1720 1130 1776 solent?
1159 1719 1404 1786 Quarum
1449 1719 1838 1789 contemplatio
1876 1726 1932 1771 et

2041 516 2240 580 αὐτῶν,
2281 535 2300 570 ι
2329 517 2775 571 ἀκουστέονάντὶ
2799 519 2916 582 τοῦ,
2948 539 2965 571 ι
2994 523 3283 591 γενήσεται
3303 538 3319 553 ·
3359 540 3378 573 ι
3417 521 3507 574 καὶ
3537 521 3601 585 τὸ,

2048 629 2066 661 ι
2118 610 2564 682 Σκοτισθήτωσαν
2606 611 2656 663 οἱ
2701 610 2967 683 ὀφθαλμοὶ
3005 612 3203 676 αὐτῶν,
3248 633 3266 665 ι
3321 613 3443 666 ἀντὶ
3505 615 3600 680 τοῦ,

2047 721 2065 752 ι
2100 703 2568 774 σκοτισθήσονται·
2620 723 2639 756 ι
2687 706 2782 757 καὶ
2809 705 2878 758 τὰ
2913 705 3038 778 ἑξῆς
3088 707 3300 770 τούτοις
3337 706 3604 779 παραπληο

2043 799 2193 864 σίως.
2233 799 2308 852 Οὐ
2351 800 2462 872 γάρ
2493 800 2604 870 ἔχει
2633 798 2790 867 λόγον
2819 799 2910 853 τὸν
2941 802 3072 872 ἡμῖν
3109 802 3518 874 προστάττοντα
3545 803 3603 873 μὴ

2009 923 2011 927 ι
2039 892 2444 947 ἀνταποδιδόναι
2485 895 2652 949 κακὸν
2691 896 2811 950 ἀντὶ
2841 894 3034 958 κακοῦ,
3061 893 3196 948 ἀλλά
3227 893 3606 964 προσεύχεσθαι

2041 985 2186 1056 ὑπὲρ
2207 985 2314 1038 τῶν
2347 987 2451 1057 ὲπη
2463 986 2784 1057 ρεαζόντων,
2816 988 2910 1040 καὶ
2940 986 3182 1053 εὐλογεῖν
3219 986 3315 1038 καὶ
3351 984 3428 1055 μὴ
3458 1002 3606 1037 κατα-

2042 1077 2254 1148 ρᾶσθαι,
2287 1079 2506 1149 ἀγαπᾷν
2541 1078 2598 1131 δὲ
2625 1080 2721 1132 καὶ
2757 1079 2882 1142 τοὺς
2925 1077 3176 1149 ἐχθροὺς,
3207 1076 3372 1129 αὑτὸν
3403 1074 3608 1127 τοιαῦτα

2038 1168 2398 1239 κατεύχεσθαι
2458 1169 2688 1240 ἑτέροις.
2737 1171 2851 1222 Οὐκ
2907 1167 3176 1232 εὖκτικῶς
3233 1167 3450 1231 τοίνυν,
3505 1165 3607 1218 οὐδὲ

2037 1261 2472 1333 προστακτικῶς.
2500 1263 2641 1316 κατά
2677 1263 2735 1316 δὲ
2766 1262 2855 1314 τὸν
2891 1261 3222 1315 ἁποδοθέντα
3253 1260 3458 1332 τρόπον
3487 1275 3607 1329 προ-

2035 1353 2279 1422 φητικῶς
2314 1353 2410 1407 καὶ
2437 1352 2609 1408 ταῦτα
2635 1353 2905 1408 λέλεκται.
2946 1353 3086 1407 Ἀνθ’
3117 1346 3193 1407 ὧν
3221 1352 3334 1424 γὰρ
3361 1351 3607 1424 τετολμὴ-

2037 1459 2166 1496 κασι
2217 1444 2313 1498 καὶ
2362 1444 2723 1516 διεπράξαντο
2769 1448 2893 1499 κατ’
2941 1445 3098 1517 ἐμοῦ,
3149 1445 3381 1500 τοιαῦτα
3427 1442 3606 1508 aureis;

2033 1533 2362 1598 διαδέξεται·
2399 1537 2432 1608 ἡ
2473 1535 2719 1608 τράπεζα
2751 1537 2928 1590 αὐτῶν
2980 1536 3133 1588 ἔσται
3187 1535 3368 1599 αὐτοῖς
3405 1535 3506 1588 οὐκ
3543 1535 3608 1597 εἰς

2035 1624 2334 1696 παράθεσιν
2382 1628 2609 1698 τροφῆς,
2645 1627 2764 1682 ’ἀλλ’
2811 1628 2895 1691 είς
2926 1627 3130 1696 παγίδα
3160 1627 3254 1681 καὶ
3288 1627 3368 1688 είς
3399 1626 3610 1678 ἀνταπο-

2035 1719 2208 1783 δόσεις
2260 1720 2355 1772 xui.
2407 1721 2486 1784 εἰς
2534 1719 2850 1784 σκάνδαλον,
2911 1719 3028 1773 ἀνθ’
3076 1713 3150 1773 ὧν
3201 1718 3411 1772 ἔδωκαν
3443 1720 3530 1782 εἰς
3560 1720 3610 1771 τὸ

355 1815 734 1884 intelligentia,
769 1813 1078 1866 animarum
1114 1810 1520 1864 rationabilium
1555 1825 1738 1864 escam
1781 1825 1924 1864 com-

2044 1811 2231 1882 βρῶμά
2257 1829 2359 1882 μου
2394 1810 2576 1883 χολήν.
2604 1811 2896 1884 Τράπεζαν
2926 1811 2984 1864 δὲ
3009 1811 3104 1864 τοῦ
3145 1811 3420 1865 Ἰουδαίων
3441 1808 3610 1872 ἔθνους

311 1932 314 1937 -
348 1907 636 1975 plectitur,
660 1905 830 1959 dictio
855 1912 1035 1959 autem
1067 1919 1270 1957 mensa:
1300 1905 1418 1955 loco
1448 1913 1552 1958 est.

2037 1904 2157 1956 τίνα
2179 1901 2244 1956 ἂν
2277 1904 2449 1966 εἴποις
2471 1903 2502 1973 ἦ
2525 1903 2622 1967 τὰς
2645 1902 3288 1974 θεοπνεύστουςιΓραῳάς,
3306 1903 3374 1966 ἂς
3400 1902 3613 1973 μελετᾷν

349 1999 444 2050 καὶ
493 1997 945 2068 ἀποστοματίζειν
989 1995 1277 2062 είώϐασινς
1311 1990 1385 2048 ὧν
1413 1998 1445 2067 ἡ
1487 1998 1586 2066 μὲν
1620 1997 1821 2068 θεωρία
1879 1997 1978 2051 καὶ
2002 1998 2047 2068 εὴ
2102 1997 2307 2068 νόησις,
2334 1997 2518 2068 ψυχῶν
2541 1998 2746 2069 τροφὴν
2776 1996 3006 2066 λογικῶν
3037 1999 3360 2070 περιέχει,ἡ
3395 1997 3454 2050 δὲ
3487 1993 3612 2063 λέξις

347 2089 627 2160 τραπέζης
659 2088 843 2159 χώραν
879 2089 1142 2160 περιέχει.

399 2202 574 2257 "Hanc
621 2203 804 2272 itaque
835 2218 1081 2258 mensam
1121 2219 1336 2269 eorum,
1369 2219 1564 2275 nempe
1600 2205 1814 2260 obviam
1851 2203 1934 2259 diu

307 2303 311 2305 '
349 2295 601 2347 vinaruni
627 2293 1037 2363 Seripturarum
1067 2295 1383 2362 lectionem,
1408 2297 1541 2366 ipsis
1565 2299 1618 2351 in
1651 2297 1929 2367 laqueum,

349 2393 403 2437 et
430 2385 486 2438 in
516 2384 904 2438 retributiones
928 2384 1054 2439 etin
1081 2387 1399 2441 scandalum
1426 2386 1541 2443 fore
1561 2388 1927 2458 praenuntiat;

351 2483 514 2545 atque
551 2491 660 2528 non
706 2484 902 2528 natura
942 2475 1109 2531 talem
1146 2493 1290 2541 esse,
1326 2477 1419 2533 sed
1451 2479 1585 2549 ipsis
1615 2478 1931 2548 hujusmodi

309 2579 312 2582 ·
350 2565 612 2620 futuram.
650 2565 707 2621 Id
740 2568 885 2622 enim
922 2568 1008 2622 his
1031 2569 1212 2624 verbis
1252 2571 1594 2640 significatur
1629 2589 1642 2626 :
1676 2589 1695 2622 ι
1733 2570 1932 2625 Coram

349 2659 485 2730 ipsis
513 2660 606 2713 ﬁat
635 2675 824 2714 mensa
858 2675 1047 2714 eorum
1080 2664 1132 2715 iu
1163 2662 1414 2732 laqueum
1447 2672 1500 2718 et
1529 2663 1583 2716 in
1614 2661 1934 2717 retributio-

302 2753 306 2757 ’
348 2763 448 2807 nes
494 2757 548 2804 et
579 2749 635 2804 in
688 2751 1030 2807 scandalum.
1073 2769 1092 2802 ι
1147 2750 1258 2808 lloc
1296 2761 1476 2808 autem
1521 2765 1684 2823 opere
1728 2753 1782 2808 in
1824 2754 1932 2808 illis

347 2843 672 2911 completur.
715 2841 939 2898 Divinas
995 2859 1232 2914 namque
1284 2844 1600 2916 Seripturas
1653 2845 1930 2916 legentes,

347 2934 547 2988 exinde
594 2935 802 3005 laqueis
843 2937 1246 3006 cmnplicantur
1278 2952 1292 2990 :
1321 2952 1510 2991 earum
1548 2938 1750 3009 quippe
1783 2939 1929 2992 dicta

347 3033 545 3094 praeter
565 3042 749 3083 veram
775 3029 1059 3083 scientiam
1085 3031 1441 3098 excipientes,
1472 3043 1792 3102 rectumque
1819 3045 1933 3086 ver-

305 3131 309 3139 '
347 3119 542 3174 borum
589 3134 811 3174 sensum
847 3129 1185 3182 even-tentes;
1233 3121 1300 3176 iis
1333 3123 1398 3174 ad
1446 3138 1552 3176 non
1595 3123 1929 3177 credendum

301 3211 306 3214 ’
347 3208 631 3265 Servatori
677 3209 886 3265 seducti
933 3220 1082 3267 sunt.
1137 3214 1250 3264 lino
1283 3214 1444 3266 etiam
1499 3229 1686 3269 mensa
1738 3229 1928 3268 eorum

346 3299 483 3374 ipsis
537 3301 591 3354 in
661 3303 1050 3357 retributiones
1109 3304 1360 3358 vertitur.
1425 3304 1580 3370 Quod
1645 3309 1790 3362 enim
1857 3309 1936 3362 le—

345 3395 559 3450 ctiones
587 3410 697 3448 non
726 3393 1060 3466 intelligant,
1093 3398 1176 3450 vel
1205 3397 1332 3453 inde
1360 3397 1668 3453 facinorum
1704 3415 1933 3456 suorum

348 3489 402 3542 in
437 3487 614 3557 ipsum
640 3503 837 3558 poenas
869 3487 1043 3542 luunt.
1074 3487 1257 3554 Quare
1282 3489 1646 3562 Symmachus
1676 3507 1773 3562 pro
1803 3492 1933 3556 illa,

354 3600 370 3630 ι
398 3585 452 3634 et
482 3579 538 3632 in
573 3579 1002 3638 retributiones.
1026 3600 1044 3632 ι
1068 3582 1265 3648 vertit,
1293 3603 1309 3634 ι
1337 3591 1391 3637 et
1424 3582 1479 3636 in
1511 3584 1839 3655 supplicium
1866 3601 1881 3650 ;
1909 3603 1927 3635 ι

345 3672 480 3741 quin
507 3673 671 3728 etiam
707 3673 760 3727 in
793 3672 1115 3728 scandalum
1142 3690 1327 3729 coram
1359 3676 1492 3746 ipsis
1521 3692 1713 3732 mensa
1742 3692 1932 3732 eorum

345 3769 597 3820 vertitur.
644 3765 802 3820 Nuda
843 3768 1047 3838 quippe
1097 3769 1263 3822 verba
1307 3771 1551 3840 legentes
1581 3768 1928 3840 impingunt,

344 3871 608 3912 arcanum
661 3873 851 3912 eorum
901 3873 1124 3914 sensum
1173 3876 1281 3914 non
1329 3863 1630 3931 capientes.
1685 3861 1931 3930 Exempli

342 3965 513 4005 causa
535 3991 548 4015 ,
577 3965 700 4004 cum
715 3952 957 4006 audiunt
978 3994 991 4015 ,
1019 3964 1108 4018 ut,
1142 3953 1464 4008 adveniente
1491 3953 1740 4018 Christo,
1766 3954 1930 4008 simul

345 4052 536 4111 pascet
563 4043 725 4112 lupus
749 4059 872 4097 cum
905 4059 1046 4114 agno
1068 4087 1082 4108 ,
1111 4046 1401 4115 et'pardus
1427 4061 1552 4099 cum
1589 4045 1741 4100 haedo
1769 4061 1932 4100 accu-

336 4132 506 4186 'babit
529 4173 542 4198 ,
576 4134 661 4187 lco
691 4141 744 4187 et
777 4134 879 4189 bus
911 4137 1200 4190 comedent
1231 4138 1415 4206 paleas
1456 4137 1541 4202 3“;
1595 4138 1710 4190 hmc
1757 4145 1810 4191 et
1853 4139 1929 4191 si-

349 4225 501 4278 milia
535 4240 643 4278 non
675 4225 1077 4295 iulelligentes,
1114 4227 1438 4281 adveniente
1471 4225 1695 4281 Christo
1727 4226 1782 4280 in
1816 4225 1931 4279 haec

348 4316 688 4388 impingunt;
714 4317 842 4387 quia
874 4318 988 4372 haec
1014 4333 1120 4372 non
1145 4319 1394 4374 sensibili
1426 4320 1588 4374 modo
1611 4319 1666 4372 in
1689 4319 1810 4388 ejus
1835 4318 1932 4373 ad-

294 4414 300 4418 ’
327 4417 513 4465 'ventu
539 4413 907 4481 contigerunt.
945 4409 1038 4465 Sic
1067 4425 1199 4481 ergo
1229 4411 1490 4482 pranlieta
1523 4426 1930 4466 eorum'mensa

2113 2201 2329 2272 Ταύτην
2354 2201 2532 2254 τοίνυν
2555 2201 2651 2272 τὴν
2675 2199 2954 2273 τράπεζαν
2992 2198 3192 2261 αὐτῶν,
3212 2200 3310 2271 τὴν
3335 2201 3615 2274 πρόχειρον

2037 2292 2145 2344 τῶν
2195 2291 2354 2344 θείων
2387 2290 2617 2360 Γραφῶν
2661 2291 2965 2358 ἀνάγνωσιν
2999 2286 3356 2360 προαγορεύει
3404 2289 3614 2343 ἔσεσθαι

2038 2383 2220 2445 αὐτοῖς
2251 2385 2330 2446 εἰς
2353 2382 2556 2451 παγίδα
2580 2382 2674 2434 καὶ
2701 2382 2781 2444 είς
2805 2381 3190 2444 ἀνταποδόσεις
3223 2381 3318 2434 καὶ
3355 2383 3439 2445 είς
3466 2383 3614 2435 σκάν-

2037 2474 2194 2526 δαλον
2215 2493 2226 2504 ·
2265 2475 2360 2526 καὶ
2389 2473 2607 2526 ἔσεσθαι
2636 2473 2804 2544 αὐτὴν
2837 2473 3090 2544 τοιαύτην
3124 2473 3327 2537 αὐτοῖς,
3366 2474 3432 2526 οὐ
3472 2474 3613 2543 φύσει

2035 2564 2200 2621 οὖσαν
2233 2567 2508 2638 τοιαύτην,
2532 2568 2647 2621 ἀλλ’
2681 2568 2866 2631 αὐτοῖς
2899 2561 3119 2619 ἔσεσθαι
3153 2566 3432 2637 τοιαύτην.
3462 2568 3614 2620 Τοῦτο

2036 2658 2144 2730 γὰρ
2171 2658 2424 2729 σημαίνει
2453 2660 2480 2711 ὁ
2511 2658 2672 2726 λόγος
2701 2657 2923 2711 εἰπώνοη
2964 2657 3224 2710 Ἐνὼπιον
3253 2657 3433 2710 αῢτῶν
3469 2669 3614 2730 γενη-

2036 2751 2184 2822 θήτω
2216 2754 2248 2822 ἡ
2281 2751 2528 2822 τράπεζα
2557 2752 2735 2805 αὐτῶν
2774 2755 2854 2817 εἰς
2895 2753 3117 2821 παγίδα,
3154 2754 3250 2806 καὶ
3272 2754 3350 2817 εἰς
3389 2755 3611 2807 ἀνταπο-

2032 2845 2210 2908 δόσεις
2243 2845 2338 2898 καὶ
2361 2846 2441 2908 είς
2471 2845 2784 2899 σκάνδαλον.
2813 2865 2830 2895 ι
2859 2839 3114 2917 Ἐργῳδὲ
3139 2844 3296 2898 τοῦτο
3323 2847 3404 2909 είς
3429 2847 3614 2908 αὐτοὺς

2039 2936 2360 3007 πληροῦται.
2395 2937 2527 2998 Ταῖς
2559 2937 2687 3003 γοῦν
2721 2935 2892 2999 θείαις
2924 2936 3168 3008 Γραφαῖς
3204 2937 3613 3006 ἐντυγχάνοντες

2039 3029 2097 3095 ἐξ
2147 3027 2326 3082 αὐτῶν
2360 3029 2548 3096 παγίσι
2590 3029 3019 3102 περιπείρονται,
3054 3023 3260 3100 ἑτέρως
3290 3029 3322 3100 ἢ
3358 3030 3506 3082 κατὰ
3535 3030 3615 3082 τήν

2039 3121 2213 3192 ἀληθῆ
2233 3121 2354 3174 νοῦν
2375 3121 2806 3192 ἐκλαμϐάνοντες
2829 3120 2924 3184 τὰς
2942 3121 3137 3188 λέξεις,
3161 3120 3256 3174 καὶ
3278 3121 3614 3195 διαστρέφον-

2036 3234 2126 3279 τες
2146 3215 2235 3268 τὸν
2260 3217 2318 3268 ἐν
2342 3215 2532 3277 αὑταῖς
2549 3213 2706 3285 ὀρθὸν
2727 3214 2882 3283 λόγον
2893 3215 2975 3280 ,ἐξ
2993 3215 3171 3268 αὐτῶν
3195 3233 3258 3268 τε
3277 3215 3611 3279 εἰς’ἀπιστίαν

2035 3307 2130 3360 τοῦ
2165 3307 2418 3377 Σωτῆρος
2453 3307 2922 3378 περιπειρόμενοι.
2963 3305 3122 3358 Ἀλλά
3155 3306 3253 3358 καὶ
3285 3308 3362 3368 είς
3387 3307 3616 3360 ἀνταπο-

2034 3401 2208 3464 δόσεις
2231 3399 2441 3468 γίνεται
2465 3400 2647 3461 αὐτοῖς
2670 3401 2702 3469 ἡ
2723 3397 2968 3468 τράπεζα
2999 3397 3197 3452 αὐτῶν.
3234 3399 3320 3452 Ἑν
3339 3399 3451 3470 γὰρ
3479 3398 3615 3468 αὐτῷ

2031 3493 2210 3563 τούτῳ
2243 3493 2320 3561 τῷ
2355 3491 2429 3563 μὴ
2465 3493 2700 3544 συνιέναι
2730 3491 2798 3544 τὰ
2828 3490 3264 3562 ἀναγνώσματα-,
3297 3490 3614 3552 ἀπολαμϐά-

2035 3601 2216 3637 νουσιν
2244 3577 2318 3636 ὧν
2345 3582 2579 3654 ἔδρασαν
2613 3583 2733 3635 κατ’
2765 3582 2927 3635 αὐτοῦ
2961 3583 3059 3653 τὴν
3090 3581 3381 3655 τιμωρίαν.
3420 3582 3614 3650 Διόπερ

2035 3677 2062 3726 ὁ
2086 3675 2384 3745 Σύμμαχος
2411 3673 2529 3726 ἀντῖ
2554 3672 2671 3738 τοῦ,
2696 3691 2718 3722 ι
2748 3672 2840 3725 καὶ
2871 3672 2953 3734 είς
2978 3670 3360 3734 ἀνταποδόσεις
3377 3710 3392 3735 ,
3422 3671 3518 3723 καὶ
3535 3673 3615 3735 εἰς

2031 3768 2346 3836 τιμωρίαν,
2396 3765 2761 3836 ἡρμήνευσεν.
2817 3762 2978 3816 Ἀλλὰ
3038 3762 3134 3815 καὶ
3181 3763 3263 3826 είς
3321 3762 3612 3815 σκάνδαλον

2032 3860 2244 3927 γίνεται
2278 3857 2510 3911 ἐνώπιον
2545 3855 2723 3908 αὐτῶν
2757 3853 3069 3927 ἡτράπεζα
3101 3854 3300 3906 αὐτῶν.
3335 3853 3614 3906 Σκανδαλί-

2031 3949 2216 4014 ζονται
2245 3949 2354 4020 γὰρ
2380 3947 2800 4018 ἐντυγχάνοντες
2825 3946 3007 4015 ψιλαῖς
3037 3948 3155 4008 ταῖς
3185 3945 3381 4011 λέξεσι,
3418 3945 3513 3997 καὶ
3544 3943 3612 4014 μὴ

2037 4035 2307 4105 συνιέντες
2333 4042 2432 4112 τὴν
2457 4043 2514 4094 ἐν
2541 4041 2733 4102 αὐταῖς
2760 4039 2993 4110 Θεωρίαν
3015 4053 3039 4074 ·-
3055 4035 3166 4092 οἷον
3184 4038 3494 4102 ἀκούοντες,
3517 4038 3609 4102 ὡς,
3649 4080 3652 4087 ς

2028 4135 2356 4196 ἐπιστάντος
2381 4131 2472 4184 τοῦ
2497 4130 2754 4203 Χριστοῦ,
2781 4146 2843 4182 συ
2852 4129 3060 4202 μδοσκή
3070 4146 3219 4182 σεται
3267 4127 3428 4191 λύκος
3478 4126 3610 4198 μετὰ

2031 4225 2215 4295 ἀρνὸς,
2235 4223 2329 4276 καὶ
2353 4221 2615 4294 πάρδαλις
2643 4218 3108 4273 συναναπαύσεται
3134 4219 3310 4289 ἐρίφῳ
3327 4259 3342 4285 ,
3367 4221 3459 4271 καὶ
3479 4218 3612 4271 λέων

2027 4316 2128 4368 «καὶ
2169 4315 2293 4385 βοῦς
2326 4315 2559 4384 φάγεται
2589 4315 2797 4383 ἄχυρακ
2849 4311 3018 4365 ταῦτα
3059 4301 3150 4364 καί
3184 4310 3254 4364 τὰ
3283 4310 3504 4364 τοιαῦτα
3537 4310 3606 4381 μὴ

1987 4415 1993 4420 ’
2038 4407 2327 4471 συνιέντες,
2359 4405 2798 4468 σκανδαλίζονται
2838 4406 2930 4458 ἐπὶ
2957 4403 3034 4475 τῷ
3063 4400 3606 4475 exposuisti-ymo,

289 4506 298 4514 '
347 4502 450 4557 fuit
479 4498 665 4556 ceram
697 4503 831 4573 ipsis
864 4502 921 4558 in
953 4503 1209 4574 laqueum
1235 4509 1334 4568 ,‘et
1366 4505 1420 4557 in
1450 4504 1841 4558 retributiones
1875 4510 1924 4558 ct

2044 4503 2118 4554 ὅτι
2153 4501 2227 4571 μὴ
2272 4497 2547 4569 αἰσθητῶς
2579 4498 2793 4565 ἐγένετο
2818 4497 2992 4550 ταῦτα
3017 4497 3075 4547 ὲν
3107 4496 3377 4567 τῇοιὺτοῦ
3410 4513 3603 4568 παρου-

292 4615 298 4619 -
347 4595 403 4649 in
435 4594 777 4650 scandalum.
808 4592 1042 4665 [hecque
1071 4595 1221 4665 passi
1259 4603 1432 4656 sunt,
1476 4597 1604 4664 quia
1647 4597 1927 4650 obscura’ti

345 4695 475 4744 sunt
506 4687 650 4740 oculi
675 4703 865 4742 corum
893 4695 950 4742 ut
978 4703 1088 4742 non
1126 4689 1409 4750 viderent,
1438 4689 1566 4757 quia
1597 4695 1930 4757 respuerant

343 4781 521 4834 lucem
549 4779 949 4833 illumin‘antem
977 4793 1196 4832 ornncm
1228 4780 1534 4841 hominem,
1562 4786 1617 4833 et
1646 4779 1773 4847 quia
1803 4781 1930 4833 ocu-

325 4875 424 4927 ‘lu‘s
457 4871 724 4928 habentes
754 4872 1159 4944 nonlvidebant
1184 4912 1198 4935 ,
1229 4882 1282 4926 et
1310 4886 1472 4926 aures
1519 4870 1785 4926 habentes
1818 4887 1926 4924 non

342 4959 660 5022 audiebant.
707 4962 1079 5019 Incrassatum
1115 4965 1259 5018 enim
1303 4972 1385 5018 est
1433 4954 1529 5016 cor
1575 4975 1792 5027 eorum;
1843 4980 1929 5018 se-

321 5057 584 5112 cundum
609 5058 826 5119 Isaiam,
868 5065 920 5111 et
945 5057 1143 5110 oculos
1159 5058 1510 5119 obturarunt,
1539 5071 1810 5127 auresque
1834 5071 1926 5126 ag-

329 5155 649 5221 gravarunt
670 5149 739 5206 ⁸⁷.
777 5151 959 5216 Quare
984 5150 1071 5203 hic
1094 5150 1494 5219 praenuntiatur
1520 5169 1534 5203 :
1567 5147 1923 5203 t'Obscuren-

343 5246 436 5293 tur
452 5242 598 5295 oculi
625 5255 818 5295 eorum
850 5257 916 5294 ne
945 5238 1186 5293 videant.
1221 5258 1239 5290 ›
1271 5239 1449 5293 Alium
1470 5244 1701 5307 quoque
1729 5253 1918 5292 casum

342 5343 532 5388 eorum
562 5335 710 5386 clare
732 5332 1067 5386 vaticinatur
1094 5332 1180 5386 his
1210 5331 1394 5386 verbis
1417 5350 1429 5385 :
1453 5350 1470 5383 ι
1493 5331 1567 5383 Et
1585 5330 1808 5385 dorsum
1829 5346 1924 5385 eo-

345 5433 481 5476 rttm'
501 5435 717 5492 semper
748 5424 972 5477 incurva
995 5437 1064 5487 ,‘)
1093 5421 1147 5475 id
1167 5429 1259 5477 est
1284 5462 1298 5485 ,
1327 5441 1346 5474 ι
1381 5421 1697 5476 incurvabis
1723 5438 1738 5487 ;
1776 5441 1794 5473 ι
1824 5428 1876 5474 et
1905 5440 1918 5474 :

352 5507 612 5568 (Elimide
636 5527 804 5583 super
831 5515 1084 5570 eosiram
1111 5513 1915 5580 tuam,:seilicet,-'¢efl'uudes;i

342 5612 398 5658 et
425 5622 439 5658 :
478 5602 688 5658 «Fruar
720 5605 815 5659 ira:
850 5614 957 5661 tua:
985 5605 1414 5677 comprehendat
1445 5623 1540 5664 eos
1560 5609 1879 5676 ,mimirum
1902 5649 1916 5676 ,

413 5763 465 5799 ⁸⁵
499 5765 608 5817 ua.
653 5775 730 5824 xi,
771 5759 822 5814 6.
899 5760 942 5792 ⁸⁷
984 5759 1088 5815 lsa.
1130 5779 1201 5824 vr.
1245 5761 1330 5818 10.

2035 4594 2143 4663 σία.
2187 4589 2372 4655 Οὕτως
2395 4587 2486 4645 οὖν
2514 4593 2546 4661 ἠ
2581 4590 2898 4644 ἀποδοθείσα
2923 4589 3100 4642 αὐτῶν
3121 4590 3372 4661 τράπεζα
3389 4589 3604 4659 γέγονεν

1988 4707 1992 4711 λ
2033 4685 2264 4738 ἐνώπιον
2296 4683 2476 4737 αὐτῶν
2509 4685 2588 4745 είς
2621 4683 2845 4750 παγίδα,
2869 4683 2973 4736 »καὶ
3004 4683 3082 4745 εἰς
3108 4683 3486 4744 ἀνταποδόσεις
3512 4681 3604 4734 καὶ

2033 4779 2114 4838 είς
2135 4775 2574 4830 artiﬁcium-Kal
2591 4774 2761 4829 ταῦτα
2782 4774 3133 4839 πεπόνθασιν,
3157 4773 3446 4844 ἐπειδήπερ
3461 4775 3606 4824 ὲσκο-

2032 4867 2296 4938 τίσθησαν
2322 4867 2373 4918 οἱ
2401 4863 2874 4934 ὀφθαλμοὶ-αὑτῶν
2903 4863 2999 4917 τοῦ
3039 4863 3112 4935 μὴ
3147 4863 3518 4934 βλέπειν-,διὰ
3543 4862 3606 4916 ῖτδ

2035 4959 2382 5032 παρῃτῆσθαι
2405 4958 2465 5011 τὸ
2486 4957 2610 5027 φῶς
2638 4958 2697 5010 τὸ
2724 4957 2956 5025 φωτίζον
2985 4957 3164 5010 πάντα
3183 4956 3487 5029 ἄνθρωπον,
3514 4952 3606 5005 καὶ

2034 5052 2157 5105 ἐπεὶ
2179 5051 2488 5121 ὀφθαλμοὺς
2525 5048 2736 5118 ἔχοντες
2767 5049 2867 5101 οὐκ
2906 5047 3152 5112 ἔϐλεπον,
3183 5048 3281 5101 καὶ
3311 5041 3422 5101 ὦτα
3455 5045 3604 5113 έχον-

2030 5161 2121 5207 τες
2161 5144 2260 5196 οὐκ
2317 5143 2532 5213 ἤκουον.
2587 5140 2893 5211 Ἐπαχύνθη
2938 5140 3114 5211 γὰρὴ
3162 5141 3361 5212 καρδία
3395 5134 3596 5199 αὐτῶν,

2024 5233 2170 5290 ’κατὰ
2195 5234 2286 5288 τὸν
2327 5233 2570 5298 Ἡσαΐαν,
2618 5233 2707 5286 καὶ
2752 5234 2876 5295 τοὺς
2907 5231 3222 5302 ὀφθαλμοὺς
3263 5232 3594 5302 ἐκάμμυσαν,

2031 5332 2126 5383 καὶ⁵
2171 5329 2237 5382 τά
2276 5325 2388 5382 ὦτα
2456 5328 2746 5398 ὲδὰρυναν.
2790 5326 2878 5380 Διὸ
2933 5329 3294 5400 προαγορεύει
3332 5329 3540 5397 φάσκων
3568 5324 3597 5376 ὁ

2029 5420 2215 5492 λόγος·
2261 5441 2279 5472 ι
2299 5422 2837 5493 Σκοτίσθήτωσανοί
2885 5420 3152 5491 ὀφθαλμοὶ
3174 5423 3366 5475 αὐτῶν
3402 5415 3486 5470 τοῦ
3519 5415 3593 5487 μὴ

2035 5513 2268 5585 βλέπειν.
2297 5515 2455 5568 ι’Καὶ
2479 5513 2606 5568 ἄλλο
2631 5511 2951 5584 δὲ··ὲναργῶς
2985 5513 3196 5584 συμϐὰν
3218 5515 3390 5575 αὐτοῖς
3413 5506 3597 5562 Ossaei-

2031 5606 2112 5670 ζει
2133 5606 2304 5676 λέγων
2319 5623 2336 5642 ο
2369 5623 2392 5661 ι
2415 5605 2522 5661 Καὶ
2545 5603 2636 5659 τὸν
2659 5604 2824 5658 νῶτον
2847 5604 3026 5660 αὐτῶν
3051 5604 3336 5668 διαπαντὸς
3358 5600 3596 5672 σύγκαμο
