3776 6284
213 306 301 363 753
1304 310 1803 369 COMMENTARIA
1845 313 1910 368 IN
1951 312 2309 369 PSALMOSC
3353 319 3444 366 (δι

209 429 349 496 qm,»
390 421 505 474 ἀντὶ
543 422 636 474 τοῦ
657 465 671 489 ,
718 441 736 474 ι
767 424 1140 496 συγκάμψεις·
1170 446 1187 478 ι
1232 430 1344 490 καὶ,
1373 450 1391 481 ι
1421 431 1649 504 Ἐκχεον
1680 436 1761 488 ἐπ’

1888 452 1896 479 ι
1928 434 2374 504 comprehendet.
2403 453 2421 480 ι
2452 432 2740 497 Quomodo
2769 440 2948 486 autem
2986 431 3173 485 isthzec
3201 437 3323 499 post
3349 427 3449 483 Ju-

208 515 378 577 αὐτοὺς
397 514 486 584 τὴν
502 514 667 585 ὀργήν
702 533 795 569 σου
820 558 832 581 ,
861 538 877 567 ι
914 520 1034 571 ἀντὶ
1060 520 1177 582 τοῦ,
1202 540 1218 570 ι
1244 521 1457 591 ἐκχεεῖς
1477 543 1487 554 ·
1504 526 1660 590 ικαὶ,
1688 546 1705 577 ι
1738 529 1765 579 ό

207 606 353 679 θυι..ὸς
381 607 474 676 τῆς
515 608 683 676 ὀργῆς
731 626 825 661 σου
862 611 1161 665 καταλάϐοι
1194 614 1407 678 αὐτοὺς,
1436 635 1453 666 ι
1493 617 1614 669 ἀντὶ
1647 620 1761 681 τοῦ,

210 698 643 769 ικαταλήψεται.»
683 701 871 765 Ὅπως
900 703 957 757 δὲ
995 705 1089 757 καὶ
1117 705 1287 759 ταῦτα
1326 709 1462 777 μετὰ
1494 710 1590 780 τὴη
1623 714 1764 765 κατὰ

201 789 283 845 τοῦ
306 791 549 860 Σωτῆρος
570 791 726 861 ἡμῶν
754 793 959 864 τόλμαν
987 796 1065 865 τῷ
1111 796 1378 850 Ἰουδαίων
1405 799 1754 869 συμϐέϐηκεν

202 883 356 943 ἑθνει,
394 881 452 932 ού
491 880 751 952 δυσχερὲς
790 885 1144 954 καταμαθεῖν.
1199 885 1372 939 Πάλαι
1408 888 1504 956 μὲν
1538 887 1646 959 γὰρ
1675 887 1764 940 διὰ

198 976 285 1037 τὰς
307 967 582 1026 εἰδώλολατ
592 974 740 1044 ρείας
760 975 937 1029 αὐτῶν
969 977 1182 1047 ἐχθροῖς
1206 979 1298 1031 καὶ
1323 978 1604 1049 πολεμίοις
1628 979 1763 1051 πρ“)ς

198 1067 353 1137 ὀλίγον
376 1066 563 1135 καιρὸν
586 1066 899 1121 ἐδουλοῦντο
918 1084 931 1098 ·
961 1066 1057 1122 εἶτ’
1083 1067 1237 1135 αὖθις
1259 1070 1358 1142 τὴν
1385 1073 1591 1125 οἰκείαν
1613 1073 1696 1126 ἐλε
1706 1092 1763 1125 υ-

198 1158 362 1229 θερίαν
392 1156 695 1227 ἐλάμϐανον
715 1176 735 1189 ··
761 1159 1047 1230 αὐτόνομοί
1079 1179 1138 1215 τε
1183 1163 1279 1219 καὶ
1324 1164 1763 1218 αύτοϐασίλευτοι

196 1250 454 1313 διετέλουν,
479 1249 542 1302 τὸ
556 1250 697 1320 ἱερὸν
724 1252 815 1306 καὶ
838 1252 937 1323 τὴν
956 1254 1012 1305 ἐν
1040 1254 1190 1325 αὑτῷ
1218 1254 1356 1308 κατὰ
1378 1256 1467 1308 τὸν
1482 1257 1762 1321 Μωῦσὲως

195 1342 339 1413 νόμον
374 1341 627 1412 λατρείαν
658 1343 1061 1414 διατρέχοντες·
1106 1347 1244 1416 μετὰ
1276 1347 1332 1400 δὲ
1367 1349 1466 1418 τὴν
1492 1348 1633 1401 κατὰ
1664 1348 1761 1402 τοῦ

194 1434 423 1504 Σωτῆρος
449 1435 609 1504 ἡμῶν
633 1435 951 1506 ἐπιϐουλὴν,
979 1437 1197 1495 πάντων
1226 1439 1438 1511 (mp/mg
1465 1438 1761 1510 ἐστερήθη-

194 1542 311 1578 σαν·
352 1526 662 1597 πολιορκίαν
689 1546 748 1581 τε
781 1530 877 1582 καὶ
908 1529 1149 1585 δουλείαν
1190 1531 1288 1602 τὴν
1318 1532 1421 1584 ὑπὸ
1470 1531 1761 1602 Ῥωμαίοις

194 1617 588 1688 ὑπομείναντες,
630 1618 906 1689 διέμειναν
940 1620 1084 1675 οὕτω
1122 1624 1402 1686 ταπεινοὶ,
1439 1626 1531 1676 καὶ
1568 1624 1757 1693 μηκέτ’

191 1708 461 1767 ἀνανεῦσαι
492 1708 840 1780 δεδυνημένοι
862 1730 875 1743 ·
915 1714 943 1764 ὃ
968 1713 1031 1783 δὴ
1066 1714 1374 1785 σημαίνειὴ
1412 1715 1547 1785 μετὰ
1573 1717 1759 1785 χεῖρας

1868 527 2109 580 decorum
2138 534 2331 578 contra
2362 524 2710 578 Servatorem
2740 531 2989 576 nostrum
3025 524 3205 576 audax
3233 521 3447 576 facinus

1866 618 2013 688 genti
2042 617 2410 687 contigerint,
2453 632 2563 669 non
2594 614 2815 671 difﬁcile
2847 616 3131 671 intellectu
3163 622 3267 669 est.
3301 612 3440 667 Nam

1867 711 1995 762 olim
2027 709 2269 778 quidem,
2302 707 2626 761 idololatriae
2655 723 2769 761 sua:
2796 722 2984 767 causa,
3014 707 3362 760 inimicorum
3393 713 3448 760 et

1866 801 2109 855 hostium
2162 798 2417 854 servituti
2464 797 2541 851 ad:
2580 797 2746 851 breve
2786 804 3006 865 tempus
3050 796 3445 859 tradebantur;

1866 893 2065 947 deinde
2111 891 2166 945 in
2209 891 2499 960 pristinam
2546 889 2852 943 libertatem
2896 888 3354 951 restituebantur,
3383 902 3448 948 ac

1866 987 1952 1043 sui
1994 986 2137 1055 juris
2186 985 2414 1053 suisque
2455 982 2682 1052 regibus
2727 980 2930 1035 subditi
2973 978 3275 1049 degebant,
3308 988 3450 1035 tem-

1865 1080 2048 1150 plum,
2080 1079 2402 1147 cultumque
2445 1076 2517 1130 ibi
2551 1091 2613 1130 ex
2662 1074 2863 1145 Moysis
2914 1074 3030 1139 lege
3068 1072 3447 1142 praescriptum

1866 1168 2333 1237 frequentabant;
2369 1175 2491 1235 post
2522 1163 2751 1225 insidias
2782 1178 2912 1216 vero
2954 1169 3148 1215 contra
3190 1160 3445 1214 Salvato-

1865 1278 1978 1316 rem
2009 1270 2261 1315 nostrum
2293 1265 2539 1313 structas
2560 1297 2575 1320 ,
2610 1256 2869 1310 omnibus
2911 1252 3201 1307 confertim
3248 1250 3445 1322 privati

1866 1360 1997 1409 SUJIl.
2022 1371 2034 1406 :
2064 1363 2230 1420 atque
2256 1349 2546 1404 obsidione
2572 1354 2625 1401 et
2655 1347 2918 1401 servitute
2942 1344 3207 1401 Romanis
3229 1357 3453 1414 Opprese

1864 1446 1945 1508 si,
1987 1445 2067 1499 sic
2100 1442 2303 1511 abjecti
2325 1481 2338 1504 ,
2374 1456 2443 1494 ne
2469 1437 2689 1509 quidem
2721 1446 2889 1506 caput
2917 1438 3131 1507 erigere
3159 1436 3445 1495 audentes.

1862 1544 2267 1592 remanserunt.
2316 1532 2472 1599 Quod
2520 1533 2617 1585 hac
2662 1531 2947 1600 prophetia
2990 1530 3333 1600 significatur
3360 1528 3449 1582 his

1862 1629 2083 1685 verbis:
2116 1645 2133 1678 ι
2169 1625 2234 1680 Et
2264 1625 2489 1678 dorsum
2520 1639 2709 1678 eorum
2758 1637 2973 1690 semper
3016 1624 3267 1676 incurva.
3301 1640 3321 1672 ι
3349 1620 3448 1673 At-

1861 1721 2031 1777 tende
2049 1733 2180 1773 vero
2210 1717 2281 1773 ad
2312 1714 2443 1771 illud
2468 1756 2481 1777 ,
2509 1734 2528 1765 ι
2555 1730 2792 1783 semper.
2825 1734 2843 1764 ι
2868 1712 2984 1766 Non
3012 1713 3156 1766 enim
3189 1711 3255 1765 ad
3285 1712 3450 1766 breve

190 1801 475 1872 προφητεία
510 1802 671 1873 ἐντῷ
699 1804 878 1874 λέγειν
896 1822 908 1836 ·
952 1826 969 1857 ι
996 1808 1104 1863 Καὶ
1130 1807 1221 1859 τὸν
1245 1807 1413 1863 νῶτον
1444 1808 1621 1861 αὐτῶν
1650 1809 1761 1861 δια-

1892 1828 2084 1882 empus
2113 1819 2172 1865 ut
2199 1810 2328 1863 olim
2353 1849 2367 1873 ,
2400 1806 2494 1864 sed
2518 1826 2536 1858 ‹
2566 1821 2803 1876 semper,
2833 1826 2849 1856 ι
2876 1806 2973 1860 ait.
2996 1803 3102 1859 Pro
3123 1819 3232 1873 quo
3249 1804 3447 1873 Aquila

189 1892 366 1955 παντὸς
405 1892 784 1965 σύγκαμψον.»
841 1896 1083 1968 Πρόσχες
1112 1898 1220 1969 γὰρ
1249 1900 1398 1963 ὅπως
1422 1900 1637 1971 εἴρηται
1675 1901 1759 1967 τὸ,

190 2002 206 2034 ι
228 1983 511 2050 διαπαντός
533 2004 544 2016 ·
577 2006 597 2039 ι
637 1988 696 2039 οῦ
740 1988 847 2060 γὰρ
881 1990 1020 2062 πρὸς
1052 1990 1230 2059 ὀλίγον
1263 1992 1387 2045 τινὰ
1424 1992 1614 2062 χρόνον
1654 2009 1765 2046 κει-η

188 2073 281 2138 ea;
304 2076 486 2130 ἄλλοτε
510 2078 746 2147 ἐγένετο,
775 2080 928 2143 ἀλλὰ,
962 2102 979 2132 ι
1001 2082 1355 2147 διαπαντὸς,ι
1387 2083 1571 2154 φησίν.
1617 2084 1756 2138 ’Λνθ’

184 2158 282 2217 οἶγὸ
313 2165 410 2235 μὲν
446 2167 682 2230 ’Λκύλας
720 2171 1064 2243 ἡρμήνευσε·
1109 2172 1262 2224 «Kal.
1290 2174 1415 2236 τοὺς
1436 2171 1639 2236 νώτους
1662 2175 1763 2227 αύη

182 2254 278 2309 τῶν
300 2256 588 2328 ἐνδελεχῶς
615 2260 886 2314 ἁτόνωσον
906 2277 918 2290 ·
946 2281 962 2312 ι
993 2265 1020 2321 ό
1043 2262 1098 2316 δέ
1125 2263 1420 2333 Σύμμαχος
1438 2281 1452 2294 ·
1487 2283 1511 2314 ι
1527 2265 1636 2319 Καὶ
1660 2266 1763 2331 τὰς.

181 2350 338 2418 ὀσφῦς
368 2352 551 2405 αὐτῶν
589 2354 882 2419 διαπαντὸς
916 2355 1277 2428 ὲξάρθρωσον.
1308 2377 1326 2410 ι
1372 2359 1481 2411 Καὶ
1514 2359 1672 2413 τοῦτο
1701 2360 1758 2414 δὲ

183 2442 349 2506 αὐτοῖς
387 2445 590 2515 συνέϐη
620 2463 631 2476 ·
668 2448 790 2500 ἐπεὶ
818 2449 849 2517 ἡ
882 2444 1019 2519 ὀργὴ
1057 2448 1152 2501 τοῦ
1192 2449 1325 2502 Θεοῦ
1356 2452 1537 2503 οὐκέτι
1575 2451 1758 2522 μέτρῳ

182 2532 311 2587 κατὰ
336 2536 395 2587 τὸ
415 2537 647 2595 παλαιὸν
674 2540 936 2610 μετῆλθεν
967 2539 1161 2605 αύτούς
1184 2558 1196 2571 ο
1228 2544 1261 2610 ἡ
1299 2543 1448 2595 πᾶσα
1467 2543 1524 2596 δὲ
1548 2543 1756 2614 ἀθρόως

182 2626 287 2678 κατ’
309 2627 485 2680 αύτῶν
513 2629 763 2702 ἐξεχύθη.
789 2632 878 2686 Διὸ
899 2632 1206 2700 ὲπιλέγεται
1229 2652 1239 2663 ·
1267 2653 1282 2683 ι
1300 2634 1527 2703 Ἕκχεον
1548 2636 1634 2687 ἐπ’
1657 2636 1756 2687 αύ-

178 2719 290 2781 τοὺς
317 2720 411 2790 τὴν
437 2721 610 2792 ὀργήν
637 2740 727 2775 σου
745 2763 758 2784 ,
787 2726 878 2777 καὶ
902 2727 928 2778 ὁ
954 2725 1122 2795 θυμὸς
1148 2725 1247 2793 τῆς
1270 2726 1440 2796 ὀργῆς
1472 2745 1563 2779 σου
1590 2745 1756 2780 κατα-

177 2808 319 2864 λάϐοι
346 2814 565 2879 αὐτούς.
595 2836 612 2866 ι
651 2816 823 2869 Τοῦτο
846 2817 901 2869 δὲ
931 2818 1023 2871 καὶ
1058 2820 1115 2870 ἐν
1143 2819 1310 2890 ἑτέρῳ
1340 2819 1593 2889 δηλοῦται
1620 2820 1756 2888 ψαλ-

179 2897 256 2968 μῷ
284 2902 358 2973 τῷ
385 2906 654 2976 φήσαντι·
695 2927 710 2957 ι
750 2908 929 2969 Ἰνατί,
954 2910 978 2959 ὀ
1001 2908 1151 2971 Θεὸς,
1178 2909 1384 2962 ἀπώσω
1425 2910 1504 2973 εἰς
1526 2909 1676 2971 τέλος
1702 2927 1748 2971 ;›

177 2993 275 3045 Καὶ
297 2996 324 3046 ό
362 2995 505 3061 Θεῖος
528 2998 583 3052 δὲ
601 3000 925 3065 Ἀπόστολος
950 3000 1161 3065 τούτοις
1194 3002 1503 3072 συμφώνως
1537 3004 1718 3071 ἔλεγεν
1741 3022 1750 3031 ·

180 3105 198 3135 ι
220 3087 457 3156 Ἔφθασε
487 3091 548 3142 δὲ
585 3093 671 3144 ἐπ’
704 3094 901 3156 αὐτοὺς
933 3096 965 3165 ἡ
1007 3094 1142 3172 ὀργὴ
1176 3098 1253 3158 εἰς
1283 3097 1484 3160 τέλος.)
1528 3097 1750 3167 Πρῶτον

1864 1903 2261 1973 interpretatus
2298 1908 2421 1956 est:
2455 1919 2472 1951 ι
2506 1898 2571 1954 Et
2620 1898 2783 1953 dorsa
2832 1913 3022 1951 eorum
3072 1895 3447 1951 indesinenter

1861 2010 2059 2050 enerva
2090 2013 2109 2060 ;η
2140 2012 2158 2047 ι
2193 1991 2558 2063 Symmachus
2617 2006 2782 2052 vero,
2818 2009 2835 2039 ι
2872 1989 2938 2044 Et
2989 1989 3207 2044 lumbos
3252 2003 3449 2041 eorum

1862 2102 2078 2155 semper
2129 2086 2377 2141 debilita.
2418 2083 2618 2149 iQnod
2676 2084 2840 2137 etiam
2900 2082 3103 2136 accidit
3156 2082 3302 2148 illis;
3362 2080 3448 2145 ira

1860 2179 2063 2247 quippe
2096 2166 2189 2231 Dei
2222 2191 2330 2231 non
2363 2192 2488 2229 eum
2519 2189 2777 2229 mensura
2813 2173 3048 2243 quadam
3072 2213 3093 2234 ,,
3119 2180 3179 2226 ut
3207 2171 3447 2240 antiqui-

1864 2279 1973 2330 tus,
2003 2267 2203 2321 invasit
2216 2280 2309 2321 eos
2331 2283 2345 2331 ;
2366 2265 2465 2321 sed
2491 2272 2605 2319 tota
2628 2265 2919 2319 confertim
2936 2264 3106 2317 ell‘usa
3120 2272 3223 2317 est.
3249 2260 3447 2327 Quam.

1859 2362 2048 2415 obrem
2094 2360 2352 2415 additur:
2385 2379 2402 2410 ι
2435 2356 2663 2412 Ell'unde
2709 2370 2876 2425 super
2918 2371 3021 2411 eos,
3058 2356 3194 2408 iram
3248 2364 3401 2409 tuam
3425 2392 3449 2413 ,

1858 2461 1912 2507 et
1953 2454 2107 2506 furor
2149 2453 2243 2508 irae
2286 2460 2392 2509 tuae
2429 2449 2861 2521 comprehendat
2892 2463 3007 2503 eos.
3044 2468 3061 2497 ι
3091 2446 3203 2502 Hoc
3233 2447 3288 2499 in
3337 2446 3449 2498 alio

1860 2548 1991 2602 item
2045 2545 2256 2614 psalmo
2309 2544 2631 2599 enuntiatur
2691 2541 2777 2594 bis
2832 2539 3065 2594 verbis:
3124 2556 3147 2589 ι
3201 2536 3442 2606 thuid,

1859 2636 2003 2694 Deus
2025 2677 2041 2699 ,
2076 2638 2323 2706 repulisti
2354 2636 2409 2689 in
2440 2635 2674 2689 finem”
2699 2636 2721 2684 ‘!
2761 2654 2778 2684 ›
2810 2633 2905 2687 llis
2934 2632 3100 2686 etiam
3132 2629 3311 2684 alIinia
3347 2630 3446 2682 ba.

1859 2731 1949 2784 bet
1974 2729 2195 2783 divinus
2228 2728 2522 2798 Apostolus
2552 2748 2566 2783 :
2596 2746 2613 2777 ‹
2643 2726 2897 2781 Pervenit
2934 2725 2987 2778 in
3016 2738 3113 2778 eos
3142 2723 3222 2776 ira
3263 2723 3327 2779 .in
3380 2721 3451 2775 fi—-

1859 2836 1982 2874 nem
2013 2821 2078 2874 3°.
2112 2840 2130 2873 ι
2162 2818 2347 2874 Primo
2376 2819 2559 2888 itaque
2592 2833 2779 2873 mensa
2829 2832 3023 2871 eorum
3064 2816 3171 2871 fuit
3212 2814 3345 2883 ipsis
3384 2813 3443 2866 in

1859 2914 2116 2979 laqueum
2146 2951 2161 2973 ,
2195 2910 2394 2965 deinde
2428 2912 2569 2965 oculi
2603 2926 2794 2965 eorum
2828 2909 3109 2964 obscurati
3141 2916 3313 2971 sunt;
3348 2921 3446 2974 po-

1860 3012 1975 3059 stea
2009 3004 2234 3059 dorsum
2270 3020 2458 3057 eorum
2494 3018 2712 3073 semper
2740 3003 3087 3057 incurvatum
3120 3008 3247 3059 est,
3272 2998 3445 3052 ell‘usa

1858 3093 2071 3148 scilicet
2100 3095 2152 3147 in
2186 3094 2310 3147 illos
2342 3092 2422 3146 ira
2454 3091 2568 3149 Dei.
2605 3092 2722 3147 Sub
2750 3092 2865 3145 haec
2897 3101 3081 3144 autem
3116 3088 3267 3144 aliud
3304 3088 3442 3157 ipsis

175 3172 303 3248 οὖνὴ
330 3182 581 3252 τράπεζα
611 3184 788 3238 αὐτῶν
819 3185 1035 3255 ἐγένετο
1061 3187 1243 3249 αὐτοῖς
1267 3191 1345 3252 εἰς
1373 3188 1569 3256 παγίδα
1590 3206 1605 3220 ·
1633 3184 1752 3241 εἶτα

1889 3197 2182 3242 venturum
2216 3188 2549 3241 vaticinatur
2576 3186 2764 3240 dicens
2792 3205 2802 3237 :

173 3270 216 3321 οἱ
245 3271 513 3343 ὀφθαλμοὶ
546 3275 725 3329 αὐτῶν
754 3277 1092 3341 ἐσκοτίζοντο
1111 3295 1124 3307 ·
1157 3274 1275 3330 εἷτα
1308 3280 1334 3331 ὁ
1363 3279 1531 3343 νῶτος
1565 3279 1742 3332 αὐτῶν
1780 3278 2071 3340 διαπαντὸς
2093 3277 2427 3347 ἐκάμπτετο,
2464 3277 2561 3345 τῆς
2592 3274 2685 3328 τοῦ
2716 3274 2849 3327 Θεοῦ
2879 3273 3049 3344 ὀργῆς
3100 3274 3185 3325 ἐπ’
3247 3272 3443 3335 αὐτοὺς

174 3360 512 3435 ἐκχεομένης.
550 3366 705 3421 Μετὰ
726 3368 783 3422 δὲ
803 3368 975 3425 ταῦτα
997 3370 1124 3424 ἄλλο
1144 3388 1196 3423 τι
1216 3372 1540 3440 γενήσεσθαι
1568 3372 1752 3435 αὐτοῖς
1790 3369 2150 3443 προαγορεύει
2178 3370 2422 3440 φάσκων·

240 3482 567 3557 (Γενηθήτω
603 3488 635 3557 ἡ
679 3486 906 3551 ἔπαυλις
949 3490 1128 3545 αὐτῶν
1168 3493 1547 3565 ἦρημωμένη·
1572 3513 1589 3546 ι
1629 3495 1757 3548 ἀντὶ

172 3572 276 3637 τοῦ,
305 3578 722 3646 γενηθήσεται·
748 3600 764 3631 ι
790 3584 883 3635 καὶ
901 3584 957 3637 ἐν
975 3587 1088 3648 τοῖς
1102 3586 1282 3654 σκηνώ
1290 3604 1453 3656 μασιν
1468 3587 1647 3642 αὐτῶν
1675 3589 1749 3660 μὴ

170 3667 299 3720 ἔστω
329 3673 356 3723 ὁ
395 3671 694 3727 κατοικῶν·
729 3694 746 3725 ι
783 3676 901 3728 ἀντὶ
928 3676 1040 3741 τοῦ,
1071 3678 1156 3746 μὴ
1196 3679 1424 3736 ἔσεται.
1462 3682 1611 3733 Ἔδει
1637 3681 1751 3752 γὰρ

174 3762 300 3831 μηδὲ
361 3764 524 3817 τοῦτο
564 3765 856 3837 παρελθεῖν
888 3770 987 3839 τὴν
1022 3772 1366 3841 προφητικὴν
1398 3772 1596 3840 γνῶσιν
1620 3789 1639 3803 ·
1676 3774 1755 3836 ὼς

171 3849 270 3920 ἄρα
301 3854 394 3905 καὶ
425 3854 457 3923 ἡ
495 3852 723 3918 ἔπαυλις
751 3852 931 3909 αὐτῶν
972 3857 1123 3912 ἔσται
1158 3860 1361 3930 ἔρημος
1383 3879 1397 3891 ·
1428 3861 1460 3931 ἢ
1491 3861 1633 3914 κατὰ
1661 3863 1751 3914 τὸν

167 3942 483 4016 Σύμμαχον,
516 3966 534 3996 ι
559 3948 813 4019 ἀοίκητος
834 3967 847 3979 ·
900 3971 916 4002 ι
944 3950 975 4021 ἢ
1003 3951 1145 4005 κατὰ
1164 3954 1253 4005 τὸν
1294 3954 1543 4017 Ἀκύλαν,
1572 3974 1590 4005 ι
1611 3957 1754 4024 ἡφα-

167 4036 404 4107 νισμένη.
422 4058 441 4090 ι
469 4040 733 4092 Ἐπαυλιν
764 4042 819 4095 δὲ
849 4042 1027 4096 αύτῶν
1048 4044 1145 4114 τὴν
1180 4045 1533 4116 Ἰερουσαλὴμ
1558 4046 1755 4116 ὀνομάν

169 4123 244 4189 ζει
267 4167 281 4191 ,
314 4129 500 4182 οὐκέτι
535 4130 670 4183 Θεοῦ
704 4132 857 4184 πόλιν
884 4130 1050 4187 οὖσαν
1071 4175 1085 4196 ,
1134 4135 1250 4188 ἀλλ’
1284 4137 1464 4189 αὐτῶν
1501 4136 1755 4199 ἔπαυλιν.⁴

168 4216 254 4268 Διὸ
280 4219 374 4270 καὶ
404 4218 613 4290 ἔρημον
646 4221 813 4291 αὐτὴν
842 4222 1065 4275 ἔσεσθαί
1099 4242 1262 4295 φησιν
1281 4241 1297 4258 ·
1330 4226 1359 4277 ὃ
1389 4226 1453 4296 δὴ
1479 4229 1573 4280 καὶ
1607 4226 1754 4297 ἔργῳ

167 4305 459 4363 δείκνυται.
498 4307 611 4365 EF."
644 4313 925 4382 ἐπιλέγει·
983 4317 1131 4369 «Καὶ
1163 4318 1222 4371 ὲν
1255 4321 1367 4382 τοῖς
1400 4319 1753 4390 σκηνώμασιν

166 4401 337 4457 αὐτῶν
388 4404 465 4475 μὴ
494 4404 634 4457 ἔστω
663 4408 689 4459 ό
723 4407 994 4460 κατοικῶν
1019 4447 1033 4471 ,
1062 4427 1080 4459 ›
1119 4407 1179 4473 ἐξ
1209 4409 1385 4462 αὐτῶν
1414 4411 1612 4482 δηλαδὴ
1645 4412 1752 4469 τῶν

170 4493 328 4546 πάλαι
347 4496 654 4566 οἰκητόρων
674 4513 687 4526 ·
711 4497 738 4549 ὃ
759 4498 851 4549 κα)⁴
878 4499 1008 4551 αὐτὸ
1035 4500 1335 4570 ὀφθαλμοῖς
1358 4502 1393 4572 ἡ
1414 4502 1639 4573 ἀλήθεια
1657 4504 1752 4561 τοῦ

165 4584 315 4654 λόγου
333 4589 685 4660 παρίστησιν.
705 4590 767 4642 Εἰ
785 4589 913 4658 γοῦν
935 4608 1018 4654 τις
1034 4591 1279 4659 ἀφίκοιτο
1297 4594 1375 4657 εἰς
1392 4594 1517 4657 τοὺς
1534 4595 1749 4661 τόπους,

168 4673 259 4729 ἴδοι
285 4676 351 4731 ἂν
376 4678 478 4750 τὴν
512 4681 749 4751 ἐσχάτην
778 4681 1014 4752 ἐρημίαν
1045 4682 1137 4737 τοῦ
1162 4684 1325 4737 τόπου
1346 4701 1361 4714 ·
1403 4687 1670 4741 Ἰουδαίων
1695 4688 1752 4744 δὲ

1921 3488 2090 3544 Vsus.
2117 3487 2307 3543 26-29.
2347 3508 2365 3539 ι
2401 3485 2521 3540 Fiat
2551 3485 2816 3540 habitatio
2843 3497 3035 3537 eorum
3063 3481 3312 3544 deserta;
3347 3500 3365 3529 ι
3387 3480 3440 3534 id

1852 3591 1933 3637 est
1956 3623 1969 3645 ,
1993 3582 2082 3651 ﬁet
2112 3596 2130 3634 :
2164 3600 2181 3630 ι
2214 3593 2262 3635 et
2294 3582 2347 3634 in
2376 3580 2747 3634 tabernaculis
2776 3592 2965 3632 eorum
2993 3591 3102 3628 non
3132 3575 3202 3628 sit
3234 3574 3326 3642 qui
3357 3574 3440 3625 in-

1854 3674 2093 3736 habitet,
2140 3692 2160 3725 ι
2193 3674 2433 3736 scilicet,
2471 3690 2575 3726 non
2623 3671 2743 3725 erit.
2782 3671 2850 3722 At
2886 3668 3032 3721 enim
3064 3665 3454 3735 propheticum-

1852 3767 2100 3820 notitiam
2144 3764 2198 3818 id
2242 3765 2523 3834 praeterire
2566 3781 2673 3818 non
2716 3761 2996 3832 oportuit,
3044 3758 3189 3827 quod
3242 3772 3439 3825 nempe

1853 3858 2120 3911 habitatio
2146 3873 2335 3912 eorum
2364 3856 2585 3911 deserta
2614 3857 2792 3908 futura
2820 3856 2923 3919 sit;
2955 3851 3104 3912 sive,
3135 3848 3437 3903 secundum

1856 3949 2245 4023 Symmachum
2265 3989 2279 4012 ,
2304 3949 2714 4002 «inhabitabilis
2738 3946 2879 4013 ;ivel
2897 3984 2912 4009 ,
2938 3942 3239 4000 secundum
3264 3940 3420 4011 Aqui-

1854 4044 1961 4098 lam
1982 4085 1997 4110 ,
2021 4062 2039 4093 ι
2064 4043 2263 4097 deleta.
2290 4062 2308 4092 ι
2334 4041 2740 4096 Habitationem
2780 4052 2974 4094 eorum
3015 4044 3174 4092 vocat
3214 4033 3435 4088 Jeroso—

1854 4136 2055 4207 lymam
2076 4176 2091 4201 ,
2122 4150 2243 4204 qua:
2272 4149 2383 4188 non
2418 4134 2563 4187 ultra
2594 4133 2795 4186 civitas
2828 4130 2925 4186 Dei
2954 4139 3070 4193 est,
3106 4128 3200 4184 sed
3245 4142 3435 4183 eorum

1855 4228 2142 4283 habitatio.
2189 4226 2372 4292 Quare
2419 4226 2694 4280 desertam
2742 4224 2859 4278 fore
2910 4223 3085 4289 dicit;
3128 4222 3271 4292 quod
3317 4221 3437 4291 ipso

1856 4336 2020 4390 Opere
2051 4319 2469 4388 comprobatur.
2506 4316 2704 4371 Subdit
2735 4324 2925 4387 postea
2954 4335 2966 4369 :
3001 4335 3020 4366 ι
3050 4313 3116 4367 Et
3154 4314 3207 4368 in
3252 4314 3437 4367 taber-

1854 4413 2070 4465 naculis
2116 4427 2305 4465 eorum
2356 4426 2467 4464 non
2514 4410 2587 4464 sit
2617 4411 2709 4479 qui
2755 4409 3059 4471 inhabitet,
3095 4428 3112 4459 ι
3138 4422 3202 4460 ex
3238 4407 3436 4476 priscis

1856 4504 2071 4559 scilicet
2105 4502 2303 4558 incolis
2330 4520 2344 4569 ;
2382 4503 2531 4572 quod
2561 4502 2740 4571 ipsum
2773 4502 2936 4555 etiam
2966 4498 3145 4554 oculis
3174 4498 3250 4551 rei
3298 4497 3438 4553 veri-

1854 4606 1938 4651 tas
1964 4596 2143 4651 offert.
2178 4594 2235 4650 Si
2267 4598 2392 4665 quis
2435 4596 2583 4652 enim
2628 4596 2746 4648 loca
2785 4593 2978 4655 adeat,
3017 4600 3315 4648 extremam
3360 4589 3436 4643 ibi

1856 4688 2204 4745 solitudinem
2233 4687 2537 4757 conspiciet
2564 4702 2577 4751 ;
2604 4683 2921 4739 ludreorum
2945 4683 3096 4737 nullo
3120 4680 3354 4740 audente
3380 4681 3433 4732 in

164 4765 348 4821 οὐδένα
386 4770 673 4839 τολμῶντα
708 4772 1010 4825 ἐπιϐαίνειν
1032 4777 1098 4845 τῇ
1136 4775 1310 4839 πόλει,
1342 4778 1551 4848 μήτιγε
1584 4781 1754 4833 οἰκεῖν

1888 4781 2050 4835 ινὺθηι
2079 4782 2348 4834 accedere
2367 4820 2381 4840 .
2408 4779 2609 4833 nedum
2636 4777 2802 4832 isthic
2827 4775 3073 4831 habitare
3096 4776 3247 4838 rimo
3268 4774 3434 4827 etiam

164 4856 373 4910 αὐτόθι·
415 4859 531 4913 ἀλλ’
560 4861 682 4914 οὐδὲ
712 4862 925 4932 οἴκησις
963 4864 1223 4938 Ἰουδαῖκὴ
1256 4867 1658 4939 περιλέλειπτοιι
1688 4871 1748 4923 ἐν

161 4948 235 5018 τῷ
260 4950 415 5021 τόπῳ
442 4993 458 5016 ,
509 4953 584 5015 ὥς
613 4971 733 5006 τινα
761 4954 870 5006 τῶν
907 4955 1174 5026 Ἑλλήνων
1205 4960 1376 5013 οἰκεῖν
1403 4962 1459 5012 ἐν
1487 4962 1626 5033 αὐτῇ
1653 4961 1769 5015 δύ-’

160 5042 370 5095 νασθαι.
407 5044 505 5096 Διὸ
530 5045 811 5098 λέλεκται·
852 5066 868 5096 ι
898 5050 1004 5101 Καὶ
1030 5052 1089 5102 ἐν
1118 5054 1228 5114 τοῖς
1264 5053 1615 5123 σκηνώμαςιν
1648 5057 1745 5107 αὺ-

157 5131 258 5184 τῶν
290 5134 364 5206 μὴ
386 5134 531 5188 ἔστω
551 5141 579 5191 ὁ
601 5138 889 5191 κατοικῶν·
917 5159 936 5190 ι
959 5142 991 5211 ἢ
1020 5140 1158 5195 κατὰ
1182 5142 1270 5196 τὸν
1295 5144 1364 5196 Σύ
1374 5162 1638 5215 μμαχον·ι
1664 5148 1751 5199 Ἑν

158 5226 270 5287 ταῖς
296 5230 530 5297 σκηναῖς
544 5230 725 5284 αὐτῶν
747 5230 820 5301 μὴ
842 5230 980 5283 ἔστω
1002 5235 1029 5286 ό
1052 5233 1335 5293 κατοικῶν.
1364 5255 1382 5285 ι
1415 5237 1615 5307 Ἀρδην
1636 5237 1744 5308 γὰρ

158 5315 220 5367 ὲκ
263 5317 489 5389 βάθρων
532 5322 702 5372 πᾶσαι
745 5320 925 5373 αὐτῶν
966 5325 1024 5376 αἱ
1055 5326 1252 5395 σκηναὶ
1287 5327 1379 5379 καὶ
1416 5330 1471 5379 αἱ
1503 5329 1745 5397 οἰκήσεις

161 5413 604 5483 κατεσκάφησαν.
666 5416 805 5486 Ὅρα
836 5418 1015 5470 τοίνυν
1040 5418 1253 5472 ὁπόσων
1283 5420 1689 5490 ἐμνημόνευσεν
1717 5423 1746 5473 ὁ

158 5500 341 5569 λόγος,
361 5506 605 5575 ἐρημίας
626 5507 717 5560 τοῦ
746 5508 901 5575 ἁγίου
924 5509 1092 5562 τόπου
1114 5548 1127 5569 ,
1154 5511 1461 5581 ἀφανισμοῦ
1484 5511 1593 5566 τῶν
1614 5529 1746 5583 σκη-

160 5595 426 5667 νωμάτων
458 5597 656 5663 αὐτῶν,
691 5599 780 5653 τοῦ
811 5599 999 5664 ἔθνους
1024 5600 1317 5666 παντελοῦς
1342 5602 1753 5667 ταπεινώσεως,

226 5751 269 5783 ³⁸
310 5749 463 5808 Psal.
511 5769 701 5820 tum,
747 5755 797 5813 1.
875 5755 918 5788 ⁸⁸
958 5755 978 5810 1
1017 5754 1211 5814 Thess.
1260 5774 1319 5824 ιι,
1368 5758 1450 5815 ιθ.

1856 4875 2065 4928 ηυΙΙιιιη
2099 4872 2515 4927 ibiJudtnornm
2545 4871 2917 4926 habitaculum
2948 4870 3198 4925 relictum
3227 4878 3309 4923 est
3342 4867 3448 4927 ubi,

1855 4965 2171 5020 Grmcornm
2220 4966 2494 5034 quispiam
2547 4964 2798 5017 habitare
2845 4963 3041 5031 possit.
3088 4959 3453 5030 Quapropter

1856 5058 2061 5111 dictum
2093 5065 2176 5112 est
2202 5076 2214 5111 :
2240 5076 2259 5107 ι
2288 5057 2351 5109 Et
2384 5058 2437 5109 in
2470 5053 2844 5108 tabernaculis
2873 5068 3062 5106 eorum
3098 5067 3206 5105 non
3237 5050 3311 5105 sit
3337 5052 3431 5119 qui

1859 5150 2160 5214 inhabitet;
2188 5168 2209 5200 ›
2231 5149 2339 5211 vel,
2360 5145 2659 5203 secundum
2694 5143 3102 5215 Symmachum,
3127 5162 3142 5192 ι
3165 5141 3219 5195 in
3250 5143 3434 5196 taber-

1853 5239 2067 5293 naculis
2090 5253 2279 5292 eorum
2306 5252 2414 5289 non
2434 5236 2505 5290 sit
2529 5235 2624 5303 qui
2648 5232 2932 5288 inhabitet.
2949 5230 3262 5289 illadicitns
3281 5231 3427 5285 enim

1852 5339 1907 5386 et
1933 5347 1962 5385 a
1994 5329 2365 5384 fundamentis
2377 5327 2559 5383 omnia
2586 5326 2939 5379 tabernacula
2970 5324 3319 5380 etdomicilia
3343 5341 3432 5379 eo-

1850 5438 1971 5477 rum
1998 5421 2181 5476 excisa
2207 5429 2355 5475 sunt.
2386 5419 2773 5473 Animadverte
2799 5418 2964 5487 igitur
2991 5425 3124 5487 quot
3146 5424 3201 5470 et
3225 5428 3429 5485 quanta

1852 5513 1940 5566 hic
1970 5517 2365 5572 memorentur,
2397 5511 2574 5563 sancti
2620 5510 2724 5563 loci
2766 5507 3042 5568 solitudo.
3085 5508 3298 5570 evulsio
3348 5516 3424 5559 ta-

1852 5603 2273 5659 bernaculorum
2320 5603 2594 5672 ipsorum,
2641 5610 2881 5657 extrema
2930 5604 3109 5671 gentis
3152 5600 3390 5669 abjectio
3424 5642 3437 5666 ,
