3776 6284
193 323 279 380 757

1283 318 1798 376 COMMENTABIA
1836 319 1904 375 IN
1941 319 2278 378 PSALMOS.

3307 324 3408 380 758

186 439 236 496 δέ
258 434 574 510 προσέθηκαν
599 434 722 506 ἐμοὶ
747 435 816 489 τὰ
838 435 1043 490 ἐαυτῶν
1061 439 1224 492 κακά.
1262 439 1542 494 «Ἔδωκαν
1565 461 1582 493 ι
1605 441 1726 510 γοῦν

1869 440 1968 496 tibi
1996 442 2372 498 addiderunta
2397 441 2670 498 Dederunt
2700 463 2718 496 ι
2742 442 2930 515 ἰεῑιυτσ
2959 442 3014 497 in
3032 458 3212 497 escam
3234 459 3408 499 meam

190 533 284 593 «εἰς
302 529 355 582 τὸ
383 525 571 598 βρῶμά
601 543 712 597 μου
730 527 912 599 χολὴν,
940 529 1036 581 καὶ
1061 529 1141 592 είς
1168 530 1264 600 τὴν
1295 530 1580 604 δίψαν’μου
1609 533 1735 586 ἐπό-

184 624 317 678 τισάν
339 636 399 691 pe
421 617 538 683 ὅξος
557 637 569 649 ·
602 637 620 670 ι
667 621 728 672 οὐ
757 620 916 690 μόνον
948 620 1069 675 καθ’
1097 621 1155 674 ὃν
1185 623 1424 694 ἔπασχον
1447 625 1537 678 ὑπ’
1561 626 1737 678 αὐτῶν

184 714 344 786 καιρὸν
361 752 375 777 ,
407 711 539 766 ἀλλά
571 712 664 765 καί⁵
689 715 746 765 ἐν
771 716 884 777 τοῖς
903 713 1040 784 μετά
1056 714 1226 768 ταῦτα
1243 717 1341 789 χρό
1356 735 1454 782 θοις
1475 721 1592 783 ταῖς
1616 721 1737 771 κατ’

185 806 298 878 ἐμοῦ
325 805 687 876 βλασφημίαις
721 806 1148 877 παραμένοντες.
1175 809 1265 861 Διὸ
1289 808 1430 862 κατά
1457 810 1547 878 τὸν
1580 810 1738 863 Ἀκύ-

180 896 279 964 Ξαν,
302 898 410 953 ἀντὶ
437 896 553 960 τοῦ,
576 915 594 948 ι
624 898 987 969 προσέθηκαν,
1011 917 1028 947 ι
1063 898 1476 968 διηγήσονται,
1500 901 1732 972 ei'p'qmt'

183 992 298 1046 κατά
316 990 366 1042 δὲ
385 987 469 1041 τὸν
488 987 807 1059 Σύμμαχον,
838 1006 856 1040 ι
882 986 1192 1060 ἐξηγοῦντο.
1217 1009 1236 1042 ι
1263 989 1336 1043 Οὐ
1363 989 1473 1060 γάρ
1496 991 1606 1060 ἀπή
1617 1007 1734 1061 ρκει

179 1084 231 1138 τὸ
254 1083 384 1148 ἅπαξ
420 1080 551 1134 ποτὲ
589 1081 959 1153 τραυματίσαι
988 1081 1184 1147 αὐτὸν,
1230 1082 1328 1135 καὶ
1363 1082 1585 1136 τοιαῦτα
1617 1084 1733 1135 κατ’

179 1175 320 1230 αὐτοῦ
337 1173 594 1245 τολμῆσαι
613 1192 624 1205 ·
645 1173 758 1227 ἀλλ’
777 1172 929 1227 ὥσπε
937 1191 967 1247 ρ
985 1174 1077 1228 ἐπὶ
1098 1174 1518 1247 κατορθώμασιν
1535 1177 1735 1243 ἐγκαυ-

179 1268 381 1342 χώμενοι
412 1271 524 1332 τοῖς
554 1267 763 1322 ἑαυτῶν
791 1266 1034 1332 τέκνοις,
1067 1265 1137 1320 τά
1179 1268 1298 1321 κατ’
1333 1267 1496 1322 αὑτοῦ
1527 1267 1733 1339 τολμη-

179 1362 316 1416 θέντα
360 1360 540 1423 αὐτοῖς
577 1357 882 1430 διηγοῦντο.
927 1357 1085 1413 Ἐπεὶ
1113 1358 1295 1413 τοίνυν
1337 1359 1492 1414 αὐτοὶ
1529 1358 1733 1428 ταύτην

177 1456 358 1509 εἵλαντο
385 1452 481 1523 τὴν
517 1452 712 1524 μερίδα
730 1491 746 1515 ,
793 1449 1084 1516 διώξαντες
1119 1452 1218 1522 μὲν
1243 1451 1304 1506 ὃν
1334 1452 1409 1507 σὺ
1429 1450 1729 1516 ἐπάταξας,

176 1546 373 1618 ἀνομίας
395 1545 449 1599 δὲ
480 1545 577 1598 καὶ
595 1545 850 1610 ἀσεϐείας
881 1547 966 1616 ἐφ’
991 1545 1218 1609 ἐαυτοὺς
1244 1543 1342 1598 καὶ
1362 1544 1455 1597 ἐπὶ
1475 1543 1544 1596 τά
1563 1543 1731 1596 τέκνα

174 1637 325 1692 αὐτῶν
375 1635 750 1706 σωρεύσαντες
775 1652 790 1668 ·
846 1635 1070 1699 εἰκότως
1120 1635 1432 1704 ἐπιλέγεται
1483 1634 1732 1698 τούτοιςο

179 1749 196 1782 t
215 1726 433 1802 Πρόσθες
453 1727 684 1798 ἀνομίαν
706 1727 797 1780 ἐπί⁸
819 1727 917 1798 τὴν
949 1726 1179 1799 ἀνομίαν
1197 1726 1374 1781 αὐτῶν
1391 1744 1402 1758 ⁸
1419 1747 1437 1779 ι
1464 1727 1583 1780 ἀντὶ
1609 1724 1726 1791 τοῦ,

179 1797 596 1892 οπροσθήσειςέι
637 1818 795 1872 ἔσται
821 1797 930 1891 γάρ
962 1797 1145 1884 αὐτοῖς
1193 1818 1379 1874 κακῶν
1419 1817 1729 1890 προσθήκη.
1761 1797 1806 1855 η

174 1911 241 1966 Τὰ
265 1913 353 1985 μὶν
383 1911 490 1983 γάρ
517 1913 583 1965 ἐκ
607 1910 700 1965 τοῦ
734 1912 820 1982 ἐφ’
853 1912 986 1983 ἡμῖν
1018 1909 1323 1982 ἀνθρώποις
1348 1909 1594 1980 γίγνεται
1617 1949 1634 1974 ,
1662 1908 1734 1964 τὰ

171 2002 220 2057 δί
247 2006 302 2057 ἐκ
333 2002 433 2056 τῶν
465 2001 977 2057 ἐπακολουθούντων
1008 2000 1206 2066 ἔξωθεν
1238 1999 1315 2072 τῷ
1344 2001 1429 2070 ἐφ’
1459 2002 1612 2072 ἡμῖν.
1642 1998 1732 2053 Διὸ

171 2093 389 2149 λέλεκταί
419 2111 535 2148 που.
555 2094 690 2168 πρὸς
713 2094 804 2148 τὸν
829 2093 961 2147 Θεόν
980 2111 993 2124 ·
1034 2113 1052 2145 ε
1078 2093 1234 2148 Μετά
1255 2093 1402 2146 ὁσίου
1430 2092 1728 2164 ἁσιωθήσῃ,

171 2187 251 2240 καὶ
288 2187 418 2258 μετά
459 2185 724 2259 στρεϐλοῖ)
772 2184 1192 2258 διαστρέψιιςο»
1231 2183 1342 2237 Καὶ
1383 2181 1551 2254 ἐντῷ
1583 2183 1732 2253 νόμῳ

169 2277 216 2331 δὲ
240 2279 436 2350 εἴρηται
469 2280 537 2333 ἐκ
570 2276 864 2350 προσώπου
904 2274 1092 2330 αὑτοῦ.
1135 2295 1151 2328 ι
1174 2275 1283 2329 Καὶ
1307 2273 1402 2328 ἐὰν
1425 2269 1730 2345 πορευθῆτε

172 2367 288 2438 πρὸς
315 2368 378 2438 μὲ
405 2367 660 2436 πλάγιοι,
693 2363 1031 2438 πορεύσομαι
1065 2362 1220 2434 κάγὼ
1243 2362 1378 2436 πρὸς
1405 2362 1548 2432 ὑμᾶς
1574 2357 1732 2432 θυμῷ

172 2457 378 2529 πλαγίῳ.
405 2476 422 2511 ι
471 2457 628 2511 Ἐπεὶ
675 2456 853 2510 τοίνυν
883 2456 1037 2509 αὐτοὶ
1069 2454 1258 2527 ὥσπερ
1291 2452 1485 2525 μακρῷ
1513 2451 1731 2522 σχοινίῳ

168 2547 253 2613 "ait;
280 2551 500 2621 ἀνομίας
531 2550 741 2604 ἑαυτῶν
774 2548 1155 2604 ἐπεσπάσαντο
1175 2588 1191 2611 ,
1220 2546 1444 2609 εἰκότως
1483 2542 1575 2598 καὶ
1606 2544 1669 2596 σὺ
1703 2544 1730 2595 ό

167 2639 348 2705 δίκαιος
381 2641 572 2713 κριτὴς
614 2638 943 2713 προσθήσεις
977 2639 1202 2710 ἀνομίαν
1235 2636 1326 2690 ἐπὶ
1363 2635 1462 2707 τὴν
1500 2632 1729 2704 ἀνομίαν

167 2731 352 2786 αὐτῶν·
391 2732 656 2804 δευτέραν
686 2732 868 2794 αὐτοῖς
895 2729 1032 2803 πρὸς
1062 2732 1134 2801 τῇ
1173 2727 1415 2800 προτέρα
1444 2717 1729 2793 λογιζόμε-

167 2841 262 2888 νος.
305 2824 458 2878 Ἀλλά
503 2826 599 2878 καὶ
633 2843 651 2876 ι
688 2823 781 2894 Μὴ
827 2823 1253 2884 εἰσελθέτωσαν,
1299 2819 1496 2890 φησὶν,
1551 2818 1607 2867 ἐν
1652 2816 1732 2868 δι-

167 2915 402 2989 καιοσύνῃ
433 2933 550 2970 σου.
579 2935 598 2966 δ
660 2914 722 2967 Ἡ
759 2915 856 2985 μὲν
894 2913 1003 2985 γὰρ
1048 2912 1115 2983 σὴ
1149 2908 1464 2980 δικαιοσύνη
1491 2907 1730 2970 δικαίους

165 3007 492 3072 εἰσκαλεῖται,
521 3007 614 3060 καὶ
645 3008 850 3070 πάντας
873 3007 952 3069 εἰς
977 3005 1045 3057 τά
1077 3001 1342 3057 ἐνδοτάτω
1370 3002 1470 3072 τῆς
1504 2999 1604 3070 σῆς
1633 2999 1728 3070 βα-

165 3099 346 3163 σιλείας
377 3101 520 3154 κατὰ
550 3098 648 3163 τὰς
679 3097 1014 3168 ἐπαγγελίας
1042 3096 1364 3166 ὑποδέχεται
1387 3113 1399 3125 ·
1452 3096 1499 3147 οἱ
1531 3093 1586 3146 δὲ
1622 3110 1730 3147 τοι-

163 3191 286 3244 αῦτα
308 3192 677 3264 τολμήσαντες
701 3192 800 3244 οὐκ
833 3189 1229 3244 εἰσελεύσονται
1266 3187 1403 3260 μετά
1431 3186 1539 3241 τῶν
1562 3189 1626 3258 τῇ
1662 3188 1725 3258 σῇ
1757 3158 1799 3214 C

163 3283 452 3357 δικαιοσύνῃ
487 3282 981 3354 συνελευσομένων·
1024 3280 1138 3335 ἀλλ’
1171 3281 1291 3334 οὐδὲ
1348 3281 1728 3350 ἐγγραφήσον-

164 3393 241 3430 ται
271 3378 324 3430 ἐν
358 3376 526 3448 βίϐλῳ
558 3373 807 3441 ζώντων·
849 3374 1157 3428 τούναντίον
1198 3372 1253 3426 δὲ
1293 3371 1569 3425 πείσονται
1619 3373 1730 3434 τοῖς

161 3465 592 3539 ἑγγραφομένοις.
626 3466 689 3519 Εἰ
722 3465 939 3536 γάρκαί
974 3463 1180 3538 πρῶτοι
1212 3463 1313 3534 τῆς
1347 3463 1487 3534 ἐμῆς
1507 3462 1730 3534 χάριτος

161 3558 457 3624 ἀξιωθέντες
498 3558 880 3630 ἐνεγράφησάν
913 3574 1046 3610 ποτε
1072 3558 1128 3610 ἐν
1157 3559 1224 3626 τῇ
1259 3554 1428 3626 βίϐλῳ
1460 3553 1568 3608 τῶν
1596 3553 1730 3618 ζών-

159 3667 254 3704 των
284 3650 367 3705 διὰ
398 3651 526 3716 τοὺς
567 3649 717 3720 παρά
749 3649 826 3720 τῷ
857 3649 977 3720 Θεῷ
1021 3647 1225 3714 ζῶντας
1260 3647 1504 3718 πατέρας
1528 3644 1727 3708 αὐτῶν,

159 3740 224 3804 ὡς
246 3742 333 3794 καὶ
355 3743 538 3806 αὐτοῖς
562 3741 805 3796 δεδόσθαι
828 3741 928 3805 τὰς
951 3741 1281 3810 ἐπαγγελίας
1301 3758 1314 3772 ·
1343 3739 1458 3793 ἀλλ’
1480 3739 1602 3792 ἐπεὶ
1628 3755 1732 3792 τοι·

159 3830 283 3886 αὔτα
327 3835 727 3906 τετολμήκασιν
753 3875 767 3900 ,
827 3851 845 3884 ι
886 3833 1390 3904 Ἐξαλειφθήτωσαν
1433 3834 1497 3886 ἐκ
1545 3828 1727 3902 βίϐλου

160 3923 372 3987 ζώντων.
403 3947 422 3980 ι
475 3927 766 3997 Διασαφῶν
799 3927 857 3980 δὲ
881 3927 982 3996 τὴν
1019 3925 1226 3978 ἔννοιαν
1266 3925 1367 3994 τῆς
1403 3923 1584 3993 βίϐλου
1618 3922 1727 3974 τῶν

159 4014 380 4084 ζώντων,
412 4021 653 4088 ἐπιλέγει
692 4019 817 4090 ἐξῆς
838 4036 850 4049 ·
895 4038 913 4071 ‹
936 4019 1044 4071 Καὶ
1075 4016 1213 4088 μετά
1237 4016 1459 4069 δικαίων
1489 4013 1566 4086 μὴ
1587 4031 1727 4087 γρα-

161 4109 420 4178 φήτωσαν.
437 4131 454 4164 ι
477 4112 736 4182 Ἑκλογῆς
757 4112 865 4183 γὰρ
885 4109 1212 4182 γιγνομένης
1231 4108 1339 4161 τῶν
1362 4106 1502 4160 κατά
1521 4107 1611 4160 τὸν
1633 4107 1728 4158 ἀν-

159 4199 411 4270 θρώπινον
445 4204 558 4274 βίον
579 4244 593 4267 ,
634 4205 683 4257 οἱ
719 4204 816 4275 μὲν
842 4203 986 4274 ζωῆς
1015 4203 1156 4268 ἀξιοι
1185 4200 1286 4271 τῆς
1315 4198 1467 4271 παρά
1499 4198 1576 4269 τῷ
1610 4196 1728 4268 Θεῷ

158 4292 240 4348 διὰ
278 4296 372 4367 τὴν
405 4295 612 4350 οἰκείαν
634 4293 981 4364 δικαιοσύνην
1015 4294 1356 4365 ἀνάγραπτοι
1403 4291 1726 4362 γενήσονται

156 4387 275 4456 παρ’
301 4387 447 4459 αὑτῷ
468 4407 482 4419 ·
506 4388 554 4440 οί
581 4387 637 4440 δὲ
666 4386 963 4457 ἀπόϐλητοι
986 4386 1082 4455 τῆς
1113 4384 1296 4454 βίϐλου
1329 4385 1544 4436 ἔσονται
1565 4384 1612 4435 oi
1637 4381 1726 4435 τὸν

1843 535 1944 599 fel,
1976 545 2030 590 et
2064 536 2117 588 in
2150 535 2240 589 siti
2273 549 2390 588 mea
2428 544 2754 605 putaverunt
2789 553 2876 591 me
2905 543 3101 604 aceto;
3135 555 3152 587 ν
3182 551 3288 589 non
3321 547 3413 590 s0-

1840 626 1950 681 lum
2001 638 2244 698 tempore
2293 629 2563 698 passionis
2599 643 2766 691 meae,
2813 626 2910 683 sed
2956 630 3008 681 in
3053 627 3413 698 sequentibus

1839 721 2158 790 blasphema
2185 727 2378 774 contra
2405 736 2491 774 me
2523 719 2671 772 dicta
2703 717 2948 789 proferre
2976 730 3410 790 perseverantes.

1839 809 2045 877 Quare,
2070 811 2371 864 secundum
2404 810 2656 880 Aquilam
2679 847 2696 872 ,
2725 823 2823 878 pro
2847 807 2962 874 illo,
2987 827 3006 859 ι
3030 809 3409 872 addiderunt,»

1838 904 2061 967 dicitur,
2117 921 2135 952 ι
2170 903 2548 965 enarrabunt;
2591 921 2609 954 ι
2665 900 2969 955 secundum
3028 899 3413 972 Symmachum
3454 882 3456 885 7

1842 1011 1970 1049 vero
1999 1013 2017 1046 ι
2047 995 2400 1049 enarrabunt.
2437 1014 2455 1045 ι
2486 992 2606 1046 Non
2655 994 2800 1046 enim
2843 1000 2930 1045 sat
2970 991 3078 1048 illis
3123 991 3227 1047 fuit
3268 993 3417 1064 quod

1839 1087 2008 1142 semel
2069 1087 2247 1156 ipsum
2298 1087 2718 1148 vulnerassent,
2766 1089 2828 1139 et
2871 1084 3002 1137 talia
3048 1094 3242 1139 contra
3287 1100 3414 1148 omn

1836 1179 1954 1232 ausi
2002 1177 2272 1244 fuissent;
2317 1178 2410 1233 sed
2461 1175 2617 1246 quasi
2669 1192 2726 1232 re
2776 1177 2917 1232 bene
2961 1183 3120 1246 gesta
3153 1174 3412 1246 gloriosi,

1835 1289 2004 1329 ausus
2053 1288 2188 1328 suos
2234 1273 2359 1327 liliis
2402 1271 2754 1325 enarrabant.
2810 1269 3080 1336 Quoniam
3127 1267 3293 1339 igitur
3333 1264 3415 1322 illi

1835 1367 1997 1420 talem
2029 1365 2336 1436 portionem
2371 1370 2709 1434 cooptarunt
2733 1377 2944 1432 ,.quem
2989 1371 3046 1415 tu
3091 1359 3415 1431 percussisti

1835 1467 2254 1532 persequentes,
2289 1457 2613 1528 iniquitates
2639 1464 2821 1511 autem
2843 1464 2899 1511 et
2928 1454 3236 1524 impietates
3271 1453 3325 1507 in
3354 1466 3417 1508 se

1831 1559 1888 1606 et
1920 1551 1975 1606 in
2004 1551 2145 1605 ﬁlios
2171 1564 2304 1604 suos
2327 1554 2720 1604 coacervantes
2745 1561 2768 1612 ;
2798 1545 2924 1616 jure
2951 1544 3238 1614 adjicitur:
3265 1560 3284 1594 α
3305 1542 3415 1614 Αρέ

1832 1657 1975 1713 pone
2013 1640 2360 1711 iniquitatem
2407 1652 2574 1709 super
2617 1635 2961 1707 iniquitatem
3000 1635 3277 1703 ipsorum,
3312 1649 3328 1682 ι
3358 1629 3416 1686 id

1833 1741 1950 1797 est,
1981 1751 2000 1785 ι
2034 1745 2276 1803 appones
2305 1748 2320 1785 :
2353 1748 2372 1782 ι
2400 1727 2542 1799 ipsis
2582 1741 2819 1797 namque
2851 1724 3122 1779 malorum
3166 1720 3421 1778 accessio

1833 1827 1958 1883 erit.
2012 1824 2132 1878 Alia
2179 1822 2325 1879 enim
2380 1821 2546 1877 nobis
2585 1817 2917 1874 hominibus
2944 1831 3023 1871 ex.
3055 1812 3421 1869 interioribus

1833 1917 2136 1993 eveniunt;
2174 1916 2280 1971 alia
2320 1930 2454 1971 vero
2498 1912 2719 1968 aliunde
2761 1927 2837 1966 ex;
2879 1907 3236 1980 sequentibus
3266 1906 3413 1961 inte-

1834 2012 1983 2066 riora
2033 2018 2249 2068 uostra.
2298 2005 2482 2074 Quare
2533 2002 2734 2060 alicubi
2785 2001 2900 2056 Deo
2948 2000 3188 2055 dicitur:
3220 2014 3239 2049 ι
3271 1995 3413 2062 Cum

1834 2112 2030 2159 sancto
2052 2109 2275 2157 sanctus
2296 2099 2430 2163 eris,
2452 2107 2504 2154 et
2524 2111 2648 2151 cum
2680 2095 2940 2166 perverso
2964 2089 3294 2162 perverteris
3306 2084 3408 2144 ⁸⁸.»

1833 2194 1895 2250 1η
1928 2194 2045 2264 lege
2077 2207 2294 2264 quoque
2326 2206 2394 2244 ex
2425 2188 2598 2260 ipsius
2633 2199 2866 2257 persona
2897 2182 3102 2237 dicitur
3128 2199 3141 2234 :
3174 2197 3192 2232 ι
3223 2176 3282 2233 Si
3311 2191 3409 2232 ve—

1834 2287 2011 2343 niatis.
2027 2285 2098 2340 ad
2127 2299 2212 2339 me
2240 2280 2481 2353 obliqui,
2510 2277 2765 2334 accedam
2794 2284 2850 2329 ct
2878 2288 2982 2346 ego
3008 2272 3076 2328 ad
3104 2284 3201 2326 vos
3227 2269 3414 2323 animo

1832 2379 2060 2451 obliquo
2089 2379 2154 2432 δ’.
2188 2394 2208 2430 ι
2237 2375 2376 2442 Quia
2412 2375 2576 2446 igitur
2605 2372 2683 2427 illi
2713 2367 2872 2442 quasi
2903 2363 3148 2421 funiculo
3177 2361 3414 2451 oblonga

1834 2449 2058 2537 peccata
2095 2479 2193 2520 sua
2227 2463 2558 2525 trahebant,
2592 2461 2717 2532 jure
2751 2467 2808 2513 tu
2839 2470 3059 2529 quoque
3090 2453 3278 2523 justus
3313 2449 3411 2521 ju-

1833 2536 1938 2614 dex
1981 2573 2223 2628 appones
2267 2554 2608 2626 iniquitatem
2656 2566 2822 2620 super
2869 2545 3216 2618 iniquitatem
3261 2536 3417 2613 ipso-

1834 2665 1953 2704 rum
1981 2667 1997 2716 ;
2028 2648 2096 2703 ad
2125 2649 2363 2718 priorem
2391 2647 2568 2707 illam,
2600 2643 2761 2696 aliam
2796 2641 3094 2710 imputans.
3125 2633 3238 2690 lmo
3268 2647 3413 2703 quo-

1834 2756 1939 2813 que
1983 2740 2097 2794 ait:
2133 2735 2295 2792 «Non
2347 2737 2553 2793 intrent
2601 2735 2656 2788 in
2700 2732 2970 2804 justitiam
3018 2736 3191 2784 tuam.
3222 2746 3242 2779 )
3270 2724 3422 2778 Nam

1828 2832 2044 2901 justitia
2080 2830 2298 2900 quidem
2341 2837 2434 2882 tua
2477 2827 2660 2897 juslos
2703 2823 2968 2886 advocat,
3004 2832 3306 2888 omnesque
3339 2813 3420 2868 ad”

1835 2925 2023 2980 intima
2071 2901 2241 2995 regni.
2273 2920 2354 2976 tui
2393 2919 2695 2976 secundum
2728 2914 3153 2987 promissionem
3190 2907 3407 2979 recipit.

1833 3015 1937 3085 Qui
1987 3030 2114 3072 vero
2168 3014 2299 3070 talia
2349 3013 2469 3068 ausi
2514 3018 2643 3068 sunt
2689 3024 2798 3064 non
2849 3006 3136 3061 intrabunt
3182 3016 3307 3057 cum
3343 3000 3412 3055 iis

1833 3109 1927 3181 qui
1965 3125 2071 3164 una
2104 3123 2228 3163 cum
2260 3105 2475 3177 justitia
2510 3113 2602 3158 tua
2634 3098 2941 3171 ingressuri
2980 3103 3149 3153 sunt:
3185 3093 3281 3150 sed
3315 3107 3412 3146 ne-

1833 3217 1938 3274 que
1963 3203 2019 3257 in
2045 3200 2186 3256 libro
2211 3197 2504 3254 viventium
2531 3194 2844 3252 scribentur
2868 3208 2882 3256 ;
2911 3189 3020 3243 imo
3044 3184 3321 3242 contraria
3343 3183 3413 3238 iis

1833 3293 1927 3366 qui
1974 3291 2236 3363 descripti
2285 3298 2413 3346 sunt
2447 3288 2744 3360 patientur.
2793 3281 3020 3338 Etiamsi
3053 3280 3196 3336 enim
3234 3274 3412 3348 gratia

1833 3387 2019 3444 donati
2052 3401 2179 3442 mea
2202 3381 2502 3455 aliquando
2537 3381 2593 3435 in
2631 3379 2776 3434 libro
2809 3375 3110 3432 viventium
3139 3414 3154 3440 ,
3195 3378 3409 3443 patrum

1833 3494 2058 3536 suorum
2099 3475 2246 3549 apud
2305 3475 2470 3530 Deum
2523 3471 2819 3528 viventium
2877 3483 3074 3530 causa,
3113 3460 3414 3532 conscripti

1835 3575 2070 3634 fuerint,
2118 3572 2192 3626 ita
2241 3580 2298 3625 ut
2351 3568 2564 3637 ctipsis
2611 3564 2886 3636 promissa
2933 3561 3114 3615 oblata
3167 3557 3312 3621 sint;
3358 3562 3415 3608 at

1831 3667 2090 3737 quoniam
2143 3664 2274 3718 talia
2358 3669 2487 3718 sunt
2551 3658 2706 3722 ausi,
2761 3677 2779 3708 ι
2831 3654 3117 3710 deleantur
3163 3651 3230 3704 de
3272 3647 3415 3702 libro

1832 3735 2152 3812 viventium.
2187 3773 2205 3805 ι
2233 3752 2382 3808 Libri
2413 3759 2592 3804 autem
2626 3747 2922 3802 viventium
2945 3742 3212 3796 rationem
3239 3735 3416 3806 expli-

1831 3864 1966 3904 cans
1986 3887 2001 3910 ,
2038 3844 2223 3902 subdit
2253 3853 2438 3915 postea
2460 3881 2475 3906 ,
2509 3858 2527 3891 ‹
2559 3839 2629 3892 Et
2659 3852 2784 3892 cum
2812 3835 2978 3905 justis
3019 3847 3130 3887 non
3162 3827 3413 3886 scriban.

1833 3947 1942 3994 tur.
1978 3957 1996 3990 ι
2022 3937 2303 3992 Electione
2334 3934 2535 4004 quippe
2569 3929 2713 3985 facta
2747 3941 2936 3982 eorum
2967 3924 3062 3996 qui
3111 3923 3164 3978 in
3207 3917 3412 3976 mundo

1830 4038 1990 4084 erant
2025 4027 2348 4088 hominum,
2387 4022 2478 4076 alii
2523 4021 2742 4091 quidem
2775 4016 2885 4072 vita
2916 4030 3037 4087 qua:
3068 4011 3210 4084 apud
3243 4010 3413 4068 Deum

1831 4130 1915 4176 est
1945 4118 2096 4190 digiti
2120 4157 2134 4184 ,
2169 4117 2241 4172 oh
2273 4114 2548 4188 propriam
2581 4111 2852 4182 justitiam
2900 4107 3044 4180 apud
3092 4107 3272 4177 ipsum
3319 4104 3412 4159 de—

1830 4216 2176 4280 scribentur;
2202 4210 2293 4280 qui
2319 4218 2501 4264 autem
2529 4222 2596 4261 ex
2627 4205 2767 4258 libro
2797 4201 3147 4262 delebuntur,
3183 4198 3219 4251 ii
3249 4202 3414 4252 erunt

1830 4310 1925 4381 qui
1961 4310 2086 4364 vitae
2123 4306 2428 4378 principem
2475 4301 2853 4373 repudiarunt.
2903 4293 2969 4348 Et
3021 4294 3110 4348 hic
3155 4292 3280 4346 linis
3307 4290 3414 4344 erit

1832 4419 2024 4458 eorum
2065 4401 2159 4472 qui
2192 4400 2306 4468 jam
2351 4401 2653 4451 memorata
2706 4397 2898 4445 contra
2941 4385 3282 4441 Servatorem
3312 4396 3412 4438 no-

157 4475 383 4548 ἀρχηγὺν
414 4479 514 4551 τῆς
545 4476 689 4550 ζωῆς
723 4477 1211 4558 παραιτῃσὰμενοι.
1264 4476 1373 4529 Καὶ
1416 4473 1576 4528 τοῦτο
1627 4476 1724 4546 μὲν

1869 4504 2003 4550 trum
2037 4491 2283 4564 aggressi
2316 4496 2464 4545 sunt.
2496 4488 2628 4554 Quae
2659 4489 2964 4554 sequuntur
2992 4486 3195 4542 autem,
3233 4477 3286 4530 in
3319 4477 3412 4531 lic-

154 4567 208 4620 τὸ
231 4569 375 4634 τέλος
395 4570 505 4624 τῶν
528 4570 595 4624 τὰ
623 4570 986 4642 προλεχοέντα
1014 4567 1155 4620 κατά
1180 4566 1271 4620 τοῦ
1296 4567 1548 4639 Σωτῆρος
1570 4568 1602 4637 ἡ
1611 4566 1724 4638 μῶν

155 4662 550 4734 τετολμηκότων
569 4681 581 4696 ο
618 4665 685 4717 τὰ
709 4664 752 4718 δ’
778 4665 905 4734 ἐξῆς
932 4666 959 4717 ὁ
989 4662 1145 4729 λόγος
1175 4661 1267 4714 ἐπὶ
1294 4660 1353 4713 τὸ
1379 4661 1725 4732 φαιδρότερον

156 4752 466 4819 μεταϐάλλει
488 4753 774 4817 ,ἐντεῦθεν
798 4752 980 4805 λοιπὸν
1004 4752 1104 4824 τῆς
1126 4749 1486 4820 εὐαγγελικῆς
1505 4749 1724 4820 χάριτος

155 4842 544 4917 ἀπαρχόμενος.
1596 4838 1603 4845 “

222 4975 240 5007 ο
261 4960 482 5029 Πτωχὸς
513 4961 607 5013 καὶ
638 4958 818 5026 ἀλγῶν
846 4957 957 5027 ἐγώ
992 4959 1107 5030 εἰμι
1131 4999 1145 5019 ,
1194 4958 1226 5028 ἡ
1262 4955 1502 5028 σωτηρία
1554 4970 1667 5019 σου,
1694 4953 1723 5008 ὁ

154 5045 290 5112 θεὸς,
314 5052 641 5106 ἀντελάϐετό
688 5071 811 5124 μου.
838 5072 856 5104 ι
924 5050 985 5106 Ὀ
1015 5048 1184 5104 εἰπὼν
1233 5049 1290 5101 ἐν
1332 5045 1683 5115 Εὑαγγελίοις
1707 5062 1719 5075 ·

113 5145 124 5200 ἒ
157 5157 175 5191 t
197 5142 404 5197 Μάθετε
453 5145 546 5198 ἀπ’
573 5146 706 5217 ἐμοῦ
725 5185 739 5209 ,
779 5145 866 5198 ὅτι
899 5142 1074 5214 πρᾶός
1106 5143 1221 5211 εἰμι
1252 5139 1345 5194 καὶ
1371 5137 1623 5200 ταπεινὸς
1653 5140 1719 5208 τῇ

155 5231 336 5302 καρδία
351 5274 363 5292 .
392 5253 414 5286 ›
440 5233 532 5287 διὰ
552 5235 658 5288 τῶν
674 5233 1046 5306 προκειμένων
1069 5229 1284 5300 πτωχὸς
1301 5227 1393 5282 καὶ
1413 5225 1594 5295 ἀλγῶν
1613 5225 1724 5294 ἐγώ

155 5317 290 5387 εἰμι,
325 5322 482 5392 φησί.
543 5322 764 5393 Πτωχὸς
797 5321 854 5374 δέ
889 5316 957 5391 ἦν
995 5318 1088 5372 τὸν
1119 5316 1345 5370 πλοῦτον
1368 5317 1467 5387 τῆς
1501 5313 1720 5369 αἰωνίου

155 5409 416 5477 βασιλείας
446 5412 791 5485 ἀποθέμενος.
825 5413 918 5465 Διό
949 5428 1110 5481 φησιν
1130 5411 1158 5462 ὁ
1186 5407 1424 5472 Παῦλος⁵
1463 5427 1480 5457 ι
1515 5405 1722 5479 Ἰησοῦς

154 5502 373 5574 Χριστὸς
400 5505 653 5572 πλούσιος
672 5505 772 5570 ῶν,
794 5507 860 5560 δι’
885 5508 1033 5579 ἡμᾶς
1059 5503 1424 5575 ἐπτώχευσεν,
1457 5503 1544 5555 ἵνα
1561 5505 1594 5573 ἡ
1604 5503 1723 5573 μείς

150 5596 212 5663 ’τῇ
230 5595 390 5649 αὑτοῦ
419 5600 658 5672 πτωχεία
679 5599 1087 5670 πλουτῆσωμεν.
1105 5618 1121 5648 ι
1143 5595 1302 5650 Ἀλλά
1334 5595 1428 5648 καὶ
1449 5614 1466 5643 ‹
1493 5592 1673 5664 ἀλγῶν
1699 5612 1724 5647 ι

219 5750 262 5782 ⁸⁸
300 5749 444 5810 Ρωι.
491 5768 619 5822 xvu,
655 5753 747 5822 26,
789 5754 878 5809 27.
956 5753 1000 5784 δ’
1042 5750 1217 5809 Lavit.
1259 5765 1409 5816 uvr,
1449 5748 1541 5815 ‘23,
1581 5747 1672 5804 ει.

1869 5743 2024 5798 latth.
2071 5756 2150 5805 ιι,
2185 5739 2277 5794 29.

1837 4590 2032 4643 tiorem
2079 4584 2312 4640 formam
2366 4588 2683 4636 mutantur:
2736 4594 2862 4634 nam
2911 4575 3037 4633 inde
3085 4569 3412 4644 evangelica

1833 4679 2022 4752 gratia:
2049 4677 2267 4732 initium
2296 4673 2538 4729 ducitur.

1900 4943 2071 4998 Vens.
2113 4942 2182 4996 50
2201 4983 2217 5006 ,
2246 4942 2335 4996 3i.
2364 4959 2382 4991 σ
2405 4939 2514 5012 Ego
2541 4953 2659 4994 sum
2687 4950 2898 5005 pauper
2925 4942 2979 4990 et
3005 4933 3196 4987 dolens
3216 4973 3229 4997 ,
3262 4931 3412 4985 salus

1833 5047 1924 5093 tua
1945 5078 1962 5101 ,
2007 5035 2172 5098 Deus,
2198 5033 2442 5102 suscepit
2484 5047 2590 5085 me.
2616 5049 2634 5081 ι
2657 5027 2761 5095 Qui
2795 5028 2856 5082 in
2890 5024 3198 5095 Evangeliis
3227 5024 3365 5077 dixit
3393 5042 3408 5078 :

1838 5148 1856 5179 ς
1882 5127 2088 5181 Discite
2109 5139 2139 5178 a
2166 5140 2252 5178 me
2282 5123 2409 5193 quia
2467 5120 2616 5174 mitis
2642 5134 2763 5172 sum
2792 5123 2846 5170 et
2875 5113 3098 5168 humilis
3120 5111 3283 5167 corde
3305 5110 3404 5172 ⁸⁸⁵.»

1831 5222 1885 5274 in
1923 5218 2177 5289 praesenti
2199 5233 2257 5270 se
2291 5227 2580 5285 pauperem
2613 5221 2667 5264 et
2695 5209 2971 5262 dolentem
3005 5205 3161 5261 dicit.
3198 5202 3408 5274 Paupr:

1830 5323 2011 5369 autem
2041 5317 2197 5373 erat,
2229 5300 2494 5377 depositis
2535 5301 2722 5358 :eterni
2754 5300 2906 5371 regni
2935 5297 3161 5354 divitiis.
3212 5295 3414 5362 Quam-

1829 5406 2016 5461 obrem
2047 5401 2345 5457 aitPaulus
2366 5415 2380 5453 :
2404 5418 2421 5446 ι
2444 5395 2604 5450 Jesus
2624 5393 2880 5449 Christus
2903 5406 3027 5446 cum
3058 5389 3209 5445 dives
3239 5395 3407 5450 esset,

1831 5504 2058 5569 propter
2086 5509 2187 5549 nos
2228 5493 2387 5560 inops
2418 5487 2646 5545 effectus
2674 5495 2794 5550 est,
2828 5491 2889 5538 ut
2931 5498 3033 5539 nos
3064 5481 3185 5550 ejus
3225 5479 3409 5551 inopia

1832 5590 2030 5644 divites
2052 5599 2303 5642 essemus
2325 5581 2390 5637 ".
2421 5601 2437 5633 ι
2465 5578 2572 5635 Sed
2594 5579 2759 5634 etiam
2782 5595 2800 5628 ι
2820 5575 3011 5633 dolens
3037 5593 3056 5629 ι
3076 5573 3183 5629 fuit
3202 5587 3307 5644 μιν
3319 5586 3410 5628 are

2379 5738 2420 5772 ⁸¹
2464 5734 2520 5790 ll.
2543 5735 2671 5792 Cor.
2713 5748 2833 5799 vut,
2869 5731 2922 5790 θ.
