3776 6284
427 343 533 401 765

1106 336 1382 396 EUSEBI!
1414 334 1899 395 CESARIENSIS

2129 330 2316 389 PARS
2351 329 2441 389 Ill.
2481 362 2549 373 —-
2579 326 2992 385 EXEGETICA.
3062 324 3069 331 ’
3529 334 3602 392 ιιι

420 432 686 538 quoniam
724 459 905 516 oratio
961 456 1085 528 ejus
1127 456 1405 515 diuturnis
1451 464 1642 527 postea
1666 453 1935 526 temporib

2110 453 2289 508 θεῖσαν
2307 448 2473 505 αὐτοῦ
2501 449 2705 503 αῐνεσιν
2725 446 2823 519 τὴν
2841 446 2984 518 ὑπὲρ
3009 461 3208 517 μοσχον
3222 446 3335 500 νέον
3358 446 3439 501 τὸν
3455 448 3604 522 κέρα-,α

420 556 678 613 etl'cctum
699 559 998 608 consecuta
1050 556 1158 615 est,
1190 549 1380 605 beatos
1432 546 1762 619 praedicabat
1782 561 1880 602 eos
1911 544 2006 616 qui

418 647 618 703 talium
672 658 858 701 rerum
917 641 1232 713 spectaculo
1265 639 1472 711 dignati
1516 647 1931 709 essent:quare
1950 636 2005 691 in

424 735 738 799 Evangeliis
766 731 1052 804 discipulis
1083 730 1201 787 suis
1220 729 1427 786 dixisse
1448 728 1748 785 scribitur:
1784 745 1804 778 ι
1824 723 2007 782 Vestri

423 838 608 884 autem
670 826 815 882 beati
837 824 1006 889 oculi,
1060 824 1190 894 quia
1239 822 1465 889 vident;
1503 828 1560 876 et
1587 835 1752 876 aures
1786 826 2005 887 vestite,

428 922 560 994 quia
590 920 821 978 audiunt
874 919 940 971 θ’.
977 937 999 973 ι
1034 917 1162 974 Haec
1215 917 1419 988 quippe
1441 913 1621 969 alliuia
1681 911 1811 968 huic
1859 912 2006 968 dicto

423 1021 603 1082 erant,
647 1009 929 1068 «Videant
979 1025 1255 1082 pauperes
1284 1047 1301 1073 ,
1349 1015 1404 1064 et
1450 1006 1744 1062 laetentur:
1777 1006 2006 1076 quaerite

425 1105 621 1169 Deum,
647 1112 705 1161 et
742 1104 889 1160 vivet
923 1104 1109 1159 anima
1143 1108 1351 1158 vestra.
1385 1119 1408 1154 ι
1448 1097 1588 1154 Cum
1627 1112 1726 1169 pro
1753 1097 2006 1169 pauperi—

423 1199 532 1256 bus
572 1203 844 1269 rogasset,
901 1194 1051 1267 ipsos
1109 1192 1331 1250 demum
1392 1188 1714 1264 alloquitur,
1762 1189 2007 1261 ipsisque

425 1297 595 1352 vitam
624 1294 937 1357 denuntiat,
994 1307 1107 1349 non
1163 1306 1480 1362 corporum,
1527 1289 1624 1347 sed
1648 1288 1955 1344 animarum
1987 1306 2001 1342 :

424 1402 592 1460 quam
626 1386 696 1442 ab
728 1385 865 1457 ipsis
894 1383 1063 1441 Deum
1090 1382 1465 1455 quaerentibus
1484 1380 1860 1453 reperiendam
1883 1395 2007 1436 esse

425 1478 739 1551 pollicetur,
789 1476 923 1531 talia
985 1475 1131 1530 latus
1156 1493 1172 1530 :
1200 1493 1220 1526 ι
1248 1472 1489 1541 Quaerite
1513 1471 1707 1536 Deum,
1755 1479 1813 1526 et
1861 1470 2007 1527 vivet

425 1569 612 1626 anima
642 1577 845 1626 vestra.
875 1586 897 1623 ι
931 1565 1079 1624 Fons
1107 1566 1311 1638 quippe
1360 1565 1487 1621 vita:
1510 1578 1680 1635 penes
1712 1562 1867 1618 illum
1896 1568 2002 1618 est.

424 1661 794 1729 Quamobrem
817 1659 1010 1717 iisdem
1050 1656 1387 1730 pauperibus
1408 1654 1676 1728 pmcipit,
1711 1661 1797 1721 ut,
1822 1653 2005 1708 omnia

427 1763 841 1828 postponentes,
876 1752 1030 1809 illum
1084 1753 1191 1807 llde
1228 1751 1482 1822 bonaque
1512 1763 1611 1821 spe
1661 1747 1859 1803 muniti
1884 1761 2008 1818 pcr-

2110 544 2412 617 έκφέροντα
2470 543 2565 598 καὶ
2614 540 2803 605 ὁπλάς.
2841 541 2951 594 Καὶ
2987 539 3053 611 δὴ
3101 539 3461 613 πληρουμένης

2108 634 2210 707 τῆς
2236 634 2404 706 εὐχῆς
2442 634 2676 705 μακροῖς
2704 630 2930 702 ὕστερον
2961 629 3194 701 χρόνοις»
3227 630 3500 702 ἐμακάριζε
3522 637 3605 702 Ws

2110 723 2550 798 κατηξιωμένους
2593 724 2693 795 τῆς
2734 722 2844 776 τῶν
2891 721 3234 794 πραγμάτων
3285 722 3423 787 θέας·
3472 724 3537 779 διὸ
3570 729 3608 781 έν

2108 818 2463 889 Εὑαγγελίοις
2489 817 2904 890 ἀναγέγραπται
2950 819 3066 881 τοῖς
3096 815 3263 871 αὐτοῦ
3287 817 3522 888 μαθηταῖς
3556 822 3609 875 tl-

2107 911 2245 966 πὼν·
2279 930 2301 964 ι
2333 910 2516 983 Ὕμῶν
2541 910 2601 964 δὲ
2634 910 2892 983 μακάριοι
2907 909 2959 964 οἱ
2989 909 3369 980 δφθαλμοὶ,ὄτι
3400 909 3610 981 ﬁliumin,

2107 1003 2205 1057 καὶ
2230 1001 2300 1057 τά
2322 996 2438 1056 ὧτα
2468 1001 2646 1073 ὑμῶν,
2674 1001 2757 1054 ὅτι
2786 999 3098 1055 ἀκούουσι.»
3155 997 3342 1055 Ταῦτα
3384 1000 3480 1070 γὰρ
3513 1001 3611 1073 σύμ.

2107 1113 2262 1167 φωνα
2290 1090 2359 1165 ἦν
2389 1093 2469 1165 τῷ
2491 1094 2723 1165 φήσαντι
2760 1092 2923 1164 λόγῳο
2975 1112 2995 1144 ι
3030 1091 3307 1146 Ἰδέτωσαν
3354 1095 3528 1164 πτωχοὶ
3549 1096 3611 1148 καὶ

2106 1184 2586 1258 εὐφρανθήτωσανο
2619 1183 2956 1256 έκζητήσατε
2976 1183 3067 1237 τὸν
3094 1182 3252 1247 Θεὸν,
3278 1181 3370 1237 καὶ
3396 1181 3612 1257 ζήσεταιή

2105 1276 2253 1349 ψυχή
2287 1275 2493 1347 ὑμῶν.»
2548 1274 2861 1346 Εύξάμενος
2906 1273 3047 1346 ὑπὲρ
3077 1272 3186 1327 τῶν
3249 1273 3482 1342 πτωχῶν,
3520 1273 3613 1345 πρὸς

2106 1368 2305 1432 αὐτοὺς
2324 1367 2510 1421 λοιπὸν
2534 1369 2767 1421 ποιεῖται
2806 1364 2901 1419 τὸν
2952 1364 3131 1435 λόγον,
3188 1363 3557 1434 εὐαγγελίζεταί
3574 1382 3616 1420 τι

2106 1463 2290 1526 αὐτοῖς
2322 1460 2469 1533 ζωὴν
2490 1461 2551 1515 οὑ
2580 1459 2873 1531 σωμάτιον,
2924 1457 3062 1513 ἀλλά
3091 1457 3302 1530 ψυχῶνο
3358 1458 3449 1512 καὶ
3467 1457 3617 1530 ταύτην
3728 1472 3731 1533 j

2106 1556 2293 1620 αὐτοῖς
2323 1553 2717 1628 εὑρεθήσεσθαι
2751 1552 3087 1626 έκξητήσασι
3111 1552 3202 1606 τὸν
3235 1551 3368 1607 Θεὸν
3407 1551 3617 1622 ἐπαγγέλ-

2105 1648 2276 1704 λεται·
2311 1648 2391 1702 διό
2419 1664 2571 1720 φησι·
2604 1666 2624 1700 ι
2646 1647 3017 1720 Ἐκζητήσατε
3042 1646 3136 1702 τὸν
3152 1645 3308 1712 Θεὸν,
3341 1645 3430 1701 καὶ
3451 1644 3618 1718 ζήσεται

2106 1742 2141 1812 ή
2179 1738 2324 1811 ψυχή
2346 1737 2522 1810 ὑμῶν.
2557 1756 2579 1790 ι
2629 1737 2790 1809 Πηγὴ
2844 1738 2955 1810 γὰρ
2997 1735 3142 1809 ζωῆς
3194 1738 3328 1809 παρ’
3368 1733 3515 1808 αὐτῷ.
3558 1738 3621 1792 Διὸ
3730 1748 3731 1755 ‘

422 1846 679 1919 quirant;
711 1846 787 1902 ita
817 1846 967 1904 enim
1004 1860 1100 1902 eos
1130 1846 1244 1900 vita
1285 1844 1483 1899 animae
1517 1844 1762 1898 victuros
1785 1840 1935 1914 pallii

2111 1833 2290 1888 πάντα
2320 1832 2550 1905 δεύτερα
2572 1830 2832 1905 θεμένους
2883 1832 3011 1896 τοὺς
3060 1831 3388 1904 εἰρημένους
3413 1830 3619 1902 πτωχούς,

423 1947 557 1995 tur:
585 1938 654 1996 de
702 1954 812 2011 qua
861 1939 978 1995 vita
1027 1938 1145 1993 haec
1206 1936 1502 2007 Apostolus
1556 1933 1789 1990 docuit:
1829 1931 2006 1987 «Nam

423 2031 541 2092 vita
595 2038 780 2089 vestra
832 2029 1156 2087 abscondita
1208 2036 1295 2084 est
1333 2043 1460 2083 cum
1510 2025 1737 2082 Christo
1782 2025 1840 2081 in
1872 2022 2003 2079 Deo.

350 2126 353 2131 ’
421 2120 562 2179 Cum
585 2128 768 2178 autem
809 2119 1067 2177 Christus
1112 2118 1429 2191 apparuerit
1477 2116 1590 2172 vita
1639 2124 1839 2179 vestra,
1874 2122 2008 2169 tunc

421 2226 482 2273 et
532 2227 633 2270 vos
667 2228 795 2269 cum
827 2213 922 2269 illo
967 2209 1309 2284 apparebitis
1356 2209 1411 2264 in
1459 2208 1633 2281 gloria
1656 2207 1723 2261 σι.
1762 2225 1787 2261 ι
1810 2205 2007 2262 Postea

424 2306 646 2363 subdit:
685 2323 704 2357 ι
724 2303 997 2373 Quoniam
1010 2303 1292 2361 exaudivit
1344 2316 1616 2374 pauperes
1636 2299 1923 2364 Dominus,
1950 2306 2008 2355 et

424 2398 638 2453 vinctos
660 2413 793 2454 suos
814 2413 923 2452 non
952 2397 1221 2468 despexit.
1261 2416 1281 2449 ι
1317 2394 1417 2450 llic
1456 2409 1711 2457 rursum,
1750 2390 2007 2449 taxandi-

423 2491 526 2553 vit,
555 2510 574 2543 ε
610 2506 730 2561 pro,
768 2508 787 2541 ι
816 2489 1107 2561 exaudiet;
1148 2510 1166 2542 ι
1201 2497 1256 2545 et
1284 2531 1300 2557 ,
1337 2507 1360 2539 ι
1387 2502 1494 2543 non
1529 2487 1801 2558 despexit,
1829 2504 1853 2537 ι
1884 2499 2005 2556 pro,

430 2592 453 2628 ι
490 2554 910 2648 non-despiciet,
938 2554 1200 2632 )‘dictum
1222 2554 1326 2632 est.
1358 2574 1494 2632 Cum
1513 2554 1809 2646 jam-enim
1835 2554 2005 2629 dixis-

424 2676 530 2732 set,
566 2685 585 2719 ι
613 2666 851 2735 Quaerite
879 2666 1075 2735 Deum,
1120 2676 1176 2724 et
1217 2668 1363 2724 vivet
1414 2669 1596 2723 anima
1642 2675 1863 2730 vestra;
1895 2664 2008 2720 »εἰὶ-

423 2761 619 2816 denter
654 2761 751 2824 ait,
797 2761 1045 2833 quaerite,
1099 2761 1360 2832 quoniam
1414 2758 1672 2816 exaudiet
1715 2772 2002 2829 pauperes.

422 2851 611 2924 Neque
630 2854 774 2908 enim
804 2851 1260 2924 voluptariorum,
1286 2852 1653 2924 superborum
1675 2860 1730 2906 et
1750 2865 2007 2919 arrogan-

423 2945 563 3000 tium
614 2945 756 3002 Deus
784 2952 903 3013 est;
939 2944 1036 3001 sed
1080 2944 1368 3000 humilium
1401 2953 1456 3002 et
1489 2959 1809 3015 pauperum.
1859 2941 2007 3010 Qua-

425 3049 647 3111 propter
662 3039 864 3094 dicitur
896 3057 909 3093 :
948 3057 967 3092 ι
999 3036 1060 3093 In
1087 3052 1250 3109 quem
1282 3038 1594 3109 respiciam,
1635 3037 1742 3092 nisi
1770 3035 1824 3090 in
1850 3050 2006 3090 man-

424 3142 644 3191 suetum
677 3141 731 3189 et
773 3133 1032 3187 humilem
1087 3139 1143 3187 et
1173 3132 1417 3203 quietum
1448 3138 1504 3187 et
1539 3138 1861 3185 trementem
1889 3144 2007 3185 ser-

2106 1924 2356 1997 έκζητεῐν
2378 1925 2542 1983 αὐτὸν
2570 1926 2896 1998 προστάττει
2927 1925 3068 2000 μετά
3098 1925 3339 1989 πίστεως
3360 1923 3449 1979 καὶ
3466 1924 3623 1996 ἀγαθῆς

2106 2015 2339 2081 έλπίδοςο
2401 2015 2665 2083 ζήσεσθαι
2714 2016 2824 2089 γὰρ
2856 2016 3054 2082 αὐτοὺς
3119 2014 3502 2086 ἐπαγγέλλεται
3522 2012 3625 2087 ζωὴν

2104 2107 2305 2181 ψυχῆς,
2367 2108 2494 2184 περὶ
2547 2104 2614 2183 ἦς
2659 2110 2807 2163 καὶὸ
2851 2107 3172 2173 Ἀπόστολος
3203 2107 3447 2164 ἐδίδασκε
3466 2107 3622 2176 λέγων·

2111 2202 2216 2255 ιηΉ
2245 2201 2357 2274 γὰρ
2384 2201 2497 2273 ζωὴ
2518 2200 2673 2274 ὑμῶν
2703 2201 3012 2275 κέκρυπται
3045 2202 3148 2255 σὺν
3173 2200 3255 2272 τῷ
3288 2198 3492 2272 Χριστῷ
3515 2198 3626 2269 ὲναῖι

2105 2294 2247 2367 Θεῷ.
2290 2296 2457 2350 ὀταν
2486 2298 2515 2350 6
2552 2294 2786 2368 Χριστὸς
2841 2294 3130 2368 φανερωθῇ
3154 2296 3189 2367 ή
3221 2293 3337 2366 ζωὴ
3369 2293 3523 2366 ὑμῶν,
3543 2293 3627 2347 τότε

2106 2390 2202 2444 καὶ
2233 2389 2391 2461 ὑμεῖς
2419 2388 2516 2442 σὺν
2538 2389 2688 2461 αὐτῷ
2717 2388 3166 2463 φανερωθήσεσθε
3198 2391 3260 2444 έν
3313 2387 3451 2462 δόξῃ.
3486 2408 3502 2440 ι
3551 2384 3627 2440 Εἶτ’

2106 2481 2367 2550 ἐπιλέγει·
2415 2481 2571 2534 (Ὅτι
2617 2482 2901 2554 εἰσήκουσε
2941 2480 3056 2535 τῶν.
3099 2483 3354 2554 πενήτων
3397 2484 3424 2535 ὁ
3457 2479 3628 2551 Κύριος.

2106 2575 2200 2628 καί
2232 2575 2357 2639 τοὺς
2378 2573 2785 2646 πεπεδημένους
2806 2572 2973 2628 αὑτοῦ
2999 2575 3100 2628 οὐκ
3123 2574 3490 2641 έξουδένωσε.»
3506 2570 3629 2626 Πάλιν

2105 2665 2162 2721 δὲ
2194 2666 2472 2721 κάνταῦθα
2499 2666 2582 2729 τὸ,
2621 2685 2638 2717 ι
2668 2667 3045 2736 εἰσήκουσεν,ι
3081 2665 3201 2719 ἀντὶ
3251 2664 3370 2726 τοῦ,
3398 2683 3416 2715 ι
3441 2660 3630 2716 sicana-

2107 2775 2280 2820 σεται,
2302 2778 2321 2810 ι
2337 2758 2571 2830 εἴρηται,
2589 2757 2684 2812 καὶ
2708 2757 2791 2822 τὸ,
2827 2776 2845 2808 ι
2877 2757 2981 2811 οὐκ
2996 2755 3376 2824 ὲξουδένωσεν,
3400 2776 3418 2808 ι
3437 2753 3630 2813 ἀντὶτοῦ.

2112 2869 2133 2901 ι
2159 2851 2259 2904 οὐκ
2286 2849 2683 2916 έξουδενώσει.»
2723 2848 3010 2922 Προειπὼν
3040 2848 3169 2922 γὰρ,
3215 2869 3235 2901 ι
3264 2851 3523 2920 Ζητήσατε
3567 2843 3631 2899 τὸν

2105 2940 2264 3007 Θεὸν,
2290 2942 2385 2995 καὶ
2417 2940 2648 3014 ζήσεται
2668 2941 2703 3012 ή
2726 2938 2872 3012 ψυχὴ
2903 2938 3111 3011 sum,»
3157 2940 3495 3013 θαρσούντως
3518 2938 3631 3009 φησὶ,

2105 3036 2408 3106 Ζητήσατε,
2438 3035 2521 3088 ὅτι
2572 3036 2949 3089 εἰσακούσεται
3005 3034 3116 3088 τῶν
3141 3036 3414 3106 πενήτων.
3450 3033 3515 3088 Οὐ
3556 3031 3632 3103 γὰρ

2104 3123 2436 3197 τρυφώντων
2463 3125 2611 3179 ἐστὶν
2636 3126 2665 3179 ὁ
2695 3126 2849 3191 Θεὸς,
2878 3125 2999 3179 οὐδὲ
3021 3127 3352 3198 ἐπηρμένων
3373 3126 3461 3180 καὶ
3487 3123 3633 3187 ἀλαζο-

425 3240 617 3280 nones
657 3240 806 3281 meos
842 3224 921 3278 "‘l
960 3243 979 3276 ι
1014 3222 1243 3280 Fiducia
1284 3224 1452 3296 igitur
1494 3223 1750 3278 instructi
1783 3236 1934 3291 quaer

2110 3216 2434 3288 νευομένων,
2460 3217 2594 3272 ἀλλά
2643 3217 2920 3273 ταπεινῶν
2971 3217 3066 3272 καὶ
3118 3219 3389 3291 πενήτων.
3422 3215 3504 3271 Διὸ
3529 3216 3637 3288 εῑρτπ

427 3313 622 3376 Deum,
651 3317 805 3387 gnari
832 3314 1120 3371 Dominum
1154 3332 1255 3372 vos
1292 3330 1563 3386 pauperes
1595 3314 2002 3379 exauditurum,

422 3417 482 3464 et
515 3409 726 3465 vinctos
746 3425 877 3477 suos
910 3426 1019 3465 non
1057 3410 1445 3479 despecturum
1467 3422 1628 3474 esse;
1662 3406 1778 3463 sive
1806 3420 2006 3462 secun-

424 3498 556 3553 dum.
617 3498 1046 3568 Symmachum:
1079 3519 1098 3551 ι
1131 3499 1197 3554 Ει
1233 3500 1449 3553 vinctos
1509 3511 1641 3554 suos
1698 3513 1806 3554 non
1852 3498 2009 3570 parvi

427 3590 642 3647 faciet»
672 3588 793 3658 Quo
814 3599 976 3662 pacto
1002 3600 1183 3647 autem
1198 3591 1251 3645 hi
1278 3604 1569 3660 pauperes,
1587 3588 1752 3643 vincti
1780 3598 1834 3646 et
1854 3605 2002 3645 com-

426 3682 593 3752 pediti
630 3681 1130 3755 l‘uerintintelliges,
1155 3685 1202 3739 si
1223 3683 1452 3739 Paulum
1482 3683 1672 3740 audias
1702 3683 2005 3740 dicentem:

433 3796 451 3826 ι
474 3771 679 3829 Paulus
707 3774 924 3829 vinctus
951 3772 1081 3830 Jesu
1130 3774 1338 3830 Christi
1363 3773 1409 3805 ⁸³
1434 3791 1448 3829 :
1475 3793 1493 3826 ι
1525 3789 1589 3828 ac
1622 3774 1882 3830 similiter
1929 3790 2010 3831 rc-

426 3867 564 3937 liqui
626 3867 881 3938 discipuli
935 3884 1036 3938 p_ro
1072 3867 1277 3925 Christi
1315 3867 1517 3923 vinctis
1563 3866 1820 3923 habendi.
1866 3866 2011 3934 Quin

423 3960 590 4015 etiam
627 3959 664 4014 ii
695 3961 788 4030 qui
820 3961 877 4016 in
908 3925 1261 4016 tabernaculo
1290 3958 1581 4034 (corporis)
1610 3960 1767 4031 quasi
1801 3960 1854 4016 in
1889 3961 2009 4015 vin-

424 4051 567 4106 culis
618 4057 768 4116 sunt,
816 4050 1004 4121 lugent
1050 4052 1426 4122 supplicantes
1457 4067 1488 4106 a
1521 4051 1755 4108 vinculis
1816 4052 1953 4123 eripi
1991 4067 2008 4106 :

424 4153 598 4211 quare
626 4139 818 4194 dicunt
845 4158 859 4193 :
898 4157 917 4191 ι
951 4137 1144 4193 Infelix
1159 4154 1259 4209 ego
1282 4140 1468 4204 homo,
1492 4139 1617 4209 quis
1643 4155 1729 4195 me
1757 4137 2013 4194 liberabit

424 4246 494 4286 ex
530 4245 760 4301 corpore
813 4230 1008 4288 mortis
1042 4230 1206 4301 hujus
1237 4231 1316 4285 “1'
1352 4250 1371 4283 ι
1407 4229 1511 4297 Qui
1557 4247 1688 4302 ergo
1738 4228 2013 4299 corrupti-

426 4322 521 4378 bili
542 4337 773 4392 corpore
801 4323 987 4379 onusti
1019 4331 1168 4389 sunt,
1203 4330 1258 4379 et
1286 4325 1699 4395 corruptionem
1757 4336 2014 4378 aversan-

424 4422 539 4480 tur,
587 4423 868 4487 gementes
916 4414 972 4469 in
1020 4415 1125 4470 hac
1155 4417 1503 4486 corruptibili
1547 4417 1678 4480 vita,
1717 4415 1885 4471 vincti
1918 4412 2010 4469 Dei

424 4513 577 4571 sunt,
611 4515 666 4562 et
695 4506 990 4579 compediti
1011 4507 1155 4578 ejus,
1183 4524 1419 4579 quorum
1460 4508 1877 4580 deprecationes
1899 4520 2009 4561 non

423 4598 687 4669 despiciet
708 4615 885 4670 neque
907 4599 1272 4656 aversabitur.
1323 4601 1427 4667 Qui
1455 4617 1585 4656 vero
1628 4598 1847 4654 vincula
1905 4611 2007 4653 sua

426 4691 790 4763 impinguant,
816 4701 872 4749 et
905 4693 1075 4748 nimia
1105 4694 1385 4764 voluptate
1446 4693 1652 4761 fovent,
1687 4693 1857 4749 vincti
1879 4708 2007 4749 cor-

425 4785 696 4856 ruptionis
721 4793 777 4841 et
811 4789 1004 4842 mortis
1028 4786 1152 4855 jure
1174 4786 1449 4842 dicantur.

2105 3327 2215 3364 ται·
2263 3329 2282 3362 ι
2323 3310 2449 3364 Ἐπὶ
2471 3310 2594 3365 τίνα
2614 3310 2890 3381 anienem
2928 3310 2961 3382 ἢ
2995 3310 3089 3363 ἐπὶ
3118 3310 3212 3363 τὸν
3248 3312 3421 3383 πρᾶον
3453 3309 3533 3363 καὶ
3567 3325 3635 3361 τα-

2108 3402 2314 3469 πεινὸν,
2349 3404 2446 3457 καὶ
2482 3403 2702 3475 ἡσύχιον
2727 3404 2824 3458 καὶ
2849 3401 3124 3475 τρέμοντά
3149 3419 3253 3475 μου
3278 3404 3404 3468 τοὺς
3427 3401 3633 3471 λόγουςςο

2108 3497 2447 3569 Θαρσοῦντες
2479 3492 2572 3550 οὖν
2593 3494 2865 3569 ζητήσατε
2896 3496 2990 3551 τὸν
3038 3495 3191 3562 Θεὸν,
3218 3496 3441 3561 εἰδότες.
3466 3496 3638 3550 51::ch-

2109 3588 2403 3645 ακούσεται
2452 3588 2605 3661 ὑμῶν
2653 3588 2762 3642 τῶν
2816 3590 3062 3661 πενήτων
3107 3588 3335 3662 Κύριος,
3419 3589 3506 3643 καὶ
3545 3588 3637 3649 τοὺς

2110 3680 2516 3751 πεπεδημένους
2567 3679 2732 3735 αὐτοῦ
2776 3681 2876 3736 οὐκ
2908 3679 3279 3746 ὲξουδενὼσειο
3327 3682 3360 3754 ἢ
3405 3680 3534 3736 κατά
3574 3678 3639 3732 τὸν

2110 3771 2426 3843 Σύμμαχον,
2478 3791 2497 3824 ι
2545 3772 2658 3827 Καὶ
2715 3774 2842 3837 τοὺς
2884 3772 3167 3843 δεσμώτας
3202 3775 3335 3838 τοὺς
3377 3772 3548 3828 ἑαυτοῦ
3568 3772 3640 3825 οὐκ

2111 3864 2453 3931 ὲξευτελίσει.
2487 3884 2506 3918 ι
2568 3866 2803 3938 Νοήσεις
2851 3865 2910 3919 δὲ
2967 3866 3116 3930 ὅπως
3177 3866 3230 3919 οἱ
3287 3866 3487 3936 πτωχοὶ
3534 3858 3640 3919 οὗτοι

2108 3957 2385 4029 δεσμῶται
2409 3959 2507 4010 καὶ
2531 3957 2893 4029 πεπεδημένοι
2913 3956 3201 4026 γεγόνασιν
3231 3959 3443 4013 ἀκούων
3475 3956 3639 4011 Παύλου

2110 4045 2381 4116 λέγοντος·
2441 4066 2459 4099 ι
2514 4046 2726 4111 Παῦλος
2762 4046 2987 4118 δέσμιος
3049 4046 3225 4118 Ἰησοῦ
3283 4047 3528 4120 Χριστοῦ·
3560 4036 3641 4111 »ᾧ

2111 4140 2511 4211 παραπλησίως
2553 4139 2649 4194 καὶ
2710 4140 2761 4194 οἱ
2816 4140 2998 4195 λοιποὶ
3032 4140 3276 4213 μαθηταὶ
3303 4141 3504 4211 δέσμιοι
3537 4134 3639 4209 ἦσαν

2110 4232 2366 4303 Χριστοῦ.
2417 4231 2577 4285 Ἀλλά
2626 4231 2722 4285 καὶ
2755 4232 2804 4285 οἱ
2850 4232 3003 4297 ὅντες
3049 4235 3108 4287 έν
3157 4232 3235 4305 τῷ
3294 4235 3475 4303 σκήνει
3499 4230 3640 4298 ὥσπερ

2110 4324 2171 4377 ὲν
2204 4323 2421 4394 δεσμοῖς
2458 4323 2609 4387 ὄντες
2645 4322 2888 4377 στένουσι
2926 4324 3148 4397 λυθῆναι
3194 4325 3306 4380 τῶν
3343 4324 3540 4397 δεσμῶν
3563 4324 3634 4374 ἱκε-

2110 4416 2373 4480 τεύοντες·
2406 4416 2486 4470 διό
2513 4432 2663 4486 φασν
2700 4434 2719 4467 ι
2750 4417 3107 4489 Ταλαίπωρος
3153 4418 3268 4487 ἐγὼ
3288 4412 3641 4489 ἀνθρωποςντίς

2117 4529 2184 4583 με
2215 4509 2435 4582 ῥύσεται
2474 4514 2540 4566 ὲκ
2569 4511 2820 4585 σώματος
2872 4511 2968 4566 τοῦ
3005 4511 3235 4565 θανάτου
3295 4511 3480 4565 τούτου
3504 4526 3553 4574 ;›
3594 4503 3640 4558 οε

2117 4601 2216 4675 μὲν
2247 4597 2341 4657 οὖν
2377 4602 2438 4656 τὸ
2468 4602 2703 4675 φθαρτὸν
2734 4602 2892 4674 σῶμα
2938 4600 3290 4674 βαρούμενοι,
3330 4603 3422 4657 καὶ
3440 4596 3640 4672 τὴνφθο-

2115 4692 2216 4766 ράν
2247 4693 2737 4766 ἀποστρεφόμενοι,
2764 4694 3042 4758 στένοντες
3097 4711 3157 4747 τε
3191 4692 3287 4746 έπὶ
3343 4692 3421 4764 τῷ
3465 4685 3639 4760 φθαρτῷ

2116 4782 2236 4855 βίῳ,
2265 4783 2539 4855 δεσμῶται
2572 4784 2666 4839 τοῦ
2706 4785 2841 4840 Θεοῦ
2874 4788 3222 4858 τυγχάνουσι,
3256 4785 3354 4840 καλ⁵
3388 4777 3639 4849 πεπεδημέ-

424 4898 506 4935 νοι
537 4880 726 4946 αὑτοῦ,
755 4874 830 4936 ὧν
853 4881 952 4946 τάς
974 4882 1143 4954 εύχάς
1173 4883 1273 4936 οὐκ
1304 4881 1674 4948 έξουδενώσει,
1713 4882 1836 4937 οὐδὲ
1867 4882 2370 4953 ἀποστραφήσεται.
2414 4881 2478 4934 Οἱ
2502 4880 2560 4934 δὲ
2590 4882 2718 4945 τοὺς
2738 4880 2945 4936 ἑαυτῶν
2971 4881 3203 4954 δεσμοὺς
3231 4880 3541 4963 πιαίνοντες,
3573 4871 3639 4925 καὶ

421 4973 516 5030 διὰ
550 4974 751 5047 πολλῆς
781 4976 996 5049 τρυφῆς
1024 4976 1396 5050 περιέποντες,
1429 4977 1707 5051 δεσμῶται
1741 4976 1950 5050 φθορᾶς
1986 4977 2081 5031 καὶ
2102 4976 2333 5031 θανάτου
2359 4974 2601 5044 λεχθεῖεν
2631 4975 2698 5030 ἂν
2733 4978 2978 5041 εἰκότως.

498 5094 663 5154 Vsus.
687 5097 777 5152 '55.
807 5115 827 5150 ‹
863 5096 1111 5156 Laudent
1149 5099 1303 5155 illum
1346 5100 1471 5155 coeli
1499 5108 1554 5156 et
1583 5107 1750 5167 terra,
1783 5113 1934 5155 mare
1953 5107 2010 5155 et

424 5186 606 5240 omnia
637 5187 852 5257 reptilia
877 5187 932 5242 in
955 5204 1041 5245 eo.
1070 5207 1090 5242 ι
1139 5189 1408 5257 Quoniam
1463 5193 1688 5263 regnum
1743 5191 2005 5247 caelorum

425 5276 756 5353 pauperibus
787 5279 1063 5350 pollicitus
1107 5287 1193 5336 est
1250 5280 1337 5337 his
1383 5280 1603 5337 verbis:
1649 5301 1669 5334 ι
1701 5280 1850 5337 Beati
1878 5297 2010 5353 pau-

425 5382 584 5438 peres
607 5369 824 5445 spiritu,
856 5371 1118 5442 quoniam
1160 5372 1405 5443 ipsorum
1456 5382 1541 5429 est
1589 5389 1817 5447 regnum
1839 5375 2008 5432 cmic-

424 5475 547 5514 rum
608 5461 686 5528 ";
720 5479 740 5514 ι
804 5463 1097 5519 admodum
1157 5475 1560 5537 consequenter
1601 5476 1889 5539 postquam
1939 5460 2025 5524 de

425 5551 759 5623 pauperibus
818 5554 1034 5613 locutus
1053 5564 1139 5614 est
1167 5598 1183 5625 ,
1240 5557 1451 5615 infert:
1492 5576 1511 5611 ι
1535 5557 1785 5618 Laudent
1850 5559 2005 5617 illum

497 5705 768 5778 ⁸ξ-Μιιιιιι.
828 5726 949 5778 xm,
1010 5711 1096 5768 16.

497 5713 768 5766 "Matth.
828 5726 949 5778 sui,
1010 5713 1096 5768 l6.
1209 5714 1249 5748 "
1285 5713 1498 5773 Coloss.
1561 5731 1644 5785 Ill,
1690 5716 1746 5785 ὅ,
1805 5714 1860 5777 ι.

426 5775 478 5844 ,⁸⁸
513 5775 709 5833 Matth.
737 5794 790 5846 ν,
819 5779 873 5835 ὅ.

1969 5718 2015 5752 ⁸³
2066 5714 2174 5777 lsa.
2230 5732 2378 5782 m1,
2437 5714 2491 5772 Ξ.

2193 5116 2212 5151 ι
2254 5096 2638 5152 Αἱνεσάτωσαν
2671 5097 2832 5150 αὐτὸν
2858 5096 3075 5169 οὐρανοὶ
3097 5099 3193 5152 καὶ
3215 5097 3309 5170 γῆ,
3331 5096 3554 5151 θάλασσα
3571 5085 3639 5144 καὶ

2115 5186 2294 5241 πάντα
2321 5185 2393 5240 τά
2414 5186 2649 5258 ἓρποντα
2696 5189 2757 5241 ἐν
2805 5188 2998 5261 αὐτῇ.»
3054 5188 3274 5262 Ἐπειδὴ
3302 5192 3410 5253 τοῖς

2111 5277 2480 5350 ἐπηγγείλατο
2503 5277 2783 5348 βασιλείαν
2837 5278 3085 5353 οὐρανῶν
3128 5279 3319 5345 εἰπὼν,
3350 5299 3370 5333 ι
3413 5277 3634 5347 Μακάριοι

2112 5375 2162 5427 οἱ
2184 5372 2390 5443 πτωχοὶ
2421 5371 2500 5443 τῷ
2527 5373 2819 5446 πνεύματι,
2858 5375 2939 5429 ὅτι
2977 5373 3157 5430 αὐτῶν
3195 5376 3339 5428 ἐστιν
3378 5364 3634 5446 ripaka

2112 5465 2222 5520 τῶν
2242 5464 2505 5537 οὐρανῶν
2522 5484 2541 5518 ι
2576 5465 2781 5539 σφόδρα
2802 5466 3109 5531 ἀκολούθως
3140 5466 3281 5539 μετά
3308 5465 3395 5521 τὸν
3425 5453 3634 5534 περὶτῶν

2113 5560 2363 5633 πενήτων
2385 5559 2542 5630 λόγον
2567 5558 2840 5632 ἐπιφέρει·
2875 5577 2895 5611 ι
2934 5559 3312 5615 Αἱνεσάτωσαν
3338 5554 3488 5611 αὐτὸν
3511 5551 3632 5621 ούρα-

2603 5716 2647 5750 ⁶³
2695 5715 2926 5774 Philem.
2966 5730 3005 5782 Ι,
3042 5716 3091 5773 1.
3206 5716 3251 5748 ⁵⁸
3273 5712 3425 5769 Rom.
3454 5723 3536 5775 vn,
3561 5700 3625 5759 24.
