3776 6284
127 337 215 395 765

1192 323 1693 384 COMMENTARIA
1718 324 1789 381 IN
1824 324 2173 380 PSALMOS.

3239 320 3345 394 τεο

125 448 235 505 vat.»
280 437 475 509 Ἐπειδὴ
512 437 651 491 κατά
690 438 868 490 πᾶσαν
897 436 995 508 τὴν
1034 439 1360 511 οἰκουμένην
1390 442 1532 494 κατά
1586 459 1616 492 τ

1840 438 1895 494 li.
1931 458 1953 491 ›
1981 436 2120 504 Quia
2170 451 2302 493 vero
2348 435 2591 491 futurum
2625 443 2767 502 erat,
2794 443 2854 491 ut
2888 452 2982 507 per
3028 442 3204 490 totum
3237 450 3331 491 or-

126 545 210 612 γῆν
232 538 313 592 καί
342 532 604 587 Θάλασσαν
630 530 860 601 ἤμελλον
901 530 1220 603 Ἐκκλησίαι
1241 530 1319 602 τῷ
1360 532 1480 603 Θεῷ
1506 533 1656 585 συνί-

124 630 316 687 στασθαι
343 627 402 677 ἐκ
428 622 532 676 τῶν
582 621 1027 693 προλελεγμένων
1056 621 1309 693 πτωχῶν,
1352 624 1659 686 ἀκολούθως

124 719 459 788 ἐπισυνῆπται,
504 732 521 763 ι
558 713 652 765 καὶ
676 714 747 783 γῆ
805 712 898 764 καὶ
941 712 1186 767 θάλασσα
1231 714 1325 766 καὶ
1372 712 1549 768 πάντα
1591 714 1658 767 τὰ

121 816 319 884 ἒρποντα
352 809 406 859 ὲν
437 805 669 867 αὐτοῖς.»
702 805 977 876 Ἕρποντα
1009 804 1065 857 δὲ
1115 803 1210 857 ἐπὶ
1248 804 1355 874 γῆς
1406 805 1501 858 καί
1551 804 1652 857 θα-

121 902 292 969 λάσσης
314 894 536 949 ἐνταῦθα
560 893 890 963 κελευόμενα
918 895 1014 946 σὺν
1043 892 1255 965 οὐρανῷ
1271 893 1365 946 καί
1390 896 1459 964 γῇ
1491 894 1660 947 αἰνεῖν

117 992 173 1047 τὰ
197 990 307 1058 ἔθνη
324 984 573 1056 τυγχάνει
600 986 668 1038 τὰ
691 988 747 1038 ἐν
768 983 845 1054 τῷ
880 983 1057 1054 θνητῷ
1089 984 1188 1055 βίῳ
1219 983 1328 1036 τῶν
1356 983 1659 1056 ἀνθρώπων

119 1079 327 1154 ἑρπετῶν
340 1077 490 1146 δίκην
517 1076 578 1128 τὸ
595 1075 821 1129 παλαιὸν
837 1075 930 1129 ἐπὶ
950 1074 1026 1146 τῷ
1055 1075 1240 1144 στήθει
1269 1075 1362 1127 καὶ
1384 1077 1451 1145 τῇ
1484 1073 1663 1144 κοιλία

117 1170 435 1242 πορευόμενα.
463 1166 575 1219 Καὶ
597 1165 751 1233 παρὰ
791 1164 869 1234 τῷ
912 1164 1113 1235 Ἡσαΐᾳ.
1144 1163 1307 1234 θηρία
1339 1164 1431 1216 καί
1457 1162 1661 1235 ἑρπετὰ

115 1256 421 1331 ἀλληγορικῷ
450 1256 642 1327 τρόπῳ
663 1256 732 1309 τὰ
780 1254 908 1328 ἔθνη
948 1255 1233 1327 κέκληται,
1274 1256 1332 1308 ἐν
1380 1247 1463 1318 οἷς
1511 1255 1663 1325 εἴρη-

112 1368 205 1407 ταιο
238 1370 254 1400 ι
280 1349 382 1403 Καὶ
424 1347 866 1419 συμϐοσκήσεται
918 1346 1082 1411 λύκος
1152 1346 1294 1418 μετά
1341 1346 1525 1416 ἀρνὸς,
1568 1345 1664 1398 καὶ

115 1442 341 1514 πάρδαλις
362 1436 836 1492 συναναπαύσεται
889 1436 1081 1509 ἐρίφῳ,
1122 1437 1217 1491 καὶ
1238 1435 1373 1489 λέων
1401 1435 1475 1499 ὡς
1538 1434 1664 1506 βοῦς

113 1536 312 1605 φάγεται
356 1532 553 1602 ἄχυρα.
619 1530 728 1583 Καὶ
770 1529 982 1584 παιδίον
1028 1530 1223 1600 νήπιον
1274 1526 1367 1580 ἐπὶ
1414 1526 1663 1601 τρώγλην

112 1626 321 1680 ἀσπίδων
356 1624 567 1677 καὶ’ὲπί
600 1622 787 1692 κοίτην
813 1620 1053 1690 ἐγγόνων
1094 1619 1336 1674 ἀσπίδων
1386 1618 1484 1690 τὴν
1509 1621 1665 1689 χεῖρα

1760 532 1892 587 bent
1914 531 1971 584 in
2004 541 2151 585 terra
2181 535 2238 583 et
2270 528 2326 582 in
2363 528 2500 582 mari
2533 526 2795 584 Ecclesia}
2840 529 2950 585 Deo
2974 544 3049 584 en
3075 544 3345 583 memera-

1760 623 1831 677 tis
1865 622 2199 692 pauperibus
2228 620 2718 682 constituerentur.
2757 619 3055 675 secundum
3098 620 3211 673 haec
3247 620 3335 672 οιιο

1760 715 1908 768 ditur
1940 732 1953 767 :
1990 731 2009 764 ι
2048 724 2101 768 et
2129 719 2274 767 terra
2306 720 2360 767 et
2391 727 2542 767 mare
2579 722 2633 767 et
2655 712 2840 766 omnia
2868 712 3081 780 reptilia
3107 712 3161 765 in
3193 711 3295 765 cis.
3319 728 3340 762 ι

1761 807 1893 872 Quae
1925 806 2142 875 reptilia
2173 805 2226 858 in
2255 812 2401 859 terra
2423 811 2478 859 et
2510 806 2565 859 in
2610 803 2749 858 mari
2802 820 2906 857 una
2947 820 3070 857 cum
3109 812 3256 857 terra
3291 810 3346 855 et

1760 898 1901 951 caelo
1941 897 2167 951 laudare
2213 896 2505 965 iubentur,
2547 903 2737 966 gentes
2760 904 2909 959 sunt,
2956 912 3077 965 qua:
3105 896 3235 949 olim
3289 896 3344 949 in

1762 988 1979 1043 mortali
2004 987 2286 1042 hominum
2322 989 2432 1042 vita
2450 988 2725 1059 reptilium
2759 987 2933 1041 instar
2959 1001 3121 1057 supra
3152 992 3347 1056 pectus

1763 1090 1816 1135 et
1867 1089 2106 1135 ventrem
2140 1079 2549 1151 gradiebantur.
2605 1078 2662 1134 lu
2698 1081 2840 1135 Isaia
2887 1095 3107 1150 quoque
3144 1079 3269 1135 fera:
3290 1086 3345 1133 ct

1762 1173 1976 1242 reptilia
2026 1173 2322 1243 allegorico
2354 1188 2505 1229 more
2536 1180 2727 1243 gentes
2762 1180 3046 1236 vocantur,
3100 1186 3227 1226 cum
3258 1171 3342 1232 dii-

1763 1267 1909 1321 citur
1939 1285 1952 1321 :
1994 1284 2012 1318 ε
2052 1264 2119 1319 Et
2148 1273 2337 1335 pascet
2361 1265 2522 1335 lupus
2559 1281 2683 1321 cum
2714 1280 2875 1335 agno.
2904 1272 2957 1319 et
2978 1263 3185 1334 pardus
3215 1278 3341 1319 cum

1766 1357 1919 1413 htedo
1948 1356 2259 1420 accubabit,
2301 1363 2355 1411 et
2390 1356 2478 1411 leo
2513 1358 2673 1426 quasi
2715 1356 2815 1412 bos
2859 1355 3109 1411 comedet
3132 1356 3339 1426 paleas.

1766 1446 1830 1501 Et
1862 1463 1998 1517 puer
2025 1444 2207 1503 infans
2241 1448 2294 1501 in
2327 1446 2536 1502 foveam
2595 1447 2868 1517 aspidum,
2900 1456 2959 1502 et
2984 1449 3037 1502 in
3074 1449 3253 1503 cubile
3278 1450 3343 1504 li-

1766 1539 1965 1592 liorum
2028 1537 2279 1605 aspidum
2338 1554 2562 1592 manum
2612 1539 2854 1608 injiciet;
2886 1548 2941 1594 et
2984 1540 3118 1595 nihil
3147 1538 3344 1594 laedent

1765 1647 1887 1685 cum
1922 1632 1987 1684 “.
2029 1649 2047 1682 ι
2087 1630 2218 1697 Quae
2258 1631 2361 1685 sub
2394 1631 2509 1685 haec
2546 1632 2831 1702 explicans
2857 1632 3059 1689 infert-2
3093 1651 3111 1685 ι
3140 1631 3207 1685 Ει
3237 1633 3343 1688 erit

111 1716 345 1779 ἐπιϐαλεῖ,
373 1715 468 1767 καί
488 1715 551 1767 οὐ
596 1714 669 1784 μὴ
700 1714 1105 1784 ἀδικήσουσινοι
1131 1711 1167 1766 ἃ
1188 1712 1282 1765 καί
1296 1710 1602 1783 διερμηνεύι

1849 1722 1921 1775 lis
1949 1719 2138 1785 Jessae.
2168 1730 2223 1776 et
2254 1722 2347 1791 qui
2366 1722 2543 1793 surgit
2575 1724 2639 1777 ad
2658 1724 3035 1792 imperandum
3065 1724 3340 1796 gentibus,

110 1808 213 1875 ἑξῆς
238 1810 263 1860 ὁ
283 1807 433 1871 λόγος
473 1806 744 1877 ἐπιφέρει·
782 1822 800 1855 ι
828 1806 938 1858 Καὶ
966 1803 1118 1857 ἔσται
1173 1804 1208 1875 ή
1246 1801 1370 1874 ῥίζα
1400 1800 1495 1855 τοῦ
1529 1800 1601 1854 Ἰει

1850 1820 1973 1859 eum
2009 1814 2197 1876 gentes
2237 1786 2535 1875 sperabunt
2550 1808 2616 1862 ⁸⁷.
2650 1827 2669 1860 ι
2709 1786 3340 1881 Tantaigiturvgentiurn

110 1898 184 1950 σαὶ
204 1897 289 1949 καί
323 1898 350 1949 ὁ
381 1896 741 1963 ἀνιστάμενος
776 1893 966 1965 ἄρχειν
1012 1892 1202 1960 ἐθνῶν,
1256 1892 1320 1945 ἐν
1356 1888 1505 1960 αύτῷ
1534 1889 1659 1963 ἔθνη

104 1986 371 2041 ἰλπιοῦσι.»
400 1985 516 2056 Τῆς
538 1982 632 2039 οὖν
663 1983 964 2055 μεταϐολῆς
1000 1981 1206 2053 ταύτης
1242 1981 1353 2034 τῶν
1382 1979 1551 2034 ἐθνῶν
1570 1980 1664 2035 ἐπὶ

104 2078 157 2149 τῇ
185 2075 271 2129 τοῦ
313 2075 553 2146 Χριστοῦ
584 2074 859 2147 παρουσίᾳ
900 2072 1251 2145 γιγνομένης,
1298 2070 1524 2134 εἰκότως
1564 2071 1663 2124 σὺν

100 2167 287 2243 οὐρανῷ
347 2168 443 2222 καί¹
491 2170 605 2231 τοῖς
643 2169 763 2221 κατ’
800 2166 1030 2238 οὐρανὸν
1077 2164 1329 2234 ἀγγέλοις
1364 2163 1433 2216 τά
1471 2162 1662 2217 ἀποδο-

103 2261 237 2314 θέντα
283 2261 490 2333 ἑρπετὰ
541 2262 711 2313 αἰνεῖν
764 2260 1161 2330 προστάττεται
1212 2257 1305 2309 τὸν
1366 2257 1522 2311 Θεόν.
1572 2256 1664 2309 Διὸ

99 2353 338 2407 λέλεκται·
374 2379 391 2404 ι
420 2352 805 2406 Αἰνεσάτωσαν
853 2350 1014 2405 αὐτὸν
1058 2349 1275 2421 ούρανοί
1305 2349 1395 2402 καὶ
1436 2348 1530 2418 γῆ,
1570 2347 1665 2400 θά-

98 2443 249 2496 λασσα
282 2446 370 2496 καὶ
422 2445 608 2496 πάντα
645 2441 713 2494 τὰ
768 2441 1009 2512 ἐρποντα
1040 2442 1099 2492 ἐν
1149 2439 1389 2501 αὐτοῖς.»
1435 2438 1558 2501 Πῶς
1607 2437 1664 2490 δὲ

96 2534 294 2588 δύναται
325 2535 416 2588 τὸν
447 2534 585 2587 Θεὸν
626 2536 795 2587 αἰνεῖν
825 2532 894 2585 τὰ
934 2532 1159 2603 ἑρπετὰ,
1200 2534 1246 2584 εἰ
1290 2531 1364 2602 μὴ
1409 2530 1665 2601 μετάσχοι

97 2630 385 2699 φρονήσεως
415 2629 515 2695 καί
572 2625 706 2679 Θεοῦ
765 2623 1053 2695 γνώσεως;
1107 2624 1315 2677 Οὐκοῦν
1368 2623 1519 2676 θύσει
1565 2622 1664 2694 τὴν

94 2722 262 2774 θυσίαν
289 2723 388 2793 τῆς
427 2720 691 2783 αἰνέσεως
731 2720 825 2773 καί
852 2718 922 2771 τά
949 2717 1157 2789 ἑρπετά
1181 2733 1196 2782 ;
1227 2718 1347 2770 Ὅτι
1369 2717 1425 2770 δὲ
1452 2716 1662 2787 ἀνθρώ-

94 2829 210 2876 πους
237 2814 322 2866 διὰ
355 2813 569 2867 τούτων
602 2813 918 2874 αἰνίττεται,
942 2811 1184 2865 διδάσκει
1214 2810 1274 2863 τὸ
1305 2809 1655 2877 Εύαγγέλιον,

1765 1898 2068 1952 mutatione
2099 1897 2151 1951 in
2186 1898 2418 1952 adventu
2451 1898 2653 1953 Christi
2678 1900 2889 1967 effecta,
2907 1900 3029 1969 jure
3054 1916 3177 1955 cum
3201 1900 3342 1956 coelo

1765 1988 1910 2043 etiis
1929 1988 2023 2057 qui
2056 1988 2111 2043 in
2164 1988 2304 2043 coelo
2355 1998 2483 2045 sunt
2541 1990 2750 2062 angelis
2813 1992 3072 2062 pnedicta
3127 1993 3343 2062 reptilia

1770 2078 1934 2133 Deum
1979 2078 2187 2133 laudari
2220 2078 2503 2150 iubentur.
2537 2080 2718 2147 Quare
2745 2080 2951 2136 dictum
2981 2095 3107 2138 est:
3139 2100 3157 2135 ι
3192 2079 3339 2137 Lau—

1765 2170 1894 2225 dent
1925 2172 2077 2225 illum
2117 2172 2240 2226 coeli
2275 2181 2330 2228 et
2360 2180 2530 2236 terra,
2566 2188 2717 2227 mare
2748 2180 2805 2227 et
2844 2175 3027 2228 omnia
3045 2174 3259 2244 reptilia
3285 2174 3342 2227 in

1764 2262 1866 2316 eis.
1898 2280 1916 2312 ι
1956 2262 2244 2328 Quomodo
2275 2273 2505 2333 possunt
2522 2265 2736 2335 reptilia
2767 2264 2935 2319 Deum
2971 2265 3211 2333 laudare,
3234 2264 3348 2322 nisi

1766 2352 2054 2421 prudentia
2085 2362 2139 2408 et
2172 2356 2485 2423 cognitione
2518 2354 2612 2410 Dei
2667 2355 2938 2410 instructa
2961 2354 2987 2408 ?
3012 2356 3092 2409 An
3127 2356 3347 2427 reptilia

1766 2445 2097 2499 sacrificium
2128 2447 2307 2500 laudis
2354 2446 2618 2502 offerent?
2681 2446 2837 2514 Quod
2897 2449 3185 2518 reptilibus
3234 2448 3347 2505 illis

1766 2535 2017 2591 homines
2044 2538 2479 2604 subindicentur,
2519 2544 2680 2594 docet
2714 2539 3064 2609 Evangelium
3099 2539 3183 2595 his
3220 2554 3347 2594 vero

1761 2629 1846 2685 bis
1878 2646 1890 2682 :
1928 2652 1945 2681 ι
1976 2629 2262 2686 Genimina
2299 2634 2634 2702 viperarum,
2666 2634 2791 2702 quis
2822 2648 2919 2687 vos
2934 2632 3125 2686 docuit
3155 2629 3349 2701 fugere

1759 2736 1788 2774 a
1828 2730 2053 2776 ventura
2089 2725 2215 2778 ira?
2266 2723 2453 2779 Facite
2501 2739 2629 2794 ergo
2676 2723 2888 2779 fructus
2934 2723 3133 2794 dignos
3168 2721 3345 2793 pinni-

1757 2816 1941 2869 tentia:
1964 2816 2029 2869 η.
2072 2835 2089 2868 ι
2798 2812 2806 2820 ’

89 2906 139 2958 ἐν
161 2902 201 2974 ᾧ
226 2908 562 2979 γέγραπται·
612 2926 629 2958 t
666 2907 983 2975 Γεννήματα
1010 2904 1252 2975 ἐχιδνῶν,
1276 2905 1360 2968 τίς
1391 2903 1668 2971 ὑπέδειξεν
1703 2906 1832 2978 ὑμῖν
1867 2913 2056 2981 φυγεῖν
2084 2910 2192 2965 ἀπδ
2217 2912 2315 2983 τῆς
2347 2910 2645 2983 μελλούσης
2671 2910 2873 2984 ὀργῆςς
2924 2911 3192 2981 Ποιήσατε
3249 2903 3349 2962 οὖν

90 3001 316 3071 καρποὺς
348 3001 543 3067 ἀξίους
569 3001 875 3072 μετανοίας.
902 3018 920 3051 ι

154 3122 300 3173 «Ὅτι
320 3119 504 3185 όΘεὺς
536 3119 696 3173 σώσει
723 3120 821 3189 τὴν
850 3118 1008 3180 Σιὼν,
1028 3119 1119 3171 καί
1139 3118 1645 3190 οἰκοδομηθήσονται

1852 3116 1997 3172 fans.
2025 3116 2114 3181 56,
2136 3117 2223 3171 37.
2256 3137 2273 3168 ι
2299 3115 2566 3182 Quoniam
2594 3115 2737 3171 Deus
2760 3115 2963 3169 salvam
2996 3115 3157 3172 faciet
3184 3118 3343 3183 Sion,

84 3214 133 3266 αἰ
172 3212 349 3276 πόλεις
383 3214 489 3284 τῆς
550 3212 862 3276 Ἰουδαίας.»
919 3212 1108 3265 Αἰτίαν
1156 3213 1448 3266 ἀποδίδωσι
1505 3213 1659 3285 δι’ῆν

83 3305 286 3376 οὐρανοὶ
321 3306 423 3359 καὶ
472 3304 549 3374 γῆ
588 3305 682 3357 καὶ
724 3304 965 3357 θάλασσα
1009 3304 1101 3357 καί
1153 3304 1328 3357 πάντα
1353 3304 1421 3357 τὰ
1461 3306 1519 3356 ἐν
1565 3307 1663 3358 αύ-

82 3398 181 3459 τοῖς
211 3396 453 3450 αἰνέσειν
512 3397 762 3463 λέγονται
812 3396 904 3448 τὸν
947 3396 1100 3450 Θεόν.
1137 3397 1198 3449 Ἠ
1231 3396 1286 3449 δὲ
1319 3397 1467 3451 αἰτία
1515 3399 1660 3452 ἐστὶν

80 3488 229 3558 αῦτη,
274 3509 293 3540 t
319 3491 449 3544 Ὀτι
485 3492 515 3543 ὁ
546 3488 679 3551 Θεὸς
710 3486 875 3541 σώσει
929 3488 1027 3560 τὴν
1058 3487 1216 3553 Σιὼν,
1243 3490 1337 3543 καί
1378 3491 1663 3563 οἰκοδομη-

80 3574 325 3648 θήσονται
370 3580 432 3632 αἰ
497 3578 683 3641 πόλεις
744 3577 1053 3641 Ἰουδαίας.»
1107 3579 1273 3632 Ποίαν
1332 3580 1388 3633 δὲ
1423 3580 1581 3649 Σιὼν,
1627 3583 1661 3653 ἧ

76 3667 305 3739 δηλονότι
335 3670 443 3741 τὴν
471 3670 595 3723 καθ’
624 3668 752 3741 ὅλης
772 3670 871 3740 τῆς
892 3670 1211 3741 οἰκουμένης
1239 3670 1539 3742 ἱδρυθεῖσαν
1568 3672 1662 3727 τοῦ

78 3760 319 3832 Σωτῆρος
365 3762 537 3834 ήμῶν
581 3761 1156 3832 Ἐκκλησίαν;Πόλεις
1201 3762 1259 3814 δέ
1305 3764 1561 3828 Ἰουδαίας
1590 3764 1666 3837 μὴ

74 3850 212 3905 δκνει
264 3854 459 3922 λέγειν
508 3853 608 3916 τὰς
651 3851 1042 3916 θεοπνεύστους
1097 3853 1134 3903 Γ
1142 3852 1339 3924 ραιράς,
1399 3854 1467 3907 δι’
1521 3850 1661 3927 ὦνή

89 3942 345 4016 Ἰουδαῖκὴ
378 3944 633 3997 πολιτεία
688 3943 1016 3997 τετύπωται.
1078 3943 1218 3997 Ἀλλ’
1271 3936 1429 3998 αὗται
1466 3946 1564 4016 μὲν
1609 3949 1665 4001 αἰ

75 4035 248 4098 πόλεις
281 4036 632 4108 καθῄρηντο,
664 4036 786 4088 ὅσον
828 4036 921 4087 ἐπὶ
963 4035 1259 4100 Ἰουδαίοις,
1295 4036 1580 4108 οἰκοδομὴν
1609 4037 1665 4091 δὲ

75 4127 324 4198 εἰλήφασι
358 4129 455 4182 διὰ
489 4130 591 4199 τῆς
624 4132 681 4183 ἐν
710 4130 930 4201 Χριστῷ
961 4131 1155 4202 καινῆς
1186 4131 1557 4195 διδασκαλίαςτ
1598 4133 1665 4186 δι’

69 4214 132 4287 ἧς
160 4218 255 4271 καὶ
282 4221 319 4291 ή
344 4218 585 4291 ἀληθινὴ
610 4218 878 4290 περιτομὴ
910 4221 1243 4283 συνίσταται,
1282 4220 1379 4275 καὶ
1407 4220 1478 4274 τὰ
1508 4239 1669 4274 πνευ-

72 4309 276 4377 ματικὰ
334 4309 621 4373 Σάϐϐατα,
667 4311 763 4363 καὶ
820 4312 877 4365 αἱ
932 4310 1300 4381 πνευματικαί
1346 4311 1527 4365 θυσίαι
1576 4313 1670 4366 καὶ

1759 3217 1811 3262 et
1852 3206 2268 3261 :edificabuntur
2297 3206 2550 3259 civitates
2601 3203 2819 3258 Iudaea}.
2866 3224 2883 3257 ι
2922 3205 3155 3260 Causam
3182 3207 3338 3263 eﬂ‘ert

1760 3298 2026 3361 curcazli,
2094 3305 2263 3361 terra,
2320 3311 2471 3350 mare
2504 3304 2559 3350 et
2590 3296 2770 3349 omnia
2833 3312 2953 3366 quae
2993 3296 3047 3351 in
3103 3298 3185 3353 eis
3217 3307 3351 3354 sunt

1764 3390 1931 3446 Deum
1962 3391 2249 3445 laudatura
2271 3406 2394 3444 esse
2422 3388 2694 3443 dicantur.
2734 3387 2809 3442 Ea
2846 3404 2974 3444 vero
2999 3397 3081 3444 est
3107 3407 3121 3443 :
3159 3408 3180 3442 ι
3201 3388 3347 3459 Quo-

1762 3484 1910 3536 niam
1950 3483 2091 3537 lleus
2117 3482 2323 3537 salvam
2358 3479 2521 3533 faciet
2552 3478 2709 3545 Sion,
2742 3487 2795 3533 et
2822 3479 3239 3533 azdiﬁcabuntur
3263 3497 3345 3534 c1-

1761 3578 1959 3632 vitates
1990 3574 2208 3629 Judaeae.
2234 3592 2252 3624 ι
2286 3572 2461 3639 Quam
2482 3570 2701 3627 Sionem
2736 3571 2888 3635 dicit,
2915 3571 3019 3626 nisi
3048 3570 3345 3625 Ecclesiam

1767 3664 2079 3721 Servatoris
2114 3662 2287 3719 nostri
2335 3663 2389 3716 in
2426 3668 2541 3716 toto
2569 3660 2702 3714 orbe
2728 3658 3054 3713 fundatam?
3085 3661 3352 3717 Civitates

1766 3764 1947 3811 autem
1982 3754 2183 3809 Judtea:
2206 3770 2275 3808 ne
2317 3750 2597 3807 cuncteris
2627 3750 2811 3805 dicere
2841 3750 3106 3804 divinitus
3137 3750 3349 3809 aﬂlatas

1768 3844 2105 3915 Scripturas,
2128 3844 2285 3913 queis
2313 3841 2623 3894 Judzeorum
2658 3839 2968 3908 respublica
2994 3837 3343 3895 informatur.

1770 3936 1876 3993 Sed
1926 3937 2009 3991 lue
2068 3936 2291 4005 quidem
2350 3933 2624 3996 civitates,
2692 3939 2957 4001 quantum
3012 3931 3078 3985 ad
3127 3929 3351 3987 Judmos

1769 4028 2082 4099 spectat,de
2106 4026 2285 4081 medio
2316 4025 2542 4079 sublata:
2560 4031 2715 4090 sunt;
2748 4024 2841 4078 sed
2872 4023 3052 4077 denuo
3072 4023 3349 4079 aedificatae

1769 4139 1866 4193 per
1898 4137 2092 4177 novam
2125 4121 2179 4175 in
2200 4120 2417 4175 Christo
2456 4119 2759 4174 doctrinam
2796 4118 2966 4181 fuere,
3004 4133 3110 4188 qua
3140 4127 3193 4173 et
3219 4134 3349 4174 vera

1771 4209 2119 4265 circumcisio
2172 4208 2450 4272 consistit,
2493 4223 2707 4262 necnon
2745 4208 3051 4278 spiritualia
3086 4208 3344 4270 Sabbata.

1772 4302 2085 4374 spirituales
2112 4302 2306 4356 hostiae
2344 4310 2398 4355 et
2423 4301 2748 4372 omniaquae
2790 4302 2904 4355 haec
2937 4310 3353 4369 consequuntur

68 4400 244 4452 πάντα
272 4400 507 4463 τούτοις
549 4397 858 4461 ἀκολούθως
904 4398 1048 4452 κατά
1083 4399 1184 4469 τὴν
1235 4397 1531 4468 ἑρμηνείαν

1857 4394 2075 4448 :undum
2126 4394 2629 4463 interpretationem
2686 4394 2988 4464 spiritualis
3038 4395 3190 4464 legis.
3257 4392 3348 4447 Sic

70 4491 457 4561 πνευματικοῦ
486 4490 672 4561 νόμου.
693 4489 881 4554 Οὕτως
905 4486 1001 4543 οὖν
1030 4489 1439 4559 οἰκοδομοῦνται
1491 4489 1547 4542 αἱ

1855 4501 1960 4555 que
1983 4484 2325 4540 :cdiﬁcantur
2352 4486 2607 4539 civitates
2625 4484 2850 4552 Judzeae,
2882 4487 2936 4541 in
2967 4486 3157 4557 eisque
3192 4486 3346 4540 inha-

66 4581 172 4645 λεις
201 4584 308 4654 τῆς
352 4583 646 4645 Ἰουδαίας,
688 4582 784 4635 καί¹
828 4583 1253 4651 κατοικήσουσιν
1294 4581 1351 4632 ἐν
1394 4580 1584 4643 αὐταῖς
1619 4581 1668 4633 οί

68 4672 281 4725 πολῖται
306 4673 411 4726 καὶ
438 4674 494 4725 οἰ
525 4672 851 4743 κληρονόμοι
881 4669 990 4723 τῶν
1010 4672 1066 4722 ἐν
1086 4672 1207 4731 ταῖς
1230 4669 1405 4731 θείαις
1426 4669 1669 4739 Γραφαίς

1771 4581 2025 4635 bitabunt
2056 4580 2204 4633 cives
2237 4587 2291 4633 et
2323 4579 2568 4635 haeredes
2604 4580 2999 4649 promissorum
3036 4595 3156 4649 quae
3185 4579 3238 4633 in
3266 4580 3349 4633 di-

1772 4671 1915 4724 vinis
1965 4670 2268 4739 Scripturis
2311 4669 2582 4724 feruntur.
2613 4671 2795 4736 Quare
2823 4671 3028 4725 dictum
3077 4681 3161 4725 est
3188 4684 3200 4720 :
3231 4688 3248 4721 (
3283 4669 3350 4723 Et

64 4765 533 4835 ἑπηγγελμένωψ
560 4764 640 4817 διὸ
672 4764 945 4818 λέλεκται·
981 4782 1001 4815 t
1035 4763 1145 4815 Καὶ
1174 4762 1555 4833 κληρονομήσοε

1857 4759 2168 4815 reditabunt
2201 4760 2368 4814 illam.
2409 4780 2430 4812 ›
2463 4758 2569 4814 Sed
2593 4760 2757 4815 etiam
2793 4778 2811 4811 ι
2850 4774 3033 4815 semen
3067 4774 3345 4814 servorum

65 4856 292 4927 αὑτήν.)
344 4856 522 4909 Ἀλλά
560 4858 656 4911 καὶ
712 4875 735 4907 ι
769 4857 828 4910 τὸ
858 4858 1079 4929 σπέρμα
1111 4855 1220 4909 τῶν
1269 4856 1470 4909 δούλων
1504 4854 1668 4908 αὑτοῦ

64 4948 397 5015 καθέξουσιν
429 4950 625 5019 αὐτὴν.
648 4967 667 5000 ι
722 4948 906 5001 Δοῦλοι
940 4948 998 5000 δὲ
1043 4944 1209 5001 αὑτοῦ
1258 4948 1399 5010 τίνες
1430 4944 1495 4999 ἂν
1538 4941 1669 5008 εἷεν,

1773 4854 1894 4924 ejus
1917 4853 2216 4924 possidebit
2239 4869 2381 4909 eam.
2412 4871 2429 4903 ι
2463 4852 2615 4907 Servi
2644 4860 2823 4907 autem
2850 4852 2969 4921 ejus
2991 4852 3083 4923 qui
3124 4852 3348 4915 fuerint,

1780 4946 1886 5000 nisi
1914 4945 2057 4999 haud
2115 4944 2282 5000 dubie
2325 4943 2629 5000 Salvatoris
2664 4944 2837 4997 nostri
2862 4943 3140 5014 discipuli,
3184 4951 3239 4997 et
3275 4960 3356 4999 se-

62 5035 351 5107 ἥπάντως
380 5039 436 5090 οἰ
499 5038 594 5091 τοῦ
631 5037 883 5108 Σωτῆρος
925 5037 1084 5107 ήμῶν
1135 5036 1411 5107 μαθηταὶ,
1472 5036 1553 5088 καλ

1861 5052 1901 5089 τη
1929 5036 1985 5089 in
2009 5035 2269 5091 universo
2295 5037 2427 5090 orbe
2475 5051 2749 5105 sparsum,
2802 5035 2945 5105 quod
2977 5034 3352 5090 luereditatem

64 5130 290 5200 σπέρμα
319 5129 388 5181 τὸ
426 5129 555 5181 καθ’
593 5128 722 5199 ὅλης
772 5129 870 5198 τῆς
919 5128 1242 5198 οἰκουμένης
1299 5125 1669 5197 κατασπαρέν,

1779 5126 1836 5181 in
1870 5126 2071 5182 divinis
2131 5125 2433 5198 Scripturis
2492 5127 2820 5198 promissam
2866 5125 3165 5181 obtinebit?
3200 5125 3356 5190 lmo,

63 5218 198 5290 ὅπερ
244 5221 353 5290 τὴν
417 5218 788 5292 κληρονομίαν
837 5219 939 5290 τὴν
996 5218 1413 5289 ἐπηγγελμένην
1460 5219 1554 5271 ὲνπ

1863 5218 1939 5287 [ui
1971 5217 2206 5288 diligunt
2258 5232 2459 5271 nomen
2499 5217 2618 5286 ejus
2684 5217 3003 5271 habitabunt
3034 5218 3087 5270 in
3137 5232 3224 5281 ea,
3248 5236 3266 5269 ι
3304 5217 3354 5270 id

59 5309 239 5374 θείαις
267 5312 539 5383 Γραφαῖς
592 5310 843 5375 itaet-East;
889 5309 1048 5362 Ἀλλά
1080 5312 1176 5363 καὶ
1238 5328 1255 5361 ι
1284 5310 1331 5362 οἰ
1354 5308 1550 5378 ἀγαπῶ

1859 5329 1886 5375 μ,
1941 5309 1997 5365 in
2050 5326 2112 5364 ea
2151 5309 2484 5364 haereditate.
2543 5309 2756 5374 Quibus
2813 5308 3065 5363 dicetur:
3098 5306 3350 5368 «Venite.

60 5400 119 5451 τὸ
152 5399 342 5470 ὄνομα
372 5398 552 5451 αὐτοῦ
600 5396 1120 5470 κατασκηνώσουσιν
1156 5400 1213 5452 ἐν
1257 5397 1415 5468 αὐτῇ,
1448 5414 1467 5449 ι
1515 5396 1551 5449 δε

1860 5400 2050 5457 nedicti
2072 5400 2248 5455 Patris
2274 5401 2400 5462 mei,
2427 5400 2689 5469 pert-ipite
2738 5415 2965 5468 regnum
2999 5399 3156 5453 vobis
3193 5413 3351 5469 para-

59 5495 100 5547 δ’
133 5497 221 5548 ὅτι
254 5498 331 5565 τῇ
355 5494 731 5565 κληρονομίας
764 5490 847 5556 οἷς
891 5493 1232 5564 λεχθήσεται·
1274 5512 1291 5543 ι
1322 5492 1483 5544 Δεῦτε
1503 5493 1551 5543 οἱ
1583 5491 1670 5542 εύ-

59 5586 372 5658 λογημένοι
407 5585 514 5639 τοῦ
537 5586 747 5656 Πατρός
784 5603 905 5657 μου,
936 5585 1379 5656 κληρονομήσατε
1407 5585 1503 5653 τὴν
1529 5585 1672 5655 ἡτοι-

24 5790 31 5801 .
134 5743 179 5773 ⁸⁸
206 5740 325 5799 lsa.
356 5755 449 5806 XI,
489 5738 594 5794 6-9.
675 5739 978 5795 "ibid.lO.
1056 5738 1097 5766 “'
1122 5735 1253 5791 Luc.
1292 5752 1373 5803 ιιι,
1405 5737 1457 5792 8.

1776 5500 1892 5546 tutu
1921 5509 1951 5546 a
1983 5492 2375 5546 constitutione
2421 5491 2607 5546 mundi
2638 5492 2703 5542 ⁸⁸.
2757 5511 2775 5542 ι
2816 5489 2973 5556 Quod
3016 5490 3061 5543 si
3109 5487 3349 5544 cmleslis

1778 5583 1849 5637 sit
1879 5582 1970 5637 Dei
2003 5582 2193 5637 civitas
2230 5581 2382 5647 Sion,
2424 5581 2489 5638 dc
2517 5598 2622 5654 qua
2660 5582 2954 5653 Apostolus
2982 5582 3097 5637 haec
3121 5580 3306 5637 docuit
3333 5594 3347 5631 :

1535 5738 1576 5767 θ’
1611 5733 1798 5789 Matth.
1833 5752 1956 5801 xxv,
1984 5734 2068 5788 54.
