3776 6284
160 325 257 382 Τίδ
289 350 297 359 ·

1248 331 1749 392 COMMENTARIA
1789 337 1853 394 IN
1892 340 2231 401 PSALM()S.

3263 359 3375 416 ττι

162 435 255 511 πρὸ
286 433 433 489 αὐτοῦ
471 432 852 505 τεταγμένοις,
893 437 986 493 διὰ
1036 440 1098 493 τὸ
1135 444 1332 516 πολλὴν
1372 447 1509 519 πρὸς
1554 450 1680 503 αὐτὸ

1798 454 1916 509 beat
1968 457 2302 518 aﬁinitatem.
2360 461 2494 519 Nam
2556 467 2609 522 in
2674 472 2997 540 praecedenti
3045 473 3372 533 dicebatur:

164 527 327 593 σώζειν
353 525 655 579 ἀκολουθίαν
676 541 690 555 ’
720 527 777 579 ἒν
819 529 948 597 γοῦν
981 531 1058 602 τῷ
1088 533 1191 605 πρὸ
1221 537 1409 591 τούτου
1436 539 1652 609 ἐλέγετο
1672 558 1688 573 ⁶

162 642 178 674 ι
214 620 263 675 '0
281 619 417 682 Θεὸς,
458 618 535 681 εἰς
554 618 652 688 τὴν
685 618 934 692 βοήθειάν
966 641 1066 695 μου
1097 626 1349 698 πρόσχες.
1383 631 1690 704 Αἰσχυνθή-

156 726 307 765 τωσαν
350 708 438 762 καὶ
482 709 905 780 ἐντραπήτωσαν
942 715 992 766 οἰ
1038 715 1324 785 ζητοῦντες
1370 720 1468 791 τὴν
1510 722 1691 795 ψυχήν

155 820 258 875 μου.
289 800 779 873 Ἀποστραφείησαν
811 806 892 868 εἰς
932 806 996 859 τὰ
1026 808 1201 861 ὀπίσω
1241 811 1333 865 καὶ
1359 830 1688 887 καταισχυν-

153 895 346 965 θείησαν
380 893 427 945 οἱ
467 890 776 965 βουλόμενοί
808 914 897 967 μοι
931 899 1107 952 κακά’
1146 919 1164 950 ι
1203 903 1295 955 καὶ
1329 903 1386 955 ὲν
1411 908 1521 969 τοῖς
1553 906 1691 977 μετὰ

151 987 311 1059 χεῖρας
335 984 389 1038 δὲ
422 985 623 1057 προῖὼν
662 988 690 1041 ὁ
718 988 873 1058 λόγος
904 993 1024 1054 ταῖς
1056 993 1249 1057 αὑταῖς
1286 996 1549 1069 κέχρηται
1580 1017 1691 1069 φω-

150 1081 249 1140 ναῖς
269 1077 428 1146 λέγων
447 1095 459 1107 ’
490 1095 509 1128 ι
532 1078 589 1131 '0
619 1078 771 1144 Θεδς,
800 1082 880 1145 εἰς
903 1082 999 1154 τὴν
1020 1082 1272 1156 βοήθειάν
1300 1105 1401 1158 μου
1428 1090 1686 1161 πρόσχες,

148 1169 561 1241 αἰσχυνθείησανσ
596 1190 613 1222 ι
660 1174 753 1225 καὶ
797 1174 865 1228 τὰ
903 1174 1062 1229 λοιπά
1092 1178 1148 1230 δὲ
1182 1180 1279 1249 τῆς
1306 1182 1475 1253 αὐτῆς
1508 1183 1686 1254 ἔχεται

145 1262 368 1324 διανοίας,
396 1264 471 1325 εἰς
506 1261 705 1328 πλάτος
737 1268 1113 1338 ὲκτεινομένου
1142 1273 1236 1324 τοῦ
1266 1273 1425 1340 λόγου
1462 1275 1549 1329 διὰ
1579 1276 1686 1330 τῶν

146 1354 485 1425 προκειμένων
504 1396 519 1419 ,
555 1355 697 1427 ειπερ
723 1358 822 1410 οὑκ
854 1360 962 1412 ἀπὸ
994 1362 1196 1416 σκόπου
1223 1365 1287 1417 ἄν
1313 1383 1395 1428 τις
1420 1366 1560 1420 εἴποι
1589 1368 1688 1440 ἁρ-

145 1448 304 1515 μόζειν
323 1446 395 1517 τῷ
418 1449 594 1517 Πατρί
615 1467 626 1478 ·
663 1450 761 1503 Διά
780 1468 837 1503 τε
868 1451 935 1503 τό
952 1451 1207 1521 λέγεσθαι
1245 1457 1301 1509 ὲν
1333 1458 1502 1529 αύτῷ·
1534 1460 1686 1512 (Ὅτι

144 1540 196 1592 σὺ
219 1534 313 1609 εἷή
343 1540 585 1612 ὑπομονή
624 1560 746 1611 μου,
780 1543 977 1614 Κύριε,
1012 1546 1202 1617 Κύριε,
1234 1550 1267 1619 ἡ
1301 1549 1453 1613 ἐλπίς
1488 1569 1587 1622 μου
1622 1554 1686 1605 ἐκ

140 1632 355 1701 νεότητός
390 1650 488 1702 μου
516 1650 529 1664 ⁸
564 1653 581 1684 ι
618 1635 755 1688 αὐτὰ
781 1636 885 1708 γὰρ
907 1638 1081 1692 ταῦτα
1112 1640 1169 1691 ὲν
1203 1642 1297 1693 καὶ
1322 1640 1399 1711 τῷ
1444 1641 1528 1693 κα¹
1558 1640 1687 1711 ψαλ-

139 1722 209 1792 μῷ
234 1722 286 1787 ἐξ
308 1723 465 1777 αὐτοῦ
497 1725 788 1796 προσώπου
820 1728 1036 1797 ἐλέγετο
1057 1732 1115 1782 ἐν
1145 1730 1382 1796 τούτοις⁸
1424 1751 1441 1784 ι
1474 1734 1592 1786 Ὀτι
1621 1735 1683 1789 σὺ

135 1810 219 1867 εἷὸ
246 1817 521 1881 ἐκσπάσας
550 1835 615 1889 με
650 1820 714 1871 ἐκ
752 1819 986 1890 γαστρός
1007 1836 1019 1848 ’
1053 1840 1071 1871 ι
1110 1821 1203 1875 καὶ
1247 1822 1315 1875 τὰ
1344 1822 1490 1895 ἑξῆς.
1527 1824 1687 1877 Ἀλλά

128 1906 213 1956 καὶ
241 1904 293 1956 τὸ
326 1902 449 1976 ἑξῆς
482 1907 874 1979 ἐπιλεγόμενον
895 1911 952 1962 ὲν
982 1913 1047 1981 τῇ
1087 1911 1223 1981 μετὰ
1250 1916 1439 1985 χεῖρας
1474 1933 1684 1987 προφη-

122 1997 232 2069 τεία
255 1998 307 2051 ἐν
336 1996 429 2067 τῷ,
465 2016 483 2048 ι
531 1998 587 2052 'O
618 2000 750 2064 Θεός
780 2019 904 2072 μου,
949 2002 1024 2074 μὴ
1076 2004 1446 2078 ὲγκαταλίπῃς
1470 2025 1558 2078 με,
1578 2010 1682 2071 ἓως

124 2088 182 2140 ἂν
210 2086 489 2156 ἀπαγγελῶ
516 2089 605 2144 τὸν
638 2091 898 2163 βραχίονα
928 2112 1019 2147 σου
1048 2099 1112 2167 τῇ
1137 2100 1298 2169 γενεᾷ
1328 2100 1476 2171 πάσῃ
1501 2103 1564 2172 τῇ
1594 2102 1683 2174 ἐρ-

130 2181 323 2253 χομένῃ,
349 2202 365 2233 ι
391 2184 735 2255 ἰσοδυναμεῖν
760 2184 900 2239 ἔοικε
920 2186 996 2257 τῷ
1018 2189 1074 2239 ὲν
1097 2190 1183 2242 κα¹
1199 2190 1398 2262 ψαλμῷ
1421 2194 1680 2261 φάσκοντι

121 2268 248 2339 λόγῳ
264 2287 276 2300 ε
299 2290 317 2321 ι
339 2272 638 2345 ’Δναγγελή
648 2292 799 2328 σεται
816 2275 891 2346 τῷ
908 2278 1097 2348 Κυρίῳ
1118 2280 1279 2347 γενεά
1300 2283 1331 2351 ἠ
1353 2282 1639 2356 ἐρχομένη.
1656 2301 1673 2335 ι

124 2358 341 2430 ’Πρόσχες
385 2363 492 2435 γὰρ
533 2364 778 2435 ἀκριϐῶς
817 2368 964 2432 ὅπως
994 2369 1053 2420 ὲν
1080 2370 1275 2441 ἐκείνῳ
1310 2372 1407 2442 μὲν
1437 2373 1675 2443 ἐλέγετο,

124 2472 142 2502 ι
153 2455 420 2530 Ἀναγγελή
430 2476 485 2511 σε
494 2477 585 2513 ται
597 2461 675 2530 τῷ
689 2463 880 2533 Κυρίῳ
894 2465 1054 2532 γενεὰ
1068 2467 1099 2534 ή
1125 2466 1414 2538 ἐρχομένη,
1429 2468 1512 2522 »ἓν
1526 2468 1581 2522 δὲ
1600 2469 1679 2540 τῷ

115 2552 439 2622 ’προκειμένῳ
460 2592 474 2614 ,
522 2573 539 2604 ‹
578 2556 720 2618 Ἕως
751 2555 815 2608 ἂν
849 2557 1145 2626 ἀπαγγελῶ
1167 2561 1259 2615 τὸν
1294 2560 1553 2634 βραχίονά
1582 2581 1677 2617 σου

112 2641 175 2710 τῇ
199 2644 347 2713 γενεᾷ
371 2646 525 2719 πᾶσῃ
548 2650 612 2717 τῇ
647 2648 938 2721 ἐρχομένῃ.
977 2669 994 2700 ι
1035 2651 1192 2705 Ἀλλά
1231 2655 1326 2707 καὶ
1358 2655 1458 2726 τὴν
1492 2655 1557 2708 ὲκ
1588 2674 1677 2709 νε-

122 2731 243 2801 κρῶν
262 2735 553 2790 ἀνάστασιν
571 2739 732 2792 αὑτοῦ
750 2741 935 2810 σαφῶς
950 2744 1276 2815 παρίστησιν
1295 2747 1326 2817 ἡ
1343 2745 1478 2816 μετά
1489 2749 1677 2820 χεῖρας

114 2827 392 2896 προφητεία
421 2829 658 2898 λέγουσα
675 2830 733 2897 ἐξ
756 2833 919 2886 αὑτοῦ
940 2835 1231 2906 πφσὼπου
1249 2852 1261 2866 ·
1293 2855 1310 2887 ι
1335 2838 1391 2889 '0
1406 2838 1557 2903 Θεὸς,
1592 2840 1678 2903 τίς

116 2912 271 2983 ὅμοιός
300 2921 560 2985 σοιςόσας
591 2922 796 2989 ἔδειξας
814 2942 903 2995 μοι
933 2924 1139 2995 θλίψεις
1156 2926 1353 2990 πολλὰς
1380 2929 1472 2981 καὶ
1500 2930 1677 2993 κακὰς

116 3007 194 3057 καὶ
212 3009 533 3083 ἐπιστρέψας
563 3014 932 3087 ὲζωοποίησάς
955 3034 1042 3087 με,
1066 3017 1289 3071 καὶτῶν
1308 3020 1561 3088 ἀναγκῶν
1575 3022 1673 3092 τῆς

112 3099 200 3168 τῆς
214 3102 360 3155 πάλιν
372 3106 649 3177 ἀνήγαγές
664 3124 728 3177 με
747 3124 760 3172 ;
788 3128 805 3160 ι
828 3109 941 3161 Εἶτ’
956 3105 1047 3162 οὖν
1061 3110 1126 3162 ὲκ
1146 3110 1434 3180 προσώπου
1451 3112 1545 3165 τοῦ
1564 3115 1676 3166 Σωνο

1798 562 1816 594 ι
1850 544 2014 612 Deus,
2046 548 2101 603 in
2128 549 2461 619 adjutorium
2493 570 2673 612 meum
2710 561 2929 618 intende
2952 605 2966 623 .
3020 564 3351 623 Confundan

1792 643 1881 690 tur
1931 645 1985 693 et
2035 653 2385 697 revereantur
2432 648 2525 716 qui
2578 663 2827 719 quaarunt
2881 656 3117 710 animam
3170 674 3370 716 mram.

1790 725 2118 785 Avertantur
2172 740 2474 791 retrorsum
2532 746 2585 793 et
2632 742 2961 799 erubescant
3024 750 3116 818 qui
3182 753 3377 807 volunt

1791 818 1922 872 mihi
1954 822 2097 874 mala
2133 823 2197 879 ⁷⁸.
2244 844 2262 878 ι
2306 824 2363 880 in
2396 828 2501 885 hoc
2538 847 2670 888 vero
2696 872 2712 898 ,
2762 851 2924 905 quem
2978 856 3125 894 nunc
3177 853 3377 900 tracta-

1790 925 1941 976 mus,
1981 912 2269 982 ipsissimaa
2295 935 2457 977 voces
2489 921 2545 976 in
2578 928 2935 995 sequentibus
2985 945 3321 1001 usurpantur
3356 953 3369 991 :

1795 1017 1813 1049 ι
1849 998 2011 1065 Deus,
2042 1003 2096 1057 in
2126 1006 2459 1075 adjutorium
2494 1028 2673 1067 meum
2708 1015 2931 1071 intende
2955 1058 2970 1079 ,
3025 1022 3371 1079 confundan-

1791 1098 1899 1155 tur,
1922 1112 1941 1145 ›
1967 1100 2021 1148 et
2047 1103 2265 1163 caztera,
2300 1116 2519 1173 quoque
2544 1105 2718 1160 eidem
2754 1112 3039 1164 sementim
3068 1112 3337 1169 insistunt
3361 1135 3374 1180 ;

1789 1183 1885 1238 sed
1916 1185 2006 1241 hic
2034 1186 2213 1244 fusius
2236 1207 2322 1247 res
2352 1206 2702 1262 enarrantur,
2735 1216 2871 1270 quas
2898 1201 3042 1257 Patri
3077 1206 3376 1259 convenire

1788 1290 1895 1329 non
1918 1277 2015 1333 abs
2041 1295 2101 1334 re
2130 1283 2399 1353 quispiam
2430 1287 2651 1343 dixerit.
2678 1290 2813 1345 Cum
2850 1295 2975 1348 item
3005 1295 3058 1348 iu
3087 1297 3189 1351 hoc
3225 1298 3376 1368 psal-

1787 1385 1877 1424 mo
1903 1372 2139 1438 dicatur,
2169 1393 2187 1425 ι
2224 1375 2491 1442 Quoniam
2512 1388 2568 1434 tu
2592 1398 2652 1437 es
2674 1385 2930 1452 patientia
2952 1402 3093 1452 mea,
3119 1386 3369 1453 Domine,

1795 1459 2023 1519 Domine
2053 1481 2178 1535 spes
2213 1484 2332 1524 mea
2354 1484 2383 1523 a
2406 1470 2688 1539 juventute
2721 1491 2875 1541 mea;
2919 1496 2939 1529 ι
2971 1477 3076 1533 hoc
3106 1479 3282 1549 ipsum
3311 1481 3369 1535 in

1785 1556 1999 1624 psalmo
2030 1574 2145 1623 xxi,
2175 1577 2239 1615 ex
2268 1561 2455 1617 eadem
2486 1580 2721 1635 persona
2762 1567 3002 1625 dicitur:
3037 1588 3056 1621 ι
3095 1569 3367 1637 Quoniam

1786 1653 1844 1699 tu
1870 1664 1929 1702 es
1952 1650 2044 1719 qui
2068 1654 2351 1708 extruxisti
2387 1657 2563 1715 mede
2608 1668 2796 1715 ventre
2824 1662 2891 1724 τ’,
2931 1681 2951 1713 ›
2982 1670 3037 1716 et
3060 1666 3365 1734 sequentia.

1787 1734 1893 1792 Sed
1944 1739 2106 1794 etiam
2164 1743 2309 1812 quod
2356 1745 2411 1798 in
2466 1746 2569 1800 hac
2626 1749 2908 1819 prophetia
2974 1754 3366 1825 subjungitur,

1716 1864 1757 1917 Β
1792 1846 1810 1877 ‹
1844 1828 1987 1885 Deus
2024 1846 2212 1896 meus,
2246 1850 2313 1888 ne
2335 1834 2683 1907 derelinquas
2715 1852 2819 1905 me,
2842 1840 3015 1896 donec
3044 1845 3366 1899 annuntiem

1784 1916 2067 1973 brachium
2098 1927 2248 1976 tuum
2277 1928 2615 1995 generationi
2638 1931 2789 1983 omni
2809 1948 2931 2001 qua:
2957 1942 3177 1988 tetttura
3209 1944 3311 2001 est;
3339 1955 3361 1988 ι

1784 2010 1963 2066 simile
1990 2013 2205 2069 videtur
2234 2017 2310 2072 illi
2360 2034 2451 2071 nt
2495 2021 2689 2089 psalmi
2742 2022 2911 2088 dicto,
2949 2043 2968 2076 ιι
3009 2026 3367 2082 Annuntiabi-

1782 2111 1874 2155 tur
1904 2102 2131 2158 Domino
2160 2109 2441 2177 generatio
2460 2119 2692 2166 ventura
2723 2114 2791 2166 ”.
2827 2134 2844 2166 ι
2872 2116 3141 2171 Attendas
3162 2118 3368 2188 quippe

1781 2194 1964 2262 velim,
1989 2199 2263 2265 quomodo
2291 2199 2343 2253 in
2371 2200 2463 2255 illo
2484 2203 2702 2272 quidem
2729 2205 2965 2270 dicatur,
2995 2227 3012 2259 ι
3053 2210 3365 2263 Annuntia—

1781 2283 1931 2339 bitur
1970 2285 2205 2343 Domino
2247 2293 2529 2359 generatio
2560 2304 2830 2363 ventura;
2874 2317 2894 2350 ι
2931 2298 2985 2352 in
3016 2299 3119 2353 hoc
3156 2307 3361 2365 autem,

1787 2393 1806 2427 ι
1834 2376 2017 2433 Donec
2046 2384 2365 2438 annunticm
2392 2385 2678 2441 brachium
2699 2397 2850 2443 tuum
2879 2393 3213 2461 generationi
3244 2408 3364 2445 om-

1780 2468 1834 2520 ni
1860 2484 1980 2537 qua:
2002 2478 2229 2526 ventura
2271 2483 2373 2528 est.
2417 2493 2435 2526 ι
2475 2473 2618 2540 Quin
2663 2480 2826 2532 etiam
2859 2481 2981 2549 ejus
3015 2497 3078 2534 ex
3131 2482 3367 2535 mortuis

1781 2564 2239 2617 resurrectionem
2275 2574 2461 2635 aperte
2489 2568 2730 2623 declarat
2762 2569 2877 2624 haec
2911 2572 3194 2641 prophetia
3216 2611 3231 2636 ,
3294 2588 3364 2627 ex

1777 2655 1900 2723 ejus
1918 2670 2153 2725 persona
2170 2657 2395 2713 dicens:
2420 2678 2439 2711 ι
2476 2659 2641 2726 Deus,
2657 2662 2781 2731 quis
2809 2662 3006 2719 similis
3028 2665 3161 2718 tibi?
3184 2664 3363 2729 Quan-

1777 2753 1864 2801 tas
1898 2749 2186 2803 ostendisti
2214 2751 2345 2805 mihi
2370 2754 2755 2809 tribulationes
2778 2756 2978 2811 multas
2999 2765 3052 2811 et
3073 2758 3245 2814 malas
3266 2799 3282 2825 ,
3306 2768 3361 2812 et

1777 2852 2082 2894 conversus
2107 2841 2392 2899 viviﬁcasti
2428 2860 2535 2908 me,
2578 2852 2631 2898 et
2656 2844 2723 2899 de
2755 2846 3170 2911 necessitatibus
3199 2855 3362 2903 terna:

1777 2922 1975 2978 iterum
2003 2927 2268 2984 reduxisti
2303 2932 2422 2986 me?
2460 2950 2480 2983 ι
2517 2932 2645 2986 Sive
2678 2933 2845 3004 igitur
2872 2951 2937 2989 ex
2960 2952 3195 3006 persona
3231 2935 3358 2993 Ser-

1758 3014 2002 3077 vatoris,
2036 3015 2150 3071 sive
2178 3032 2244 3071 ex
2277 3033 2511 3087 persona
2556 3020 2851 3089 cujuslibet
2880 3022 3016 3092 justi
3062 3022 3178 3078 haec
3211 3024 3361 3078 acci—

1775 3107 1970 3177 pienda
1994 3117 2142 3164 sunt.
2178 3109 2488 3166 Doctrinam
2534 3114 2680 3167 enim
2729 3114 3167 3184 complectuntur
3188 3153 3205 3181 ,
3234 3131 3355 3188 quae

112 3192 272 3263 τῆρος,
296 3196 400 3249 εἴτε
431 3200 496 3251 ἐκ
520 3199 817 3269 προσώπου
844 3203 1041 3264 παντὸς
1063 3201 1291 3265 δικαίου,
1315 3204 1424 3256 τῶν
1454 3222 1676 3277 προκει-

1798 3215 1879 3255 IOS
1905 3200 2143 3256 instituit
2174 3212 2232 3256 ιιι
2262 3220 2327 3258 ex
2364 3204 2509 3259 bono
2538 3206 2821 3275 proposito
2850 3208 3034 3261 omnia
3086 3216 3211 3278 post
3263 3209 3361 3263 du-

116 3285 267 3352 μένων
285 3289 599 3345 ἀκουστέον.
626 3292 874 3363 Περιέχει
899 3293 1006 3366 γὰρ
1026 3294 1371 3349 διδασκαλίαν
1394 3298 1672 3351 παιδεύου-

112 3393 197 3428 σαν
225 3381 364 3450 ἡμᾶς
395 3384 534 3453 μετὰ
569 3385 861 3449 διαθέσεως
893 3387 1081 3455 ὑγιοῦς
1115 3388 1294 3441 πάντα
1321 3388 1421 3460 μὲν
1442 3390 1671 3461 δεύτερα

105 3471 347 3537 τίθεσθαι,
364 3476 460 3529 ἐπὶ
483 3477 645 3547 μόνον
666 3477 722 3531 δὲ
743 3478 833 3532 τὸν
858 3478 1060 3550 Κύριον
1079 3479 1180 3544 τὰς
1202 3481 1410 3535 ἑαυτῶν
1432 3483 1671 3555 ἀναρτᾷν

108 3562 325 3631 ἐλπίδας,
348 3566 487 3621 ὥστε
508 3568 691 3637 λέγειν
713 3570 861 3641 αύτῷ
879 3571 1115 3625 διαθέσει
1140 3573 1389 3644 motata
1416 3575 1539 3628 Ἐπὶ
1565 3576 1667 3640 σοὶ,

107 3658 518 3734 Κύριε,·ἦλπισα,
551 3665 626 3737 μὴ
653 3666 1104 3739 καταισχυνθείην
1128 3668 1209 3732 εἰς
1232 3668 1323 3721 τὸν
1348 3668 1541 3724 αἰῶνα.
1569 3689 1587 3721 ι
1607 3671 1669 3724 Οἱ

105 3750 296 3823 γάρὲπὶ
318 3753 537 3828 πλούτῳ
559 3758 653 3811 καὶ
674 3757 840 3829 πολλῇ
862 3760 1148 3831 περιουσίᾳ
1181 3759 1318 3830 βίου,
1338 3760 1371 3831 ἢ
1395 3761 1488 3815 ἐπὶ
1505 3761 1671 3828 ἀξιὼ-

100 3858 221 3910 μασι
236 3852 538 3918 κοσμικοῖς,
555 3848 591 3920 ἦ
612 3851 704 3902 ἐπὶ
719 3850 995 3921 ἀρχόντων
1017 3852 1306 3923 οἰκειότητι
1330 3854 1421 3908 καὶ¹
1442 3871 1674 3927 προστα-

105 3932 200 4003 σίᾳ,
245 3936 326 4006 ἐφ’
361 3939 538 4011 ἑτέρῳ
568 3942 677 3994 τινὶ
723 3941 834 3994 τῶν
868 3941 1075 4014 θνητῶν
1114 3944 1209 3999 καὶ
1254 3945 1536 4017 ἐπικήρων
1572 3946 1672 4013 τὰς

99 4023 287 4080 ἑαυτῶν
330 4031 678 4097 ἀνατιθέντες
728 4033 972 4098 ἐλπίδας,
1020 4036 1284 4107 αἰσχύνην
1325 4036 1668 4109 ὀφλήσουσιν.

105 4131 122 4163 t
154 4116 576 4193 Ἐπικατάρατος
592 4123 700 4196 γὰρ
722 4125 1007 4196 ἄνθρωπος
1025 4125 1084 4192 ὃς
1113 4128 1211 4199 τὴν
1227 4127 1417 4182 ἐλπίδα
1442 4128 1554 4201 ἔχει
1582 4130 1670 4185 ἐπ’

96 4204 387 4278 ἄνθρωπον,
452 4214 549 4269 καὶ
608 4215 852 4287 στηρίξει
889 4216 1067 4289 σάρκα
1094 4218 1376 4292 βραχίονος
1413 4220 1599 4276 αὑτοῦ.
1646 4241 1666 4275 ι

98 4296 335 4371 Κέκραγέ
373 4321 436 4357 τε
470 4304 609 4376 βοῶν
635 4309 665 4362 ὁ
709 4308 863 4378 λόγος
887 4327 902 4341 ·
934 4329 952 4363 ι
987 4310 1079 4382 Μὴ
1119 4310 1414 4367 πεποίθατε
1444 4314 1532 4367 ἐπ’
1572 4313 1672 4387 ἄρ-

92 4403 291 4457 χοντας,
330 4395 471 4466 μηδὲ
492 4397 577 4466 ἐφ’
609 4399 760 4464 υἱοὺς
808 4401 1132 4474 ἀνθρώπων.
1158 4398 1244 4466 οἷς
1274 4405 1374 4457 οὐκ
1401 4404 1518 4458 ἔστι
1563 4421 1673 4458 σω-

95 4483 244 4570 τηρία
265 4501 281 4517 ο
324 4506 343 4539 ›
371 4490 470 4543 καὶ
501 4490 698 4545 πάλιν
729 4512 748 4544 ‹
789 4495 1026 4560 Πλοῦτος
1059 4496 1153 4548 ἐὰν
1189 4495 1309 4567 ῥέῃ,
1342 4496 1416 4569 μὴ
1448 4497 1673 4570 προστί-

1772 3308 1982 3359 cantus,
2011 3295 2065 3349 in
2086 3311 2307 3367 unoque
2331 3296 2565 3352 Domino
2587 3313 2739 3369 spem
2766 3308 3071 3356 statuamus
3087 3308 3357 3364 nostram,

1770 3386 1846 3441 ita
1876 3393 1935 3438 ut
1968 3385 2187 3442 sincero
2217 3387 2413 3444 aﬂ'ectu
2458 3390 2708 3447 dicamus
2741 3410 2755 3447 :
2795 3409 2816 3444 ι
2866 3390 2926 3446 In
2975 3400 3056 3458 te,
3090 3392 3319 3451 Domine
3341 3435 3358 3460 ,

1772 3479 2009 3543 speravi,
2028 3495 2136 3535 non
2159 3481 2469 3537 confundar
2489 3486 2544 3538 in
2562 3490 2848 3538 aeternum.
2872 3503 2891 3537 ι
2918 3483 3022 3552 Qui
3040 3485 3185 3539 enim
3202 3485 3257 3539 in
3275 3486 3359 3540 di-

1770 3570 1922 3627 vitiis
1940 3587 2003 3626 ae
2018 3572 2072 3627 in
2091 3573 2329 3645 copiosis
2344 3576 2471 3631 vitae
2487 3576 2979 3641 facultatibus,sive
2996 3576 3048 3631 in
3064 3577 3359 3633 mundanis

1775 3662 2166 3733 dignitatibus,
2196 3667 2315 3723 sive
2346 3668 2404 3723 in
2439 3670 2751 3740 principum
2803 3668 2990 3724 favore
3020 3678 3073 3724 et
3119 3671 3358 3740 patroci-

1772 3756 1887 3821 nio,
1924 3756 2042 3812 sive
2097 3759 2152 3813 in
2202 3760 2308 3813 alia
2345 3762 2603 3831 quapiam
2641 3760 2954 3814 mortalium
2995 3768 3051 3815 et
3084 3759 3355 3814 ﬁuxarunl

1773 3863 1957 3904 rerum
2011 3865 2164 3921 spem
2225 3861 2521 3922 reponunt,
2558 3853 2871 3924 ignominiae
2898 3851 3121 3907 obnoxii
3170 3860 3354 3911 erunt.

1779 3958 1798 3992 ι
1843 3940 2169 3998 Maledictus
2198 3944 2346 3999 enim
2372 3944 2538 3998 homo
2572 3945 2666 4016 qui
2703 3959 2856 4015 spem
2882 3944 3047 3998 habet
3078 3945 3133 3999 in
3170 3944 3353 4000 homi-

1774 4048 1923 4099 nem,
1959 4043 2014 4089 et
2035 4034 2215 4089 ﬁrmat
2246 4051 2471 4093 carnem
2504 4039 2717 4093 brachii
2745 4037 2915 4092 sui“.
2946 4057 2964 4091 ι
2985 4037 3194 4093 Clamat
3227 4040 3355 4093 item

1776 4125 2087 4197 Scriptura,
2121 4146 2140 4179 ι
2177 4127 2356 4187 Nolite
2390 4132 2668 4188 conlidere
2701 4133 2755 4187 in
2786 4131 3153 4202 principibus,
3180 4146 3356 4201 neque

1774 4219 1828 4274 in
1884 4220 2012 4275 ﬁliis
2054 4221 2360 4287 hominum,
2406 4224 2462 4279 in
2506 4224 2710 4296 quibus
2756 4240 2869 4280 non
2910 4231 2996 4280 est
3036 4225 3186 4280 salus
3208 4222 3291 4290 ⁸¹;
3329 4241 3349 4275 ι

1773 4318 1828 4365 ct
1854 4326 2102 4376 rursum,
2136 4331 2155 4365 ι
2192 4308 2412 4370 Divitiae
2457 4316 2503 4373 si
2554 4316 2799 4380 aﬁluant,
2850 4316 3017 4371 nolite
3050 4330 3148 4369 cor
3180 4329 3350 4385 appo-

1774 4415 1905 4457 nere
1927 4402 1993 4456 ³³.
2027 4421 2046 4455 ι
2075 4400 2134 4456 In
2159 4404 2283 4460 aliis
2308 4405 2436 4462 item
2460 4407 2528 4462 ad
2557 4407 2673 4462 haec
2703 4406 2937 4463 dicenda
2959 4405 3303 4461 instituimur
3333 4423 3347 4460 :

1779 4510 1799 4543 ι
1836 4491 2103 4550 Dominus
2155 4496 2286 4550 mihi
2331 4496 2572 4568 adjutor,
2625 4515 2734 4554 non
2778 4497 2981 4552 timebo
3012 4497 3145 4567 quid
3188 4496 3354 4552 faciat

90 4567 236 4625 θεσθε
264 4577 515 4649 καρδίαν.
533 4583 669 4636 ’Καὶ
696 4586 752 4637 ὲν
777 4586 984 4657 ἑτέροις
1007 4585 1063 4639 δὲ
1084 4585 1261 4655 λέγειν
1282 4567 1664 4660 διδασκόμεθα·

1798 4584 1905 4639 nihi
1946 4585 2130 4641 homo.
2167 4586 2379 4644 Bonum
2416 4598 2501 4646 est
2532 4591 2806 4648 conﬁdere
2832 4592 2887 4646 in
2912 4590 3164 4655 Domino,
3186 4605 3353 4661 quam

94 4678 115 4711 ί
145 4663 339 4736 Κύριος
364 4671 493 4742 ἐμοὶ
516 4672 725 4745 βοηθδς,
749 4678 810 4729 οὐ
834 4677 1213 4749 φοόηθήσομαι
1237 4678 1290 4732 τί
1318 4681 1538 4751 ποιήσει
1573 4698 1663 4752 μοι

92 4752 384 4826 ἅνθρωπος.
426 4762 656 4830 Ἀγαθὸν
675 4767 993 4821 πεποιθέναι
1029 4770 1120 4823 ἐπὶ
1152 4769 1377 4842 Κύριον,
1409 4769 1445 4842 ἢ
1480 4786 1667 4824 πεποι-

86 4842 228 4935 θᾼέναι
256 4851 347 4903 ἐπὶ
368 4853 677 4925 ἄνθρωπον.
724 4859 950 4928 Ἀγαθὸν
986 4860 1228 4925 ἐλπίζειν
1253 4863 1345 4914 ἐπὶ
1382 4862 1661 4935 Κύριον,ἢ

88 4933 315 5024 ξλπίζειν
365 4945 463 4997 ἐπὶ
487 4944 770 5018 ἄρχοντας.
814 4968 832 5001 ι
882 4950 939 5003 ’0
967 4951 1025 5005 δὲ
1062 4952 1244 5021 ἀγαθὰ
1281 4933 1666 5024 ἑαυτῷσυνειέ

86 5021 181 5117 5i»;
208 5029 346 5084 εἷποι
371 5033 440 5086 ἂν
467 5034 543 5106 τῷ
567 5038 755 5109 Κυρίῳ
781 5038 876 5092 καὶ
914 5039 993 5105 τὸ,
1031 5060 1049 5092 ι
1102 5043 1188 5095 Ἐν
1220 5021 1536 5117 δικαιοσύνῃ
1567 5061 1660 5097 σου

90 5111 237 5181 ρὖαῑ
300 5139 367 5192 με
428 5127 525 5178 καὶ
575 5127 757 5193 ἐξέλου
794 5147 882 5201 με.
929 5150 948 5182 ι
988 5131 1162 5204 nam;
1196 5135 1306 5206 γὰρ
1340 5111 1661 5206 πεποιθήσει

88 5205 435 5283 τεθάρῤτγκεν,
468 5218 568 5284 ὅτι,
603 5221 744 5274 κατά
785 5221 847 5275 τδ
874 5223 1212 5278 δικαιότατον
1248 5205 1440 5298 κρίνας
1466 5205 1687 5292 ὀΘέὸςί

91 5298 298 5372 εὑρήσει
333 5308 504 5362 αὑτὸν
532 5315 592 5365 οὐ
620 5315 1016 5387 κατακρίσεως,
1048 5317 1167 5371 οὐδὲ
1195 5319 1467 5389 ἀποϐολῆς
1492 5319 1662 5386 ἄξιον,

89 5390 211 5484 ἀλλὰ
237 5395 496 5468 βοηθείας
526 5405 620 5457 και
653 5406 1027 5478 ἀντιλήψεως’
1066 5409 1147 5463 διό
1173 5428 1368 5481 φησιν·
1408 5431 1426 5463 ι
1478 5413 1566 5465 Ἐν
1593 5415 1658 5484 τῇ

87 5478 391 5567 δικαιοσύνῃ
422 5509 516 5545 σου
534 5495 695 5568 ῥῦσαί
731 5514 798 5568 με
837 5500 931 5554 καὶ
960 5500 1142 5568 ὲξέλου
1179 5478 1268 5575 με.
1297 5523 1317 5558 ι
1350 5478 1662 5579 Συνειδήσει

159 5681 203 5757 '_‘
233 5684 376 5742 Psal.
402 5697 690 5757 mx,2-4.

90 5749 133 5781 ⁸⁸
164 5750 303 5809 Psal.
334 5773 508 5828 cxvu,
543 5749 638 5821 .159

1769 4674 2046 4731 conﬁdere
2084 4676 2141 4732 in
2170 4677 2414 4734 homine.
2469 4681 2678 4737 Bonum
2712 4689 2797 4737 est
2824 4695 3047 4751 sperare
3083 4679 3140 4735 in
3170 4679 3354 4735 Domi-

1772 4782 1867 4832 no,
1902 4784 2067 4838 quam
2118 4784 2345 4840 sperare
2401 4774 2456 4829 in
2502 4774 2845 4846 principibus
2864 4772 2930 4826 “.
2974 4793 2991 4825 ι
3033 4772 3138 4840 Qui
3168 4779 3353 4829 autem

1772 4860 2047 4916 bonorum
2079 4863 2186 4918 sibi
2226 4866 2487 4921 conscius
2517 4876 2623 4933 est,
2657 4866 2891 4922 Domino
2921 4865 3124 4920 dixerit
3171 4863 3303 4919 illud
3335 4882 3349 4918 :

1780 4972 1798 5005 ι
1843 4954 1901 5007 1η
1931 4953 2148 5025 justitia
2200 4958 2516 5015 tua‘lihera
2578 4975 2665 5015 me
2697 4966 2751 5015 et
2799 4960 2950 5031 eripe
2975 4973 3084 5015 me.
3128 4976 3148 5012 ι
3185 4956 3354 5012 Multa

1771 5048 1975 5118 quippe
2015 5047 2212 5104 ﬁducia
2241 5052 2504 5122 repletur,
2538 5055 2667 5124 quia
2692 5052 3007 5124 justissimo
3050 5067 3238 5109 secum
3265 5049 3354 5121 ju-

1771 5138 1919 5194 dicio
1951 5138 2097 5196 Deus
2120 5155 2310 5211 agens,
2338 5160 2447 5199 non
2483 5144 2859 5211 damnatione,
2899 5159 3078 5215 neque
3109 5141 3353 5213 repulsa.

1773 5231 1868 5287 sed
1899 5232 2106 5286 auxilio
2127 5243 2181 5287 et
2211 5236 2519 5303 patrocinio
2544 5235 2767 5307 dignum
2801 5236 3103 5306 comperiet
3128 5253 3142 5290 :
3182 5248 3356 5303 quare

1772 5322 1850 5376 ait
1884 5343 1897 5377 :
1937 5343 1953 5376 ι
2002 5326 2061 5379 In
2090 5325 2305 5392 justitia
2333 5335 2424 5380 tua
2455 5327 2624 5382 libera
2653 5343 2740 5383 me
2765 5335 2820 5383 et
2854 5329 3005 5398 eripe
3029 5341 3138 5382 me.
3172 5348 3195 5379 ι
3247 5324 3356 5378 Ριι-

1770 5432 1942 5488 raque
1995 5420 2332 5474 conscientia
2381 5420 2660 5490 supplices
2689 5436 2853 5477 voces
2887 5422 2955 5475 ad
2993 5420 3159 5476 Deum
3193 5419 3358 5475 etnitc

1770 5514 1896 5564 tens
1921 5508 1974 5565 id
1995 5524 2216 5581 quoque
2240 5510 2508 5567 dicebat:
2567 5530 2587 5564 ι
2641 5511 2852 5568 lncliua
2904 5513 2972 5569 ad
3026 5528 3115 5567 me
3165 5526 3355 5589 aurem

767 5701 811 5732 τ’
834 5701 975 5758 Psal.
1001 5720 1112 5773 nt,
1148 5705 1231 5761 lt).
1308 5707 1355 5739 ⁸⁸
1386 5707 1517 5764 ibid.
1540 5709 1629 5765 52.

1798 5709 2154 5778 lerem.'xvtt,
2176 5712 2227 5768 5.
2317 5713 2708 5781 "Psal.cx1.v,
2737 5716 2791 5774 ᾖ.
2870 5717 2917 5748 ⁸³
2950 5714 3096 5772 Psal.
3129 5729 3240 5781 ut,
3262 5713 3351 5774 ﬂ;
