3776 6284
163 370 246 425 ’ῖῚῖ
1227 355 1660 410 ΩΟΜΜΕΝΤΛΗῙ

1767 354 1830 408 IN
1869 355 2205 410 PSALMOS.

3223 360 3322 409 ἠδ

151 487 239 543 ἀπὸ
260 477 487 551 γαστρὸς,
523 495 540 526 ν
573 476 636 528 οὐ
673 476 831 546 μόνον
857 476 1054 545 γνῶσιν
1088 476 1349 543 ’ἐμφαίνει
1372 474 1660 545 κεκτῆσθαι

1769 462 2078 542 cognitione
2101 476 2365 527 imbutum
2402 473 2569 529 fuisse
2610 475 2871 539 ostendit,
2896 476 2988 531 sed
3015 476 3180 529 etiam
3214 489 3319 526 nia-

151 574 279 638 θεοῦ,
303 568 421 625 ἀλλὰ
452 568 539 621 καὶ
566 568 825 637 μεγίστην
853 566 1048 638 ἀρετὴν
1088 566 1332 635 φιλοθέου
1366 565 1661 636 δυνάμεως,

149 671 201 724 δι’
226 663 373 738 ἦςὲπ’
405 661 558 714 αὐτὸν
598 660 688 712 τὸῡ
722 660 853 712 Θεὸν
908 660 1241 732 ἐστηρίζετο.
1285 660 1394 712 Καὶ
1429 658 1665 721 τοιοῦτος

148 757 203 833 ἦν
243 755 567 823 κυῖσκόμενος
604 751 695 804 καὶ
741 753 797 803 ἐν
828 752 1025 823 γαστρὶ
1057 755 1153 822 τῆς
1176 750 1382 821 μητρὸς
1429 748 1663 818 συλλαμ-

147 847 416 906 ϐανόμενος.
439 840 508 893 Τὸ
532 838 611 902 δὲ,
648 858 667 891 ι
717 841 809 893 Ἐκ
848 840 1052 904 κοιλίας
1080 841 1283 912 μητρός
1318 857 1417 910 μου
1443 834 1495 891 εἷ
1544 855 1666 891 σκε-

147 942 342 1005 παστης,
363 953 379 984 ι
415 932 631 985 δύναται
660 934 752 986 καὶ
773 934 863 985 ἐπὶ
892 932 1105 986 πάντων
1142 931 1416 1003 ἁρμόζειν.
1456 932 1518 985 Εἰ
1559 930 1666 1002 γὰρ

148 1030 209 1099 μὴ
250 1026 369 1081 θεοῦ
419 1016 644 1095 δύναμις
685 1024 940 1096 ἐφρούρει
987 1025 1080 1077 καὶ
1131 1023 1393 1092 ἐφύλαττε
1426 1022 1487 1075 τὸ
1527 1022 1668 1075 κατὰ

144 1118 342 1190 γαπρὸς
377 1106 745 1188 κυῖσκόμενον,
787 1117 895 1170 οὐδ’
925 1115 989 1170 ἂν
1038 1115 1285 1186 συνέστη,
1321 1115 1427 1167 οὐδ’
1446 1115 1511 1168 ἂν
1540 1132 1668 1185 μετ-

141 1212 245 1281 έσχε
278 1208 431 1280 ζωῆς,
474 1210 611 1279 μήτε
640 1210 790 1261 πνεῖν
814 1207 1131 1277 δυνάμενον,
1154 1208 1290 1278 μήτε
1321 1209 1433 1271 τοῖς
1463 1206 1667 1269 λοιποῖς

143 1298 401 1371 κεχρῆσθαι
425 1296 817 1370 αἰσθητηρίοις.
869 1298 1035 1352 Πάλιν
1069 1298 1127 1350 δέ
1158 1297 1252 1349 καὶ
1286 1298 1343 1359 ἐν
1371 1296 1545 1367 τούτῳ
1578 1295 1665 1348 λέ-

139 1408 248 1459 γων,
278 1407 294 1440 ι
322 1387 387 1439 Σύ
433 1404 533 1457 μου
574 1383 624 1439 εἷ
666 1388 994 1458 σκεπαστὴς,
1034 1407 1051 1439 ι
1086 1388 1363 1456 ἐνέφαινεν
1395 1386 1666 1457 ἐξαίρετόν

140 1499 183 1533 τι
205 1478 466 1551 ἐσχηκέναι
494 1479 640 1549 παρὰ
655 1479 778 1543 τοὺς
799 1478 1018 1542 λοιποὺς
1043 1479 1166 1542 τοὺς
1192 1482 1246 1531 ἐν
1267 1478 1441 1549 κοιλίᾳ
1464 1478 1668 1550 μητρὸς

140 1570 517 1643 συλληφθέντας.
576 1570 726 1641 Τάχα
768 1570 876 1642 γὰρ
919 1572 1010 1624 ἐπὶ
1049 1571 1146 1642 μὲν
1190 1573 1288 1642 τῆς
1328 1569 1435 1623 τῶν
1466 1570 1666 1624 λοιπῶν

138 1661 401 1734 ἀνθρώπων
433 1662 697 1730 γενέσεως
726 1662 872 1717 ἄλλοι
897 1664 1038 1727 τινὲς
1065 1665 1429 1735 ἐφεστήκασιν
1450 1663 1667 1732 ἄγγελοι

132 1753 499 1824 διακονούμενοι
544 1756 607 1825 τῇ
637 1754 866 1807 ἑκάστου
911 1756 990 1818 εἰς
1016 1755 1107 1808 τὸν
1141 1754 1253 1825 βίον
1287 1755 1535 1826 παρόδῳ·
1575 1756 1665 1807 ἐπὶ

1763 578 1921 632 gnam
1956 581 2014 620 se
2043 564 2316 629 virtutem,
2353 567 2570 634 vimque
2602 568 2803 621 amoris
2834 581 2960 637 erga
3000 568 3186 628 Deum,
3214 579 3321 633 qua

1762 652 1816 705 in
1852 654 1973 723 ipso
2012 654 2458 718 conﬁrmabatur,
2500 655 2755 709 habuisse
2785 656 3139 710 demonstrat.
3172 652 3322 708 Talis

1764 752 1940 799 autem
1971 748 2030 799 in
2069 756 2223 801 utero
2252 754 2305 802 et
2357 747 2410 801 in
2452 755 2639 801 ventre
2689 747 2880 801 matris
2906 746 3202 802 conclusus
3232 748 3323 799 ille

1762 847 1899 893 erat.
1933 838 2070 893 Illud
2101 855 2251 903 vero,
2290 858 2308 891 ι
2347 839 2421 894 De
2441 848 2630 894 ventre
2655 839 2845 893 matris
2870 854 3000 894 mezc
3028 847 3087 893 tu
3111 855 3170 894 es
3194 853 3295 909 pro
3312 865 3324 875 ε

1762 938 1954 995 tector,
1990 951 2007 982 ι
2060 933 2316 987 omnibus
2351 933 2644 987 convenire
2671 932 2864 1004 possit.
2893 930 3007 985 Nisi
3048 933 3191 986 enim
3224 931 3319 985 Dei

1763 1020 1935 1077 virtus
1965 1022 2267 1078 custodiret
2312 1038 2374 1077 ac
2427 1032 2672 1079 servaret
2722 1022 2892 1077 fetum
2944 1023 3108 1087 uteri,
3142 1039 3320 1093 neque

1764 1113 2115 1179 formaretur,
2168 1132 2344 1187 neque
2390 1118 2513 1171 vita:
2564 1116 2837 1189 particeps
2864 1125 3031 1182 esset,
3067 1132 3191 1170 cum
3221 1132 3322 1172 nec

1762 1208 2053 1277 respirare,
2081 1224 2183 1263 nec
2223 1210 2447 1280 reliquis
2492 1211 2743 1266 sensibus
2795 1212 2874 1265 uti
2922 1211 3144 1265 valeret.
3181 1209 3322 1263 Rur-

1762 1310 1990 1367 sumque
2009 1313 2132 1353 cum
2166 1299 2320 1365 dicit,
2344 1319 2361 1351 ι
2388 1300 2468 1355 Tu
2487 1317 2546 1356 es
2573 1308 2851 1371 protector
2881 1317 3056 1365 meus,
3085 1320 3101 1352 ι
3132 1316 3190 1357 se
3224 1302 3324 1355 ali-

1764 1388 1891 1458 quid
1915 1390 2264 1459 praestantius
2293 1392 2519 1462 reliquis
2554 1393 2867 1448 hominibus
2899 1392 2957 1447 in
2986 1400 3177 1463 ventre
3207 1408 3324 1445 rna-

1765 1480 1863 1535 tris
1923 1484 2201 1553 conceptis
2266 1483 2523 1539 habuisse
2580 1493 2995 1540 commonstrat.
3064 1484 3323 1540 Fortasse

1762 1571 1959 1641 quippe
1992 1572 2046 1626 in
2088 1574 2423 1645 reliquorum
2453 1576 2738 1630 hominum
2761 1578 3107 1647 generatione
3140 1576 3314 1647 angeli

1765 1660 1983 1730 quidam
2009 1662 2211 1717 adsunt
2245 1665 2587 1735 singulorqu
2625 1666 2693 1719 ad
2723 1667 2890 1720 vitam
2921 1667 3188 1737 ingressui
3216 1668 3322 1719 mi-

1768 1752 2095 1821 nistrantes;
2127 1757 2181 1809 in
2210 1758 2557 1826 generatione
2582 1771 2710 1811 vero
2744 1755 3050 1811 Servatoris
3080 1757 3198 1827 ipse
3219 1754 3323 1810 Pa-

136 1844 180 1895 δὲ
205 1844 292 1914 τῆς
318 1844 577 1913 γενέσεως
627 1844 720 1898 τοῦ
776 1845 1027 1917 Σωτῆρος
1048 1887 1063 1907 ,
1096 1847 1255 1911 αὐτὸς
1288 1842 1356 1917 ἧν
1402 1849 1430 1898 ὁ
1476 1846 1660 1918 Πατὴρ

1764 1852 1844 1898 ter
1875 1852 2148 1914 protector
2174 1845 2293 1916 ejus
2320 1854 2471 1914 erat;
2503 1861 2674 1917 quare
2708 1847 2762 1901 in
2806 1850 2925 1918 ipso
2954 1848 3321 1902 conﬁrmaba-

138 1937 409 2008 σκεπαστὴς
433 1936 599 1991 αὐτοῦ
623 1938 935 2009 γιγνόμενος
955 1956 968 1969 ·
1004 1938 1083 1991 διὸ
1102 1940 1197 1992 καὶ
1226 1940 1318 1992 ἐπὶ
1358 1940 1515 1992 αὑτὸν
1566 1940 1663 1993 ἐπ-

133 2031 432 2103 εστηρίζετο.
470 2031 657 2096 Οὕτως
703 2032 991 2095 διαπαντὸς
1042 2053 1060 2084 ι
1112 2034 1344 2104 ὖμνησιν
1395 2054 1414 2086 ›
1470 2034 1661 2088 ἐαυτοῦ

131 2120 224 2194 εἶχε
248 2125 330 2176 τὸν
363 2126 597 2197 Πατέρα.
630 2125 720 2178 Διὸ
749 2126 1018 2195 ἐπιλέγει·
1059 2144 1078 2177 ι
1130 2128 1219 2180 Ἐν
1241 2129 1323 2180 σοὶ
1353 2130 1385 2197 ἡ
1434 2126 1665 2199 ὕμνησίς

135 2233 218 2284 μου
241 2216 535 2281 διαπαντός.
571 2236 588 2269 ι
616 2219 689 2270 Οὐ
717 2217 826 2289 γὰρ
866 2219 1073 2272 διέλιπέ
1114 2237 1235 2272 τινα
1266 2221 1453 2291 καιρὸν
1482 2221 1663 2290 ὑμνῶν

128 2304 205 2358 τὸν
248 2306 473 2378 Πατέρα,
535 2307 567 2378 ἢ
624 2308 716 2361 καὶ
763 2308 1096 2380 ὑμνούμενος
1152 2311 1241 2363 ὑπ’
1271 2311 1434 2363 αὐτοῦ
1478 2313 1569 2365 ἐπὶ
1596 2316 1661 2384 τῇ

130 2397 331 2470 τοσαύτῃ
350 2400 585 2471 ὑπακοῇ.
632 2400 793 2466 Ἀλλ’,
835 2402 899 2454 Ἠ
932 2402 1029 2472 μὲν
1053 2400 1180 2471 ἐμὴ,
1218 2403 1401 2471 φησὶν,
1437 2403 1661 2466 αῖνεσις,

128 2488 156 2557 ἢ
180 2490 259 2550 ml.
288 2489 513 2562 ὖμνησις
542 2496 599 2546 ἐν
631 2493 714 2545 σοὶ
732 2492 921 2562 γέγονε
950 2493 1259 2557 διαπαντός.
1291 2494 1353 2547 Οἱ
1383 2494 1439 2545 δὲ
1482 2493 1664 2547 πολλοὶ

129 2578 217 2630 τῶν
256 2580 570 2652 ἀνθρώπων,
622 2582 787 2654 μηδὲν
819 2583 1021 2637 τούτων
1061 2584 1431 2655 ἐπιστάμενοι,
1477 2585 1664 2655 ὥσπερ

125 2669 263 2738 τέρας
288 2673 579 2744 ἐκτήσαντό
619 2692 707 2745 με.
737 2676 1028 2747 Τεράστιον
1050 2675 1180 2744 γοῦν
1213 2694 1266 2729 τι
1300 2679 1531 2748 πρᾶγμα
1554 2681 1664 2741 τοῖς

129 2760 309 2825 πολλοῖς
360 2765 646 2836 ἐγενόμην,
698 2765 773 2827 ὡς
800 2767 1029 2837 διάφορα
1074 2768 1201 2839 περὶ
1249 2769 1382 2838 ἐμοῦ
1423 2769 1664 2836 δοξάζειν

127 2848 325 2916 αὐτούς·
368 2855 459 2906 καί
497 2872 646 2917 τινας
688 2855 787 2925 μὲν
809 2855 940 2909 Θεὸν
970 2853 1108 2910 εἶναι
1137 2860 1375 2927 ἅσαρκον
1408 2861 1498 2913 καὶ
1521 2859 1663 2912 ἀσώ-

123 2958 287 3009 ματον,
327 2944 547 3017 δοκήσει
601 2948 758 3017 μόνον
809 2948 1038 3017 ὀφθέντα
1088 2951 1180 3003 ἐπὶ
1221 2951 1345 3021 γῆς,
1389 2952 1660 3021 ἡγεῖσθαι,

123 3032 252 3096 τινὰς
276 3034 326 3088 δὲ
352 3037 510 3105 ψιλὸν
540 3037 840 3109 ἄνθρωπον,
881 3040 956 3103 ὡς
988 3041 1151 3111 μηδὲν
1183 3042 1339 3095 πλέον
1366 3044 1512 3115 παρὰ
1537 3045 1661 3108 τοὺς

122 3120 310 3189 λοιποὺς
333 3128 607 3200 ἐσχηκότα
630 3146 642 3159 ·
670 3132 763 3184 καὶ
796 3132 987 3197 ἄλλους
1013 3133 1112 3202 μὲν
1142 3135 1300 3205 ἀραῖς
1334 3137 1426 3188 καὶ
1458 3135 1659 3208 δυσφη-

122 3216 252 3282 μίαις
282 3218 625 3286 ὑποϐάλλειν,
644 3222 863 3297 ἐτέρους
894 3225 949 3277 δὲ
981 3225 1157 3279 σέϐειν
1197 3229 1289 3281 καὶ
1318 3233 1657 3300 προσκυνεῖν.

121 3307 271 3380 Τέρας
293 3311 347 3364 δὲ
372 3315 489 3376 τοῖς
519 3315 683 3367 πᾶσιν
714 3315 927 3387 ἀληθῶς
952 3317 1171 3384 γέγονεν
1206 3318 1234 3370 ό
1260 3318 1390 3389 ἐμὸς
1415 3320 1661 3385 θάνατος.

120 3398 182 3452 Τὸ
208 3400 308 3475 γὰρ
336 3406 568 3476 σταυρὸν
618 3406 902 3476 ὑπομεῖναι
947 3407 1077 3461 Θεὸν
1113 3409 1259 3473 ὂντα,
1306 3412 1397 3464 καὶ
1440 3411 1662 3465 τοιαῦτα

120 3491 285 3546 παθεῖν
322 3494 409 3549 τὸν
460 3497 671 3569 ἑτέροις
720 3496 862 3570 ζωὴν
918 3502 1329 3572 κεχαρισμένον,
1379 3504 1542 3575 τέρας
1594 3500 1663 3575 ἦν

116 3580 324 3652 ἀληθῶς.
374 3586 464 3640 Διό
515 3604 710 3658 φησιν’
759 3605 778 3639 ι
835 3589 977 3640 Ὠσεὶ
1030 3590 1193 3661 τέρας
1239 3592 1500 3663 ἐγενήθην
1552 3597 1663 3657 τοῖς

116 3672 320 3738 πολλοῖς.
359 3695 378 3728 ι
421 3677 563 3730 Ἀλλ’
588 3679 646 3731 ἐν
678 3681 809 3732 πᾶσι
842 3682 1047 3745 τούτοις
1074 3682 1160 3745 σὺ,
1188 3685 1338 3752 φησὶ,
1377 3702 1394 3734 ι
1422 3682 1612 3755 βοηθός
1638 3705 1655 3737 ι

116 3779 203 3830 μου
232 3767 458 3836 γέγονας
497 3789 515 3819 ‹
554 3772 810 3842 κραταιός
833 3789 846 3802 ·
890 3792 908 3823 ι
946 3773 1066 3825 οὐδὲ
1096 3773 1205 3845 γὰρ
1238 3775 1392 3829 ἄλλον
1433 3777 1661 3848 ἐκτησά-

116 3871 206 3925 μην
237 3857 443 3930 βοηθόν.
472 3862 660 3915 Πάντα
685 3862 793 3933 γὰρ
820 3858 888 3934 ἦν
917 3864 1142 3936 δεύτερα
1168 3865 1262 3918 καὶ
1288 3866 1662 3939 ύποδεὸηκότα

112 3947 196 4017 τὴν
222 3951 353 4023 ἐμὴν
400 3954 630 4024 δύναμιν
654 3969 667 3983 ·
698 3956 762 4009 σὺ
808 3955 862 4008 δὲ
901 3956 1077 4026 μόνος,
1111 3957 1169 4010 ὃν
1204 3958 1394 4012 ἐλπίδα
1426 3960 1659 4031 ἐμαυτὸν

111 4037 519 4117 ὑπεγραψάμην,
563 4066 582 4097 ί
614 4047 805 4118 βοηθός
840 4068 857 4100 ι
887 4066 986 4119 μου
1021 4048 1247 4117 γέγονας
1279 4069 1296 4100 ι
1323 4051 1597 4121 κραταιός.
1636 4072 1653 4103 ι

113 4130 204 4182 Καὶ
254 4137 393 4189 κατὰ
436 4139 530 4191 τὸν
559 4138 849 4209 Σύμμαχον
888 4140 947 4193 δέ
984 4142 1185 4213 ὁμοίως
1226 4142 1468 4213 εἴρηται·
1502 4163 1520 4196 ι
1570 4147 1659 4199 Σοὶ

109 4220 496 4301 ὲπεστηρίχθην
535 4230 644 4283 ἀπὸ
686 4231 939 4303 γαστρὸς,
977 4234 1084 4286 ἀπὸ
1114 4234 1221 4286 τῶν
1261 4236 1542 4290 ἐνδοσθίων
1562 4240 1659 4310 τῆς

111 4315 297 4384 μητρός
341 4336 445 4389 μου
502 4320 565 4373 σὺ
611 4322 817 4386 ἐπεῖδές
864 4339 951 4394 με.
983 4325 1076 4387 Εἰς
1114 4326 1171 4377 σὲ
1211 4329 1241 4397 ἡ
1280 4326 1516 4400 άναμονή
1554 4348 1656 4400 μου

108 4403 397 4479 ἐνδελεχῶς,
428 4412 563 4465 ὡσεὶ
593 4414 756 4483 τέρας
799 4416 1063 4486 ἐγενόμην
1089 4420 1200 4480 τοῖς
1225 4420 1434 4482 πολλοῖς
1454 4438 1466 4449 ·
1508 4425 1570 4475 σὺ
1601 4423 1655 4475 δὲ
1690 4436 1693 4439 ·

109 4501 411 4573 πεποίθησῖς
452 4522 554 4576 μου
588 4507 803 4578 ἰσχυρά.
840 4526 858 4559 ι

169 4630 185 4662 ι
211 4614 562 4690 Πληρωθήτω
575 4620 636 4672 τὸ
660 4621 829 4691 στόμα
842 4641 941 4694 μου
958 4623 1234 4688 αἰνέσεως,
1260 4625 1406 4688 ὅπως
1432 4627 1657 4697 ὑμνήσω

104 4701 189 4774 τὴν
208 4705 359 4775 δόξαν
394 4727 514 4773 σου,
540 4711 669 4782 ὅλην
699 4713 796 4784 τὴν
818 4714 1027 4787 ἡμέραν
1066 4715 1164 4786 τὴν
1191 4717 1657 4789 μεγαλοπρέπειαν

107 4808 206 4880 σου.
240 4816 257 4849 ι
291 4800 432 4872 Ἤδη
470 4806 568 4874 μὲν
601 4803 739 4858 κατά
779 4805 870 4858 τὸν
905 4805 1239 4876 παρελθόντα
1273 4810 1459 4879 χρόνον
1484 4808 1656 4880 ὖμνη-

108 4873 181 4969 σίξ
205 4892 321 4945 μου.
345 4873 534 4962 φησιν,
583 4894 640 4944 ἐν
686 4894 768 4945 σοὶ
796 4873 1327 4962 γέγονε-διαπαντόςῖ
1365 4896 1501 4969 πλὴν
1521 4873 1657 4951 αλλὰ

103 4964 190 5055 οιαὶ
208 4970 333 5040 περὶ
364 4979 463 5024 τοῖο
490 4980 767 5045 μέλλοντος
785 4981 994 5053 δέομαι,
1022 4982 1097 5045 ὡς
1126 4982 1191 5037 ἂν
1216 4983 1406 5055 μέχρις
1423 4964 1657 5055 ἐσχάτης

103 5054 238 5127 ὧρας
267 5060 362 5113 τοῦ
396 5062 515 5133 βίου
542 5067 604 5120 τὸ
638 5071 809 5144 στόμα
836 5089 937 5143 μου
968 5074 1068 5143 τῆς
1102 5074 1201 5145 σῆς
1236 5054 1490 5137 αἰνέσεως
1521 5076 1657 5146 πλη-

103 5145 250 5238 ξίῖξτο»
279 5153 375 5205 καὶ
399 5153 573 5216 οὕτως
589 5173 653 5225 γε
681 5162 952 5235 πληρᾷηο,
981 5163 1058 5227 ὡς
1088 5164 1289 5234 μηδένα
1322 5164 1504 5237 χώραν
1531 5145 1654 5238 σχο-

102 5232 354 5328 λάξουσαν
402 5242 546 5313 ἔχειν
605 5246 733 5317 πρὸς
764 5232 982 5305 «hamo
1029 5232 1463 5324 crees-{7550a,
1521 5232 1654 5328 μηδέ

100 5326 395 5399 ἀνθρώποις
446 5335 683 5404 ὁμιλεῖν⁸
730 5340 823 5392 καὶ
866 5343 1023 5398 τοῦτό
1080 5362 1169 5415 μοι
1227 5346 1463 5417 ὑπάρξαι
1518 5326 1653 5412 άξιῶ

101 5420 230 5512 κατὰ
259 5426 442 5478 πᾶσαν
468 5428 699 5501 ἡμέραν,
727 5431 817 5485 καὶ
841 5434 899 5485 ἐν
922 5435 1001 5506 τῷ
1028 5437 1187 5490 παντὶ
1211 5439 1385 5509 χρόνῳ
1407 5442 1504 5511 τῆς
1515 5442 1653 5512 ἐμῆς

102 5509 235 5584 ζωῆς
261 5517 334 5588 μὴ
366 5518 805 5593 ἀποστερηθῆναι
822 5525 914 5578 καὶ
930 5527 1298 5600 ἀποῤῥιφῆναι
1329 5509 1530 5604 ταύτης
1550 5509 1653 5603 τῆς

100 5604 325 5676 χάριτος,
350 5608 455 5661 κᾶν
486 5611 577 5664 ἐπὶ
602 5615 801 5685 γήραος
830 5616 967 5689 ούδῷ
995 5619 1101 5671 δέοι
1121 5620 1340 5689 φθάσαι,
1371 5624 1508 5695 μηδὲ
1554 5625 1651 5694 μέ-

99 5712 209 5764 χρις
219 5700 455 5772 ἐσχάτης
466 5704 716 5776 τελευτῆς
727 5707 851 5761 άλλο
863 5709 912 5760 τί
927 5726 992 5778 με
1007 5712 1208 5782 πρᾶττε
1217 5714 1306 5784 ινῆ
1323 5713 1424 5785 πλη
1434 5715 1525 5785 ροῦ
1532 5715 1652 5768 σθαι

101 5786 152 5837 τὸ
176 5791 341 5856 στόμα
372 5811 477 5860 μου
503 5798 597 5867 τῆς
630 5797 728 5867 σῆς
761 5800 1013 5865 αἰνέσεως
1034 5804 1128 5856 καὶ
1165 5803 1261 5873 τῆς
1297 5804 1391 5874 σῆς
1424 5807 1650 5875 μεγαλο-

331 5888 597 5950 Ριτκοι.
631 5891 748 5953 Gn.
787 5894 1017 5959 XXIII.

1768 1944 1874 1988 tur.
1912 1933 2001 1989 Sic
2043 1953 2255 2007 semper
2309 1957 2328 1991 ι
2379 1939 2744 1994 cantationem
2780 1957 2797 1991 ι
2835 1940 3026 1994 habuit
3055 1940 3112 1994 in
3140 1938 3321 1994 Patris

1766 2025 1998 2083 laudem.
2032 2027 2211 2093 Quare
2240 2030 2428 2086 subdit
2461 2049 2476 2085 :
2519 2050 2537 2082 ι
2578 2029 2633 2084 In
2664 2038 2718 2086 te
2743 2032 2985 2086 cantatio
3014 2046 3133 2086 mea
3178 2047 3322 2086 sem-

1767 2134 1878 2187 per.
1924 2137 1942 2170 ›
1977 2118 2194 2175 Nullum
2241 2125 2385 2177 enim
2418 2124 2766 2194 praetermisit
2806 2131 3042 2195 tempus,
3076 2125 3206 2194 quin
3240 2126 3323 2179 vel

1765 2210 1976 2267 Patrem
2008 2213 2225 2285 hymnis
2273 2216 2597 2281 celebraret,
2641 2217 2724 2271 vel
2780 2216 2848 2271 ab
2878 2216 2999 2287 ipso
3042 2231 3141 2287 pro
3170 2225 3320 2270 tanta

1764 2305 2119 2376 obsequentia
2167 2308 2553 2363 celebraretur.
2607 2307 2809 2363 Verum
2866 2311 2961 2374 ait,
3009 2308 3155 2365 Laus
3208 2310 3321 2363 sive

1766 2398 2001 2451 cantatio
2024 2413 2142 2453 mea
2166 2398 2220 2453 in
2239 2409 2290 2456 te
2308 2398 2411 2454 fuit
2433 2416 2667 2471 semper.
2694 2398 2984 2456 Hominum
3010 2416 3141 2455 vero
3167 2400 3321 2453 multi

1765 2488 1956 2542 borum
1987 2492 2182 2561 ignari,
2220 2500 2478 2562 tanquam
2518 2493 2825 2564 prodigium
2869 2509 2957 2548 me
2990 2493 3319 2547 habuerunt.

1765 2577 2139 2650 Prodigiosum
2179 2598 2308 2653 ergo
2340 2583 2618 2653 quidpiam
2667 2583 2855 2641 multis
2895 2583 3121 2639 eﬂectus
3172 2600 3321 2649 sum,

1766 2670 1837 2724 ita
1866 2680 1923 2724 ut
1965 2673 2019 2726 in
2073 2675 2252 2729 varias
2288 2676 2355 2730 de
2406 2693 2492 2731 me
2530 2676 2830 2733 sententias
2866 2677 3114 2741 abirent;
3145 2685 3199 2733 et
3231 2677 3322 2730 alii

1764 2761 1978 2832 quidem
2012 2761 2178 2817 Deum
2208 2780 2371 2819 carne
2415 2782 2642 2820 vacuum
2673 2775 2728 2821 et
2758 2769 3161 2837 incorporeum,
3205 2768 3319 2821 sola

1762 2851 1943 2919 specie
1966 2852 2139 2906 visum
2170 2852 2225 2908 in
2257 2862 2401 2910 terra
2443 2864 2735 2927 putarent;
2768 2859 2861 2913 alii
2895 2857 3102 2912 nudum
3142 2858 3319 2911 homi-

1763 2955 1905 3004 nem,
1940 2940 2077 2995 nihil
2110 2943 2233 3013 plus
2280 2959 2441 3013 quam
2474 2944 2565 2998 alii
2596 2945 2917 3012 habentem;
2950 2945 3041 2999 alii
3066 2959 3319 2999 exsecra-

1762 3030 2006 3088 tionibus
2030 3041 2085 3089 et
2113 3035 2382 3091 conviciis
2412 3050 2497 3091 me
2525 3036 2887 3106 subiicerent;
2938 3037 3028 3090 alii
3079 3036 3320 3090 colerent

1761 3131 1816 3177 et
1847 3124 2159 3181 adorarent.
2190 3124 2335 3181 Mors
2384 3142 2514 3183 vero
2548 3142 2667 3182 mea
2714 3126 2966 3182 omnibus
3012 3126 3319 3197 prodigium

1763 3214 1921 3284 plane
1949 3215 2069 3269 fuit.
2110 3215 2244 3270 Nam
2274 3233 2398 3273 eum
2428 3218 2521 3290 qui
2550 3218 2691 3275 Deus
2730 3228 2876 3275 esset
2910 3234 3129 3274 crucem
3161 3220 3321 3273 susti-

1764 3323 1912 3373 nere,
1944 3316 1998 3363 et
2020 3308 2147 3363 talia
2178 3309 2289 3379 pati
2316 3325 2441 3366 eum
2484 3310 2579 3381 qui
2634 3311 2755 3366 aliis
2802 3312 2966 3365 vitam
2998 3311 3318 3380 impertiret,

1766 3412 1887 3453 vere
1914 3399 2217 3470 prodlgium
2250 3409 2387 3456 erat.
2422 3399 2786 3466 Quamobrem
2818 3402 2933 3457 ait:
2968 3404 2993 3452 ι
3034 3399 3318 3473 Tanquam

1762 3490 2068 3562 prodigium
2096 3491 2274 3547 factus
2304 3510 2425 3548 sum
2444 3495 2651 3551 multis.
2684 3514 2703 3547 ι
2740 3495 2845 3550 Sed
2877 3496 2933 3550 in
2959 3495 3043 3551 his
3065 3497 3319 3552 omnibus
3360 3534 3363 3539 -

1762 3588 1819 3633 tu
1853 3581 2008 3647 mihi,
2041 3582 2238 3652 inquit,
2276 3602 2295 3636 ι
2332 3584 2551 3655 adjutor
2586 3584 2764 3650 fortis,
2837 3604 2855 3637 ι
2924 3586 3097 3641 fuisti.
3136 3585 3320 3657 Neque

1759 3671 1903 3724 enim
1952 3672 2083 3725 mihi
2135 3674 2274 3728 alius
2313 3673 2532 3744 adjutor
2583 3676 2814 3731 exstitit.
2871 3674 3063 3730 Omnia
3119 3677 3317 3746 quippe

1760 3762 1948 3816 virtuti
1972 3778 2105 3819 mea:
2130 3765 2384 3821 inferiora
2414 3775 2468 3821 et
2508 3768 2733 3837 imparia
2757 3776 2915 3821 erant
2948 3784 2960 3820 :
2995 3776 3052 3821 tu
3083 3783 3211 3822 vero
3231 3783 3318 3823 so-

1761 3851 1867 3916 lus,
1902 3868 2063 3923 quem
2090 3854 2220 3908 inibi
2247 3855 2300 3909 in
2323 3871 2474 3925 spem
2505 3856 2760 3927 ascripsi,
2802 3856 2953 3913 fuisti
2996 3858 3129 3912 mihi
3167 3877 3185 3909 ‹
3223 3859 3320 3911 ad-

1755 3945 1906 4013 jutor
1937 3944 2114 4000 fortis.
2156 3965 2174 3997 ι
2210 3946 2520 4003 Secundum
2542 3949 2929 4020 Symmachum
2960 3950 3089 4005 item
3125 3950 3317 4007 simili-

1761 4047 1841 4092 ter
1875 4038 2096 4105 dicitur,
2138 4059 2156 4091 ι
2198 4038 2317 4094 Tibi
2353 4041 2706 4097 conﬁrmatus
2758 4058 2878 4098 sum
2907 4059 2973 4098 ex
3012 4051 3222 4106 ventre,
3250 4058 3317 4097 ex

1758 4128 2061 4183 visceribus
2092 4130 2281 4185 matris
2320 4145 2453 4184 mea:
2484 4138 2541 4184 tu
2575 4130 2857 4201 respexisti
2901 4147 3007 4186 me.
3056 4130 3111 4185 In
3142 4140 3194 4185 te
3224 4147 3319 4200 pa-

1757 4219 1949 4274 tientia
1998 4236 2117 4275 mea
2164 4230 2448 4292 perpetuo,
2493 4232 2749 4293 tanquam
2803 4224 3109 4295 prodigium
3141 4226 3318 4279 factus

1758 4328 1877 4367 sum
1911 4312 2095 4368 multis
2132 4332 2144 4367 :
2176 4322 2237 4367 tu
2262 4330 2391 4369 vero
2424 4315 2619 4371 ﬁducia
2654 4332 2771 4371 mea
2794 4317 2970 4371 fortis.
3013 4337 3030 4368 ι

1828 4616 1991 4673 Vens.
2037 4617 2186 4673 8-H.
2257 4634 2275 4666 ε
2346 4615 2638 4688 Repleatur
2683 4634 2745 4674 os
2803 4635 2978 4674 meum
3016 4620 3193 4685 laude,
3256 4631 3313 4676 ut

1758 4718 1971 4765 cantem
2034 4709 2259 4778 gloriam
2315 4718 2507 4775 tuam,
2570 4718 2682 4766 tota
2745 4712 2834 4767 die
2885 4714 3310 4785 magnitudinem

1757 4811 1927 4860 tuam.
1968 4822 1986 4854 ι
2018 4800 2139 4857 1am
2195 4804 2487 4874 prseterito,
2528 4806 2724 4875 inquit,
2779 4814 3039 4877 tempore,
3071 4810 3313 4863 cantatio

1757 4907 1877 4947 mea
1907 4893 1961 4948 in
1996 4901 2049 4948 te
2082 4893 2184 4948 fuit
2212 4909 2428 4966 semper
2461 4916 2472 4949 :
2525 4906 2778 4952 caeterum
2810 4914 2906 4968 pro
2940 4898 3124 4953 futuro
3172 4916 3313 4970 quo-

1756 5000 1862 5054 que
1890 4985 2157 5056 supplico,
2187 4994 2246 5041 ut
2269 4989 2336 5043 ad
2369 4991 2611 5044 ultimam
2654 4991 2777 5045 vitae
2820 4992 3008 5045 horam
3040 5008 3102 5048 os
3129 5008 3311 5047 meum

1754 5078 1915 5133 laude
1942 5086 2031 5133 tua
2060 5081 2351 5149 repleatur,
2382 5089 2436 5136 et
2466 5082 2537 5136 ita
2572 5082 2864 5153 repleatur,
2898 5091 2958 5137 ut
2984 5084 3129 5139 aliud
3152 5085 3311 5154 quid-

1754 5172 1895 5241 piam
1929 5173 2203 5242 quuendi,
2237 5174 2321 5229 vel
2350 5190 2471 5228 cum
2506 5174 2817 5231 hominibus
2848 5176 3097 5231 versandi
3128 5177 3310 5232 nullus

1753 5264 1992 5335 supersit
2031 5265 2187 5321 locus
2218 5284 2230 5319 :
2258 5280 2452 5335 meque
2480 5267 2724 5337 quotidie
2752 5275 2806 5321 et
2850 5275 2963 5322 toto
3015 5268 3139 5322 vita:
3177 5283 3310 5322 mea:
3374 5332 3375 5335 η

1752 5357 1987 5412 decursu
2042 5357 2116 5411 ita
2160 5366 2535 5427 comparatum
2570 5374 2691 5414 esse
2732 5374 2885 5427 rogo,
2922 5368 2982 5415 ut
3008 5360 3102 5413 tali
3132 5362 3306 5431 gratia

1750 5449 1974 5505 orbatus
2008 5462 2287 5515 nunquam
2315 5462 2415 5501 nec
2436 5448 2695 5519 depulsus
2725 5451 2824 5504 sim
2856 5470 2867 5503 :
2902 5459 3068 5521 utque
3090 5452 3305 5508 etiamsi
3335 5454 3338 5458 ’

1753 5542 1818 5596 ad
1844 5542 2005 5595 limen
2033 5538 2330 5594 senectutis
2359 5538 2650 5605 devenero,
2684 5543 2819 5596 nihil
2867 5543 3012 5598 aliud
3067 5544 3133 5598 ad
3166 5561 3307 5599 mor-

1750 5640 1856 5685 tem
1881 5643 2049 5698 usque
2070 5641 2345 5697 peragam,
2370 5644 2553 5697 quam,
2572 5629 2714 5698 quod
2743 5630 3017 5698 repleatur
3041 5645 3100 5685 os
3124 5646 3306 5686 meum

1750 5722 1908 5775 laude
1943 5727 1995 5773 et
2029 5718 2434 5789 magniﬁcentia
2469 5727 2581 5774 tua.
2617 5718 2722 5776 Pro
2762 5722 2853 5777 illo
2892 5731 3095 5787 autem,
3131 5740 3151 5773 ι
3190 5729 3305 5776 tota

1752 5811 1859 5879 die,
1896 5830 1913 5863 ι
1957 5810 2343 5883 Symmachus,
2383 5830 2401 5862 ι
2440 5827 2535 5883 per
2587 5827 2801 5871 omnem
2855 5814 3020 5878 diem,
3076 5833 3095 5865 ι
3133 5811 3304 5867 edidit

2910 5907 2985 5967 '25
