3776 6284
412 382 512 441 779

1073 377 1339 438 ΕυδΕΒιι
1380 375 1860 437 ϐᾹίεΑΒΙΕΝΒΙΒ
1897 377 2052 435 OPP.
2093 377 2275 433 PARS
2313 377 2400 434 ill.
2423 410 2490 420 --
2521 373 2927 437 EXEGETICA.
3511 383 3597 439 780

414 542 433 575 ‹
467 520 780 592 Repleatur,
813 522 1012 595 inquit,
1067 538 1128 578 os
1163 537 1342 578 meum
1373 516 1534 578 laude
1563 531 1677 587 tua,
1724 535 1819 591 per
1851 535 1939 574 om

2070 517 2354 591 πρεπείας.
2402 519 2545 571 Ἀντὶ
2575 518 2629 572 δέ
2652 519 2767 583 τοῦ,
2793 539 2810 570 ι
2841 513 2967 589 ὅλην
2998 517 3096 588 τὴν
3125 519 3354 591 ἡμέραν,
3381 537 3400 571 ι
3431 520 3457 572 ὁ
3477 520 3597 592 Σύμι

407 629 531 669 nem
560 613 725 679 diem,
770 613 827 668 in
867 613 1066 668 decore
1099 623 1191 668 tuo
1225 629 1294 668 ne
1341 613 1574 684 abjicias
1604 628 1691 668 me
1726 621 1969 680 tempore

407 703 726 760 senectutis.
782 722 802 757 ι
841 700 978 757 Nam
1030 703 1077 757 si
1127 703 1190 757 ad
1229 711 1566 758 senectutem
1602 715 1775 770 usque
1802 699 1968 752 vitam

406 795 662 852 devenire
698 809 875 850 meam
912 801 1181 864 oporteat,
1219 809 1328 847 non
1387 793 1568 846 abnuo
1597 805 1612 843 :
1639 789 1694 844 id
1724 787 1970 858 supplico

405 898 638 956 tantum,
664 899 722 944 ut
750 903 812 944 os
838 902 1024 943 meum
1065 901 1343 956 nunquam
1390 885 1550 939 ﬁnem
1600 883 1763 936 faciat
1823 881 1968 935 cele-

405 981 599 1038 brandi
624 980 839 1036 laudem
868 987 1018 1033 tuam
1050 986 1104 1034 et
1128 977 1583 1048 magniﬁcentiam
1605 983 1774 1029 tuam.
1811 971 1967 1039 Quod

403 1072 452 1129 si
493 1071 793 1129 senectutis
827 1085 993 1126 causa
1041 1069 1336 1140 aliquando
1369 1069 1516 1122 vires
1557 1083 1643 1121 me
1689 1061 1963 1129 deﬁciant,

403 1180 474 1220 ne
511 1175 642 1220 tunc
672 1163 891 1234 quidem
923 1176 1011 1216 me
1037 1160 1410 1231 derelinquas.
1445 1157 1570 1212 Haec
1619 1158 1672 1212 in
1721 1157 1967 1212 oratione

405 1257 591 1312 dicere
619 1255 876 1321 convenit
908 1263 1024 1310 tum
1059 1252 1344 1317 Davidem,
1373 1261 1488 1308 tum
1523 1252 1770 1324 quemvis
1797 1250 1968 1306 homi-

401 1363 525 1402 nem
573 1347 908 1418 religiosum.
942 1343 1327 1400 Animadverte
1374 1358 1538 1414 porro
1583 1343 1854 1412 quomodo
1897 1341 1966 1396 de

401 1439 683 1495 Salvatore
706 1439 773 1494 ab
794 1438 1059 1510 Apostolo
1088 1436 1314 1492 dicatur
1339 1455 1355 1492 :
1394 1455 1412 1487 ι
1443 1435 1749 1491 Cruciﬁxus
1779 1443 1862 1490 est
1894 1450 1962 1489 ex

397 1532 734 1594 inﬁrmitate,
766 1530 863 1588 sed
894 1530 1028 1584 vivit
1057 1545 1124 1585 ex
1148 1530 1352 1584 virtute
1385 1527 1481 1583 Dei
1505 1528 1572 1583 ⁸⁸.
1617 1547 1634 1578 ι
1667 1526 1782 1582 Etsi
1815 1526 1957 1580 enim

397 1639 462 1678 ex
490 1623 808 1678 inlirmitate
839 1622 1137 1676 cruciﬁxus
1162 1621 1233 1676 sit
1275 1639 1290 1687 ;
1319 1630 1372 1674 at
1399 1633 1508 1674 non
1541 1619 1609 1672 ah
1641 1618 1765 1672 aliis
1800 1631 1960 1686 supe-

395 1723 550 1770 ratus
581 1733 595 1769 :
622 1715 738 1786 ipse
767 1713 968 1784 quippe
988 1727 1110 1768 sese
1137 1711 1411 1766 inﬁrmum
1438 1709 1640 1774 eil'ecit,
1674 1723 1840 1779 seque
1863 1706 1956 1762 de-

395 1803 636 1857 dititium
667 1802 980 1856 hominibus
1016 1801 1238 1855 obtulit.
1265 1799 1423 1866 Quod
1453 1799 1617 1854 etiam
1650 1798 1767 1868 ipse
1796 1797 1952 1852 docet

2076 628 2265 682 μαχος,
2297 631 2314 662 ι
2342 611 2482 664 κατὰ
2503 615 2681 665 πᾶσαν
2717 610 2929 683 ἡμέραν
2967 631 2985 663 ι
3010 610 3236 675 ἐξέδωκε
3255 628 3269 640 ο
3307 630 3327 662 ι
3358 611 3598 684 Πλησθέξη

2067 701 2129 756 τὸ
2155 703 2330 773 στόμα
2369 720 2462 756 σου
2500 705 2684 766 αἰνους
2715 719 2808 755 σου
2841 701 2983 756 κατά
3018 703 3196 756 πᾶσαν
3218 702 3445 772 ἡμέραν,
3470 704 3521 755 ἐν
3541 709 3596 775 τῇ

2067 790 2368 866 εὐπρεπείᾳ
2405 806 2496 847 σου
2549 793 2622 864 μή
2664 793 2942 867 ἀποϐάλῃς
2971 809 3037 863 με
3073 793 3247 865 καιρῷ
3275 796 3473 866 γήρως.
3502 814 3519 848 ι
3547 797 3599 849 Εἰ

2066 883 2173 956 γάρ
2199 884 2304 938 δέοι
2358 882 2451 938 καὶ
2489 880 2648 956 μέχρι
2693 885 2882 955 γήρως
2915 886 3235 955 παρατεῖναι
3266 885 3364 955 τήν
3394 884 3596 954 ἠλικίαν,

2064 975 2221 1029 τοῦτο
2251 975 2350 1045 μὲν
2375 976 2437 1028 οὐ
2479 973 2857 1046 παραιτητέον,
2883 973 3107 1027 ἱκετεύω
3139 975 3195 1027 δὲ
3215 972 3287 1045 μὴ
3322 975 3598 1046 ἀποστερη-

2065 1067 2221 1138 θῆναί
2258 1085 2387 1121 ποτε
2434 1066 2526 1120 τοῦ
2557 1065 2941 1138 πεπληρῶσθαι
2983 1067 3044 1119 τὸ
3075 1067 3247 1137 στόμα
3275 1083 3376 1137 μου
3402 1067 3495 1137 τῆς
3519 1068 3600 1138 σῆς

2063 1161 2319 1224 αἰνέσεως
2360 1159 2453 1213 κα)⁹
2494 1159 2592 1230 τῆς
2621 1159 2721 1230 σῆς
2757 1158 3246 1230 μεγαλοπρεπείας.
3278 1159 3344 1211 Εἰ
3375 1159 3430 1212 δὲ
3452 1160 3604 1230 καιρῷ

2060 1268 2165 1304 τινι
2186 1249 2273 1305 διά
2298 1251 2473 1322 γῆρας
2496 1250 2708 1303 ἐκλίποι
2732 1252 2765 1319 ή
2817 1249 2968 1320 ἰσχύς
2991 1266 3113 1319 μου,
3146 1249 3280 1319 μηδέ
3312 1248 3430 1302 τότε
3464 1267 3522 1319 με
3547 1253 3602 1304 σὺ

2060 1342 2459 1411 ἐγκαταλίποις.
2505 1341 2690 1395 Ταῦτα
2723 1341 2820 1413 μέν
2848 1337 2940 1395 οῦν
2973 1341 3200 1413 ἁρμόζοι
3234 1341 3304 1395 ἂν
3329 1340 3499 1409 λέγειν
3523 1343 3599 1396 καὶ

2059 1433 2137 1504 τῷ
2157 1433 2317 1487 Δαυῒδ
2345 1435 2437 1488 καὶ
2480 1435 2640 1488 παντὶ
2681 1432 2951 1504 ἀνθρώπῳ
2990 1431 3227 1501 θεοφιλεῖ
3253 1433 3314 1485 ἐν
3344 1435 3460 1495 ταῖς
3487 1432 3600 1504 πρὸς

2057 1525 2146 1578 τὸν
2179 1525 2308 1580 Θεὸν
2350 1525 2670 1597 ἱκετηρίαις.
2719 1525 2840 1577 Ἐπὶ
2862 1523 2919 1577 δὲ
2947 1522 3042 1576 τοῦ
3058 1519 3310 1594 Σωῆρος
3340 1525 3603 1594 ἐπίστησον

2056 1617 2202 1681 ὅπως
2225 1619 2437 1690 εἴρηται
2479 1617 2558 1688 τῷ
2603 1616 2906 1687 Ἀποστόλῳ
2933 1615 3011 1681 τὸ,
3045 1635 3064 1668 ‹
3107 1614 3453 1687 Ἐσταυρὼθη
3485 1615 3601 1680 δὲέξ

2055 1709 2359 1773 ἀσθενείας,
2391 1708 2525 1763 ἀλλά
2552 1708 2616 1780 ζῇ
2648 1710 2712 1762 ἐκ
2741 1709 3021 1780 δυνάμεως
3045 1707 3201 1764 Θεοῦ.
3239 1728 3258 1760 ι
3297 1709 3362 1761 Εἰ
3394 1708 3498 1779 γὰρ
3522 1709 3599 1760 καὶ

2055 1801 2114 1868 ἐξ
2161 1801 2444 1864 ἀσθενείας
2497 1800 2835 1873 ἐσταυρώθη,
2879 1800 2990 1854 ἀλλ’
3019 1799 3134 1853 οῦτι
3165 1817 3230 1868 γε
3264 1801 3502 1870 νικηθεὶς
3526 1801 3602 1868 ὑφ’

395 1895 482 1948 his
500 1894 718 1951 verbis:
761 1912 780 1945 ι
821 1891 988 1950 Nemo
1017 1893 1159 1948 tollit
1187 1894 1420 1946 animam
1446 1906 1622 1946 meam
1653 1905 1684 1944 a
1713 1905 1832 1945 me:
1857 1889 1948 1944 sed

2053 1893 2273 1962 ἐτέρων,
2304 1893 2467 1955 αὐτὸς
2490 1891 2545 1945 δὲ
2584 1891 2774 1944 ἐαυτὸν
2795 1890 2993 1961 ἀσθενῆ
3024 1892 3274 1962 ποιήσας,
3314 1892 3410 1944 καὶ
3437 1890 3603 1944 ἐαυτὸν

393 1998 492 2054 ego
517 1998 660 2054 pono
692 1999 814 2039 eam
848 1998 877 2037 a
909 1984 1134 2053 meipso.
1161 1981 1492 2038 Potestatem
1522 1981 1695 2037 habeo
1719 1981 1949 2052 ponendi

391 2090 532 2142 eam,
551 2083 603 2131 et
625 2083 948 2146 potestatem
969 2076 1142 2130 habeo
1164 2074 1463 2145 recipiendi
1483 2089 1603 2129 eam
1618 2074 1684 2130 ".
1715 2093 1733 2126 ›
1755 2074 1952 2140 Quem-

391 2166 685 2220 admodum
740 2166 905 2237 igitur
960 2166 1267 2221 liumiliavit
1316 2165 1688 2237 semetipsum,
1723 2164 1950 2220 formam

391 2257 535 2310 servi
566 2256 880 2326 accipiens;
915 2258 997 2311 sic
1029 2271 1151 2312 sese
1189 2255 1467 2310 inﬁrmum
1521 2255 1721 2321 eﬁ'ecit,
1785 2263 1842 2310 ut
1884 2256 1952 2309 ab

390 2347 704 2404 hominibus
733 2348 852 2419 capi
877 2355 1083 2417 posset,
1121 2355 1288 2420 utque
1308 2364 1526 2405 crucem
1555 2350 1784 2414 subiret,
1822 2367 1841 2400 ι
1871 2347 1950 2402 ἴθι

388 2447 512 2496 ctus
537 2439 797 2495 obediens
827 2458 844 2491 ι
874 2438 1025 2493 Patri
1061 2461 1079 2492 ‹
1117 2456 1292 2512 usque
1323 2442 1390 2497 ad
1438 2451 1687 2507 mortem,
1723 2449 1950 2497 mortem

389 2540 571 2586 autem
601 2530 785 2586 crucis
807 2531 875 2584 9°.
918 2549 936 2583 ι
973 2529 1155 2596 Quare
1183 2533 1278 2598 ait;
1327 2552 1346 2585 ι
1386 2532 1523 2589 Cum
1557 2533 1816 2589 defecerit
1840 2534 1952 2589 vir-

387 2633 480 2678 tus
509 2637 652 2688 mea,
684 2638 754 2679 ne
773 2622 1125 2694 derelinquas
1158 2639 1263 2680 me.
1297 2644 1316 2677 ›
1351 2623 1559 2681 Deinde
1587 2641 1709 2680 cum
1740 2626 1951 2696 passio-

386 2729 511 2769 nem
543 2721 921 2780 memorasset,
953 2713 1226 2783 passionis
1277 2721 1562 2770 auctorum
1620 2716 1948 2770 mentionem

385 2804 518 2860 facit
545 2804 736 2860 dicens
767 2823 780 2859 :
819 2823 838 2856 ‹
883 2804 1019 2871 Quia
1055 2805 1308 2860 dixerunt
1340 2807 1548 2861 inimici
1578 2807 1682 2862 mei
1714 2807 1868 2872 mihi,
1897 2816 1950 2862 et

385 2898 477 2967 qui
501 2896 883 2952 custodiebant
913 2896 1150 2950 animam
1197 2913 1404 2965 meam;
1452 2918 1472 2951 ι
1502 2898 1615 2954 sive
1649 2899 1948 2956 secundum

387 2988 793 3061 Symmachum,
835 3005 854 3039 ι
892 2987 957 3042 Et
984 2989 1076 3059 qui
1106 2989 1473 3044 observabant
1493 2991 1728 3044 animam
1751 3007 1948 3060 meam,

386 3081 684 3136 consilium
710 3080 950 3135 inierunt
982 3080 1146 3136 simul
1177 3081 1422 3136 dicentes
1443 3122 1458 3148 ,
1490 3080 1634 3138 Deus
1663 3082 1952 3154 dereliquit

2053 1986 2325 2057 παραδοὺς
2343 1985 2652 2056 ὑποχείριον
2691 1981 3030 2055 ἀνθρώποις·
3066 1983 3094 2036 ὃ
3125 1983 3189 2055 δὴ
3235 1983 3476 2036 διδάσκει
3515 1982 3602 2051 φά-

2052 2095 2196 2132 σκων
2214 2093 2227 2106 ·
2255 2095 2273 2127 ι
2304 2076 2492 2138 Οὐδεὶς
2537 2075 2678 2146 αἴρει
2722 2074 2818 2145 τὴν
2845 2075 3020 2145 ψυχήν
3049 2091 3148 2143 μου
3174 2074 3269 2126 ἀπ’
3300 2073 3437 2143 ἐμοῦ
3457 2091 3469 2103 ·
3505 2073 3598 2147 ἀλλ’

2051 2167 2160 2238 ἐγὼ
2179 2166 2366 2239 τίθημι
2398 2166 2568 2238 αὐτὴν
2600 2167 2697 2220 ἀπ’
2717 2165 2973 2236 ἐμαυτοῦ.
3018 2165 3294 2231 Ἐξουσίαν
3317 2165 3427 2235 ἔχω
3455 2165 3600 2218 θεῖναι

2049 2259 2240 2332 αὐτὴν,
2272 2260 2365 2314 καὶ
2394 2259 2638 2324 ἐξουσίαν
2664 2257 2772 2329 ἔχω
2803 2256 2985 2310 λαϐεῖν
3017 2259 3207 2330 αὐτήν.
3246 2277 3266 2310 ι
3299 2259 3504 2330 Ὥσπερ
3523 2252 3604 2310 οὖν

2050 2353 2314 2406 ἐκένωσεν
2344 2352 2506 2415 αὐτὸς
2537 2351 2725 2404 ἐαυτὸν
2757 2350 2968 2422 μορφὴν
3001 2350 3187 2404 δούλου
3219 2350 3427 2413 λαϐὼν,
3452 2349 3603 2412 οὕτως

2048 2443 2247 2514 ἀσθενῆ
2274 2443 2462 2497 ἑαυτὸν
2510 2443 2820 2515 εἰργάσατο,
2865 2443 3011 2506 ὅπως
3041 2443 3246 2506 ἀλωτὸς
3283 2443 3503 2512 γένηται
3531 2441 3604 2494 ἀν-

2049 2534 2305 2607 θρώποις,
2328 2537 2421 2590 καὶ
2456 2537 2542 2589 ῐνα
2576 2535 2806 2606 σταυρὸν
2829 2535 3074 2606 ὑπομένῃ
3113 2553 3133 2586 ι
3173 2535 3423 2606 ὑπήκοος
3449 2531 3601 2601 γιγνό-

2053 2645 2211 2699 μενος
2256 2647 2274 2680 ι
2311 2627 2390 2700 τῷ
2442 2627 2617 2700 Πατρί
2649 2647 2667 2678 ‹
2715 2627 2874 2699 μέχρι
2927 2626 3176 2689 θανάτου,
3237 2626 3337 2679 καὶ
3394 2626 3600 2679 θανάτου

2050 2719 2304 2792 σταυροῦ.
2338 2739 2357 2772 ι
2392 2719 2482 2772 Διό
2527 2735 2691 2789 φησιν
2710 2735 2724 2749 °
2765 2738 2783 2770 ι
2833 2719 2921 2772 Ἔν
2950 2717 3027 2788 τῷ
3049 2717 3324 2770 ἐκλείπειν
3344 2717 3442 2787 τὴν
3471 2714 3600 2787 ἰσχύν

2052 2829 2153 2884 μου
2185 2813 2259 2883 μὴ
2299 2809 2670 2882 ἐγκαταλίπῃς
2716 2827 2804 2882 με.
2841 2829 2860 2862 ι
2897 2806 3030 2864 Εἶτα
3057 2809 3241 2880 ἐπειδὴ
3281 2809 3381 2862 τοῦ
3421 2807 3600 2869 πάθους

2049 2904 2241 2957 ἐαυτοῦ
2267 2903 2636 2975 ἐμνημόνευσε
2671 2905 2765 2957 καὶ⁵
2793 2902 2901 2956 τῶν
2925 2904 2986 2956 τὸ
3018 2901 3188 2966 πάθος
3230 2901 3599 2974 ἐργασαμένων

2049 2995 2353 3059 ἀκολούθως
2405 2999 2634 3048 ποιεῖται
2683 2996 2902 3066 μνήμην
2949 2994 3152 3063 λέγων’
3184 3014 3203 3046 ι
3240 2995 3364 3048 Ὅτι
3395 2991 3540 3047 εἶπαν
3557 2993 3598 3044 oi

2048 3088 2232 3161 ἐχθροί
2251 3106 2349 3160 μου
2380 3088 2523 3160 ἐμοὶ,
2547 3088 2642 3141 καὶ
2663 3090 2711 3140 οἱ
2729 3086 3090 3157 φυλάσσοντες
3114 3087 3215 3158 τὴν
3239 3085 3421 3159 ψυχήν
3447 3101 3539 3158 μου
3555 3100 3593 3134 Ἰ

382 3189 537 3239 eum;
580 3171 970 3242 persequimini
1013 3179 1066 3227 et
1119 3172 1560 3242 comprehendite
1618 3188 1781 3240 eum,
1818 3176 1948 3243 quia

2051 3181 2081 3251 ἢ
2112 3180 2251 3235 κατά
2305 3181 2396 3234 τὸν
2431 3179 2741 3250 Σύμμαχον,
2789 3197 2807 3229 ι
2855 3179 2964 3232 Καὶ
2996 3179 3044 3230 οἱ
3088 3178 3480 3249 ἐπιτηροῦντες
3514 3176 3601 3246 τὴν

381 3279 492 3320 non
517 3271 601 3318 est
631 3263 725 3333 qui
755 3262 972 3332 eripiat.
1006 3281 1024 3312 ι
1061 3261 1186 3318 lizec
1229 3263 1430 3334 quippe
1457 3262 1713 3318 dicebant
1738 3265 1944 3334 princi-

2051 3271 2219 3343 ψυχήν
2244 3289 2346 3340 μου
2399 3268 2786 3323 ἐϐουλεύσαντο
2820 3270 2912 3322 ἐπὶ
2951 3269 3008 3324 τὸ
3051 3269 3181 3323 αὐτὸ
3229 3269 3512 3338 λέγοντες·
3550 3267 3601 3320 ὐ

380 3369 481 3426 pes
513 3353 855 3409 sacerdotum
886 3361 940 3409 et
967 3354 1060 3424 qui
1100 3369 1223 3408 cum
1257 3354 1324 3409 iis
1370 3362 1548 3419 erant,
1585 3355 1640 3408 in
1695 3363 1941 3426 tempore

2051 3361 2176 3425 Θεὸς
2213 3361 2565 3429 ἐγκατέλιπεν
2599 3359 2791 3415 αὐτόν·
2835 3359 3198 3426 καταδιώξατε
3243 3361 3338 3413 καὶ
3389 3357 3600 3414 καταλά-

380 3445 659 3518 passionis
692 3455 975 3501 moventes
999 3447 1179 3516 capita
1212 3461 1312 3502 sua
1365 3454 1421 3501 et
1473 3447 1554 3502 sic
1602 3447 1889 3518 loquentes
1923 3465 1938 3504 :

2051 3451 2168 3505 ϐετε
2191 3452 2371 3517 αὐτὸν,
2395 3453 2478 3505 ὅτι
2525 3452 2626 3506 οὐκ
2668 3451 2813 3505 ἐστιν
2851 3453 2880 3504 ό
2915 3451 3190 3522 ῥυόμενος.
3235 3471 3253 3502 ι
3295 3451 3482 3504 Ταῦτα
3508 3449 3598 3520 γὰρ

384 3554 406 3590 ι
440 3537 544 3605 Qui
571 3537 805 3594 destruit
832 3537 1093 3606 templum
1127 3547 1182 3592 et
1212 3538 1269 3592 in
1299 3537 1478 3592 tribus
1509 3536 1703 3594 diebus
1735 3539 1944 3595 excitat

2051 3543 2230 3613 ἔλεγον
2274 3546 2322 3598 οἱ
2364 3546 2638 3617 ἀρχιερεῖς
2669 3543 2764 3598 καὶ
2787 3545 2836 3597 οἰ
2872 3545 2970 3597 σὺν
3000 3545 3177 3606 αὐτοῖς
3209 3542 3352 3596 κατὰ
3384 3544 3475 3596 τὸν
3499 3559 3598 3594 και-

379 3629 534 3696 illud,
560 3629 697 3686 alios
723 3630 903 3685 salvos
926 3627 1076 3693 fecit,
1113 3629 1352 3700 seipsum
1388 3645 1499 3685 non
1528 3639 1706 3702 potest
1731 3633 1940 3688 salvum

2051 3636 2139 3706 ρὸν
2167 3635 2261 3689 τοῦ
2317 3635 2542 3702 πάθους,
2592 3635 2868 3697 κινοῦντες
2896 3634 3073 3689 αὐτῶν
3113 3634 3213 3698 τὰς
3249 3635 3491 3704 κεφαλὰς
3519 3633 3598 3687 καὶ

379 3723 579 3778 facere.
617 3720 675 3777 Si
701 3737 796 3778 rex
828 3720 994 3777 Israel
1027 3729 1133 3787 est,
1161 3721 1458 3778 descendat
1484 3736 1632 3779 nunc
1651 3724 1719 3780 de
1747 3739 1937 3792 cruce,

379 3822 433 3880 et
457 3814 742 3870 credemus
769 3814 818 3868 ei
845 3815 912 3866 ".
961 3833 980 3866 ›

2043 3725 2322 3796 λέγοντες·
2365 3747 2385 3780 ι
2432 3728 2492 3782 Ὀ
2542 3727 2828 3782 καταλύων
2882 3727 2972 3780 τὸν
3019 3726 3144 3780 ναὸν
3203 3727 3296 3780 καὶ
3323 3729 3386 3779 ἐν
3441 3726 3596 3798 τρισὶν

2043 3818 2279 3889 ἡμέραις
2337 3817 2565 3890 ἐγείρων
2621 3817 2806 3881 αὐτὸν,
2849 3815 3040 3880 ἀλλους
3074 3815 3296 3879 ἔσωσεν,
3331 3816 3517 3868 ἐαυτὸν
3545 3813 3595 3865 οὐ

375 3903 592 3960 δύναται
620 3907 809 3960 σῶσαι.
851 3906 914 3959 Εἰ
980 3905 1226 3977 βασιλεύς
1257 3907 1373 3960 ἐστι
1421 3907 1513 3960 τοῦ
1560 3907 1773 3982 Ἰσραὴλ
1793 3948 1808 3974 ,
1849 3908 2140 3964 καταϐάτω
2173 3910 2268 3964 νῦν
2296 3909 2403 3964 ἀπὸ
2423 3909 2518 3962 τοῦ
2550 3909 2782 3982 σταυροῦ
2807 3949 2822 3974 ,
2871 3909 2967 3963 καὶ
2995 3907 3356 3980 πιστεύσομεν
3383 3906 3542 3979 αὐτῷ.
3574 3925 3589 3955 ο

447 4019 614 4075 Vens.
651 4019 834 4074 12-16.
875 4038 894 4070 ι
955 4018 1119 4084 Deus,
1153 4036 1221 4076 ne
1257 4022 1528 4091 elongeris
1569 4037 1600 4076 a
1647 4038 1755 4087 me,
1793 4021 1936 4079 Deus

375 4112 432 4166 in
462 4110 727 4166 auxilium
785 4126 965 4165 meum
1015 4111 1250 4181 respice.
1290 4132 1309 4164 ι
1347 4112 1558 4166 Inimici
1609 4113 1718 4168 mei
1769 4128 1936 4185 supra

376 4203 666 4262 memorati
707 4201 985 4267 dicebant,
1019 4221 1037 4254 ι
1073 4203 1216 4259 Deus
1243 4203 1531 4274 dereliquit
1563 4219 1687 4258 eum
1724 4223 1738 4259 :
1780 4224 1800 4256 ι
1834 4220 1936 4275 ego

375 4303 558 4349 autem
586 4309 720 4365 rogo
750 4295 1124 4366 deprecorque
1153 4302 1207 4350 te
1253 4293 1422 4349 Deum
1457 4310 1660 4360 meum,
1689 4302 1750 4350 ut
1783 4296 1934 4352 adsis

372 4400 588 4456 semper
637 4386 790 4450 mihi,
828 4401 1005 4456 neque
1033 4386 1224 4456 procul
1256 4402 1286 4439 a
1339 4402 1424 4440 me
1453 4385 1699 4450 recedas,
1735 4387 1830 4442 sed
1866 4388 1935 4443 ad

371 4478 632 4532 auxilium
665 4492 846 4533 meum
875 4478 1160 4548 respicias.
1183 4476 1260 4532 Te
1285 4478 1484 4548 quippe
1510 4477 1813 4548 adjutorem
1837 4494 1936 4533 na-

2118 4043 2136 4076 ι
2185 4025 2244 4078 '0
2265 4023 2416 4088 Θεὸς,
2444 4023 2518 4096 μὴ
2545 4022 2826 4095 μακρύνῃς
2851 4023 2945 4076 ἀπ’
2967 4021 3100 4093 ἐμοῦ
3120 4038 3134 4052 ⁸
3162 4024 3191 4074 ό
3219 4021 3371 4086 Θεὸς,
3409 4024 3485 4084 εἰς

2043 4116 2289 4189 βοήθειάν
2327 4133 2428 4187 μου
2455 4117 2708 4188 πρόσχες.
2735 4136 2753 4168 ι
2782 4118 2844 4168 Οί
2887 4114 2984 4186 μέν
3022 4112 3409 4184 προλεχθέντες
3430 4108 3592 4182 ἐχθροί

2045 4226 2146 4280 μου
2193 4208 2404 4277 ἔλεγον·
2452 4228 2472 4262 ι
2515 4210 2574 4264 '0
2622 4209 2754 4273 Θεὸς
2803 4208 3156 4278 ἐγκατέλιπεν
3203 4207 3399 4260 αὐτόν·
3441 4225 3459 4258 ι
3497 4201 3590 4271 ἐγὼ

2040 4299 2098 4352 δὲ
2124 4298 2386 4352 ἀντιϐολῶ
2411 4299 2508 4353 καὶ
2551 4299 2742 4371 δέομαί
2769 4317 2830 4353 σε
2869 4300 2961 4354 τὸν
2991 4297 3228 4370 ἐμαυτοῦ
3261 4297 3393 4351 Θεὸν
3424 4295 3589 4366 παρεῖ-

2037 4391 2129 4445 ναί
2191 4409 2280 4464 μοι
2337 4392 2648 4458 διαπαντὸς,
2713 4395 2846 4465 μηδέ
2905 4393 3120 4466 μακράν
3172 4410 3274 4463 μου
3333 4388 3586 4447 ἵστασθαι.

2042 4485 2328 4556 προσέχειν
2360 4485 2416 4539 δέ
2465 4487 2546 4549 εἰς
2576 4485 2675 4557 τὴν
2718 4485 2968 4556 βοήθειάν
3013 4502 3134 4556 μου.
3176 4485 3246 4537 Σέ
3279 4483 3387 4555 γὰρ
3418 4479 3600 4555 βοηθὸν,

370 4576 515 4633 ctus,
541 4570 710 4639 probe
751 4569 866 4625 scio
906 4585 992 4623 me
1024 4584 1214 4624 omnes
1245 4569 1500 4624 inimicos
1543 4585 1694 4624 meos
1725 4571 1932 4639 pudore

2051 4575 2330 4647 ιτώμενος,
2359 4573 2455 4630 οἷδ’
2490 4578 2572 4631 ὅτι
2613 4577 2814 4649 ὄψομαι
2851 4575 3374 4648 καταισχυνομένους
3405 4574 3584 4632 πάντας

368 4661 609 4717 suﬂ'usos
651 4662 896 4718 visurum
948 4676 1090 4716 esse.
1127 4660 1262 4714 illud
1293 4667 1495 4727 autem,
1531 4679 1550 4711 ι
1595 4661 1938 4716 confundan-

366 4763 480 4828 tur,
519 4773 538 4806 ι
564 4769 662 4825 pro
690 4763 954 4809 consueto
976 4754 1032 4808 in
1055 4753 1240 4807 divina
1271 4750 1555 4822 Scriptura
1579 4769 1752 4819 more,
1787 4770 1935 4809 nunc

367 4863 587 4918 quoque
640 4863 737 4918 pro
785 4865 803 4897 ι
865 4845 1271 4901 confundeutur
1323 4864 1342 4896 ι
1378 4843 1588 4899 dictum
1637 4853 1756 4912 est;
1802 4845 1935 4900 illud

368 4939 522 5003 item,
561 4957 579 4991 ι
637 4947 690 4994 et
721 4938 997 5003 deﬁciant,
1043 4957 1061 4990 ι
1095 4952 1195 5008 pro
1241 4954 1259 4988 ι
1299 4935 1553 4991 deﬁcient
1582 4935 1934 4994 detrahentes

367 5032 560 5086 animae
589 5046 742 5094 meae,
785 5049 804 5082 ι
853 5031 1084 5100 positum
1115 5038 1240 5096 est;
1295 5027 1410 5084 sive
1441 5028 1738 5082 secundum
1777 5026 1933 5100 Sym-

366 5124 645 5188 machum,
687 5141 706 5174 ‹
745 5121 1045 5177 adversarii
1075 5123 1270 5176 anima:
1288 5136 1440 5176 meae.
1478 5139 1496 5172 ι
1529 5120 1813 5188 Quomodo
1833 5137 1932 5176 au-

367 5223 479 5270 tem
511 5216 720 5287 pudore
755 5215 949 5272 suﬁ'usi
989 5214 1290 5270 defecerint
1317 5215 1410 5286 qui
1443 5230 1630 5269 necem
1660 5215 1782 5284 ejus
1813 5230 1931 5269 mo-

368 5306 451 5361 liti
481 5317 630 5374 sunt,
666 5324 775 5363 non
807 5309 972 5380 longo
1006 5309 1165 5362 nobis
1189 5323 1442 5364 sermone
1469 5306 1774 5377 disquirere
1793 5320 1932 5376 opus

369 5407 454 5454 est
481 5420 496 5455 :
528 5417 650 5454 nam
681 5417 748 5457 ex
771 5417 839 5457 eo
861 5395 1110 5472 tempore
1141 5401 1393 5474 princeps
1416 5400 1760 5456 sacerdotum
1788 5397 1931 5468 apud

370 5508 466 5548 eos
498 5488 717 5564 penitus
763 5495 980 5558 defecit,
1027 5493 1427 5549 Pharisaeorum
1464 5509 1593 5548 vero
1627 5507 1698 5548 ne
1733 5508 1930 5548 nomen

370 5583 586 5652 quidem
621 5595 889 5654 superest,
937 5601 1113 5655 neque
1160 5585 1424 5640 memoria
1460 5584 1568 5638 ulla
1603 5583 1928 5654 dignitatum

2041 4685 2140 4740 μου
2169 4668 2296 4730 τοὺς
2341 4667 2588 4740 ἐχθρούς.
2636 4668 2710 4722 Τὸ
2749 4668 2827 4734 δέ,
2869 4687 2888 4720 ι
2925 4667 3389 4740 αἰσχυνθήτωσαν,
3428 4685 3448 4718 ι
3483 4679 3586 4717 συν-

2035 4760 2180 4833 ήθως
2203 4764 2269 4833 τῇ
2294 4760 2413 4832 θείᾳ.
2433 4762 2620 4833 Γραφῇ
2657 4760 2753 4814 καὶ
2785 4760 2882 4814 νῦν
2913 4760 3033 4814 ἀντὶ
3062 4757 3180 4823 τοῦ,
3202 4755 3585 4828 «αἰσχυνθήσον-

2034 4869 2124 4906 ται
2159 4873 2177 4904 ι
2210 4855 2458 4926 εἴρηται·
2507 4856 2600 4907 καὶ
2631 4853 2711 4916 τὸ,
2755 4871 2774 4904 ι
2824 4851 3246 4913 ἐκλειπέτωσαν,
3283 4871 3304 4904 ι
3337 4849 3444 4904 ἀντὶ
3480 4843 3576 4926 τοῦ)

2045 4963 2064 4996 ι
2103 4924 2442 5014 ἐκλείψουσιν
2463 4945 2512 4998 οἱ
2548 4942 2979 5007 ἐνδιαϐάλλοντες
3005 4943 3105 5014 τὴν
3132 4943 3316 5013 ψυχήν
3345 4952 3432 5004 ,υου
3455 4945 3472 4958 ⁹
3501 4946 3518 4978 ³
3547 4924 3574 4994 ἢ

2037 5034 2180 5088 κατὰ
2197 5035 2288 5088 τὸν
2315 5035 2629 5106 Σύμμαχον,
2659 5052 2678 5085 ι
2701 5037 2750 5088 οἱ
2771 5034 3134 5104 ἀντικείμενοι
3171 5036 3234 5097 τῇ
3267 5024 3404 5094 ψυχῇ
3433 5033 3571 5089 μου.»

2041 5125 2224 5189 Ὅπως
2244 5125 2299 5178 δέ
2325 5125 2701 5178 ἐκλελοίπασιν
2733 5124 2994 5196 αἰσχύνην
3019 5117 3406 5187 καταχεάμενοι
3432 5111 3478 5162 οἱ
3497 5107 3574 5159 τὸν

2037 5213 2263 5269 θάνατον
2306 5215 2452 5286 αὐτῷ
2489 5216 2873 5288 τυρεύσαντες,
2909 5217 2970 5266 οὐ
3009 5208 3234 5280 μακρῶν
3255 5209 3379 5278 ἡμῖν
3403 5203 3477 5255 δεῖ
3496 5198 3570 5252 λό-

2033 5322 2146 5374 γων
2167 5324 2179 5336 ·
2215 5307 2374 5360 όπότε
2401 5307 2458 5373 ἐξ
2483 5307 2690 5360 ἐκείνου
2718 5304 2993 5360 ἐκλέλοιπε
3022 5293 3130 5364 πᾶς
3159 5296 3431 5370 ἀρχιερεὺς
3455 5290 3569 5360 παρ’

2035 5399 2238 5463 αὐτοῖς,
2261 5399 2570 5470 Φαρισαίων
2611 5399 2667 5452 δὲ
2709 5387 2830 5452 οὑδέ
2873 5395 3042 5464 ὄνομα
3070 5391 3150 5444 ἔτι
3189 5389 3434 5446 λείπεται,
3464 5379 3568 5434 οὐδὲ

2039 5495 2225 5564 μνήμη
2269 5490 2379 5545 τῶν
2423 5493 2553 5562 παρ’
2584 5492 2766 5552 αὐτοῖς
2785 5486 3126 5557 ἀξιωμάτων.
3181 5480 3432 5546 Ἔξέλιπον
3471 5470 3566 5564 γᾴρ

2035 5561 2294 5657 ἀρχοντες
2321 5584 2380 5648 ἐξ
2419 5561 2589 5637 Ἰούδα
2628 5584 2720 5636 καὶ
2749 5580 3038 5653 ἡγούμενοι
3070 5580 3135 5632 ἐκ
3158 5576 3262 5630 τῶν
3291 5568 3459 5646 μηρῶν
3479 5561 3567 5621 αὖ·

448 5779 490 5832 ιι
523 5779 654 5844 _Cor.
688 5791 809 5843 xui,
835 5779 888 5832 4.
963 5779 1006 5811 ³³
1048 5777 1201 5838 loan.
1247 5795 1299 5848 ι,
1337 5780 1416 5833 18.
1493 5779 1760 5854 ’°_Pliilip.
1797 5796 1857 5848 η,
1892 5781 1947 5840 8.

2051 5782 2062 5814 ¹
2091 5780 2280 5838 Matth.
2317 5795 2486 5846 xxvu,
2513 5779 2584 5836 40
