3776 6284
148 370 227 427 781
1219 362 1639 420 ’ὉΟΜΜΕΝΤΑΙ

1878 361 2215 417 PS.\I.MOS.
3247 371 3345 425 ἳθὲ

141 486 239 550 τοῦ,
272 482 361 553 τῆς
391 479 705 553 προσδοκίας
732 480 839 534 τῶν
872 481 1037 534 ἐθνῶν
1075 482 1374 554 ἐπιστάσης
1404 483 1547 537 κατὰ
1573 483 1632 551 τὴ

1855 497 1983 535 rum.
2017 480 2342 536 Defecerunt
2372 480 2573 553 quippe
2598 484 2874 554 principes
2906 500 2973 541 ex
3003 484 3144 542 Juda
3175 489 3346 543 etdu-

145 576 278 630 τοῦτο
327 568 672 633 θεσπίζουσαν
708 572 1064 641 προφητείαν.
1090 572 1200 626 Καὶ
1243 570 1365 624 οὔτε
1413 570 1636 641 βασιλεῖς

1855 589 1867 622 ι
1898 588 1964 627 ex
1992 571 2295 628 femoribus
2336 573 2477 642 ejus,
2507 587 2630 627 cum
2664 575 2974 632 advenisset
3005 582 3346 650 exspectatio

139 667 242 722 οὔτε
266 663 532 735 ἡγεμόνες,
560 661 683 714 οὕτε
706 663 846 726 τινὲς
865 663 995 733 παρ’
1016 664 1198 727 αὐτοῖς
1230 664 1484 717 δυνάσται
1514 665 1630 717 είσὶε

1854 664 2017 717 ratium
2048 663 2116 727 ",
2136 662 2437 718 secundum
2480 664 2822 735 prophetiam
2872 667 2987 723 haec
3039 670 3345 725 vaticinan-

141 759 240 815 οὐδὲ
267 775 314 809 τι
332 754 508 824 τάγμα
544 754 650 806 τῶν
681 754 845 809 πάλαι
876 758 1004 826 παρ’
1032 756 1216 818 αὐτοῖς
1250 755 1417 809 ὄντων
1460 755 1632 827 περιλε

1856 771 1903 809 n.
1933 754 2011 809 Ac
2042 771 2220 825 neque
2264 770 2444 827 reges,
2478 772 2656 828 neque
2692 757 2883 825 duces,
2920 777 3098 831 neque
3130 764 3223 817 ulli
3257 778 3347 835 pe-

137 858 348 909 λειπται·
403 851 881 922 καταισχυνθέντες
928 852 983 905 δὲ
1036 854 1239 914 πάντες
1300 851 1628 905 ὲκλελοίπασ

1855 864 1985 905 sees
2011 857 2297 921 magnates
2332 858 2481 915 sunt,
2513 862 2633 905 non
2656 851 2793 907 ordo
2832 853 3103 924 quispiam
3132 857 3346 926 prisco-

139 951 178 1003 oi
202 946 555 1008 διαῦάλλοντες
602 945 763 998 αὑτοῦ
802 944 899 1015 τὴν
945 944 1144 1015 ψυχήν.
1181 946 1268 997 Ἐν
1298 944 1458 1014 ὁποίᾳ
1492 944 1552 997 δὲ
1588 949 1630 996 at;

1853 959 1895 996 m
1922 943 2339 1012 magistratuum
2370 944 2479 999 illis
2517 954 2798 1016 superstes
2849 955 2971 1014 est;
3025 948 3122 1004 sed
3152 965 3344 1006 omnes

138 1040 284 1112 σχύνη
330 1037 680 1108 τυγχάνουσιν
729 1038 894 1090 εἰσέτι
938 1039 1031 1091 καὶ
1064 1036 1158 1091 νῦν
1185 1037 1233 1089 οἰ
1263 1036 1370 1089 τῶν
1407 1037 1629 1090 Ἰουδαία

1853 1031 2252 1088 idetrahebant
2286 1032 2483 1088 anima:
2532 1034 2675 1103 ejus,
2736 1035 2956 1092 confusi
3005 1036 3341 1096 defecerunt.

135 1131 431 1205 προεστάναι
489 1128 864 1200 νομιζόμενοι,
909 1127 1142 1201 ὁρῶντες
1182 1129 1406 1192 ἑαυτοὺς
1446 1131 1544 1199 μὲν
1588 1128 1626 1181 δι

1853 1130 1988 1177 tanta
2020 1138 2149 1179 vero
2168 1124 2221 1178 in
2252 1123 2583 1181 confusione
2604 1135 2897 1183 versantur
2927 1129 3218 1202 hodieque,
3249 1135 3344 1204 qui

133 1225 292 1293 πάσης
324 1219 545 1290 Γραφῆς
583 1219 676 1273 ἐπὶ
704 1218 1167 1289 εἰδωλολατρείαις
1199 1218 1618 1290 διαϐεϐλημένου

1852 1214 1976 1269 diris
2024 1230 2265 1284 praeesse
2295 1224 2582 1285 putantur,
2639 1217 2889 1276 videntes
2940 1236 2999 1277 se
3047 1224 3250 1292 passim
3288 1224 3343 1279 in

130 1316 283 1370 πάντα
308 1314 361 1366 δὲ
396 1312 463 1364 τὰ
502 1312 624 1365 καθ’
650 1311 783 1383 ὅλης
810 1312 909 1383 τῆς
943 1312 1270 1384 οἰκουμένης
1298 1312 1424 1383 ἔθνη
1459 1311 1547 1365 διὰ
1573 1311 1621 1363 ei

1857 1304 2079 1375 ripturis
2095 1306 2421 1362 idololatriae
2442 1308 2663 1365 nomine
2692 1313 2966 1381 accusari,
2993 1328 3186 1372 omnes
3217 1331 3348 1371 vero

126 1406 205 1460 τοῦ
234 1402 460 1476 Χριστοῦ
507 1403 851 1467 διδασκαλίας
884 1404 981 1475 τῆς
1025 1404 1502 1475 πατροπαραδότου
1542 1403 1617 1457 πλ

1855 1398 2080 1452 rorbem
2109 1406 2299 1469 gentes
2332 1415 2429 1470 per
2458 1401 2666 1456 Christi
2700 1403 3008 1460 doctrinam
3045 1421 3075 1461 a
3118 1416 3346 1478 paterno

127 1515 209 1569 γης
234 1495 668 1568 μεταϐεϐληκότα
685 1513 699 1526 ·
729 1498 786 1548 ὲν
804 1491 884 1560 οἷς
901 1496 1003 1568 ἤδη
1030 1496 1407 1566 τυγχάνουσιν,
1441 1498 1618 1566 ὲντροι

1851 1502 1958 1543 'ore
1984 1488 2289 1545 descivisse
2325 1506 2425 1546 :ac
2462 1492 2517 1546 in
2544 1494 2746 1563 quibus
2789 1496 2926 1552 locis
2977 1498 3087 1568 jam
3115 1499 3342 1570 degunt,

125 1590 331 1662 ὁρῶντες
357 1590 589 1653 ἑαυτοὺς
626 1589 722 1660 μὲν
753 1589 853 1659 τῆς
876 1588 1155 1660 βασιλικῆς
1185 1588 1364 1643 αὐτῶν
1402 1606 1616 1660 μητροπ

1854 1594 1874 1635 c
1903 1580 2022 1635 sine
2038 1581 2372 1638 confusione
2396 1592 2708 1655 cernentes,
2736 1602 2795 1643 se
2814 1588 3034 1659 quidem
3069 1592 3218 1663 regia
3245 1608 3345 1647 sua

126 1684 243 1746 λεως
267 1683 357 1734 καὶ
383 1681 745 1753 ἀποδλήτους,
767 1681 1028 1752 ’Έλληνας
1056 1681 1111 1734 δὲ
1143 1680 1340 1751 ἄνδρας
1370 1679 1617 1747 ἁλλογενε

1857 1672 2066 1744 :tr0poli
2088 1680 2347 1731 extrusos
2377 1691 2442 1732 ac
2464 1676 2728 1747 dejectos,
2763 1677 2981 1735 Graecos
3015 1690 3194 1737 autem
3220 1685 3348 1739 alie-

122 1775 203 1829 καί
247 1773 576 1843 ἀλλοφύλους
618 1774 710 1827 τὸν
755 1774 917 1827 τόπον
968 1774 1146 1826 αὐτῶν
1198 1773 1497 1836 οἰκοῦντας,
1533 1790 1613 1826 κα¹

1855 1781 2002 1835 genas
2032 1774 2087 1821 et
2119 1774 2412 1826 extraneos
2438 1770 2616 1825 locum
2654 1788 2815 1828 suum
2843 1772 3181 1843 incolentes;
3216 1793 3346 1848 gen-

124 1866 284 1929 πὰσας
318 1882 375 1919 τε
407 1864 682 1935 ἐπαρχίας
721 1866 813 1919 καὶ
858 1863 1059 1937 χώρας,
1102 1864 1196 1917 καὶ
1231 1864 1414 1928 πόλεις
1456 1866 1582 1929 τοὺς
1614 1906 1615 1909 η

1861 1874 1962 1929 que
1984 1861 2039 1913 in
2068 1862 2324 1918 omnibus
2354 1864 2677 1934 provinciis,
2705 1866 3023 1939 regionibus
3046 1870 3346 1925 eturbibus

116 1956 267 2010 ἐθνῶν
288 1956 386 2021 τὰς
412 1955 547 2028 περὶ
578 1954 672 2008 τυῦ
703 1956 951 2028 Σωτῆρος
985 1953 1327 2027 προφητικὰς
1356 1954 1539 2025 φωνὰς
1578 1972 1607 2008 κ

1852 1950 2130 2021 opheticas
2162 1950 2479 2010 Servatoris
2511 1970 2675 2011 voces
2706 1957 3108 2027 praedicantes?
3135 1959 3343 2015 Confu-

118 2049 425 2123 ρύττοντας;
464 2048 710 2119 Δίσχύνη
747 2048 803 2100 δὲ
841 2047 1055 2120 ἀληθῶς
1102 2048 1194 2101 καί
1230 2048 1463 2118 ἐντροπὴ
1491 2064 1609 2100 κατε

1853 2061 1861 2093 μ
1906 2057 2093 2098 revera
2122 2054 2176 2099 et
2204 2044 2505 2115 ignominia
2539 2046 2751 2104 animas
2788 2063 2977 2103 eorum
3012 2049 3233 2116 invasit,
3265 2050 3344 2103 vi-

111 2143 262 2213 ληφεν
292 2142 475 2197 αὐτῶν
528 2141 627 2206 τὰς
659 2140 857 2212 ψυχὰς,
890 2142 984 2194 τὸν
1014 2140 1140 2210 χθὲς
1160 2141 1225 2193 δι’
1259 2139 1438 2194 αὐτῶν
1460 2157 1591 2194 σταυ

1856 2140 1968 2188 ntes
1987 2148 2112 2189 eum
2129 2136 2223 2205 qui
2247 2136 2316 2191 ab
2335 2136 2469 2207 ipsis
2494 2137 2751 2193 hesterna
2778 2138 2867 2194 die
2896 2139 2965 2194 ad
2997 2154 3216 2197 crucem
3236 2150 3347 2197 tra-

110 2233 470 2304 παραδοθέντα
505 2233 629 2288 καθ’
670 2235 799 2306 ὅλης
836 2236 935 2306 τῆς
986 2233 1309 2304 οἰκουμένης
1342 2250 1601 2303 προσκυνι

1859 2239 1923 2278 us
1939 2233 2042 2289 est,
2061 2240 2160 2295 per
2172 2233 2348 2281 totum
2368 2226 2557 2283 orbem
2573 2229 2788 2283 adorari
2802 2228 3083 2301 Deumque
3095 2232 3350 2301 praedica-

109 2341 253 2394 μενον
290 2327 386 2379 καὶ
422 2325 849 2397 θεολογούμενον
889 2325 1162 2397 ὁρῶντας·
1198 2325 1235 2380 ἃ
1276 2324 1340 2397 δὴ
1375 2323 1600 2395 ἐπληροῐ

1858 2332 1862 2375 ;
1883 2329 2003 2384 qua:
2022 2330 2154 2371 sane
2171 2316 2392 2391 impleta
2410 2326 2539 2372 sunt
2560 2328 2958 2391 consequenter
2976 2320 3043 2375 ad
3055 2321 3195 2376 hanc
3213 2337 3349 2393 prte-

107 2417 399 2481 ἀκολούθως
422 2421 493 2489 τῇ
526 2417 667 2488 μετὰ
693 2420 883 2489 χεῖρας
923 2418 1223 2490 προρρήσει
1249 2417 1544 2488 λεγούσῃοι
1573 2417 1598 2470 Ι

1860 2404 2070 2460 :tionem
2091 2406 2168 2462 sic
2187 2402 2479 2465 habentem
2510 2429 2522 2466 :
2554 2417 2582 2463 ἰ
2615 2401 2922 2468 lnduantur
2947 2413 3272 2469 confusione
3296 2423 3351 2469 et

107 2509 503 2579 ριόαλέσθωσαν
541 2508 799 2580 αἰσχύνην
833 2509 928 2573 καὶ
949 2509 1212 2581 ἐντροπὴν
1237 2511 1286 2563 oi
1304 2509 1593 2581 ζητοῦντες

1859 2499 2081 2552 terentia
2093 2500 2183 2570 qui
2199 2508 2449 2570 quaerunt
2466 2504 2604 2556 mala
2619 2503 2749 2558 mihi
2760 2547 2772 2559 .
2786 2503 2881 2559 »Ει
2894 2505 2970 2559 illi
2987 2505 3203 2576 quidem
3222 2507 3350 2560 talia

103 2601 236 2653 κακά
266 2618 408 2671 μοι.»
432 2602 550 2654 Καὶ
577 2595 720 2654 οὗτοι
755 2600 852 2670 μὲν
876 2600 999 2655 τάδε
1028 2601 1324 2655 πείσονταιο
1361 2620 1380 2652 ι
1403 2600 1542 2669 Ἐγὼ
1563 2601 1594 2653 δη

1858 2590 2090 2645 tientur:
2113 2610 2131 2643 (
2152 2608 2255 2662 ego
2269 2608 2421 2659 vero,
2449 2614 2466 2647 ι
2496 2596 2593 2660 ait,
2617 2604 2698 2651 tot
2714 2597 2873 2654 malis
2894 2598 3200 2656 aﬂ‘ectusab
3224 2599 3349 2664 illis,

102 2691 187 2744 ὑπ’
215 2692 395 2746 αὐτῶν
412 2693 485 2746 τὰ
518 2692 752 2746 τοσαῦτα
772 2691 1072 2757 πεπονθὼς,
1102 2710 1121 2744 ι
1157 2693 1463 2757 διαπαντὸς,
1493 2709 1593 2764 (me

1859 2699 2041 2754 emper
2071 2688 2324 2755 sperabo,
2360 2694 2417 2743 et
2462 2687 2718 2758 adjiciam
2769 2705 2935 2759 super
2974 2706 3192 2747 omnem
3230 2694 3350 2747 lau-

102 2784 276 2848 ἰλπιῶ,
299 2787 398 2839 καὶ
428 2785 731 2858 προσθήσω
754 2786 852 2840 ἐπὶ
904 2788 1082 2839 πᾶσαν
1106 2784 1202 2856 τὴν
1243 2785 1445 2839 αἴνεσίν
1500 2803 1593 2838 σου

1860 2791 1900 2829 m
1935 2785 2137 2832 tuam.»
2178 2777 2320 2833 Cum
2348 2788 2530 2835 autem
2571 2782 2641 2835 ab
2671 2782 2928 2838 omnibus
2958 2782 3351 2855 interpretibus

111 2873 248 2927 Ἐπεὶ
284 2875 343 2927 δὲ
423 2873 574 2928 κατὰ
628 2874 837 2938 πάντας
887 2875 1012 2936 τοὺς
1088 2874 1528 2944 ἑρμηνεύσαντας
1580 2890 1602 2924 τ

1858 2868 2077 2939 djiciam
2106 2888 2126 2921 ι
2148 2870 2384 2936 dicatur,
2406 2879 2460 2928 et
2476 2872 2672 2943 Aquila
2693 2874 2773 2929 sic
2791 2874 3008 2940 habeat,
3033 2894 3058 2928 ιι
3080 2875 3348 2947 Adjiciam

100 2982 120 3015 ι
146 2966 439 3038 προσθήσω
473 3007 490 3032 ,
539 2986 557 3019 ι
581 2967 831 3021 λέλεκται
867 2968 896 3020 ὅ
928 2984 989 3020 τε
1040 2965 1271 3029 Ἀκύλας
1295 2967 1457 3036 φησὶ,
1492 2984 1512 3019 ι
1570 2966 1591 3017 1

1861 2978 1944 3032 per
1974 2978 2168 3019 omnes
2197 2964 2451 3036 hymnos,
2496 2984 2515 3018 ι
2547 2964 2911 3037 Symmachus
2942 2985 3092 3034 vero,
3124 2988 3143 3022 ι
3162 2969 3228 3023 Ει
3259 2970 3352 3024 ad-

94 3059 383 3131 προσθήσω
418 3059 523 3113 ὲπὶ
558 3059 738 3123 πάσας
770 3060 1066 3129 ὑμνήσεις·
1112 3078 1131 3111 ι
1164 3059 1258 3112 καὶ
1287 3061 1314 3112 ὁ
1340 3058 1585 3130 Σύμμαχ‹

1861 3054 1962 3107 iam
1998 3053 2250 3125 hymnis;
2277 3074 2297 3107 ι
2335 3055 2458 3110 vide
2487 3070 2619 3109 num
2672 3056 2891 3129 hymnis
2927 3057 3109 3114 Patris
3139 3060 3225 3115 sui
3256 3060 3352 3114 ad-

95 3171 116 3204 t
158 3152 245 3205 καὶ
280 3152 592 3225 προσθήσω
612 3154 724 3215 τοῖς
758 3150 971 3221 ὕμνοις⁵
1005 3168 1024 3203 ι
1057 3150 1157 3223 δρα
1179 3153 1227 3204 εἰ
1259 3150 1332 3222 μὴ
1362 3149 1586 3222 προσθήι

1863 3154 2143 3201 amentum
2201 3144 2415 3213 fecerit,
2465 3146 2676 3201 Novum
2721 3146 3141 3217 Testamentum,
3170 3150 3353 3208 Veteri

88 3246 379 3315 ἐποιήσατο
416 3246 543 3307 τοῖς
573 3243 666 3296 τοῦ
696 3242 904 3312 Πατρὺς
933 3240 1140 3312 ὕμνοις,
1168 3240 1264 3313 τὴν
1306 3240 1513 3312 Καινὴν
1562 3244 1579 3294 Δ

1864 3238 2023 3294 dens.
2061 3238 2250 3310 Neque
2276 3239 2424 3295 enim
2453 3240 2637 3310 priora
2677 3242 2919 3306 sustulit,
2961 3259 3086 3297 cum
3113 3246 3352 3300 secunda

91 3336 253 3408 θήκην
284 3338 430 3408 πρὸς
466 3339 542 3408 τῇ
590 3335 800 3404 Παλαιᾷ
834 3332 1126 3405 παραδούς.
1156 3334 1230 3387 Οὐ
1282 3332 1578 3405 γὰρὰνεῖλε

1861 3330 2006 3399 iecit,
2042 3331 2139 3387 sed
2167 3330 2604 3387 additamentum
2632 3332 2835 3389 effecit.
2892 3332 3050 3421 Quod
3089 3336 3253 3390 etiam
3297 3336 3352 3390 in

87 3426 294 3498 πρῶτα,
325 3425 658 3496 εἰσαγαγὼν
689 3425 758 3479 τὰ
788 3423 1036 3496 δεύτερα,
1068 3424 1385 3497 προσθήκην
1402 3425 1461 3479 δὲ
1487 3426 1578 3479 ὲπε

1861 3438 1901 3477 IS
1940 3422 2191 3477 doctrina
2218 3424 2461 3494 reperire
2500 3432 2606 3491 est,
2662 3425 2750 3481 ubi
2792 3425 2871 3481 ait
2919 3446 2931 3480 :
2973 3445 2991 3479 ι
3016 3426 3229 3484 Dictum
3266 3439 3352 3484 est

86 3533 208 3571 σατο
225 3535 239 3547 ·
274 3517 375 3571 καὶ
408 3517 583 3571 τοῦτό
608 3519 757 3570 ἐστιν
783 3518 966 3588 εὑρεῖν
992 3518 1049 3569 ἐν
1073 3518 1193 3580 ταῖς
1221 3516 1385 3570 αὑτοῦ
1422 3516 1577 3571 διδασν

1865 3514 2047 3585 Liquis,
2082 3513 2200 3569 Non
2239 3515 2496 3584 occides;
2531 3532 2633 3587 ego
2663 3528 2843 3573 autem
2892 3518 3018 3574 dico
3070 3519 3248 3581 vobis.
3276 3518 3356 3575 Ne

81 3606 233 3673 λίαις,
257 3609 328 3663 δι’
359 3603 442 3664 ὧν
481 3626 651 3678 φησιν
672 3624 685 3637 ⁸
729 3628 747 3660 ι
770 3608 999 3680 Ἐρρέθη
1030 3612 1142 3672 τοῖς
1167 3609 1432 3681 ἀρχαίοις,
1475 3610 1548 3663 Ού

1859 3606 2120 3663 .scamini.
2152 3606 2367 3663 Dictum
2393 3618 2478 3664 est
2508 3611 2770 3682 antiquis,
2799 3610 2918 3667 Non
2950 3614 3350 3681 mwchaberis;

80 3699 318 3765 νεύσειςο
355 3701 482 3770 ἐγὼ
517 3702 577 3755 δὲ
600 3701 743 3770 λέγω
761 3740 776 3765 ,
803 3700 935 3772 μηδὲ
957 3700 1286 3771 ὀργίζεσθαι.
1324 3701 1571 3773 Ἐρῤέθηι

1859 3714 1881 3753 ι)
1933 3709 2115 3754 autem
2145 3700 2271 3754 dico
2317 3701 2497 3765 vobis,
2530 3701 2609 3757 Ne
2655 3704 3064 3773 concupiscatis
3085 3706 3188 3770 ⁹³,›
3222 3715 3277 3761 et
3306 3709 3350 3761 si

75 3789 343 3863 ἀρχαίοις,
376 3794 461 3847 Οὐ
499 3791 843 3864 μοιχεύσεις·
874 3790 985 3859 ἐγὼ
1029 3792 1087 3844 δὲ
1110 3792 1272 3862 λέγω,
1315 3793 1450 3863 μηδὲ
1495 3794 1565 3846 ὲπ

1863 3805 1888 3842 a
1944 3790 2166 3854 similia,
2219 3806 2341 3861 quae
2397 3792 2670 3862 spirituali
2718 3809 2884 3849 sensu
2933 3802 2987 3850 et
3028 3796 3354 3866 interpreta-

78 3887 224 3953 μεῖν·
264 3904 284 3936 ι
327 3886 432 3939 καὶ
469 3886 578 3939 ὅσα
609 3884 745 3939 ἄλλα
775 3883 1000 3939 τοιαῦτα.
1031 3885 1348 3958 προσθήκην
1374 3884 1564 3955 ἔχοντα

1864 3896 1931 3936 ne
1980 3882 2277 3946 intellecta,
2313 3890 2368 3937 et
2414 3883 2847 3939 additamentum
2900 3886 3005 3958 legi
3040 3888 3350 3951 inferentia.

73 3974 169 4046 τῆς
193 3977 599 4048 πνευματικῆς
622 3976 853 4048 θεωρίας
882 3993 941 4029 τε
968 3976 1063 4030 καὶ
1081 3976 1374 4049 ἑρμηνείας
1395 3975 1487 4029 τοῦ
1515 3977 1564 4029 νά

1878 3972 2121 4029 Ecclesia
2176 3975 2298 4046 ejus
2346 3976 2544 4033 tradita
2597 3986 2750 4033 sunt.
2794 3977 2902 4033 Sed
2933 3980 3120 4044 etiam,
3155 3981 3351 4052 inquit.

71 4065 126 4116 ὲν
152 4070 220 4138 τῇ
259 4068 588 4140 Ἐκκλησία
614 4068 780 4122 αὑτοῦ
813 4068 1191 4141 παραδέδοται.
1240 4068 1399 4123 Ἀλλὰ
1440 4070 1534 4123 καὶ

1863 4078 1890 4118 s
1921 4078 2105 4118 meum
2131 4065 2769 4135 annuntiabitjustitiam
2813 4075 2985 4123 tuam.
3008 4087 3029 4121 ι
3074 4069 3352 4141 Siquidem

71 4157 244 4229 στόμα
312 4177 430 4232 μου
461 4199 479 4224 ,
578 4160 742 4231 φησὶν
766 4199 780 4224 ,
839 4161 1128 4229 ἀναγγελεῖ
1192 4161 1291 4232 τὴν
1335 4159 1562 4214 δικαιοσι

1865 4155 2048 4210 .titiam
2082 4155 2177 4212 Dei
2210 4158 2431 4215 exhibet
2457 4158 2831 4229 Evangeliutn,
2861 4178 2970 4217 non
2990 4162 3194 4220 Judaeis
3217 4166 3356 4220 dun-

68 4267 179 4303 σου.
208 4271 226 4304 ι
249 4252 330 4305 Τὸ
372 4252 502 4325 γὰρ
538 4252 864 4321 Εὐαγγέλιον
879 4254 1222 4325 δικαιοσύνην
1244 4253 1495 4324 ἐμφαίνει
1522 4253 1559 4307 Θ

1861 4253 1931 4299 Lat
1960 4245 2317 4313 destinatum,
2348 4255 2408 4301 ut
2436 4250 2521 4303 lex
2550 4266 2646 4319 per
2668 4250 2907 4323 Moysem
2955 4253 3102 4310 data.
3147 4254 3352 4320 Quam-

65 4345 161 4398 οὐκ
178 4346 484 4410 Ἰουδαίοις
522 4347 706 4418 μόνοις
727 4346 1109 4418 ἀφωρισμένον
1133 4345 1320 4418 ὥσπερ
1345 4348 1373 4400 ὁ
1399 4346 1485 4400 διὰ
1514 4349 1556 4400 Μ

1863 4352 1969 4393 rem
2002 4339 2077 4393 ait
2104 4337 2437 4409 Apostolus:
2478 4360 2497 4395 ι
2527 4341 2647 4399 Νυη
2680 4346 2826 4400 enim
2868 4349 3135 4403 erubesco
3171 4348 3354 4403 Evan-

65 4435 201 4499 σέως
228 4437 436 4507 νόμος.
475 4435 574 4489 Διό
604 4452 768 4505 φησιν
789 4438 818 4488 ὁ
857 4435 1176 4500 ’Δπόστολος
1198 4453 1211 4466 ·
1244 4455 1261 4488 ι
1293 4437 1369 4490 Οὐ
1398 4436 1507 4507 γὰρ
1523 4437 1556 4488 ὲλ

1861 4431 2003 4486 lium.
2057 4430 2247 4488 Virtus
2279 4436 2424 4490 enim
2456 4435 2548 4492 Dei
2574 4447 2659 4493 est
2699 4438 2755 4492 in
2790 4440 3020 4495 salutem
3052 4441 3202 4496 omni
3230 4458 3352 4497 creo

63 4527 338 4600 σχύνομαι
376 4528 449 4581 τὸ
477 4528 835 4596 Εὐαγγέλιον.
872 4528 1110 4599 Δύναμις
1136 4527 1242 4601 γὰρ
1267 4528 1401 4581 Θεοῦ
1429 4530 1554 4582 ἐστι’

1863 4524 1953 4587 nti,
1989 4523 2178 4579 Judan
2207 4528 2445 4596 primum
2475 4536 2529 4583 et
2550 4528 2764 4591 Greco.
2819 4530 3040 4586 Justitia
3068 4534 3216 4588 enim
3260 4532 3354 4590 Dei

59 4622 348 4692 σωτηρίαν
382 4620 567 4674 παντὶ
594 4619 671 4690 τῷ
697 4620 1030 4685 πιστεύοντι,
1092 4620 1328 4692 Ἰουδαίῳ
1357 4639 1416 4675 τε
1463 4638 1550 4693 πρ4

1872 4630 1938 4670 eo
1967 4618 2240 4673 revelatur
2277 4618 2378 4673 ν’.»
2397 4619 2608 4677 Idcirco
2627 4622 2720 4677 hic
2747 4623 2990 4679 dicitur:
3024 4644 3042 4676 ι
3067 4623 3141 4679 Os
3175 4641 3354 4681 meum

56 4711 149 4764 καὶ
180 4713 454 4784 Ἕλληνι.
503 4713 832 4783 Δικαιοσύνη
863 4712 968 4784 γὰρ
1005 4711 1140 4765 Θεοῦ
1174 4714 1233 4767 ὲν
1278 4712 1427 4784 αὐτῷ
1468 4713 1547 4766 ἀπ

1860 4708 2130 4763 nuntiabit
2143 4709 2417 4780 justitiam
2435 4723 2606 4777 tuam,
2626 4723 2739 4768 tota
2765 4715 2852 4771 die
2878 4716 3109 4772 salutem
3134 4726 3279 4773 tuam
3304 4737 3350 4785 ;ι

55 4799 345 4859 λύπτεται.
410 4823 434 4857 ι
473 4802 575 4856 Διὸ
623 4801 856 4856 ἐνταῦθα
890 4801 1134 4856 λέλεκται
1156 4819 1171 4829 “
1215 4821 1234 4854 ι
1268 4804 1342 4856 Τὸ
1364 4802 1538 4874 στόμα

1863 4813 1903 4853 ’Θ
1950 4801 2254 4856 secundum
2305 4803 2718 4871 Symmachum,
2774 4824 2792 4856 ι
2822 4804 2928 4861 Per
2963 4821 3183 4863 omnem
3214 4808 3354 4863 diem

54 4884 365 4956 ἀναγγελεῖ
399 4892 519 4963 τὴν
544 4891 888 4963 δικαιοσύνην
918 4908 1034 4958 σου,
1059 4891 1188 4964 ὅλην
1215 4892 1314 4963 τὴν
1339 4893 1545 4964 ἡμέραν

1863 4890 2023 4945 lutem
2060 4900 2273 4948 tuam.»
2317 4892 2486 4965 quue
2517 4911 2613 4965 per
2647 4906 2821 4951 totum
2850 4897 3040 4952 orbem
3074 4899 3354 4970 impletum

56 4980 352 5050 σωτηρίαν
384 4996 498 5032 σου
523 4999 537 5013 ·
581 5002 601 5036 ›
635 4984 668 5055 ἢ
696 4982 836 5038 κατὰ
865 4983 955 5037 τὸν
988 4982 1304 5055 Σύμμαχον,
1349 5002 1368 5034 ι
1403 4983 1543 5037 κατὰ

1866 4980 1971 5036 lere
2023 4994 2149 5038 est:
2193 4982 2250 5038 in
2296 5000 2407 5055 quo
2438 5002 2502 5041 os
2536 4984 2837 5041 Salvatoris
2870 4989 3045 5043 nostri
3077 5006 3173 5060 per
3217 4991 3357 5047 divi—

54 5084 154 5123 σαν
186 5072 435 5145 ἡμέραν
471 5071 578 5142 τὴν
607 5076 878 5147 σωτηρίαν
911 5092 1025 5130 σου.
1069 5094 1088 5128 ι
1133 5076 1245 5131 Καὶ
1289 5074 1448 5131 τοῦτο
1477 5075 1533 5131 δέ

1862 5086 1887 5126 s
1951 5070 2271 5144 Scripturas
2303 5077 2561 5131 omnibus
2595 5077 2908 5134 hominibus
2936 5082 3180 5152 quotidie
3209 5083 3353 5137 salu-

50 5162 472 5234 πληρούμενον
509 5161 735 5234 θεωρεῖν
757 5166 876 5221 καθ’
891 5166 1020 5237 ὅλης
1046 5168 1145 5237 τῆς
1170 5167 1492 5238 οἰκουμένης
1516 5185 1529 5200 ο

1863 5179 1895 5217 n
1926 5165 1995 5220 ab
2032 5181 2092 5221 se
2119 5169 2376 5225 omnibus
2424 5178 2773 5240 procuratam
2808 5172 3089 5241 praedicat.
3136 5172 3231 5231 His
3254 5178 3354 5232 ad-

48 5251 109 5305 τὸ
144 5254 341 5324 στόμα
379 5251 493 5308 τοῦ
537 5252 786 5324 Σωτῆρος
818 5255 977 5325 ήμῶν
1010 5256 1097 5309 διὰ
1126 5256 1233 5310 τῶν
1265 5255 1424 5312 θείων
1452 5258 1539 5329 Γρ‹

1862 5255 1924 5319 it,
1984 5276 2003 5307 ι
2031 5254 2301 5323 Quoniam
2352 5275 2462 5315 non
2498 5263 2728 5330 cognovi
2770 5261 3155 5321 litteraturam.
3204 5286 3223 5317 ι
3252 5265 3353 5333 Qui

47 5347 221 5399 πᾶσιν
258 5343 611 5415 ἀνθρώποις
643 5345 728 5415 ἐφ’
758 5347 995 5419 ἑκάστης
1036 5350 1249 5421 ἡμέρας
1290 5352 1389 5424 τὴν
1415 5352 1482 5407 δι’
1517 5370 1538 5406 a

1860 5345 2031 5403 l\'ibll8
2071 5351 2226 5420 regni
2257 5351 2514 5419 acceptis,
2548 5365 2724 5421 neque
2751 5354 2853 5425 ipsi
2885 5356 3351 5427 ingrediebantur.

46 5433 533 5507 προξενηθεῖσαν
583 5434 755 5488 ἆπασι
798 5437 1072 5508 σωτηρίαν
1097 5439 1376 5509 κηρύττει.
1413 5442 1537 5496 Ἐπι

1863 5452 1965 5506 que
1993 5439 2131 5495 alios
2180 5441 2390 5511 ingredi
2433 5442 2830 5510 concedebant,
2860 5446 3225 5502 litteraturam
3258 5449 3354 5505 de-

42 5527 101 5579 δὲ
128 5528 391 5592 τούτοις,
407 5546 429 5578 ι
445 5526 583 5579 "Ott
608 5526 707 5580 οὐκ
725 5527 895 5596 ἔγνων
920 5533 1327 5603 γραμματείας.
1359 5551 1378 5586 ι
1401 5534 1511 5598 Τὰς

1883 5534 2061 5589 ebant.
2102 5535 2214 5608 Ego
2266 5553 2419 5605 vero,
2475 5536 2673 5610 inquit,
2715 5541 2809 5612 qui
2871 5542 3077 5615 Moysis
3132 5526 3374 5619 scriptis.

41 5619 354 5701 εἰληφότες
393 5620 515 5691 τῆς
547 5617 840 5699 βασιλείας,
870 5623 962 5677 καὶ
990 5624 1127 5695 μήτε
1167 5625 1321 5703 αὐτοὶ
1360 5628 1532 5698 εἰσερ)

1864 5644 1896 5681 ιι
1932 5627 2177 5695 attendo,
2212 5646 2390 5703 neque
2434 5648 2753 5705 corpoream
2802 5637 2937 5707 legis
2992 5617 3350 5697 litteraturam

113 5777 162 5809 "
188 5776 346 5834 Gen.
380 5789 560 5840 ιιιι.
594 5776 678 5832 ιο.
754 5780 801 5814 ³³
832 5777 1020 5837 Matth.
1048 5799 1099 5851 ν,
1125 5782 1215 5851 at,
1245 5783 1335 5852 27,
1363 5782 1456 5841 28.
1533 5782 1581 5818 ’δ

558 5776 678 5832 .to.
754 5780 801 5814 υ
832 5777 1020 5837 Matth.
1048 5799 1099 5851 v,
1125 5782 1335 5852 21,27,
1363 5782 1456 5841 εδ.
1533 5781 1818 5850 “RomJ,
1854 5781 2049 5849 l6,l7.
