3776 6284
432 317 537 371 7ἳ3

1105 314 1369 371 EUSEBll
1409 313 1889 370 CESABIENSIS
1928 315 1992 372 01

2121 316 2301 371 PARS
2341 317 2429 371 Ill.
2472 350 2540 358 -—
2579 319 2987 376 EXEGETICA.
3499 337 3566 394 πει

426 435 713 506 discipulis
755 434 890 490 meis
927 433 1150 498 tradidi,
1180 449 1290 488 non
1337 435 1568 504 cognovi
1601 435 1984 489 litteraturam.

2100 454 2165 490 μοι
2200 437 2336 507 μήτε
2369 437 2572 507 ἑτέροις
2630 437 3034 509 συγχωροῦντες
3063 480 3076 500 ,
3132 439 3229 502 τὰς
3275 450 3569 514 γραμματείας

429 525 568 596 Quid
597 533 778 582 autem
808 525 993 579 nosli?
1041 523 1096 577 ld
1132 533 1317 592 postea
1343 525 1589 580 declarat
1617 525 1834 581 dicens:
1867 545 1884 576 ι
1909 525 1992 578 ln—

429 619 608 674 troibo
632 620 685 673 i-n
715 617 988 690 potentias
1033 615 1250 671 Domini
1284 615 1522 680 Domini,
1553 625 1606 670 et
1646 617 1992 672 memorabor

431 711 658 784 justitia:
694 719 800 764 tuae
839 710 1063 765 solius.»
1106 709 1242 764 Nam
1280 710 1585 764 litteratura
1615 708 1818 764 ludatis
1859 710 1990 765 solis

428 808 790 878 competebat,
840 805 934 876 qui
986 815 1066 860 ter
1110 805 1167 858 in
1213 819 1357 858 anno
1399 804 1789 874 Jerosolymam
1841 804 1992 859 adire

424 897 786 968 jubebantur;
817 909 991 964 eaque
1021 893 1190 947 multa
1221 894 1326 947 alia
1357 893 1526 947 ardua
1557 909 1655 948 nec
1681 895 1990 949 necessaria

429 991 762 1046 continebat.
807 988 919 1060 Ego
947 1003 1076 1044 vero
1127 987 1181 1041 in
1226 987 1466 1058 potentia
1529 984 1743 1040 Domini
1778 986 1987 1040 Domini

431 1084 486 1137 in
531 1082 806 1138 Ecclesias
846 1095 996 1136 meas
1031 1079 1290 1146 intrsiho,
1321 1088 1374 1132 et
1401 1079 1743 1133 memorahor
1766 1078 1994 1156 justitiae

427 1183 535 1229 tua:
566 1173 755 1229 solius.
785 1171 1001 1228 Iustitia
1040 1185 1274 1241 namque
1320 1169 1498 1225 Patris
1525 1180 1662 1237 erat,
1716 1180 1774 1225 ut
1804 1186 1993 1226 omnes

429 1265 678 1321 homines
722 1262 940 1319 Graecos
975 1264 1138 1318 simul
1167 1272 1223 1317 et
1258 1262 1522 1318 barbaros
1555 1278 1653 1318 sua
1684 1264 1994 1332 cognitione

429 1358 680 1421 donaret,
713 1363 767 1411 et
796 1363 856 1410 ut
887 1356 940 1409 in
973 1354 1123 1409 omni
1153 1355 1292 1421 loco,
1330 1369 1509 1425 neque
1532 1354 1585 1409 in
1618 1370 1729 1409 uno
1755 1363 1812 1409 ut
1838 1355 1989 1422 olim,

431 1451 535 1504 coli
570 1465 629 1505 se
660 1448 1010 1518 prmeiperet;
1044 1446 1120 1500 ita
1165 1453 1226 1500 ut
1276 1447 1345 1501 ab
1395 1448 1609 1501 oriente
1657 1447 1771 1502 sole
1818 1462 1993 1516 usque

431 1543 499 1597 ad
539 1541 876 1598 occidentem
914 1555 1124 1596 nomen
1155 1539 1276 1610 ejus
1312 1541 1686 1596 celebraretur
1727 1541 1782 1597 in
1813 1541 1988 1612 genti-

431 1634 534 1688 bus
555 1634 622 1688 ’⁵.

2095 530 2363 597 κατεῖχον.
2405 527 2547 596 Ἐγὼ
2566 528 2640 592 δὲ,
2671 530 2820 598 φησὶ,
2853 529 2926 600 μὴ
2953 529 3030 600 τῷ
3065 531 3329 595 Μωῦσέως
3363 540 3571 610 συγγράμ.

2098 635 2226 688 ματι
2251 618 2549 687 προσέχων,
2571 619 2700 688 μηδὲ
2728 620 2825 682 τὰς
2854 620 2947 673 τοῦ
2972 621 3136 690 νόμου
3154 625 3434 692 σωματικὰς
3452 645 3575 700 γραμ.

2097 711 2325 779 ματείας
2356 713 2468 773 τοῖς
2488 711 2724 780 ἐμαυτοῦ
2750 713 3022 784 παραδοὺς
3048 713 3324 783 μαθηταῖς,
3349 718 3432 768 οὐκ
3454 719 3573 785 ἔγνων

2095 801 2496 872 γραμματείας.
2535 801 2598 854 Τί
2630 801 2688 855 δὲ
2727 802 2936 870 ἔγνως;
2976 803 3130 873 Ἑξῆς
3169 803 3399 873 διασαφεῖ
3423 806 3572 875 λέγων·

2101 911 2118 943 ι
2162 892 2548 962 Εἱσελεύσομαι
2574 896 2652 957 είς
2675 893 2990 957 δυναστείας
3035 894 3237 967 Κυρίου
3279 897 3478 967 Κυρίου,
3513 903 3576 954 καὶ

2099 987 2477 1059 μνησθήσομαι
2523 989 2622 1058 τῆς
2653 987 2996 1058 δικαιοσύνης
3029 1006 3121 1041 σου
3164 989 3336 1060 μόνου.
3373 1011 3389 1042 ι
3415 993 3467 1044 Δί
3512 996 3579 1064 μὲν

2096 1077 2202 1148 γὰρ
2230 1083 2606 1150 γραμματεῖαι
2666 1080 2936 1142 Ἰουδαίοις
2980 1080 3162 1151 μόνοις
3206 1083 3578 1156 ἦρμοττον,τρὶς

2093 1167 2187 1220 τοῦ
2209 1169 2454 1222 ἐνιαυτοῦ
2487 1170 3011 1241 παρακελευομένοις
3043 1174 3288 1243 ἀπαντᾷν
3325 1176 3394 1238 είς
3430 1175 3484 1228 τὰ
3514 1176 3581 1228 ἰε-

2096 1263 2388 1334 ροσόλυμα,
2417 1263 2586 1318 πολλά
2608 1282 2667 1317 τε
2689 1265 2821 1320 ἄλλα
2843 1266 3080 1338 δυσχερῆ
3126 1266 3223 1321 καὶ
3254 1268 3346 1320 οὐκ
3379 1268 3584 1336 ἀναγκαῖα

2095 1358 2386 1426 περιεῖχον.
2439 1355 2578 1425 Ἐγὼ
2609 1357 2664 1410 δὲ
2695 1361 2752 1411 ἐν
2775 1359 3060 1428 δυναστείᾳ
3080 1359 3286 1430 Κυρίου
3319 1359 3509 1430 Κυρίου,
3531 1362 3584 1424 εἰς

2093 1445 2194 1508 τὰς
2221 1445 2458 1516 ἐμαυτοῦ
2504 1448 2826 1520 Ἐκκλησίας
2866 1449 3263 1521 εἰσελεύσομαι,
3299 1451 3384 1504 καὶ
3409 1451 3586 1522 μνησθή-

2096 1555 2259 1607 σομαι
2285 1539 2384 1609 τῆς
2405 1539 2747 1612 δικαιοσύνης
2774 1557 2865 1593 σου
2898 1542 3080 1612 μόνου.
3106 1542 3414 1612 Δικαιοσύνη
3428 1541 3588 1612 γὰρτοῦ

2093 1629 2306 1699 Πατρὸς
2332 1625 2400 1699 ἧν
2429 1630 2490 1682 τὸ
2513 1629 2720 1695 πάντας
2745 1631 3064 1703 ἀνθρώπους
3100 1634 3359 1703 Ἕλληνας
3401 1634 3494 1704 ἃμα
3524 1633 3588 1685 καὶ

430 1725 735 1797 βαρϐάρους
765 1723 863 1794 τῆς
911 1721 1076 1777 αὐτοῦ
1107 1721 1507 1792 καταξιωθῆναι
1558 1720 1842 1789 γνώσεως,
1886 1718 1978 1770 καὶ
2022 1717 2082 1770 τὸ
2131 1720 2188 1772 ἐν
2212 1722 2370 1774 παντὶ
2406 1722 2574 1793 τόπῳ,
2605 1723 2738 1777 ἀλλὰ
2767 1725 2961 1795 μηκέτι
2989 1727 3046 1778 ἐν
3098 1725 3178 1777 ἐνὶ¹
3225 1726 3481 1796 ἐπιτρέψαι
3523 1725 3591 1777 λιι-

425 1821 636 1894 τρεύειν
663 1819 840 1891 αὐτῷ’
905 1821 1044 1874 ὥστε
1083 1817 1189 1872 ἀπὸ
1211 1817 1482 1872 ἀνατολῶν
1526 1816 1676 1888 ἡλίου
1729 1815 1886 1885 μέχρι
1914 1813 2146 1903 ’δυσμῶν
2191 1815 2506 1883 δοξάζεσθαι
2531 1817 2691 1872 αὑτοῦ
2724 1819 2783 1873 τὸ
2813 1820 2980 1890 ὄνομα
3004 1821 3061 1874 ἐν
3087 1823 3198 1884 τοῖς
3223 1819 3434 1874 ἔθνεσιν.

503 1940 666 1996 Vens.
720 1939 810 1995 l7.
862 1958 882 1992 ι
914 1938 1078 2004 Dens,
1112 1939 1348 1994 docuisti
1376 1953 1461 1992 me
1494 1953 1523 1990 a
1549 1937 1829 2004 juventute
1858 1950 1992 1999 mea,

2173 1955 2192 1987 ι
2235 1938 2292 1990 Ὀ
2316 1939 2466 2004 Θεὸς,
2493 1938 2734 2006 ἐδίδαξάς
2757 1958 2824 2010 με
2853 1941 2917 1993 ἐκ
2939 1941 3186 2011 νεότητός
3223 1959 3343 2007 μου,
3370 1943 3452 1994 καὶ
3481 1943 3595 2013 μέχρι

427 2043 481 2089 et
519 2048 694 2104 usque
733 2047 882 2087 nunc
914 2032 1282 2103 pronuntiabo
1330 2029 1603 2084 mirabilia
1632 2039 1779 2083 tua.»
1831 2025 1992 2082 Solus

429 2125 686 2181 Servatur
723 2123 938 2179 Patrem
984 2124 1091 2179 sibi
1138 2123 1457 2193 magistrum
1519 2120 1775 2176 ascribit:
1825 2134 1994 2189 quare

428 2217 766 2272 contribules
814 2215 934 2286 ejus
982 2213 1270 2270 dicebant:
1310 2211 1505 2268 (Unde
1555 2213 1682 2267 huic
1724 2210 1991 2281 sapientia

429 2315 604 2372 tanta,
636 2315 691 2362 et
738 2305 1015 2360 virtutes?
1058 2303 1249 2359 Nonne
1294 2303 1382 2358 hic
1416 2312 1500 2358 est
1539 2302 1677 2357 fabri
1716 2301 1989 2356 ﬁlius"?»

429 2395 606 2454 i‘robe
633 2399 836 2468 quippe
868 2396 1116 2452 sciebant
1147 2396 1322 2465 ipsum
1355 2411 1463 2449 non
1499 2393 1776 2465 magistris
1821 2392 1996 2446 homi-

429 2486 594 2542 nibus
623 2500 842 2557 operam
879 2484 1115 2540 dedisse.
1176 2482 1313 2549 Quia
1346 2484 1511 2554 igitur
1539 2483 1710 2538 forma
1742 2481 1888 2558 servi
1907 2497 1996 2535 ac-

429 2585 610 2648 cepta,
661 2583 716 2630 et
791 2575 985 2628 habittt
1042 2577 1298 2630 inventus
1359 2581 1417 2627 ut
1481 2573 1667 2637 homo,
1734 2572 1997 2642 puerilem

429 2683 686 2729 eiiiensus
717 2673 802 2722 est
839 2674 1076 2730 aetatem,
1110 2681 1172 2719 ac
1218 2664 1446 2735 perinde
1477 2670 1641 2734 atque
1669 2677 1772 2718 nos
1801 2663 1998 2732 juven-

431 2764 563 2816 tutis
597 2775 774 2816 annos
811 2759 1077 2818 decurrit,
1128 2759 1332 2827 illoque
1372 2763 1618 2827 tempore
1670 2770 1780 2809 non
1831 2754 2000 2808 disci-

431 2854 617 2924 plinis,
676 2868 783 2907 non
817 2851 1096 2922 magistris
1147 2864 1367 2920 operam
1410 2848 1591 2916 dedit;
1644 2848 1739 2902 sed
1796 2849 1999 2902 virtute

430 2947 614 3002 divina
645 2946 965 3015 proﬁciebat
1003 2952 1160 2999 aetate
1199 2952 1252 2998 et
1283 2942 1552 3012 sapientia
1578 2951 1631 2995 et
1653 2940 1827 3012 gratia
1856 2938 1998 3009 apud

432 3037 598 3093 Demn
638 3045 691 3090 et
729 3036 1017 3090 homines;
1063 3035 1188 3104 jzre
1223 3035 1310 3086 hic
1337 3035 1412 3087 ait
1453 3054 1467 3087 :
1520 3051 1538 3082 ι
1561 3032 1728 3096 Deus,
1764 3029 2000 3086 docuisti

431 3145 518 3184 me
561 3143 590 3181 a
620 3128 903 3196 juventute
931 3141 1073 3192 mea,
1106 3134 1159 3180 et
1211 3142 1385 3195 usque
1435 3140 1582 3179 nunc
1637 3123 2000 3196 pronuntiabo

431 3219 704 3274 mirabilia
735 3226 828 3272 tua
853 3235 868 3285 ;
897 3236 914 3268 ι
948 3221 1092 3286 quod
1125 3217 1289 3271 etiam
1324 3231 1492 3287 penes
1519 3216 1819 3286 discipulos
1848 3231 1998 3270 meos

432 3317 682 3365 servetur
711 3325 886 3378 usque
918 3311 986 3361 ad
1013 3307 1544 3362 consummationem
1575 3307 1795 3362 saeculi:
1832 3316 1908 3370 et,
1940 3312 1992 3359 ut

2100 3313 2250 3382 ἐμοῖς
2280 3311 2575 3381 φυλαχθείη
2606 3310 2870 3382 μαθηταῖς
2900 3310 3061 3383 μέχρι
3086 3312 3398 3375 συντελείας
3418 3310 3501 3364 τοῦ
3527 3307 3619 3362 αἰῶ·

431 3402 631 3458 dixerit
667 3401 964 3472 quispiam,
996 3415 1169 3469 usque
1200 3398 1269 3453 ad
1325 3408 1685 3463 senectutem,
1719 3405 1773 3453 et
1801 3397 1869 3451 ad
1908 3413 2004 3454 us-

430 3507 546 3562 que.
573 3498 905 3561 postremam
952 3489 1504 3550 consummationem,
1556 3496 1608 3542 te
1655 3502 1874 3541 rursum
1903 3487 1999 3540 de-

429 3598 646 3655 precor,
689 3581 858 3648 Deus,
891 3596 960 3636 ne
995 3596 1081 3634 me
1132 3579 1520 3650 derelinquas;
1552 3579 1648 3634 sed
1681 3579 1816 3633 mihi
1850 3577 2001 3634 adsis

431 3690 497 3730 ac
529 3690 628 3747 per
659 3689 748 3729 me
793 3673 1063 3726 mirabilia
1092 3679 1182 3724 tua
1229 3670 1493 3740 Opereris,
1544 3687 1562 3720 ι
1586 3669 1759 3724 donec
1790 3683 2004 3722 annun-

430 3770 557 3823 tiem
592 3768 875 3822 brachium
918 3773 1070 3819 tuum
1110 3762 1454 3834 generationi
1500 3763 1671 3825 omni,
1709 3777 1831 3832 qua:
1863 3777 1998 3816 ven-

431 3870 552 3915 tura
585 3868 686 3916 est.
705 3883 723 3910 ›
752 3858 887 3914 Nam
918 3871 1182 3929 prasens,
1215 3857 1414 3927 inquit,
1437 3857 1718 3926 generatio
1754 3863 2001 3911 tortuosa

431 3961 515 4006 est
536 3963 589 4007 et
617 3966 899 4022 perversa,
942 3949 1219 4020 generatio
1273 3950 1418 4002 mala
1451 3957 1508 4003 et
1535 3949 1811 4003 adultera.
1847 3945 2000 4012 Qua-

433 4051 655 4114 propter
693 4042 748 4094 in
803 4041 987 4094 futura
1036 4040 1390 4110 generatione
1451 4039 1790 4094 annuntiabo
1859 4055 1876 4089 ι
1906 4052 2002 4107 po-

432 4137 658 4192 tentiam
695 4145 844 4188 tuam
875 4143 930 4188 et
975 4133 1246 4203 justitiam
1296 4140 1470 4197 tuam,
1501 4132 1668 4195 Deus,
1717 4146 1892 4201 usque
1943 4130 2001 4185 in

433 4221 732 4286 altisnima,
757 4230 811 4275 et
834 4236 954 4291 quae
983 4221 1162 4275 fecisti
1195 4221 1514 4290 magnalia.»
1545 4220 1626 4274 'l‘u
1657 4221 1793 4289 ipse,
1819 4217 2001 4284 Pater,

433 4331 529 4385 per
562 4329 649 4368 me
678 4314 794 4367 bene
820 4313 1099 4378 omnibus,
1134 4314 1228 4383 qui
1261 4320 1386 4383 post
1433 4312 1601 4366 futuri
1637 4322 1768 4367 sunt
1826 4311 2002 4365 horni-

432 4409 616 4471 nibus,
647 4415 702 4463 et
729 4414 974 4462 venturae
1010 4407 1349 4478 generationi
1381 4405 1752 4467 annuntiabis,
1783 4413 1836 4460 et
1865 4419 2002 4474 pra:-

431 4501 706 4556 dicabitur
729 4500 944 4571 justitia
973 4509 1067 4555 tua
1101 4515 1272 4570 usque
1303 4502 1357 4554 in
1388 4499 1677 4554 altissima.
1709 4497 1844 4551 Nam
1875 4513 2000 4552 cum

430 4593 470 4648 ii
499 4594 592 4663 qui
620 4593 673 4646 in
704 4601 852 4646 terra
871 4597 1022 4658 sunt,
1047 4583 1275 4647 salutem
1297 4599 1719 4660 consequentur,
1743 4590 1998 4660 gaudium

430 4686 535 4738 erit
569 4685 625 4739 in
673 4684 851 4748 cmlis,
883 4685 1112 4754 angelis,
1143 4683 1237 4751 qui
1287 4683 1342 4735 in
1401 4682 1687 4736 altissimis
1726 4681 1996 4743 habitant,

433 4776 716 4830 hominum
755 4775 918 4829 saluti
966 4773 1390 4844 gratulantibus.
1434 4772 1725 4828 Senectam
1778 4785 1910 4826 vero
1939 4781 1994 4826 et

433 4870 647 4925 senium
683 4882 751 4920 ne
798 4869 1078 4921 cuncteris
1125 4867 1331 4927 dicere,
1365 4881 1484 4920 esse
1513 4864 1913 4934 discipulorum
1945 4875 2002 4917 et

432 4959 692 5014 Ecclesiae
746 4959 921 5028 ipsius
955 4958 1371 5028 perfectionem.
1431 4956 1489 5011 Si
1525 4972 1762 5026 namque
1792 4971 1996 5026 corpus

431 5054 551 5121 ejus
581 5051 822 5108 Ecclesia
838 5061 942 5120 est,
967 5062 1025 5106 ut
1051 5052 1236 5106 docuit
1255 5051 1551 5121 Apostolus
1583 5051 1804 5105 dicens:
1845 5067 1864 5100 ι
1893 5047 2003 5103 Vos

433 5152 613 5199 autem
644 5144 778 5199 estis
801 5149 1002 5214 corpus
1032 5143 1237 5199 Christi
1263 5153 1317 5198 et
1339 5143 1578 5197 membra
1601 5156 1668 5195 ex
1692 5148 1846 5210 parte
1865 5141 1908 5172 θ’
1931 5158 1950 5207 ;
1976 5159 1995 5192 ι

435 5251 562 5305 pars
597 5236 856 5292 Ecclesiae
903 5245 958 5292 et
1008 5238 1220 5291 senium
1269 5237 1389 5306 ejus
1436 5244 1746 5306 opportune
1784 5235 2002 5289 dicatur

433 5339 577 5389 esse,
635 5327 756 5395 ejus
814 5328 870 5380 in
911 5328 1167 5397 praesenti
1213 5329 1324 5382 vita
1378 5327 1679 5382 secundum
1743 5325 1997 5379 virtutem

434 5421 856 5483 consummatio,
908 5425 1034 5488 past
1075 5434 1241 5489 quam
1299 5429 1465 5473 exuta
1521 5416 1739 5473 mortali
1794 5431 1858 5470 ac
1893 5423 2002 5470 ter—

437 5521 566 5559 rena
605 5508 737 5570 vita,
768 5508 982 5562 caelesti
1027 5511 1313 5564 mansione
1345 5509 1587 5579 dignata,
1620 5516 1674 5563 et
1705 5507 2000 5576 conjuncta

438 5592 696 5651 Ecclesia:
747 5598 1234 5668 primogenitorum
1283 5599 1688 5670 descriptorum
1729 5599 1785 5652 in
1820 5596 1998 5659 caelis,

2093 2024 2186 2078 τοῦ
2215 2025 2308 2080 νῦν
2331 2028 2614 2097 ἀναγγελῶ
2640 2029 2708 2081 τὰ
2735 2029 3013 2100 θαυμάσιά
3038 2047 3155 2083 σου.
3175 2051 3194 2083 ι
3220 2033 3388 2094 Μόνος
3414 2035 3438 2084 ὁ
3460 2033 3597 2102 Σωτὴρ

2091 2113 2183 2166 τὸν
2209 2115 2426 2186 Πατέρα
2457 2117 2776 2172 διδάσκαλον
2803 2121 3166 2192 ἐπιγράφεται
3187 2139 3201 2154 ·
3227 2122 3408 2193 διόπερ
3434 2125 3475 2176 οἱ
3495 2126 3600 2193 ὲντῇ

2093 2207 2309 2279 πατρίδι
2343 2209 2507 2262 αὑτοῦ
2531 2209 2746 2279 ἔλεγονο
2787 2229 2805 2261 ι
2844 2210 3013 2263 Πόθεν
3046 2211 3221 2282 τούτῳ
3254 2216 3394 2266 πᾶσα
3434 2214 3601 2284 quasi:

2094 2298 2231 2369 αὕτη
2262 2299 2355 2352 καὶ
2379 2301 2433 2352 αῖ
2467 2300 2721 2371 δυνάμεις
2745 2318 2758 2367 ;
2785 2302 2894 2372 Οὐχ
2926 2299 3078 2365 οὗτός
3117 2304 3273 2356 ἐστιν
3296 2306 3326 2356 ὁ
3355 2303 3441 2356 τοῦ
3467 2305 3605 2357 τέκτο-

2093 2408 2182 2453 νος
2227 2392 2373 2457 υξός;
2412 2411 2430 2443 ι
2473 2393 2707 2464 ᾜδεσαν
2761 2394 2867 2467 γὰρ
2907 2393 3151 2466 ἀκριϐῶς
3205 2395 3282 2467 μὴ
3329 2395 3606 2458 διδασκάλοις

2094 2483 2400 2554 ἀνθρώποις
2433 2486 2843 2557 προσεσχηκότα
2871 2487 3053 2540 αὐτόν.
3103 2487 3259 2540 Ἐπεὶ
3286 2489 3469 2551 τοίνυν,
3511 2504 3608 2558 μορ·

2098 2578 2204 2648 φὴν
2232 2576 2417 2630 δούλου
2442 2575 2638 2642 λαϐὼν,
2673 2576 2768 2630 καὶ
2794 2579 3031 2648 σχήματι
3072 2577 3316 2648 εὑρεθεὶς
3344 2579 3414 2641 ὡς
3447 2577 3610 2646 ἀνθρωέ

2097 2684 2215 2731 πος,
2249 2667 2345 2738 τὴν
2370 2666 2622 2736 παιδικὴν
2643 2666 2856 2737 διῆλθεν
2884 2667 3098 2738 ἠλικίαν
3117 2707 3132 2732 ,
3167 2668 3266 2721 καὶ⁵
3296 2669 3389 2740 τῆς
3417 2669 3610 2738 νεότητος

2095 2758 2193 2830 τὴν
2218 2757 2364 2829 ὥραν
2403 2758 2601 2829 ὁμοίως
2626 2761 2756 2830 ἡμῖν
2788 2759 3104 2829 ὑπέμεινεν·
3138 2760 3262 2814 οῦτε
3295 2762 3350 2814 δὲ
3372 2761 3611 2832 διατριϐαῖς

2099 2851 2419 2921 προσέσχεν,
2437 2849 2559 2903 οὔτε
2583 2850 2921 2915 διδασκάλοις
2947 2852 3087 2905 κατά
3122 2852 3314 2906 τοῦτον
3337 2852 3423 2906 τδν
3450 2852 3612 2924 χρόνον,

2099 2944 2321 3012 δυνάμει
2353 2942 2410 2994 δέ
2452 2942 2604 3014 θεῖκῇ
2633 2943 2967 3014 προέκοπτεν
3004 2944 3188 3015 ἡλικίᾳ
3227 2946 3323 2998 καὶ
3363 2947 3521 3016 σοφίᾳ,
3549 2943 3614 2996 καὶ

2100 3034 2279 3104 χάριτι
2326 3033 2477 3103 παρὰ
2502 3032 2620 3103 Θεῷ
2647 3033 2740 3085 καὶ
2789 3032 3126 3104 ἀνθρώποις·
3168 3035 3394 3098 εἰκότως
3436 3032 3617 3088 ἐνταῦθά

2103 3143 2291 3198 φησιν·
2329 3145 2347 3176 ‹
2403 3126 2461 3179 '0
2487 3125 2637 3190 Θεὸς,
2674 3125 2918 3191 ἐδίδαξας
2953 3143 3018 3195 με
3048 3128 3110 3178 ἐκ
3140 3128 3392 3198 νεότητός
3419 3143 3523 3198 μου,
3550 3124 3618 3176 καὶ

2106 3218 2268 3288 μέχρι
2289 3218 2382 3272 τοῦ
2407 3218 2500 3272 νῦν
2527 3218 2811 3286 ἀναγγελῶ
2841 3219 2908 3272 τά
2931 3218 3213 3290 θαυμάσια
3243 3237 3338 3273 σου
3362 3237 3376 3250 ο
3401 3235 3419 3270 ι
3439 3218 3520 3272 καὶ

2102 3421 2191 3467 νος
2211 3420 2225 3434 ⁸
2251 3405 2344 3457 καὶ
2372 3404 2447 3466 ὡς
2471 3404 2535 3456 ἄν
2565 3421 2650 3468 τις
2674 3403 2836 3467 εῐποι,
2875 3405 3035 3474 μέχρι
3071 3405 3260 3476 γήρως
3315 3406 3410 3459 καὶ
3443 3404 3529 3473 τῆς
3565 3403 3620 3463 είς

2104 3497 2269 3567 ἀκρον
2295 3495 2641 3559 τελειώσεως,
2676 3496 2735 3550 σὲ
2767 3496 2928 3550 πάλιν
2958 3497 3046 3550 τὸν
3067 3497 3198 3552 Θεὸν
3228 3497 3451 3552 ἱκετεύω
3485 3497 3544 3566 μή
3574 3510 3620 3564 με

2105 3589 2510 3658 ἐγκαταλιπεῖν,
2546 3593 2783 3643 συνεῖναι
2813 3589 2870 3643 δέ
2901 3607 2989 3660 μοι
3017 3589 3110 3643 καὶ
3141 3590 3211 3643 τά
3256 3589 3522 3661 θαυμάσιὰ
3556 3602 3622 3640 σου

2103 3681 2341 3750 ἐνεργεῖν
2361 3678 2430 3731 δι’
2464 3678 2618 3749 ἐμοῦ,
2656 3697 2674 3730 ι
2707 3679 2810 3742 ἐως
2844 3677 3150 3746 ἀναγγείλω
3174 3678 3267 3731 τὸν
3304 3675 3542 3749 βραχίονά
3556 3688 3623 3724 σου

2101 3774 2168 3842 τῇ
2197 3773 2358 3842 γενεᾷ
2383 3772 2532 3843 πάσῃ
2548 3773 2613 3842 τῇ
2642 3770 2966 3841 ἐρχομένῃ.)
2984 3771 3047 3823 Ἡ
3072 3769 3178 3842 γὰρ
3205 3769 3325 3835 νῦν,
3356 3769 3500 3840 φησὶ,
3523 3780 3628 3836 περ-

2101 3863 2237 3917 οῦσα
2277 3863 2440 3932 γενεά
2493 3862 2679 3916 σκολιὰ
2710 3863 2967 3934 τυγχάνει
2993 3864 3087 3916 καὶ
3113 3862 3527 3934 διεστραμμένη,
3559 3857 3626 3910 καὶ

2101 3953 2259 4022 γενεά
2290 3951 2500 4025 πονηρά
2519 3950 2612 4004 καὶ
2643 3950 2913 4022 μοιχαλίς.
2957 3951 3047 4004 Διὸ
3087 3953 3153 4022 τῇ
3199 3953 3367 4022 γενεᾷ
3409 3953 3474 4021 τῇ
3513 3949 3626 4018 ἐρχθ-

2104 4046 2244 4117 μένῃ
2269 4044 2562 4114 ἀπαγγελῶ
2602 4064 2620 4095 ι
2644 4043 2741 4116 τὴν
2773 4043 3091 4097 δυναστείαν
3117 4061 3212 4096 σου
3242 4044 3342 4097 καὶ
3363 4043 3456 4112 τὴν
3471 4039 3626 4092 δικαιο-

2104 4117 2268 4207 σύνην
2295 4152 2411 4200 σου,
2439 4137 2470 4188 ὁ
2494 4134 2646 4199 Θεὸς,
2678 4135 2783 4199 ἕως
2808 4134 2914 4188 τῶν
2937 4134 3195 4204 ὑψίστων,
3240 4134 3280 4189 ἃ
3323 4150 3383 4187 τε
3419 4130 3626 4198 ἐποίησας

2103 4230 2383 4299 μεγαλεῖα.
2415 4247 2433 4281 ι
2467 4228 2538 4280 Σὺ
2559 4227 2719 4290 αὐτὸς
2743 4229 2770 4280 ὁ
2797 4227 3007 4299 Πατὴρ,
3038 4227 3104 4281 δι’
3145 4226 3281 4298 ἐμοῦ
3319 4225 3484 4280 ταῦτα
3529 4221 3627 4272 πᾶσι

2101 4325 2213 4384 τοῖς
2237 4321 2374 4392 μετὰ
2399 4320 2570 4375 ταῦτα
2603 4320 2989 4392 γενησομένοις
3013 4318 3324 4389 ἀνθρώποις
3355 4317 3450 4370 καὶ
3482 4314 3540 4384 τῇ
3557 4325 3625 4378 τεο

2100 4415 2196 4485 νεᾷ
2222 4416 2286 4486 τῇ
2343 4413 2608 4484 ἐρχομένῃ
2651 4410 3015 4480 ἀπαγγελεῖς,
3062 4411 3156 4464 καὶ
3205 4401 3627 4480 κηρυχθήσεταιή

2100 4506 2412 4577 δικαιοσύνη
2435 4521 2528 4558 σου
2551 4506 2653 4569 ἕως
2674 4505 2781 4559 τῶν
2810 4503 3065 4573 ὑψίστων.
3086 4502 3417 4572 Σωζομένων
3440 4498 3533 4569 γὰρ
3549 4492 3628 4545 τῶν

2105 4599 2198 4650 ἐπὶ
2230 4598 2357 4667 γῆς,
2388 4595 2531 4667 χαρά
2563 4595 2714 4650 ἐσται
2745 4597 2803 4649 ἐν
2837 4596 3104 4666 οὐρανοῖς,
3141 4593 3532 4664 συγχαιρόντων
3550 4582 3629 4636 τῶν

2101 4687 2159 4739 ἐν
2187 4689 2298 4748 τοῖς
2331 4683 2573 4754 ὑψίστοις
2607 4683 2900 4738 οἰκούντων
2927 4683 3171 4752 ἀγγέλων
3213 4685 3280 4753 τῇ
3309 4681 3420 4735 τῶν
3461 4671 3627 4746 ἀνθρώ-

2103 4788 2219 4825 πων
2242 4772 2505 4843 σωτηρίᾳ.
2534 4772 2714 4842 Γῆρας
2733 4772 2791 4824 δὲ
2818 4773 2912 4826 καὶ
2941 4771 3206 4842 πρεσϐεία
3228 4774 3305 4845 μὴ
3328 4772 3472 4825 ὄκνει
3495 4766 3629 4829 λέγετ’

2102 4862 2199 4934 τὴν
2229 4863 2540 4934 τελειότητα
2569 4864 2677 4917 τῶν
2704 4863 2868 4918 αὐτοῦ
2901 4864 3155 4934 μαθητῶν
3183 4866 3276 4918 καὶ
3304 4864 3403 4934 τῆς
3454 4849 3627 4915 Ἐκκλη-

2107 4955 2227 5020 σίας
2249 4956 2434 5010 αὑτοῦ.
2467 4957 2530 5009 Εἰ
2557 4957 2666 5027 γὰρ
2701 4957 2859 5026 σῶμα
2879 4955 3042 5009 αὑτοῦ
3075 4959 3108 5028 ἡ
3153 4949 3447 5020 Ἐκκλησία
3472 4940 3629 5010 τυγχὰ-

2103 5065 2203 5112 νει,
2227 5048 2302 5110 ὡς
2328 5047 2564 5115 ἐδίδαξεν
2589 5049 2617 5100 ὀ
2658 5047 2976 5112 Ἀπόστολος
2992 5046 3160 5101 εἰπών
3175 5061 3189 5074 ’
3218 5059 3236 5094 ι
3258 5042 3446 5111 Ὑμεῖς
3463 5036 3514 5090 δέ
3536 5037 3627 5086 ἐστε

2108 5139 2267 5211 σῶμα
2313 5141 2548 5212 Χριστοῦ
2595 5142 2689 5195 καὶ
2725 5142 2860 5212 μέλη
2914 5144 2976 5195 ἐκ
3031 5137 3254 5207 μέρουςο
3296 5153 3316 5186 ι
3362 5133 3516 5205 μέρος
3556 5126 3629 5193 τῆς

2119 5231 2440 5302 Ἐκκλησίας
2472 5233 2567 5286 καὶ
2589 5231 2872 5305 πρεσϐεῖον
2900 5229 3066 5299 αὐτῆς
3110 5226 3304 5296 λέγοιτ’
3348 5225 3413 5278 ἂν
3450 5219 3628 5305 εἰκότας

2105 5325 2139 5391 ἠ
2167 5322 2286 5376 κατ’
2317 5323 2516 5395 ἀρετὴν
2538 5304 2641 5395 τὴν
2664 5325 2721 5376 ἐν
2749 5322 2826 5394 τῷ
2853 5320 3077 5391 παρόντι
3099 5319 3198 5390 βίῳ
3225 5316 3520 5375 τελείωσις.
3540 5304 3618 5378 μεθ

2106 5413 2193 5484 ἢν,
2229 5413 2417 5488 ὥσπερ
2438 5415 2826 5485 ἀποδυσαμένη
2849 5412 2938 5466 τὸν
2955 5413 3045 5465 ἐπὶ
3063 5412 3165 5482 γῆς
3183 5407 3374 5480 θνητὸν
3397 5405 3517 5476 βίον,

2103 5505 2508 5578 καινισθήσεται
2538 5506 2637 5577 τῆς
2665 5504 2917 5575 οὐρανίου
2951 5503 3224 5575 διατριὸἧς
3269 5494 3622 5578 καταξιωθηθ

2107 5597 2267 5668 μένη,
2307 5599 2688 5672 συναπτομένη
2717 5613 2776 5651 τε
2804 5598 2870 5666 τῇ
2905 5592 3193 5665 Ἐκκλησία
3238 5591 3349 5646 τῶν
3400 5577 3628 5659 πρωτστάο

510 5753 553 5782 ’³
585 5748 796 5804 Malach
861 5767 899 5817 ι,
930 5753 1016 5810 ll.
1095 5755 1141 5786 ⁹⁶
1179 5752 1367 5809 Matth.
1397 5768 1517 5820 xm,
1545 5753 1732 5811 54-55.
1811 5755 1854 5786 ’⁷
1883 5753 1901 5807 l
1929 5753 2057 5808 Cor.
2079 5766 2181 5818 xu,
2208 5752 2298 5807 9.7.
