3776 6284
153 362 248 416 785

1259 335 1761 397 COMMENTARIA
1794 330 1862 386 IN
1898 326 2240 387 PSALMOS.

3284 313 3387 372 786

152 495 252 535 κων
276 475 378 529 τῶν
412 467 921 542 ἀπογεγραμμένων
948 465 1005 518 ἐν
1025 462 1295 533 οὐρανοῖς.
1323 460 1479 515 Οῦτω
1498 459 1713 528 νοήσεις

1818 450 2194 508 renovabitur.
2239 443 2333 500 Sic
2363 445 2491 499 item
2537 442 2812 511 intelligas
2842 440 2988 511 quod
3023 437 3279 510 superius
3307 438 3393 491 di-

154 569 319 627 καὶτὸ
345 566 597 637 ἀνωτέρω
620 560 943 633 λελεγμένον
984 560 1042 611 ἐν
1071 554 1168 625 τῷ,
1209 573 1227 605 ι
1265 553 1358 625 Μὴ
1402 549 1713 622 amputa;

155 677 215 732 με
248 661 324 721 είς
354 656 542 729 καιρὸν
561 655 768 727 γήρως,
800 654 858 705 ἐν
889 646 967 719 τῷ
995 645 1267 700 ἐκλείπειν
1291 643 1390 714 τὴν
1427 639 1579 711 ίσχύν
1612 654 1712 709 μου

156 731 222 823 μὴ
262 747 624 819 ἐγκαταλίπῃς
663 762 749 816 με.
805 762 823 795 ι
876 740 1036 795 Κατά
1086 737 1196 810 γάρ
1253 734 1446 805 ἑτέραν
1489 731 1715 823 ἐκδοχὴν

153 818 495 913 ύπερεύχεται
532 818 651 908 τῆς⁴
685 832 1012 904 Ἐκκλησίας
1057 826 1259 891 αὐτοῦ,
1299 826 1388 879 ῖνα
1431 824 1489 876 ἐν
1538 818 1714 892 καιρῷ

150 912 401 1005 τῆςκατά
432 930 535 1001 γῆν
564 927 907 1001 μακρότητος
932 923 1007 995 μὴ
1031 917 1399 993 ἀπορριφθείη
1421 934 1434 947 ·
1468 918 1517 969 εἰ
1539 912 1716 1005 δέλκαὶ

149 1003 256 1080 τότε
281 1022 522 1077 ἐκλείπει
551 1022 584 1092 ή
623 1020 776 1090 ίσχὺς
798 1015 1003 1085 αὐτῆς,
1051 1012 1185 1084 μηδέ
1233 1009 1356 1092 τότε
1400 1003 1715 1075 ἐγκαταλει-

149 1119 313 1191 φθείη.
343 1087 642 1189 Συμϐαίνει
674 1087 784 1185 γὰρ
814 1108 1075 1171 πολλάκις
1104 1087 1382 1158 ἐκλείπειν
1411 1098 1554 1154 κατὰ
1589 1096 1715 1159 τοὺς

148 1186 354 1284 καιροὺς
403 1186 514 1263 τῶν
560 1205 817 1277 διωγμῶν
844 1244 860 1268 ,
906 1199 1126 1256 ἐπειδὰν
1149 1198 1199 1251 oi
1244 1193 1431 1249 πολλοὶ
1471 1189 1566 1243 τοῦ
1613 1186 1717 1241 σώ-

150 1280 303 1377 ματος
352 1303 452 1371 τῆς
509 1297 832 1369 Ἑκκλησίας
873 1296 938 1350 δι’
989 1290 1271 1348 ἀσθένειαν
1328 1286 1561 1347 πίστεως
1636 1280 1719 1347 ἐξ·

143 1372 416 1470 ομνύονται
448 1393 548 1465 τὴν
586 1395 787 1446 πίστιν.
829 1389 940 1442 Καὶ
991 1387 1199 1457 μήποτε
1248 1378 1421 1434 ταῦτα
1465 1372 1718 1470 ἀναπέμ-

147 1462 289 1545 πεται
310 1489 400 1543 ἐπὶ
435 1462 531 1542 τὸν
560 1485 750 1556 καιρὸν
770 1483 870 1552 τῆς
904 1476 1261 1538 ἀποστασίας,
1279 1472 1407 1543 περὶ
1436 1462 1497 1523 οὗ
1520 1464 1713 1538 καιροῦ

143 1586 170 1637 0
206 1579 518 1645 Ἀπόστολος
573 1578 819 1632 ἐδίδασκε
871 1573 1075 1641 λέγων·
1124 1587 1146 1620 ‹
1194 1564 1319 1619 Ἐἀν
1372 1562 1447 1635 μὴ
1499 1558 1629 1631 ἔλθῃ
1681 1558 1715 1628 ἡ

145 1673 428 1731 ἀποστασία
492 1670 710 1744 πρῶτον
735 1709 750 1733 ,
822 1666 915 1721 καὶ
999 1658 1358 1728 ἀποκαλυφθῇ
1430 1654 1717 1744 ἄνθρωπος

144 1766 229 1837 τῆς
278 1763 592 1835 ἁμαρτίας,
657 1762 685 1814 0
741 1758 869 1822 Υἱὸς
925 1757 1024 1827 τῆς
1079 1751 1375 1814 ἀπωλείας.
1440 1767 1459 1799 ι
1516 1743 1717 1837 Τοῦτον

1814 544 1998 598 citur:
2042 538 2163 594 «Ne
2202 535 2466 608 projicias
2523 548 2611 589 me
2658 534 2714 588 in
2762 541 3013 604 tempore
3061 529 3395 591 senectutis,

1814 657 1938 699 cum
1962 639 2181 695 deﬁciet
2213 636 2389 689 virtus
2427 646 2570 701 mea,
2600 646 2669 686 ne
2699 630 3049 700 derelinquas
3074 643 3213 684 me.»
3249 624 3386 681 Nam

1815 730 2119 790 secundum
2172 727 2336 782 aiiam
2387 723 2785 796 expositionem
2827 736 2927 792 pro
2989 719 3234 776 Ecclesia
3286 733 3393 776 suae

1816 832 2091 898 precatur,
2125 832 2183 876 ut
2216 836 2286 876 ne
2312 821 2367 875 in
2404 827 2647 889 tempore
2696 824 2931 871 terrenae
2978 815 3130 869 illius
3164 814 3390 869 diutur-

1815 917 2004 971 nitatis
2048 914 2393 986 projiciatur.
2442 908 2597 977 Quod
2655 908 2704 965 si
2752 915 2887 963 tunc
2939 905 3158 961 deficiat
3211 905 3389 963 virtus

1814 1009 1957 1078 ej-us,
1993 1015 2151 1079 rogat
2191 1012 2252 1060 ut
2286 1020 2354 1061 ne
2393 1004 2475 1060 sic
2517 1002 2738 1075 quidem
2772 1000 3212 1069 derelinquatur.
3252 996 3395 1052 Con—

1814 1102 1977 1172 tingit
2027 1101 2173 1156 enim
2231 1099 2578 1170 plerumque,
2629 1104 2692 1151 ut
2747 1092 3197 1166 persecutionum
3246 1099 3390 1145 tem-

1812 1211 1949 1266 pore
1978 1192 2219 1256 deﬁciat,
2256 1206 2384 1246 cum
2426 1190 2581 1243 multi
2617 1204 2682 1244 ex
2718 1186 2977 1242 Ecclesia:
3023 1198 3255 1255 corpore
3319 1183 3395 1237 ob

1816 1286 1942 1340 fidei
1974 1284 2372 1349 inﬁrmitatem,
2413 1297 2534 1337 eam
2581 1280 2858 1350 abjurant.
2899 1276 3041 1333 Num
3089 1275 3232 1331 forte
3275 1275 3393 1330 hazc

1814 1376 2102 1435 referenda
2146 1376 2217 1431 ad
2256 1382 2476 1447 tempus
2510 1373 2861 1439 defectionis,
2898 1371 2968 1428 de
3017 1386 3128 1442 quo
3159 1370 3395 1440 Aposto-

1817 1473 1903 1529 lus
1954 1472 2069 1527 baac
2125 1470 2347 1526 docuit:
2400 1466 2563 1523 «Nisi
2603 1465 2824 1523 venerit
2849 1464 3088 1521 defectio
3130 1464 3391 1534 primum,

1814 1572 1870 1621 et
1902 1564 2181 1620 revelatus
2238 1561 2407 1617 fuerit
2456 1560 2621 1615 homo
2670 1558 2903 1630 peccati,
2942 1557 3087 1613 ﬁlius
3134 1554 3395 1626 perditio-

1816 1657 2017 1713 nis'h
2064 1654 2178 1711 Hoc
2208 1668 2336 1711 vero
2370 1660 2593 1722 tempus
2639 1650 2900 1706 Servator
2946 1649 3249 1705 declaravit
3286 1647 3374 1704 bis

1817 1751 2023 1808 verbis:
2056 1769 2073 1802 ι
2096 1748 2238 1804 Num
2262 1748 2488 1804 veniens
2514 1744 2686 1802 Filius
2710 1744 2952 1800 hominis
2972 1743 3212 1800 inveniet
3233 1741 3395 1798 ﬁdem

144 1833 198 1909 δέ
242 1833 329 1911 τὸν
387 1833 583 1927 καιρὸν
659 1854 688 1906 0
735 1850 926 1922 Σωτὴρ
985 1846 1173 1919 ἐδήλου
1227 1843 1402 1912 λέγων
1427 1856 1441 1868 '
1508 1856 1527 1889 ι
1561 1834 1709 1908 Ἀρα

1816 1860 1977 1917 super
2010 1854 2208 1899 terram
2232 1842 2313 1896 "1'
2337 1860 2356 1895 ι
2390 1850 2444 1896 et
2475 1855 2708 1896 rursum
2736 1859 2749 1895 :
2781 1858 2799 1892 ι
2830 1838 2899 1892 Ει
2928 1838 3190 1910 quoniam
3221 1836 3399 1891 abun-

145 1948 298 2003 ἐλθὼν
350 1950 381 2001 0
429 1947 562 2011 Υἱὸς
606 1946 700 2000 τοῦ
750 1941 1037 2015 ἀνθρώπου
1098 1938 1321 2010 εὑρήσει
1377 1934 1479 2007 τὴν
1529 1932 1714 1985 πίστιν

145 2042 226 2094 ἐπὶ
250 2041 345 2111 τῆς
374 2040 478 2111 γῆς
501 2057 516 2105 ;
545 2059 563 2091 ι
594 2040 705 2093 Καὶ
753 2036 915 2093 πάλιν
937 2052 955 2067 ο
1006 2054 1024 2087 ι
1052 2033 1151 2087 Διά
1176 2032 1234 2086 δέ
1262 2030 1324 2084 τὸ
1348 2024 1716 2098 πληθυνθῆναι

144 2136 231 2205 τὴν
254 2133 506 2204 ἀνομίαν,
530 2131 835 2202 ψυγήσεται
868 2131 900 2200 ή
934 2126 1121 2198 ἀγάπη
1153 2123 1261 2179 τῶν
1286 2120 1517 2176 πολλῶν.
1543 2138 1561 2171 ι
1583 2117 1716 2170 Τότε

143 2226 241 2297 γὰρ
270 2225 417 2279 ἔσται
459 2224 731 2296 γηραλέον
764 2222 858 2275 καὶ
892 2218 1116 2281 ἀσθενὲς
1147 2217 1209 2271 τὸ
1255 2216 1413 2286 σῶμα
1454 2212 1555 2282 τῆς
1596 2211 1717 2264 Ἑκ-

146 2318 374 2389 κλησίας.
393 2317 537 2371 Ἀλλ’
564 2317 650 2370 ἵνα
687 2314 822 2387 μηδέ
860 2314 980 2367 τότε
1024 2311 1229 2383 ἔρημος
1270 2304 1656 2375 καταλειφθείη
1687 2304 1717 2355 0

145 2410 258 2475 λαὸς
287 2409 473 2475 αὐτοῦ,
512 2410 824 2479 ἀναγκαίως
866 2406 965 2471 τὰς
1005 2405 1369 2478 προκειμένας
1401 2399 1715 2469 ἀναπέμπει

148 2502 342 2569 φωνάς·
382 2521 400 2553 ι
424 2502 485 2555 '0
521 2501 673 2563 Θεὸς,
708 2500 792 2563 τίς
818 2497 1215 2571 ὁμοιωθήσεταί
1243 2512 1355 2561 σοις
1382 2494 1550 2555 Ὅσας
1584 2490 1719 2543 ἐδει-

146 2594 233 2659 ξάς
281 2611 367 2665 μοι
420 2593 632 2663 θλίψεις
677 2592 878 2656 πολλὰς
930 2592 1025 2646 καὶ
1072 2590 1253 2655 κακά;
1282 2608 1300 2641 ι
1346 2586 1438 2642 καὶ
1470 2586 1537 2639 τά
1566 2583 1714 2654 ἐξῆς.

148 2686 273 2749 Τοὺς
295 2687 547 2759 ἀκριϐεῖς
579 2686 773 2755 λόγους
803 2685 928 2739 καθ’
962 2683 1055 2748 οὒς
1078 2684 1107 2736 0
1137 2682 1268 2745 Θεὸς
1296 2678 1391 2734 τοῦ
1430 2677 1557 2732 ίδίου
1585 2674 1715 2729 Υίοῦ

146 2779 235 2832 οὐκ
283 2780 558 2849 ἐφείσατο,
602 2780 717 2834 ἀλλ’
746 2780 889 2851 ὑπὲρ
931 2777 1090 2850 ἡμῶν
1136 2777 1353 2829 πάντων
1405 2771 1723 2843 παρέδωκεν

149 2873 314 2937 αὐτὸν,
351 2874 425 2944 μὴ
480 2872 679 2941 γνόντα
726 2890 789 2925 τε
835 2872 998 2926 αὐτὸν
1047 2868 1321 2941 ἁμαρτίαν
1373 2866 1512 2937 ύπέρ
1561 2862 1719 2934 ἡμῶν

152 2966 405 3037 ἁμαρτίαν
439 2965 719 3037 ἐποίησεν,
746 2963 922 3028 οὐδεὶς
953 2962 1177 3016 δύναται
1217 2958 1443 3013 διελθεῖν
1482 2956 1515 3027 ἢ
1562 2954 1720 3026 μόνος

150 3059 313 3122 αὑτός.
353 3076 371 3110 ι
398 3058 500 3123 Τίς
538 3058 646 3132 γὰρ
696 3057 837 3127 ἐγνω
873 3055 998 3111 νοῦν
1036 3054 1264 3126 Κυρίου,
1292 3051 1351 3116 ὃς
1393 3047 1721 3121 συμϐιϐάσει

151 3148 325 3213 αύτόνς
356 3167 375 3200 ι
415 3147 541 3201 Οὐδ’
578 3147 644 3201 ἂν
692 3147 942 3202 ἐπιϐάλοι
986 3163 1069 3208 τις
1100 3146 1166 3215 τῇ
1209 3140 1303 3197 τοῦ
1347 3138 1482 3194 Θεοῦ
1517 3138 1718 3210 κρίσει,

1817 1938 1962 1993 davit
2009 1938 2292 2008 iniquitas,
2336 1934 2657 2005 refrigescet
2685 1932 2931 1987 cbaritas
2973 1930 3271 1985 multorum
3296 1930 3390 2008 ι.)

1816 2032 1969 2088 Tunc
2001 2032 2145 2086 enim
2175 2044 2378 2099 corpus
2410 2026 2671 2083 Ecclesiae
2698 2023 2854 2082 senio
2883 2022 3193 2080 confectum
3224 2028 3280 2077 et
3308 2004 3397 2075 in.-

1816 2126 2029 2181 ﬁrmum
2066 2124 2193 2179 erit.
2231 2121 2432 2177 Verum
2472 2136 2542 2176 ne
2573 2120 2667 2173 illo
2709 2127 2958 2189 tempore
3001 2117 3256 2172 desertus
3295 2126 3399 2184 po-

1817 2219 1977 2291 pulus
2007 2216 2127 2286 ejus
2170 2216 2538 2285 relinquatur,
2581 2211 2901 2268 necessario
2944 2210 3047 2265 bas
3077 2208 3286 2279 profert
3310 2222 3403 2264 vo-

1816 2328 1907 2367 ces
1934 2330 1947 2366 :
1979 2328 1996 2361 (
2027 2308 2193 2372 Deus,
2228 2308 2354 2378 quis
2395 2304 2594 2361 similis
2634 2303 2741 2358 erit
2770 2301 2910 2356 tibi?
2934 2300 3181 2367 Quantas
3212 2307 3403 2355 osten-

1818 2404 1948 2459 disti
1994 2402 2128 2456 mihi
2160 2400 2549 2455 tribulationes
2598 2397 2801 2452 multas
2833 2400 2889 2449 et
2940 2393 3115 2448 mala?
3146 2413 3165 2445 ι
3212 2400 3267 2448 et
3304 2406 3405 2447 ca:-

1818 2505 1955 2552 tera.
1990 2493 2127 2550 Nam
2170 2502 2485 2547 accuratam
2521 2488 2792 2544 rationem
2827 2502 2928 2542 cur
2957 2485 3102 2541 Deus
3130 2482 3272 2538 Filio
3300 2496 3403 2538 suo

1819 2605 1928 2644 non
1963 2570 2290 2659 pepercerit,
2328 2584 2425 2641 sed
2470 2598 2572 2654 pro
2610 2581 2774 2637 nobis
2818 2579 3074 2634 omnibus
3117 2573 3406 2632 tradiderit

1821 2680 2011 2746 illum;
2045 2693 2109 2732 ac
2131 2692 2255 2731 cum
2285 2684 2568 2746 peccatum
2597 2687 2707 2728 non
2731 2678 2941 2735 nosset,
2974 2675 3255 2740 peccatum
3276 2677 3407 2720 eum

1821 2785 1920 2841 pro
1944 2768 2104 2824 nobis
2125 2766 2389 2830 eﬁ'ecerit,
2424 2779 2587 2820 nemo
2610 2770 2810 2835 praeter
2830 2763 3010 2832 ipsum
3041 2759 3219 2815 solum
3241 2770 3405 2812 enar-

1819 2877 1943 2916 rare
1975 2867 2176 2932 potest.
2219 2878 2237 2910 ι
2267 2858 2406 2925 Quis
2435 2858 2582 2912 enim
2608 2856 2761 2911 novit
2784 2869 3009 2911 sensum
3045 2849 3283 2916 Domini,
3308 2848 3405 2921 qui

1822 2955 2061 3011 instruat
2098 2968 2223 3009 eum
2244 2951 2303 3005 '?
2333 2970 2351 3003 ι
2388 2949 2575 3020 Neque
2596 2949 2742 3004 enim
2775 2947 2901 3018 quis
2927 2946 2983 3000 in
3013 2945 3110 3000 Dei
3133 2943 3404 3013 judicium

1825 3064 1948 3105 sese
1992 3045 2291 3102 immittere
2333 3043 2552 3105 audeat,
2608 3056 2788 3111 neque
2826 3038 3061 3094 consilia
3098 3035 3408 3106 deprehen-

1826 3143 1955 3195 dere
1979 3138 2175 3211 possit,
2211 3137 2368 3207 queis
2399 3134 2695 3206 Unigenito
2744 3146 2848 3188 suo
2894 3129 3137 3186 ostendit
3181 3127 3406 3183 tribulao

148 3241 243 3294 οὐδ’
275 3208 337 3294 ἀν
388 3239 604 3311 ἐξεύροι
654 3240 783 3304 τοὺς
827 3208 1166 3309 )tOTtG’lLOtK,"
1183 3234 1249 3288 δι’
1284 3232 1375 3297 οὒς
1425 3208 1721 3295 ἐνεδείξατο

1824 3208 2005 3289 tiones
2037 3240 2093 3287 et
2122 3232 2294 3287 multa
2320 3229 2488 3283 mala.
2520 3225 2709 3296 Neque
2743 3225 2799 3279 in
2826 3224 2895 3280 iis
2926 3224 3105 3293 ipsum
3137 3218 3404 3283 deseruit,

151 3334 221 3405 τῷ
251 3336 546 3407 Μονογενεῖ
589 3321 795 3403 θλίψεις
825 3331 1026 3394 πολλὰς
1052 3330 1148 3384 καὶ
1176 3326 1351 3382 κακά·
1388 3326 1450 3379 οὐ
1488 3324 1586 3394 μὲν
1615 3321 1723 3374 εἴα-

156 3441 238 3479 σεν
279 3426 438 3481 αὑτὸν
483 3426 541 3479 ἐν
581 3426 799 3487 αὑταῖς·
843 3422 957 3476 ἀλλ’
984 3417 1315 3491 ἐπιστρέψας
1358 3412 1722 3485 ἐζωοποίησεν

149 3518 297 3572 αὐτὸν
332 3520 424 3571 καὶ
460 3520 525 3571 ἐκ
567 3516 675 3569 τῶν
718 3515 968 3568 ἀϐύσσων
1001 3515 1099 3584 τῆς
1124 3514 1227 3584 γῆς
1262 3509 1421 3565 πάλιν
1448 3510 1723 3579 ἀνήγαγεν

152 3610 316 3665 αὐτόν.
351 3611 567 3682 Σφόδρα
599 3610 656 3663 δέ
689 3608 931 3681 ἀκριϐῶς
961 3609 1174 3679 εἴρηται
1201 3606 1282 3669 τὸ,
1315 3602 1594 3667 «Ἐδειξάς
1633 3617 1723 3672 μοι

151 3700 343 3773 θλίψεις
372 3702 575 3766 πολλὰς
604 3701 698 3755 καὶ
726 3699 895 3754 κακά.
919 3720 935 3750 ι
955 3695 1103 3751 Ἰδὼν
1127 3696 1236 3767 γὰρ
1256 3694 1356 3758 τὰς
1386 3693 1595 3762 θλίψεις
1628 3688 1723 3743 καὶ

151 3793 210 3848 τά
255 3794 632 3865 ὀνομαζόμενα
674 3791 850 3857 κακὰ,
899 3791 999 3859 οὐχ
1045 3788 1186 3842 ἐάλω
1231 3786 1321 3839 ὑπ’
1353 3783 1553 3848 αὐτῶν,
1601 3780 1724 3834 ούδέ

152 3885 344 3957 ἡττήθη
367 3904 380 3917 ο
418 3886 687 3958 κρείττων
719 3884 774 3937 δὲ
808 3883 1027 3936 πάντων
1060 3880 1372 3949 γενόμενος,
1409 3875 1613 3947 θεωρὸς
1654 3868 1722 3943 ἦν

154 3980 344 4034 αὐτῶν
379 3981 455 4045 ὼς
497 3980 715 4033 πάντων
752 3976 953 4050 μᾶλλον
983 3975 1159 4027 εἰπεῖν
1183 3971 1248 4024 ἂν
1274 3970 1357 4033 τὸ,
1394 3987 1411 4019 ι
1438 3969 1525 4021 Ἑν
1562 3965 1723 4019 παντὶ

155 4072 468 4144 θλιϐόμενοι,
517 4072 630 4125 ἀλλ’
658 4072 719 4124 οὐ
769 4065 1287 4137 στενοχωρούμενοι·
1335 4058 1720 4132 ἀπορούμενοι,

156 4165 257 4218 ἀλλ’
288 4166 389 4220 οὐκ
436 4164 888 4238 ἐξαπορούμενοι“
941 4155 1425 4226 καταϐαλλόμενοι,
1473 4151 1587 4206 ἀλλ’
1622 4150 1725 4202 οὐκ

156 4258 684 4329 ἐγκαταλειπόμενοι.
720 4275 738 4308 ι
773 4252 958 4307 Ταῦτα
1004 4251 1113 4321 γάρ
1142 4248 1354 4311 Παῦλος
1392 4245 1487 4299 καὶ
1530 4244 1579 4297 οί
1619 4259 1724 4294 πα-

160 4351 431 4424 ραπλήσιοι
462 4350 645 4421 ὼφελη
656 4349 805 4420 μένοι
832 4346 924 4401 τὸν
960 4340 1279 4399 διδάσκαλον
1307 4338 1511 4406 ἔλεγον.
1530 4334 1725 4391 Ἀϐύσ-

161 4460 274 4507 σονς
299 4445 354 4497 δὲ
386 4443 488 4514 γῆς
517 4440 750 4495 ἐνταῦθα
794 4437 893 4509 τὴν
935 4433 1045 4490 τῶν
1087 4431 1457 4502 καταχθονίων
1489 4428 1591 4498 γῆν
1617 4426 1724 4498 χώ-

162 4552 251 4606 ραν
278 4536 556 4619 ὠνόμαζεν
575 4551 590 4565 ·
632 4534 660 4586 ὃ
687 4532 750 4602 δὴ
786 4528 1069 4600 σαφηνίζει
1101 4528 1131 4578 0
1162 4522 1481 4585 Ἀπόστολος
1507 4519 1684 4590 λέγων
1705 4536 1719 4549 ·

166 4647 183 4677 ι
207 4630 292 4700 Μὴ
321 4615 500 4698 εἴπῃς,
528 4627 623 4690 Τίς
650 4623 1020 4696 καταϐήσεται
1040 4621 1117 4683 είς
1144 4618 1243 4690 τὴν
1268 4615 1523 4680 ἄϐυσσον,
1568 4629 1726 4666 τουτο

161 4719 265 4774 ἐστι
289 4720 517 4792 Χριστὸν
542 4722 608 4773 ἐκ
625 4716 839 4789 νεκρῶν
861 4714 1159 4784 ἀναγαγεῖν
1182 4729 1196 4777 ;
1240 4731 1258 4762 ι
1282 4708 1393 4764 Καὶ
1414 4710 1470 4761 ἐν
1493 4707 1573 4778 τῷ
1605 4704 1727 4758 Ἰὼϐ

161 4811 211 4864 δὲ
229 4816 256 4866 0
280 4813 629 4885 χρηματίζων
656 4809 808 4880 αύτῷ
833 4808 1037 4880 Κύριος
1066 4805 1219 4874 ἔλεγε
1236 4821 1251 4834 ο
1289 4798 1520 4864 «Ἦλθες
1550 4799 1608 4852 δέ
1637 4798 1731 4851 ἐπὶ

164 4904 330 4974 πηγὴν
361 4887 651 4976 θαλάσσης,
689 4906 747 4956 ἐν
790 4902 847 4955 δέ
889 4901 1091 4971 ἴχνεσιν
1121 4896 1359 4951 ἀϐύσσου
1394 4891 1732 4964 περιεπάτη-

168 4996 618 5065 σα;.Ἀνοίγονται
662 4996 720 5049 δέ
763 5012 845 5047 σοι
882 4993 1032 5064 φόϐῳ
1066 4992 1233 5046 πύλαι
1265 4990 1526 5045 θανάτου⁶
1561 4987 1732 5041 πυλω-

170 5087 244 5155 ροὶ
268 5086 323 5139 δὲ
356 5088 478 5158 ᾅδου
515 5087 715 5151 ἰδόντες
743 5103 804 5139 σε
836 5084 1092 5157 ἔπτηξαν.
1126 5104 1144 5137 ›
1164 5086 1222 5138 Ὁ
1261 5084 1319 5137 δέ
1362 5082 1530 5137 είπὼν
1551 5078 1736 5135 ἐνταῦ-

170 5176 249 5240 θα,
280 5198 297 5229 ι
328 5181 433 5233 Καὶ
467 5183 532 5234 ἐκ
571 5180 681 5233 τῶν
717 5179 970 5233 ἀϐύσσων
998 5178 1097 5244 τῆς
1126 5178 1231 5248 γῆς
1263 5178 1424 5231 πάλιν
1458 5175 1735 5247 ἀνήγαγές

172 5284 253 5337 με,
285 5289 303 5321 ι
335 5273 519 5341 σαφῶς
555 5272 793 5337 ἐδίδαξεν
823 5270 1013 5324 ἐαυτὸν
1042 5270 1467 5340 κατεληλυθέναι
1516 5271 1595 5331 είς
1637 5267 1737 5329 τὰς

168 5359 423 5426 ἀϐύσσους
449 5364 547 5433 τῆς
570 5363 697 5432 γῆς,
728 5365 819 5417 καὶ
852 5362 1013 5416 πάλιν
1037 5360 1440 5433 ἀνεληλυθέναι.
1472 5361 1585 5414 Ούκ
1615 5355 1734 5413 οῖδα

170 5449 222 5502 δὲ
258 5452 410 5518 εἴτις
452 5454 671 5509 δύναται
717 5456 920 5528 ἐτέρως
956 5454 1205 5509 ἐκλαϐεῖν
1250 5452 1421 5507 ταῦτα
1448 5452 1480 5522 ἢ
1511 5451 1605 5505 ἐπὶ
1641 5451 1734 5505 τὸν

173 5541 388 5615 Σωτῆρα
414 5548 509 5599 καὶ
530 5546 731 5619 Κύριον
759 5547 913 5619 ἡμῶν
934 5546 1224 5617 ἀναφέρων
1246 5547 1346 5617 τὴν
1371 5542 1729 5616 προφητείαν.

231 5721 273 5793 _"
301 5719 339 5773 ll
362 5721 555 5780 Thess.
588 5741 647 5782 ιι.
689 5726 739 5777 5.
816 5727 861 5757 θ’
896 5727 1049 5793 Luc.,
1075 5744 1226 5793 mn,
1250 5729 1300 5784 8.

177 5786 573 5861 'Job,xxxvut,
615 5797 697 5862 l6,
740 5796 823 5848 Π.

1822 3326 1918 3383 sed
1950 3339 2255 3380 conversus
2290 3318 2593 3377 viviﬁcavit
2616 3333 2764 3382 eum,
2796 3310 2852 3372 et
2897 3315 2966 3369 de
2999 3315 3214 3386 abyssis
3244 3320 3407 3366 terra:

1821 3420 2019 3475 iterum
2052 3416 2273 3472 reduxit
2309 3430 2457 3471 eum.
2494 3411 2927 3468 Accuratissime
2972 3417 3155 3464 autem
3198 3407 3406 3462 dictum

1822 3512 1924 3568 fuit
1960 3511 2115 3575 illud,
2155 3528 2173 3560 ι
2205 3507 2507 3563 Ostendisti
2537 3504 2671 3559 mihi
2698 3503 3084 3559 tribulationes
3116 3500 3321 3555 multas
3350 3505 3408 3553 et

1823 3604 1983 3659 mala.
2021 3622 2039 3654 ι
2102 3602 2241 3657 Cum
2294 3598 2633 3671 prospiceret
2678 3595 2824 3651 enim
2878 3593 3296 3654 tribulationes,
3350 3599 3408 3645 et

1821 3695 1993 3749 multa
2032 3694 2125 3748 illa
2157 3708 2281 3763 qua;
2313 3699 2581 3745 vocantur
2610 3688 2776 3752 mala,
2812 3702 2921 3741 non
2963 3692 3157 3755 captus
3191 3684 3260 3737 ab
3295 3683 3406 3738 illis

1822 3801 2001 3858 neque
2048 3786 2224 3840 victus
2268 3790 2389 3850 est;
2439 3781 2534 3838 sed
2576 3780 2833 3835 omnibus
2870 3777 3119 3847 superior
3154 3774 3402 3838 eﬁectus,

1823 3880 2302 3952 contemplabatur
2348 3892 2445 3941 ea;
2501 3875 2576 3929 ita
2619 3882 2680 3927 ut
2713 3874 2801 3928 his
2842 3871 3069 3926 vocibus
3114 3870 3403 3940 plusquam

1822 3990 2015 4031 omnes
2064 3973 2158 4027 alii
2211 3987 2345 4026 usus
2394 3970 2466 4025 sit
2499 3988 2511 4023 :
2552 3987 2570 4019 ι
2603 3966 2660 4021 In
2695 3966 2954 4020 omnibus
2994 3962 3405 4018 tribulationem

1823 4068 2083 4139 patimur,
2109 4064 2204 4120 sed
2229 4078 2339 4117 non
2365 4060 2746 4132 angustiamur
2774 4078 2788 4112 :
2814 4056 3148 4127 aporiamur.
3175 4053 3271 4110 sed
3295 4068 3407 4108 non

1825 4160 2179 4215 destituimur
2209 4175 2222 4211 :
2250 4155 2564 4224 dejicimur,
2595 4153 2690 4208 sed
2718 4167 2827 4206 non
2859 4148 3350 4220 derelinquimur'.
3384 4167 3403 4196 ι

1824 4252 1952 4307 Πωο
1981 4250 2183 4321 quippe
2215 4248 2444 4311 Paulus,
2493 4255 2546 4301 et
2576 4246 2668 4315 qui
2704 4259 2891 4315 parem
2945 4249 3110 4312 atque
3146 4240 3410 4311 magister

1824 4345 1918 4400 ille
1946 4343 2236 4399 utilitatem
2269 4347 2628 4411 perceperant
2655 4336 2930 4392 dicebant.
2973 4334 3215 4405 Abyssos
3249 4341 3410 4386 terra:

1826 4437 1915 4491 hic
1958 4435 2257 4489 inferorum
2306 4433 2582 4502 regionem
2625 4428 2885 4484 vocavit:
2927 4426 3073 4498 quod
3112 4424 3410 4494 Apostolus

1826 4529 2062 4600 explicat
2082 4526 2306 4581 dicens:
2335 4544 2352 4575 ι
2385 4523 2463 4580 Ne
2486 4523 2640 4578 dicas
2664 4540 2676 4575 :
2696 4520 2839 4587 Quis
2859 4516 3154 4573 descendet
3178 4517 3233 4570 in
3255 4515 3413 4584 abys-

1830 4619 2029 4685 sum‘;
2061 4618 2117 4673 id
2157 4625 2262 4680 est,
2310 4615 2595 4671 Christum
2646 4629 2711 4667 ex
2762 4608 2997 4664 mortuis
3050 4603 3352 4661 reducere?
3386 4622 3406 4653 ι

1829 4711 1895 4765 Et
1924 4711 1979 4766 in
2010 4709 2112 4765 Job
2134 4723 2354 4781 quoque
2382 4706 2646 4762 Dominus
2675 4704 2768 4773 qui
2801 4703 2857 4757 in
2887 4701 3007 4771 ipso
3029 4698 3255 4753 oracula
3286 4695 3414 4749 l'un-

1828 4804 1988 4859 debat
2028 4803 2143 4857 haec
2180 4799 2411 4871 protulit
2440 4817 2454 4853 :
2486 4818 2503 4850 ι
2539 4795 2751 4856 Venisti
2791 4807 2920 4847 vero
2971 4792 3027 4845 in
3063 4788 3269 4844 fontem
3297 4800 3416 4839 ma-

1828 4900 1929 4961 ris,
1964 4897 2020 4950 in
2066 4896 2316 4965 vestigiis
2351 4900 2534 4947 autem
2580 4888 2763 4960 abyssi
2797 4885 3112 4940 ambulasti.
3146 4880 3418 4952 Aperiun-

1832 5000 1922 5045 tur
1953 5005 2084 5044 vero
2132 4989 2229 5044 tibi
2259 4988 2459 5041 timore
2495 4990 2665 5053 portae
2696 4980 2891 5034 mortis
2926 4998 2939 5033 :
2975 4977 3191 5034 ostiarii
3231 4982 3423 5030 autem

1833 5082 2036 5138 inferni
2081 5081 2330 5136 videntes
2377 5088 2431 5133 te
2474 5074 2762 5131 conterriti
2814 5072 3005 5128 sunt".
3042 5089 3060 5122 ι
3099 5067 3205 5136 Qui
3251 5080 3418 5137 porro

1834 5174 1925 5228 hic
1966 5174 2063 5235 ait,
2128 5190 2145 5223 ι
2179 5170 2245 5225 Εῑ
2297 5168 2366 5222 de
2422 5165 2640 5237 abyssis
2685 5173 2845 5218 terrae
2897 5162 3097 5216 iterum
3148 5156 3417 5213 reduxisti

1836 5284 1945 5332 me,
1978 5287 1997 5318 ι
2031 5267 2180 5319 clare
2202 5261 2391 5317 docuit
2422 5275 2481 5315 se
2507 5263 2563 5313 in
2591 5257 2823 5327 abyssos
2854 5262 3017 5310 terra!
3036 5250 3416 5311 descendisse,

1842 5374 1906 5415 ac
1941 5371 2160 5412 rursum
2203 5351 2542 5408 ascendisse.
2574 5346 2686 5404 Nec
2726 5348 2843 5402 scio
2872 5354 3056 5401 utrum
3088 5343 3211 5414 quis
3239 5342 3421 5397 valeat

1842 5450 1958 5504 haec
1986 5448 2091 5501 alio
2127 5445 2381 5512 accipere
2429 5437 2614 5504 modo,
2659 5451 2823 5506 quam
2866 5435 2935 5488 ad
2986 5432 3334 5488 Servatorem
3366 5436 3424 5484 et

1845 5540 2131 5596 Dominum
2149 5542 2399 5588 nostrum
2413 5529 2699 5587 referendo
2713 5527 3076 5598 prophetiam.
3092 5523 3141 5581 ls
3158 5524 3275 5595 ipse
3292 5535 3423 5577 vero

1386 5730 1397 5757 ‘
1434 5726 1618 5781 Matth.
1656 5741 1683 5776 ιι
1696 5741 1720 5775 \'

1860 5721 1942 5775 19..
2020 5722 2040 5752 ¹
2073 5717 2231 5771 Rom.
2258 5729 2333 5779 ιιι,
2366 5712 2453 5769 34.
2537 5710 2555 5740 ³
2585 5707 2627 5761 ll
2650 5708 2778 5763 Cor.
2816 5723 2890 5771 Iv,
2916 5708 2972 5769 8,
3049 5705 3071 5736 ⁸
3094 5704 3253 5760 Rom.
3277 5719 3332 5769 χ,
3359 5702 3414 5759 7.
