3776 6284
367 307 470 364 787

1043 309 1312 366 EUSEBII
1350 310 1833 368 CJESARIENSIS
1871 311 2023 368 ΟΡΡ.
2066 309 2250 366 PARS
2286 310 2376 368 Ill‘.
2398 341 2476 355 —--
2501 308 2910 367 EXEGETICA.
3486 305 3564 362 ’288

367 429 681 499 subiungit:
706 447 724 478 ι
749 428 1123 500 Multiplicasti
1165 432 1626 503 magniﬁcentiam
1664 449 1862 494 meam.
1891 442 1934 488 cl

2062 433 2120 486 Ὀ
2147 433 2192 486 δ’
2225 432 2387 496 αὐτὸς
2417 431 2659 500 ἐπιλέγει
2678 448 2691 460 ο
2727 447 2748 484 ι
2771 427 3128 491 Ἐπλεόνασας
3173 427 3270 498 τὴν
3319 425 3568 498 μεγαλωσύ-

365 535 667 575 conversus
687 521 1006 576 consolatus
1028 538 1088 577 es
1120 537 1229 576 me.
1263 542 1282 574 ι
1313 523 1602 590 Quomodo
1629 535 1810 580 autem
1841 523 1946 578 Pa-

367 619 450 664 ter
490 611 936 682 multiplicaverit
988 613 1452 683 magniﬁcentiam
1506 615 1786 688 Unigeniti
1834 618 1942 682 sui,

366 703 471 757 nisi
494 719 619 757 cum
651 704 893 759 ostendit
923 705 1000 760 illi
1032 707 1418 764 tribulationes
1452 709 1654 764 multas
1684 717 1744 765 et
1770 711 1948 764 mala?

365 790 838 860 Quemadmodum
886 797 1034 851 enim
1080 799 1410 869 agonotheta
1453 802 1766 871 quispiam,
1818 818 1943 857 cum

367 886 656 942 adversum
694 889 902 944 multos
937 890 1200 945 athletam
1229 901 1448 947 exercet
1493 909 1675 960 suum,
1711 893 1833 964 ejus
1879 893 1948 948 li-

365 979 587 1048 quidius
639 980 899 1037 virtutem
945 982 1218 1048 ostendit,
1256 983 1480 1054 quando
1531 1001 1657 1040 eum
1699 987 1943 1040 omnium

363 1069 626 1126 victorem
662 1073 954 1143 pradicat;
983 1074 1173 1129 eodem
1202 1075 1367 1130 modo
1397 1075 1558 1132 Pater
1580 1075 1703 1132 Filii
1731 1078 1944 1149 magni-

364 1163 640 1218 ﬁcentiam
672 1175 732 1219 ut
756 1166 1016 1223 omnibus
1057 1168 1235 1238 palam
1280 1168 1506 1234 faceret,
1542 1169 1732 1226 multis
1765 1170 1943 1241 ipsum

363 1254 818 1315 tribulationibus
845 1267 899 1314 et
927 1259 1088 1316 malis
1121 1261 1516 1330 circumdedit;
1552 1269 1613 1316 ut
1646 1269 1800 1333 parta
1821 1279 1948 1318 con-

363 1359 451 1404 tra
505 1365 698 1406 omnes
747 1353 1008 1419 victoria,
1070 1354 1213 1425 apud
1279 1369 1476 1411 omnes
1531 1355 1942 1428 pmdicaretur.

363 1440 544 1507 Quare
576 1443 651 1497 ait
678 1463 697 1499 :
725 1462 747 1495 ο
775 1443 1150 1515 Multiplicasti
1185 1445 1649 1522 magniﬁcentiam
1679 1462 1853 1502 meam
1873 1465 1900 1514 ;.
1920 1465 1939 1500 ι

362 1531 460 1590 sed
495 1543 620 1604 post
665 1535 778 1590 haec
810 1537 1020 1602 omnia,
1050 1537 1252 1608 inquit,
1295 1557 1313 1589 ι
1343 1552 1648 1593 conversus
1686 1538 1944 1594 consola-

363 1633 456 1682 tus
482 1641 544 1681 es
573 1643 679 1682 me.
715 1647 734 1678 ι
769 1627 890 1694 Quo
935 1636 1098 1700 pacto
1133 1630 1451 1685 consolatus
1483 1637 1740 1695 eum—est,
1777 1645 1943 1701 supe-

363 1719 480 1775 rius
523 1718 710 1774 docuit
758 1721 844 1775 his
889 1721 1072 1776 verbis
1105 1741 1118 1776 :
1151 1741 1168 1773 ι
1198 1721 1267 1776 Et
1304 1737 1608 1778 conversus
1658 1722 1941 1778 viviﬁcasti

2047 544 2144 598 νην
2182 543 2307 596 μου,
2337 526 2432 580 καὶ
2461 523 2793 596 ἐπιστρέψας
2822 521 3201 594 παρεκάλεσάς
3231 537 3316 591 με.
3341 538 3359 570 ι
3392 521 3500 583 Πῶς
3527 522 3570 574 6i

2045 617 2368 670 ἐπλεόνασεν
2401 617 2429 668 6
2467 615 2656 687 Πατὴρ
2703 613 2802 686 τὴν
2839 611 3208 686 μεγαλοσύνην
3247 610 3340 664 τοῦ
3371 612 3572 680 Μονογε-

2044 709 2168 772 νοῦς
2194 708 2382 774 αὐτοῦ,
2405 709 2439 780 ἢ
2467 708 2554 762 διά
2576 707 2671 761 τοῦ
2695 705 2862 772 δεῖξαι
2893 705 3042 776 αὐτῷ
3066 704 3271 774 θλίψεις
3295 703 3474 766 πολλὰς
3499 705 3572 756 καὶ

2044 801 2224 866 κακά;
2262 800 2472 871 Ὠσπερ
2519 799 2628 871 γάρ
2673 815 2758 862 τις
2791 795 3155 866 ἀγωνοθέτης,
3187 793 3394 858 mihi;
3429 810 3573 865 παρα-

2045 891 2255 945 ϐάλλων
2283 889 2374 944 τὸν
2410 891 2602 945 ἑαυτοῦ
2627 890 2890 961 ἀθλητὴν,
2922 887 3181 959 μειζόνως
3206 884 3369 940 αὐτοῦ
3390 887 3475 957 τὴν
3503 888 3576 940 ἀν-

2042 983 2224 1055 δρείαν
2257 983 2610 1048 ἐπιδείκνυσι,
2645 983 2871 1054 νικητὴν
2911 982 3075 1037 αὑτὸν
3119 979 3370 1035 ἁπάντων
3412 978 3582 1049 ἀνακη-

2045 1074 2287 1146 ρύττων-
2316 1076 2408 1130 τὸν
2436 1077 2599 1131 αὑτὸν
2634 1077 2837 1148 τρόπον
2863 1077 2957 1130 καὶ
3000 1077 3031 1129 6
3077 1073 3288 1145 Πατὴρ,
3319 1071 3411 1144 τὴν
3443 1088 3578 1142 μεγα-

2042 1167 2270 1240 λοσύνιην
2298 1169 2393 1223 τοῦ
2420 1168 2550 1223 Υἰοῦ
2583 1171 2695 1233 τοῖς
2728 1170 2862 1223 πᾶσι
2885 1167 3123 1239 φανερὰν
3154 1165 3470 1229 ἐπιδεικνὺς,
3493 1164 3579 1218 θλί-

2041 1261 2161 1332 ψεις
2196 1260 2398 1324 πολλὰς
2441 1262 2536 1315 καὶ
2584 1260 2733 1314 κα.κά
2778 1259 3146 1332 περιέϐαλλενι
3160 1256 3331 1328 αὐτῷ,
3356 1255 3427 1319 ὡς
3455 1255 3509 1309 ἂν
3529 1257 3580 1310 τά

2043 1353 2187 1408 κατά
2229 1354 2445 1408 πάντων
2483 1353 2756 1425 ἀράμενος
2788 1352 3102 1423 νικητήρια,
3129 1348 3294 1422 παρά
3331 1349 3438 1410 τοῖς
3477 1349 3582 1400 πᾶσι

2043 1443 2362 1516 κηρυχθείη.
2399 1443 2490 1496 Διό
2521 1459 2712 1515 φησιν·
2753 1461 2772 1493 ι
2796 1441 3159 1505 Ἐπλεόνασας
3189 1439 3292 1512 τὴν
3322 1437 3581 1510 navalem)-

2042 1552 2140 1607 νην
2188 1553 2310 1606 μου.
2343 1555 2362 1587 ι
2384 1533 2542 1588 Ἀλλά
2588 1533 2726 1606 μετά
2769 1533 2942 1588 ταῦτα
2994 1534 3192 1596 πάντα,
3241 1531 3426 1602 φησιν,
3457 1549 3473 1581 ι
3497 1531 3583 1583 ἐπι-

2044 1626 2282 1699 στρέψας
2314 1625 2692 1698 παρεκάλεσάς
2725 1643 2813 1697 με.
2847 1645 2866 1678 ι
2898 1624 3022 1688 Πῶς
3051 1624 3110 1676 δὲ
3139 1620 3500 1694 παρεκάλεσεν
3517 1621 3585 1672 αύ-

2043 1720 2157 1787 τδν,
2184 1719 2530 1792 προεδίδαξεν
2577 1719 2833 1790 ἀνωτέρω
2871 1716 3069 1770 εἰπών·
3103 1735 3122 1767 ι
3146 1716 3259 1768 Kai.
3293 1713 3586 1784 ἐπιστρέψας

360 1821 469 1871 nte,
499 1815 554 1862 et
575 1807 642 1863 de
671 1809 887 1880 abyssis
911 1818 1074 1866 terra;
1099 1812 1297 1867 iterum
1324 1812 1594 1868 reduxisti
1621 1829 1727 1869 me.
1763 1834 1795 1866 o—
1816 1812 1934 1870 Haec

2041 1814 2414 1885 ἐζωοποίησάς
2444 1831 2535 1886 με,
2567 1815 2660 1868 καὶ
2691 1816 2756 1867 ἐκ
2787 1813 2895 1864 τῶν
2923 1809 3176 1864 ἀϐύσσων
3202 1807 3308 1878 τῆς
3333 1806 3433 1876 γῆς
3461 1806 3588 1860 πάλιν

361 1899 561 1970 quippe
597 1901 915 1958 consolatio
940 1910 1080 1968 erat,
1114 1920 1279 1974 quam
1313 1905 1612 1984 Apostolus
1643 1905 1731 1962 his
1753 1906 1938 1962 decla-

359 1988 538 2047 r'avnt:
573 2011 591 2043 ι
622 1993 850 2064 Propter
883 1995 1033 2066 quod
1081 2005 1135 2051 et
1175 1995 1321 2053 Deus
1353 1992 1619 2054 exaltavit
1664 1999 1845 2061 illum,
1887 2007 1944 2054 et

357 2083 506 2142 dedit
540 2085 615 2139 ilii
648 2102 870 2149 nomen.
900 2086 1049 2158 quod
1095 2095 1180 2144 est
1216 2105 1382 2160 super
1411 2105 1574 2146 omne
1605 2105 1841 2156 nomen;
1876 2097 1940 2144 ut

358 2176 418 2234 in
460 2178 680 2232 nomine
721 2176 853 2234 Jesu
902 2195 1065 2234 omne
1116 2196 1259 2252 genu
1306 2180 1559 2237 ﬂectatur
1605 2183 1936 2247 cmlestium,

357 2271 703 2327 terrestrium
733 2280 785 2327 et
819 2270 1160 2328 internarum
1188 2275 1229 2328 ‘.
1265 2293 1283 2325 ι

428 2454 598 2511 Vens.
622 2455 822 2514 22-26.
867 2477 898 2509 ι-
917 2456 1052 2512 Nam
1085 2466 1140 2512 et
1168 2474 1268 2530 ego
1296 2459 1600 2516 conﬁtebor
1629 2461 1726 2516 tibi
1756 2462 1812 2516 in
1839 2476 1934 2516 va-

357 2547 436 2603 sis
469 2548 668 2618 psalmi
699 2551 986 2605 veritatem
1022 2557 1194 2605 tuam.
1228 2570 1248 2601 ι
1281 2550 1365 2605 Tu
1392 2552 1523 2606 mihi
1554 2551 1774 2624 quidem
1799 2553 1935 2619 haec,

356 2639 540 2704 Pater,
590 2642 895 2712 praebuisti,
947 2643 1146 2714 inquit.
1199 2641 1328 2700 Post
1368 2647 1570 2703 multas
1619 2647 1765 2703 enim
1817 2647 1938 2702 illas

356 2733 764 2802 triliulat-iones,
800 2747 925 2808 post
957 2739 1219 2808 praedicta
1264 2742 1432 2804 mala,
1470 2759 1488 2792 ι
1519 2756 1826 2800 conversus
1855 2745 1939 2799 vi-

355 2826 587 2883 viticasti
624 2844 732 2894 me,
769 2830 920 2886 etde
952 2831 1170 2902 abyssis
1219 2843 1378 2889 terrai
1421 2833 1626 2890 iterum
1671 2836 1937 2892 reduxisti

353 2935 463 2985 me,
497 2938 516 2972 ι
546 2928 606 2976 et
636 2923 958 2980 consolatus
1022 2939 1110 2980 me
1143 2941 1226 2990 es,
1277 2925 1652 2996 multiplicans
1690 2927 1938 2999 magniﬁ—

353 3010 592 3064 centiam
627 3028 824 3068 meam.
862 3013 976 3086 Ego
1005 3030 1134 3071 vero
1164 3031 1266 3087 pro
1294 3017 1512 3073 collatis
1553 3017 1652 3075 abs
1700 3027 1754 3074 te
1802 3018 1938 3074 mihi

355 3102 842 3161 beneliciisvicem
878 3107 1205 3179 rependens,
1239 3125 1268 3159 ιη
1288 3109 1591 3165 conﬁtebor
1621 3109 1718 3172 tibi
1749 3111 1802 3166 in
1843 3127 1939 3165 va-

356 3193 434 3250 sis
491 3196 728 3266 psalmi:
763 3217 795 3250 »ι
813 3213 939 3252 nam
973 3217 998 3250 ι-
1024 3199 1156 3270 quid
1211 3201 1509 3256 retribuam
1553 3200 1786 3257 Domino
1838 3217 1938 3272 pro

355 3289 612 3346 omnibus
643 3308 766 3362 qua;
799 3293 1059 3349 retribuit
1085 3294 1306 3348 mihi"?
1337 3316 1355 3348 ι
1395 3295 1672 3352 lmo-vero
1707 3314 1941 3369 appara—

356 3383 430 3436 tis
459 3382 623 3438 vasis.
650 3384 759 3439 tibi
792 3388 1249 3457 congruentibus,
1293 3391 1751 3462 coneinnatisque
1785 3393 1940 3462 psal-

357 3472 553 3529 modiaa
589 3474 975 3534 instrumentis
1020 3487 1074 3535 te
1119 3479 1320 3552 dignis,
1363 3497 1460 3553 per
1510 3482 1626 3538 haec
1652 3485 1937 3540 veritatem

355 3575 506 3622 tuam
535 3569 771 3624 cantabo
795 3569 918 3635 tibi,
947 3571 1196 3642 talesque
1218 3573 1470 3630 excitabo
1491 3575 1757 3641 citharas,
1779 3578 1938 3648 queis

355 3658 496 3714 labia
527 3675 647 3715 mea
678 3662 1056 3729 exsultabunt,
1093 3681 1309 3721 necnon
1344 3686 1362 3718 ι
1395 3666 1576 3722 anima
1619 3684 1740 3724 mea
1770 3685 1935 3740 quam

354 3747 658 3815 redemisti,
692 3769 711 3802 ι
746 3751 1016 3809 reducens
1041 3769 1161 3808 eam
1203 3755 1271 3810 de
1301 3755 1519 3827 abyssis
1560 3765 1741 3825 terrai,
1771 3767 1826 3814 et
1854 3760 1938 3813 vi-

354 3839 583 3897 viﬁcans
615 3857 737 3897 eam
781 3851 1068 3915 postquam
1109 3854 1343 3900 mortem
1386 3849 1754 3903 sustinuerat.
1787 3847 1934 3905 Vasa

351 3940 533 3988 autem
574 3941 628 3988 et
674 3935 1037 3992 instrumenta
1078 3937 1189 3993 Deo
1221 3947 1400 4010 grata,
1423 3939 1626 4010 quibus
1664 3941 1936 4012 hodieque

350 4024 604 4080 Christus
636 4024 730 4082 Dei
761 4043 858 4098 per
888 4036 1064 4085 totum
1096 4032 1286 4086 orbem
1315 4033 1583 4103 psalmos,
1619 4033 1854 4106 hymnos
1879 4044 1936 4090 et

352 4117 543 4174 laudes
576 4117 725 4174 Patri
751 4121 971 4187 emittit,
1004 4139 1128 4193 quae
1149 4124 1356 4181 dixeris
1383 4142 1528 4192 esse,
1559 4127 1667 4182 nisi
1702 4129 1934 4199 populos

350 4206 406 4261 in
438 4207 675 4278 singulis
707 4209 971 4266 Ecclesiis
997 4215 1411 4270 consistentes?
1443 4233 1686 4288 quorum
1720 4219 1934 4275 animas

349 4315 692 4372 componens
717 4302 813 4360 Dei
845 4303 1109 4370 Verbum,
1139 4308 1400 4380 ipsasque
1443 4326 1555 4366 uno
1596 4312 1934 4383 symphoniae

349 4401 405 4448 et
452 4393 758 4450 harmoniai
812 4397 1031 4454 vinculo
1088 4398 1238 4455 Patri
1292 4401 1583 4474 colligatis,
1638 4404 1930 4461 amabilem

347 4485 679 4557 dulcemque
736 4490 1168 4546 modulationem
1223 4494 1444 4549 emittit.
1510 4494 1568 4549 Si
1623 4497 1750 4566 quis
1801 4511 1932 4567 ergo

349 4579 520 4634 animi
559 4581 758 4650 gratia,
789 4581 1155 4638 instrumenta
1195 4583 1287 4639 illa
1319 4583 1634 4641 Iudaeorum
1659 4594 1930 4653 veterum,

348 4670 669 4728 inanimatis
690 4688 758 4728 ex
793 4674 1018 4730 chordis
1053 4677 1321 4742 conﬂata,
1347 4692 1412 4732 ac
1444 4693 1554 4733 non
1586 4679 1932 4732 articulatam

347 4778 538 4820 vocem
565 4765 927 4834 prolerentia,
952 4783 1078 4822 eum
1114 4769 1334 4840 hymnis
1368 4771 1421 4825 in
1452 4769 1657 4826 Christi
1687 4769 1934 4827 Ecclesia

346 4871 378 4909 a
419 4854 839 4916 rationabilibus
873 4859 1166 4915 animabus
1197 4859 1310 4917 Deo
1337 4861 1564 4919 emissis
1592 4863 1928 4928 contulerit;

345 4947 485 5002 nihil
517 4948 572 5002 in
623 4949 709 5005 his
741 4950 922 5007 simile
951 4951 1346 5022 deprehendet.
1379 4952 1588 5019 Quovis
1631 4953 1776 5009 enim
1811 4969 1932 5009 cor-

345 5054 515 5108 poreo
544 5041 806 5110 psalterio
834 5044 1184 5113 pnestantior
1215 5051 1301 5100 est
1333 5045 1649 5112 multitudo,
1681 5060 1803 5116 qua:
1831 5060 1928 5114 per

345 5142 521 5187 totum
563 5135 753 5190 orbem
786 5150 898 5190 uno
926 5143 1220 5202 concentu,
1251 5137 1545 5192 harmonia
1586 5154 1718 5201 una,
1755 5137 1928 5192 Deum

346 5221 440 5292 qui
470 5238 637 5295 super
669 5227 851 5280 omnia
881 5233 966 5281 est
995 5226 1261 5282 celebrat.
1291 5227 1464 5299 Cujus
1495 5229 1802 5285 ministerio
1833 5227 1927 5282 Fi-

346 5317 458 5373 lius
503 5333 562 5373 se
591 5317 742 5375 Patri
793 5321 1028 5391 psallere
1062 5322 1358 5378 conﬁtetur
1387 5323 1620 5379 dicens:
1654 5341 1673 5374 ι
1707 5323 1838 5376 Nam
1872 5330 1928 5378 et

346 5423 448 5480 ego
477 5411 779 5468 conﬁtebor
811 5414 908 5468 tibi
940 5414 998 5469 in
1028 5416 1174 5471 vasis
1200 5417 1400 5486 psalmi
1427 5417 1714 5472 veritatem
1746 5423 1921 5481 tuam,

346 5498 510 5556 Deus.
547 5523 566 5554 ι
603 5502 727 5559 Νοιι
753 5506 897 5562 ultra
936 5507 1082 5563 enim
1115 5508 1340 5578 ﬁguras,
1374 5525 1486 5564 non
1517 5510 1766 5573 umbras,
1815 5525 1927 5564 non

347 5595 593 5664 symbola
628 5598 810 5665 qualia
843 5600 986 5670 apud
1020 5599 1258 5672 Moyscm
1291 5611 1470 5668 erant,
1517 5603 1611 5660 scd
1643 5602 1927 5660 veritatem

455 5783 465 5802 ‘
502 5776 701 5849 Philip.
731 5793 790 5842 ll,
824 5780 855 5834 9
938 5781 956 5812 τ
983 5781 1124 5837 Pral.
1159 5798 1281 5850 (κν,
1320 5785 1407 5840 12.

2040 1907 2316 1978 ἀνήγαγές
2346 1924 2433 1978 με.
2463 1926 2482 1960 ι
2513 1907 2660 1977 Αὕτη
2690 1906 2798 1978 γὰρ
2827 1900 2895 1978 ἦν
2938 1906 2972 1975 ὴ
3018 1900 3388 1974 παράκλησις,
3417 1901 3477 1971 ἦν
3514 1900 3588 1953 καὶ

2039 2001 2068 2052 6
2104 1999 2424 2064 Ἀπόστολος
2467 1999 2820 2072 παρέστησεν
2856 1995 3058 2052 εἰπών·
3107 2014 3126 2047 ι
3158 1993 3246 2047 Διὸ
3285 1993 3383 2048 καὶ
3423 1995 3450 2046 6
3486 1993 3590 2056 Θεὸς

2040 2089 2398 2162 ὑπερύψωσεν
2451 2089 2634 2152 αὑτὸν,
2668 2088 2764 2143 καὶ
2812 2087 3106 2159 ἐχαρίσατο
3152 2083 3307 2155 αύτῷ
3345 2082 3520 2154 ὄνομα,
3544 2081 3594 2134 τὸ

2039 2183 2174 2255 ὑπὲρ
2204 2183 2313 2236 πᾶν
2341 2183 2512 2254 όνομα
2531 2199 2544 2213 ·
2576 2183 2665 2237 ἵνα
2695 2186 2754 2237 ἐν
2783 2181 2862 2254 τῷ
2886 2181 3110 2252 ὀνόματι
3153 2177 3335 2250 Ἰησοῦ
3365 2179 3466 2230 πᾶν
3488 2177 3594 2244 γόνυ

2039 2274 2253 2347 κάμψῃ,
2311 2274 2674 2345 ἐπουρανίων,
2710 2273 2814 2328 καὶ.
2860 2270 3141 2339 ἐπιγείων,
3201 2269 3300 2323 καὶ
3363 2265 3594 2337 καταχθο-

2039 2367 2188 2419 νίων.
2223 2386 2242 2418 ι

2112 2477 2131 2510 ι
2155 2458 2266 2511 Kal.
2290 2457 2398 2529 γὰρ
2423 2457 2532 2527 ἐγὼ
2553 2457 3026 2530 ἐξομολογήσομαί
3055 2473 3136 2510 σοι
3169 2457 3230 2509 ἐν
3256 2455 3475 2510 σκεύεσι
3491 2452 3596 2522 ψαλ-

2042 2551 2143 2624 μοῦ
2172 2555 2270 2622 τὴν
2303 2552 2560 2624 ἀλήθειάν
2593 2569 2710 2606 σου.
2742 2570 2762 2602 ι
2801 2551 2873 2604 Σὺ
2911 2550 3011 2622 μὲν
3050 2550 3177 2628 ἐμοὶ
3210 2547 3412 2613 ταῦτα,
3439 2547 3596 2615 φησὶν.

2038 2637 2083 2697 ῶ
2123 2643 2326 2717 Πάτερ,
2360 2643 2671 2716 παρέσχουο
2711 2643 2850 2714 μετά
2891 2642 2999 2714 γὰρ
3031 2640 3132 2706 τὰς
3180 2640 3387 2705 πολλὰς
3419 2638 3598 2708 θλίψεις

2039 2740 2134 2794 καὶ
2176 2738 2245 2793 τά
2291 2737 2591 2809 λελεγμένα
2631 2737 2781 2793 κακά
2818 2757 2837 2790 ι
2869 2735 3205 2808 ἐπιστρέψας
3249 2730 3598 2804 ἐζωοποίησάς

2043 2851 2130 2905 με,
2155 2833 2250 2886 καὶ
2275 2835 2338 2886 ἐκ
2358 2831 2466 2885 τῶν
2488 2831 2742 2886 ἀϐύσσων
2763 2833 2862 2904 τῆς
2884 2831 2988 2902 γῆς
3017 2829 3178 2884 πάλιν
3199 2827 3474 2898 ἀνήγαγες
3495 2841 3594 2895 με,ι

2039 2927 2135 2979 καὶ
2183 2924 2566 2997 παρεκάλεσάς
2611 2942 2700 2996 με,
2749 2923 3054 2988 πλεονάσας
3099 2922 3199 2995 τὴν
3249 2919 3598 2993 μεγαλοσύνην

2044 3035 2144 3089 μου
2165 3033 2180 3046 ·
2209 3016 2365 3086 κάγὼ
2394 3017 2472 3083 δὲ,
2502 3017 2862 3090 ἀμειϐόμενος
2896 3017 2996 3080 τὰς
3023 3018 3103 3080 είς
3137 3015 3238 3086 ἐμέ
3272 3031 3373 3068 σου
3403 3014 3598 3084 εὐεργε·

2045 3112 2186 3176 σίας,
2225 3127 2247 3162 ι
2291 3109 2759 3183 ἐξομολογησομαί
2800 3127 2883 3163 σοι
2925 3111 2982 3163 ἐν
3020 3108 3238 3162 σκεύεσι
3276 3104 3517 3177 ψαλμοῦ·
3556 3102 3599 3154 τί

2041 3203 2149 3275 γὰρ
2175 3201 2553 3257 ἀνταποδώσω
2575 3201 2656 3274 τῷ
2670 3202 2859 3275 Κυρίῳ
2884 3202 3014 3274 περὶ
3039 3201 3255 3256 πάντων
3293 3193 3373 3254 ὧν
3391 3195 3598 3252 ἀνταπέ-

2038 3288 2180 3348 δωκέ
2213 3311 2300 3366 μοι
2321 3311 2345 3361 ;
2367 3311 2387 3347 ι
2407 3293 2567 3348 Ἀλλά
2589 3294 2699 3366 γὰρ
2719 3295 2788 3348 τά
2810 3310 2895 3348 σοι
2921 3293 3199 3364 πρέποντα
3230 3291 3405 3363 σκεύη
3430 3304 3601 3358 καταρ-

2038 3384 2342 3456 τιξόμενος,
2367 3385 2576 3456 ὄργανά
2595 3385 2655 3438 τέ
2683 3402 2775 3438 σου
2798 3385 2923 3450 ἀξια
2941 3383 3256 3455 ψαλμῳδίας
3287 3379 3601 3436 κατασκευά-

2041 3493 2161 3541 σας,
2193 3476 2260 3530 δι*
2289 3475 2467 3530 αὐτῶν
2493 3476 2593 3548 τὴν
2619 3474 2874 3547 ἀλήθειάν
2897 3492 2990 3528 σου
3010 3472 3164 3544 ψαλῶ
3188 3491 3294 3538 σοι,
3332 3472 3426 3526 καὶ
3453 3468 3602 3524 τοιαύ-

2036 3586 2136 3634 τας
2170 3587 2252 3623 σοι
2285 3569 2517 3640 κιθάρας
2539 3570 2848 3642 ἀναστήσω,
2875 3568 2940 3622 δι’
2972 3560 3047 3622 ὧν
3076 3567 3148 3621 τὰ
3162 3565 3317 3638 χείλη
3345 3583 3446 3637 μου
3466 3561 3602 3631 ἀγαλ-

2037 3661 2304 3726 λιάσεται,
2334 3661 2470 3715 ἀλλά
2516 3663 2614 3716 καὶ
2661 3663 2739 3733 (ἡ
2784 3662 2932 3732 ψυχή
2986 3678 3108 3733 μου,
3131 3659 3198 3730 ῆν
3242 3656 3548 3730 ἐλυτρὼσω,
3581 3673 3599 3705 ι

2037 3753 2376 3818 ἀναϐιϐάσας
2402 3753 2572 3826 αὐτὴν
2593 3755 2658 3808 ἐκ
2678 3752 2787 3806 τῶν
2814 3752 3067 3806 ἀϐύσσων
3093 3750 3193 3820 τῆς
3225 3749 3356 3820 γῆς,
3384 3749 3474 3801 καὶ
3495 3745 3603 3810 ζωο-

2040 3846 2272 3916 ποιήσας
2305 3845 2475 3918 αὐτὴν
2522 3844 2643 3917 μεθ’
2674 3845 2734 3898 ὃν
2767 3845 3026 3916 ὑπέμεινε
3066 3842 3317 3898 θάνατον.
3351 3842 3522 3912 Σκεύη
3554 3839 3602 3893 δέ

2037 3937 2132 3992 καὶ
2178 3938 2382 4010 ὄργανα
2424 3938 2501 4010 τῷ
2548 3937 2666 4010 Θεῷ
2710 3937 3102 4009 κεχαρισμένα,
3128 3935 3194 3989 δι’
3223 3929 3300 3990 ὧν
3327 3936 3493 3988 εἰσέτι
3522 3932 3602 3986 καὶ

2036 4030 2132 4085 νῦν
2181 4032 2210 4085 6
2255 4031 2492 4102 Χριστὸς
2536 4031 2628 4086 τοῦ
2678 4029 2814 4085 Θεοῦ
2861 4030 2982 4084 καθ’
3015 4029 3144 4101 ὅλης
3172 4029 3270 4101 τῆς
3294 4027 3602 4100 οἰκουμένης

2034 4121 2355 4195 ψαλμῳδίας
2379 4123 2696 4195 ἀναπέμπει
2729 4141 2823 4176 και
2851 4121 3052 4194 ὕμνους
3083 4121 3177 4175 καὶ
3198 4119 3394 4189 αίνους-
3418 4118 3492 4189 τῷ
3514 4117 3600 4172 Πα-

2035 4217 2146 4288 τρὶ,
2171 4217 2322 4280 τίνας
2359 4217 2425 4271 ἂν
2457 4216 2631 4280 εἴποις
2653 4216 2686 4288 ἦ
2709 4217 2836 4280 τοὺς
2869 4216 2990 4270 καθ’
3013 4215 3248 4285 ἑκάστην
3295 4211 3600 4283 Ἐκκλησίαν

2034 4307 2230 4374 λαούς;
2255 4302 2354 4361 Ὧν
2403 4307 2502 4371 τὰς
2543 4306 2721 4377 ψυχὰς
2772 4307 3050 4370 συντείνας
3077 4308 3105 4360 ὁ
3131 4305 3224 4358 τοῦ
3256 4302 3397 4358 Θεοῦ
3428 4302 3602 4370 Λόγος,

2037 4403 2326 4472 συμφωνίᾳ
2351 4417 2411 4453 τε
2445 4400 2538 4454 καὶ
2579 4399 2814 4471 ἁρμονίᾳ
2841 4401 2940 4472 μιᾷ
2969 4399 3371 4471 συνδησάμενος
3398 4397 3474 4468 τῷ
3506 4396 3599 4448 Πα-

2035 4495 2144 4566 τρὶ,
2182 4493 2456 4567 προσφιλῆ
2503 4493 2599 4548 καὶ
2648 4494 2831 4564 ἡδεῖαν
2876 4492 3189 4564 ἀναπέμπει
3241 4490 3523 4562 μελῳδίαν.
3544 4485 3598 4541 Εἰ

2037 4587 2168 4657 γοῦν
2208 4605 2294 4651 τις
2338 4587 2414 4650 ὡς
2443 4588 2500 4640 ἐν
2536 4585 2836 4659 παραθέσει
2868 4585 3154 4658 σύγκρισιν
3196 4585 3474 4655 ποιήσοιτο
3507 4578 3599 4631 τῶν

2037 4679 2210 4733 πάλαι
2253 4679 2404 4751 παρά
2441 4679 2712 4743 Ἰουδαίοις
2741 4679 3066 4750 σωματικῶν
3113 4677 3360 4750 ὀργάνων
3390 4676 3448 4740 ἐξ
3475 4671 3604 4742 sed-

2033 4790 2144 4844 χων
2197 4772 2400 4843 χορδῶν
2451 4771 2993 4843 κατεσκευασμένων,
3025 4772 3209 4842 φωνήν
3245 4787 3304 4824 τε
3346 4765 3598 4839 ἇναρθρον

2037 4863 2396 4935 ἐξηχούντων,
2424 4863 2519 4918 καὶ
2546 4864 2655 4918 τῶν
2681 4865 2738 4917 ἐν
2764 4867 2828 4935 τῇ
2859 4862 3097 4934 Χριστοῦ
3133 4861 3428 4932 Ἐκκλησία
3441 4860 3504 4911 ἐκ
3523 4857 3599 4909 λο-

2037 4958 2210 5028 γικῶν
2235 4958 2422 5030 ψυχῶν
2453 4955 2925 5028 ἀναπεμπομένων
2958 4955 3142 5026 ὓμνων
3176 4953 3256 5025 τῷ
3287 4951 3424 5022 Θεῷ,
3463 4946 3597 5003 οὐδὲν

2035 5049 2101 5104 ἂν
2150 5049 2302 5122 εὖροι
2343 5053 2545 5122 δ’μοιονο
2581 5049 2788 5113 Παντὸς
2828 5047 2937 5120 γὰρ
2979 5047 3262 5120 κρείττονα
3303 5037 3594 5115 σωματικοῦ

2033 5141 2334 5214 ψαλτηρίου
2381 5142 2639 5214 τυγχάνει
2687 5141 2758 5195 τά
2803 5139 2982 5212 πλήθη
3007 5139 3077 5192 τὰ
3108 5137 3225 5192 καθ’
3254 5137 3380 5206 ὅλης
3410 5135 3505 5204 τῆς
3528 5131 3590 5183 oi-

2036 5232 2310 5304 κουμένης
2338 5233 2628 5305 συμφωνίᾳ
2657 5235 2754 5304 μιᾷ
2776 5233 2869 5286 καὶ
2895 5231 3132 5304 ἁρμονία
3160 5231 3250 5284 τὸν
3281 5229 3371 5282 ἐπὶ
3396 5226 3592 5279 πάντων

2033 5327 2166 5382 Θεὸν
2201 5327 2491 5398 ὑμνοῦντα,
2526 5328 2592 5382 δι’
2611 5320 2687 5380 ὧν
2713 5329 2744 5381 6
2771 5327 2900 5390 Υἱὸς
2929 5344 3008 5396 τῳ
3029 5325 3204 5396 Πατρὶ
3233 5321 3450 5392 ψάλλειν
3475 5317 3589 5386 ὁμο-

2029 5418 2181 5489 λογεῖ
2213 5421 2470 5491 φάσκων
2505 5440 2524 5472 ι
2554 5421 2665 5475 Καὶ
2715 5421 2826 5492 γὰρ
2871 5419 2982 5485 ἐγὼ
3025 5411 3481 5488 ἐξομολογησομαί
3519 5423 3589 5460 σοι

2031 5511 2090 5566 ἐν
2119 5511 2338 5566 σκεύεσι
2359 5512 2574 5584 ψαλμοῦ
2601 5513 2700 5583 τὴν
2729 5512 2986 5584 ἀλήθειάν
3013 5527 3128 5574 σου,
3155 5510 3185 5562 6
3209 5507 3389 5569 Θεός.»
3409 5499 3589 5556 Οὐκέτι

2031 5604 2142 5677 γὰρ
2167 5604 2390 5670 τύπους,
2409 5605 2529 5660 ούδέ
2563 5605 2720 5670 σκιάς
2749 5604 2840 5661 καὶ
2869 5602 3133 5675 σύμϐολα,
3150 5593 3236 5660 οἷα
3262 5594 3326 5670 ἦν
3353 5595 3423 5650 τὰ
3453 5589 3587 5662 παρὰ
