3776 6284
196 354 286 410 τ89

1290 336 1796 402 COMMENTARIA
1830 334 1897 391 IN
1936 334 2276 391 PSALMOS.

3311 339 3412 396 790

192 469 410 530 Μωῦσεῖ,
434 465 529 536 τὴν
579 464 635 518 δὲ
680 464 938 537 ἀλήθειαν
978 464 1077 537 τὴν
1128 464 1225 537 σὴν
1257 466 1594 539 παραστήσω
1624 463 1732 524 τοῖς

1863 471 1987 511 uam
2019 454 2334 510 hominibus
2367 451 2679 518 declarabo,
2709 460 2764 507 et
2799 471 2818 505 ι
2849 454 3078 524 psallam
3110 436 3209 510 tibi
3243 454 3300 509 in
3334 442 3427 509 ei?

190 560 486 631 ἀνθρώποις,
510 558 602 611 καὶ
648 575 667 609 ι
693 557 849 628 ψαλῶ
898 574 980 611 σοι
1024 558 1083 611 ἐν
1127 557 1349 630 κιθάρᾳ,
1378 560 1407 611 ὁ
1445 558 1596 627 ἅγιος
1638 554 1731 609 τοῦ

202 653 425 725 Ἰσραήλ·
456 672 473 703 ι
511 652 543 722 ἦ
577 652 718 706 κατὰ
754 652 846 706 τὸν
886 651 1136 717 ’Ἀκύλαν,
1176 673 1195 705 ι
1222 653 1528 723 Μελῳδήσω
1562 669 1642 705 σοι
1676 654 1733 705 ἐν

186 746 384 818 κιθάρᾳ,
416 745 533 814 ἅγιε
576 745 809 817 Ἰσραήλ.
848 764 867 797 ο
889 744 1046 799 Ἀλλὰ
1078 745 1172 799 καὶ
1207 764 1225 797 ι
1253 745 1637 814 ἀγαλλιάσεται
1664 742 1734 797 τὰ

185 839 318 911 χείλη
352 855 471 909 μου,
493 838 623 891 ὅταν
651 836 806 906 ψαλῶ
839 854 922 890 σοι
942 854 958 867 ·
992 856 1011 890 ι
1038 836 1074 908 ἢ
1106 836 1248 891 κατὰ
1280 838 1372 890 τὸν
1415 836 1729 908 Σύμμαχον,

186 952 207 984 ι
230 931 533 1001 Εὑφημήσει
565 928 633 983 τὰ
663 929 816 1001 χείλη
857 947 980 1001 μου,
1016 929 1143 984 ὅταν
1183 928 1476 1000 μελῳδήσω
1505 945 1606 992 σοι,
1638 928 1731 982 καὶ

183 1023 365 1093 ἡψυχή
396 1038 517 1092 μου,
544 1021 612 1092 ἦν
643 1020 1083 1093 ἐλυτρώσω.Ἐτι
1109 1020 1165 1073 δὲ
1198 1022 1344 1091 καὶὴ
1378 1018 1599 1089 γλῶσσὰ
1629 1035 1728 1089 μου

185 1112 452 1182 μελητήσει
493 1111 622 1181 ὃλην
664 1111 765 1183 τὴν
804 1111 1017 1183 ἡμέραν
1057 1111 1154 1183 τὴν
1184 1108 1530 1180 δικαιοσύνην
1558 1125 1669 1162 σου.
1707 1128 1725 1161 ι

182 1201 329 1274 Χείλη
354 1202 407 1255 δὲ
439 1202 533 1255 καὶ
561 1201 812 1270 γλῶσσαν
838 1200 1003 1256 αὐτοῦ
1031 1200 1343 1273 μελετῶσαν
1384 1200 1484 1272 τὴν
1529 1200 1732 1253 δικαιο-

183 1295 330 1365 σύνην
345 1293 435 1347 τοῦ
462 1294 676 1368 Πατρὺς
705 1296 802 1348 οὐκ
840 1294 908 1349 ἂν
947 1295 1211 1366 ἁμάρτοις
1245 1291 1412 1346 είπὼν
1435 1294 1559 1357 τοὺς
1584 1294 1639 1346 ἐν
1664 1295 1729 1363 τῇ

191 1386 461 1459 Ἐκκλησία
487 1387 650 1441 αὐτοῦ
678 1388 907 1457 ἀσκήσει
924 1386 1081 1441 θείων
1104 1386 1276 1456 λόγων
1301 1386 1526 1449 ἑαυτοὺς
1549 1386 1734 1440 ἀνατε-

178 1478 424 1542 θεικότας.
467 1480 579 1533 Καὶ
623 1478 793 1534 ταῦτα
841 1480 1036 1545 πάντα,
1084 1479 1237 1549 φησὶ,
1286 1479 1514 1550 ποιήσω,
1556 1496 1576 1528 ι
1606 1478 1731 1531 ὅταν

177 1571 482 1642 αίσχυνθῶσι
531 1574 625 1627 καὶ
671 1573 1012 1644 ἐντραπῶσιν
1061 1574 1110 1625 oi
1160 1571 1444 1643 ζητοῦντες
1484 1571 1553 1624 τὰ
1586 1569 1733 1624 κακά

175 1682 281 1734 μοι·
312 1684 329 1716 ι
360 1665 392 1736 ἢ
420 1664 561 1719 κατὰ
587 1665 677 1718 τὸν
702 1666 1019 1736 Σύμμαχον,
1059 1665 1217 1717 «Ὅτι
1258 1663 1728 1737 κατῃσχύνθησαν,

1840 550 2019 613 thara,
2062 554 2289 603 sanctus
2334 545 2520 601 Israel.
2555 565 2574 598 ι
2620 545 2747 602 Sive
2783 549 3086 603 secundum
3136 547 3409 618 Aquilam,

1846 659 1864 692 ι
1897 639 2220 694 Modulabor
2263 638 2363 693 tibi
2415 637 2470 692 in
2510 637 2743 703 cithara,
2789 648 2978 694 sancte
3013 639 3203 694 lsrael.
3244 658 3263 691 ι
3304 636 3409 694 Sed

1838 731 2002 787 etiam
2065 730 2467 786 «exsultabunt
2527 729 2671 785 labia
2733 746 2885 797 mea,
2938 746 3063 785 cum
3121 740 3411 785 cantavero

1838 824 1970 892 tibi;
2004 844 2021 877 ι
2057 824 2173 879 sive
2205 822 2507 879 secundum
2539 821 2949 893 Symmachum,
2984 840 3003 874 ι
3034 822 3404 878 Celebrabunt

1838 913 1981 967 labia
2030 927 2149 967 mea
2199 926 2324 966 cum
2381 910 2703 965 modulabor
2751 911 2872 977 tibi,
2926 919 2983 966 et
3036 912 3217 965 anima
3268 927 3408 975 mea,

1836 1017 2003 1073 quam
2032 999 2333 1056 redemisti.
2367 999 2475 1055 Sed
2505 1007 2558 1055 et
2601 1000 2783 1071 lingua
2814 1015 2932 1054 mea
2966 1006 3079 1053 tota
3105 999 3193 1055 die
3235 999 3409 1056 medi-

1836 1093 2045 1149 tabitur
2070 1091 2337 1162 justitiam
2384 1098 2556 1145 tuam.
2590 1110 2608 1143 ι
2646 1089 2813 1146 Labia
2856 1098 3037 1146 autem
3072 1100 3127 1146 et
3171 1091 3411 1160 linguam

1835 1186 1956 1256 ejus
1987 1185 2341 1241 meditantem
2377 1183 2649 1254 justitiam
2679 1183 2883 1248 Patris,
2924 1199 3034 1238 non
3069 1183 3411 1239 aberraveris

1837 1278 1886 1333 si
1919 1278 2072 1333 dicas
2103 1292 2199 1332 eos
2246 1291 2368 1333 esse
2397 1277 2491 1347 qui
2539 1277 2595 1330 in
2640 1275 2885 1332 Ecclesia
2926 1277 3101 1347 ipsius
3143 1279 3413 1333 exercita-

1837 1369 1972 1424 tioni
2005 1369 2202 1424 divina:
2238 1367 2534 1439 Scriptura:
2576 1384 2698 1425 sese
2737 1378 3161 1427 consecrarunt.
3197 1370 3262 1426 Et
3294 1371 3412 1427 haec

1835 1459 2039 1526 omnia,
2073 1460 2270 1531 inquit,
2318 1459 2537 1526 faciam,
2592 1479 2610 1512 ι
2646 1476 2774 1516 cum
2825 1460 3039 1517 confusi
3084 1471 3139 1517 et
3188 1463 3411 1519 reveriti

1838 1552 2041 1607 fuerint
2073 1552 2167 1623 qui
2196 1560 2458 1623 quarunt
2492 1551 2637 1605 mala
2678 1552 2845 1620 mihi;
2879 1572 2898 1605 ι
2940 1553 3077 1619 sive,
3107 1555 3411 1610 secundum

1838 1641 2248 1713 Symmachum,
2287 1660 2307 1694 ι
2336 1640 2474 1708 Quia
2506 1641 2725 1697 confusi
2762 1650 2912 1709 sunt,
2947 1650 3042 1697 aut
3070 1643 3198 1715 quia
3229 1642 3410 1700 effossi

174 1730 203 1828 ῆ
231 1758 305 1810 ὅτι
331 1730 704 1829 ἀπωρύτησαν
731 1730 794 1812 οἱ-
813 1730 1101 1830 ξητοῦντες
1132 1756 1231 1829 τὴν
1259 1730 1499 1811 κάκωσίν
1536 1730 1635 1828 μου
1655 1774 1668 1787 ·
1707 1776 1725 1809 ι

1863 1743 1965 1789 ,unt
1996 1735 2088 1805 qui
2111 1730 2363 1806 quaerunt
2384 1733 2729 1789 aﬂlictionem
2754 1750 2952 1799 meam,
2986 1755 3004 1788 ι
3039 1736 3179 1801 sive,
3213 1752 3381 1792 secun
3402 1768 3415 1777 θ

175 1849 204 1918 ἢ
232 1849 362 1903 κατὰ
389 1850 478 1903 τὸν
512 1849 762 1914 Ἀκύλαν,
787 1851 939 1904 «Ὅτι
969 1849 1420 1922 κατῃσχύνθησαν
1440 1850 1489 1902 οἱ
1512 1848 1732 1921 ζητοῦν-

1863 1835 1964 1889 lum
2008 1833 2283 1904 Aquilam,
2341 1852 2360 1885 ‹
2390 1832 2529 1899 Quia
2581 1831 2797 1888 confusi
2843 1840 2973 1887 sunt
3018 1833 3113 1903 qui
3158 1848 3411 1903 quaerunt“

174 1955 255 2004 τες
293 1942 489 1994 κακίαν
538 1959 658 2013 μου.
689 1961 707 1994 ι
741 1942 979 2013 Πάρεστι
1010 1942 1067 1996 δὲ
1100 1942 1193 1996 καὶ
1220 1942 1392 1996 ταῦτα
1426 1941 1570 2013 ἔργῳ
1601 1942 1739 2013 πλη-

174 2032 392 2105 ρούμενα
422 2033 682 2105 θεωρεῖν·
725 2034 1037 2106 ἁπανταχοῦ
1071 2036 1179 2105 γὰρ
1223 2036 1326 2107 γῆς
1362 2034 1472 2088 τῶν
1509 2033 1739 2105 Ἐκκλη-

172 2125 289 2181 σιῶν
319 2125 410 2180 τοῦ
443 2128 698 2200 Σωτῆρος
740 2127 839 2199 τὴν
878 2128 1221 2201 δικαιοσύνην
1246 2126 1340 2181 τοῦ
1369 2126 1503 2180 Θεοῦ
1535 2126 1736 2199 διεξερ-

169 2220 412 2290 χομένων,
439 2220 539 2274 καὶ
572 2220 736 2275 αὐτοῦ
776 2222 833 2275 δὲ
877 2221 1044 2290 σκεύη
1074 2219 1330 2291 ἐκλογῆς,
1364 2212 1452 2273 οἷα
1482 2219 1737 2291 προλέλε-

167 2328 297 2377 κται,
332 2314 423 2366 καὶ
469 2313 678 2386 ὄργανα
710 2313 904 2383 λογικὰ
929 2313 1007 2385 τῷ
1032 2313 1208 2386 Πατρὶ
1254 2311 1731 2385 καταρτιζομένου,

165 2403 513 2475 ἀνυμνοῦντός
547 2424 605 2461 τε
636 2408 726 2461 ἀεὶ
752 2409 821 2462 δι’
847 2408 1026 2462 αὐτῶν
1053 2409 1145 2462 τὸν
1191 2409 1282 2462 ἐπὶ
1330 2408 1549 2461 πάντων
1581 2408 1731 2475 Θεὸν,

162 2497 407 2570 αἰσχύνην
432 2500 854 2572 περιϐάλλονται
898 2504 948 2556 οί
987 2501 1174 2573 ἐχθροὶ
1205 2500 1369 2555 αὑτοῦ
1388 2519 1401 2531 ·
1434 2501 1735 2572 ἐνετράπη-

167 2591 256 2643 σάν
276 2609 331 2645 τε
354 2593 448 2648 καὶ
470 2594 822 2666 ἐντρέπονται
844 2595 893 2648 οι
929 2593 1216 2666 ζητοῦντες
1247 2594 1397 2665 αὐτῷ
1431 2593 1595 2650 κακά.
1629 2587 1733 2648 Οὗ-

162 2698 235 2737 τοι
250 2685 306 2738 δέ
327 2688 463 2739 εἰσιν
484 2689 533 2741 οἱ
555 2688 875 2758 θηρεύοντες
900 2688 997 2759 μὲν
1018 2686 1197 2751 πάσας
1218 2686 1535 2758 προφάσεις,
1551 2686 1735 2758 ὕϐρεις

161 2789 217 2826 τε
242 2777 329 2829 καὶ
358 2776 635 2843 διαϐολὰς,
670 2779 765 2831 καὶ
799 2778 1148 2849 βλασφημίας
1182 2780 1302 2832 κατ’
1325 2776 1488 2832 αὑτοῦ
1520 2795 1734 2849 περινο-

162 2863 352 2932 οὖντες,
390 2868 665 2941 μηδεμίαν
711 2870 769 2923 δὲ
800 2872 1143 2943 εὑρίσκοντες
1187 2870 1444 2923 ὑπόθεσιν
1463 2869 1731 2941 διαϐολῆς,

166 2959 289 3029 μήτε
318 2960 437 3013 κατ’
461 2960 651 3025 αὐτοῦ,
685 2962 821 3033 μήτε
846 2963 946 3033 τῆς
978 2961 1303 3034 Ἐκκλησίας
1325 2961 1509 3018 αὐτοῦ.
1529 2962 1618 3015 Διὸ
1638 2980 1735 3016 κα-

161 3050 430 3120 ταχέονται
454 3053 720 3125 αἰσχύνην
753 3055 849 3107 καὶ
880 3055 1232 3126 ἐντρέπονται
1272 3055 1409 3124 πρὸς
1443 3054 1503 3107 τὸ
1534 3056 1730 3126 μηκέτι

167 3141 319 3212 μηδὲν
365 3142 574 3214 τολμᾷν
625 3142 875 3215 διαϐολῆς
915 3143 1062 3209 ἄξιον
1093 3144 1391 3198 ἐπικαλεῖν.
1426 3144 1538 3197 Καὶ
1564 3142 1733 3197 ταῦτα
1759 3180 1803 3237 C

163 3232 327 3287 πάντα
369 3234 519 3307 ἔργῳ
567 3235 865 3307 πληροῦται
898 3235 1202 3307 συμφώνως
1231 3239 1297 3308 τῇ
1334 3236 1618 3309 φασκούσῃ
1645 3236 1733 3289 διὰ

158 3324 260 3378 τῶν
282 3327 661 3398 προκειμένων
691 3328 994 3400 προφητείᾳ
1009 3347 1023 3360 ·
1061 3348 1080 3381 ι
1096 3329 1261 3382 Ὅταν
1284 3328 1615 3399 αίσχυνθῶσι
1639 3330 1733 3381 καὶ

159 3416 494 3489 ἐντραπῶσιν
542 3420 592 3472 οἱ
645 3418 931 3490 ζητοῦντες
962 3420 1029 3474 τὰ
1060 3421 1204 3475 κακὰ
1240 3437 1349 3491 μοι.
1380 3440 1399 3473 ι
1437 3421 1569 3473 Τότε
1602 3419 1729 3490 γὰρ,

159 3512 331 3579 φησὶν,
356 3514 488 3566 ὅταν
517 3514 567 3565 οί
595 3512 777 3585 ἐχθροὶ
802 3513 1284 3585 καταισχύνωνται,
1313 3511 1424 3582 ἐγὼ
1445 3512 1601 3582 ψαλῶ
1624 3529 1729 3576 σοι,

158 3600 246 3655 καὶ
275 3603 744 3678 ἐξομολογησομαί
793 3623 873 3659 σοι
919 3606 998 3677 τῷ
1041 3605 1278 3678 ἐμαυτοῦ
1328 3605 1649 3677 Πατρί.Ἔτι
1676 3605 1733 3658 δὲ

158 3697 246 3748 καὶ
282 3715 299 3748 ι
330 3700 361 3769 ὴ
398 3698 628 3767 γλῶσσά
664 3717 764 3770 μου
798 3700 926 3771 ὅλην
955 3700 1053 3771 τὴν
1082 3701 1297 3772 ἡμέραν
1321 3698 1733 3770 μελητὴσειτὴν

157 3784 494 3859 δικαιοσύνην
533 3806 647 3844 σου.
676 3806 697 3841 ι

583 3900 690 3955 ΕΙΣ
720 3902 1136 3956 ΣΟΛΟΜΩΝΤΑ
1175 3902 1297 3956 OA’.

230 4011 249 4046 ι
269 3992 326 4046 Ὀ
355 3994 588 4060 Θεὸς,τὸ
620 3993 794 4067 κρίμα
826 4010 920 4046 σου
952 3992 1028 4064 τῷ
1062 3992 1270 4062 βασιλεί
1299 3992 1407 4056 δός.
1438 4012 1456 4044 ι
1477 3994 1540 4047 Οἱ
1559 3994 1734 4047 λοιποὶ

155 4085 246 4140 τοῦ
283 4107 302 4139 ι
340 4088 689 4159 Σολομῶντος
732 4107 749 4138 ι
789 4086 1321 4158 ἡρμήνευσαν.Ἔστι
1347 4086 1404 4139 δέ
1432 4087 1524 4139 καὶ
1549 4086 1735 4157 ἕτερος

155 4177 246 4231 τοῦ
278 4178 443 4232 αὑτοῦ
479 4179 537 4231 ἐν
566 4181 687 4243 ταῖς
715 4178 882 4250 ᾠδαῖς
914 4176 1022 4231 τῶν
1049 4176 1400 4248 ἀναϐαθμῶν,
1427 4171 1489 4232 οὗ
1512 4180 1544 4249 ὴ
1565 4179 1729 4251 ἀρχή*

160 4271 322 4323 «Ἐὰν
357 4272 435 4341 μὴ
473 4270 675 4341 Κύριος
720 4270 1051 4342 οἰκοδομήσῃ
1095 4266 1261 4334 οἷκον,
1296 4271 1377 4333 εἰς
1409 4269 1585 4340 μάτην
1615 4272 1736 4323 ἐκο-

156 4361 353 4417 πίασαν
385 4363 435 4416 οἱ
458 4361 864 4433 οίκοδομοῦντες
894 4362 1076 4417 αὐτὸν.
1106 4380 1126 4413 ι
1148 4362 1233 4415 Ἐν
1266 4355 1347 4425 οἷς
1379 4361 1553 4415 ἔοικεν
1580 4364 1609 4416 ὁ
1634 4362 1730 4415 Σο-

155 4449 330 4522 λομὼν
376 4454 472 4508 ἐπὶ
502 4456 567 4525 τῇ
602 4455 911 4524 κατασκευῇ
961 4451 1057 4506 τοῦ
1103 4452 1273 4516 οἴκου,
1302 4452 1361 4506 ὃν
1408 4453 1628 4525 ῆγειρεν
1674 4453 1733 4505 ἐν

1838 1924 2113 1982 miseriam
2149 1940 2347 1980 meam.
2387 1944 2405 1976 ι
2438 1922 2568 1979 Haec
2601 1939 2770 1994 porro
2804 1914 2978 1995 'opere
3010 1925 3285 1995 completa
3326 1925 3412 1979 vi-

1836 2019 1964 2075 dere
2004 2020 2149 2074 licet.
2208 2018 2343 2072 Nam
2396 2033 2521 2073 cum
2574 2016 2778 2088 ubique
2828 2025 3099 2073 terrarum
3152 2016 3412 2074 Ecclesiae

1838 2111 2145 2167 Servatoris
2160 2110 2433 2181 justitiam
2458 2108 2553 2164 Dei
2586 2116 2869 2172 enarrent,
2896 2109 3123 2181 ipseque
3147 2108 3411 2166 Servator

1836 2216 1964 2257 vasa
1990 2201 2297 2265 electionis,
2333 2202 2517 2272 qualia
2552 2215 2718 2272 supra
2758 2200 2905 2257 dicta
2937 2210 3085 2267 sunt,
3123 2209 3178 2258 et
3208 2203 3411 2258 instru-

1836 2304 2015 2350 menta
2030 2295 2375 2365 rationabilia
2396 2292 2545 2348 Patri
2576 2301 2866 2364 praeparet,
2892 2300 3213 2366 semperque
3242 2295 3410 2351 Deum

1834 2388 1929 2458 qui
1961 2401 2127 2457 supra
2173 2386 2357 2440 omnia
2401 2395 2484 2443 est
2520 2389 2589 2444 iis
2638 2388 3006 2453 concelebret,
3036 2387 3243 2442 inimici
3286 2386 3411 2456 ejus

1835 2478 2159 2535 confusione
2191 2478 2514 2546 induuntur,
2569 2496 2633 2536 ac
2676 2481 2890 2538 confusi
2936 2488 2991 2536 et
3032 2478 3252 2536 reveriti
3283 2489 3411 2535 sunt

1834 2573 1929 2644 qui
1966 2580 2221 2643 quaerunt
2273 2572 2377 2643 ipsi
2422 2574 2582 2629 mala.
2630 2572 2697 2628 Hi
2731 2589 2861 2630 vero
2908 2581 3056 2639 sunt,
3093 2572 3185 2643 qui
3217 2587 3409 2627 omnes

1834 2667 2154 2722 occasiones
2199 2674 2492 2731 venantur,
2552 2668 2937 2733 contumelias,
2995 2664 3301 2721 calumnias
3358 2671 3412 2720 et

1836 2756 2204 2828 blasphemias
2233 2765 2424 2812 contra
2451 2774 2577 2813 eum
2616 2758 2950 2829 excogitant,
2979 2758 3297 2826 nullamque
3324 2770 3413 2811 re-

1835 2849 2053 2919 periunt
2086 2850 2169 2904 vel
2210 2851 2263 2904 in
2303 2851 2482 2922 ipsum
2530 2850 2616 2905 vel
2655 2849 2711 2903 in
2762 2849 3058 2904 Ecclesiam
3092 2847 3267 2917 ipsius
3317 2860 3413 2900 ca-

1836 2942 2057 2997 lumniae
2088 2958 2333 2999 causam.
2365 2942 2546 3008 Quare
2575 2943 2785 3014 pudore
2824 2939 3212 2997 sull‘unduntur
3238 2945 3295 2994 et
3319 2952 3411 2992 re-

1837 3040 2115 3101 verentur,
2162 3033 2312 3105 quod
2362 3035 2508 3088 ultra
2552 3049 2661 3089 non
2709 3032 2948 3088 audeant
2992 3030 3276 3103 quidpiam
3319 3043 3412 3083 ca-

1836 3129 2059 3185 lumnia
2086 3128 2355 3202 proferre.
2388 3129 2454 3184 Et
2491 3131 2605 3185 haec
2628 3132 2814 3186 omnia
2844 3143 3009 3201 Opere
3044 3126 3409 3198 complentur,

1836 3222 2141 3278 secundum
2186 3223 2529 3295 prophetiam
2571 3240 2691 3294 quae
2748 3224 2803 3278 in
2856 3220 3286 3293 praecedentibus
3331 3219 3412 3275 sic

1834 3313 2019 3379 habet,
2054 3333 2072 3365 ι
2098 3312 2235 3368 Cum
2285 3313 2502 3371 confusi
2537 3323 2592 3370 et
2640 3314 2862 3370 reveriti
2902 3310 3106 3366 fuerint
3136 3309 3230 3381 qui
3272 3324 3413 3379 qua—

1833 3410 1963 3457 runt
1997 3404 2140 3457 mala
2168 3403 2323 3459 mihi.
2356 3424 2376 3456 ι
2408 3403 2563 3459 Tunc
2598 3405 2769 3468 enim,
2799 3401 2998 3474 inquit,
3034 3415 3159 3455 cum
3203 3398 3412 3457 inimici

1832 3490 2260 3565 confundentur,
2290 3507 2394 3563 ego
2434 3492 2662 3563 psallam
2693 3492 2814 3557 tibi,
2856 3492 3065 3561 tibique
3092 3486 3241 3542 Patri
3289 3502 3412 3541 meo

1833 3582 2156 3639 conﬁtebor.
2187 3581 2527 3654 lnsuperque
2571 3602 2590 3634 ι
2619 3583 2803 3655 lingua
2836 3597 2957 3638 mea
2985 3588 3097 3635 tota
3123 3577 3411 3633 die-medi-

1833 3675 2041 3731 tabitur
2070 3675 2342 3746 justitiam
2365 3683 2536 3730 tuam.
2574 3696 2590 3727 ι

2237 3883 2306 3937 ΙΝ
2338 3880 2761 3937 SALOMONEM
2793 3878 2981 3934 LXXI.

1907 3976 2073 4033 Vens.
2104 3978 2155 4041 l,
2180 3976 2234 4032 2.
2280 3996 2299 4028 ι
2331 3975 2473 4031 Deus
2504 3974 2771 4044 judicium
2808 3983 2958 4029 tuum
2993 3972 3102 4042 regi
3137 3971 3226 4025 da.
3259 3989 3278 4023 ι
3314 3970 3414 4025 Ro-

1834 4068 1993 4139 liqui,
2043 4087 2061 4121 ι
2093 4067 2425 4135 Salomonis,
2458 4087 2477 4121 ι
2511 4065 2853 4136 interpretati
2904 4071 3052 4121 sunt.
3091 4062 3186 4119 Est
3231 4070 3413 4117 autem

1836 4169 1891 4219 et
1921 4163 2062 4218 alius
2090 4161 2335 4232 ejusdem
2390 4161 2448 4215 in
2487 4158 2721 4214 canticis
2759 4158 3048 4235 graduum,
3100 4155 3260 4226 cujus
3301 4155 3412 4209 ini-

1839 4255 1973 4309 tium
2000 4272 2013 4311 :
2044 4272 2063 4305 ι
2094 4252 2210 4309 Nisi
2256 4252 2524 4307 Dominus
2564 4249 2918 4311 aedificaverit
2947 4249 3194 4313 domum,
3238 4246 3294 4301 in
3325 4262 3414 4300 va-

1836 4362 1971 4401 num
2021 4346 2412 4401 laboraverunt
2454 4342 2550 4415 qui
2596 4342 2873 4403 aediﬁcant
2910 4357 3030 4399 eam
3055 4343 3097 4398 ⁸.
3131 4363 3150 4395 ι
3180 4341 3259 4395 Ex
3292 4343 3417 4413 qui¢

1836 4440 1940 4496 bus
1974 4439 2193 4495 videtur
2240 4437 2591 4499 Salomonem
2640 4435 2697 4489 in
2743 4435 3156 4491 constructione
3196 4434 3412 4499 domus,

170 4543 577 4617 Ἰεροσολύμοις,
613 4545 830 4619 πρῶτος
869 4546 1032 4609 αὐτὸς
1074 4546 1433 4616 οἰκοδομήσας
1454 4545 1516 4598 τὸ
1548 4544 1732 4600 αὐτόθι

1863 4549 2002 4605 [nam
2066 4532 2326 4588 excitavit
2370 4532 2427 4586 in
2475 4530 2813 4595 Jerusalem,
2863 4543 2989 4583 nam
3046 4526 3163 4597 ipse
3206 4525 3417 4597 primus

161 4635 319 4706 ἱερὸν,
354 4639 455 4709 τὴν
504 4638 645 4709 ᾠδὴν
693 4637 1045 4709 πεποιῆσθαι,
1078 4638 1433 4691 διδάσκουσαν
1482 4637 1618 4709 μόνα
1668 4637 1739 4691 τὰ

157 4724 247 4779 τοῦ
278 4728 413 4781 Θεοῦ
449 4729 854 4801 οἰκοδομήματα
900 4726 1220 4792 διαιωνίζειν
1241 4744 1255 4758 ο
1286 4726 1354 4780 τὰ
1380 4727 1487 4798 γὰρ
1528 4724 1739 4796 ἀνθρώ-

161 4834 283 4872 πινα
330 4820 509 4893 καιρῷ
543 4819 932 4875 συνίστασθαι·
977 4820 1005 4873 ὃ
1048 4820 1112 4891 δὴ
1157 4820 1251 4873 καλ⁵
1282 4818 1459 4889 ἀπέϐη
1503 4816 1598 4870 ἐπὶ
1636 4816 1737 4887 τῆς

160 4909 319 4962 αὐτοῦ
362 4911 653 4982 οἰκοδομῆς
675 4928 688 4940 ο
726 4910 827 4963 οὐκ
858 4911 937 4974 εἰς
972 4909 1182 4980 μακρὸν
1212 4908 1342 4977 γοῦν
1381 4907 1410 4959 ὁ
1454 4908 1546 4960 ὑπ’
1571 4902 1736 4958 αὑτοῦ

160 5002 615 5068 κατασκευασθεὶς
652 5002 787 5068 νεὼς
840 5003 943 5057 ὑπὸ
979 5002 1335 5056 Βαϐυλωνίων
1366 5000 1737 5072 κατελύθη.Ἦ

158 5092 214 5146 δὲ
240 5096 376 5165 μετὰ
399 5098 586 5167 χεῖρας
613 5095 918 5168 προφητεία
946 5094 1055 5148 εἴτε
1088 5098 1167 5159 είς
1193 5095 1353 5149 αὐτὸν
1379 5094 1628 5148 λέλεκται
1647 5093 1737 5147 τὸν

160 5185 498 5257 Σολομῶντα,
523 5187 633 5241 εἴτε
658 5188 823 5242 αὐτοῦ
857 5189 971 5240 ἐστι
990 5188 1130 5241 κατὰ
1156 5189 1283 5252 τοὺς
1315 5188 1532 5251 λοιποὺς
1565 5188 1738 5259 ἑρμη-

160 5279 349 5343 νευτάς
368 5296 382 5309 ο
416 5281 467 5332 οἱ
493 5280 637 5348 λόγοι
669 5281 853 5352 ἔτερόν
896 5298 1018 5334 τινα
1068 5281 1371 5351 παριστῶσι
1398 5280 1736 5353 προφητευό-

169 5385 344 5436 μενον.
386 5372 479 5423 Διὸ
510 5371 633 5426 οὗτε
660 5373 891 5445 ψαλμὸς,
927 5373 1048 5427 οὔτε
1082 5373 1215 5446 ᾠδὴ,
1242 5372 1366 5427 οὔτε
1394 5372 1580 5447 ὕμνος,
1613 5371 1736 5433 οὔτε

164 5473 214 5509 τι
236 5459 447 5523 τούτοις
469 5464 843 5535 παραπλήσιον
871 5465 1293 5536 ἐπιγέγραπται.
1312 5465 1449 5531 ῗΑλλ’
1472 5463 1586 5517 ἔστι
1614 5481 1741 5535 προ-

166 5551 359 5620 φητεία
393 5552 718 5618 θεσπίζουσα
750 5555 1185 5628 ἁναφανὴσεσθαί
1207 5574 1327 5611 τινα
1355 5558 1411 5609 ἐν
1433 5555 1739 5628 ἀνθρώποις

167 5644 410 5712 πενήτων
462 5646 553 5698 καὶ
604 5648 834 5717 πτωχῶν
886 5649 1123 5725 σωτῆρα,
1160 5649 1253 5705 καί
1296 5649 1481 5707 τοῦτον
1535 5648 1739 5709 ἄνωθέν

238 5796 258 5827 ⁸
283 5796 429 5853 Psal.
462 5815 642 5869 cxxvi,
688 5806 736 5857 1,

1838 4626 2099 4697 templum
2146 4624 2260 4679 illic
2320 4626 2613 4689 exstruxit,
2661 4623 2766 4679 hoc
2809 4622 3085 4677 canticum
3126 4618 3413 4675 edidisse:

1839 4738 1949 4793 quo
1978 4722 2261 4787 docemur,
2312 4721 2429 4776 sola
2476 4720 2571 4775 Dei
2600 4719 2831 4775 aedilicia
2886 4724 3149 4772 aeternum
3199 4731 3417 4787 perina-

1839 4831 2003 4881 nere;
2038 4814 2277 4875 humana
2325 4815 2530 4884 quippe
2566 4829 2666 4884 pro
2713 4820 2959 4879 tempore
3006 4811 3181 4865 solum
3228 4808 3417 4873 consie

1840 4914 1993 4964 stunt
2021 4925 2035 4961 :
2060 4905 2204 4976 quod
2236 4906 2399 4961 etiam
2436 4905 2489 4959 in
2520 4904 2641 4973 ejus
2683 4903 3052 4959 exstructione
3087 4911 3264 4959 actum
3298 4908 3417 4967 est;
3516 4972 3523 4977 ψ

1838 5015 1950 5055 non
1980 5001 2073 5056 diu
2122 4999 2267 5056 enim
2310 5008 2500 5068 postea
2531 4996 2791 5066 templum
2826 4995 2894 5049 ab
2914 5009 2980 5048 eo
3009 4992 3355 5057 aedificatum,
3376 5007 3419 5057 .a

1839 5092 2154 5164 Babyloniis
2204 5090 2447 5149 dirutum
2479 5087 2604 5154 fuit.
2642 5086 2892 5144 Praesens
2938 5101 3068 5141 vero
3104 5084 3411 5156 prophetia,

1841 5185 1957 5247 sive
1984 5168 2043 5238 in
2074 5182 2423 5238 Salomonem
2459 5180 2604 5234 dicta
2646 5188 2762 5244 est,
2796 5179 2912 5239 sive
2945 5176 3246 5234 secundum
3281 5176 3416 5231 reli—

1842 5292 1981 5347 quos
2003 5276 2355 5347 interpretes,
2389 5274 2565 5346 ipsius
2594 5272 2904 5327 Salomonis
2932 5276 3035 5326 est.
3064 5268 3247 5325 Series
3268 5275 3421 5325 certe

1843 5346 2115 5425 sermonis
2172 5368 2340 5422 alium
2394 5366 2708 5438 quempiam
2749 5363 3014 5419 vaticinio
3071 5362 3415 5422 enuntiatum

1842 5462 2125 5524 declarare
2177 5459 2416 5515 videtur.
2464 5457 2647 5523 Quare
2697 5472 2875 5527 neque
2920 5456 3187 5526 psalmus,
3243 5469 3418 5523 neque

1841 5553 2136 5617 canticum,
2175 5568 2352 5623 neque
2382 5552 2643 5622 hymnus,
2675 5566 2852 5619 neque
2895 5548 3177 5625 quidpiam
3215 5546 3415 5611 simile,

1843 5642 2143 5713 inscriptus
2166 5649 2267 5698 cst.
2296 5641 2400 5697 Sed
2423 5654 2506 5696 εει
2521 5639 2804 5710 prophetia
2831 5638 3205 5710 praenuntiam
3227 5651 3418 5707 quem—
