3776 6284
369 289 469 347 τυι

1035 289 1304 346 EUSEBII
1341 290 1822 347 CESARIENSIS
1858 289 2011 346 OPP.
2055 289 2233 346 PARS
2265 291 2358 347 ΙΙΙ.
2401 325 2468 334 -
2501 293 2911 354 EXEGETICA.
3496 293 3581 360 792

366 416 513 472 piam
552 400 864 457 hominibus
895 402 1256 458 adventorum
1293 418 1592 474 pauperum
1625 412 1688 461 et
1717 418 1936 472 inopum

2045 402 2205 456 ποθεν
2235 405 2414 476 ἡρέμα
2460 409 2862 480 καταϐήσεσθαι
2889 411 2982 464 καὶ
3003 411 3240 484 ἀψοφητί
3256 431 3272 444 ·
3309 434 3326 465 ι
3355 415 3584 491 Rata“,

368 500 726 556 servatorem,
759 493 852 564 qui
881 509 946 548 ex
980 495 1090 549 alto
1119 495 1322 550 sensim
1353 502 1408 548 et
1436 495 1554 549 sine
1583 495 1812 563 strepitu
1842 510 1935 549 ac-

366 600 628 640 cessurus
677 597 810 642 est:
854 605 873 637 ι
913 584 1216 642 Descendet
1263 588 1409 642 enim
1459 586 1604 642 sicut
1656 586 1837 656 pluvia
1879 587 1934 641 in

370 678 564 732 vellus.
597 696 615 730 ι
649 677 848 748 Aitque
859 677 1129 748 justitiam
1163 678 1422 749 deinceps
1465 682 1519 735 in
1553 680 1789 736 adventu
1817 679 1936 750 ejus

371 770 425 824 in
443 786 641 841 genere
668 769 954 825 hominum
982 778 1322 826 versaturam
1356 792 1369 826 :
1400 774 1686 842 ipsumque
1713 788 1822 828 non
1850 771 1937 827 Ju-

367 859 497 915 daeae
529 860 715 927 modo,
760 877 937 931 neque
984 863 1201 916 duabus
1235 864 1480 919 tribusve
1520 865 1796 935 gentibus,
1841 865 1936 920 sed

368 953 622 1008 omnibus
670 968 766 1023 per
812 954 1000 1008 orbem
1041 953 1468 1019 dominatur-um,
1512 970 1702 1010 omnes
1749 963 1938 1026 gentes

367 1045 698 1116 subigendas
729 1044 834 1116 ipsi
865 1045 1004 1111 fore,
1045 1047 1434 1102 celebrandum
1465 1047 1641 1116 ipsqu
1673 1063 1796 1104 esse
1820 1063 1939 1102 om-

369 1135 549 1198 nibus,
580 1150 687 1190 non
717 1135 868 1190 brevi
908 1144 1180 1207 tempore,
1211 1136 1307 1192 sed
1337 1153 1434 1208 per
1456 1153 1616 1194 omne
1655 1139 1932 1197 saeculum.

369 1227 426 1280 In
452 1242 666 1282 summa
691 1227 823 1298 quid
865 1227 1014 1283 aliud
1054 1228 1144 1282 hic
1199 1243 1386 1284 sermo
1409 1239 1676 1294 recenset,
1707 1232 1813 1285 nisi
1855 1237 1938 1284 ta-

371 1318 474 1373 ιειιι
502 1334 626 1374 esse
653 1319 747 1389 qui
779 1320 834 1374 in
867 1319 1128 1377 vaticinio
1164 1320 1360 1386 fertur,
1391 1323 1606 1392 qualem
1637 1338 1798 1378 nemo
1832 1339 1935 1376 un-

367 1426 553 1481 quam,
582 1426 682 1466 nec
711 1412 764 1466 in
793 1411 1107 1467 Judazorum
1136 1420 1318 1483 gente,
1344 1429 1522 1483 neque
1547 1415 1604 1468 in
1626 1413 1749 1470 aliis
1772 1414 1938 1469 fuisse

370 1503 728 1558 memoravit?
758 1501 944 1574 Neque
969 1505 1114 1559 enim
1156 1505 1274 1574 ipse
1319 1502 1598 1570 Salomon,
1631 1520 1807 1575 neque
1833 1503 1938 1558 Da-

367 1599 478 1662 vid,
511 1613 686 1668 neque
711 1599 984 1669 quispiam
1007 1615 1391 1656 successorum
1413 1601 1461 1656 is
1483 1600 1768 1656 videbatur
1790 1616 1932 1666 esse,

363 1688 455 1742 cui
479 1703 541 1741 ea
585 1703 706 1756 quae
752 1687 807 1741 in
849 1688 1136 1758 prophetia
1185 1689 1438 1745 feruntur
1479 1682 1658 1761 aptari
1700 1691 1930 1762 possint.

2039 510 2187 548 σεται
2211 495 2319 568 γὰρ
2367 497 2441 561 ὡς
2467 499 2621 564 ὑετὸς
2649 501 2741 553 ἐπὶ
2783 502 2967 556 πόκον.
2997 521 3016 553 ι
3057 505 3413 578 Δικαιοσύνην
3427 527 3478 562 τε
3495 511 3585 565 λοι-

2035 582 2134 635 πὸν
2173 586 2619 655 ἐμπολιτεύεσθαι
2663 589 2741 660 τῷ
2789 591 2936 659 γένει
2961 593 3070 646 τῶν
3100 595 3405 668 ἀνθρώπων
3430 601 3583 674 ὲπὶτῇ

2035 674 2201 728 αὐτοῦ
2228 680 2521 751 παρουσίᾳ.
2541 682 2959 754 Ἐπικρατήσειν
2980 703 3036 739 τε
3067 687 3223 742 αὐτὸν
3261 691 3325 742 οὐ
3351 692 3446 762 τῆς
3479 694 3585 747 ’1ου-

2033 765 2186 830 δαίας
2221 769 2408 840 μόνης,
2442 771 2564 824 οὐδὲ
2594 772 2739 826 δυεῖν
2766 774 2796 845 ἢ
2827 775 2993 846 τριῶν
3023 778 3210 844 ἐθνῶν,
3233 780 3376 835 ἀλλὰ
3399 783 3585 839 πάντων

2035 855 2141 910 τῶν
2185 859 2304 912 καθ’
2336 861 2465 932 ὅλης
2509 863 2610 932 τῆς
2657 866 3000 937 οἰκουμένης,
3033 871 3208 924 πάντα
3253 889 3320 924 τε
3365 873 3436 925 τὰ
3479 874 3586 946 ἔθνη

2037 951 2470 1022 ὑποταγήσεσθαι
2495 955 2664 1026 αὐτῷ,
2686 958 2979 1029 ὀνομαστόν
3001 978 3062 1014 τε
3081 963 3244 1016 αὑτὸν
3275 963 3488 1019 ἔσεσθαι
3508 985 3589 1021 παρ

2037 1042 2106 1113 ρὰ
2143 1046 2256 1107 τοῖς
2287 1047 2471 1110 πᾶσιν,
2503 1049 2560 1100 οὐ
2591 1051 2731 1103 κατά
2760 1067 2879 1105 τινα
2901 1054 3095 1124 χρόνον
3121 1054 3353 1126 βραχὺν,
3386 1058 3494 1110 ἀλλ’
3523 1062 3588 1125 εις

2037 1135 2250 1188 ἅπαντα
2285 1137 2376 1189 τὸν
2419 1139 2610 1194 αἰῶνα.
2647 1142 2756 1194 Καὶ
2785 1142 2837 1194 τί
2872 1143 2982 1215 γὰρ
3011 1145 3123 1199 ἄλλ’
3155 1145 3187 1217 ἢ
3220 1147 3465 1201 τοιοῦτόν
3485 1167 3587 1204 τινα

2036 1226 2252 1282 ἔσεσθαι
2284 1230 2376 1284 τὸν
2405 1230 2788 1305 θεσπιζόμενον
2827 1240 2856 1291 6
2889 1237 3028 1309 μετὰ
3067 1243 3258 1312 χεῖρας
3307 1243 3588 1314 ὑπογράφει

2035 1316 2208 1386 λόγος,
2241 1322 2423 1374 ὁποῖον
2456 1323 2633 1388 οὐδεὶς
2661 1325 2878 1381 πώποτε
2910 1329 3032 1383 οὔτε
3069 1332 3319 1403 παρὰ-τῷ
3348 1335 3589 1390 Ἰουδαίων

2035 1409 2196 1476 ἔθνει,
2229 1411 2352 1466 οὔτε
2387 1419 2514 1486 παρ’
2549 1417 2753 1490 ἑτέροις
2783 1422 3058 1489 γεγονέναι
3089 1427 3454 1496 μνημονεῦει;
3474 1428 3588 1483 Οὔτε

2036 1500 2144 1574 γὰρ
2195 1505 2356 1569 αὐτὸς
2388 1506 2660 1578 Σολομὼν,
2685 1509 2804 1564 οὔτε
2854 1513 3035 1577 Δαυῖδ,
3067 1515 3189 1571 οὔτε
3231 1537 3325 1583 τις
3357 1521 3463 1573 τῶν
3493 1523 3590 1593 μετ’

2035 1595 2231 1658 αὐτοὺς
2278 1596 2516 1662 τοιοῦτος
2562 1601 2757 1674 ἐφάνη,
2792 1604 2866 1667 ὡς
2917 1605 3156 1677 ἁρμόσαι
3200 1611 3312 1663 τινὶ
3343 1612 3515 1665 αὐτῶν
3533 1616 3590 1668 τὰ

2037 1685 2141 1778 ὑπὸ
2170 1686 2271 1755 τῆς
2302 1690 2636 1760 προφητείας
2669 1695 3208 1770 σημαινόμενα.⁶’ορα
3237 1701 3430 1756 τοίνυν
3455 1706 3499 1757 εί
3529 1705 3590 1778 μὴ

364 1754 644 1851 Perpende
675 1754 1007 1850 igitur—num
1049 1781 1350 1851 praemissis
1383 1783 1451 1838 de
1489 1754 1797 1841 Servatoris
1839 1800 1934 1839 no-

2039 1777 2156 1840 ταῖς
2188 1754 2655 1851 προτεταγμέναις
2698 1754 2787 1836 διὰ
2835 1754 2943 1838 τῶν
2981 1754 3296 1860 ἔμπροσθεν
3345 1754 3590 1864 περι-τοῦ

366 1872 462 1926 stri
493 1874 746 1942 passione
780 1873 1229 1944 praedictionibus
1259 1875 1396 1940 haec,
1427 1890 1535 1946 qua
1563 1890 1790 1946 regnum
1815 1877 1935 1946 ejus

363 1964 721 2030 describitur,
754 1974 1160 2035 consequenter
1185 1964 1495 2036 adjiciatur.
1528 1965 1634 2020 Par
1650 1974 1766 2022 erat
1791 1968 1936 2022 enim

365 2071 466 2111 nos
509 2072 630 2128 quae
669 2057 738 2111 ad
779 2056 915 2112 illud
955 2072 1175 2128 quoque
1233 2060 1468 2116 attinent
1509 2060 1748 2116 edoceri.
1799 2061 1936 2116 Cum

365 2160 545 2204 autem
577 2150 829 2221 plurima:
861 2151 1162 2222 prephetize
1187 2151 1490 2220 Christum,
1530 2154 1622 2226 qui
1645 2170 1714 2208 ex
1735 2154 1937 2210 Davide

363 2239 632 2309 originem
674 2239 946 2298 ducturus
1002 2251 1142 2306 erat,
1195 2244 1561 2311 celebrarent,
1608 2247 1736 2318 quia
1790 2248 1935 2303 veri-

364 2333 541 2386 simile
561 2341 699 2399 erat,
723 2335 1022 2390 nonnullos
1044 2336 1113 2391 iis
1131 2334 1486 2393 Salomonem
1501 2339 1733 2394 indicari
1756 2339 1938 2409 suspi-

363 2433 586 2480 caturos
617 2440 781 2490 esse;
817 2441 941 2481 nam
978 2426 1026 2482 is
1061 2427 1211 2484 solus
1258 2445 1325 2484 ex
1358 2429 1486 2487 ﬁliis
1518 2430 1738 2488 Davidis
1772 2431 1826 2486 in
1858 2447 1940 2487 re-

364 2530 473 2584 gno
501 2515 737 2572 maxime
765 2516 986 2582 claruit,
1021 2515 1135 2574 Deo
1167 2519 1431 2589 templum
1455 2521 1734 2586 excitavit,
1765 2529 1819 2576 et
1848 2537 1939 2577 sa-

367 2605 570 2674 pientia
603 2615 832 2664 ornatus
863 2607 1035 2665 fuisse
1075 2621 1411 2666 memoratur
1437 2631 1452 2668 :
1484 2612 1800 2668 necessario
1836 2631 1854 2665 ι
1884 2613 1938 2667 in

369 2699 716 2755 Salomonem
743 2720 761 2754 ι
795 2703 915 2758 haec
932 2703 1217 2774 prophetia
1242 2703 1596 2770 inscribitur;
1625 2705 1742 2762 sive
1765 2705 1939 2776 ipsius

369 2793 681 2849 Salomonis
730 2810 856 2850 esse
919 2794 1128 2866 fertur;
1183 2805 1242 2852 ut
1299 2813 1410 2853 non
1458 2798 1603 2853 ultra
1655 2806 1942 2869 putaretur

369 2886 550 2954 ipsum
580 2899 702 2940 esse
734 2901 800 2940 ex
836 2885 1060 2944 Davidis
1098 2887 1308 2944 semine
1335 2888 1430 2959 qui
1467 2890 1894 2960 exspectabatur
1923 2911 1935 2945 :

367 2991 435 3030 ex
460 2979 583 3048 ipso
611 2977 815 3049 quippe
851 2976 1143 3036 Salomone
1177 2981 1324 3039 alius
1350 2990 1616 3039 venturus
1661 2991 1938 3054 speratur,

369 3077 430 3122 ut
463 3070 568 3140 ipsi
597 3071 928 3140 promissum
958 3081 1060 3128 est.
1088 3071 1145 3128 Si
1169 3073 1354 3144 itaque
1379 3075 1680 3132 secundum
1713 3075 1941 3147 Septua-

2037 1868 2244 1934 πάθους
2287 1870 2381 1925 τοῦ
2425 1873 2676 1946 Σωτῆρος
2716 1879 3087 1950 προρρήσεσιν
3132 1883 3449 1948 ἀκολούθως
3491 1903 3590 1939 συν-

2034 1961 2204 2031 ῆπται
2251 1964 2284 2034 ἦ
2338 1964 2476 2034 μετά
2521 1969 2712 2036 χεῖρας
2756 1968 2854 2040 τὴν
2883 1970 3159 2041 βασιλείαν
3191 1975 3365 2028 αὐτοῦ
3390 1976 3592 2048 διαγρά-

2039 2071 2230 2124 φουσα.
2252 2055 2447 2127 Ἐχρῆν
2479 2057 2586 2130 γὰρ
2620 2060 2765 2130 ἡμᾶς
2795 2063 2887 2115 καὶ
2915 2063 2985 2117 τὰ
3016 2067 3141 2138 περὶ
3165 2067 3381 2139 ταύτης
3408 2069 3590 2123 παιδευ-

2037 2144 2214 2218 θῆναι.
2255 2147 2469 2201 Πολλῶν
2499 2150 2556 2203 δὲ
2584 2154 2927 2224 προφητειῶν
2967 2156 3058 2209 τὸν
3105 2158 3170 2211 ἐκ
3199 2158 3368 2211 Δαυῒδ
3407 2177 3592 2231 προφη-

2037 2239 2322 2310 τευόμενον
2351 2241 2585 2312 Χριστὸν
2614 2244 2964 2314 ἁνυμνουσῶν
2983 2265 2996 2277 ·
3029 2249 3214 2320 ἐπειδὴ
3236 2250 3391 2313 εἰκὸς
3409 2246 3472 2322 ἦν
3493 2252 3593 2305 ὑπο-

2035 2330 2215 2385 λαϐεῖν
2247 2350 2396 2397 τινας
2423 2335 2511 2388 τὸν
2529 2335 2851 2406 Σολομῶντα
2864 2339 3152 2409 δηλοῦσθαι
3183 2341 3249 2394 δι’
3276 2343 3486 2395 αὐτῶνο
3513 2344 3581 2412 μό-

2039 2441 2127 2488 νος
2152 2424 2260 2497 γὰρ
2287 2418 2440 2491 οὗτος
2472 2427 2580 2480 τῶν
2613 2428 2743 2482 υἱῶν
2786 2430 2947 2483 Δαυῖδ
2977 2432 3335 2498 ὲπιδοξότατα
3373 2433 3593 2504 βασιλεὺο

2041 2534 2158 2582 σας,
2187 2520 2280 2572 καὶ
2308 2519 2399 2574 τδν
2436 2520 2569 2574 νεὼν
2594 2523 2780 2593 ἡγειρε
2807 2522 2886 2594 τῷ
2916 2523 3052 2594 Θεῷ,
3085 2527 3178 2578 καὶ
3204 2518 3372 2597 σοφίᾳ
3393 2527 3594 2598 διαπρέ-

2038 2610 2134 2680 ψαι
2170 2611 2619 2684 μεμαρτύρηται·
2649 2614 3010 2686 ἀναγκαίωςὴ
3036 2617 3380 2687 προκειμένη
3409 2634 3594 2689 προφη-

2037 2700 2158 2752 τεία
2196 2719 2215 2752 ι
2243 2703 2324 2764 εὶς
2349 2701 2668 2773 Σολομῶντα
2694 2721 2712 2753 ι
2748 2703 3176 2774 ἐπιγέγραπται·
3223 2705 3258 2777 ἢ
3306 2707 3471 2758 αὑτοῦ
3515 2706 3594 2759 τοῦ

2042 2791 2383 2861 Σολομῶντος
2412 2789 2550 2846 εἶναι
2571 2792 2819 2848 λέλεκται
2838 2812 2850 2824 ·
2873 2795 2962 2847 ἴνα
2983 2795 3176 2866 μηκέτι
3203 2796 3372 2860 αὐτὸς
3403 2798 3593 2868 νομίζη-

2040 2899 2129 2935 ται
2159 2883 2188 2935 ὁ
2222 2883 2667 2955 προσδοκώμενος
2719 2881 2858 2938 εἶναι
2901 2887 2965 2938 ἐκ
3007 2886 3205 2940 Δαυῒδο
3260 2888 3322 2955 ὲξ
3378 2889 3595 2941 αὑτοῦδὲ

2045 2974 2381 3045 Σολομῶντος
2411 2975 2689 3040 ὲλπίζεται
2715 2977 2800 3030 έτε
2809 2994 2897 3048 ρος
2920 2978 2950 3029 6
2974 2979 3067 3032 καὶ
3095 2979 3243 3050 αὐτῷ
3277 2979 3594 3052 ἐπηγγελμέ-

2044 3086 2153 3133 νος.
2172 3069 2295 3122 Ἐὰν
2327 3069 2426 3140 μὲν
2451 3065 2543 3122 οῦν
2576 3068 2918 3140 ὲκδεξώμεθα
2944 3072 3024 3133 εἰς
3054 3071 3219 3125 αὐτὸν
3245 3071 3496 3142 εἰρῆσθαι
3521 3073 3596 3126 τὸν

367 3160 519 3229 ginta
567 3158 932 3232 lnterpretum
979 3162 1196 3218 titulum
1247 3165 1305 3220 in
1356 3165 1536 3236 ipsum
1592 3164 1936 3221 Salomonem

2045 3159 2361 3232 Σολομῶντα
2379 3159 2468 3214 τὸν
2492 3160 2705 3231 ψαλμὸν
2749 3159 2890 3213 κατὰ
2934 3161 3030 3232 τὴν
3066 3161 3174 3215 τῶν
3216 3162 3595 3234 Ἑϐδομήκοντα

368 3252 576 3306 dictum
611 3252 782 3310 fuisse
811 3255 1082 3325 psalmum
1129 3257 1522 3328 intelligamus,
1555 3257 1802 3314 dicemus
1837 3260 1942 3314 uti-

368 3359 475 3413 que
527 3343 788 3415 Spiritum
828 3355 1105 3415 sanctum,
1150 3363 1276 3403 cum
1331 3365 1433 3420 pro
1477 3347 1596 3420 ipso
1639 3352 1940 3406 orationem

374 3438 483 3493 Deo
539 3442 815 3500 emisisset
867 3444 923 3498 in
988 3445 1164 3514 primo
1218 3459 1404 3510 versu,
1464 3446 1560 3516 qui
1621 3447 1704 3501 sic
1755 3445 1939 3511 habet,

374 3551 397 3584 ε
423 3529 873 3603 Deus,judicium
911 3543 1064 3590 tuum
1098 3536 1212 3606 regi
1242 3536 1334 3600 da,
1367 3556 1386 3589 ι
1423 3537 1478 3592 id
1509 3545 1594 3593 est
1625 3537 1940 3604 Salomoni;

2047 3254 2389 3326 προγραφὴν,
2416 3253 2668 3325 ἐροῦμεν,
2706 3253 2787 3306 ὅτι
2833 3253 2895 3306 τὸ
2934 3253 3158 3324 Πνεῦμα
3195 3254 3258 3308 τὸ
3286 3255 3462 3324 ἅγιον,
3489 3258 3595 3327 ’περὶ

2046 3345 2209 3400 αὑτοῦ
2247 3346 2343 3417 τὴν
2371 3345 2534 3416 εὐχὴν
2559 3345 2885 3416 ἀναπέμψαν
2918 3345 2994 3416 τῷ
3017 3346 3134 3417 Θεῷ
3161 3347 3251 3401 διὰ
3277 3347 3376 3402 τοῦ
3405 3342 3595 3419 πρώτου

2046 3439 2250 3508 στίχου,
2283 3439 2348 3491 δι’
2373 3430 2435 3490 οῦ
2467 3437 2678 3510 εἴρηται
2699 3454 2712 3468 ·
2755 3457 2773 3488 ι
2795 3438 2854 3491 ὐ
2893 3438 3043 3502 Θεὸς,
3075 3439 3138 3491 τὸ
3185 3441 3363 3510 κρίμα
3407 3457 3495 3493 σου
3532 3439 3596 3509 τῷ

2047 3530 2252 3600 βασιλεῖ
2275 3529 2382 3593 δὸς,
2409 3549 2426 3582 ι
2463 3530 2705 3584 τουτέστι
2734 3529 2814 3601 τῷ
2839 3529 3274 3601 Σολομῶντι,τδν
3306 3531 3435 3603 ἑξῆς
3462 3531 3597 3600 λόγον

371 3640 494 3694 qua!
522 3634 830 3696 sequuntur
867 3626 936 3682 de
965 3627 1060 3682 illo
1085 3628 1181 3698 qui
1210 3628 1279 3683 ab
1309 3629 1430 3700 ipso
1460 3631 1777 3685 nasciturus
1823 3639 1936 3686 erat

2044 3621 2284 3695 περὶτοῦ
2305 3623 2362 3689 ἐξ
2383 3622 2548 3676 αὐτοῦ
2574 3623 2937 3695 γενησομένου
2962 3625 3192 3676 ποιεῖται
3210 3640 3224 3653 ·
3248 3623 3331 3677 διὸ
3356 3624 3594 3691 ἐπιλέγει’

371 3718 577 3775 dixisse
604 3719 692 3775 his
721 3719 925 3784 verbis,
968 3738 986 3770 ι
1017 3718 1084 3773 Et
1106 3720 1379 3789 justitiam
1403 3729 1553 3776 tuam
1585 3721 1696 3776 ﬁlio
1721 3722 1888 3794 regis,
1918 3743 1936 3775 ι

2039 3712 2068 3765 ἰ
2099 3716 2206 3769 Καὶ
2247 3716 2346 3787 τὴν
2389 3715 2732 3787 δικαιοσύνην
2768 3733 2860 3769 σου
2893 3716 2972 3786 τῷ
3009 3715 3108 3786 υἱῷ
3133 3715 3226 3769 τοῦ
3259 3715 3543 3786 βασιλέωςο
3575 3734 3591 3766 ι

373 3807 426 3862 id
449 3818 552 3877 est,
586 3810 687 3881 ipsi
722 3807 851 3865 Iesu
881 3810 974 3881 qui
1012 3825 1077 3866 ex
1109 3810 1318 3865 semine
1348 3810 1468 3881 ejus
1495 3819 1761 3869 venturus
1801 3822 1939 3868 erat.

372 3899 469 3956 Vel
496 3901 688 3956 horum
713 3918 834 3972 qua:
873 3908 1172 3957 tractamus
1205 3903 1329 3958 talis
1361 3919 1518 3960 mens
1540 3904 1725 3970 fuerit,
1756 3907 1946 3963 decre-

2043 3805 2240 3878 δηλαδὴ
2267 3805 2346 3877 τῷ
2375 3806 2618 3877 μέλλοντι
2645 3807 3064 3879 προελεύσεσθαι
3098 3811 3163 3862 ὲκ
3189 3809 3500 3881 σπέρματος
3522 3809 3595 3860 αὑ-

2043 3899 2138 3952 τοῦ
2169 3898 2445 3970 Ἰησοῦ.’Ὴ
2461 3900 2570 3952 τῶν
2591 3901 2966 3972 προκειμένων
2990 3901 3019 3952 ὁ
3049 3899 3172 3964 νοῦς
3185 3899 3594 3972 τοιοῦτος-Ὅρος

372 4000 486 4048 tum
535 4009 566 4047 a
604 3994 804 4049 deitate
837 4002 930 4048 tua
986 3995 1192 4051 editum
1228 3997 1351 4061 fuit,
1403 4006 1567 4068 atque
1610 3999 1852 4054 edictum
1892 4008 1936 4055 el

2050 3991 2202 4062 παρὰ
2237 3991 2338 4060 τῆς
2371 3991 2469 4062 σῆς
2517 3991 2770 4062 θεότητος
2808 3991 3168 4064 ἐξενήνεκται,
3212 3991 3391 4062 δόγμα
3417 4010 3487 4046 τε
3518 3991 3595 4044 καὶ

369 4084 636 4156 judicium
676 4087 886 4158 regium
937 4103 1000 4143 ex
1057 4088 1264 4158 Spiritu
1307 4096 1408 4144 tuo
1445 4091 1805 4146 constitutum
1836 4099 1942 4159 est,

377 4185 435 4232 ut
461 4193 527 4233 ex
561 4177 868 4234 Salomonis
913 4181 1066 4250 prole
1113 4179 1372 4236 Servator
1414 4182 1602 4237 mundi
1640 4184 1944 4240 secundum

373 4283 596 4325 carnem
623 4269 898 4340 gignatur.
927 4269 1044 4325 Hoc
1078 4270 1246 4342 igitur
1266 4271 1537 4340 judicium
1572 4281 1748 4338 tuum,
1779 4275 1944 4337 Deus,

2046 4082 2226 4154 κρίμα
2274 4082 2546 4152 βασιλικὸν
2604 4085 2668 4136 ὲκ
2735 4081 2828 4135 σοῦ
2888 4081 3202 4154 Πνεύματος
3245 4083 3587 4140 διατέτακται,

2058 4174 2136 4238 ὡς
2152 4173 2217 4228 ἂν
2241 4175 2304 4227 ὲκ
2317 4173 2419 4244 τῆς
2435 4174 2776 4246 Σολομῶντος
2790 4174 3040 4245 διαδοχῆς
3067 4175 3095 4226 6
3129 4192 3191 4228 το
3207 4175 3413 4246 κόσμου
3429 4172 3592 4243 Σωτὴρ

2047 4265 2192 4341 κριτὰ
2245 4267 2422 4339 σάρκα
2462 4266 2769 4339 γεννηθείη.
2797 4267 2966 4322 Τοῦτο
3006 4263 3098 4320 οὖν
3132 4268 3193 4320 τὸ
3233 4269 3412 4339 κρίμα
3443 4267 3591 4330 σου,ὀ

373 4374 520 4414 nunc
561 4359 780 4414 tandem
814 4361 929 4431 regi
956 4361 1045 4428 da,
1079 4361 1290 4417 scilicet
1337 4360 1636 4429 Salomoni,
1687 4373 1749 4419 ut
1783 4367 1936 4420 verba

2049 4357 2202 4423 Θεὸς,
2231 4357 2332 4430 ἤδη
2377 4357 2510 4412 ποτὲ
2548 4356 2790 4430 δώρησαι
2820 4357 2899 4429 τῷ
2935 4357 3160 4428 βασιλεῖ,
3188 4356 3390 4428 δηλαδὴ
3416 4355 3488 4426 τῷ
3515 4356 3594 4408 £0-

374 4470 540 4524 opere
576 4457 954 4526 compleantur
983 4476 996 4510 :
1028 4457 1244 4528 ipsique
1269 4456 1380 4528 regi
1414 4465 1774 4512 memoratum
1799 4458 1936 4528 judi-

2050 4449 2306 4521 λομῶντι,
2326 4448 2400 4513 ὡς
2428 4447 2492 4502 ἂν
2509 4448 2575 4502 δι’
2592 4447 2768 4520 ἔργων
2793 4449 3100 4520 χωρήσειαν
3127 4449 3176 4501 oi
3202 4447 3351 4516 λόγοι
3369 4465 3382 4477 ·
3413 4447 3500 4502 καὶ
3517 4445 3596 4497 αὑ-

373 4547 520 4602 clum
556 4550 830 4618 praebeas;
859 4549 1130 4620 justitiam
1164 4565 1294 4605 vero
1333 4556 1484 4604 tuam
1519 4549 1630 4604 [ilio
1650 4550 1816 4621 regis,
1853 4551 1936 4621 qui

2049 4541 2127 4612 τῷ
2159 4542 2256 4613 μὲν
2283 4540 2360 4612 τῷ
2393 4540 2603 4612 βασιλεί
2625 4540 2686 4594 τδ
2711 4539 2949 4611 δηλωθὲν
2980 4540 3154 4612 κρίμα
3186 4540 3484 4609 παράσχου,
3512 4535 3591 4604 τὴν

374 4651 441 4690 ex
471 4637 680 4693 semine
728 4638 848 4709 ejus
887 4639 1209 4709 proditurus
1241 4645 1361 4705 est;
1405 4647 1466 4692 ut
1495 4638 1589 4709 qui
1621 4655 1689 4694 ex
1741 4638 1936 4710 Spiritu

2049 4634 2109 4687 δὲ
2131 4633 2475 4703 δικαιοσύνην
2497 4650 2590 4686 σου
2617 4631 2693 4702 τῷ
2716 4631 2816 4702 υἱῷ
2837 4631 2930 4685 τοῦ
2959 4631 3238 4702 βασιλέως,
3269 4630 3350 4702 τῷ
3374 4630 3589 4702 μέλλοντι

376 4727 628 4799 gignetur
662 4746 951 4786 successor
991 4731 1134 4801 ejus,
1177 4731 1637 4803 acceptajustitia
1665 4739 1781 4796 tua,
1817 4751 1834 4784 ι
1859 4732 1936 4802 ju-

2052 4724 2115 4776 ἐκ
2151 4723 2462 4793 σπέρματος
2500 4721 2662 4776 αὐτοῦ
2706 4720 3158 4793 προελεύσεσθαιο
3193 4721 3258 4775 ἶν’
3283 4723 3311 4775 6
3349 4719 3591 4790 TEWLileE'

374 4819 520 4874 dicet
547 4821 808 4889 populum
863 4827 1019 4874 tuum
1061 4822 1115 4875 in
1141 4819 1377 4890 justitia,
1426 4829 1480 4876 et
1519 4837 1789 4892 pauperes
1828 4832 1936 4877 tuo:

2052 4833 2141 4880 νος
2178 4819 2207 4870 6
2244 4817 2307 4870 ἐκ
2336 4814 2644 4886 πνεύματος
2679 4814 2770 4867 καὶ
2797 4812 3037 4883 διάδοχος
3078 4813 3261 4877 αὐτοῦ,
3293 4811 3591 4881 ὑποδεξάμε-

374 4913 431 4966 in
455 4912 688 4982 judicio.
721 4932 740 4964 ι
774 4913 841 4967 Et
861 4918 976 4969 haec
1001 4913 1244 4984 quidem,
1273 4915 1322 4968 si
1353 4913 1408 4967 in
1437 4913 1610 4985 ipsius
1642 4913 1936 4970 Salomonis

2053 4927 2142 4973 νος
2171 4909 2267 4980 τὴν
2306 4908 2405 4979 σὴν
2435 4905 2801 4976 δικαιοσύνην,
2851 4925 2869 4956 ι
2896 4904 3144 4978 διακρίνῃ
3171 4906 3262 4959 τὸν
3293 4905 3416 4958 λαόν
3441 4920 3523 4956 σου
3543 4903 3590 4953 ἐν

375 5019 663 5075 personam
708 5003 977 5061 referatur
1028 5004 1315 5076 inscriptio
1370 5003 1724 5077 Septuaginta
1777 5008 1936 5063 Inter-

2052 5001 2386 5072 δικαιοσύνῃ,
2419 5000 2517 5053 καὶ
2544 5001 2667 5062 τοὺς
2697 4996 2942 5068 πτωχούς
2988 5014 3078 5050 σου
3131 4999 3190 5049 ὲν
3233 4996 3426 5068 κρίσει.
3459 5015 3475 5047 ι
3503 4992 3590 5046 Καὶ

376 5104 608 5165 prelum.
647 5113 767 5168 quae
801 5116 819 5148 ι
877 5097 934 5152 ἰη
961 5095 1308 5152 Salomonem
1345 5115 1364 5148 ι
1395 5097 1580 5153 habet.
1614 5095 1710 5153 Sin
1753 5114 1936 5154 secun-

2053 5094 2225 5148 ταῦτα
2246 5095 2363 5166 μὲν,
2386 5093 2542 5164 εἴπερ
2558 5095 2636 5156 εἰς
2653 5091 2816 5146 αὐτοῦ
2848 5089 3136 5163 προσώπου
3169 5087 3263 5142 τοῦ
3285 5085 3586 5160 Σολομῶντος

377 5188 504 5242 dum
533 5189 773 5259 reliquos
798 5189 1124 5259 interpretes
1150 5187 1457 5244 Salomonis
1483 5189 1770 5260 prophetia
1801 5189 1936 5245 dicar

2053 5188 2376 5260 ἀναφέροιτο
2434 5189 2468 5257 ή
2535 5183 2825 5257 προγραφὴ
2873 5183 3014 5236 κατὰ
3062 5182 3190 5245 τοὺς
3227 5180 3587 5251 Ἑϐδομήκοντα

379 5291 466 5334 tur
505 5298 660 5340 esse;
701 5281 946 5336 dicemus
997 5281 1173 5351 ipsum
1225 5281 1571 5338 Salomonem
1609 5281 1815 5352 Spiritu
1866 5296 1936 5335 rei

2057 5284 2322 5356 φέρουσα,
2349 5299 2366 5331 ι
2392 5282 2470 5343 εἰς
2502 5277 2823 5346 Σολομῶντα
2841 5293 2855 5307 ·
2889 5295 2906 5327 ι
2937 5277 2985 5328 εἰ
3015 5275 3071 5328 δὲ
3096 5273 3238 5328 κατὰ
3263 5274 3385 5336 τοὺς
3405 5268 3585 5328 λοιποὺς

380 5375 608 5443 pletum,
638 5382 750 5430 tres
797 5375 886 5428 hic
933 5389 1197 5446 personas
1249 5374 1563 5439 declarare,
1608 5373 1810 5441 Deum,
1866 5389 1931 5429 cn

2058 5371 2396 5448 ἑρμηνευτὰς
2441 5369 2533 5424 τοῦ
2577 5368 2924 5439 Σολομῶντος
2955 5364 3089 5421 εἶναι
3111 5365 3374 5436 λέγοιτοή
3412 5374 3586 5432 προφη-

381 5466 683 5520 orationem
705 5467 938 5531 emittit;
971 5481 1171 5534 regem,
1197 5481 1358 5535 quem
1391 5468 1448 5521 in
1471 5467 1730 5522 universa
1763 5481 1936 5537 regnat

2057 5466 2175 5519 τεία
2199 5506 2214 5529 ,
2263 5467 2541 5534 φήσομεν,
2581 5461 2664 5514 ὅτι
2697 5459 2858 5522 αὐτὸς
2894 5459 2924 5510 6
2973 5456 3259 5528 Σολομὼν,
3315 5454 3583 5523 Πνεύματος

382 5567 565 5610 turum
588 5558 863 5619 credebat,
889 5556 1141 5611 videlicet
1183 5555 1377 5610 Filium
1425 5556 1517 5613 Dei
1545 5575 1560 5626 ;
1596 5559 1758 5612 tertio
1781 5557 1936 5613 homi‘

2059 5555 2386 5627 πληρωθεὶς,
2436 5554 2560 5624 τρία
2606 5551 2696 5604 διὰ
2729 5550 2934 5604 τούτων
2980 5550 3276 5621 παρίστησι
3321 5548 3580 5619 πρόπυπαθ

387 5663 530 5710 nem,
563 5664 725 5718 quem
751 5648 1047 5716 assumpsit
1073 5663 1136 5702 ex
1170 5649 1378 5702 semine
1402 5647 1589 5712 David,
1622 5666 1689 5705 ex
1730 5650 1936 5720 ipsoque

2057 5649 2149 5701 τὲν
2178 5647 2330 5710 Θεὸν,
2366 5639 2410 5713 ᾧ
2440 5644 2537 5714 τὴν
2570 5643 2734 5713 εὐχὴν
2769 5641 3101 5712 ἀναπέμπει,
3133 5642 3228 5695 καὶ
3268 5641 3356 5694 τὸν
3383 5633 3576 5708 βασιλέα.

392 5738 684 5796 Salomone
718 5738 1290 5803 nasciturumjalium
1317 5739 1384 5792 ab
1431 5739 1522 5793 illo
1569 5756 1693 5809 rege
1746 5741 1839 5810 qui
1901 5741 1936 5795 il

2061 5740 2118 5794 ὃν
2167 5738 2426 5791 πέπειστο
2463 5735 2764 5805 βασιλεύειν
2795 5735 2900 5788 τῶν
2931 5733 3096 5798 ὅλων,
3131 5732 3330 5805 δηλαδὴ
3363 5732 3444 5784 τὶν
3487 5725 3578 5780 Υξῦν
