3776 6284
158 354 249 407 795
1228 358 1365 417 COM
1376 360 1732 416 MENTARIA
1772 361 1837 415 IN
1878 359 2214 423 PSALMOS.

3271 372 3373 427 796

149 472 232 525 τοῦ
277 471 437 525 Θεοῦ’
486 474 576 527 καὶ
620 474 801 544 τρίτον
854 476 912 528 δν
957 477 1246 549 ἀνείληφεν
1307 480 1591 551 ἄνθρωπον
1641 484 1680 535 ὲε

1807 483 2016 553 psalmo
2053 480 2163 534 ait:
2202 497 2220 530 ι
2262 476 2371 550 Ego
2418 487 2598 535 autem
2626 483 2959 539 constitutus
3004 500 3124 540 sum
3177 501 3273 542 rex
3303 486 3372 541 ab

152 565 441 635 σπέρματος
456 565 613 617 Δαυῒδ
628 566 684 632 ἐξ
710 568 872 621 αὑτοῦ
903 586 963 623 τε
990 569 1084 622 τοῦ
1124 570 1469 642 Σολομῶντος
1494 573 1694 642 γεννώ-

151 674 311 728 μενον,
341 658 527 728 ἓτερον
573 658 702 711 ὅντα
735 660 888 732 παρὰ
929 662 1021 715 τὸν
1077 662 1300 733 βασιλέα
1330 664 1421 718 τὸν
1465 665 1552 719 διὰ
1602 664 1695 719 τοῦ

144 750 340 821 ψαλμοῦ
378 751 549 819 φάντα
570 768 584 783 ο
619 771 638 802 ι
676 752 818 822 Ἐγὼ
853 754 907 807 δὲ
952 756 1288 828 κατεστάθην
1324 757 1573 827 βασιλεὺς
1604 758 1695 811 ὑπ’

143 842 288 895 αὑτοῦ
338 843 429 895 ἐπὶ
458 842 597 897 Σιὼν
651 845 776 918 δρος
828 847 982 916 ἅγιον
1028 849 1193 904 αὑτοῦ
1217 889 1233 913 ,
1277 850 1605 920 διαγγέλλων
1634 850 1697 904 τὸ

142 935 449 1006 πρόσταγμα
478 938 704 1009 Κυρίου.
731 939 936 1011 Κύριος
950 936 1072 996 εἷπε
1090 942 1225 1014 πρὸς
1249 943 1315 1015 μέ
1337 963 1350 977 ο
1381 944 1507 1009 Υἱός
1525 962 1626 1015 μου
1645 938 1699 996 εἴ

143 1027 198 1080 σύ
220 1044 233 1057 ·
266 1029 370 1097 ἐγὼ
402 1030 643 1103 σήμερον
662 1033 971 1105 γεγέννηκά
1010 1052 1090 1089 σε.
1124 1036 1351 1109 Αἴτησαι
1374 1039 1504 1111 παρ’
1535 1037 1694 1110 ἐμοῦ,

140 1120 222 1173 xui
250 1118 401 1172 δώσω
435 1138 519 1175 σοι
554 1122 681 1193 ἔθνη
732 1125 832 1197 τὴν
881 1127 1244 1200 κληρονομίαν
1293 1146 1383 1183 σου
1406 1171 1419 1194 ,
1456 1131 1551 1184 xui
1596 1130 1695 1203 τὴν

136 1212 445 1284 κατάσχεσίν
500 1232 592 1269 σου
640 1218 708 1271 τὰ
749 1218 962 1289 πέρατα
1002 1220 1104 1291 τῆς
1145 1225 1265 1293 γῆς.
1302 1241 1321 1274 ι
1350 1223 1447 1277 Διά
1489 1224 1695 1278 τούτων

134 1304 231 1375 γὰρ
246 1306 425 1375 σαφῶς
447 1310 748 1376 καταστὰς,
769 1311 953 1366 ἀκούει
981 1315 1116 1383 πρὸς
1134 1315 1229 1369 τοῦ
1252 1317 1462 1389 Πατρός
1480 1334 1494 1347 ·
1521 1337 1538 1368 ι
1565 1318 1695 1381 Υἱός

135 1414 224 1467 μου
274 1393 324 1451 εἴ
372 1399 477 1452 σύ⁶
537 1402 647 1470 ὲγὼ
700 1405 938 1476 σήμερον
983 1406 1290 1477 γεγέννηκά
1341 1426 1416 1461 σε.
1466 1408 1695 1481 Αίτησαι

132 1493 247 1562 παρ’
267 1491 419 1561 ἐμοῦ,
450 1494 547 1547 καὶ
574 1494 730 1549 δώσω
763 1514 845 1549 σοι
875 1498 1000 1569 ἔθνη
1027 1499 1126 1571 τὴν
1154 1500 1516 1573 κληρονομίαν
1542 1520 1652 1556 σου.
1669 1522 1687 1555 ι

131 1576 236 1633 Οἵδε
278 1582 333 1634 δὲ
378 1583 474 1636 καὶ
524 1585 687 1649 αὐτὸς
727 1590 755 1640 6
804 1588 1054 1660 Σολομὼν
1103 1590 1194 1643 τὸν
1230 1592 1356 1646 Υίὸν
1397 1594 1491 1647 τοῦ
1535 1594 1691 1660 Θεοῦ,

131 1673 301 1741 σοφίαν
342 1676 629 1746 ὀνομάζων
659 1679 839 1744 αὐτὸν,
876 1682 934 1733 ἐν
965 1676 1047 1745 οἷς
1096 1682 1155 1747 ὲξ
1189 1684 1353 1737 αὑτοῦ
1400 1685 1691 1757 προσώπου

128 1764 175 1814 ἐν
217 1762 543 1837 Παροιμίαις
598 1769 724 1822 τάδε
762 1770 961 1842 φησίνο
1004 1792 1021 1823 ε
1082 1771 1221 1841 Ἐγὼ
1268 1776 1300 1846 ὴ
1341 1774 1509 1845 Σοφία
1556 1793 1685 1830 κατ-

1800 588 1866 629 eo
1895 588 2059 643 super
2094 570 2224 627 Sion
2256 580 2495 627 montem
2556 584 2804 629 sanctum
2859 577 3012 646 ejus,
3066 578 3372 649 praedicans

1802 672 2127 735 praeceptum
2166 662 2394 719 Domini.
2429 662 2692 721 Dominus
2741 665 2878 722 dixit
2916 668 2985 724 ad
3026 685 3148 725 me:
3199 668 3373 727 Fiiius

1800 774 1954 812 meus
1992 772 2051 812 es
2076 765 2154 820 tu,
2188 771 2291 826 ego
2337 757 2497 812 hodie
2523 760 2684 827 genui
2720 766 2794 813 te.
2840 757 3063 814 Postula
3093 777 3123 815 a
3151 778 3237 819 me
3262 803 3277 828 ,
3316 771 3372 819 et

1800 848 1941 904 dabo
1975 848 2069 903 tibi
2106 857 2295 919 gentes
2342 848 2716 903 [nereditatem
2753 856 2934 915 tuam,
2975 858 3029 907 et
3075 854 3374 923 possessio-

1800 956 1922 997 nem
1972 949 2122 995 tuam
2171 941 2434 997 terminos
2488 950 2646 997 terra:
2675 942 2719 998 ’.
2778 961 2797 995 ι
2844 941 2942 998 His
2997 944 3141 999 enim
3187 956 3373 1016 aperte

1798 1034 2150 1098 constitutus,
2185 1034 2301 1089 haec
2356 1050 2386 1089 a
2433 1032 2595 1089 Patre
2644 1034 2832 1090 audit:
2868 1054 2886 1087 ι
2924 1034 3095 1092 Filius
3126 1054 3281 1094 meus
3310 1054 3371 1093 es

1798 1134 1878 1190 tu,
1911 1141 2011 1196 ego
2051 1126 2212 1181 hodie
2245 1125 2410 1197 genui
2442 1134 2511 1180 te.
2538 1124 2757 1182 Postula
2788 1141 2818 1180 a
2860 1143 2966 1193 me,
2999 1134 3053 1182 et
3095 1128 3233 1183 dabo
3273 1130 3369 1183 tibi

1797 1223 1985 1286 gentes
2033 1216 2401 1270 liaareditatem
2452 1226 2622 1269 tuam.
2676 1235 2695 1267 ι
2750 1215 2908 1271 Novit
2961 1232 3126 1287 porro
3170 1224 3223 1270 et
3255 1217 3372 1286 ipse

1800 1304 2055 1361 Salomon
2090 1305 2287 1360 Filium
2320 1305 2435 1369 Dei,
2461 1306 2555 1376 qui
2580 1306 2759 1377 ipsum
2792 1307 3113 1377 sapientiam
3132 1315 3293 1361 vocat
3312 1306 3365 1360 in

1796 1397 2129 1462 Proverbiis,
2164 1398 2253 1453 ubi
2279 1413 2346 1453 ex
2378 1398 2496 1469 ejus
2519 1414 2751 1468 persona
2789 1400 2868 1455 sic
2899 1400 3173 1470 loquitur:
3203 1419 3222 1452 ι
3258 1400 3372 1472 Ego

1800 1489 2075 1561 Sapientia
2101 1491 2399 1546 inliabitavi
2434 1491 2745 1561 consilium,
2768 1501 2822 1547 et
2851 1491 3156 1557 scientiam,
3186 1498 3242 1546 et
3272 1507 3367 1547 co—

1798 1589 2110 1659 gitationem
2134 1604 2234 1659 ego
2255 1587 2525 1642 invocavi.
2552 1586 2652 1642 Per
2680 1603 2765 1642 me
2790 1601 2947 1656 reges
2976 1592 3206 1655 regnant
3227 1585 3305 1651 ¹⁰;
3342 1606 3365 1639 ›

1798 1695 1861 1734 ac
1882 1678 2116 1734 deinde:
2154 1697 2172 1730 ι
2223 1676 2487 1734 Dominus
2535 1677 2737 1733 creavit
2773 1693 2860 1731 me
2904 1676 3129 1729 initium
3151 1675 3365 1731 viarum

1799 1786 2016 1828 suarum
2049 1771 2104 1826 in
2142 1785 2308 1839 opera
2348 1786 2445 1825 sua
2475 1789 2486 1822 :
2527 1776 2651 1823 ante
2687 1769 2944 1823 saeculum
2970 1767 3217 1823 fundavit
3248 1782 3355 1831 me,
3435 1764 3441 1769 ’

126 1858 383 1925 εσκὴνωσα
409 1858 628 1931 βουλὴν,
660 1862 753 1915 xui
782 1863 981 1931 γνῶσιν
1008 1867 1102 1917 καὶ
1120 1865 1326 1922 έννοιαν
1358 1867 1468 1936 ἐγὼ
1491 1870 1680 1923 ἐπεκα-

1795 1875 2080 1935 antequam
2116 1868 2330 1919 montc’s
2358 1863 2761 1917 collocarentur
2787 1882 2799 1916 :
2834 1869 2959 1917 ante
2981 1876 3172 1917 omnes
3194 1861 3363 1915 colles

126 1946 363 2019 λεσάμην.
392 1952 475 2003 Δι’
506 1951 640 2022 ἐμοῦ
676 1952 919 2023 βασιλεῖς
946 1956 1317 2026 βασιλεύουσι’
1350 1978 1368 2010 ι
1406 1962 1498 2013 xui
1530 1961 1685 2034 ἐξῆςο

130 2058 145 2088 ι
182 2039 375 2110 Κύριος
421 2041 611 2096 ἕκτισέ
677 2062 742 2116 με
783 2048 955 2117 ἀρχὴν
996 2048 1132 2102 ὁδῶν
1197 2051 1362 2103 αὐτοῦ
1424 2052 1504 2115 είς
1554 2052 1690 2123 ἔργα

124 2131 285 2185 αὐτοῦ.
323 2134 434 2205 Πρὸ
461 2135 559 2187 τοῦ
601 2136 795 2202 αἰῶνος
824 2139 1151 2210 ἐθεμελίωσέ
1182 2159 1269 2212 με,
1312 2142 1417 2212 πρὸ
1453 2143 1548 2195 τοῦ
1587 2144 1688 2216 ὄρη

124 2223 479 2296 ἑδρασθῆναι·
538 2228 645 2301 πρὸ
703 2228 759 2282 δὲ
812 2231 1030 2284 πάντων
1086 2232 1288 2301 βουνῶν
1333 2237 1495 2306 γεννᾷ
1549 2253 1635 2307 με.
1663 2256 1682 2288 ι

120 2314 349 2387 Γέννημᾶ
376 2320 561 2374 τοίνυν
609 2321 703 2374 τοῦ
731 2322 864 2376 Θεοῦ
893 2325 925 2394 ἡ
977 2325 1136 2395 σοφία
1178 2329 1272 2381 xui
1301 2330 1329 2380 6
1364 2328 1490 2392 Υἱὸς
1521 2329 1686 2383 αὐτοῦ

120 2411 502 2483 ὀΜονογενήςο
538 2414 637 2467 xui
687 2432 754 2467 πε
767 2416 822 2487 pi
848 2416 1011 2469 αὑτοῦ
1055 2397 1153 2489 τὴν
1196 2418 1476 2489 παροῦσαν
1522 2418 1686 2490 εὐχὴν

119 2501 408 2573 ἀναπέμπει
442 2505 474 2556 ὁ
510 2505 760 2577 Σολομὼν
792 2506 1041 2577 φάσκων’
1083 2529 1101 2561 ε
1139 2510 1195 2563 ὐ
1217 2510 1370 2575 Θεὸς,
1400 2512 1464 2564 τὸ
1509 2512 1684 2584 κρίμα

121 2608 200 2645 σου
243 2595 316 2667 τῷ
348 2596 567 2667 βασιλεῖ
611 2600 734 2666 δὸς,
780 2617 802 2654 ι
842 2601 1000 2672 δῆλον
1045 2602 1090 2655 δ’
1134 2604 1217 2656 ὄτι
1266 2603 1345 2673 τῷ
1393 2605 1688 2673 Μονογενεῖ

118 2686 256 2757 Λόγῳ
282 2705 393 2742 σου.
434 2689 662 2762 Ἐπειδὴ
696 2691 805 2763 γάρ
831 2692 1052 2766 ἔκρινας
1081 2695 1243 2749 αὑτὸν
1268 2696 1360 2749 ἐπὶ
1384 2694 1488 2765 γῆς
1517 2695 1686 2767 ὀφθῆ-

117 2795 211 2842 ναι,
235 2780 317 2832 ἴνα
352 2782 426 2852 μὴ
470 2782 633 2853 μόνον
668 2783 777 2837 τῶν
812 2786 933 2839 κατ’
965 2786 1234 2859 οὐραῆῶν,
1272 2786 1410 2841 ἀλλά
1452 2788 1545 2840 καὶ
1573 2787 1682 2841 τῶν

118 2867 196 2920 ἐπὶ
222 2869 318 2940 γῆς
345 2870 629 2943 βασιλεύῃ,
652 2874 808 2927 τοῦτο
831 2875 891 2928 τὸ
918 2876 1093 2947 κρίμα
1116 2878 1217 2948 ήδη
1241 2877 1372 2930 ποτὲ
1401 2878 1491 2930 ἐπὶ
1510 2878 1683 2948 πέρας

115 2959 335 3025 ἀγέσθω·
367 2965 464 3016 xui
501 2964 973 3039 τὴν-δικαιοσύνην
1004 2969 1061 3023 δὲ
1089 2970 1188 3041 τὴν
1223 2970 1320 3041 σὴν
1349 2971 1427 3042 τῷ
1454 2971 1556 3042 υἱῷ
1584 2971 1680 3025 τοῦ

116 3049 357 3119 βασιλέως
384 3055 499 3119 δὸς,
526 3057 718 3122 ὁΘεός⁸
738 3060 854 3112 υἱοῦ
879 3061 1143 3131 βασιλέως
1169 3062 1401 3117 ἐνταῦθα
1425 3062 1517 3116 τοῦ
1538 3064 1680 3119 κατά

113 3143 271 3214 σάρκα
287 3148 580 3219 νοουμένου
612 3152 676 3203 ὲκ
702 3152 1017 3223 σπέρματος
1028 3154 1210 3219 Δαυῒδ,
1233 3154 1291 3208 ὃν
1318 3155 1479 3217 αὐτὸς
1502 3154 1678 3225 ἑαυτῷ

1794 1956 1965 2027 gignit
1994 1971 2079 2011 me
2103 1955 2167 2011 “.
2205 1975 2223 2007 ι
2251 1953 2441 2010 Proles
2472 1955 2638 2025 igitur
2667 1952 2761 2008 Dei
2793 1963 2877 2009 est
2906 1953 3171 2022 sapientia
3193 1962 3247 2009 et
3270 1950 3363 2006 Fi-

1792 2046 1896 2100 lius
1946 2044 2065 2114 ejus
2110 2044 2472 2116 Unigenitus:
2525 2046 2700 2114 deque
2752 2045 2846 2098 illo
2903 2044 3159 2099 Salomon
3220 2045 3363 2099 hanc

1791 2131 1970 2187 fundit
1985 2135 2286 2188 orationem
2308 2133 2525 2190 dicens:
2558 2153 2577 2185 ι
2604 2133 3045 2202 Deus,judicium
3069 2141 3219 2188 tuum
3244 2136 3357 2197 regi

1789 2224 1882 2289 da,
1920 2244 1938 2277 ι
1973 2225 2184 2281 scilicet
2215 2224 2503 2297 Unigenito
2529 2224 2710 2281 Verbo
2755 2233 2871 2282 tuo.
2907 2225 3047 2291 Quia
3077 2226 3223 2282 enim
3267 2228 3362 2298 ju-

1788 2318 1986 2373 dicasti
2022 2326 2081 2373 ut
2109 2319 2165 2373 in
2195 2326 2343 2374 terra
2378 2319 2675 2382 videretur,
2712 2326 2770 2372 ut
2797 2334 2904 2373 non
2936 2320 3095 2373 modo
3121 2320 3361 2375 ctelesti-

1788 2412 1914 2476 bus,
1937 2412 2030 2467 sed
2057 2413 2220 2467 etiam
2254 2411 2487 2466 terrenis
2516 2418 2798 2481 regnaret;
2829 2412 2931 2465 hoc
2961 2410 3227 2480 judicium
3244 2411 3358 2482 jam

1786 2504 2005 2561 demum
2044 2505 2111 2561 ad
2159 2504 2453 2559 terminum
2511 2503 2831 2559 deducatur.
2892 2504 3169 2561 Justitiam
3229 2505 3359 2560 item

1785 2606 1931 2651 tuam
1967 2596 2076 2651 lilio
2107 2597 2249 2667 regis
2273 2636 2288 2661 ,
2327 2612 2360 2651 ο
2392 2594 2536 2652 Deus
2560 2636 2575 2659 ,
2607 2596 2845 2652 concede
2874 2616 2887 2651 :
2921 2597 3009 2652 hic
3049 2612 3181 2652 vero
3214 2596 3361 2653 ﬁlius

1784 2686 1929 2756 regis
1978 2685 2301 2755 intelligitur
2330 2685 2632 2740 secundum
2665 2701 2886 2740 carnem
2916 2702 2982 2741 ex
3016 2686 3222 2742 semine
3251 2685 3359 2741 Da-

1783 2779 1894 2842 vid,
1926 2794 2087 2849 quem
2120 2777 2213 2832 Dei
2238 2775 2498 2842 Verbum,
2531 2778 2674 2848 quod
2711 2787 2871 2833 antea
2895 2779 3213 2845 exsistebat,
3250 2778 3357 2834 sibi

1782 2886 1847 2926 ex
1899 2869 2103 2940 Spiritu
2151 2878 2342 2926 sancto
2404 2877 2459 2926 et
2516 2878 2706 2926 sancta
2753 2868 2975 2940 Virgine
3033 2870 3352 2926 constituit:

1780 2977 1941 3033 quem
1986 2960 2112 3016 item
2147 2968 2280 3031 puto
2312 2958 2659 3015 Salomonem
2716 2960 2770 3013 in
2816 2958 3126 3024 Proverbiis
3160 2960 3354 3016 subin-

1782 3056 1966 3110 dicare
1988 3055 2073 3109 his
2097 3055 2313 3110 verbis:
2351 3072 2369 3105 ι
2408 3054 2541 3118 Quis
2570 3054 2816 3110 ascendit
2845 3056 2900 3108 in
2930 3056 3125 3109 coelum
3169 3066 3221 3110 et
3259 3054 3357 3109 de-

1782 3149 2002 3205 cendit?
2033 3148 2168 3215 Quis
2228 3149 2577 3219 congregavit
2636 3155 2830 3203 ventos
2894 3149 2951 3203 in
3000 3149 3169 3205 sinu?
3219 3148 3355 3214 Quis

110 3234 135 3287 6
184 3234 357 3305 προὼν
388 3237 489 3309 τοῦ
522 3239 657 3294 Θεοῦ
708 3243 883 3324 Λόγος
925 3243 985 3309 ἑξ
1031 3246 1185 3315 ἁγίου
1227 3246 1543 3319 Πνεύματος
1581 3246 1674 3299 καὶ

1795 3241 2045 3294 :onvertit
2072 3253 2265 3307 aquam
2309 3238 2364 3291 in
2393 3237 2824 3293 vestimentum?
2867 3237 3002 3303 Quis
3038 3237 3357 3292 dominatus

108 3324 194 3393 τῆς
217 3328 378 3399 ἁγίας,
402 3330 693 3406 Παρθένου
741 3338 1105 3409 συνεστήσατο
1125 3356 1138 3368 ·
1166 3337 1225 3390 ὃν
1259 3339 1353 3391 xui
1381 3341 1439 3390 ἐν
1478 3339 1677 3408 Παροι-

114 3416 245 3495 flium;
271 3429 606 3483 αἰνίττεσθαι
640 3429 730 3483 τὸν
747 3430 1068 3501 Σολομῶντα
1088 3431 1224 3502 ἡγοῦ
1234 3450 1329 3502 μαι
1352 3433 1419 3485 δι’
1438 3425 1512 3484 ὧν
1528 3422 1677 3503 ’γρά-

111 3520 530 3589 φειλέγωνεσΤίς
557 3522 724 3592 ἀνέϐη
746 3524 825 3586 εἰς
840 3523 930 3575 τὸν
949 3524 1175 3595 οὐρανὸν
1192 3525 1284 3578 xui
1311 3525 1514 3595 κατέϐη
1540 3541 1553 3588 ;
1581 3524 1676 3588 Τίς

111 3611 395 3683 σννήγαγεν
422 3614 662 3685 ἀνέμους
689 3615 746 3667 ὲν
771 3615 986 3686 κόλπῳ;
1017 3616 1114 3679 Τίς
1142 3617 1502 3689 συνέστρεψεν
1532 3616 1675 3688 ὕδωρ

110 3704 158 3754 ὲν
175 3705 367 3775 ἱματίῳ
391 3723 407 3770 ;
429 3704 532 3769 Τίς
549 3706 821 3777 ἐκράτησε
844 3707 1062 3761 πάντων
1080 3708 1187 3760 τῶν
1212 3708 1395 3779 ἄκρων
1416 3711 1518 3780 τῆς
1538 3709 1673 3779 ﬁs;

109 3794 164 3848 Τί
182 3796 343 3868 δνομα
372 3797 545 3869 αὐτῷ,
576 3799 667 3851 καὶ
698 3798 752 3851 τί
777 3798 945 3869 ὄνομα
976 3799 1054 3870 τῷ
1081 3799 1195 3870 Υἱῷ
1228 3800 1426 3867 αὐτοῦ;
1461 3820 1479 3851 ι
1518 3800 1674 3853 υῦτω

107 3883 201 3955 γὰρ
234 3877 591 3959 ήρμήνευσάν
622 3889 670 3941 οἱ
716 3887 923 3941 λοιποίο
962 3890 991 3940 6
1039 3890 1136 3960 μὲν
1198 3890 1427 3954 Ἀκύλας
1463 3888 1632 3944 εἰπών
1656 3908 1669 3921 ·

113 3992 129 4024 ι
155 3975 213 4027 Τί
239 3977 410 4048 ὄνομα
443 3979 615 4049 αὐτῷ,
643 3982 737 4034 xui
758 3980 810 4033 τί
838 3981 1008 4051 ὄνομα
1039 3979 1122 4050 τῷ
1155 3981 1267 4053 Υἱῷ
1294 3982 1457 4035 αὐτοῦ
1481 3999 1496 4047 ;
1531 4002 1548 4033 ι
1579 3982 1674 4034 xui

106 4068 432 4125 ὁΘεοδοτίων
449 4072 653 4143 ὁμοίως
668 4089 681 4103 ’
697 4091 715 4123 ι
733 4073 798 4125 Τί
827 4072 996 4143 ὄνομα
1028 4072 1195 4143 αὐτῷ,
1218 4073 1309 4126 καὶ
1324 4074 1376 4126 τί
1403 4074 1572 4145 δνομα
1595 4075 1673 4146 τῷ

108 4156 208 4228 Υἱῷ
238 4160 441 4227 αὐτοῦ;
473 4181 491 4213 ι
536 4162 729 4231 Σαφῶς
765 4162 874 4233 γὰρ
906 4165 964 4216 ἐν
1009 4163 1221 4227 τούτοις
1265 4165 1361 4236 μὲν
1392 4166 1672 4239 κρατήσας

105 4250 190 4319 τῆς
220 4254 340 4323 γῆς,
378 4255 476 4306 xui
509 4253 902 4325 καταϐεϐηκὼς
930 4256 1024 4309 xui
1056 4253 1293 4309 ἀνελθὼν
1318 4257 1399 4319 είς
1424 4256 1669 4328 οὐρανὸν,

105 4342 164 4394 τά
192 4361 249 4397 τε
280 4344 701 4418 λοιπάδεόμενα
725 4347 824 4417 τῆς
857 4346 997 4400 κατά
1027 4347 1221 4419 σχολὴν
1245 4348 1540 4420 ἑρμηνείας
1577 4366 1673 4402 πε-

106 4436 355 4506 ποιηκὼς,
391 4439 568 4503 οὐδεὶς
598 4438 664 4492 ἂν
689 4440 897 4507 γένοιτο
916 4439 1101 4511 ἕτερος
1118 4439 1212 4494 τοῦ
1239 4439 1370 4492 Υίοῦ
1394 4439 1488 4493 τοῦ
1510 4439 1667 4505 Θεοῦ,

105 4528 156 4593 ὃς
180 4530 316 4584 αὐτὰ
342 4531 407 4601 δὴ
436 4532 610 4585 ταῦτα
635 4531 898 4585 διδάσκων
938 4531 1122 4599 ἔλεγεν
1145 4548 1159 4561 ο
1200 4550 1218 4583 ι
1248 4531 1436 4596 Οὐδεὶς
1471 4532 1669 4587 ἀναϐέ-

1780 3340 1862 3387 est
1885 3330 2125 3386 omnium
2170 3330 2359 3385 finium
2414 3329 2611 3385 terrae?
2640 3329 2794 3396 Quod
2834 3345 3031 3384 nomen
3080 3329 3240 3400 ejus,
3301 3337 3358 3384 et

1776 3426 1919 3496 quod
1944 3441 2141 3481 nomen
2174 3424 2284 3479 filio
2339 3424 2459 3495 ejus
2485 3424 2571 3478 "?
2605 3444 2625 3476 ι
2683 3423 2774 3479 Sic
2812 3424 2955 3479 enim
3011 3422 3355 3492 interpretati

1782 3528 1914 3574 sunt
1956 3520 2172 3590 reliqui,
2204 3518 2397 3589 Aquila
2450 3519 2660 3575 scilicet
2697 3519 2923 3573 dicens:
2976 3536 2993 3568 ι
3032 3516 3188 3583 Quod
3251 3530 3357 3569 no-

1776 3627 1897 3665 men
1927 3611 2067 3681 ipsi,
2110 3618 2164 3665 et
2207 3609 2352 3681 quod
2390 3625 2586 3664 nomen
2621 3609 2731 3662 filio
2776 3608 2930 3678 ejus?
2970 3626 2988 3659 ι
3054 3605 3355 3660 Theodotio

1775 3702 2060 3767 similiter,
2118 3721 2137 3753 ‹
2176 3702 2331 3767 Quod
2385 3717 2583 3757 nomen
2632 3702 2785 3771 ejus,
2846 3709 2901 3755 et
2951 3697 3095 3769 quod
3152 3712 3355 3751 nomen

1774 3795 1886 3850 filio
1918 3795 2083 3863 ejus?
2117 3815 2134 3847 ι
2171 3794 2331 3849 Clare
2368 3795 2513 3849 enim
2549 3794 2641 3863 qui
2671 3794 2759 3847 hic
2792 3791 2966 3846 fertur
2985 3798 3144 3845 terra:
3182 3789 3354 3858 impe-

1773 3901 1944 3950 rasse,
1970 3886 2323 3942 descendisse
2366 3895 2419 3941 et
2445 3884 2759 3941 ascendisse
2792 3883 2848 3937 in
2879 3882 3103 3947 caelum,
3132 3887 3186 3935 et
3223 3879 3353 3935 reli-

1771 3992 1879 4046 qua
1926 3975 2238 4046 peregisse,
2302 3990 2423 4045 quae
2471 3974 2691 4028 nonnisi
2741 3987 2836 4042 per
2880 3971 3052 4025 otium
3092 3968 3353 4039 explicari

1772 4075 2022 4138 possunt,
2054 4067 2240 4121 nullus
2267 4067 2407 4121 alius
2437 4080 2600 4136 quam
2632 4062 2804 4117 Filius
2845 4061 2940 4116 Dei
2976 4060 3160 4127 fuerit
3183 4101 3198 4127 ,
3259 4059 3353 4128 qui

1772 4161 1887 4215 hinc
1919 4160 2036 4231 ipsa
2070 4160 2300 4215 docebat
2346 4159 2434 4214 his
2483 4157 2663 4213 verbis
2698 4175 2711 4211 :
2757 4174 2775 4206 ι
2812 4153 2983 4208 Nemo
3020 4151 3265 4208 ascendit
3297 4152 3357 4205 in

1780 4252 2012 4317 caelum,
2068 4250 2174 4306 nisi
2225 4250 2317 4320 qui
2350 4250 2416 4305 de
2449 4249 2587 4304 curio
2640 4244 2924 4302 descendit
2976 4241 3145 4297 Filius
3174 4240 3356 4295 homi-

1742 4347 1858 4400 -nis
1890 4344 1955 4397 ¹³.
1997 4363 2017 4396 ι
2057 4342 2161 4410 Qui
2191 4351 2373 4397 autem
2425 4341 2514 4395 hic
2543 4338 2714 4394 Filius
2745 4337 2864 4407 ejus
2903 4334 3123 4398 dicitur,
3155 4346 3355 4387 secuna

1770 4439 1900 4493 dum
1935 4452 2157 4492 carnem
2192 4435 2551 4506 intelligatur,
2582 4447 2743 4502 quam
2767 4446 2833 4485 ex
2866 4427 3073 4483 semine
3107 4423 3276 4479 David
3296 4429 3355 4477 et

1773 4530 2083 4587 Salomonis
2110 4528 2309 4583 factam
2339 4530 2566 4597 accepit.

106 4620 258 4692 δηκεν
290 4627 370 4688 εἰς
400 4626 492 4679 τὸν
522 4626 751 4697 οὐρανὸν
792 4628 842 4680 εί
879 4627 956 4698 μὴ
981 4628 1010 4679 6
1035 4628 1100 4681 ὲκ
1132 4625 1227 4680 τοῦ
1271 4627 1498 4698 οὐρανοῦ
1532 4628 1774 4691 καταϐὰς
1812 4631 1841 4682 6
1899 4627 2027 4691 Υἱὸς
2074 4625 2167 4679 τοῦ
2216 4623 2532 4696 ἀνθρώπου·
2583 4642 2602 4674 ι
2640 4622 2699 4674 Ὀ
2724 4620 2767 4671 δ’
2794 4616 3022 4672 ἐνταῦθα
3065 4610 3354 4681 λεγόμενος

105 4715 255 4769 αὑτοῦ
290 4718 420 4782 Υἱὸς
448 4720 533 4791 εἴη
562 4719 629 4773 ἂν
662 4721 690 4773 6
710 4721 853 4774 κατὰ
903 4721 1079 4794 σάρκα
1109 4721 1415 4792 νοούμενος,
1442 4722 1508 4793 ἢν
1569 4722 1860 4794 ἀνείληφεν
1890 4723 1955 4775 ὲκ
1990 4722 2306 4803 σπέρματος
2338 4718 2499 4772 Δαυῖδ
2532 4716 2623 4770 xui
2656 4711 2995 4784 Σολομῶντος
3030 4705 3349 4778 γενομένην.

178 4830 312 4883 Ἀλλ’
352 4833 477 4885 ἐπεὶ
510 4833 776 4887 Ἰουδαίων
806 4835 993 4900 παῖδες
1031 4835 1135 4899 τὰς
1167 4838 1537 4909 προκειμένας
1565 4838 1672 4891 τῶν

1848 4836 1951 4893 Sed
1978 4838 2106 4906 quia
2134 4835 2308 4891 Judaei
2337 4835 2437 4890 lias
2479 4830 2900 4887 Proverbiorum
2934 4839 3095 4879 voces
3124 4822 3350 4876 univer-

104 4917 410 4993 Παροιμιῶν
442 4925 622 4993 φωνὰς
652 4928 731 4990 εἰς
762 4927 853 4980 τὸν
891 4929 983 4981 ἐπὶ
1012 4929 1228 4983 πάντων
1265 4929 1397 4983 Θεὸν
1437 4930 1664 4995 ἀνάξου-

106 5026 199 5076 σιν,
221 5015 319 5067 οὐκ
351 5017 552 5080 εἰδότες
575 5018 665 5071 τὸν
689 5020 815 5072 Υἰὸν
830 5021 921 5073 τοῦ
955 5021 1112 5085 Θεοῦ,
1135 5021 1372 5075 δεικτέον
1394 5022 1575 5086 αὐτοῖς
1604 5024 1667 5075 ὲκ

104 5102 200 5155 τῶν
224 5110 603 5178 προκειμένων
625 5113 701 5176 ὡς
737 5112 865 5164 Υἰὸν
904 5112 1061 5177 Θεοῦ,
1097 5114 1284 5183 σαφῶς
1311 5115 1405 5168 xui
1441 5115 1666 5187 διαρρή-

103 5190 190 5260 δην
216 5197 546 5271 παρίστησιν
571 5204 604 5273 ἡ
643 5202 835 5276 Γραφὴ
863 5202 1093 5271 λέγουσα
1112 5221 1127 5234 ο
1167 5223 1187 5255 ι
1211 5205 1276 5258 Τί
1296 5204 1468 5275 ὄνομα
1497 5204 1666 5276 αὐτῷ,

105 5286 190 5337 καὶ
205 5288 255 5339 τί
284 5290 453 5360 ὄνομα
486 5292 567 5363 τῷ
596 5293 710 5365 Υίῷ
742 5294 939 5360 αὑτοῦ;
974 5315 993 5345 ι
1021 5297 1246 5350 Φάσκων
1276 5297 1333 5350 δὲ
1359 5299 1388 5350 6
1426 5297 1581 5365 λόγος
1610 5299 1669 5350 ἐν

105 5375 176 5445 τῷ
196 5378 394 5452 ψαλμῷ
420 5398 429 5408 ”
455 5404 474 5435 ι
509 5387 568 5438 '0
596 5386 748 5450 Θεὸς,
773 5387 834 5440 τὸ
855 5387 1030 5460 κρίμα
1060 5406 1154 5441 σου
1178 5388 1255 5459 τῷ
1291 5390 1500 5459 βασιλεῖ
1521 5390 1663 5454 δὸς,›

108 5465 225 5522 ἄλλο
250 5466 387 5525 εἶναι
411 5475 467 5528 τὸ
489 5476 663 5548 κρίμα
689 5479 839 5550 παρὰ
860 5480 960 5551 τὴν
984 5481 1165 5552 κρίσιν
1188 5470 1451 5536 διδάσκει.
1475 5483 1665 5554 Κρίμα

109 5559 207 5630 γὰρ
238 5563 297 5615 τὸ
330 5564 476 5630 ἅπαξ
506 5567 660 5633 δόξαν
686 5568 765 5641 τῷ
789 5569 907 5642 Θεῷ
937 5572 1029 5625 καί
1057 5571 1118 5625 τὸ
1148 5571 1335 5643 κριθὲν
1362 5576 1489 5643 παρ’
1515 5574 1664 5644 αὐτῷ

110 5656 379 5723 τυγχάνει·
430 5661 604 5729 κρίσις
644 5662 701 5715 δὲ
751 5663 858 5716 τῶν
907 5664 1241 5735 κρινομένων
1285 5664 1586 5737 διάκρισις,

1416 5715 1427 5737 δ

178 5833 196 5861 ’
221 5832 360 5891 Psal.
392 5853 454 5903 ιι,
480 5838 595 5894 6-8.
673 5843 715 5875 ¹⁰
741 5841 896 5897 Prov.
935 5859 1053 5909 vin,
1087 5845 1167 5899 l2.
1250 5846 1287 5876 “
1316 5844 1447 5900 ibid.
1476 5844 1566 5910 ‘22,
1599 5843 1685 5897 '23.

1768 4946 1952 4985 sorum
1982 4929 2091 4985 Deo
2142 4928 2401 4990 referent,
2435 4926 2741 4981 nescientes
2792 4920 2985 4975 Filium
3045 4916 3142 4971 Dei
3195 4914 3351 4968 liisce

1767 5023 1949 5079 verbis
1987 5023 2145 5093 quasi
2182 5036 2309 5077 vere
2350 5019 2545 5083 Filium
2572 5017 2667 5071 Dei
2699 5011 3182 5070 demonstrandum
3215 5007 3351 5078 ipsis

1769 5129 1912 5178 esse,
1940 5113 1993 5167 id
2029 5113 2176 5167 clare
2210 5119 2265 5167 et
2298 5117 2485 5181 aperte
2512 5106 2795 5175 Scriptura
2845 5103 3087 5157 declarat
3117 5100 3204 5153 liis
3231 5112 3350 5152 ver-

1771 5207 1888 5261 bis:
1919 5224 1937 5257 ι
1961 5205 2118 5272 Quod
2146 5220 2344 5259 nomen
2372 5202 2512 5272 ejus,
2531 5208 2585 5256 et
2607 5198 2752 5270 quod
2777 5212 2972 5251 nomen
2988 5193 3126 5248 Filio
3146 5191 3291 5262 ejus?
3319 5210 3342 5242 ι

1774 5299 1911 5354 Cum
1960 5308 2137 5353 autem
2167 5296 2452 5365 Scriptura
2491 5293 2547 5347 in
2581 5292 2791 5361 psalmo
2824 5289 2979 5352 dicit,
3016 5306 3035 5338 ‹
3073 5284 3237 5347 Deus,
3264 5284 3350 5354 ju-

1774 5392 1977 5447 dicium
2030 5397 2181 5443 tuum
2230 5388 2343 5457 regi
2385 5385 2488 5451 da;
2531 5404 2549 5435 ι
2595 5384 2868 5437 diversum
2914 5395 3035 5435 esse
3079 5377 3345 5448 judicium

1772 5499 1802 5538 a
1830 5482 2169 5553 judicatione
2195 5480 2375 5534 docet.
2404 5475 2538 5530 Nam
2590 5474 2855 5546 judicium
2888 5480 2975 5527 est
3001 5471 3146 5541 quod
3177 5471 3346 5525 semel

1771 5573 1881 5630 Deo
1922 5572 2176 5644 placitum
2213 5582 2266 5625 et
2292 5568 2595 5637 judicatuin
2631 5574 2717 5621 est
2739 5585 2757 5633 ;⁴
2784 5564 3049 5636 judicatio
3096 5577 3227 5617 vero
3258 5569 3345 5616 est

1770 5680 1955 5722 eorum
1986 5679 2104 5734 qua:
2129 5662 2446 5733 judicantur
2479 5674 2726 5722 examen,
2763 5657 2906 5728 quod
2958 5655 3206 5726 sequitur
3244 5667 3345 5722 pro

1768 5845 1807 5874 ”
1840 5841 1996 5896 Prov.
2022 5842 2110 5897 '50.
2137 5840 2189 5894 ι.
2305 5840 2347 5870 ⁸³
2376 5836 2532 5893 Joan.
2562 5854 2643 5903 Ill,
2690 5837 2770 5891 i3.
