3776 6284
411 349 514 408 795

1074 348 1343 406 EUSEBII
1380 347 1862 416 CESARIEN$IS
1901 348 2050 406 OPP.
2093 348 2274 405 PARS
2312 349 2492 408 lll.—
2520 347 2932 404 EXEGETICA.

3518 350 3599 408 796

407 466 604 522 merito
633 465 861 537 singulis
899 465 1024 521 data
1065 467 1370 525 retributio.
1420 466 1600 534 Quare
1628 467 1716 522 hic
1744 483 1852 522 non
1888 467 1962 537 ju-

2075 468 2468 540 παρακολουθεί
2498 466 2560 521 τὺ
2607 468 2726 522 κατ’
2759 466 2914 531 ἀξίαν
2957 462 3349 536 ἀπονεμητικδν
3396 463 3599 538 ἑκάστῳ.

407 557 731 614 dicationem
781 559 1020 630 postulat
1051 562 1163 630 regi
1193 561 1333 624 dari,
1366 561 1462 618 sed
1501 562 1765 631 judicium
1788 600 1804 625 ,
1856 562 1970 616 sive

407 651 730 707 sententiam
763 659 817 706 et
848 652 1102 721 placitum
1130 650 1308 707 Patris
1337 653 1404 708 de
1435 652 1620 707 divino
1646 651 1764 706 Filii
1794 653 1880 707 sui
1903 651 1971 706 ad

407 739 656 797 homines
688 740 941 796 adventu.
997 739 1273 796 Iudicium
1321 743 1504 814 itaque
1557 744 1705 814 regi,
1757 745 1968 814 justitia

404 847 536 888 vero
565 832 674 888 filio
703 834 845 903 regis
872 832 1052 888 datur.
1085 835 1206 904 Ipse
1229 835 1428 904 quippe
1460 850 1553 889 rex
1579 835 1788 904 justitia
1830 843 1967 899 erat,

405 930 467 976 ut
523 924 764 978 declarat
818 923 1108 995 Apostolus
1159 925 1346 982 dicens
1381 946 1396 983 :
1435 944 1455 979 ι
1496 926 1599 994 Qui
1659 927 1835 982 factus
1884 935 1970 983 est

404 1011 564 1067 nobis
596 1013 862 1082 sapientia
893 1029 924 1068 a
956 1013 1086 1081 Deo,
1111 1015 1324 1087 justitia
1356 1017 1482 1072 item
1512 1027 1566 1073 et
1589 1019 1966 1084 sanctificatio,

402 1113 458 1159 et
486 1107 786 1177 redemptio
811 1108 874 1163 “.
913 1125 932 1160 ι
973 1106 1097 1164 Haec
1146 1113 1326 1180 itaque
1362 1107 1539 1164 Patris
1597 1109 1808 1180 justitia
1860 1110 1969 1165 lilio

402 1195 547 1266 regis
598 1196 723 1251 data
783 1206 864 1255 est
929 1214 996 1254 ex
1043 1201 1250 1255 semine
1299 1197 1467 1255 David
1517 1201 1816 1255 secundum
1848 1216 1969 1256 car-

406 1301 530 1340 nem
588 1285 776 1344 facto:
817 1290 871 1344 in
905 1305 1013 1360 quo
1065 1305 1164 1346 ceu
1207 1290 1262 1344 in
1311 1291 1511 1361 templo
1557 1283 1815 1348 habitavit
1871 1291 1967 1347 Dei

400 1379 626 1434 verbum
679 1392 732 1436 et
773 1383 1036 1453 sapientia
1079 1389 1134 1438 et
1177 1383 1408 1454 justitia.
1444 1383 1677 1441 Causam
1711 1401 1838 1440 vero
1868 1401 1969 1440 cur

398 1467 612 1537 justitia
645 1481 941 1528 memorato
971 1475 1082 1529 tilio
1112 1475 1256 1547 regis
1281 1475 1415 1531 data
1448 1478 1558 1541 sit,
1589 1476 1781 1532 deinde
1809 1477 1966 1532 docet

403 1561 489 1617 his
518 1563 733 1618 verbis:
772 1583 790 1616 ι
825 1563 1080 1622 Judicare
1100 1567 1356 1638 populum
1388 1575 1542 1624 tuum
1571 1570 1624 1624 in
1653 1570 1888 1640 justitia,
1913 1579 1966 1626 et

401 1666 670 1722 pauperes
699 1662 823 1710 tuos
854 1656 909 1711 in
936 1657 1172 1727 judicio.
1209 1677 1229 1712 ι
1257 1658 1556 1730 Oportebat
1587 1663 1732 1716 enim
1765 1677 1965 1733 paupe-

400 1755 491 1797 res
526 1741 638 1810 Dei,
675 1754 728 1799 et
757 1746 1016 1816 populum
1041 1747 1163 1817 ejus
1202 1748 1256 1803 in
1287 1749 1605 1807 hominibus
1628 1767 1658 1805 a
1686 1751 1796 1808 filio
1823 1754 1964 1824 regis

2075 562 2272 632 Διόπερ
2315 561 2547 616 ἐνταῦθα
2583 561 2642 615 οὐ
2671 559 2768 633 τὴν
2808 559 2988 630 κρίσιν
3028 557 3168 622 ἀξιοῖ
3208 557 3388 610 δοῦναι
3411 557 3484 627 τῷ
3523 557 3602 628 βαι

2077 653 2236 707 σιλεί⁸
2269 653 2404 708 ἀλλά
2433 653 2496 708 τὸ
2529 653 2725 725 κρίμα,
2747 651 2993 705 τουτέστι
3010 651 3070 704 τὸ
3107 651 3282 721 δόγμα
3306 649 3400 702 καὶ
3425 648 3483 701 τὺ
3505 665 3604 721 κρι-

2077 746 2166 800 θέν
2195 746 2271 818 τῷ
2299 746 2471 818 Πατρὶ
2513 747 2640 818 περὶ
2680 744 2782 814 τῆς
2829 746 2910 808 εἰς
2953 741 3272 814 ἀνθρώπους
3321 739 3605 810 θεοφανείας

2074 836 2258 890 αὐτοῦ.
2291 838 2363 890 Τὸ
2401 837 2499 908 μὲν
2534 832 2628 890 οὖν
2670 835 2849 906 κρίμα·
2881 831 2958 903 τῷ
2994 832 3202 903 βασιλεῖ
3241 830 3478 886 δέδοταιο
3505 832 3535 900 ἡ
3560 828 3605 882 δέ

2072 928 2384 998 δικαιοσύνη
2415 928 2494 999 τῷ
2521 927 2620 1000 υίῷ
2649 926 2743 980 τοῦ
2771 925 3050 996 βασιλέως.
3077 923 3400 992 Δικαιοσύνη
3435 922 3532 994 γὰρ
3553 915 3607 991 ἦν

2072 1020 2232 1084 αὐτὸς
2261 1023 2289 1074 ό
2329 1020 2616 1091 βασιλεὺς,
2662 1018 2848 1087 ὥσπερ
2885 1010 2976 1069 οὖν
3028 1014 3356 1085 παρίστησιν
3393 1014 3422 1066 ό
3475 1013 3606 1068 Ἀπό-

2075 1112 2258 1177 στολος
2286 1111 2486 1168 εἰπών’
2525 1129 2544 1164 ι
2573 1112 2668 1176 Ὃς
2701 1109 2930 1181 ἐγενήθη
2969 1108 3101 1179 ἡμῖν
3152 1105 3316 1175 σοφία
3343 1105 3452 1158 ἀπὸ
3475 1104 3606 1168 Θεοῦ,

2070 1202 2380 1274 δικαιοσύνη
2411 1219 2471 1255 τε
2493 1201 2587 1256 καὶ
2611 1199 2898 1271 ἁγιασμὸς,
2926 1199 3019 1253 καὶ
3045 1195 3470 1267 ἀπολύτρωσις.»
3486 1192 3618 1266 Αὕτη,

2070 1297 2242 1350 τοίνυν
2267 1297 2300 1367 ἠ
2331 1293 2425 1349 τοῦ
2447 1293 2659 1365 Πατρὸς
2683 1291 2994 1360 δικαιοσύνη
3017 1289 3095 1359 τῷ
3122 1287 3235 1359 Υιῷ
3253 1287 3351 1341 τοῦ
3383 1285 3611 1358 βασιλέως

2069 1389 2275 1444 δέδοται
2322 1387 2398 1458 τῷ
2433 1389 2497 1441 ἐκ
2539 1385 2850 1458 σπέρματος
2891 1382 3054 1436 Δαυῖδ
3092 1381 3232 1435 κατά
3272 1379 3454 1452 σάρκα
3483 1395 3609 1448 γενο-

2074 1481 2250 1553 μένῳο
2299 1481 2357 1534 ἐν
2388 1473 2433 1548 ᾧ
2475 1476 2792 1548 κατῴκησεν
2829 1475 3020 1545 ὥσπερ
3049 1475 3106 1527 ἐν
3137 1471 3263 1542 ναῷ.
3304 1473 3333 1525 ό
3374 1471 3468 1525 τοῦ
3500 1469 3612 1523 Θειῦ

2069 1572 2222 1641 λόγος
2252 1574 2344 1626 καὶ
2387 1573 2420 1642 ἡ
2457 1569 2639 1639 σοφία,
2678 1567 2831 1638 καὶὴ
2863 1564 3197 1636 δικαιοσύνη.
3231 1560 3612 1635 Τὴν-δέαιτίαν

2069 1663 2162 1718 τοῦ
2189 1664 2405 1736 δοθῆναι
2447 1662 2544 1733 τὴν
2584 1659 2928 1729 δικαιοσύνην
2960 1657 3038 1728 τῷ
3069 1655 3366 1728 δηλωθέντι
3411 1653 3508 1724 υίῷ
3537 1653 3616 1706 τοῦ

2073 1754 2359 1826 βασιλέως,
2395 1751 2524 1823 ἐξῆς
2566 1752 2807 1808 διδάσκει
2833 1751 3036 1820 λέγων·
3082 1767 3102 1800 ι
3131 1747 3359 1819 Κρίνειν
3400 1746 3487 1798 τὸν
3512 1743 3615 1798 λαόν

400 1834 456 1888 in
486 1833 701 1912 justitia
725 1836 964 1907 judicari
1002 1859 1014 1895 :
1051 1841 1180 1911 quia
1232 1842 1340 1897 alio
1386 1844 1548 1899 modo
1585 1860 1764 1917 regem
1789 1862 1962 1903 susce-

2069 1867 2158 1902 σου
2185 1850 2242 1902 ἐν
2273 1845 2608 1919 δικαιοσύνῃ,
2637 1845 2730 1898 καὶ
2754 1845 2881 1906 τοὺς
2905 1839 3152 1910 πτωχούς
3183 1857 3278 1893 σου
3308 1840 3368 1892 ἐν
3402 1837 3624 1909 repleat.»

400 1929 544 1998 pturi
585 1944 693 1982 non
733 1938 910 1985 erant.
943 1930 1310 1998 Quamobrem
1347 1931 1576 1990 formam
1625 1938 1766 1992 servi
1821 1940 1965 1994 acci-

399 2019 555 2088 piens
581 2029 635 2076 et
662 2021 850 2076 habitu
874 2024 1125 2080 inventus
1161 2032 1220 2079 ut
1241 2025 1424 2087 homo,
1455 2043 1550 2097 per
1572 2026 1766 2082 Filium
1791 2029 1964 2084 homi-

399 2111 488 2168 nis
522 2129 682 2184 quem
718 2117 1035 2187 assumpsit,
1075 2133 1142 2173 ex
1183 2117 1440 2176 omnibus
1487 2122 1740 2190 gentibus
1769 2137 1966 2178 secun-

396 2205 527 2261 dum
566 2209 670 2263 hoc
690 2209 825 2280 justi
855 2210 958 2264 viri
985 2211 1191 2266 dictum
1220 2212 1321 2285 (l),
1350 2232 1370 2265 ι
1397 2214 1558 2286 elegit
1579 2215 1680 2270 sibi
1708 2216 1962 2286 populum

397 2299 730 2368 peculiarem
759 2303 836 2369 υς
878 2320 898 2354 ι
936 2318 1150 2361 necnon
1184 2319 1280 2360 eos
1301 2305 1395 2376 qui
1430 2306 1518 2360 hic
1541 2323 1808 2377 pauperes
1843 2311 1962 2376 ejus

399 2399 692 2455 vocantur,
727 2408 864 2462 quos
908 2394 1000 2450 ille
1034 2396 1224 2453 beatos
1272 2397 1532 2468 praedicat
1592 2399 1679 2454 his
1729 2399 1910 2455 verbis
1945 2420 1959 2454 :

405 2494 427 2530 ι
473 2479 622 2536 Beati
663 2499 932 2554 pauperes
974 2485 1195 2556 spiritu,
1262 2489 1518 2558 quoniam
1584 2491 1826 2560 ipsorum
1881 2500 1964 2546 est

399 2586 689 2642 regnorum
710 2575 972 2632 caelorum
1001 2578 1063 2634 ¹⁶.
1108 2598 1128 2631 ι
1157 2579 1221 2633 Et
1241 2581 1377 2637 alias
1406 2581 1473 2636 de
1497 2581 1711 2652 justitia
1732 2583 1846 2638 haec
1866 2583 1964 2637 do-

395 2668 486 2715 eet
517 2664 811 2731 Apostolus
840 2685 854 2721 :
895 2686 914 2718 ι
952 2664 1072 2722 Non
1097 2669 1240 2724 enim
1266 2671 1534 2726 erubesco
1563 2671 1912 2743 Evangelium
1947 2693 1960 2727 :

397 2751 576 2808 virtus
609 2755 754 2809 enim
797 2754 890 2812 Dei
921 2765 1006 2814 est
1037 2759 1091 2814 in
1126 2761 1358 2816 salutem
1388 2763 1536 2817 omni
1571 2763 1837 2829 credenti,
1870 2763 1964 2819 Ju-

396 2844 516 2900 dao
541 2846 797 2916 primum,
828 2857 882 2904 et
909 2847 1118 2908 Graeco.
1148 2848 1368 2907 Iustitia
1392 2854 1539 2908 enim
1577 2853 1631 2908 in
1654 2855 1772 2925 ipso
1808 2871 1963 2910 reve~

395 2937 544 2990 latnt
568 2938 631 2993 ".
684 2958 704 2992 ι
747 2938 824 2996 De
855 2940 1188 3013 pauperibus
1216 2945 1345 2999 item
1370 2945 1485 3000 haec
1529 2945 1645 3016 ipse
1672 2945 1912 3003 declarat
1946 2968 1959 3002 :

401 3045 422 3080 ι
463 3026 652 3084 Videte
688 3031 834 3086 enim
867 3034 1214 3090 vocationem
1256 3043 1518 3102 vestram,
1561 3036 1780 3102 fratres,
1836 3039 1962 3108 quia

394 3134 506 3174 non
557 3119 711 3176 multi
757 3123 1030 3193 sapientes
1061 3125 1360 3182 secundum
1394 3143 1636 3194 carnem,
1669 3145 1777 3184 non
1807 3131 1962 3185 multi

396 3211 631 3277 nobiles,
667 3229 776 3269 non
816 3217 969 3270 multi
995 3225 1247 3287 potentes
1287 3238 1300 3274 :
1347 3221 1445 3276 sed
1475 3237 1594 3292 qua!
1619 3222 1786 3276 stulta
1837 3232 1964 3278 sunt

395 3301 612 3368 mundi,
634 3304 978 3375 elegitDeus,
1010 3315 1071 3361 ut
1098 3307 1398 3365 confundat
1437 3313 1757 3382 sapientes;
1792 3319 1848 3367 et
1879 3314 1965 3366 in-

397 3394 552 3448 firma
590 3403 647 3449 et
669 3399 1099 3467 contemptibilis
1134 3400 1320 3472 elegit,
1353 3409 1407 3456 et
1431 3418 1494 3457 ea
1533 3418 1655 3472 qua:
1685 3419 1792 3459 non
1817 3415 1963 3468 sunt,

2069 1943 2215 1996 Ἔδει
2249 1939 2356 2014 γὰρ
2387 1940 2514 2002 τοὺς
2538 1939 2786 2009 πτωχοὺς
2814 1935 2908 1989 τοῦ
2941 1932 3076 1987 Θεοῦ
3104 1933 3318 1987 καὶτὸν
3348 1935 3407 1985 ἐν
3434 1929 3616 2002 ἀνθρώ-

2065 2050 2188 2096 ποις
2217 2032 2345 2086 λαὺν
2384 2027 2549 2084 αὑτοῦ
2583 2029 2687 2083 ὑπὸ
2715 2027 2810 2081 τοῦ
2851 2027 2969 2080 υἱοῦ
2996 2025 3091 2079 τοῦ
3141 2025 3411 2096 βασιλέως
3439 2023 3624 2095 staan

2063 2123 2248 2178 νεσθαι
2279 2124 2338 2176 ἐν
2365 2120 2702 2193 δικαιοσύνῃ·
2736 2119 2857 2175 ἐπεὶ
2902 2118 2975 2190 μὴ
3007 2116 3245 2188 ἐχώρουν
3286 2114 3464 2178 ἄλλως
3492 2112 3618 2179 δέξα-

2066 2215 2186 2270 σθαι
2213 2214 2302 2268 τδν
2333 2212 2574 2284 βασιλέα.
2607 2211 2805 2282 Διόπερ
2849 2209 3060 2282 μορφὴν
3099 2207 3288 2260 δούλου
3336 2204 3511 2260 λαϐὼν
3545 2205 3620 2256 καὶ

2066 2309 2301 2379 σχήματι
2351 2303 2594 2376 εὑρεθεὶς
2644 2303 2720 2367 ὡς
2767 2302 3073 2373 ἄνθρωπος,
3105 2299 3172 2353 δι’
3231 2289 3298 2351 οὗ
3358 2295 3619 2366 ἀνείληφεν

2063 2399 2194 2452 Υίοῦ
2231 2397 2519 2469 ἀνθρώπου
2554 2395 2614 2461 ἐξ
2647 2396 2902 2450 ἁπάντων
2927 2392 3034 2447 τῶν
3069 2391 3236 2446 ἐθνῶν
3271 2391 3418 2444 κατά
3453 2388 3540 2442 τοῦ
3559 2388 3621 2441 δι-

2063 2491 2218 2546 καίου
2254 2490 2433 2559 λόγον.
2484 2509 2503 2542 ι
2535 2487 2816 2556 ἐξελέξατο
2855 2484 3031 2556 ἐαυτῷ
3071 2483 3197 2538 λαὸν
3247 2481 3574 2554 περιούσιον,
3598 2498 3614 2530 ι

2064 2586 2156 2639 καὶ
2187 2585 2312 2648 τοὺς
2361 2581 2728 2654 καλουμένους
2772 2577 2938 2634 αὑτοῦ
2971 2577 3238 2647 πτωχοὺς,
3274 2574 3372 2639 οὓς
3416 2573 3508 2626 καὶ
3537 2587 3618 2642 μα-

2064 2675 2304 2748 καρίζων
2335 2675 2484 2744 ἔλεγε
2506 2692 2519 2706 ο
2556 2694 2573 2726 ι
2602 2673 2874 2743 Μακάριοι
2921 2671 2970 2724 οἱ
3006 2668 3212 2739 πτωχοὶ
3248 2667 3327 2738 τῷ
3353 2666 3617 2734 πνεύματι,

2063 2768 2145 2822 ὅτι
2167 2765 2344 2821 αὐτῶν
2369 2769 2516 2820 ἐστιν
2544 2767 2578 2837 ἡ
2602 2764 2846 2836 βασιλεία
2863 2762 2973 2815 τῶν
2991 2759 3254 2833 οὐρανῶν.
3283 2778 3302 2809 ι
3336 2757 3450 2810 Καὶ
3471 2755 3617 2815 ἄλλως

2062 2859 2119 2913 δὲ
2149 2859 2279 2931 περὶ
2321 2859 2422 2928 τῆς
2465 2855 2809 2927 δικαιοσύνης
2851 2853 3091 2908 διδάσκει
3128 2855 3157 2908 ό
3197 2850 3517 2911 Ἀπόστολος
3549 2849 3618 2902 1t-

2063 2966 2175 3019 γων
2194 2965 2208 2981 ·
2236 2969 2255 3002 ι
2280 2950 2354 3003 Οὐ
2379 2949 2486 3022 γὰρ
2516 2950 2912 3018 ἐπαισχύνομαι
2940 2946 3002 3000 τὺ
3023 2945 3356 3014 Εὑαγγέλιον
3377 2961 3391 2975 ο
3418 2943 3631 3013 δύναμις

2065 3042 2173 3114 γὰρ
2197 3041 2332 3096 Θεοῦ
2374 3045 2523 3097 ἐστιν
2557 3042 2638 3105 εἰς
2680 3039 2953 3112 σωτηρίαν
2994 3037 3160 3092 παντὶ
3195 3037 3276 3107 τῷ
3311 3035 3630 3094 πιστεύοντι,

2079 3133 2316 3204 Ἰουδαίῳ
2346 3151 2406 3187 τε
2435 3133 2648 3205 πρῶτον
2685 3132 2780 3186 καὶ
2809 3131 3048 3202 Ἕλληνι.
3082 3129 3412 3198 Δικαιοσύνη
3451 3127 3549 3197 γὰρ
3573 3127 3620 3178 ἐν

2065 3223 2211 3294 αύτῷ
2237 3223 2695 3278 ἀποκαλύπτεται.
2727 3241 2747 3275 ι
2779 3222 2890 3276 Kal.
2923 3223 3053 3293 περὶ
3081 3221 3192 3274 τῶν
3218 3220 3454 3291 πτωχῶν
3483 3216 3622 3271 πάλιν

2063 3317 2091 3369 ό
2133 3316 2291 3380 αὐτὸς
2319 3316 2568 3384 διασαφεῖ
2611 3315 2784 3385 λέγων
2805 3332 2818 3346 ·
2855 3334 2874 3366 ι
2905 3314 3139 3368 Βλέπετε
3165 3312 3272 3384 γὰρ
3306 3313 3410 3384 τὴν
3455 3310 3611 3382 κλῆσιι

2065 3407 2237 3478 ὑμῶν,
2269 3407 2485 3477 ἀδελφοί
2505 3425 2518 3439 ·
2546 3407 2628 3460 ὅτι
2657 3407 2717 3460 ού
2747 3405 2932 3460 πολλοὶ
2964 3405 3118 3475 σοφοὶ
3161 3403 3306 3458 κατά
3350 3403 3541 3474 σάρκα,
3567 3400 3620 3454 τὸ

395 3497 456 3542 ιιι
479 3504 543 3544 ea
568 3505 688 3560 qua:
705 3500 852 3556 sunt,
879 3489 1225 3560 destrueret;
1266 3502 1325 3548 ut
1357 3508 1465 3548 non
1499 3493 1759 3564 glorietur
1787 3496 1962 3552 omnis

2069 3499 2250 3554 πολλοὶ¹
2292 3502 2549 3569 εὐγενεῖς,
2578 3501 2640 3553 οὐ
2689 3499 2874 3553 πολλοὶ
2903 3497 3152 3552 δυνατοί·
3191 3496 3332 3550 ἀλλά
3379 3495 3451 3550 τὰ
3484 3492 3618 3566 μοιρά

395 3595 527 3634 caro
555 3583 608 3636 in
639 3591 934 3653 conspectu
966 3581 1061 3638 Dei
1089 3583 1154 3638 ".
1197 3603 1216 3636 ι

2064 3589 2158 3644 τοῦ
2191 3591 2396 3662 κόσμου
2446 3589 2725 3657 ἐξελέξατο
2762 3592 2790 3642 ὁ
2830 3588 2991 3652 Θεὸς,
3019 3587 3106 3641 ἵνα
3151 3585 3485 3656 καταισχύνῃ
3515 3581 3618 3642 τοὺς

394 3672 620 3742 σοφούς·
651 3673 746 3727 καὶ
785 3673 855 3727 τὰ
882 3674 1080 3746 ἀσθενῆ
1115 3675 1207 3728 καὶ
1244 3673 1312 3728 τὰ
1339 3674 1734 3748 ἐξουθενημένα
1780 3677 2081 3746 ἐξελέξατο,
2107 3683 2201 3736 καὶ
2227 3681 2297 3737 τὰ
2331 3683 2407 3755 μὴ
2431 3682 2579 3746 ὄντα,
2648 3682 2734 3735 ἵνα
2795 3680 2864 3734 τὰ
2901 3680 3030 3734 ὄντα
3093 3681 3457 3750 καταργήσῃο
3491 3677 3616 3736 ὅπως

395 3771 472 3844 μὴ
505 3772 847 3844 καυχήσηται
880 3772 1030 3826 πᾶσα
1055 3771 1191 3845 σὰρξ
1216 3771 1446 3827 ἐνώπιον
1471 3773 1564 3827 τοῦ
1586 3773 1741 3830 Θεοῦ.
1766 3795 1785 3827 ι

464 3889 631 3947 Vens.
666 3893 719 3949 '5.
756 3878 788 3946 ι’
817 3895 1131 3966 Suscipiant
1159 3904 1371 3953 montes
1413 3912 1603 3967 pacem
1651 3897 1872 3968 populo,
1907 3906 1961 3952 et

394 3983 564 4038 colles
589 3985 881 4055 justitiam.
916 4009 934 4042 ι
959 3988 1163 4045 Prazter
1195 3989 1377 4060 priora
1400 3990 1514 4044 hzec
1544 4006 1760 4061 quoque
1792 3990 1964 4061 spiri-

393 4081 486 4130 tus
511 4077 864 4147 pr0pheticus
893 4089 1166 4152 precatur,
1195 4091 1254 4136 ut
1295 4089 1506 4139 montes
1557 4083 1826 4153 quondam
1862 4099 1960 4153 po-

401 4167 531 4237 pulo
559 4167 762 4233 infesti,
794 4172 970 4240 posita
1003 4172 1308 4237 inimicitia,
1341 4188 1528 4243 pacem
1550 4189 1672 4228 cum
1705 4189 1771 4228 eo
1795 4174 1956 4229 habe-

2146 3917 2162 3950 ι
2205 3897 2642 3951 Ἀναλαϐέτωσαν
2671 3894 2740 3948 τά
2780 3895 2880 3967 ὅρη
2912 3894 3131 3965 εἰρήνην
3158 3892 3237 3963 τῷ
3269 3891 3406 3962 λαῷ,
3456 3891 3542 3946 καὶ
3576 3890 3618 3941 οι

2072 3991 2250 4064 βουνοὶ
2271 3987 2634 4058 δικαιοσύνην.
2666 4006 2684 4039 ι
2715 3986 2861 4058 Πρὸς
2893 3988 3006 4050 τοῖς
3039 3985 3323 4056 προτέροις
3355 3985 3447 4037 καὶ
3471 3979 3616 4035 ταῦτα.

2067 4081 2130 4135 τδ
2165 4079 2380 4152 πνεῦμα
2417 4080 2478 4132 τὸ
2516 4077 2849 4150 προφητικὸν
2883 4075 3120 4147 εὔχεται,
3147 4076 3296 4138 ὅπως
3329 4076 3398 4129 τὰ
3443 4074 3535 4145 όρη
3561 4069 3617 4124 τὰ

2069 4173 2234 4227 πάλαι
2271 4171 2622 4244 ἐχθραίνοντα
2662 4169 2738 4240 τῷ
2780 4169 2894 4239 λαῷ
2923 4167 3253 4239 είρηνεύσειε
3296 4168 3432 4240 πρὸς
3477 4163 3616 4220 eam

397 4265 542 4322 rent,
572 4267 627 4314 et
652 4270 709 4315 ut
743 4263 909 4318 colles
934 4265 1244 4335 praedictam
1266 4264 1535 4335 justitiam
1558 4266 1732 4320 eidem
1760 4267 1960 4337 populo

2069 4265 2428 4335 ἀπωθούμενα
2470 4263 2566 4334 τὴν
2611 4262 2808 4335 ἔχθραν
2833 4301 2848 4326 ,
2895 4262 2987 4315 καὶ
3028 4263 3176 4326 ὅπως
3218 4263 3266 4315 οἱ
3317 4262 3493 4332 βουνοὶ
3533 4260 3618 4330 τὴν

395 4350 809 4408 annuntiarent.
861 4351 976 4407 Jam
1035 4354 1245 4424 pridem
1279 4357 1424 4411 enim
1465 4363 1678 4412 montes
1714 4372 1836 4411 cum
1873 4372 1962 4427 po-

2069 4355 2457 4429 προλεχθεῖσαν
2507 4354 2849 4424 δικαιοσύνην
2892 4353 2971 4425 τῷ
3023 4353 3172 4425 αύτῷ
3208 4353 3320 4425 λαῷ
3359 4351 3614 4421 εὐαγγελί-

391 4441 522 4511 pulo
573 4441 891 4501 inimicitias
943 4453 1273 4517 gesserunt,
1347 4454 1402 4503 et
1454 4447 1623 4505 colles
1683 4449 1956 4506 similiter.

2069 4445 2284 4509 ζωνται.
2311 4444 2580 4516 Πρότερον
2614 4443 2712 4514 μὲν
2737 4443 2845 4514 γὰρ
2874 4442 2944 4496 τὰ
2987 4443 3088 4516 ὅρη
3138 4443 3336 4515 ἔχθραν
3362 4439 3474 4515 εἶχε
3499 4437 3613 4512 πρὶς

389 4531 529 4585 Cum
557 4540 737 4588 autem
774 4534 920 4591 filius
963 4538 1105 4608 regis
1135 4539 1394 4609 populum
1436 4539 1568 4594 olim
1614 4547 1956 4610 extraneum,

2069 4540 2152 4593 τὸν
2192 4537 2338 4604 λαδν,
2374 4538 2468 4592 καὶ
2501 4540 2549 4591 οἰ
2579 4537 2755 4608 βουνώ⁸
2800 4535 3090 4600 ὡσαύτωςο
3119 4537 3206 4590 ὅτε
3234 4536 3290 4590 δὲ
3314 4539 3342 4590 ό
3383 4536 3494 4600 υἱὸς
3532 4531 3609 4587 τοῦ

391 4624 673 4693 proprium
706 4625 813 4704 sibi
848 4627 1002 4693 facit,
1057 4635 1192 4683 tunc
1226 4637 1460 4695 montes,
1503 4637 1562 4684 ut
1613 4629 1704 4684 hic
1761 4645 1962 4685 vocan-

2069 4630 2322 4701 βασιλέως
2378 4630 2505 4684 ἴδιον
2539 4631 2832 4701 ἐποιήσατο
2863 4629 2954 4683 τὸν
3004 4629 3130 4683 λαὸν
3184 4630 3348 4684 πάλαι
3397 4627 3612 4698 ἀπηλλο-

389 4722 503 4780 tur,
535 4731 723 4785 pacem
753 4733 877 4772 cum
917 4720 1122 4791 papqu
1170 4720 1390 4776 habent.
1444 4720 1656 4777 Montes
1696 4728 1874 4776 autem
1908 4728 1962 4776 et

2069 4721 2356 4794 τριωμένον
2387 4717 2575 4783 αὐτοῦ,
2601 4717 2901 4789 τηνικαῦτα
2947 4718 3040 4772 καὶ
3091 4717 3162 4771 τὰ
3193 4717 3493 4788 καλούμενα
3535 4715 3608 4765 ἐν·

389 4805 559 4861 colles
577 4823 765 4877 pacem
796 4825 920 4865 cum
953 4813 1154 4883 populo
1181 4813 1467 4878 habentes,
1491 4829 1629 4884 quos
1659 4829 1784 4868 esse
1811 4812 1962 4867 dixe-

2069 4814 2232 4868 ταῦθα
2262 4813 2365 4884 όρη
2397 4811 2668 4884 είρηνεύει
2687 4810 2825 4884 πρὸς
2847 4810 2936 4863 τὸν
2959 4811 3110 4864 λαόν.
3139 4812 3276 4882 ὀρη
3304 4809 3358 4862 δέ
3386 4809 3477 4861 καὶ
3505 4805 3608 4874 βου-

389 4898 489 4962 ris,
518 4899 623 4954 nisi
654 4903 974 4971 angelorum
998 4904 1252 4968 chorum,
1283 4915 1339 4960 et
1363 4905 1449 4960 his
1479 4905 1790 4975 superiores
1815 4904 1961 4958 divi-

388 5007 491 5048 nas
523 4994 790 5052 virtutes?
819 5012 939 5066 qua:
965 5013 1088 5053 cum
1117 4997 1246 5052 olim
1279 4999 1512 5068 p0pulus
1535 5006 1827 5054 extraneus
1849 4996 1959 5052 Deo

388 5097 554 5150 esset,
589 5087 908 5144 inimicitias
940 5105 1064 5143 cum
1113 5106 1179 5144 eo
1226 5091 1526 5161 gerebant;
1575 5105 1723 5145 nunc
1775 5097 1956 5144 autem

387 5192 515 5234 cum
543 5179 597 5232 in
634 5181 1038 5250 possessionem
1071 5181 1167 5236 filii
1197 5181 1344 5252 regis
1373 5183 1607 5247 venerit,
1640 5183 1819 5252 posita
1847 5182 1956 5236 ini-

389 5270 618 5335 micitia,
651 5274 839 5328 amica:
869 5273 990 5343 ejus
1015 5273 1218 5329 effectae
1243 5283 1391 5330 sunt.
1423 5273 1561 5339 Quis
1593 5274 1665 5329 sit
1691 5289 1821 5330 vero
1853 5289 1955 5344 po-

391 5363 553 5430 pulus
584 5380 652 5419 ex
685 5366 942 5421 omnibus
969 5367 1221 5438 gentibus
1260 5374 1484 5422 coactus
1543 5365 1816 5438 intelliges
1841 5405 1856 5430 ,
1907 5367 1955 5422 si

392 5452 481 5511 his
505 5455 760 5512 conferas
792 5457 1069 5513 Zacharize
1100 5459 1466 5530 prophetiam,
1501 5474 1621 5529 qua:
1642 5461 1723 5515 sic
1753 5458 1953 5514 habet:

469 5609 548 5664 ’δ’
576 5610 704 5667 Cor.
743 5627 782 5680 ι,
805 5613 894 5668 50.
973 5614 1018 5646 "
1046 5611 1203 5670 Deut.
1224 5631 1334 5682 xlv,
1367 5614 1424 5670 2.
1503 5616 1546 5647 “
1577 5614 1766 5672 Matth.
1798 5632 1849 5683 ν,
1881 5615 1937 5673 ’5.

468 5790 545 5860 (1)
581 5787 692 5853 Vel,
724 5788 1005 5843 secundum.
1037 5791 1258 5860 justitia:
1285 5794 1556 5850 rationem.

2061 4905 2184 4969 νοῦς
2217 4903 2590 4976 εἰρηνεύοντας
2623 4900 2930 4974 ἀνθρώποις
2971 4902 3122 4966 τίνας
3152 4901 3218 4955 ἂν
3270 4900 3440 4962 εἴποις
3470 4897 3499 4967 ἦ
3531 4894 3604 4947 τὸν

2067 4997 2312 5067 ἀγγέλων
2356 4996 2517 5069 χορὸν
2563 4995 2659 5050 καὶ
2690 4994 2788 5059 τὰς
2819 4992 3022 5047 τούτων
3055 4994 3328 5064 ἀνωτέρας
3362 4989 3504 5052 θείας
3532 4987 3604 5039 δυ-

2065 5091 2288 5162 νάμεις;
2317 5090 2372 5144 αἳ
2420 5088 2584 5142 πάλαι
2620 5089 2738 5160 μὲν,
2767 5088 2855 5140 ὅτε
2898 5086 3174 5159 ἀλλότριος
3218 5081 3286 5156 ἦν
3313 5086 3339 5137 ὁ
3366 5081 3484 5144 λαὸς
3521 5075 3602 5132 τοῦ

2065 5181 2220 5247 Θεοῦ,
2252 5181 2446 5252 ἐχθραὶ
2476 5176 2618 5252 ἦσαν
2649 5179 2816 5234 αἰτοῦ
2838 5196 2853 5210 ο
2885 5178 2978 5233 νῦν
3000 5177 3046 5230 δ’
3091 5178 3180 5231 ὅτε
3214 5177 3392 5246 κτῆμα
3432 5172 3600 5242 γέγονε

2063 5272 2156 5326 τοῦ
2196 5271 2313 5324 υἱοῦ
2347 5269 2439 5324 τοῦ
2473 5269 2767 5340 βασιλέως,
2817 5267 3178 5338 ἑφιλιώθησαν
3219 5265 3360 5336 αὐτῷ
3389 5258 3597 5333 μεταδα-

2063 5363 2241 5427 λόντες
2269 5363 2369 5432 τῆς
2397 5360 2617 5433 ἔχθρας.
2657 5361 2895 5432 Νοησεις
2921 5358 2978 5412 δὲ
3008 5356 3096 5412 τὸν
3132 5358 3190 5425 ἐξ
3231 5355 3469 5410 ἁπάντων
3505 5347 3597 5403 τῶν

2063 5455 2231 5511 ἐθνῶν
2263 5453 2606 5526 ’συνηγμένον
2637 5451 2783 5518 λαὸν,
2821 5449 3083 5522 παραθεὶς
3106 5450 3310 5513 τούτοις
3335 5446 3423 5518 τὴν
3453 5445 3507 5495 ἐν
3530 5437 3595 5507 τῷ

2016 5614 2058 5648 ⁸⁷
2091 5612 2244 5671 Rom.
2281 5629 2319 5678 ι,
2349 5610 2432 5669 lC.
2514 5610 2594 5665 "l
2627 5609 2751 5667 Cor.
2777 5624 2817 5678 ι,
2849 5608 3036 5664 9-6-29.
