  <div class='ocr_page' id='page_1' title='image "/cluster/home/n/w/nwhite01/storage/ocr_20150623/23/mdp.39015078384396/406.png"; bbox 0 0 3776 6284; ppageno 0'>
   <div class='ocr_carea' id='block_1_1' title="bbox 146 332 3350 397">
    <p class='ocr_par' dir='ltr' id='par_1_1' title="bbox 146 332 3350 397">
     <span class='ocr_line' id='line_1_1' title="bbox 146 332 3350 397; baseline -0.001 -4"><span class='ocrx_word' id='word_1_1' title='bbox 146 336 230 397; x_wconf 81' lang='lat'><strong>797</strong></span> <span class='ocrx_word' id='word_1_2' title='bbox 1155 337 1169 351; x_wconf 88' lang='lat'><strong>&#39;</strong></span> <span class='ocrx_word' id='word_1_3' title='bbox 1233 333 1736 391; x_wconf 74' lang='lat' dir='ltr'><strong>COMMENTARIA</strong></span> <span class='ocrx_word' id='word_1_4' title='bbox 1773 333 1838 389; x_wconf 81' lang='lat' dir='ltr'><strong>IN</strong></span> <span class='ocrx_word' id='word_1_5' title='bbox 1877 332 2218 390; x_wconf 68' lang='lat' dir='ltr'><strong>PSALHOS.</strong></span> <span class='ocrx_word' id='word_1_6' title='bbox 3242 336 3350 391; x_wconf 67' lang='lat'><strong>798</strong></span> 
     </span>
    </p>
   </div>
   <div class='ocr_carea' id='block_1_2' title="bbox 140 440 1672 521">
    <p class='ocr_par' dir='ltr' id='par_1_2' title="bbox 140 440 1672 521">
     <span class='ocr_line' id='line_1_2' title="bbox 140 440 1672 521; baseline -0.001 -21"><span class='ocrx_word' id='word_1_7' title='bbox 140 448 357 521; x_wconf 73' lang='grc' dir='ltr'>Ζαχαρία</span> <span class='ocrx_word' id='word_1_8' title='bbox 399 448 767 517; x_wconf 68' lang='grc' dir='ltr'><strong>προφητείαν,</strong></span> <span class='ocrx_word' id='word_1_9' title='bbox 809 440 910 500; x_wconf 69' lang='grc' dir='ltr'>ὦδε</span> <span class='ocrx_word' id='word_1_10' title='bbox 957 446 1256 515; x_wconf 48' lang='grc' dir='ltr'>λέγουσαν)</span> <span class='ocrx_word' id='word_1_11' title='bbox 1303 466 1321 498; x_wconf 76' lang='grc' dir='ltr'><strong>ι</strong></span> <span class='ocrx_word' id='word_1_12' title='bbox 1367 449 1535 518; x_wconf 81' lang='grc' dir='ltr'><strong>Χαῖρε</strong></span> <span class='ocrx_word' id='word_1_13' title='bbox 1582 446 1672 501; x_wconf 62' lang='grc' dir='ltr'>καὶ</span> 
     </span>
    </p>
   </div>
   <div class='ocr_carea' id='block_1_3' title="bbox 1869 440 3349 521">
    <p class='ocr_par' dir='ltr' id='par_1_3' title="bbox 1869 444 3349 514">
     <span class='ocr_line' id='line_1_3' title="bbox 1869 444 3349 514; baseline 0.001 -14"><span class='ocrx_word' id='word_1_14' title='bbox 1869 446 2029 502; x_wconf 79' lang='lat' dir='ltr'><strong>laude</strong></span> <span class='ocrx_word' id='word_1_15' title='bbox 2061 454 2115 502; x_wconf 91' lang='lat' dir='ltr'><strong>et</strong></span> <span class='ocrx_word' id='word_1_16' title='bbox 2144 446 2352 508; x_wconf 74' lang='lat' dir='ltr'><strong>lzctare,</strong></span> <span class='ocrx_word' id='word_1_17' title='bbox 2384 444 2490 499; x_wconf 78' lang='lat' dir='ltr'><strong>ﬁlia</strong></span> <span class='ocrx_word' id='word_1_18' title='bbox 2527 444 2681 499; x_wconf 89' lang='lat' dir='ltr'><strong>Sion.</strong></span> <span class='ocrx_word' id='word_1_19' title='bbox 2712 444 2852 501; x_wconf 85' lang='lat' dir='ltr'><strong>Ecce</strong></span> <span class='ocrx_word' id='word_1_20' title='bbox 2888 461 2987 503; x_wconf 74' lang='lat' dir='ltr'><strong>rex</strong></span> <span class='ocrx_word' id='word_1_21' title='bbox 3018 453 3148 503; x_wconf 86' lang='lat' dir='ltr'><strong>tuus</strong></span> <span class='ocrx_word' id='word_1_22' title='bbox 3177 452 3349 514; x_wconf 85' lang='lat' dir='ltr'><strong>venit,</strong></span> 
     </span>
    </p>
   </div>
   <div class='ocr_carea' id='block_1_4' title="bbox 141 534 1672 611">
    <p class='ocr_par' dir='ltr' id='par_1_4' title="bbox 141 534 1672 611">
     <span class='ocr_line' id='line_1_4' title="bbox 141 534 1672 611; baseline -0.005 -14"><span class='ocrx_word' id='word_1_23' title='bbox 141 539 416 611; x_wconf 73' lang='grc' dir='ltr'><strong>εὐφραίνου,</strong></span> <span class='ocrx_word' id='word_1_24' title='bbox 452 536 686 607; x_wconf 85' lang='grc' dir='ltr'>θύγατερ</span> <span class='ocrx_word' id='word_1_25' title='bbox 709 537 863 591; x_wconf 85' lang='grc' dir='ltr'>Σιών.</span> <span class='ocrx_word' id='word_1_26' title='bbox 883 536 1011 589; x_wconf 84' lang='grc' dir='ltr'>Ἰδοὺ</span> <span class='ocrx_word' id='word_1_27' title='bbox 1042 537 1070 588; x_wconf 99' lang='lat'><strong>6</strong></span> <span class='ocrx_word' id='word_1_28' title='bbox 1101 535 1347 606; x_wconf 83' lang='grc' dir='ltr'>βασιλεύς</span> <span class='ocrx_word' id='word_1_29' title='bbox 1395 553 1486 589; x_wconf 89' lang='grc' dir='ltr'><strong>σου</strong></span> <span class='ocrx_word' id='word_1_30' title='bbox 1524 534 1672 608; x_wconf 62' lang='grc' dir='ltr'>ἔρχει</span> 
     </span>
    </p>
   </div>
   <div class='ocr_carea' id='block_1_5' title="bbox 1869 534 3351 611">
    <p class='ocr_par' dir='ltr' id='par_1_5' title="bbox 1869 537 3351 601">
     <span class='ocr_line' id='line_1_5' title="bbox 1869 537 3351 601; baseline 0.001 -9"><span class='ocrx_word' id='word_1_31' title='bbox 1869 539 2130 593; x_wconf 89' lang='lat' dir='ltr'><strong>habitabit</strong></span> <span class='ocrx_word' id='word_1_32' title='bbox 2159 538 2213 591; x_wconf 91' lang='lat' dir='ltr'><strong>in</strong></span> <span class='ocrx_word' id='word_1_33' title='bbox 2248 537 2427 592; x_wconf 91' lang='lat' dir='ltr'><strong>medio</strong></span> <span class='ocrx_word' id='word_1_34' title='bbox 2461 538 2561 601; x_wconf 89' lang='lat' dir='ltr'><strong>tui,</strong></span> <span class='ocrx_word' id='word_1_35' title='bbox 2588 537 2723 592; x_wconf 84' lang='lat' dir='ltr'><strong>dicit</strong></span> <span class='ocrx_word' id='word_1_36' title='bbox 2752 537 3035 595; x_wconf 84' lang='lat' dir='ltr'><strong>Dominus.</strong></span> <span class='ocrx_word' id='word_1_37' title='bbox 3063 537 3133 592; x_wconf 85' lang='lat' dir='ltr'><strong>Et</strong></span> <span class='ocrx_word' id='word_1_38' title='bbox 3157 539 3351 595; x_wconf 80' lang='lat' dir='ltr'><strong>confu-</strong></span> 
     </span>
    </p>
   </div>
   <div class='ocr_carea' id='block_1_6' title="bbox 139 626 1672 704">
    <p class='ocr_par' dir='ltr' id='par_1_6' title="bbox 139 626 1672 699">
     <span class='ocr_line' id='line_1_6' title="bbox 139 626 1672 699; baseline -0.005 -12"><span class='ocrx_word' id='word_1_39' title='bbox 139 651 229 696; x_wconf 85' lang='grc' dir='ltr'>ται,</span> <span class='ocrx_word' id='word_1_40' title='bbox 261 632 345 684; x_wconf 75' lang='grc' dir='ltr'><strong>καὶ</strong></span> <span class='ocrx_word' id='word_1_41' title='bbox 366 628 773 698; x_wconf 76' lang='grc' dir='ltr'><strong>κατασκηνώσει</strong></span> <span class='ocrx_word' id='word_1_42' title='bbox 806 631 864 681; x_wconf 85' lang='grc' dir='ltr'><strong>ὲν</strong></span> <span class='ocrx_word' id='word_1_43' title='bbox 910 628 1059 699; x_wconf 81' lang='grc' dir='ltr'>μέσῳ</span> <span class='ocrx_word' id='word_1_44' title='bbox 1092 646 1208 695; x_wconf 90' lang='grc' dir='ltr'>σου,</span> <span class='ocrx_word' id='word_1_45' title='bbox 1261 627 1407 696; x_wconf 83' lang='grc' dir='ltr'>λέγει</span> <span class='ocrx_word' id='word_1_46' title='bbox 1450 626 1672 698; x_wconf 84' lang='grc' dir='ltr'>Κύριος.</span> 
     </span>
    </p>
   </div>
   <div class='ocr_carea' id='block_1_7' title="bbox 1869 626 3349 704">
    <p class='ocr_par' dir='ltr' id='par_1_7' title="bbox 1869 627 3349 701">
     <span class='ocr_line' id='line_1_7' title="bbox 1869 627 3349 701; baseline -0.001 -14"><span class='ocrx_word' id='word_1_47' title='bbox 1869 640 1925 687; x_wconf 86' lang='grc' dir='ltr'><strong>ιιι</strong></span> <span class='ocrx_word' id='word_1_48' title='bbox 1952 639 2141 701; x_wconf 79' lang='lat' dir='ltr'><strong>gentes</strong></span> <span class='ocrx_word' id='word_1_49' title='bbox 2175 630 2360 684; x_wconf 68' lang='lat' dir='ltr'><strong>multae</strong></span> <span class='ocrx_word' id='word_1_50' title='bbox 2406 628 2473 683; x_wconf 88' lang='lat' dir='ltr'><strong>ad</strong></span> <span class='ocrx_word' id='word_1_51' title='bbox 2499 627 2814 696; x_wconf 89' lang='lat' dir='ltr'><strong>Dominum,</strong></span> <span class='ocrx_word' id='word_1_52' title='bbox 2848 639 2904 686; x_wconf 90' lang='lat' dir='ltr'><strong>et</strong></span> <span class='ocrx_word' id='word_1_53' title='bbox 2930 642 3092 686; x_wconf 91' lang='lat' dir='ltr'><strong>erunt</strong></span> <span class='ocrx_word' id='word_1_54' title='bbox 3121 631 3255 686; x_wconf 89' lang='lat' dir='ltr'><strong>mihi</strong></span> <span class='ocrx_word' id='word_1_55' title='bbox 3291 630 3349 685; x_wconf 89' lang='lat' dir='ltr'><strong>in</strong></span> 
     </span>
    </p>
   </div>
   <div class='ocr_carea' id='block_1_8' title="bbox 138 718 1677 791">
    <p class='ocr_par' dir='ltr' id='par_1_8' title="bbox 138 718 1677 791">
     <span class='ocr_line' id='line_1_8' title="bbox 138 718 1677 791; baseline -0.005 -12"><span class='ocrx_word' id='word_1_56' title='bbox 138 725 231 779; x_wconf 75' lang='lat' dir='ltr'><strong>Kal</strong></span> <span class='ocrx_word' id='word_1_57' title='bbox 256 718 670 790; x_wconf 76' lang='grc' dir='ltr'>καταφεύξονται</span> <span class='ocrx_word' id='word_1_58' title='bbox 706 719 833 791; x_wconf 75' lang='grc' dir='ltr'>ἔθνη</span> <span class='ocrx_word' id='word_1_59' title='bbox 864 720 1032 773; x_wconf 86' lang='grc' dir='ltr'>πολλά</span> <span class='ocrx_word' id='word_1_60' title='bbox 1071 720 1169 773; x_wconf 63' lang='grc' dir='ltr'><strong>ἐπὶ</strong></span> <span class='ocrx_word' id='word_1_61' title='bbox 1199 719 1289 773; x_wconf 84' lang='grc' dir='ltr'><strong>τὸν</strong></span> <span class='ocrx_word' id='word_1_62' title='bbox 1322 719 1551 791; x_wconf 85' lang='grc' dir='ltr'>Κύριον.</span> <span class='ocrx_word' id='word_1_63' title='bbox 1583 719 1677 771; x_wconf 81' lang='grc' dir='ltr'><strong>καὶ</strong></span> 
     </span>
    </p>
   </div>
   <div class='ocr_carea' id='block_1_9' title="bbox 138 806 1674 882">
    <p class='ocr_par' dir='ltr' id='par_1_9' title="bbox 138 806 1674 882">
     <span class='ocr_line' id='line_1_9' title="bbox 138 806 1674 882; baseline -0.003 -14"><span class='ocrx_word' id='word_1_64' title='bbox 138 810 323 868; x_wconf 72' lang='grc' dir='ltr'>ἔσονταί</span> <span class='ocrx_word' id='word_1_65' title='bbox 362 828 449 881; x_wconf 92' lang='grc' dir='ltr'><strong>μοι</strong></span> <span class='ocrx_word' id='word_1_66' title='bbox 479 812 559 874; x_wconf 87' lang='grc' dir='ltr'><strong>είς</strong></span> <span class='ocrx_word' id='word_1_67' title='bbox 592 806 749 874; x_wconf 72' lang='grc' dir='ltr'>λαὸν,</span> <span class='ocrx_word' id='word_1_68' title='bbox 788 811 941 879; x_wconf 87' lang='grc' dir='ltr'><strong>κάγὼ</strong></span> <span class='ocrx_word' id='word_1_69' title='bbox 982 809 1173 882; x_wconf 78' lang='grc' dir='ltr'>ἔσομαι</span> <span class='ocrx_word' id='word_1_70' title='bbox 1205 812 1388 874; x_wconf 87' lang='grc' dir='ltr'>αὐτοῖς</span> <span class='ocrx_word' id='word_1_71' title='bbox 1417 814 1496 874; x_wconf 85' lang='grc' dir='ltr'><strong>είς</strong></span> <span class='ocrx_word' id='word_1_72' title='bbox 1522 810 1674 864; x_wconf 86' lang='grc' dir='ltr'>Θεόν.</span> 
     </span>
    </p>
   </div>
   <div class='ocr_carea' id='block_1_10' title="bbox 138 901 1673 976">
    <p class='ocr_par' dir='ltr' id='par_1_10' title="bbox 138 901 1673 976">
     <span class='ocr_line' id='line_1_10' title="bbox 138 901 1673 976; baseline -0.003 -17"><span class='ocrx_word' id='word_1_73' title='bbox 138 907 230 961; x_wconf 83' lang='lat' dir='ltr'><strong>Kal</strong></span> <span class='ocrx_word' id='word_1_74' title='bbox 287 901 610 973; x_wconf 83' lang='grc' dir='ltr'><strong>γνώσονται,</strong></span> <span class='ocrx_word' id='word_1_75' title='bbox 660 904 742 956; x_wconf 80' lang='grc' dir='ltr'>ὅτι</span> <span class='ocrx_word' id='word_1_76' title='bbox 803 901 1006 975; x_wconf 71' lang='grc' dir='ltr'>Κύριος</span> <span class='ocrx_word' id='word_1_77' title='bbox 1066 904 1457 976; x_wconf 83' lang='grc' dir='ltr'>παντοκράτωρ</span> <span class='ocrx_word' id='word_1_78' title='bbox 1506 902 1673 970; x_wconf 77' lang='grc' dir='ltr'>ἐξαπ-</span> 
     </span>
    </p>
   </div>
   <div class='ocr_carea' id='block_1_11' title="bbox 137 991 1675 1065">
    <p class='ocr_par' dir='ltr' id='par_1_11' title="bbox 137 991 1675 1065">
     <span class='ocr_line' id='line_1_11' title="bbox 137 991 1675 1065; baseline -0.005 -14"><span class='ocrx_word' id='word_1_79' title='bbox 137 992 338 1051; x_wconf 77' lang='grc' dir='ltr'>έσταλκέ</span> <span class='ocrx_word' id='word_1_80' title='bbox 369 1010 434 1063; x_wconf 89' lang='grc' dir='ltr'><strong>με</strong></span> <span class='ocrx_word' id='word_1_81' title='bbox 458 992 593 1064; x_wconf 80' lang='grc' dir='ltr'>πρὸς</span> <span class='ocrx_word' id='word_1_82' title='bbox 622 993 701 1047; x_wconf 87' lang='grc' dir='ltr'>σέ.</span> <span class='ocrx_word' id='word_1_83' title='bbox 727 1012 746 1046; x_wconf 76' lang='grc' dir='ltr'><strong>ι</strong></span> <span class='ocrx_word' id='word_1_84' title='bbox 768 993 962 1063; x_wconf 87' lang='grc' dir='ltr'>Σαφῶς</span> <span class='ocrx_word' id='word_1_85' title='bbox 982 993 1089 1065; x_wconf 81' lang='grc' dir='ltr'><strong>γὰρ</strong></span> <span class='ocrx_word' id='word_1_86' title='bbox 1109 993 1194 1047; x_wconf 83' lang='grc' dir='ltr'>διὰ</span> <span class='ocrx_word' id='word_1_87' title='bbox 1213 992 1416 1047; x_wconf 87' lang='grc' dir='ltr'>τούτων</span> <span class='ocrx_word' id='word_1_88' title='bbox 1439 992 1545 1046; x_wconf 83' lang='grc' dir='ltr'><strong>ἀπὸ</strong></span> <span class='ocrx_word' id='word_1_89' title='bbox 1568 991 1675 1045; x_wconf 88' lang='grc' dir='ltr'><strong>τῶν</strong></span> 
     </span>
    </p>
   </div>
   <div class='ocr_carea' id='block_1_12' title="bbox 134 1082 1674 1150">
    <p class='ocr_par' dir='ltr' id='par_1_12' title="bbox 134 1082 1674 1150">
     <span class='ocr_line' id='line_1_12' title="bbox 134 1082 1674 1150; baseline -0.004 -10"><span class='ocrx_word' id='word_1_90' title='bbox 134 1087 301 1150; x_wconf 81' lang='grc' dir='ltr'>ἐθνῶν,</span> <span class='ocrx_word' id='word_1_91' title='bbox 333 1085 443 1139; x_wconf 86' lang='grc' dir='ltr'>ἀλλ’</span> <span class='ocrx_word' id='word_1_92' title='bbox 474 1085 571 1138; x_wconf 76' lang='grc' dir='ltr'><strong>οὐκ</strong></span> <span class='ocrx_word' id='word_1_93' title='bbox 598 1084 703 1137; x_wconf 85' lang='grc' dir='ltr'><strong>ἀπὸ</strong></span> <span class='ocrx_word' id='word_1_94' title='bbox 738 1084 832 1137; x_wconf 81' lang='grc' dir='ltr'>τοῦ</span> <span class='ocrx_word' id='word_1_95' title='bbox 880 1083 1147 1138; x_wconf 80' lang='grc' dir='ltr'>Ἰουδαίων</span> <span class='ocrx_word' id='word_1_96' title='bbox 1181 1082 1363 1147; x_wconf 76' lang='grc' dir='ltr'>ἔθνους</span> <span class='ocrx_word' id='word_1_97' title='bbox 1396 1082 1674 1148; x_wconf 75' lang='grc' dir='ltr'>συντάξειν</span> 
     </span>
    </p>
   </div>
   <div class='ocr_carea' id='block_1_13' title="bbox 133 1170 1673 1246">
    <p class='ocr_par' dir='ltr' id='par_1_13' title="bbox 133 1170 1673 1246">
     <span class='ocr_line' id='line_1_13' title="bbox 133 1170 1673 1246; baseline -0.005 -15"><span class='ocrx_word' id='word_1_98' title='bbox 133 1178 273 1241; x_wconf 75' lang='grc' dir='ltr'>αὐτὸς</span> <span class='ocrx_word' id='word_1_99' title='bbox 305 1174 477 1246; x_wconf 81' lang='grc' dir='ltr'>ἐαυτῷ</span> <span class='ocrx_word' id='word_1_100' title='bbox 495 1174 623 1229; x_wconf 77' lang='grc' dir='ltr'>λαὸν</span> <span class='ocrx_word' id='word_1_101' title='bbox 650 1176 678 1228; x_wconf 93' lang='lat'><strong>6</strong></span> <span class='ocrx_word' id='word_1_102' title='bbox 710 1173 909 1246; x_wconf 84' lang='grc' dir='ltr'>Κύριος</span> <span class='ocrx_word' id='word_1_103' title='bbox 941 1171 1368 1243; x_wconf 76' lang='grc' dir='ltr'>εὐαγγελίζεται.</span> <span class='ocrx_word' id='word_1_104' title='bbox 1398 1170 1583 1243; x_wconf 87' lang='grc' dir='ltr'>Τούτῳ</span> <span class='ocrx_word' id='word_1_105' title='bbox 1610 1171 1673 1242; x_wconf 83' lang='grc' dir='ltr'>δὴ</span> 
     </span>
    </p>
   </div>
   <div class='ocr_carea' id='block_1_14' title="bbox 132 1263 1675 1339">
    <p class='ocr_par' dir='ltr' id='par_1_14' title="bbox 132 1263 1675 1339">
     <span class='ocr_line' id='line_1_14' title="bbox 132 1263 1675 1339; baseline -0.006 -16"><span class='ocrx_word' id='word_1_106' title='bbox 132 1266 209 1323; x_wconf 76' lang='grc' dir='ltr'>οὖν</span> <span class='ocrx_word' id='word_1_107' title='bbox 239 1268 309 1339; x_wconf 85' lang='grc' dir='ltr'><strong>τῷ</strong></span> <span class='ocrx_word' id='word_1_108' title='bbox 336 1266 445 1338; x_wconf 88' lang='grc' dir='ltr'><strong>λαῷ</strong></span> <span class='ocrx_word' id='word_1_109' title='bbox 472 1269 524 1320; x_wconf 84' lang='grc' dir='ltr'>αἱ</span> <span class='ocrx_word' id='word_1_110' title='bbox 548 1267 803 1339; x_wconf 83' lang='grc' dir='ltr'>δυνάμεις</span> <span class='ocrx_word' id='word_1_111' title='bbox 831 1268 886 1321; x_wconf 79' lang='grc' dir='ltr'>αἱ</span> <span class='ocrx_word' id='word_1_112' title='bbox 920 1265 1275 1338; x_wconf 83' lang='grc' dir='ltr'>ὑπερκόσμιοι</span> <span class='ocrx_word' id='word_1_113' title='bbox 1308 1264 1401 1318; x_wconf 74' lang='lat' dir='ltr'><strong>xal</strong></span> <span class='ocrx_word' id='word_1_114' title='bbox 1428 1264 1485 1317; x_wconf 86' lang='grc' dir='ltr'>αἱ</span> <span class='ocrx_word' id='word_1_115' title='bbox 1510 1263 1675 1331; x_wconf 88' lang='grc' dir='ltr'>ἀγγε-</span> 
     </span>
    </p>
   </div>
   <div class='ocr_carea' id='block_1_15' title="bbox 132 1354 1674 1431">
    <p class='ocr_par' dir='ltr' id='par_1_15' title="bbox 132 1354 1674 1431">
     <span class='ocr_line' id='line_1_15' title="bbox 132 1354 1674 1431; baseline -0.005 -18"><span class='ocrx_word' id='word_1_116' title='bbox 132 1362 277 1425; x_wconf 70' lang='grc' dir='ltr'>λικαὶ,</span> <span class='ocrx_word' id='word_1_117' title='bbox 304 1360 398 1431; x_wconf 78' lang='grc' dir='ltr'><strong>ὅρη</strong></span> <span class='ocrx_word' id='word_1_118' title='bbox 432 1360 528 1413; x_wconf 76' lang='grc' dir='ltr'>καὶ</span> <span class='ocrx_word' id='word_1_119' title='bbox 564 1358 743 1429; x_wconf 77' lang='grc' dir='ltr'>βουνοὶ</span> <span class='ocrx_word' id='word_1_120' title='bbox 790 1357 1021 1412; x_wconf 72' lang='grc' dir='ltr'>ἐνταῦθα</span> <span class='ocrx_word' id='word_1_121' title='bbox 1058 1356 1488 1427; x_wconf 79' lang='grc' dir='ltr'>ὀνομαζόμεναι,</span> <span class='ocrx_word' id='word_1_122' title='bbox 1523 1354 1674 1425; x_wconf 86' lang='grc' dir='ltr'>είρή-</span> 
     </span>
    </p>
   </div>
   <div class='ocr_carea' id='block_1_16' title="bbox 130 1448 1673 1523">
    <p class='ocr_par' dir='ltr' id='par_1_16' title="bbox 130 1448 1673 1523">
     <span class='ocr_line' id='line_1_16' title="bbox 130 1448 1673 1523; baseline -0.005 -17"><span class='ocrx_word' id='word_1_123' title='bbox 130 1470 299 1506; x_wconf 88' lang='grc' dir='ltr'>νευσαν</span> <span class='ocrx_word' id='word_1_124' title='bbox 330 1452 708 1522; x_wconf 76' lang='grc' dir='ltr'>ἐχθραίνουσαι</span> <span class='ocrx_word' id='word_1_125' title='bbox 741 1451 802 1504; x_wconf 87' lang='grc' dir='ltr'>τὸ</span> <span class='ocrx_word' id='word_1_126' title='bbox 833 1452 979 1523; x_wconf 74' lang='grc' dir='ltr'>πρὶν,</span> <span class='ocrx_word' id='word_1_127' title='bbox 1010 1451 1096 1503; x_wconf 82' lang='grc' dir='ltr'><strong>ὅτε</strong></span> <span class='ocrx_word' id='word_1_128' title='bbox 1127 1452 1193 1521; x_wconf 72' lang='grc' dir='ltr'>τῇ</span> <span class='ocrx_word' id='word_1_129' title='bbox 1223 1448 1367 1519; x_wconf 82' lang='grc' dir='ltr'><strong>ἀθέῳ</strong></span> <span class='ocrx_word' id='word_1_130' title='bbox 1390 1449 1673 1519; x_wconf 78' lang='grc' dir='ltr'>προσεῖχεν</span> 
     </span>
    </p>
   </div>
   <div class='ocr_carea' id='block_1_17' title="bbox 129 1539 1676 1615">
    <p class='ocr_par' dir='ltr' id='par_1_17' title="bbox 129 1539 1676 1615">
     <span class='ocr_line' id='line_1_17' title="bbox 129 1539 1676 1615; baseline -0.006 -16"><span class='ocrx_word' id='word_1_131' title='bbox 129 1544 534 1615; x_wconf 72' lang='grc' dir='ltr'>εἰδωλολατρεία.</span> <span class='ocrx_word' id='word_1_132' title='bbox 584 1546 648 1597; x_wconf 85' lang='lat' dir='ltr'><strong>Ai</strong></span> <span class='ocrx_word' id='word_1_133' title='bbox 697 1544 740 1596; x_wconf 76' lang='grc' dir='ltr'>δ’</span> <span class='ocrx_word' id='word_1_134' title='bbox 782 1544 943 1597; x_wconf 72' lang='grc' dir='ltr'>αὑταὶ</span> <span class='ocrx_word' id='word_1_135' title='bbox 993 1541 1339 1611; x_wconf 85' lang='grc' dir='ltr'>δικαιοσύνην</span> <span class='ocrx_word' id='word_1_136' title='bbox 1394 1539 1676 1609; x_wconf 83' lang='grc' dir='ltr'>εὐαγγελί-</span> 
     </span>
    </p>
   </div>
   <div class='ocr_carea' id='block_1_18' title="bbox 128 1628 1671 1706">
    <p class='ocr_par' dir='ltr' id='par_1_18' title="bbox 128 1628 1671 1706">
     <span class='ocr_line' id='line_1_18' title="bbox 128 1628 1671 1706; baseline -0.005 -16"><span class='ocrx_word' id='word_1_137' title='bbox 128 1638 287 1702; x_wconf 83' lang='grc' dir='ltr'>ζονται</span> <span class='ocrx_word' id='word_1_138' title='bbox 322 1635 395 1706; x_wconf 87' lang='grc' dir='ltr'><strong>τῷ</strong></span> <span class='ocrx_word' id='word_1_139' title='bbox 442 1633 593 1706; x_wconf 79' lang='grc' dir='ltr'>αὐτῷ</span> <span class='ocrx_word' id='word_1_140' title='bbox 625 1633 769 1705; x_wconf 74' lang='grc' dir='ltr'>λαῷο</span> <span class='ocrx_word' id='word_1_141' title='bbox 810 1635 926 1705; x_wconf 75' lang='grc' dir='ltr'>ήτοι</span> <span class='ocrx_word' id='word_1_142' title='bbox 961 1634 1049 1687; x_wconf 84' lang='grc' dir='ltr'><strong>τὸν</strong></span> <span class='ocrx_word' id='word_1_143' title='bbox 1094 1632 1326 1704; x_wconf 78' lang='grc' dir='ltr'>Χριστὸν</span> <span class='ocrx_word' id='word_1_144' title='bbox 1367 1630 1458 1684; x_wconf 78' lang='grc' dir='ltr'>τοῦ</span> <span class='ocrx_word' id='word_1_145' title='bbox 1502 1628 1671 1693; x_wconf 75' lang='grc' dir='ltr'>Θεοῦ,</span> 
     </span>
    </p>
   </div>
   <div class='ocr_carea' id='block_1_19' title="bbox 129 1720 1675 1799">
    <p class='ocr_par' dir='ltr' id='par_1_19' title="bbox 129 1720 1675 1799">
     <span class='ocr_line' id='line_1_19' title="bbox 129 1720 1675 1799; baseline -0.006 -16"><span class='ocrx_word' id='word_1_146' title='bbox 129 1732 265 1783; x_wconf 75' lang='grc' dir='ltr'>αὑτὸν</span> <span class='ocrx_word' id='word_1_147' title='bbox 292 1729 416 1782; x_wconf 75' lang='grc' dir='ltr'>ὄντα</span> <span class='ocrx_word' id='word_1_148' title='bbox 437 1730 537 1799; x_wconf 82' lang='grc' dir='ltr'>τὴν</span> <span class='ocrx_word' id='word_1_149' title='bbox 566 1725 930 1798; x_wconf 82' lang='grc' dir='ltr'>δικαιοσύνην,</span> <span class='ocrx_word' id='word_1_150' title='bbox 969 1726 1000 1798; x_wconf 85' lang='grc' dir='ltr'>ἢ</span> <span class='ocrx_word' id='word_1_151' title='bbox 1034 1725 1092 1778; x_wconf 87' lang='grc' dir='ltr'><strong>τὸ</strong></span> <span class='ocrx_word' id='word_1_152' title='bbox 1128 1726 1389 1796; x_wconf 85' lang='grc' dir='ltr'>σωτήριον</span> <span class='ocrx_word' id='word_1_153' title='bbox 1433 1720 1675 1790; x_wconf 79' lang='grc' dir='ltr'>Εὐαγγέ-</span> 
     </span>
    </p>
   </div>
   <div class='ocr_carea' id='block_1_20' title="bbox 1774 815 3350 889">
    <p class='ocr_par' dir='ltr' id='par_1_20' title="bbox 1774 815 3350 889">
     <span class='ocr_line' id='line_1_20' title="bbox 1774 815 3350 889; baseline 0 -17"><span class='ocrx_word' id='word_1_154' title='bbox 1774 818 1901 889; x_wconf 88' lang='lat' dir='ltr'><strong>quia</strong></span> <span class='ocrx_word' id='word_1_155' title='bbox 1933 816 2201 871; x_wconf 89' lang='lat' dir='ltr'><strong>Dominus</strong></span> <span class='ocrx_word' id='word_1_156' title='bbox 2234 817 2583 885; x_wconf 89' lang='lat' dir='ltr'><strong>omnipotens</strong></span> <span class='ocrx_word' id='word_1_157' title='bbox 2613 815 2764 870; x_wconf 89' lang='lat' dir='ltr'><strong>misit</strong></span> <span class='ocrx_word' id='word_1_158' title='bbox 2799 830 2886 871; x_wconf 92' lang='lat' dir='ltr'><strong>me</strong></span> <span class='ocrx_word' id='word_1_159' title='bbox 2923 816 2988 870; x_wconf 92' lang='lat' dir='ltr'><strong>ad</strong></span> <span class='ocrx_word' id='word_1_160' title='bbox 3021 824 3074 871; x_wconf 81' lang='lat' dir='ltr'><strong>te</strong></span> <span class='ocrx_word' id='word_1_161' title='bbox 3097 818 3162 871; x_wconf 83' lang='grc'><strong>¹⁹.</strong></span> <span class='ocrx_word' id='word_1_162' title='bbox 3200 837 3217 869; x_wconf 80' lang='grc' dir='ltr'><strong>ι</strong></span> <span class='ocrx_word' id='word_1_163' title='bbox 3252 815 3350 872; x_wconf 83' lang='lat' dir='ltr'><strong>Bis</strong></span> 
     </span>
    </p>
   </div>
   <div class='ocr_carea' id='block_1_21' title="bbox 1773 904 3349 980">
    <p class='ocr_par' dir='ltr' id='par_1_21' title="bbox 1773 904 3349 980">
     <span class='ocr_line' id='line_1_21' title="bbox 1773 904 3349 980; baseline -0.003 -18"><span class='ocrx_word' id='word_1_164' title='bbox 1773 909 1975 980; x_wconf 89' lang='lat' dir='ltr'><strong>quippe</strong></span> <span class='ocrx_word' id='word_1_165' title='bbox 2001 908 2289 971; x_wconf 90' lang='lat' dir='ltr'><strong>Dominus,</strong></span> <span class='ocrx_word' id='word_1_166' title='bbox 2342 923 2407 962; x_wconf 79' lang='lat' dir='ltr'><strong>ex</strong></span> <span class='ocrx_word' id='word_1_167' title='bbox 2454 906 2710 978; x_wconf 78' lang='lat' dir='ltr'><strong>gentibus</strong></span> <span class='ocrx_word' id='word_1_168' title='bbox 2763 921 2843 972; x_wconf 92' lang='lat' dir='ltr'><strong>se,</strong></span> <span class='ocrx_word' id='word_1_169' title='bbox 2878 920 2989 960; x_wconf 89' lang='lat' dir='ltr'><strong>non</strong></span> <span class='ocrx_word' id='word_1_170' title='bbox 3015 921 3082 960; x_wconf 83' lang='lat' dir='ltr'><strong>ex</strong></span> <span class='ocrx_word' id='word_1_171' title='bbox 3116 904 3349 959; x_wconf 74' lang='lat' dir='ltr'><strong>Iudaica</strong></span> 
     </span>
    </p>
   </div>
   <div class='ocr_carea' id='block_1_22' title="bbox 1774 994 3349 1069">
    <p class='ocr_par' dir='ltr' id='par_1_22' title="bbox 1774 994 3349 1069">
     <span class='ocr_line' id='line_1_22' title="bbox 1774 994 3349 1069; baseline -0.004 -15"><span class='ocrx_word' id='word_1_172' title='bbox 1774 1007 1954 1069; x_wconf 89' lang='lat' dir='ltr'><strong>gente,</strong></span> <span class='ocrx_word' id='word_1_173' title='bbox 1982 998 2085 1053; x_wconf 85' lang='lat' dir='ltr'><strong>sibi</strong></span> <span class='ocrx_word' id='word_1_174' title='bbox 2114 998 2375 1068; x_wconf 89' lang='lat' dir='ltr'><strong>populum</strong></span> <span class='ocrx_word' id='word_1_175' title='bbox 2400 1004 2861 1067; x_wconf 86' lang='lat' dir='ltr'><strong>congregaturum</strong></span> <span class='ocrx_word' id='word_1_176' title='bbox 2887 1009 3010 1050; x_wconf 90' lang='lat' dir='ltr'><strong>esse</strong></span> <span class='ocrx_word' id='word_1_177' title='bbox 3056 994 3349 1063; x_wconf 85' lang='lat' dir='ltr'><strong>perspicue</strong></span> 
     </span>
    </p>
   </div>
   <div class='ocr_carea' id='block_1_23' title="bbox 1774 1087 3349 1158">
    <p class='ocr_par' dir='ltr' id='par_1_23' title="bbox 1774 1087 3349 1158">
     <span class='ocr_line' id='line_1_23' title="bbox 1774 1087 3349 1158; baseline -0.005 -13"><span class='ocrx_word' id='word_1_178' title='bbox 1774 1090 2080 1146; x_wconf 87' lang='lat' dir='ltr'><strong>denuntiat.</strong></span> <span class='ocrx_word' id='word_1_179' title='bbox 2125 1088 2269 1143; x_wconf 88' lang='lat' dir='ltr'><strong>Huic</strong></span> <span class='ocrx_word' id='word_1_180' title='bbox 2322 1103 2455 1143; x_wconf 83' lang='lat' dir='ltr'><strong>sane</strong></span> <span class='ocrx_word' id='word_1_181' title='bbox 2501 1088 2703 1158; x_wconf 90' lang='lat' dir='ltr'><strong>populo</strong></span> <span class='ocrx_word' id='word_1_182' title='bbox 2734 1087 2969 1142; x_wconf 81' lang='lat' dir='ltr'><strong>virtutes</strong></span> <span class='ocrx_word' id='word_1_183' title='bbox 3012 1101 3133 1156; x_wconf 59' lang='lat' dir='ltr'><strong>qua;</strong></span> <span class='ocrx_word' id='word_1_184' title='bbox 3182 1100 3349 1156; x_wconf 83' lang='lat' dir='ltr'><strong>supra</strong></span> 
     </span>
    </p>
   </div>
   <div class='ocr_carea' id='block_1_24' title="bbox 1773 1177 3348 1251">
    <p class='ocr_par' dir='ltr' id='par_1_24' title="bbox 1773 1177 3348 1251">
     <span class='ocr_line' id='line_1_24' title="bbox 1773 1177 3348 1251; baseline -0.003 -14"><span class='ocrx_word' id='word_1_185' title='bbox 1773 1182 2036 1237; x_wconf 90' lang='lat' dir='ltr'><strong>mundum</strong></span> <span class='ocrx_word' id='word_1_186' title='bbox 2079 1189 2133 1237; x_wconf 89' lang='lat' dir='ltr'><strong>et</strong></span> <span class='ocrx_word' id='word_1_187' title='bbox 2168 1180 2431 1251; x_wconf 68' lang='lat' dir='ltr'><strong>angelicae</strong></span> <span class='ocrx_word' id='word_1_188' title='bbox 2482 1188 2633 1246; x_wconf 93' lang='lat' dir='ltr'><strong>sunt,</strong></span> <span class='ocrx_word' id='word_1_189' title='bbox 2694 1179 2785 1234; x_wconf 88' lang='lat' dir='ltr'><strong>hic</strong></span> <span class='ocrx_word' id='word_1_190' title='bbox 2833 1187 3050 1232; x_wconf 88' lang='lat' dir='ltr'><strong>montes</strong></span> <span class='ocrx_word' id='word_1_191' title='bbox 3084 1183 3139 1231; x_wconf 91' lang='lat' dir='ltr'><strong>et</strong></span> <span class='ocrx_word' id='word_1_192' title='bbox 3177 1177 3348 1232; x_wconf 90' lang='lat' dir='ltr'><strong>colles</strong></span> 
     </span>
    </p>
   </div>
   <div class='ocr_carea' id='block_1_25' title="bbox 1772 1268 3348 1344">
    <p class='ocr_par' dir='ltr' id='par_1_25' title="bbox 1772 1268 3348 1344">
     <span class='ocr_line' id='line_1_25' title="bbox 1772 1268 3348 1344; baseline -0.005 -15"><span class='ocrx_word' id='word_1_193' title='bbox 1772 1283 1999 1340; x_wconf 60' lang='lat' dir='ltr'><strong>vocata,</strong></span> <span class='ocrx_word' id='word_1_194' title='bbox 2026 1272 2095 1327; x_wconf 92' lang='lat' dir='ltr'><strong>ad</strong></span> <span class='ocrx_word' id='word_1_195' title='bbox 2121 1274 2274 1344; x_wconf 87' lang='lat' dir='ltr'><strong>pacis</strong></span> <span class='ocrx_word' id='word_1_196' title='bbox 2318 1270 2667 1327; x_wconf 90' lang='lat' dir='ltr'><strong>conditiones</strong></span> <span class='ocrx_word' id='word_1_197' title='bbox 2705 1277 3010 1336; x_wconf 85' lang='lat' dir='ltr'><strong>venerunt;</strong></span> <span class='ocrx_word' id='word_1_198' title='bbox 3043 1284 3164 1340; x_wconf 66' lang='lat' dir='ltr'><strong>quae</strong></span> <span class='ocrx_word' id='word_1_199' title='bbox 3194 1268 3348 1335; x_wconf 88' lang='lat' dir='ltr'><strong>olim,</strong></span> 
     </span>
    </p>
   </div>
   <div class='ocr_carea' id='block_1_26' title="bbox 1772 1361 3349 1437">
    <p class='ocr_par' dir='ltr' id='par_1_26' title="bbox 1772 1361 3349 1437">
     <span class='ocr_line' id='line_1_26' title="bbox 1772 1361 3349 1437; baseline -0.004 -15"><span class='ocrx_word' id='word_1_200' title='bbox 1772 1382 1897 1422; x_wconf 91' lang='lat' dir='ltr'><strong>cum</strong></span> <span class='ocrx_word' id='word_1_201' title='bbox 1914 1366 2148 1437; x_wconf 92' lang='lat' dir='ltr'><strong>populus</strong></span> <span class='ocrx_word' id='word_1_202' title='bbox 2163 1364 2327 1435; x_wconf 87' lang='lat' dir='ltr'><strong>impie</strong></span> <span class='ocrx_word' id='word_1_203' title='bbox 2345 1365 2667 1420; x_wconf 72' lang='lat' dir='ltr'><strong>idololatriae</strong></span> <span class='ocrx_word' id='word_1_204' title='bbox 2683 1361 3155 1429; x_wconf 67' lang='lat' dir='ltr'><strong>haereret,infestae</strong></span> <span class='ocrx_word' id='word_1_205' title='bbox 3166 1368 3349 1416; x_wconf 88' lang='lat' dir='ltr'><strong>erant.</strong></span> 
     </span>
    </p>
   </div>
   <div class='ocr_carea' id='block_1_27' title="bbox 1772 1453 3347 1528">
    <p class='ocr_par' dir='ltr' id='par_1_27' title="bbox 1772 1453 3347 1528">
     <span class='ocr_line' id='line_1_27' title="bbox 1772 1453 3347 1528; baseline -0.006 -14"><span class='ocrx_word' id='word_1_206' title='bbox 1772 1458 1867 1513; x_wconf 65' lang='lat' dir='ltr'><strong>Hae</strong></span> <span class='ocrx_word' id='word_1_207' title='bbox 1899 1474 2029 1514; x_wconf 88' lang='lat' dir='ltr'><strong>vero</strong></span> <span class='ocrx_word' id='word_1_208' title='bbox 2058 1458 2191 1528; x_wconf 73' lang='lat' dir='ltr'><strong>ipsa:</strong></span> <span class='ocrx_word' id='word_1_209' title='bbox 2218 1456 2492 1527; x_wconf 85' lang='lat' dir='ltr'><strong>justitiam</strong></span> <span class='ocrx_word' id='word_1_210' title='bbox 2522 1456 2699 1513; x_wconf 89' lang='lat' dir='ltr'><strong>eidem</strong></span> <span class='ocrx_word' id='word_1_211' title='bbox 2746 1455 2948 1526; x_wconf 88' lang='lat' dir='ltr'><strong>populo</strong></span> <span class='ocrx_word' id='word_1_212' title='bbox 2994 1453 3347 1515; x_wconf 85' lang='lat' dir='ltr'><strong>annuntiant,</strong></span> 
     </span>
    </p>
   </div>
   <div class='ocr_carea' id='block_1_28' title="bbox 1773 1545 3351 1618">
    <p class='ocr_par' dir='ltr' id='par_1_28' title="bbox 1773 1545 3351 1618">
     <span class='ocr_line' id='line_1_28' title="bbox 1773 1545 3351 1618; baseline -0.003 -13"><span class='ocrx_word' id='word_1_213' title='bbox 1773 1549 2029 1606; x_wconf 85' lang='lat' dir='ltr'><strong>videlicet</strong></span> <span class='ocrx_word' id='word_1_214' title='bbox 2058 1548 2338 1602; x_wconf 82' lang='lat' dir='ltr'><strong>Christum</strong></span> <span class='ocrx_word' id='word_1_215' title='bbox 2388 1546 2507 1613; x_wconf 90' lang='lat' dir='ltr'><strong>Dei,</strong></span> <span class='ocrx_word' id='word_1_216' title='bbox 2541 1547 2635 1618; x_wconf 89' lang='lat' dir='ltr'><strong>qui</strong></span> <span class='ocrx_word' id='word_1_217' title='bbox 2676 1562 2807 1601; x_wconf 79' lang='lat' dir='ltr'><strong>vere</strong></span> <span class='ocrx_word' id='word_1_218' title='bbox 2826 1546 3041 1616; x_wconf 90' lang='lat' dir='ltr'><strong>justitia</strong></span> <span class='ocrx_word' id='word_1_219' title='bbox 3080 1554 3200 1611; x_wconf 90' lang='lat' dir='ltr'><strong>est;</strong></span> <span class='ocrx_word' id='word_1_220' title='bbox 3235 1545 3351 1600; x_wconf 82' lang='lat' dir='ltr'><strong>sive</strong></span> 
     </span>
    </p>
   </div>
   <div class='ocr_carea' id='block_1_29' title="bbox 1775 1636 3346 1711">
    <p class='ocr_par' dir='ltr' id='par_1_29' title="bbox 1775 1636 3346 1711">
     <span class='ocr_line' id='line_1_29' title="bbox 1775 1636 3346 1711; baseline -0.004 -13"><span class='ocrx_word' id='word_1_221' title='bbox 1775 1644 2017 1698; x_wconf 90' lang='lat' dir='ltr'><strong>salutare</strong></span> <span class='ocrx_word' id='word_1_222' title='bbox 2064 1639 2443 1711; x_wconf 86' lang='lat' dir='ltr'><strong>Evangelium,</strong></span> <span class='ocrx_word' id='word_1_223' title='bbox 2507 1639 2669 1709; x_wconf 86' lang='lat' dir='ltr'><strong>cujus</strong></span> <span class='ocrx_word' id='word_1_224' title='bbox 2729 1651 2896 1693; x_wconf 89' lang='lat' dir='ltr'><strong>causa</strong></span> <span class='ocrx_word' id='word_1_225' title='bbox 2949 1636 3154 1691; x_wconf 91' lang='lat' dir='ltr'><strong>dictum</strong></span> <span class='ocrx_word' id='word_1_226' title='bbox 3200 1643 3285 1690; x_wconf 89' lang='lat' dir='ltr'><strong>est</strong></span> <span class='ocrx_word' id='word_1_227' title='bbox 3332 1654 3346 1691; x_wconf 92' lang='lat'><strong>:</strong></span> 
     </span>
    </p>
   </div>
   <div class='ocr_carea' id='block_1_30' title="bbox 1781 1724 3352 1803">
    <p class='ocr_par' dir='ltr' id='par_1_30' title="bbox 1781 1724 3352 1803">
     <span class='ocr_line' id='line_1_30' title="bbox 1781 1724 3352 1803; baseline -0.006 -16"><span class='ocrx_word' id='word_1_228' title='bbox 1781 1753 1799 1787; x_wconf 76' lang='grc' dir='ltr'><strong>ι</strong></span> <span class='ocrx_word' id='word_1_229' title='bbox 1838 1732 2161 1803; x_wconf 73' lang='lat' dir='ltr'><strong>Suscipiunt</strong></span> <span class='ocrx_word' id='word_1_230' title='bbox 2186 1738 2402 1787; x_wconf 86' lang='lat' dir='ltr'><strong>montes</strong></span> <span class='ocrx_word' id='word_1_231' title='bbox 2435 1744 2623 1801; x_wconf 89' lang='lat' dir='ltr'><strong>pacem</strong></span> <span class='ocrx_word' id='word_1_232' title='bbox 2657 1727 2880 1799; x_wconf 91' lang='lat' dir='ltr'><strong>populo,</strong></span> <span class='ocrx_word' id='word_1_233' title='bbox 2914 1734 2969 1781; x_wconf 91' lang='lat' dir='ltr'><strong>et</strong></span> <span class='ocrx_word' id='word_1_234' title='bbox 3003 1725 3174 1780; x_wconf 91' lang='lat' dir='ltr'><strong>colles</strong></span> <span class='ocrx_word' id='word_1_235' title='bbox 3191 1724 3352 1795; x_wconf 86' lang='lat' dir='ltr'><strong>justi-</strong></span> 
     </span>
    </p>
   </div>
   <div class='ocr_carea' id='block_1_31' title="bbox 125 1813 1672 1891">
    <p class='ocr_par' dir='ltr' id='par_1_31' title="bbox 125 1813 1672 1887">
     <span class='ocr_line' id='line_1_31' title="bbox 125 1813 1672 1887; baseline -0.009 -11"><span class='ocrx_word' id='word_1_236' title='bbox 125 1824 237 1887; x_wconf 86' lang='grc' dir='ltr'>λιον,</span> <span class='ocrx_word' id='word_1_237' title='bbox 263 1822 324 1875; x_wconf 79' lang='grc' dir='ltr'>δι’</span> <span class='ocrx_word' id='word_1_238' title='bbox 350 1820 377 1873; x_wconf 89' lang='grc' dir='ltr'><strong>ὂ</strong></span> <span class='ocrx_word' id='word_1_239' title='bbox 405 1819 656 1872; x_wconf 82' lang='grc' dir='ltr'>λέλεκται</span> <span class='ocrx_word' id='word_1_240' title='bbox 676 1834 689 1847; x_wconf 79' lang='lat'><strong><em>°</em></strong></span> <span class='ocrx_word' id='word_1_241' title='bbox 720 1836 740 1869; x_wconf 71' lang='grc' dir='ltr'><strong>ι</strong></span> <span class='ocrx_word' id='word_1_242' title='bbox 775 1815 1214 1871; x_wconf 81' lang='grc' dir='ltr'>Ἀναλαϐέτωσαν</span> <span class='ocrx_word' id='word_1_243' title='bbox 1236 1814 1303 1867; x_wconf 82' lang='grc' dir='ltr'>τὰ</span> <span class='ocrx_word' id='word_1_244' title='bbox 1327 1813 1429 1886; x_wconf 74' lang='grc' dir='ltr'>ὅρη</span> <span class='ocrx_word' id='word_1_245' title='bbox 1455 1813 1672 1883; x_wconf 76' lang='grc' dir='ltr'>εἰρήνην</span> 
     </span>
    </p>
   </div>
   <div class='ocr_carea' id='block_1_32' title="bbox 1869 1813 3350 1891">
    <p class='ocr_par' dir='ltr' id='par_1_32' title="bbox 1869 1814 3350 1891">
     <span class='ocr_line' id='line_1_32' title="bbox 1869 1814 3350 1891; baseline -0.005 -13"><span class='ocrx_word' id='word_1_246' title='bbox 1869 1841 1928 1878; x_wconf 77' lang='grc' dir='ltr'><strong>ιι.</strong></span> <span class='ocrx_word' id='word_1_247' title='bbox 1976 1844 1995 1876; x_wconf 72' lang='grc' dir='ltr'><strong>ι</strong></span> <span class='ocrx_word' id='word_1_248' title='bbox 2033 1823 2158 1877; x_wconf 82' lang='lat' dir='ltr'><strong>llaec</strong></span> <span class='ocrx_word' id='word_1_249' title='bbox 2180 1836 2349 1891; x_wconf 88' lang='lat' dir='ltr'><strong>porro</strong></span> <span class='ocrx_word' id='word_1_250' title='bbox 2378 1820 2653 1882; x_wconf 85' lang='lat' dir='ltr'><strong>evenient,</strong></span> <span class='ocrx_word' id='word_1_251' title='bbox 2686 1818 2814 1888; x_wconf 87' lang='lat' dir='ltr'><strong>quia</strong></span> <span class='ocrx_word' id='word_1_252' title='bbox 2839 1823 3174 1872; x_wconf 88' lang='lat' dir='ltr'><strong>memoratus</strong></span> <span class='ocrx_word' id='word_1_253' title='bbox 3205 1814 3350 1871; x_wconf 86' lang='lat' dir='ltr'><strong>ﬁlius</strong></span> 
     </span>
    </p>
   </div>
   <div class='ocr_carea' id='block_1_33' title="bbox 125 1900 1672 1989">
    <p class='ocr_par' dir='ltr' id='par_1_33' title="bbox 125 1900 1672 1982">
     <span class='ocr_line' id='line_1_33' title="bbox 125 1900 1672 1982; baseline -0.007 -19"><span class='ocrx_word' id='word_1_254' title='bbox 125 1911 188 1982; x_wconf 86' lang='grc' dir='ltr'><strong>τῷ</strong></span> <span class='ocrx_word' id='word_1_255' title='bbox 233 1909 367 1980; x_wconf 87' lang='grc' dir='ltr'>λαῷ,</span> <span class='ocrx_word' id='word_1_256' title='bbox 411 1909 508 1962; x_wconf 76' lang='grc' dir='ltr'><strong>καὶ</strong></span> <span class='ocrx_word' id='word_1_257' title='bbox 549 1910 597 1961; x_wconf 91' lang='grc' dir='ltr'><strong>οί</strong></span> <span class='ocrx_word' id='word_1_258' title='bbox 653 1906 831 1978; x_wconf 75' lang='grc' dir='ltr'>βουνοὶ</span> <span class='ocrx_word' id='word_1_259' title='bbox 877 1905 1237 1975; x_wconf 87' lang='grc' dir='ltr'>δικαιοσύνην.</span> <span class='ocrx_word' id='word_1_260' title='bbox 1286 1922 1306 1956; x_wconf 75' lang='grc' dir='ltr'><strong>ι</strong></span> <span class='ocrx_word' id='word_1_261' title='bbox 1350 1902 1460 1955; x_wconf 80' lang='lat' dir='ltr'><strong>Kal</strong></span> <span class='ocrx_word' id='word_1_262' title='bbox 1503 1900 1672 1954; x_wconf 83' lang='grc' dir='ltr'>ταῦτα</span> 
     </span>
    </p>
   </div>
   <div class='ocr_carea' id='block_1_34' title="bbox 1869 1900 3350 1989">
    <p class='ocr_par' dir='ltr' id='par_1_34' title="bbox 1873 1906 3350 1987">
     <span class='ocr_line' id='line_1_34' title="bbox 1873 1906 3350 1987; baseline -0.007 -16"><span class='ocrx_word' id='word_1_263' title='bbox 1873 1919 1920 1974; x_wconf 92' lang='lat' dir='ltr'><strong>is</strong></span> <span class='ocrx_word' id='word_1_264' title='bbox 1960 1936 1977 1969; x_wconf 84' lang='grc' dir='ltr'><strong>ι</strong></span> <span class='ocrx_word' id='word_1_265' title='bbox 2014 1915 2288 1987; x_wconf 90' lang='lat' dir='ltr'><strong>judicabit</strong></span> <span class='ocrx_word' id='word_1_266' title='bbox 2324 1928 2592 1984; x_wconf 87' lang='lat' dir='ltr'><strong>pauperes</strong></span> <span class='ocrx_word' id='word_1_267' title='bbox 2624 1910 2834 1982; x_wconf 88' lang='lat' dir='ltr'><strong>populi,</strong></span> <span class='ocrx_word' id='word_1_268' title='bbox 2883 1917 2938 1965; x_wconf 91' lang='lat' dir='ltr'><strong>et</strong></span> <span class='ocrx_word' id='word_1_269' title='bbox 2968 1909 3151 1964; x_wconf 88' lang='lat' dir='ltr'><strong>salvos</strong></span> <span class='ocrx_word' id='word_1_270' title='bbox 3186 1906 3350 1962; x_wconf 81' lang='lat' dir='ltr'><strong>faciet</strong></span> 
     </span>
    </p>
   </div>
   <div class='ocr_carea' id='block_1_35' title="bbox 124 1994 1672 2081">
    <p class='ocr_par' dir='ltr' id='par_1_35' title="bbox 124 1994 1672 2072">
     <span class='ocr_line' id='line_1_35' title="bbox 124 1994 1672 2072; baseline -0.007 -17"><span class='ocrx_word' id='word_1_271' title='bbox 124 2004 271 2065; x_wconf 79' lang='grc' dir='ltr'>ἔσται,</span> <span class='ocrx_word' id='word_1_272' title='bbox 300 2000 487 2072; x_wconf 78' lang='grc' dir='ltr'>ἐπειδὴ</span> <span class='ocrx_word' id='word_1_273' title='bbox 511 2001 539 2052; x_wconf 93' lang='lat'><strong>6</strong></span> <span class='ocrx_word' id='word_1_274' title='bbox 566 1997 883 2071; x_wconf 77' lang='grc' dir='ltr'>προλεχθεὶς</span> <span class='ocrx_word' id='word_1_275' title='bbox 912 1998 1024 2061; x_wconf 83' lang='grc' dir='ltr'>υίὸς</span> <span class='ocrx_word' id='word_1_276' title='bbox 1043 1995 1136 2050; x_wconf 77' lang='grc' dir='ltr'>τοῦ</span> <span class='ocrx_word' id='word_1_277' title='bbox 1165 1994 1426 2067; x_wconf 81' lang='grc' dir='ltr'>βασιλέως</span> <span class='ocrx_word' id='word_1_278' title='bbox 1455 2013 1473 2045; x_wconf 77' lang='grc' dir='ltr'><strong>ι</strong></span> <span class='ocrx_word' id='word_1_279' title='bbox 1500 1994 1672 2065; x_wconf 88' lang='grc' dir='ltr'>κρινεῖ</span> 
     </span>
    </p>
   </div>
   <div class='ocr_carea' id='block_1_36' title="bbox 1869 1994 3350 2081">
    <p class='ocr_par' dir='ltr' id='par_1_36' title="bbox 1869 1999 3350 2081">
     <span class='ocr_line' id='line_1_36' title="bbox 1869 1999 3350 2081; baseline -0.009 -15"><span class='ocrx_word' id='word_1_280' title='bbox 1869 2027 1915 2066; x_wconf 78' lang='grc' dir='ltr'><strong>ιε</strong></span> <span class='ocrx_word' id='word_1_281' title='bbox 1946 2023 2280 2081; x_wconf 87' lang='lat' dir='ltr'><strong>pauperum;</strong></span> <span class='ocrx_word' id='word_1_282' title='bbox 2321 2025 2339 2058; x_wconf 75' lang='grc' dir='ltr'><strong>ι</strong></span> <span class='ocrx_word' id='word_1_283' title='bbox 2375 2021 2501 2060; x_wconf 88' lang='lat' dir='ltr'><strong>nam</strong></span> <span class='ocrx_word' id='word_1_284' title='bbox 2537 2020 2662 2059; x_wconf 89' lang='lat' dir='ltr'><strong>cum</strong></span> <span class='ocrx_word' id='word_1_285' title='bbox 2714 2002 2870 2073; x_wconf 91' lang='lat' dir='ltr'><strong>prius</strong></span> <span class='ocrx_word' id='word_1_286' title='bbox 2922 2001 3098 2058; x_wconf 88' lang='lat' dir='ltr'><strong>salute</strong></span> <span class='ocrx_word' id='word_1_287' title='bbox 3154 1999 3350 2070; x_wconf 86' lang='lat' dir='ltr'><strong>dignos</strong></span> 
     </span>
    </p>
   </div>
   <div class='ocr_carea' id='block_1_37' title="bbox 122 2084 1672 2175">
    <p class='ocr_par' dir='ltr' id='par_1_37' title="bbox 122 2084 1672 2163">
     <span class='ocr_line' id='line_1_37' title="bbox 122 2084 1672 2163; baseline -0.006 -17"><span class='ocrx_word' id='word_1_288' title='bbox 122 2094 227 2157; x_wconf 78' lang='grc' dir='ltr'>τοὺς</span> <span class='ocrx_word' id='word_1_289' title='bbox 259 2094 501 2163; x_wconf 80' lang='grc' dir='ltr'>πτωχοὺς</span> <span class='ocrx_word' id='word_1_290' title='bbox 544 2090 637 2144; x_wconf 73' lang='grc' dir='ltr'>τοῦ</span> <span class='ocrx_word' id='word_1_291' title='bbox 669 2089 832 2155; x_wconf 76' lang='grc' dir='ltr'>λαοῦ,</span> <span class='ocrx_word' id='word_1_292' title='bbox 885 2090 979 2143; x_wconf 75' lang='grc' dir='ltr'>καὶ</span> <span class='ocrx_word' id='word_1_293' title='bbox 1015 2087 1175 2142; x_wconf 80' lang='grc' dir='ltr'>σώσει</span> <span class='ocrx_word' id='word_1_294' title='bbox 1228 2088 1353 2151; x_wconf 83' lang='grc' dir='ltr'>τοὺς</span> <span class='ocrx_word' id='word_1_295' title='bbox 1388 2088 1533 2149; x_wconf 77' lang='grc' dir='ltr'>υἱοὺς</span> <span class='ocrx_word' id='word_1_296' title='bbox 1566 2084 1672 2138; x_wconf 89' lang='grc' dir='ltr'><strong>τῶν</strong></span> 
     </span>
    </p>
   </div>
   <div class='ocr_carea' id='block_1_38' title="bbox 1869 2084 3351 2175">
    <p class='ocr_par' dir='ltr' id='par_1_38' title="bbox 1872 2091 3351 2166">
     <span class='ocr_line' id='line_1_38' title="bbox 1872 2091 3351 2166; baseline -0.009 -8"><span class='ocrx_word' id='word_1_297' title='bbox 1872 2105 2095 2166; x_wconf 88' lang='lat' dir='ltr'><strong>icasset,</strong></span> <span class='ocrx_word' id='word_1_298' title='bbox 2118 2101 2200 2157; x_wconf 93' lang='lat' dir='ltr'><strong>sic</strong></span> <span class='ocrx_word' id='word_1_299' title='bbox 2222 2100 2304 2155; x_wconf 87' lang='lat' dir='ltr'><strong>eis</strong></span> <span class='ocrx_word' id='word_1_300' title='bbox 2328 2100 2559 2155; x_wconf 88' lang='lat' dir='ltr'><strong>salutem</strong></span> <span class='ocrx_word' id='word_1_301' title='bbox 2594 2096 2856 2166; x_wconf 88' lang='lat' dir='ltr'><strong>impertit.</strong></span> <span class='ocrx_word' id='word_1_302' title='bbox 2901 2093 3022 2147; x_wconf 86' lang='lat' dir='ltr'><strong>Non</strong></span> <span class='ocrx_word' id='word_1_303' title='bbox 3055 2092 3201 2148; x_wconf 90' lang='lat' dir='ltr'><strong>enim</strong></span> <span class='ocrx_word' id='word_1_304' title='bbox 3231 2091 3351 2146; x_wconf 89' lang='lat' dir='ltr'><strong>sine</strong></span> 
     </span>
    </p>
   </div>
   <div class='ocr_carea' id='block_1_39' title="bbox 122 2174 1672 2269">
    <p class='ocr_par' dir='ltr' id='par_1_39' title="bbox 122 2174 1672 2255">
     <span class='ocr_line' id='line_1_39' title="bbox 122 2174 1672 2255; baseline -0.005 -18"><span class='ocrx_word' id='word_1_305' title='bbox 122 2186 341 2255; x_wconf 85' lang='grc' dir='ltr'>πενήτων</span> <span class='ocrx_word' id='word_1_306' title='bbox 360 2201 373 2214; x_wconf 89' lang='grc'><strong>·</strong></span> <span class='ocrx_word' id='word_1_307' title='bbox 405 2203 424 2235; x_wconf 73' lang='grc' dir='ltr'><strong>ι</strong></span> <span class='ocrx_word' id='word_1_308' title='bbox 472 2182 664 2255; x_wconf 82' lang='grc' dir='ltr'>κρίνας</span> <span class='ocrx_word' id='word_1_309' title='bbox 695 2181 804 2253; x_wconf 90' lang='grc' dir='ltr'><strong>γάρ</strong></span> <span class='ocrx_word' id='word_1_310' title='bbox 835 2180 1095 2252; x_wconf 89' lang='grc' dir='ltr'>πρότερον</span> <span class='ocrx_word' id='word_1_311' title='bbox 1124 2179 1305 2244; x_wconf 78' lang='grc' dir='ltr'>ἀξίους</span> <span class='ocrx_word' id='word_1_312' title='bbox 1338 2174 1474 2231; x_wconf 84' lang='grc' dir='ltr'>εἶναι</span> <span class='ocrx_word' id='word_1_313' title='bbox 1503 2194 1672 2248; x_wconf 88' lang='grc' dir='ltr'>σωτη-</span> 
     </span>
    </p>
   </div>
   <div class='ocr_carea' id='block_1_40' title="bbox 1869 2174 3350 2269">
    <p class='ocr_par' dir='ltr' id='par_1_40' title="bbox 1869 2183 3350 2266">
     <span class='ocr_line' id='line_1_40' title="bbox 1869 2183 3350 2266; baseline -0.009 -15"><span class='ocrx_word' id='word_1_314' title='bbox 1869 2195 1977 2251; x_wconf 69' lang='lat' dir='ltr'><strong>avio</strong></span> <span class='ocrx_word' id='word_1_315' title='bbox 2019 2194 2254 2266; x_wconf 89' lang='lat' dir='ltr'><strong>judicio,</strong></span> <span class='ocrx_word' id='word_1_316' title='bbox 2314 2191 2406 2247; x_wconf 88' lang='lat' dir='ltr'><strong>sed</strong></span> <span class='ocrx_word' id='word_1_317' title='bbox 2462 2189 2749 2260; x_wconf 69' lang='lat' dir='ltr'><strong>praamisso</strong></span> <span class='ocrx_word' id='word_1_318' title='bbox 2797 2186 3071 2250; x_wconf 83' lang='lat' dir='ltr'><strong>examine,</strong></span> <span class='ocrx_word' id='word_1_319' title='bbox 3119 2183 3350 2241; x_wconf 86' lang='lat' dir='ltr'><strong>salutem</strong></span> 
     </span>
    </p>
   </div>
   <div class='ocr_carea' id='block_1_41' title="bbox 122 2263 1672 2362">
    <p class='ocr_par' dir='ltr' id='par_1_41' title="bbox 122 2263 1672 2344">
     <span class='ocr_line' id='line_1_41' title="bbox 122 2263 1672 2344; baseline -0.003 -21"><span class='ocrx_word' id='word_1_320' title='bbox 122 2272 242 2344; x_wconf 83' lang='grc' dir='ltr'>ρίας,</span> <span class='ocrx_word' id='word_1_321' title='bbox 272 2272 440 2337; x_wconf 77' lang='grc' dir='ltr'>οὕτως</span> <span class='ocrx_word' id='word_1_322' title='bbox 491 2272 688 2334; x_wconf 74' lang='grc' dir='ltr'>αὐτοὺς</span> <span class='ocrx_word' id='word_1_323' title='bbox 727 2270 912 2334; x_wconf 78' lang='grc' dir='ltr'>σώζει.</span> <span class='ocrx_word' id='word_1_324' title='bbox 961 2271 1035 2323; x_wconf 83' lang='grc' dir='ltr'><strong>Οὐ</strong></span> <span class='ocrx_word' id='word_1_325' title='bbox 1080 2269 1189 2342; x_wconf 84' lang='grc' dir='ltr'>γὰρ</span> <span class='ocrx_word' id='word_1_326' title='bbox 1237 2268 1510 2340; x_wconf 83' lang='grc' dir='ltr'>ἀκρίτως,</span> <span class='ocrx_word' id='word_1_327' title='bbox 1557 2263 1672 2338; x_wconf 81' lang='grc' dir='ltr'>μετ’</span> 
     </span>
    </p>
   </div>
   <div class='ocr_carea' id='block_1_42' title="bbox 1869 2263 3349 2362">
    <p class='ocr_par' dir='ltr' id='par_1_42' title="bbox 1869 2263 3349 2358">
     <span class='ocr_line' id='line_1_42' title="bbox 1869 2263 3349 2358; baseline -0.012 -12"><span class='ocrx_word' id='word_1_328' title='bbox 1869 2290 1979 2345; x_wconf 72' lang='lat' dir='ltr'><strong>abet</strong></span> <span class='ocrx_word' id='word_1_329' title='bbox 1998 2263 2334 2358; x_wconf 83' lang='lat' dir='ltr'><strong>pauperibus</strong></span> <span class='ocrx_word' id='word_1_330' title='bbox 2368 2284 2484 2339; x_wconf 91' lang='lat' dir='ltr'><strong>suis</strong></span> <span class='ocrx_word' id='word_1_331' title='bbox 2507 2293 2560 2338; x_wconf 92' lang='lat' dir='ltr'><strong>et</strong></span> <span class='ocrx_word' id='word_1_332' title='bbox 2590 2281 2716 2335; x_wconf 86' lang='lat' dir='ltr'><strong>ﬁliis</strong></span> <span class='ocrx_word' id='word_1_333' title='bbox 2741 2292 3068 2351; x_wconf 86' lang='lat' dir='ltr'><strong>pauperum,</strong></span> <span class='ocrx_word' id='word_1_334' title='bbox 3112 2290 3349 2346; x_wconf 80' lang='lat' dir='ltr'><strong>quorum</strong></span> 
     </span>
    </p>
   </div>
   <div class='ocr_carea' id='block_1_43' title="bbox 1778 721 3457 797">
    <p class='ocr_par' dir='ltr' id='par_1_43' title="bbox 1778 721 3457 797">
     <span class='ocr_line' id='line_1_43' title="bbox 1778 721 3457 797; baseline -0.001 -19"><span class='ocrx_word' id='word_1_335' title='bbox 1778 725 2061 796; x_wconf 84' lang='lat' dir='ltr'><strong>populum,</strong></span> <span class='ocrx_word' id='word_1_336' title='bbox 2087 732 2142 779; x_wconf 91' lang='lat' dir='ltr'><strong>et</strong></span> <span class='ocrx_word' id='word_1_337' title='bbox 2166 738 2267 795; x_wconf 89' lang='lat' dir='ltr'><strong>ego</strong></span> <span class='ocrx_word' id='word_1_338' title='bbox 2299 738 2395 778; x_wconf 89' lang='lat' dir='ltr'><strong>ero</strong></span> <span class='ocrx_word' id='word_1_339' title='bbox 2423 722 2506 778; x_wconf 89' lang='lat' dir='ltr'><strong>eis</strong></span> <span class='ocrx_word' id='word_1_340' title='bbox 2539 722 2595 776; x_wconf 90' lang='lat' dir='ltr'><strong>in</strong></span> <span class='ocrx_word' id='word_1_341' title='bbox 2646 721 2840 776; x_wconf 91' lang='lat' dir='ltr'><strong>Deum.</strong></span> <span class='ocrx_word' id='word_1_342' title='bbox 2895 723 2962 777; x_wconf 87' lang='lat' dir='ltr'><strong>Et</strong></span> <span class='ocrx_word' id='word_1_343' title='bbox 3011 732 3350 795; x_wconf 86' lang='lat' dir='ltr'><strong>cognoscent</strong></span> <span class='ocrx_word' id='word_1_344' title='bbox 3454 794 3457 797; x_wconf 93' lang='lat'><em>_</em></span> 
     </span>
    </p>
   </div>
   <div class='ocr_carea' id='block_1_44' title="bbox 122 2358 1674 2433">
    <p class='ocr_par' dir='ltr' id='par_1_44' title="bbox 122 2358 1674 2433">
     <span class='ocr_line' id='line_1_44' title="bbox 122 2358 1674 2433; baseline -0.003 -19"><span class='ocrx_word' id='word_1_345' title='bbox 122 2362 468 2433; x_wconf 82' lang='grc' dir='ltr'>ἐξητασμένης</span> <span class='ocrx_word' id='word_1_346' title='bbox 512 2361 568 2415; x_wconf 86' lang='grc' dir='ltr'>δὲ</span> <span class='ocrx_word' id='word_1_347' title='bbox 597 2362 829 2433; x_wconf 83' lang='grc' dir='ltr'>κρίσεως</span> <span class='ocrx_word' id='word_1_348' title='bbox 860 2360 959 2432; x_wconf 80' lang='grc' dir='ltr'><strong>τὴν</strong></span> <span class='ocrx_word' id='word_1_349' title='bbox 991 2360 1263 2432; x_wconf 86' lang='grc' dir='ltr'>σωτηρίαν</span> <span class='ocrx_word' id='word_1_350' title='bbox 1308 2358 1535 2431; x_wconf 84' lang='grc' dir='ltr'>παρέχει</span> <span class='ocrx_word' id='word_1_351' title='bbox 1562 2358 1674 2420; x_wconf 82' lang='grc' dir='ltr'>τοῖς</span> 
     </span>
    </p>
   </div>
   <div class='ocr_carea' id='block_1_45' title="bbox 121 2449 1673 2525">
    <p class='ocr_par' dir='ltr' id='par_1_45' title="bbox 121 2449 1673 2525">
     <span class='ocr_line' id='line_1_45' title="bbox 121 2449 1673 2525; baseline -0.003 -17"><span class='ocrx_word' id='word_1_352' title='bbox 121 2453 290 2508; x_wconf 76' lang='grc' dir='ltr'>ἑαυτοῦ</span> <span class='ocrx_word' id='word_1_353' title='bbox 325 2458 565 2525; x_wconf 84' lang='grc' dir='ltr'>πτωχοῖς</span> <span class='ocrx_word' id='word_1_354' title='bbox 597 2455 691 2508; x_wconf 73' lang='grc' dir='ltr'><strong>καὶ</strong></span> <span class='ocrx_word' id='word_1_355' title='bbox 728 2457 841 2518; x_wconf 91' lang='grc' dir='ltr'>τοῖς</span> <span class='ocrx_word' id='word_1_356' title='bbox 879 2456 1015 2518; x_wconf 79' lang='grc' dir='ltr'>υἱοῖς</span> <span class='ocrx_word' id='word_1_357' title='bbox 1044 2453 1152 2508; x_wconf 90' lang='grc' dir='ltr'><strong>τῶν</strong></span> <span class='ocrx_word' id='word_1_358' title='bbox 1183 2454 1451 2524; x_wconf 83' lang='grc' dir='ltr'>πενήτων,</span> <span class='ocrx_word' id='word_1_359' title='bbox 1485 2449 1558 2508; x_wconf 82' lang='grc' dir='ltr'><strong>ῶν</strong></span> <span class='ocrx_word' id='word_1_360' title='bbox 1580 2452 1673 2508; x_wconf 73' lang='grc' dir='ltr'><strong>καὶ</strong></span> 
     </span>
    </p>
   </div>
   <div class='ocr_carea' id='block_1_46' title="bbox 120 2530 1673 2619">
    <p class='ocr_par' dir='ltr' id='par_1_46' title="bbox 120 2530 1673 2619">
     <span class='ocr_line' id='line_1_46' title="bbox 120 2530 1673 2619; baseline 0.001 -19"><span class='ocrx_word' id='word_1_361' title='bbox 120 2550 148 2618; x_wconf 90' lang='grc' dir='ltr'><strong>ή</strong></span> <span class='ocrx_word' id='word_1_362' title='bbox 188 2530 481 2619; x_wconf 76' lang='grc' dir='ltr'>προφητεία</span> <span class='ocrx_word' id='word_1_363' title='bbox 532 2546 804 2618; x_wconf 79' lang='grc' dir='ltr'>μέμνηται</span> <span class='ocrx_word' id='word_1_364' title='bbox 838 2546 1099 2615; x_wconf 82' lang='grc' dir='ltr'>λέγουσα·</span> <span class='ocrx_word' id='word_1_365' title='bbox 1150 2564 1168 2598; x_wconf 80' lang='grc' dir='ltr'><strong>ι</strong></span> <span class='ocrx_word' id='word_1_366' title='bbox 1205 2546 1673 2615; x_wconf 84' lang='grc' dir='ltr'>Εὐαγγελίσασθαι</span> 
     </span>
    </p>
   </div>
   <div class='ocr_carea' id='block_1_47' title="bbox 120 2638 1673 2711">
    <p class='ocr_par' dir='ltr' id='par_1_47' title="bbox 120 2638 1673 2711">
     <span class='ocr_line' id='line_1_47' title="bbox 120 2638 1673 2711; baseline 0.001 -18"><span class='ocrx_word' id='word_1_367' title='bbox 120 2643 325 2711; x_wconf 80' lang='grc' dir='ltr'>πτωχοῖς</span> <span class='ocrx_word' id='word_1_368' title='bbox 348 2639 659 2695; x_wconf 85' lang='grc' dir='ltr'>ἀπέσταλκέ</span> <span class='ocrx_word' id='word_1_369' title='bbox 694 2656 789 2711; x_wconf 80' lang='grc' dir='ltr'>με’</span> <span class='ocrx_word' id='word_1_370' title='bbox 821 2638 1054 2710; x_wconf 82' lang='grc' dir='ltr'>κηρῦξαι</span> <span class='ocrx_word' id='word_1_371' title='bbox 1087 2638 1450 2710; x_wconf 76' lang='grc' dir='ltr'>αἰχμαλώτοις</span> <span class='ocrx_word' id='word_1_372' title='bbox 1483 2641 1673 2710; x_wconf 83' lang='grc' dir='ltr'>ἄφεσιν</span> 
     </span>
    </p>
   </div>
   <div class='ocr_carea' id='block_1_48' title="bbox 119 2731 1670 2804">
    <p class='ocr_par' dir='ltr' id='par_1_48' title="bbox 119 2731 1670 2804">
     <span class='ocr_line' id='line_1_48' title="bbox 119 2731 1670 2804; baseline -0.001 -18"><span class='ocrx_word' id='word_1_373' title='bbox 119 2734 199 2786; x_wconf 72' lang='grc' dir='ltr'><strong>καὶ</strong></span> <span class='ocrx_word' id='word_1_374' title='bbox 228 2733 438 2801; x_wconf 83' lang='grc' dir='ltr'>τυφλοῖς</span> <span class='ocrx_word' id='word_1_375' title='bbox 472 2731 783 2802; x_wconf 72' lang='grc' dir='ltr'>ἀνάϐλεψιν.</span> <span class='ocrx_word' id='word_1_376' title='bbox 802 2752 818 2784; x_wconf 80' lang='grc' dir='ltr'><strong>ι</strong></span> <span class='ocrx_word' id='word_1_377' title='bbox 842 2733 1099 2803; x_wconf 86' lang='grc' dir='ltr'>Πτωχοὺς</span> <span class='ocrx_word' id='word_1_378' title='bbox 1128 2731 1183 2784; x_wconf 88' lang='grc' dir='ltr'>δὲ</span> <span class='ocrx_word' id='word_1_379' title='bbox 1212 2732 1397 2795; x_wconf 89' lang='grc' dir='ltr'>ποίους</span> <span class='ocrx_word' id='word_1_380' title='bbox 1420 2733 1603 2804; x_wconf 66' lang='grc' dir='ltr'>φησὶν,</span> <span class='ocrx_word' id='word_1_381' title='bbox 1637 2732 1670 2804; x_wconf 86' lang='grc' dir='ltr'><strong>ἦ</strong></span> 
     </span>
    </p>
   </div>
   <div class='ocr_carea' id='block_1_49' title="bbox 117 2820 1673 2895">
    <p class='ocr_par' dir='ltr' id='par_1_49' title="bbox 117 2820 1673 2895">
     <span class='ocr_line' id='line_1_49' title="bbox 117 2820 1673 2895; baseline 0.002 -21"><span class='ocrx_word' id='word_1_382' title='bbox 117 2824 222 2887; x_wconf 81' lang='grc' dir='ltr'>τοὺς</span> <span class='ocrx_word' id='word_1_383' title='bbox 252 2822 579 2894; x_wconf 79' lang='grc' dir='ltr'>δυναμένους</span> <span class='ocrx_word' id='word_1_384' title='bbox 609 2820 808 2893; x_wconf 86' lang='grc' dir='ltr'>ὁμοίως</span> <span class='ocrx_word' id='word_1_385' title='bbox 852 2820 1049 2892; x_wconf 87' lang='grc' dir='ltr'>Παύλῳ</span> <span class='ocrx_word' id='word_1_386' title='bbox 1080 2820 1258 2891; x_wconf 86' lang='grc' dir='ltr'>λέγειν</span> <span class='ocrx_word' id='word_1_387' title='bbox 1279 2839 1291 2851; x_wconf 86' lang='grc'><strong>·</strong></span> <span class='ocrx_word' id='word_1_388' title='bbox 1323 2840 1341 2873; x_wconf 82' lang='grc'>‹</span> <span class='ocrx_word' id='word_1_389' title='bbox 1376 2824 1534 2894; x_wconf 72' lang='grc' dir='ltr'>’Ἄχρι</span> <span class='ocrx_word' id='word_1_390' title='bbox 1574 2825 1673 2895; x_wconf 82' lang='grc' dir='ltr'>τῆς</span> 
     </span>
    </p>
   </div>
   <div class='ocr_carea' id='block_1_50' title="bbox 116 2911 1674 2986">
    <p class='ocr_par' dir='ltr' id='par_1_50' title="bbox 116 2911 1674 2986">
     <span class='ocr_line' id='line_1_50' title="bbox 116 2911 1674 2986; baseline -0.001 -19"><span class='ocrx_word' id='word_1_391' title='bbox 116 2914 219 2984; x_wconf 84' lang='grc' dir='ltr'>ἀρτι</span> <span class='ocrx_word' id='word_1_392' title='bbox 252 2914 395 2986; x_wconf 85' lang='grc' dir='ltr'>ὧρας</span> <span class='ocrx_word' id='word_1_393' title='bbox 430 2917 532 2967; x_wconf 74' lang='grc' dir='ltr'>καὶ</span> <span class='ocrx_word' id='word_1_394' title='bbox 586 2912 858 2984; x_wconf 85' lang='grc' dir='ltr'>πεινῶμεν</span> <span class='ocrx_word' id='word_1_395' title='bbox 907 2912 1001 2966; x_wconf 76' lang='grc' dir='ltr'><strong>καὶ</strong></span> <span class='ocrx_word' id='word_1_396' title='bbox 1027 2911 1289 2983; x_wconf 76' lang='grc' dir='ltr'>διψῶμεν,</span> <span class='ocrx_word' id='word_1_397' title='bbox 1319 2913 1411 2966; x_wconf 76' lang='grc' dir='ltr'><strong>καὶ</strong></span> <span class='ocrx_word' id='word_1_398' title='bbox 1463 2931 1674 2985; x_wconf 90' lang='grc' dir='ltr'>γυμνη-</span> 
     </span>
    </p>
   </div>
   <div class='ocr_carea' id='block_1_51' title="bbox 116 3003 1673 3078">
    <p class='ocr_par' dir='ltr' id='par_1_51' title="bbox 116 3003 1673 3078">
     <span class='ocr_line' id='line_1_51' title="bbox 116 3003 1673 3078; baseline 0 -21"><span class='ocrx_word' id='word_1_399' title='bbox 116 3006 337 3078; x_wconf 85' lang='grc' dir='ltr'>τεύομεν,</span> <span class='ocrx_word' id='word_1_400' title='bbox 383 3007 484 3059; x_wconf 73' lang='grc' dir='ltr'><strong>καὶ</strong></span> <span class='ocrx_word' id='word_1_401' title='bbox 512 3003 937 3075; x_wconf 82' lang='grc' dir='ltr'>κολαφιζόμεθα,</span> <span class='ocrx_word' id='word_1_402' title='bbox 973 3005 1067 3057; x_wconf 75' lang='grc' dir='ltr'>καὶ</span> <span class='ocrx_word' id='word_1_403' title='bbox 1091 3004 1428 3075; x_wconf 82' lang='grc' dir='ltr'>ἀστατοῦμεν</span> <span class='ocrx_word' id='word_1_404' title='bbox 1449 3023 1462 3036; x_wconf 80' lang='grc'><em>’</em></span> <span class='ocrx_word' id='word_1_405' title='bbox 1495 3024 1513 3057; x_wconf 79' lang='grc' dir='ltr'><strong>ι</strong></span> <span class='ocrx_word' id='word_1_406' title='bbox 1548 3005 1673 3069; x_wconf 88' lang='grc' dir='ltr'>τούς</span> 
     </span>
    </p>
   </div>
   <div class='ocr_carea' id='block_1_52' title="bbox 114 3096 1672 3170">
    <p class='ocr_par' dir='ltr' id='par_1_52' title="bbox 114 3096 1672 3170">
     <span class='ocr_line' id='line_1_52' title="bbox 114 3096 1672 3170; baseline -0.001 -18"><span class='ocrx_word' id='word_1_407' title='bbox 114 3114 163 3152; x_wconf 80' lang='grc' dir='ltr'><strong>τε</strong></span> <span class='ocrx_word' id='word_1_408' title='bbox 204 3099 395 3170; x_wconf 86' lang='grc' dir='ltr'>ὁμοίως</span> <span class='ocrx_word' id='word_1_409' title='bbox 428 3098 627 3170; x_wconf 84' lang='grc' dir='ltr'>Πέτρῳ</span> <span class='ocrx_word' id='word_1_410' title='bbox 675 3098 987 3168; x_wconf 86' lang='grc' dir='ltr'>φήσαντας·</span> <span class='ocrx_word' id='word_1_411' title='bbox 1025 3116 1043 3147; x_wconf 80' lang='grc' dir='ltr'><strong>ι</strong></span> <span class='ocrx_word' id='word_1_412' title='bbox 1084 3096 1370 3169; x_wconf 85' lang='grc' dir='ltr'>Ἀργύριον</span> <span class='ocrx_word' id='word_1_413' title='bbox 1403 3098 1497 3150; x_wconf 76' lang='grc' dir='ltr'><strong>καὶ</strong></span> <span class='ocrx_word' id='word_1_414' title='bbox 1540 3115 1672 3168; x_wconf 88' lang='grc' dir='ltr'>χρυ-</span> 
     </span>
    </p>
   </div>
   <div class='ocr_carea' id='block_1_53' title="bbox 117 3182 1739 3263">
    <p class='ocr_par' dir='ltr' id='par_1_53' title="bbox 117 3182 1739 3263">
     <span class='ocr_line' id='line_1_53' title="bbox 117 3182 1739 3263; baseline -0.002 -20"><span class='ocrx_word' id='word_1_415' title='bbox 117 3191 212 3243; x_wconf 88' lang='grc' dir='ltr'>σίον</span> <span class='ocrx_word' id='word_1_416' title='bbox 236 3192 329 3261; x_wconf 81' lang='grc' dir='ltr'>οὺχ</span> <span class='ocrx_word' id='word_1_417' title='bbox 359 3191 599 3263; x_wconf 81' lang='grc' dir='ltr'>ὑπάρχει</span> <span class='ocrx_word' id='word_1_418' title='bbox 634 3208 743 3262; x_wconf 90' lang='grc' dir='ltr'>μοι.</span> <span class='ocrx_word' id='word_1_419' title='bbox 780 3208 797 3240; x_wconf 79' lang='grc' dir='ltr'><strong>ι</strong></span> <span class='ocrx_word' id='word_1_420' title='bbox 827 3189 1114 3253; x_wconf 85' lang='grc' dir='ltr'>Τοιούτους</span> <span class='ocrx_word' id='word_1_421' title='bbox 1145 3189 1201 3242; x_wconf 86' lang='grc' dir='ltr'>δὲ</span> <span class='ocrx_word' id='word_1_422' title='bbox 1234 3189 1481 3259; x_wconf 83' lang='grc' dir='ltr'>πτωχοὺς</span> <span class='ocrx_word' id='word_1_423' title='bbox 1510 3190 1671 3253; x_wconf 79' lang='grc' dir='ltr'>αὐτὸς</span> <span class='ocrx_word' id='word_1_424' title='bbox 1698 3182 1739 3239; x_wconf 87' lang='lat' dir='ltr'><strong>C</strong></span> 
     </span>
    </p>
   </div>
   <div class='ocr_carea' id='block_1_54' title="bbox 114 3279 1671 3354">
    <p class='ocr_par' dir='ltr' id='par_1_54' title="bbox 114 3279 1671 3354">
     <span class='ocr_line' id='line_1_54' title="bbox 114 3279 1671 3354; baseline -0.001 -18"><span class='ocrx_word' id='word_1_425' title='bbox 114 3281 268 3354; x_wconf 74' lang='grc' dir='ltr'>ἑαυτῷ</span> <span class='ocrx_word' id='word_1_426' title='bbox 310 3279 691 3354; x_wconf 78' lang='grc' dir='ltr'>παρεσκεύαζε</span> <span class='ocrx_word' id='word_1_427' title='bbox 736 3280 1017 3352; x_wconf 85' lang='grc' dir='ltr'>παραινῶν</span> <span class='ocrx_word' id='word_1_428' title='bbox 1052 3279 1126 3351; x_wconf 80' lang='grc' dir='ltr'>μὴ</span> <span class='ocrx_word' id='word_1_429' title='bbox 1174 3279 1402 3351; x_wconf 81' lang='grc' dir='ltr'>κτῆσθαι</span> <span class='ocrx_word' id='word_1_430' title='bbox 1452 3280 1671 3351; x_wconf 90' lang='grc' dir='ltr'>χρυσίον</span> 
     </span>
    </p>
   </div>
   <div class='ocr_carea' id='block_1_55' title="bbox 116 3374 1668 3450">
    <p class='ocr_par' dir='ltr' id='par_1_55' title="bbox 116 3374 1668 3450">
     <span class='ocr_line' id='line_1_55' title="bbox 116 3374 1668 3450; baseline -0.003 -19"><span class='ocrx_word' id='word_1_431' title='bbox 116 3379 232 3450; x_wconf 80' lang='grc' dir='ltr'>μηδὲ</span> <span class='ocrx_word' id='word_1_432' title='bbox 264 3378 525 3450; x_wconf 86' lang='grc' dir='ltr'>ἀργύριον</span> <span class='ocrx_word' id='word_1_433' title='bbox 574 3378 654 3440; x_wconf 83' lang='grc' dir='ltr'><strong>εἱς</strong></span> <span class='ocrx_word' id='word_1_434' title='bbox 690 3376 788 3440; x_wconf 87' lang='grc' dir='ltr'><strong>τάς</strong></span> <span class='ocrx_word' id='word_1_435' title='bbox 823 3374 1017 3440; x_wconf 76' lang='grc' dir='ltr'>ζώνας,</span> <span class='ocrx_word' id='word_1_436' title='bbox 1074 3375 1148 3445; x_wconf 82' lang='grc' dir='ltr'><strong>μὴ</strong></span> <span class='ocrx_word' id='word_1_437' title='bbox 1192 3377 1371 3447; x_wconf 81' lang='grc' dir='ltr'>πήραν</span> <span class='ocrx_word' id='word_1_438' title='bbox 1418 3375 1499 3438; x_wconf 86' lang='grc' dir='ltr'><strong>είς</strong></span> <span class='ocrx_word' id='word_1_439' title='bbox 1532 3374 1668 3437; x_wconf 84' lang='grc' dir='ltr'>ὀδὸν,</span> 
     </span>
    </p>
   </div>
   <div class='ocr_carea' id='block_1_56' title="bbox 116 3468 1667 3541">
    <p class='ocr_par' dir='ltr' id='par_1_56' title="bbox 116 3468 1667 3541">
     <span class='ocr_line' id='line_1_56' title="bbox 116 3468 1667 3541; baseline 0 -18"><span class='ocrx_word' id='word_1_440' title='bbox 116 3470 233 3541; x_wconf 85' lang='grc' dir='ltr'>μηδὲ</span> <span class='ocrx_word' id='word_1_441' title='bbox 261 3470 349 3523; x_wconf 92' lang='grc' dir='ltr'><strong>δύο</strong></span> <span class='ocrx_word' id='word_1_442' title='bbox 382 3470 621 3541; x_wconf 86' lang='grc' dir='ltr'>χιτῶνας</span> <span class='ocrx_word' id='word_1_443' title='bbox 645 3510 659 3534; x_wconf 95' lang='grc'><strong>,</strong></span> <span class='ocrx_word' id='word_1_444' title='bbox 695 3469 828 3541; x_wconf 80' lang='grc' dir='ltr'>μηδὲ</span> <span class='ocrx_word' id='word_1_445' title='bbox 855 3468 1176 3539; x_wconf 85' lang='grc' dir='ltr'>ὑποδήματα</span> <span class='ocrx_word' id='word_1_446' title='bbox 1196 3508 1209 3532; x_wconf 96' lang='grc'><strong>,</strong></span> <span class='ocrx_word' id='word_1_447' title='bbox 1266 3468 1398 3540; x_wconf 86' lang='grc' dir='ltr'>μηδὲ</span> <span class='ocrx_word' id='word_1_448' title='bbox 1455 3468 1667 3539; x_wconf 78' lang='grc' dir='ltr'>ῥάϐδον.</span> 
     </span>
    </p>
   </div>
   <div class='ocr_carea' id='block_1_57' title="bbox 117 3560 1673 3634">
    <p class='ocr_par' dir='ltr' id='par_1_57' title="bbox 117 3560 1673 3634">
     <span class='ocr_line' id='line_1_57' title="bbox 117 3560 1673 3634; baseline 0.001 -22"><span class='ocrx_word' id='word_1_449' title='bbox 117 3581 132 3612; x_wconf 81' lang='grc' dir='ltr'><strong>ι</strong></span> <span class='ocrx_word' id='word_1_450' title='bbox 158 3562 385 3617; x_wconf 81' lang='grc' dir='ltr'>Τοιοῦτοι</span> <span class='ocrx_word' id='word_1_451' title='bbox 414 3564 477 3617; x_wconf 83' lang='grc' dir='ltr'><strong>δὲ</strong></span> <span class='ocrx_word' id='word_1_452' title='bbox 507 3560 648 3634; x_wconf 72' lang='grc' dir='ltr'>ἦσαν</span> <span class='ocrx_word' id='word_1_453' title='bbox 674 3562 768 3615; x_wconf 74' lang='grc' dir='ltr'><strong>καὶ</strong></span> <span class='ocrx_word' id='word_1_454' title='bbox 796 3563 845 3614; x_wconf 89' lang='grc' dir='ltr'>οἱ</span> <span class='ocrx_word' id='word_1_455' title='bbox 880 3561 1045 3615; x_wconf 89' lang='grc' dir='ltr'>πάλαι</span> <span class='ocrx_word' id='word_1_456' title='bbox 1079 3561 1455 3633; x_wconf 87' lang='grc' dir='ltr'>περιελθόντες</span> <span class='ocrx_word' id='word_1_457' title='bbox 1478 3563 1535 3615; x_wconf 83' lang='grc' dir='ltr'>ὲν</span> <span class='ocrx_word' id='word_1_458' title='bbox 1570 3580 1673 3633; x_wconf 90' lang='grc' dir='ltr'>μη-</span> 
     </span>
    </p>
   </div>
   <div class='ocr_carea' id='block_1_58' title="bbox 110 3652 1671 3726">
    <p class='ocr_par' dir='ltr' id='par_1_58' title="bbox 110 3652 1671 3726">
     <span class='ocr_line' id='line_1_58' title="bbox 110 3652 1671 3726; baseline 0.001 -20"><span class='ocrx_word' id='word_1_459' title='bbox 110 3652 302 3719; x_wconf 88' lang='grc' dir='ltr'>λωταῖς,</span> <span class='ocrx_word' id='word_1_460' title='bbox 326 3656 382 3708; x_wconf 82' lang='grc' dir='ltr'>ὲν</span> <span class='ocrx_word' id='word_1_461' title='bbox 414 3654 645 3723; x_wconf 77' lang='grc' dir='ltr'>αἰγείοις</span> <span class='ocrx_word' id='word_1_462' title='bbox 686 3654 984 3725; x_wconf 86' lang='grc' dir='ltr'>δέρμασιν,</span> <span class='ocrx_word' id='word_1_463' title='bbox 1018 3653 1440 3726; x_wconf 86' lang='grc' dir='ltr'>ὑστερούμενοι,</span> <span class='ocrx_word' id='word_1_464' title='bbox 1491 3652 1671 3707; x_wconf 80' lang='grc' dir='ltr'>θλιϐό-</span> 
     </span>
    </p>
   </div>
   <div class='ocr_carea' id='block_1_59' title="bbox 114 3746 1672 3819">
    <p class='ocr_par' dir='ltr' id='par_1_59' title="bbox 114 3746 1672 3819">
     <span class='ocr_line' id='line_1_59' title="bbox 114 3746 1672 3819; baseline 0.001 -21"><span class='ocrx_word' id='word_1_465' title='bbox 114 3764 263 3815; x_wconf 84' lang='grc' dir='ltr'>μενοι,</span> <span class='ocrx_word' id='word_1_466' title='bbox 306 3747 771 3818; x_wconf 82' lang='grc' dir='ltr'>κακουχούμενοι,</span> <span class='ocrx_word' id='word_1_467' title='bbox 799 3749 858 3801; x_wconf 81' lang='grc' dir='ltr'>ὲν</span> <span class='ocrx_word' id='word_1_468' title='bbox 898 3748 1155 3819; x_wconf 77' lang='grc' dir='ltr'>ἐρημίαις</span> <span class='ocrx_word' id='word_1_469' title='bbox 1206 3746 1549 3818; x_wconf 89' lang='grc' dir='ltr'>πλανώμενοι</span> <span class='ocrx_word' id='word_1_470' title='bbox 1578 3747 1672 3800; x_wconf 75' lang='grc' dir='ltr'><strong>καὶ</strong></span> 
     </span>
    </p>
   </div>
   <div class='ocr_carea' id='block_1_60' title="bbox 110 3834 1671 3909">
    <p class='ocr_par' dir='ltr' id='par_1_60' title="bbox 110 3834 1671 3909">
     <span class='ocr_line' id='line_1_60' title="bbox 110 3834 1671 3909; baseline 0.002 -23"><span class='ocrx_word' id='word_1_471' title='bbox 110 3834 261 3905; x_wconf 75' lang='grc' dir='ltr'>ὄρεσι,</span> <span class='ocrx_word' id='word_1_472' title='bbox 294 3839 385 3891; x_wconf 74' lang='grc' dir='ltr'>καὶ</span> <span class='ocrx_word' id='word_1_473' title='bbox 414 3838 723 3909; x_wconf 86' lang='grc' dir='ltr'>σπηλαίοις,</span> <span class='ocrx_word' id='word_1_474' title='bbox 751 3838 844 3891; x_wconf 77' lang='grc' dir='ltr'>καὶ</span> <span class='ocrx_word' id='word_1_475' title='bbox 881 3840 1001 3901; x_wconf 88' lang='grc' dir='ltr'>ταῖς</span> <span class='ocrx_word' id='word_1_476' title='bbox 1026 3840 1186 3901; x_wconf 88' lang='grc' dir='ltr'>ὀπαῖς</span> <span class='ocrx_word' id='word_1_477' title='bbox 1216 3841 1315 3908; x_wconf 80' lang='grc' dir='ltr'><strong>τῆς</strong></span> <span class='ocrx_word' id='word_1_478' title='bbox 1340 3839 1494 3909; x_wconf 82' lang='grc' dir='ltr'>γῆς.»</span> <span class='ocrx_word' id='word_1_479' title='bbox 1533 3838 1671 3891; x_wconf 84' lang='grc' dir='ltr'>Ἀλλ’</span> 
     </span>
    </p>
   </div>
   <div class='ocr_carea' id='block_1_61' title="bbox 110 3929 1671 4001">
    <p class='ocr_par' dir='ltr' id='par_1_61' title="bbox 110 3929 1671 4001">
     <span class='ocr_line' id='line_1_61' title="bbox 110 3929 1671 4001; baseline 0.003 -22"><span class='ocrx_word' id='word_1_480' title='bbox 110 3929 151 3980; x_wconf 87' lang='grc' dir='ltr'>εἰ</span> <span class='ocrx_word' id='word_1_481' title='bbox 183 3929 274 3999; x_wconf 84' lang='grc' dir='ltr'><strong>μὲν</strong></span> <span class='ocrx_word' id='word_1_482' title='bbox 318 3932 525 3984; x_wconf 82' lang='grc' dir='ltr'>τούτων</span> <span class='ocrx_word' id='word_1_483' title='bbox 578 3931 737 4001; x_wconf 89' lang='grc' dir='ltr'>μόνον</span> <span class='ocrx_word' id='word_1_484' title='bbox 770 3929 1175 4000; x_wconf 78' lang='grc' dir='ltr'>ἐμνημόνευσεν</span> <span class='ocrx_word' id='word_1_485' title='bbox 1204 3931 1231 3981; x_wconf 94' lang='lat'><strong>6</strong></span> <span class='ocrx_word' id='word_1_486' title='bbox 1282 3929 1472 3997; x_wconf 90' lang='grc' dir='ltr'>λόγος,</span> <span class='ocrx_word' id='word_1_487' title='bbox 1533 3931 1671 3983; x_wconf 86' lang='grc' dir='ltr'>ἀπο-</span> 
     </span>
    </p>
   </div>
   <div class='ocr_carea' id='block_1_62' title="bbox 110 4020 1673 4094">
    <p class='ocr_par' dir='ltr' id='par_1_62' title="bbox 110 4020 1673 4094">
     <span class='ocr_line' id='line_1_62' title="bbox 110 4020 1673 4094; baseline 0.001 -21"><span class='ocrx_word' id='word_1_488' title='bbox 110 4020 365 4077; x_wconf 85' lang='grc' dir='ltr'>κέκλειστο</span> <span class='ocrx_word' id='word_1_489' title='bbox 404 4025 517 4087; x_wconf 82' lang='grc' dir='ltr'><strong>πᾶς</strong></span> <span class='ocrx_word' id='word_1_490' title='bbox 548 4026 577 4076; x_wconf 90' lang='lat'><strong>6</strong></span> <span class='ocrx_word' id='word_1_491' title='bbox 632 4023 705 4094; x_wconf 82' lang='grc' dir='ltr'>μὴ</span> <span class='ocrx_word' id='word_1_492' title='bbox 733 4021 1005 4085; x_wconf 78' lang='grc' dir='ltr'>τοιοῦτος’</span> <span class='ocrx_word' id='word_1_493' title='bbox 1055 4020 1150 4075; x_wconf 82' lang='grc' dir='ltr'>νῦν</span> <span class='ocrx_word' id='word_1_494' title='bbox 1196 4021 1253 4075; x_wconf 85' lang='grc' dir='ltr'>δὲ</span> <span class='ocrx_word' id='word_1_495' title='bbox 1296 4024 1391 4075; x_wconf 74' lang='grc' dir='ltr'><strong>καὶ</strong></span> <span class='ocrx_word' id='word_1_496' title='bbox 1422 4021 1673 4093; x_wconf 87' lang='grc' dir='ltr'>δεύτερον</span> 
     </span>
    </p>
   </div>
   <div class='ocr_carea' id='block_1_63' title="bbox 110 4111 1673 4186">
    <p class='ocr_par' dir='ltr' id='par_1_63' title="bbox 110 4111 1673 4186">
     <span class='ocr_line' id='line_1_63' title="bbox 110 4111 1673 4186; baseline 0.001 -23"><span class='ocrx_word' id='word_1_497' title='bbox 110 4112 276 4185; x_wconf 83' lang='grc' dir='ltr'>τάγμα</span> <span class='ocrx_word' id='word_1_498' title='bbox 319 4115 744 4186; x_wconf 87' lang='grc' dir='ltr'>καταριθμεῖται</span> <span class='ocrx_word' id='word_1_499' title='bbox 798 4114 1057 4183; x_wconf 85' lang='grc' dir='ltr'>φάσκων·</span> <span class='ocrx_word' id='word_1_500' title='bbox 1122 4131 1140 4164; x_wconf 81' lang='grc' dir='ltr'><strong>ι</strong></span> <span class='ocrx_word' id='word_1_501' title='bbox 1178 4112 1290 4165; x_wconf 84' lang='lat' dir='ltr'><strong>Kal</strong></span> <span class='ocrx_word' id='word_1_502' title='bbox 1336 4111 1497 4165; x_wconf 90' lang='grc' dir='ltr'>σώσει</span> <span class='ocrx_word' id='word_1_503' title='bbox 1547 4112 1673 4175; x_wconf 74' lang='grc' dir='ltr'>τοὺς</span> 
     </span>
    </p>
   </div>
   <div class='ocr_carea' id='block_1_64' title="bbox 111 4198 1672 4276">
    <p class='ocr_par' dir='ltr' id='par_1_64' title="bbox 111 4198 1672 4276">
     <span class='ocr_line' id='line_1_64' title="bbox 111 4198 1672 4276; baseline 0.001 -21"><span class='ocrx_word' id='word_1_504' title='bbox 111 4204 241 4268; x_wconf 76' lang='grc' dir='ltr'>υἱοὺς</span> <span class='ocrx_word' id='word_1_505' title='bbox 267 4204 374 4258; x_wconf 90' lang='grc' dir='ltr'><strong>τῶν</strong></span> <span class='ocrx_word' id='word_1_506' title='bbox 406 4205 679 4276; x_wconf 82' lang='grc' dir='ltr'>πενήτων,</span> <span class='ocrx_word' id='word_1_507' title='bbox 711 4222 729 4256; x_wconf 78' lang='grc' dir='ltr'><strong>ι</strong></span> <span class='ocrx_word' id='word_1_508' title='bbox 770 4204 889 4258; x_wconf 81' lang='grc' dir='ltr'>Υἱοὶ</span> <span class='ocrx_word' id='word_1_509' title='bbox 929 4204 985 4257; x_wconf 83' lang='grc' dir='ltr'>δὲ</span> <span class='ocrx_word' id='word_1_510' title='bbox 1029 4204 1273 4275; x_wconf 88' lang='grc' dir='ltr'>πενήτων</span> <span class='ocrx_word' id='word_1_511' title='bbox 1294 4198 1434 4275; x_wconf 82' lang='grc' dir='ltr'>ἦσαν</span> <span class='ocrx_word' id='word_1_512' title='bbox 1472 4202 1520 4255; x_wconf 78' lang='grc' dir='ltr'>οἱ</span> <span class='ocrx_word' id='word_1_513' title='bbox 1565 4202 1672 4256; x_wconf 89' lang='grc' dir='ltr'><strong>τῶν</strong></span> 
     </span>
    </p>
   </div>
   <div class='ocr_carea' id='block_1_65' title="bbox 110 4291 1672 4366">
    <p class='ocr_par' dir='ltr' id='par_1_65' title="bbox 110 4291 1672 4366">
     <span class='ocr_line' id='line_1_65' title="bbox 110 4291 1672 4366; baseline -0.001 -20"><span class='ocrx_word' id='word_1_514' title='bbox 110 4294 401 4349; x_wconf 83' lang='grc' dir='ltr'>ἀποστόλων</span> <span class='ocrx_word' id='word_1_515' title='bbox 434 4298 532 4350; x_wconf 79' lang='grc' dir='ltr'><strong>καὶ</strong></span> <span class='ocrx_word' id='word_1_516' title='bbox 588 4295 847 4366; x_wconf 87' lang='grc' dir='ltr'>μαθητῶν</span> <span class='ocrx_word' id='word_1_517' title='bbox 892 4294 986 4348; x_wconf 81' lang='grc' dir='ltr'>τοῦ</span> <span class='ocrx_word' id='word_1_518' title='bbox 1037 4294 1290 4365; x_wconf 81' lang='grc' dir='ltr'>Σωτῆρος</span> <span class='ocrx_word' id='word_1_519' title='bbox 1329 4295 1362 4364; x_wconf 83' lang='grc' dir='ltr'>ἡ</span> <span class='ocrx_word' id='word_1_520' title='bbox 1373 4291 1489 4363; x_wconf 86' lang='grc' dir='ltr'><strong>μῶν</strong></span> <span class='ocrx_word' id='word_1_521' title='bbox 1532 4292 1672 4361; x_wconf 86' lang='grc' dir='ltr'>γνώ-</span> 
     </span>
    </p>
   </div>
   <div class='ocr_carea' id='block_1_66' title="bbox 113 4384 1672 4460">
    <p class='ocr_par' dir='ltr' id='par_1_66' title="bbox 113 4384 1672 4460">
     <span class='ocr_line' id='line_1_66' title="bbox 113 4384 1672 4460; baseline 0 -23"><span class='ocrx_word' id='word_1_522' title='bbox 113 4402 263 4457; x_wconf 77' lang='grc' dir='ltr'>ριμοι,</span> <span class='ocrx_word' id='word_1_523' title='bbox 284 4389 504 4452; x_wconf 86' lang='grc' dir='ltr'>ὁποίους</span> <span class='ocrx_word' id='word_1_524' title='bbox 531 4387 706 4460; x_wconf 90' lang='grc' dir='ltr'>δηλῶν</span> <span class='ocrx_word' id='word_1_525' title='bbox 732 4390 761 4441; x_wconf 92' lang='lat'><strong>6</strong></span> <span class='ocrx_word' id='word_1_526' title='bbox 794 4386 1113 4450; x_wconf 83' lang='grc' dir='ltr'>Ἀπόστολος</span> <span class='ocrx_word' id='word_1_527' title='bbox 1133 4386 1316 4455; x_wconf 82' lang='grc' dir='ltr'>ἔλεγεν</span> <span class='ocrx_word' id='word_1_528' title='bbox 1335 4403 1348 4415; x_wconf 87' lang='grc'><strong>·</strong></span> <span class='ocrx_word' id='word_1_529' title='bbox 1374 4404 1392 4436; x_wconf 77' lang='grc' dir='ltr'><strong>ι</strong></span> <span class='ocrx_word' id='word_1_530' title='bbox 1418 4385 1540 4439; x_wconf 89' lang='grc' dir='ltr'>Ἐἀν</span> <span class='ocrx_word' id='word_1_531' title='bbox 1565 4384 1672 4456; x_wconf 86' lang='grc' dir='ltr'><strong>γάρ</strong></span> 
     </span>
    </p>
   </div>
   <div class='ocr_carea' id='block_1_67' title="bbox 112 4478 1673 4551">
    <p class='ocr_par' dir='ltr' id='par_1_67' title="bbox 112 4478 1673 4551">
     <span class='ocr_line' id='line_1_67' title="bbox 112 4478 1673 4551; baseline -0.001 -20"><span class='ocrx_word' id='word_1_532' title='bbox 112 4480 321 4545; x_wconf 75' lang='grc' dir='ltr'>πολλοὺς</span> <span class='ocrx_word' id='word_1_533' title='bbox 347 4481 733 4551; x_wconf 84' lang='grc' dir='ltr'>παιδαγωγοὺς</span> <span class='ocrx_word' id='word_1_534' title='bbox 761 4480 923 4551; x_wconf 84' lang='grc' dir='ltr'>ἔχητε</span> <span class='ocrx_word' id='word_1_535' title='bbox 956 4480 1014 4532; x_wconf 81' lang='grc' dir='ltr'>ὲν</span> <span class='ocrx_word' id='word_1_536' title='bbox 1039 4478 1281 4550; x_wconf 83' lang='grc' dir='ltr'>Χριστῷ,</span> <span class='ocrx_word' id='word_1_537' title='bbox 1316 4478 1430 4531; x_wconf 81' lang='grc' dir='ltr'>ἀλλ’</span> <span class='ocrx_word' id='word_1_538' title='bbox 1454 4479 1513 4531; x_wconf 79' lang='grc' dir='ltr'><strong>οὐ</strong></span> <span class='ocrx_word' id='word_1_539' title='bbox 1545 4478 1673 4532; x_wconf 87' lang='grc' dir='ltr'>πολ-</span> 
     </span>
    </p>
   </div>
   <div class='ocr_carea' id='block_1_68' title="bbox 109 4553 1752 4645">
    <p class='ocr_par' dir='ltr' id='par_1_68' title="bbox 109 4553 1752 4645">
     <span class='ocr_line' id='line_1_68' title="bbox 109 4553 1752 4645; baseline 0.001 -24"><span class='ocrx_word' id='word_1_540' title='bbox 109 4566 220 4634; x_wconf 79' lang='grc' dir='ltr'>λοὺς</span> <span class='ocrx_word' id='word_1_541' title='bbox 247 4573 515 4645; x_wconf 74' lang='grc' dir='ltr'>πατέραςο</span> <span class='ocrx_word' id='word_1_542' title='bbox 549 4575 605 4626; x_wconf 81' lang='grc' dir='ltr'>ὲν</span> <span class='ocrx_word' id='word_1_543' title='bbox 627 4572 736 4645; x_wconf 83' lang='grc' dir='ltr'><strong>γάρ</strong></span> <span class='ocrx_word' id='word_1_544' title='bbox 767 4571 988 4645; x_wconf 87' lang='grc' dir='ltr'>Χριστῷ</span> <span class='ocrx_word' id='word_1_545' title='bbox 1016 4570 1190 4642; x_wconf 83' lang='grc' dir='ltr'>Ἰησοῦ</span> <span class='ocrx_word' id='word_1_546' title='bbox 1214 4569 1324 4639; x_wconf 76' lang='grc' dir='ltr'><strong>ἐγὼ</strong></span> <span class='ocrx_word' id='word_1_547' title='bbox 1348 4571 1493 4640; x_wconf 81' lang='grc' dir='ltr'>ὑμᾶς</span> <span class='ocrx_word' id='word_1_548' title='bbox 1525 4571 1676 4639; x_wconf 86' lang='grc' dir='ltr'>ὲγέν-</span> <span class='ocrx_word' id='word_1_549' title='bbox 1708 4553 1752 4607; x_wconf 77' lang='grc' dir='ltr'><strong>ι)</strong></span> 
     </span>
    </p>
   </div>
   <div class='ocr_carea' id='block_1_69' title="bbox 108 4662 1673 4734">
    <p class='ocr_par' dir='ltr' id='par_1_69' title="bbox 108 4662 1673 4734">
     <span class='ocr_line' id='line_1_69' title="bbox 108 4662 1673 4734; baseline 0.001 -21"><span class='ocrx_word' id='word_1_550' title='bbox 108 4677 267 4730; x_wconf 85' lang='grc' dir='ltr'>νησα·</span> <span class='ocrx_word' id='word_1_551' title='bbox 300 4683 317 4715; x_wconf 75' lang='grc' dir='ltr'><strong>ι</strong></span> <span class='ocrx_word' id='word_1_552' title='bbox 352 4666 449 4718; x_wconf 78' lang='grc' dir='ltr'>καὶ</span> <span class='ocrx_word' id='word_1_553' title='bbox 480 4665 641 4719; x_wconf 84' lang='grc' dir='ltr'>πάλιν</span> <span class='ocrx_word' id='word_1_554' title='bbox 661 4682 675 4695; x_wconf 73' lang='grc' dir='ltr'><strong>ο</strong></span> <span class='ocrx_word' id='word_1_555' title='bbox 720 4684 738 4715; x_wconf 76' lang='grc' dir='ltr'><strong>ι</strong></span> <span class='ocrx_word' id='word_1_556' title='bbox 768 4664 946 4718; x_wconf 86' lang='grc' dir='ltr'>Τέκνα</span> <span class='ocrx_word' id='word_1_557' title='bbox 983 4680 1082 4734; x_wconf 92' lang='grc' dir='ltr'><strong>μου</strong></span> <span class='ocrx_word' id='word_1_558' title='bbox 1108 4702 1123 4725; x_wconf 94' lang='grc'><strong>,</strong></span> <span class='ocrx_word' id='word_1_559' title='bbox 1166 4662 1260 4727; x_wconf 83' lang='grc' dir='ltr'><strong>οὒς</strong></span> <span class='ocrx_word' id='word_1_560' title='bbox 1308 4662 1468 4717; x_wconf 85' lang='grc' dir='ltr'>πάλιν</span> <span class='ocrx_word' id='word_1_561' title='bbox 1500 4662 1673 4715; x_wconf 86' lang='grc' dir='ltr'>ὠδίνω</span> 
     </span>
    </p>
   </div>
   <div class='ocr_carea' id='block_1_70' title="bbox 109 4749 1675 4828">
    <p class='ocr_par' dir='ltr' id='par_1_70' title="bbox 109 4749 1675 4828">
     <span class='ocr_line' id='line_1_70' title="bbox 109 4749 1675 4828; baseline 0.003 -25"><span class='ocrx_word' id='word_1_562' title='bbox 109 4751 252 4823; x_wconf 85' lang='grc' dir='ltr'>ἄχρις</span> <span class='ocrx_word' id='word_1_563' title='bbox 277 4749 337 4808; x_wconf 75' lang='grc' dir='ltr'>οὗ</span> <span class='ocrx_word' id='word_1_564' title='bbox 372 4756 633 4828; x_wconf 79' lang='grc' dir='ltr'>μορφωθῇ</span> <span class='ocrx_word' id='word_1_565' title='bbox 658 4756 891 4827; x_wconf 88' lang='grc' dir='ltr'>Χριστὸς</span> <span class='ocrx_word' id='word_1_566' title='bbox 923 4758 979 4809; x_wconf 81' lang='grc' dir='ltr'><strong>ὲν</strong></span> <span class='ocrx_word' id='word_1_567' title='bbox 1003 4756 1149 4827; x_wconf 84' lang='grc' dir='ltr'>ὑμῖν.</span> <span class='ocrx_word' id='word_1_568' title='bbox 1183 4774 1201 4807; x_wconf 76' lang='grc' dir='ltr'><strong>ι</strong></span> <span class='ocrx_word' id='word_1_569' title='bbox 1235 4755 1395 4808; x_wconf 81' lang='grc' dir='ltr'><strong>Ἀλλά</strong></span> <span class='ocrx_word' id='word_1_570' title='bbox 1421 4755 1546 4818; x_wconf 77' lang='grc' dir='ltr'>τοὺς</span> <span class='ocrx_word' id='word_1_571' title='bbox 1577 4755 1675 4824; x_wconf 86' lang='grc' dir='ltr'><strong>μὲν</strong></span> 
     </span>
    </p>
   </div>
   <div class='ocr_carea' id='block_1_71' title="bbox 112 4844 1671 4917">
    <p class='ocr_par' dir='ltr' id='par_1_71' title="bbox 112 4844 1671 4917">
     <span class='ocr_line' id='line_1_71' title="bbox 112 4844 1671 4917; baseline 0.002 -23"><span class='ocrx_word' id='word_1_572' title='bbox 112 4846 346 4914; x_wconf 76' lang='grc' dir='ltr'>πτωχοὺς</span> <span class='ocrx_word' id='word_1_573' title='bbox 374 4846 569 4901; x_wconf 79' lang='grc' dir='ltr'>ἑαυτοῦ</span> <span class='ocrx_word' id='word_1_574' title='bbox 604 4848 698 4900; x_wconf 72' lang='grc' dir='ltr'><strong>καὶ</strong></span> <span class='ocrx_word' id='word_1_575' title='bbox 730 4848 853 4910; x_wconf 78' lang='grc' dir='ltr'>τοὺς</span> <span class='ocrx_word' id='word_1_576' title='bbox 884 4847 1033 4910; x_wconf 78' lang='grc' dir='ltr'>υἱοὺς</span> <span class='ocrx_word' id='word_1_577' title='bbox 1061 4846 1170 4899; x_wconf 91' lang='grc' dir='ltr'><strong>τῶν</strong></span> <span class='ocrx_word' id='word_1_578' title='bbox 1198 4847 1444 4917; x_wconf 83' lang='grc' dir='ltr'>πενήτων</span> <span class='ocrx_word' id='word_1_579' title='bbox 1475 4845 1570 4897; x_wconf 79' lang='grc' dir='ltr'><strong>σὺν</strong></span> <span class='ocrx_word' id='word_1_580' title='bbox 1592 4844 1671 4897; x_wconf 91' lang='grc' dir='ltr'>δι-</span> 
     </span>
    </p>
   </div>
   <div class='ocr_carea' id='block_1_72' title="bbox 109 4938 1672 5012">
    <p class='ocr_par' dir='ltr' id='par_1_72' title="bbox 109 4938 1672 5012">
     <span class='ocr_line' id='line_1_72' title="bbox 109 4938 1672 5012; baseline 0.003 -25"><span class='ocrx_word' id='word_1_581' title='bbox 109 4938 348 5011; x_wconf 73' lang='grc' dir='ltr'>καιοσύνῃ</span> <span class='ocrx_word' id='word_1_582' title='bbox 379 4941 476 4993; x_wconf 72' lang='grc' dir='ltr'><strong>καὶ</strong></span> <span class='ocrx_word' id='word_1_583' title='bbox 504 4941 635 5012; x_wconf 82' lang='grc' dir='ltr'>ὀρθῇ</span> <span class='ocrx_word' id='word_1_584' title='bbox 674 4941 853 5012; x_wconf 88' lang='grc' dir='ltr'>κρίσει</span> <span class='ocrx_word' id='word_1_585' title='bbox 898 4939 1094 5005; x_wconf 75' lang='grc' dir='ltr'>σώζει·</span> <span class='ocrx_word' id='word_1_586' title='bbox 1132 4941 1221 4993; x_wconf 83' lang='grc' dir='ltr'>τὸν</span> <span class='ocrx_word' id='word_1_587' title='bbox 1246 4940 1305 4993; x_wconf 82' lang='grc' dir='ltr'>δὲ</span> <span class='ocrx_word' id='word_1_588' title='bbox 1328 4941 1672 5010; x_wconf 81' lang='grc' dir='ltr'>συκοφάντην</span> 
     </span>
    </p>
   </div>
   <div class='ocr_carea' id='block_1_73' title="bbox 110 5032 1672 5103">
    <p class='ocr_par' dir='ltr' id='par_1_73' title="bbox 110 5032 1672 5103">
     <span class='ocr_line' id='line_1_73' title="bbox 110 5032 1672 5103; baseline 0.001 -19"><span class='ocrx_word' id='word_1_589' title='bbox 110 5044 310 5102; x_wconf 79' lang='grc' dir='ltr'>προῃρη</span> <span class='ocrx_word' id='word_1_590' title='bbox 321 5033 478 5103; x_wconf 84' lang='grc' dir='ltr'>μένον</span> <span class='ocrx_word' id='word_1_591' title='bbox 509 5033 541 5103; x_wconf 79' lang='grc' dir='ltr'><strong>ἢ</strong></span> <span class='ocrx_word' id='word_1_592' title='bbox 582 5035 676 5087; x_wconf 76' lang='grc' dir='ltr'>καὶ</span> <span class='ocrx_word' id='word_1_593' title='bbox 704 5033 795 5086; x_wconf 73' lang='grc' dir='ltr'>τὸν</span> <span class='ocrx_word' id='word_1_594' title='bbox 825 5033 951 5087; x_wconf 76' lang='grc' dir='ltr'>λαὸν</span> <span class='ocrx_word' id='word_1_595' title='bbox 982 5032 1146 5087; x_wconf 81' lang='grc' dir='ltr'>αὑτοῦ</span> <span class='ocrx_word' id='word_1_596' title='bbox 1180 5034 1276 5086; x_wconf 74' lang='grc' dir='ltr'><strong>καὶ</strong></span> <span class='ocrx_word' id='word_1_597' title='bbox 1304 5033 1402 5103; x_wconf 85' lang='grc' dir='ltr'>τὴν</span> <span class='ocrx_word' id='word_1_598' title='bbox 1444 5032 1672 5103; x_wconf 90' lang='grc' dir='ltr'>Ἐκκλη-</span> 
     </span>
    </p>
   </div>
   <div class='ocr_carea' id='block_1_74' title="bbox 111 5120 1673 5199">
    <p class='ocr_par' dir='ltr' id='par_1_74' title="bbox 111 5120 1673 5199">
     <span class='ocr_line' id='line_1_74' title="bbox 111 5120 1673 5199; baseline 0.005 -27"><span class='ocrx_word' id='word_1_599' title='bbox 111 5120 219 5183; x_wconf 81' lang='grc' dir='ltr'>σίαν</span> <span class='ocrx_word' id='word_1_600' title='bbox 248 5123 502 5195; x_wconf 88' lang='grc' dir='ltr'>πολεμεῖν</span> <span class='ocrx_word' id='word_1_601' title='bbox 535 5126 743 5198; x_wconf 89' lang='grc' dir='ltr'>(μυρίοι</span> <span class='ocrx_word' id='word_1_602' title='bbox 785 5126 843 5180; x_wconf 82' lang='grc' dir='ltr'>δὲ</span> <span class='ocrx_word' id='word_1_603' title='bbox 881 5126 1211 5195; x_wconf 87' lang='grc' dir='ltr'>συκοφάνται</span> <span class='ocrx_word' id='word_1_604' title='bbox 1233 5128 1331 5199; x_wconf 80' lang='grc' dir='ltr'><strong>τὴν</strong></span> <span class='ocrx_word' id='word_1_605' title='bbox 1348 5128 1673 5198; x_wconf 83' lang='grc' dir='ltr'>Ἐκκλησίαν</span> 
     </span>
    </p>
   </div>
   <div class='ocr_carea' id='block_1_75' title="bbox 111 5212 1674 5291">
    <p class='ocr_par' dir='ltr' id='par_1_75' title="bbox 111 5212 1674 5291">
     <span class='ocr_line' id='line_1_75' title="bbox 111 5212 1674 5291; baseline 0.007 -30"><span class='ocrx_word' id='word_1_606' title='bbox 111 5212 261 5265; x_wconf 81' lang='grc' dir='ltr'>αὐτοῦ</span> <span class='ocrx_word' id='word_1_607' title='bbox 288 5214 676 5287; x_wconf 72' lang='grc' dir='ltr'>διαϐάλλουσι),</span> <span class='ocrx_word' id='word_1_608' title='bbox 703 5219 795 5271; x_wconf 75' lang='grc' dir='ltr'>καὶ</span> <span class='ocrx_word' id='word_1_609' title='bbox 825 5219 913 5272; x_wconf 80' lang='grc' dir='ltr'><strong>τὸν</strong></span> <span class='ocrx_word' id='word_1_610' title='bbox 941 5219 1052 5289; x_wconf 87' lang='grc' dir='ltr'>βίον</span> <span class='ocrx_word' id='word_1_611' title='bbox 1081 5218 1188 5272; x_wconf 89' lang='grc' dir='ltr'><strong>τῶν</strong></span> <span class='ocrx_word' id='word_1_612' title='bbox 1213 5221 1270 5272; x_wconf 77' lang='grc' dir='ltr'>ὲν</span> <span class='ocrx_word' id='word_1_613' title='bbox 1378 5219 1674 5291; x_wconf 67' lang='grc' dir='ltr'>Ἐκκλησία</span> 
     </span>
    </p>
   </div>
   <div class='ocr_carea' id='block_1_76' title="bbox 110 5303 1675 5381">
    <p class='ocr_par' dir='ltr' id='par_1_76' title="bbox 110 5303 1675 5381">
     <span class='ocr_line' id='line_1_76' title="bbox 110 5303 1675 5381; baseline 0.007 -27"><span class='ocrx_word' id='word_1_614' title='bbox 110 5303 261 5359; x_wconf 73' lang='grc' dir='ltr'>αὑτοῦ</span> <span class='ocrx_word' id='word_1_615' title='bbox 291 5308 699 5381; x_wconf 90' lang='grc' dir='ltr'>διαπρεπόντων</span> <span class='ocrx_word' id='word_1_616' title='bbox 746 5310 893 5364; x_wconf 76' lang='grc' dir='ltr'>ἄλλοι</span> <span class='ocrx_word' id='word_1_617' title='bbox 928 5310 1379 5380; x_wconf 78' lang='grc' dir='ltr'>συκοφαντοῦσιν·</span> <span class='ocrx_word' id='word_1_618' title='bbox 1426 5306 1501 5365; x_wconf 84' lang='grc' dir='ltr'>ὧν</span> <span class='ocrx_word' id='word_1_619' title='bbox 1551 5315 1675 5365; x_wconf 83' lang='grc' dir='ltr'>ὲπι-</span> 
     </span>
    </p>
   </div>
   <div class='ocr_carea' id='block_1_77' title="bbox 114 5397 1669 5474">
    <p class='ocr_par' dir='ltr' id='par_1_77' title="bbox 114 5397 1669 5474">
     <span class='ocr_line' id='line_1_77' title="bbox 114 5397 1669 5474; baseline 0.005 -25"><span class='ocrx_word' id='word_1_620' title='bbox 114 5397 304 5466; x_wconf 81' lang='grc' dir='ltr'>στήσας</span> <span class='ocrx_word' id='word_1_621' title='bbox 331 5402 396 5471; x_wconf 78' lang='grc' dir='ltr'>τῇ</span> <span class='ocrx_word' id='word_1_622' title='bbox 424 5401 648 5472; x_wconf 81' lang='grc' dir='ltr'>τελευτῇ</span> <span class='ocrx_word' id='word_1_623' title='bbox 682 5400 777 5455; x_wconf 78' lang='grc' dir='ltr'><strong>τοῦ</strong></span> <span class='ocrx_word' id='word_1_624' title='bbox 810 5402 957 5471; x_wconf 84' lang='grc' dir='ltr'>βίου,</span> <span class='ocrx_word' id='word_1_625' title='bbox 992 5402 1111 5471; x_wconf 76' lang='grc' dir='ltr'>ὄψει</span> <span class='ocrx_word' id='word_1_626' title='bbox 1135 5404 1283 5467; x_wconf 87' lang='grc' dir='ltr'>ὅπως</span> <span class='ocrx_word' id='word_1_627' title='bbox 1324 5404 1537 5474; x_wconf 80' lang='grc' dir='ltr'>εἴρηται</span> <span class='ocrx_word' id='word_1_628' title='bbox 1588 5404 1669 5468; x_wconf 81' lang='grc' dir='ltr'><strong>τὸ,</strong></span> 
     </span>
    </p>
   </div>
   <div class='ocr_carea' id='block_1_78' title="bbox 116 5486 1673 5567">
    <p class='ocr_par' dir='ltr' id='par_1_78' title="bbox 116 5486 1673 5567">
     <span class='ocr_line' id='line_1_78' title="bbox 116 5486 1673 5567; baseline 0.007 -28"><span class='ocrx_word' id='word_1_629' title='bbox 116 5486 244 5541; x_wconf 69' lang='lat' dir='ltr'><strong>«Kal</strong></span> <span class='ocrx_word' id='word_1_630' title='bbox 270 5492 595 5546; x_wconf 91' lang='grc' dir='ltr'>ταπεινώσει</span> <span class='ocrx_word' id='word_1_631' title='bbox 632 5494 993 5565; x_wconf 83' lang='grc' dir='ltr'>συκοφάντην.</span> <span class='ocrx_word' id='word_1_632' title='bbox 1023 5515 1041 5547; x_wconf 80' lang='grc' dir='ltr'><strong>ι</strong></span> <span class='ocrx_word' id='word_1_633' title='bbox 1072 5495 1169 5558; x_wconf 88' lang='grc' dir='ltr'>Τίς</span> <span class='ocrx_word' id='word_1_634' title='bbox 1201 5494 1309 5566; x_wconf 81' lang='grc' dir='ltr'>γὰρ</span> <span class='ocrx_word' id='word_1_635' title='bbox 1340 5495 1449 5550; x_wconf 89' lang='grc' dir='ltr'><strong>τῶν</strong></span> <span class='ocrx_word' id='word_1_636' title='bbox 1478 5513 1673 5567; x_wconf 79' lang='grc' dir='ltr'>τυραν-</span> 
     </span>
    </p>
   </div>
   <div class='ocr_carea' id='block_1_79' title="bbox 196 5693 775 5763">
    <p class='ocr_par' dir='ltr' id='par_1_79' title="bbox 196 5693 775 5763">
     <span class='ocr_line' id='line_1_79' title="bbox 196 5693 775 5763; baseline 0.012 -17"><span class='ocrx_word' id='word_1_637' title='bbox 196 5693 234 5763; x_wconf 53' lang='grc' dir='ltr'><strong>ῗ⁹</strong></span> <span class='ocrx_word' id='word_1_638' title='bbox 272 5694 437 5750; x_wconf 86' lang='lat' dir='ltr'><strong>Zach.</strong></span> <span class='ocrx_word' id='word_1_639' title='bbox 474 5715 531 5761; x_wconf 94' lang='grc' dir='ltr'><strong>ιι,</strong></span> <span class='ocrx_word' id='word_1_640' title='bbox 567 5699 654 5763; x_wconf 76' lang='grc'><strong>10,</strong></span> <span class='ocrx_word' id='word_1_641' title='bbox 694 5699 775 5753; x_wconf 88' lang='lat' dir='ltr'><strong>H.</strong></span> 
     </span>
    </p>
   </div>
   <div class='ocr_carea' id='block_1_80' title="bbox 116 5758 1123 5831">
    <p class='ocr_par' dir='ltr' id='par_1_80' title="bbox 116 5758 1123 5831">
     <span class='ocr_line' id='line_1_80' title="bbox 116 5758 1123 5831; baseline 0.013 -17"><span class='ocrx_word' id='word_1_642' title='bbox 116 5758 156 5788; x_wconf 78' lang='lat'><em>“</em></span> <span class='ocrx_word' id='word_1_643' title='bbox 189 5762 204 5815; x_wconf 87' lang='grc' dir='ltr'><strong>Ι</strong></span> <span class='ocrx_word' id='word_1_644' title='bbox 239 5766 360 5818; x_wconf 79' lang='lat' dir='ltr'><strong>Cor.</strong></span> <span class='ocrx_word' id='word_1_645' title='bbox 415 5784 486 5831; x_wconf 80' lang='lat' dir='ltr'><strong>iv,</strong></span> <span class='ocrx_word' id='word_1_646' title='bbox 522 5758 650 5824; x_wconf 22' lang='lat'><strong>&#39;15..</strong></span> <span class='ocrx_word' id='word_1_647' title='bbox 695 5772 736 5799; x_wconf 80' lang='lat'><strong>&quot;</strong></span> <span class='ocrx_word' id='word_1_648' title='bbox 771 5770 887 5830; x_wconf 85' lang='lat' dir='ltr'><strong>Gal.</strong></span> <span class='ocrx_word' id='word_1_649' title='bbox 926 5788 999 5829; x_wconf 78' lang='lat' dir='ltr'><strong>tv.</strong></span> <span class='ocrx_word' id='word_1_650' title='bbox 1038 5772 1123 5827; x_wconf 79' lang='grc'><strong>19.</strong></span> 
     </span>
    </p>
   </div>
   <div class='ocr_carea' id='block_1_81' title="bbox 882 5702 1769 5771">
    <p class='ocr_par' dir='ltr' id='par_1_81' title="bbox 882 5702 1769 5771">
     <span class='ocr_line' id='line_1_81' title="bbox 882 5702 1769 5771; baseline 0.006 -18"><span class='ocrx_word' id='word_1_651' title='bbox 882 5702 928 5733; x_wconf 77' lang='grc'><strong>³⁸</strong></span> <span class='ocrx_word' id='word_1_652' title='bbox 961 5703 1064 5757; x_wconf 87' lang='lat' dir='ltr'><strong>lsa.</strong></span> <span class='ocrx_word' id='word_1_653' title='bbox 1100 5718 1208 5770; x_wconf 78' lang='lat' dir='ltr'><strong>ui,</strong></span> <span class='ocrx_word' id='word_1_654' title='bbox 1246 5704 1290 5758; x_wconf 85' lang='grc' dir='ltr'><strong>Ι.</strong></span> <span class='ocrx_word' id='word_1_655' title='bbox 1317 5706 1360 5738; x_wconf 75' lang='grc' dir='ltr'>ἰ</span> <span class='ocrx_word' id='word_1_656' title='bbox 1394 5704 1561 5761; x_wconf 91' lang='lat' dir='ltr'><strong>lCor.</strong></span> <span class='ocrx_word' id='word_1_657' title='bbox 1588 5704 1643 5771; x_wconf 68' lang='grc'><strong>4,</strong></span> <span class='ocrx_word' id='word_1_658' title='bbox 1684 5704 1769 5759; x_wconf 80' lang='lat' dir='ltr'><strong>ll.</strong></span> 
     </span>
    </p>
   </div>
   <div class='ocr_carea' id='block_1_82' title="bbox 1774 2367 3352 2455">
    <p class='ocr_par' dir='ltr' id='par_1_82' title="bbox 1774 2367 3352 2455">
     <span class='ocr_line' id='line_1_82' title="bbox 1774 2367 3352 2455; baseline -0.012 -17"><span class='ocrx_word' id='word_1_659' title='bbox 1774 2381 2057 2455; x_wconf 88' lang='lat' dir='ltr'><strong>prophetia</strong></span> <span class='ocrx_word' id='word_1_660' title='bbox 2086 2378 2336 2435; x_wconf 91' lang='lat' dir='ltr'><strong>meminit</strong></span> <span class='ocrx_word' id='word_1_661' title='bbox 2356 2376 2547 2431; x_wconf 90' lang='lat' dir='ltr'><strong>dicens</strong></span> <span class='ocrx_word' id='word_1_662' title='bbox 2575 2393 2589 2429; x_wconf 90' lang='lat'><strong>:</strong></span> <span class='ocrx_word' id='word_1_663' title='bbox 2627 2393 2645 2426; x_wconf 76' lang='grc' dir='ltr'><strong>ι</strong></span> <span class='ocrx_word' id='word_1_664' title='bbox 2681 2370 3072 2442; x_wconf 87' lang='lat' dir='ltr'><strong>Evangelizare</strong></span> <span class='ocrx_word' id='word_1_665' title='bbox 3094 2367 3352 2439; x_wconf 89' lang='lat' dir='ltr'><strong>pauperi-</strong></span> 
     </span>
    </p>
   </div>
   <div class='ocr_carea' id='block_1_83' title="bbox 1774 2463 3354 2543">
    <p class='ocr_par' dir='ltr' id='par_1_83' title="bbox 1774 2463 3354 2543">
     <span class='ocr_line' id='line_1_83' title="bbox 1774 2463 3354 2543; baseline -0.013 -9"><span class='ocrx_word' id='word_1_666' title='bbox 1774 2480 1879 2534; x_wconf 89' lang='lat' dir='ltr'><strong>bus</strong></span> <span class='ocrx_word' id='word_1_667' title='bbox 1911 2474 2064 2530; x_wconf 91' lang='lat' dir='ltr'><strong>misit</strong></span> <span class='ocrx_word' id='word_1_668' title='bbox 2105 2488 2192 2529; x_wconf 89' lang='lat' dir='ltr'><strong>me</strong></span> <span class='ocrx_word' id='word_1_669' title='bbox 2220 2492 2233 2527; x_wconf 86' lang='lat'><strong>:</strong></span> <span class='ocrx_word' id='word_1_670' title='bbox 2264 2470 2561 2543; x_wconf 66' lang='lat' dir='ltr'><strong>praedicare</strong></span> <span class='ocrx_word' id='word_1_671' title='bbox 2591 2466 2824 2538; x_wconf 84' lang='lat' dir='ltr'><strong>captivis</strong></span> <span class='ocrx_word' id='word_1_672' title='bbox 2853 2463 3257 2524; x_wconf 86' lang='lat' dir='ltr'><strong>dimissionem,</strong></span> <span class='ocrx_word' id='word_1_673' title='bbox 3298 2466 3354 2514; x_wconf 91' lang='lat' dir='ltr'><strong>et</strong></span> 
     </span>
    </p>
   </div>
   <div class='ocr_carea' id='block_1_84' title="bbox 1774 2555 3353 2626">
    <p class='ocr_par' dir='ltr' id='par_1_84' title="bbox 1774 2555 3353 2626">
     <span class='ocr_line' id='line_1_84' title="bbox 1774 2555 3353 2626; baseline -0.01 0"><span class='ocrx_word' id='word_1_674' title='bbox 1774 2570 1935 2626; x_wconf 65' lang='lat' dir='ltr'><strong>caecis</strong></span> <span class='ocrx_word' id='word_1_675' title='bbox 1968 2568 2121 2623; x_wconf 91' lang='lat' dir='ltr'><strong>visus</strong></span> <span class='ocrx_word' id='word_1_676' title='bbox 2145 2562 2551 2619; x_wconf 80' lang='lat' dir='ltr'><strong>restitutionem</strong></span> <span class='ocrx_word' id='word_1_677' title='bbox 2582 2560 2649 2615; x_wconf 78' lang='lat'><strong>&quot;.</strong></span> <span class='ocrx_word' id='word_1_678' title='bbox 2684 2578 2703 2611; x_wconf 76' lang='grc' dir='ltr'><strong>ι</strong></span> <span class='ocrx_word' id='word_1_679' title='bbox 2740 2555 3020 2614; x_wconf 83' lang='lat' dir='ltr'><strong>Mendicos</strong></span> <span class='ocrx_word' id='word_1_680' title='bbox 3047 2569 3182 2610; x_wconf 87' lang='lat' dir='ltr'><strong>vero</strong></span> <span class='ocrx_word' id='word_1_681' title='bbox 3211 2569 3353 2623; x_wconf 86' lang='lat' dir='ltr'><strong>quos</strong></span> 
     </span>
    </p>
   </div>
   <div class='ocr_carea' id='block_1_85' title="bbox 1775 2645 3351 2726">
    <p class='ocr_par' dir='ltr' id='par_1_85' title="bbox 1775 2645 3351 2726">
     <span class='ocr_line' id='line_1_85' title="bbox 1775 2645 3351 2726; baseline -0.01 -10"><span class='ocrx_word' id='word_1_682' title='bbox 1775 2662 1871 2724; x_wconf 87' lang='lat' dir='ltr'><strong>ait,</strong></span> <span class='ocrx_word' id='word_1_683' title='bbox 1896 2659 2003 2714; x_wconf 91' lang='lat' dir='ltr'><strong>nisi</strong></span> <span class='ocrx_word' id='word_1_684' title='bbox 2025 2672 2122 2712; x_wconf 87' lang='lat' dir='ltr'><strong>eos</strong></span> <span class='ocrx_word' id='word_1_685' title='bbox 2147 2654 2240 2726; x_wconf 92' lang='lat' dir='ltr'><strong>qui</strong></span> <span class='ocrx_word' id='word_1_686' title='bbox 2268 2651 2492 2723; x_wconf 89' lang='lat' dir='ltr'><strong>perinde</strong></span> <span class='ocrx_word' id='word_1_687' title='bbox 2518 2660 2681 2719; x_wconf 81' lang='lat' dir='ltr'><strong>atque</strong></span> <span class='ocrx_word' id='word_1_688' title='bbox 2708 2647 2914 2703; x_wconf 90' lang='lat' dir='ltr'><strong>Paulus</strong></span> <span class='ocrx_word' id='word_1_689' title='bbox 2939 2646 3123 2701; x_wconf 88' lang='lat' dir='ltr'><strong>dicere</strong></span> <span class='ocrx_word' id='word_1_690' title='bbox 3146 2645 3351 2712; x_wconf 75' lang='lat' dir='ltr'><strong>valent,</strong></span> 
     </span>
    </p>
   </div>
   <div class='ocr_carea' id='block_1_86' title="bbox 1780 2739 3357 2823">
    <p class='ocr_par' dir='ltr' id='par_1_86' title="bbox 1780 2739 3357 2823">
     <span class='ocr_line' id='line_1_86' title="bbox 1780 2739 3357 2823; baseline -0.01 -17"><span class='ocrx_word' id='word_1_691' title='bbox 1780 2774 1799 2806; x_wconf 69' lang='grc' dir='ltr'><strong>ι</strong></span> <span class='ocrx_word' id='word_1_692' title='bbox 1840 2752 2028 2823; x_wconf 89' lang='lat' dir='ltr'><strong>Usque</strong></span> <span class='ocrx_word' id='word_1_693' title='bbox 2062 2750 2118 2804; x_wconf 91' lang='lat' dir='ltr'><strong>in</strong></span> <span class='ocrx_word' id='word_1_694' title='bbox 2147 2749 2291 2802; x_wconf 88' lang='lat' dir='ltr'><strong>hanc</strong></span> <span class='ocrx_word' id='word_1_695' title='bbox 2318 2746 2509 2800; x_wconf 84' lang='lat' dir='ltr'><strong>horam</strong></span> <span class='ocrx_word' id='word_1_696' title='bbox 2536 2752 2592 2798; x_wconf 92' lang='lat' dir='ltr'><strong>et</strong></span> <span class='ocrx_word' id='word_1_697' title='bbox 2619 2741 2896 2797; x_wconf 88' lang='lat' dir='ltr'><strong>esurimus</strong></span> <span class='ocrx_word' id='word_1_698' title='bbox 2924 2748 2978 2793; x_wconf 91' lang='lat' dir='ltr'><strong>et</strong></span> <span class='ocrx_word' id='word_1_699' title='bbox 3014 2739 3254 2803; x_wconf 89' lang='lat' dir='ltr'><strong>sitimus,</strong></span> <span class='ocrx_word' id='word_1_700' title='bbox 3297 2744 3357 2797; x_wconf 80' lang='lat' dir='ltr'><strong>et</strong></span> 
     </span>
    </p>
   </div>
   <div class='ocr_carea' id='block_1_87' title="bbox 1774 2831 3353 2908">
    <p class='ocr_par' dir='ltr' id='par_1_87' title="bbox 1774 2831 3353 2908">
     <span class='ocr_line' id='line_1_87' title="bbox 1774 2831 3353 2908; baseline -0.012 -6"><span class='ocrx_word' id='word_1_701' title='bbox 1774 2845 1904 2903; x_wconf 91' lang='lat' dir='ltr'><strong>nudi</strong></span> <span class='ocrx_word' id='word_1_702' title='bbox 1929 2858 2139 2905; x_wconf 87' lang='lat' dir='ltr'><strong>sumus,</strong></span> <span class='ocrx_word' id='word_1_703' title='bbox 2177 2849 2231 2895; x_wconf 83' lang='lat' dir='ltr'><strong>et</strong></span> <span class='ocrx_word' id='word_1_704' title='bbox 2262 2837 2508 2908; x_wconf 89' lang='lat' dir='ltr'><strong>colaphis</strong></span> <span class='ocrx_word' id='word_1_705' title='bbox 2542 2834 2822 2899; x_wconf 64' lang='lat' dir='ltr'><strong>credimur,</strong></span> <span class='ocrx_word' id='word_1_706' title='bbox 2854 2841 2911 2888; x_wconf 89' lang='lat' dir='ltr'><strong>et</strong></span> <span class='ocrx_word' id='word_1_707' title='bbox 2940 2831 3228 2887; x_wconf 76' lang='lat' dir='ltr'><strong>instabiles</strong></span> <span class='ocrx_word' id='word_1_708' title='bbox 3254 2846 3353 2886; x_wconf 85' lang='lat' dir='ltr'><strong>su-</strong></span> 
     </span>
    </p>
   </div>
   <div class='ocr_carea' id='block_1_88' title="bbox 1776 2923 3354 3002">
    <p class='ocr_par' dir='ltr' id='par_1_88' title="bbox 1776 2923 3354 3002">
     <span class='ocr_line' id='line_1_88' title="bbox 1776 2923 3354 3002; baseline -0.011 -10"><span class='ocrx_word' id='word_1_709' title='bbox 1776 2952 1899 2992; x_wconf 86' lang='lat' dir='ltr'><strong>mus</strong></span> <span class='ocrx_word' id='word_1_710' title='bbox 1924 2937 1968 2968; x_wconf 81' lang='grc'><strong>⁸¹</strong></span> <span class='ocrx_word' id='word_1_711' title='bbox 2013 2952 2026 2987; x_wconf 90' lang='lat'><strong>:</strong></span> <span class='ocrx_word' id='word_1_712' title='bbox 2070 2953 2089 2986; x_wconf 74' lang='grc' dir='ltr'><strong>ι</strong></span> <span class='ocrx_word' id='word_1_713' title='bbox 2119 2940 2284 3002; x_wconf 88' lang='lat' dir='ltr'><strong>atque</strong></span> <span class='ocrx_word' id='word_1_714' title='bbox 2309 2946 2406 2985; x_wconf 90' lang='lat' dir='ltr'><strong>eos</strong></span> <span class='ocrx_word' id='word_1_715' title='bbox 2440 2929 2532 2999; x_wconf 89' lang='lat' dir='ltr'><strong>qui</strong></span> <span class='ocrx_word' id='word_1_716' title='bbox 2561 2943 2688 2981; x_wconf 89' lang='lat' dir='ltr'><strong>cum</strong></span> <span class='ocrx_word' id='word_1_717' title='bbox 2712 2925 2879 2981; x_wconf 87' lang='lat' dir='ltr'><strong>Petro</strong></span> <span class='ocrx_word' id='word_1_718' title='bbox 2905 2924 3021 2978; x_wconf 69' lang='lat' dir='ltr'><strong>haec</strong></span> <span class='ocrx_word' id='word_1_719' title='bbox 3049 2923 3201 2979; x_wconf 74' lang='lat' dir='ltr'><strong>eﬁ‘ari</strong></span> <span class='ocrx_word' id='word_1_720' title='bbox 3224 2936 3354 2991; x_wconf 85' lang='lat' dir='ltr'><strong>pos-</strong></span> 
     </span>
    </p>
   </div>
   <div class='ocr_carea' id='block_1_89' title="bbox 1775 3010 3352 3092">
    <p class='ocr_par' dir='ltr' id='par_1_89' title="bbox 1775 3010 3352 3092">
     <span class='ocr_line' id='line_1_89' title="bbox 1775 3010 3352 3092; baseline -0.009 -11"><span class='ocrx_word' id='word_1_721' title='bbox 1775 3033 1926 3089; x_wconf 89' lang='lat' dir='ltr'><strong>sunt,</strong></span> <span class='ocrx_word' id='word_1_722' title='bbox 1960 3042 1978 3075; x_wconf 78' lang='grc' dir='ltr'><strong>ι</strong></span> <span class='ocrx_word' id='word_1_723' title='bbox 2005 3022 2302 3092; x_wconf 75' lang='lat' dir='ltr'><strong>Argentum</strong></span> <span class='ocrx_word' id='word_1_724' title='bbox 2337 3026 2391 3074; x_wconf 90' lang='lat' dir='ltr'><strong>et</strong></span> <span class='ocrx_word' id='word_1_725' title='bbox 2420 3033 2613 3071; x_wconf 91' lang='lat' dir='ltr'><strong>aurum</strong></span> <span class='ocrx_word' id='word_1_726' title='bbox 2646 3031 2753 3071; x_wconf 91' lang='lat' dir='ltr'><strong>non</strong></span> <span class='ocrx_word' id='word_1_727' title='bbox 2785 3022 2870 3070; x_wconf 90' lang='lat' dir='ltr'><strong>est</strong></span> <span class='ocrx_word' id='word_1_728' title='bbox 2891 3014 3026 3068; x_wconf 91' lang='lat' dir='ltr'><strong>mihi</strong></span> <span class='ocrx_word' id='word_1_729' title='bbox 3046 3014 3111 3068; x_wconf 73' lang='grc' dir='ltr'><strong>η.</strong></span> <span class='ocrx_word' id='word_1_730' title='bbox 3148 3031 3167 3064; x_wconf 76' lang='grc' dir='ltr'><strong>ι</strong></span> <span class='ocrx_word' id='word_1_731' title='bbox 3189 3010 3352 3067; x_wconf 84' lang='lat' dir='ltr'><strong>Tales</strong></span> 
     </span>
    </p>
   </div>
   <div class='ocr_carea' id='block_1_90' title="bbox 1777 3102 3355 3189">
    <p class='ocr_par' dir='ltr' id='par_1_90' title="bbox 1777 3102 3355 3189">
     <span class='ocr_line' id='line_1_90' title="bbox 1777 3102 3355 3189; baseline -0.013 -13"><span class='ocrx_word' id='word_1_732' title='bbox 1777 3118 1881 3177; x_wconf 83' lang='lat' dir='ltr'><strong>sibi</strong></span> <span class='ocrx_word' id='word_1_733' title='bbox 1911 3130 2180 3189; x_wconf 91' lang='lat' dir='ltr'><strong>pauperes</strong></span> <span class='ocrx_word' id='word_1_734' title='bbox 2209 3111 2441 3184; x_wconf 86' lang='lat' dir='ltr'><strong>paravit,</strong></span> <span class='ocrx_word' id='word_1_735' title='bbox 2462 3109 2786 3180; x_wconf 65' lang='lat' dir='ltr'><strong>prazcipiens</strong></span> <span class='ocrx_word' id='word_1_736' title='bbox 2808 3107 2917 3161; x_wconf 92' lang='lat' dir='ltr'><strong>illis</strong></span> <span class='ocrx_word' id='word_1_737' title='bbox 2949 3114 3009 3159; x_wconf 90' lang='lat' dir='ltr'><strong>ut</strong></span> <span class='ocrx_word' id='word_1_738' title='bbox 3036 3120 3143 3159; x_wconf 91' lang='lat' dir='ltr'><strong>non</strong></span> <span class='ocrx_word' id='word_1_739' title='bbox 3172 3102 3355 3173; x_wconf 85' lang='lat' dir='ltr'><strong>possi-</strong></span> 
     </span>
    </p>
   </div>
   <div class='ocr_carea' id='block_1_91' title="bbox 1773 3197 3353 3275">
    <p class='ocr_par' dir='ltr' id='par_1_91' title="bbox 1773 3197 3353 3275">
     <span class='ocr_line' id='line_1_91' title="bbox 1773 3197 3353 3275; baseline -0.013 -6"><span class='ocrx_word' id='word_1_740' title='bbox 1773 3214 1965 3269; x_wconf 89' lang='lat' dir='ltr'><strong>derent</strong></span> <span class='ocrx_word' id='word_1_741' title='bbox 2014 3224 2210 3263; x_wconf 80' lang='lat' dir='ltr'><strong>aurum</strong></span> <span class='ocrx_word' id='word_1_742' title='bbox 2262 3219 2439 3275; x_wconf 89' lang='lat' dir='ltr'><strong>neque</strong></span> <span class='ocrx_word' id='word_1_743' title='bbox 2488 3209 2773 3273; x_wconf 83' lang='lat' dir='ltr'><strong>argentum</strong></span> <span class='ocrx_word' id='word_1_744' title='bbox 2826 3199 2883 3253; x_wconf 92' lang='lat' dir='ltr'><strong>in</strong></span> <span class='ocrx_word' id='word_1_745' title='bbox 2942 3197 3119 3261; x_wconf 90' lang='lat' dir='ltr'><strong>zonis,</strong></span> <span class='ocrx_word' id='word_1_746' title='bbox 3173 3210 3353 3267; x_wconf 87' lang='lat' dir='ltr'><strong>neque</strong></span> 
     </span>
    </p>
   </div>
   <div class='ocr_carea' id='block_1_92' title="bbox 1772 3287 3354 3378">
    <p class='ocr_par' dir='ltr' id='par_1_92' title="bbox 1772 3287 3354 3378">
     <span class='ocr_line' id='line_1_92' title="bbox 1772 3287 3354 3378; baseline -0.013 -18"><span class='ocrx_word' id='word_1_747' title='bbox 1772 3319 1956 3378; x_wconf 88' lang='lat' dir='ltr'><strong>peram</strong></span> <span class='ocrx_word' id='word_1_748' title='bbox 1984 3302 2049 3356; x_wconf 88' lang='lat' dir='ltr'><strong>ad</strong></span> <span class='ocrx_word' id='word_1_749' title='bbox 2078 3300 2245 3363; x_wconf 88' lang='lat' dir='ltr'><strong>viam,</strong></span> <span class='ocrx_word' id='word_1_750' title='bbox 2270 3312 2448 3367; x_wconf 90' lang='lat' dir='ltr'><strong>neque</strong></span> <span class='ocrx_word' id='word_1_751' title='bbox 2479 3295 2618 3350; x_wconf 87' lang='lat' dir='ltr'><strong>duas</strong></span> <span class='ocrx_word' id='word_1_752' title='bbox 2652 3292 2888 3357; x_wconf 89' lang='lat' dir='ltr'><strong>tunicas,</strong></span> <span class='ocrx_word' id='word_1_753' title='bbox 2925 3304 3104 3361; x_wconf 90' lang='lat' dir='ltr'><strong>neque</strong></span> <span class='ocrx_word' id='word_1_754' title='bbox 3145 3287 3354 3343; x_wconf 83' lang='lat' dir='ltr'><strong>calcea-</strong></span> 
     </span>
    </p>
   </div>
   <div class='ocr_carea' id='block_1_93' title="bbox 1774 3376 3352 3461">
    <p class='ocr_par' dir='ltr' id='par_1_93' title="bbox 1774 3376 3352 3461">
     <span class='ocr_line' id='line_1_93' title="bbox 1774 3376 3352 3461; baseline -0.013 -10"><span class='ocrx_word' id='word_1_755' title='bbox 1774 3376 1981 3459; x_wconf 78' lang='lat' dir='ltr'><strong>menta,</strong></span> <span class='ocrx_word' id='word_1_756' title='bbox 2019 3407 2201 3461; x_wconf 87' lang='lat' dir='ltr'><strong>neque</strong></span> <span class='ocrx_word' id='word_1_757' title='bbox 2224 3386 2520 3458; x_wconf 80' lang='lat' dir='ltr'><strong>virgam&quot;.</strong></span> <span class='ocrx_word' id='word_1_758' title='bbox 2548 3382 2876 3454; x_wconf 85' lang='lat' dir='ltr'><strong>Hujusmodi</strong></span> <span class='ocrx_word' id='word_1_759' title='bbox 2909 3381 3040 3435; x_wconf 82' lang='lat' dir='ltr'><strong>item</strong></span> <span class='ocrx_word' id='word_1_760' title='bbox 3071 3384 3228 3434; x_wconf 89' lang='lat' dir='ltr'><strong>erant</strong></span> <span class='ocrx_word' id='word_1_761' title='bbox 3272 3376 3352 3432; x_wconf 88' lang='lat' dir='ltr'><strong>illi</strong></span> 
     </span>
    </p>
   </div>
   <div class='ocr_carea' id='block_1_94' title="bbox 1772 3469 3356 3544">
    <p class='ocr_par' dir='ltr' id='par_1_94' title="bbox 1772 3469 3356 3544">
     <span class='ocr_line' id='line_1_94' title="bbox 1772 3469 3356 3544; baseline -0.015 0"><span class='ocrx_word' id='word_1_762' title='bbox 1772 3490 1902 3544; x_wconf 89' lang='lat' dir='ltr'><strong>olim</strong></span> <span class='ocrx_word' id='word_1_763' title='bbox 1935 3504 1953 3538; x_wconf 83' lang='grc' dir='ltr'><strong>ι</strong></span> <span class='ocrx_word' id='word_1_764' title='bbox 1993 3485 2405 3540; x_wconf 89' lang='lat' dir='ltr'><strong>circumeuntes</strong></span> <span class='ocrx_word' id='word_1_765' title='bbox 2434 3479 2488 3531; x_wconf 92' lang='lat' dir='ltr'><strong>in</strong></span> <span class='ocrx_word' id='word_1_766' title='bbox 2520 3476 2761 3538; x_wconf 87' lang='lat' dir='ltr'><strong>melotis,</strong></span> <span class='ocrx_word' id='word_1_767' title='bbox 2798 3474 2851 3529; x_wconf 90' lang='lat' dir='ltr'><strong>in</strong></span> <span class='ocrx_word' id='word_1_768' title='bbox 2894 3471 3128 3543; x_wconf 90' lang='lat' dir='ltr'><strong>pellibus</strong></span> <span class='ocrx_word' id='word_1_769' title='bbox 3172 3469 3356 3539; x_wconf 84' lang='lat' dir='ltr'><strong>capri-</strong></span> 
     </span>
    </p>
   </div>
   <div class='ocr_carea' id='block_1_95' title="bbox 1773 3562 3354 3650">
    <p class='ocr_par' dir='ltr' id='par_1_95' title="bbox 1773 3562 3354 3650">
     <span class='ocr_line' id='line_1_95' title="bbox 1773 3562 3354 3650; baseline -0.013 -13"><span class='ocrx_word' id='word_1_770' title='bbox 1773 3582 1883 3647; x_wconf 90' lang='lat' dir='ltr'><strong>nis,</strong></span> <span class='ocrx_word' id='word_1_771' title='bbox 1920 3587 2165 3650; x_wconf 91' lang='lat' dir='ltr'><strong>egentes,</strong></span> <span class='ocrx_word' id='word_1_772' title='bbox 2226 3571 2544 3643; x_wconf 88' lang='lat' dir='ltr'><strong>angustiati,</strong></span> <span class='ocrx_word' id='word_1_773' title='bbox 2598 3568 2803 3632; x_wconf 81' lang='lat' dir='ltr'><strong>amicti,</strong></span> <span class='ocrx_word' id='word_1_774' title='bbox 2854 3567 2911 3621; x_wconf 90' lang='lat' dir='ltr'><strong>in</strong></span> <span class='ocrx_word' id='word_1_775' title='bbox 2965 3562 3354 3622; x_wconf 75' lang='lat' dir='ltr'><strong>solitudinibus</strong></span> 
     </span>
    </p>
   </div>
   <div class='ocr_carea' id='block_1_96' title="bbox 1772 3655 3354 3735">
    <p class='ocr_par' dir='ltr' id='par_1_96' title="bbox 1772 3655 3354 3735">
     <span class='ocr_line' id='line_1_96' title="bbox 1772 3655 3354 3735; baseline -0.015 -5"><span class='ocrx_word' id='word_1_776' title='bbox 1772 3681 2050 3735; x_wconf 90' lang='lat' dir='ltr'><strong>errantes,</strong></span> <span class='ocrx_word' id='word_1_777' title='bbox 2086 3669 2142 3724; x_wconf 89' lang='lat' dir='ltr'><strong>in</strong></span> <span class='ocrx_word' id='word_1_778' title='bbox 2175 3666 2477 3726; x_wconf 86' lang='lat' dir='ltr'><strong>montibus,</strong></span> <span class='ocrx_word' id='word_1_779' title='bbox 2506 3663 2560 3717; x_wconf 94' lang='lat' dir='ltr'><strong>in</strong></span> <span class='ocrx_word' id='word_1_780' title='bbox 2594 3659 2872 3731; x_wconf 90' lang='lat' dir='ltr'><strong>speluncis</strong></span> <span class='ocrx_word' id='word_1_781' title='bbox 2897 3668 2952 3712; x_wconf 89' lang='lat' dir='ltr'><strong>et</strong></span> <span class='ocrx_word' id='word_1_782' title='bbox 2976 3658 3031 3711; x_wconf 92' lang='lat' dir='ltr'><strong>in</strong></span> <span class='ocrx_word' id='word_1_783' title='bbox 3067 3655 3354 3710; x_wconf 83' lang='lat' dir='ltr'><strong>foramini-</strong></span> 
     </span>
    </p>
   </div>
   <div class='ocr_carea' id='block_1_97' title="bbox 1772 3751 3351 3823">
    <p class='ocr_par' dir='ltr' id='par_1_97' title="bbox 1772 3751 3351 3823">
     <span class='ocr_line' id='line_1_97' title="bbox 1772 3751 3351 3823; baseline -0.016 0"><span class='ocrx_word' id='word_1_784' title='bbox 1772 3768 1878 3823; x_wconf 88' lang='lat' dir='ltr'><strong>bus</strong></span> <span class='ocrx_word' id='word_1_785' title='bbox 1906 3772 2068 3819; x_wconf 68' lang='lat' dir='ltr'><strong>terrze</strong></span> <span class='ocrx_word' id='word_1_786' title='bbox 2089 3760 2157 3815; x_wconf 68' lang='lat'><strong>“.</strong></span> <span class='ocrx_word' id='word_1_787' title='bbox 2197 3778 2215 3811; x_wconf 77' lang='grc' dir='ltr'><strong>ι</strong></span> <span class='ocrx_word' id='word_1_788' title='bbox 2273 3756 2378 3813; x_wconf 89' lang='lat' dir='ltr'><strong>Sed</strong></span> <span class='ocrx_word' id='word_1_789' title='bbox 2412 3755 2459 3811; x_wconf 89' lang='lat' dir='ltr'><strong>si</strong></span> <span class='ocrx_word' id='word_1_790' title='bbox 2497 3754 2663 3809; x_wconf 91' lang='lat' dir='ltr'><strong>bosce</strong></span> <span class='ocrx_word' id='word_1_791' title='bbox 2688 3751 2863 3805; x_wconf 91' lang='lat' dir='ltr'><strong>solum</strong></span> <span class='ocrx_word' id='word_1_792' title='bbox 2897 3761 3078 3805; x_wconf 88' lang='lat' dir='ltr'><strong>sermo</strong></span> <span class='ocrx_word' id='word_1_793' title='bbox 3109 3759 3351 3801; x_wconf 84' lang='lat' dir='ltr'><strong>comme-</strong></span> 
     </span>
    </p>
   </div>
   <div class='ocr_carea' id='block_1_98' title="bbox 1772 3837 3353 3918">
    <p class='ocr_par' dir='ltr' id='par_1_98' title="bbox 1772 3837 3353 3918">
     <span class='ocr_line' id='line_1_98' title="bbox 1772 3837 3353 3918; baseline -0.016 -3"><span class='ocrx_word' id='word_1_794' title='bbox 1772 3862 2063 3918; x_wconf 88' lang='lat' dir='ltr'><strong>morasset,</strong></span> <span class='ocrx_word' id='word_1_795' title='bbox 2127 3851 2384 3907; x_wconf 82' lang='lat' dir='ltr'><strong>exclusus</strong></span> <span class='ocrx_word' id='word_1_796' title='bbox 2446 3861 2579 3904; x_wconf 86' lang='lat' dir='ltr'><strong>sane</strong></span> <span class='ocrx_word' id='word_1_797' title='bbox 2620 3844 2759 3899; x_wconf 83' lang='lat' dir='ltr'><strong>foret</strong></span> <span class='ocrx_word' id='word_1_798' title='bbox 2825 3839 3078 3911; x_wconf 89' lang='lat' dir='ltr'><strong>quisquis</strong></span> <span class='ocrx_word' id='word_1_799' title='bbox 3128 3837 3197 3892; x_wconf 91' lang='lat' dir='ltr'><strong>iis</strong></span> <span class='ocrx_word' id='word_1_800' title='bbox 3240 3851 3353 3891; x_wconf 81' lang='lat' dir='ltr'><strong>non</strong></span> 
     </span>
    </p>
   </div>
   <div class='ocr_carea' id='block_1_99' title="bbox 1777 3928 3357 4012">
    <p class='ocr_par' dir='ltr' id='par_1_99' title="bbox 1777 3928 3357 4012">
     <span class='ocr_line' id='line_1_99' title="bbox 1777 3928 3357 4012; baseline -0.018 -4"><span class='ocrx_word' id='word_1_801' title='bbox 1777 3949 1977 4008; x_wconf 88' lang='lat' dir='ltr'><strong>similis</strong></span> <span class='ocrx_word' id='word_1_802' title='bbox 2012 3950 2180 4001; x_wconf 86' lang='lat' dir='ltr'><strong>esset.</strong></span> <span class='ocrx_word' id='word_1_803' title='bbox 2217 3941 2287 3995; x_wconf 89' lang='lat' dir='ltr'><strong>At</strong></span> <span class='ocrx_word' id='word_1_804' title='bbox 2328 3942 2442 4012; x_wconf 90' lang='lat' dir='ltr'><strong>jam</strong></span> <span class='ocrx_word' id='word_1_805' title='bbox 2473 3940 2640 3993; x_wconf 91' lang='lat' dir='ltr'><strong>alium</strong></span> <span class='ocrx_word' id='word_1_806' title='bbox 2670 3935 2919 3990; x_wconf 87' lang='lat' dir='ltr'><strong>ordinem</strong></span> <span class='ocrx_word' id='word_1_807' title='bbox 2948 3936 3234 3986; x_wconf 91' lang='lat' dir='ltr'><strong>enumerat</strong></span> <span class='ocrx_word' id='word_1_808' title='bbox 3269 3928 3357 3983; x_wconf 77' lang='lat' dir='ltr'><strong>di-</strong></span> 
     </span>
    </p>
   </div>
   <div class='ocr_carea' id='block_1_100' title="bbox 1774 4019 3354 4105">
    <p class='ocr_par' dir='ltr' id='par_1_100' title="bbox 1774 4019 3354 4105">
     <span class='ocr_line' id='line_1_100' title="bbox 1774 4019 3354 4105; baseline -0.015 -9"><span class='ocrx_word' id='word_1_809' title='bbox 1774 4055 1929 4105; x_wconf 89' lang='lat' dir='ltr'><strong>cens,</strong></span> <span class='ocrx_word' id='word_1_810' title='bbox 1967 4056 1985 4089; x_wconf 76' lang='grc' dir='ltr'><strong>ι</strong></span> <span class='ocrx_word' id='word_1_811' title='bbox 2021 4036 2089 4090; x_wconf 91' lang='lat' dir='ltr'><strong>Et</strong></span> <span class='ocrx_word' id='word_1_812' title='bbox 2113 4034 2299 4088; x_wconf 88' lang='lat' dir='ltr'><strong>salvos</strong></span> <span class='ocrx_word' id='word_1_813' title='bbox 2326 4032 2488 4086; x_wconf 82' lang='lat' dir='ltr'><strong>faciet</strong></span> <span class='ocrx_word' id='word_1_814' title='bbox 2518 4029 2659 4083; x_wconf 92' lang='lat' dir='ltr'><strong>ﬁlios</strong></span> <span class='ocrx_word' id='word_1_815' title='bbox 2682 4038 3007 4097; x_wconf 91' lang='lat' dir='ltr'><strong>pauperum.</strong></span> <span class='ocrx_word' id='word_1_816' title='bbox 3035 4041 3051 4074; x_wconf 84' lang='grc' dir='ltr'><strong>ι</strong></span> <span class='ocrx_word' id='word_1_817' title='bbox 3076 4019 3203 4075; x_wconf 88' lang='lat' dir='ltr'><strong>Filii</strong></span> <span class='ocrx_word' id='word_1_818' title='bbox 3226 4034 3354 4074; x_wconf 90' lang='lat' dir='ltr'><strong>vero</strong></span> 
     </span>
    </p>
   </div>
   <div class='ocr_carea' id='block_1_101' title="bbox 1774 4110 3356 4204">
    <p class='ocr_par' dir='ltr' id='par_1_101' title="bbox 1774 4110 3356 4204">
     <span class='ocr_line' id='line_1_101' title="bbox 1774 4110 3356 4204; baseline -0.014 -19"><span class='ocrx_word' id='word_1_819' title='bbox 1774 4144 2072 4204; x_wconf 89' lang='lat' dir='ltr'><strong>pauperum</strong></span> <span class='ocrx_word' id='word_1_820' title='bbox 2101 4132 2258 4181; x_wconf 89' lang='lat' dir='ltr'><strong>erant</strong></span> <span class='ocrx_word' id='word_1_821' title='bbox 2290 4123 2663 4194; x_wconf 88' lang='lat' dir='ltr'><strong>apostolorum</strong></span> <span class='ocrx_word' id='word_1_822' title='bbox 2694 4126 2749 4173; x_wconf 94' lang='lat' dir='ltr'><strong>et</strong></span> <span class='ocrx_word' id='word_1_823' title='bbox 2793 4115 3188 4185; x_wconf 90' lang='lat' dir='ltr'><strong>discipulorum</strong></span> <span class='ocrx_word' id='word_1_824' title='bbox 3231 4110 3356 4165; x_wconf 87' lang='lat' dir='ltr'><strong>Ser-</strong></span> 
     </span>
    </p>
   </div>
   <div class='ocr_carea' id='block_1_102' title="bbox 1773 4202 3356 4287">
    <p class='ocr_par' dir='ltr' id='par_1_102' title="bbox 1773 4202 3356 4287">
     <span class='ocr_line' id='line_1_102' title="bbox 1773 4202 3356 4287; baseline -0.015 -9"><span class='ocrx_word' id='word_1_825' title='bbox 1773 4202 1981 4278; x_wconf 85' lang='lat' dir='ltr'><strong>vatoris</strong></span> <span class='ocrx_word' id='word_1_826' title='bbox 2010 4220 2183 4276; x_wconf 91' lang='lat' dir='ltr'><strong>nostri</strong></span> <span class='ocrx_word' id='word_1_827' title='bbox 2210 4218 2347 4281; x_wconf 89' lang='lat' dir='ltr'><strong>noti,</strong></span> <span class='ocrx_word' id='word_1_828' title='bbox 2378 4230 2517 4287; x_wconf 91' lang='lat' dir='ltr'><strong>quos</strong></span> <span class='ocrx_word' id='word_1_829' title='bbox 2556 4211 2850 4283; x_wconf 88' lang='lat' dir='ltr'><strong>Apostolus</strong></span> <span class='ocrx_word' id='word_1_830' title='bbox 2871 4209 3023 4263; x_wconf 85' lang='lat' dir='ltr'><strong>hisce</strong></span> <span class='ocrx_word' id='word_1_831' title='bbox 3062 4204 3244 4260; x_wconf 88' lang='lat' dir='ltr'><strong>verbis</strong></span> <span class='ocrx_word' id='word_1_832' title='bbox 3269 4202 3356 4256; x_wconf 80' lang='lat' dir='ltr'><strong>in-</strong></span> 
     </span>
    </p>
   </div>
   <div class='ocr_carea' id='block_1_103' title="bbox 1778 4294 3354 4375">
    <p class='ocr_par' dir='ltr' id='par_1_103' title="bbox 1778 4294 3354 4375">
     <span class='ocr_line' id='line_1_103' title="bbox 1778 4294 3354 4375; baseline -0.015 -4"><span class='ocrx_word' id='word_1_833' title='bbox 1778 4317 2012 4372; x_wconf 87' lang='lat' dir='ltr'><strong>dicavit:</strong></span> <span class='ocrx_word' id='word_1_834' title='bbox 2046 4332 2064 4364; x_wconf 73' lang='lat' dir='ltr'><strong>c</strong></span> <span class='ocrx_word' id='word_1_835' title='bbox 2105 4312 2239 4367; x_wconf 81' lang='lat' dir='ltr'><strong>Nam</strong></span> <span class='ocrx_word' id='word_1_836' title='bbox 2268 4310 2371 4367; x_wconf 88' lang='lat' dir='ltr'><strong>etsi</strong></span> <span class='ocrx_word' id='word_1_837' title='bbox 2415 4307 2620 4363; x_wconf 89' lang='lat' dir='ltr'><strong>multos</strong></span> <span class='ocrx_word' id='word_1_838' title='bbox 2653 4303 2977 4375; x_wconf 80' lang='lat' dir='ltr'><strong>paedagogos</strong></span> <span class='ocrx_word' id='word_1_839' title='bbox 3013 4296 3258 4353; x_wconf 89' lang='lat' dir='ltr'><strong>habeatis</strong></span> <span class='ocrx_word' id='word_1_840' title='bbox 3298 4294 3354 4348; x_wconf 92' lang='lat' dir='ltr'><strong>in</strong></span> 
     </span>
    </p>
   </div>
   <div class='ocr_carea' id='block_1_104' title="bbox 1776 4387 3354 4473">
    <p class='ocr_par' dir='ltr' id='par_1_104' title="bbox 1776 4387 3354 4473">
     <span class='ocr_line' id='line_1_104' title="bbox 1776 4387 3354 4473; baseline -0.015 -9"><span class='ocrx_word' id='word_1_841' title='bbox 1776 4408 2019 4473; x_wconf 83' lang='lat' dir='ltr'><strong>Christo,</strong></span> <span class='ocrx_word' id='word_1_842' title='bbox 2054 4405 2149 4462; x_wconf 91' lang='lat' dir='ltr'><strong>sed</strong></span> <span class='ocrx_word' id='word_1_843' title='bbox 2190 4420 2301 4459; x_wconf 91' lang='lat' dir='ltr'><strong>non</strong></span> <span class='ocrx_word' id='word_1_844' title='bbox 2339 4422 2351 4457; x_wconf 94' lang='lat'>:</span> <span class='ocrx_word' id='word_1_845' title='bbox 2392 4401 2595 4456; x_wconf 85' lang='lat' dir='ltr'><strong>multos</strong></span> <span class='ocrx_word' id='word_1_846' title='bbox 2626 4406 2846 4470; x_wconf 86' lang='lat' dir='ltr'><strong>patres:</strong></span> <span class='ocrx_word' id='word_1_847' title='bbox 2872 4396 2927 4450; x_wconf 91' lang='lat' dir='ltr'><strong>in</strong></span> <span class='ocrx_word' id='word_1_848' title='bbox 2962 4393 3178 4447; x_wconf 87' lang='lat' dir='ltr'><strong>Christo</strong></span> <span class='ocrx_word' id='word_1_849' title='bbox 3206 4387 3354 4443; x_wconf 85' lang='lat' dir='ltr'><strong>enim</strong></span> 
     </span>
    </p>
   </div>
   <div class='ocr_carea' id='block_1_105' title="bbox 1775 4480 3351 4571">
    <p class='ocr_par' dir='ltr' id='par_1_105' title="bbox 1775 4480 3351 4571">
     <span class='ocr_line' id='line_1_105' title="bbox 1775 4480 3351 4571; baseline -0.016 -14"><span class='ocrx_word' id='word_1_850' title='bbox 1775 4501 1906 4558; x_wconf 83' lang='lat' dir='ltr'><strong>Jesu</strong></span> <span class='ocrx_word' id='word_1_851' title='bbox 1935 4514 2035 4571; x_wconf 86' lang='lat' dir='ltr'><strong>ego</strong></span> <span class='ocrx_word' id='word_1_852' title='bbox 2078 4513 2176 4554; x_wconf 87' lang='lat' dir='ltr'><strong>vos</strong></span> <span class='ocrx_word' id='word_1_853' title='bbox 2207 4497 2366 4569; x_wconf 90' lang='lat' dir='ltr'><strong>genui</strong></span> <span class='ocrx_word' id='word_1_854' title='bbox 2387 4496 2466 4561; x_wconf 84' lang='grc'><strong>²⁸;</strong></span> <span class='ocrx_word' id='word_1_855' title='bbox 2517 4513 2535 4544; x_wconf 73' lang='grc' dir='ltr'><strong>ι</strong></span> <span class='ocrx_word' id='word_1_856' title='bbox 2572 4508 2636 4547; x_wconf 88' lang='lat' dir='ltr'><strong>ac</strong></span> <span class='ocrx_word' id='word_1_857' title='bbox 2678 4503 2902 4545; x_wconf 90' lang='lat' dir='ltr'><strong>rursum</strong></span> <span class='ocrx_word' id='word_1_858' title='bbox 2952 4503 2967 4540; x_wconf 91' lang='lat'><strong>:</strong></span> <span class='ocrx_word' id='word_1_859' title='bbox 3012 4502 3030 4535; x_wconf 77' lang='grc' dir='ltr'><strong>ι</strong></span> <span class='ocrx_word' id='word_1_860' title='bbox 3068 4481 3191 4536; x_wconf 86' lang='lat' dir='ltr'><strong>Filii</strong></span> <span class='ocrx_word' id='word_1_861' title='bbox 3222 4480 3351 4543; x_wconf 87' lang='lat' dir='ltr'><strong>mei,</strong></span> 
     </span>
    </p>
   </div>
   <div class='ocr_carea' id='block_1_106' title="bbox 1779 4570 3353 4664">
    <p class='ocr_par' dir='ltr' id='par_1_106' title="bbox 1779 4570 3353 4664">
     <span class='ocr_line' id='line_1_106' title="bbox 1779 4570 3353 4664; baseline -0.015 -18"><span class='ocrx_word' id='word_1_862' title='bbox 1779 4608 1920 4664; x_wconf 88' lang='lat' dir='ltr'><strong>quos</strong></span> <span class='ocrx_word' id='word_1_863' title='bbox 1954 4570 2176 4645; x_wconf 83' lang='lat' dir='ltr'><strong>rursum</strong></span> <span class='ocrx_word' id='word_1_864' title='bbox 2211 4587 2481 4659; x_wconf 89' lang='lat' dir='ltr'><strong>parturio,</strong></span> <span class='ocrx_word' id='word_1_865' title='bbox 2513 4584 2688 4640; x_wconf 91' lang='lat' dir='ltr'><strong>donec</strong></span> <span class='ocrx_word' id='word_1_866' title='bbox 2720 4582 2984 4636; x_wconf 81' lang='lat' dir='ltr'><strong>formetur</strong></span> <span class='ocrx_word' id='word_1_867' title='bbox 3011 4574 3266 4630; x_wconf 89' lang='lat' dir='ltr'><strong>Christus</strong></span> <span class='ocrx_word' id='word_1_868' title='bbox 3297 4570 3353 4624; x_wconf 89' lang='lat' dir='ltr'><strong>in</strong></span> 
     </span>
    </p>
   </div>
   <div class='ocr_carea' id='block_1_107' title="bbox 1778 4662 3353 4749">
    <p class='ocr_par' dir='ltr' id='par_1_107' title="bbox 1778 4662 3353 4749">
     <span class='ocr_line' id='line_1_107' title="bbox 1778 4662 3353 4749; baseline -0.017 -11"><span class='ocrx_word' id='word_1_869' title='bbox 1778 4662 1934 4739; x_wconf 77' lang='lat' dir='ltr'><strong>vobis</strong></span> <span class='ocrx_word' id='word_1_870' title='bbox 1961 4684 2027 4735; x_wconf 79' lang='lat'><strong>&quot;.</strong></span> <span class='ocrx_word' id='word_1_871' title='bbox 2061 4700 2079 4732; x_wconf 79' lang='grc' dir='ltr'><strong>ι</strong></span> <span class='ocrx_word' id='word_1_872' title='bbox 2108 4679 2311 4735; x_wconf 84' lang='lat' dir='ltr'><strong>Verum</strong></span> <span class='ocrx_word' id='word_1_873' title='bbox 2343 4690 2615 4749; x_wconf 90' lang='lat' dir='ltr'><strong>pauperes</strong></span> <span class='ocrx_word' id='word_1_874' title='bbox 2638 4687 2771 4729; x_wconf 91' lang='lat' dir='ltr'><strong>suos</strong></span> <span class='ocrx_word' id='word_1_875' title='bbox 2802 4678 2856 4725; x_wconf 93' lang='lat' dir='ltr'><strong>et</strong></span> <span class='ocrx_word' id='word_1_876' title='bbox 2886 4667 3027 4722; x_wconf 92' lang='lat' dir='ltr'><strong>ﬁlios</strong></span> <span class='ocrx_word' id='word_1_877' title='bbox 3050 4662 3353 4735; x_wconf 83' lang='lat' dir='ltr'><strong>pauperum</strong></span> 
     </span>
    </p>
   </div>
   <div class='ocr_carea' id='block_1_108' title="bbox 1774 4754 3356 4845">
    <p class='ocr_par' dir='ltr' id='par_1_108' title="bbox 1774 4754 3356 4845">
     <span class='ocr_line' id='line_1_108' title="bbox 1774 4754 3356 4845; baseline -0.018 -13"><span class='ocrx_word' id='word_1_878' title='bbox 1774 4792 1898 4832; x_wconf 92' lang='lat' dir='ltr'><strong>cum</strong></span> <span class='ocrx_word' id='word_1_879' title='bbox 1920 4774 2137 4845; x_wconf 90' lang='lat' dir='ltr'><strong>justitia</strong></span> <span class='ocrx_word' id='word_1_880' title='bbox 2166 4781 2222 4827; x_wconf 84' lang='lat' dir='ltr'><strong>et</strong></span> <span class='ocrx_word' id='word_1_881' title='bbox 2249 4780 2402 4827; x_wconf 88' lang='lat' dir='ltr'><strong>recto</strong></span> <span class='ocrx_word' id='word_1_882' title='bbox 2436 4768 2648 4839; x_wconf 90' lang='lat' dir='ltr'><strong>judicio</strong></span> <span class='ocrx_word' id='word_1_883' title='bbox 2692 4765 2869 4821; x_wconf 88' lang='lat' dir='ltr'><strong>salute</strong></span> <span class='ocrx_word' id='word_1_884' title='bbox 2897 4761 3084 4815; x_wconf 90' lang='lat' dir='ltr'><strong>donat.</strong></span> <span class='ocrx_word' id='word_1_885' title='bbox 3132 4754 3356 4811; x_wconf 78' lang='lat' dir='ltr'><strong>Calum-</strong></span> 
     </span>
    </p>
   </div>
   <div class='ocr_carea' id='block_1_109' title="bbox 1776 4848 3355 4931">
    <p class='ocr_par' dir='ltr' id='par_1_109' title="bbox 1776 4848 3355 4931">
     <span class='ocr_line' id='line_1_109' title="bbox 1776 4848 3355 4931; baseline -0.016 -9"><span class='ocrx_word' id='word_1_886' title='bbox 1776 4865 2008 4922; x_wconf 89' lang='lat' dir='ltr'><strong>niatoris</strong></span> <span class='ocrx_word' id='word_1_887' title='bbox 2037 4873 2241 4927; x_wconf 86' lang='lat' dir='ltr'><strong>autem,</strong></span> <span class='ocrx_word' id='word_1_888' title='bbox 2267 4861 2361 4931; x_wconf 91' lang='lat' dir='ltr'><strong>qui</strong></span> <span class='ocrx_word' id='word_1_889' title='bbox 2401 4861 2455 4914; x_wconf 93' lang='lat' dir='ltr'><strong>in</strong></span> <span class='ocrx_word' id='word_1_890' title='bbox 2488 4859 2729 4913; x_wconf 88' lang='lat' dir='ltr'><strong>animum</strong></span> <span class='ocrx_word' id='word_1_891' title='bbox 2760 4851 2973 4907; x_wconf 79' lang='lat' dir='ltr'><strong>induxit</strong></span> <span class='ocrx_word' id='word_1_892' title='bbox 3001 4848 3263 4920; x_wconf 87' lang='lat' dir='ltr'><strong>populum</strong></span> <span class='ocrx_word' id='word_1_893' title='bbox 3300 4848 3355 4897; x_wconf 86' lang='lat' dir='ltr'><strong>et</strong></span> 
     </span>
    </p>
   </div>
   <div class='ocr_carea' id='block_1_110' title="bbox 1779 4939 3353 5023">
    <p class='ocr_par' dir='ltr' id='par_1_110' title="bbox 1779 4939 3353 5023">
     <span class='ocr_line' id='line_1_110' title="bbox 1779 4939 3353 5023; baseline -0.014 -11"><span class='ocrx_word' id='word_1_894' title='bbox 1779 4956 2079 5014; x_wconf 88' lang='lat' dir='ltr'><strong>Ecclesiam</strong></span> <span class='ocrx_word' id='word_1_895' title='bbox 2125 4954 2245 5023; x_wconf 89' lang='lat' dir='ltr'><strong>ejus</strong></span> <span class='ocrx_word' id='word_1_896' title='bbox 2291 4954 2613 5021; x_wconf 72' lang='lat' dir='ltr'><strong>impugnare</strong></span> <span class='ocrx_word' id='word_1_897' title='bbox 2688 4952 2852 5015; x_wconf 89' lang='lat' dir='ltr'><strong>(nam</strong></span> <span class='ocrx_word' id='word_1_898' title='bbox 2908 4939 3152 4997; x_wconf 82' lang='lat' dir='ltr'><strong>sexcenti</strong></span> <span class='ocrx_word' id='word_1_899' title='bbox 3189 4950 3353 5008; x_wconf 87' lang='lat' dir='ltr'><strong>syco-</strong></span> 
     </span>
    </p>
   </div>
   <div class='ocr_carea' id='block_1_111' title="bbox 1777 5026 3351 5118">
    <p class='ocr_par' dir='ltr' id='par_1_111' title="bbox 1777 5026 3351 5118">
     <span class='ocr_line' id='line_1_111' title="bbox 1777 5026 3351 5118; baseline -0.015 -15"><span class='ocrx_word' id='word_1_900' title='bbox 1777 5049 1995 5118; x_wconf 58' lang='lat' dir='ltr'><strong>phanta)</strong></span> <span class='ocrx_word' id='word_1_901' title='bbox 2050 5054 2177 5101; x_wconf 90' lang='lat' dir='ltr'><strong>sunt</strong></span> <span class='ocrx_word' id='word_1_902' title='bbox 2236 5042 2329 5112; x_wconf 92' lang='lat' dir='ltr'><strong>qui</strong></span> <span class='ocrx_word' id='word_1_903' title='bbox 2370 5039 2669 5094; x_wconf 78' lang='lat' dir='ltr'><strong>Ecclesium</strong></span> <span class='ocrx_word' id='word_1_904' title='bbox 2719 5035 2839 5104; x_wconf 88' lang='lat' dir='ltr'><strong>ejus</strong></span> <span class='ocrx_word' id='word_1_905' title='bbox 2887 5026 3351 5097; x_wconf 86' lang='lat' dir='ltr'><strong>calumniantur);</strong></span> 
     </span>
    </p>
   </div>
   <div class='ocr_carea' id='block_1_112' title="bbox 1777 5115 3355 5199">
    <p class='ocr_par' dir='ltr' id='par_1_112' title="bbox 1777 5115 3355 5199">
     <span class='ocr_line' id='line_1_112' title="bbox 1777 5115 3355 5199; baseline -0.013 -11"><span class='ocrx_word' id='word_1_906' title='bbox 1777 5115 1886 5188; x_wconf 80' lang='lat' dir='ltr'><strong>imo</strong></span> <span class='ocrx_word' id='word_1_907' title='bbox 1917 5134 2081 5189; x_wconf 87' lang='lat' dir='ltr'><strong>etiam</strong></span> <span class='ocrx_word' id='word_1_908' title='bbox 2108 5131 2343 5185; x_wconf 90' lang='lat' dir='ltr'><strong>aliorum</strong></span> <span class='ocrx_word' id='word_1_909' title='bbox 2375 5128 2468 5199; x_wconf 92' lang='lat' dir='ltr'><strong>qui</strong></span> <span class='ocrx_word' id='word_1_910' title='bbox 2509 5125 2663 5196; x_wconf 91' lang='lat' dir='ltr'><strong>probi</strong></span> <span class='ocrx_word' id='word_1_911' title='bbox 2714 5123 2951 5178; x_wconf 91' lang='lat' dir='ltr'><strong>instituti</strong></span> <span class='ocrx_word' id='word_1_912' title='bbox 2978 5122 3125 5176; x_wconf 78' lang='lat' dir='ltr'><strong>viros</strong></span> <span class='ocrx_word' id='word_1_913' title='bbox 3166 5119 3219 5172; x_wconf 94' lang='lat' dir='ltr'><strong>in</strong></span> <span class='ocrx_word' id='word_1_914' title='bbox 3249 5115 3355 5169; x_wconf 78' lang='lat' dir='ltr'><strong>Ec-</strong></span> 
     </span>
    </p>
   </div>
   <div class='ocr_carea' id='block_1_113' title="bbox 1773 5212 3354 5292">
    <p class='ocr_par' dir='ltr' id='par_1_113' title="bbox 1773 5212 3354 5292">
     <span class='ocr_line' id='line_1_113' title="bbox 1773 5212 3354 5292; baseline -0.011 -13"><span class='ocrx_word' id='word_1_915' title='bbox 1773 5224 1942 5279; x_wconf 86' lang='lat' dir='ltr'><strong>clesia</strong></span> <span class='ocrx_word' id='word_1_916' title='bbox 1964 5221 2087 5292; x_wconf 90' lang='lat' dir='ltr'><strong>ejus</strong></span> <span class='ocrx_word' id='word_1_917' title='bbox 2122 5217 2497 5292; x_wconf 87' lang='lat' dir='ltr'><strong>syc0pbantiis</strong></span> <span class='ocrx_word' id='word_1_918' title='bbox 2520 5218 2810 5287; x_wconf 88' lang='lat' dir='ltr'><strong>impetunt,</strong></span> <span class='ocrx_word' id='word_1_919' title='bbox 2834 5214 2959 5267; x_wconf 69' lang='lat' dir='ltr'><strong>vitae</strong></span> <span class='ocrx_word' id='word_1_920' title='bbox 2990 5212 3195 5268; x_wconf 79' lang='lat' dir='ltr'><strong>exitum</strong></span> <span class='ocrx_word' id='word_1_921' title='bbox 3230 5223 3354 5279; x_wconf 85' lang='lat' dir='ltr'><strong>per-</strong></span> 
     </span>
    </p>
   </div>
   <div class='ocr_carea' id='block_1_114' title="bbox 1780 5302 3355 5386">
    <p class='ocr_par' dir='ltr' id='par_1_114' title="bbox 1780 5302 3355 5386">
     <span class='ocr_line' id='line_1_114' title="bbox 1780 5302 3355 5386; baseline -0.012 -15"><span class='ocrx_word' id='word_1_922' title='bbox 1780 5316 2047 5386; x_wconf 88' lang='lat' dir='ltr'><strong>pendens,</strong></span> <span class='ocrx_word' id='word_1_923' title='bbox 2091 5313 2262 5384; x_wconf 86' lang='lat' dir='ltr'><strong>probe</strong></span> <span class='ocrx_word' id='word_1_924' title='bbox 2294 5310 2561 5378; x_wconf 81' lang='lat' dir='ltr'><strong>intelliges</strong></span> <span class='ocrx_word' id='word_1_925' title='bbox 2609 5323 2707 5361; x_wconf 93' lang='lat' dir='ltr'><strong>cur</strong></span> <span class='ocrx_word' id='word_1_926' title='bbox 2737 5306 2969 5367; x_wconf 85' lang='lat' dir='ltr'><strong>dicatur,</strong></span> <span class='ocrx_word' id='word_1_927' title='bbox 3006 5322 3025 5353; x_wconf 78' lang='grc' dir='ltr'><strong>ι</strong></span> <span class='ocrx_word' id='word_1_928' title='bbox 3079 5302 3146 5357; x_wconf 86' lang='lat' dir='ltr'><strong>Et</strong></span> <span class='ocrx_word' id='word_1_929' title='bbox 3175 5302 3355 5355; x_wconf 88' lang='lat' dir='ltr'><strong>humi-</strong></span> 
     </span>
    </p>
   </div>
   <div class='ocr_carea' id='block_1_115' title="bbox 1780 5393 3355 5465">
    <p class='ocr_par' dir='ltr' id='par_1_115' title="bbox 1780 5393 3355 5465">
     <span class='ocr_line' id='line_1_115' title="bbox 1780 5393 3355 5465; baseline -0.011 -4"><span class='ocrx_word' id='word_1_930' title='bbox 1780 5407 1935 5461; x_wconf 88' lang='lat' dir='ltr'><strong>liabit</strong></span> <span class='ocrx_word' id='word_1_931' title='bbox 1981 5403 2459 5459; x_wconf 89' lang='lat' dir='ltr'><strong>calumnialorem.</strong></span> <span class='ocrx_word' id='word_1_932' title='bbox 2500 5420 2519 5451; x_wconf 72' lang='grc' dir='ltr'><strong>ι</strong></span> <span class='ocrx_word' id='word_1_933' title='bbox 2553 5399 2688 5465; x_wconf 81' lang='lat' dir='ltr'><strong>Quis</strong></span> <span class='ocrx_word' id='word_1_934' title='bbox 2727 5399 2871 5452; x_wconf 83' lang='lat' dir='ltr'><strong>enim</strong></span> <span class='ocrx_word' id='word_1_935' title='bbox 2905 5410 3118 5459; x_wconf 89' lang='lat' dir='ltr'><strong>eorum,</strong></span> <span class='ocrx_word' id='word_1_936' title='bbox 3152 5393 3244 5462; x_wconf 89' lang='lat' dir='ltr'><strong>qui</strong></span> <span class='ocrx_word' id='word_1_937' title='bbox 3278 5401 3355 5462; x_wconf 83' lang='lat' dir='ltr'><strong>ty-</strong></span> 
     </span>
    </p>
   </div>
   <div class='ocr_carea' id='block_1_116' title="bbox 1776 5486 3348 5557">
    <p class='ocr_par' dir='ltr' id='par_1_116' title="bbox 1776 5486 3348 5557">
     <span class='ocr_line' id='line_1_116' title="bbox 1776 5486 3348 5557; baseline -0.01 -6"><span class='ocrx_word' id='word_1_938' title='bbox 1776 5499 2006 5551; x_wconf 87' lang='lat' dir='ltr'><strong>rannice</strong></span> <span class='ocrx_word' id='word_1_939' title='bbox 2060 5494 2115 5549; x_wconf 90' lang='lat' dir='ltr'><strong>in</strong></span> <span class='ocrx_word' id='word_1_940' title='bbox 2168 5491 2470 5547; x_wconf 86' lang='lat' dir='ltr'><strong>Salvatoris</strong></span> <span class='ocrx_word' id='word_1_941' title='bbox 2517 5489 2691 5544; x_wconf 88' lang='lat' dir='ltr'><strong>nostri</strong></span> <span class='ocrx_word' id='word_1_942' title='bbox 2756 5486 3052 5543; x_wconf 84' lang='lat' dir='ltr'><strong>Ecclesiam</strong></span> <span class='ocrx_word' id='word_1_943' title='bbox 3100 5490 3348 5557; x_wconf 82' lang='lat' dir='ltr'><strong>egerunt,</strong></span> 
     </span>
    </p>
   </div>
   <div class='ocr_carea' id='block_1_117' title="bbox 1869 5692 3345 5768">
    <p class='ocr_par' dir='ltr' id='par_1_117' title="bbox 1869 5692 3345 5768">
     <span class='ocr_line' id='line_1_117' title="bbox 1869 5692 3345 5768; baseline -0.009 -10"><span class='ocrx_word' id='word_1_944' title='bbox 1869 5706 1913 5737; x_wconf 83' lang='grc'><strong>¹²</strong></span> <span class='ocrx_word' id='word_1_945' title='bbox 1944 5702 2065 5757; x_wconf 88' lang='lat' dir='ltr'><strong>Act.</strong></span> <span class='ocrx_word' id='word_1_946' title='bbox 2099 5717 2179 5768; x_wconf 92' lang='grc' dir='ltr'>ιιι,</span> <span class='ocrx_word' id='word_1_947' title='bbox 2207 5701 2260 5757; x_wconf 82' lang='lat'><strong>6.</strong></span> <span class='ocrx_word' id='word_1_948' title='bbox 2361 5700 2408 5732; x_wconf 80' lang='grc'><strong>’³</strong></span> <span class='ocrx_word' id='word_1_949' title='bbox 2442 5698 2633 5754; x_wconf 83' lang='lat' dir='ltr'><strong>Matth.</strong></span> <span class='ocrx_word' id='word_1_950' title='bbox 2665 5714 2715 5763; x_wconf 69' lang='grc' dir='ltr'><strong>κ,</strong></span> <span class='ocrx_word' id='word_1_951' title='bbox 2743 5697 2794 5751; x_wconf 89' lang='lat'><strong>9.</strong></span> <span class='ocrx_word' id='word_1_952' title='bbox 2876 5694 2919 5727; x_wconf 76' lang='lat'>&quot;</span> <span class='ocrx_word' id='word_1_953' title='bbox 2953 5693 3117 5753; x_wconf 91' lang='lat' dir='ltr'><strong>llcbr.</strong></span> <span class='ocrx_word' id='word_1_954' title='bbox 3151 5710 3226 5762; x_wconf 73' lang='grc' dir='ltr'>ιι,</span> <span class='ocrx_word' id='word_1_955' title='bbox 3255 5692 3345 5747; x_wconf 78' lang='grc'><strong>57.</strong></span> 
     </span>
    </p>
   </div>
  </div>
