3776 6284
413 357 518 415 799
1080 351 1347 412 EUSEBII
1387 347 1866 408 CIESARIENSIS
1903 368 1904 379 ι

2102 345 2273 400 rans
2313 343 2399 401 ιιι.
2440 372 2506 387 -
2540 321 2948 398 είιιιῑοετιοιι.
3515 321 3593 400 ilo

413 492 644 546 eamque
677 475 1008 546 blasphemis
1047 475 1210 530 dictis
1243 483 1298 529 et
1325 471 1699 545 sycophantiis
1731 471 1904 524 trado:

2104 469 2406 533 νευσάντων,
2453 467 2546 521 καὶ
2578 467 2678 537 τήν
2714 464 2807 518 τοῦ
2842 465 3092 533 Σωτηρος
3134 477 3287 533 ημων
3329 459 3595 532 Ἐκκλησίαν

416 574 563 632 runt,
599 566 847 632 deiectus
877 582 986 620 non
1023 564 1168 620 fuit?
1195 563 1331 632 Quis
1361 579 1426 620 ex
1461 561 1798 633 sapientibus
1827 560 1907 628 huj

2106 559 2461 632 Βλασφημίαις
2500 560 2594 614 καὶ
2647 555 3027 625 συκοφαντίαις
3084 552 3515 624 περιϐαλλόντων,
3552 557 3597 608 οὗ

419 657 605 711 saeculi
627 657 871 728 linguam
902 672 1056 712 suam
1084 657 1304 713 exacuit
1333 664 1522 710 contra
1566 655 1804 709 divinam
1840 651 1909 706 Sc

2106 653 2513 717 τεταπείνωταις
2558 650 2653 714 Τίς
2701 649 2808 702 τῶν
2859 645 3037 716 σοφῶν
3085 645 3180 699 τοῦ
3221 644 3404 708 αίιῖινος
3432 644 3597 710 τούτου,

419 756 658 818 pturam,
699 748 831 820 quin
861 748 1232 821 sycophantiae
1263 763 1377 804 suae
1425 747 1656 817 pignora
1703 748 1907 800 retuler

2108 745 2187 816 τὴν
2219 743 2382 797 αὑτοῦ
2416 743 2662 812 γλῶτταν
2694 743 2964 813 ἀκονήσας
2996 739 3136 794 κατὰ
3171 737 3268 808 τῆς
3301 737 3599 792 θεοπνεύστου

417 837 528 893 Sed
562 855 688 894 cum
722 841 862 896 bene
900 840 1055 894 multi
1094 839 1445 911 sycophantt'e
1471 847 1660 892 contra
1689 834 1908 890 Ecclesi:

2108 838 2333 910 Γραφῆς,
2367 839 2429 890 οὑ
2457 837 2524 892 τὰ
2561 837 2811 908 ἐπίχειρα
2846 833 3080 889 πέπονθε
3125 833 3224 902 τῆς
3261 831 3599 901 συκοφαντίαςς

416 928 542 996 ejus
567 929 990 993 insurrexerint,
1024 944 1325 999 omnesque
1347 942 1578 999 prorsus
1599 925 1794 996 dejecti
1817 932 1871 980 et
1900 924 1907 977 l

2111 931 2265 985 Ἀλλὰ
2297 930 2406 1003 γὰρ
2440 929 2703 984 πλείστων
2731 930 2870 983 ὅσων
2910 927 3279 1000 ἐπισταμένων
3311 926 3602 994 συκοφαντῶν

417 1019 615 1074 miliati
659 1021 900 1086 fuerint;
938 1020 1055 1092 ipse
1095 1028 1278 1075 tamen
1311 1034 1418 1073 una
1457 1032 1578 1073 cum
1604 1017 1719 1072 sole
1747 1031 1908 1087 perm:

2112 1024 2232 1079 ιατὰ
2260 1025 2358 1096 τῆς
2391 1023 2715 1096 Ἐκκλησίας
2735 1021 2920 1086 αὑτοῦ,
2944 1022 3160 1076 πάντων
3180 1037 3239 1074 τε
3264 1019 3401 1074 κατὰ
3426 1020 3603 1089 καιροὺς

418 1125 610 1178 eurus,
646 1129 710 1167 ac
741 1113 965 1185 perinde
997 1125 1158 1184 atque
1185 1111 1550 1169 soldoctrinaz
1576 1127 1690 1167 sua:
1719 1111 1889 1166 radiis

2112 1115 2526 1186 ταπεινουμένων
2550 1155 2564 1179 ,
2598 1115 2758 1180 αὑτὸς
2787 1112 3234 1186 συμπαραμένειν
3277 1111 3356 1183 τῷ
3397 1111 3515 1183 ήλίῳ
3539 1112 3603 1164 θε-

417 1211 536 1257 tum
573 1204 762 1260 orbem
789 1206 1168 1261 illustraturus
1198 1203 1545 1276 praedicitur;
1574 1212 1627 1258 et
1649 1211 1775 1258 ante
1807 1203 1900 1257 lun

2115 1211 2364 1276 ιπίζεται,
2401 1209 2600 1281 ὁμοίως
2631 1208 2763 1281 ήλίῳ
2796 1212 2915 1272 ταῖς
2948 1208 3142 1276 αὐγαῖς
3173 1207 3272 1278 τῆς
3307 1203 3460 1260 αὑτοὺ
3493 1205 3606 1258 διδα-

419 1296 639 1353 futurus
691 1300 1123 1368 praznuntiatur;
1188 1299 1302 1353 sive
1367 1297 1670 1352 secundum
1720 1295 1910 1365 Aquila

2118 1304 2321 1368 ικαλίας
2345 1306 2435 1357 τὸν
2462 1302 2750 1374 σύμπαντα
2777 1302 3147 1372 καταλάμπων
3173 1301 3377 1370 κόσμον
3394 1315 3409 1331 ⁸
3433 1299 3512 1352 καὶ
3532 1300 3609 1370 πρὸ

425 1404 454 1465 ι
479 1386 542 1442 Et
573 1388 625 1442 in
657 1387 849 1442 faciem
884 1389 1053 1455 lunte;
1089 1409 1107 1439 ι
1137 1395 1231 1440 aut
1254 1385 1555 1441 secundum
1581 1385 1913 1456 Symmachu

2118 1395 2192 1466 τῆς
2223 1395 2449 1466 σελήνης
2480 1393 2538 1446 δέ
2557 1410 2570 1423 ·
2601 1393 2634 1464 ἢ
2664 1393 2802 1446 κατὰ
2826 1392 2915 1446 τὸν
2944 1392 3194 1454 Ἀκύλαν,
3225 1411 3242 1442 ι
3268 1392 3375 1444 Καὶ
3395 1391 3466 1454 είς
3485 1390 3609 1462 πρόσ-

424 1496 443 1528 t
478 1475 544 1530 Et
573 1480 626 1532 in
659 1486 958 1548 conspectu
1007 1479 1150 1532 lunae
1177 1477 1541 1548 permanebit.
1588 1494 1608 1528 ι
1663 1473 1782 1530 Νοιι
1825 1474 1914 1529 eni

2119 1503 2242 1539 οπον
2271 1487 2368 1556 τῆς
2400 1485 2624 1557 σελήνης
2643 1503 2658 1516 ’
2689 1504 2706 1538 ι
2761 1485 2793 1556 ἢ
2833 1483 2973 1538 κατὰ
3021 1484 3110 1538 τὸν
3161 1483 3466 1554 Σύμμαχον,
3494 1485 3610 1538 «Καὶ

419 1580 550 1624 ante
583 1571 791 1635 lunam,
826 1569 878 1625 id
903 1579 1006 1637 est,
1039 1577 1334 1640 antequam
1377 1570 1508 1624 luna
1554 1569 1744 1635 ﬁeret;
1779 1568 1873 1624 sed
1903 1591 1910 1618 ι

2118 1571 2402 1643 ἔμπροσθεν
2431 1571 2530 1642 τῆς
2570 1571 2796 1644 σελήνης
2822 1571 3084 1643 διαμενεῖ.
3125 1591 3143 1625 ι
3170 1573 3246 1626 Οὑ
3292 1571 3399 1644 γὰρ
3425 1571 3517 1644 πρὸ
3539 1573 3609 1644 τῆς

420 1677 562 1727 rain,
605 1661 659 1716 id
706 1673 812 1726 est,
871 1662 925 1718 in
975 1677 1278 1734 conspeetu
1335 1661 1478 1716 luna:
1523 1668 1608 1717 est
1636 1659 1911 1732 reputand

2118 1665 2347 1736 ιελήνης,
2376 1664 2626 1718 τουτέστι
2671 1664 2799 1735 πρὶν
2829 1664 3080 1732 γενέσθαι
3115 1663 3214 1735 τήν
3250 1663 3469 1735 σελήνην
3489 1682 3500 1694 ο
3528 1665 3609 1718 ἀλλ’

420 1752 890 1818 Quemadmodum
925 1753 1070 1807 enim
1115 1753 1201 1807 sol
1252 1751 1397 1807 diem
1445 1751 1608 1807 eilicit
1661 1765 1786 1806 cum
1834 1767 1911 1820 sul

2122 1755 2326 1810 ,νώπιον
2349 1753 2540 1826 ὥσπερ
2567 1753 2661 1807 καὶ
2700 1753 3008 1824 ἔμπροσθεν
3030 1753 3333 1825 ἡγούμενος
3374 1753 3468 1823 τῆς
3498 1753 3613 1825 σελή-

418 1856 625 1900 terram
673 1843 925 1909 advenit;
960 1845 1088 1899 luna
1114 1859 1245 1900 vero
1272 1843 1478 1899 lumine
1507 1858 1609 1897 suo
1645 1843 1819 1898 noctis
1850 1851 1909 1896 tel

2122 1866 2212 1920 ἠςο
2247 1847 2458 1918 ’Ὠσπερ
2483 1845 2590 1918 γὰρ
2617 1845 2764 1917 ἥλιος
2812 1847 2908 1918 μὲν
2939 1847 3151 1918 ἡμέραν
3183 1845 3471 1918 ἐργάζεται
3508 1847 3613 1918 ὑπὶρ

421 1937 548 1990 bras
577 1936 740 1991 solvit
790 1954 805 1990 :
841 1937 1031 1991 eodem
1068 1936 1230 1992 modo
1259 1937 1352 2008 qui
1392 1924 1447 1990 in
1489 1936 1756 1990 vaticinia
1801 1934 1912 1991 fertl

2122 1943 2199 2013 ’ἧς
2227 1941 2515 2012 γενόμενος
2535 1955 2550 1971 ο
2596 1936 2792 2010 σελήνη
2823 1938 2879 1991 δὲ
2918 1939 3110 2002 νυκτὸς
3153 1937 3359 1992 διαλύει
3386 1937 3444 1991 τὸ
3473 1938 3613 2002 σκότος

419 2027 645 2098 perinde
679 2035 842 2098 atque
866 2030 993 2082 luna
1017 2027 1231 2083 animas
1260 2028 1314 2082 in
1347 2027 1589 2083 tenebris
1617 2037 1671 2082 et
1696 2034 1853 2081 nocte
1874 2042 1910 2079 vi

2127 2033 2173 2104 ᾦ
2219 2031 2417 2102 ἑαυτῆς
2460 2030 2632 2101 φωτί·
2663 2031 2755 2083 τὸν
2799 2028 2966 2082 αὐτὸν
3009 2028 3209 2100 τρόπον
3258 2027 3351 2079 καὶ
3388 2027 3416 2078 ὁ
3450 2042 3615 2096 “mn.

420 2128 608 2176 sanies
641 2121 942 2187 illuminat;
977 2127 1141 2190 atque
1193 2120 1361 2175 veluti
1416 2120 1498 2175 sol
1549 2127 1720 2173 totum
1757 2119 1906 2173 illust

2128 2127 2380 2198 ευόμενος
2407 2126 2610 2196 ὁμοίως
2639 2125 2737 2196 μὲν
2769 2122 2965 2194 σελήνῃ
2988 2120 3086 2184 τὰς
3113 2121 3172 2174 ἐν
3202 2119 3380 2189 σκότῳ
3400 2118 3482 2171 καὶ
3503 2118 3617 2169 νυκτὶ

421 2213 632 2278 orbem,
663 2228 728 2266 ac
761 2222 1043 2283 permanet
1081 2220 1136 2268 et
1186 2221 1500 2283 perseverat
1543 2229 1718 2283 usque
1759 2213 1824 2268 ad
1865 2228 1912 2269 Ct

2127 2218 2468 2290 υγχανούσας
2496 2218 2672 2290 ψυχὰς
2705 2213 2948 2286 φωτίζει,
2999 2213 3133 2284 ἡλίῳ
3172 2212 3231 2266 δὲ
3279 2209 3618 2282 παραπλησίως

421 2306 841 2360 summationem
874 2305 1078 2360 saeculi.
1123 2304 1377 2371 Quandiu
1410 2306 1555 2360 enim
1599 2305 1679 2360 sol
1715 2313 1912 2359 totuml

2128 2313 2185 2365 ὸν
2217 2310 2509 2382 σύμπαντα
2545 2308 2890 2379 καταλάμπει
2933 2306 3156 2377 κόσμον,
3187 2304 3430 2374 διαμένει
3468 2319 3520 2353 τε
3551 2300 3619 2354 καὶ

420 2396 542 2451 bem
571 2396 829 2476 ltetilicat,
869 2396 1055 2450 tasdiu
1087 2404 1142 2451 ct
1191 2397 1285 2452 ille
1316 2413 1422 2452 una
1463 2413 1588 2452 cum
1622 2398 1737 2454 sole
1785 2414 1911 2469 pern

2127 2403 2515 2476 ὐμπαραμένει
2545 2402 2672 2474 ἄχρι
2710 2402 2808 2472 τῆς
2841 2399 3146 2464 συντελείας
3189 2398 3286 2451 τοῦ
3337 2396 3531 2458 αἰῶνος.
3552 2395 3618 2457 El;

419 2505 558 2543 nens
583 2495 638 2540 et
670 2474 1029 2558 p'erseverans
1058 2489 1341 2544 hominum
1367 2490 1580 2545 animas
1604 2492 1909 2558 illuminat;

2131 2474 2219 2552 σον
2246 2497 2528 2570 γὰρήλιος
2560 2497 2650 2550 τὸν
2685 2495 2976 2568 σύμπαντα
3012 2493 3297 2566 φαιδρύνει
3336 2492 3537 2563 κόσμον,
3563 2491 3619 2552 ti;

421 2577 650 2649 perinde
684 2586 848 2647 atque
870 2579 995 2632 luna
1020 2579 1180 2649 plena
1211 2580 1265 2634 in
1285 2582 1670 2652 generationes
1689 2591 1912 2654 generat

2129 2590 2346 2645 οσοῦτον
2371 2591 2465 2644 καὶ
2491 2589 2650 2653 αὑτὸς
2675 2588 2753 2660 τῷ
2785 2588 2920 2659 ἡλίῳ
2951 2587 3396 2659 συμπαραμένων
3421 2587 3504 2638 καὶ
3531 2601 3620 2636 συν-

421 2684 549 2723 Ιιῑιῐι)
577 2667 879 2739 Ρεΐάυτπε
911 2668 1136 2724 dicm"-
2097 2681 2468 2753 εκτεινόμενος
2521 2681 2619 2744 τὰς
2678 2681 2785 2732 τῶν
2843 2675 3146 2750 ἀνθρώπων
3191 2676 3414 2746 φωτίζει
3458 2676 3620 2745 ψυχάς

2097 2774 2356 2838 ὡσαύτως
2387 2773 2442 2827 δὲ
2473 2774 2568 2827 καὶ
2602 2772 2799 2846 σελήνῃ
2841 2771 3137 2843 πλησιφαεϊ
3167 2770 3542 2842 παραπλησίως
3565 2769 3622 2830 είς

2099 2867 2290 2936 γενεὰς
2318 2864 2518 2936 γενεῶν
2545 2865 2766 2934 λέγεται
2789 2864 3054 2935 διαρκεῖν.

492 2985 656 3043 Ἴσκε.
706 2987 814 3044 ϐοὸ.
852 3008 870 3041 t
919 2988 1223 3046 Descendet
1257 2990 1405 3046 sicut
1465 2989 1650 3061 pluvia
1687 2989 1743 3044 in
1800 2990 1983 3052 vellus,

2173 2999 2192 3030 t
2221 2977 2602 3050 Καταϐήσεται
2630 2977 2705 3042 ὡς
2730 2977 2885 3039 ὑετὸς
2911 2975 3004 3029 ἐπὶ
3037 2974 3226 3036 πόκον,
3261 2973 3357 3027 καὶ
3388 2971 3506 3025 ὡσεὶ
3532 2987 3623 3061 ora:

419 3087 473 3132 ct
510 3079 652 3133 sicut
697 3079 975 3134 stillicidia
1010 3081 1276 3136 stillantia
1325 3059 1491 3151 super
1535 3087 1760 3134 terrain.
1820 3098 1838 3132 ι
1893 3079 1910 3132 l

2129 3070 2254 3134 όνες
2283 3068 2571 3134 στάζουσαι
2598 3069 2691 3122 ἐπὶ
2731 3066 2829 3138 τὴν
2857 3066 2980 3138 γῆν.
3007 3085 3026 3118 ι
3057 3064 3378 3119 Κατάϐασιν
3409 3061 3492 3116 τοῦ
3524 3059 3620 3113 Θεοῦ

419 3184 676 3224 sceltsum
711 3168 803 3224 Dei
833 3169 992 3226 Verbi
1024 3172 1320 3242 intelligas,
1350 3171 1398 3226 si
1438 3171 1754 3226 consideres
1777 3173 1906 3241 depr

2132 3164 2270 3232 λόγου
2301 3163 2530 3234 νοήσεις,
2559 3161 2858 3232 ἐπιστήσας
2893 3163 2958 3231 τῇ
2981 3157 3282 3213 καταϐάσει
3321 3157 3412 3210 καὶ
3437 3158 3496 3225 τῇ
3524 3170 3623 3223 συμ-

419 3263 632 3317 sionem
663 3268 718 3314 et
742 3263 1251 3332 altemperationeln
1275 3277 1383 3331 qua
1410 3278 1469 3316 se
1499 3261 1784 3316 hominum
1816 3276 1910 3332 par

2132 3256 2376 3329 περιφορᾷ
2406 3254 2525 3309 καθ’
2556 3256 2620 3326 ἢν
2647 3251 3129 3325 συμπεριενεχθεὶς
3157 3254 3222 3322 τῇ
3246 3250 3356 3303 τῶν
3375 3245 3623 3320 ἀνθρώπων

419 3353 520 3407 tati
556 3351 858 3421 adaptavit,
889 3368 1013 3406 cum
1058 3371 1076 3404 t
1119 3351 1426 3406 humiliavit
1474 3351 1832 3420 semetipsum
1887 3351 1910 3405 ί

2129 3347 2465 3420 τμικρότητι,
2515 3365 2534 3399 ι
2576 3345 2934 3400 ἐταπείνωσεν
2979 3343 3168 3398 ἐαυτὸν
3224 3343 3436 3415 μορφὴν
3481 3338 3620 3392 δούλου

421 3456 564 3494 mam
585 3442 738 3503 servi,
753 3439 1054 3510 accipiens,
1074 3449 1128 3496 et
1151 3440 1342 3495 habitu
1365 3439 1618 3495 inventus
1637 3447 1697 3494 ut
1713 3438 1877 3495 homo
1895 3442 1912 3470 '

2134 3439 2298 3504 αϐὼν,
2340 3440 2433 3492 καὶ
2466 3439 2702 3510 σχήματι
2739 3436 2982 3509 εὑρεθεὶς
3009 3435 3086 3499 ὡς
3131 3435 3435 3507 ἄνθρωπος.
3465 3452 3483 3485 ι
3521 3428 3623 3484 At’l

419 3529 603 3595 Quare
627 3529 850 3594 dicitur,
888 3548 907 3582 t
945 3527 1272 3585 Descendet.
1313 3548 1331 3582 ι
1365 3527 1604 3584 Necesse
1634 3543 1764 3583 vero
1805 3526 1908 3582 fuit

2135 3533 2349 3588 έλεκται
2375 3549 2388 3562 ο
2448 3550 2467 3584 ι
2505 3531 2910 3601 Καταϐήσεται.
2955 3549 2973 3581 ι
3043 3527 3382 3597 ’Δναγκαίως
3443 3526 3494 3579 δὲ
3559 3524 3623 3575 καὶ

417 3622 670 3693 exemplo
695 3621 981 3692 prophetia
1028 3629 1272 3676 uteretur
1303 3621 1516 3689 dicens,
1550 3642 1570 3674 t
1626 3623 1782 3678 Sicut
1812 3625 1904 3695 plu

2132 3624 2506 3697 ταραδείγματι
2558 3623 2822 3694 κέχρηται
2880 3620 3183 3693 προφητεία
3235 3621 3476 3690 φήσασα,
3509 3634 3524 3668 ι
3563 3613 3623 3676 Ὠς

418 3711 476 3766 in
507 3715 700 3770 vellus.
738 3733 757 3766 ι
789 3713 946 3780 Quod
968 3714 1222 3770 similiter
1253 3714 1450 3784 reliqui
1475 3730 1668 3771 omnes
1683 3715 1907 3771 edideru

2137 3717 2253 3780 ετὸς
2311 3717 2406 3769 ἐπὶ
2479 3716 2664 3769 πόκον.
2721 3734 2738 3766 ι
2801 3716 2867 3767 ’0
2915 3713 2979 3785 δὴ
3031 3711 3338 3784 συμφώνως
3393 3714 3440 3766 oi
3493 3708 3623 3763 λοιποὶ

418 3808 615 3878 Aquila
674 3809 910 3876 scilicet,
967 3828 985 3861 ι
1045 3809 1112 3862 Ει
1158 3808 1456 3866 descendet
1497 3810 1644 3865 sicut
1701 3809 1887 3880 pluvia

2132 3805 2297 3868 πάντες
2321 3806 2668 3876 ήρμήνευσαν
2684 3820 2697 3832 ·
2736 3803 2966 3867 ’Δκύλας
2991 3803 3089 3874 μὲν
3109 3802 3301 3870 εἰπὼν,
3335 3823 3352 3855 t
3378 3803 3477 3858 Kal
3496 3815 3623 3855 κατα-

420 3901 648 3970 pellem;
689 3920 708 3952 ι
751 3899 1138 3972 Symmachus.
1196 3919 1216 3954 ι
1280 3900 1590 3957 Descendet
1621 3901 1768 3956 sicut
1802 3917 1894 3958 ros

2137 3900 2328 3971 ήσεται
2361 3896 2437 3960 ὡς
2463 3897 2617 3960 ὑετὸς
2651 3897 2745 3949 ἐπὶ
2775 3897 3006 3968 κουράν·
3045 3915 3062 3948 ι
3094 3895 3390 3967 Σύμμαχος
3410 3895 3479 3954 δὲ,
3509 3893 3623 3945 ilia-

419 3995 627 4061 vellus;
688 4013 708 4046 ι
766 3996 996 4066 parique
1037 3996 1201 4050 modo
1260 3995 1460 4066 reliqui
1510 3995 1910 4065 interpretes,t

2132 3987 2394 4061 αὗήσεται
2440 3988 2517 4053 ὡς
2559 3988 2748 4060 δρόσος
2817 3989 2910 4042 ἐπὶ
2953 3989 3118 4042 πόκον
3139 4007 3152 4020 ·
3198 4007 3216 4041 ι
3265 3990 3360 4042 καὶ
3397 3989 3442 4041 οἱ
3493 3983 3623 4038 λοιποί

420 4085 694 4141 clarantes
753 4085 939 4151 Verbi,
997 4088 1143 4157 quod
1203 4089 1259 4142 in
1321 4087 1644 4159 prephetia,
1699 4086 1875 4142 fertur

2135 4081 2437 4152 ρμηνευταὶ
2464 4082 2666 4153 ὁμοίως
2687 4098 2700 4110 °
2735 4080 3108 4154 παριστῶντες
3133 4081 3228 4134 τοὺ
3273 4082 3442 4150 Λόγου
3482 4079 3560 4149 τὴν
3581 4073 3623 4137 ἐξ

423 4177 664 4244 sublimi,
696 4178 814 4234 sive
842 4194 907 4233 ex
935 4181 1071 4249 ipsis
1101 4180 1280 4247 ccelis,
1313 4180 1638 4236 descensum
1669 4179 1720 4233 in
1747 4188 1914 4233 terrai

2128 4170 2268 4240 ιψους
2295 4173 2394 4244 τὴν
2443 4169 2502 4237 ἐξ
2548 4171 2728 4226 αὑτῶν
2771 4173 3016 4244 οὐρανῶν
3046 4172 3268 4228 κάθοδον
3301 4174 3393 4227 ἐπὶ
3434 4172 3532 4246 γῆς,
3556 4165 3619 4221 τοῦ

421 4270 715 4340 ipsumque
767 4271 952 4340 quiete
1005 4285 1069 4326 ac
1118 4275 1344 4334 sensim,
1397 4273 1712 4328 advel-lente
1758 4272 1912 4326 nemil

2129 4266 2607 4340 εροφητευομένου·
2642 4267 2737 4320 καὶ
2787 4268 2863 4332 ὡς
2888 4268 3071 4339 ἠρέμα
3118 4268 3209 4321 καὶ
3241 4267 3415 4338 ἡσυχῆ
3447 4261 3620 4336 μηδενὸς

420 4360 774 4416 descendisse
813 4363 1248 4418 subindicautes.
1297 4361 1488 4418 Pluvia
1515 4364 1717 4434 quippe
1742 4364 1798 4418 in
1823 4365 1911 4422 vel.

2114 4357 2420 4429 ιίσθομὲνου
2447 4358 2843 4430 καταϐέϐηκεν.
2870 4360 3055 4423 ’Υετὸς
3085 4361 3194 4430 γὰρ
3225 4361 3318 4413 ἐπὶ
3350 4359 3502 4412 πόκον
3528 4369 3605 4408 κατ

419 4453 670 4508 insensili
700 4454 862 4508 modo
894 4454 1014 4509 sine
1044 4454 1275 4524 strepitu
1310 4453 1636 4509 demittitur.
1670 4453 1809 4520 Quia
1833 4455 1905 4524 igi

2128 4452 2231 4516 ὼν,
2283 4450 2695 4523 ἀνεπαισθήτως
2751 4453 2845 4506 καὶ
2906 4451 3145 4522 ἀψοφητὶ
3203 4453 3459 4506 κάτεισιν.
3508 4444 3619 4500 Ἐπεὶ

421 4535 729 4595 Servatoris
776 4542 953 4596 nostri
989 4542 1268 4612 generatio
1303 4541 1606 4596 secundum
1639 4557 1866 4598 carnem
1901 4550 1912 4594 ι

2124 4547 2280 4602 τοίνυν
2329 4549 2362 4618 ἡ
2400 4546 2540 4601 κατὰ
2599 4548 2774 4618 σάρκα
2820 4547 3033 4616 γένεσις
3067 4547 3160 4601 τοῦ
3219 4548 3460 4618 Σωτῆρος
3504 4539 3615 4612 ἡμῶν

418 4630 830 4700 dispensatione
860 4633 1003 4688 facta
1037 4642 1145 4700 est,
1180 4644 1237 4688 ut
1265 4649 1332 4689 ne
1353 4650 1420 4689 ex
1436 4634 1635 4690 vicinis
1660 4635 1880 4704 quidem

2127 4640 2352 4712 mattith
2382 4641 2642 4712 ἀνείληφε
2672 4641 2769 4712 τὴν
2794 4643 3125 4712 οἰκονομίαν,
3147 4641 3223 4704 ὼς
3257 4639 3452 4711 μηδένα
3477 4637 3618 4704 νοῆσαι

417 4721 505 4777 lus
527 4726 904 4795 conceptionis
937 4735 992 4781 et
1040 4737 1230 4797 partus
1257 4737 1463 4782 sanetae
1501 4725 1746 4796 Virginis
1783 4741 1904 4796 mys

2126 4734 2236 4792 ιηδὲ
2267 4734 2617 4804 ἀκουσθῆναι,
2643 4733 2777 4804 μηδὲ
2799 4733 3016 4804 τοὺςῌ)
3036 4735 3099 4786 ἐκ
3131 4732 3385 4802 γειτόνων
3398 4721 3617 4783 οίκοὺσιτὸ

417 4813 560 4868 rium
587 4816 670 4870 vel
693 4816 955 4887 cogitaret
974 4819 1054 4873 vel
1084 4819 1333 4884 audiret;
1368 4818 1516 4888 quod
1552 4819 1729 4887 ipsum
1756 4832 1908 4888 praeSt

2127 4827 2400 4897 ιυστήριον
2435 4826 2535 4897 τῆς
2572 4826 2883 4898 συλλήψεως
2909 4829 3002 4880 καὶ
3029 4824 3122 4878 τοῦ
3149 4823 3367 4879 τοκετοῦ
3392 4822 3482 4891 τῆς
3503 4816 3618 4884 ἁγίας

417 4918 600 4958 sermo
623 4905 990 4962 subindicavit
1012 4909 1202 4964 dicens
1225 4927 1238 4963 :
1271 4927 1289 4960 t
1322 4907 1625 4964 Descelldet
1649 4909 1790 4962 sicut
1815 4910 1903 4980 pltl

2124 4916 2402 4991 Ιαρθένου.
2452 4917 2610 4972 Τοῦτ’
2661 4918 2824 4982 αὐτὸς
2881 4919 2909 4970 ό
2975 4915 3167 4989 παρὼν
3218 4915 3431 4988 ⁴ᾐνίξατο
3475 4912 3615 4978 λόγος.

416 4997 474 5050 in
501 4997 706 5066 vellus;
747 5018 764 5050 ι
800 5010 854 5054 et
887 5000 1051 5066 alias,
1079 5002 1210 5072 quia
1242 5001 1418 5056 vellus
1447 5003 1631 5057 ovium
1681 5006 1839 5074 pellis
1887 5023 1907 5060 ε

2124 5008 2307 5063 ιίπώνο
2349 5029 2366 5060 ι
2398 5009 2783 5081 Καταϐήσεται
2821 5009 2898 5074 ὡς
2945 5009 3098 5072 ὑετὸς
3151 5010 3244 5062 ἐπὶ
3277 5009 3463 5073 πόκον·
3505 5021 3518 5052 ι
3550 4995 3615 5051 καὶ

416 5088 462 5142 si
508 5090 717 5160 cogites
769 5090 1117 5149 Servatorem
1167 5094 1345 5164 ipsum
1391 5095 1464 5148 ita
1503 5095 1779 5162 docuisse.
1817 5116 1837 5149 ι
1875 5097 1907 5151 1V

2124 5100 2296 5167 ἱλλως,
2327 5101 2514 5170 ἐπειδὴ
2549 5102 2717 5166 πόκος
2749 5101 3036 5172 προϐάτων
3077 5102 3241 5173 δορὰ,
3289 5101 3474 5171 νοήσας
3507 5095 3615 5150 ὅπως

414 5180 536 5235 veni
570 5182 676 5238 nisi
709 5185 777 5238 ad
813 5200 945 5240 oves
977 5201 1100 5256 quae
1129 5187 1411 5257 perierunt
1440 5187 1636 5244 domus
1675 5190 1843 5247 Israel
1877 5194 1905 5222 ²¹

2122 5192 2264 5255 ιὺτὸς
2295 5193 2542 5247 ἐδίδασκε
2587 5194 2760 5263 λέγων
2797 5197 2826 5248 ὁ
2856 5195 3077 5266 Σωτήρ·
3113 5213 3132 5246 ι
3169 5195 3282 5248 Οὑκ
3322 5189 3472 5263 ἦλθον
3499 5187 3538 5238 εἰ
3561 5180 3613 5251 μὴ

413 5285 657 5339 praesens
711 5275 920 5330 dictum
972 5277 1290 5346 hujusmodi
1349 5280 1468 5334 voci
1519 5282 1824 5351 coaptabis.
1879 5281 1904 5336 Ρ

2117 5287 2187 5349 εἰς
2237 5286 2306 5339 τὰ
2359 5285 2608 5357 πρόϐατα
2656 5286 2725 5339 τὰ
2773 5286 3092 5341 ἀπολωλότα
3147 5286 3296 5339 οἴκου
3355 5277 3608 5352 Ἰσραήλ”

413 5363 560 5417 enim
591 5365 657 5420 ad
689 5367 853 5423 aliam
885 5377 1101 5440 gentem
1127 5368 1434 5437 descendit,
1471 5372 1568 5428 sed
1601 5372 1670 5427 ad
1701 5374 1875 5430 solam

2118 5369 2436 5448 icpappdou;
2468 5378 2529 5431 τὸ
2561 5380 2733 5450 παρὸν
2760 5378 2937 5448 λόγιον
2974 5384 3040 5450 τῇ
3071 5378 3236 5434 αὑτοῦ
3257 5379 3417 5447 φωνῇ.
3445 5371 3508 5424 Οὔ
3533 5366 3609 5434 γάρ

415 5457 666 5523 daicam,
735 5476 903 5529 penes
959 5478 1123 5535 quam
1183 5474 1556 5522 commoratus
1601 5476 1708 5523 est.
1776 5466 1906 5522 Prin

2116 5471 2212 5530 ἔπἰ.
2244 5471 2430 5542 ἕτερον
2474 5470 2626 5535 ἔθνος
2669 5472 3074 5544 καταϐέϐηκεν,
3119 5472 3231 5526 ἀλλ’
3281 5470 3366 5524 ἐπὶ
3400 5467 3532 5538 μόνον
3567 5457 3607 5508 τδ

415 5563 546 5619 ergo
566 5551 687 5616 ejus
717 5552 1017 5611 descensus
1055 5557 1180 5611 talis
1207 5558 1328 5622 fuit,
1359 5561 1540 5628 qualis
1565 5561 1765 5630 pluvia:
1795 5561 1851 5615 in
1877 5579 1906 5616 v

2114 5563 2399 5626 Ἰουδαίων,
2427 5564 2557 5635 παρ’
2590 5559 2670 5628 οἷς
2703 5565 2793 5618 καὶ
2823 5565 2920 5630 τὰς
2950 5564 3230 5636 διατριϐὰς
3258 5563 3532 5631 ἐποιήσατο.
3561 5550 3605 5600 Ἡ

416 5638 503 5696 lus
557 5643 855 5700 secundum
901 5648 1015 5717 jam
1051 5649 1308 5703 traditam
1369 5651 1659 5708 rationem.
1715 5651 1845 5709 Post
1876 5654 1906 5709 h

2113 5655 2199 5722 μὲν
2237 5651 2329 5708 οὖν
2372 5654 2561 5728 πρώτη
2609 5658 2908 5722 κατάϐασις
2955 5659 3118 5712 αὑτοῦ
3146 5659 3356 5727 γείτονεν
3393 5654 3458 5716 ὡς
3494 5643 3604 5704 ὑετδς

487 5739 530 5768 ⁸⁷
569 5737 771 5806 Philip.
798 5757 859 5802 ll,
885 5742 940 5796 8.
1020 5744 1067 5776 "
1105 5743 1296 5802 Matth.
1330 5762 1418 5813 xv,
1453 5747 1545 5801 Ἡ.

497 5834 566 5901 (ι,
607 5831 770 5887 Forte
799 5838 929 5896 τοῖς.
