3776 6284
165 375 251 431 801

1255 356 1751 415 ΕΟΜΜΕΝΤᾹΒῘᾹ
1793 354 1858 410 ιιι
1893 353 2233 411 PSALMOS.

3256 360 3367 417 803

163 493 247 546 ὶπί
298 485 455 541 πόκον
488 484 622 538 κατά
670 483 795 545 τοὺς
839 477 1201 541 ἀποδοθέντας
1260 476 1526 545 τρόπους’
1573 474 1707 544 μετά

1819 480 2011 535 autem,
2035 486 2143 526 non
2178 470 2320 524 ultra
2350 468 2492 524 sicut
2543 469 2596 522 in
2646 470 2838 537 vellus,
2878 469 2969 526 sed
3014 486 3211 542 magno
3239 488 3365 529 cum

163 580 315 633 ταῦτα
345 575 399 630 δὲ
447 573 623 627 οὐκέτι
677 572 753 635 ὡς
803 572 894 624 ἐπὶ
943 570 1143 632 πόκον,
1204 566 1338 620 ἀλλά
1398 565 1494 618 σὺν
1539 564 1704 635 πολλῇ

164 668 386 739 κινήσει·
420 665 510 718 καὶ
534 663 735 725 κτύπος
760 660 1083 726 ἐξάκουστος
1101 658 1291 727 γέγονε
1319 656 1437 709 καθ’
1463 655 1587 727 ὅλης
1611 655 1708 725 τῆς

164 756 463 826 οἰκουμένης
482 756 516 826 ἡ
539 753 853 808 διδασκαλία
876 751 1060 806 αὐτοῦ.
1086 750 1160 802 Δι’
1184 750 1211 802 ὃ
1232 747 1535 815 έπιλέγεται
1558 745 1704 815 ὲξῆς,

170 869 185 899 ι
210 848 295 901 καὶ
321 845 449 899 ὡσεὶ
493 843 748 911 σταγόνες
778 841 1066 904 στάζουσαι
1113 839 1206 892 ἐπὶ
1247 838 1345 907 τὴν
1377 836 1498 907 γῆν.
1520 854 1538 887 ι
1572 836 1708 887 Στα-

164 938 301 1006 γόνες
322 937 426 1007 γάρ
457 935 489 1005 ἢ
534 933 763 1003 ψεκάδες
796 931 934 985 κατὰ
968 930 1093 993 τοὺς
1124 929 1343 991 λοιποὺς
1372 925 1707 998 έρμηνευτάς

166 1029 432 1092 στάζουσαι
466 1027 558 1078 ἐπὶ
602 1026 701 1094 τὴν
735 1024 835 1093 γῆν
890 1021 1065 1076 οὐκέτ’
1100 1019 1364 1090 ἀψοφητὶ,
1404 1019 1498 1070 σὺν
1532 1015 1708 1086 πολλῷ

162 1124 212 1176 δὲ
243 1122 391 1190 ψόφῳ
418 1118 655 1171 κατίασι.
692 1116 803 1169 Καὶ
834 1114 988 1168 τοῦτο
1011 1113 1067 1166 δὲ
1096 1111 1244 1174 τέλος
1270 1109 1580 1179 ἐτύγχανεν,
1622 1107 1707 1160 ὅτε

162 1217 232 1277 εἰς
253 1215 423 1266 πᾶσαν
446 1210 543 1282 τὴν
567 1209 671 1279 γῆν
702 1207 922 1279 ἐξῆλθεν
949 1209 978 1259 ὁ
1000 1204 1230 1274 φθόγγος
1267 1201 1375 1255 τῶν
1402 1200 1707 1255 ἀποστόλων

161 1303 327 1367 αὐτοῦ,
352 1304 443 1357 καὶ
466 1304 546 1365 εἰς
574 1301 641 1354 τά
676 1299 883 1370 πέρατα
907 1298 1007 1368 τῆς
1043 1294 1363 1366 οἰκουμένης
1391 1294 1459 1347 τὰ
1492 1296 1710 1367 ῥήματα

161 1397 342 1452 αὐτῶν.

220 1510 431 1571 Τούτοις
458 1508 583 1578 ἑξῆς
603 1506 834 1579 εἴρηται·
890 1525 909 1558 ι
952 1505 1220 1560 Ἀνατελεῖ
1243 1506 1299 1557 ὲν
1327 1504 1444 1566 ταῖς
1476 1500 1710 1572 ἡμέραις

159 1600 305 1656 αὐτώ
331 1600 640 1668 δικαιοσύνη
672 1599 766 1652 καὶ
793 1598 994 1669 πλῆθος
1020 1599 1240 1667 εἰρήνης
1259 1614 1270 1625 ·
1313 1615 1331 1647 ι
1367 1594 1510 1649 κατὰ
1529 1593 1586 1646 δὲ
1616 1593 1708 1647 τὸν

171 1692 403 1760 Ἀκύλαν,
431 1711 450 1745 ι
479 1692 776 1762 Βλαστήσει
817 1693 874 1744 ὲν
905 1690 1137 1761 ἡμέραις
1169 1687 1335 1741 αὑτοῦ
1378 1688 1582 1749 δίκαιος
1616 1686 1708 1739 καὶ

161 1783 342 1855 πλῆθος
370 1783 592 1852 εἰρήνης
614 1797 627 1810 ·
660 1799 679 1831 ι
718 1778 856 1833 κατά
887 1778 944 1831 δὲ
972 1777 1065 1829 τὸν
1108 1774 1417 1846 Σύμμαχον,
1456 1793 1475 1826 ι
1523 1770 1709 1841 Ἀνθὴ-

162 1835 341 1927 σειιὲνυ
370 1835 492 1934 ταὶῖέ
530 1835 764 1941 ἡμέραις
820 1865 983 1919 αὑτοῦ
1027 1835 1250 1925 δίκαιοςί
1366 1835 1596 1931 Ἡμέραι
1653 1835 1711 1910 δὲ
1742 1835 1782 1890 Β

157 1963 238 2016 τοῦ
279 1962 527 2032 Μτῆρος
579 1958 737 2031 ἡμῶν
786 1959 842 2010 αἱ
894 1956 1001 2009 ἀπὸ
1046 1954 1147 2023 τῆς
1193 1952 1493 2023 παρουσίας
1545 1947 1708 2003 αὑτοῦ

160 2057 303 2127 μέχρι
321 2054 421 2124 τῆς
446 2050 757 2114 συντελείας
786 2047 878 2103 τοῦ
896 2047 1090 2111 αἰῶνος
1105 2045 1477 2117 νοηθήσονται.
1502 2043 1711 2114 Ὥσπερ

158 2144 251 2216 γὰρ
281 2143 549 2213 ἀκούομεν
584 2140 666 2205 τὺ,
706 2159 724 2192 ι
778 2140 864 2192 Ἐν
897 2139 1015 2200 ταῖς
1060 2137 1293 2208 ἡμέραις
1325 2133 1506 2198 Δαυῒδ,
1542 2152 1560 2185 ι
1593 2134 1706 2199 καὶ,

162 2254 177 2285 ι
222 2235 303 2287 Ἐν
341 2233 576 2305 ἡμέραις
620 2231 919 2303 Ἱεροὸοάμ,
975 2249 994 2281 ι
1040 2228 1211 2291 οὕτως
1263 2224 1371 2280 εἶεν
1414 2226 1477 2280 ἀν
1509 2226 1710 2297 ἡμέραι

153 2325 237 2379 τοῦ
276 2326 523 2396 ἃυτῆρος
554 2323 729 2395 ἡμῶν.
777 2321 916 2374 Ἀλλ’
957 2321 1154 2373 ἐκεῖνοι
1190 2319 1308 2389 μὲν,
1342 2317 1477 2388 πρὸς
1530 2317 1710 2385 ὀλίγον

156 2418 414 2487 φανέντες,
446 2417 639 2470 θᾶττον
674 2412 1114 2483 ἀπεσϐέσθησαψ
1150 2411 1218 2465 δι’
1251 2411 1279 2464 ὃ
1309 2411 1401 2464 καὶ
1429 2411 1485 2463 αἱ
1512 2409 1712 2480 ἡμέραι

156 2508 316 2561 αὐτῶν
359 2505 604 2572 ἐξέλιπον
628 2522 641 2535 ο
678 2504 735 2556 αἱ
774 2503 832 2556 δὲ
874 2502 1079 2573 ἡμέραι
1123 2500 1217 2554 τοῦ
1270 2500 1520 2570 Σωτῆρος
1558 2498 1712 2571 ἡμῶν

154 2598 329 2653 ὁπόσαι
372 2596 721 2666 τυγχάνουσι,
749 2593 958 2664 φθάσας
987 2594 1016 2645 ὁ
1046 2593 1200 2661 λόγος
1223 2591 1491 2662 ἐδήλωσεν
1521 2588 1709 2643 εἰπών’

161 2708 176 2741 ι
209 2690 623 2761 Συμπαραμενεῖ
646 2686 725 2757 τῷ
744 2685 876 2757 ἡλίῳ
902 2684 996 2739 καὶ
1028 2682 1333 2756 ἔμπροσθεν
1356 2682 1455 2754 τῆς
1486 2681 1714 2752 σελήνης

155 2783 330 2850 γενεὰς
358 2782 591 2850 γενεῶνο
636 2800 655 2833 ι
693 2775 773 2844 οἷς
805 2778 1108 2840 ἀκολούθως
1141 2776 1236 2831 καὶ
1264 2774 1426 2838 αὐτὸς
1451 2778 1563 2838 τοῖς
1593 2775 1715 2827 ἐαυ-

156 2872 237 2925 τοῦ
283 2873 549 2944 μαθηταῖς
576 2870 938 2941 ἐπηγγέλλετο
980 2868 1182 2934 λέγων·
1220 2883 1240 2916 ι
1285 2865 1414 2918 Ἰδοὺ
1453 2862 1561 2933 ὲγὼ
1593 2862 1709 2934 μεθ’

155 2964 293 3037 ὑμῶν
327 2968 443 3037 εἰμι
479 2964 605 3037 ἀχρι
642 2962 741 3032 τῆς
781 2958 1081 3021 συντελείας
1121 2954 1213 3010 τοῦ
1242 2955 1465 3019 αἰῶνοςο
1507 2973 1526 3006 ι
1561 2952 1715 3007 Οὕτω

154 3059 250 3129 γὰρ
267 3059 465 3131 ήμελλε
496 3053 938 3129 συμπαραμένειν
966 3051 1040 3122 τῷ
1070 3050 1222 3121 ἡλίῳ.
1266 3046 1473 3102 Οὐκοῦν
1507 3048 1565 3100 ὲν
1594 3049 1713 3111 ταῖς

1810 571 1981 626 motu,
2018 562 2233 618 sonitus
2267 562 2381 615 sive
2404 561 2653 630 doctrina
2678 562 2799 631 ejus
2840 577 2939 632 per
2966 569 3141 617 totum
3180 564 3366 619 orbem

1811 654 1876 709 ad
1904 654 2145 710 omnium
2182 668 2344 708 aures
2382 653 2642 723 pervasit.
2677 652 2855 719 Quare
2885 654 3103 708 additur
3149 654 3365 718 deinde,

1816 765 1835 798 ι
1868 754 1922 803 et
1949 747 2090 802 sicut
2116 744 2394 801 stillicidia
2444 744 2702 799 stillantia
2731 760 2893 814 super
2920 754 3141 799 terram.
3181 765 3200 797 ι
3238 745 3369 800 Stil-

1810 836 1989 892 licidia
2030 850 2281 905 namque,
2316 834 2429 889 sive
2460 841 2684 903 «.gutta:
2725 834 2869 888 roris
2906 854 2924 885 ι
2957 834 3251 889 seCuudum
3286 851 3372 890 re-

1810 930 1987 999 liquos
2049 928 2396 998 interpretes,
2457 927 2725 982 stillantes
2778 940 2943 994 super
3001 934 3222 989 terram,
3260 940 3370 981 non

1810 1035 2035 1090 prorsus
2065 1020 2183 1076 sine
2221 1019 2476 1090 strepitu,
2513 1018 2607 1074 sed
2658 1033 2856 1088 magno
2904 1033 3026 1072 cum
3065 1017 3243 1072 sonitu
3273 1018 3372 1071 de-

1811 1112 2097 1167 scendunt.
2138 1109 2197 1165 ld
2250 1124 2379 1165 vero
2433 1118 2546 1163 tum
2584 1108 2743 1163 linem
2781 1108 3014 1177 accepit,
3062 1108 3279 1177 quando
3314 1106 3371 1160 in

1809 1218 2026 1259 omnem
2058 1211 2258 1257 terram
2283 1201 2451 1256 exivit
2502 1216 2673 1257 sonus
2734 1200 3106 1270 apostolorum
3145 1198 3285 1269 ejus,
3318 1206 3373 1253 et

1810 1294 1867 1350 in
1900 1296 2034 1350 ﬁnes
2064 1296 2215 1350 orbis
2246 1304 2402 1350 terrae
2434 1293 2599 1349 verba
2627 1307 2836 1348 eorum.

1883 1494 1996 1551 Sub
2022 1495 2136 1551 haec
2170 1496 2370 1551 dicitur
2400 1513 2412 1549 :
2455 1512 2473 1545 ι
2505 1492 2723 1549 Orietur
2751 1492 2805 1546 in
2834 1491 3025 1547 diebus
3053 1491 3173 1561 ejus
3210 1491 3373 1563 justi-

1811 1587 1885 1641 tia
1918 1593 1972 1642 et
2001 1586 2334 1642 abundantia
2368 1586 2586 1656 pacisp
2628 1585 2927 1640 secundum
2943 1583 3193 1654 Aquilam
3221 1598 3371 1645 vero,

1816 1699 1837 1731 ι
1867 1678 2204 1735 Germinabit
2234 1679 2289 1732 in
2318 1678 2512 1733 diebus
2559 1677 2678 1746 ejus
2720 1676 2925 1746 justus,
2959 1684 3013 1730 et
3045 1675 3375 1729 abundantia

1811 1766 1993 1835 pacis;
2028 1784 2047 1817 ι
2096 1765 2396 1819 secundum
2446 1763 2832 1835 Symmachum
2874 1778 3028 1827 vero,
3084 1780 3103 1813 ι
3137 1761 3376 1817 Florebit

1811 1858 1865 1910 in
1894 1856 2085 1912 diebus
2113 1856 2234 1926 ejus
2259 1856 2462 1926 justus.
2500 1874 2518 1907 ι
2573 1854 2696 1909 Dies
2725 1863 2903 1909 autem
2935 1853 3240 1907 Servatoris
3271 1869 3373 1907 ηοω

1810 1948 1908 2005 stri
1959 1950 2028 2004 ab
2075 1949 2310 2005 adventu
2365 1949 2485 2018 ejus
2530 1963 2703 2018 usque
2743 1948 2811 2002 ad
2852 1946 3376 2002 consummationem

1811 2042 1988 2098 saeculi
2021 2040 2356 2111 intelligendi
2381 2046 2530 2095 sunt.
2553 2038 2669 2103 Qua
2689 2038 2903 2094 ratione
2931 2038 3074 2093 enim
3097 2037 3372 2101 audimus,

1817 2151 1835 2185 ι
1862 2132 1919 2187 In
1967 2133 2159 2190 diebus
2216 2131 2414 2198 David;
2451 2132 2513 2186 In
2543 2130 2737 2187 diebus
2776 2126 3098 2198 Jeroboam;
3130 2148 3149 2182 ι
3185 2129 3375 2185 eodem

1810 2239 2037 2295 prorsus
2106 2224 2269 2279 modo
2314 2224 2432 2279 dies
2482 2222 2787 2278 Servatoris
2844 2222 3019 2277 nostri
3072 2221 3376 2291 excipiendi

1812 2323 1957 2370 sunt.
2012 2314 2116 2371 Sed
2150 2316 2229 2370 illi
2260 2315 2479 2386 quidem
2504 2330 2627 2368 cum
2660 2314 2727 2368 ad
2756 2314 2921 2368 breve
2951 2320 3166 2381 tempus
3188 2327 3379 2382 super-

1811 2407 1968 2461 stites
1991 2400 2245 2471 fuissent,
2277 2405 2428 2461 brevi
2471 2405 2727 2461 exstincti
2763 2411 2912 2469 sunt,
2961 2418 3132 2474 quare
3163 2402 3280 2458 dies
3310 2402 3378 2456 il-

1811 2497 1987 2551 lorum
2016 2496 2354 2554 defecerunt.
2392 2498 2516 2554 Dies
2545 2512 2675 2553 vero
2706 2496 3011 2552 Servatoris
3039 2496 3214 2551 nostri
3244 2504 3378 2566 quot

1812 2590 1942 2656 sint,
1979 2606 2144 2661 supra
2169 2591 2505 2646 declaratum
2540 2590 2626 2646 his
2648 2587 2829 2643 verbis
2861 2595 2945 2642 est
2975 2606 2986 2640 :
3027 2604 3046 2637 ι
3086 2585 3377 2641 Permane-

1811 2681 1890 2735 bit
1924 2698 2046 2736 cum
2079 2682 2194 2738 sole
2229 2690 2283 2738 et
2324 2690 2449 2737 ante
2488 2682 2696 2747 lunam,
2727 2681 2785 2735 in
2816 2678 3194 2750 generationes
3216 2692 3380 2747 gene.

1811 2774 2102 2827 rationum.
2140 2794 2159 2826 ι
2226 2773 2638 2844 Consequenter
2667 2773 2733 2827 ad
2759 2773 2874 2826 haec
2902 2772 3066 2827 verba
3094 2770 3380 2841 discipulis

1813 2865 1928 2921 suis
1972 2865 2085 2919 haec
2111 2866 2386 2935 pollicitus
2426 2873 2546 2921 est:
2584 2884 2603 2916 ι
2638 2864 2780 2919 Ecce
2806 2879 2905 2935 ego
2941 2864 3221 2918 vobiscum
3257 2878 3379 2916 sum

1814 2971 1989 3026 usque
2033 2956 2100 3010 ad
2151 2956 2675 3010 consummationem
2727 2953 2913 3009 saeculi
2939 2954 3021 3019 ";
3056 2970 3075 3004 ι
3129 2951 3203 3005 ita
3232 2951 3379 3006 enim

1814 3064 1937 3103 cum
1967 3048 2081 3104 sole
2105 3063 2497 3119 permansurus
2525 3056 2662 3102 erat.
2691 3044 2876 3117 Itaque
2896 3045 2952 3099 in
2972 3044 3162 3100 diebus
3183 3044 3378 3113 ipsius,

154 3150 370 3221 ἡμέραις
402 3148 594 3215 αὑτοῦ,
634 3148 755 3202 καθ’
784 3146 847 3210 ἃς
876 3142 1297 3217 συμπαραμενεῖ
1327 3140 1403 3212 τῷ
1430 3140 1585 3212 ἡλίῳ,
1619 3140 1714 3193 καὶ

1819 3143 1969 3211 queis
2014 3156 2136 3195 cum
2188 3140 2302 3195 sole
2353 3132 2725 3209 permanebit,
2777 3144 2833 3192 et
2885 3136 3047 3189 simili
3094 3149 3203 3204 quo
3250 3134 3380 3188 luna

152 3242 336 3311 ὁμοίως
361 3241 560 3312 σελήνῃ
582 3238 680 3303 τὰς
707 3238 813 3292 τῶν
845 3240 901 3291 ὲν
926 3237 1099 3306 σκότῳ
1122 3236 1348 3305 φωτίσει
1375 3232 1570 3303 ψυχάς,
1596 3233 1718 3285 ἀνα-

152 3331 341 3402 λάμψει
372 3333 469 3385 ὲπὶ
508 3331 685 3401 πάσης
718 3330 816 3400 τῆς
856 3328 957 3400 γῆς
1003 3327 1344 3397 δικαιοσύνηο
1372 3325 1405 3398 ἢ
1447 3323 1603 3379 κατὰ.
1624 3322 1716 3375 τὸν

165 3424 401 3489 Ἀκύλαν,
444 3441 466 3475 ι
500 3424 731 3486 δίκαιοςο
776 3441 794 3474 ι
827 3420 1007 3474 οὐκέτι
1040 3419 1190 3492 παρά
1228 3418 1500 3481 Ἰουδαίοις
1536 3418 1717 3489 μόνοις

155 3516 259 3579 ἑνός
299 3533 399 3569 που
447 3517 543 3568 καὶ
570 3514 820 3586 δευτέρου
864 3511 1261 3583 ὀνομαζομένου
1313 3510 1545 3571 δικαίου,
1595 3506 1716 3562 καθ’

152 3605 269 3676 ὅλης
291 3607 345 3660 δὲ
365 3607 469 3677 τῆς
501 3605 822 3677 οἰκουμένης
857 3603 1060 3675 μυρίων
1086 3604 1143 3655 ὲν
1168 3600 1385 3671 Χριστῷ
1410 3598 1719 3669 δικαιουμέ-

154 3715 269 3753 νων.
308 3701 381 3754 Τὸ
404 3701 465 3753 δὲ
495 3699 697 3769 πλῆθος
723 3698 830 3751 τῶν
862 3696 1082 3750 δικαίων
1107 3696 1216 3749 τῶν
1250 3696 1306 3747 έν
1336 3696 1455 3757 ταῖς
1483 3692 1719 3764 ἡμέραις

152 3792 236 3844 τοῦ
261 3793 517 3864 Σωτῆρος
556 3790 855 3846 ἀνθούντων
890 3792 984 3844 καὶ
1012 3788 1186 3861 φωτὸς
1224 3788 1379 3858 δίκην
1405 3783 1718 3838 ἀνατελλόν-

152 3900 250 3937 των
272 3884 477 3954 ὁμοίως
496 3882 802 3952 τῷςέαυτῶν
825 3884 1067 3954 φωστῆρι
1095 3882 1307 3951 νοήσεις
1332 3877 1441 3932 ἀπὸ
1465 3877 1562 3930 τοῦ
1594 3878 1722 3947 πλή-

155 3973 271 4039 θους
297 3976 406 4030 τῶν
457 3974 765 4046 ἁπανταχοῦ
803 3976 906 4044 γῆς
947 3972 1238 4046 μαρτύρων
1281 3968 1443 4023 αὐτοῦ
1474 3968 1570 4022 καὶ
1614 3967 1720 4021 τῶν

154 4066 287 4120 κατὰ
311 4066 410 4139 τὴν
448 4066 772 4138 Ἐκκλησίαν
799 4064 963 4118 αὑτοῦ
990 4063 1082 4118 τὸν
1122 4059 1409 4130 ἀγγελικδν
1436 4060 1494 4112 ὲν
1521 4075 1720 4113 παντε-

155 4154 231 4209 λεῖ
257 4157 448 4227 ἁγνείᾳ
487 4154 890 4227 κατορθούντων
927 4152 1059 4224 βίον.
1090 4153 1152 4206 Εἰ
1191 4150 1249 4205 δὲ
1291 4148 1385 4202 καὶ
1414 4144 1719 4217 δικαιοσύνη

155 4246 209 4299 ὲν
236 4246 615 4319 ταῖςιὴμέραις
640 4245 804 4300 αὑτοῦ
837 4240 1094 4316 ἀνθὴσειν
1132 4241 1401 4303 λέλεκται,
1435 4238 1528 4292 καὶ
1567 4236 1723 4290 τοῦτο

155 4338 294 4401 ὅπως
320 4338 388 4393 δι’
426 4338 600 4409 ἔργων
645 4335 944 4408 πληροῦται
982 4334 1096 4387 ἔστι
1144 4329 1481 4403 καταμαθεῖν
1521 4329 1584 4381 ὲκ
1627 4326 1720 4380 τού

160 4430 230 4503 μὴ
259 4430 546 4493 Ἰουδαίους
587 4428 797 4500 μόνους,
833 4425 967 4480 ἀλλά
1012 4425 1107 4479 καὶ
1136 4424 1243 4476 πᾶν
1272 4421 1419 4485 ἔθνος
1444 4416 1723 4472 καλεῖσθαι

158 4522 246 4577 ἐπὶ
270 4524 368 4595 τὴν
402 4521 582 4575 ἔνθεον
615 4521 816 4585 πίστιν,
851 4520 1067 4581 δούλους
1095 4533 1155 4569 τε
1183 4515 1241 4582 ἐξ
1270 4514 1384 4567 ἴσου
1416 4515 1527 4575 τοῖς
1571 4510 1721 4564 ἐλευ-

1815 3232 1977 3287 modo
1996 3270 2011 3295 ,
2063 3230 2276 3284 animas
2306 3228 2360 3282 in
2389 3227 2627 3282 tenebris
2664 3227 2872 3296 positas
2902 3223 3226 3279 illuminabit
3246 3262 3261 3287 ,
3291 3222 3384 3289 ju~

1814 3323 1961 3378 stitia
2030 3322 2230 3377 lucebit
2283 3320 2338 3374 in
2386 3319 2641 3375 universa
2689 3325 2864 3384 terra;
2915 3317 3029 3372 sive
3079 3314 3379 3371 secundum

1813 3416 2086 3489 Aquilam,
2128 3432 2145 3465 ι
2173 3412 2375 3483 justus.
2410 3430 2429 3463 ι
2467 3408 2577 3465 Nec
2610 3410 2752 3463 ultra
2801 3407 2943 3480 apud
2986 3405 3205 3461 Iudaeos
3259 3412 3383 3458 tan-

1816 3520 1929 3563 tum
1970 3520 2112 3563 unus
2151 3510 2255 3560 aut
2302 3502 2439 3556 alter
2469 3500 2653 3569 justus
2703 3496 3108 3562 nominabitur;
3144 3494 3237 3551 sed
3286 3510 3384 3565 per

1814 3608 1986 3654 totum
2060 3598 2245 3651 orbem
2296 3591 2493 3648 inﬁniti
2544 3591 2600 3645 in
2638 3586 2857 3645 Christo
2918 3586 3383 3659 justiﬁcabuntur.

1817 3688 2214 3744 Multitudinem
2262 3691 2443 3739 autem
2487 3681 2782 3752 justorum,
2818 3678 2913 3749 qui
2959 3677 3012 3730 in
3039 3677 3231 3738 diebus
3262 3674 3385 3728 Ser-

1815 3780 2019 3835 vatoris
2039 3778 2210 3832 nostri
2232 3774 2549 3834 ﬂoruerunt,
2575 3778 2627 3826 et
2654 3770 2745 3838 qui
2777 3768 2999 3822 luminis
3029 3764 3217 3827 instar,
3247 3779 3376 3831 per-

1818 3871 1943 3925 inde
1985 3876 2148 3938 atque
2194 3866 2435 3934 ipsorum
2467 3860 2754 3923 luminare,
2789 3855 2962 3912 exorti
2994 3861 3141 3915 sunt,
3177 3852 3378 3907 intelli-

1819 3976 1911 4033 ges
1941 3976 2008 4015 ex
2034 3955 2382 4013 multitudine
2433 3959 2731 4021 martyrum
2777 3948 2896 4018 ejus
2940 3962 3036 4017 per
3073 3945 3381 4001 universam

1819 4060 2042 4115 terram,
2091 4059 2387 4116 eorumque
2433 4043 2526 4114 qui
2556 4043 2611 4096 in
2644 4039 2885 4095 Ecclesia
2920 4040 3040 4105 ejus
3085 4036 3383 4107 angelicam

1819 4142 1985 4196 vitam
2002 4154 2126 4195 cum
2149 4136 2296 4192 omni
2324 4135 2576 4191 castitate
2602 4132 2893 4186 duxerunt.
2928 4127 3083 4195 Quod
3108 4128 3153 4181 si
3180 4127 3385 4181 dictum

1820 4241 1924 4295 est,
1962 4232 2204 4286 futurum
2248 4242 2370 4283 esse
2402 4235 2461 4280 ut
2486 4222 2698 4294 justitia
2746 4222 2801 4276 in
2846 4219 3193 4293 diebus-ejus
3224 4217 3387 4273 cilio-

1820 4330 1997 4379 rescat
2017 4340 2030 4389 ;
2049 4330 2103 4378 et
2130 4325 2233 4376 hoc
2258 4332 2368 4389 quo
2399 4324 2560 4387 pacto
2585 4313 2798 4369 eveniat
2828 4313 2957 4367 hinc
2987 4311 3219 4373 edisces,
3240 4307 3385 4378 qund

1822 4428 1931 4467 non
1967 4418 2173 4467 tantum
2206 4407 2402 4473 Judaei,
2431 4406 2523 4463 sed
2555 4406 2719 4461 etiam
2757 4417 2948 4459 omnes
2979 4408 3167 4471 gentes
3201 4398 3266 4457 ad
3295 4397 3384 4451 di-

1822 4504 2006 4559 vinam
2049 4502 2206 4556 ﬁdem
2232 4504 2437 4553 vocatae
2461 4498 2591 4558 sint,
2632 4510 2695 4549 ac
2739 4494 2879 4548 servi
2905 4492 3108 4561 pariter
3135 4495 3189 4545 et
3227 4487 3384 4541 liberi

160 4574 335 4687 θέροις
352 4615 640 4680 θεοσεϐεἰν,
670 4614 763 4668 καὶ
793 4574 1026 4684 πένητας
1047 4574 1259 4681 ’ὁμοίως
1289 4610 1401 4670 τοῖς
1428 4574 1715 4667 πλουσίοις,

1828 4598 1993 4653 Deum
2026 4593 2228 4653 colant,
2259 4602 2525 4659 pauperes
2558 4584 2780 4656 perinde
2804 4592 2965 4653 atque
2997 4580 3214 4643 divites,
3236 4574 3390 4647 prius.

160 4702 421 4774 ἄρχοντάς
447 4722 505 4758 τε
546 4705 642 4759 σὺν
666 4702 989 4776 ἀρχομένοις
1020 4701 1115 4753 σὺν
1153 4698 1318 4769 πολλῇ
1344 4693 1478 4750 Θεοῦ
1523 4693 1724 4746 δικαιο-

164 4796 310 4868 σύνῃ.
338 4798 529 4861 Ὅπως
559 4797 616 4850 δὲ
644 4796 844 4865 πλῆθος
888 4796 1108 4867 εἰρήνης
1135 4789 1496 4845 ἀνατέταλκεν
1523 4787 1581 4840 ὲν
1606 4787 1724 4849 ταῖς

162 4888 506 4957 δηλωθείσαις
554 4887 647 4941 τού
701 4888 949 4958 Σωτῆρος
999 4885 1154 4957 ἡμῶν
1214 4881 1482 4953 ἡμέραις,
1537 4879 1723 4946 νοῆσαι

162 4978 302 5032 ἔστιν
335 4981 704 5050 ἐπιστήσαντα
724 4982 790 5050 τῇ
824 4977 1152 5031 καταστάσει
1173 4974 1281 5026 τῶν
1312 4969 1415 5043 πρὸ
1433 4971 1532 5041 τῆς
1556 4966 1723 5023 αὐτοῦ

165 5072 462 5139 παρουσίας
488 5072 846 5143 πραγμάτων.
881 5069 1017 5124 Καθ’
1043 5069 1110 5139 ἢν
1146 5066 1206 5120 τὸ
1236 5064 1456 5135 σύμπαν
1492 5060 1602 5114 τῶν
1639 5060 1728 5113 ἀν-

168 5161 394 5233 θρὼπων
451 5163 604 5232 γένος
651 5161 871 5235 διῄρητο
914 5156 1373 5228 ἀποτετμημένων
1427 5152 1613 5225 ὥσπερ
1668 5149 1727 5215 ἐξ

168 5253 280 5317 ἑνὸς
328 5254 575 5325 σώματος
618 5255 697 5315 εἰς
732 5251 897 5323 μυρία
941 5245 1308 5317 διεσπαρμένα
1351 5242 1508 5313 μέλη,
1554 5238 1728 5294 ἀλλων

169 5343 337 5407 ἄλλως
375 5344 542 5397 ὲθνῶν
592 5343 755 5395 πάλαι
804 5339 1062 5410 πρότερον
1108 5332 1517 5405 ἀφωρισμένων,
1571 5328 1729 5382 πολε-

175 5435 412 5505 μούντων
442 5452 499 5488 τε
533 5433 774 5504 ἀλλήλοις
800 5433 894 5486 καὶ
917 5425 1348 5499 πολεμουμένων·
1380 5421 1471 5476 καὶ
1495 5419 1602 5473 τῶν
1629 5417 1728 5489 μὲν

171 5526 625 5598 τυραννουμένων,
660 5523 766 5576 τῶν
796 5522 852 5575 δὲ
879 5515 1417 5591 δημοκρατουμένων,
1443 5511 1641 5582 ἑτέρων
1670 5508 1729 5562 δὲ

172 5616 659 5689 ὀλιγαρχουμένων·
696 5613 979 5685 τοπάρχων
1001 5613 1120 5665 κατ’
1145 5608 1293 5671 ἔθνος
1337 5605 1429 5660 καὶ
1454 5601 1730 5673 τυράννων

244 5775 286 5806 ²⁹
316 5771 503 5839 Matth.
548 5786 734 5835 xxvm,
763 5771 851 5835 20.

1827 4692 1976 4760 cipes
2006 4700 2130 4740 cum
2153 4682 2411 4744 subditis,
2440 4693 2564 4733 cum
2589 4677 2758 4732 multa
2792 4673 2885 4728 Dei
2924 4670 3135 4742 justitia
3161 4668 3284 4740 [pie
3307 4668 3390 4722 vi-

1828 4759 2012 4850 vant].
2065 4775 2183 4841 Quo
2212 4779 2373 4843 pacto
2406 4778 2585 4824 autem
2630 4762 2962 4820 abundantia
2992 4761 3141 4831 pacis
3182 4759 3240 4812 in
3282 4773 3392 4811 me-

1830 4868 2055 4926 moratis
2085 4861 2383 4919 Salvatoris
2414 4859 2587 4915 nostri
2610 4857 2799 4912 diebus
2827 4860 2946 4908 orta
2975 4853 3068 4916 sit,
3096 4850 3264 4920 probe
3292 4850 3389 4902 in-

1827 4960 2088 5031 telligitur
2127 4970 2195 5012 ex
2244 4967 2427 5009 rerum
2478 4956 2605 5004 ante
2652 4947 2889 5017 primum
2940 4944 3058 5014 ejus
3100 4942 3388 4996 adventum

1826 5049 2157 5110 conditione.
2212 5043 2332 5110 Quo
2381 5050 2620 5109 tempore
2666 5045 2839 5092 totum
2889 5036 3185 5088 humanum
3218 5045 3390 5101 genus

1829 5158 1929 5199 ceu
1960 5157 2027 5196 ex
2060 5152 2170 5194 uno
2212 5147 2442 5204 corpore
2488 5131 2543 5183 in
2579 5127 2786 5183 inﬁnita
2808 5126 3048 5181 membra
3097 5122 3224 5176 hinc
3263 5118 3393 5173 inde

1830 5234 2074 5304 dispersa
2100 5229 2335 5284 divisum
2363 5230 2500 5279 erat.
2566 5219 2698 5273 Nam
2726 5224 2916 5288 gentes
2947 5216 3064 5269 alia:
3090 5213 3197 5267 alio
3229 5210 3392 5264 modo

1831 5340 1862 5379 a
1883 5301 2080 5394 priscis
2104 5319 2217 5387 jam
2245 5311 2579 5383 temporibus
2599 5308 2786 5362 divisae
2809 5306 3050 5366 fuerant;
3084 5301 3390 5367 bellumque

1832 5393 1974 5471 inter
2000 5426 2058 5466 se
2086 5406 2379 5479 gerebant,
2429 5401 2497 5454 ab
2542 5399 2771 5467 aliisque
2803 5393 3258 5479 impugnabantur
3292 5404 3304 5440 :
3338 5393 3396 5438 ct

1835 5464 2165 5572 alii'quide’m
2195 5464 2441 5566 tyrannis
2466 5464 2885 5551 subditi—erant:
2923 5484 3012 5538 alii
3036 5477 3389 5539 democratia,

1835 5595 1927 5659 alii
1961 5570 2258 5665 paucorum
2307 5584 2588 5642 dominatu
2620 5580 2990 5652 regebantur,
3042 5570 3313 5646 toparchae
3336 5576 3395 5623 et
