3776 6284
142 346 234 406 8θὸ
1234 337 1735 394 (ΣΟΜΜΕΝΤΑΒΙΛ

1834 338 1841 391 l
1880 338 2215 397 PSALMOS.
3224 345 3329 403 806

140 481 217 516 τιν
248 458 475 527 Ἰωάννης
496 456 524 508 ὁ
550 453 879 523 Βαπτιστής.
921 453 1079 507 Ἑόόα
1096 453 1140 507 δ’
1168 449 1261 507 οὖν
1280 454 1471 521 λέγων’
1511 471 1529 505 ι
1568 452 1671 505 Εύ-
1697 454 1741 511 Α

1835 455 2144 523 angelizans
2172 455 2449 511 desertum
2495 457 2549 511 in
2596 473 2704 528 quo
2733 459 3059 529 praedicabat
3090 457 3330 515 Joannes

142 551 391 626 φράνθητι,
437 546 635 619 ἔρημος
671 547 899 616 διψῶσα,
930 546 1272 615 ἀγαλλιάσθω
1318 547 1519 618 ἔρημος
1562 542 1658 599 καὶ

1834 545 2023 613 ηριίειο.
2069 544 2158 600 Sic
2190 546 2281 601 ille
2313 546 2581 601 clamabat
2616 568 2628 603 :
2672 569 2691 601 ι
2724 550 2929 607 Laetare
2957 552 3230 610 desertum
3261 557 3333 613 si-

140 642 334 699 ἀνθείτω
360 640 430 701 ὡς
456 638 635 708 κρίνον
657 654 669 667 ·
705 638 797 689 καὶ
828 636 1107 709 ὲξανθήσει
1140 637 1233 689 καὶ
1277 635 1660 705 ἀγαλλιάσεται

1834 648 1936 696 ns,
1968 636 2206 690 exsultet
2235 636 2473 690 solitudo
2511 645 2563 692 et
2592 637 2780 695 ﬂoreat
2830 643 2975 697 sicut
3024 644 3195 699 lilium
3228 664 3242 700 τ
3276 658 3333 703 et

138 736 195 789 τὰ
217 733 379 804 ἔρημα
401 729 488 783 τοῦ
528 728 807 800 Ἰορδάνου.
849 748 868 781 ι
926 730 1068 782 Ἀντὶ
1100 730 1242 792 τίνος
1270 728 1376 800 γάρ
1418 729 1515 799 ούχ
1544 727 1661 781 ἔτέ-

1836 727 2030 781 rebnnt
2058 735 2111 781 et
2132 727 2485 782 exsultabunt
2506 729 2719 784 deserta
2743 730 2993 789 Jordanis
3010 735 3072 792 ³⁸.
3089 757 3107 788 ι
3148 738 3331 805 Quare

141 843 219 899 ρον
250 825 503 895 μέμνηται
561 819 805 890 ποταμοῦ
853 822 881 873 ό
912 819 1162 883 τοσοῦτος
1203 820 1506 891 προφήτης,
1548 818 1662 874 ἀλλ’

1837 833 1870 870 ιι
1904 819 2044 873 alius
2086 818 2327 874 ﬂuminis
2367 821 2697 876 mentionem
2743 832 2928 879 tantus
2955 830 3215 899 propheta
3249 831 3330 885 fa-

138 915 275 971 αὐτοῦ
314 912 399 965 τοῦ
442 911 699 983 Ἰορδάνου
733 911 827 964 καὶ
873 911 970 982 τῆς
1003 913 1209 982 ἐρήμου
1253 912 1393 981 ἀμφὶ
1443 910 1628 964 τοῦτον
1647 926 1661 941 ·

1834 926 1870 970 μ,
1910 926 2073 979 quam
2117 910 2402 977 Jordanis,
2452 922 2507 969 et
2540 915 2852 971 solitudinis
2895 919 3330 992 circumpositae;

138 1003 435 1077 εὐφροσύνην
472 1021 533 1057 τε
580 1004 674 1057 καὶ
714 1002 1029 1071 ἀγαλλίασιν
1056 1005 1121 1073 τῇ
1168 1003 1359 1073 ἐρήμῳ
1405 1001 1499 1055 τοῦ
1539 1004 1669 1073 Ἰορ-

1834 1001 2117 1072 titiamque
2160 1010 2213 1058 et
2256 1005 2671 1061 exsultationem
2712 1007 2929 1063 deserto
2957 1009 3211 1069 Jordanis
3235 1029 3332 1068 an-

137 1101 288 1163 eam,
315 1096 421 1150 ἀλλ’
441 1096 562 1167 οὐχὶ
589 1099 654 1166 τῇ
692 1095 1063 1169 Ἰερουσαλὴμ,
1085 1094 1205 1149 οὐδὲ
1236 1097 1302 1166 τῇ
1332 1094 1489 1166 λοιπῇ
1536 1096 1667 1148 ’1ου-

1834 1093 1999 1158 Intiat,
2032 1109 2139 1149 non
2162 1103 2339 1150 autem
2370 1093 2855 1169 Jerosolymae,nec
2878 1101 3099 1171 reliquae
3112 1102 3329 1158 Judaete.

136 1191 240 1261 δαίᾳ
292 1185 715 1256 εὐαγγελίζεται;
778 1187 983 1240 Οὐκοῦν
1038 1186 1231 1258 ἔχομεν
1275 1188 1368 1240 καὶ
1410 1186 1559 1257 παρὰ
1591 1184 1669 1256 τῷ

1834 1183 1932 1239 lest
1980 1199 2113 1239 sane
2144 1184 2286 1254 apud
2337 1185 2515 1254 ipsum
2548 1185 2741 1241 Isaiam
2800 1187 3099 1245 declaratio
3156 1190 3330 1245 ﬂumi-

148 1278 315 1349 Ἡσαΐᾳ
351 1277 445 1348 τὴν
472 1277 702 1348 δήλωσιν
750 1277 843 1330 τοῦ
877 1277 1120 1349 ποταμοῦ
1169 1278 1295 1350 περί
1347 1271 1408 1330 οὗ
1442 1294 1602 1348 φησιν
1642 1279 1670 1330 ὀ

1834 1291 1874 1339 s,
1906 1275 1975 1331 de
2007 1290 2118 1346 quo
2152 1277 2243 1331 hic
2286 1276 2506 1343 dicitur,
2542 1297 2561 1329 ι
2604 1277 2668 1331 Ει
2716 1294 2745 1334 a
2791 1278 3012 1337 ﬂumine
3058 1298 3233 1353 usque
3263 1285 3333 1339 ad

136 1370 297 1443 παρὼν
321 1370 491 1438 λόγος,
529 1388 547 1420 ι
578 1370 687 1424 Καὶ
718 1369 823 1423 ἀπὸ
870 1370 1114 1441 ποταμοῦ
1142 1369 1246 1433 ἔως
1288 1369 1394 1423 τῶν
1420 1370 1671 1440 περάτων

1834 1367 2033 1422 rminos
2079 1368 2228 1422 orbis
2264 1375 2529 1423 terrarum
2569 1388 2586 1420 ι
2620 1369 3023 1426 dominaturum
3057 1389 3181 1429 esse
3207 1390 3332 1429 eum

135 1466 216 1536 τῆς
234 1463 544 1534 οἰκουμένης
578 1481 597 1515 ι
629 1460 1078 1533 κατακυριεύσειν
1126 1460 1215 1514 τὸν
1260 1461 1669 1531 προφητευόμε-

1834 1456 1860 1511 ιί
1891 1458 1945 1511 in
1982 1458 2240 1513 vaticinio
2269 1458 2463 1514 fertur.
2524 1459 2783 1531 Licetque
2812 1463 3215 1531 praedictionem
3248 1465 3333 1520 vel

136 1575 225 1611 νον.
275 1555 592 1625 Ὀφθαλμοῖς
624 1554 683 1607 δὲ
718 1553 1052 1625 παραλαϐεῖν
1099 1552 1213 1605 ἔστι
1262 1552 1327 1605 δι’
1356 1551 1531 1623 ἔργων
1581 1569 1672 1605 κε-

1834 1548 1903 1605 sis
1931 1550 2105 1605 oculis
2125 1551 2444 1620 completam
2468 1551 2887 1622 deprehendere,
2909 1569 3031 1609 cum
3056 1556 3334 1610 videamus

136 1646 412 1717 χωρηκυίας
439 1643 540 1707 τὰς
570 1644 1070 1715 προαναφωνήσεις,
1112 1641 1350 1711 ὁρῶντας
1385 1643 1544 1713 μέχρι
1565 1644 1673 1698 τῶν

1834 1644 2047 1697 tristum
2083 1640 2175 1696 Dei
2208 1657 2381 1712 usque
2409 1642 2475 1696 ad
2500 1645 2764 1700 terminos
2787 1651 2945 1700 terrae
2984 1648 3040 1700 in
3076 1646 3333 1703 Ecclesiis

136 1739 351 1808 περάτων
380 1736 481 1805 τῆς
508 1737 611 1807 γῆς
639 1738 695 1789 ἔν
720 1738 838 1799 ταῖς
877 1734 1219 1805 Ἐκκλησίαις
1247 1734 1407 1787 αὐτοῦ
1435 1735 1674 1807 κυριολο-

1834 1747 1896 1786 us
1923 1740 1982 1785 ut
2008 1730 2293 1788 Dominum
2322 1734 2603 1789 celebrari.

134 1829 362 1899 γούμενον
391 1828 483 1880 τὸν
514 1826 746 1898 Χριστὸν
764 1826 858 1879 τοῦ
891 1825 1047 1879 Θεοῦ.
1088 1874 1091 1875 ν
1699 1840 1746 1900 Β

187 1939 210 1971 1
249 1920 507 1975 ’Ἑνώπιον
552 1916 714 1972 αὑτοῦ
749 1918 1142 1990 προπεσοῦνται
1178 1918 1449 1983 Αἰθίοπες,
1484 1919 1578 1973 καὶ
1610 1920 1659 1971 οἰ

128 2012 287 2082 ὶχθροί
305 2011 460 2066 αὐτοῦ
494 2010 620 2081 χοῦν
653 2010 902 2075 λείξουσι.
935 2030 953 2063 ι
983 2010 1171 2081 Σφόδρ’
1197 2011 1499 2074 ἀκολούθως
1527 2010 1663 2081 μετὰ

131 2103 181 2157 τὸ
202 2107 377 2167 εἰπεῖν,
417 2124 435 2155 ι
468 2104 902 2176 Κατακυριεύσει
951 2104 1058 2157 ἀπὸ
1102 2102 1375 2173 θαλάσσης
1413 2104 1516 2167 ἕως
1564 2102 1662 2157 θα-

132 2196 322 2267 λάσσης,
346 2197 435 2251 καί
468 2196 576 2250 ἀπὸ
608 2196 852 2267 ποταμοῦ
882 2196 986 2259 ἕως
1011 2195 1257 2267 περάτων
1288 2196 1386 2265 τῆς
1410 2195 1663 2264 οἰκουμέ-

133 2304 228 2358 νης,
254 2305 270 2337 ι
292 2286 562 2340 Αἰθιόπων
588 2284 1009 2357 ἐμνημόνευσεν,
1035 2286 1083 2338 οἶ
1107 2284 1174 2337 τὰ
1197 2284 1394 2353 ἔσχατα
1416 2284 1516 2353 τῆς
1542 2284 1662 2337 καθ’

130 2381 255 2450 ἡμᾶς
292 2378 610 2451 οἰκουμένης
636 2377 862 2441 οἰκοῦσι,
895 2377 964 2431 τά
994 2394 1052 2429 τε
1101 2376 1237 2448 πρὸς
1266 2375 1526 2439 ἀνατολὰς
1569 2375 1664 2429 καί

131 2472 186 2525 τὰ
218 2470 339 2542 πρὸς
365 2470 558 2524 δύοντα
597 2469 765 2540 ἥλιον.
803 2466 964 2521 Ὅθεν
992 2467 1085 2520 καὶ
1126 2465 1277 2537 παρὰ
1304 2469 1415 2530 τοῖς
1443 2465 1547 2530 ἔξω
1570 2466 1663 2520 τοῦ

132 2562 231 2614 καθ’
264 2563 399 2633 ἡμᾶς
435 2561 597 2630 λόγου
622 2559 761 2614 κατὰ
787 2557 947 2629 φύσιν
970 2557 1216 2631 εἰρῆσθαι
1239 2558 1384 2611 δοκεί
1414 2556 1491 2623 τὺ,

1833 1912 1998 1968 Vens.
2041 1913 2220 1967 9-H.
2269 1932 2288 1964 ι
2324 1912 2518 1968 Coram
2561 1915 2655 1969 illo
2697 1915 2979 1985 procident
3022 1914 3330 1985 Ethiopes,

1762 2015 1815 2062 et
1843 2005 2047 2061 inimici
2080 2005 2201 2075 ejus
2232 2014 2434 2061 terram
2468 2007 2692 2078 lingent.
2732 2026 2752 2060 ι
2812 2008 3113 2063 Admodum
3141 2023 3333 2064 conse-

1761 2104 2008 2168 quenter,
2055 2105 2341 2168 postquam
2390 2099 2621 2164 dixerat,
2663 2119 2681 2151 ι
2712 2098 3087 2154 Dominabitur
3118 2115 3148 2153 a
3178 2114 3333 2156 mare

1762 2205 1935 2260 usque
1964 2189 2027 2244 ad
2053 2204 2225 2253 mare,
2265 2197 2319 2244 et
2349 2204 2379 2243 a
2403 2189 2625 2246 ﬂumine
2669 2207 2841 2261 usque
2868 2191 2933 2245 ad
2960 2191 3222 2247 terminos
3248 2206 3332 2246 or-

1762 2284 1846 2339 bis
1876 2292 2163 2345 terrarum,
2191 2301 2210 2334 ι
2241 2280 2530 2354 Ᾱὶιὴίοιιοε
2561 2283 2902 2348 memoravit,
2935 2285 3027 2353 qui
3057 2285 3207 2340 orbis
3235 2301 3333 2341 no-

1762 2375 1859 2429 stri
1907 2382 2149 2427 extrema
2200 2372 2484 2441 incolunt,
2523 2383 2634 2427 tum
2672 2389 2735 2428 ea
2783 2389 2904 2444 quin
2948 2374 3014 2427 ad
3043 2375 3330 2440 orientem,

1762 2473 1877 2518 tum
1907 2479 1973 2520 ea
1999 2479 2120 2535 quae
2144 2462 2212 2517 ad
2233 2477 2491 2518 occasum
2511 2463 2645 2519 solis
2669 2466 2774 2519 slta
2811 2470 2958 2518 sunt.
3009 2462 3163 2520 Unde
3186 2466 3330 2537 apud

1762 2566 1997 2619 exteros,
2040 2555 2205 2610 dictis
2230 2554 2438 2610 nostris
2469 2570 2705 2610 consona
2746 2555 3046 2610 secundum
3071 2556 3150 2610 rei
3180 2564 3334 2611 natu-

1764 2662 1880 2701 ram
1912 2647 2183 2702 habentur
2209 2646 2263 2700 in
2287 2645 2379 2701 illo
2401 2662 2418 2699 :

1835 2754 2115 2830 Ethiopas
2137 2760 2227 2830 qui
2248 2758 2494 2830 bifariam
2518 2760 2676 2815 divisi
2695 2770 2816 2816 sunt
2844 2761 3019 2813 ultimi
3038 2760 3327 2823 hominum,

1834 2832 1943 2885 Atii
1973 2828 2178 2903 quidem
2221 2828 2307 2883 ad'
2337 2830 2651 2885 occidentem
2672 2871 2687 2897 ,
2738 2831 2834 2885 alii
2867 2831 2935 2883 ad
2965 2832 3210 2972 mitigata:
3238 2846 3334 2971 130-

130 2979 219 3031 Kal
262 2981 314 3031 ὲν
347 2979 520 3051 ἑτέρῳ
550 2978 606 3031 δὲ
656 2978 869 3050 εἴρηται
909 2976 1144 3049 ψαλμῷο
1174 2997 1193 3031 t
1228 2978 1482 3034 Αἰθιοπία
1532 2999 1665 3049 προ-

1856 2991 1964 3048 alio
1989 3008 2205 3064 quoque
2231 2994 2439 3063 psalmo
2473 2992 2676 3047 dictum
2700 3000 2785 3048 est
2819 3009 2833 3046 :
2870 2991 3177 3061 uEthiOpia
3210 3006 3333 3061 por-

130 3065 296 3132 φθάσει
335 3071 494 3139 χεῖρα
526 3066 692 3136 αὐτῆς
724 3065 799 3136 τῷ
828 3065 946 3135 Θεῷ
966 3083 980 3097 ο
1024 3084 1043 3116 ι
1077 3066 1170 3119 καὶ
1198 3065 1356 3118 πάλιν
1396 3068 1454 3119 ὲν
1494 3066 1666 3137 ἑτέρῳ

1834 3094 1902 3155 get
1934 3100 2151 3140 manum
2186 3100 2340 3140 suam
2373 3082 2485 3139 Deo
2514 3084 2591 3149 ";
2622 3103 2641 3136 ι
2677 3098 2740 3138 ac
2774 3083 2969 3137 iterum
3008 3083 3063 3136 in
3090 3083 3195 3137 alio
3212 3096 3334 3152 pro-

129 3161 349 3232 προφήτῃ
386 3160 666 3214 λέλεκται⁹
705 3178 723 3209 ι
767 3160 861 3212 Ἐκ
904 3160 1153 3232 περάτων
1193 3158 1451 3229 ποταμῶν
1490 3159 1667 3212 Αἰθιο-
1698 3222 1735 3243 ﬂ

1834 3184 1975 3231 leta:
2030 3195 2048 3227 ι
2085 3175 2162 3229 Ex
2209 3175 2459 3230 terminis
2505 3172 2786 3229 ﬂuminum
2820 3172 3110 3242 EthiOpia!
3158 3172 3334 3229 ferent

128 3222 239 3314 πίας
259 3222 489 3306 οἴσουσιν
510 3252 696 3315 οὐσίας
726 3269 833 3323 μοι.
874 3272 893 3305 ι
929 3222 1038 3305 καὶ
1070 3253 1128 3305 ὲν
1150 3253 1262 3315 τοῖς
1290 3222 1670 3322 προκειμένοις
1696 3222 1738 3279 C

1834 3222 1975 3231 ω--.
2035 3222 2046 3227 -
2086 3222 2162 3229 _-
2820 3222 3107 3242 __-_--,_w

1840 3266 2131 3321 bstantiam
2182 3264 2314 3319 mihi
2339 3265 2403 3319 ³⁷.
2444 3283 2463 3317 ›
2502 3264 2558 3318 In
2611 3264 2697 3320 his
2744 3265 2871 3319 item
2917 3277 3158 3318 consona
3201 3278 3334 3318 voce

126 3339 172 3392 δὲ
205 3341 499 3406 ἀκολούθως
539 3341 745 3407 τούτοις
777 3342 859 3408 τὸ,
905 3362 924 3394 ι
976 3342 1232 3396 Ἐνώπιον
1263 3338 1425 3396 αὐτοῦ
1469 3360 1672 3414 προπε-

1838 3356 2100 3411 tieinatur
2128 3356 2238 3419 ille,
2278 3373 2298 3408 ι
2324 3356 2520 3410 (loram
2553 3355 2646 3409 illo
2672 3356 2959 3424 procident
2985 3354 3328 3424 Ethiopes.»

127 3432 313 3488 σοῦνται
354 3436 631 3499 Αἰθίοπες,
672 3455 691 3486 ι
726 3434 1059 3500 θεσπίζεται.
1113 3437 1189 3488 Δι’
1225 3428 1298 3488 ὧν
1347 3434 1603 3489 ἁπάντων
1642 3435 1670 3486 ό

1834 3445 1936 3501 teis
1961 3446 2217 3501 omnibus
2238 3444 2577 3516 signiﬁcatur
2601 3444 2866 3511 futurum,
2890 3454 2948 3498 ut
2972 3444 3190 3498 termini
3225 3453 3335 3498 ter-

125 3524 259 3593 λόγος
310 3526 562 3598 σημαίνει
598 3527 667 3580 τὰ
714 3527 917 3597 ἔσχατα
948 3528 1044 3597 τῆς
1075 3528 1178 3599 γῆς
1209 3528 1306 3599 τὴν
1335 3526 1424 3580 τοῦ
1461 3544 1672 3598 προφη-

1834 3535 1995 3605 :ejus
2041 3536 2133 3605 qui
2172 3536 2228 3589 in
2272 3535 2557 3606 prophetia
2603 3534 2918 3589 enuntiatur
2973 3533 3332 3604 cognitionem

123 3618 381 3689 τευομένου
427 3617 632 3687 γνῶσιν
694 3618 1082 3689 ἀναλήψεσθαι,
1132 3619 1226 3672 καὶ
1278 3618 1670 3689 προσκυνήσειν

1834 3627 2053 3698 eipiant,
2090 3641 2155 3682 ac
2193 3627 2540 3697 procidentes
2567 3632 2620 3680 et
2649 3639 2825 3695 genua
2874 3621 3172 3687 ﬂectentes,
3207 3624 3335 3677 ado-

122 3709 267 3780 αὐτῷ,
314 3712 757 3783 προσπίπτοντας
789 3712 883 3763 καὶ
931 3710 1059 3779 γόνυ
1087 3711 1384 3775 κλίνοντας.
1412 3712 1496 3762 Δι’
1523 3710 1551 3762 ὃ
1583 3708 1669 3763 λέ-

1834 3724 1889 3771 nt
1915 3718 2116 3787 ipsum.
2152 3715 2535 3782 Quamobrem,
2571 3712 2872 3768 secundum
2897 3712 3169 3780 Aquilam,
3200 3710 3336 3766 dici-

122 3798 285 3854 λεκται
339 3801 484 3855 κατὰ
533 3802 624 3854 τὸν
679 3800 933 3855 Ἀκύλαν·
979 3820 997 3852 ι
1038 3802 1133 3865 Εἰς
1172 3801 1461 3872 πρόσωπον
1501 3798 1667 3854 αὐτοῦ

1834 3823 1877 3875 ι’,
1918 3824 1937 3857 ι
1966 3806 2049 3862 Ad
2097 3806 2289 3861 faciem
2330 3805 2453 3872 ejus
2497 3800 2801 3857 curvabunt
2852 3815 2912 3855 se
2952 3798 3273 3869 Ethiopes;
3305 3818 3328 3850 ι

121 3890 398 3961 κάμψουσιν
467 3891 749 3955 Αἰθίοπεςο
809 3910 828 3944 ι
882 3890 1023 3945 κατὰ
1078 3890 1136 3944 δὲ
1191 3891 1281 3943 τὸν
1337 3890 1663 3961 Σύμμαχονο

1834 3896 2065 3951 cundum
2103 3893 2485 3965 Symmachum
2514 3899 2717 3950 autem,
2754 3908 2771 3940 ι
2803 3887 2861 3942 In
2893 3896 3188 3959 conspectu
3210 3890 3332 3957 ejus

126 3999 142 4031 ι
167 3984 501 4055 Ἐμπροσθεν
546 3983 709 4038 αὑτοῦ
754 3982 1069 4037 όκλάσουσιν
1111 3983 1387 4047 Αἰθίοπες.
1430 4003 1449 4035 ›
1486 3983 1584 4037 Διὰ
1610 3984 1667 4037 δὲ

1834 3986 2123 4041 ocnmbent
2178 3983 2484 4051 Ethiopes.
2524 4000 2543 4033 ι
2583 3978 2686 4034 Per
2711 3978 2995 4048 Ethiopcs
3023 3986 3200 4033 autem
3238 3979 3333 4049 qui

119 4074 211 4128 τῶν
232 4077 496 4131 Αἰθιόπων
523 4076 632 4129 τῶν
661 4076 731 4130 τὰ
759 4076 963 4147 ἔσχατα
994 4077 1091 4147 τῆς
1118 4075 1223 4147 γῆς
1260 4077 1550 4131 οἰκούντων
1574 4078 1667 4130 καὶ

1837 4084 2007 4131 trema
2032 4081 2192 4128 terra:
2218 4072 2481 4136 incolunt,
2512 4078 2698 4141 gentes
2721 4071 2884 4125 etiam
2921 4084 3041 4139 quae
3071 4070 3214 4123 intra
3247 4086 3334 4125 or-

119 4165 177 4218 τὰ
195 4167 312 4221 εἵσω
332 4169 427 4239 τῆς
469 4168 791 4240 οἰκουμένης
831 4168 956 4240 ἔθνη
994 4169 1275 4240 δηλοῦνται
1328 4168 1435 4221 Καὶ
1468 4169 1668 4240 πρόδη-

1837 4181 1891 4221 tn
1930 4171 2081 4231 sunt,
2128 4163 2460 4218 indicantur.
2513 4160 2963 4231 Manifestumque
3005 4170 3109 4228 est,
3132 4162 3335 4232 ubique

118 4257 193 4311 λον
218 4261 356 4324 ὅπως
384 4260 697 4331 ἁπανταχοῦ
721 4261 823 4332 γῆς
844 4264 891 4315 οἰ
920 4263 999 4326 εἰς
1024 4261 1183 4315 αὑτὸν
1221 4261 1662 4325 πεπιστευκότες,

1834 4268 2057 4319 rrarum,
2097 4240 2191 4324 qui
2218 4253 2273 4306 in
2302 4251 2480 4321 ipsum
2503 4251 2754 4316 credunt,
2778 4266 2951 4322 genua
2980 4249 3259 4306 ﬂectentes
3280 4258 3336 4305 et

119 4351 228 4417 γόνυ
262 4352 529 4417 κλίνοντες
557 4353 651 4406 καὶ
683 4354 761 4416 εἰς
788 4353 954 4424 αὐτὴν
986 4354 1381 4424 προπίπτοντες
1411 4353 1509 4424 τὴν
1539 4353 1662 4422 γῆν,

1845 4355 2045 4400 terram
2070 4342 2515 4415 procumbentes,
2530 4356 2626 4411 per
2641 4356 2767 4396 eum
2784 4340 3153 4397 adorationem
3177 4354 3333 4395 suam

118 4438 171 4491 δι’
203 4441 355 4494 αὐτοῦ
394 4442 494 4514 τὴν
529 4440 896 4512 προσκύνησιν
927 4440 1004 4510 τῷ
1050 4441 1141 4493 ἐπὶ
1171 4440 1387 4492 πάντων
1419 4437 1665 4507 ἀναπέμ-

1834 4437 2147 4492 ιὶνοιεοιιιω
2176 4434 2284 4489 Deo
2306 4432 2575 4489 emittere.
2609 4432 2719 4487 lmo
2746 4433 2905 4488 etiam
2941 4433 3037 4495 ait,
3069 4452 3087 4484 ι
3122 4430 3333 4485 Inimici

119 4545 259 4583 πουσι
286 4531 420 4603 Θεῷ.
468 4531 631 4585 Ἀλλὰ
677 4533 770 4587 καί
806 4532 853 4584 οἰ
888 4531 1071 4602 ἐχθροὶ
1116 4528 1302 4592 αὑτοῦ,
1347 4530 1501 4601 φησί,
1534 4528 1664 4599 χοῦν
1696 4565 1741 4624 D

1834 4544 1886 4584 ιε
1918 4535 2118 4584 terram
2158 4526 2398 4595 lingent,
2429 4542 2448 4577 ι
2486 4524 2627 4594 patri
2668 4540 2768 4579 suo
2815 4523 3053 4592 serpenti
3101 4523 3331 4586 similes,

117 4618 377 4687 λείξουσιν,
406 4622 823 4695 ὲξομοιωθέντες
859 4621 937 4693 τῷ
972 4620 1178 4674 ἔαυτῶν
1213 4620 1377 4690 πατρὶ
1418 4618 1497 4689 τῷ
1520 4620 1660 4687 ὄφει,
1696 4613 1736 4624 ”

1834 4620 1858 4673 ιί
1892 4620 1945 4673 in
1975 4627 2190 4689 pectore
2217 4623 2270 4671 et
2299 4621 2484 4669 ventre
2528 4613 2773 4687 graditur
2794 4653 2809 4678 ,
2856 4621 2910 4667 et
2935 4622 3131 4667 terram
3162 4627 3337 4666 come-

118 4710 196 4762 ὲπί
219 4712 292 4782 τῷ
322 4714 506 4785 στήθει
559 4715 651 4767 καὶ
683 4715 747 4785 τῇ
785 4712 962 4783 κοιλίᾳ
1004 4709 1371 4782 πορευομένῳ,
1419 4709 1512 4762 καὶ
1560 4706 1664 4778 γῆν

1834 4721 1881 4777 ι,
1919 4709 2217 4767 secundum
2262 4707 2519 4762 inﬂictam
2552 4707 2655 4762 sibi
2698 4721 2727 4759 a
2770 4705 3036 4775 principio
3096 4718 3332 4774 pmnam.

117 4801 325 4858 ἐσθίοντι
351 4805 492 4858 κατὰ
518 4806 616 4875 τὴν
645 4803 705 4869 ἔξ
734 4803 906 4875 ἀρχῆς
943 4802 1236 4873 γενομένην
1268 4798 1413 4870 αύτῷ
1446 4798 1666 4871 προστί-

1835 4819 1865 4858 c
1894 4802 2078 4857 videas
2106 4801 2358 4855 inimicos
2382 4797 2636 4854 Ecclesiae
2664 4797 2889 4861 Christi,
2917 4805 3115 4851 terram
3145 4804 3199 4851 et
3221 4811 3339 4850 cor-

121 4910 283 4963 μησιν.
316 4896 472 4949 Οὕτω
517 4897 562 4951 δ’
593 4892 684 4950 οὖν
728 4896 847 4965 ὄψει
881 4895 1005 4957 τοὺς
1056 4894 1154 4963 τῆς
1191 4892 1517 4960 Ἐκκλησίας
1571 4887 1665 4942 τοῦ

1834 4906 1969 4946 »τοδε
1998 4890 2306 4958 voluptates
2332 4887 2558 4957 lingere.
2595 4882 2651 4938 Si
2675 4884 2819 4939 enim
2844 4883 3169 4953 corpus,cui
3198 4883 3338 4937 inest

115 4984 328 5052 Χριστοῦ
366 4987 655 5058 πολεμίους
682 4986 771 5040 τὸν
799 4985 926 5057 χοῦν
954 4987 1046 5039 καί⁵
1084 4985 1181 5048 τὰς
1217 4980 1533 5054 σωματικὰς
1558 4980 1671 5052 ἡδο-

1834 4984 1975 5046 ιὶιηιι,
2003 4981 2181 5052 pulvis
2207 4979 2414 5034 dictum
2442 4986 2526 5033 est
2554 4975 2852 5030 secundum
2876 4974 3017 5029 hanc
3044 4973 3338 5044 Scriptura:

116 5073 200 5137 νὰς
225 5078 741 5149 περιλιχμωμένους.
774 5078 836 5130 Εἰ
862 5077 970 5148 γὰρ
1007 5076 1067 5130 τὸ
1103 5075 1279 5145 σῶμα,
1308 5068 1459 5146 ᾧπερ
1491 5075 1669 5126 κεῖται

1834 5087 1979 5137 cem,
2016 5091 2034 5123 ι
2064 5070 2288 5140 Accepit
2319 5067 2461 5123 Deus
2490 5067 2766 5137 pulverem
2809 5081 2875 5120 ex
2902 5076 3069 5130 terra,
3098 5073 3152 5119 et
3175 5064 3336 5120 eﬂ‘or-

116 5164 320 5238 ἡψυχὴ,
342 5168 471 5239 χοῦς
499 5171 777 5241 ἀνείρηται
800 5168 940 5222 κατὰ
964 5168 1060 5239 τὴν
1084 5168 1395 5237 φάσκουσαν
1422 5165 1663 5237 Γραφήψ

1834 5166 1934 5220 avit
1957 5164 2230 5219 hominem
2256 5162 2323 5225 ³⁸,
2358 5180 2376 5212 ι
2412 5160 2506 5229 qui
2529 5167 2727 5213 terram
2752 5157 2984 5227 lingunt,
3008 5156 3341 5210 carnalibus-

122 5273 137 5304 ι
178 5256 396 5312 Ἔλαϐεν
421 5263 450 5313 ὁ
476 5260 605 5324 Θεὸς
640 5260 768 5331 χοῦν
805 5260 911 5313 ἀπὸ
938 5259 1037 5331 τῆς
1066 5258 1189 5329 γῆς,
1220 5259 1315 5312 καὶ
1347 5256 1549 5309 ἔπλασε
1576 5256 1666 5308 τὸν

1834 5274 1874 5313 ιθ
1904 5257 2275 5327 voluptatibus
2311 5251 2513 5308 addicti
2562 5257 2711 5313 sunt,
2741 5249 2886 5319 jure,
2918 5256 3105 5319 utpote
3129 5248 3338 5303 saluta-

182 2758 464 2827 Αἰθίοπας,
494 2758 582 2810 τοὶ
614 2756 786 2827 διχθὰ
813 2755 1113 2809 δεδαίαται
1140 2756 1385 2827 ἔσχατοι
1411 2755 1662 2825 ἀνδρῶν·

185 2830 241 2879 οἱ
262 2826 370 2896 μὲν
396 2827 739 2897 δυσομένου
768 2828 1104 2895 ὐπερίονος,
1134 2829 1188 2879 οι
1209 2826 1261 2879 δ’
1289 2828 1580 2893 ἀνιόντος.

118 5348 411 5421 ἄνθρωπον·
454 5371 472 5404 ι
502 5357 549 5408 οἰ
595 5356 686 5408 τὸν
730 5353 857 5425 χοῦν
915 5348 1374 5423 περιλιχμώμενοι
1428 5350 1521 5402 καί
1568 5348 1666 5411 τὰς

115 5440 203 5510 τῆς
228 5444 420 5515 σαρκὸς
442 5446 770 5517 ,ἡδυπαθείας
812 5445 1077 5516 τιμῶντες
1111 5442 1489 5513 διαϐέϐληνται
1532 5440 1667 5494 εἰκός

120 5549 229 5596 τως.
262 5537 334 5600 ὡς
370 5536 436 5591 ἂν
466 5540 645 5611 ἐχθροὶ⁸
682 5539 774 5593 τοῦ
805 5539 1070 5609 σωτηρίου
1116 5536 1470 5607 τυγχάνοντες
1485 5534 1661 5603 λόγου.

130 5622 253 5678 Ἀλλ’
290 5623 430 5683 οὗτοι
477 5634 572 5703 μὲν
614 5631 871 5686 τοιοῦτοι*
916 5630 975 5684 τὸ
1013 5630 1056 5683 δ’
1090 5630 1272 5700 ἕτερον
1322 5628 1508 5699 τάγμα
1558 5626 1665 5681 τῶν

184 5781 222 5813 ³⁵
252 5783 355 5843 lsa.
384 5803 545 5854 xxxv,
589 5803 626 5841 ι.
708 5788 750 5820 ³⁵
794 5786 949 5843 Hom.
989 5785 1150 5856 Odys.
1185 5787 1232 5842 l.

1770 5350 1849 5404 ris
1876 5348 2027 5403 verbi
2054 5345 2284 5408 inimici,
2327 5342 2468 5397 male
2496 5337 2744 5394 audiunt.
2787 5337 2894 5393 Sed
2926 5338 2980 5391 hi
3010 5336 3226 5407 quidem
3255 5346 3341 5389 ta-

1771 5445 1852 5498 les
1885 5461 1898 5495 :
1934 5441 2073 5493 alius
2114 5446 2293 5492 autem
2326 5434 2460 5488 ordo
2489 5447 2679 5488 eorum
2724 5430 2815 5501 qui
2858 5445 3083 5501 regnum
3135 5428 3339 5483 Christi

1771 5538 2133 5604 cognoscunt,
2176 5529 2319 5583 dona
2352 5526 2455 5597 ipsi
2488 5523 2696 5587 aﬂ'eret,
2730 5523 2871 5577 utin
2900 5522 3183 5592 prophetia
3230 5520 3339 5575 fer-

1769 5636 1858 5681 tur
1892 5624 1976 5680 his
2020 5620 2202 5677 verbis
2236 5638 2251 5674 :
2298 5638 2317 5671 ι
2355 5617 2529 5688 Reges
2560 5614 2784 5669 Tharsis
2808 5621 2863 5669 et
2896 5613 3085 5670 insulae
3114 5624 3338 5668 munera

1347 5786 1389 5818 ³⁸
1416 5783 1557 5840 Psal.
1600 5796 1764 5845 mn,
1798 5780 1885 5835 '52.
1964 5779 2005 5812 ³⁷
2040 5775 2207 5848 Soph.
2244 5791 2323 5843 ιιι,
2361 5774 2447 5829 10.
2524 5772 2569 5807 ³⁸
2600 5770 2733 5829 Gen.
2774 5784 2834 5836 ιι,
2865 5767 2909 5822 7.
