3776 6284
173 342 264 398 809

1265 333 1776 392 COMMENTARH
1811 333 1876 388 ΙΝ
1919 331 2264 390 PSALMOS.

3291 339 3400 393 810

169 459 314 530 αὐτῷ.
353 459 412 510 ⁸0
434 455 494 527 δή
543 455 634 509 καὶ
669 453 912 524 Μωῦσῆς
943 456 1004 508 ἐν
1052 453 1262 526 μεγάλῃ
1299 454 1409 524 ᾠδῇ
1445 453 1704 507 ἐδῖδασκει

1843 452 1895 507 ei.
1941 473 1958 504 ι
2013 451 2170 518 Quod
2203 465 2336 506 sane
2370 451 2498 506 huic
2527 453 2677 508 dicto
2708 453 2868 510 aﬂine
2899 463 3020 512 est:
3079 475 3098 508 ε
3141 455 3404 515 Dominus

168 554 250 607 ὡδί
391 552 512 622 περὶ
545 549 782 621 Χριστοῦ
824 549 1028 615 λέγων·
1075 569 1092 599 ι
1131 548 1504 620 Εὐφράνθητε,
1563 548 1718 618 ούρα-

165 650 251 712 vol,
286 647 392 716 ἅμα
425 645 587 714 αύτῷ,
623 647 716 697 καὶ
761 642 1292 715 προσκυνησάτωσαν
1327 639 1474 709 αύτῷ
1517 639 1716 701 πάντες

164 739 356 810 ἄγγελοι
387 737 540 790 Θεοῦ.
583 757 600 788 ›
630 734 786 791 Οὗτοι
814 737 950 806 δῆτα
985 738 1032 788 οἱ
1067 735 1324 806 βασιλεῖς,
1367 735 1592 801 ἀφανεῖς
1622 733 1716 786 καὶ

161 831 356 902 ἀόρατοι
401 827 507 880 τῶν
547 827 712 880 ἐθνῶν
769 828 1048 898 ἄρχοντες,
1105 823 1580 893 προσκυνήσαντες
1625 819 1715 871 τὸν

161 921 344 977 ἑαυτῶν
383 920 602 990 Κύριον,
645 919 746 982 τὰς
777 920 869 972 ὑπ’
913 921 1094 980 αὐτοῖς
1128 916 1305 986 ψυχὰς
1347 912 1496 984 δῶρα
1552 929 1720 982 προσ-

157 1017 274 1085 ἦγον
292 1013 450 1082 αὐτῷ.
481 1013 678 1083 Διόπερ
695 1011 904 1074 τούτοις
929 1011 1056 1079 ἑξῆς
1086 1010 1351 1077 συνῆπται
1379 1007 1454 1058 τό·
1486 1027 1501 1054 ε
1533 1005 1718 1057 Πάντα

154 1107 214 1158 τά
259 1105 374 1176 ἔθνη
418 1105 790 1158 δουλεύσουσιν
843 1101 1009 1172 αύτῷ.
1053 1121 1070 1152 ι
1111 1100 1404 1170 Σύμιρωνον
1445 1097 1489 1150 δ’
1523 1097 1590 1150 ἂν
1635 1095 1720 1166 εἴη

153 1197 291 1253 τοῦτο
345 1197 419 1268 τῷ
463 1199 695 1266 φήσαντι
747 1196 910 1266 λόγῳο
953 1214 968 1244 ι
1011 1194 1214 1261 Κύριος
1261 1188 1379 1243 εἷπε
1431 1190 1564 1261 πρὸς
1609 1187 1708 1258 μέ·

153 1289 264 1352 Υἱός
296 1305 390 1360 μου
421 1287 470 1342 εἷ
501 1289 563 1341 σύ
586 1307 597 1317 ·
637 1291 744 1357 ἐγὼ
767 1290 1005 1359 σήμερον
1033 1283 1342 1355 γεγέννηκά
1373 1301 1449 1336 σε.
1479 1283 1712 1354 Λῖτησαι

153 1385 267 1453 παρ’
297 1381 448 1452 ἐμοῦ,
481 1382 577 1434 καί⁸
619 1380 774 1434 δώσω
803 1398 883 1433 σοι
913 1381 1038 1448 ἔθνη
1068 1379 1164 1449 τὴν
1197 1375 1562 1448 κληρονομίαν
1593 1393 1706 1438 σου,

153 1479 232 1524 καὶ
267 1473 358 1542 τὴν
386 1472 714 1540 κατάσχεσίν
743 1488 834 1522 σου
857 1472 923 1524 τε
953 1471 1165 1542 πέρατα
1197 1468 1298 1537 τῆς
1325 1469 1446 1538 γῆς.
1488 1487 1504 1518 ι
1555 1469 1615 1519 Ὂ
1644 1466 1706 1537 δὴ

151 1567 230 1618 καὶ
275 1557 560 1618 πεπεῖσθαι
595 1565 702 1635 χρὴ
749 1563 1226 1635 πληρωθήσεσθαι,
1260 1562 1334 1614 ὅτ’
1367 1561 1432 1612 ἂν
1469 1561 1529 1612 τὸ
1573 1559 1708 1630 πλή-

153 1673 288 1726 ρωμα
320 1655 421 1708 τῶν
451 1656 624 1708 ἐθνῶν
645 1655 879 1724 εἰσέλθῃ,
917 1657 1008 1706 καὶ
1045 1655 1278 1723 μάλιστα
1311 1651 1450 1705 κατὰ
1480 1651 1577 1722 τὴν
1599 1651 1710 1702 δευ-

1825 543 1962 596 dixit
1991 543 2058 596 ad
2088 559 2207 598 me:
2235 542 2406 598 Filius
2437 559 2592 600 meus
2611 561 2670 600 es
2698 555 2777 611 tu,
2811 561 2912 617 ego
2945 549 3106 603 hodie
3133 552 3296 621 genui
3327 560 3401 608 te.

1823 635 2046 690 Postula
2107 649 2138 688 a
2181 651 2290 698 me,
2349 643 2402 690 et
2451 636 2592 692 dabo
2641 638 2740 692 tibi
2786 649 2977 709 gentes
3031 640 3402 702 litereditatem

1821 737 1992 790 luam,
2039 735 2092 782 et
2125 727 2528 796 possessionem
2578 737 2723 782 tuam
2773 731 3036 788 terminos
3082 739 3242 788 terrae
3265 735 3332 790 “.
3377 755 3398 786 ι

1820 820 1972 886 Quod
2030 833 2163 874 sane
2207 827 2528 874 eventurum
2578 835 2700 874 esse
2749 819 3120 887 credendum,
3180 827 3404 894 quando

1821 911 2102 982 plenitudo
2133 911 2376 980 gentium
2419 910 2666 981 ingressa
2723 909 2914 978 fuerit,
2945 915 3290 985 maximeque
3343 917 3402 972 in

1823 1004 2066 1060 secundo
2095 1011 2148 1058 et
2178 1003 2366 1058 divino
2399 999 2712 1058 Servatoris
2745 1004 2920 1058 nostri
2949 1005 3201 1062 adventu.
3240 1007 3396 1066 Tunc

1821 1111 2012 1149 omnes
2039 1110 2194 1166 reges
2227 1094 2534 1148 adorabunt
2571 1111 2718 1159 eum,
2753 1102 2808 1152 et
2835 1111 3026 1154 omnes
3060 1107 3248 1169 gentes
3276 1116 3396 1156 ser-

1819 1188 1965 1240 vient
1997 1202 2072 1246 et.
2109 1205 2125 1238 ι
2164 1187 2229 1240 Ει
2259 1187 2348 1240 hic
2379 1187 2621 1240 omnium
2657 1187 2778 1242 linis
2807 1189 2933 1253 erit,
2961 1204 3082 1244 cum
3113 1193 3402 1247 tradiderit

1817 1275 2046 1349 regnum
2103 1279 2214 1334 Deo
2262 1289 2314 1334 et
2372 1277 2559 1344 Patri,
2609 1295 2731 1334 cum
2797 1281 3131 1338 destruxerit
3181 1299 3400 1340 omnem

1815 1369 2181 1438 principatum
2247 1379 2302 1424 et
2349 1385 2564 1424 onmem
2613 1378 2938 1440 potestatem
2999 1382 3050 1429 et
3113 1377 3402 1432 virtutem.-

1816 1460 2042 1530 Oportet
2089 1463 2234 1514 enim
2287 1477 2410 1516 eum
2458 1477 2708 1531 regnare,
2765 1464 2939 1519 donec
2991 1475 3156 1528 ponat
3203 1483 3400 1524 omnes

1815 1554 2070 1610 inimicos
2105 1555 2206 1608 sub
2251 1555 2484 1623 pedibus
2529 1555 2666 1618 suis,
2717 1566 2772 1610 et
2823 1559 3124 1614 novissima
3173 1561 3398 1617 mimica

1815 1649 2130 1702 destruatur
2163 1665 2311 1703 mors
2335 1649 2401 1703 ³⁵.
2448 1669 2465 1700 ι

147 1747 286 1817 τὲραν
315 1747 406 1798 τοῦ
440 1748 694 1818 Σωτῆρος
724 1747 877 1816 ἡμῶν
911 1746 1248 1813 θεοφάνειαν.
1276 1743 1408 1796 Τότε
1459 1743 1586 1810 γοῦν
1628 1742 1828 1804 πάντες
1865 1743 1913 1792 οἱ
1952 1740 2189 1809 βασιλεῖς
2223 1742 2694 1812 προσκυνήσουσιν
2735 1744 2908 1814 αὐτῷ,
2963 1746 3059 1798 καὶ
3102 1747 3278 1800 πάντα
3325 1765 3396 1803 τα

147 1841 254 1910 ἔθνη
279 1839 652 1893 δουλεύσουσιν
686 1839 853 1910 αύτῷ.
898 1857 913 1888 ι
967 1839 1074 1891 Καὶ
1101 1837 1256 1889 τοῦτο
1289 1837 1440 1890 ἔσται
1469 1835 1528 1887 τὸ
1566 1835 1782 1888 πάντων
1807 1832 1976 1894 τέλος,
2010 1831 2086 1884 ὅτ’
2129 1831 2194 1884 ἂν
2247 1831 2523 1902 παραδιδῷ
2563 1831 2661 1902 τὴν
2712 1832 2990 1902 βασιλείαν
3021 1836 3100 1906 τῷ
3138 1837 3256 1908 Θεῷ
3302 1839 3398 1894 καὶ

146 1935 316 2008 “arpi,
348 1937 420 1988 ὅτ’
459 1934 530 1988 ἂν
577 1937 898 2006 καταργήσῃ
943 1937 1126 1990 πᾶσαν,
1173 1932 1347 2004 ἀρχὴν
1421 1932 1514 1984 καὶ
1557 1931 1736 1982 πᾶσαν
1809 1927 2056 1992 ἐξουσίαν
2118 1927 2213 1980 καὶ
2261 1925 2512 1998 δύναμιν.
2559 1929 2650 1979 Δεῖ
2705 1928 2814 2000 γὰρ
2860 1931 3020 1984 αὐτὸν
3069 1929 3392 2000 βασιλεύειν,

143 2029 252 2101 ἄχρι
287 2025 344 2083 οὗ
368 2031 431 2101 θῇ
481 2031 688 2092 πάντας
727 2031 852 2092 τοὺς
897 2029 1122 2100 ἐχθρούς
1163 2029 1266 2081 ὑπὸ
1303 2028 1470 2088 πόδας
1513 2026 1702 2088 αὐτοῦ,
1741 2024 1969 2094 ἔσχατος
1997 2022 2190 2094 ἐχθρὸς
2221 2027 2577 2094 καταργεῖται
2601 2026 2628 2076 ό
2651 2025 2897 2091 θάνατος.
2941 2047 2958 2079 ι

207 2163 224 2194 ‹
255 2143 368 2197 Ὅτι
401 2143 675 2216 ἐρρύσατο
723 2141 936 2214 πτωχὸν
971 2145 1034 2196 ἐκ
1061 2143 1343 2204 δυνάστου,
1380 2145 1472 2196 καὶ
1496 2143 1700 2212 πένητα
1737 2157 1776 2210 Β

141 2229 178 2302 ᾧ
205 2235 292 2306 οὐχ
328 2237 542 2307 ὑπῆρχε
577 2234 829 2306 βοηθός.ι
878 2236 1021 2288 ’Λντὶ
1062 2235 1174 2288 τοῦ·
1215 2255 1232 2287 ι
1274 2237 1392 2288 Ὅτι
1431 2234 1700 2307 ἐρρύσατο

143 2329 334 2399 πτωχὸν
366 2332 428 2382 ἐκ
451 2331 739 2393 δυνάστου,
781 2352 798 2383 ι
831 2333 859 2382 ὁ
887 2331 1201 2401 Σύμμαχος
1239 2350 1258 2382 ι
1303 2331 1425 2382 ’Ὁτι
1449 2329 1706 2393 ἐξελεῖται

143 2419 325 2492 πένητα
383 2421 712 2494 οἰμώζοντα.
757 2443 773 2474 ›
811 2425 884 2476 Ού
937 2423 1045 2493 γὰρ
1079 2423 1153 2486 ὡς
1194 2421 1293 2493 ἤδη
1337 2421 1704 2491 γεγενημένα,

141 2511 238 2564 ἀλλ’
274 2513 344 2576 ὡς
379 2513 646 2584 μέλλοντα
685 2514 902 2567 ἔσεσθαι
947 2513 1120 2566 ταῦτα
1165 2513 1427 2577 θεσπίζει.
1468 2514 1608 2584 Ὅρα
1653 2513 1707 2564 δέ

141 2601 308 2664 ὁσάκις
329 2602 418 2654 τοῦ
448 2603 670 2674 πτωχοῦ
696 2603 1040 2674 μνημονεύει,
1069 2603 1281 2674 πρῶτον
1305 2602 1492 2656 εἰπών’
1525 2622 1540 2652 ι
1573 2601 1708 2671 Κρί-

142 2708 236 2746 νειν
265 2693 350 2745 τὸν
383 2694 517 2748 λαόν
568 2711 660 2746 σου
692 2698 746 2746 ἐν
780 2695 1113 2770 δικαιοσύνῃ,
1148 2697 1241 2748 καὶ
1288 2696 1414 2758 τοὺς
1459 2695 1708 2764 πτωχοὺς

141 2786 188 2838 ὲν
204 2786 388 2856 κρίσει·
415 2787 727 2860 ιδεύτερον,
754 2809 770 2839 ι
801 2791 990 2859 Κρινεῖ
1022 2791 1146 2852 τοὺς
1176 2789 1424 2858 πτωχοὺς
1445 2787 1538 2841 τοῦ
1555 2787 1705 2850 λαοῦ,

141 2877 220 2928 καὶ
244 2878 396 2932 σώσει
417 2880 550 2942 τοὺς
579 2881 727 2942 υἱοὺς
750 2881 856 2932 τῶν
895 2882 1170 2951 πενήτων·
1218 2899 1235 2930 ι
1265 2880 1360 2932 καὶ
1389 2877 1483 2932 νῦν
1513 2879 1703 2932 πάλιν·

191 2972 212 2989 η
379 2973 390 2988 1
453 2972 466 2986 ι
701 2990 730 3000 -
913 2975 926 2988 ο
1009 2972 1031 2986 δ
1115 2974 1126 2988 ι
1364 2973 1374 2990 η
1477 2973 1487 2990 Ι
1671 2967 1696 2988 τ

143 2987 160 3020 ι
214 2977 300 3024 υτι
339 2975 614 3042 ερρυσατο
658 2973 869 3042 maibe
910 2990 974 3025 εκ
1003 2985 1263 3026 ουναστου
1292 2989 1386 3025 και
1422 2989 1628 3041 πενητα
1664 2992 1707 3040 ῳ

138 3063 220 3133 ούχ
239 3065 442 3136 ὑπῆρχε
467 3065 680 3136 βοηθόςο
698 3085 716 3118 ι
737 3067 828 3120 καὶ
845 3063 1018 3130 αὖθις·
1045 3085 1062 3116 ι
1091 3066 1337 3119 Φείσεται
1366 3065 1580 3136 πτωχοῦ
1615 3068 1708 3119 καὶ

139 3154 364 3224 πένητος,
397 3157 498 3210 καὶ
533 3157 710 3227 ψυχάς
751 3161 1000 3228 πενήτων
1044 3159 1224 3211 σώσει.
1271 3178 1288 3210 ι
1323 3154 1489 3228 Οἶμαι
1533 3159 1588 3210 δὲ
1621 3158 1707 3210 διά

135 3250 316 3302 τούτων
348 3251 611 3304 ἁπάντων
655 3252 904 3320 πτωχοὺς
937 3253 1030 3304 καὶ
1075 3252 1313 3322 πένητας
1358 3251 1540 3304 καλεῖν
1580 3251 1708 3313 τοὺς

125 3335 440 3406 ’ἀποστόλους
477 3345 571 3396 καὶ
599 3345 724 3407 τοὺς
756 3343 1002 3415 μαθητὰς
1025 3343 1117 3396 τοῦ
1143 3344 1393 3414 Σωτῆρος
1426 3343 1602 3414 ἡμῶν,
1630 3341 1701 3405 οἳ,

136 3427 220 3499 τὴν
249 3429 310 3482 δι’
339 3433 504 3485 αὐτὸν
550 3433 822 3502 πτωχείαν
868 3433 1234 3504 ἀνειληφότες,
1270 3435 1367 3504 τὴν
1415 3435 1494 3496 εἰς
1537 3433 1704 3505 ἄκρον

136 3519 314 3592 ἀρετῆς
346 3523 678 3576 ἐλαύνουσαν
707 3523 1021 3595 κατώρθουν
1051 3525 1398 3595 φιλοσοφίαν·
1433 3525 1498 3579 δι’
1523 3525 1550 3578 ὃ
1578 3525 1720 3596 περι

134 3611 292 3666 αὐτῶν
333 3615 568 3678 ’.Ησσιῖας
607 3619 702 3686 μὲν
743 3615 1112 3686 προανεφωνει
1155 3617 1328 3685 λέγων
1352 3633 1365 3646 ·
1403 3635 1420 3666 ι
1458 3617 1702 3685 Εύαγγε-

133 3699 356 3758 λίσασθαι
409 3709 652 3776 πτωχοῖς
691 3707 999 3759 ἀπέσταλκέ
1035 3723 1120 3776 με.
1167 3725 1184 3757 ι
1231 3707 1416 3769 nam;
1439 3707 1494 3758 δέ
1527 3709 1554 3758 ό
1587 3709 1699 3760 Σω-

131 3792 242 3866 τὴρ,
273 3797 452 3861 αὐτοῖς
492 3797 858 3868 προσομιλῶν,
893 3797 1043 3866 ἔλεγε
1063 3815 1075 3826 ·
1117 3816 1135 3848 ι
1177 3799 1454 3868 Μακάριοι
1481 3801 1528 3850 οξ
1555 3816 1701 3850 πτω-

132 3885 225 3954 χοὶ,
241 3889 318 3941 ὄτι
341 3889 526 3943 αὐτῶν
557 3891 700 3942 ἐστιν
723 3891 756 3960 ἡ
787 3889 1029 3960 βασιλεία
1049 3889 1158 3942 τῶν
1178 3890 1440 3961 οὐρανῶν.
1469 3891 1652 3944 Πάντα
1676 3910 1694 3940 ι

134 3972 214 4034 οὖν
239 3998 256 4030 ι
293 3981 360 4034 τά
389 3973 517 4052 ἔθνὴ
545 3980 920 4034 δουλεύσουσιν
950 3981 1115 4052 αύτῷ,
1138 3982 1219 4034 ὅτι
1254 3983 1524 4054 ἐρρύσατο
1553 4001 1699 4036 πτω-

133 4070 214 4140 χὸν
247 4073 308 4126 ἐκ
337 4073 622 4138 δυνάστου,
653 4075 746 4127 καὶ
781 4074 986 4144 πένητα
1012 4069 1056 4142 ᾧ
1079 4073 1177 4144 οὐχ
1207 4073 1418 4144 ὑπῆρχε
1442 4073 1650 4145 βοηθός.
1675 4094 1694 4126 ι

135 4165 198 4218 Τὸ
231 4169 356 4240 γάρ,
387 4188 405 4221 ι
440 4171 543 4234 ὅτι,
577 4189 594 4221 ι
633 4169 796 4242 παρὰ·Δ
813 4171 944 4222 πᾶσι
987 4172 1098 4232 τοῖς
1131 4170 1492 4239 ὲρμηνευταῖς
1525 4164 1617 4220 καὶ
1641 4167 1698 4218 ἐν

133 4259 257 4331 αὐτῇ
303 4265 369 4333 τῇ
441 4261 702 4334 Ἐϐραῖκῇ
747 4265 928 4332 γραφῇ
1005 4262 1252 4332 κείμενον
1275 4299 1289 4322 ,
1342 4258 1700 4326 αἰτιολογικὸν

132 4351 392 4420 τυγχάνει,
435 4353 680 4406 διδάσκον
728 4355 874 4416 ὅπως
912 4352 1087 4406 πάντα
1121 4353 1188 4405 τά
1224 4353 1350 4423 ἔθνη
1393 4351 1698 4404 δουλεύσειν

133 4441 318 4513 ἤμελλε
369 4445 449 4516 τῷ
489 4447 720 4518 Σωτῆρι.
777 4447 945 4500 Τοῦτο
999 4446 1127 4516 γάρ,
1181 4447 1333 4515 φησι,
1388 4447 1695 4515 γενήσεται,

140 4551 156 4586 ι
187 4537 362 4610 ἐπειδὴ
400 4538 621 4611 ῥύσεται
666 4539 876 4608 πτωχὸν
911 4540 974 4592 ἐκ
1012 4539 1270 4591 δυνάστου
1293 4556 1305 4568 ·
1343 4557 1361 4588 ι
1397 4537 1472 4600 ὡς
1518 4539 1564 4589 εξ
1605 4554 1700 4589 σα-

133 4627 376 4701 φέστερον
393 4630 597 4697 ἔλεγεν·
617 4631 741 4682 Ὅτι
761 4631 867 4683 τῶν
896 4630 1204 4684 ἀποστόλων
1219 4628 1384 4682 αὑτοῦ
1404 4629 1465 4681 τὸ
1489 4628 1694 4698 τάγμα,

131 4717 230 4770 τῶν
247 4719 312 4773 δι’
331 4723 492 4775 αὐτὸν
521 4721 751 4792 πτωχῶν
784 4723 876 4775 καὶ
899 4723 1161 4793 πενήτων,
1179 4722 1401 4790 ῥύσεται
1423 4719 1531 4774 ἀπὸ
1563 4736 1696 4772 παν-

130 4809 211 4872 τὸς
234 4811 516 4868 δυνάστου.
551 4813 766 4866 Πολλῶν
799 4815 908 4885 γάρ
952 4813 1227 4867 δυναστῶν
1263 4812 1474 4884 ὁρατῶν
1510 4829 1569 4864 τε
1605 4812 1698 4864 καὶ

133 4901 340 4970 ἀφανῶν
367 4906 758 4978 ἀντικειμένων
787 4907 882 4960 καὶ
907 4907 1348 4978 ἐπανισταμένων
1377 4905 1586 4967 τούτοις
1608 4905 1698 4956 αύ-
1732 4931 1776 4986 D

131 4996 232 5054 τοῖς
255 4997 366 5060 τοῖς
387 5001 621 5068 πτωχοῖς
647 4997 742 5052 καὶ
773 5001 885 5061 τοῖς
910 4999 1152 5068 πένησιν,
1183 4998 1364 5060 αὐτὸς,
1397 4983 1592 5066 ἀῴανεῖ
1611 4999 1700 5048 δυ-

131 5081 282 5153 νάμει
313 5088 666 5158 προασπίζων
691 5089 889 5153 αὐτῶν,
919 5090 1427 5151 ἐκπάντωναύτοὺς
1458 5089 1698 5160 ῥύσεται,

134 5176 258 5246 πρὸς
287 5179 463 5252 τὸομὴ
495 5181 802 5252 κωλυθῆναι
833 5183 930 5253 τὴν
971 5184 1036 5236 δι’
1069 5182 1248 5235 αὐτῶν
1279 5181 1698 5250 ἐπιτελουμένην

133 5268 219 5319 τοῦ
247 5269 598 5339 εὐαγγελικοῧ
640 5275 988 5347 κηρύγματος
1027 5273 1347 5345 ὑπηρεσίαν.
1396 5275 1505 5326 Καὶ
1539 5272 1698 5326 τοῦτο

135 5359 320 5429 πράξει
353 5362 527 5416 συνὼν
561 5367 762 5430 αὐτοῖς,
805 5366 921 5419 καθ’
945 5367 1012 5436 ἣν
1043 5367 1326 5435 ποιήσεται
1349 5365 1482 5436 πρὸς
1503 5366 1700 5428 αὐτοὺς

137 5450 457 5522 ἐπαγγελίαν
484 5459 694 5527 φήσαςο
731 5479 748 5510 ι
801 5459 932 5512 Ἰδοὺ
967 5457 1078 5526 ἐγὼ
1113 5459 1229 5528 μεθ’
1267 5457 1420 5528 ὑμῶν
1447 5461 1562 5529 εἰμι
1597 5458 1702 5510 πά-

136 5557 228 5606 σας
246 5545 341 5607 τὰς
361 5547 469 5616 ήμέ
478 5564 573 5618 ρας
598 5549 701 5612 ἓως
725 5550 822 5619 τῆς
851 5549 1158 5612 συντελείας
1179 5549 1272 5602 τοῦ
1294 5547 1507 5611 αἰῶνος.
1547 5567 1564 5599 ι
1598 5548 1702 5602 Οὖ-

135 5646 236 5695 τως
267 5631 357 5687 οὖν
391 5637 485 5690 καὶ
527 5638 778 5706 ἐφείσατο
806 5637 1019 5708 πτωχοῦ
1054 5637 1146 5690 καλ⁵
1182 5637 1428 5708 πένητος,
1463 5637 1557 5688 καὶ
1599 5634 1700 5704 ψυ-

206 5791 250 5824 ⁵¹⁵
273 5791 420 5850 Psal.
455 5811 510 5861 ιι,
537 5797 590 5860 7,
619 5796 670 5850 8.
749 5795 792 5828 ⁸⁸
829 5767 998 5850 ιοότ.
1023 5811 1114 5858 xv,
1150 5793 1331 5848 ‘24-‘26.
1409 5793 1452 5866 ξε
1492 5791 1596 5872 lsa.
1627 5805 1704 5843 ιι

1885 5789 1928 5822 ³⁷
1957 5787 2145 5844 Matth.
2175 5806 2228 5858 γ,
2269 5789 2320 5844 '5.

448 5891 724 5951 PATROL.‘
774 5891 890 5950 Gn.
969 5886 1208 5950 XXI“.

1877 2137 2044 2192 Vens.
2079 2138 2166 2193 12.
2209 2158 2226 2190 ι
2252 2139 2390 2204 Quia
2420 2139 2669 2193 liberavit
2689 2155 2984 2210 pauperem
3010 2157 3040 2196 a
3071 2150 3312 2212 potente.
3337 2153 3391 2202 et

1809 2249 2100 2306 pauperem
2127 2235 2216 2288 cui
2243 2250 2351 2288 non
2385 2241 2504 2288 erat
2538 2234 2774 2302 adjutor.
2815 2234 2979 2290 vPro
3012 2236 3105 2290 illo
3133 2256 3145 2292 :
3189 2256 3210 2289 ι
3251 2237 3390 2304 Quia

1811 2323 2061 2378 liberavit
2089 2339 2377 2394 pauperem
2402 2339 2428 2376 a
2455 2332 2696 2393 potente,
2723 2347 2739 2376 ι
2765 2323 3128 2396 Symmachus
3151 2347 3164 2382 :
3202 2347 3220 2380 ι
3251 2327 3392 2396 Quia

1809 2413 2000 2482 eripiet
2047 2430 2341 2484 pauperem
2395 2415 2712 2483 ejulautem.
2773 2435 2790 2465 ι
2855 2415 2979 2470 llaec
3029 2419 3228 2489 quippe
3279 2435 3391 2476 non

1810 2507 1968 2594 quapi
2024 2505 2136 2575 jam
2190 2507 2490 2569 evenerint,
2549 2506 2643 2560 sed
2693 2517 2751 2560 ut
2795 2507 2982 2562 futura
3039 2512 3388 2570 vaticinatur.

1809 2599 2231 2653 Animadvertas
2271 2599 2434 2652 velim
2486 2599 2698 2667 quoties
2743 2615 3036 2670 pauperem
3080 2613 3390 2672 memoret;

1809 2691 1986 2760 primo
2005 2705 2130 2744 cum
2161 2691 2235 2743 ait
2262 2709 2276 2745 :
2305 2709 2321 2741 ι
2359 2689 2612 2744 Judicarc
2659 2693 2919 2761 populum
2951 2703 3102 2746 tuum
3135 2691 3192 2749 in
3218 2695 3390 2766 justi-

1811 2783 1904 2844 tia,
1941 2789 1994 2836 et
2025 2797 2293 2852 pauperes
2323 2793 2445 2836 tuos
2477 2781 2531 2834 in
2560 2782 2770 2850 judicio
2798 2801 2812 2850 ;
2857 2803 2875 2834 ι
2910 2787 3192 2840 secundo:
3225 2805 3246 2838 ι
3293 2785 3392 2842 Ju-

1809 2873 2011 2928 dieabit
2037 2887 2302 2943 pauperes
2342 2872 2549 2942 populi,
2590 2877 2643 2926 et
2683 2874 2864 2928 salvos
2897 2871 3056 2928 faciet
3085 2875 3224 2931 ﬁlios
3255 2891 3391 2946 pau-

1809 2982 2034 3036 perum;
2072 2984 2090 3017 ›
2116 2973 2170 3020 et
2201 2981 2348 3019 nunc
2383 2965 2578 3018 iterum
2615 2985 2627 3019 :
2668 2983 2686 3016 ι
2731 2966 2872 3032 Quia
2903 2967 3152 3024 liberavit
3185 2987 3392 3042 paupe-

1809 3074 1922 3114 rem
1956 3073 1984 3112 a
2009 3067 2247 3128 potente,
2271 3067 2324 3113 et
2357 3073 2648 3127 pauperem
2674 3059 2762 3112 cui
2793 3075 2901 3114 non
2931 3072 3050 3120 erat
3083 3063 3330 3133 adjutor;
3365 3085 3384 3114 ι

1810 3169 1872 3208 ac
1905 3169 2123 3208 rursum
2159 3171 2171 3207 :
2212 3171 2228 3202 ι
2286 3151 2479 3207 Parcet
2503 3153 2730 3223 pauperi
2761 3161 2813 3208 et
2848 3155 3032 3226 inopi,
3085 3165 3138 3211 et
3178 3159 3391 3213 animas

1811 3257 2111 3313 pauperum
2143 3242 2324 3298 salvas
2351 3241 2537 3298 faciet.
2573 3262 2592 3295 ι
2627 3244 2879 3298 Arbitror
2907 3261 3070 3315 porro
3095 3245 3181 3301 his
3211 3251 3391 3302 omni-

1809 3336 1911 3390 bus
1945 3335 1999 3389 in
2032 3335 2168 3389 locis
2200 3327 2378 3404 ipsum
2411 3341 2697 3404 apostolos
2725 3345 2779 3391 et
2807 3338 3104 3408 discipulos
3133 3338 3391 3396 Servate—

1810 3427 1888 3480 ris
1925 3427 2120 3495 nostri,
2151 3441 2420 3496 pauperes
2455 3433 2509 3481 et
2555 3428 2746 3498 inopes
2773 3443 2988 3492 vocare,
3033 3431 3127 3500 qui
3167 3439 3392 3504 propter

1808 3519 1988 3589 ipsum
2026 3529 2400 3589 paupertatem
2437 3521 2755 3584 subeuntes,
2787 3520 3188 3592 philosophiam
3239 3525 3388 3578 illam

1814 3613 1881 3666 ad
1921 3611 2140 3667 virtutis
2181 3609 2458 3682 fastigium
2491 3611 2808 3666 cvehentem
2864 3613 3134 3668 colebant.
3187 3613 3390 3680 Quam-

1809 3705 1996 3759 obrem
2029 3703 2142 3758 haec
2186 3703 2252 3758 de
2299 3703 2407 3757 illis
2461 3701 2633 3757 Isaias
2677 3705 3119 3772 praenuntiabat:
3161 3724 3180 3755 ‹
3217 3705 3389 3760 Evan—

1809 3797 2042 3866 gelizare
2083 3792 2416 3863 pauperibus
2461 3793 2610 3847 misit
2639 3809 2724 3846 me
2746 3793 2812 3847 ⁸⁸.
2853 3813 2871 3844 ι
2901 3794 3021 3862 Ipse
3051 3809 3175 3849 vero
3202 3795 3388 3850 Domi-

1809 3904 1916 3942 nus
1948 3902 2042 3942 eos
2071 3887 2355 3957 alloquens
2390 3885 2601 3940 dicebat
2638 3905 2650 3940 :
2690 3903 2708 3936 ι
2743 3885 2894 3940 Beati
2933 3901 3220 3955 pauperes,
3249 3902 3387 3957 quo-

1809 3980 1954 4032 niam
1989 3979 2232 4049 ipsorum
2286 3985 2374 4033 est
2427 3991 2654 4048 regnum
2700 3979 3051 4033 etelorum".
3117 3978 3318 4034 Omnes
3359 3999 3378 4032 ι

1809 4085 1939 4140 ergo
1975 4090 1992 4123 ι
2014 4078 2203 4141 gentes
2232 4071 2559 4137 servientei,
2595 4071 2724 4140 quia
2757 4071 3320 4142 liberavitpauperem
3353 4087 3384 4126 ιι

1809 4169 2050 4232 potente,
2087 4170 2141 4217 et
2173 4177 2465 4232 pauperem
2498 4161 2586 4216 cui
2620 4176 2729 4216 non
2763 4169 2880 4216 erat
2913 4163 3151 4232 adjutor.
3194 4181 3213 4215 ι
3248 4161 3382 4217 Nam

1810 4253 1964 4320 illud,
2005 4273 2023 4306 ι
2063 4255 2214 4324 quia,
2253 4274 2271 4306 ι
2306 4253 2448 4323 apud
2480 4269 2670 4309 omnes
2706 4255 3051 4324 interpretes,
3087 4263 3140 4310 et
3180 4255 3236 4310 in
3265 4255 3384 4326 ipsa

1809 4345 2073 4402 llebraiea
2131 4346 2401 4416 scriptura
2472 4346 2750 4416 positum,
2827 4361 3048 4402 causam
3115 4346 3382 4412 denotat;

1807 4440 2011 4495 docens
2043 4455 2142 4493 cur
2189 4438 2434 4493 futurum
2483 4439 2554 4493 sit
2583 4450 2640 4494 ut
2690 4455 2878 4495 omnes
2913 4449 3098 4510 gentes
3147 4439 3385 4493 serviant

1810 4529 2129 4597 Servatori;
2165 4530 2226 4584 id‘
2247 4544 2485 4598 namque
2520 4529 2630 4596 ﬁet,
2680 4530 2880 4599 inquit,
2922 4549 2939 4581 ι
2973 4531 3098 4599 quia
3130 4528 3384 4583 liberavit

1806 4633 2098 4689 pauperem
2135 4633 2166 4671 a
2195 4624 2459 4688 potente;
2497 4637 2514 4668 ιι
2551 4633 2613 4671 ac
2644 4617 2692 4672 si
2719 4616 2922 4671 clarius
2968 4617 3176 4670 diceret
3203 4633 3216 4668 :
3243 4613 3383 4680 Quia

1807 4713 2180 4783 apostolorum
2225 4725 2474 4772 suorum,
2508 4712 2602 4780 qui
2633 4719 2854 4780 propter
2906 4709 3082 4779 ipsum
3117 4721 3382 4778 pauperes

1805 4809 1860 4857 et
1895 4803 2086 4874 inopes
2107 4809 2288 4866 erant,
2317 4803 2564 4856 ordinem
2591 4801 2842 4855 liberabit
2865 4800 2934 4852 ab
2959 4798 3106 4852 omni
3141 4804 3380 4868 potente.

1806 4895 1942 4950 Cum
1978 4893 2136 4950 m'ulti
2189 4895 2336 4949 enim
2383 4901 2634 4964 potentes
2671 4891 2918 4946 visibiles
2977 4899 3030 4944 et
3082 4889 3384 4944 invisibiles

1809 4987 2097 5043 adversum
2113 4987 2234 5042 illos
2252 5001 2520 5058 pauperes
2535 4991 2586 5039 et
2604 4983 2792 5052 inopes
2821 4983 3127 5051 insurgent,
3161 4979 3380 5034 eosdem

1810 5081 1926 5149 ipse
1964 5081 2178 5136 occulta
2199 5080 2402 5134 virtute
2431 5083 2698 5147 proteget,
2715 5091 2890 5145 exque
2917 5074 3172 5128 omnibus
3190 5072 3361 5126 libera

1809 5173 1908 5236 bit,
1943 5181 2002 5227 ut
2029 5188 2099 5228 ne
2127 5171 2272 5243 quod
2305 5171 2409 5241 ipsi
2449 5172 2650 5224 obeunt
2682 5167 3008 5237 evangelica:
3039 5161 3382 5234 prtedicatio-

1805 5266 1892 5322 nis
1923 5266 2288 5322 ministerium
2323 5262 2709 5332 prmpediatur.
2753 5259 2924 5328 quue
2973 5258 3090 5328 ipse
3137 5269 3380 5325 praesens

1807 5359 2019 5423 eiiiciet,
2053 5357 2353 5414 secundum
2386 5357 2454 5410 ab
2479 5369 2538 5410 se
2571 5353 2890 5408 tradendam
2941 5351 3378 5422 promissionem,

1808 5466 1914 5520 qua
1946 5452 2079 5504 dicit
2107 5468 2121 5502 :
2163 5468 2182 5501 ι
2219 5449 2358 5504 Ecce
2387 5463 2487 5518 ego
2513 5447 2797 5502 vobiscum
2829 5461 2950 5502 sum
2982 5444 3237 5499 omnibus
3266 5441 3384 5495 die-

1807 5543 1911 5598 bus
1961 5555 2135 5610 usque
2179 5540 2246 5594 ad
2303 5537 2832 5594 consummationem
2882 5537 3066 5608 saeculi
3089 5535 3157 5591 ⁸⁸.
3212 5553 3232 5586 ι
3289 5531 3380 5587 Sic

1809 5632 1992 5704 itaque
2021 5635 2264 5704 pepercit
2297 5633 2524 5704 pauperi
2559 5639 2612 5685 et
2641 5632 2808 5702 inopi,
2841 5645 2895 5686 et
2937 5635 3148 5686 animas
3179 5641 3382 5700 paupe-

2402 5789 2446 5822 ’⁸⁸
2469 5789 2657 5843 Matth.
2703 5803 2894 5856 xxvm,
2925 5787 3016 5841 20.

2985 5877 3064 5938 26
