3776 6284
159 336 255 394 813

1244 323 1749 382 COMMENTARIA
1776 324 1854 382 ἸΝ
1892 323 2234 385 ΡδΑΙιΜΟΞι
2298 383 2302 386 .

3266 326 3375 387 ει).

155 453 233 504 τὸν
253 444 370 500 λαὸν
400 441 560 497 αὑτοῦ
588 441 646 493 ἐν
675 439 1011 511 δικαιοσύνῃ,
1043 439 1139 495 καὶ
1165 441 1292 504 τοὺς
1322 443 1569 513 πτωχοὺς
1596 443 1646 496 ai

1885 445 2097 515 justitia
2133 453 2189 501 et
2213 459 2481 516 pauperes
2518 460 2649 500 suos
2686 444 2740 500 in
2768 443 3003 515 judicio,
3032 454 3084 499 et
3116 443 3373 500 humilia-

153 541 309 595 τοῦ.ὲν
334 537 524 607 κρίσει,
555 534 646 587 καὶ
688 536 934 587 ταπεινοῖ
957 533 1321 604 συκοφάντην,
1350 535 1441 587 καὶ
1469 552 1693 605 συμπα-

156 634 356 707 ραμενεῑ
384 629 458 698 τῷ
484 627 632 699 ἡλίῳ,
662 627 1148 698 κατακυριεύσειτε
1173 627 1280 680 ἀπὸ
1297 627 1566 699 θαλάσσης
1591 628 1695 691 ἕως

101 754 117 776 ο
152 725 417 791 θαλάσσης,
442 720 534 773 καὶ
575 720 683 773 ἀπὸ
724 720 968 790 ποταμοῦ
1010 719 1115 785 ἓως
1156 720 1266 773 τῶν
1310 722 1559 792 περάτων
1596 721 1693 791 τῆς

150 812 474 883 οἰκουμένης·
532 811 759 874 εἰκότως
819 810 1112 881 μακροϐίου
1164 810 1311 881 ζωῆς
1361 810 1466 864 ἔδει
1523 810 1689 880 αύτῷ.

148 906 256 969 Πῶς
275 922 328 957 τε
360 905 675 971 ὑποταγεῖεν
699 901 846 972 αὐτῷ
874 902 1127 966 Αἰθίοπες
1152 903 1246 955 καὶ
1280 902 1518 973 βασιλεῖς
1548 902 1691 974 Θαρ-

149 998 245 1059 σεῖς
268 994 354 1047 καὶ
382 992 554 1062 νῆσοι,
586 990 1017 1063 προσκυνήσουσί
1042 1009 1099 1044 τε
1125 990 1272 1062 αύτῷ
1298 991 1497 1053 πάντες
1517 992 1565 1043 οἱ
1598 991 1692 1062 βα-

148 1087 292 1148 σιλεῖς
326 1084 419 1153 τῆς
472 1083 596 1151 γῆς,
649 1083 741 1135 καὶ
790 1081 965 1133 πάντα
1018 1080 1085 1134 τά
1140 1081 1266 1153 ἔθνη
1319 1080 1691 1134 δουλεύσουσιν

144 1174 296 1244 αύτῴ;
332 1172 543 1225 Τούτων
594 1172 703 1242 γὰρ
749 1172 911 1224 ἕνεκα
962 1171 1178 1225 πάντων
1235 1171 1491 1241 διαρκοῦς
1547 1171 1692 1241 αὐτῷ

145 1263 269 1333 ζωῆς
307 1262 429 1315 ἔδει.
471 1262 561 1314 Διὸ
606 1262 740 1333 μετά
773 1260 943 1314 ταῦτα
982 1261 1159 1314 πάντα
1202 1258 1378 1324 καλῶς
1405 1262 1497 1313 καὶ
1522 1262 1699 1330 ἀναγ-’

145 1356 295 1418 καίως
327 1355 681 1424 ἐπενήνεκται
727 1353 809 1415 τὸ,
844 1371 862 1405 ι
899 1353 991 1405 καὶ
1029 1352 1289 1423 ζήσεται·
1328 1372 1346 1405 ι
1375 1352 1561 1406 τοῦτον
1600 1354 1694 1423 δη-

141 1446 383 1518 λουμένης
422 1440 512 1499 τὸν
549 1446 748 1517 τρόπον
776 1444 872 1515 τῆς
909 1444 1000 1497 τοῦ
1053 1444 1523 1516 προφητεύομένου
1556 1444 1690 1497 ἀθα-

141 1540 282 1594 νάτου
305 1538 392 1591 καὶ
416 1538 634 1590 αίωνίου
669 1537 830 1609 ζωῆς.
878 1535 1032 1608 Ἑξῆς
1057 1537 1100 1589 δ’
1128 1536 1341 1608 εἴρηται
1363 1552 1376 1565 °
1415 1554 1434 1587 ι
1470 1535 1579 1588 Καὶ
1607 1536 1690 1588 δον

140 1629 336 1699 θήσεται
366 1628 511 1698 αὑτῷ
537 1628 601 1681 ἐκ
627 1628 720 1681 τοῦ
765 1628 986 1699 χρυσίου
1030 1630 1128 1698 τῆς
1162 1628 1437 1699 Ἀραϐίας.
1479 1648 1497 1680 ι
1546 1629 1697 1681 Ἀντϊ

137 1718 183 1770 δέ
210 1717 318 1779 τοῦ,
354 1737 372 1767 ι
413 1717 512 1786 τῆς
553 1716 829 1789 Ἀραϐίας,
870 1737 888 1768 ι
925 1716 1149 1787 πάλινὴ
1191 1715 1450 1804 Ἐϐραῖκῆ
1502 1715 1688 1787 γραφὴ

1800 537 1878 592 bit
1902 537 2380 606 calumniatorem,
2408 545 2459 591 et
2499 532 2840 605 permanebit
2870 553 2995 592 cum
3037 535 3172 598 sole,
3196 537 3375 611 domi-

1799 628 2125 699 nabiturque
2147 644 2179 682 a
2206 627 2346 682 mari
2380 644 2552 698 usque
2585 626 2651 681 ad
2701 644 2850 682 mare
2881 637 2935 683 et
2968 644 2998 682 a
3023 626 3243 685 ﬂumine
3280 643 3373 685 us-

1800 735 1904 789 que
1927 720 1993 772 ad
2023 719 2286 774 terminos
2305 718 2457 775 orbis
2484 729 2747 772 terrarum
2770 736 2783 782 ;
2806 718 2930 787 jure
2950 718 3052 788 ipsi
3077 718 3237 789 longa
3264 720 3376 775 vita

1798 827 1957 881 Opus.
1989 812 2138 868 Alias
2181 812 2326 867 enim
2360 828 2468 883 quo
2524 819 2684 877 pacto
2735 810 2837 879 ipsi
2884 811 3088 865 subditi
3140 808 3378 868 fuissent

1800 901 2107 973 ZEthiopes,
2138 919 2352 959 necnon
2383 919 2536 974 reges
2565 898 2792 955 Tharsis
2815 909 2868 956 et
2900 900 3110 970 insulzn,
3141 902 3231 974 qui
3276 901 3376 958 ad-

1797 1004 2049 1051 orassent
2072 1012 2196 1051 eum
2231 1011 2422 1051 omnes
2464 1012 2619 1066 reges
2644 1003 2823 1059 terrre,
2860 1003 2912 1048 ct
2941 1009 3132 1050 omnes
3184 1002 3374 1065 gentes

1798 1089 2119 1143 serviissent
2140 1089 2227 1147 ei?
2256 1086 2462 1143 Horum
2499 1090 2645 1142 enim
2679 1085 2921 1141 omnium
2952 1101 3115 1140 causa
3149 1085 3374 1157 perenni

1796 1180 1904 1234 vita
1948 1180 2052 1250 ipsi
2088 1195 2226 1250 opus
2275 1189 2413 1235 erat.
2466 1179 2812 1249 Quapmpter
2860 1179 2963 1234 sub
3022 1179 3137 1232 haec
3189 1179 3375 1233 omnia

1795 1274 1966 1343 probe
2009 1288 2072 1327 ac
2106 1275 2423 1329 necessario
2460 1273 2684 1329 aﬂ‘ertur
2707 1271 2860 1336 illud,
2892 1289 2911 1322 ι
2946 1280 2998 1325 et
3018 1271 3164 1326 vivet
3192 1287 3207 1325 :
3248 1289 3267 1322 ι
3294 1270 3377 1326 sic

1796 1379 2030 1434 namque
2056 1364 2177 1433 ejus
2208 1366 2303 1435 qui
2341 1364 2396 1419 in
2439 1363 2704 1419 vaticinia
2758 1364 3077 1420 entintiatur
3114 1363 3247 1427 vita,
3273 1361 3378 1415 im.

1796 1457 2045 1512 mortalis
2078 1464 2132 1512 et
2169 1465 2370 1511 aztcrna
2404 1455 2520 1513 fore
2552 1458 2889 1528 preedicitur.
2932 1456 3200 1525 Deinceps
3230 1454 3381 1510 addi«

1795 1556 1886 1603 tur
1920 1565 1933 1600 :
1968 1566 1988 1600 ι
2021 1548 2087 1603 Et
2123 1548 2345 1603 dabitur
2370 1550 2419 1605 ei
2453 1550 2519 1605 de
2549 1566 2684 1604 auro
2714 1550 2947 1605 Arabiae.
2980 1568 3001 1601 ι
3032 1547 3141 1604 Pro
3163 1548 3258 1603 illo
3286 1563 3380 1602 au«

1795 1642 1929 1706 tem,
1951 1641 2264 1703 «Arabiae,»
2293 1656 2513 1699 rursum
2544 1641 2813 1699 Hebraica
2845 1643 3121 1713 scriptura
3145 1660 3164 1693 ι
3195 1641 3375 1696 Saba:

1795 1733 2142 1800 circumfert;
2175 1751 2240 1790 ac
2268 1734 2466 1806 reliqui
2503 1738 2830 1807 interpretes
2878 1734 3044 1791 simili
3082 1746 3218 1790 voce
3246 1738 3377 1790 sunt

134 1808 187 1862 τὸ
220 1828 237 1859 ι
266 1807 409 1862 Σαϐὰ
448 1829 465 1859 ι
516 1809 797 1879 περιέχει·
845 1809 897 1861 οῖ
932 1824 998 1861 ,τε
1043 1807 1219 1860 λοιποὶ
1266 1803 1597 1877 έρμηνευταὶ

1889 1868 1903 1881 .
1936 1826 2143 1883 Dixerit
2196 1829 2496 1900 quispiam.
2527 1826 2618 1883 hic
2652 1844 2848 1883 aurum
2889 1828 3101 1897 tropice
3133 1824 3379 1882 indicare

134 1899 275 1970 ὁμοία
306 1896 600 1970 κέχρηνται
636 1900 704 1971 τῇ
748 1902 919 1970 φωνῇ.
956 1896 1243 1969 Τροπικῶς
1290 1899 1387 1967 μὲν
1418 1893 1510 1950 οὖν
1545 1896 1686 1950 εἴποι

132 1990 187 2045 ἄν
212 2008 289 2054 τις
317 1991 374 2043 τὸ
403 1990 627 2062 χρυσίον
659 1990 815 2043 τοῦτο
840 1991 1121 2062 σημαίνειν
1148 1989 1239 2043 τὸν
1280 1990 1339 2042 ἐν
1379 1987 1687 2059 ἀνθρώποις

132 2080 493 2152 καθαρώτατον
529 2081 675 2134 νοῦν.
720 2080 832 2133 Καὶ
859 2081 998 2133 κατά
1029 2080 1268 2151 ἱστορίαν
1302 2079 1359 2132 δὲ
1385 2078 1690 2149 ἐπληροῦτο

130 2171 182 2224 τὸ
203 2171 389 2240 λόγιον,
421 2173 511 2225 ὅτε
541 2174 589 2225 οἱ
621 2170 680 2236 ἐξ
719 2173 982 2241 ἀνατολῆς
1026 2173 1187 2242 μάγοι
1228 2172 1473 2235 ἐλθόντες
1524 2171 1686 2224 παῖδα

130 2262 240 2319 ὄντα
286 2264 698 2334 προσεκύνησαν
742 2265 832 2319 τὸν
888 2266 1133 2337 Σωτῆρα,
1191 2265 1573 2337 προσήνεγκαν
1625 2282 1686 2317 τε

127 2356 257 2426 αὐτῷ
280 2356 500 2427 χρυσίον
533 2359 626 2411 καὶ
662 2358 875 2412 λίϐανον
905 2359 998 2411 καὶ
1048 2357 1313 2429 σμύρναν.
1348 2360 1435 2430 Μή
1469 2376 1597 2411 ποτε
1630 2358 1686 2412 δὲ

128 2446 299 2508 καὶτὸ,
340 2465 357 2497 ‹
392 2446 639 2518 ζήσεται,
680 2467 698 2499 ι
732 2451 809 2511 εἰς
834 2449 1038 2500 ἐκεῖνον
1070 2447 1396 2519 ἀναφέρεται
1430 2448 1520 2500 τὸν
1559 2448 1686 2519 χρό-

124 2554 219 2600 νον,
260 2538 377 2591 καθ’
410 2538 475 2592 ὃν
526 2538 792 2610 Ἡρώδης,
845 2539 1209 2593 ἐπιϐουλεύων
1250 2538 1565 2610 νηπιάξοντι
1608 2538 1685 2608 τῷ

133 2628 308 2700 Ἰησοῦ,
346 2650 364 2682 ι
394 2630 623 2703 πέμψας
657 2632 830 2685 ἀνεῖλε
873 2632 1078 2695 πάντας
1102 2632 1227 2695 τοὺς
1252 2631 1379 2702 περὶ
1413 2630 1686 2702 τὴν,.Βηθ-

122 2717 236 2790 λεὲμ
268 2720 466 2785 παῖδας
534 2722 641 2775 ἀπὸ
677 2721 885 2786 διετοῦς
928 2724 1020 2776 καὶ
1062 2722 1376 2794 κατωτέρω,
1414 2721 1556 2775 κατά
1592 2722 1686 2776 τὸν

122 2810 292 2882 χρόνον
340 2811 398 2865 ὃν
441 2812 722 2883 ἠκρίϐωσε
776 2813 927 2885 παρὰ
958 2815 1066 2866 τῶν
1115 2810 1323 2883 μάγων.
1369 2832 1387 2864 ι
1416 2813 1547 2864 Τότε
1574 2812 1682 2884 γὰρ

120 2906 497 2977 χρηματισθεὶς
537 2908 565 2960 ὁ
601 2908 818 2978 Ἰωσὴφ,
861 2907 1134 2977 παρέλαϐε
1184 2905 1399 2977 Μαρίαν
1442 2908 1543 2977 τὴν
1591 2923 1684 2975 γυ-

120 3000 264 3050 ναῖκα
293 2997 456 3051 αὐτοῦ
489 2998 583 3051 καὶ
617 2998 677 3050 τὸ
707 3000 935 3064 παιδίον,
975 3001 1069 3052 καὶ
1095 2998 1440 3070 ἀνεχώρησεν
1481 2999 1561 3060 είς
1590 2997 1683 3049 Αί-

120 3103 322 3155 γυπτον.
358 3089 449 3142 Διὸ
478 3088 650 3143 ταῦτα
683 3088 1011 3153 θεσπίζουσα
1043 3092 1076 3162 ἡ
1106 3089 1352 3161 παροῦσα
1377 3090 1680 3160 προφητεία

124 3178 424 3248 προύλεγεν,
474 3182 557 3233 ὅτι
618 3199 637 3230 ‹
674 3180 918 3251 ζήσεται,
963 3183 1056 3235 καὶ
1101 3181 1388 3252 δοθήσεται
1435 3180 1584 3252 αύτῷ
1623 3183 1686 3235 ἐκ

121 3268 203 3322 τοῦ
225 3270 442 3339 χρυσίου
467 3269 571 3339 τῆς
609 3270 870 3341 Ἀραϐίας
905 3291 923 3323 ι
961 3269 1054 3324 τοῦ
1083 3270 1195 3325 ἀπὸ
1218 3271 1366 3325 Σαϐά
1385 3288 1399 3301 ·
1432 3271 1565 3324 ὡσεὶ
1592 3289 1686 3326 σα-

122 3362 360 3435 φέστερον
390 3365 544 3433 ἔλεγε
583 3383 600 3414 ι
635 3364 726 3417 τοῦ
755 3364 1031 3418 έκλεκτοῦ.
1065 3385 1083 3417 ι
1133 3368 1197 3419 Ἡ
1225 3365 1332 3438 γὰρ
1365 3364 1513 3419 Σαϐὰ
1544 3365 1685 3435 αῦτη

119 3457 203 3509 καὶ
241 3457 301 3509 τὸ
334 3458 627 3512 Σαϐαῖτῶν
669 3457 819 3522 ἔθνος
859 3459 1075 3528 λέγεται
1110 3455 1248 3513 εἷναι
1293 3460 1392 3529 τῆς
1431 3459 1688 3530 Ἀραϐίας

116 3546 206 3615 τῆς
234 3550 572 3621 καλουμένης
614 3550 947 3622 Εὐδαίμονος
969 3568 982 3582 ’
1018 3550 1266 3604 ἐντεῦθέν
1300 3569 1357 3605 τε
1395 3554 1685 3622 ἱστορεῖται

115 3637 184 3709 τῷ
212 3640 477 3713 Σολομῶνι
519 3642 779 3714 φέρεσθαι
810 3642 948 3713 μετά
979 3642 1086 3695 τῶν
1127 3641 1300 3695 ἄλλων
1330 3643 1425 3694 καὶ
1463 3642 1686 3712 χρυσίον

116 3729 374 3785 ἐκλεκτόν.
429 3735 539 3787 Καὶ
580 3734 756 3797 ἄλλως
796 3733 853 3785 δὲ
896 3733 1077 3794 αὐτοῖς
1121 3730 1420 3801 ὀφθαλμοῖς
1470 3730 1688 3799 ὁρῶμεν

115 3820 167 3872 ὲν
210 3825 329 3888 ταῖς
383 3824 706 3894 ἐκκλησίαις
750 3823 986 3894 Χριστοῦ
1039 3822 1207 3894 μυρία
1256 3821 1517 3892 κειμήλια
1579 3821 1686 3873 ἀπὸ

116 3917 322 3983 χρυσίου
363 3917 609 3988 καθαροῦ
657 3918 735 3980 είς
774 3916 937 3970 αὑτοῦ
982 3932 1042 3968 τε
1086 3914 1248 3986 τιμὴν
1291 3914 1682 3985 ἀφιερούμενα.

113 4005 341 4071 Εἰκότως
372 4004 469 4062 οὖν
490 4009 614 4061 οὐδὲ
641 4009 743 4080 τὴν
772 4008 977 4061 τούτων
1008 4008 1226 4078 μνήμην
1256 4007 1500 4078 παριδεῖν
1531 4006 1689 4075 eam.

116 4111 197 4149 σεν
225 4100 252 4150 ὁ
278 4099 459 4166 λόγος.
499 4100 770 4168 Ἑπιλέγει
810 4099 868 4150 δὲ
898 4097 1024 4168 ἑξῆς
1050 4116 1063 4130 °
1105 4117 1123 4149 ι
1160 4100 1269 4151 Καὶ
1298 4095 1687 4170 προσεύξονται

112 4190 228 4260 περὶ
279 4191 448 4244 αὐτοῦ
501 4192 783 4263 διηνεκῶς,
834 4190 923 4243 διὰ
973 4191 1154 4260 πάσης
1206 4191 1419 4261 ἡμέρας
1458 4189 1686 4255 ἕκαστος

112 4280 381 4352 εὖλογήσει
430 4283 611 4336 αὐτόν.
655 4302 675 4334 ι
710 4284 787 4336 σὺ
820 4282 900 4335 δεῖ
933 4283 990 4335 δὲ
1038 4283 1245 4335 πολλῶν
1296 4282 1469 4351 λόγων
1500 4284 1579 4346 εἰς
1624 4284 1687 4337 τὸ

111 4377 451 4445 παραστῆσαι
474 4360 621 4438 ὅπως
648 4374 848 4437 πάντες
870 4375 918 4426 οἱ
952 4375 1031 4437 είς
1056 4374 1142 4427 τὸν
1160 4374 1393 4445 Χριστὸν
1424 4373 1520 4427 τοῦ
1548 4373 1685 4427 Θεοῦ

1792 1920 2144 1989 purissimam
2175 1921 2231 1976 in
2262 1919 2582 1977 hominibus
2629 1930 2888 1977 mentem.
2951 1921 3263 1976 Secundum
3300 1919 3380 1975 his

1796 2010 2018 2065 storiam
2047 2020 2226 2066 autem
2255 2012 2534 2083 impletum
2564 2011 2699 2066 illud
2732 2011 2854 2076 fuit,
2889 2012 3109 2083 quando
3133 2011 3273 2081 magi
3306 2012 3379 2065 ab

1794 2101 2016 2159 Oriente
2085 2112 2377 2169 venerunt,
2434 2113 2487 2161 et
2552 2104 2899 2161 Servatorem
2947 2115 3080 2160 tunc
3142 2119 3376 2175 puerum

1794 2196 2175 2261 adoraverunt,
2210 2198 2633 2268 obtuleruntque
2659 2198 2707 2251 ei
2734 2213 2949 2263 aurum,
2982 2197 3109 2253 thus
3139 2205 3192 2251 et
3223 2210 3379 2267 myr-

1792 2287 1968 2340 rham.
2003 2285 2142 2340 Num
2178 2288 2316 2343 forte
2368 2288 2522 2351 illud,
2558 2306 2577 2339 ι
2611 2290 2776 2351 viret,
2810 2308 2828 2340 ι
2869 2286 2924 2342 ἱιι
2968 2286 3022 2342 id
3057 2298 3269 2356 tempus
3295 2300 3378 2342 rea

1794 2377 2021 2441 feratur,
2057 2395 2166 2451 quo
2213 2379 2410 2432 infanti
2450 2375 2579 2434 Jesu
2610 2379 2842 2434 insidias
2872 2395 3075 2449 parans
3105 2376 3372 2436 Herodes.

1797 2488 1816 2520 ‹
1850 2470 2071 2525 mittens
2128 2471 2330 2525 occidit
2389 2485 2581 2525 omnes
2623 2485 2848 2539 pueros,
2892 2469 2983 2539 qui
3033 2475 3191 2524 erant
3221 2468 3372 2523 circa

1791 2556 2106 2614 Bethlehem
2126 2575 2155 2613 a
2171 2560 2378 2614 bimatu
2400 2570 2451 2614 et
2471 2558 2556 2613 inf
2557 2574 2634 2618 ra.
2660 2559 2961 2614 secundum
2983 2565 3197 2628 tempus
3226 2556 3377 2628 quod

1791 2651 2125 2720 exquisierat
2170 2666 2200 2704 a
2247 2651 2504 2721 magis".
2539 2672 2557 2704 ›
2592 2650 2748 2706 Tunc
2780 2651 2927 2705 enim
2972 2663 3240 2721 responso
3276 2665 3374 2703 ae-

1791 2751 1972 2812 cepto,
2007 2741 2208 2813 Ioseph
2237 2745 2535 2814 assumpsit
2566 2743 2793 2797 Mariam
2826 2743 3113 2813 conjugem
3138 2757 3294 2799 suam
3318 2749 3377 2797 et

1789 2850 2042 2905 puerum,
2076 2843 2130 2890 et
2160 2838 2390 2893 secessit
2428 2838 2484 2890 in
2523 2834 2841 2907 Aﬁgyptum.
2875 2834 3059 2902 Quare
3090 2834 3206 2890 haec
3231 2849 3375 2905 pro.

1790 2927 1973 2997 phetia
1998 2927 2349 2983 vaticinando
2374 2928 2745 2998 praenuntiat:
2771 2946 2788 2978 ι
2813 2924 2971 2981 Vivet
3000 2932 3054 2980 et
3074 2925 3297 2980 dabitur
3319 2923 3375 2982 ei

1788 3018 1855 3072 de
1884 3032 2019 3071 auro
2047 3017 2283 3080 Arabim,
2317 3039 2334 3069 ι
2369 3034 2465 3073 seu
2493 3017 2560 3071 de
2585 3014 2763 3083 Saba;
2795 3031 2860 3070 ac
2886 3017 2932 3071 si
2952 3015 3194 3086 apertius
3220 3014 3377 3070 dice-

1788 3119 1895 3176 ret,
1934 3130 1952 3163 ‹
1986 3113 2178 3167 eiecto.
2221 3131 2240 3164 ι
2281 3109 2419 3165 Nam
2449 3111 2565 3165 haec
2598 3110 2751 3180 regio
2804 3108 2948 3163 Saba
2989 3115 3044 3164 et
3090 3122 3225 3178 gens
3271 3104 3377 3161 Sa-

1788 3198 2082 3262 baitarum,
2101 3198 2305 3253 dicitur
2321 3214 2444 3256 esse
2458 3197 2865 3269 Arabiaequam
2880 3195 3118 3252 Felicem
3133 3202 3372 3253 vocant:

1788 3306 1855 3345 ex
1886 3304 1994 3359 qua
2030 3289 2309 3345 Salomoni
2354 3305 2572 3360 quoque
2607 3290 2833 3343 allatum
2870 3304 2995 3344 cum
3028 3289 3152 3347 aliis
3200 3286 3378 3343 fuisse

1788 3396 1981 3437 aurum
2020 3383 2253 3438 eiectum
2300 3395 2610 3439 enarratur.
2648 3382 2714 3436 Et
2752 3383 2890 3439 alias
2932 3397 3155 3453 quoque
3193 3381 3251 3436 in
3280 3397 3378 3438 ec-

1788 3474 1972 3530 clesiis
2000 3473 2208 3533 Christi
2239 3475 2456 3530 inﬁnita
2490 3476 2740 3531 videmus
2771 3491 2838 3529 ex
2869 3489 3005 3529 auro
3030 3489 3173 3545 puro
3199 3474 3378 3528 cime-

1788 3570 1862 3625 lia
1897 3570 1956 3625 in
1997 3569 2119 3639 ejus
2147 3571 2410 3626 honorem
2465 3577 2811 3625 consecrata.
2846 3566 3044 3623 Merito
3071 3567 3242 3638 igitur
3266 3567 3376 3621 ho-

1786 3678 1909 3717 rum
1962 3663 2231 3718 memoria
2274 3677 2622 3732 nequaquam
2674 3659 3045 3730 praetermissa
3084 3657 3208 3713 fuit.
3246 3656 3374 3714 Mox

1788 3752 2161 3823 subjungitur,
2190 3771 2208 3802 ι
2252 3751 2319 3805 Et
2351 3752 2591 3806 orabunt
2617 3749 2683 3804 de
2712 3752 2833 3819 ipso
2875 3764 3111 3819 semper,
3136 3755 3251 3802 tota
3284 3748 3377 3803 die

1788 3845 1991 3916 singuli
2038 3845 2366 3899 benedicent
2412 3858 2559 3898 eum.
2599 3861 2617 3895 ι
2652 3841 2771 3896 Νοιι
2799 3839 2990 3895 multis
3017 3839 3199 3894 verbis
3233 3854 3375 3910 opus

1789 3936 1858 3991 ad
1900 3935 2289 3991 declarandum
2319 3949 2428 4004 quo
2457 3939 2619 4003 pacto
2653 3947 2846 3987 omnes
2874 3931 2969 4002 qui
3003 3931 3061 3985 in
3084 3930 3371 3986 Christum

1787 4027 1884 4082 Dei
1932 4026 2305 4090 crediderunt,
2350 4024 2726 4079 indesinenter
2754 4036 2950 4093 preces
2981 4020 3211 4076 eﬂ‘erant
3242 4036 3263 4071 ‹
3301 4020 3375 4076 de

1789 4119 1905 4185 illo,
1940 4138 1957 4170 ι
2000 4124 2061 4172 ut
2092 4118 2242 4171 illum
2280 4108 2513 4186 semper
2543 4130 2731 4171 secum
2771 4113 3032 4176 habeant,
3065 4119 3121 4168 et
3153 4112 3373 4183 adjuto—

1788 4227 1905 4267 rem
1938 4211 1995 4266 in
2017 4210 2273 4266 omnibus
2292 4209 2707 4264 nanciscantur.
2739 4205 2895 4272 Quod
2914 4213 3095 4260 autem
3125 4203 3374 4275 quotidie

1790 4300 1993 4370 singuli
2024 4298 2351 4355 benedicant
2379 4298 2450 4361 ei,
2490 4296 2615 4367 quis
2657 4293 3027 4350 dubitaverit?
3051 4309 3179 4348 nam
3208 4303 3374 4349 nocte

1788 4399 1841 4447 et
1874 4392 1960 4447 die
1988 4391 2184 4445 animae
2220 4389 2465 4445 omnium
2489 4389 2545 4443 in
2570 4389 2752 4459 ipsum
2789 4388 3003 4444 sincere
3027 4385 3372 4441 credentium

110 4465 525 4526 πεπιστευκότες
546 4464 918 4529 ἀδιαλείπτους
944 4466 1307 4536 ἀναφέρουσιν
1330 4467 1496 4537 εὐχὰς
1525 4486 1601 4519 «πε

1880 4484 2150 4554 quentius,
2179 4497 2343 4552 quam
2375 4481 2668 4550 respirent,
2696 4493 2897 4534 nomen
2932 4477 3053 4546 ejus
3082 4477 3271 4530 colunt
3302 4489 3371 4529 ac

108 4553 283 4618 αὐτοῦ,
318 4574 337 4607 ι
371 4555 450 4619 ὡς
478 4555 542 4609 ἂν
568 4556 737 4627 ἔχοιεν
763 4559 924 4611 αὐτὸν
958 4559 1064 4611 αἰεὶ
1097 4559 1341 4620 συνόντα,
1374 4559 1465 4611 καὶ
1491 4558 1684 4628 βοηθὸν

108 4645 282 4709 αὐτοῖς
327 4649 467 4700 πᾶσι
500 4650 838 4720 γιγνόμενον.
883 4650 968 4713 Ὠς
1015 4649 1071 4702 δὲ
1122 4648 1210 4702 διὰ
1259 4649 1442 4720 πάσης
1471 4649 1685 4721 ἡμέρας

107 4733 328 4802 ἕκαστος
361 4739 573 4807 εὐλογεῖ
602 4741 784 4805 αὐτὸν,
826 4740 910 4804 τίς
949 4739 1015 4794 ἂν
1054 4740 1413 4811 ἀμφιϐάλλοι;
1446 4740 1681 4810 Νύκτωρ

108 4828 231 4893 γοῦν
274 4831 372 4883 καὶ
427 4831 543 4900 μεθ’
576 4832 789 4903 ἡμέραν
841 4832 1021 4885 πλεῖον
1068 4835 1169 4903 τῆς
1204 4834 1476 4903 ἀναπνοῆς
1532 4835 1682 4886 πᾶσα

107 4917 245 4991 ψυχὴ
286 4922 400 4974 τῶν
446 4925 525 4988 εἰς
565 4923 726 4977 αὑτὸν
774 4925 1013 4994 γνησίως
1075 4924 1533 4986 πεπιστευκότων,
1582 4924 1681 4995 τὴν

109 5014 476 5086 προσηγορίαν
501 5015 661 5070 αὑτοῦ
691 5015 906 5085 τιμῶσα
937 5018 1028 5069 καὶ
1074 5016 1303 5069 σέϐουσα
1335 5017 1548 5085 εύλογεῖ
1579 5017 1679 5069 αύ-

107 5101 211 5165 τὸν,
258 5106 601 5174 πεπεισμένη
640 5107 719 5168 είς
750 5106 950 5176 ἑαυτὴν
991 5106 1370 5176 ἀντιστρέφειν
1398 5105 1498 5177 τὴν
1528 5106 1680 5159 εὐλο-

109 5193 246 5260 γίαν,
279 5195 589 5261 ἀκολούθως
621 5196 785 5267 λογίῳ
816 5199 893 5260 εἰς
926 5197 1089 5250 αὐτοῦ
1120 5198 1408 5268 πρόσωπον
1437 5198 1676 5269 Χριστοῦ

110 5286 334 5356 φήσαντι
352 5303 366 5318 ·
389 5306 408 5337 ‹
430 5290 489 5340 Οἱ
518 5289 862 5357 εύλογοῦντές
891 5306 950 5341 σε
966 5289 1303 5359 εύλόγηνται,
1338 5291 1434 5343 καὶ
1463 5292 1514 5342 οἱ
1540 5308 1675 5344 κατ-

112 5375 378 5447 αρώμενοί
427 5395 481 5430 σε
524 5380 942 5450 κεκατήρανται.
990 5399 1008 5429 ι
1040 5380 1201 5432 Ὅθεν
1234 5382 1327 5433 καὶ
1352 5379 1505 5447 αὔξει
1547 5383 1679 5452 ὁση-

114 5466 271 5538 μέραι
302 5469 400 5521 καὶ
425 5469 647 5541 πληθύει
675 5472 736 5523 τὸ
757 5470 1101 5543 Χριστιανῶν
1123 5470 1299 5540 γένος,
1327 5472 1413 5525 διὰ
1441 5473 1503 5526 τὸ
1527 5473 1678 5544 μετέ-

111 5574 221 5627 χειν
258 5561 359 5631 τῆς
395 5562 458 5612 ὲκ
489 5560 621 5615 Θεοῦ
652 5563 919 5629 εὐλογίας,
951 5558 1016 5632 ἧς
1038 5562 1297 5616 ἀπολαύει
1328 5563 1413 5618 διὰ
1441 5564 1502 5618 τὸ
1529 5564 1672 5619 ἀδια-

179 5740 223 5773 ⁸⁸
255 5740 450 5797 Matt‘b.
483 5757 541 5807 ιι,
588 5742 669 5799 16.
745 5742 791 5776 ⁵⁸
820 5741 980 5798 Num.
1009 5759 1155 5811 xxxv,
1183 5744 1235 5799 9.

1791 4580 2144 4637 venerantur,
2177 4573 2393 4642 ipsique
2420 4571 2752 4627 benedicunt
2781 4585 2794 4621 :
2827 4575 2991 4623 certae
3021 4567 3077 4622 in
3108 4583 3169 4622 se
3210 4566 3371 4622 reﬂe-

1790 4664 1862 4717 cti
1894 4664 2057 4717 talem
2103 4661 2564 4721 benedictionem,
2602 4657 2903 4714 secundum
2936 4655 3040 4709 hoc
3082 4657 3134 4708 in
3177 4670 3372 4724 persu‘

1790 4767 1915 4808 nam
1941 4751 2149 4807 Christi
2190 4749 2394 4809 dictum
2430 4764 2444 4800 :
2481 4765 2500 4798 ι
2533 4746 2639 4814 Qui
2672 4743 3001 4801 benedicunt
3047 4740 3170 4803 tibi,
3197 4741 3370 4796 bene-

1789 4844 1919 4899 dicti
1962 4849 2110 4909 sunt,
2146 4847 2201 4896 et
2232 4841 2326 4911 qui
2374 4839 2711 4895 maledicunt
2761 4835 2889 4898 tibi,
2933 4831 3299 4888 maledicti“.
3340 4850 3360 4880 ι

1788 4934 2155 5001 Quamobrem
2185 4932 2428 5003 quotidie
2450 4931 2650 4985 crescit
2678 4935 2733 4982 et
2759 4933 2992 4996 augetur
3017 4924 3366 4979 Christiano-

1787 5041 1911 5080 rum
1961 5040 2153 5093 genus,
2185 5023 2331 5093 quod
2375 5019 2775 5076 benedictionis
2827 5015 2919 5071 Dei
2965 5029 3194 5071 consors
3240 5021 3324 5068 est
3345 5032 3369 5066 :.

1789 5125 1852 5164 ea
1884 5110 2085 5179 quippe
2118 5110 2342 5171 fruitur,
2389 5108 2518 5178 quia
2557 5119 2776 5175 semper
2805 5103 3027 5159 Christo
3062 5102 3239 5172 ipsius
3267 5101 3363 5155 be-

1788 5200 2035 5265 nedicit,
2093 5199 2393 5255 secundum
2450 5195 2974 5264 hanc-Scripturam
3026 5193 3297 5248 dicentem
3341 5208 3356 5244 :

1790 5309 1809 5341 ι
1849 5289 1986 5345 Tota
2011 5292 2098 5346 die
2122 5290 2453 5357 benedicent
2487 5289 2559 5345 ei.
2600 5306 2619 5340 ι
2647 5287 2963 5355 ﬂorumque
3004 5298 3229 5341 causam
3256 5284 3361 5338 de-

1783 5381 1956 5435 clarat
1977 5381 2165 5435 dicens
2198 5398 2211 5433 :
2244 5398 2263 5429 ι
2300 5378 2417 5431 Erit
2448 5378 2849 5432 ﬁrmamentum
2881 5376 2939 5430 in
2959 5382 3104 5430 terra
3124 5376 3182 5429 in
3209 5389 3364 5430 sum-

1782 5475 1886 5530 mis
1921 5473 2207 5527 montium.
2248 5489 2267 5522 ι
2307 5469 2403 5525 His
2445 5478 2624 5524 autem
2670 5469 2876 5524 indicat
2910 5466 3210 5523 Ecclesiam
3239 5466 3366 5536 ejus

1782 5566 1838 5621 in
1868 5566 2021 5621 lirma
2048 5564 2272 5621 virtutis
2315 5563 2489 5635 ipsius
2522 5570 2677 5635 petra
2720 5560 3013 5619 fundatam
3061 5560 3364 5617 ﬁrmatam.

3353 5764 3369 5789 δ
