3776 6284
419 330 524 387 815
1087 323 1360 385 EUSEBII
1396 303 1877 382 CJESAEIENSIS
1914 322 2066 381 OPP.
2107 321 2292 379 PARS
2333 322 2509 380 lil.—-
2533 322 2960 383 EXEGETICA.
3540 333 3625 393 818

418 466 546 523 que,
571 450 769 507 elatam
793 450 921 505 item
950 457 1005 505 et
1018 445 1331 517 exaltatam,
1353 457 1407 505 et
1436 464 1597 520 quas:
1629 448 1683 503 in
1713 463 1905 504 cacum

2133 446 2330 511 είπτως
2373 445 2463 502 τὸν
2510 447 2743 518 Χριστὸν
2781 443 2944 500 αὐτοῦ
2988 444 3225 514 εὐλογεῖν
3263 445 3546 513 ἀκολούθως
3577 455 3624 523 τῇ

417 543 685 599 montium
714 542 896 608 sitam,
940 542 997 596 in
1030 541 1366 612 propheticis
1419 541 1631 598 scilicet
1662 547 1718 595 et
1765 551 1908 611 apost

2136 538 2240 592 ετὰ
2272 540 2457 609 χεῖρας
2492 541 2679 610 γραφῇ
2718 536 3002 611 φασκούσῃ
3022 553 3037 568 ⁸
3084 556 3103 588 ι
3137 538 3301 610 Ὅλην
3340 538 3434 611 τὴν
3454 542 3627 613 ἡμέραν

417 636 541 692 licis
563 635 767 703 verbis,
801 634 959 706 queis
995 633 1239 691 Ecclesia
1294 634 1607 691 Servatoris
1640 634 1817 691 nostri
1859 650 1908 691 ο(

2136 630 2480 701 ὒλογήσουσιν
2532 630 2717 684 αὐτόν·
2761 649 2779 682 ι
2817 632 2929 685 Καὶ
2962 631 3024 684 τὸ
3060 629 3260 685 τούτων
3303 633 3465 685 αίτιον
3498 634 3627 705 παρί-

419 728 674 783 struitur.
2093 740 2251 796 στησι
2279 722 2452 792 λέγων
2470 740 2484 754 -
2526 740 2545 775 ι
2590 724 2781 778 Ἔσται
2812 725 3089 795 στήριγμα
3114 723 3172 775 ὲν
3192 724 3255 794 τῇ
3290 725 3363 793 γῇ
3388 724 3469 775 ἐπ’
3494 725 3628 797 ἄκραι
3664 752 3669 759 ·

414 819 519 875 τῶν
557 818 748 891 ὁρέων.
784 838 802 871 ›
832 818 988 873 Οὕτω
1020 818 1078 872 δὲ
1118 817 1370 889 σημαίνει
1415 817 1512 889 τὴν
1550 816 1876 887 Ἐκκλησίαν
1899 816 2061 870 αὑτοῦ
2101 818 2572 889 τεθεμελιωμένην
2616 818 2712 871 καὶ
2748 815 3148 889 ὲστηριγμένην
3178 816 3269 868 ἐπὶ
3313 815 3411 887 τὴν
3452 816 3629 891 ἀρραγῆ

413 915 513 987 τῆς
544 914 709 970 αὐτοῦ
734 913 1015 984 δυνάμεως
1044 913 1265 985 πέτραν,
1314 912 1631 985 ἐπηρμένην
1691 912 1748 966 δὲ
1782 913 1876 967 καὶ
1941 912 2254 986 ὑψωμὲκην,
2289 915 2366 978 ὡς
2395 915 2462 968 ἂν
2498 914 2590 967 ἐπὶ
2634 913 2780 985 ἄκρα
2808 913 2981 984 ὀρέων
3011 910 3292 983 κειμένην,
3323 914 3629 984 προφητικῶν

413 1008 615 1080 δηλαδὴ
643 1008 739 1063 καὶ
771 1006 1139 1063 ἁποστολικῶν
1169 1006 1361 1076 λόγων,
1390 1004 1471 1069 οἷς
1497 1008 1532 1078 ἡ
1578 1006 1874 1077 Ἐκκλησία
1894 1005 1986 1060 τοῦ
2014 1007 2264 1081 Σωτῆρος
2294 1011 2326 1081 ή
2337 1007 2452 1081 μῶν
2484 1008 2934 1080 ὲποικοόομεῖται.

488 1126 652 1182 Vens.
686 1128 777 1195 16,
822 1128 909 1183 i7.
947 1145 967 1179 ι
1009 1124 1480 1199 Superextolletur
1525 1142 1690 1198 super
1718 1125 1979 1181 Libanum

2169 1148 2189 1181 ι
2236 1129 2702 1201 Ὑπεραρθήσεται
2732 1127 2870 1200 ὑπὲρ
2904 1126 2994 1180 τὸν
3025 1125 3255 1180 Λίϐανον
3280 1126 3310 1178 ό
3335 1124 3528 1196 καρπὸς
3555 1125 3630 1179 a6-

412 1219 626 1277 fructus
680 1219 825 1289 ejus,
856 1227 912 1275 et
942 1218 1212 1274 ﬂorebunt
1244 1218 1312 1274 de
1356 1217 1578 1273 civitate
1624 1216 1769 1272 sicut
1800 1215 1903 1272 feni

2137 1221 2205 1286 :5,
2238 1223 2332 1275 καὶ
2376 1221 2761 1292 ἐξανθήσουσιν
2794 1221 2859 1273 ὲκ
2906 1219 3109 1283 πόλεως
3156 1218 3291 1271 ὡσεὶ
3336 1217 3518 1288 χόρτος
3553 1222 3628 1290 τῇς

417 1318 597 1368 teme.
641 1329 662 1364 ι
712 1311 832 1378 Qua
876 1310 1089 1367 ratione
1120 1309 1451 1374 Servatoris,
1485 1310 1580 1382 qui
1612 1310 1666 1365 in
1700 1312 1906 1382 prephe

2139 1317 2214 1387 ἧς.
2264 1333 2283 1367 ι
2314 1315 2500 1378 Ὀπως
2532 1312 2817 1385 ὑπερήρθη
2846 1311 2939 1365 τοῦ
2974 1309 3453 1383 προφητευομένου
3488 1309 3630 1381 Σωτῆο

409 1403 752 1477 cnuntiatur,
799 1400 1015 1459 fructus
1048 1416 1214 1473 super
1252 1398 1520 1457 Libanum
1571 1404 1840 1458 exaltatus
1890 1420 1900 1456 ι

2137 1422 2185 1469 ος
2232 1405 2389 1477 ἡμῶν
2441 1406 2469 1457 ὁ
2516 1405 2727 1475 καρπὸς
2763 1404 2905 1476 ὑπὲρ
2948 1404 3040 1457 τὸν
3085 1402 3320 1457 Λίϐανον
3360 1402 3553 1473 νοήσεις
3579 1402 3628 1454 τὰ

411 1476 705 1564 intelliges,
729 1493 777 1548 si
807 1493 1032 1564 colligas
1049 1508 1113 1548 ea
1133 1507 1253 1563 quae
1273 1493 1327 1547 in
1351 1492 1652 1563 prophetiis
1681 1493 1749 1549 de
1776 1492 1902 1548 Liba

2207 1506 2220 1551 ί
2249 1476 2342 1551 τοῦ
2368 1496 2601 1552 Λιϐάνου
2632 1499 2690 1550 ὲν
2722 1497 3083 1568 προφητείαις
3108 1493 3411 1565 λελεγμένα
3438 1510 3630 1561 συναγα-
3695 1478 3698 1486 ’

409 1580 690 1638 dicuntur.
720 1581 935 1637 Dictum
979 1584 1179 1654 quippe
1221 1593 1306 1640 est
1351 1584 1407 1637 in
1450 1581 1589 1638 lsaia
1620 1600 1632 1637 :
1670 1603 1688 1636 ι
1716 1584 1855 1641 Ecce
1887 1585 1900 1637 Ι

2137 1590 2222 1646 ὢν.
2260 1590 2487 1662 Εἴρηται
2520 1590 2577 1644 δὲ
2609 1591 2666 1643 ὲν
2714 1590 2813 1661 μὲν
2846 1588 2923 1660 τῷ
2966 1588 3196 1659 Ἡσαΐᾳ·
3229 1606 3249 1639 ι
3295 1586 3424 1640 ’ἰδοὺ
3454 1586 3512 1658 δὴ
3540 1586 3628 1640 Κύ-

409 1675 594 1730 minus
649 1673 889 1728 Sabaoth
939 1677 1233 1731 conturbat
1279 1675 1556 1746 gloriosos
1599 1692 1721 1733 cum
1766 1675 1900 1733 fortii

2139 1701 2206 1748 ,ος
2276 1683 2503 1738 Σαϐαὼθ
2579 1683 2943 1754 συνταράσσει
3011 1682 3139 1745 τοὺς
3205 1680 3456 1746 εὐδόξους
3522 1680 3630 1750 μετὰ

407 1765 537 1822 dine
555 1766 630 1833 ";
667 1784 686 1818 ι
710 1772 763 1821 et
791 1774 979 1837 postea
1014 1785 1028 1823 :
1063 1786 1081 1820 ‹
1120 1766 1360 1824 Libanus
1389 1775 1571 1824 autem
1597 1784 1720 1823 cum
1750 1770 1898 1826 cxch

2138 1776 2269 1847 ’χύος
2288 1794 2303 1807 ⁹
2332 1795 2352 1830 ι
2402 1770 2650 1846 καὶ’ἒξῆς
2671 1791 2683 1804 ⁸
2728 1792 2746 1825 ι
2797 1774 2856 1827 Ὀ
2888 1773 2945 1827 δὲ
2984 1772 3217 1835 Λίϐανος
3252 1771 3354 1825 σὺν
3396 1772 3500 1834 τοῖς
3522 1769 3629 1842 ὑψη-

406 1859 642 1914 cadet”.
670 1877 691 1913 ι
724 1858 784 1913 lu
811 1858 1074 1914 Zacharia
1096 1875 1227 1915 vero
1258 1859 1432 1917 fertur
1459 1881 1471 1916 :
1504 1879 1524 1914 σ
1548 1859 1734 1933 Aperi,
1752 1861 1897 1917 Liba]

2134 1870 2196 1931 λῖς
2223 1868 2485 1920 πεσεῖται.
2522 1885 2539 1917 ι
2570 1863 2833 1918 Λέλεκται
2864 1863 2920 1917 δὲ
2953 1863 3047 1917 καὶ
3070 1863 3128 1915 ὲν
3156 1860 3440 1932 Ζαχαρίᾳο
3461 1879 3480 1912 ι
3504 1860 3625 1914 Διάν-

404 1957 594 2022 portas
629 1962 773 2018 tuas,
805 1957 862 2006 et
904 1949 1127 2007 devoret
1166 1951 1309 2023 ignis
1356 1952 1554 2010 cedros
1578 1960 1699 2009 tuas
1722 1954 1789 2010 ".
1832 1973 1849 2006 ›
1890 1954 1895 2005 J

2137 1959 2246 2026 εον,
2303 1958 2334 2011 ὁ
2377 1958 2630 2026 Λίϐανος,
2669 1956 2766 2020 τὰς
2810 1955 2983 2018 πύλας
3021 1971 3134 2021 σου,
3160 1954 3261 2008 καὶ
3304 1951 3628 2021 καταφαγέτω

403 2050 551 2096 ctum
589 2041 716 2097 item
751 2039 855 2096 fuit
887 2042 945 2097 in
974 2043 1235 2098 vicesimo
1258 2051 1451 2099 octavo
1484 2045 1696 2115 psalmo
1728 2062 1743 2098 :
1782 2062 1802 2096 ι
1837 2044 1894 2100 Ο(

2136 2051 2195 2123 ip
2220 2049 2317 2115 τὰς
2342 2051 2565 2124 κέδρους
2593 2066 2706 2103 σου.
2744 2068 2762 2100 ι
2791 2048 3019 2119 Εἴρηται
3044 2046 3100 2099 δὲ
3125 2045 3221 2099 καὶ
3249 2046 3311 2099 ἐν
3337 2044 3421 2116 κη’

403 2135 606 2206 fringet
634 2133 899 2191 Dominus
939 2136 1134 2192 cedros
1165 2135 1382 2203 Libani,
1408 2145 1465 2193 et
1513 2137 1846 2194 comminuet
1886 2157 1894 2190 ε

2140 2142 2427 2215 Συντρίψει
2467 2142 2564 2205 τὰς
2608 2141 2834 2211 κέδρους
2863 2138 2959 2191 τοῦ
2994 2136 3249 2202 Λιϐάνου,
3301 2137 3397 2190 καὶ
3423 2134 3631 2190 λεπτυνεί

401 2235 666 2299 tauquam
718 2227 950 2283 vitulum
1006 2225 1271 2284 Libanum
1292 2229 1358 2283 ⁶⁰.
1392 2247 1410 2280 ι
1456 2227 1566 2286 Has
1605 2244 1772 2300 porro
1815 2244 1892 2285 vol

2138 2235 2252 2299 ira;
2278 2236 2353 2299 ὡς
2390 2234 2481 2288 τὸν
2525 2234 2725 2305 μόσχον
2762 2232 2854 2284 τὸν
2902 2229 3161 2284 Λιϐανον.
3202 2248 3220 2281 ι
3274 2226 3629 2282 Ἐπιλύεταιᾶ

401 2336 537 2376 sane
570 2319 837 2376 obscuras
876 2321 1114 2391 explicat
1154 2306 1447 2391 Scriptura
1476 2321 1531 2376 in
1568 2319 1857 2377 Ezechiele

2139 2329 2285 2393 ιύτας
2307 2329 2407 2392 τὰς
2435 2328 2617 2398 φωνὰς
2643 2328 2870 2396 ἀσαφεῖς
2899 2323 3064 2388 οὔσας
3089 2324 3117 2377 ὁ
3140 2322 3299 2395 παρά
3322 2322 3401 2394 τῷ
3427 2318 3630 2391 Ἐζεκιὴλ

401 2428 535 2469 cens
565 2432 579 2469 :
613 2431 632 2464 ι
660 2412 856 2483 Aquila
908 2412 1134 2483 grandis
1184 2428 1507 2485 magnarum
1542 2413 1775 2479 alarum,
1817 2414 1892 2469 lor

2139 2422 2307 2492 ίσκων
2338 2420 2495 2488 λόγος
2519 2436 2532 2449 ·
2573 2438 2589 2471 ι
2635 2418 2693 2471 '0
2725 2416 2881 2481 ἀετὸς
2913 2417 2941 2469 ὁ
2985 2415 3159 2488 μέγας
3196 2418 3225 2469 ὁ
3260 2412 3630 2486 μεγαλοπτέρν-

400 2507 775 2561 membrorum
829 2505 1020 2571 ductii,
1070 2506 1230 2576 plena
1288 2504 1585 2576 unguibus,
1645 2505 1891 2561 ductumr

2139 2488 2197 2577 ιξ,
2230 2516 2259 2567 ό
2302 2512 2509 2576 πλατὺς
2548 2514 2615 2582 τῇ
2652 2509 2895 2574 ἐκτάσει,
2954 2509 3167 2581 πλήρης
3199 2507 3436 2579 ὀνύχων,
3466 2505 3520 2569 ὃς
3545 2504 3630 2575 ἔχει

400 2595 612 2652 habens
675 2604 737 2650 ut
789 2594 1131 2666 ingrediatur
1180 2595 1239 2650 in
1295 2593 1586 2660 Libanum,
1636 2602 1689 2650 et
1736 2611 1891 2653 exsec

2137 2634 2141 2652 ›
2168 2607 2276 2678 ἠγη
2285 2624 2359 2677 μα
2386 2603 2643 2658 εἰσελθεῖν
2669 2604 2748 2667 εἰς
2778 2602 2870 2657 τὸν
2911 2600 3157 2664 Λίϐανον,
3185 2599 3285 2653 καί¹
3330 2596 3555 2667 ἀπέκοψε
3578 2597 3628 2648 τὰ

404 2696 592 2744 tenera
620 2686 867 2755 cedri“;
906 2706 927 2742 ι
956 2687 1158 2758 quibus
1185 2687 1405 2743 subdit:
1445 2704 1462 2738 ι
1494 2687 1631 2742 Cum
1660 2689 1895 2743 venerit]

2138 2694 2265 2748 ταλὰ
2306 2699 2403 2765 τῆς
2435 2694 2657 2766 κέδρουο
2698 2713 2716 2745 ι
2745 2686 2825 2756 οἷς
2851 2690 2977 2761 ἑξῆς
3000 2690 3343 2758 ὲπιλέγεται·
3380 2709 3399 2742 ι
3437 2689 3552 2742 Ὅτε
3580 2686 3629 2741 ἂν

401 2780 724 2854 Babylonis,
758 2792 812 2837 et
864 2781 1148 2852 ingressus
1182 2781 1346 2839 fuerit
1372 2780 1426 2835 in
1463 2780 1789 2850 Jerusalem,
1825 2799 1892 2839 as

2137 2789 2208 2861 ,θη
2231 2790 2260 2841 ό
2286 2788 2536 2859 βασιλεὺς
2568 2786 2886 2852 Βαϐυλῶνος
2917 2786 3012 2840 καὶ
3037 2784 3252 2857 εἰσέλθῃ
3286 2784 3370 2848 εἰς
3402 2783 3628 2854 Ἰερουσα-

402 2884 516 2929 met
552 2874 827 2946 principes
843 2875 909 2929 ⁶².
933 2892 953 2926 ν
981 2874 1077 2931 llis
1094 2874 1295 2946 quippe
1324 2877 1471 2930 clare
1513 2875 1795 2946 prephetia
1823 2891 1891 2946 aq

2136 2901 2211 2953 ut,
2248 2881 2341 2936 καὶ
2369 2880 2597 2952 λήψεται
2630 2881 2757 2943 τοὺς
2790 2879 3076 2950 ἄρχοντας.
3107 2895 3126 2929 ι
3174 2875 3378 2946 Σαφῶς
3427 2874 3526 2946 γὰρ
3562 2869 3627 2926 διὰ

396 2966 509 3021 lam
531 2967 791 3039 grandem
821 2982 1142 3039 magnarum
1172 2968 1404 3032 alarum,
1434 2982 1616 3038 regem
1657 2966 1887 3039 Babylon

2135 2971 2284 3026 νότων
2324 2974 2358 3042 ἡ
2407 2970 2712 3043 προφητεία
2762 2969 2854 3023 τὸν
2895 2968 2994 3040 μὲν
3035 2966 3192 3021 ἀετὸν
3223 2966 3326 3019 τὸν
3379 2965 3536 3036 μέγαν
3560 2962 3626 3014 τὸν

396 3075 520 3114 rum
533 3059 948 3131 interpretatur;
963 3057 1227 3115 Libanum
1243 3076 1370 3115 vero
1381 3059 1704 3116 Jerusalem.
1723 3058 1887 3136 Belial

2129 3063 2556 3135 εγαλοπτέρυγον
2578 3062 2667 3115 τὸν
2704 3060 2927 3132 βασιλέα
2966 3060 3073 3112 τῶν
3103 3056 3462 3112 Βαϐυλωνίων
3481 3053 3620 3126 ήρμή·

395 3165 519 3205 rum
542 3150 671 3205 item
695 3149 1077 3220 prophetarum
1104 3150 1270 3217 dicta,
1293 3165 1392 3205 ceu
1417 3150 1484 3205 de
1514 3148 1722 3204 Libano
1740 3133 1886 3222 prela

2247 3193 2259 3217 ,
2291 3133 2473 3207 τὸνὝδὲ
2511 3152 2742 3207 Λίϐανον
2770 3149 3257 3223 τὴνῚερουο-αλήμ.
3310 3146 3626 3218 Ἐφαρμόσιις

394 3241 749 3315 Jerosolyma:
780 3240 1013 3313 aptabis.
1041 3242 1197 3297 Enim
1241 3258 1370 3299 vero
1399 3259 1562 3298 nemo
1590 3259 1657 3299 ex
1683 3243 1885 3298 circum

2128 3261 2138 3296 ι
2170 3245 2264 3297 καὶ
2294 3242 2364 3297 τὰ
2387 3242 2539 3315 παρὰ
2564 3245 2675 3306 τοῖς
2704 3241 2910 3306 λοιποῖς
2940 3243 3244 3313 προφήταις
3276 3239 3467 3309 ὥσπερ
3493 3234 3619 3291 Λιϐά-

395 3335 554 3391 sione
587 3334 743 3391 fateri
774 3333 1008 3399 dubitet,
1045 3334 1111 3391 iis
1140 3351 1262 3405 quae
1286 3335 1354 3391 de
1378 3334 1586 3390 Libano
1612 3335 1871 3390 dicuntur

2130 3355 2169 3388 νυ
2213 3334 2511 3407 λελεγμένα
2559 3338 2626 3406 τῇ
2673 3333 3050 3408 Ἰερουσαλήμ.
3103 3330 3241 3384 Ἀλλ’
3296 3330 3418 3384 οὐδὲ
3447 3327 3543 3381 τῶν
3575 3327 3621 3380 ὲκ

394 3425 729 3497 rosolymam
780 3424 1122 3480 adumbrari.
1178 3443 1197 3477 ι
1250 3424 1779 3496 Superexaltabitur,
1836 3444 1856 3478 ι

2126 3432 2379 3501 εριτομῆς
2413 3446 2493 3492 τις
2521 3428 2849 3500 ἀμφιϐάλλοι
2885 3428 2951 3481 ἂν
2985 3425 3060 3498 μὴ
3091 3425 3211 3496 οὐχὶ
3259 3422 3396 3495 περὶ
3425 3423 3513 3493 τῆς
3545 3419 3617 3475 Ἰεο

396 3515 504 3572 fert
530 3530 711 3572 sermo
742 3531 1009 3587 praiseus,
1036 3534 1053 3567 ι
1076 3531 1241 3587 super
1262 3515 1530 3571 Libanum
1560 3515 1770 3572 fructus
1796 3517 1883 3588 eju

2127 3522 2357 3594 >υσαλὴμ
2384 3522 2716 3575 αἰνίττεσθαι
2744 3519 3025 3592 ὁμολογεῖν
3051 3517 3121 3571 τὰ
3151 3517 3284 3588 περὶ
3313 3515 3531 3571 Λιϐάνου
3555 3510 3618 3563 λε-

395 3607 611 3664 scilicet
643 3599 948 3662 Servatorfs
987 3604 1055 3661 de
1089 3621 1197 3676 quo
1221 3605 1508 3677 prophetia
1542 3604 1804 3675 loquitur.
1834 3604 1886 3660 F1

2127 3614 2329 3685 εγμένα.
2383 3632 2402 3665 ι
2454 3611 2923 3684 ’Υπεραρθήσεται
2958 3629 2977 3660 ι
3012 3610 3212 3674 τοίνυν,
3243 3607 3310 3661 τὸ
3355 3606 3520 3678 παρὸν
3552 3601 3618 3655 λό-

392 3710 519 3757 etus
546 3707 727 3755 autem
754 3699 876 3770 ejus
893 3698 1017 3769 quis
1050 3697 1237 3763 fuerit,
1269 3699 1374 3754 nisi
1404 3697 1649 3753 Ecclesia
1668 3698 1842 3767 ipsius
1877 3714 1883 3767 1

2125 3706 2190 3758 ιόν
2224 3723 2407 3777 φησιν,
2466 3724 2485 3756 ι
2527 3703 2666 3775 ὑπὲρ
2698 3702 2789 3756 τὸν
2833 3702 3062 3755 Λίϐανον
3095 3703 3124 3754 ό
3155 3699 3374 3772 καρπὸς
3410 3693 3572 3757 αὐτοῦ,
3601 3711 3616 3743 ι

392 3802 568 3853 totum
603 3795 795 3851 orbem
829 3794 1061 3858 ﬁrmata,
1097 3792 1166 3849 de
1190 3807 1299 3865 qua
1337 3791 1622 3847 dicebatur
1650 3811 1662 3847 :
1695 3811 1713 3842 ι
1745 3790 1861 3846 Erit

2128 3797 2275 3869 λλαδὴ
2330 3796 2424 3851 τοῦ
2469 3793 2948 3869 προφητευομένου
2994 3794 3266 3864 Σωτῆρος.
3326 3788 3539 3862 Καρπὸς
3577 3785 3619 3838 δὲ

392 3895 729 3943 mamentum
772 3885 830 3941 in
861 3896 1008 3941 terra
1043 3885 1101 3940 in
1140 3883 1371 3940 summis
1420 3885 1725 3939 montium?
1759 3904 1776 3936 ι
1822 3883 1883 3937 il:

2127 3894 2236 3947 i105
2271 3892 2352 3959 τίς
2384 3894 2450 3948 ἂν
2480 3891 2740 3963 γένοιτοῆ
2787 3889 3082 3960 Ἐκκλησία
3110 3886 3275 3941 αὑτοῦ
3324 3888 3359 3958 ἡ
3387 3883 3499 3939 καθ’
3522 3882 3618 3951 ὅλης

391 3979 577 4049 itaque
614 3992 781 4049 super
808 3976 1075 4032 Libanum
1120 3976 1469 4034 exaltandam
1499 3991 1624 4033 esse
1650 3977 1705 4031 in
1737 3977 1882 4046 prep?

2121 3991 2175 4059 ἧς
2240 3986 2564 4057 οἰκουμένης
2626 3981 3035 4055 ὲστηριγμένη,
3095 3980 3225 4051 περ),
3281 3974 3354 4050 ἧς
3409 3976 3612 4043 θέτω.

391 4071 470 4124 tia
503 4070 723 4127 dicitur.
752 4068 903 4125 Licet
927 4070 1070 4124 enim
1101 4068 1346 4127 Libanus
1370 4068 1480 4135 ille,
1516 4084 1714 4139 nempe
1745 4065 1882 4123 Jero:

2146 4080 2338 4131 Ἔσται
2373 4079 2657 4149 στήριγμα
2682 4077 2739 4128 ἐν
2772 4077 2838 4146 τῇ
2868 4077 2937 4144 γῇ
2965 4074 3049 4126 ἐπ’
3075 4072 3244 4142 ἄκρον
3277 4070 3391 4124 τῶν
3420 4068 3610 4140 ὁρέωνςι

394 4161 561 4233 lyma,
584 4160 714 4215 olim
744 4158 920 4231 gloria
951 4157 1091 4213 aﬂici
1120 4166 1175 4214 et
1201 4157 1397 4215 ﬂorere
1427 4158 1581 4214 visus
1614 4159 1721 4226 sit;
1753 4167 1806 4227 at
1835 4174 1885 4228 pi

2122 4172 2221 4242 ὖτη
2254 4171 2431 4225 τοίνυν
2462 4165 2930 4240 ὑπεραρθήσεσθαι
2968 4165 3107 4238 ὑπὲρ
3134 4163 3225 4216 τὸν
3258 4161 3486 4215 Λίϐανον
3512 4170 3612 4228 προ-

393 4252 647 4308 stantiori
702 4251 1230 4323 incomparabilique
1296 4250 1459 4306 modo
1526 4250 1884 4321 superexalta:

2122 4263 2370 4334 ητεύεται
2389 4278 2403 4291 ·
2444 4264 2492 4315 εἰ
2521 4261 2629 4332 γὰρ
2653 4261 2745 4314 καὶ
2785 4257 2931 4323 ἔδοξέ
2968 4273 3097 4310 ποτε
3135 4255 3165 4307 ὁ
3197 4253 3458 4325 δηλωθεὶς
3485 4245 3613 4303 Λίϐα-

391 4344 493 4399 fuit
512 4345 819 4402 Servatoris
842 4345 1014 4399 nostri
1044 4343 1274 4409 fructus,
1296 4358 1392 4399 seu
1417 4342 1658 4399 Ecclesia
1681 4357 1779 4412 per
1793 4348 1882 4396 ιοιι

2121 4371 2183 4419 ις,
2222 4352 2365 4422 λέγω
2393 4352 2451 4406 δὲ
2485 4353 2518 4422 ή
2557 4350 2932 4422 Ἰερουσαλὴμ,
2973 4344 3292 4414 δοξάζεσθαί
3328 4344 3420 4396 καὶ
3448 4338 3612 4397 ἀνθεῖν.

390 4441 575 4495 orbem
614 4439 930 4495 constituta.
957 4438 1073 4495 Sub
1093 4438 1209 4493 haec
1230 4447 1411 4493 autem
1435 4435 1666 4508 populos
1686 4436 1743 4489 in
1776 4434 1881 4503 sing

2120 4445 2187 4499 λλ’
2230 4442 2513 4517 ὑπερήρθη
2548 4444 2642 4497 καὶ
2673 4441 2807 4496 πολὺ
2836 4440 3051 4494 κάλλιον
3089 4438 3308 4507 ἐκείνης
3341 4429 3611 4502 ἀσυγκρίτῳ

387 4529 459 4586 lis
489 4530 718 4585 urbibus
747 4531 1006 4586 colleCtos
1041 4505 1561 4599 multitudinemque
1589 4541 1845 4597 magnam

2117 4540 2314 4609 περοχῇ
2475 4505 2725 4607 Σωτῆρος
2770 4533 2926 4605 ἡμῶν
2973 4533 3002 4585 ό
3041 4505 3271 4603 καρπὸς,
3307 4529 3340 4599 ή
3369 4524 3485 4579 καθ’
3511 4522 3608 4589 ὅλης

389 4624 535 4678 dicat
576 4624 662 4679 his
708 4624 929 4679 verbis:
969 4642 987 4675 ι
1024 4622 1089 4676 Et
1131 4622 1411 4678 ﬂorebunt
1447 4620 1515 4675 de
1561 4618 1784 4675 civitate
1822 4619 1880 4673 εἰς

2115 4628 2270 4701 ηλαδὴ
2315 4630 2415 4698 τῆς
2459 4624 2784 4695 οἰκουμένης
2823 4621 3121 4693 Ἐκκλησία
3172 4619 3389 4689 γέγονε.
3429 4612 3606 4669 Τούτοις

387 4715 577 4773 fenum
607 4724 783 4772 terrae.
819 4737 837 4770 ι
872 4715 1009 4771 lllud
1037 4731 1224 4787 porro,
1271 4734 1291 4768 ι
1322 4714 1389 4770 de
1410 4712 1655 4777 civitate,
1699 4732 1718 4764 ι
1756 4710 1878 4766 ὁὶοιι

2115 4724 2197 4791 ἰῆς
2224 4720 2349 4783 τοὺς
2380 4719 2543 4782 λαοὺς
2587 4718 2714 4780 τοὺς
2749 4715 2891 4770 κατὰ
2928 4716 3109 4767 πᾶσαν
3134 4711 3290 4764 πόλιν
3322 4717 3606 4791 συγκροτουξ

386 4818 492 4875 est,
525 4811 683 4880 quasi
722 4809 954 4881 singulis
992 4809 1048 4864 in
1078 4808 1391 4865 civitatibus
1424 4813 1478 4862 et
1505 4806 1766 4861 omnibus
1804 4806 1861 4859 in

2114 4789 2265 4876 ἐνους
2291 4812 2384 4867 και
2411 4810 2483 4865 τὰ
2509 4808 2678 4862 πολλὰ
2714 4807 2894 4878 πλήθη
2929 4804 3225 4876 παρίστησι
3251 4801 3457 4870 λέγων·
3490 4789 3604 4885 σκξὲ

385 4904 488 4959 cis.
520 4903 637 4975 imo
663 4903 826 4959 etiam
860 4902 1106 4958 Ecclesia
1138 4901 1335 4972 ipsius,
1361 4900 1433 4956 ob
1461 4900 1685 4969 politica
1716 4905 1771 4953 et
1807 4913 1876 4953 ev.

2110 4905 2452 4975 Ξανθήσουσιν
2483 4904 2548 4955 ἐκ
2586 4901 2792 4963 πόλεως
2832 4899 2964 4951 ὡσεὶ
2990 4901 3179 4968 χόρτος
3217 4893 3319 4964 τῆς
3359 4892 3467 4961 γῆς.
3503 4905 3519 4936 ι
3550 4881 3601 4934 Ti

386 4974 581 5066 gelica',
614 4997 771 5066 queis
809 4996 1000 5058 utitur,
1031 4993 1303 5059 instituta,
1343 4991 1543 5046 civitas
1581 4989 1677 5045 Dei
1712 4998 1877 5045 vocat

2110 4997 2147 5058 1:,
2191 5015 2208 5046 ι
2244 4974 2309 5049 ἐκ
2357 4995 2585 5058 πόλεως,
2624 5013 2642 5044 ι
2678 4994 2912 5065 εἴρηται,
2944 4989 3065 5043 ἀντὶ
3105 4986 3223 5051 τοῦ,
3256 4984 3373 5040 καθ’
3410 4979 3601 5066 ἑκάστην

386 5064 570 5155 Quare
592 5064 803 5142 dictum
837 5092 959 5142 est:
994 5104 1012 5138 ι
1041 5084 1292 5141 Gloriosa
1337 5082 1491 5138 dicta
1528 5090 1659 5137 sunt
1683 5081 1751 5134 de
1782 5087 1854 5144 te,

2107 5088 2227 5140 πόλιν
2253 5087 2346 5140 καὶ
2371 5085 2511 5139 κατὰ
2543 5086 2720 5139 πάντα
2747 5084 2932 5137 τόπον.
2973 5079 3131 5133 Ἀλλὰ
3163 5078 3257 5132 καὶ
3287 5079 3321 5147 ἡ
3355 5064 3598 5155 Ἐκκλησίξ

384 5153 528 5233 vitas
550 5174 738 5244 Dei“;
772 5184 863 5231 )et
891 5189 1154 5231 rursum:
1191 5191 1210 5224 ι
1244 5172 1514 5228 Fluminis
1531 5171 1765 5240 impetus
1792 5171 1875 5234 laet

2101 5173 2235 5227 ιύτοῦ
2279 5173 2431 5236 πόλις
2475 5173 2788 5243 ὠνόμασται
2821 5170 2914 5223 τοῦ
2961 5166 3096 5221 Θεοῦ
3141 5166 3234 5220 διὰ
3275 5165 3372 5235 τὴν
3412 5162 3464 5212 έν
3492 5153 3592 5244 αὐτῇ

386 5278 517 5324 cant
556 5238 833 5324 civitatem
872 5266 968 5323 Dei
987 5266 1053 5323 “.
1087 5285 1106 5318 ι
1138 5264 1279 5333 Quia
1317 5280 1452 5336 ergo
1499 5238 1694 5318 civitas
1734 5260 1827 5315 illa
1870 5260 1877 5311 Ι

2105 5278 2292 5315 υνιστα
2300 5262 2465 5332 μένην
2489 5238 2719 5330 νόμιμον
2742 5259 2835 5312 καὶ
2854 5255 3215 5325 εὐαγγελικὴν
3238 5248 3507 5341 πολιτείαν.
3522 5238 3596 5341 :th

386 5360 552 5417 fluvio
571 5363 625 5416 in
647 5378 705 5417 sc
731 5360 1063 5425 exundante,
1088 5374 1184 5415 seu
1210 5356 1398 5420 verbo,
1431 5355 1678 5425 irrigata,
1712 5366 1872 5422 magn

2104 5353 2316 5406 έλεκται
2336 5369 2348 5381 ·
2392 5370 2410 5403 ι
2444 5349 2811 5421 Δεδοζασμένα
2858 5346 3089 5418 ἐλαλήθη
3124 5344 3254 5416 περὶ
3283 5340 3392 5403 σοῦ,
3418 5339 3449 5406 ἡ
3479 5332 3592 5388 πόλις

385 5452 595 5523 profert
627 5454 799 5511 turbae
831 5454 886 5507 in
939 5451 1188 5508 Ecclesia
1227 5450 1473 5505 collecta:
1511 5443 1876 5501 multitudine:

2104 5445 2163 5498 οὗ
2190 5444 2324 5498 Θεοῦ
2338 5446 2358 5475 ’⁸
2393 5464 2411 5496 ι
2442 5444 2536 5498 καὶ
2560 5442 2752 5497 πάλιν.’
2797 5462 2814 5493 ι
2848 5438 2955 5494 Τοῦ
2984 5436 3231 5509 ποταμοῦ
3259 5433 3324 5489 τὰ
3346 5428 3591 5523 opp-ﬁgat?

380 5509 507 5615 iure
545 5545 844 5615 adjicitur:
881 5565 899 5598 ι
942 5545 1005 5601 Et
1031 5544 1304 5601 ﬂorebunt
1333 5542 1403 5597 de
1440 5537 1665 5595 civitate
1696 5537 1842 5593 sicut

2097 5539 2424 5609 ιύφραίνουσι
2471 5537 2569 5607 τὴν
2618 5536 2771 5589 πόλιν
2813 5534 2907 5587 τοῦ
2950 5532 3107 5588 Θεοῦ.
3150 5550 3169 5582 ι
3207 5526 3355 5583 Ἐπεὶ
3386 5509 3588 5577 τοίνυνή

457 5661 500 5692 ⁸⁷
530 5660 637 5724 lsa.
689 5678 745 5722 κ.
784 5662 872 5716 55.
984 5662 1029 5693 ³⁸
1059 5660 1190 5715 Ibid.
1222 5658 1312 5713 54.
1388 5658 1432 5690 ⁸⁸
1466 5656 1632 5711 Zacb.
1668 5671 1743 5723 ιι,
1776 5657 1827 5713 1.
1937 5657 1948 5689 ε

2091 5659 2153 5712 al.
2214 5674 2405 5721 xxvm,
2440 5658 2493 5721 5,
2528 5656 2579 5710 6.
2690 5656 2731 5688 “
2763 5652 2955 5708 Ezech.
3004 5648 3215 5713 ηεαδ.
3294 5644 3333 5678 “
3360 5635 3475 5695 ibid.
3522 5623 3582 5683 19·

386 5729 432 5760 ⁸³
466 5729 614 5783 Psal.
657 5746 875 5797 Lxxxvl,
910 5732 961 5784 3.
1032 5732 1075 5762 “
1113 5730 1258 5786 Psal.
1294 5744 1416 5795 XLV,
1457 5728 1508 5782 5.
