3776 6284
176 359 262 412 817
1264 352 1774 410 COMMENTARIA
1815 354 1880 409 1N
1915 354 2252 413 PSALMOS.

577 469 602 480 ο

3289 358 3392 412 813

174 478 308 539 πόλις
349 472 431 526 τοῦ
475 470 626 535 Θεοῦ,
668 470 1000 542 ἀρδευομένη
1044 472 1120 542 τῷ
1169 474 1225 526 ἐν
1271 475 1408 544 αὐτῇ
1456 473 1665 545 πλημμι

1902 490 1945 529 ω
1980 480 2157 529 terrm.
2198 493 2216 526 ι
2267 471 2624 529 Pramittitur
2661 489 2795 530 sane
2847 473 3217 538 multitudini,
3272 489 3393 542 qua)

174 578 298 645 ροντι
321 563 554 634 ποταμῷ,
589 563 754 632 λόγῳ,
797 563 930 618 πολὺ
962 564 1162 635 πλῆθος
1205 566 1467 637 προρὲρει
1501 567 1606 619 τῶν
1653 569 1714 619 ἐν

171 665 226 734 τῇ
269 657 544 728 Ἐκκλησία
568 657 1067 729 συγκροτουμένων,
1097 657 1320 722 εἰκότως
1345 658 1678 712 ἐπιλέλεκται
1695 678 1707 690 ο

179 775 194 807 ι
219 754 312 806 Kal.
337 749 705 819 ἐξανθήσουσιν
737 751 801 802 ἐκ
827 750 1033 813 πόλεως
1058 750 1188 802 ὡσεὶ
1212 750 1400 822 χόρτος
1434 752 1529 821 τῆς
1555 753 1674 822 γῆς,
1690 772 1708 804 ,

171 850 441 918 Προηγεῖτο
472 845 568 914 μὲν
591 840 682 897 οὖν
710 845 802 898 τοῦ
826 846 1018 915 χόρτου
1044 845 1197 916 δίκην
1217 845 1559 912 ἐξανθοῦντος
1588 848 1717 918 πλή-

171 941 276 1002 θους
312 941 338 990 6
368 937 790 1008 προλελεγμένος
837 938 1048 1010 καρπὸς
1089 939 1274 1002 αὐτοῦ,
1309 939 1442 992 πολύ
1497 939 1715 1008 βελτίων

169 1035 250 1086 καὶ
299 1031 552 1101 κρείττων
605 1031 889 1100 τυγχάνων
934 1029 1025 1083 τοῦ
1071 1031 1268 1103 χόρτου
1323 1031 1424 1101 τῆς
1465 1032 1604 1102 γῆς’
1637 1033 1717 1085 διὸ

170 1123 502 1193 προτέτακται
531 1121 612 1174 τό’
649 1140 668 1172 ‹
693 1121 1158 1193 Ὑπεραρθήσεται
1186 1121 1325 1192 ὑπὲρ
1365 1122 1457 1174 τὸν
1492 1123 1717 1175 Λίϐανον

164 1219 190 1269 6
230 1214 422 1286 καρπὸς
454 1213 648 1268 αὐτοῦ’
690 1233 708 1265 ι
754 1214 891 1285 μετὰ
911 1215 973 1266 εδὲ
1005 1215 1095 1269 τὸν
1142 1215 1351 1286 καρπὸν
1379 1215 1467 1268 τὸν
1511 1215 1719 1286 ἐξαίρε-

167 1322 259 1367 τον,
288 1304 404 1366 τοὺς
431 1304 490 1356 ὲν
519 1305 585 1375 τῇ
633 1304 925 1376 Ἐκκλησία
971 1305 1172 1376 δηλαδὴ
1216 1305 1715 1377 καρποφοροῦντας,

164 1398 221 1449 τά
246 1394 396 1448 λοιπά
423 1394 601 1466 πλήθη
648 1396 974 1468 καταριθμεῖ
1015 1397 1102 1450 διὰ
1132 1397 1245 1450 τοῦ·
1289 1417 1306 1449 ι
1349 1397 1458 1451 Kal.
1496 1397 1736 1476 ἐξανθή-⁴

166 1506 326 1542 σουσιν
362 1490 423 1541 ἐκ
467 1489 674 1552 πόλεως
711 1489 842 1542 ὡσεὶ
887 1490 1076 1560 χόρτος
1115 1491 1215 1560 τῆς
1246 1491 1367 1558 γῆς.
1405 1509 1424 1542 ι
1473 1485 1583 1544 Εἶτ’
1627 1490 1720 1544 ἐπὶ

161 1582 349 1646 τούτοις
386 1581 635 1651 λέγεται·
687 1601 704 1633 ι
739 1583 933 1636 Ἔσται
967 1583 1026 1635 τὸ
1066 1584 1234 1654 ὄνομα
1275 1583 1438 1637 αὑτοῦ
1477 1585 1558 1646 είς
1596 1585 1720 1648 τούς

161 1675 358 1737 αἰῶνας.
392 1695 409 1726 ›
447 1676 803 1745 Διαμὲνοντος
830 1676 886 1728 δὲ
920 1676 1015 1729 καὶ
1037 1676 1435 1740 διαιωνίζοντος
1459 1677 1553 1730 τοῦ
1588 1679 1720 1749 Χρι-

161 1760 270 1814 στού
295 1763 572 1833 ὀνόματος,
602 1766 1162 1836 συμπαρεκτείνεσθαι
1192 1768 1284 1819 καὶ
1307 1767 1364 1820 τὸ
1383 1768 1720 1838 Χριστιανῶν

1821 567 1998 622 instar
2046 566 2152 621 feni
2206 565 2536 632 cﬂlorescit,
2592 578 2924 622 memoratus
2976 567 3190 622 fructus
3246 566 3391 635 ejus,

1824 669 1983 732 longe
2030 659 2396 731 praestabilior
2446 659 2747 728 meliorque
2788 658 2912 715 feno
2953 667 3149 726 terrae;
3199 673 3394 729 quam-

1823 755 2010 808 obrem
2030 751 2384 823 praepositum
2404 750 2504 806 fuit
2524 750 2657 805 illud
2681 769 2696 806 :
2720 769 2738 802 ι
2761 751 3279 820 Superexaltabitur
3309 766 3393 806 su-

1821 861 1917 916 per
1953 844 2220 900 Libanum
2256 844 2466 900 fructus
2498 844 2619 914 ejus
2651 861 2667 899 :
2706 862 2724 897 ι
2764 850 2887 913 post
2919 842 3155 898 fructum
3212 850 3396 898 autem

1823 940 1977 992 illum
2029 939 2450 1008 praecellentem,
2487 937 2743 994 videlicet
2778 943 2901 1006 post
2941 951 3035 991 eos
3069 936 3161 1006 qui
3198 936 3252 990 in
3291 934 3396 990 Ec-

1823 1031 1990 1088 clesia
2020 1030 2377 1095 l'rucliiicant,
2410 1031 2679 1100 reliquam
2723 1027 3130 1083 multitudinem
3168 1043 3396 1085 enume-

1826 1135 1930 1186 rat,
1962 1123 2043 1179 sic
2075 1122 2267 1178 dicens
2300 1139 2313 1172 :
2355 1141 2373 1173 ι
2407 1121 2473 1176 Ει
2499 1111 2858 1176 Ποῐοιῑῖὶηιάο
2887 1118 3108 1175 civitate
3154 1121 3297 1176 sicut
3320 1119 3398 1176 leo

1825 1230 1954 1269 num
1987 1223 2166 1269 terrae.
2199 1234 2218 1268 ›
2249 1212 2562 1269 Secundum
2592 1213 2708 1268 haec
2741 1213 2983 1268 dicitur:
3014 1232 3032 1264 ι
3051 1211 3169 1266 Erit
3199 1227 3399 1267 nomen

1825 1309 1945 1378 ejus
1975 1309 2030 1363 in
2057 1308 2277 1364 szecula.
2319 1325 2338 1359 ι
2373 1306 2509 1361 Cum
2558 1321 2724 1378 porro
2773 1321 2972 1361 nomen
3018 1303 3225 1360 Christi
3275 1319 3400 1374 per-

1825 1410 1990 1472 petuo
2045 1407 2284 1464 maneat,
2337 1405 2739 1468 consequenter
2796 1413 2926 1453 sane
2961 1397 3402 1452 Christianorum

1826 1511 2027 1552 nomen
2061 1494 2403 1550 tantumdem
2439 1492 2706 1563 temporis
2755 1492 3117 1564 permanebit.
3149 1491 3265 1546 Hoc
3301 1505 3404 1544 au-

1829 1597 1934 1644 tem
1957 1603 2158 1644 nomen
2183 1587 2332 1659 quod
2364 1595 2448 1644 est
2470 1601 2635 1657 super
2651 1601 2813 1642 omne
2833 1602 3032 1641 nomen
3056 1595 3182 1640 ante
3211 1583 3405 1639 mundi

1827 1681 2276 1736 constitutionem
2313 1686 2433 1734 erat
2470 1692 2683 1748 :quare
2698 1677 2906 1732 dictum
2941 1685 3066 1732 est:
3106 1696 3122 1727 ι
3155 1676 3296 1732 Ante
3321 1689 3406 1731 so-

1828 1773 1932 1828 lem
1961 1778 2249 1843 permanet
2293 1787 2492 1826 nomen
2524 1769 2666 1841 ejus.
2706 1788 2726 1822 ›
2765 1768 3032 1840 Superius
3081 1784 3297 1838 quoque
3328 1767 3406 1823 di-

158 1853 308 1922 δνομα
339 1855 627 1910 ἀκόλουθον
655 1855 721 1909 ἂν
752 1855 856 1926 εἴη.
893 1856 1062 1909 Τοῦτο
1103 1857 1158 1909 δὲ
1191 1857 1251 1909 τὸ
1297 1857 1465 1928 ὄνομα
1493 1857 1554 1910 τὸ
1588 1858 1649 1910 ὑπ

1908 1871 2073 1930 latur,
2103 1877 2523 1932 permansurum
2549 1875 2671 1918 esse
2693 1875 2817 1914 cum
2848 1859 2964 1914 sole
2995 1866 3048 1914 et
3073 1858 3399 1912 antelunam

158 1948 253 1999 πᾶν
280 1946 445 2018 ὗνομα
481 1949 576 2000 καὶ
621 1948 726 2018 πρὸ
766 1948 863 2019 τῆς
893 1947 985 2000 τοῦ
1020 1949 1224 2019 κόσμου
1262 1949 1572 2013 συστάσεως
1611 1946 1678 2020 ἦν
1703 1967 1716 1980 ο

155 2038 224 2092 διὸ
249 2039 457 2110 εἴρηται
477 2057 489 2070 ·
531 2059 549 2091 ι
588 2040 702 2111 Πρὸ
733 2041 826 2093 τοῦ
863 2040 1013 2111 ἡλίου
1058 2041 1302 2112 διαμένει
1333 2042 1391 2094 τὸ
1425 2041 1593 2112 ὄνομα
1625 2043 1720 2094 αὐ-

154 2129 257 2184 τοῦ.
297 2148 315 2181 ›
353 2130 465 2183 Kal.
507 2131 763 2203 ἀνωτέρω
792 2131 847 2184 δέ
882 2133 1096 2202 ἐλέγετο
1147 2132 1596 2204 συμπαραμένειν

154 2218 275 2289 ήλίῳ
305 2219 399 2274 καὶ
445 2221 553 2290 πρὸ
572 2221 669 2292 τῆς
702 2222 930 2294 σελήνης
951 2225 1029 2286 είς
1052 2223 1244 2292 γενεὰς
1273 2224 1494 2292 γενεῶν.
1530 2226 1723 2278 ’Ὀτιδέ

153 2311 310 2366 ταῦτα
344 2313 402 2366 οὐ
444 2313 670 2368 δυνατὸν
708 2314 873 2388 θνητῇ
911 2317 1221 2388 ἐφαρμόσαι
1255 2317 1436 2385 φύσει,
1479 2317 1723 2387 φθάσαν-

153 2419 232 2465 τες
262 2402 356 2473 ἤδη
408 2405 854 2476 παρεστήσαμεν.
905 2408 1058 2460 Μετὰ
1109 2407 1277 2460 ταῦτα
1330 2408 1386 2460 δὲ
1438 2408 1720 2461 λέλεκταιο

157 2511 173 2542 ι
203 2493 306 2546 Kal.
340 2494 829 2567 ἐνευλογηθήσεται
862 2499 918 2550 ἐν
949 2497 1099 2570 αὐτῷ
1143 2499 1320 2552 πάντα
1351 2498 1420 2552 τά
1467 2499 1592 2569 ἔθνη
1625 2498 1723 2567 τῆς

152 2587 260 2657 τῆς·
325 2607 346 2658 ³.
410 2583 508 2651 Οἷς
568 2589 911 2661 παραθήσεις
971 2591 1060 2644 τὸν
1125 2592 1374 2661 φήσαντα
1433 2593 1570 2662 πρὸς
1635 2592 1723 2645 τὸν

163 2678 400 2752 Ἀδραάμ
448 2683 729 2756 χρησμόν·
780 2701 798 2734 ι
833 2683 943 2736 Kal
979 2683 1492 2754 ἐνευλογηθήσονται
1546 2686 1604 2737 ἐν
1647 2684 1724 2756 τῷ

151 2770 412 2842 σπέρματί
449 2790 544 2825 σου
585 2773 764 2827 πάντα
793 2775 862 2828 τά
906 2774 1032 2846 ἔθνη
1069 2775 1181 2844 ’τῆς
1220 2775 1342 2846 γῆς.
1385 2795 1402 2826 ι
1451 2776 1560 2829 Kal.
1605 2775 1722 2844 θέα,

148 2862 284 2927 ὅπως
329 2865 359 2935 ἡ
408 2865 549 2936 πρὸς
608 2865 699 2919 τὸν
749 2865 999 2938 Ἀϐραὰμ
1046 2867 1347 2936 ἐπαγγελία
1400 2868 1725 2936 ἐφυλάττετο

148 2955 279 3008 κατὰ
299 2957 530 3028 χρόνους
555 2959 923 3032 ἀνανεουμένη
951 2959 1016 3012 δι’
1049 2959 1277 3013 ἑκάστου
1310 2963 1604 3034 προφήτου.
1635 2962 1725 3032 Τῷ

146 3046 236 3116 μὲν
280 3047 388 3121 γὰρ
431 3049 684 3121 Ἀϐραὰμ
733 3051 934 3122 πρώτῳ
985 3053 1202 3106 λέλεκτο
1223 3053 1319 3106 τό’
1359 3072 1378 3103 ι
1420 3053 1726 3126 Εὐλογηθή-

146 3155 312 3193 σονται
348 3143 407 3194 ἐν
438 3141 517 3211 τῷ
548 3143 822 3213 σπέρματί
848 3161 941 3198 σου
976 3144 1151 3198 πάντα
1177 3145 1245 3198 τά
1268 3144 1392 3217 ἔθνη
1425 3147 1522 3216 τῆς
1553 3145 1717 3216 γῆς’»

143 3229 274 3296 μετὰ
303 3229 358 3283 δὲ
390 3231 572 3285 ταῦτα
605 3235 633 3286 6
672 3232 876 3307 Ἰακὼὸ¹
905 3234 1174 3300 θεσπίζων
1206 3236 1334 3304 περὶ
1361 3235 1454 3289 τοῦ
1489 3237 1722 3308 Χριστοῦ

141 3319 552 3394 ἀναγέγραπται
597 3325 872 3398 εἰρηκώς’
913 3345 932 3379 ι
983 3329 1100 3382 Οὐκ
1150 3329 1388 3398 ἐκλείψει
1436 3331 1618 3400 ἄρχων
1666 3330 1724 3398 ἐξ

153 3417 310 3470 Ἰούδα
340 3419 449 3482 ἕως
478 3420 542 3473 ἂν
567 3419 696 3492 ἔλθῃ
727 3421 754 3474 ὃ
786 3422 1074 3476 ἀπόκειται
1108 3426 1183 3494 (1)
1205 3441 1219 3453 ο
1253 3425 1346 3478 καὶ
1376 3425 1536 3488 αὐτὸς
1574 3425 1725 3480 ἔσται

140 3510 435 3577 προσδοκία
461 3510 654 3566 ἐθνῶν.
706 3532 724 3565 ι
764 3515 874 3568 Kal
905 3517 961 3568 ἐν
991 3518 1101 3578 τοῖς
1143 3515 1278 3586 μετὰ
1313 3515 1486 3568 ταῦτα
1515 3517 1726 3586 χρόνοις

137 3596 286 3667 αὖθις
320 3602 542 3674 εἴρηται
584 3601 673 3655 διὰ
715 3603 809 3656 τοῦ
856 3603 1118 3675 Βαλαὰμο
1168 3625 1186 3656 σ
1237 3604 1603 3670 Ἐξελεύσεται
1636 3606 1726 3660 ἄν-

135 3692 349 3765 θρωπος
413 3698 481 3749 ἐκ
533 3694 628 3748 τοῦ
683 3695 996 3768 σπέρματος
1050 3697 1234 3761 αὐτοῦ,
1294 3699 1386 3751 καὶ
1441 3697 1718 3770 κυριεύσει

134 3784 299 3840 ἐθνῶν
334 3786 567 3841 πολλῶν.
611 3807 630 3839 ι
667 3788 779 3842 Kal.
812 3789 1052 3860 Μωῡσῆς
1083 3790 1139 3844 δέ
1171 3789 1280 3843 τῶν
1311 3790 1478 3844 ἐθνῶν
1525 3795 1583 3846 ἐν
1612 3792 1722 3864 ᾠδῇ

136 3878 345 3948 μεγάλῃ
401 3879 645 3949 μέμνητο
693 3878 902 3948 λέγων’
959 3899 977 3930 ί
1018 3880 1396 3952 Εὐφράνθητε.
1433 3881 1559 3954 ἔθνη
1600 3883 1727 3946 λαὸς

133 3970 337 4023 αὐτοῦ·
402 3973 497 4026 καὶ
545 3972 1083 4043 προσκυνησάτωσαν
1143 3972 1293 4043 αὐτῷ
1351 3973 1555 4037 πάντες
1621 3975 1728 4027 υἱοὶ

130 4059 286 4112 Θεοῦ.
323 4081 342 4113 ι
375 4062 562 4126 Οὕτως
593 4059 685 4116 οὖν
712 4063 805 4115 καὶ
832 4063 1064 4116 ἐνταῦθα
1091 4063 1160 4116 τά
1189 4064 1326 4136 πρὸς
1354 4066 1446 4120 τὸν
1479 4066 1728 4137 Ἀϐραὰμ

130 4151 218 4204 διὰ
270 4152 374 4207 τοῦ
417 4155 668 4226 χρησμοῦ
722 4155 1125 4227 τεθεσπισμὲνα
1176 4157 1620 4229 ἐπαναλαμϐάνει
1669 4160 1730 4213 τὸ

127 4244 310 4314 λόγιον
339 4247 591 4300 διδάσκον
613 4249 716 4301 οὐκ
745 4248 918 4312 ἄλλως
945 4249 976 4319 ἢ
1011 4250 1098 4304 διὰ
1122 4250 1214 4303 τοῦ
1247 4250 1482 4322 Χριστοῦ
1511 4251 1615 4322 πλη
1627 4269 1730 4322 ρω-

129 4331 421 4404 θήσεσθαι,
469 4335 708 4404 φάσκον·
761 4356 778 4388 ι
833 4337 942 4392 Καὶ
988 4339 1443 4409 εὐλογηθήσονται
1489 4341 1547 4394 ἐν
1581 4341 1729 4412 αὐτῷ

1825 1957 1881 2011 in
1941 1955 2324 2026 generationes
2376 1955 2816 2026 generationum.
2866 1951 3023 2018 Quod
3083 1966 3211 2005 vero
3264 1948 3403 2004 illud

1824 2049 2042 2102 mortali
2076 2055 2288 2103 natura:
2317 2047 2561 2118 coaptari
2596 2052 2856 2116 nequeat,
2898 2043 3010 2114 jam
3047 2042 3406 2114 comprobare

1825 2139 2238 2210 occupavimus.
2277 2138 2390 2194 Sub
2431 2139 2548 2194 haec
2575 2146 2759 2192 autem
2798 2136 3044 2191 dicitur:
3083 2154 3102 2187 ι
3142 2134 3210 2188 Et
3240 2135 3408 2190 bene-

1826 2229 2155 2299 dicenturin
2175 2232 2294 2301 ipso
2312 2245 2504 2286 omnes
2534 2235 2726 2300 gentes
2744 2235 2926 2283 terrae.
2963 2246 2981 2280 ι
3023 2226 3235 2292 Quibus
3268 2241 3406 2281 con-

1827 2320 1971 2377 feras
2011 2322 2170 2378 velim
2204 2323 2309 2377 hoc
2341 2327 2626 2378 oraculum
2657 2321 2726 2376 ad
2755 2320 3132 2376 Abrahamum
3169 2319 3356 2373 datum
3387 2337 3402 2373 :

1831 2431 1849 2465 ι
1881 2413 1946 2468 Ει
2002 2414 2399 2470 benedicentur
2450 2414 2506 2468 in
2567 2414 2775 2469 semine
2821 2422 2916 2467 tuo
2964 2426 3157 2468 omnes
3217 2418 3408 2481 gentes

1826 2508 2072 2564 terrm".
2116 2527 2133 2560 ι
2172 2508 2236 2562 Et
2288 2507 2582 2580 perpende,
2623 2521 2832 2578 quaeso,
2865 2505 3290 2577 promissionem
3340 2503 3408 2559 ad

1827 2598 2200 2653 Abrahamum
2247 2598 2470 2663 factam,
2524 2594 2886 2668 subsequenti
2927 2601 3174 2663 tempore
3215 2605 3407 2646 serva-

1826 2702 1959 2757 tam,
1991 2707 2054 2746 ac
2087 2707 2184 2762 per
2217 2690 2466 2762 singulos
2515 2688 2814 2760 prophetas
2857 2691 3172 2740 renovatam
3213 2682 3406 2737 fuisse.

1825 2783 2041 2839 Atenim
2085 2783 2398 2837 Abrahamo
2431 2781 2667 2852 primum
2700 2778 2907 2833 dictum
2947 2776 3087 2831 fuit:
3122 2794 3141 2827 ‹
3175 2772 3410 2829 Benedi-

1827 2883 2026 2932 centur
2054 2875 2106 2928 in
2157 2874 2366 2930 semine
2397 2881 2493 2927 tuo
2538 2887 2732 2927 omnes
2771 2877 2959 2940 gentes
3005 2877 3184 2922 terrae.
3226 2886 3244 2918 ι
3279 2865 3410 2923 Post

1827 2966 1943 3020 haec
1966 2963 2136 3019 Jacob
2163 2963 2230 3018 de
2264 2963 2486 3018 Christo
2510 2962 2821 3016 vaticinans
2854 2958 3062 3015 dixisse
3093 2957 3360 3012 scribitur
3388 2972 3402 3008 :

1835 3074 1852 3106 ι
1887 3053 2009 3108 Non
2043 3053 2259 3110 deﬁciet
2291 3051 2548 3124 princeps
2577 3067 2643 3106 ex
2677 3050 2839 3116 Juda,
2872 3049 3047 3104 donec
3084 3047 3266 3103 veniat
3307 3047 3402 3101 cui

1829 3147 2129 3217 repositum
2149 3153 2232 3201 est
2264 3153 2354 3200 :et
2388 3146 2504 3216 ipse
2533 3145 2639 3199 erit
2670 3141 3006 3213 exspectatio
3033 3141 3275 3210 gentium
3293 3139 3355 3193 ⁵⁸.
3384 3157 3404 3191 ι

1830 3237 2143 3293 Secundum
2189 3238 2305 3292 haec
2339 3245 2588 3307 tempora
2623 3251 2844 3290 rursum
2878 3249 2908 3287 a
2934 3233 3156 3287 Balaam
3197 3233 3408 3287 dictum

1825 3338 1951 3385 est:
1993 3346 2012 3382 σ
2049 3329 2375 3400 Egredietur
2419 3327 2586 3384 homo
2617 3343 2684 3383 ex
2727 3326 2935 3383 semine
2969 3325 3110 3395 ejus,
3147 3335 3201 3380 et
3233 3323 3410 3377 domi-

1827 3422 2050 3476 nabitur
2069 3422 2326 3492 gentibus
2354 3420 2544 3476 multis
2565 3419 2629 3474 '7.
2659 3438 2678 3470 ι
2722 3418 2932 3490 Moyses
2960 3417 3092 3472 item
3123 3417 3178 3472 in
3209 3430 3417 3486 magno

1827 3513 2042 3568 cantico
2067 3514 2308 3585 gentium
2328 3511 2782 3567 meminif‘dicens
2812 3529 2865 3566 ει
2899 3508 3413 3585 Ιλιειοῐηὶηἰηεθηιεε

1827 3605 2067 3675 populus
2095 3605 2217 3674 ejus
2252 3622 2266 3658 :
2300 3613 2354 3659 et
2377 3603 2604 3659 adorent
2641 3620 2766 3659 eum
2809 3617 3002 3659 omnes
3037 3601 3133 3654 ﬁlii
3166 3599 3256 3654 Dei
3277 3600 3342 3651 ⁸³.
3386 3619 3404 3651 ι

1828 3699 1922 3754 Sic
1953 3699 2122 3770 igitur
2149 3701 2254 3754 hoc
2301 3699 2424 3754 loco
2471 3715 2593 3770 quae
2637 3713 2734 3770 per
2771 3698 3054 3752 oraculum
3093 3696 3411 3751 Abrahamo

1829 3791 2200 3862 praznuntiata
2246 3791 2466 3845 fuerant
2503 3798 2878 3850 resumuntur,
2916 3787 3045 3841 dum
3079 3802 3141 3842 ea
3185 3803 3295 3841 non
3341 3788 3411 3842 ab

1827 3885 1935 3939 alio
1975 3900 2140 3954 quam
2185 3898 2217 3939 ει
2254 3883 2479 3939 Christo
2523 3881 2799 3951 implenda
2840 3895 2964 3935 esse
3007 3878 3272 3934 docemur
3324 3878 3409 3932 his

1825 3975 2012 4031 verbis
2046 3994 2061 4031 :
2101 3993 2120 4026 ι
2158 3974 2226 4028 Et
2256 3973 2653 4029 benedicentur
2704 3971 2759 4025 in
2815 3971 2936 4042 ipso
2980 3985 3173 4026 omnes
3219 3978 3412 4041 gentes

1829 4079 2010 4124 terrae.
2048 4088 2066 4120 ›
2100 4066 2306 4122 Deinde
2329 4080 2459 4120 vero
2493 4066 2610 4119 ait:
2656 4083 2674 4115 ‹
2714 4061 2918 4118 Omnes
2957 4069 3146 4133 gentes
3188 4063 3411 4116 beatum

1829 4161 2208 4232 praedicabunt
2241 4174 2390 4214 eum.
2431 4178 2449 4210 ι
2477 4156 2762 4224 Quomodo
2789 4156 3011 4210 beatum
3035 4153 3411 4224 praedicabunt

1829 4268 1953 4308 eum
1987 4267 2178 4307 omnes
2198 4249 2430 4322 gentes?
2457 4263 2552 4320 per
2572 4245 2966 4303 beatitudinem
2998 4259 3152 4300 suam
3177 4243 3410 4315 gratiam

1830 4345 1951 4415 ejus
1983 4344 2348 4399 declaranles.

127 4429 308 4482 πάντα
348 4429 420 4483 τά
452 4431 576 4502 ἔθνη
641 4427 740 4503 τῆς
771 4433 897 4503 γῆς.
933 4451 950 4485 ›
996 4431 1110 4486 Εἶθ’
1140 4433 1265 4504 ἐξῆς
1306 4453 1438 4507 φησι
1473 4453 1485 4465 ο
1525 4455 1541 4487 ι
1577 4436 1762 4491 Πάντα
1797 4439 1867 4492 τά
1912 4439 2036 4510 ἔθνη
2084 4436 2444 4508 μακαριοῦσιν
2481 4435 2664 4490 αὐτόν.
2704 4454 2722 4486 ›
2766 4434 2885 4499 Πῶς
2929 4434 2986 4488 δὲ
3049 4430 3410 4505 μακαριοῦσιν

126 4524 290 4577 αὐτὸν
319 4526 497 4580 πάντα
538 4527 604 4580 τά
638 4526 798 4596 ἔθνη;
827 4527 914 4582 διὰ
945 4527 1042 4597 τῆς
1069 4529 1126 4581 ἐν
1158 4529 1340 4593 αὐτοῖς
1379 4533 1779 4603 μακαριότητος
1806 4535 1903 4606 τὴν
1930 4533 1990 4600 ἐξ
2012 4533 2175 4586 αὐτοῦ
2205 4533 2362 4604 χάριν
2406 4531 2771 4603 παριστῶντα.

200 4634 218 4665 ι
257 4615 569 4688 Εὐλογητὸς
602 4618 806 4690 Κύριος
841 4621 868 4672 ὁ
900 4619 1030 4682 Θεὸς
1071 4620 1306 4692 Ἰσραὴλ,
1342 4624 1369 4675 6
1396 4623 1563 4675 ποιῶν
1589 4623 1690 4676 θαυ

1914 4627 2067 4681 Vens.
2099 4625 2186 4688 l8,
2216 4625 2306 4678 20.
2340 4643 2356 4674 ι
2386 4622 2715 4680 Benedictus
2753 4621 3016 4677 Dominus
3039 4618 3182 4675 Deus
3215 4615 3405 4683 Israel,

127 4705 305 4774 μάσια
341 4709 517 4783 μόνος..
562 4729 580 4761 ι
619 4709 1001 4781 Εὐλογούμενα
1028 4712 1096 4764 τά
1145 4711 1271 4784 ἔθνη
1311 4714 1368 4765 ἐν
1400 4713 1478 4784 τῷ
1511 4733 1726 4786 προφηο

122 4799 413 4869 τευομὲνῳ
438 4801 580 4856 κατὰ
608 4802 668 4853 τὸ
694 4801 870 4869 λόγιον
899 4802 958 4854 τὸ
989 4803 1166 4873 φῆσαν
1185 4820 1199 4833 ·
1238 4824 1256 4854 ε
1291 4806 1400 4858 Kal
1426 4806 1723 4877 εὐλογηθή-

126 4904 318 4942 σονται
360 4893 414 4944 ἐν
458 4892 607 4956 αὑτῷ
646 4893 823 4946 πάντα
874 4893 941 4945 τά
987 4893 1147 4966 ἔθνη·
1191 4915 1208 4946 ›
1249 4895 1398 4960 αὔξει
1437 4897 1536 4969 τὴν
1584 4898 1726 4950 κατὰ

121 4980 261 5034 Θεὸν
288 4980 540 5053 αὔξησιν,
567 4984 659 5036 καὶ
682 4983 932 5055 πληθύει,
958 4987 1051 5038 καὶ
1073 4987 1168 5057 τῆς
1191 4987 1294 5057 γῆς
1317 4991 1721 5060 κατακυριεύει.

123 5074 337 5146 Διόπερ
374 5078 532 5147 φησὶν
554 5079 582 5130 6
610 5078 749 5142 θεῖος
779 5080 1098 5144 Ἀπόστολος
1117 5099 1129 5112 ·
1168 5101 1186 5132 ‹
1217 5081 1520 5152 Εὐλογητὸς
1543 5085 1570 5134 ὁ
1592 5084 1722 5148 Θεὸς

121 5167 151 5217 6
193 5167 506 5240 εὐλογήσας
553 5172 700 5241 ἡμᾶς
734 5174 792 5225 ἐν
841 5172 990 5245 πάσῃ
1039 5172 1258 5244 εὐλογίᾳ
1292 5177 1653 5246 πνευματικῇ.
1699 5194 1717 5226 ι

123 5258 291 5312 οὓτω
323 5259 383 5310 δὲ
414 5261 622 5331 ἔχοντα,
663 5264 976 5331 ἁντευλογεί
1009 5265 1098 5316 τὸν
1127 5265 1224 5334 τῆς
1259 5266 1510 5334 εὐλογίας
1540 5267 1724 5329 αὐτοῖς

122 5347 308 5402 αἴτιον
340 5351 724 5422 γεγενημένον.
758 5355 850 5406 Διὸ
879 5353 1092 5424 πρῶτον
1127 5354 1223 5423 μὲν
1253 5353 1590 5425 ἐμακάριζον
1622 5355 1720 5407 αὐ-

122 5441 241 5502 τὸν,
279 5435 404 5494 εἶτα
446 5443 537 5496 καὶ
578 5445 818 5514 εὐλογεῖν
859 5446 1165 5499 διδάσκεται
1213 5445 1300 5498 διὰ
1352 5444 1445 5498 τοῦ
1506 5445 1682 5514 λέγειν
1707 5463 1720 5476 ο

128 5549 148 5578 c
191 5532 508 5604 Εὐλογητὸς
533 5537 736 5607 Κύριος
767 5539 795 5590 6
821 5537 953 5600 Θεὸς
997 5535 1230 5608 Ἰσραὴλ,
1258 5539 1286 5590 6
1318 5537 1482 5590 ποιῶν
1509 5537 1718 5608 Θαυμά-

125 5636 221 5671 σια
275 5620 460 5684 μόνος.
504 5643 520 5674 ι
568 5625 843 5689 Ἐπιτήρει
887 5628 964 5695 δὲ,
1009 5627 1082 5692 ῶς
1133 5629 1357 5682 ἕκαστον
1416 5630 1580 5700 μέρος
1619 5629 1717 5698 τῆς

199 5721 246 5748 ’⁵⁸
273 5718 420 5770 Gen.
452 5733 585 5778 nn.
621 5722 704 5776 18.
783 5722 979 5780 “Gen.
1016 5740 1159 5780 xuv.
1194 5728 1272 5780 ιυ,

150 5795 164 5822 ⁸
197 5817 281 5879 ll}
321 5807 473 5880 Lege
502 5809 542 5880 ᾧ
568 5817 867 5873 ἀπόκειται.

1353 5728 1395 5758 ετ
1431 5725 1589 5781 Num.
1636 5739 1786 5788 μιν,
1815 5724 1902 5776 19.

1829 4720 1923 4790 qui
1987 4716 2124 4772 facit
2171 4717 2443 4771 mirabilia
2505 4717 2677 4771 solus.
2723 4734 2741 4765 ι
2779 4717 2916 4769 Cum
2970 4725 3160 4783 gentes
3214 4712 3266 4764 in
3316 4726 3404 4775 eo,

1829 4827 1990 4881 quem
2026 4809 2312 4880 prOpbctia
2335 4809 2561 4870 indicat,
2594 4805 3030 4860 benedictionem
3067 4802 3404 4872 acceperint,

1827 4914 1990 4975 prout.
2024 4903 2286 4974 superius
2319 4901 2588 4957 habetur:
2623 4918 2640 4950 ι
2678 4899 2742 4952 Et
2763 4897 3158 4955 benedicentur
3189 4897 3244 4950 in
3287 4896 3406 4965 ipso

1827 5010 2020 5050 omnes
2075 5001 2299 5063 gentes;
2353 5013 2371 5044 ι
2405 4989 2722 5045 accessione
2785 4993 3042 5043 crescunt
3103 4983 3405 5040 secundum

1828 5083 2023 5148 Deum,
2071 5081 2512 5150 multiplicantur
2545 5091 2600 5134 et
2643 5088 2804 5132 terra:
2849 5077 3226 5132 dominantur.
3259 5075 3408 5140 Qua-

1823 5177 2046 5241 propter
2071 5171 2148 5222 ait
2189 5167 2412 5222 divinus
2447 5168 2741 5236 Apostolus
2777 5186 2789 5220 :
2828 5186 2845 5217 ι
2879 5165 3205 5220 Benedictus
3239 5163 3404 5228 Deus,

1823 5261 1916 5330 qui
1941 5259 2216 5314 benedixit
2235 5275 2336 5314 nos
2361 5259 2416 5313 in
2434 5257 2583 5312 omni
2603 5259 2984 5313 benedictione
3010 5256 3283 5327 spirituali
3303 5256 3366 5308 δ’.
3384 5274 3401 5305 ι
3423 5300 3435 5310 .

1824 5354 1963 5408 Cum
1995 5353 2068 5405 ita
2101 5365 2267 5421 porro
2309 5366 2370 5406 se
2403 5365 2493 5405 res
2520 5350 2740 5411 habeat.
2774 5348 3176 5404 benedictionis
3209 5354 3406 5400 aucto-

1824 5460 1936 5498 rem
1971 5459 2001 5496 e
2043 5455 2319 5496 converso
2369 5439 2720 5494 benedicunt.
2752 5440 2933 5507 Quare
2974 5439 3151 5510 primo
3183 5438 3404 5508 quidem

1827 5536 2042 5590 beatum
2069 5531 2370 5601 pradicant
2401 5544 2562 5596 eum;
2597 5529 2794 5584 deinde
2835 5527 3196 5585 benedicendi
3230 5528 3406 5582 ratio-

1822 5641 1945 5681 nem
1988 5625 2286 5679 edocentur
2339 5622 2421 5677 his
2449 5621 2628 5677 verbis
2661 5641 2673 5676 :
2711 5640 2729 5674 ι
2767 5621 3092 5678 Benedictus
3140 5620 3405 5678 Dominus

1984 5723 2023 5754 “'
2053 5722 2188 5774 Deut
2247 5734 2418 5782 xxxn,
2454 5716 2544 5772 45.
2612 5717 2654 5750 τε
2693 5717 2888 5789 [ρὲιοε.
2927 5733 2966 5777 l.
3002 5719 3053 5774 3.
