3776 6284
377 358 484 423 σιν

1051 370 1322 428 unseen
1355 374 1834 441 cmsammsrs
1870 379 2021 437 ora.
2061 379 2243 437 mas
2278 352 2369 437 ιιι.
2399 344 2477 423 ‘—'
2506 380 2921 440 EXEGETICA.
3496 390 3578 444 seu

380 479 527 535 Deus
562 478 753 545 Israel,
799 483 893 554 qui
933 482 1063 539 facit
1102 486 1373 543 mirabilia
1424 490 1597 547 solus.
1650 514 1670 545 ι
1705 492 1946 551 Observa

2056 496 2232 567 βίϐλου
2261 498 2623 571 τῶνΨαλμῶν
2660 501 2741 564 είς
2768 500 2949 571 ὅμοιον
2976 502 3268 572 καταλήγει
3305 501 3464 566 τέλος.
3492 503 3580 557 Τοῦ

379 588 544 643 porro
570 575 817 645 singulas
852 576 979 632 libri
1014 576 1359 635 Psalmorum
1397 594 1581 653 partes
1627 586 1860 642 similem
1895 588 1951 643 in

380 668 543 722 tinem
567 668 840 727 desinere.
879 669 1013 725 Nam
1046 673 1237 742 prima:
1265 677 1439 744 partis
1466 685 1775 746 postremus
1809 681 1952 749 psal-

2058 591 2155 660 μὲν
2184 591 2289 662 γὰρ
2326 590 2539 663 πρώτου
2574 593 2771 664 μέρους
2799 593 3104 658 τελευταῖος
3135 589 3203 663 ἦν
3234 594 3261 645 6
3298 600 3368 663 μ’,
3396 588 3449 646 οὗ
3474 596 3583 666 πρὸς

2052 681 2130 752 τῷ
2152 682 2289 734 τέλει
2325 683 2537 750 ἐλέγετο
2553 700 2565 713 ·
2594 702 2613 733 ι
2646 684 2945 753 Εὐλογητὸς
2978 682 3179 753 Κύριος
3202 684 3228 735 6
3253 681 3383 744 Θεὸς
3407 683 3587 755 Ἰσραήλ

381 776 505 817 mus
542 772 662 817 erat
701 762 1181 834 quadragesimus,
1231 768 1325 837 qui
1372 769 1452 824 sic
1498 771 1550 824 in
1585 771 1689 826 fine
1736 773 1897 828 habet
1934 792 1947 828 :

384 868 402 900 ι
420 852 739 908 Benedictus
756 852 1017 909 Dominus
1036 854 1177 912 Deus
1199 856 1363 914 Israel
1384 876 1449 915 ex
1468 877 1611 916 nunc
1632 872 1681 917 ct
1700 863 1752 917 in
1776 880 1948 919 saccu-

376 944 515 1011 lum,
537 946 649 1010 flat,
672 945 783 1001 fiat.
800 966 817 999 ι
841 947 1109 1003 Secundae
1138 951 1310 1019 partis
1341 953 1566 1009 ultimus
1592 963 1676 1009 est
1703 956 1791 1011 hic
1815 958 1954 1026 psal-

375 1052 525 1103 mus,
557 1040 652 1108 qui
685 1040 939 1096 similiter
960 1041 1014 1095 in
1052 1041 1156 1096 fine
1173 1043 1338 1098 dicit:
1370 1064 1387 1095 ι
1411 1044 1737 1103 Benedictus
1773 1046 1955 1102 Domi-

374 1145 484 1186 nus
521 1130 661 1186 Deus
708 1130 894 1194 Israel,
927 1132 1019 1203 qui
1075 1132 1206 1187 facit
1261 1134 1533 1190 mirabilia
1566 1139 1738 1194 solus.
1762 1138 1827 1192 Et
1855 1140 1952 1195 be-

376 1223 664 1279 nedictum
713 1241 914 1280 nomen
969 1226 1154 1296 gloria:
1188 1226 1329 1297 ejus,
1364 1247 1383 1280 ι
1426 1237 1481 1285 et
1510 1238 1725 1286 czetera.
1758 1230 1955 1289 Tertiae

377 1316 555 1386 partis
610 1325 922 1389 postremus
979 1329 1064 1377 est
1125 1336 1390 1385 Lxxxvm,
1433 1324 1593 1393 cujus
1651 1324 1773 1381 ﬁnis
1821 1333 1950 1381 est:

382 1427 405 1459 ‹
438 1409 765 1465 Benedictus
794 1412 1056 1468 Dominus
1114 1414 1170 1467 in
1228 1415 1486 1471 sacculum
1544 1436 1557 1471 :
1604 1417 1720 1485 flat,
1776 1417 1890 1472 fiat.
1929 1438 1947 1471 ι

2067 1420 2294 1492 Ὁμοίως
2323 1421 2379 1474 δὲ
2409 1422 2501 1474 καὶ
2536 1422 2631 1475 τοῦ
2662 1422 2921 1494 τετάρτου
2955 1422 3152 1495 μέρους
3188 1421 3485 1481 τελευταῖος
3515 1418 3592 1489 μὲν

376 1500 509 1556 Item
530 1510 740 1572 quartae
764 1503 936 1573 partis
961 1504 1187 1560 ultimus
1215 1513 1300 1560 est
1320 1521 1410 1571 (ιγ,
1441 1507 1605 1577 hujus
1623 1524 1753 1564 vero
1782 1509 1905 1565 finis
1936 1526 1947 1562 :

2056 1513 2202 1567 ἔστιν
2233 1517 2260 1567 6
2287 1521 2382 1585 ρε’,
2412 1514 2562 1577 τέλος
2592 1514 2648 1566 δὲ
2693 1514 2879 1568 τούτου
2903 1532 2916 1545 ·
2957 1533 2975 1565 ι
3016 1514 3323 1581 Εὐλογητὸς
3355 1511 3539 1581 Κύριος
3571 1511 3595 1563 6

379 1610 405 1643 c
440 1593 767 1650 Benedictus
819 1594 1085 1652 Dominus
1147 1596 1287 1655 Deus
1342 1599 1511 1656 Israel
1574 1617 1603 1655 a
1650 1603 1850 1657 saeculo
1903 1609 1947 1657 et

2056 1606 2188 1669 Θεὸς
2225 1605 2437 1678 Ἰσραὴλ
2469 1605 2575 1660 ἀπὸ
2618 1605 2711 1659 τοῦ
2756 1606 2951 1670 αἰῶνος
2992 1606 3086 1660 καὶ
3135 1607 3240 1668 ἓως
3272 1602 3367 1657 τοῦ
3413 1603 3592 1665 αἰῶνος,

376 1701 553 1757 usque
580 1687 636 1741 in
670 1689 954 1754 saeculum,
997 1696 1052 1745 et
1085 1691 1225 1746 dicet
1279 1692 1460 1747 omnis
1495 1694 1729 1763 populus
1762 1713 1775 1748 :
1815 1693 1947 1760 Fiat,

2057 1698 2151 1751 καὶ
2183 1699 2299 1769 ἐρεῖ
2330 1699 2437 1760 πᾶς
2463 1699 2490 1750 6
2517 1697 2664 1761 λαός·
2686 1697 2925 1761 Γένοιτο,
2960 1698 3188 1765 γένοιτο.
3232 1715 3251 1748 ι
3287 1696 3362 1748 Τὸ
3404 1694 3459 1747 δὲ
3484 1693 3597 1763 πέμ-

376 1780 493 1836 tlat.
522 1798 542 1832 ι
568 1779 768 1847 Quinta
809 1791 1148 1853 parsautem
1175 1784 1229 1838 in
1268 1803 1286 1835 ι
1311 1785 1525 1839 alleluia
1553 1805 1571 1836 ›
1608 1787 1947 1851 terminatur,

2060 1806 2190 1843 πτον
2222 1789 2383 1861 μέρος
2410 1792 2488 1853 είς
2510 1788 2568 1842 τὸ
2600 1808 2617 1839 ι
2657 1788 2946 1859 ἀλληλούῖα
2984 1808 3001 1840 ι
3037 1787 3355 1857 καταλήγει,
3391 1787 3445 1838 ἓν
3466 1779 3504 1852 ᾧ
3524 1785 3599 1837 καὶ

373 1889 485 1943 quo
515 1882 664 1929 totus
685 1875 829 1929 liber
865 1875 1360 1931 circumscribitur.
1405 1876 1669 1931 Caeterum
1710 1894 1947 1948 praesens

2057 1881 2206 1933 πᾶσα
2247 1880 2681 1951 περιγέγραπται
2714 1881 2747 1950 ή
2790 1878 2987 1949 βίϐλος.
3038 1878 3182 1948 Πλὴν
3219 1880 3247 1930 6
3273 1875 3463 1947 παρὼν
3490 1872 3599 1945 μετὰ

373 1966 618 2036 psahnus
651 1974 776 2038 post
797 1976 1156 2023 memoratam
1184 1968 1253 2023 de
1273 1968 1496 2025 Christo
1523 1969 1947 2040 praedictionem,

2056 1972 2152 2042 τὴν
2179 1973 2597 2042 πῳεκτεθείσαν
2629 1970 2872 2043 περὶτοῦ
2910 1972 3142 2043 Χριστοῦ
3170 1969 3475 2040 πρόρρησιν
3505 1967 3599 2018 ἑπι-

370 2058 562 2128 adjicit
587 2058 722 2113 illud
757 2078 769 2113 :
812 2078 830 2110 ι
866 2060 1195 2115 Benedictus
1227 2060 1489 2117 Dominus
1529 2060 1673 2117 Deus
1702 2061 1892 2126 Israel,
1930 2082 1947 2116 ι

2056 2064 2210 2135 φέρει
2238 2064 2318 2116 τό·
2354 2085 2372 2116 ι
2405 2064 2707 2136 Εὐλογητὸς
2739 2062 2940 2136 Κύριος
2972 2066 3001 2116 6
3028 2062 3159 2126 Θεὸς
3202 2060 3438 2133 Ἰσραὴλ,
3472 2078 3488 2110 ι
3524 2056 3599 2110 καὶ

373 2150 691 2221 subditque,
729 2170 749 2203 ι
783 2153 877 2221 qui
903 2152 1033 2208 facit
1069 2154 1338 2208 mirabilia
1373 2156 1542 2211 solus.
1583 2174 1600 2207 ι
1636 2156 1766 2222 Quae
1790 2159 1947 2211 mira-

2056 2155 2377 2227 προστίθησι
2406 2156 2487 2219 τὸ,
2526 2174 2544 2207 ι
2574 2158 2602 2209 6
2648 2155 2812 2209 ποιῶν
2841 2155 3131 2225 θαυμάσια⁹
3147 2154 3327 2224 μόνος.
3360 2173 3380 2203 ι
3418 2148 3600 2205 Ποῖαδὲ

374 2242 528 2310 bilia,
560 2244 668 2298 nisi
693 2259 755 2299 ea
776 2261 895 2315 qua:
925 2247 1179 2316 superius
1201 2247 1362 2300 allata
1381 2255 1511 2303 sunt
1543 2265 1555 2299 :
1578 2250 1719 2318 quod
1746 2250 1947 2305 scilicet

2056 2247 2351 2319 θαυμάσια,
2381 2247 2412 2320 ἢ
2451 2246 2518 2301 τὰ
2547 2248 2906 2319 προλεχθέντα
2933 2250 2990 2299 ὲν
3013 2240 3091 2309 οἷς
3131 2242 3197 2316 ἦν
3231 2245 3294 2297 τὸ
3333 2241 3605 2311 καταϐήσε-

374 2335 746 2393 descensurus
772 2341 843 2393 sit
868 2340 1010 2394 sicut
1031 2342 1214 2411 pluvia
1239 2342 1295 2396 in
1319 2343 1514 2404 vellus,
1566 2343 1947 2399 humiliaturus

2059 2340 2177 2393 σθαι
2207 2341 2367 2393 αὐτὸν
2407 2340 2499 2394 ἐπὶ
2538 2340 2700 2393 πόκον
2733 2340 2807 2403 ὡς
2845 2339 3018 2401 ὑετὸν,
3065 2338 3158 2390 καὶ
3190 2336 3252 2389 τὸ
3293 2332 3602 2387 ταπεινῶσαι

377 2432 452 2484 sit
511 2431 988 2496 calumniatorem,
1049 2434 1196 2503 quod
1264 2448 1657 2504 pcrmansurus
1708 2438 1777 2491 sit
1826 2451 1947 2490 cum

2059 2431 2420 2503 συκοφάντην,
2460 2432 2554 2485 καὶ
2603 2431 2663 2484 τὸ
2707 2431 3154 2501 συμπαραμενεῖν
3200 2427 3486 2510 16.661qu
3528 2422 3603 2476 καὶ

2054 2523 2115 2575 τὸ
2143 2525 2200 2575 έν
2226 2524 2345 2584 ταῖς
2374 2522 2610 2593 ἡμέραις
2637 2521 2799 2575 αὐτοῦ
2828 2519 3104 2574 ἀνατελεῖν
3136 2515 3501 2585 δικαιοσύνην,
3525 2511 3604 2566 καὶ

2054 2619 2114 2671 τὸ
2147 2615 2598 2688 κατακυριεύσειν
2630 2615 2791 2667 αὐτὸν
2837 2613 2946 2667 ἀπὸ
2979 2611 3255 2682 Θαλάσσης
3298 2610 3406 2672 ἕως
3430 2606 3603 2660 θαλάσ-

2058 2726 2157 2783 σης
2179 2726 2195 2741 ο
2220 2711 2344 2772 τοὺς
2373 2708 2635 2783 Αἰθίοπας
2662 2707 2987 2778 προπίπτειν
3008 2703 3236 2757 ἐνώπιον
3264 2701 3432 2756 αὐτοῦ
3450 2717 3465 2731 ·

2055 2774 2123 2855 τε.
2160 2800 2309 2871 αὐτῷ
2352 2774 2826 2871 προέαχθήσεσθαι
2873 2797 2930 2862 ἐξ
2972 2794 3229 2849 ἁπάντων
3271 2794 3381 2847 τῶν
3429 2790 3600 2844 ἐθνῶν·

2054 2893 2191 2948 ἀλλὰ
2228 2895 2319 2947 καὶ
2358 2893 2418 2946 τὸ
2456 2894 2730 2964 στήριγμα
2761 2892 2920 2943 αὐτὸν
2963 2890 3019 2941 ὲν
3052 2890 3118 2959 τῇ
3164 2890 3234 2957 γῇ
3280 2881 3601 2956 γενήσεσθαι,

2054 774 2273 827 ἀπὸτοῦ
2307 774 2400 827 νῦν
2427 775 2521 827 καὶ
2559 776 2637 839 εἰς
2681 774 2769 828 τὸν
2812 775 3003 827 αἰῶνα·
3039 776 3263 843 γένοιτο,
3304 773 3530 842 γένοιτο·
3568 795 3583 826 ι

2052 864 2146 918 τοῦ
2188 866 2243 919 δὲ
2277 866 2528 938 δευτέρου
2556 866 2854 930 τελευταῖος
2883 862 2950 938 ἦν
2983 869 3011 920 6
3044 866 3179 937 μετὰ
3210 869 3394 937 χεῖρας
3422 866 3589 936 ὁμοίως

2055 960 2145 1012 ἐπὶ
2175 960 2253 1028 τῷ
2301 960 2445 1012 τέλει
2497 960 2701 1029 λέγων·
2761 980 2779 1011 ς
2830 960 3132 1030 Εὐλογητὸς
3170 960 3373 1031 Κύριος
3415 961 3441 1011 6
3484 958 3592 1023 Θεὸς

2065 1051 2280 1123 Ἰσραὴλ
2326 1054 2355 1105 6
2389 1052 2555 1105 ποιῶν
2589 1053 2862 1123 θαυμάσια
2906 1053 3084 1123 μόνος.
3113 1052 3223 1105 Καὶ
3251 1049 3520 1119 εὐλογητὸν
3545 1049 3592 1102 τὸ

2053 1144 2221 1216 ὄνομα
2252 1146 2350 1216 τῆς
2382 1144 2538 1216 δόξης
2569 1143 2753 1207 αὐτοῦ,
2798 1165 2815 1197 ι
2869 1147 2959 1199 καὶ
2990 1145 3057 1198 τὰ
3100 1145 3225 1215 ἑξῆς
3245 1162 3259 1174 η
3290 1142 3383 1195 τοῦ
3421 1143 3471 1195 δὲ
3495 1142 3593 1213 τρί-

2051 1252 2147 1289 του
2202 1237 2398 1309 μέρους
2447 1238 2752 1301 τελευταῖος
2801 1239 2829 1291 6
2877 1245 2966 1309 πη¹
3019 1237 3297 1307 τυγχάνει,
3352 1229 3411 1288 οὗ
3440 1234 3592 1297 τέλοςο

2059 1348 2079 1380 ‹
2114 1330 2419 1402 Εὐλογητὸς
2440 1330 2642 1402 Κύριος
2674 1333 2755 1395 είς
2779 1331 2869 1384 τὸν
2895 1330 3082 1383 αίῶνα’
3109 1332 3336 1399 γένοιτο,
3363 1327 3588 1395 γένοιτο.»

376 2522 500 2577 sole
528 2538 541 2586 ;
584 2524 730 2592 quod
760 2524 815 2578 in
835 2524 1029 2581 diebus
1055 2526 1177 2595 ejus
1204 2528 1414 2583 oritura
1445 2530 1515 2584 sit
1541 2529 1776 2597 justitia,
1795 2531 1953 2600 'quod

374 2612 762 2671 dominaturus
781 2618 906 2671 sita
924 2620 1062 2674 mari
1089 2620 1155 2675 ad
1176 2637 1353 2687 mare;
1376 2623 1518 2693 quod
1541 2622 1784 2676 futurum
1809 2624 1877 2677 sit
1897 2631 1954 2677 ut

376 2704 665 2778 Ethiopes
698 2709 987 2779 procidant
1010 2728 1195 2768 coram
1229 2713 1320 2769 illo
1347 2732 1361 2781 ;
1394 2715 1539 2785 quod
1572 2715 1713 2769 dona
1743 2714 1846 2785 ipsi
1884 2722 1953 2769 ‘ex

372 2798 631 2854 omnibus
656 2801 912 2871 gentibus
943 2801 1217 2859 aﬂerenda
1268 2806 1409 2873 sint;
1444 2805 1589 2876 quod
1638 2805 1800 2861 etiam
1839 2807 1955 2875 ipse

374 2888 776 2947 firmamentum
807 2892 1023 2951 futurus
1062 2895 1134 2950 sit
1159 2896 1213 2950 in
1272 2903 1438 2962 terra,
1485 2906 1539 2953 et
1581 2896 1792 2952 fructus
1832 2898 1953 2966 cjus

374 2998 541 3052 super
568 2981 839 3040 Libanum
881 2987 1206 3044 exaltandus
1231 2989 1336 3056 sit;
1361 2996 1414 3044 et
1443 2989 1644 3044 similia
1676 3005 1795 3061 quae
1851 2989 1947 3044 sub

2056 2987 2150 3041 καὶ
2178 2986 2268 3039 τὸν
2291 2984 2504 3057 καρπὸν
2539 2982 2703 3036 αὐτοῦ
2732 2982 2871 3054 ὑπὲρ
2903 2980 2992 3034 τὸν
3024 2980 3253 3033 Λίϐανον
3279 2975 3603 3080 ἀρθήσεσθαξ.

373 3074 491 3129 haec
525 3079 1179 3145 enumerantur‘iQuibus
1208 3082 1467 3137 omnibus
1494 3081 1562 3136 ad
1588 3082 1702 3136 hmc
1721 3082 1947 3136 dicenda

2056 3079 2148 3133 καὶ
2189 3079 2289 3132 ὅσα
2337 3077 2472 3131 ἄλλα
2510 3077 2721 3138 τούτοις
2764 3074 2892 3145 ἑξῆς
2934 3071 3386 3142 κατηρίθμηται;
3433 3070 3509 3138 ἐφ’
3542 3070 3606 3128 οἱς

371 3165 752 3221 iustituimur:
783 3188 802 3221 ι
824 3168 1150 3228 Benedictus
1177 3171 1443 3229 Dominus
1464 3172 1609 3229 Deus
1645 3173 1832 3237 Israel,
1857 3175 1947 3244 qui

2057 3177 2189 3228 πᾶσι
2219 3171 2582 3243 διδασκόμεθα
2603 3169 2779 3240 λέγειν
2799 3187 2812 3200 ·
2841 3187 2860 3220 ι
2884 3166 3188 3237 Εὐλογητὸς
3219 3164 3425 3236 Κύριος
3452 3166 3478 3215 ὁ
3499 3161 3606 3222 Θεὸς

370 3254 506 3327 facjt
534 3259 807 3314 mirabilia
840 3262 1008 3316 solus.
1043 3262 1106 3314 Et
1152 3264 1501 3319 benedictum
1542 3281 1739 3320 nomen
1768 3265 1947 3336 glorias

2070 3266 2283 3339 Ἰσραὴλ
2305 3266 2334 3318 6
2374 3264 2541 3318 ποιῶν
2577 3263 2855 3332 θαυμάσια
2888 3260 3065 3332 μόνος.
3105 3258 3216 3310 Καὶ
3248 3254 3531 3325 εὐλογητὸν
3561 3254 3607 3304 τὸ

372 3349 496 3418 ejus
543 3349 600 3404 in
631 3359 918 3408 aeternum.
949 3372 967 3406 ι
1002 3352 1213 3410 Nomen
1245 3363 1425 3410 autem
1471 3357 1657 3427 gloria:
1696 3360 1815 3428 ejus
1869 3368 1947 3415 est

2057 3360 2224 3429 ὄνομα
2266 3357 2365 3427 τῆς
2404 3354 2562 3425 δόξης
2592 3351 2756 3408 αὐτοῦ
2798 3353 2879 3414 εἰς
2924 3350 3014 3403 τὸν
3052 3349 3245 3402 αἰῶνα.
3282 3367 3301 3399 ι
3344 3348 3540 3416 Ὀνομα
3564 3341 3607 3394 δὲ

373 3440 550 3498 deitas
579 3441 716 3511 ejus.
749 3442 807 3497 Si
840 3445 983 3499 enim
1019 3446 1163 3515 quod
1192 3456 1381 3501 natum
1409 3456 1493 3501 est
1531 3464 1593 3503 ex
1633 3449 1947 3504 sanctaVir—

2056 3449 2214 3518 δόξης
2239 3446 2403 3499 αὐτοῦ
2434 3447 2467 3515 ἡ
2504 3444 2696 3514 θεότης
2724 3438 2887 3494 αὐτοῦ
2913 3438 3168 3510 τυγχάνει
3191 3455 3204 3467 ·
3233 3438 3281 3490 εἰ
3307 3436 3415 3508 γὰρ
3443 3436 3503 3488 τὸ
3526 3430 3609 3487 ὑπὸ

370 3533 524 3604 gine,
558 3533 688 3591 Jesu
714 3536 939 3591 nomine
967 3537 1249 3608 dignatum
1272 3548 1355 3595 est
1386 3541 1690 3595 secundum
1725 3541 1947 3599 Gabrie-

2056 3541 2156 3610 τῆς
2187 3539 2348 3607 ἁγίας
2388 3536 2667 3607 Παρθένου
2706 3532 3070 3603 γεγενημένον
3103 3530 3367 3601 ὀνόματος
3407 3526 3607 3595 ἠξίωται

373 3622 619 3694 Iem,qui
663 3625 739 3678 ait
780 3626 848 3680 ad
866 3625 1108 3696 Ioseph:
1154 3646 1174 3679 ι
1213 3627 1279 3682 Ει
1332 3630 1506 3699 pariet
1553 3629 1744 3696 tilium,
1770 3639 1823 3686 et
1852 3649 1947 3686 vo—

2056 3632 2151 3686 τοῦ
2190 3628 2364 3701 Ἰησοῦ
2395 3627 2535 3682 κατὰ
2563 3625 2653 3679 τὸν
2681 3623 2924 3696 Γαϐριὴλ
2945 3624 3195 3695 φήσαντα
3230 3620 3367 3693 πρὸς
3389 3618 3477 3671 τὸν
3516 3618 3610 3720 Ἰω-

371 3714 526 3770 cabis
556 3732 758 3772 nomen
791 3717 913 3787 ejus
957 3717 1143 3773 Jesum
1178 3738 1190 3771 :
1218 3720 1337 3790 ipse
1363 3721 1506 3774 enim
1551 3721 1760 3775 salvum
1792 3721 1947 3777 faciet

2060 3726 2168 3794 σήφ
2192 3741 2205 3751 ⁸
2246 3743 2265 3775 ‹
2307 3722 2419 3776 Καὶ
2454 3720 2664 3787 τέξεται
2690 3719 2824 3783 υἱὸν,
2853 3717 2947 3771 καὶ
2980 3716 3228 3778 καλέσεις
3252 3713 3314 3766 τὸ
3346 3713 3512 3780 δνομα
3538 3713 3607 3761 αῦ-

368 3807 632 3885 populum
657 3822 817 3862 suum
853 3824 884 3862 a
907 3809 1147 3879 peccatis
1173 3825 1361 3864 eorum
1386 3812 1463 3880 ";
1496 3830 1515 3863 ι
1546 3808 1676 3866 hinc
1707 3814 1947 3882 sequitur

2056 3815 2150 3868 τοῦ
2190 3812 2429 3885 Ἰησοῦν·
2473 3810 2634 3874 αὐτὸς
2672 3809 2781 3881 γὰρ
2818 3806 2978 3860 σώσει
3021 3809 3113 3860 τὸν
3154 3801 3286 3858 λαὸν
3324 3800 3479 3857 αὐτοῦ
3520 3795 3609 3853 ἀπὸ

372 3884 574 3954 nomen
605 3900 793 3970 gloria:
810 3901 954 3969 ejus,
982 3901 1364 3971 accipiendum
1413 3918 1536 3959 esse
1580 3902 1647 3959 de
1679 3905 1947 3975 theologia

2056 3907 2164 3960 τῶν
2192 3884 2472 3978 ἁμαρτιῶν
2504 3903 2669 3958 αὐτοῦ
2696 3919 2709 3931 ⁸
2742 3921 2760 3954 ι
2803 3899 3094 3955 ἀκόλουθόν
3122 3901 3239 3952 ἐστι
3266 3897 3328 3950 τὸ
3349 3895 3445 3965 τῆς
3474 3892 3607 3961 δόξης

2058 3999 2221 4053 αὐτοῦ
2250 4000 2422 4070 ὄνομα
2452 3997 2551 4068 τὴν
2596 3997 2725 4068 περὶ
2774 3992 2939 4050 αὐτοῦ
2970 3993 3207 4047 νοεῖσθαι
3242 3988 3523 4057 θεολογίαν,
3551 3980 3606 4036 δι’

2056 4087 2122 4164 ἧς
2152 4091 2283 4154 Θεὸς
2316 4090 2487 4160 Λόγος
2509 4089 2605 4142 καὶ
2636 4086 2931 4160 μονογενὴς
2966 4085 3099 4148 Θεὸς
3126 4087 3154 4137 6
3187 4084 3264 4135 ὢν
3294 4084 3373 4145 είς
3398 4080 3483 4133 τὸν
3506 4076 3607 4131 κόλ-

2058 4203 2158 4239 πον
2189 4183 2282 4237 τοῦ
2317 4182 2531 4254 Πατρὸς
2564 4181 2937 4254 ἐπινενόηται·
2979 4179 3099 4232 ὅθεν
3133 4176 3440 4244 ὲπιλέγεται
3466 4170 3603 4240 ἐξῆζ⁹

2062 4297 2080 4328 ι
2124 4277 2232 4331 Ka‘t
2257 4275 2670 4347 πληρωθήσεται
2693 4274 2793 4344 τῆς
2828 4274 2985 4345 δόξης
3011 4269 3173 4325 αὐτοῦ
3220 4271 3372 4322 πᾶσα
3403 4268 3435 4336 ἡ
3472 4264 3551 4333 γῆ-
3584 4277 3600 4308 ι

2058 4371 2230 4424 Πάλαι
2259 4371 2355 4441 μὲν
2378 4369 2484 4440 γὰρ
2512 4371 2569 4421 ὲν
2593 4366 2671 4438 τῷ
2699 4367 2888 4437 κόσμῳ
2916 4361 3005 4436 ἦν,
3039 4362 3132 4430 καὶ
3156 4364 3183 4414 6
3217 4362 3419 4431 κόσμος
3441 4358 3500 4410 δι’
3522 4355 3603 4407 αὐ-

371 3991 569 4062 ipsius,
600 4008 708 4062 qua
739 3993 884 4049 Deus
906 3992 1144 4049 Verbum
1162 4002 1216 4049 et
1233 3997 1548 4066 unigenitus
1570 3996 1840 4069 Deus,qui
1867 4006 1952 4054 est

370 4082 430 4135 in
461 4082 584 4136 sinu
609 4082 1188 4155 Patris,-intelligitur.
1224 4085 1407 4154 Quare
1424 4089 1624 4144 dehinc
1653 4090 1947 4160 adjicitur:

370 4177 486 4229 «Et
510 4177 812 4246 replebitur
845 4179 1020 4250 gloria
1049 4180 1171 4250 ejus
1193 4182 1372 4236 omnis
1408 4191 1575 4238 terra.
1598 4202 1616 4234 ›
1656 4183 1787 4237 Nam
1822 4184 1948 4238 olim

371 4268 595 4341 quidem
630 4290 651 4322 ‹
678 4270 734 4325 in
762 4272 969 4328 mundo
1006 4280 1124 4330 erat
1150 4281 1206 4330 et
1251 4275 1490 4331 mundus
1516 4292 1614 4346 per
1644 4276 1822 4347 ipsum
1867 4277 1951 4331 fa-

371 4369 495 4415 ctus
516 4368 621 4425 est,
640 4367 694 4416 et
724 4362 962 4419 mundus
989 4379 1112 4419 eum
1136 4381 1246 4421 non
1279 4368 1534 4437 cognovit
1555 4367 1654 4419 τί.»
1681 4366 1949 4433 Quoniam

370 4468 503 4507 vero
528 4469 599 4509 ne
627 4452 799 4509 Judaei
818 4455 1059 4526 quidem,
1098 4458 1256 4529 queis
1288 4466 1438 4513 tanta
1478 4459 1721 4529 prodigia
1765 4468 1947 4515 osten-

2056 4462 2150 4517 τοῦ
2193 4463 2428 4531 ἐγένετο,
2463 4462 2558 4515 καλ⁸
2606 4461 2634 4513 ὁ
2678 4462 2881 4532 κόσμος
2920 4459 3083 4512 αὐτὸν
3131 4457 3232 4509 οὐκ
3274 4455 3433 4522 ἔγνω.
3467 4469 3484 4501 ι
3514 4446 3602 4501 Καὶ

373 4543 923 4616 derat,cognitionem
946 4549 1066 4619 ejus
1094 4550 1453 4621 recipiebant,
1476 4552 1601 4621 jure
1623 4554 1690 4607 ad
1710 4553 1947 4625 Moysem

2058 4552 2180 4607 ἐπεὶ
2229 4552 2361 4623 μηδὲ
2396 4551 2634 4604 Ἰουδαῖοι
2670 4546 2751 4614 οἷς
2793 4549 3060 4610 τοσαύτας
3086 4545 3384 4608 ἐνεδείξατο
3422 4541 3578 4609 θανμα

372 4634 508 4690 dicit
538 4651 552 4690 :
586 4656 604 4689 ι
638 4637 769 4695 Sine
803 4656 909 4706 me,
939 4650 994 4696 et
1029 4643 1108 4696 ira
1143 4657 1410 4698 accensus
1436 4651 1713 4699 conteram
1758 4662 1873 4712 eos,
1898 4654 1947 4700 et

2056 4645 2313 4716 τουργίας
2364 4641 2725 4714 παρεδέξαντο
2780 4642 2879 4712 τὴν
2926 4638 3128 4709 γνῶσιν
3181 4636 3367 4698 αὐτοῦ,
3419 4632 3601 4731 εἰκότως

373 4727 571 4784 faciam
597 4740 652 4787 te
687 4733 745 4788 in
799 4745 1011 4805 gentem
1068 4751 1319 4806 magnam
1344 4739 1420 4805 7';
1457 4758 1475 4790 ›
1509 4746 1673 4808 atque
1722 4739 1947 4794 subdit:

2056 4739 2185 4809 φησὶ
2213 4737 2348 4809 πρὸς
2379 4736 2620 4807 Μωῡσῆν
2640 4753 2652 4764 ·
2691 4754 2708 4785 ι
2742 4733 2943 4788 Ἔασόν
2969 4749 3056 4804 με,
3081 4731 3177 4785 καὶ
3196 4726 3466 4799 θυμωθεὶς
3493 4726 3597 4814 ὀργῇ

2052 4829 2293 4900 ὲκτρίψω
2337 4830 2552 4894 αὐτοὺς,
2594 4828 2686 4882 καὶ
2718 4828 2930 4898 ποιήσω
2975 4843 3033 4878 σε
3077 4826 3156 4886 είς
3187 4822 3341 4885 ἔθνος
3398 4818 3545 4889 μέγα’
3578 4830 3594 4859 ν

2054 4921 2147 4974 καὶ
2179 4900 2451 4989 ἐπιλέγειο
2492 4939 2511 4971 ι
2544 4923 2617 4991 Ζῇ
2653 4921 2713 4972 τὸ
2744 4917 2914 4988 δνομά
2951 4933 3074 4986 μου,
3105 4915 3189 4966 ὅτι
3220 4909 3596 4983 πληρωθήσεται

2054 5012 2155 5082 τῆς
2187 5012 2343 5084 δόξης
2373 5030 2472 5084 μου
2508 5014 2656 5064 πᾶσα
2686 5014 2719 5081 ἡ
2757 5012 2849 5082 γῆ.
2885 5028 2902 5061 ι
2942 5010 3004 5061 Εἰ
3038 5007 3148 5077 γάρ
3181 5005 3276 5058 καὶ
3308 5005 3375 5056 τὰ
3406 5001 3595 5097 μάλιστα

2056 5099 2222 5166 οὗτοι,
2243 5105 2395 5175 φησὶ,
2415 5104 2791 5177 παρωθοῦνται
2814 5102 2909 5173 τὴν
2939 5101 3075 5172 ὲμὴν
3096 5099 3276 5164 δόξαν,
3301 5096 3431 5150 ἀλλὰ
3456 5096 3594 5158 καιρῷ

2055 5215 2160 5251 τινι
2199 5197 2613 5268 πληρωθήσεται
2644 5199 2675 5267 ἡ
2712 5195 3002 5265 οἰκουμένη
3050 5194 3201 5246 πᾶσα
3239 5192 3338 5261 τῆς
3369 5191 3497 5260 ἐμῆς
3530 5182 3594 5234 δά·

2058 5288 2174 5359 ξηςο
2229 5292 2293 5341 Ὃ
2339 5289 2402 5359 δὴ
2451 5289 2636 5342 καὶτὸ
2689 5287 2861 5358 παρὸν
2898 5287 3078 5355 λόγιον
3125 5284 3366 5338 διδάσκει
3415 5283 3585 5350 φήσειν·

2063 5401 2081 5432 ‹
2125 5383 2235 5434 Καὶ
2268 5380 2682 5452 πληρωθήσεται
2710 5381 2812 5450 τῆς
2844 5378 3002 5448 δόξης
3035 5376 3198 5431 αὐτοῦ
3236 5377 3381 5428 πᾶσα
3415 5375 3443 5443 ἡ
3470 5370 3585 5439 γῆ’³

2060 5474 2228 5527 Τοῦτο
2255 5475 2346 5528 καὶ
2385 5473 2609 5537 Ἡσαΐας
2657 5473 2889 5543 παρίστη
2940 5470 3208 5535 θεσπίζων
3252 5468 3321 5521 τὰ
3363 5458 3587 5537 σεραφεῖμ

2060 5564 2364 5619 κνκλοῢντα
2395 5565 2487 5617 τὸν
2535 5564 2738 5643 Κύριον
2779 5562 3005 5616 Σαϐαὼθ
3057 5561 3265 5632 βοῶντα
3306 5576 3363 5613 τε
3399 5556 3478 5610 καὶ
3516 5549 3588 5643 71:4-

2062 5674 2257 5727 γοντα·
2297 5678 2316 5711 ‹
2352 5659 2561 5726 Ἃγιος,
2593 5641 2764 5727 ἅγιος,
2798 5656 2950 5725 ἅγιος
2975 5654 3177 5724 Κύριος
3202 5648 3443 5706 Σαϐαὼθ*
3480 5641 3585 5711 πλὴ⁴

378 4839 400 4871 ι
440 4820 587 4877 Vivit
608 4841 804 4887 nomen
823 4843 1003 4882 meum
1028 4828 1155 4897 quia
1171 4831 1472 4900 replebitur
1494 4832 1665 4902 gloria
1692 4847 1810 4885 mea
1830 4833 1954 4885 uni-

371 4929 536 4970 versa
559 4921 709 4971 terra
731 4917 1189 4987 "-“JQuamvis
1215 4923 1359 4976 enim
1392 4923 1468 4987 hi,
1495 4924 1690 4993 inquit,
1726 4924 1952 4994 gloriam

371 5018 550 5059 meam
580 5005 893 5075 depellant;
918 5009 1013 5064 sed
1055 5009 1241 5066 futuro
1271 5011 1508 5081 quodam
1542 5022 1782 5083 tempore
1807 5020 1954 5068 totus

374 5096 526 5152 orbis
551 5100 848 5169 replebitur
878 5102 1052 5172 gloria
1106 5119 1247 5160 mea.
1309 5103 1465 5170 Quod
1496 5105 1549 5159 in
1584 5105 1837 5176 praesenti
1864 5105 1957 5157 do-

371 5199 529 5249 cetur
551 5192 639 5248 his
680 5194 906 5249 verbis:
946 5214 965 5246 ‹
994 5194 1061 5248 Ει
1112 5197 1411 5268 replebitur
1441 5198 1614 5268 gloria
1667 5199 1789 5268 ejus
1830 5198 1959 5251 uni-

372 5299 533 5339 versa
560 5293 728 5340 terra.
762 5306 781 5338 ι
825 5286 980 5354 Quod
1011 5289 1189 5360 ipsum
1224 5287 1418 5345 Isaias
1467 5290 1816 5345 vaticinando
1855 5291 1952 5344 de-

374 5371 640 5440 clarabat,
668 5375 857 5432 dicens
888 5379 1162 5448 scraph'rm
1202 5380 1346 5433 circa
1395 5380 1684 5435 Dominum
1711 5380 1953 5435 Sabaoth

375 5464 614 5521 clamare
663 5483 728 5522 ac
776 5468 999 5526 dicere:
1032 5488 1049 5521 ι
1087 5469 1355 5537 Sanctus,
1411 5481 1635 5551 sanctus
1662 5512 1677 5536 ,
1728 5480 1954 5527 sanctus

377 5552 640 5635 Dominus
704 5557 990 5615 Sabaoth:
1024 5563 1182 5633 plena
1230 5574 1312 5619 cst
1361 5565 1539 5619 omnis
1592 5572 1738 5619 terra
1786 5564 1957 5635 gloria

375 5634 496 5716 ejus
520 5648 588 5702 ⁷⁵.
621 5667 643 5699 ι
706 5647 1062 5708 Yerumhwc
1091 5656 1314 5725 quidem
1347 5657 1476 5721 olim
1530 5673 1596 5712 ex
1616 5657 1956 5740 praascientia

449 5804 497 5841 '°
532 5803 892 5871 Matth.l,2l.
969 5809 1012 5841 '”
1043 5807 1199 5872 Joan.
1228 5812 1268 5878 ι,
1302 5812 1390 5869 iO.
1466 5815 1509 5845 "
1540 5813 1947 5885 Esod.xxxn,l

2082 5815 2129 5847 ⁷³
2159 5814 2206 5852 ⁷δ
2229 5815 2393 5870 Num.
2427 5831 2539 5876 xw,
2576 5814 2668 5870 2|.
2744 5813 2792 5845 ⁷³
2823 5812 2928 5872 Isa,
2959 5811 3106 5875 “,5.
