3776 6284
203 369 284 428 εει
1257 363 1740 419 COMMENTARH

1850 365 1856 418 l
1893 365 2016 420 PSA
2025 366 2230 424 LMOS.

3299 364 3408 421 822

204 505 288 560 ρης
315 484 451 536 πᾶσα
545 481 610 550 γῆ
655 479 756 551 τῆς
784 481 938 549 δόξης
970 478 1155 534 αὑτοῦ.
1191 497 1208 530 ι
1257 481 1413 534 Ἀλλὰ
1435 481 1604 536 ταῦτα
1638 483 1734 553 μὲν

1850 481 2016 538 iivina
2039 483 2550 553 prtenuntiabantur
2581 501 2594 539 :
2628 497 2792 554 opere
2838 493 3016 538 autem
3061 481 3408 554 compleban-

199 578 334 646 θεῖκῇ
372 570 666 644 προγνώσει
693 571 1006 634 ὲθεσπίζετο
1033 571 1199 624 πάλαι
1225 589 1238 602 ·
1274 572 1456 642 ἔργοις
1493 574 1547 625 δὲ
1575 573 1739 644 ἐπλη-

197 664 338 736 ροῦτο
371 662 626 731 πρότερον
655 663 685 730 ἣ
721 661 812 712 τὸν
847 661 1075 732 Σωτῆρα
1103 663 1197 714 καὶ
1231 662 1431 734 Κύριον
1458 665 1488 734 ἡ
1500 663 1612 732 μῶν
1637 665 1742 733 ’1η-

201 753 311 806 σοῦν
349 752 434 803 τὸν
465 751 694 820 Χριστὸν
723 750 800 820 τῷ
843 751 949 802 τῶν
983 751 1281 822 ἀνθρώπων
1316 753 1618 822 ἐπιλάμψαι
1651 754 1742 820 γέ-

197 862 298 899 νει·
343 843 444 894 ίδοὺ
481 843 588 913 γὰρ
629 843 747 895 καθ’
794 845 938 914 ἡμᾶς
969 845 1164 908 αὐτοὺς
1203 846 1603 918 ἀνατέτραπται
1644 846 1740 915 μὲν

198 938 329 990 πᾶσα
350 934 624 1003 ὃαιμονικὴ
651 934 821 1005 πλάνη
840 952 852 964 ·
879 935 1202 1006 πεπλήρωκε
1225 936 1281 988 δὲ
1307 937 1400 1008 τὴν
1422 937 1741 1007 οἰκουμένην

197 1025 394 1077 ἃπασαν
425 1024 456 1091 ἡ
493 1022 784 1092 Ἐκκλησία
835 1025 1092 1094 Χριστοῦ,
1133 1025 1224 1078 τὸν
1263 1025 1393 1078 Θεὸν
1438 1028 1649 1097 Ἰσραὴλ
1685 1030 1742 1079 ἐν

197 1115 328 1182 πάσῃ
375 1115 438 1180 τῇ
487 1114 554 1182 τῇ
602 1111 915 1176 δοξάζουσα.
971 1115 1082 1166 Καὶ
1125 1115 1422 1187 ἐπειδήπερ
1465 1117 1634 1170 ταῦτα
1683 1117 1744 1170 τὸ

195 1204 400 1274 Πνεῦμα
427 1203 486 1256 τὺ
521 1205 672 1272 ἅγιον
694 1206 1046 1276 προφητικῶς
1075 1207 1338 1277 μέλλοντα
1369 1209 1584 1263 ἔσεσθαι
1611 1227 1745 1281 προ-

194 1295 454 1365 ανεφώνειν
471 1298 625 1368 χορὸς
639 1298 881 1366 ἀγγέλων
901 1301 928 1351 ὑ
939 1301 1162 1353 πακούει
1181 1301 1258 1372 (1)
1279 1305 1664 1374 συνευχόμενος
1677 1307 1740 1375 τῇ

193 1392 286 1444 τῶν
319 1391 653 1461 πραγμάτων
684 1391 979 1458 τελειώσει,
1013 1395 1365 1464 πιστούμενὸς
1390 1413 1448 1448 τε
1486 1397 1624 1449 αὐτὰ
1653 1398 1745 1448 καὶ

193 1483 367 1550 λέγων·
415 1501 432 1532 ι
477 1484 514 1534 Γ
519 1484 710 1547 ἐνοιτο,
747 1485 988 1552 γένοιτο·
1031 1505 1047 1538 ι
1097 1486 1128 1556 ἢ
1175 1487 1316 1540 κατὰ
1355 1488 1444 1540 τὸν
1496 1488 1742 1554 Ἀκύλαν,

195 1591 213 1626 ι
245 1573 682 1643 πεπιστωμένως,
713 1577 1163 1645 πεπιστωμὲνως,
1205 1595 1222 1626 ›
1256 1578 1287 1647 ἢ
1315 1578 1454 1630 κατὰ
1482 1578 1570 1630 τὸν
1599 1577 1745 1649 Σύμ-

195 1681 379 1735 μαχον·
419 1685 436 1716 ι
487 1667 654 1738 Ἀμὴν
697 1669 787 1722 καὶ
833 1669 978 1738 ἁμήν
1003 1683 1016 1698 ο
1053 1687 1069 1716 ι
1108 1663 1188 1730 οἷς
1235 1667 1358 1738 ἑξῆς
1397 1669 1701 1737 ὲπιλέγεται
1729 1687 1744 1700 ·

195 1772 212 1806 ι
254 1755 518 1821 Ἐξέλιπον
561 1758 719 1828 ὕμνοι
777 1757 940 1811 Δαυῖδ
980 1757 1072 1810 τοῦ
1119 1759 1233 1810 υἱοῦ
1273 1761 1485 1814 Ἰεσσαί.
1537 1779 1556 1810 ι
1607 1760 1746 1812 ’Λνθ’

1839 583 1930 628 t-ur
1962 575 2112 644 prius
2140 589 2306 646 quam
2325 573 2588 630 Servator
2613 582 2666 629 et
2695 573 2958 630 Dominus
3014 581 3203 630 noster
3246 573 3406 628 Jcsus

1839 667 2090 724 Christus
2149 666 2388 720 humano
2441 667 2626 737 generi
2675 667 2920 722 illuceret
2954 683 2968 718 :
3003 681 3132 722 ecce
3173 681 3410 736 namque

1839 764 2080 826 tempore
2111 765 2301 814 nostro
2333 773 2558 814 eversus
2585 764 2669 813 est
2693 758 2872 812 omnis
2902 757 3208 814 diabolicus
3229 772 3406 832 error,

1843 855 2010 902 lotam
2035 865 2165 904 vero
2198 857 2401 903 terram
2424 849 2654 920 replevit
2699 848 2944 904 Ecclesia
2977 849 3207 914 Christi,
3237 847 3408 904 Deum

1845 940 2012 995 Israel
2053 942 2110 996 in
2157 949 2272 998 toto
2323 943 2452 997 orbe
2483 943 2656 1013 gloria
2684 940 2939 996 alliciens.
2988 940 3053 998 Et
3108 941 3238 1010 Quia
3293 940 3411 994 haec

1845 1033 2079 1102 Spiritus
2141 1045 2364 1089 sanctus
2425 1035 2742 1106 pr0phctice
2807 1032 2990 1088 futura
3060 1031 3407 1103 praedixerat,

1845 1127 2048 1183 chorus
2099 1129 2415 1200 angelorum
2467 1127 2764 1199 respondet
2811 1142 2922 1180 una
2970 1124 3274 1196 deprecans
3310 1139 3411 1194 pro

1845 1221 1924 1276 rei
1953 1223 2446 1285 consummatione,
2481 1221 2684 1291 illaque
2718 1218 3050 1274 conﬁrmans
3085 1233 3149 1274 ac
3177 1216 3408 1274 dicens:

1851 1333 1868 1365 ι
1907 1313 2045 1378 Fiat,
2075 1311 2208 1378 ﬁat,
2247 1331 2265 1364 ι
2289 1312 2403 1367 sive
2434 1311 2736 1368 secundum
2786 1312 3062 1382 Aquilam,
3095 1330 3115 1364 ι
3155 1309 3410 1378 ﬁdeliter,

1847 1403 2113 1470 ﬁdeliter;
2143 1422 2161 1454 ι
2204 1410 2298 1456 aut
2335 1404 2637 1458 secundum
2686 1401 3070 1474 Symmachum
3101 1415 3118 1453 :
3166 1417 3185 1452 ι
3215 1399 3408 1464 Amen,

1847 1509 2022 1548 amen.
2059 1513 2076 1545 ι
2109 1493 2274 1560 Queis
2302 1495 2497 1550 deinde
2535 1493 2750 1548 additur
2776 1509 2788 1544 :
2819 1512 2837 1544 ι
2869 1492 3196 1548 Defecerunt
3225 1489 3412 1561 hymni

1849 1581 2014 1635 David
2045 1581 2136 1635 ﬁlii
2170 1581 2386 1638 Jessam
2415 1582 2522 1638 Pro
2543 1600 2648 1654 quo
2672 1581 3036 1654 Symmachus
3057 1581 3137 1636 sic
3154 1581 3417 1649 interpre-

1849 1679 1995 1724 tatur
2024 1687 2036 1721 :
2062 1691 2080 1722 ι
2099 1670 2357 1726 Perfecta:
2379 1680 2505 1726 sunt
2526 1671 2802 1726 orationes
2829 1668 2998 1724 David
3023 1669 3119 1722 ﬁlii
3149 1666 3318 1722 Jessa:
3344 1683 3359 1732 ;
3389 1681 3408 1715 ι

1850 1761 2150 1816 Thcodotio
2195 1770 2376 1816 autem
2437 1767 2490 1815 et
2543 1761 2736 1829 quinta
2791 1755 3002 1812 editio:
3059 1752 3416 1822 «Recognitze

189 1841 244 1900 οῦ
279 1847 306 1898 ὁ
335 1847 430 1918 μὲν
465 1848 760 1918 Σύμμαχος
789 1851 1134 1920 ρμήνευσεν
1163 1869 1173 1878 ·
1220 1868 1238 1900 ι
1289 1851 1740 1921 Ἐπετελέσθησαν

1850 1863 1975 1911 sunt
1999 1855 2276 1910 orationes
2307 1852 2480 1924 David
2507 1851 2604 1906 ﬁlii
2636 1851 2822 1906 Jessae.
2845 1869 2864 1901 ›
2908 1847 3012 1914 Qui
3039 1845 3289 1901 lectionis
3317 1859 3414 1898 ac-

191 1940 478 2008 προσευχαὶ
511 1941 670 1993 Δαυῒδ
710 1941 825 1994 υἱοῦ
875 1941 1068 1994 Ἰεσσαί
1097 1958 1107 1969 ·
1140 1961 1156 1993 ι
1187 1945 1213 1994 ὁ
1243 1943 1299 1994 δὲ
1336 1943 1623 1996 Θεοδοτίων
1653 1947 1748 1998 καὶ

187 2029 218 2098 ἠ
250 2029 464 2100 πέμπτη
499 2031 707 2095 ἕκδοσις
728 2049 741 2064 ’
780 2053 797 2083 ι
845 2034 1416 2106 Ἀνεκεςραλαιώθησαν
1450 2037 1744 2108 προσευχαὶ

187 2120 331 2174 Δαυῖό
364 2123 481 2175 υἱοῦ
521 2125 734 2176 Ἰεσσαί.
775 2145 792 2174 ι
842 2127 902 2177 Οἱ
935 2125 1034 2194 μὲν
1065 2123 1156 2178 οῦν
1191 2128 1406 2198 ἄπειροι
1453 2128 1552 2197 τῆς
1593 2130 1746 2199 ἀκρι-

188 2209 324 2275 ϐείας
347 2212 436 2264 τοῦ
473 2214 896 2285 ἁναγνώσματος
919 2216 1016 2286 οὐχ
1056 2216 1130 2280 ὼς
1161 2219 1322 2289 μέρος
1351 2219 1440 2272 τοῦ
1467 2220 1586 2272 ὅλου
1611 2219 1746 2289 ψαλ-

191 2303 282 2373 μοῦ
327 2303 642 2376 ἑξειλήφασι
682 2307 762 2370 τὸ,
814 2327 832 2358 ‹
887 2309 1160 2374 Ἐξέλιπον
1213 2309 1372 2380 ὕμνοι
1419 2312 1580 2366 Δαυῖδ
1628 2313 1742 2366 υἱοῦ

198 2393 406 2448 Ἰεσσαί·
443 2415 464 2448 ι
515 2396 629 2449 ἀλλ’
663 2397 738 2460 ὡς
770 2397 966 2463 ἔξωθεν
997 2401 1096 2471 τῆς
1125 2403 1460 2472 προφητεία-ς
1503 2421 1746 2475 παραγε-

187 2485 492 2554 γραμμένον
517 2486 845 2554 ἀνέγνωσαν.
879 2489 942 2542 Αἱ
967 2490 1022 2542 δὲ
1056 2490 1234 2554 λοιπαὶ
1269 2493 1548 2562 ἑρμηνεῖαι
1593 2496 1743 2565 καὶὴ

197 2573 442 2648 Ἐὂραῖκὴ
492 2578 674 2648 γραφὴ
720 2579 906 2647 σαφῶς
951 2581 1300 2652 παρίστησιν,
1345 2584 1424 2635 ὅτι
1457 2585 1744 2637 καὶταῦτα

189 2663 340 2735 μέρος
369 2667 630 2736 τυγχάνει
658 2668 751 2720 τοῦ
783 2669 902 2722 ὅλου
929 2671 1161 2740 ψαλμοῦ.
1202 2673 1418 2744 Ἐπειδὴ
1453 2675 1560 2745 γὰρ
1582 2676 1746 2729 Δαυῒδ

185 2755 212 2809 ὁ
233 2755 478 2826 βασιλεὺς
517 2761 573 2812 ἐν
606 2765 931 2832 προσευχαῖς
964 2762 1170 2816 ἐτίθετο
1205 2767 1290 2818 ἀεὶ
1312 2767 1612 2836 ἐπιλάμψαι
1649 2767 1744 2820 τοῦ

187 2845 420 2916 Σωτῆρος
477 2851 573 2919 τὴν
619 2853 683 2904 ὲκ
729 2852 1039 2923 σπέρματος
1088 2855 1250 2908 αὑτοῦ
1288 2859 1744 2930 προφωνουμένην

186 2939 409 3005 γένεσιν·
443 2942 654 3010 ταύτης
679 2943 737 2996 δὲ
767 2945 845 3006 είς
869 2943 1004 3016 ἔργα
1041 2949 1342 3019 χωρούσης,
1389 2949 1578 3019 ἔμελλε
1617 2968 1750 3022 συμ-

187 3029 511 3102 πληροῦσθαι
535 3033 710 3086 πάντα
730 3034 797 3088 τὰ
821 3053 1164 3108 προπεφητευ
1175 3040 1307 3108 μένα
1327 3059 1338 3070 ·
1365 3041 1586 3105 εἰκότως
1612 3042 1748 3112 μετὰ

184 3123 238 3177 τὸ
267 3126 640 3197 συμπέρασμα
675 3125 781 3178 τῶν
817 3126 1258 3198 προλελεγμένων
1293 3131 1622 3196 ἐπιλέγεται,

185 3213 282 3286 ἄρα
326 3217 758 3294 ἐπετελέσθησαν
805 3221 900 3272 καὶ
954 3221 1444 3294 συνεπληρώθησαν
1499 3223 1585 3276 διὰ
1633 3227 1740 3278 τῶν

185 3305 619 3378 προλελεγμένων
654 3310 706 3360 αἱ
745 3309 836 3361 τοῦ
877 3310 1040 3363 Δαυῒδ
1080 3314 1391 3383 προσευχαί.
1431 3314 1659 3368 Δύναται
1686 3316 1744 3370 δὲ

183 3392 254 3458 τὸ,
289 3414 306 3446 ι
349 3397 781 3468 ἐπετελέσθησαν
825 3401 856 3469 ἦ
905 3401 1172 3468 ἐξέλιπον,
1205 3423 1222 3455 ι
1264 3406 1616 3477 προφητικῶς
1656 3407 1746 3460 λέ-

181 3485 358 3554 γεσθαι
388 3491 474 3552 είς
503 3489 760 3560 μέλλοντα
784 3489 970 3560 χρόνον
997 3508 1008 3519 ’
1032 3493 1140 3546 τῶν
1163 3493 1268 3565 γὰρ
1297 3497 1744 3570 προκατηριθμη-

189 3577 350 3645 μένων
377 3579 607 3633 ’ἑκαστον
638 3583 923 3652 γενήσεται
949 3584 1085 3637 ἐπὰν
1117 3586 1208 3637 καὶ
1237 3587 1618 3642 ἐπιτελεσθῶσι
1651 3593 1746 3645 καὶ

186 3669 646 3741 συμπληρωθῶσιν
683 3673 738 3726 αἱ
787 3677 1080 3746 προσευχαὶ
1121 3678 1281 3731 Δαυῒδ
1318 3679 1410 3732 τοῦ
1457 3683 1572 3735 υἱοῦ
1611 3685 1746 3737 Ἰεσ-

185 3757 286 3811 σαί.
319 3760 692 3833 Εὐκαιρότατα
716 3764 772 3816 δὲ
801 3765 890 3818 διὰ
913 3767 1002 3820 τὸν
1024 3772 1489 3842 προφητευόμενον
1515 3775 1746 3846 Χριστὸν

181 3848 267 3902 τοῦ
311 3851 443 3904 Θεοῦ
487 3855 891 3924 ἐμνημόνευσεν
938 3859 1036 3928 οὐχ
1083 3861 1264 3925 ἁπλῶς
1309 3881 1327 3914 ι
1357 3863 1452 3916 τοῦ
1507 3866 1688 3930 Δαυῒδ,
1720 3887 1738 3919 ι

181 3937 310 3992 ἀλλὰ
333 3943 474 4011 μετὰ
507 3945 824 4017 προσθήκης
853 3965 872 3998 ι
905 3948 998 4000 τοῦ
1024 3950 1140 4002 υἱοῦ
1184 3952 1407 4006 Ἰεσσαί·
1449 3975 1468 4006 ι
1505 3957 1590 4010 ἵνα
1623 3975 1750 4011 συν-

181 4035 394 4110 άψωμεν
415 4045 480 4113 τῇ
509 4043 757 4118 παρούσῃ
785 4050 966 4118 γραφῇ
1009 4049 1106 4118 τὴν
1142 4049 1361 4104 Ἡσαΐου
1391 4055 1744 4126 προφητείαν,

180 4131 242 4183 δι’
272 4128 336 4204 ἧς
373 4135 443 4188 τὰ
475 4137 634 4206 ὅμοια
675 4139 800 4208 περὶ
837 4141 930 4193 τοῦ
963 4143 1197 4212 Χριστοῦ
1227 4144 1539 4209 θεσπίζεται
1580 4151 1638 4202 ὲν
1667 4145 1748 4214 οἷς

181 4224 386 4297 εἴρηται
411 4243 424 4255 ’
461 4248 478 4280 ι
529 4229 895 4296 Ἐξελεύσεται
942 4234 1134 4304 ῥάϐδος
1181 4237 1244 4290 ἐκ
1285 4238 1584 4311 τῆςτρίζης
1619 4243 1750 4294 Ἰεσ-

182 4317 284 4382 σαὶ,
314 4321 406 4373 καὶ
438 4321 595 4386 ἄνθος
622 4325 685 4376 ἐκ
718 4324 814 4393 τῆς
848 4325 1002 4396 ῥίζης
1035 4328 1362 4399 ἀναϐήσεται
1384 4349 1396 4362 ο
1427 4333 1519 4384 καὶ
1550 4335 1749 4388 ἐπανα-

179 4407 440 4463 παύσεται
480 4413 566 4464 ἐπ’
605 4415 766 4468 αὐτὸν
809 4417 869 4469 τὸ
903 4419 1124 4488 Πνεῦμα
1169 4421 1262 4474 τοῦ
1307 4421 1464 4486 Θεοῦ,
1501 4443 1518 4474 ι
1557 4425 1649 4477 καὶ
1679 4424 1746 4478 τὰ

179 4499 318 4568 ἑξῆς
354 4497 436 4566 οἷς
460 4505 788 4574 ὲπιλέγεται·
825 4527 841 4558 ι
873 4510 980 4562 Καὶ
1008 4510 1158 4564 ἔσται
1189 4514 1221 4582 ἡ
1250 4513 1372 4581 ῥίζα
1400 4513 1490 4566 τοῦ
1527 4515 1743 4583 Ἰεσσαὶ,

177 4589 264 4642 καὶ
293 4593 320 4644 ὁ
351 4595 706 4666 ἀνιστάμενος
746 4599 933 4670 ἄρχειν
969 4602 1158 4666 ἐθνῶν,
1195 4605 1280 4656 ἐπ’
1318 4605 1463 4675 αύτῷ
1501 4606 1623 4678 ἔθνη
1657 4609 1742 4660 έλ-

176 4681 402 4738 πιοῦσιν,
441 4705 460 4736 ›
503 4689 664 4759 Ὁρᾷς
695 4689 800 4761 γὰρ
832 4693 977 4755 ὅπως
1017 4695 1110 4746 καὶ
1154 4695 1382 4748 ἐνταῦθα
1407 4697 1494 4749 διὸ.
1533 4699 1630 4766 τῆς
1662 4700 1741 4768 ρί-

175 4769 270 4842 ζης
309 4775 504 4830 Ἰεσσαὶ
533 4781 565 4846 ἡ
610 4779 796 4850 κλῆσις
829 4784 934 4835 τῶν
975 4784 1142 4837 ἐθνῶν
1175 4787 1534 4855 ἁναφωνεῖται
1555 4804 1568 4818 ·
1602 4789 1741 4842 ὥστε

175 4862 248 4933 μὴ
275 4867 449 4938 μάτην
481 4871 611 4941 μηδὲ
650 4873 748 4942 τὴν
780 4875 1095 4946 προσθήκην
1123 4878 1221 4948 τὴν
1259 4897 1275 4927 ι
1315 4879 1406 4930 τοῦ
1444 4880 1560 4932 υίοῦ
1606 4882 1739 4933 Ἰεσ-

1667 3131 1742 3194 ώς
1769 3173 1810 3230 C

1845 1946 2188 2000 curationem
2233 1945 2532 2014 ignorant,
2595 1941 2711 1995 haec
2773 1939 2938 1994 verba
2973 1978 2987 2002 ,
3042 1955 3060 1987 ι
3089 1934 3417 2014 Defecerunt

1845 2037 2028 2108 hymni
2057 2036 2221 2091 David
2258 2011 2350 2090 ﬁlii
2376 2034 2563 2098 Jessae,
2593 2053 2612 2086 ι
2645 2048 2744 2104 pro
2771 2039 2924 2102 parte
2953 2027 3145 2100 psalmi
3177 2041 3286 2080 non
3317 2011 3420 2079 ha-

1844 2131 2002 2196 bent;
2037 2129 2132 2184 sed
2164 2129 2319 2200 quasi
2363 2143 2480 2182 rem
2528 2134 2682 2182 extra
2732 2123 3074 2195 prophetiam
3105 2127 3158 2176 et
3190 2118 3418 2189 adjecti-

1845 2222 1974 2276 tiam
2019 2222 2226 2292 legunt.
2255 2219 2483 2274 -Verum
2525 2218 2750 2288 reliquae
2803 2213 3305 2285 interpretationes,
3361 2217 3418 2263 ct

1845 2313 1964 2384 ipsa
1991 2311 2264 2367 Hebraica
2304 2312 2604 2381 scriptura,
2627 2309 2778 2363 clare
2832 2309 3270 2361 commonstrant
3301 2299 3418 2354 hac

1845 2420 2061 2476 quoque
2089 2404 2261 2459 totius
2281 2403 2476 2473 psalmi
2506 2411 2716 2472 partem
2745 2414 2887 2455 esse.
2913 2397 3052 2463 Quia
3072 2394 3216 2451 enim
3247 2390 3418 2445 David

1846 2511 1940 2550 rex
1973 2497 2029 2550 in
2059 2494 2410 2550 orationibus
2433 2493 2550 2548 suis
2587 2505 2803 2561 semper
2832 2487 3143 2551 insistebat,
3179 2491 3240 2539 ut
3261 2489 3420 2539 ortus

1848 2583 2177 2650 Servatoris,
2195 2585 2286 2654 qui
2315 2600 2384 2638 ex
2412 2581 2620 2638 semine
2643 2596 2744 2636 suo
2767 2579 3085 2650 proditurus
3129 2581 3266 2639 erat,
3291 2573 3424 2628 illu-

1845 2685 2122 2742 cesceret;
2154 2675 2282 2744 quia
2317 2687 2442 2728 cum
2491 2670 2560 2724 ad
2592 2669 2846 2726 eﬂ‘ectum
2901 2666 3199 2738 perductus
3247 2669 3420 2726 esset,

1847 2767 2090 2821 futurum
2107 2773 2226 2820 erat
2253 2763 2516 2818 utomnia
2533 2775 2655 2831 quae
2705 2760 2760 2814 in
2813 2755 3118 2828 prophetiis
3165 2753 3420 2808 feruntur

1847 2857 2241 2927 implerentur;
2277 2853 2403 2922 jure
2433 2859 2560 2922 post
2607 2849 2994 2921 praedictorum
3044 2845 3420 2915 complemen-

1847 2957 1962 3003 tum
1992 2949 2230 3012 additur,
2263 2945 2537 3016 perfectas
2565 2952 2622 2998 et
2663 2942 2964 3012 completas
2997 2936 3255 3008 superius
3292 2950 3418 2990 esse

1845 3039 2069 3094 Davidis
2117 3039 2418 3094 orationes.
2463 3035 2650 3090 Potest
2693 3033 2860 3090 etiam
2898 3030 3054 3096 illud,
3114 3048 3134 3082 ι
3162 3027 3418 3100 βοήθεια)

1848 3141 1975 3188 sunt
2005 3139 2099 3186 aut
2123 3129 2460 3192 defecerunt,
2492 3145 2512 3179 ι
2547 3124 2866 3198 prophetice
2892 3123 3122 3193 intelligi
3144 3122 3212 3178 de
3230 3121 3422 3176 futuro

1845 3233 2276 3294 temporeznam
2333 3220 2546 3292 singula
2576 3235 2696 3290 qua:
2744 3217 3003 3294 superius.
3026 3220 3418 3272 enumerantur

1845 3328 1973 3373 tunc
1987 3315 2260 3383 evenient,
2278 3330 2402 3370 cum
2421 3313 2694 3369 orationes
2707 3309 2926 3365 Davidis
2950 3285 3044 3362 ﬁlii
3064 3306 3232 3364 Jessaz
3252 3303 3421 3376 perﬁ-

1843 3410 2055 3466 cientur
2070 3417 2124 3464 et
2136 3423 2195 3464 re
2206 3408 2324 3477 ipsa
2342 3405 2731 3475 implebuntur.
2745 3401 3220 3474 Opportunissime
3235 3405 3418 3452 autem

1843 3512 2062 3574 propter
2076 3501 2350 3556 Christum
2373 3497 2470 3554 Dei
2485 3496 2579 3569 qui
2600 3497 2656 3550 in
2680 3495 2938 3551 vaticinio
2951 3492 3142 3558 fertur,
3155 3505 3265 3546 non
3287 3489 3436 3542 «Daa

1843 3594 2016 3648 vidis»
2039 3601 2252 3648 tantum
2273 3593 2432 3656 dixit,
2459 3590 2556 3647 sed
2573 3605 2698 3646 cum
2719 3590 2825 3644 hoc
2839 3586 3230 3648 additamento,
3271 3600 3290 3633 ι
3321 3580 3421 3634 ﬁlii

1841 3686 2038 3754 Jessae;
2061 3706 2080 3739 ι
2107 3693 2190 3740 .ut
2223 3685 2352 3740 huic
2393 3683 2699 3753 scripturae,
2737 3681 2891 3735 Isaiae
2928 3676 3266 3748 prophetiam
3289 3674 3422 3730 sub-

1839 3780 2134 3851 jungamus
2149 3792 2268 3848 quae
2279 3776 2478 3851 similia
2494 3775 2560 3829 de
2575 3773 2792 3827 Christo
2807 3770 3156 3831 vaticinatur,
3174 3779 3296 3822 cum
3311 3765 3420 3820 ait:
3435 3809 3441 3814 .

1849 3889 1870 3923 ι
1898 3850 2215 3940 Egredietur
2243 3850 2396 3936 virga
2425 3865 2492 3919 de
2511 3862 2690 3918 radice
2711 3861 2897 3927 Jessae,
2929 3867 2983 3915 et
3015 3857 3114 3914 ﬁos
3141 3857 3208 3912 de
3237 3855 3422 3910 radice

1844 3963 1964 4032 ejus
2017 3957 2304 4022 ascendet,
2350 3965 2404 4010 et
2451 3954 2759 4024 requiescet
2810 3966 2976 4022 super
3005 3965 3132 4006 eum
3181 3947 3420 4018 Spiritus

1843 4052 1942 4107 Dei
1965 4052 2043 4114 ⁷⁸,
2071 4069 2090 4102 ι
2131 4058 2184 4104 et
2208 4054 2403 4103 caetera
2424 4085 2439 4110 ,
2492 4044 2694 4116 quibus
2729 4042 3025 4113 adjicitur:
3064 4059 3082 4092 ι
3113 4039 3179 4093 Et
3201 4036 3304 4094 erit
3330 4051 3422 4090 ra-

1845 4144 1940 4198 dix
1965 4143 2155 4206 Jessaa,
2202 4149 2256 4196 et
2283 4140 2380 4209 qui
2417 4145 2674 4208 exsurget
2720 4137 2993 4206 imperare
3031 4131 3308 4205 gentibus,
3363 4128 3418 4184 in

1847 4236 1966 4306 ipso
1990 4241 2182 4304 gentes
2219 4231 2520 4302 Sperabunt
2550 4231 2620 4282 ".
2643 4248 2662 4281 ι
2705 4228 2872 4284 Vides
2907 4227 3054 4282 enim
3093 4243 3202 4297 quo
3261 4231 3424 4294 pacto

1845 4327 1934 4381 hic
1958 4342 2053 4396 per
2073 4323 2312 4378 radicem
2339 4321 2508 4376 Jessae
2527 4321 2740 4375 vocatio
2769 4319 3013 4390 gentium
3041 4315 3418 4376 annuntietur,

1847 4420 1922 4474 ita
1964 4426 2026 4474 ut
2071 4417 2506 4470 additamentum
2541 4414 2699 4479 illud,
2738 4432 2756 4465 ι
2791 4411 3092 4471 ﬁliiJesste,
3125 4429 3144 4461 ι
3179 4423 3290 4464 non
3305 4406 3422 4460 fru-

1778 4515 1820 4568 D
1853 4522 1964 4570 stra
1997 4512 2054 4566 in
2107 4512 2212 4566 hac
2261 4508 2546 4580 prophetia
2590 4507 2790 4576 jaceat.
2822 4505 2958 4559 Cum
3001 4509 3184 4556 autem
3209 4499 3420 4556 Christi

1848 4621 2076 4677 regnum
2095 4612 2148 4659 et
2181 4603 2426 4674 gentium
2464 4601 2682 4656 vocatio
2727 4599 3048 4654 ann-untiata
3075 4593 3300 4658 fuerint,
3329 4592 3420 4646 hic

1846 4701 2249 4768 peropportune
2285 4694 2610 4748 terminatur
2645 4689 2888 4746 secunda
2923 4703 3052 4758 pars
3088 4686 3214 4740 libri
3259 4685 3418 4740 Psal-

1846 4803 2082 4852 morum,
2111 4800 2232 4854 quae
2257 4799 2286 4838 a
2327 4783 2748 4854 quadragesimo
2787 4782 2963 4850 primo
2983 4777 3198 4848 incipit,
3245 4785 3300 4832 et
3363 4777 3420 4830 in
3465 4795 3470 4800 '

1844 4885 2166 4949 praesentem
2193 4877 2462 4946 psalmum
2487 4875 2705 4930 desinit.

172 4956 308 5068 fit")
348 4962 506 5068 £31.11]
551 4969 882 5068 προκειμένῃ
928 4971 1186 5041 φέρεσθαι
1223 4975 1544 5046 προφητείᾳ.
1581 4977 1736 5028 Κατὰ
1775 4975 1963 5045 καιρὸν
2006 4973 2063 5026 δὲ
2105 4971 2374 5036 ἐνταῦθα,
2405 4968 2644 5040 Χριστοῦ
2689 4969 2964 5039 βασιλείας
3007 4967 3100 5022 καὶ
3173 4965 3422 5036 κλήσεως

173 5048 334 5102 ὲθνων
372 5051 862 5130 εὐαγγελισθείσης,
903 5061 962 5112 τὸ
1007 5061 1254 5132 δεύτερον
1308 5064 1468 5134 μέρος
1507 5065 1607 5133 τῆς
1651 5065 1832 5134 βίϐλου
1878 5064 1984 5116 τῶν
2011 5061 2256 5132 Ψαλμῶν
2287 5059 2728 5132 περιγράφεται,
2797 5055 3097 5129 ἀρξάμενον
3147 5055 3246 5125 μὲν
3311 5057 3420 5110 ἀπὸ

174 5141 382 5212 πρώτου
429 5147 522 5198 καὶ
569 5149 1028 5219 τεσσαρακοστοῦ,
1079 5153 1386 5222 καταλῆξαν
1427 5157 1484 5208 δὲ
1527 5159 1606 5218 είς
1648 5157 1736 5210 τὸν
1778 5155 1914 5226 μετὰ
1949 5157 2156 5225 χεῖρας.

178 5252 302 5310 ΤΩΝ
351 5259 985 5316 ΕΠΙΓΕΓΡΑΜΜΕΝΩΝ
1035 5265 1171 5316 ΤΟΥ
1219 5269 1390 5320 ΑΣΑΦ
1443 5271 1740 5323 ΨΑΛΜΩΝ

733 5333 798 5384 AI
843 5335 1188 5388 IIEPIOXM.

923 5424 1000 5474 A'.

235 5505 297 5558 οξ
317 5509 412 5562 τοῦ
442 5511 624 5582 Ἀσάφ
646 5513 1106 5584 ἐπιγεγραμμένοι
1133 5520 1238 5572 εἰσὶ
1261 5521 1360 5590 μὲν
1390 5520 1481 5575 τὸν
1513 5522 1744 5592 ἀριθμὸν

236 5662 281 5690 ⁷⁸
307 5669 409 5717 lsa.
447 5681 520 5730 ιι,
551 5670 600 5722 1.
679 5671 722 5700 ⁷⁷
763 5671 890 5726 ibid.
936 5673 1022 5728 10.

1947 5267 2382 5323 ARGUMENTA
2420 5263 2846 5320 PSALMORUM
2887 5261 3006 5329 QUI
3056 5261 3308 5318 ASAPHI

2363 5333 2907 5420 INSCRIDUNTUR.

2607 5424 2648 5478 l.

1885 5499 1888 5502 ’
1915 5521 2112 5576 Psalmi
2135 5521 2228 5590 qui
2251 5519 2287 5571 Α
2301 5519 2453 5586 saphi
2477 5517 2854 5572 inscribuntur
2879 5514 3163 5571 duodecim
3187 5520 3419 5576 numero

240 5775 312 5842 (i)
365 5777 704 5848 Ὑπακούειν,
732 5783 785 5838 id
809 5793 888 5840 cst
922 5788 1242 5841 resuondere.
1273 5781 1406 5840 Vide
1438 5785 1490 5839 in
1521 5782 1859 5840 Onomastico
1892 5783 1956 5837 ad
1998 5783 2174 5851 Opera
2202 5779 2258 5837 S.
2293 5781 2598 5838 Athanasii.
