3776 6284
440 368 546 424 827

1147 368 1416 424 EUSEBII
1451 369 1923 429 CAISARIENSIS
1964 371 2112 430 OPP.
2157 373 2335 430 PARS
2370 372 2548 428 lll.—
2585 372 2995 431 EXEGETICA.
3558 381 3633 438 8'28

440 504 667 557 magnus
713 488 847 542 sicut
896 487 1037 542 Deus
1071 490 1398 545 noster?Tu
1443 507 1497 544 es
1546 490 1688 545 Deus
1734 491 1820 559 qui
1875 492 2011 559 facis

2121 494 2401 575 ὡμολόγει.
2421 495 2580 547 Ἀλλὰ
2610 495 2671 547 τὸ
2705 494 2843 548 θεῖον
2878 491 3105 566 Πνεῦμα
3144 494 3230 549 διὰ
3282 491 3375 548 τοῦ
3412 500 3635 569 προφήτου

440 579 732 635 mirabilia.
773 576 974 634 Notam
1008 580 1183 649 fecisti
1217 583 1271 635 in
1302 582 1509 651 populis
1545 583 1790 636 virtutem
1825 592 1970 637 tuam
1992 624 2006 648 ,

438 671 710 726 redemisti
755 673 809 725 in
841 672 1054 725 brachio
1087 683 1175 726 tuo
1207 675 1456 743 populum
1507 683 1688 738 tuum,
1736 676 1877 744 ﬁlios
1908 675 2010 729 Ja-

438 767 531 819 cob
578 775 628 820 et
677 767 914 835 Joseph;
971 783 1036 822 ac
1097 783 1361 824 rursum:
1409 767 1664 821 Viderunt
1718 778 1764 822 te
1826 784 2010 839 aqua,

438 858 579 913 Deus
601 899 617 922 ,
648 860 890 913 uiderunt
921 869 968 915 te
1000 878 1182 931 aqum,
1211 870 1259 915 et
1286 862 1611 926 timuerunt,
1637 863 1860 915 turbatae
1890 870 2013 915 sunt

436 949 659 1020 abyssi:
710 952 997 1004 multitudo
1034 955 1239 1007 sonitus
1272 968 1571 1021 aquarum:
1605 968 1669 1007 ac
1704 968 2011 1008 sermonem

435 1041 523 1097 his
553 1043 846 1113 obsignat:
893 1043 1173 1097 Deduxisti
1220 1046 1355 1098 sicut
1405 1061 1519 1099 oves
1564 1044 1815 1114 populum
1865 1053 2012 1097 tuum

436 1134 495 1186 in
538 1151 699 1187 manu
742 1133 918 1205 Moysi
961 1144 1011 1189 et
1056 1135 1255 1189 Aaron.
1304 1134 1429 1189 llaec
1470 1136 1784 1190 necessario
1832 1133 2014 1202 Asaph

438 1225 543 1294 ipsi
589 1223 824 1279 ldithum
850 1226 1330 1290 commemoravit,
1368 1234 1427 1280 ut
1466 1242 1534 1281 ne
1564 1227 1709 1280 ultra
1755 1225 1960 1281 diceret
1995 1242 2010 1280 :

440 1316 781 1372 Exercitatus
821 1330 900 1372 est
939 1326 987 1370 et
1008 1316 1199 1386 defecit
1241 1318 1460 1387 spiritus
1505 1316 1687 1381 meus;
1720 1317 1815 1372 sed
1849 1317 2017 1370 mira-

438 1408 642 1465 bilibus
686 1409 783 1465 Dei
824 1424 913 1479 per
962 1410 1203 1480 Moysem
1249 1409 1378 1463 olim
1413 1410 1620 1481 gestis,
1657 1409 1814 1480 queis
1845 1423 2020 1478 popu-

439 1502 552 1557 lum
583 1516 743 1555 suum
768 1502 1017 1564 redemit,
1041 1502 1200 1556 fidem
1226 1501 1434 1557 habens
1464 1518 1561 1573 pro
1592 1501 1775 1558 futuro
1796 1516 2013 1572 quoque

440 1601 683 1664 tempore
712 1594 909 1648 similia
942 1603 1203 1649 eventura
1234 1603 1493 1665 speraret.

2130 587 2299 656 ’Λσὰφ
2341 588 2466 659 ἑξῆς
2510 588 2577 641 τὰ
2616 588 2833 660 λυπηρὰ
2880 588 3168 660 θεραπεύει
3198 590 3258 641 ἐν
3287 584 3367 651 οἷς
3396 606 3539 659 gms?
3570 596 3636 660 Τίς

2121 677 2263 743 Θεὸς
2274 680 2461 747 μέγας
2490 681 2570 743 ὡς
2596 682 2627 731 ό
2648 668 2789 743 Θεὸς
2814 676 2981 748 ἡμῶν
2995 697 3013 743 ;
3032 679 3113 733 Σὺ
3139 675 3195 732 εἴ
3220 682 3253 732 ό
3283 678 3424 742 Θεὸς
3450 683 3478 732 ὁ
3498 680 3637 735 ποιῶν

2119 767 2437 837 θαυμάσια.
2458 768 2813 839 Ἐγνώρισας
2835 769 2906 822 ἐν
2930 768 3052 833 τοῖς
3082 769 3253 833 λαοῖς
3292 768 3406 836 τὴν
3436 767 3639 838 δύναμίν

2118 878 2253 925 σου,
2281 861 2597 930 ἐλυτρὼσω
2613 862 2682 913 ἐν
2705 859 2783 926 τῷ
2801 861 3092 930 ,ϐραχίονι
3117 877 3233 915 σου
3257 861 3519 913 τὸν-λαόν
3538 879 3638 925 σου,

2118 954 2262 1019 τοὺς
2295 954 2464 1019 υἱοὺς
2500 954 2703 1008 Ἰακὼϐ
2740 954 2837 1007 καὶ
2884 953 3121 1022 Ἰωσήφ·
3169 954 3264 1006 καὶ
3301 949 3483 1016 αὖθιςο
3516 954 3641 1007 Εἶδο-

2118 1042 2240 1096 σιὶν
2288 1061 2361 1097 σε
2416 1043 2624 1106 ὕδατα,
2660 1047 2693 1097 ὁ
2727 1044 2889 1109 Θεὸς,
2923 1043 3172 1098 εἴδοσάν
3214 1060 3293 1097 σε
3350 1044 3540 1108 ὕδατα,
3574 1047 3642 1097 καί

2116 1136 2525 1206 ἐφοϐήθησαν,
2565 1136 2987 1206 ἐταράχθησαν
3026 1140 3083 1190 al
3119 1138 3381 1190 ἄϐυσσοι
3406 1153 3420 1166 ο
3460 1136 3642 1204 πλῆθος

2118 1227 2309 1296 ἤχους
2352 1228 2601 1293 ὓδατος·
2646 1229 2741 1282 κα)⁸
2783 1229 3235 1299 ὲπισφραγίζεται
3279 1227 3484 1296 λέγων·
3521 1229 3645 1295 Ὡὸή-

2118 1334 2312 1389 τησας
2347 1321 2426 1387 ὡς
2468 1323 2731 1389 πρόϐατα
2753 1322 2859 1374 τὸν
2886 1323 3041 1375 λαόν
3064 1337 3179 1374 σου
3203 1322 3276 1374 ἐν
3298 1320 3443 1390 χειρί
3472 1320 3643 1389 Mulieri

2115 1410 2211 1463 καὶ
2252 1409 2482 1478 Ἀαρών.
2500 1410 2833 1479 Ἀναγκαίως
2860 1411 2917 1464 δὲ
2943 1411 3147 1465 τούτων
3168 1411 3195 1463 ὁ
3227 1410 3403 1480 Ἀσάφ
3421 1411 3644 1480 ὑπέμνησε

2116 1502 2205 1555 τὸν
2255 1501 2503 1571 Ἰδιθοὺμ,
2551 1501 2627 1563 ὡς
2674 1501 2741 1555 ἂν
2794 1502 2989 1573 μηκέτι
3042 1502 3225 1570 λέγον
3298 1499 3647 1573 Ἠδολέσχησε

2120 1592 2217 1649 καὶ
2266 1593 2693 1662 ὠλιγοψύχησε
2743 1593 2808 1647 τὸ
2860 1594 3095 1664 πνεῦμά
3130 1611 3285 1665 μου’
3343 1594 3647 1647 πιστεύωνᾶ

439 1690 550 1751 τοῖς
578 1689 742 1742 πάλαι
774 1690 867 1742 ἐπὶ
895 1690 1172 1753 Μωῦσέως
1203 1691 1295 1743 τοῦ
1328 1691 1463 1744 Θεοῦ
1498 1692 1821 1761 παραδόξοις
1846 1691 2046 1762 ἔργοις,
2084 1690 2149 1743 δι’
2199 1683 2273 1744 ὧν
2311 1688 2651 1761 ὲλυτρώσατο
2693 1690 2784 1742 τὸν
2829 1689 2976 1755 λαὸν,
3022 1690 3089 1744 τὰ
3132 1693 3297 1763 ὅμοια
3346 1692 3440 1744 καὶ
3480 1692 3545 1753 είς
3585 1689 3648 1741 τὸν

439 1781 660 1837 ὲπιόντα
695 1781 885 1853 χρόνον
922 1782 1129 1847 ἐλπίζοι
1156 1782 1504 1854 γενήσεσθαιι

1177 1894 1265 1949 Vl.

510 1984 708 2048 Sextus
752 2001 930 2058 neque
962 1986 1207 2057 psalmus
1235 1995 1320 2043 est
1355 2003 1532 2057 neque
1561 1988 1867 2049 canticum,
1919 2003 2016 2042 ne-

438 2094 546 2148 que
578 2077 850 2150 hymnus,
892 2095 1070 2149 neque
1113 2079 1166 2133 in
1216 2079 1380 2133 ﬁnem
1413 2080 1663 2134 remittit.
1701 2080 1883 2146 Quare
1914 2080 2018 2132 Ιιιι⁴

434 2171 678 2241 jusmodi
720 2171 860 2226 nihil
903 2171 958 2225 in
1000 2171 1162 2225 titulo
1211 2171 1416 2226 habet:
1450 2171 1545 2225 sed
1577 2185 1680 2225 nos
1714 2168 1781 2222 ad
1825 2183 2016 2223 eorum

437 2279 561 2333 quae
590 2263 679 2319 hic
711 2262 965 2319 feruntur
997 2263 1412 2333 intelligentiam
1443 2262 1664 2317 excitat.
1697 2261 1809 2315 Cur
1836 2268 2016 2315 autem

438 2354 573 2408 nihil
603 2369 794 2409 eorum
828 2370 951 2424 quae
983 2355 1223 2410 diximus
1257 2353 1364 2409 fert
1394 2353 1718 2423 inscriptio,
1752 2351 1857 2406 nisi
1890 2351 2018 2421 quia

438 2454 590 2499 totus
617 2444 710 2499 hic
744 2460 926 2500 sermo
953 2442 1238 2499 Judaicam
1286 2451 1499 2511 gentem
1536 2442 1789 2505 incusat,
1832 2442 2020 2510 pristi-

413 2551 545 2591 nas
586 2551 781 2590 eorum
824 2536 1134 2605 impietates
1174 2535 1551 2590 enumerans?
1601 2534 1755 2600 Quod
1786 2535 1852 2588 ad
1884 2535 2018 2602 justi

432 2628 629 2696 judicii
680 2626 776 2681 Dei
811 2626 1184 2683 defensionem
1215 2627 1476 2696 propheta
1507 2628 1893 2681 concinnavit:
1932 2642 2020 2679 va-

441 2720 769 2773 ticinaturus
793 2718 939 2773 enim
967 2734 1028 2774 ea
1050 2757 1065 2783 ,
1090 2734 1211 2789 quae
1239 2727 1364 2773 ante
1390 2717 1700 2774 Servatoris
1725 2720 2018 2773 adventum

440 2812 644 2881 papula
678 2820 941 2867 eventura
974 2820 1169 2878 erant,
1201 2812 1514 2867 necessario
1542 2812 1703 2867 docet
1735 2814 1883 2883 ipsos
1912 2827 2019 2866 non

441 2902 777 2958 modicarum
846 2904 1187 2974 impietatum
1251 2920 1419 2959 causa
1482 2905 1670 2960 isthaac
1735 2921 2015 2975 passuros.

438 2996 802 3062 Quamobrem
854 3003 1101 3051 recenset
1150 2996 1239 3051 ille
1290 2996 1508 3066 quoties
1558 2998 1931 3067 peccaverint,
1966 3004 2020 3051 et

441 3086 655 3156 quoties
704 3084 798 3141 Dei
853 3087 1114 3155 patientia
1169 3099 1395 3157 peccata
1442 3103 1633 3142 eorum
1680 3089 1901 3154 tulerit,
1955 3103 2020 3143 ac

441 3177 718 3248 quomodo
752 3178 968 3232 demum
999 3194 1125 3233 cum
1152 3178 1470 3248 implessent
1499 3181 1836 3250 impietatum
1864 3197 2019 3237 men-

2855 1892 2944 1957 σι.

2201 1987 2257 2040 Ὁ
2288 1986 2443 2049 ἕκτος
2470 1983 2654 2037 οὐκέτι
2684 1982 2895 2052 ψαλμος
2922 1982 3039 2035 οὐδὲ
3069 1982 3180 2054 ᾠδὴ
3208 1983 3335 2035 οὐδὲ
3371 1982 3544 2053 ὕμνος,
3563 1985 3648 2036 οὐδὲ

2118 2076 2427 2146 ἀναπέμπει
2454 2077 2530 2137 είς
2559 2074 2617 2125 τὸ
2640 2073 2977 2151 τέλος.”υθεν
3002 2073 3152 2125 οὐδὲν
3176 2072 3386 2125 τούτων
3412 2074 3650 2145 ἔπιγέγριο

2121 2185 2278 2221 πται·
2307 2166 2561 2236 διεγείρει
2588 2165 2644 2217 δὲ
2675 2167 2823 2235 ἡμᾶς
2869 2166 2948 2228 είς
2995 2165 3212 2217 σύνεσιν
3240 2164 3357 2217 τῶν
3397 2166 3650 2237 ὲμφερομὲο

2117 2278 2242 2313 νων.
2273 2259 2371 2313 Διά
2402 2259 2453 2311 τί
2486 2259 2542 2312 δὲ
2580 2260 2741 2330 μηδὲν
2767 2257 2873 2310 τῶν
2899 2258 3318 2329 προειρημένων
3345 2258 3381 2326 ἡ
3416 2260 3649 2328 προγραφὴ

2121 2352 2381 2422 περιέχει,
2410 2350 2521 2403 ἀλλ’
2550 2350 2843 2421 ἐπειδήπερ
2890 2351 2917 2402 ὁ
2966 2351 3073 2411 πᾶς
3104 2348 3268 2417 λόγος
3302 2347 3398 2401 τοῦ
3442 2348 3651 2401 Ἰουδαίων

2119 2445 2304 2508 ἔθνους
2334 2446 2646 2515 κατηγορεῖ,
2672 2441 3179 2513 καταριθμούμενος
3221 2440 3412 2493 αὐτῶν
3441 2441 3505 2491 τὰ
3530 2439 3651 2492 πάλαι

2120 2536 2472 2605 ἀσεϐήματα;
2509 2533 2678 2587 Τοῦτο
2716 2534 2771 2586 δὲ
2807 2535 3033 2605 πράττει
3064 2535 3092 2586 ὁ
3135 2534 3433 2603 προφήτης
3470 2534 3540 2594 είς
3564 2535 3655 2584 ἀπο-

2118 2626 2302 2694 λογίαν
2344 2626 2443 2695 τῆς
2473 2624 2567 2679 τοῦ
2612 2625 2746 2677 Θεοῦ
2776 2624 3199 2695 δικαιοκρισίας·
3237 2622 3457 2695 μέλλων
3480 2622 3572 2694 γὰρ
3594 2622 3655 2673 θε-

2123 2720 2333 2783 σπίζειν
2356 2719 2424 2772 τὰ
2458 2737 2519 2772 συ
2529 2719 2847 2792 μϐησόμενα
2870 2717 2947 2788 τῷ
2973 2714 3115 2770 ἕθνεί
3142 2717 3252 2790 πρὸ
3280 2717 3385 2787 τῆς
3406 2716 3493 2770 τοῦ
3515 2715 3655 2782 Σειτῆ-

2125 2829 2214 2885 ρος
2248 2811 2567 2885 παρουσίας,
2596 2811 2905 2879 ἀναγκαίως
2935 2810 3191 2872 διδάσκει,
3231 2811 3323 2863 ὅτι
3366 2810 3439 2880 μὴ
3479 2809 3558 2861 ἐπὶ
3595 2825 3656 2878 μι-

2121 2910 2274 2980 κροῖς
2316 2905 2623 2976 ἀσεϐήμασι
2670 2904 2842 2957 ταῦτα
2894 2904 3190 2957 πείσονται.
3239 2904 3450 2974 Διόπερ
3473 2919 3654 2972 καταρι-

2122 2999 2336 3071 θμεῖται
2351 2998 2582 3067 ὁσάκιςῇ
2592 3014 2763 3069 μαρτε
2779 2996 2871 3050 καὶ
2886 2995 3075 3058 ὁσάκις
3095 2996 3334 3066 ιἤνεγκεν
3357 2996 3575 3063 αὐτοῦςή
3589 2990 3653 3045 τοῦ

2121 3092 2255 3145 Θεοῦ
2289 3089 2659 3162 μακροθυμία,
2702 3088 2794 3141 καὶ
2823 3087 2896 3150 ὡς
2922 3087 3146 3158 ὕστερον
3180 3086 3569 3158 πληρώσαντας
3585 3085 3654 3139 αὖ·

2121 3184 2244 3247 τοὺς
2268 3184 2329 3236 τὸ
2362 3183 2556 3253 μέτρον
2581 3180 2689 3234 τῶν
2712 3179 2879 3251 ἀσεϐη
2890 3180 3070 3251 μάτων
3090 3179 3417 3233 δικαιότατα
3445 3178 3653 3251 μετῆλθεν

437 3284 628 3325 suram
652 3307 668 3332 ,
707 3284 802 3324 eos
838 3269 987 3339 ipsos
1009 3268 1302 3325 admodum
1327 3268 1473 3339 juste
1509 3271 1590 3324 ira
1612 3269 1706 3325 Dei
1736 3271 2011 3325 invaserit.

2121 3277 2248 3346 ἡὲκ
2279 3274 2413 3328 Θεοῦ
2455 3274 2717 3345 ὀργή.”⁹Ιν’
2745 3267 2837 3324 οὖν
2881 3271 3055 3325 ταῦτα
3099 3271 3349 3341 γνῶμεν,
3396 3267 3654 3340 ἀναγκαίώς

441 3357 514 3416 Ut
541 3361 655 3415 haec
686 3362 871 3431 itaque
899 3377 1297 3432 cognoscamus
1318 3402 1332 3426 ,
1362 3363 1677 3418 necessario
1708 3364 1788 3418 sic
1816 3363 2018 3421 inscri-

441 3452 556 3509 bit:
596 3452 903 3508 Intellectus
936 3454 1117 3522 Asaph
1146 3455 1214 3519 ³³,
1249 3469 1315 3509 ac
1348 3454 1402 3509 in
1438 3456 1799 3525 sequentibus
1831 3457 2016 3512 omnia

442 3561 632 3602 eorum
665 3547 874 3602 scelera
906 3555 1181 3604 recenset.

1156 3660 1269 3716 Vll.

508 3754 807 3828 Postquam
836 3757 1239 3813 multitudinem
1282 3767 1631 3828 peccatorum
1659 3758 1869 3815 Judaici
1915 3776 2015 3831 po-

440 3848 553 3918 puli
593 3850 915 3918 compendio
945 3851 1239 3915 retulerat,
1272 3858 1325 3905 et
1358 3864 1459 3905 ceu
1497 3852 1554 3904 in
1587 3852 1747 3922 cippo
1782 3852 2016 3906 crimina

441 3953 631 3994 eorum
653 3937 1051 4008 insculpserat;
1078 3950 1477 4010 consequenter
1502 3939 1591 3995 hic
1617 3940 1975 4011 irruptionem
1995 3980 2010 4007 ,

441 4028 840 4100 quaa'tempore
871 4032 1127 4087 Antiochi
1161 4033 1332 4105 Syria:
1364 4033 1512 4103 regis
1546 4032 1689 4088 facta
1719 4041 1835 4098 est,
1869 4034 2013 4088 vati-

442 4123 678 4177 cinatur.
707 4123 812 4188 Qui
840 4122 1234 4196 Jerosolymam
1266 4126 1548 4196 ingressus
1566 4167 1581 4194 ,
1612 4127 1874 4195 templum
1903 4142 2013 4181 non

434 4215 665 4281 evertit,
696 4215 791 4270 sed
822 4215 1168 4284 profanavit,
1206 4225 1370 4287 atque
1403 4228 1615 4288 gentem
1648 4218 1714 4273 ad
1749 4210 1893 4272 idola
1927 4234 2013 4273 co-

439 4305 600 4361 lenda
644 4309 928 4377 compulit.
980 4308 1223 4374 Quarum
1270 4326 1453 4364 rerum
1499 4310 1822 4375 historiam,
1872 4310 2012 4365 liber

438 4398 871 4454 Machabaeorum
934 4402 1232 4471 inscriptus
1277 4403 1679 4472 complectitur.
1708 4401 1766 4455 In
1790 4418 1899 4472 quo
1924 4418 2014 4457 oc-

434 4492 681 4547 cisorum
714 4509 975 4549 numerus
995 4534 1011 4560 ,
1040 4495 1286 4564 variique
1328 4494 1476 4548 modi
1505 4495 1661 4563 queis
1694 4509 1793 4563 pro
1812 4493 2013 4563 pietate

2119 3365 2431 3436 ἐπιγράφει,
2462 3363 2773 3427 Συνέσεως
2820 3360 2899 3427 τῷ
2935 3363 3137 3432 Ἄσὰερ,
3174 3363 3272 3416 καὶ
3320 3363 3519 3433 προῖὼν
3562 3361 3653 3429 ἑξῆς

2118 3458 2612 3530 ἀνακεφαλαιοῦται
2646 3456 2822 3511 αὐτῶν
2856 3456 3035 3519 πάσας
3069 3455 3167 3517 τὰς
3202 3455 3563 3527 παρανομίας.

2870 3663 2944 3715 Z'.

2202 3753 2628 3824 Ἐπιτεμόμενος
2668 3770 2729 3806 το
2772 3752 2976 3823 πλῆθος
3023 3753 3132 3806 τῶν
3184 3752 3547 3826 ἀσεϐημάτων
3588 3749 3654 3804 τοῦ

2128 3845 2395 3899 Ἰουδαίων
2429 3845 2633 3909 ἔθνους,
2668 3846 2764 3898 καὶ
2791 3845 2979 3916 ὥσπερ
3012 3847 3070 3898 ἐν
3103 3846 3272 3918 στήλῃ
3313 3846 3417 3910 τὰς
3452 3846 3561 3900 κατ’
3585 3845 3655 3898 αὖ·

2114 3938 2224 3991 τῶν
2256 3939 2588 4009 κατηγορίας
2611 3937 2945 4002 ὲντυπώσας,
2975 3938 3288 4002 ἀκολούθως
3320 3939 3412 3992 διὰ
3436 3938 3534 3992 τῶν
3559 3952 3655 4007 προ-

2116 4030 2382 4102 κειμένων
2410 4032 2507 4101 τὴν
2531 4031 2825 4102 γενομένην
2858 4032 2975 4084 κατ’
3005 4031 3182 4084 αὐτῶν
3210 4033 3568 4086 ἐπανάστασιν
3585 4046 3655 4081 κα·

2114 4122 2183 4176 τὰ
2211 4125 2337 4186 τοὺς
2365 4123 2589 4193 χρόνους
2623 4123 2893 4193 Ἀντιόχου
2920 4122 3017 4175 τοῦ
3051 4123 3151 4191 τῆς
3191 4123 3399 4195 Συρίας
3440 4119 3652 4193 βασιλέως

2116 4210 2379 4274 θεσπίζει.
2400 4211 2457 4264 '0
2485 4210 2722 4265 ἐπελθὼν
2757 4216 2867 4275 τοῖς
2906 4212 3320 4283 Ἱεροσολύμοις,
3361 4215 3422 4266 οῦ
3454 4210 3654 4279 καθαιρεῖ

2120 4300 2237 4371 μὲν,
2272 4301 2490 4373 βεϐηλοί
2516 4301 2571 4355 δὲ
2593 4302 2655 4355 τὸ
2681 4302 2843 4373 ἱερὸν,
2874 4303 3282 4375 είδωλολατρείν
3307 4301 3653 4370 ἑπαναγκάτας

2114 4393 2174 4446 τὸ
2206 4393 2372 4457 ἔθνος.
2404 4394 2620 4447 Τούτων
2653 4394 2709 4447 δὲ
2743 4395 2838 4465 τὴν
2875 4394 3112 4465 ἱστορίαν
3143 4397 3175 4466 ἡ
3206 4396 3318 4449 τῶν
3361 4397 3655 4464 ὲπιγεγρσμ·

2119 4486 2295 4556 μένων
2342 4485 2716 4539 Μακκαδαίων
2759 4486 2937 4557 βίϐλος
2982 4487 3260 4558 περιέχει⁶
3313 4490 3373 4540 ὲν
3492 4485 3572 4539 καὶ
3604 4481 3653 4534 τὰ

437 4584 760 4654 martyrium
784 4585 1029 4654 perpessi
1053 4593 1203 4650 sunt,
1240 4586 1650 4640 describuntur.
1681 4584 1863 4651 Quare
1898 4587 2007 4655 spi-

2121 4576 2294 4648 πλήθη
2324 4577 2432 4630 τῶν
2466 4579 2847 4649 ἀνῃρημένων,
2881 4579 2934 4631 οἴ
2961 4595 3020 4630 τε
3053 4580 3246 4649 τρόποι
3270 4580 3383 4632 τῶν
3418 4580 3517 4633 ὑπὸ
3538 4577 3653 4630 εὐσε-

438 4674 578 4728 ritus
604 4675 954 4743 propheticus
986 4675 1086 4730 has
1121 4676 1397 4746 supplices
1432 4691 1597 4732 voces
1626 4692 1726 4747 pro
1757 4676 2011 4731 universo

2121 4671 2267 4732 ϐείας
2326 4670 2826 4742 μεμαρτυρηκότων
2891 4674 3021 4742 παρ’
3056 4673 3239 4736 αὐτοῖς
3283 4673 3648 4742 ἀνεγράφησαν.

434 4762 640 4831 populo
668 4762 894 4819 effundit
925 4784 940 4820 :
974 4765 1139 4832 Deus,
1169 4775 1421 4820 venerunt
1449 4777 1620 4837 gentes
1645 4769 1700 4821 in
1735 4766 2011 4822 hwredita-

2121 4762 2204 4814 Διὸ
2241 4762 2300 4815 τὸ
2334 4762 2668 4834 προφητικὸν
2696 4762 2917 4833 Πνεῦμα
2953 4763 3189 4828 ἔντευξιν
3215 4766 3358 4837 ὑπὲρ
3383 4765 3475 4819 τοῦ
3492 4760 3651 4823 παντὸς

438 4861 541 4907 tem
572 4861 719 4907 luam
742 4893 757 4919 ,
784 4857 1090 4924 polluerunt
1131 4858 1381 4925 templum
1408 4867 1653 4911 sanctum
1701 4868 1879 4920 tuum,
1920 4873 2017 4926 po-

436 4954 655 4998 suerunt
692 4946 993 5001 Jerusalem
1036 4950 1094 5001 in
1135 4965 1411 5016 pomorum
1454 4950 1773 5004 custodiam.
1809 4949 2013 5002 Posue-

438 5045 563 5090 runt
611 5040 896 5093 morticina
942 5056 1213 5094 servorum
1265 5053 1475 5095 tuorum
1516 5060 1661 5096 escas
1709 5042 2011 5095 volatilibus

437 5130 584 5194 caeli,
612 5148 796 5187 carnes
822 5142 1127 5187 sanctorum
1157 5145 1368 5189 tuorum
1402 5135 1579 5190 bestiis
1609 5145 1761 5190 terrae
1791 5136 1856 5190 ⁸⁵.
1884 5134 2011 5189 Haec

436 5225 503 5278 ad
531 5225 759 5295 gloriam
792 5227 970 5297 gentis
1000 5229 1329 5297 vergebant,
1362 5244 1533 5298 quare
1560 5244 1756 5300 magna
1787 5243 1911 5282 cum
1948 5228 2012 5281 fi-

436 5313 597 5367 ducia
624 5315 769 5369 dicta
797 5323 944 5371 sunt.
978 5315 1179 5371 Verum
1212 5334 1321 5372 non
1351 5318 1482 5372 talia
1512 5324 1669 5372 erant
1699 5318 1754 5371 in
1786 5326 2010 5388 septua-

438 5404 647 5472 gesimo
700 5407 895 5472 tertio,
944 5407 1003 5463 in
1045 5423 1154 5478 quo
1195 5407 1519 5466 dicebatur:
1560 5409 1790 5481 L'tquia',
1836 5410 2009 5474 Deus,

444 5496 686 5564 repulisti
718 5499 770 5552 is:
805 5501 998 5568 linem,
1037 5501 1210 5555 iratus
1237 5511 1315 5556 est
1356 5502 1508 5569 furor
1539 5511 1659 5555 tuus
1702 5517 1859 5569 super
1892 5518 2008 5555 oves

436 5598 647 5651 pascua:
676 5599 779 5640 tuo:
803 5587 884 5641 ⁸⁵ἳ
916 5588 1027 5642 Illis
1049 5590 1249 5658 quippe
1278 5589 1513 5658 ahjectio
1542 5590 1724 5658 populi
1758 5590 1814 5643 in
1844 5589 2015 5643 finem

439 5691 611 5746 usque
640 5676 1043 5744 declarabatur,
1088 5696 1299 5735 necnon
1340 5688 1618 5750 postrema
1654 5681 2013 5754 Jcrosolymte

510 5831 555 5861 ⁸³
579 5828 721 5885 Psal.
755 5846 957 5896 Lxxvn,
1000 5835 1050 5887 Ι.
1128 5836 1172 5865 ⁸⁵
1208 5833 1353 5890 Psal.
1386 5852 1614 5903 Lxmn,
1652 5836 1702 5904 l,
1737 5836 1793 5893 2.

2106 4853 2426 4923 ,ἀναπέμπει
2462 4853 2588 4908 λαοῦ
2621 4855 2846 4922 φάσκον·
2867 4856 2920 4907 Ὁ
2950 4856 3110 4921 Θειὲς,
3135 4856 3413 4925 ἥλθοσαν
3441 4858 3570 4922 ἔθνη
3587 4856 3649 4915 εἰς

2112 4948 2226 5012 τὴν
2281 4947 2689 5014 κληροινὊμίαν
2737 4962 2873 5011 σου,
2924 4948 3176 5016 ἐμίαναν
3220 4951 3327 5003 τὸν
3386 4950 3529 5003 ναὸν
3572 4945 3651 4999 τὸν

2111 5037 2281 5103 ἅγιόν
2325 5052 2474 5101 σου,
2514 5041 2718 5093 ἔθεντο
2753 5040 3139 5109 Ἰερουσαλὴμ
3179 5045 3269 5107 εὶς
3303 5036 3647 5111 ὀπωρορυλάο

2112 5131 2525 5184 κιον.”Εθεντο
2550 5131 2623 5184 τὰ
2651 5133 2975 5202 θινησιμαῖα
2999 5133 3118 5186 τῶν
3145 5134 3381 5187 δούλων
3401 5150 3509 5186 σου
3523 5128 3645 5199 ,Βιώσ

2112 5238 2265 5282 ματα
2291 5221 2416 5285 τοῖς
2442 5225 2737 5290 πετεινοῖς
2758 5226 2862 5279 τοῦ
2887 5226 3166 5295 οὐρανοῦ,
3189 5227 3298 5290 τὰς
3320 5224 3543 5293 σάρκας
3558 5220 3645 5273 τῶν

2111 5314 2299 5366 ὁσίων
2348 5330 2465 5368 σου
2513 5315 2639 5381 τοῖς
2678 5318 2905 5385 θηρίοις
2949 5316 3059 5385 τῆς
3086 5317 3219 5387 γῆς.
3258 5316 3438 5371 Ταῦτα
3482 5316 3575 5386 γὰρ
3594 5308 3643 5380 ἦν

2118 5406 2569 5477 σεμνολογήματα
2599 5407 2691 5460 τοῦ
2726 5408 2930 5469 ἔθνους’
2962 5407 3043 5461 διὸ
3082 5409 3179 5461 σὺν
3205 5408 3481 5480 παρρησία
3512 5402 3641 5469 πολλῇ

2115 5495 2351 5552 λέλεκτο.
2373 5499 2509 5552 Ἀλλ’
2533 5500 2593 5553 οὐ
2632 5500 2861 5554 τοιαῦτα
2898 5496 2967 5570 ἦν
3012 5499 3081 5553 τά
3125 5501 3186 5555 ὲν
3216 5500 3295 5571 τῷ
3321 5506 3371 5569 γ’
3393 5499 3483 5553 καὶ
3513 5503 3567 5557 ο¹,
3592 5491 3639 5544 δι’

2114 5584 2174 5643 οὗ
2203 5589 2419 5659 ἐλέγετο
2438 5608 2452 5623 ·
2485 5590 2617 5665 Ἵνα,
2637 5594 2714 5655 τί,
2747 5595 2779 5646 o’
2819 5593 2981 5658 Θεὸς.
3006 5592 3225 5647 ἀπώσω
3253 5595 3335 5657 εἰς
3358 5590 3538 5653 τέλος,
3557 5585 3638 5651 εὗρ’

2116 5681 2292 5751 τίσθη
2339 5686 2373 5737 ὀ
2414 5685 2600 5753 θυμός
2626 5700 2743 5740 σου
2773 5685 2871 5739 ἐπὶ
2906 5687 3169 5756 πρόϐατα
3207 5684 3391 5757 νομῆς
3414 5696 3548 5741 C'cv.’
3572 5674 3637 5728 Ἐν

1874 5837 1916 5870 ⁸⁸
1951 5835 2097 5893 Psal.
2133 5852 2323 5907 LXXIII,
2362 5837 2412 5892 l.
