3776 6284
131 377 238 436 829
292 354 300 363 ’

1276 369 1781 429 COMMENTARIA
1820 371 1884 424 IN
1927 369 2268 428 PsALMOS.

3307 376 3411 430 8'50

133 491 362 556 ἐκείνοις
395 492 512 565 γάρ
536 493 630 564 τὴν
659 492 738 554 εἰς
762 491 912 555 τέλος
945 487 1215 558 άποῧολὴν
1249 485 1342 540 τοῦ
1377 487 1562 549 ἔθνους
1611 487 1693 539 est

1895 485 1993 538 uina
2025 507 2037 540 :
2077 487 2130 540 in
2161 485 2256 540 illo
2287 484 2412 538 item
2451 500 2560 540 non
2595 485 2808 543 faustus
2841 487 2999 554 finis,
3035 503 3144 542 non
3178 493 3413 559 promis-

132 585 238 646 λου,
267 583 368 637 καὶ
425 586 528 655 τὴν
583 585 818 654 ἐσχάτην
865 583 966 653 τῆς
1003 579 1358 652 Ἰερουσαλὴμ
1387 579 1720 631 ἀπόπτωσιν.

131 677 236 729 Καὶ
265 678 324 728 ὲν
357 677 557 746 ἐκείνῳ
592 677 688 746 μὲν
721 677 820 730 οὐκ
851 675 1149 746 ἐμφέρεται
1187 671 1418 742 χρηστὸν
1451 671 1606 733 τέλος
1635 671 1724 723 ού-

131 767 184 820 δὲ
227 767 544 835 ἐπαγγελία
583 785 667 830 τις
698 767 1078 838 θεραπεύουσα
1107 765 1176 818 τά
1201 763 1502 834 λελεγμένα
1529 781 1542 793 ·
1575 765 1631 814 ὲν
1664 761 1721 814 δὲ

127 857 202 926 τῷ
237 858 476 928 παρόντι
510 859 644 928 μετὰ
671 857 738 910 τά
767 857 898 910 σκυθ
910 857 1064 928 ρωπά
1088 857 1447 908 ὲπισυνάπτει
1472 853 1550 922 τῷ
1580 851 1722 904 τέλει

125 946 218 999 τοῦ
267 947 482 1011 παντὸς
529 948 722 1016 λόγου·
779 947 1020 1012 Ἀπόδος
1075 946 1194 1011 τοῖς
1245 947 1510 1014 γείτοσιν
1561 941 1730 1012 ἡμῶν

125 1039 594 1094 ἑπταπλασίονα
633 1043 721 1104 εις
761 1040 868 1092 τὸν
901 1041 1135 1092 κόλπον
1169 1037 1387 1102 αὐτῶν,
1419 1037 1525 1090 τὸν
1572 1038 1727 1090 ὀνει-

126 1131 346 1200 δισμὸν
377 1132 604 1197 αὐτῶν,
632 1133 704 1186 ὃν
727 1131 1048 1185 dimidia-"civ
1073 1147 1167 1195 σε,
1201 1133 1396 1198 Κύριέ.
1415 1129 1612 1198 Ἡμεῖς
1639 1129 1726 1192 δὲ,

129 1227 278 1290 λαός
309 1241 434 1282 σου
477 1228 576 1281 καὶ
607 1229 870 1296 πρόϐατα
909 1227 1102 1296 νομῆς
1150 1243 1288 1290 σου,
1325 1227 1731 1295 ἀνθομολογη-

1835 580 1950 644 sio,
1983 595 2104 648 quae
2155 577 2446 632 recensitis
2487 581 2646 634 malis
2693 581 2997 644 medeatur,
3042 581 3310 648 ati‘ertur;
3357 592 3412 636 at

1831 672 1886 724 in
1923 671 2180 742 prmsenti
2229 680 2350 740 post
2385 671 2564 724 tristia
2615 671 2706 724 illa
2755 672 2870 726 haec
2903 675 2955 726 in
2991 673 3094 728 line
3139 675 3410 730 sermonis

1841 762 2030 832 adjicit
2059 781 2071 817 :
2109 762 2281 816 Redde
2309 763 2493 816 vicinis
2523 763 2721 816 nostris
2753 765 3048 833 septuplum
3082 766 3135 818 in
3181 766 3300 818 sinu
3319 785 3409 820 eo-

1830 872 1949 908 rum
1979 897 1993 920 ,
2053 856 2434 925 improperitnn
2483 856 2720 925 ipsorum
2749 900 2762 922 ,
2815 873 2914 925 quo
2965 857 3410 924 exprobrarerunt

1829 947 1945 1010 tibi,
1965 945 2206 1000 Domine.
2232 943 2346 998 Nos
2376 955 2550 999 autem
2579 945 2800 1014 populus
2835 955 2957 1000 tuus
2986 956 3034 998 et
3063 963 3175 999 oves
3198 962 3409 1013 pascua:

1832 1047 1966 1102 tum,
1995 1037 2368 1102 conﬁtebimur
2399 1038 2493 1091 tibi
2527 1039 2581 1092 in
2611 1038 2885 1092 sa’culum.
2924 1036 2990 1090 In
3021 1039 3408 1108 generationem

1829 1141 1878 1185 et
1930 1133 2319 1202 generationem
2364 1131 2802 1186 annuntiabimus
2844 1131 3053 1184 laudem
3099 1141 3264 1186 luant.
3313 1131 3408 1185 lite

1829 1225 2030 1293 quippe
2062 1239 2190 1278 vere
2219 1223 2499 1293 justorum
2533 1241 2696 1280 voces
2727 1233 2874 1280 sunt.

125 1317 350 1385 σόμεθά
375 1333 481 1372 σοι
510 1323 597 1384 εἰς
617 1320 724 1372 τὸν
754 1317 962 1374 αἰῶνα.
995 1322 1100 1384 Εἰς
1125 1317 1339 1388 γενεὰν
1379 1318 1476 1370 καὶ
1505 1316 1720 1386 γενεὰν
1755 1315 2200 1384 ἐξαγγελοῦμεν
2235 1313 2348 1383 τὴν
2381 1315 2622 1368 aii-sali;
2650 1331 2787 1370 σου.
2839 1309 3010 1370 Αὗται
3075 1313 3184 1385 γὰρ
3224 1313 3408 1384 σαφῶς

127 1411 348 1465 δικαίων
384 1414 720 1483 τυγχάνουσι
747 1413 939 1484 φωναί.

891 1529 952 1582 II’
963 1572 973 1582 .

203 1621 266 1674 Ἡ
316 1620 486 1692 ὀγδόη
541 1621 848 1692 προφητεία
901 1620 992 1674 τοῦ
1039 1621 1212 1689 Ἀσάφ
1261 1636 1434 1673 πολλα
1470 1620 1723 1690 σημαίνει

129 1711 260 1766 κατά
289 1713 350 1765 τὺ
375 1713 512 1765 αὐτὸ
545 1713 632 1766 διὰ
667 1713 768 1782 τῆς
813 1716 1170 1784 προγραφῆς·
1211 1711 1324 1764 ἔστι
1355 1713 1490 1784 γάρ,
1526 1716 1612 1776 εἰς
1655 1713 1719 1765 τὸ

125 1805 316 1870 τέλος,
371 1805 502 1870 καὶ,
563 1807 714 1872 ὑπὲρ
776 1804 895 1858 τῶν
956 1804 1546 1872 ἀλλοιωθησομέι··ων,
1605 1805 1717 1865 καὶ,
1753 1837 1792 1890 Β

127 1900 396 1966 ῖίιίιλμός·
434 1897 573 1968 πρὸς
613 1898 824 1960 τούτοις
857 1897 1060 1949 ἅπασιν
1090 1899 1474 1968 ἐπιτετήρηται
1513 1897 1588 1957 ὡς
1627 1896 1716 1948 καὶ

121 1989 445 2056 μαρτύριον
497 1988 580 2058 εἴη
619 1987 778 2058 μόνος
811 1981 964 2049 οὗτος
1007 1987 1114 2040 τῶν
1163 1989 1219 2039 ἐν
1269 1985 1414 2056 πάσῃ
1450 1988 1514 2056 τῇ
1549 1986 1715 2055 βίϐλῳ

127 2077 441 2150 φερομένων
491 2078 664 2141 οὕτως
707 2065 1206 2149 ἐπιγεγραμμένος.
1240 2079 1334 2140 Ei;
1387 2079 1482 2147 μὲν
1529 2073 1621 2131 οὖν
1655 2079 1715 2130 τὸ

127 2169 267 2231 τέλος
317 2169 640 2238 ἀναπέμπει
683 2168 770 2221 διὰ
811 2169 874 2220 τδ
913 2169 1190 2233 θεσπίζειν
1219 2170 1278 2222 τὸ
1323 2169 1531 2239 μέλλον¹
1564 2171 1714 2239 ὑπὲρ

126 2259 178 2312 δὲ
249 2259 370 2312 τῶν·
437 2260 1036 2328 ἀλλοιωθησομένων,
1103 2261 1191 2314 διὰ
1247 2261 1344 2332 τὴν
1414 2262 1712 2334 μεταϐολὴν

128 2349 228 2401 τῶν
277 2349 370 2402 διὰ
425 2350 530 2418 τῆς
588 2350 923 2420 προφητείας
979 2350 1358 2420 δηλουμένων·
1387 2354 1713 2420 μαρτύριον

125 2439 176 2492 δὲ
224 2441 439 2511 εἴρηται
475 2441 562 2494 διὰ
605 2441 668 2493 τὸ
714 2441 1084 2512 μαρτύρεσθαι
1136 2442 1265 2512 περὶ
1319 2443 1412 2494 τοῦ
1461 2444 1516 2495 ἐν
1564 2441 1712 2512 αὐτῷ

129 2531 691 2600 προαναφωνουμένου
719 2533 910 2603 ἀνδρὸς
941 2531 1035 2584 καὶ
1075 2532 1170 2585 τοῦ
1217 2534 1549 2604 καλουμένου
1577 2535 1708 2588 Tia-5

122 2619 432 2692 ἀνθρώπου.
479 2621 605 2673 Υἰὸν
663 2622 772 2692 γάρ
827 2639 948 2674 τινα
1004 2621 1291 2692 ἀνθρώπου
1349 2625 1560 2693 εἰσάγει
1615 2627 1710 2678 καὶ

129 2713 286 2784 θνδρα
311 2713 501 2780 δεξιᾶς
528 2712 623 2766 τοῦ
668 2713 804 2766 Θεοῦ
841 2713 1028 2768 τοῦτον
1051 2716 1325 2786 ὀνομάζει.
1358 2719 1580 2787 Πρῶτον
1612 2719 1709 2788 μὲν

121 2799 211 2857 οὖν
243 2803 337 2856 τοῦ
379 2806 656 2858 Ἰουδαίων
689 2805 876 2869 ἔθνους
897 2806 997 2876 τὴν
1038 2807 1147 2860 ἀπὸ
1175 2807 1452 2876 Αἰγύπτου
1484 2812 1708 2880 πορείαν

123 2895 214 2949 καὶ
238 2897 336 2967 τὴν
369 2898 470 2949 ἐπὶ
507 2898 604 2966 τῆς
637 2897 1012 2952 Παλαιστινῶν
1046 2899 1147 2968 γῆς
1179 2901 1389 2970 οἴκησιν
1440 2904 1708 2973 παρίστη-

129 3003 206 3040 σιν
233 2989 289 3040 ὲν
319 2987 656 3059 ἀλληγορίας
682 2990 870 3061 τρόπῳ
895 2992 1152 3060 φάσκων·
1193 2994 1489 3060 Ἄμπελον·
1513 2992 1582 3056 ἐξ
1611 2996 1708 3046 Αἱ-

121 3080 344 3148 τύπτου
384 3079 670 3148 μετῆρας,
702 3082 988 3149 ἐξέϐαλες
1032 3083 1176 3151 ἔθνη
1215 3085 1313 3137 καὶ
1349 3087 1706 3153 κατεφύτευ-

2545 1519 2680 1574 Vill.

1895 1613 2099 1668 Octava
2143 1611 2351 1682 Asaphi
2390 1613 2674 1682 prophetia
2719 1614 2888 1667 multa
2939 1613 2992 1666 in
3036 1614 3196 1668 titulo
3241 1615 3404 1670 simul

1823 1705 2027 1760 indicat
2060 1724 2072 1758 :
2103 1719 2228 1758 nam
2257 1705 2480 1768 dicitur,
2509 1708 2561 1758 in
2599 1706 2784 1773 finem,
2813 1713 2890 1770 et,
2923 1722 3018 1776 pro
3051 1707 3116 1759 iis
3146 1707 3236 1776 qui
3259 1723 3403 1760 com-

1823 1786 2202 1862 mutabunlur,
2230 1805 2318 1859 et,
2349 1798 2587 1865 psalmus
2621 1799 2667 1828 ⁸⁸
2697 1817 2710 1850 :
2749 1797 2815 1850 ad
2855 1797 2969 1852 hare
3001 1804 3180 1852 autem
3215 1800 3400 1854 omnia

1819 1893 2144 1946 observatur
2171 1891 2318 1944 hunc
2346 1893 2526 1946 solum
2556 1891 2824 1960 psalmum
2849 1934 2862 1957 ,
2887 1907 2953 1945 ex
2983 1893 3050 1946 iis
3080 1893 3172 1961 qui
3201 1894 3256 1946 in
3285 1901 3401 1950 toto

1817 1983 1958 2036 libro
1993 1982 2264 2045 feruntur,
2309 1983 2670 2036 testimonium
2711 1983 2964 2038 inscribi.
3006 1983 3064 2036 ln
3101 1985 3261 2039 linem
3297 1986 3402 2041 ita-

1817 2090 1923 2143 que
1954 2075 2202 2138 remittit,
2223 2073 2350 2143 quia
2385 2074 2570 2128 futura
2601 2075 2961 2142 vaticinatur;
2991 2083 3074 2130 est
3103 2091 3268 2140 vero,
3302 2093 3400 2146 pro

1815 2167 1882 2219 iis
1913 2170 2001 2235 qui
2028 2167 2512 2230 commulabuntur,
2539 2167 2608 2221 ob
2629 2169 2983 2222 mutationem
3009 2183 3197 2222 eorum
3221 2170 3310 2239 qui
3342 2173 3398 2225 in

1813 2259 2102 2328 prophetia
2143 2260 2504 2326 indicantur;
2547 2260 2906 2314 testimonium
2945 2269 3128 2315 autem
3169 2262 3395 2326 dicitur,

1815 2353 1942 2422 quia
1977 2352 2350 2406 testimonium
2385 2352 2590 2421 praebet
2621 2353 2742 2406 viro
2777 2353 2974 2406 ibidem
3007 2354 3395 2422 praenuntiata,

1813 2453 1866 2498 et
1893 2445 1942 2498 ei
1969 2444 2062 2514 qui
2090 2452 2318 2498 vocatur
2337 2443 2508 2500 Filius
2540 2444 2797 2498 hominis.
2818 2444 2954 2498 Nam
2981 2446 3271 2514 quemdam
3301 2445 3393 2498 Fi-

1811 2539 1942 2592 lium
1989 2537 2229 2592 hominis
2273 2537 2362 2590 hic
2407 2535 2653 2601 inducit,
2703 2545 2759 2590 et
2801 2537 2982 2590 virum
3027 2537 3266 2591 dextera:
3301 2537 3396 2592 Dei

1809 2625 2064 2682 eumdem
2093 2635 2391 2695 nuncupat.
2427 2624 2612 2680 Primo
2643 2625 2824 2694 itaque
2851 2625 3062 2680 Judaici
3095 2627 3280 2695 populi
3327 2643 3390 2682 ex

1811 2714 2048 2785 Egypto
2079 2716 2319 2780 exitum,
2359 2723 2522 2784 atque
2565 2703 2964 2770 habitationem
3005 2719 3057 2770 in
3101 2716 3392 2771 Palaestina

1811 2807 2101 2877 allegorice
2127 2823 2277 2862 more
2301 2807 2542 2862 declarat
2565 2807 2754 2862 dicens
2780 2827 2792 2860 :
2827 2808 3048 2862 Vineam
3074 2809 3138 2862 de
3157 2808 3390 2880 Aigyplo

1811 2899 2166 2962 transtulisti,
2199 2899 2401 2967 ejecisti
2435 2905 2610 2968 gentes
2644 2907 2692 2952 et
2726 2899 2982 2966 plantasti
3016 2915 3168 2964 eam,
3197 2911 3251 2954 et
3287 2917 3394 2956 ca:-

1811 3001 1944 3043 tera.
1967 2987 2174 3042 Deinde
2195 2987 2436 3042 futuram
2461 2989 2582 3058 ejus
2606 2989 3002 3045 desolationem
3029 2992 3114 3046 his
3143 2991 3346 3046 indicat
3371 3011 3384 3046 :

1813 3077 2010 3148 thuid
2032 3077 2342 3132 destruxisti
2367 3081 2654 3133 maceriam
2679 3081 2817 3148 ejus,
2849 3087 2898 3134 et
2931 3079 3249 3133 vindemiant
3271 3097 3390 3134 eam

127 3184 236 3233 σας
263 3169 484 3236 αὐτὴν,
509 3173 604 3223 καὶ
629 3171 696 3224 τὰ
727 3171 941 3235 τούτοις
965 3173 1233 3228 ἀκόλουθα
1251 3191 1264 3206 ·
1297 3173 1414 3228 εἶτα
1443 3177 1593 3246 δηλοῖ
1609 3176 1693 3247 τὴκ

1897 3191 1984 3227 nes
2015 3175 2104 3244 qui
2146 3173 2654 3243 prmtergrediunlur
2689 3175 2875 3230 niani?
2907 3174 2981 3228 De
3010 3175 3388 3231 obsidentibus

130 3261 387 3331 ἐσομένην
420 3264 656 3333 ἐρημίαν
686 3265 866 3317 αὐτῶν
910 3266 1134 3332 φάσκων
1158 3285 1170 3298 ·
1206 3269 1330 3322 Ἵνα
1355 3269 1410 3321 τί
1435 3269 1707 3334 καθεῖλες

123 3350 226 3404 τὸν
247 3353 524 3422 φραγμὸν
545 3354 758 3422 αὐτῆς,
789 3359 886 3410 καὶ
922 3361 1220 3430 τρυγῶσιν
1257 3361 1453 3430 αὐτὴν
1481 3361 1707 3428 πάντες

127 3445 178 3496 ol
217 3448 766 3515 παραπορευόμενοι
794 3449 907 3518 τὴν
945 3451 1114 3516 ὀδόν;
1161 3455 1269 3506 Καὶ
1315 3454 1442 3525 περὶ¹
1475 3453 1580 3507 τῶν
1611 3472 1706 3507 πο-

127 3529 524 3604 λιορκησάντων
553 3537 610 3589 δὲ
656 3539 893 3593 διδάσκει
933 3541 1138 3609 λέγων·
1185 3544 1552 3612 Ἐλυμῄνατο
1599 3547 1705 3598 αὺ-

123 3625 230 3692 τὴν
259 3623 332 3693 ὗς
375 3630 446 3682 ἐκ
487 3629 733 3698 δρυμοῦ,
763 3633 862 3685 καὶ
899 3634 1108 3703 μον-(ὸς
1140 3634 1342 3704 (inpiae
1385 3638 1705 3706 κατενεμή-

125 3729 265 3771 caro
315 3720 533 3791 αὐτήν.
572 3723 649 3773 Δι’
683 3716 758 3775 ὧν
799 3724 892 3776 δύο
940 3726 1308 3798 πολιορκητὰς
1345 3728 1562 3782 ἔσεσθαι
1607 3729 1701 3782 τοῦ

129 3809 299 3876 ἔθνους
347 3813 636 3884 σημαίνει·
691 3815 720 3867 ὃ
765 3817 826 3886 δὴ
862 3819 1050 3886 γέγονε
1103 3819 1199 3889 μὲν
1247 3820 1342 3872 καὶ
1393 3822 1532 3874 κατὰ
1576 3823 1703 3886 τοὺς

127 3901 224 3954 τῶν
253 3904 608 3960 Βαϐυλωνίων
635 3909 890 3978 χρόνους·
929 3911 1144 3981 πρῶτος
1197 3911 1305 3983 γάρ
1347 3914 1375 3964 ὁ
1417 3913 1702 3982 Ἀσσύριος

129 3993 360 4050 ἐπελθὼν
393 3997 494 4060 τὰς
541 3997 672 4050 δέκα
709 3999 880 4068 φυλὰς
909 4002 1002 4054 τοῦ
1064 4003 1280 4072 Ἰσραὴλ
1325 4005 1701 4074 αἰχμαλώτους

127 4083 436 4156 ἀπήγαγεν·
473 4083 591 4140 εἶτα
624 4089 760 4159 μετὰ
788 4089 975 4143 τοῦτον
1005 4094 1033 4144 ὀ
1057 4092 1396 4157 Βαϐυλώνιος
1428 4097 1552 4158 τοὺς
1579 4097 1700 4148 ὑπο-

123 4169 330 4238 λοίπους
377 4177 728 4248 ἐχειρώσατο,
775 4178 873 4249 τὴν
915 4179 1268 4252 Ἰερουσαλὴμ
1321 4185 1416 4236 σὺν
1461 4183 1538 4253 τῷ
1587 4184 1698 4254 ναῷ

123 4268 488 4338 πυρπολήσας.
528 4272 593 4322 Ὃ
623 4269 688 4340 δὴ
728 4269 974 4335 θεσπίζει
1009 4273 1232 4341 φάσκων
1279 4275 1306 4326 ὀ
1336 4275 1492 4344 λόγος
1515 4290 1530 4304 ·
1568 4277 1696 4344 Ἐμ-

125 4360 528 4429 αεετυρισμέινῃ
573 4361 643 4414 ἐν
687 4363 828 4430 πυρὶ
869 4364 968 4416 καὶ
1007 4365 1458 4434 ἀνεσκαμμένη·
1506 4368 1696 4437 γέγονε

123 4446 178 4498 δὲ
199 4449 288 4502 καὶ
319 4451 410 4503 ἐπὶ
435 4453 532 4522 τῆς
570 4453 854 4523 Ῥωμαίων
887 4453 1184 4523 βασιλείας,
1225 4458 1440 4528 πρῶτον
1473 4461 1570 4528 μὲν
1603 4477 1697 4512 πο-

1809 3274 1992 3320 autem
2037 3281 2157 3319 eam
2207 3265 2322 3320 haec
2351 3265 2520 3318 tradit
2548 3285 2560 3320 :
2597 3265 2988 3320 Exterminavit
3019 3285 3136 3320 eam
3171 3285 3295 3337 aper
3323 3268 3388 3324 de

1807 3363 1942 3417 silva
1964 3403 1978 3426 ,
2011 3371 2062 3416 et
2089 3363 2376 3432 singularis
2409 3362 2552 3432 [erus
2581 3365 2808 3418 vastavit
2837 3381 2976 3417 eam.
3023 3363 3234 3430 Quibus
3267 3381 3388 3420 ver--

1807 3455 1896 3511 his
1935 3471 2058 3510 eam
2095 3462 2312 3526 gentem
2351 3470 2383 3508 a
2424 3456 2642 3510 duobus
2683 3455 3046 3511 obsidendam
3085 3457 3382 3526 signiﬁcat.

1805 3545 1966 3610 Quod
2005 3544 2188 3600 evenit
2232 3543 2658 3614 Babyloniorum
2705 3554 2994 3614 tempore:
3035 3560 3162 3599 nam
3211 3545 3385 3615 Assy-

1802 3639 1920 3692 rius
1951 3637 2101 3707 prior
2135 3635 2431 3700 invadens,
2471 3635 2662 3691 decem
2709 3637 2885 3690 tribus
2927 3636 3096 3692 Israel
3139 3636 3384 3706 captivas

1804 3728 2029 3782 abduxit
2053 3747 2067 3796 ;
2097 3728 2294 3782 deinde
2318 3741 2448 3782 vero
2474 3727 2806 3798 Babylonius
2833 3728 3074 3782 incensis
3099 3743 3222 3780 cum
3248 3735 3388 3782 tem-

1803 3823 1894 3892 plo
1936 3821 2326 3890 Jerosolymis,
2372 3822 2617 3888 reliquos
2667 3820 2830 3888 cepit.
2869 3819 3026 3884 Quod
3069 3820 3157 3872 hic
3201 3835 3382 3874 sermo

1801 3915 2130 3967 vaticinatur
2165 3912 2249 3965 his
2300 3912 2516 3966 verbis:
2573 3909 2798 3964 Incensa
2853 3912 2969 3981 igne
3015 3919 3064 3964 et
3110 3911 3380 3979 stt/Fossa:

1801 4004 2038 4074 idipsum
2068 4019 2284 4072 quoque
2313 4001 2686 4056 Romanorum
2721 4011 2966 4072 tempore
2997 3999 3238 4068 accidit;
3269 4002 3382 4071 pri-

1799 4111 1890 4150 mo
1925 4096 2144 4164 quidem
2176 4093 2465 4149 obsidente
2498 4093 2652 4158 Tito,
2684 4095 2778 4162 qui
2807 4101 2930 4162 post
2963 4109 3154 4147 eorum
3187 4101 3378 4147 contra

1809 4186 2150 4242 Salvatorem
2206 4196 2454 4241 nostrum
2504 4187 2749 4240 facinora
2781 4227 2794 4250 ,
2849 4187 3110 4256 templum
3161 4201 3379 4254 quoque

1799 4277 2089 4343 incendit;
2143 4277 2340 4332 deinde
2395 4291 2524 4332 vero
2580 4275 2825 4330 Adriano
2877 4277 3180 4345 imperante
3213 4315 3230 4338 ,
3283 4275 3377 4344 qui

1795 4368 1997 4423 Judaeis
2021 4369 2171 4424 urbis
2212 4367 2420 4422 aditum
2463 4369 2570 4422 lata
2598 4370 2714 4438 lege
2745 4368 3069 4422 interclusit.
3098 4367 3201 4420 Sed
3223 4374 3376 4435 post-

1797 4479 1962 4531 quam
1993 4463 2182 4518 isthmc
2223 4461 2294 4516 de
2331 4461 2620 4516 obsidione
2665 4462 2840 4531 gentis
2887 4461 3216 4512 vaticinatus
3261 4457 3376 4510 fue-

127 4535 501 4611 λιορκήσαντος
533 4545 730 4608 αὐτοὺς
758 4546 917 4602 Τίτου
947 4545 1040 4598 τοῦ
1075 4547 1171 4600 καὶ
1197 4548 1258 4601 τὸ
1297 4549 1438 4620 ἱερδν
1483 4569 1693 4622 πυρπο-

1899 4590 1914 4614 ,
1966 4550 2021 4604 in
2066 4551 2428 4619 sequentibus
2471 4551 2538 4606 de
2583 4547 2768 4603 divino
2803 4547 3110 4602 Servatoris
3140 4547 3374 4600 adventu

127 4627 375 4698 λήσαντος
417 4635 555 4704 μετὰ
581 4637 650 4690 τὰ
675 4637 1014 4708 τολμηθέντα
1047 4639 1230 4702 αὐτοῖς
1273 4639 1414 4693 κατὰ
1457 4640 1550 4694 τοῦ
1579 4643 1693 4696 Σω-

129 4719 284 4790 τῆρος
317 4725 498 4794 ἡμῶν·
534 4726 726 4780 ἔπειτα
765 4728 1043 4798 Ἀδριανοῦ
1079 4729 1173 4782 τοῦ
1201 4730 1298 4801 τὴν
1341 4731 1494 4784 πόλιν
1521 4733 1693 4804 αὐτὴν

129 4805 315 4862 ἄϐατον
351 4813 620 4878 Ἰουδαίοις
653 4812 791 4870 εἶναι
821 4817 1298 4890 νομοθετήσαντος.
1343 4822 1478 4875 Ἀλλ’
1507 4824 1692 4894 ἐπειδὴ

129 4897 292 4952 ταῦτα
345 4905 472 4975 περὶ
518 4907 616 4976 τῆς
661 4907 979 4978 πολιορκίας
1035 4911 1288 4964 ἐθέσπισε
1340 4913 1434 4966 τοῦ
1487 4913 1692 4979 ἔθνους,

133 4991 321 5058 προῖὼν
361 4997 488 5066 περὶ
530 4999 625 5068 τῆς
677 5001 943 5071 σωτηρίου
993 5001 1311 5070 θεοφανείας
1353 5005 1517 5074 εὐχὴν
1561 5007 1695 5058 ἁνα-

129 5079 324 5148 επέμπει
369 5086 570 5154 λέγων·
613 5093 926 5159 Γενηθήτω
971 5093 1008 5160 ή
1059 5095 1186 5162 χείρ
1238 5111 1353 5148 σου
1387 5097 1478 5148 ἐπ’
1506 5098 1694 5165 ἄνδρα

135 5167 320 5239 δεξιᾶς
343 5191 476 5242 σου,
505 5181 599 5234 καὶ
623 5182 722 5235 ἐπὶ
773 5184 908 5236 Υἱὸν
939 5185 1251 5252 ἀνθρώπου
1279 5187 1350 5240 ὃν
1381 5188 1694 5254 ἔχραε-αἰω-

133 5277 238 5352 σᾲς
274 5270 520 5336 σεαυτῷ.
557 5275 872 5347 Παρακαλεῖ
913 5277 972 5329 δὲ
1021 5279 1076 5328 ἐν
1121 5278 1331 5342 τούτοις
1383 5281 1470 5333 τὸν
1519 5281 1688 5352 ἄνδρα

1803 4643 1918 4696 Ιισιο
1947 4645 2219 4714 precando
2251 4644 2424 4698 dicit:
2463 4645 2594 4697 Fiat
2630 4660 2817 4697 manus
2865 4653 2958 4695 tua
3005 4657 3160 4709 super
3202 4641 3374 4693 virum

1791 4734 2018 4789 dextera:
2049 4745 2150 4790 tute
2173 4775 2188 4798 ,
2225 4747 2272 4789 et
2303 4752 2458 4804 super
2487 4736 2690 4789 Filium
2723 4735 2950 4787 hominis
2985 4749 3136 4803 quem
3176 4735 3374 4800 conﬁr-

1792 4830 1954 4882 masli
2003 4830 2116 4883 tibi.
2159 4828 2255 4884 llis
2289 4839 2468 4884 autem
2505 4837 2690 4899 rogat,
2723 4839 2782 4881 ut
2811 4829 2896 4883 vir
2923 4828 3160 4881 dexterae
3188 4825 3280 4878 Dei
3315 4827 3372 4878 in

1794 4929 1938 4975 terra
1977 4929 2258 4990 appareat.
2299 4921 2404 4976 Per
2435 4923 2612 4990 ipsum
2647 4921 2828 4982 enim,
2869 4919 3081 4989 inquit,
3129 4933 3230 4971 nos
3275 4918 3369 4985 qui

1795 5013 2140 5082 suscepimus
2174 5029 2298 5067 eum
2321 5052 2336 5076 ,
2369 5028 2476 5066 non
2517 5011 2860 5066 discedemus
2895 5026 2924 5064 a
2959 5019 3042 5072 te,
3079 5009 3170 5063 sed
3211 5008 3368 5061 etiam

1795 5117 1892 5171 per
1929 5103 2110 5172 ipsum
2144 5119 2246 5157 nos
2279 5103 2622 5157 viviticahis:
2663 5101 3016 5171 quamobrem
3063 5101 3148 5152 his
3187 5097 3367 5152 verbis

1791 5195 2206 5264 supplicamus:
2259 5194 2484 5248 Domine
2529 5197 2815 5259 virtutum,
2861 5201 3096 5246 converte
3139 5208 3268 5252 nos,
3319 5197 3367 5241 et

1787 5287 2003 5340 ostende
2033 5287 2225 5355 [aciem
2257 5295 2403 5338 tuam
2436 5302 2532 5356 per
2561 5286 2880 5356 praedictum
2911 5273 3087 5340 virum
3110 5325 3124 5351 ,
3155 5293 3202 5337 et
3234 5282 3368 5335 salvi

137 5357 224 5420 τῆς
248 5357 420 5424 δεξιᾶς
447 5363 538 5415 τοῦ
564 5365 694 5418 Θεοῦ
723 5366 954 5436 ὀφθῆναι
984 5368 1076 5420 ἐπὶ
1107 5369 1230 5437 γῆς.
1263 5373 1340 5422 Δι’
1365 5371 1527 5424 αὑτοῦ
1555 5373 1682 5444 γὰρ,
1708 5427 1712 5432 _
1781 5379 1998 5431 επξηιιιε,
2041 5411 2044 5420 .

139 5445 305 5540 νησὶν,
341 5451 499 5518 ἡμεῖς
527 5457 574 5506 οἱ
611 5459 1042 5530 παραδεξάμενοι
1070 5461 1229 5514 αὑτὸν
1264 5463 1323 5514 οὐ
1367 5462 1440 5532 μὴ
1476 5465 1801 5536 ἀποστῶμεν
1869 5469 1976 5522 ἀπὸ
2014 5470 2129 5531 σοῦ,
2162 5469 2296 5523 ἀλλά
2330 5469 2422 5524 καὶ
2455 5468 2694 5534 ζωώσεις
2729 5471 2874 5540 ἡμᾶς
2907 5469 2970 5522 δι’
3014 5468 3178 5521 σύτοῦ
3221 5487 3234 5500 ·
3295 5471 3364 5524 δι’

137 5533 162 5584 ὅ
203 5540 308 5634 καὶ-
333 5543 640 5634 ἱκετεύομεν
698 5551 950 5621 λέγοντες
989 5571 1002 5583 ·
1050 5557 1228 5625 Κύριε
1269 5557 1389 5610 τῶν
1417 5557 1748 5628 δυνάμεων,
1791 5564 2164 5634 ἑπίστρεψον
2199 5565 2371 5633 ἡμᾶς,
2430 5567 2524 5619 καὶ
2573 5566 2868 5634 ἐπίμονον
2921 5565 2984 5617 τὸ
3041 5565 3362 5634 πρόσωπόν

135 5639 258 5692 σουν
290 5631 376 5685 διὰ
407 5634 498 5686 τοῦ
541 5636 866 5708 δηλωθέντος
893 5645 1104 5716 ἀνδρὸς,
1141 5647 1238 5702 καὶ
1265 5652 1674 5718 σωθησίᾷιεθα.

195 5805 406 5866 "Psal.
451 5827 628 5886 nux,
661 5820 709 5874 1,
