3776 6284
449 398 548 458 83]

1197 515 1292 573 1X.

516 609 819 665 Admodum
846 617 1246 678 consequenter
1284 606 1348 661 ad
1392 606 1664 677 praadicta,
1692 604 1824 669 haec,
1855 616 2017 672 quam

445 708 767 761 tractamus,
815 701 1120 772 prophetia,
1171 717 1265 769 pro
1313 698 1666 753 torcularibus
1687 698 1729 728 "'
1757 696 2021 763 inscripta

444 799 548 853 est,
578 800 632 847 et
663 793 727 847 ad
759 793 919 847 linem
946 791 1192 847 remittit.
1218 790 1536 844 Torcularia
1563 803 1724 858 porro
1745 787 1833 840 hic
1863 792 2021 839 vocat

445 885 718 941 Ecclesias
755 886 849 941 Dei
890 902 986 956 per
1008 895 1181 939 totum
1204 885 1392 939 orbem
1437 884 1788 947 constitutas,
1815 883 1869 936 in
1898 882 2022 951 qui-

445 975 549 1030 bus
591 985 795 1030 sanctae
837 977 984 1030 illius
1022 977 1194 1031 vineae
1234 975 1507 1029 vindemia
1549 975 1843 1045 colligitur.
1895 971 2023 1027 Stu-

444 1066 622 1137 pendo
654 1076 835 1123 autem
882 1067 1044 1123 modo
1079 1084 1173 1137 pro
1222 1067 1598 1133 torcularibus,
1642 1074 1764 1137 post
1805 1068 2022 1123 destru-

443 1167 586 1211 ctam
619 1158 856 1227 priorem
898 1160 1135 1223 vineam,
1175 1159 1512 1214 inscribitur.
1547 1158 1639 1212 illa
1681 1174 1916 1228 namque
1952 1159 2021 1215 ab

443 1249 646 1318 agresti
674 1264 806 1319 apro
842 1258 1071 1316 vastata,
1106 1259 1269 1321 atque
1299 1251 1537 1305 maceria
1566 1251 1688 1320 ejus
1717 1251 2019 1317 destructa,

440 1339 533 1393 hic
555 1342 850 1395 multorum
876 1342 1257 1406 torcularium,
1281 1358 1390 1397 non
1421 1343 1585 1398 unius
1608 1351 1842 1406 tantum,
1869 1358 2025 1397 men-

443 1433 519 1484 tio
550 1432 803 1488 habetur.
860 1433 1125 1489 Torcular
1174 1442 1354 1488 autem
1397 1435 1631 1505 primum
1677 1436 1834 1499 illud,
1875 1433 2019 1505 quod

441 1538 610 1575 unum
643 1532 780 1588 erat,
820 1522 1135 1579 declarabat
1171 1524 1343 1581 Isaias
1382 1527 1468 1583 his
1508 1527 1725 1581 verbis:
1756 1525 1824 1579 Et
1853 1526 2023 1597 adiﬁ-

440 1614 555 1666 cavi
595 1615 810 1679 turrim,
861 1624 913 1668 et
945 1617 1286 1683 protorcular
1319 1617 1433 1687 [odi
1475 1619 1529 1671 in
1574 1618 1688 1686 ipsa
1710 1617 1776 1681 ⁸⁸,
1812 1618 2021 1673 scilicet

436 1703 615 1756 vinea.
666 1704 737 1757 At
785 1713 1075 1775 postquam
1130 1708 1318 1777 primae
1368 1708 1539 1763 turris
1586 1708 1801 1761 ruinam
1858 1716 2020 1778 atque

438 1794 840 1862 protorcularis
876 1796 1330 1867 destructionem,
1373 1800 1611 1869 itemque
1651 1801 1820 1855 totius
1851 1799 2020 1854 vincte

439 1883 832 1941 desolationem
884 1887 1001 1943 illic
1053 1898 1440 1958 enarraverat;
1485 1891 1610 1959 jure
1663 1892 1721 1945 in
1763 1891 2017 1959 praesenti

435 1975 680 2031 omnium
727 1979 970 2047 gentium
1017 1982 1363 2037 vocationem
1407 1982 1715 2047 denuntiat,
1761 1997 1885 2037 cum
1924 1999 2017 2051 pro

436 2066 796 2122 torcularibus
841 2068 1181 2139 prophetiam
1228 2072 1504 2127 inscribit.
1548 2070 1912 2137 Quamobrem
1950 2074 2018 2127 ad

431 2157 693 2228 gaudium
721 2166 777 2214 et
802 2160 1042 2215 lmtitiam
1062 2177 1180 2225 eos,
1215 2163 1414 2233 quibus
1439 2162 1792 2234 Evangelium
1821 2164 2017 2233 praedi.

434 2257 618 2315 catur,
667 2251 863 2305 invitat
894 2252 1084 2309 dicens
1115 2253 1439 2310 :Ea‘sultale
1487 2254 1598 2310 Deo
1638 2256 1874 2325 adjutori
1922 2273 2018 2310 no-

431 2350 570 2406 stro,
613 2343 841 2411 jubilate
884 2344 994 2400 Deo
1022 2344 1214 2401 Iacob.
1249 2347 1453 2404 Sumite
1487 2349 1774 2418 psalmum,
1814 2358 1863 2402 et
1894 2348 2018 2402 date

434 2444 770 2505 tympanum,
815 2437 1133 2506 psalterium
1167 2425 1465 2509 jucundum
1511 2458 1631 2495 cum
1675 2441 1903 2498 cithara.
1950 2442 2017 2497 Et

431 2523 549 2578 haec
576 2525 798 2595 quidem
840 2528 909 2584 iis
956 2528 1049 2599 qui
1092 2529 1241 2601 digni
1282 2530 1576 2603 Evangelia
1620 2543 1772 2598 sunt,
1812 2533 2016 2604 quique

431 2616 673 2685 propriis
718 2616 996 2675 fructibus
1033 2622 1331 2677 toreularia
1381 2624 1615 2694 replent.
1666 2624 1743 2680 De
1788 2623 2014 2681 Iudaica

431 2720 564 2760 vero
589 2715 755 2777 gente
784 2709 934 2766 clare
968 2711 1251 2784 subiungit
1280 2732 1293 2768 :
1320 2714 1391 2768 Et
1427 2732 1530 2770 non
1563 2717 1760 2772 audivit
1790 2718 2014 2787 populus

430 2812 578 2852 mea:
616 2814 789 2854 vocem
823 2817 1016 2867 meam,
1049 2812 1100 2857 et
1130 2803 1306 2860 Israel
1335 2823 1440 2861 non
1478 2807 1705 2863 intendit
1753 2810 1903 2864 mihi.
1944 2807 2015 2863 Et

427 2887 612 2943 dimisi
652 2907 741 2946 eos
787 2893 1077 2950 secundum
1122 2895 1387 2952 desideria
1422 2900 1599 2954 cordis
1644 2917 1842 2955 eorum.
1886 2901 2013 2959 Haec

430 2993 597 3049 posro
626 2986 1100 3052 opportunissime
1136 2988 1465 3056 praecedenti
1503 2992 1800 3061 prophetiae
1835 2993 2015 3048 cohae-

425 3078 571 3127 rent.
609 3069 1081 3138 Quemadmodum
1122 3080 1267 3134 enim
1304 3080 1417 3135 illic
1454 3083 1626 3137 vineae
1656 3084 1873 3139 ruinam
1912 3085 2011 3141 de-

1152 398 1424 456 EL'SEBll
1454 393 1929 455 C/ESARIENSIS
1955 388 2101 446 OPP.
2138 387 2320 445 PARS
2346 385 2434 443 ΙΙΙ.
2458 416 2519 430 -—
2541 381 2953 440 EXEGETICA.

3550 380 3624 434 εει

2879 496 2954 549 8’.

2194 594 2406 666 Σφόδρα
2436 593 2741 654 ἀκολούθως
2779 592 2890 651 τοῖς
2925 583 3293 657 προλεχθεῖσιν
3320 582 3353 651 ἡ
3400 579 3519 650 μετά
3547 584 3627 653 χεῖ-

2124 703 2222 757 ρας
2254 687 2553 757 προφητεία
2585 685 2735 752 ὑπὲρ
2766 683 2883 736 τῶν
2910 676 3114 746 Juv-(Br
3137 675 3626 747 προγέγραπται,καὶ

2120 781 2199 842 εἰς
2224 779 2286 832 τὸ
2309 778 2457 841 τέλος
2481 777 2810 847 ἀναπέμπει.
2843 766 3049 843 Ληνοὺς
3068 769 3125 822 δὲ
3152 766 3240 820 διὰ
3266 765 3459 818 τούτων
3479 765 3627 833 ὀνομά-

2121 870 2201 934 ζει
2239 869 2337 933 τὰς
2382 868 2500 922 καθ’
2549 867 2677 936 ὅλης
2725 865 2825 933 τῆς
2876 854 3519 931 οἰκουμένηςἘκκλησίας
3559 856 3626 907 τοῦ

2118 961 2274 1026 Θεοῦ,
2302 962 2359 1013 ὲν
2382 956 2463 1024 οἷς
2494 962 2522 1013 ὁ
2544 958 2810 1031 τρυγητὺς
2834 955 2932 1025 τῆς
2955 953 3113 1021 ἀγίας
3136 948 3376 1020 ἀμπέλου
3402 947 3625 1015 συνῆκται.

2121 1053 2445 1125 Παραδόξως
2497 1053 2554 1105 δὲ
2610 1050 3045 1122 προγέγραπται,
3094 1043 3245 1111 ὑπὲρ
3301 1038 3415 1093 τῶν
3456 1037 3627 1105 ληνῶν,

2123 1144 2261 1215 μετά
2292 1144 2381 1197 τὸν
2422 1142 2726 1212 ἀφανισμὸν
2759 1140 2856 1209 τῆς
2905 1136 3174 1209 προτέρας
3207 1131 3465 1203 ἀμπέλου.
3502 1129 3631 1181 Ἐκείο

2119 1250 2216 1305 νης
2244 1233 2352 1303 γὰρ
2385 1231 2749 1303 λυμανθείσης
2782 1229 2887 1283 ὑπὸ
2913 1228 3005 1281 τοῦ
3037 1225 3228 1297 ἀγρίου
3261 1222 3382 1284 συὸς
3409 1220 3532 1291 (sic),
3564 1218 3630 1271 τοῦ

2117 1344 2179 1379 τε
2221 1325 2477 1398 φραγμοῦ
2522 1324 2693 1395 αὐτῆς
2736 1320 3172 1395 καθαιρεθέντος,
3209 1314 3435 1369 ἐνταῦθα
3472 1309 3631 1363 πολλιῖιν

2118 1418 2292 1491 ληνῶν
2324 1419 2417 1472 καὶ⁵
2443 1418 2624 1471 οὐκέτι
2653 1417 2783 1487 μιᾶς
2811 1417 2839 1469 ὁ
2867 1414 3022 1481 λόγος
3052 1406 3398 1482 μνημονεύει.
3429 1404 3571 1475 Ληνὶιν
3592 1403 3632 1456 δὲ

2121 1512 2250 1584 μίαν
2291 1514 2387 1583 τὴν
2421 1510 2641 1583 πρώτην
2672 1508 2860 1581 ἐδήλου
2887 1508 2980 1561 καὶ
3004 1509 3032 1559 ὁ
3068 1504 3295 1564 Ἠσαῖας
3340 1499 3523 1566 λέγων·
3554 1495 3633 1547 Kal

2117 1609 2475 1679 ᾠκοδόμησα
2524 1608 2773 1676 πύργον,
2822 1603 2921 1658 καὶ
2971 1598 3306 1670 προλήνιον
3362 1592 3541 1661 dipan
3585 1590 3634 1643 ἐν

2120 1702 2298 1769 αὐτῷ,
2329 1701 2526 1773 δηλαδὴ
2567 1699 2644 1770 τῷ
2677 1696 2975 1770 ἀμπελῶνι.
3024 1692 3159 1747 Ἀλλ’
3192 1690 3318 1743 ἐπεὶ
3348 1687 3443 1759 τὴν
3478 1684 3634 1786 πτῶσιν

2123 1797 2310 1868 ἐδήλου
2343 1796 2436 1849 τοῦ
2462 1793 2727 1865 προτέρου
2754 1791 2986 1862 πύργου,
3016 1788 3111 1841 καὶ
3134 1783 3224 1838 τὸν
3261 1779 3545 1850 ἀφανισμὸν
3568 1779 3633 1829 τοῦ

2122 1887 2430 1957 προληνίου,
2464 1886 2562 1956 τήν
2596 1902 2653 1936 τε
2697 1882 2791 1935 τοῦ
2838 1880 3036 1943 παντὸς
3087 1873 3411 1948 ἀμπελῶνος
3455 1868 3634 1940 ἐρημίαν

2120 1981 2176 2032 ὲν
2210 1979 2463 2040 ἐκείνοις”
2509 1977 2733 2037 είκότως
2780 1972 2869 2027 διὰ
2915 1970 3008 2024 τοῦ
3063 1967 3331 2039 παρόντος
3373 1963 3475 2017 τῶν
3511 1960 3634 2014 ἐθνῶν

2119 2070 2371 2124 ἁπάντων
2402 2068 2501 2139 τὴν
2531 2067 2722 2138 κλῆσιν
2763 2061 3192 2134 εὐαγγελίζεται,
3235 2058 3393 2125 ὑπὲρ
3422 2054 3526 2110 τῶν
3557 2059 3634 2121 .111-

2117 2162 2239 2218 νῶν
2269 2160 2581 2232 ἐπιγράψας
2614 2160 2714 2230 τὴν
2750 2155 3106 2229 προφητείαν.
3138 2152 3231 2205 Διὸ
3261 2151 3355 2205 ἐπὶ
3389 2147 3542 2221 χαρὰν
3571 2148 3635 2200 καὶ

2116 2253 2452 2327 εὐφροσύνην
2491 2237 2842 2323 προκαλεῖται
2872 2250 2999 2311 τοὺς
3029 2241 3534 2313 εὐαγγελιζομένους
3567 2240 3636 2306 φά-

2119 2364 2294 2403 σκων
2353 2343 2740 2417 Ἀγαλλιᾶσθε
2792 2340 2873 2407 τῷ
2926 2337 3048 2404 Θεῷ
3091 2338 3170 2404 τῷ
3216 2333 3427 2403 βοηθῷ
3476 2331 3632 2403 ἡμῶν·

2115 2440 2459 2505 ἀλαλάξατε
2504 2437 2584 2504 τῷ
2615 2436 2738 2502 Θεῷ
2772 2434 2987 2491 Ἰακώϐ.
3025 2432 3245 2487 Λάϐετε
3291 2428 3540 2499 ψαλμὸν,
3566 2426 3634 2479 καί

2115 2533 2249 2587 δότε
2293 2535 2623 2601 τύμπανον,
2671 2528 3009 2598 ψαλτήριον
3052 2523 3318 2595 τερπνὸν
3349 2521 3490 2592 μετὰ
3518 2515 3636 2572 aulide

2106 2644 2243 2696 ρας.
2284 2625 2468 2678 Ταῦτα
2501 2624 2599 2694 μὲν
2624 2619 2716 2676 οῦν
2744 2625 2855 2683 τοῖς
2878 2618 3047 2683 ἀξίοις
3073 2616 3164 2671 τοῦ
3190 2612 3532 2684 Εὑαγγελίου,
3558 2613 3637 2674 τοῖς

2114 2720 2212 2783 τὰς
2237 2719 2431 2790 ληνοὺς
2457 2715 2565 2770 ἀπὸ
2589 2714 2696 2769 τῶν
2722 2714 2937 2768 οἰκείων
2964 2710 3193 2781 καρπῶν
3226 2705 3511 2779 πληροῦσι.
3542 2700 3638 2774 Περὶ

2112 2813 2166 2866 δὲ
2208 2812 2300 2865 τοῦ
2340 2808 2603 2865 Ἰουδαίων
2637 2808 2821 2870 ἔθνους
2872 2806 3060 2874 σαφῶς
3100 2801 3346 2870 ἐπιλέγει
3368 2815 3382 2828 '
3428 2797 3527 2852 Kal
3559 2799 3637 2850 οῠι

2113 2905 2384 2973 ἤκουσεν
2408 2906 2441 2956 ὀ
2463 2901 2612 2967 λαός
2634 2917 2754 2970 μου
2780 2898 2892 2967 τῆς
2925 2894 3130 2966 φωνῆς
3144 2911 3288 2965 μου,
3324 2891 3422 2945 καί
3456 2886 3637 2958 Ἰσραὴλ

2113 2997 2183 3048 οὐ
2217 2993 2524 3062 προσέσχε
2558 3009 2679 3061 μοι.
2713 2990 2823 3046 Καὶ
2860 2986 3264 3053 ἐξαπέστειλα
3296 2981 3507 3047 αὐτοὺς
3529 2978 3638 3034 κατὰ

2113 3089 2186 3142 τὰ
2215 3086 2653 3156 ἐπιτηδεύματα
2696 3083 2806 3151 τῆς
2834 3081 3083 3151 καρδίας
3125 3078 3353 3134 αὐτῶν.
3385 3076 3569 3146 Πολλῆς
3598 3073 3637 3127 δὲ

2054 511 2099 568 Δ

2048 1836 2095 1897 Β

425 3160 696 3230 clarabat,
733 3164 811 3219 ita
846 3167 1014 3222 etiam
1057 3170 1162 3223 hoc
1200 3171 1324 3226 loco
1363 3175 1680 3229 eorumdem
1726 3174 2007 3231 hominum

2114 3178 2292 3249 ἔχεται
2321 3175 2637 3237 ἀκολουθίας
2665 3173 2836 3228 ταῦτα
2865 3171 2998 3243 πρὸς
3020 3170 3119 3243 τὴν
3144 3168 3455 3241 ἔμπροσθεν
3480 3183 3638 3238 προφη-

423 3249 902 3324 inobsequentiam
948 3264 1236 3331 coarguit;
1270 3270 1326 3317 et
1385 3265 1530 3319 sicut
1576 3265 1635 3318 in
1686 3265 1779 3320 illo
1826 3267 2003 3321 virum

424 3340 662 3400 dexterae
713 3346 832 3413 Dei,
877 3356 931 3404 et
959 3349 1156 3407 Filium
1207 3354 1447 3411 hominis
1490 3357 1873 3412 conﬁrmatum
1914 3358 2004 3413 in-

425 3432 607 3502 duxit,
654 3438 733 3493 sic
778 3439 855 3495 illi
892 3441 1033 3498 hanc
1081 3445 1366 3514 subjunxit
1411 3448 1772 3518 prophetiam,
1806 3449 2005 3505 inscri-

424 3532 574 3595 ptam
606 3545 702 3598 pro
746 3534 1126 3600 torcularibus,
1173 3537 1229 3592 id
1270 3546 1377 3604 est,
1407 3538 1670 3597 Ecclesiis
1712 3540 1831 3608 Dei,
1864 3558 2002 3613 quas

432 3613 610 3677 Filius
630 3620 870 3681 hominis
886 3628 1192 3686 constituit.

493 3975 597 4035 Hic
624 3979 807 4053 Asaph
847 3984 980 4042 deos
1011 3987 1244 4054 inducit,
1273 3997 1326 4045 et
1361 3990 1530 4046 Deum
1568 3993 1624 4049 in
1665 3996 1846 4051 med.o
1875 3996 2006 4053 dco-

423 4077 570 4135 rum,
596 4088 714 4139 eos,
743 4077 837 4145 qui
860 4078 937 4132 dii
969 4089 1257 4146 vocantur,
1288 4083 1680 4153 dijudicantem
1705 4098 1759 4144 et
1787 4092 2005 4160 quidem

422 4165 776 4220 necessario:
826 4184 953 4224 nam
1005 4173 1131 4242 quia
1196 4177 1450 4245 superius
1499 4185 1669 4232 totam
1719 4179 2004 4237 Iudaicam

421 4263 639 4325 gentem
674 4257 980 4328 incusabat,
1016 4277 1415 4338 consequenter
1445 4271 1498 4324 in
1530 4275 1782 4341 praesenti
1813 4290 2003 4330 eorum

424 4347 703 4420 principes
732 4355 1016 4422 speciatim
1055 4360 1324 4430 coarguit.
1370 4361 1573 4419 Deinde
1608 4366 1736 4435 quia
1775 4367 1829 4420 in
1861 4384 2004 4438 prae-

422 4439 639 4496 cedenti
674 4446 885 4513 psalmo
917 4447 1197 4505 Cbristum
1230 4452 1347 4518 Dei,
1384 4456 1563 4510 virum
1599 4456 1837 4513 dexterae
1883 4460 2005 4530 ejus

420 4539 476 4587 et
501 4530 698 4589 Filium
732 4536 975 4596 hominis
1004 4544 1391 4600 conﬁrmatum
1430 4558 1740 4610 vocaverat.
1782 4551 1903 4621 ejus
1945 4553 2001 4608 in
2033 4538 2078 4593 Ῑ)

424 4638 588 4682 carne
611 4628 902 4686 adventum
938 4634 1025 4691 bis
1054 4637 1392 4706 signiﬁcans,
1428 4658 1497 4696 ne
1523 4643 1648 4712 quis
1672 4645 1848 4713 ipsum
1883 4663 2001 4703 me-

424 4727 545 4769 rum
577 4717 876 4788 hominem,
909 4731 963 4779 et
988 4727 1175 4783 multis
1197 4729 1321 4784 aliis
1351 4730 1583 4786 similem
1618 4734 2000 4801 arbitraretur,

421 4802 601 4874 ipsum
635 4808 723 4865 hic
753 4811 921 4868 Deum
950 4818 1208 4885 praedicat
1238 4818 1324 4875 his
1353 4820 1535 4876 verbis
1566 4839 1581 4876 :
1610 4821 1749 4877 Deus
1780 4827 1921 4878 stetit
1947 4828 2001 4880 in

422 4913 696 4972 synagoga
727 4902 943 4961 deorum
971 4909 1036 4963 ⁸⁸.
1075 4909 1149 4981 (l)
1181 4911 1257 4965 Ac
1297 4927 1364 4966 ne
1389 4913 1513 4983 quis
1546 4914 1615 4969 ob
1649 4920 2002 4988 ntonarchize,

420 4991 537 5046 sive
568 4994 731 5052 unius
760 4998 1017 5070 principii
1058 5004 1325 5059 rationem
1357 5007 1690 5073 turbaretur,
1714 5010 1994 5066 Christum

423 5081 519 5138 Dei
568 5083 738 5142 Deum
786 5105 909 5146 esse
956 5094 1220 5161 audiens;
1258 5107 1625 5167 congruenter
1668 5100 1754 5156 hic
1795 5105 1996 5161 multos

422 5173 558 5234 deos
585 5182 831 5236 nominat
862 5198 958 5239 eos
998 5186 1093 5256 qui
1123 5188 1227 5244 sub
1264 5190 1378 5244 haec
1412 5190 1754 5260 incusantur,
1781 5203 1996 5250 tantum

420 5280 534 5355 non
567 5272 890 5342 prtecipiens
911 5282 971 5331 ut
1001 5292 1070 5332 ne
1094 5287 1415 5335 cunctemur
1432 5279 1631 5337 Filium
1654 5301 1870 5355 quoque
1901 5286 1992 5342 Dei

423 5353 609 5414 Deum
632 5378 850 5422 vocare.
886 5365 944 5421 Si
987 5370 1131 5424 enim
1175 5373 1353 5442 gentis
1380 5353 1683 5445 principes,
1715 5353 1807 5446 qui
1856 5377 1998 5432 male

422 5449 738 5520 audiebant,
780 5455 874 5511 Dei
903 5463 1122 5516 nomine
1156 5462 1364 5533 dignati
1412 5473 1562 5532 sunt,
1594 5469 1758 5537 quod.
1786 5485 1993 5539 quaeso,

422 5544 725 5611 periculum
757 5547 921 5606 fuerit
956 5554 1004 5608 si
1033 5555 1208 5609 virum
1226 5556 1461 5614 dexterae
1483 5558 1577 5615 Dei
1607 5568 1660 5616 et
1680 5559 1875 5617 Filium
1894 5564 1995 5618 ho-

420 5633 585 5692 minis
623 5639 1027 5714 coniirmatum,
1064 5645 1235 5704 Deum
1280 5648 1586 5708 fateamur?
1628 5652 1833 5711 Deinde
1863 5673 1992 5713 vero

492 5752 538 5783 ⁸⁷
565 5750 712 5808 Psal.
754 5768 921 5821 uxx,
959 5758 1010 5812 Ι.
1087 5760 1130 5792 ⁸⁸
1163 5761 1267 5815 lsa.
1305 5780 1358 5826 ν,
1386 5763 1439 5817 2.
1518 5764 1563 5798 "
1592 5764 1736 5823 Psal.
1770 5783 1955 5838 Lxxxt,
1992 5772 2038 5828 Ι.

498 5860 580 5927 (ἓ)
609 5862 685 5919 De
710 5866 1025 5922 monarchia
1062 5869 1179 5925 vide
1207 5871 1259 5930 in
1291 5872 1448 5929 Praef.

2103 3268 2275 3321 τείαν.
2316 3267 2404 3329 Ὠς
2429 3264 2538 3336 γὰρ
2569 3265 2684 3317 ἐκεῖ
2710 3262 2809 3333 τῆς
2832 3260 3077 3333 ἀμπέλου
3111 3259 3202 3314 τὸν
3230 3257 3526 3328 ἀφανισμὸν
3552 3255 3637 3325 ἐδή-

2103 3358 2217 3424 λου,
2252 3357 2397 3411 οὖτω
2468 3356 2562 3410 καὶ
2600 3355 2836 3410 ἐνταῦθα
2875 3353 2981 3407 τῶν
3023 3352 3202 3407 αὐτῶν
3233 3352 3300 3405 τὸ
3340 3350 3544 3413 ἀπειθὲς
3573 3347 3637 3399 καὶ

2105 3453 2333 3524 ἀνήκοον
2363 3450 2573 3520 ἐλέγχει
2592 3466 2606 3480 ’
2634 3448 2729 3503 καὶ
2760 3447 2836 3510 ὼς
2871 3448 2928 3499 ὲν
2971 3446 3162 3527 ἐκείνῳ
3191 3443 3368 3515 ἄνδρα
3397 3436 3636 3506 δεξιᾶςτοῦ

2104 3543 2243 3597 Θεοῦ
2269 3545 2557 3614 εἰσήγαγε,
2589 3541 2686 3595 καὶ
2717 3539 2845 3593 Υἱὸν
2868 3536 3156 3609 ἀνθρώπου
3184 3533 3636 3607 κεκραταιωμένον,

2103 3635 2247 3689 οὕτω
2309 3633 2398 3687 διὰ
2436 3631 2544 3687 τῶν
2581 3630 2957 3702 προκειμένων
2996 3626 3095 3697 τὴν
3139 3626 3297 3695 ὑπὲρ
3340 3624 3456 3679 τῶν
3480 3617 3638 3689 ληνῶν

2108 3727 2312 3798 συνῆψε
2336 3726 2694 3798 προφητείαν,
2717 3721 2919 3800 δηλαδὴ
2945 3719 3051 3773 τῶν
3068 3717 3413 3788 Ἑκκλησιῶν
3431 3716 3515 3769 τοῦ
3536 3711 3636 3768 Θεοῦ

2105 3818 2173 3884 ἃς
2207 3822 2235 3873 ὁ
2269 3819 2398 3882 Υἱὸς
2428 3816 2523 3871 τοῦ
2553 3816 2840 3887 ἀνθρώπου
2877 3811 3264 3883 συνεστήσατο.

2860 3907 2919 3960 Ῑ’.

2176 4003 2342 4067 Θεοὺς
2374 4001 2581 4070 εἰσάγει
2615 4001 2709 4055 καὶ
2737 3999 2869 4053 Θεὸν
2903 4000 2959 4054 ὲν
2988 3997 3137 4070 μέσῳ
3167 3997 3310 4051 θεῶν
3350 3994 3634 4065 διακρίνοντα

2105 4097 2230 4160 τοὺς
2259 4094 2676 4165 ὠνομασμένους
2709 4093 2862 4155 θεοὺς
2896 4093 2954 4145 ὲν
3001 4090 3210 4153 τούτοις
3238 4092 3267 4143 ὁ
3306 4087 3475 4157 Ἀσάφ
3513 4087 3634 4151 ἀναγ-

2106 4190 2312 4252 καίωςο
2359 4186 2544 4257 ἐπειδὴ
2584 4186 2695 4257 γὰρ
2730 4184 2819 4238 διὰ
2849 4183 2958 4236 τῶν
2998 4179 3309 4253 ἔμπροσθεν
3348 4177 3439 4233 τοῦ
3482 4170 3633 4233 παντὸς

2119 4280 2385 4334 Ἰουδαίων
2434 4279 2620 4341 ἔθνους
2669 4277 2999 4349 κατηγόρει,
3060 4272 3375 4337 ἀκολούθως
3433 4269 3515 4324 ἐπὶ
3564 4262 3631 4318 τοῦ

2105 4372 2373 4444 παρόντος
2399 4372 2522 4435 τοὺς
2556 4371 2685 4442 παρ’
2733 4369 2915 4430 αὐτοῖς
2958 4367 3221 4439 ἄρχοντας
3271 4364 3420 4427 ἰδίως
3448 4357 3631 4430 ἐλέγχει·

2100 4456 2219 4519 Ἐἶτ’
2251 4466 2440 4537 ἐπειδὴ
2468 4466 2558 4519 τὸν
2587 4463 2822 4536 Χριστὸν
2854 4461 2948 4515 τοῦ
2981 4460 3115 4514 Θεοῦ
3162 4461 3219 4514 ὲν
3249 4458 3328 4529 τῷ
3362 4458 3462 4528 πρὸ
3487 4454 3631 4508 τούτω

2106 4560 2272 4631 ἄνδρα
2297 4558 2546 4629 ὠνόμασε
2571 4554 2752 4620 δεξιᾶς
2787 4551 2948 4608 αὐτοῦ
2987 4552 3083 4606 καὶ
3108 4550 3236 4603 Υἱὸν
3274 4546 3544 4619 ἀνθρώπού
3564 4554 3629 4593 κει

2104 4650 2535 4723 κραταιωμένον,
2570 4649 2669 4720 τὴν
2713 4646 2975 4717 ἔνσαρκον
3019 4641 3185 4696 αὐτοῦ
3234 4639 3525 4713 παρουσίαν

2109 4718 2302 4813 at,an
2337 4718 2425 4794 ἵνα
2457 4741 2529 4811 μή
2569 4718 2654 4802 τις
2688 4737 2850 4790 αὑτὸν
2882 4734 3035 4806 ψιλὸν
3076 4731 3337 4786 ὑπολάϐοι
3376 4727 3526 4799 ἀνδρα
3562 4718 3629 4776 καὶ

2104 4836 2216 4896 τοῖς
2245 4832 2458 4895 πολλοῖς
2483 4833 2687 4902 ὅμοιον,
2724 4829 2964 4898 θεολογεῖ
2993 4827 3155 4881 αὑτὸν
3193 4827 3254 4878 ὲν
3280 4827 3391 4887 τοῖς
3415 4819 3536 4893 μετά
3554 4814 3629 4884 χεῖ·

2109 4944 2205 4999 ρας
2244 4927 2423 4997 φήσας
2448 4940 2461 4954 ⁹
2498 4926 2549 4976 Ὁ
2578 4923 2722 4991 Θεὸς
2745 4923 2894 4990 ἔστη
2919 4924 2988 4975 ἐν
3020 4916 3345 4989 συναγωγῇ
3375 4913 3525 4970 θεῶν.
3548 4905 3626 4961 Καὶ

2102 5020 2248 5082 ὅπως
2279 5017 2350 5089 μὴ
2377 5016 2673 5089 ταραχθείη
2699 5033 2783 5080 τις
2814 5017 2892 5078 εἰς
2917 5013 3008 5066 τὸν
3030 5012 3156 5083 περὶ
3180 5008 3470 5081 μοναρχίας
3490 5002 3623 5089 λόγον,

2101 5109 2233 5163 Θεὸν
2282 5088 2501 5163 ἀκούων
2549 5108 2641 5161 τὸν
2689 5106 2924 5179 Χριστὸν
2968 5104 3062 5158 τοῦ
3114 5101 3272 5166 Θεοῦ,
3320 5100 3523 5158 εἰκότως

2102 5203 2351 5266 πλείονας
2385 5201 2540 5265 θεοὺς
2583 5200 2839 5270 ὀνομάζει
2868 5199 2993 5262 τοὺς
3022 5196 3112 5249 διὰ
3138 5195 3247 5249 τῶν
3280 5194 3405 5260 ἑξῆς
3436 5199 3621 5254 κατητ⁰⁶

2106 5311 2196 5366 ρου
2206 5293 2420 5364 μένους,
2457 5291 2739 5362 μονονουχὶ
2770 5286 3278 5362 παρακελευόμενος
3314 5284 3384 5355 μὴ
3416 5274 3620 5333 ἀποκνεῖν

2103 5387 2197 5441 καὶ
2218 5384 2309 5439 τὸν
2338 5385 2463 5439 Υίὸν
2495 5383 2630 5437 Θεοῦ
2659 5384 2791 5436 Θεὸν
2824 5381 3135 5436 ἀποκαλεῖν.
3165 5380 3229 5432 Ei
3260 5378 3365 5448 γὰρ
3379 5376 3424 5428 oi
3447 5366 3617 5460 διαὸίλο

2101 5475 2315 5548 λόμενοι
2354 5475 2448 5528 τοῦ
2483 5474 2669 5538 ἔθνους
2701 5474 2957 5546 ἄρχοντες
2994 5468 3105 5523 θεοὶ
3146 5466 3446 5559 ἠξιώθησαν
3466 5462 3615 5559 ὀγοξξαα

2102 5569 2315 5640 σθῆναι,
2354 5570 2504 5631 ποῖος
2532 5566 2596 5620 ἂν
2625 5565 2835 5634 γένοιτο
2867 5562 3109 5625 κίνδυνος
3145 5561 3237 5613 τὸν
3265 5557 3425 5629 ἄνδρα
3458 5551 3538 5620 τῆς
3554 5551 3614 5596 ὃς·

2101 5661 2217 5728 ξιᾶς
2247 5662 2341 5717 τοῦ
2369 5659 2504 5714 Θεοῦ
2531 5659 2625 5713 καὶ
2651 5659 2741 5714 τὸν
2773 5657 2900 5712 Υίδν
2927 5654 3021 5709 τοῦ
3047 5649 3333 5726 ἀνθρώπου
3357 5647 3440 5703 τὸν
3465 5650 3612 5708 κεκρί-
