3776 6284
140 297 229 356 us
977 265 984 276 ’
1221 285 1661 343 COMMENTAR

1837 282 2223 358 ,psALuos.

3253 289 3360 346 8'51

133 411 398 481 τάιωμένον
421 401 548 455 Θεὸν
579 401 898 472 ὀμολογεῖνς
934 396 1046 454 Εἶτ’
1089 401 1181 454 ἐπὶ
1221 402 1362 455 τέλει
1394 404 1489 456 τοῦ
1541 420 1665 456 παν-

1869 400 1975 456 line
2003 399 2202 470 psalmi
2232 399 2533 454 oralionem
2567 398 2833 470 Propheta
2865 399 3070 471 profert
3099 416 3196 472 pro
3228 418 3352 473 gen-

136 508 208 567 τὺς
255 504 280 553 ὁ
327 492 607 566 Προφήτης
660 492 824 562 εὐχὴν
874 490 1187 561 ἀναπέμπει
1233 491 1373 562 ὑπὲρ
1414 493 1512 562 τῆς
1564 491 1671 544 τῶν

135 593 275 651 ἐθνῶν
307 587 536 656 κλήσεως
574 581 797 650 φάσκων
821 597 834 611 ο
879 579 1148 642 Ἀνάστα,
1179 583 1211 633 ό
1253 581 1417 647 Θεὸς,
1465 582 1672 651 κρῖνον

125 687 228 752 ,τὴν
247 679 372 750 γῆν,
399 675 484 728 ὅτι
516 673 597 726 σὺ
619 672 1247 741 κατακληρονομήσεις
1275 673 1344 726 ἐν
1372 672 1520 727 πᾶσι
1550 673 1671 738 τοῖς

121 780 359 834 ἔθνεσιν.
392 769 571 821 Ἐοικε
604 767 660 819 δέ
690 766 864 837 τούτῳ
889 766 1178 830 ἀκόλουθος
1206 761 1342 819 εἶναι
1367 768 1394 818 ό
1427 766 1512 838 μθ’
1542 767 1672 835 ψαλ-

133 869 232 940 μὸς,
275 867 330 917 ἐν
373 855 414 928 ᾧ
455 860 548 912 καὶ
591 859 739 928 αὐτῷ
772 859 1023 912 λέλεκτο·
1072 859 1216 924 Θεὸς
1257 857 1409 912 θεῶν
1456 861 1671 926 Κύριος

127 958 378 1023 ἐλάλησε.
427 953 536 1006 Καὶ
580 953 637 1005 ἐν
670 951 998 1022 ἀμφοτέροις
1035 951 1079 1003 δ’
1110 948 1202 1004 οὖν
1237 951 1368 1014 Θεὸς
1397 951 1534 1004 θεῶν
1560 954 1672 1003 εἰσ-

127 1049 289 1116 ῆκται·
324 1041 415 1095 καὶ
461 1039 622 1106 πάλιν
655 1039 713 1092 ἐν
752 1039 1082 1111 ἀμφοτέροις
1124 1041 1325 1112 κρίνων
1361 1043 1669 1113 ἀναγέγρα-

128 1154 256 1190 πται.
288 1134 388 1186 Καὶ
422 1134 478 1184 ἐν
515 1132 613 1202 μὲν
649 1131 728 1203 τῷ
762 1127 1290 1202 παρόντιθλέλεκται·
1334 1134 1604 1198 Ἀνάστα,
1638 1139 1670 1190 ὀ

128 1229 268 1293 θεὸς,
293 1225 490 1294 κρῖνον
519 1226 633 1292 τὴν
654 1225 790 1294 γῆν,
817 1224 904 1277 ὅτι
931 1225 1012 1278 σὺ
1040 1227 1670 1296 κατακληρονομήσεις

124 1322 181 1373 ὲν
212 1318 346 1373 πᾶσι
370 1317 492 1382 τοῖς
527 1318 772 1371 ἔθνεσιν
794 1333 808 1347 ο
836 1319 893 1370 ἐν
917 1317 974 1370 δὲ
1007 1317 1084 1388 τῷ
1122 1317 1206 1389 μθ¹
1232 1320 1436 1390 σφόδρα
1462 1321 1670 1384 τούτοις

124 1411 392 1473 ἀκολούθως
421 1410 569 1473 ὃπως
596 1410 834 1473 ἀναστὰς
873 1411 1046 1482 κρίνει
1087 1412 1185 1482 τὴν
1217 1415 1318 1482 γῆν
1363 1415 1668 1484 ὑπογράφει

123 1507 146 1556 ό
185 1503 321 1570 λόγος
342 1503 565 1571 φάσκων
585 1518 598 1531 ·
633 1502 778 1568 Θεὸς
821 1501 974 1556 θεῶν
1001 1504 1217 1572 Κύριος
1253 1505 1538 1574 eramus,
1571 1507 1669 1560 καί

121 1597 347 1651 ἐκάλεσε
403 1592 519 1662 τὴν
573 1593 689 1664 γῆν
733 1595 850 1648 ἀπὸ
903 1595 1216 1649 ἀνατολῶν
1269 1598 1447 1663 ἡλίου
1493 1598 1669 1668 μέχρι

121 1687 360 1758 δυσμῶν·
397 1689 490 1742 nati.
518 1687 644 1759 ἑξῆς
665 1705 678 1717 ·
725 1689 778 1740 Ὁ
809 1688 951 1754 Θεὸς
977 1688 1254 1758 ἐμφανῶς
1281 1689 1434 1756 ἥξει,
1467 1692 1563 1744 καὶ
1597 1695 1667 1747 οὐ

120 1779 635 1852 καρασιωπιξσεται.
653 1779 777 1846 Πῦρ
798 1779 1053 1833 ἐνώπιον
1067 1780 1253 1832 αὑτοῦ
1278 1779 1665 1846 καυθήσεται,

119 1871 280 1926 καὶτὰ
307 1871 456 1940 ἑξῆς·
490 1870 560 1923 δι’
588 1863 661 1922 ὧν
691 1871 837 1933 ὅπως
866 1869 1048 1940 μέλλει
1081 1871 1286 1941 κρίνειν
1313 1870 1666 1942 διεξέρχεται.

116 1965 208 2020 Καὶ
234 1964 522 2037 ἐπειδήπερ
557 1966 616 2018 ἐν
643 1965 718 2035 τῷ
747 1964 883 2036 μετά
917 1967 1104 2036 χεῖρας
1131 1965 1396 2019 λέλεκται’
1431 1967 1558 2019 Ὅτι
1586 1967 1667 2020 σὺ

117 2058 718 2128 κατακληρονομ-ήσεις
755 2058 825 2111 ἐν
864 2057 1014 2112 πᾶσι
1056 2058 1178 2124 τοῖς
1209 2059 1481 2113 ἔθνεσιν·
1521 2060 1666 2114 εἰκό-

113 2167 204 2213 τως
231 2152 282 2202 ἐν
310 2150 386 2220 τῷ
438 2150 529 2221 μθ’
559 2152 686 2213 τοὺς
729 2149 878 2222 παρὰ
907 2151 1132 2203 Μωῦσεῖ
1163 2152 1291 2222 περὶ
1315 2151 1514 2205 θυσιῶν
1541 2153 1668 2206 ἀνα-

110 2239 276 2310 τρέπει
318 2240 540 2308 νόμους,
587 2241 772 2313 ἓτερον
817 2239 1017 2311 τρόπον
1066 2241 1394 2312 παραδιδοὺς
1444 2240 1668 2310 λογικῆς

109 2331 291 2395 θυσίας,
325 2333 412 2386 τὸν
461 2333 584 2387 καθ’
624 2333 754 2404 ὅλης
796 2334 892 2403 τῆς
937 2333 1265 2405 οἰκουμένης
1305 2336 1361 2387 ἐν
1388 2335 1521 2387 πᾶσι
1557 2338 1668 2399 τοῖς

110 2423 292 2477 ἔθνεσιν
321 2425 744 2496 ἐπιτελούμενον
768 2443 781 2456 ο
819 2426 886 2478 δι’
930 2425 958 2477 ὃ
985 2425 1260 2479 λέλεκταιο
1297 2427 1418 2480 Ὅτι
1455 2427 1536 2481 σὺ
1565 2445 1668 2481 κα-

105 2519 632 2589 τακληρονομήσεις
653 2519 723 2572 ἐν
748 2516 900 2573 πᾶσι
928 2518 1052 2584 τοῖς
1075 2517 1342 2573 ἔθνεσιν.
1413 2584 1419 2594 l

826 2635 928 2686 lA'.

173 2724 223 2776 Ὀ
249 2724 432 2795 παρὼν
470 2725 648 2794 λόγος,
685 2725 992 2790 τελευταῖος
1023 2725 1097 2779 ὢν
1122 2725 1214 2778 τοῦ
1258 2726 1450 2796 Ἀσάφ,
1479 2727 1663 2798 ἱκετη-

109 2815 212 2886 ρίαν
234 2820 477 2890 περιέχει
509 2819 602 2872 καὶ
630 2819 974 2890 παράκλησιν
1007 2820 1147 2892 ὑπὲρ
1184 2819 1278 2872 τοῦ
1308 2820 1438 2873 λαοῦ
1477 2821 1664 2892 σφόδρ’

104 2908 399 2973 ἀκολούθως.
453 2912 668 2982 Ἐπειδὴ
717 2911 826 2984 γάρ
873 2915 929 2964 ἐν
969 2915 1081 2977 τοῖς
1126 2911 1364 2981 πρώτοις
1409 2911 1663 2966 ἐθέσπισε

102 3000 182 3071 τὴν
221 3003 454 3074 ἐσχάτην
484 3004 576 3057 τοῦ
610 3005 774 3056 τόπου
817 3003 1154 3075 πολιορκίαν,
1192 3000 1290 3057 εἴτ’
1332 3005 1662 3076 ἀναδραμὼν

101 3093 164 3161 τῷ
182 3093 346 3164 χρόνῳ
378 3094 643 3166 δευτέραν
666 3095 764 3165 τὴν
794 3094 883 3147 ὑπ’
919 3095 1189 3166 Ἀντιόχου
1219 3095 1518 3167 γενομένην
1542 3095 1664 3148 ἕτα-

102 3183 194 3248 ξεν,
233 3180 323 3238 εἶτ’
367 3187 466 3240 ἐπὶ
505 3187 708 3256 ταύτης
732 3187 921 3259 τρίτης
958 3187 1332 3259 ἐμνημόνευσε
1361 3187 1460 3258 τῆς
1489 3203 1662 3259 προα-

99 3275 278 3348 γούσης
307 3283 418 3344 τοῖς
457 3281 690 3352 χρόνοις,
721 3280 865 3348 λέγω
904 3280 960 3332 δὲ
1001 3281 1099 3350 τῆς
1146 3280 1285 3333 κατὰ
1328 3279 1436 3333 τῶν
1471 3281 1662 3332 Ἀσσυ-

103 3366 214 3436 ρίων
238 3371 325 3423 καὶ
348 3371 704 3425 Βαϐυλωνίων
733 3371 908 3444 ἀρχῆς
927 3389 940 3402 ’
966 3371 1274 3435 ἀκολούθως
1296 3371 1384 3425 διά
1405 3370 1510 3425 τῶν
1537 3389 1663 3442 προ-

98 3461 339 3532 κειμένων
379 3465 565 3536 δέησιν
595 3464 688 3518 καὶ
722 3465 1001 3535 ἱκετηρίαν
1036 3465 1348 3535 ἀναπέμπει
1382 3464 1519 3536 ὑπὲρ
1561 3463 1662 3534 τῆς

94 3556 190 3617 τοῖς
217 3557 424 3628 χρόνοις
454 3558 681 3630 πρώτης
723 3559 1053 3628 πολιορκίας,
1103 3557 1224 3610 καθ’
1266 3557 1332 3627 ἦν
1367 3559 1568 3619 πάντες
1611 3558 1658 3608 οἱ

97 3647 340 3716 περίοικοι
385 3650 489 3721 τῆς
528 3651 787 3712 ἰουδαίας
825 3648 1004 3714 δεξιάς
1045 3651 1157 3712 τοῖς
1191 3649 1494 3720 Ἀσσυρίοις
1537 3651 1656 3701 κατ’

93 3736 251 3791 αὑτῶν
292 3739 523 3812 ὣρεξαν,
559 3745 624 3795 Ὃ
647 3742 710 3814 δὴ
751 3743 1004 3812 σημαίνει
1050 3742 1222 3809 λέγων
1257 3758 1270 3772 ·
1312 3741 1388 3794 Τὰ
1425 3740 1661 3808 σκηνώ-

86 3846 226 3895 ματα
265 3831 384 3885 τῶν
431 3833 769 3902 Ἰδουμαίων
817 3833 914 3886 καὶ
961 3835 1014 3886 ol
1056 3831 1436 3900 Ἰσμαηλῖται,
1482 3833 1664 3887 Μωὰό

90 3921 174 3972 καί
199 3926 249 3974 ot
283 3925 608 3995 Ἁγαρηνοί,
637 3927 685 3978 Γ
688 3925 834 3979 εϐἰιλ
857 3924 954 3978 καὶ
993 3925 1217 3993 Ἀμμὼν
1241 3925 1338 3978 καὶ
1378 3925 1656 3994 Ἁμαλὴκ,

88 4011 409 4084 ἀλλόφυλοι
452 4017 604 4086 μετὰ
643 4015 761 4069 τῶν
805 4017 1245 4069 κατοικούντων
1288 4018 1495 4084 Τύρον.
1547 4018 1658 4072 Kal

88 4103 184 4171 γὰρ
237 4108 334 4160 καὶ
406 4108 658 4178 Ἀσσοὺρ
708 4107 1195 4178 σιιμπαρεγένετο
1251 4110 1379 4177 μετ’
1437 4107 1654 4175 αὐτῶν,

84 4195 449 4266 ἐγενήθησαν
503 4204 589 4267 είς
631 4201 959 4269 ἀντίληψιν
1006 4203 1129 4267 τοῖς
1163 4201 1314 4267 υἱοῖς
1361 4202 1510 4255 Λώτ.
1562 4197 1656 4266 Οἷς

86 4289 200 4359 ἑξῆς
225 4293 284 4346 τὺ
312 4294 760 4365 καταληψόμενον
788 4295 984 4357 αὐτοὺς
1030 4294 1336 4364 ὑπογράφει
1373 4293 1522 4357 τέλος
1550 4295 1655 4364 φά-

84 4401 243 4439 σκων·
288 4389 340 4440 ’0
391 4393 535 4456 Θεός
574 4408 714 4459 μου,
760 4389 866 4444 θοῦ
913 4389 1130 4454 αὐτοὺς
1184 4390 1264 4455 ὼς
1304 4390 1539 4457 τροχὸν,
1577 4390 1657 4454 ὡς·

1775 494 1911 547 tium
1970 495 2276 556 vocatione,
2329 493 2519 547 dicens
2552 511 2563 545 :
2593 490 2782 562 Surge,
2817 491 2979 555 Deus,
3011 494 3202 560 judica
3254 505 3361 548 ter-

1776 603 1911 650 ram,
1950 587 2202 655 quoniam
2235 596 2292 639 tu
2327 583 2666 640 Itwreditabis
2717 587 2772 638 in
2821 585 3062 640 omnibus
3093 587 3355 658 gentibus.

1781 677 2004 733 Videtur
2063 679 2191 734 huic
2233 681 2445 750 psalmo
2476 679 2933 749 quadragesimus
2965 695 3144 735 nonus
3183 681 3358 737 amnis

1772 789 1913 836 esse,
1949 776 2000 828 in
2037 792 2145 844 quo
2180 776 2343 830 etiam
2375 774 2661 829 dicebatur
2693 793 2705 828 :
2739 773 2878 828 Deus
2912 775 3131 828 deorum
3166 775 3359 829 Domi-

1773 883 1869 920 Mts
1918 865 2120 920 locutus
2167 877 2244 920 est
2270 867 2314 898 9°
2345 886 2355 920 :
2389 884 2511 920 nam
2563 868 2618 919 in
2675 874 2904 936 utroque
2943 865 3085 922 Deus
3130 867 3357 921 deorum

1778 959 2094 1022 inducitur;
2127 975 2458 1030 rursumque
2487 961 2540 1012 in
2576 959 2842 1013 ambobus
2870 958 3120 1027 judicare
3160 960 3359 1013 scribi—

1772 1063 1892 1117 tur;
1924 1053 1976 1104 in
2001 1053 2255 1121 przescnti
2280 1053 2479 1122 quippe
2504 1053 2704 1105 dicitur
2729 1071 2741 1106 :
2768 1049 2955 1121 Surge,
2984 1049 3147 1115 Dens,
3169 1052 3358 1122 judica

1774 1157 1995 1210 terram,
2020 1148 2267 1216 quoniam
2297 1157 2351 1200 tu
2376 1147 2710 1200 Itazretlitabis
2740 1147 2792 1198 in
2819 1145 3062 1199 onmibus
3087 1146 3356 1216 gentibus;

1771 1241 1824 1294 in
1867 1239 2290 1310 quadragesimo
2341 1249 2523 1293 autem
2573 1254 2740 1302 nono,
2791 1239 2949 1294 valde
2986 1248 3358 1295 consentanea

1773 1332 1900 1385 huic
1930 1331 2164 1392 ratione,
2201 1347 2310 1401 quo
2335 1339 2494 1400 pacto
2527 1345 2758 1398 surgens
2789 1331 2993 1400 iudicet
3030 1339 3231 1384 terram
3263 1331 3358 1384 de-

1771 1422 2034 1477 scribitur
2065 1422 2149 1476 his
2171 1422 2350 1475 verbis
2383 1441 2393 1474 :
2429 1421 2568 1474 Deus
2602 1422 2820 1474 deorum
2853 1421 3113 1476 Dominus
3150 1421 3356 1474 locutus

1770 1525 1868 1576 est,
1909 1523 1958 1566 et
1995 1514 2193 1567 vocarit
2239 1522 2437 1566 terram
2483 1530 2514 1565 a
2565 1513 2694 1566 solis
2741 1522 2860 1565 ortu
2893 1529 3054 1583 usque
3095 1513 3164 1566 ad
3207 1530 3356 1568 occa-

1771 1623 1887 1660 sum
1910 1606 1996 1666 είς
2030 1621 2092 1660 ac
2129 1605 2390 1674 deinceps
2420 1623 2433 1659 :
2459 1605 2602 1659 Deus
2652 1605 2928 1674 manifeste
2952 1606 3136 1669 veniet,
3172 1616 3220 1658 et
3254 1622 3358 1659 non

1769 1697 1964 1752 silebit.
1998 1696 2145 1768 Ignis
2180 1698 2233 1750 in
2266 1705 2544 1765 conspectu
2574 1697 2688 1766 ejus
2728 1696 3032 1751 exardescet
3059 1698 3128 1761 ",
3159 1705 3212 1751 et
3246 1713 3357 1751 ete-

1700 1765 1741 1820 B
1771 1797 1925 1844 tera:
1960 1765 2118 1858 queis
2167 1788 2443 1858 quomodo
2481 1765 2834 1858 iudicaturus
2880 1789 2953 1842 sit
2993 1797 3237 1843 enarrat.
3293 1787 3358 1844 Et

1767 1883 1896 1952 quia
1924 1882 1979 1936 in
2013 1881 2268 1952 praesenti
2299 1881 2508 1934 dictum
2541 1889 2626 1935 est
2652 1880 2950 1946 :Quoniam
2987 1890 3042 1933 tu
3071 1881 3358 1935 lin-redita-

1768 1974 1848 2029 bis
1889 1975 1945 2028 in
1993 1974 2237 2028 omnibus
2281 1971 2558 2043 gentibus;
2610 1980 2917 2043 opportune
2949 1973 3004 2025 in
3049 1972 3358 2045 quadrage-

1768 2068 1909 2122 simo
1957 2081 2126 2133 nono,
2179 2065 2382 2136 Moysis
2438 2065 2506 2121 de
2553 2065 2842 2120 sacriﬁciis
2901 2065 3046 2135 leges
3105 2065 3354 2136 abrogat,

1768 2160 2047 2230 aliumque
2087 2160 2430 2214 rationabilis
2480 2158 2737 2214 sacriﬁcii
2770 2159 2934 2212 ritum
2975 2158 3163 2224 tradit,
3206 2160 3354 2229 quod

1769 2269 1867 2324 per
1900 2261 2074 2308 totum
2116 2253 2305 2307 orbem
2336 2252 2391 2307 in
2421 2251 2680 2307 omnibus
2710 2252 2967 2322 gentibus
2998 2253 3350 2322 persolvitur.

1768 2347 1948 2412 Quare
1978 2346 2185 2401 dictum
2228 2353 2354 2402 est:
2391 2345 2656 2412 Quoniam
2694 2355 2748 2398 tu
2773 2344 3115 2400 Itazreditabis
3157 2347 3211 2400 in
3244 2362 3357 2400 om-

1767 2438 1921 2494 nibus
1955 2439 2218 2510 gentibus.

2507 2634 2601 2689 Xl.

1840 2727 1941 2783 Hic
1967 2743 2146 2784 sermo
2175 2729 2268 2798 qui
2300 2737 2613 2798 postremus
2645 2727 2851 2798 Asaphi
2872 2729 2918 2760 ”
2947 2736 3052 2793 est,
3073 2727 3350 2798 supplica-

1767 2822 1974 2877 tionem
2006 2836 2070 2876 ac
2095 2821 2536 2891 deprecationem
2569 2836 2668 2890 pro
2699 2822 2904 2892 populo
2930 2821 3228 2875 admodum
3255 2837 3360 2892 op-

1767 2921 2003 2984 portune
2032 2912 2436 2982 complectitur.
2464 2910 2603 2977 Quia
2633 2914 2779 2965 enim
2824 2913 2880 2966 in
2911 2911 3105 2982 primis
3135 2918 3354 2980 postre-

1768 3020 1913 3058 mam
1957 3005 2060 3058 loci
2103 3003 2446 3058 obsidionem
2497 3003 2926 3067 vaticinabatur,
2980 3002 3178 3058 deinde
3223 3018 3356 3058 vero

1768 3097 1948 3169 quoad
1990 3105 2204 3168 tempus
2250 3106 2648 3168 retrogressus,
2706 3099 3006 3154 secundam
3051 3099 3236 3170 posuit
3284 3098 3356 3156 ab

1763 3190 2036 3246 Antiocho
2076 3191 2278 3246 illatam
2324 3190 2558 3255 cladem,
2603 3207 2668 3246 ac
2717 3192 2821 3246 sub
2872 3192 2988 3246 bam
3031 3192 3197 3246 tertio
3230 3192 3354 3247 loco

1762 3283 1948 3354 posuit
2005 3297 2125 3336 eam
2178 3297 2301 3352 quae
2355 3289 2598 3351 tempore
2657 3283 3046 3352 praecurrebat,
3099 3282 3353 3338 videlicet

1763 3390 1885 3446 quae
1919 3373 2023 3429 sub
2054 3374 2284 3444 imperio
2322 3373 2674 3445 Assyriorum
2709 3384 2763 3428 et
2801 3373 3224 3446 Babyloniorum
3260 3388 3353 3428 ac-

1761 3467 1929 3534 cidit;
1961 3472 2365 3536 consequenter
2395 3466 2450 3520 in
2487 3467 2744 3536 praesenti
2774 3468 3232 3537 supplicationem
3263 3466 3350 3522 ol-

1761 3557 1888 3622 fert,
1917 3574 2016 3628 pro
2056 3558 2343 3614 obsidione
2369 3573 2491 3629 quae
2518 3567 2763 3628 tempore
2802 3563 2955 3628 prior
2981 3570 3122 3620 erat,
3157 3559 3212 3613 in
3244 3575 3352 3629 qua

1761 3667 1954 3707 omnes
1992 3650 2195 3706 Iudaeae
2228 3651 2447 3706 ﬁnitimi
2479 3651 2735 3705 dexteras
2784 3665 2917 3704 suas
2967 3650 3210 3719 Assyriis
3257 3649 3354 3703 ad-

1761 3761 1980 3800 versum
2017 3745 2140 3798 illos
2170 3753 2550 3813 porrexerunt.
2587 3745 2743 3810 Quod
2772 3743 2859 3798 his
2894 3741 3175 3811 signiﬁcat
3205 3759 3219 3796 :
3251 3739 3352 3796 Ta-

1761 3835 2051 3889 bornacula
2083 3833 2447 3889 Iduma'orum
2487 3844 2539 3889 et
2580 3834 2894 3901 Ismaelitte,
2926 3832 3086 3886 Moab
3123 3840 3172 3886 et
3203 3832 3350 3904 Aga-

1759 3928 1896 3987 reni,
1934 3925 2098 3980 Gebal
2143 3936 2193 3981 et
2226 3928 2454 3980 Ammon
2493 3934 2542 3980 et
2591 3925 2832 3987 Amalec,
2881 3925 3193 3994 alienigenae
3230 3939 3349 3976 eum

1757 4017 2122 4070 habitantibus
2163 4016 2382 4086 Tyrum.
2422 4015 2632 4070 Etenim
2673 4017 2846 4069 Assur
2886 4015 3022 4068 venit
3063 4029 3184 4066 cum
3213 4013 3346 4076 illis.

1759 4107 1891 4177 facti
1936 4116 2060 4161 sunt
2112 4110 2165 4160 in
2210 4105 2542 4175 aa'jutorium
2579 4105 2707 4174 ﬁliis
2741 4103 2864 4159 Lot.
2903 4105 3117 4170 Quibus
3147 4103 3350 4159 deinde

1759 4201 1919 4254 ﬁnem
1954 4214 2063 4270 quo
2107 4199 2416 4271 excipiendi
2467 4205 2597 4254 sunt
2647 4197 2916 4253 describit
2948 4197 3138 4252 dicens
3169 4216 3180 4252 :
3207 4195 3349 4251 Deus

1757 4310 1924 4359 meus,
1955 4309 2088 4362 pone
2127 4293 2249 4345 illos
2297 4301 2355 4345 ut
2391 4301 2586 4352 rotam,
2638 4292 2774 4344 sicut
2807 4289 3060 4357 stipulam
3101 4297 3220 4342 ante
3261 4287 3348 4357 fa-

1757 4387 1887 4438 ciem
1938 4385 2096 4449 uenti,
2141 4385 2276 4438 sicut
2319 4385 2454 4454 ignis
2502 4384 2592 4453 qui
2635 4381 2903 4436 comburet
2952 4380 3164 4443 silvam,
3210 4378 3347 4432 sicut

82 4477 347 4546 καίάμην
389 4481 538 4534 κατὰ
586 4481 911 4550 πρόσωπον
959 4479 1206 4548 ἀνέμου,
1264 4480 1406 4534 ὡσεί
1461 4481 1579 4549 πῦρ
1621 4481 1652 4533 ὃ

1840 4495 1980 4532 mina
2006 4477 2271 4532 comburet
2316 4485 2538 4544 utentes,
2571 4484 2624 4530 et
2667 4475 2896 4545 reliqua.
2930 4471 3066 4526 Cum
3111 4471 3217 4524 huc
3257 4485 3346 4522 au-

79 4565 376 4638 διαςσλέξει
423 4573 668 4643 δρυμὸν,
715 4573 855 4625 ὡσεὶ
909 4571 1068 4641 φλὸξ
1121 4574 1482 4626 κατακαύσει
1520 4572 1648 4642 ὄρη,

79 4661 163 4712 καὶ
211 4662 279 4715 τά
327 4665 721 4736 ἐπιφερόμενα.
774 4663 944 4717 Ἔνθα
994 4663 1281 4734 γενόμενος
1341 4665 1652 4733 ἀναγκαίως

77 4751 441 4826 ἐπιτηρήσεις,
474 4757 548 4820 ὡς
582 4757 715 4809 ὅπου
763 4755 1037 4827 μέμνηται
1083 4754 1178 4808 τοῦ
1223 4756 1476 4828 Ἀσσοὺρ,
1508 4751 1652 4810 οὗτοι

77 4841 125 4894 δὲ
166 4841 304 4916 ἦσαν
337 4849 390 4900 οἱ
432 4848 726 4920 Ἀσσύριοι,
757 4849 850 4900 καὶ
891 4847 1000 4900 τῶν
1043 4847 1450 4918 προλεχθέντων
1484 4847 1652 4900 ἐθνῶν

75 4935 164 5004 τὴν
203 4941 322 4991 κατ’
367 4941 542 4994 αὐτῶν
590 4943 822 4993 ποιεῖται
854 4939 1055 5010 δέησιν,
1103 4939 1195 4992 καὶ
1229 4939 1324 5010 τὴν
1355 4957 1654 5010 καταστρο-

78 5029 174 5098 φὴν
205 5032 386 5084 αὐτῶν
419 5033 541 5104 ἑξῆς
584 5031 858 5096 θεσπίζει·
900 5033 990 5085 καὶ
1033 5034 1089 5084 ἐν
1129 5031 1206 5102 τῷ
1237 5030 1315 5102 οη¹
1343 5031 1563 5102 ὁμοίως,
1595 5032 1652 5084 ἐν

76 5113 114 5186 ᾧ
140 5123 205 5175 τά
227 5125 371 5178 κατὰ
404 5127 667 5196 Ἀντίοχον
701 5125 1092 5197 προανεφώνει,
1116 5125 1174 5188 ὃς
1207 5118 1535 5197 Έλληνίζειν
1558 5126 1654 5177 καὶ

79 5217 433 5285 παραϐαίνειν
460 5218 527 5272 τὰ
553 5219 753 5289 πάτρια
784 5218 1095 5288 ἠνάγκαζεν
1132 5219 1433 5282 Ἰουδαίους.
1484 5218 1650 5271 Πάλιν

76 5306 176 5376 γὰρ
212 5310 379 5363 κάκεί
405 5313 498 5382 τὴν
534 5310 926 5382 καταστροφὴν
967 5310 1074 5361 τῶν
1111 5310 1383 5380 πολεμίων
1422 5311 1654 5382 προύλε-

76 5413 183 5463 γεν.
217 5402 417 5454 Οὐκέτι
448 5405 502 5457 δὲ
533 5407 626 5458 καὶ
666 5406 722 5457 ἐν
762 5405 839 5475 τῷ
877 5410 975 5470 ογ’,
1009 5402 1130 5455 καθ’
1157 5404 1215 5456 ὃν
1249 5405 1281 5474 ή
1318 5403 1520 5474 ἐσχάτη
1558 5405 1654 5456 αύ-

75 5490 175 5542 τῶν
202 5492 458 5564 ἐδηλοῦτο
485 5497 744 5568 ἀποϐολή.

144 5579 303 5638 Οὗτοι
338 5589 434 5658 μὲν
463 5586 551 5644 οὗν
585 5595 631 5645 oi
665 5591 999 5662 συνημμένοι
1035 5591 1127 5642 τοῦ
1168 5591 1335 5643 ’Λσὰυ
1372 5597 1461 5642 ια’.
1505 5590 1562 5638 ’0
1593 5588 1646 5640 δὲ

135 5739 626 5812 ηῐοω.κιη,ι.
706 5707 1227 5802 "tua.nium.s

1760 4579 1870 4625 tem
1901 4570 2188 4625 deveneris
2231 4570 2486 4633 observa,
2520 4584 2728 4639 quzeso,
2765 4583 2888 4622 eum
2918 4566 3011 4620 ubi
3055 4564 3205 4620 illius
3242 4562 3346 4618 As-

1763 4681 1861 4720 sur
1907 4664 2155 4720 meminit
2185 4664 2371 4733 (erant
2403 4669 2584 4718 autem
2617 4662 2654 4715 ii
2676 4658 2933 4731 Assyrii),
2969 4673 3185 4712 necnon
3209 4671 3345 4727 prte-

1761 4757 2035 4812 dictarum
2090 4757 2371 4826 gentium,
2425 4752 2876 4824 supplicationem
2939 4751 3204 4806 adversus
3250 4764 3345 4804 eos

1761 4851 2033 4915 emittere,
2065 4865 2128 4904 ac
2150 4849 2346 4904 exinde
2378 4847 2678 4902 infaustum
2709 4842 3028 4899 eorumdem
3063 4842 3223 4897 ﬁnem
3252 4857 3346 4896 va-

1761 4942 1982 4996 ticinari
2018 4961 2030 4995 :
2059 4941 2206 5011 quod
2231 4940 2422 4994 itidem
2460 4939 2514 4991 in
2549 4952 2757 4990 Lxxvm
2791 4935 3062 5006 praestitit,
3095 4933 3186 4987 ubi
3209 4933 3344 4988 item

1760 5049 1881 5104 quae
1919 5034 2174 5088 Antiochi
2205 5044 2446 5102 tempore
2493 5029 2815 5084 acciderunt
2855 5026 3210 5097 praenuntiat,
3249 5025 3343 5095 qui

1759 5123 1978 5179 Iudaeos
2009 5124 2272 5194 compulit
2309 5129 2369 5175 ut
2399 5119 2712 5174 Graecorum
2744 5117 2906 5170 ritum
2947 5116 3332 5175 observarent,

1761 5225 2126 5288 paternasque
2154 5217 2300 5286 leges
2322 5209 2858 5296 transgrederentur.
2896 5205 3031 5260 Nam
3065 5205 3176 5259 illic
3203 5221 3343 5275 quo-

1761 5326 1868 5380 que
1905 5308 2180 5364 infelicem
2223 5305 2570 5361 inimicorum
2615 5304 2773 5354 linem
2807 5299 3078 5370 praedixit.
3117 5297 3188 5349 At
3236 5312 3342 5350 non

1761 5403 1815 5456 in
1849 5418 2047 5465 Lxxln,
2103 5399 2196 5454 ubi
2237 5404 2513 5468 postrema
2544 5391 2856 5447 Judaeorum
2893 5389 3127 5461 abjectio
3155 5387 3308 5443 deela
3329 5416 3342 5426 -

1762 5504 1934 5549 ratur.

1834 5588 1894 5640 lli
1954 5586 2118 5655 igitur
2171 5583 2369 5653 Asnphi
2430 5595 2657 5636 numero
2724 5577 2999 5642 undecim,
3061 5573 3339 5644 conjuncti

1336 5745 1380 5776 9’
1411 5743 1556 5797 Psal.
1592 5755 1799 5803 tum,
1830 5740 1883 5794 l.
