3776 6284
452 276 562 339 835

1145 283 1405 340 EUSEBII
1444 281 1919 340 CESARIENSIS
1957 282 2105 340 OPP.
2146 283 2325 341 PARS
2362 285 2448 342 IlI.
2488 315 2556 329 --
2593 286 3003 346 EXEGETICA.

3549 300 3626 358 8'5!

454 405 605 454 sunt.
642 394 1009 454 Duodecimus
1042 412 1169 451 vero
1198 405 1324 452 ante
1358 399 1629 468 psalmum
1665 415 1695 452 ι.
1722 400 1986 455 collocatu

2126 400 2192 454 ιϐ’
2215 401 2320 472 πρὸ
2341 400 2432 455 τοῦ
2460 401 2725 473 ν’ψαλμοῦ
2740 403 3137 457 κατατέτακται
3168 404 3235 458 δι’
3257 406 3318 476 ἦν
3348 407 3625 468 exossam.

455 496 558 554 est,
593 488 664 540 ob
690 501 912 541 causam
952 502 1115 557 quam
1149 487 1301 541 illum
1330 489 1667 557 explicantes
1715 488 2022 542 attulimus.

456 578 656 635 Verum
685 590 810 648 post
840 578 943 632 hoc
974 578 1378 650 compendium,
1413 580 1651 648 primum
1693 588 2023 650 repetentes,

451 672 571 741 ejus
605 672 930 726 sententiam
956 671 1262 727 minutatim
1295 671 1722 740 explorabimus.
1776 744 1783 757 ι

750 784 801 838 1ε
848 782 1172 839 PSALMUS
1210 782 1455 840 ASAPH.
1496 784 1707 840 LXXII.

531 876 689 933 tiens.
725 877 837 932 1-5.
883 877 1058 943 Quam
1092 877 1258 931 bonus
1292 877 1466 931 Israel
1494 877 1636 931 Deus
1678 878 1743 931 iis
1774 878 1865 948 qui
1895 878 2025 931 recti

450 980 573 1023 sunt
598 969 788 1023 corde!
815 967 997 1023 Tertia
1034 984 1161 1039 pars
1188 969 1310 1024 libri
1340 967 1680 1023 Psalmorum
1712 984 1743 1022 a
1773 970 2023 1039 prmsenti

451 1061 660 1131 incipit,
693 1070 747 1115 et
775 1061 831 1114 in
862 1076 1101 1115 Lxxxvm
1135 1060 1357 1125 desinit,
1395 1060 1468 1113 ita
1515 1069 1575 1115 ut
1610 1061 1850 1130 psalmos
1882 1075 2025 1115 com-

449 1152 722 1223 plectatur
775 1151 1190 1221 septemdecim,
1236 1166 1470 1221 quorum
1524 1152 1776 1206 undecim
1828 1167 2024 1206 conse-

449 1251 681 1314 quenter
713 1244 885 1313 ipsius
909 1244 1088 1313 Asaph
1121 1250 1249 1297 sunt
1275 1262 1289 1297 :
1317 1245 1443 1297 hinc
1466 1242 1698 1298 ﬁliorum
1725 1244 1863 1299 Core
1887 1259 2023 1313 qua-

450 1344 599 1400 tuor,
626 1335 845 1391 Davidis
887 1352 1048 1399 unus,
1096 1347 1515 1406 postremusque
1563 1336 1807 1389 omnium
1846 1334 2022 1389 Ethan

449 1425 736 1483 Esdraitaa.
771 1426 872 1481 Hic
890 1442 1016 1483 vero
1045 1443 1206 1497 quem
1237 1435 1539 1481 tractamus
1565 1426 1766 1496 Asaphi
1795 1434 1901 1491 est,
1929 1425 2022 1497 qui

449 1519 713 1589 propheta
757 1517 945 1573 Davidi
984 1526 1296 1573 coaetaneus
1345 1526 1465 1573 erat
1499 1535 1512 1570 :
1543 1516 1895 1586 Psalmusque
1938 1516 2023 1569 in-

450 1608 746 1675 scribitur;
800 1608 929 1678 quia
974 1609 1041 1662 ad
1081 1610 1285 1663 calcem
1342 1624 1466 1662 cum
1515 1606 2022 1679 impioruminfau-

450 1710 591 1756 stum
617 1700 843 1762 exitum,
884 1707 999 1753 tum
1030 1701 1243 1770 piorum
1272 1699 1327 1754 in
1353 1697 1464 1754 Deo
1502 1699 1845 1753 reconditum
1876 1699 2019 1769 opti-

447 1806 594 1845 mum
637 1791 795 1845 linem
828 1791 1231 1861 ‘complcctitur.
1266 1791 1398 1857 Quae
1426 1791 1513 1846 his
1553 1791 1837 1846 declarat:
1876 1791 2016 1857 Quia

444 1866 681 1950 ecce‘qui
703 1880 948 1951 elongant
980 1898 1034 1935 se
1077 1898 1107 1934 a
1144 1890 1192 1935 te
1218 1881 1482 1946 peribunt,
1522 1880 1798 1948 perdidisti
1840 1898 2016 1936 omnes

443 1973 533 2043 qui
552 1973 886 2042 fornicamur
910 1972 1003 2026 abs
1030 1982 1095 2027 te.
1127 1972 1262 2026 Mihi
1294 1983 1468 2027 autem
1493 1974 1761 2027 adhaerere
1786 1973 1895 2027 Deo
1926 1972 2016 2027 bo-

444 2080 568 2117 num
610 2073 707 2119 est.
752 2065 858 2119 lnit
909 2072 1091 2119 autem
1133 2080 1164 2119 a
1205 2064 1475 2119 doctrinm
1510 2066 1815 2135 praeceptis,
1862 2065 2016 2134 queis

441 2156 738 2227 impiorum
769 2158 836 2211 ad
872 2158 1146 2229 quoddam
1178 2167 1391 2229 tempus
1436 2158 1716 2214 felicitatis
1745 2161 2015 2214 rationem

442 2248 599 2304 all‘ert
630 2267 643 2304 :
676 2250 907 2320 hujusce
947 2251 1147 2319 quippe
1189 2251 1268 2304 rei
1314 2265 1539 2307 causam
1567 2266 1687 2306 esse
1737 2252 1833 2315 ait,
1868 2252 2014 2321 quod

418 2338 591 2396 'Deus‘
633 2341 812 2397 bonus
877 2343 1199 2412 patiensque
1249 2342 1340 2396 sit.
1388 2342 1630 2412 Idipsum
1680 2357 1811 2397 sane
1857 2343 2015 2397 docet

440 2430 662 2486 divinus
686 2430 980 2501 Apostolus
1011 2431 1200 2486 dicens
1233 2451 1245 2486 :
1278 2433 1361 2485 An
1378 2432 1595 2487 divitias
1626 2430 1875 2486 bonitatis
1899 2433 2012 2503 ejus

404 2511 410 2519 ’
439 2533 486 2575 et
522 2520 941 2590 longanimitatis
972 2524 1281 2589 contemnis,
1314 2524 1566 2594 ignorans
1605 2530 1742 2594 quod
1784 2525 2010 2581 clemen-

443 2617 518 2669 tia
553 2615 650 2669 Dei
694 2616 762 2670 ad
813 2616 1257 2685 poenitentiam’te
1302 2617 1517 2672 adducit
1536 2619 1622 2673 “?
1674 2627 1729 2673 et
1773 2620 1903 2674 alibi
1935 2620 2014 2674 di-

439 2719 587 2762 ctum
619 2716 703 2764 est
728 2728 741 2763 :
778 2708 917 2763 Deus
935 2709 1104 2778 judea:
1125 2710 1329 2779 justus,
1358 2711 1525 2765 bonus
1550 2721 1597 2765 et
1625 2712 1852 2779 patiens,
1877 2727 2012 2766 nun-

438 2798 567 2869 quid
604 2800 857 2853 irascitur
905 2815 997 2868 per
1045 2801 1283 2871 singulos
1324 2801 1435 2856 dies
1458 2802 1542 2856 9"?
1584 2801 1782 2873 Utpote
1834 2804 2011 2860 bonus

438 2893 625 2964 igitur,
661 2893 837 2949 Solem
876 2910 1030 2949 suum
1069 2895 1202 2949 oriri
1226 2895 1356 2964 facit
1383 2912 1539 2965 super
1567 2897 1745 2965 justas
1779 2905 1829 2951 et
1869 2898 2014 2966 inju-

437 2994 567 3050 stas,
591 2993 639 3040 et
666 2986 800 3054 pluit
827 3002 979 3054 super
1009 2989 1177 3040 malos
1207 2996 1258 3041 et
1285 2987 1445 3042 bonos
1468 2988 1535 3043 9‘.
1564 2987 1719 3043 Unde
1751 2986 2010 3044 Senator

2130 508 2227 562 μεν
2257 492 2436 545 αἰτίαν
2456 495 2583 556 τοὺς
2604 495 2805 557 τόπους
2824 495 3189 567 διηγούμενοι.
3235 499 3385 552 Ἀλλά
3404 501 3496 574 γὰρ
3525 510 3626 574 μετὰ

2126 586 2223 657 τὴν
2238 585 2441 639 τούτων
2462 587 2727 657 ἐπιτομὴν
2742 588 2860 659 φέρ’
2875 590 3300 655 ἐπαναλαϐόντες
3330 594 3427 645 ’τὸν
3444 602 3626 666 πρῶτον,

2124 677 2223 748 τὴν
2266 678 2405 731 κατὰ
2440 679 2604 750 μέρος
2633 680 2798 731 αὐτοῦ
2830 679 3069 733 διάνοιαν
3111 681 3558 756 ὲπιθεωρήσωμεν.

2517 795 2804 848 ΨΑΛΜΟΣ
2837 794 2924 865 Ti}
2954 796 3149 848 ΑΣΑΦ.
3189 796 3307 849 OB'.

2206 885 2300 950 Ὡς
2335 885 2553 954 ἀγαθὸς
2583 885 2663 950 τῷ
2697 887 2931 955 Ἰσραὴλ
2979 890 3012 939 ὀ
3035 880 3199 952 Θέὀς,
3225 887 3348 952 τοῖς
3377 886 3551 943 εὐθέσι
3578 893 3628 961 τῇ

2125 977 2376 1046 καρδίᾳ]
2407 977 2479 1030 Τὸ
2526 978 2705 1049 τρίτον
2759 978 2922 1050 μέρος
2954 979 3054 1048 τῆς
3104 979 3284 1050 βίϐλου
3322 980 3423 1034 τῶν
3445 982 3630 1053 Ψαλμῶν

2123 1069 2347 1140 ἄρχεται
2375 1070 2472 1139 μὲν
2496 1070 2602 1122 ἀπὸ
2625 1068 2719 1123 τοῦ
2762 1071 3045 1141 παρόντος,
3077 1071 3391 1141 περαιοῦται
3412 1074 3463 1125 δέ
3485 1077 3548 1137 είς
3568 1077 3630 1130 τὸν

2125 1167 2235 1230 πην,
2288 1160 2361 1223 ὡς
2404 1163 2531 1223 τοὺς
2566 1163 2772 1224 πάντας
2823 1163 3095 1233 περιέχειν
3134 1162 3378 1233 ψαλμοὺς
3415 1164 3532 1216 ἐπτά
3566 1170 3630 1219 καὶ

2121 1251 2251 1305 δέκα
2273 1266 2286 1280 ·
2318 1246 2393 1306 ὧν
2423 1252 2617 1324 ἐφεξῆς
2651 1261 2716 1306 ια’
2740 1255 3067 1323 τυγχάνουσι
3088 1255 3182 1307 τοῦ
3215 1255 3385 1323 Ἀσάφ
3404 1274 3417 1286 ·
3440 1253 3541 1309 εἶτα
3556 1258 3631 1311 τῶν

2123 1344 2255 1396 υἱῶν
2312 1343 2456 1415 Κορέ
2498 1344 2560 1407 δ’,
2613 1343 2834 1397 καὶτοῦ
2892 1344 3054 1397 Δαυῒδ
3104 1340 3203 1408 εἷς,
3261 1346 3355 1398 καὶ
3412 1346 3548 1400 away
3566 1347 3632 1400 τοῦ

2134 1435 2445 1507 Ἐσδραίτου
2491 1435 2816 1499 τελευταῖος.
2858 1437 2916 1488 '0
2962 1437 3142 1506 μέντοι
3186 1438 3325 1507 μετὰ
3368 1441 3535 1507 χεῖρας
3566 1439 3633 1493 τοῦ

2133 1527 2304 1597 ’Δσάφ
2330 1527 2631 1601 (προφήτης
2650 1524 2791 1599 δὲῆν
2815 1523 2968 1591 οὗτος
2992 1530 3349 1599 συγχρονίσας
3369 1528 3442 1597 τῷ
3478 1531 3629 1600 iuvit).

2127 1621 2183 1671 Ψ
2182 1619 2373 1689 αλμὸς
2415 1620 2511 1689 μὲν
2539 1620 2965 1690 ἐπιγέγραπται,
2991 1619 3078 1672 διά
3100 1620 3160 1672 τὸ
3190 1622 3457 1690 περιέχειν
3480 1621 3635 1675 inici-

2118 1706 2201 1760 λει
2229 1707 2338 1760 τῶν
2378 1707 2552 1775 λόγων
2594 1707 2705 1761 τῶν
2748 1709 2847 1777 μὲν
2886 1707 3098 1761 ἀσεϐῶν
3143 1708 3244 1779 τὴν
3290 1712 3632 1782 καταστροφὴν,

2117 1797 2225 1852 τῶν
2250 1798 2294 1851 δ’
2326 1797 2563 1851 εὐσεϐῶν
2590 1798 2650 1851 τὸ
2682 1797 2833 1868 παρά
2854 1798 2934 1868 τῷ
2956 1799 3074 1868 Θεῷ
3106 1800 3517 1869 τεταμιευμένον
3537 1803 3635 1867 ἀγα-

2118 1887 2208 1940 θὸν
2241 1887 2426 1950 τέλος
2467 1886 2502 1940 ἃ
2546 1885 2611 1957 δὴ
2662 1888 2899 1959 παρίστη
2930 1889 3132 1957 λέγων’
3167 1889 3288 1941 Ὅτι
3337 1888 3460 1942 ἰδοὺ
3480 1894 3538 1942 ‘oi
3561 1908 3634 1958 μοι

2049 1753 2090 1808 Β

2117 1979 2438 2045 κρύνοντες
2469 1977 2721 2045 ἑαυτοὺς
2756 1978 2875 2032 ἀπὸ
2916 1979 3030 2033 (τοῦ
3056 1980 3443 2042 ἀπολοῦνται,
3464 1980 3632 2044 ἐξω.ιό-

2116 2071 2377 2135 θρευσιις
2417 2068 2615 2124 πάντα
2660 2069 2767 2122 τὸν
2802 2072 3170 2135 πορν-δύοντα
3202 2071 3324 2123 ἀπὸ
3363 2072 3489 2125 σοῦ.
3522 2073 3631 2140 Ἐμοὶ

2115 2160 2183 2212 δὲ
2203 2159 2270 2212 τὸ
2304 2159 2800 2227 προσκολλᾶσθαι
2830 2159 2908 2224 τῷ
2941 2159 3062 2225 Θεῷ
3087 2161 3315 2231 ἀγαθόν
3338 2160 3499 2214 ἐστιν
3517 2179 3533 2192 ·
3564 2164 3633 2230 ἂρ-

2114 2272 2267 2323 χεται
2296 2254 2340 2306 δ’
2386 2253 2495 2305 ἀπὸ
2538 2253 2873 2322 δογματικῆς
2913 2251 3282 2318 διδασκαλίας,
3312 2252 3382 2305 δι’
3417 2248 3481 2324 ἦς
3502 2254 3633 2305 αἰτίαν

2113 2345 2401 2398 ἀποδίδωσι
2440 2345 2541 2414 τῆς
2580 2344 2688 2398 τῶν
2720 2344 2930 2398 ἀσεϐῶν
2975 2346 3116 2397 κατά
3156 2360 3313 2407 τινας
3348 2345 3634 2415 καιροὺςεΰ-

2114 2437 2378 2507 πραγίας’
2412 2437 2473 2490 τὸ
2508 2436 2615 2507 γὰρ
2646 2436 2849 2505 ἀγαθὸν
2887 2434 3025 2489 εἶναι
3066 2436 3160 2490 καὶ
3205 2435 3542 2507 μακρόθυμον
3570 2435 3634 2487 τὸν

2111 2529 2262 2592 Θεὸν,
2301 2528 2456 2581 τοῦτό
2501 2546 2663 2600 φησιν
2698 2529 2956 2600 ὑπάρχειν
3003 2529 3190 2581 αἴτιον.
3227 2531 3296 2580 Ὃ
3343 2527 3406 2599 δὴ
3447 2527 3633 2581 διδάσκει

2113 2621 2205 2674 καὶ
2230 2624 2258 2672 ὁ
2291 2621 2434 2682 θεῖος
2477 2618 2793 2680 Ἀπόστολος
2818 2618 2988 2684 λέγων
3011 2634 3024 2647 ·
3060 2618 3128 2672 Ἢ
3150 2616 3252 2670 τοῦ
3292 2617 3540 2670 πλούτου
3558 2614 3635 2683 τῆς

2109 2714 2521 2779 χρηστότητος
2549 2708 2735 2763 αὑτοῦ
2780 2706 2879 2759 καὶ
2918 2706 3028 2775 τῆς
3065 2707 3475 2776 μακροθυμίας
3510 2721 3638 2759 uara-

2110 2802 2367 2871 φρονεῖς,
2407 2800 2659 2871 ἀγνοῶν,
2703 2802 2792 2853 ὅτι
2824 2799 2889 2853 τὸ
2940 2799 3212 2869 χρηστὸν
3253 2798 3365 2852 τοῦ
3418 2797 3547 2852 Θεοῦ
3574 2799 3635 2862 εις

2104 2891 2426 2961 μετάνοιάν
2463 2908 2535 2945 σε
2574 2891 2732 2960 ﬁrst;
2798 2891 2892 2944 καὶ
2935 2890 3167 2960 ἀλλαχοῦ
3219 2894 3283 2943 δε
3335 2889 3559 2963 εἴρηται·
3592 2889 3634 2941 '0

2113 2986 2258 3049 Θεὸς
2291 2983 2496 3053 κριτὴς
2530 2983 2758 3047 δίκαιος
2799 2983 2896 3035 καὶ
2923 2984 3140 3051 ἀγαθὸς
3171 2982 3268 3035 καὶ
3307 2984 3635 3052 μακροθυμίας

436 3077 579 3132 hanc
629 3078 956 3132 sententiam
999 3077 1066 3132 de
1111 3076 1273 3132 Patre
1320 3079 1549 3149 protulit
1586 3098 1600 3134 :
1635 3078 1807 3133 Nemo
1842 3079 1986 3133 bona,

2111 3071 2190 3141 μὴ
2222 3071 2406 3141 ὀργὴν
2439 3071 2675 3142 ἐπάγων
2706 3073 2830 3126 καθ’
2857 3071 3122 3138 ἑκάστην
3141 3070 3378 3140 ἡμέραν
3445 3071 3521 3132 Ὠς
3539 3071 3635 3138 am-

434 3169 541 3223 nisi
574 3186 708 3223 unus
744 3169 883 3222 Deus
914 3169 977 3226 ’⁷.
1028 3168 1187 3234 Quod
1236 3169 1285 3225 si
1325 3169 1393 3224 de
1435 3168 1575 3224 Filio
1624 3170 2002 3240 perquisien's,

432 3254 743 3324 comperies
777 3271 884 3326 qua
912 3256 1129 3311 ratione
1157 3266 1212 3312 et
1242 3258 1357 3327 ipse
1388 3259 1569 3315 bonus
1599 3259 1704 3324 sit;
1739 3260 1866 3329 quia
1898 3260 2008 3315 sci-

433 3342 563 3396 licet
600 3343 857 3412 splendor
896 3352 981 3400 cst
1022 3345 1162 3400 lucis
1213 3346 1579 3416 sempiternae,
1628 3356 1683 3401 et
1724 3349 2006 3418 speculum

435 3434 556 3489 sine
597 3435 810 3489 macula
841 3436 1376 3506 pateram-virtutis,
1423 3445 1478 3493 et
1511 3439 1689 3508 imago
1742 3439 2005 3494 bonitatis

433 3526 670 3581 illius".
702 3526 848 3583 Talis
886 3528 1071 3597 itaque
1114 3527 1258 3583 Deus
1290 3537 1404 3596 est;
1439 3529 1534 3585 sed
1574 3530 1707 3585 illud
1740 3546 1851 3585 non
1885 3546 2004 3586 om-

430 3620 596 3675 nibus
628 3628 854 3686 notum;
885 3636 1074 3676 verum
1100 3621 1203 3675 soli
1232 3618 1440 3684 Israeli,
1484 3621 1602 3677 viro
1633 3622 1842 3677 scilicet
1874 3638 2003 3692 per-

432 3710 638 3780 spicaci
677 3718 733 3765 et
781 3711 1190 3767 internoscendi
1235 3714 1287 3766 vi
1327 3712 1576 3782 praedito,
1626 3714 1843 3783 qualem
1900 3716 2002 3770 sub

431 3802 547 3858 hmc
572 3804 814 3859 declarat
844 3804 931 3859 his
966 3805 1169 3870 verbis,
1210 3805 1367 3859 rectis
1394 3805 1568 3859 corde.
1620 3805 1727 3871 Qui
1756 3808 1900 3862 enim
1946 3808 2003 3862 in

430 3899 613 3948 mente
652 3894 789 3948 nihil
816 3900 1124 3949 tortuosum
1158 3893 1354 3957 habet,
1399 3893 1492 3947 sed
1521 3903 1669 3947 recta
1698 3902 1752 3948 et
1788 3894 2001 3949 sincera

428 3983 760 4054 cogitatione
820 3984 1176 4053 providentiae
1233 3984 1503 4038 rationem
1555 3987 1998 4055 contemplatur,

431 4075 548 4144 ipse
600 4076 810 4131 scilicet
862 4076 1030 4131 Israel
1078 4076 1263 4141 fuerit,
1306 4076 1398 4132 cui
1440 4075 1585 4130 Deus
1642 4077 1819 4133 bonus
1877 4092 2000 4133 esse

428 4167 797 4236 cognoscitur,
849 4169 977 4237 quia
1022 4171 1092 4223 ob
1147 4169 1406 4224 bonitatis
1455 4168 1832 4224 excellentiam
1882 4184 1999 4223 om-

424 4273 525 4312 nes
579 4259 796 4313 tolerat.
869 4257 972 4315 Sed
1037 4258 1179 4315 Deus
1230 4259 1449 4329 quidem
1514 4259 1828 4327 huiusmodi
1889 4271 1993 4314 est.

427 4347 539 4420 Ego
607 4365 739 4405 vero
798 4351 960 4406 homo
1027 4353 1121 4422 qui
1193 4352 1408 4407 veritati
1484 4352 1722 4417 studeo,
1798 4352 1995 4407 mentis

2110 3162 2201 3227 θὸς
2257 3161 2386 3229 γοῦν
2428 3161 2744 3219 ἀνατέλλει
2795 3162 2902 3215 τὸν
2954 3162 3130 3235 ἣλιον
3176 3162 3383 3215 αὑτοῦ
3432 3161 3518 3214 ἐπὶ
3574 3158 3634 3210 ὃιι

2109 3257 2315 3318 καίους’
2365 3251 2463 3305 καί
2513 3252 2777 3317 ἀδίκους,
2832 3250 2931 3303 καὶ
2963 3250 3171 3319 βρέχει
3231 3252 3333 3304 ἐπὶ
3386 3234 3635 3318 πονηροὺς

2107 3343 2205 3396 καὶ
2254 3344 2532 3413 ἀγαθούς.
2568 3342 2757 3396 Ἔνθεν
2790 3344 2883 3395 καὶ
2931 3344 2959 3393 ὁ
3003 3342 3196 3413 Σωτὴρ
3240 3343 3370 3413 ὅρον
3419 3343 3535 3410 περὶ
3569 3340 3633 3392 τοῦ

2111 3436 2323 3506 Πατρὸς
2356 3435 2643 3505 ἐξήνεγκεν
2680 3431 2878 3485 εἰπώνδ
2919 3432 3125 3498 Οὐδεὶς
3155 3433 3381 3502 ἀγαθὸς
3407 3435 3459 3486 εἱ
3487 3431 3555 3501 μὴ
3575 3426 3635 3495 εἷς

2107 3531 2140 3580 ὀ
2178 3527 2342 3591 Θεός.
2374 3526 2493 3578 Κᾶν
2526 3524 2785 3596 ἐξετάζῃς
2817 3524 2944 3595 περὶ
2973 3523 3065 3576 τοῦ
3090 3522 3243 3587 Υίοῦ,
3281 3525 3498 3596 μαθήσῃ
3526 3524 3636 3580 ὅπως

2105 3621 2222 3672 ἐστὶ
2269 3620 2362 3672 καὶ
2408 3618 2569 3681 αὐτὸς
2606 3618 2840 3686 ἁγαθός·
2896 3617 3126 3686 ἐπείπερ
3167 3617 3509 3687 ἀπαύγασμα
3552 3618 3638 3668 ἐστι

2106 3713 2281 3783 φωτὸς
2310 3712 2478 3766 ἀϊδίου
2512 3711 2606 3765 καὶ
2639 3711 2900 3780 ἔσοπτρον
2933 3708 3263 3779 ἀκηλίδωτον
3307 3709 3410 3779 τῆς
3442 3709 3527 3762 τοῦ
3553 3709 3633 3760 Ha-

2101 3804 2230 3874 τρὸς
2276 3802 2573 3872 ἐνεργείας,
2621 3802 2715 3854 καὶ⁸
2754 3799 2915 3854 εἰκὼν
2951 3800 3050 3870 τῆς
3105 3799 3449 3868 ἀγαθότητος
3488 3797 3630 3854 αὑτοῦ.

2103 3894 2352 3957 Τοιοῦτος
2386 3895 2480 3965 μὲν
2523 3890 2614 3946 οὖν
2661 3896 2688 3945 ὁ
2715 3893 2847 3955 Θεὸς
2880 3892 3146 3960 πέφυκεν·
3198 3891 3468 3959 ἔγνωσται
3510 3891 3557 3943 δὲ
3590 3890 3632 3941 οὗ

2102 3991 2286 4051 πᾶσιν,
2316 3987 2450 4041 ἀλλὰ
2483 3988 2625 4058 μόνῳ
2648 3986 2725 4056 τῷ
2757 3986 2993 4057 Ἰσραὴλ,
3035 3984 3112 4055 τῷ
3149 3984 3447 4056 διορατικῷ
3474 3981 3633 4053 δηλαδὴ

2101 4081 2193 4131 καὶ
2224 4077 2507 4147 γνωστικῷ
2533 4077 2706 4146 ἀνδρὶ,
2732 4077 2789 4128 ὃν
2822 4076 2885 4145 δὴ
2918 4074 3210 4145 παρίστησι
3238 4066 3519 4128 συνάπτων
3539 4072 3632 4141 ἑξῆς

2101 4171 2195 4225 καὶ
2225 4170 2416 4238 λέγων,
2461 4168 2583 4235 τοῖς
2625 4168 2827 4222 εὑθέσι
2871 4166 2945 4234 τῇ
2978 4165 3207 4234 καρδίᾳ.
3253 4166 3313 4219 Ὀ
3351 4166 3460 4237 γὰρ
3505 4163 3631 4235 μηδὲν

2102 4263 2311 4316 σκολιὸν
2354 4260 2687 4331 κεκτημένος
2731 4262 2788 4313 ἐν
2831 4263 2895 4330 τῇ
2941 4257 3132 4310 ἑαυτοῦ
3174 4256 3347 4330 ψυχῇ,
3399 4256 3632 4326 λογισμοῖς

2099 4355 2155 4408 δὲ
2183 4354 2361 4426 ὀρθοῖς
2388 4352 2691 4406 ἐπιϐάλλων
2716 4353 2828 4414 τοῖς
2851 4353 2949 4421 τῆς
2980 4350 3231 4420 προνοίας
3267 4349 3468 4419 λόγοις,
3500 4346 3626 4406 αὐτὸς

429 4456 561 4496 mea:
622 4442 970 4498 stoliditatem
1031 4458 1248 4499 enarro.
1298 4442 1511 4497 Etenim
1563 4442 1817 4498 ﬁrmitate
1874 4457 1986 4498 mea

2111 4445 2165 4498 iv
2194 4445 2275 4515 εἴη
2310 4446 2338 4497 ὁ
2384 4443 2616 4514 Ἰσραὴλ,
2643 4435 2686 4510 ᾧ
2724 4443 2816 4495 καὶ
2846 4442 3106 4510 ἔγνωσται
3136 4440 3341 4509 ἀγαθὸς
3373 4440 3449 4493 ῶν
3481 4441 3508 4491 ὁ
3531 4434 3631 4496 Θεὸς

423 4541 478 4587 et
529 4550 762 4604 gressu,
808 4536 925 4590 sive
968 4544 1026 4590 ut
1079 4535 1450 4603 metaphorice
1501 4534 1734 4603 loquar,
1799 4534 1993 4588 animae.

422 4625 654 4695 pedibus
714 4641 769 4682 et
826 4627 1018 4682 fulcris
1084 4636 1390 4681 commotus
1449 4641 1587 4696 pene
1656 4636 1711 4681 et
1766 4641 1992 4681 eversus

398 4733 545 4772 ~sum
594 4732 625 4771 a
677 4734 774 4788 spe
810 4734 930 4773 mea
970 4719 1026 4774 in
1067 4718 1178 4774 Deo
1219 4720 1498 4790 reposita;
1540 4720 1705 4790 idque
1756 4720 1827 4774 ob
1870 4734 1992 4788 pro-

421 4823 613 4878 speras
642 4809 925 4865 atheorum
956 4811 1356 4882 impiorumque
1402 4827 1512 4866 res.
1548 4810 1752 4866 Verum
1782 4811 1834 4865 id
1866 4810 1990 4880 qui-

421 4900 545 4956 dem
572 4916 708 4972 pene
736 4917 1026 4973 perpessus
1057 4919 1207 4971 sum;
1245 4912 1299 4957 at
1334 4903 1426 4959 Dei
1470 4905 1645 4975 gratia
1677 4919 1987 4958 concussus

421 5005 532 5045 non
566 4989 684 5058 fui;
715 5008 892 5063 neque
920 5008 952 5046 a
979 4994 1071 5047 tali
1106 4994 1436 5064 cogitatione
1469 5002 1760 5064 superatus
1802 5014 1814 5049 :
1851 4995 1987 5049 alias

421 5098 549 5139 vero
574 5084 881 5154 periissem,
914 5090 967 5139 et
995 5084 1150 5140 effusi
1178 5094 1363 5142 essent
1392 5102 1617 5158 gressus
1643 5087 1749 5142 mei
1784 5106 1799 5141 :
1834 5102 1983 5151 nam,

416 5187 542 5240 pene
561 5173 716 5243 σιτιιεὶ
747 5184 868 5230 sunt
895 5191 1105 5246 gressus
1135 5179 1255 5238 mei,
1288 5177 1386 5233 sed
1440 5193 1553 5233 non
1600 5193 1791 5232 revera
1828 5176 1986 5232 eﬂ‘usi

417 5272 567 5320 sunt.
596 5264 880 5332 Quomodo
909 5275 1091 5322 autem
1125 5284 1349 5338 gressus
1395 5269 1592 5324 anima:
1635 5266 1984 5323 eﬂ‘undantur

419 5354 707 5426 intelliges,
749 5358 793 5412 si
823 5358 1150 5428 perpendas,
1179 5374 1288 5428 qua
1327 5358 1540 5412 ratione
1570 5358 1729 5412 multi
1764 5359 1982 5428 pietatis

418 5446 804 5503 exercitatione
833 5448 945 5517 jam
972 5451 1232 5519 provecti,
1265 5449 1624 5519 temperantia
1652 5455 1707 5502 et
1732 5447 1984 5502 castitate

418 5535 675 5603 diuturno
712 5546 956 5611 tempore
991 5541 1281 5613 fulgentes,
1319 5542 1540 5596 demum
1572 5539 1639 5593 ad
1675 5540 1979 5596 molliorem

483 5694 528 5725 ’³
556 5691 713 5749 Rom.
744 5711 805 5760 ιι,
826 5695 879 5749 4.
946 5697 990 5729 ⁹¹
1014 5695 1155 5752 Psal.
1180 5714 1278 5763 vu,
1328 5697 1409 5753 12.
1486 5699 1531 5731 ’⁵
1560 5695 1752 5751 Matth.
1779 5712 1839 5781 ν,
1873 5696 1961 5752 45.

2097 4532 2162 4586 δι’
2213 4532 2518 4605 ὑπερϐολήν
2570 4549 2629 4585 τε
2677 4532 3010 4602 ὰγαθότητος
3059 4532 3274 4585 πάντων
3327 4530 3629 4601 ἀνεχόμενος-

2109 4624 2248 4678 Ἀλλ’
2295 4627 2321 4677 ὁ
2377 4624 2475 4695 μὲν
2536 4623 2665 4685 Θεὸς
2716 4621 2972 4685 τοιοῦτος.
3044 4620 3185 4689 Ἐγὼ
3239 4620 3330 4683 δὲ,
3386 4620 3630 4690 ἄνθρωπος

2097 4717 2391 4790 φιλαλήθης
2452 4712 2587 4769 εἶναι
2648 4715 2850 4779 θέλων,
2905 4714 3005 4785 τὴν
3068 4712 3305 4783 ἐμαυτοῦ
3373 4708 3626 4782 διηγοῦμαι

2094 4808 2194 4878 τῆς
2247 4806 2423 4876 ψυχῆς
2451 4804 2699 4878 νωθρίαν.
2730 4802 2941 4873 Μικροῦ
2974 4801 3081 4874 γὰρ
3128 4803 3238 4856 δεῖν
3279 4803 3378 4875 τὴν
3424 4793 3625 4868 ἐμαυτοῦ

2098 4899 2282 4953 στάσιν
2312 4899 2405 4952 καὶ
2427 4897 2602 4968 βάσιν,
2627 4897 2739 4960 καὶ,
2768 4895 2843 4959 ὡς
2875 4894 2940 4949 ἂν
2966 4894 3107 4947 εἴποι
3134 4910 3219 4956 τις
3260 4887 3623 4965 μεταφορικῶς,

2093 4992 2216 5054 τοὺς
2246 4991 2342 5062 τῆς
2372 4990 2549 5060 ψυχῆς
2597 4989 2763 5051 πόδας
2790 4988 2883 5040 καὶ
2926 4987 2994 5040 τὰ
3041 4987 3340 5057 ἐρείσματα
3382 4979 3624 5053 παρετρὰ-

2096 5100 2203 5150 πην
2237 5082 2301 5135 ἐκ
2323 5080 2422 5151 τῆς
2465 5083 2544 5143 εἰς
2573 5081 2660 5134 τὸν
2687 5079 2817 5132 Θεὸν
2846 5078 3057 5141 ἐλπίδος
3091 5078 3179 5131 διὰ
3208 5079 3304 5140 τὰς
3336 5075 3444 5128 τῶν
3479 5072 3622 5126 ἀθέων

2094 5173 2185 5225 καὶ
2241 5171 2452 5224 ἀσεϐῶν
2502 5169 2706 5241 ἀνδρῶν
2761 5168 3083 5240 εὐπραγίας.
3146 5166 3305 5220 Ἀλλά
3360 5165 3506 5234 παρά
3549 5176 3621 5228 μι-

2090 5263 2220 5337 κρὸν
2250 5264 2346 5335 μὲν
2368 5262 2511 5316 τοῦτ’
2540 5262 2764 5314 ἔπαθον·
2802 5260 2888 5313 διὰ
2940 5260 2996 5312 δὲ
3040 5260 3138 5328 τὴν
3183 5257 3274 5311 τοῦ
3315 5255 3447 5310 Θεοῦ
3490 5253 3619 5323 χάριν

2089 5359 2189 5409 οὐκ
2213 5355 2528 5426 ἐσαλεύθην,
2561 5353 2681 5406 οὐδὲ
2720 5350 3094 5423 κατεκράτησέ
3141 5367 3242 5420 μου
3280 5350 3306 5400 ὁ
3337 5343 3617 5418 προλεχθεπ

2088 5450 2378 5521 λογισμός’
2411 5450 2444 5519 ἢ
2498 5448 2605 5520 γὰρ
2645 5447 2710 5501 ἂν
2759 5446 3072 5516 ἀπωλόμην,
3112 5444 3205 5497 καὶ
3239 5443 3406 5496 πάντα
3437 5456 3531 5510 μου
3564 5433 3615 5485 τὶ

2084 5539 2396 5608 διαδήματα
2431 5538 2626 5609 κέχυτο
2650 5553 2663 5566 ο
2701 5535 2834 5603 παρ’
2883 5536 3081 5603 ὀλίγον
3128 5534 3234 5603 γὰρ
3282 5531 3521 5598 ἐξεχύθη
3559 5522 3615 5575 τὰ

2058 5697 2077 5728 ’¹
2104 5694 2269 5751 Marc.
2305 5694 2466 5760 Χ,18.
2543 5695 2587 5728 ⁸⁸
2627 5694 2753 5763 Sap.
2786 5710 2883 5757 vn,
2913 5692 3018 5758 26;
3051 5690 3211 5745 Heln‘.
3248 5705 3282 5749 ι,
3315 5688 3363 5743 5.
