3776 6284
107 263 194 320 857
337 301 342 316 ι
1197 255 1706 317 ,COMMENTARIA
1751 256 1818 310 IN
1855 257 2178 314 PSALMOS

3232 268 3336 322 838

107 375 402 450 διαὸήματά
431 393 568 444 μου,
599 375 658 426 οὗ
689 377 793 446 μὴν
852 377 1102 446 ἐξεχύθη.
1140 379 1370 449 Νοὴσεις
1415 381 1468 432 δὲ
1509 381 1598 432 ὄπ(

1846 397 1928 433 am
1957 381 2135 435 allecti
2173 389 2224 436 et
2259 385 2500 452 pr’oIaps:
2533 384 2672 450 sint;
2707 400 2820 440 sive
2852 386 3016 440 etiam
3057 387 3273 458 penitus
3308 407 3337 444 a

107 474 318 543 ἐκχεῖται
348 468 524 538 ψυχῆς
555 467 885 540 διαϐήματα,
921 471 1335 540 ἐπιστήσας,ὠς
1371 473 1469 542 ἤδη
1494 473 1656 535 τινες,

106 568 448 645 προκόψαντες
499 569 555 619 ἐν
601 568 832 637 ἀσκήσει
880 566 1208 628 θεοσεϐείας,
1240 568 1296 617 ἐν
1337 565 1659 638 σωφροσύνῃ

103 681 152 718 τε
179 663 262 716 καὶ
283 661 468 730 ἁγνείᾳ
511 659 914 730 διαλάμψαντες
966 661 1194 732 μακροῖς
1237 658 1466 729 χρόνοις,
1506 657 1658 710 ὕστε-

103 758 180 830 ρόν
203 771 321 808 ποτε
362 753 712 824 ὑπεσῦρησαν
754 753 1075 824 χαυνότερον
1108 751 1402 822 βιώσαντες
1431 751 1524 802 καὶ
1553 752 1660 801 όλι-

102 850 384 918 σθήσαντες,
419 846 451 916 ἢ
499 845 777 908 παντελῶς
807 843 1131 908 ἐκπεσόντες
1170 843 1262 896 τοῦ
1295 843 1520 906 σκοποῦ,
1562 843 1658 896 καὶ

97 939 260 1010 ὥσπερ
315 937 572 1004 ναυάγιον
619 937 886 999 παθόντες
930 935 1038 989 τῶν
1080 935 1243 989 πάλαι
1300 935 1655 1006 συνηγμένων

97 1032 253 1092 αὐτοῖς
281 1027 498 1096 ἀγαθῶν
534 1029 806 1100 πράξεων.
848 1027 1064 1081 Τούτων
1109 1027 1216 1098 γὰρ
1243 1028 1343 1079 οῦκ
1383 1027 1448 1079 ἂν
1480 1027 1658 1097 ἁμάρ-

94 1139 192 1186 τοις
225 1119 385 1172 εἰπὼν
433 1119 564 1180 τοὺς
599 1119 762 1184 πόδας
806 1120 902 1190 τῆς
954 1119 1130 1190 ψυχῆς
1167 1115 1553 1171 σεσαλεῦσθαι·
1594 1119 1654 1170 οὐ

97 1217 187 1286 μὴν
211 1213 338 1266 ἀλλὰ
391 1213 487 1264 καὶ
541 1212 696 1275 ὅλους
753 1211 1126 1274 πεπτωκέναι,
1157 1211 1226 1264 τά
1256 1227 1315 1262 τε
1342 1209 1498 1280 διαϐή
1510 1227 1653 1280 ματα

93 1307 246 1363 αὐτῶν
289 1305 378 1358 καὶ
431 1304 532 1368 τὰς
567 1305 710 1358 κατὰ
757 1304 891 1356 Θεὸν
951 1303 1177 1374 πορείας
1219 1303 1317 1373 τὴν
1361 1304 1418 1354 ἐν
1459 1300 1653 1374 μακρῷ

93 1401 244 1472 χρόνῳ
273 1397 552 1468 προκοπὴν
585 1395 921 1468 ἀπορρεῦσαι
953 1397 1045 1448 καὶ
1092 1395 1440 1466 ὲκκεχῦσθαι.
1495 1393 1653 1446 Ἀλλὰ

93 1491 240 1544 ταῦτα
269 1491 365 1560 μὲν
405 1488 562 1558 παρὰ
601 1487 815 1558 μικρὸν,
851 1488 1036 1557 φησιν,
1081 1487 1301 1550 ἔπαθον,
1337 1488 1394 1540 οὔ
1426 1485 1529 1558 μὴν
1557 1485 1649 1537 πέ-

95 1581 238 1636 πονθα
259 1581 342 1635 διὰ
369 1580 428 1633 τὸ
445 1581 544 1634 τοῦ
577 1579 712 1633 Θεοῦ
749 1579 914 1644 ἕλεος.
945 1579 1089 1651 Πλὴν
1121 1579 1350 1650 ἦμελλόν
1386 1597 1449 1648 γε
1477 1578 1648 1632 ταῦτα

95 1675 293 1743 πάσχειν
322 1672 407 1724 διὰ
443 1671 608 1742 ζῆλον
650 1671 708 1724 ὃν
755 1671 981 1742 ἐζήλουν
1007 1671 1098 1723 ἐπὶ
1121 1674 1232 1734 τοῖς
1263 1671 1484 1740 ἀνόμοις
1504 1671 1644 1741 ὁρῶν

93 1767 172 1836 τὴν
197 1767 406 1838 εἰρήνην
435 1765 617 1818 αὐτῶν
651 1765 746 1818 καὶ
787 1765 884 1834 τὴν
917 1766 974 1816 ἐν
1005 1763 1220 1833 πλούτῳ
1247 1764 1340 1816 καὶ
1363 1766 1560 1838 τρυᾳῇ,
1590 1763 1646 1816 ἕν
1677 1749 1720 1803 Β

92 1882 138 1916 τε
163 1863 336 1934 ἀρχαῖς
363 1862 457 1915 καὶ
509 1861 818 1932 ἀξιώμασιν
855 1859 1172 1930 εὐημερίαν.
1205 1859 1299 1921 Εἰς
1340 1857 1512 1910 ταῦτα
1537 1857 1646 1928 γὰρ

93 1953 279 2026 ἀφορῶν
307 1952 652 2024 διεπριόμην,
675 1951 750 2014 ὡς
767 1947 973 2022 ¹μικροῦ
1003 1948 1110 2001 δεῖν
1132 1945 1469 2002 κινδυνεῦσαι
1495 1964 1650 2018 περι-

92 2049 246 2098 πεσεῖν
275 2045 454 2108 ἀθέοις
478 2044 790 2114 λογισμοῖς·
821 2036 901 2106 οἷς
929 2041 988 2094 οὐ
1021 2039 1414 2111 περιπέπτωκα
1440 2039 1646 2108 δόγμα-

92 2155 160 2190 σιν
207 2137 376 2206 όρθοῖς
432 2135 904 2206 θεραπευόμενος,
970 2135 1081 2194 τοῖς
1142 2131 1647 2200 ὑπομιμνήσκουσιν

91 2227 264 2294 ἀγαθὸν
283 2223 420 2280 εἶναι
457 2229 547 2280 τὸν
593 2226 723 2279 Θεὸν
761 2225 854 2277 καὶ
886 2222 1206 2288 ἀνεξίκακον
1244 2222 1338 2274 καὶ
1372 2221 1646 2292 μακρόθυ-

93 2339 190 2390 μον.
221 2321 412 2392 Διόπερ
433 2319 873 2389 ἐκπληττόμενος
905 2317 1066 2371 αὑτοῦ
1104 2316 1199 2369 καὶ
1245 2313 1647 2384 ἀποθαυμάζων

89 2411 168 2480 τὴν
195 2411 486 2482 ὑπερϐολὴν
520 2412 619 2481 τῆς
651 2409 1005 2478 ἁγαθότητος,
1041 2403 1192 2460 εἷπον
1222 2405 1522 2476 ἀρχόμενος
1553 2403 1644 2456 τοῦ

90 2503 223 2570 λόγου
245 2521 257 2535 ·
283 2505 373 2570 Ὠς
395 2503 624 2572 ἀγαθός
639 2502 718 2566 τῷ
751 2500 998 2568 Ἰσραὴλ
1031 2502 1063 2551 o’
1097 2497 1260 2562 Θεὸς,
1294 2496 1418 2562 τοῖς
1441 2496 1644 2550 segem

91 2593 150 2660 τῇ
165 2594 380 2662 καρδίῃ.
426 2593 576 2646 Ἀντί
603 2592 657 2643 δέ
685 2590 798 2644 τοῦ·
847 2591 938 2656 Ὡς
963 2588 1182 2658 ἀγαθὸς
1201 2627 1214 2650 ,
1244 2589 1271 2640 ὁ
1327 2587 1638 2658 Σύμμαχος’

1763 489 1929 542 sc0po
1961 475 2282 538 defecerint,
2310 483 2362 530 et
2390 477 2546 545 quasi
2579 475 2926 548 naufragium
2958 479 3010 532 in
3037 480 3196 534 bonis
3221 479 3334 548 jam

1762 567 2008 622 calfectis
2041 569 2299 637 aper-ibus
2351 567 2603 622 fecerint.
2645 567 2755 625 llos
2799 571 2846 624 si
2879 573 3109 642 pedibus
3142 574 3339 627 animae

1761 667 2066 713 commotos
2096 660 2336 727 dixeris;
2379 661 2487 715 imo
2517 677 2646 716 vero
2693 662 2738 714 si
2775 664 2994 731 penitus
3025 667 3335 736 prolapsos,

1760 757 1923 818 atque
1983 767 2206 820 gressus
2255 767 2466 818 eorum,
2510 753 2940 824 diuturnun'ique
2998 756 3054 809 in
3105 759 3190 811 via
3241 757 3337 812 Dei

1759 841 2062 910 profectum
2101 843 2386 895 vacillasse
2434 850 2488 896 et
2525 841 2756 897 effusum
2791 857 2914 898 esse
2961 845 3333 912 allirmaveris,

1757 933 2076 1004 neutiquam
2112 935 2354 989 aberres.
2399 934 2504 990 Sed
2543 937 2676 998 haec,
2717 936 2912 1006 inquit,
2947 935 3058 990 fere
3099 939 3334 1007 pertuli;

1757 1041 1856 1080 nec.
1883 1027 2076 1096 pertuli
2103 1037 2280 1082 tamen
2315 1043 2410 1097 per
2449 1029 2884 1082 misericordiam
2917 1028 3033 1084 Dei.
3067 1031 3334 1086 Caeterum

1755 1119 1890 1171 tanti
1915 1120 2046 1172 mihi
2079 1121 2306 1189 periculi
2343 1121 2398 1174 in
2426 1136 2591 1174 causa
2627 1121 2728 1176 fuit
2766 1123 2915 1178 zel-us
2941 1139 3049 1193 quo
3115 1124 3336 1194 iniquo-

1755 1227 1874 1264 rum
1913 1227 2080 1266 causa
2121 1213 2481 1276 aceendebar,
2523 1213 2650 1266 dum
2685 1215 2924 1268 viderem
2963 1230 3152 1286 pacem
3185 1219 3332 1288 ipso—

1753 1317 1900 1362 rum,
1939 1318 2154 1356 necnon
2183 1319 2371 1360 eorum
2403 1305 2460 1356 in
2490 1303 2720 1370 divitiis,
2751 1306 3056 1375 voluptate;
3086 1307 3336 1360 domina-

1752 1401 1834 1461 tu,
1871 1394 2228 1464 dignitatibus
2267 1399 2604 1456 felicitatem.
2655 1401 2782 1456 Ilaec
2819 1403 3122 1473 respiciens
3165 1400 3338 1455 disse-

1753 1489 1942 1551 cabar,
2008 1489 2082 1542 ita
2137 1501 2192 1544 ut
2241 1508 2378 1562 pene
2428 1495 2482 1547 in
2543 1495 2741 1565 impias
2809 1496 2918 1548 labi
2972 1495 3336 1565 cogitationes

1751 1578 2093 1649 periclitarer
2135 1602 2147 1636 ;
2188 1583 2240 1636 in
2274 1601 2412 1655 quas
2453 1595 2658 1651 tamen,
2695 1587 2860 1641 rectis
2891 1585 3138 1641 firmatus
3174 1585 3335 1639 iusti-

1751 1672 1907 1736 tutis,
1946 1671 2112 1727 Deum
2149 1675 2352 1730 bonum
2407 1680 2701 1748 patientem
2749 1687 2804 1733 et
2851 1680 3176 1732 tolerantem
3210 1693 3334 1734 esse

1749 1767 2260 1832 eommonentibus,
2319 1771 2636 1839 neutiquam
2693 1769 2892 1824 decidi.
2965 1769 3332 1834 Quamobrem

1749 1855 2173 1924 praecellentiam
2233 1859 2496 1916 bonitatis
2547 1862 2721 1930 ipsius
2757 1861 3058 1926 demirans,
3111 1875 3174 1914 ac
3217 1869 3334 1914 stu-

1750 1961 1904 2016 pens,
1934 1948 2011 2002 sic
2044 1965 2352 2006 sermonem
2379 1969 2541 2008 orsus
2573 1970 2692 2008 sum
2722 1972 2736 2009 :
2771 1953 2944 2020 Quam
2972 1953 3136 2006 bonus
3161 1949 3334 2005 Israel

1753 2037 1916 2104 Deus,
1953 2043 2110 2095 rectis
2138 2043 2294 2098 corde
2313 2045 2334 2097 .'
2383 2044 2488 2098 Pro
2513 2047 2606 2099 illo
2647 2052 2828 2100 autem
2865 2064 2876 2100 :
2910 2045 3084 2111 Quam
3129 2043 3328 2106 bonus;

1723 2128 2114 2200 'Symmachus
2146 2155 2156 2188 :
2186 2133 2346 2202 Sane,
2375 2137 2570 2208 inquit,
2613 2153 2725 2190 vere
2755 2137 2918 2192 bonus
2946 2137 3086 2190 Deus
3112 2136 3329 2204 Israeli,

1746 2225 1893 2293 puris
1933 2227 2108 2281 corde.
2152 2226 2289 2293 Quis
2327 2246 2456 2284 vero
2487 2239 2634 2286 esset
2667 2231 2833 2286 lsrael
2857 2232 2944 2286 his
2973 2231 3171 2286 additis
3206 2247 3332 2286 ver-

1749 2318 1834 2372 bis
1884 2319 2207 2382 declaravit,
2237 2323 2384 2390 puris
2429 2325 2604 2378 corde.
2641 2323 2718 2378 llli
2753 2340 2990 2394 namque
3012 2341 3138 2379 vere
3161 2325 3331 2379 Israel

1750 2411 1910 2470 sunt;
1947 2421 2118 2476 quare
2151 2421 2180 2460 a
2209 2405 2500 2462 Servatore
2524 2425 2743 2478 quoque
2769 2409 2977 2462 dictum
3011 2416 3094 2462 est
3126 2427 3138 2460 :
3176 2407 3332 2462 Beati

1747 2497 1943 2551 mundo
1997 2499 2172 2564 corde,
2226 2501 2475 2570 quoniam
2507 2503 2610 2570 ipsi
2645 2501 2812 2555 Deum
2841 2500 3083 2556 videbunt
3105 2502 3149 2534 ”
3187 2519 3202 2555 :
3249 2499 3332 2556 Is-

1748 2589 1862 2642 rael
1891 2601 2068 2644 autem
2089 2591 2264 2644 videns
2297 2591 2464 2646 Deum
2488 2593 2809 2662 explicatur.
3137 2573 3140 2575 ⁸

91 2687 238 2754 Πλὴν
303 2687 508 2752 ὅντως,
553 2685 738 2756 φησιν,
787 2681 1010 2753 ἁγαθός
1052 2684 1083 2734 ὀ
1125 2679 1271 2746 Θεὸς
1313 2678 1392 2744 τῷ
1430 2679 1688 2748 Ἰσραὴλ,
1729 2681 1855 2746 τοῖς
1885 2683 2168 2750 καθαροῖς
2201 2683 2317 2752 τὴν
2332 2685 2604 2750 καρδίαν.
2639 2687 2960 2757 Παρὲστησε
2993 2693 3100 2758 γάρ
3124 2685 3207 2750 τίς
3242 2683 3328 2758 εἴη

91 2781 114 2830 ό
145 2779 356 2850 Ἰσραὴλ,
381 2777 722 2845 ἐπισυνόιῷας
746 2774 840 2827 καὶ
864 2771 1055 2836 εἰπὼν,
1086 2771 1210 2838 τοῖς
1279 2771 1559 2839 καθαροῖς
1585 2769 1700 2838 τὴν
1739 2772 2010 2842 καρδίαν.

2111 2771 2226 2829 ῦτοι
2266 2777 2374 2848 γάρ
2411 2777 2550 2830 εἰσιν
2592 2781 2618 2831 ό
2665 2777 2915 2848 ἀληθινὸς
2975 2777 3220 2850 Ἰσραήλ·
3250 2777 3330 2830 διὸ

92 2869 278 2937 ἐλέγετο
304 2871 394 2924 καὶ
421 2870 531 2922 ὑπὸ
555 2868 648 2921 τοῦ
685 2865 970 2936 Σωτῆρος·
1003 2863 1291 2930 Μακάριοι
1348 2866 1402 2917 oi
1457 2863 1702 2930 καθαροὶ
1733 2863 1807 2933 τῇ
1855 2867 2087 2935 καρδίᾳ,
2143 2867 2232 2920 ὅτι
2294 2871 2460 2924 αὐτοὶ
2502 2871 2610 2924 τὸν
2661 2869 2811 2923 Θεὸν
2857 2870 3140 2938 ὄψονται·
3183 2870 3329 2924 καὶὸ

101 2963 288 3034 Ἰσραὴλ
311 2963 364 3016 δὲ
395 2961 558 3030 ὁρῶν
591 2962 700 3014 τόν
733 2959 882 3012 Θεὸν
911 2955 1288 3028 ἑρμηνεύεται.

145 3079 250 3130 Ὀτι
269 3079 376 3130 οὐκ
399 3077 576 3130 ἐστιν
611 3073 940 3138 (ireire-vate
977 3072 1046 3124 ἐν
1065 3069 1144 3136 τῷ
1165 3069 1398 3134 θανάτῳ
1419 3070 1636 3138 αὐτῶν,

1836 3071 1982 3128 Vens.
2008 3071 2130 3126 4-9.
2153 3071 2294 3138 Quia
2324 3089 2426 3126 non
2454 3081 2532 3126 est
2559 3079 2822 3142 respectus
2854 3072 3013 3124 morti
3042 3087 3246 3136 eorum,
3277 3079 3327 3125 et

89 3171 166 3222 καὶ
199 3169 497 3238 στερέωμα
541 3167 610 3220 ἐν
648 3166 724 3235 τῇ
759 3164 1006 3235 μάστιγι
1046 3161 1263 3216 αὐτῶν.
1313 3164 1408 3216 Ἐν
1435 3164 1644 3228 κόποις

87 3260 377 3328 ἀνθρώπων
409 3261 525 3312 οὐκ
574 3259 716 3324 εἰσὶ,
745 3258 842 3311 καὶ
878 3257 1028 3326 μετὰ
1074 3252 1399 3320 ἀνθρώπων
1434 3257 1504 3308 οὐ
1531 3271 1644 3323 μα-

86 3347 549 3417 στιγωθήσονται.
607 3347 710 3400 Διὰ
739 3346 913 3400 τοῦτο
969 3346 1302 3414 ἐκράτησεν
1343 3345 1566 3412 αὐτοὺς
1601 3345 1640 3412 ἡ

87 3440 438 3509 ὑπερηφανία
487 3441 574 3503 εἷς
617 3437 810 3502 τέλος.
862 3436 948 3499 Ὡς
980 3437 1037 3488 ὲν
1075 3437 1284 3508 ἱστορίᾳ
1314 3435 1642 3507 διεξέρχεται

85 3531 140 3585 τὰ
165 3531 466 3603 ταράξαντα
499 3529 663 3583 αὑτοῦ
699 3530 797 3600 τὴν
825 3528 1020 3600 ψυχὴν,
1059 3529 1144 3582 ἵνα
1177 3529 1414 3600 γνῶμεν,
1455 3531 1535 3581 ὅτι
1567 3529 1642 3600 μὴ

85 3626 162 3678 ἐπὶ
187 3629 388 3696 μικροῖς
411 3623 676 3694 ἐσαλεύθη
684 3639 781 3676 σαν
813 3623 978 3675 αὑτοῦ
1013 3623 1061 3674 oi
1092 3623 1249 3686 πόδες
1278 3625 1404 3692 παρ’
1428 3622 1605 3690 ὀλίγον
1623 3638 1636 3650 ·

89 3717 203 3786 μηδέ
239 3717 328 3770 ἐπὶ
347 3720 460 3779 τοῖς
494 3715 748 3784 τυχοῦσιν
778 3713 1008 3784 ἤμελλον
1040 3712 1232 3766 ἐαυτοῦ
1262 3712 1539 3782 ἐκχεῖσθαι
1573 3710 1642 3763 τὰ

85 3808 386 3880 διαδήματα.
435 3808 570 3860 Τίνα
599 3807 655 3858 δὲ
688 3802 988 3876 ἦνταῦτας
1023 3806 1086 3857 Οἱ
1133 3805 1347 3867 ἀσεϐεῖς
1399 3805 1492 3857 καὶ
1551 3803 1641 3856 τὸν

85 3897 198 3952 Θεὸν
223 3901 316 3952 οὑκ
347 3899 569 3962 εἰδότες,
601 3896 764 3960 οὕτω,
800 3895 984 3965 φησὶν,
1011 3896 1068 3950 ἐν
1099 3895 1387 3966 εὐσταθείᾳ
1417 3893 1530 3964 βίου
1545 3895 1640 3946 καὶ

83 3989 346 4062 θυμηδίαις
393 3991 620 4060 διῆγον,
681 3987 776 4040 καὶ
838 3986 1032 4056 μέχρις
1083 3986 1318 4056 ἐσχάτης
1383 3983 1642 4051 τελευτῆς

84 4082 324 4154 τοσαύτης
362 4081 642 4151 ἀπήλαυον
687 4080 920 4152 τρυφῆς,
952 4079 1026 4141 ὡς
1059 4079 1152 4130 καὶ¹
1194 4075 1353 4130 πάνθ’
1400 4073 1640 4127 ὁντινοῦν

83 4171 317 4240 εὔξασθαι
342 4173 449 4226 τῶν
474 4172 604 4225 ἴσων
633 4172 816 4233 αὐτοῖς
847 4172 1048 4240 τυχεῖν,
1087 4166 1327 4240 ζηλῶσαί
1362 4183 1420 4218 τε
1463 4165 1640 4218 αὐτῶν

82 4265 134 4316 οὐ
166 4265 314 4335 μόνον
368 4265 466 4336 τὴν
501 4263 664 4334 ζωὴν,
691 4261 826 4315 ἁλλὰ
853 4263 945 4314 καὶ
991 4259 1082 4312 τὸν
1125 4259 1375 4321 θάνατον,
1417 4256 1477 4308 ὃν
1517 4257 1639 4309 οὐδὲ

81 4357 496 4430 παραιτήσασθαι
513 4357 637 4427 ἐξῆν
659 4355 779 4408 οὐδὲ
795 4352 1065 4407 ἀπευκτὸν
1094 4348 1423 4422 ἡγήσασθαι.
1453 4347 1639 4412 Οὕτως

83 4447 168 4502 οὐκ
198 4444 262 4520 ἦν
316 4449 604 4512 ἀνάνευσις
638 4449 693 4500 ἐν
740 4445 816 4516 τῷ
847 4445 1060 4514 θανάτῳ
1095 4443 1293 4496 αὐτῶν.
1339 4441 1499 4496 Ἀλλὰ
1543 4442 1639 4494 καὶ
1671 4437 1716 4492 D

83 4543 124 4594 εί
153 4543 338 4614 συνέϐη
396 4543 525 4596 ποτὲ
580 4541 802 4612 μάστιγι
835 4538 928 4592 καὶ
963 4537 1166 4607 πληγῇ,
1194 4534 1441 4588 τουτέστι
1481 4552 1637 4606 περι-

85 4635 250 4686 στάσει
293 4635 386 4687 καὶ
433 4633 688 4705 συμφορᾷ
731 4631 1044 4703 περιπεσεῖν
1083 4627 1261 4682 αὐτῶν
1317 4645 1459 4691 τινα,
1508 4625 1540 4696 ἢ
1581 4627 1639 4678 ἐν

81 4727 238 4791 νόσοις
268 4703 618 4796 ἐξετασθῆναι
648 4725 742 4778 καὶ
763 4723 1008 4796 ζημίαις,
1033 4721 1132 4775 οὐκ
1160 4717 1226 4792 ῆν
1265 4703 1549 4790 στερέωμα
1582 4721 1638 4772 ἐν

79 4821 140 4889 τῇ
167 4821 379 4890 μάστιγι
407 4819 605 4872 αὐτῶν.
645 4818 719 4870 Οὐ
744 4815 852 4887 γὰρ
883 4815 1078 4886 στερεά
1112 4831 1192 4876 τις
1224 4808 1291 4883 ἦν
1314 4813 1407 4864 καὶ
1443 4812 1637 4881 ἐπίμο-

81 4912 209 4982 νοςή
240 4914 356 4965 κατ’
389 4907 776 4979 αὐτῶνλπλὴγή
802 4925 814 4936 ·
851 4906 1073 4978 βραχεῖα
1099 4905 1156 4958 δέ
1176 4923 1258 4968 τις
1298 4903 1392 4956 καὶ
1426 4901 1484 4967 ἐξ
1517 4904 1636 4954 ἐπι-

85 5001 234 5072 πολῆς
259 5003 698 5074 παρατρέχουσα.
745 4998 876 5052 Οὐδὲ
909 5000 966 5050 ἐν
997 4997 1187 5058 κόποις
1225 4995 1280 5047 δὲ
1334 4991 1637 5065 ἀνθρώπων

87 5089 400 5163 ὲξητάζοντο,
429 5091 830 5163 γεωπονοῦντες
861 5089 954 5142 καὶ
975 5087 1069 5158 τὴν
1090 5085 1292 5158 τροφὴν
1314 5087 1420 5138 ἀπὸ
1440 5084 1636 5156 χειρῶν

87 5185 424 5256 ποριζόμενοι,
475 5184 634 5254 πενίᾳ
679 5198 738 5234 τε
787 5179 1278 5251 κατατρυχόμενοι·
1329 5178 1636 5230 τούναντίον

88 5274 134 5328 δὲ
156 5275 356 5348 πλούτῳ
371 5276 782 5349 περιρῤεόμενοι
801 5267 1218 5342 καθηδυπάθουν
1239 5267 1631 5340 ἐντρυφῶντες,

87 5368 168 5419 καὶ
195 5369 350 5440 μηδὲν
375 5371 554 5439 ὅμοιον
591 5367 888 5436 πάσχοντες
919 5364 1031 5424 τοῖς
1075 5361 1277 5424 λοιποῖς
1331 5361 1634 5432 ἀνθρώποις

87 5459 182 5520 τοῖς
209 5458 608 5528 μαστιζομὲνοις
641 5455 875 5524 ἑκάστης
921 5452 1131 5522 ἡμέρας
1163 5450 1228 5503 δι’
1251 5451 1506 5505 ἐπιπόνου
1542 5455 1635 5506 καὶ

91 5533 340 5620 μοχθηροῦ
387 5548 517 5617 βίου.
567 5548 664 5602 Διὸ
692 5548 761 5601 ἐν
798 5546 961 5608 κόπῳ
989 5541 1312 5612 ἀνθρώπων
1349 5546 1457 5596 οὐκ
1491 5545 1631 5604 εἰσί,

139 5705 178 5736 ο·
211 5707 396 5762 Matth.
427 5725 478 5778 v,
510 5711 560 5764 8.

1747 3167 2138 3238 ﬁrmamentum
2170 3167 2224 3219 in
2255 3165 2415 3236 plaga
2449 3167 2706 3234 ipsorum.
2742 3164 2809 3218 In
2842 3163 3114 3218 laboribus
3153 3162 3326 3216 homi-

1745 3276 1870 3313 num
1904 3259 2008 3314 τιοὴ
2037 3267 2159 3312 sunt
2191 3265 2240 3312 et
2276 3275 2394 3311 cum
2422 3258 2718 3312 hominibus
2757 3274 2860 3310 non
2891 3254 3325 3326 ﬂagellabuntur.

1746 3348 1873 3404 Ideo
1901 3349 2065 3402 tenuit
2086 3365 2171 3401 eos
2199 3347 2444 3416 superbia
2465 3348 2518 3399 in
2545 3348 2722 3416 ﬁnem.
2759 3345 3012 3400 Historiae
3043 3360 3191 3399 more
3207 3359 3328 3414 qua:

1746 3440 1985 3494 animam
2035 3441 2260 3494 turbant
2308 3453 2464 3492 suam
2519 3444 2762 3502 enarrat,
2816 3445 2876 3490 ut
2925 3437 3168 3491 sciamus
3217 3451 3328 3490 non

1745 3549 1913 3605 parva
1946 3533 2013 3588 de
2046 3547 2214 3587 causa
2247 3545 2384 3600 pene
2417 3539 2724 3584 commotos
2770 3528 2890 3598 ejus
2925 3530 3112 3600 pedes,
3147 3543 3326 3598 neque

1744 3628 1815 3681 ob
1848 3641 1938 3682 res
1965 3627 2117 3695 parvi
2153 3625 2417 3680 momenti
2471 3639 2609 3694 pene
2659 3622 2859 3678 effusos
2889 3636 3114 3692 gressus
3149 3621 3326 3689 ipsius

1744 3719 1936 3775 fuisse.
1992 3721 2252 3784 Quaenam
2307 3719 2398 3770 illa
2451 3717 2648 3771 erant?
2683 3715 2862 3785 lmpii,
2917 3714 3113 3783 inquit,
3146 3719 3199 3766 et
3231 3713 3324 3781 qui

1745 3811 1914 3866 Deum
1945 3827 2056 3865 non
2087 3817 2306 3872 norant,
2341 3817 2450 3861 tam
2491 3807 2638 3862 felici
2672 3808 2794 3860 vita:
2826 3805 3082 3870 decursu,
3142 3811 3325 3872 tanga-

1743 3917 1850 3970 que
1909 3901 2186 3970 voluptate
2223 3897 2517 3967 degebant,
2582 3905 2634 3952 et
2671 3911 2846 3966 usque
2893 3895 2961 3948 ad
3016 3903 3322 3949 extremum

1741 3994 1868 4048 vitae
1915 3993 2144 4046 halitum
2199 3997 2278 4043 tot
2321 3989 2533 4043 deliciis
2557 3989 2900 4050 fruebantur,
2929 3993 2988 4040 ut
3019 4002 3178 4041 nemo
3207 4001 3318 4040 non

1743 4091 1954 4154 optaret
1999 4085 2150 4146 paria
2187 4081 2473 4150 consequi,
2505 4096 2568 4134 ac
2599 4095 2704 4134 non
2736 4081 2912 4134 solum
2945 4079 3069 4132 vitae
3101 4094 3318 4144 eorum,

1742 4175 1840 4231 sed
1875 4176 2038 4230 etiam
2091 4174 2252 4229 morti
2305 4174 2594 4237 invideret,
2663 4173 2758 4226 tali
2805 4173 3035 4237 scilicet,
3099 4171 3317 4242 qualem

1742 4269 1984 4323 abnuere
2013 4283 2076 4320 ac
2109 4265 2437 4322 horrendam
2485 4273 2678 4335 putare
2703 4263 2910 4318 nemini
2957 4264 3166 4318 liceret.
3228 4259 3324 4316 Sic

1742 4377 1852 4415 non
1900 4367 2020 4414 erat
2067 4367 2354 4430 respectus
2410 4357 2572 4411 morti
2629 4371 2838 4411 eorum.
2906 4353 3016 4410 Sed
3073 4354 3238 4410 etiam
3273 4353 3322 4408 si

1741 4453 1962 4522 quando
1992 4452 2334 4522 contingeret
2369 4465 2562 4505 eorum
2594 4449 2832 4518 aliquem
2889 4447 2942 4500 in
2999 4447 3210 4515 plagam
3267 4452 3322 4500 et

1745 4545 2042 4616 ﬂagellum,
2079 4544 2334 4598 videlicet
2360 4543 2416 4596 in
2440 4555 2738 4597 aerumnam
2763 4548 2816 4595 et
2840 4539 3204 4596 calamitatem
3237 4539 3320 4590 in-

1742 4635 1956 4700 cidere;
1994 4637 2108 4689 sive
2143 4634 2331 4688 morbo
2366 4632 2502 4686 allici
2533 4633 2617 4685 vel
2646 4631 2997 4692 detrimento,
3044 4643 3153 4683 non
3204 4637 3320 4682 erat

1741 4725 2146 4780 firmamentum
2197 4727 2249 4778 in
2313 4725 2468 4795 plaga
2525 4725 2789 4793 ipsorum.
2829 4720 2946 4774 Non
2981 4721 3122 4774 enim
3157 4719 3318 4771 firma

1741 4833 2181 4888 permanensque
2211 4817 2339 4870 talis
2375 4817 2621 4887 ipsorum
2645 4815 2800 4884 plaga
2830 4819 2978 4878 erat;
3019 4811 3111 4866 sed
3137 4810 3318 4864 brevis

1742 4911 2198 4981 superficiemque
2241 4911 2470 4979 carptim
2513 4909 2805 4977 attingens.
2835 4905 3022 4975 Neque
3069 4906 3202 4958 item
3261 4901 3318 4956 in

1739 5003 2021 5058 laboribus
2077 5003 2357 5056 hominum
2404 5001 2785 5062 versabantur,
2817 5005 3018 5052 terram
3065 4995 3316 5062 colendo,

1739 5098 1824 5152 vel
1865 5097 2120 5152 manibus
2149 5096 2354 5149 victum
2389 5093 2666 5161 parando;
2709 5107 2815 5146 non
2841 5090 3102 5160 pauperie
3133 5087 3316 5142 afflicti

1739 5197 1929 5258 erant;
1955 5204 2142 5242 verum
2169 5203 2200 5242 e
2240 5185 2518 5240 contrario
2549 5185 2753 5238 divitiis
2793 5183 3097 5243 afﬂuentes,
3135 5181 3188 5234 in
3224 5181 3319 5236 de-

1740 5282 1897 5336 licias
1931 5279 2412 5349 immergebantur,
2445 5277 2692 5346 nihilque
2723 5275 3073 5344 patiebantur
3101 5281 3161 5326 ut
3193 5273 3320 5326 reli-

1737 5374 1832 5444 qui
1855 5373 2124 5433 homines,
2158 5369 2248 5438 qui
2289 5369 2532 5438 quotidie
2583 5367 2856 5420 laboriosa
2899 5377 3318 5432 mrumnosaque

1738 5462 1846 5514 vita
1905 5465 2270 5513 macerantur.
2332 5457 2514 5522 Quare
2561 5458 2614 5510 in
2679 5455 2856 5509 labore
2904 5455 3176 5509 hominum
3213 5470 3316 5507 non

1738 5561 1880 5617 sunt,
1911 5561 1958 5604 et
1983 5566 2100 5603 cum
2123 5547 2418 5603 hominibus
2454 5565 2554 5603 non
2589 5547 3022 5617 ﬂagellabumur.
3063 5545 3318 5617 Symma-
