3776 6284
444 299 549 356 859

1167 298 1435 357 EUSEBII
1469 302 1945 360 CESARIENSIS
1977 301 2129 360 OPP.
2165 302 2348 360 PARS
2386 304 2469 360 Ill.
2500 337 2570 348 -—
2603 307 3015 363 EXEGETICA.
3564 314 3640 371 840

442 416 582 471 chus
607 422 788 470 autem
833 412 912 471 sic
946 412 1339 485 interpretatus
1362 424 1447 473 est
1481 436 1494 471 :
1523 416 1664 484 Quia
1688 435 1790 473 non
1813 418 1927 488 cogi

2149 418 2218 471 rat
2256 420 2407 488 μετὰ
2451 419 2778 488 ἀνθρώπων
2808 422 2879 476 οὐ
2918 420 3479 490 μαστιγωθήσονται.
3520 425 3568 479 '0
3600 429 3640 484 δὲ

422 509 571 561 ιίνιιηι
600 508 663 561 de
684 516 850 561 morte
882 524 899 561 :
927 507 1085 577 ﬁrma
1114 524 1337 580 namque
1364 520 1515 564 erant
1537 510 1793 565 vestibula
1812 527 1991 564 eorum
2003 527 2023 575 ;

442 614 508 655 ac
530 599 792 671 deinceps
819 617 831 653 :
855 597 921 653 In
946 600 1184 663 miseria,
1204 601 1402 671 inquit,
1426 602 1527 655 viri
1544 618 1647 656 non
1664 610 1837 663 erant,
1864 618 2026 673 neque

442 708 561 745 cum
589 690 889 746 hominibus
939 692 1389 771 percutiebantur.
1424 692 1565 759 Quia
1597 694 1766 765 igitur
1821 695 1917 748 tali
1969 695 2024 748 in

443 783 759 839 conditione
791 792 972 848 erant,
1004 785 1121 837 ideo
1149 785 1317 838 tenuit
1343 802 1430 839 eos
1462 785 1725 852 superbia.
1759 786 1894 841 Cum
1926 801 2027 856 par

444 876 641 933 fuisset
674 877 843 942 enim,
878 885 937 932 ut
989 879 1068 933 illi
1110 896 1237 936 vere
1292 880 1465 951 impii,
1496 880 1797 935 secundum
1832 880 2025 935 huma-

440 985 572 1024 num
600 968 877 1040 cogitandi
909 986 1141 1036 morem,
1175 972 1476 1044 condignas
1505 972 1879 1043 impietatibus
1907 990 2023 1044 pa:-

440 1075 541 1114 nas
576 1060 825 1126 luerent;
876 1061 955 1114 illi
1000 1070 1149 1117 certe
1183 1063 1237 1116 in
1268 1062 1478 1119 deliciis
1509 1064 1635 1119 vitm
1662 1064 2025 1120 versabantur

441 1150 572 1205 dum
612 1149 724 1206 Deo
756 1150 959 1207 bellum
989 1159 1292 1208 moverent.
1333 1153 1517 1221 Quare
1558 1156 1687 1211 dum
1723 1164 2023 1211 attereren-

439 1248 533 1296 tur
562 1242 761 1320 seipsis
790 1243 1006 1313 pejores
1036 1245 1362 1310 evadebant,
1388 1256 1439 1300 et
1489 1249 1655 1315 operti
1679 1256 1801 1302 sunt
1825 1247 2024 1316 iniqui-

441 1340 549 1385 tate
583 1341 632 1386 et
661 1334 930 1402 impietate
952 1350 1086 1397 sua;
1120 1350 1220 1405 pro
1253 1352 1364 1407 quo
1384 1336 1748 1409 Symmachus
1778 1357 1790 1393 :
1826 1337 2023 1407 Super-

441 1422 552 1487 bia,
588 1422 786 1493 inquit,
825 1424 1000 1478 induti
1031 1434 1175 1490 sunt,
1207 1429 1363 1497 quasi
1393 1429 1584 1483 horrea
1628 1444 1694 1483 ea:
1738 1429 2023 1499 iniquitate

442 1513 710 1571 habentes.
747 1516 828 1571 Ad
863 1516 977 1571 haec
1035 1526 1215 1574 autem
1251 1540 1264 1576 :
1301 1521 1549 1576 Prodibit
1576 1523 1732 1594 quasi
1774 1540 1840 1577 ea:
1870 1522 2022 1591 adipe

442 1607 698 1677 iniquitas
728 1602 931 1662 eorum.
972 1607 1146 1679 Cujus
1183 1611 1289 1667 loci
1328 1613 1619 1669 clariorem
1653 1616 1849 1670 extulit
1882 1632 2024 1672 sen-

440 1701 666 1755 tentiam
688 1699 1052 1771 Symmachus
1080 1701 1166 1757 his
1188 1704 1372 1761 verbis
1399 1725 1411 1760 :
1443 1704 1873 1762 Procideruntex
1896 1711 2018 1778 pin-

436 1793 661 1863 guedine
688 1795 830 1847 oculi
861 1811 1044 1849 eorum
1083 1797 1375 1854 :similiter
1400 1799 1599 1870 Aquila
1631 1805 2021 1874 interpretatus

437 1893 525 1941 est
557 1885 751 1942 dicens
790 1905 804 1942 :
837 1886 1100 1942 Exierunt
1133 1888 1199 1943 ab
1230 1890 1383 1960 adipe
1411 1892 1551 1946 oculi
1574 1910 1779 1949 eorum.
1809 1896 2022 1952 Praeter

439 1980 555 2037 haec
596 1982 810 2053 inquit:
850 1983 1197 2039 Transierunt
1226 1986 1281 2039 in
1325 1987 1571 2056 affectum
1603 1989 1778 2043 cordis
1815 2006 1835 2044 :
1873 1972 2020 2063 cogi-

439 2083 681 2129 taverunt
703 2085 753 2129 et
775 2076 941 2132 locuti
973 2087 1097 2132 sunt
1129 2079 1183 2131 in
1212 2078 1535 2149 iniquitate:
1568 2096 1689 2151 quae
1729 2082 1810 2139 sic
1846 2083 2019 2139 inter-

437 2174 688 2238 pretatur
720 2167 1086 2241 Symmachus
1115 2189 1127 2224 :
1162 2169 1539 2245 Prtetergressi
1562 2183 1685 2229 sunt
1709 2192 1827 2247 qua:
1858 2192 2020 2247 appa-

437 2260 648 2325 rebant,
691 2260 849 2314 corde
900 2261 1201 2317 irridentes.
1234 2262 1370 2318 Nam
1414 2265 1533 2335 ipsa
1565 2281 1731 2337 opera
1766 2265 1858 2323 Dei
1898 2284 2020 2339 quae

438 2354 685 2408 omnium
718 2355 896 2409 oculis
925 2356 1369 2427 conspiciuntur,
1401 2366 1455 2413 et
1507 2366 1694 2431 aperta
1726 2360 2021 2431 providen-

438 2445 529 2502 tia
558 2446 828 2501 miracula
860 2438 1457 2518 praetergrediebautur
1493 2469 1508 2505 :
1547 2466 1672 2505 cum
1700 2459 1882 2507 tamen
1914 2452 2019 2523 ipsi

436 2552 503 2592 ca
539 2537 910 2609 intelligerent
937 2548 994 2594 et
1029 2551 1325 2611 caperent;
1382 2543 1478 2599 sed
1502 2543 1573 2598 ob
1622 2544 1871 2599 stultitiae
1908 2545 2018 2600 vim

438 2630 744 2685 illudebant
774 2638 828 2686 et
850 2631 1180 2689 irridebant.
1210 2633 1439 2706 Insuper
1467 2635 1635 2690 locuti
1665 2645 1789 2690 sunt
1824 2637 1879 2691 in
1902 2654 2019 2690 ma-

434 2720 579 2783 iitia.
603 2734 655 2777 et
684 2723 1016 2794 iniquitatem
1042 2727 1096 2780 in
1126 2726 1393 2781 excelsum
1418 2726 1603 2781 locuti
1625 2736 1768 2783 sunt.
1808 2727 2016 2784 Posue-

436 2822 562 2866 runt
586 2811 639 2865 in
670 2812 861 2867 ctelum
894 2831 951 2870 os
977 2832 1153 2880 suum,
1182 2824 1232 2870 et
1256 2816 1438 2887 lingua
1466 2833 1649 2872 eorum
1687 2820 1932 2875 transivit
1964 2822 2020 2875 in

434 2913 599 2959 :erra.
646 2901 774 2961 Haec
804 2922 973 2978 porro
1004 2906 1369 2979 Symmachus
1412 2910 1492 2964 sic
1538 2912 1834 2981 explicavit
1865 2931 1878 2967 :
1914 2911 2021 2968 Lo-

431 2998 730 3068 quebantur
759 3015 879 3053 cum
914 2999 1088 3052 multa
1113 3000 1409 3065 calumnia,
1444 3010 1632 3055 contra
1655 3002 1918 3057 excelsum
1941 3005 2019 3058 lo-

432 3090 749 3162 quebantur.
806 3091 1109 3147 Posuerunt
1141 3094 1197 3147 in
1236 3092 1423 3147 cmlum
1460 3111 1518 3150 os
1565 3111 1720 3150 suum
1764 3111 1783 3150 :

374 3218 377 3221 -
433 3189 611 3239 autem
651 3201 835 3241 earum
864 3185 1320 3241 obambulationes
1372 3188 1428 3241 in
1484 3197 1649 3243 terra.
1686 3187 2012 3259 Blasphema

434 3275 637 3347 quippe
685 3277 834 3332 dicta
879 3278 1223 3349 proferentes
1249 3286 1446 3333 contra
1483 3276 1677 3347 Deum,
1707 3281 1866 3352 quasi
1901 3296 2012 3335 non

432 3367 662 3431 videret,
690 3384 867 3439 neque
895 3379 1143 3439 curaret;
1168 3371 1279 3427 imo
1327 3371 1486 3442 quasi
1512 3372 1743 3427 omnino
1772 3388 1883 3427 non
1918 3389 2013 3429 ex-

434 3457 673 3521 sisteret.
726 3461 1076 3531 iniquitatem
1111 3463 1167 3517 in
1220 3465 1499 3519 excelsum
1534 3464 1707 3519 locuti
1743 3472 1894 3530 sunt,
1949 3480 2014 3521 ac

366 3556 373 3565 ‘
434 3564 610 3621 usque
652 3553 719 3609 ad
761 3556 962 3609 caelum
995 3572 1058 3613 os
1094 3572 1253 3611 suum
1282 3557 1687 3627 extenderunt;
1740 3559 1846 3615 etsi
1876 3560 2013 3617 viles

430 3649 618 3698 essent
638 3651 692 3698 et
721 3643 963 3716 linguam
988 3661 1145 3702 suam
1173 3647 1227 3701 in
1249 3655 1399 3702 terra
1419 3646 1703 3703 haberent.
1731 3647 1856 3704 Haec
1879 3665 2012 3706 sane

430 3744 562 3789 sunt
594 3752 830 3808 quorum
862 3753 1030 3795 causa
1062 3753 1241 3795 meam
1270 3738 1445 3796 fateor
1496 3738 1907 3809 inﬁmitatem;
1947 3758 2012 3797 ac

430 3825 580 3881 velut
613 3827 667 3880 in
712 3828 874 3900 cippo
908 3829 1318 3884 accusationem
1369 3829 1615 3885 inscribo
1649 3846 1847 3897 meam,
1881 3833 2010 3903 quia

427 3931 558 3986 pene
587 3921 718 3973 moti
738 3928 861 3975 sunt
890 3921 1043 3990 pedes
1069 3921 1190 3989 mei,
1224 3929 1273 3975 et
1309 3937 1437 3991 pene
1464 3922 1623 3992 effusi
1648 3934 1770 3978 sunt
1797 3942 2011 3994 gressus

433 4009 555 4072 mei,
610 4010 735 4079 quia
786 4011 954 4066 τειαυὶ
998 4028 1155 4080 super
1192 4013 1423 4083 iniquos,
1464 4029 1645 4082 pacem
1676 4026 2012 4084 peccatorum

428 4101 631 4156 uidens.

2130 510 2423 582 Σύμμαχος
2437 511 2610 576 οὕτως
2626 514 2658 584 ἡ
2665 530 2696 582 ρ
2703 514 2872 583 μήνευ
2880 530 2969 567 σεν
2985 530 2998 543 ·
3015 515 3144 566 Ὅτι
3164 515 3273 567 οὐκ
3286 513 3641 588 ἐνεθυμοῦντο,

2127 606 2259 673 περὶ
2283 605 2545 661 θανάτου
2565 623 2578 636 ·
2617 608 2830 675 στερεὰ
2855 607 2966 676 τὰρ
2983 602 3063 677 ἦν
3086 606 3160 660 τὰ
3182 608 3454 675 πρόπυλα
3475 612 3641 666 αὐτῶν

2127 698 2221 750 καὶ
2254 698 2400 768 ἑξῆς·
2439 700 2535 753 Ἐν
2568 699 2955 767 ταλαιπωρίᾳ,
2987 700 3173 769 φησὶν,
3196 699 3411 767 ἀνδρὸς
3441 706 3535 755 οὐκ
3554 704 3645 771 ἐτέ-

2125 808 2325 855 νοντο,
2374 790 2517 845 οὐδὲ
2542 791 2692 861 μετὰ
2738 790 3064 858 ἀνθρώπων
3094 789 3497 856 ἐπλήσσοντο.
3531 795 3644 849 Ἐπεὶ

2124 879 2217 938 οὖν
2248 884 2304 936 ὲν
2336 882 2595 946 τοιούτοις
2629 879 2789 955 ἦσαν,
2815 882 2914 935 διὰ
2937 882 3112 935 τοῦτο
3131 881 3457 949 ἐκράτησεν
3477 885 3644 952 αὐτοὺς

2123 976 2162 1043 ἡ
2213 976 2611 1044 ὑπερηφανία.
2663 975 2794 1029 Δέον
2827 974 2935 1046 γάρ
2984 973 3198 1037 ἀσεϐεῖς
3255 973 3445 1036 ὄντας,
3486 975 3585 1027 ὅσον
3607 979 3645 1031 ἐν

2124 1065 2485 1139 ἀνθρωπίνοις
2517 1065 2816 1135 λογισμοῖς,
2846 1064 3139 1136 τάπίχειρα
3179 1064 3407 1134 πάσχειν
3436 1067 3535 1128 τοῖς
3556 1067 3648 1120 ἀσε-

2124 1157 2192 1229 ϐή
2203 1175 2364 1229 μασιν
2382 1175 2394 1188 ·
2427 1159 2478 1211 οί
2505 1157 2561 1210 δὲ
2590 1156 3006 1228 κατενετρύφων
3021 1157 3114 1209 τοῦ
3138 1157 3254 1225 βίου
3284 1156 3644 1227 Θεομαχοῦντες.

2124 1252 2200 1303 Δι’
2236 1251 2265 1303 ὃ
2302 1250 2703 1321 ὲπιτριόόμενοι
2749 1249 2966 1320 χείρους
3008 1249 3215 1302 ἑαυτῶν
3263 1250 3551 1318 ἐγίγνοντο,
3581 1255 3648 1305 καί

2124 1341 2546 1411 περιεϐάλοντο
2617 1340 2858 1395 ἀδικίαν
2927 1341 3023 1394 καὶ
3094 1340 3379 1394 ἀσέϐειαν
3440 1341 3645 1395 ἑαυτῶν·

2124 1434 2240 1488 ἀνθ’
2268 1430 2330 1489 οῦ
2364 1435 2393 1486 ὁ
2430 1434 2752 1503 Σύμμαχος·
2786 1432 3235 1502 ’Υπερηφανίαη
3269 1434 3451 1502 φησὶν,
3480 1434 3649 1503 ήμφιιίμ

2123 1544 2335 1591 σαντο,
2383 1525 2695 1592 ἀποθήκας
2733 1524 2802 1589 ἐξ
2850 1524 3085 1590 ἀδικίας
3115 1526 3384 1592 ἔχοντες.
3428 1525 3533 1577 Ἔτι
3575 1526 3649 1597 μὴν

2124 1619 2259 1692 πρὸς
2279 1618 2509 1680 τούτοις·
2559 1617 2977 1680 Ἐξελεύσεται
3016 1618 3095 1682 ὡς
3126 1617 3195 1669 ἐκ
3222 1617 3473 1682 στέατος
3501 1616 3533 1682 ή
3557 1618 3648 1671 an.

2125 1713 2225 1765 κιά
2262 1709 2490 1764 αὐτῶν·
2526 1703 2587 1763 οῦ
2615 1708 2679 1779 δὴ
2709 1708 3050 1780 σαφεστέραν
3080 1710 3108 1760 ὁ
3139 1708 3438 1778 Σύμμαχος
3459 1708 3649 1762 ἀπέδιιαι

2124 1805 2222 1875 τὴν
2260 1804 2495 1858 διάνοιαν
2522 1801 2720 1854 είπών·
2753 1800 3134 1870 Προέπιπτον
3152 1800 3275 1854 ἀπὸ
3310 1802 3649 1868 λιπαρότητα(-

2120 1901 2174 1951 οί
2202 1896 2493 1967 ὀφθαλμοὶ
2520 1893 2746 1948 αὐτῶν·
2778 1893 2918 1947 καὶὸ
2948 1892 3177 1956 Ἀκύλας
3203 1892 3265 1945 δὲ
3293 1892 3489 1962 ὁμοίως
3512 1893 3649 1962 ἡρμή-

2121 2006 2275 2043 νευσε
2303 1990 2507 2059 φήσας·
2545 1984 2832 2053 Ἐξῆλθον
2852 1984 2971 2039 ἀπὸ
2998 1984 3252 2050 στέατος
3273 1985 3552 2053 ὀφθαλμοί
3574 1988 3648 2037 aiio

2118 2082 2254 2137 τῶν,
2293 2080 2406 2136 Εἶτ’
2446 2081 2539 2135 ἐπὶ
2583 2079 2824 2142 τούτοις·
2852 2077 3213 2144 Διήλθοσαν,
3251 2077 3442 2148 φησὶν,
3470 2080 3545 2142 είς
3563 2076 3649 2128 διὸ·

2119 2174 2291 2227 θεσιν
2320 2171 2585 2240 καρδίας,
2640 2168 3047 2238 διενοήθησαν
3107 2168 3205 2221 καὶ
3264 2166 3565 2234 ἐλάλησαν
3603 2169 3649 2219 ἐν

2120 2265 2403 2332 πονηρίᾳ·
2442 2262 2477 2317 ἃ.
2501 2262 2595 2316 καὶ
2632 2261 2770 2316 αὐτά
2820 2263 2848 2315 ό
2883 2259 3178 2331 Σύμμαχος
3226 2260 3561 2330 ἡρμήνευσεν
3585 2256 3648 2309 οὔ·

2118 2374 2225 2411 τω·
2266 2354 2633 2424 Παρέϐαινον
2668 2356 2740 2408 τὰ
2779 2354 3109 2423 φαινόμενα
3140 2350 3214 2421 τῇ
3286 2351 3493 2419 καρδίᾳ
3523 2366 3652 2403 κατο-

2113 2447 2480 2517 μωκώμενοι.
2535 2447 2645 2501 Καὶ
2690 2444 2799 2517 γάρ
2830 2444 2969 2498 αὐτὰ
3013 2444 3083 2497 τά
3112 2447 3225 2507 τοῖς
3259 2446 3478 2497 πάντων
3501 2442 3650 2510 ὀφθαλ-

2124 2538 2533 2611 μοῖς.ὁρώμενα
2567 2538 2703 2610 ἔργα
2747 2536 2839 2591 τοῦ
2881 2537 3039 2600 Θεοῦ,
3074 2538 3168 2591 καὶ
3208 2536 3283 2590 τὰ
3328 2535 3561 2607 προφανῆ
3583 2535 3650 2601 τῆς

2120 2634 2381 2704 Προνοίας
2431 2631 2685 2702 θαύματα
2732 2629 3062 2703 παρέϐαινον
3109 2621 3282 2695 οὗτοι,
3330 2628 3558 2689 νοοῦντες
3578 2625 3647 2696 μὲν

2122 2708 2215 2780 κάι
2242 2725 2512 2787 συνιέντες
2532 2724 2689 2787 αὐτὰ,
2724 2722 3194 2793 καταμωκώμενοι
3215 2721 3279 2774 δὲ
3301 2721 3397 2774 καὶ
3422 2718 3651 2790 χλευάζον-

2119 2834 2210 2882 τες
2229 2817 2295 2870 δι’
2327 2815 2630 2887 ὑπερϐολὴν
2672 2815 2949 2878 ἀπονοίας.
2992 2815 3113 2867 Ἔτι
3143 2813 3252 2884 μὴν
3274 2811 3574 2879 ἐλάλησαν
3604 2809 3653 2861 ἐν

2120 2910 2397 2978 πονηρίᾳ,
2445 2908 2546 2962 καὶ
2598 2906 2840 2962 ἀδικίαν
2875 2910 2963 2973 είς
3010 2906 3075 2959 τὸ
3121 2906 3286 2973 ὕψος
3311 2905 3649 2988 ’ἑφθὴ-γοντα.

2124 3004 2372 3059 Ἕθεντό
2401 3018 2465 3055 τε
2511 3003 2599 3067 είς
2631 3001 2891 3070 οἰιρανόν
2928 2998 2992 3052 τό
3038 3000 3234 3067 στόμα
3273 2996 3498 3060 αὐτῶν,
3525 2994 3651 3059 καὶὴ

1835 3095 2015 3167 lingua
2041 3111 2084 3170 (ς
2117 3096 2370 3166 γλῶσσα
2421 3093 2620 3150 αὐτῶν
2656 3094 2907 3162 διῆλθεν
2942 3091 3041 3144 ἐπὶ
3069 3090 3181 3158 τῆς
3219 3090 3361 3161 γῆς.
3401 3090 3504 3145 Καὶ
3528 3087 3652 3142 ταῦτα

2117 3190 2175 3244 δὲ
2224 3192 2252 3244 ὁ
2303 3187 2601 3260 Σύμμαχος
2645 3185 2817 3249 οὕτως
2867 3185 3238 3256 ἡρμήνευσεν·
3306 3181 3577 3237 Ἑλὰλουν
3603 3180 3649 3232 e‘r

2116 3278 2321 3348 πολλῇ
2345 3278 2740 3347 συκοφαντίᾳ,
2754 3276 2858 3330 τοῦ
2876 3276 3073 3343 ὕψους
3086 3272 3653 3327 κατελάλουν.Ἐτασ·

2118 3388 2235 3425 σον
2249 3373 2335 3437 εις
2352 3370 2612 3439 οὐρανόν
2628 3369 2690 3422 τὸ
2708 3369 2903 3437 στόμα
2917 3365 3115 3421 αὐτῶν
3133 3383 3144 3393 ·
3162 3366 3201 3434 ἡ
3227 3365 3304 3419 δὲ
3325 3364 3559 3436 γλῶσσα
3577 3362 3649 3414 αὐ-

2118 3462 2237 3518 τῶν
2263 3462 2711 3532 περιπατήματα
2748 3461 2818 3514 ὲν
2846 3458 2921 3529 τῇ
2957 3458 3054 3529 τῇ.
3095 3459 3320 3530 Βλάσφη
3331 3475 3407 3528 μα
3435 3457 3533 3529 γὰρ
3561 3470 3651 3526 apo

2119 3556 2409 3627 φερόμενοι
2440 3556 2658 3626 ῥήματα
2722 3552 2863 3607 κατά
2891 3553 2984 3605 τοῦ
3012 3551 3169 3614 Θεοῦ,
3198 3550 3280 3614 ὼς
3309 3551 3447 3622 μήτε
3472 3546 3651 3621 ὁρῶντος

2121 3651 2258 3720 μήτε
2313 3644 2768 3708 ὲπισκοποῦντος,
2828 3646 2966 3715 μήτε
3017 3643 3122 3714 μὴν
3164 3643 3292 3696 ὅλον
3350 3642 3651 3712 ὑπάρχΰντυς.

2118 3741 2329 3796 ἀδικίαν
2352 3742 2431 3803 εἰς
2454 3739 2515 3793 τὸ
2546 3738 2677 3808 ὕψος
2704 3737 2992 3808 ἐλάλησαν,
3022 3737 3117 3789 καὶ
3149 3736 3323 3808 μέχρι
3355 3735 3447 3789 τοῦ
3477 3728 3649 3804 οὐρανυῦ

2118 3832 2381 3899 ὲξέτεινον
2415 3831 2623 3886 ἑαυτῶν
2640 3829 2701 3883 τδ
2732 3830 2926 3900 στόμα·
2956 3830 3052 3882 καὶ
3077 3828 3256 3882 ταῦτα
3286 3826 3525 3883 ταπεινοὶ
3542 3822 3650 3881 ὄντες

2118 3927 2211 3980 καὶ
2231 3926 2325 3997 τὴν
2356 3924 2605 3994 γλῶσσαν
2636 3923 2729 3976 ἐπὶ
2764 3923 2865 3993 τῆς
2905 3924 3010 3993 γῆς
3056 3922 3295 3993 ἔχοντες.
3332 3919 3495 3975 Ταῦτ’
3530 3912 3584 3987 ἦν
3605 3912 3648 3965 δι’

2116 4018 2151 4073 ἃ
2184 4018 2495 4089 ὡμολόγουν
2531 4016 2591 4069 τὸ
2633 4015 2872 4085 ἐμαυτοῦ
2907 4014 3096 4078 πάθος,
3134 4014 3253 4068 κατ’
3295 4009 3528 4084 ἐμαυτοῦ
3564 4021 3651 4072 ατη·

2116 4112 2340 4165 λιτεύων
2373 4108 2647 4180 ἔγγραφον
2680 4107 3034 4177 κατηγορίαν,
3062 4106 3157 4160 κα¹ι
3175 4107 3259 4158 ὅτι
3294 4105 3457 4175 παρὰ
3485 4096 3649 4173 μικρὸν

425 4192 853 4261 ἐσαλεύθησαν
878 4197 932 4249 οί
999 4194 1180 4262 πόδες
1197 4214 1337 4266 μου,
1395 4197 1493 4251 καὶ
1554 4214 1672 4266 παρ
1724 4200 1933 4270 ὀλίγον
1986 4202 2244 4273 ἐξεχύθη
2289 4203 2359 4256 τὰ
2418 4197 2748 4269 διαδήματα
2785 4214 2924 4267 μου,
2968 4197 3056 4249 ὅτι
3100 4194 3384 4262 ἐζήλωσα
3422 4192 3514 4248 ἐπι
3560 4184 3649 4252 τοῖς

430 4285 698 4357 ἀνόμοις,
723 4288 973 4358 εἰρήνην
1001 4288 1363 4358 ἁμαρτωλῶν
1392 4289 1644 4359 θεωρῶν.

503 4401 671 4458 Vens.
707 4402 793 4456 i0.
860 4400 989 4457 Ideo
1039 4404 1376 4459 'convertetur
1434 4403 1661 4474 populus
1720 4420 1866 4458 meus
1897 4403 1994 4472 hic,

2192 4401 2293 4453 Διὰ
2321 4395 2497 4450 τοῦτο
2529 4393 2877 4463 ἐπιστρέψει
2917 4395 2950 4447 c'
2977 4393 3126 4459 λαός
3149 4410 3271 4462 μου
3301 4390 3645 4454 Maioriani

427 4504 479 4549 et
512 4493 624 4548 dies
652 4493 791 4563 pleni
813 4492 1142 4548 invenientur
1170 4494 1225 4548 in
1249 4495 1345 4549 eis.
1373 4493 1552 4549 Athea
1581 4494 1675 4548 illa
1711 4496 1918 4566 impior‘

2154 4492 2327 4563 ημέραι
2360 4487 2615 4557 πλήρεις
2645 4485 3074 4554 εὑρεθήσονται
3117 4486 3188 4538 ἐν
3222 4485 3456 4552 αὐτοῖς.
3485 4486 3553 4538 Τὰ
3579 4484 3645 4553 μὲν

429 4586 578 4643 dicta
606 4593 878 4642 eteorum
937 4587 1221 4657 superbia,
1276 4601 1399 4655 qua:
1433 4602 1616 4642 rerum
1672 4588 2007 4658 potiebatur,

429 4678 557 4734 talis
596 4684 716 4733 erat
750 4678 930 4748 qualis
961 4684 1398 4733 commonstrata
1444 4684 1551 4733 est.
1597 4676 1710 4732 Nec
1756 4679 2013 4750 ignoran-

427 4771 558 4828 dutn
577 4772 693 4829 haec
710 4772 827 4843 ipsa
845 4771 1044 4842 populo
1063 4786 1185 4826 meo
1212 4771 1266 4825 in
1294 4770 1498 4825 bonum
1522 4770 1780 4826 vertisse.
1803 4770 2011 4826 Etiam-

428 4867 476 4921 si
536 4866 682 4921 cnim
734 4865 802 4919 ad
851 4863 1125 4935 quoddam
1167 4871 1383 4932 tempus
1425 4865 1661 4934 populus
1696 4880 1851 4919 meus
1908 4864 2011 4917 imo

428 4957 536 5027 piis
560 4956 670 5012 illis
693 4955 760 5010 ad
790 4963 1141 5026 peccatorum
1188 4954 1559 5023 expiationem
1597 4954 1834 5011 traditus
1872 4956 1943 5010 sit
1991 4972 2003 5008 :

429 5048 529 5103 sed
570 5046 820 5104 stultitia:
854 5059 1047 5101 eorum
1102 5045 1515 5115 exsuperantia,
1571 5060 1693 5114 qua:
1744 5045 1915 5100 ruinae
1944 5061 2008 5100 ac

432 5137 696 5210 perniciei
730 5137 867 5207 ipsis
898 5150 1063 5191 causa
1084 5134 1215 5199 fuit,
1251 5134 1568 5205 quiescendi
1601 5150 1666 5189 ac
1698 5136 2007 5205 respirandi

433 5231 612 5285 locum
640 5230 841 5300 p0pulo
865 5242 986 5282 meo
1016 5225 1189 5282 dabit.
1222 5225 1357 5280 Nam
1396 5241 1519 5280 cum
1550 5225 1627 5280 illi
1660 5226 1730 5281 ob
1756 5226 2007 5296 impieta—

432 5331 514 5377 tes
567 5335 698 5376 suas
753 5317 993 5388 prolapsi
1047 5316 1341 5388 perierint,
1381 5325 1709 5371 conrertetur
1781 5317 2006 5386 populus

432 5429 572 5468 meus
611 5411 736 5476 hic;
776 5410 829 5465 id
860 5418 965 5475 est,
1018 5411 1073 5465 in
1107 5410 1364 5481 praesenti
1399 5409 1509 5465 vita
1555 5429 1567 5465 :
1620 5419 1669 5465 et
1711 5409 1820 5464 dies
1866 5409 2007 5478 pleni

430 5505 758 5558 invenientur
791 5504 846 5556 in
879 5503 991 5568 eis;
1030 5502 1084 5558 id
1115 5511 1222 5568 est,
1257 5504 1311 5558 in
1343 5504 1411 5559 iis
1442 5519 1472 5558 e
1506 5503 1710 5574 populo
1744 5517 1867 5556 meo
1912 5502 2005 5572 qui

429 5597 579 5666 digni
613 5595 838 5651 fuerint.
888 5595 1015 5651 Dies
1045 5595 1191 5665 pleni
1234 5603 1416 5649 autem
1446 5602 1577 5649 sunt
1611 5594 1672 5658 ii,
1707 5595 1798 5665 qui
1826 5595 2006 5649 omnis

426 5686 551 5742 boui
586 5688 779 5756 repleti
808 5696 959 5752 sunt,
987 5694 1041 5741 et
1071 5687 1165 5757 qui
1196 5687 1406 5757 justum
1434 5687 1561 5740 vitse
1584 5687 1821 5757 spatium
1848 5701 2007 5741 com-

429 5780 597 5848 plent.
629 5777 721 5832 Sic
750 5778 950 5832 alicubi
978 5778 1180 5834 dicitur
1212 5800 1223 5833 :
1288 5778 1534 5833 Mortuus
1567 5787 1645 5835 est
1678 5779 1862 5847 plenus
1894 5778 2005 5833 die—
2046 5850 2066 5858 -

2116 4585 2249 4640 ἄθεα
2276 4583 2382 4636 τῶν
2439 4578 2651 4635 ἀσεϐῶν
2705 4580 2923 4652 ῥήματα
2968 4577 3062 4631 καὶ
3091 4577 3125 4647 ή
3157 4578 3481 4648 κρατήσασα
3513 4571 3646 4628 αὑτῶν

2115 4674 2462 4749 ὑπερηφανία
2489 4673 2710 4743 τοιαύτη
2747 4688 2829 4735 τις
2846 4666 2914 4741 ἦν
2936 4669 3023 4722 οἵα
3047 4667 3367 4738 δεδήλωται.
3392 4669 3505 4738 Χρὴ
3530 4667 3577 4719 δὲ
3593 4664 3643 4734 μὴ

2113 4771 2346 4839 ἀγνοεῖν,
2398 4768 2472 4830 ὡς
2506 4764 2648 4821 αὐτά
2691 4762 2863 4817 ταῦτα
2900 4761 3036 4834 πρὸς
3058 4760 3265 4829 ἀγαθοῦ
3296 4760 3566 4830 γεγένηται
3592 4751 3644 4821 τῷ

2114 4861 2233 4933 ἐμῷ
2258 4859 2394 4931 λαῷ.
2425 4860 2489 4913 ΕΞ
2522 4857 2631 4928 γὰρ
2659 4855 2754 4909 καὶ
2793 4854 2864 4907 τά
2907 4852 3140 4924 μάλιστα
3171 4852 3312 4923 πρός
3335 4868 3454 4903 τινα
3499 4845 3642 4916 καιρὸν

2111 4955 2295 5014 αὐτοῖς
2326 4950 2557 5013 ἐκείνοις
2601 4950 2712 5011 τοῖς
2743 4944 2993 4999 ἀσεϐέσιν
3023 4945 3052 4997 ό
3088 4942 3222 5012 ὲμὸς
3265 4941 3395 5003 λαὸς

2111 5046 2192 5106 εἰς
2244 5041 2510 5115 ἔκπραξιν
2566 5028 3001 5113 ἁμαρτημάτων,
3040 5034 3154 5087 ἀλλ’
3201 5036 3234 5105 ἠ
3289 5029 3546 5104 ὑπερῦολὴ
3571 5027 3640 5092 τῆς

2109 5134 2217 5187 τῶν
2247 5130 2654 5205 προλεχοέντων
2680 5126 2958 5191 ἀπονοίας,
2997 5124 3204 5179 πτῶσιν
3235 5123 3418 5186 αὐτοῖς
3453 5124 3639 5191 emtam-

2113 5224 2245 5295 μένη
2281 5223 2374 5275 καὶ
2412 5220 2632 5294 ὀλέθρου
2663 5218 2932 5290 γενομένη
2974 5217 3157 5280 αὐτοῖς
3177 5215 3347 5276 αἰτία,
3378 5214 3542 5267 ἄνεσιν
3572 5205 3638 5260 καὶ

2109 5317 2383 5387 ἀναπνοὴν
2437 5314 2514 5387 τῷ
2564 5314 2682 5385 ἐμῷ
2728 5312 2953 5384 παρέξει
2995 5310 3128 5381 λαῷ.
3180 5308 3533 5363 Ἐκπεσόντων
3557 5298 3635 5368 γὰρ

2107 5409 2329 5463 ἐκείνων
2367 5407 2459 5461 καὶ
2500 5405 2847 5477 ἀπολομένων
2878 5403 2967 5457 διὰ
3009 5402 3110 5466 τὰς
3148 5402 3356 5465 οἰκείας
3390 5395 3626 5454 ἀσεϐείας.

2109 5506 2142 5556 ὀ
2170 5502 2320 5567 λαός
2347 5518 2461 5570 μου
2511 5497 2864 5567 ἐπιστρέψει
2896 5496 3184 5559 ἐνταῦθα,
3224 5495 3490 5547 τουτέστιν
3512 5489 3559 5540 ὲν
3574 5479 3629 5549 τῷ

2106 5594 2336 5666 παρόντι
2363 5592 2498 5664 βίῳ·
2531 5590 2630 5645 καὶ
2654 5588 2862 5659 ήμέραι
2895 5586 3147 5655 πλήρεις
3161 5584 3560 5654 εὑρεθήσονται
3578 5575 3628 5625 ὲν

2106 5686 2329 5751 αὐτοῖς,
2353 5684 2549 5757 δηλαδὴ
2584 5685 2699 5746 τοῖς
2742 5683 2801 5734 ὲν
2841 5680 2919 5751 τῷ
2948 5678 3067 5749 ἐμῷ
3094 5678 3207 5750 λαῷ
3234 5676 3416 5741 ἀξίοις.
3444 5671 3626 5760 mea;

2106 5780 2162 5834 δὲ
2190 5778 2396 5849 ἡμέραι
2421 5778 2557 5829 εἰσὶν
2579 5777 2632 5829 αἱ
2664 5774 2865 5838 παντὸς
2882 5771 3086 5842 ἀγαθοῦ
3124 5765 3539 5839 πεπληρωμέναι,
3556 5768 3622 5807 καί
