3776 6284
186 326 270 383 Ml
1285 314 1789 379 COMMENTARIA
1820 319 1886 377 IN
1926 317 2261 379 PSALMOS.

3286 324 3393 381 διε

180 446 259 499 τὸν
298 441 481 496 οίκεῖον
517 438 702 510 χρόνον
747 438 843 511 τῆς
887 439 1031 511 ζωῆς
1074 440 1506 511 αποπληροῦσαι.
1571 441 1720 495 Οὕτω

1830 461 1945 498 rum
1971 445 2008 497 '.
2043 444 2191 499 Mens
2215 459 2344 513 ergo
2369 444 2600 513 populus
2634 440 2703 498 ab
2733 442 2801 498 iis
2832 442 3121 497 utilitatem
3154 442 3386 510 accepit.

178 535 397 592 λέλεκταί
439 548 560 595 που,
605 533 684 584 ὃτι
736 532 1045 601 Ἐκοιμήθη
1081 531 1317 599 πλήρης
1358 532 1611 601 ἡμερῶν.
1665 534 1723 586 Ὀ

178 629 264 699 μὲν
302 622 390 678 οὖν
437 623 567 693 ἐμὸς
608 623 736 699 λαὸς
770 626 835 677 ἐκ
864 622 1074 678 τούτων
1112 623 1415 694 ὠφέληται·
1446 625 1501 677 οῖ
1524 642 1587 693 γε
1616 627 1722 695 μὴν

176 716 533 790 προλεχθέντες
564 714 779 777 ἀσεϐεῖς
830 713 925 768 καὶ
963 712 1110 767 άθεοι
1138 714 1310 778 οὔτως
1348 715 1597 784 ἠσέϐουν,
1646 716 1722 780 ὠς

173 809 286 869 πὼς
303 805 535 877 ὁρῶντας
584 806 884 876 ἀμηχανεῖν
926 806 1021 858 καὶ
1069 804 1276 874 λέγειν’
1312 806 1444 872 Πῶς
1494 807 1646 877 ἔγνω
1688 811 1723 862 ό

174 897 319 962 θεὸς,
366 894 460 949 καὶ
492 896 545 948 εὶ
576 894 708 948 ἐστι
745 894 968 965 γνῶσις
1004 895 1073 950 ἐν
1095 894 1176 961 τῷ
1212 896 1497 964 Tyriote);
1532 899 1580 952 el
1613 898 1722 969 γάρ

170 992 301 1042 ἐστιν
327 990 383 1041 ἐν
426 986 506 1058 τῷ
561 986 803 1059 Ὑψίστῳ
840 988 1060 1057 γνῶσις,
1110 987 1204 1044 καὶ
1241 992 1289 1042 εἰ
1314 990 1484 1044 ταῦτα
1528 994 1719 1063 ἐφορᾷ,

169 1081 252 1134 καὶ
306 1079 428 1142 τοὺς
477 1080 571 1133 ἐπὶ
622 1079 727 1149 γῆς
775 1081 1082 1145 ἐπισκοπεῖ,
1131 1080 1249 1144 πῶς
1304 1073 1450 1135 οὗτοι
1497 1082 1721 1136 τοιαῦτα

165 1164 377 1236 δρῶντες
431 1166 771 1236 εύθηνοῦσιν,
822 1168 916 1220 καὶ
969 1170 1049 1232 εἰς
1092 1168 1185 1222 τὸν
1229 1170 1401 1223 αἰῶνα
1459 1171 1721 1242 κατέσχον

164 1256 404 1321 πλούτους
433 1256 605 1325 Κάγὼ
644 1256 721 1320 δὲ,
742 1257 913 1311 ταῦτα
941 1258 1180 1330 θεωρῶν,
1206 1259 1579 1333 ἐθορυϐούμην
1608 1266 1721 1326 τοῖς

164 1347 440 1418 λογισμοῖς,
490 1348 564 1411 ὠς
604 1348 739 1420 πρὸς
782 1348 1018 1419 ἐμαυτὸν
1057 1351 1255 1404 ἐννοεῖν
1277 1367 1291 1381 ·
1326 1351 1571 1418 Μήποτε
1605 1353 1721 1423 ἄρα

157 1441 400 1510 ματαίως
424 1439 750 1496 ἐδικαίωσα
785 1441 901 1511 τὴν
947 1442 1197 1510 καρδίαν
1217 1460 1355 1511 μου,
1386 1445 1483 1497 καὶ
1513 1443 1721 1513 ἐνιψά-

155 1549 267 1601 μην
290 1532 358 1584 ἐν
388 1532 602 1597 ἀθώοις
621 1532 727 1599 τὰς
747 1533 949 1602 χεῖράς
967 1552 1086 1604 μου
1110 1574 1125 1597 ,
1162 1535 1259 1588 καὶ
1292 1535 1583 1605 ἐγενόμην
1617 1553 1719 1605 με-

154 1625 590 1693 μαστιγωμένος
628 1623 783 1694 ὅλην
834 1624 951 1693 τὴν
982 1626 1230 1695 ἡμέραν,
1275 1627 1371 1680 καὶ
1412 1631 1445 1681 ό
1470 1627 1718 1698 ἔλεγχός

150 1733 256 1784 μου
292 1718 379 1782 εἰς
441 1716 552 1782 τὰς
596 1718 858 1784 aptatae;
888 1719 952 1770 Et
993 1716 1103 1789 γὰρ
1135 1721 1246 1782 τοῖς
1300 1718 1374 1791 μὴ
1414 1718 1586 1772 ταῦτα
1620 1733 1717 1771 πε-

1830 535 1911 589 llli
1953 552 2081 590 vero
2116 536 2361 605 praedicti
2404 536 2555 604 impii
2587 544 2640 591 et
2666 536 2809 590 allici
2841 550 2908 588 eo
2939 549 3113 604 usque
3141 533 3393 602 impieta-

1828 628 1899 681 tis
1930 633 2319 697 proruperunt,
2370 632 2429 679 ut
2470 626 2563 695 qui
2614 624 2869 681 videbant
2902 631 3125 695 stupore
3152 622 3391 693 perculsi

1829 715 2073 772 dicerent
2114 737 2126 771 ε
2174 716 2449 783 Quomodo
2480 717 2577 770 scit
2614 715 2771 778 Deus.
2818 725 2866 769 et
2900 717 2947 770 si
2974 724 3051 770 est
3084 712 3307 769 scientia
3337 714 3395 765 in

1828 808 2146 863 Altissimo?
2197 806 2331 861 Nam
2376 809 2422 863 si
2465 808 2522 861 in
2552 807 2837 861 Altissimo
2866 808 3090 861 scientia
3136 808 3387 867 exsistat,

1828 900 1983 969 isque
2026 902 2157 955 talia
2189 900 2391 967 videat,
2443 900 2858 969 terrigenasque
2902 904 3075 961 curet,
3111 912 3280 967 quare
3312 896 3390 950 illi

1825 993 1956 1046 talia
1996 993 2222 1049 edentes
2256 993 2497 1047 facinora
2519 1007 2781 1063 prospere
2807 1001 2995 1062 agunt,
3020 999 3074 1045 et
3112 991 3165 1044 in
3213 1005 3388 1045 saecu-

1828 1083 1936 1135 lum
1972 1097 2147 1151 usque
2180 1083 2401 1137 divitias
2426 1082 2712 1138 obtinent?
2735 1082 2859 1136 Haec
2880 1096 3010 1136 vero
3043 1080 3391 1150 conspicatus

1826 1188 1947 1243 ego,
1972 1172 2395 1243 cogitationibus
2424 1174 2709 1237 turbabar,
2747 1173 2819 1226 ita
2854 1178 2930 1225 ‘ut
2964 1185 3128 1241 penes
3184 1185 3269 1225 me
3297 1184 3391 1225 co-

1824 1266 2075 1334 gitarem,
2110 1264 2380 1335 Numquid
2414 1266 2528 1320 sine
2555 1282 2716 1319 causa
2739 1265 3031 1334 justiﬁcavi
3079 1280 3169 1318 cor
3198 1279 3389 1325 meum,

1823 1364 1873 1407 et
1898 1356 1999 1408 lavi
2030 1355 2165 1409 inter
2193 1357 2489 1410 innocentes
2533 1373 2719 1409 ntanus
2763 1373 2939 1420 meas,
2990 1365 3038 1407 et
3090 1355 3169 1423 [ui
3214 1353 3394 1424 πορεία

1827 1448 1969 1501 latus
2012 1458 2122 1502 tota
2155 1448 2261 1512 die,
2302 1460 2351 1503 et
2382 1451 2663 1520 castigatio
2709 1468 2825 1503 mea
2855 1451 2911 1501 in
2956 1450 3279 1503 matutinis?
3335 1448 3393 1503 Si

1824 1540 1969 1593 cnim
2006 1540 2074 1596 iis
2107 1541 2200 1611 qui
2231 1542 2343 1597 hac
2367 1543 2589 1597 minime
2613 1552 2879 1613 peragunt
2913 1550 3064 1596 tanta
3096 1542 3228 1596 insit
3262 1558 3392 1611 pro-

1825 1632 2084 1701 speritas,
2142 1634 2196 1687 in
2238 1649 2435 1688 vanum
2465 1650 2592 1704 ergo
2616 1634 2824 1696 laboro,
2858 1630 3133 1703 superﬂue
3164 1632 3395 1701 justiti-aa

1828 1724 2045 1789 studeo,
2089 1724 2293 1782 frustra
2345 1733 2399 1781 et
2423 1725 2705 1781 incassum
2747 1739 2942 1778 manus
2970 1731 3025 1777 et
3050 1731 3207 1779 actus
3241 1738 3393 1777 meos

154 1806 388 1877 ποιηκόσι
445 1807 684 1879 τοσαύτη
732 1808 997 1881 πάρεστιν
1042 1809 1312 1880 εὐθυμία,
1366 1812 1447 1875 εἰς
1496 1812 1720 1883 μάταιον

1826 1816 2027 1887 iniquis
2058 1818 2317 1887 operibus
2346 1832 2516 1887 puros
2553 1817 2803 1880 servavi;
2841 1816 3043 1870 frustra
3077 1815 3307 1885 ieiuniis
3339 1822 3392 1869 et

153 1896 247 1967 ἄρα
276 1895 385 1966 ἐγὼ
414 1896 615 1961 κοπιῶ,
635 1899 729 1951 καὶ
746 1899 1018 1970 περιττῶς
1033 1900 1349 1955 ἐσπούδακα
1373 1902 1720 1973 δικαιοσύνης

1826 1911 2087 1964 aerumnis
2115 1924 2202 1963 me
2231 1908 2476 1980 quotidie
2503 1906 2768 1979 ﬂagellavi
2790 1915 2846 1961 ct
2876 1906 3177 1973 maceravi;
3210 1905 3394 1960 incas-

153 1989 555 2061 ἐπιμελόμενος·⁹
576 1993 705 2063 εἰκῆ
728 1992 787 2044 δὲ
803 1993 896 2046 καὶ
911 1993 1087 2064 μάτην
1100 1990 1340 2062 ἐφύλαξα
1363 2010 1462 2066 μου
1478 1996 1577 2058 τὰς
1604 1999 1718 2066 χεῖ-ι

152 2096 241 2149 ρας
251 2079 449 2143 καὶτὰς
462 2078 690 2153 πράξεις
702 2080 761 2145 ἐξ
779 2080 979 2136 ἀδίκων
994 2080 1188 2154 ἔργων’
1205 2083 1330 2154 είκῆ
1344 2086 1434 2137 καὶ
1447 2086 1718 2157 νηστείαις

144 2170 231 2223 καὶ
256 2171 655 2237 κακοπαθείαις
678 2172 1033 2244 κατατρύχων
1064 2174 1299 2247 ἐμαυτὸν
1324 2176 1415 2229 καὶ
1442 2177 1716 2248 μαστίζων

144 2262 310 2315 πᾶσαν
356 2263 579 2334 ἡμέραν
632 2264 938 2318 διετέλεσα·
987 2266 1111 2337 εἰκῆ
1143 2267 1236 2319 καὶ
1267 2266 1442 2338 μάτην
1465 2269 1711 2333 ἐπόνουν,

141 2351 248 2423 ἅμα
278 2356 342 2426 τῇ
374 2354 452 2427 ἐῳ
473 2356 828 2428 ἀνιστάμενος
854 2356 947 2410 καὶ
971 2356 1310 2429 ἐξαγορεύων
1340 2361 1398 2412 ἐν
1426 2362 1545 2424 ταῖς
1580 2362 1715 2433 πρὸς

140 2444 223 2497 τὸν
248 2445 383 2500 Θεὸν
407 2447 602 2519 εὐχαῖς
623 2450 722 2512 τὰς
746 2450 983 2522 ἐμαυτοῦ
1007 2450 1284 2523 ἁμαρτίας
1313 2451 1717 2523 ἀποκλαόμενός

137 2552 191 2589 τε
237 2539 330 2591 καὶ
371 2542 508 2604 τοὺς
568 2545 688 2594 κατ’
739 2542 981 2615 ἐμαυτοῦ
1035 2543 1330 2616 προφέρων
1376 2544 1630 2616 ἐλέγχους
1657 2547 1715 2599 ἐν

137 2632 244 2694 ταῖς
276 2633 415 2705 πρὸς
440 2633 540 2686 τὸν
568 2634 699 2688 Θεὸν
729 2635 1173 2708 ἐξομολογήσεσι.
1206 2635 1371 2691 Ταῦτ’
1391 2632 1460 2709 ἦν
1491 2636 1528 2691 ἃ
1560 2636 1713 2690 ἐνθυ-

139 2721 417 2793 μούμενος,
444 2726 604 2797 παρά
639 2728 835 2800 μικρὸν
868 2729 1227 2800 ἐσαλευόμην.
1268 2730 1413 2783 Ἀντὶ
1432 2730 1490 2783 δὲ
1508 2728 1714 2784 τούτων

1826 2015 1947 2056 sum
1975 2000 2242 2066 laboravi,
2268 2016 2394 2055 cum
2416 2015 2615 2055 aurora
2643 2015 2873 2070 surgens
2890 2009 2942 2053 et
2969 1999 3024 2052 in
3052 1997 3393 2052 orationibus

1824 2091 1963 2147 meis
1992 2100 2215 2161 peccata
2256 2106 2374 2146 mea
2403 2091 2673 2145 conﬁtens
2702 2105 2765 2143 ac
2803 2089 3113 2158 deplorans,
3142 2095 3305 2156 atque
3334 2086 3391 2140 in

1824 2182 2268 2239 confessionibus
2290 2182 2400 2238 Deo
2429 2182 2648 2239 emissis
2696 2181 3075 2236 accusationes
3101 2180 3391 2233 adversum

1818 2289 1906 2329 me
1934 2273 2234 2343 proferens.
2264 2272 2390 2329 Haec
2418 2283 2574 2330 erant
2603 2289 2722 2347 qua:
2756 2273 2883 2327 dum
2916 2271 3212 2341 cogitarem
3256 2285 3393 2340 pene

1819 2366 2026 2422 cﬂ‘usus
2055 2381 2201 2421 sum.
2238 2365 2345 2420 Pro
2379 2366 2489 2421 illis
2518 2381 2647 2420 vero
2680 2364 3041 2435 Symmachus
3087 2363 3169 2416 sic
3216 2361 3390 2416 inter-

1820 2465 2066 2528 pretatus
2101 2465 2220 2513 est:
2257 2456 2531 2513 Fortassis
2566 2458 2732 2527 igitur
2748 2466 2797 2510 et
2825 2472 2916 2526 ego
2940 2455 3146 2525 frustra
3168 2451 3389 2522 purgari

1820 2550 2056 2603 animam
2089 2565 2278 2617 meam,
2300 2561 2352 2604 et
2382 2549 2487 2603 lavi
2516 2551 2571 2603 in
2601 2549 2899 2603 innocentia
2930 2564 3119 2601 manus
3139 2562 3305 2610 meas,
3340 2555 3391 2600 et

1818 2642 2139 2709 perseveravi
2168 2641 2383 2696 delusus
2420 2640 2643 2713 singulis
2685 2640 2891 2707 diebus,
2941 2649 2988 2695 et
3044 2639 3386 2708 reprehensus

1820 2733 2041 2802 singulis
2076 2734 2374 2787 matutinis.

135 2816 159 2866 ὁ
203 2819 507 2892 Σύμμαχος
541 2822 729 2876 τοῦτον
757 2824 1067 2895 ἡρμήνευσε
1096 2823 1190 2877 τὸν
1224 2826 1424 2896 τρόπον
1450 2841 1465 2855 ·
1541 2825 1710 2890 Ἴσως
1746 2820 1863 2881 οὖν
1889 2827 2049 2896 κάγὼ
2064 2829 2263 2897 μάτην
2284 2825 2543 2896 ἐκάθαρα
2562 2826 2675 2895 τὴν
2688 2828 2898 2897 ψυχήν
2912 2844 3053 2896 μου,
3119 2826 3217 2878 καὶ
3269 2825 3388 2877 ἐνιά

135 2916 445 2983 πτόμηνέν
480 2916 898 2987 ἁναμαρτησίᾳ.
969 2919 1077 2985 τὰς
1141 2918 1346 2988 χεζοάς
1367 2937 1508 2989 μου,
1572 2921 1671 2974 καὶ
1703 2920 2016 2976 διετέλεσα
2054 2924 2558 2993 μυκτηριζόμενος
2614 2923 2740 2977 καθ’
2796 2922 3064 2989 ἑκάστην
3106 2920 3335 2990 ἡμέραν
3358 2956 3376 2983 ,

135 3007 222 3060 καί
258 3011 669 3082 ἐλεγχόμενος
695 3014 822 3069 καθ’
855 3013 1117 3070 ἕκαστον
1141 3014 1376 3084 ὄρθρον.

198 3122 262 3175 Εἰ
308 3124 558 3193 ἔλεγον.
600 3127 968 3196 Διητήσομαι
1019 3127 1225 3194 οὓτως,
1262 3128 1389 3182 ἰδοὺ
1430 3128 1506 3198 τῇ
1542 3129 1717 3200 γενεᾷ

1892 3126 2061 3184 Vsus.
2095 3127 2279 3182 lii-i7.
2312 3126 2371 3181 Si
2395 3126 2655 3188 dicebam,
2690 3124 2941 3179 Narrabo
2968 3126 3063 3188 sic,
3096 3141 3210 3178 ecce
3233 3140 3388 3193 gene--

132 3211 244 3266 τῶν
278 3214 428 3269 υἱῶν
484 3230 602 3271 σου
650 3219 1068 3285 ἠσυντέθεικα.
1102 3221 1214 3273 Kal
1264 3222 1571 3277 ὑπέλαϐον
1610 3223 1718 3277 τοῦ

130 3305 342 3373 γνῶναι
381 3307 591 3373 τοῦτο,
642 3311 827 3377 κόπος
850 3311 1022 3365 ἐστὶν
1054 3312 1311 3367 ἐνώπιόν
1342 3331 1488 3383 μουο
1515 3313 1625 3381 ἕως
1644 3307 1716 3369 οὗ

129 3398 374 3453 εἰσέλθω
422 3401 521 3466 εὶς
558 3400 625 3453 τὸ
655 3401 1047 3470 ἁγιαστήριον
1082 3404 1189 3457 τοῦ
1219 3405 1387 3469 Θεοῦ,
1424 3406 1520 3459 καὶ
1551 3406 1718 3460 συνῶ

127 3494 209 3561 εὶς
230 3495 304 3548 τὰ
326 3497 572 3565 ἔσχατα
599 3495 816 3551 αὐτῶν.
840 3498 922 3551 Τά
951 3496 1314 3569 προλεχθέντα
1341 3501 1397 3552 ἐν
1412 3503 1524 3562 τοῖς
1549 3501 1718 3570 ἐμαυ-

129 3582 217 3638 τοῦ
263 3586 557 3658 λογισμοῖς
603 3588 943 3660 ἐνεθυμήθην
982 3589 1113 3643 αὐτὸ
1155 3591 1335 3661 μόνον,
1386 3586 1576 3660 ἐφόἷς
1622 3592 1715 3645 καὶ

128 3676 470 3735 ἐκινδύνευον
495 3680 655 3735 σάλον
684 3680 897 3745 παθεῖν,
932 3682 993 3735 οὐ
1032 3682 1137 3754 μὴν
1167 3684 1258 3736 καὶ
1282 3682 1604 3755 ἐξηγόρευον
1636 3687 1717 3748 εἰς

127 3767 365 3840 ἐτέρους.
408 3772 478 3825 Εἰ
499 3770 610 3842 γὰρ
633 3770 823 3843 κρίνας
856 3771 997 3826 οὕτω
1028 3776 1244 3845 φρονεῖν
1276 3774 1373 3845 τὴν
1405 3774 1562 3829 ἄθεον
1582 3772 1713 3827 ταύ-

122 3880 217 3935 την
268 3865 630 3920 διδασκαλίαν
667 3867 969 3939 προέφερον
996 3868 1076 3929 εἰς
1103 3867 1353 3938 ἐτέρους·
1392 3867 1716 3938 παραϐάτης

126 3954 189 4008 ἂν
219 3957 496 4029 ἐγενόμην
521 3957 629 4010 τῶν
656 3956 898 4011 εὐσεϐῶν
927 3959 1231 4030 δογμάτων,
1268 3958 1359 4012 καὶ
1391 3960 1489 4022 τὰς
1515 3959 1715 4031 συνθής

122 4063 220 4113 κας
254 4048 322 4102 ἂν
359 4048 646 4121 παρῆλθον
675 4050 774 4121 τῆς
794 4050 986 4119 γενεᾶς
1012 4050 1121 4106 τῶν
1144 4051 1251 4106 σῶν
1280 4050 1503 4104 τέκνων.
1541 4052 1717 4105 Τέκνα

121 4138 226 4209 γάρ
262 4156 361 4192 σου
426 4140 524 4194 τοῦ
559 4141 693 4194 Θεοῦ
749 4142 947 4205 πάντες
996 4143 1285 4211 γεγόνασιν
1331 4145 1380 4195 οῖ
1429 4143 1572 4211 ἅγιοι
1622 4144 1717 4197 καὶ

119 4228 393 4298 θεοφιλεῖς
422 4232 639 4303 ἄνδρες.
673 4233 838 4286 Γενεὰ
860 4233 915 4286 δέ
941 4232 1119 4287 αὐτῶν
1144 4236 1178 4305 ἡ
1206 4233 1267 4299 ἐξ
1294 4233 1471 4287 αὐτῶν
1500 4234 1715 4306 διαδοχὴ

118 4320 225 4372 τῶν
244 4322 457 4388 ἁγίων,
506 4319 583 4376 ὧν
618 4322 687 4375 τά
724 4322 1022 4395 μαθήματα
1059 4323 1152 4377 καὶ
1174 4324 1243 4377 τὰ
1275 4318 1522 4393 δόγματα
1547 4341 1716 4394 παρε-

118 4410 336 4480 χάραξα
395 4413 492 4473 ἂν,
544 4415 593 4466 εἰ
633 4414 936 4485 προέφερον
978 4416 1056 4477 εἰς
1096 4414 1316 4484 ἐτέρους
1360 4416 1485 4477 τοὺς
1518 4415 1714 4486 προλε-

118 4502 353 4571 χθέντας
393 4504 639 4575 ἐμαυτοῦ
672 4505 984 4577 λογισμούς.
1035 4505 1194 4558 Ἀλλὰ
1224 4507 1317 4560 καὶ
1360 4508 1407 4558 εἰ
1458 4509 1715 4579 παρεῖχον

116 4595 364 4666 ἐμαυτὸν
397 4597 500 4649 τοῦ
532 4597 735 4666 γνῶναι
760 4598 857 4661 τὰς
890 4596 1088 4662 αἰτίας,
1119 4597 1187 4651 δι’
1222 4597 1288 4661 ἂς
1317 4600 1365 4651 οί
1401 4599 1716 4671 ἁμαρτωλοὶ

1744 4474 1791 4529 Ι)

1821 3222 2084 3274 rationem
2117 3220 2351 3289 filiorum
2383 3228 2595 3273 tuorum
2629 3218 2924 3287 reprobavi.
2963 3216 3032 3272 Et
3078 3217 3391 3285 suspicabar

1822 3328 1904 3365 me
1934 3325 2243 3381 cognoscere
2274 3311 2393 3372 hoc,
2427 3310 2579 3363 labor
2606 3319 2683 3363 est
2715 3320 2836 3363 ante
2870 3324 2981 3373 me;
3017 3307 3180 3361 donec
3202 3309 3390 3361 intrem

1820 3405 1875 3456 in
1920 3404 2289 3457 sanctuarium
2320 3401 2439 3466 Dei,
2473 3411 2523 3455 et
2566 3401 2861 3472 intelligam
2892 3401 2945 3454 in
2972 3400 3270 3454 novissimis
3303 3416 3395 3453 eo-

1820 3511 1961 3549 rum.
1992 3493 2256 3548 Prtedicta
2282 3494 2337 3548 in
2362 3493 2784 3565 cogitationibus
2812 3502 3018 3548 tantum
3047 3496 3183 3549 meis
3205 3508 3394 3549 versa—

1820 3585 1968 3649 bam,
2002 3586 2147 3655 quod
2178 3585 2483 3656 periculum
2510 3592 2656 3639 esset
2678 3600 2747 3640 ne
2767 3599 3178 3649 commoverer;
3214 3600 3394 3652 neque

1820 3684 2004 3732 tamen
2046 3677 2168 3731 aliis
2210 3678 2555 3732 enarrabam.
2588 3675 2723 3729 Nam
2758 3676 2803 3729 si
2843 3676 2946 3729 bac
2990 3675 3226 3729 admissa
3271 3677 3393 3744 opi-

1819 3770 2006 3835 nione,
2045 3770 2268 3840 impiam
2290 3768 2604 3837 huiusmodi
2634 3767 2940 3821 doctrinam
2968 3768 3089 3820 aliis
3118 3769 3391 3835 protulis-

1820 3876 1959 3923 sem,
2019 3868 2294 3916 temeratae
2317 3860 2421 3930 pia:
2464 3859 2729 3915 doctrinae
2771 3872 2899 3912 reus
2932 3858 3157 3913 ell‘ectus
3187 3873 3389 3919 essem,

1820 3962 1985 4025 atque
2016 3961 2175 4024 pacta
2224 3953 2595 4024 generationis
2628 3952 2865 4006 liliorum
2925 3961 3144 4006 tuorum
3187 3951 3391 4006 violas.

1820 4063 1957 4102 sem.
1991 4045 2193 4101 Omnes
2226 4047 2427 4117 quippe
2453 4046 2629 4101 sancti
2651 4059 2714 4099 ac
2740 4043 2835 4098 Dei
2870 4052 3117 4098 amantes
3137 4044 3263 4108 viri,
3288 4044 3388 4104 tui.

1819 4136 1987 4204 Deus,
2012 4138 2106 4192 lilii
2132 4146 2281 4193 sunt.
2307 4136 2602 4191 Generatio
2632 4145 2814 4190 autem
2854 4151 3068 4202 eorum,
3109 4138 3394 4191 successio

1820 4239 2137 4285 sanctorum
2191 4236 2297 4294 est,
2352 4242 2585 4298 quorum
2639 4226 2961 4296 disciplinas
3021 4235 3075 4278 ct
3138 4226 3391 4295 dogmata

1821 4323 2239 4387 adulterassem,
2294 4322 2339 4377 si
2377 4321 2668 4391 praedictas
2697 4320 3060 4391 cogitationes
3092 4333 3243 4373 meas
3268 4317 3393 4371 aliis

1822 4414 2194 4485 protulissem.
2240 4412 2450 4469 Sed'si
2485 4413 2670 4467 animo
2700 4412 3023 4467 institissent
3074 4409 3142 4463 ad
3190 4423 3393 4477 cogno«

1820 4506 2083 4561 scendum
2116 4521 2238 4576 quae
2268 4522 2434 4561 causa
2478 4508 2549 4561 sit
2603 4521 2702 4560 cur
2759 4512 3079 4574 peccatores
3132 4516 3393 4570 prospere

1819 4605 2006 4668 agant,
2038 4599 2168 4652 etin
2200 4598 2460 4653 satculum
2492 4599 2713 4653 divitias
2747 4597 3051 4658 obtineant,
3079 4592 3214 4661 justi
3246 4606 3378 4644 vero

1818 4691 2210 4757 humilientur;
2255 4706 2433 4760 neque
2468 4690 2542 4743 ita
2577 4702 2779 4743 arcana
2814 4687 2916 4740 bac
2960 4685 3029 4739 de
3080 4698 3141 4737 re
3180 4682 3389 4752 judicia

1819 4784 2231 4854 comperissem,
2267 4784 2363 4839 sed
2397 4784 2637 4837 laborem
2685 4780 2953 4834 duntaxat
3001 4776 3133 4830 mihi
3176 4775 3386 4829 intulis-

1820 4889 1934 4929 sem
1968 4893 1982 4928 :
2017 4876 2073 4928 in
2107 4875 2506 4929 dubitationem
2536 4873 2711 4928 solum
2744 4871 3022 4939 animique
3050 4866 3394 4934 defatigatio-

1819 4981 1942 5021 nem
1972 4967 2247 5038 delapsus.
2282 4966 2647 5032 Quamobrem
2684 4964 2760 5017 ait
2820 4982 2833 5016 :
2886 4961 2949 5015 Et
2998 4962 3044 5014 si
3080 4955 3396 5027 suspicabar

1820 5076 1900 5113 me
1923 5076 2228 5130 cognoscere
2262 5060 2376 5124 hoc,
2416 5058 2564 5111 labor
2601 5065 2678 5109 est
2733 5064 2853 5107 ante
2897 5069 2999 5107 me.
3037 5050 3162 5104 Sive
3195 5063 3391 5103 SCCIHI‘

1820 5152 1948 5207 dum
1999 5152 2407 5222 Symmachum,
2456 5147 2516 5203 Si
2544 5148 2795 5216 putabam
2826 5162 2906 5199 me
2931 5157 3239 5214 cognoscere
3271 5138 3387 5197 hoc,

1822 5243 1972 5297 labor
2006 5242 2277 5296 videbatur
2309 5241 2459 5294 mihi.
2486 5241 2852 5305 Quamobrem
2891 5236 3081 5291 videns
3126 5246 3239 5287 rem
3269 5245 3391 5285 esse

1820 5334 2140 5389 hominibus
2190 5331 2819 5401 incomprehensibilem,
2872 5329 2963 5397 pio
3008 5339 3142 5379 usus
3173 5320 3393 5376 rati0ci«

116 4685 352 4759 εὔθυμοι
379 4689 692 4742 διατελοῦσι
722 4690 817 4743 καὶ⁹
849 4690 926 4752 εἰς
947 4687 1038 4743 τὸν
1056 4688 1228 4742 αἰῶνα
1260 4689 1526 4760 κατέσχον
1554 4691 1717 4743 πλούι

110 4794 229 4842 του,
258 4782 313 4833 οἱ
342 4781 405 4833 δὲ
439 4781 640 4833 δίκαιοι
683 4780 1096 4833 ταπεινοῦνταιο
1154 4779 1273 4833 ούδέ
1311 4780 1452 4833 οὕτω
1483 4782 1713 4837 κατέλαα

113 4868 208 4921 σον
230 4870 303 4923 ἂν
340 4871 455 4934 τὰς
489 4873 833 4943 ἀπορρήτους
864 4872 990 4943 περὶ
1022 4872 1227 4925 τούτων
1252 4871 1482 4943 κρίσεις,
1516 4874 1717 4937 κόπους

107 4961 164 5014 δὲ
217 4963 436 5034 μόνους
492 4964 712 5035 ἐμαυτῷ
745 4965 999 5035 συνῆγον,
1026 4966 1104 5028 εἰς
1144 4963 1379 5032 ἀπορίαν
1429 4965 1717 5035 ἐμπίπτων

112 5057 211 5106 καὶ
245 5057 332 5119 εἰς
356 5055 548 5126 ψυχῆς
580 5057 846 5125 κάματον.
872 5056 963 5109 Διό
992 5071 1159 5126 φησι·
1194 5054 1305 5109 Kal
1335 5056 1389 5108 el
1412 5056 1718 5110 ὑπέλαϐον

108 5143 217 5197 τοῦ
263 5142 508 5213 γνῶναι
552 5147 748 5210 τοῦτο,
792 5146 980 5212 κόπος
1014 5145 1185 5199 ἐστὶν
1210 5144 1468 5200 ἐνώπιόν
1494 5164 1644 5215 μου·
1681 5148 1715 5218 ἢ

109 5233 257 5288 κατά
290 5235 395 5289 τὸν
434 5235 754 5307 Σύμμαχον,
784 5236 894 5291 Kal
922 5239 975 5290 sl
1016 5235 1362 5306 ἐλογιζὶἷμην
1401 5236 1718 5307 ἐπιγνῶναι

105 5329 296 5383 τοῦτο
320 5369 337 5391 ,
370 5327 608 5397 μόχθος
632 5331 913 5399 ἐφαίνετό
944 5346 1062 5400 μοι.
1109 5328 1305 5400 Διόπερ
1341 5329 1483 5400 ὁρῶν
1515 5331 1718 5384 ἀκατά-

106 5417 329 5491 ληπτον
369 5417 547 5474 οὖσαν
584 5422 890 5493 ἀνθρώποις
914 5422 1012 5492 τὴν
1043 5417 1247 5473 τούτων
1268 5420 1488 5488 γνῶσιν,
1506 5422 1720 5476 εὐσεϐεῖ

1826 5426 1935 5490 nio,
1975 5440 2188 5479 mecum
2221 5423 2540 5493 reputabam
2573 5423 2748 5477 satius
2775 5434 2898 5475 esse
2924 5426 2985 5472 ut
3019 5431 3107 5472 me
3139 5414 3390 5470 contines

106 5510 420 5580 χρώμενος
452 5510 713 5583 λογισμῷ,
746 5513 1063 5583 διενοούμην
1108 5512 1239 5582 παρ’
1274 5510 1494 5582 ἐμαυτῷ
1534 5516 1717 5586 κρεῖτ-

1826 5532 1959 5581 rem,
1985 5525 2146 5585 atque
2173 5522 2539 5585 opportunum
2575 5515 2702 5568 huic
2734 5511 3032 5583 cognitioni
3048 5516 3269 5576 tempus
3296 5520 3393 5560 ex-

107 5616 205 5656 τσν
246 5590 406 5656 εἶναι
450 5603 662 5675 ἐπέχειν
693 5605 787 5657 καὶ
820 5603 1128 5673 ἐκδέχεσθαι
1160 5604 1265 5678 τὸν,
1297 5605 1597 5677 ἐπιτήδειον
1620 5606 1719 5675 τῆς

1826 5619 2145 5678 spectarem.
2181 5603 2315 5663 Illud
2345 5616 2525 5663 autem
2561 5617 2701 5673 crat,
2757 5606 2932 5659 Donec
2968 5604 3155 5656 intrent
3186 5601 3237 5651 in
3264 5610 3395 5651 sane

190 5757 205 5785 ⁸
247 5755 405 5811 Gen.
454 5766 580 5818 xxv,
604 5754 656 5808 8.

428 5846 700 5908 Ριτιιοι..
747 5848 862 5908 Gtt.
903 5848 1140 5911 XXIII.

3011 5836 3085 5897 Π
