3776 6284
185 339 279 396 διδ
1296 323 1676 402 COMMENTA

1942 323 2274 379 PSALMOS.
3298 320 3401 375 8i6

181 461 237 517 τὸ
259 454 629 528 ἁνιαστήριον
647 454 751 508 τοῦ
775 451 943 507 Θεοῦ·
969 451 1059 505 νῦν
1086 451 1141 504 δὲ
1170 452 1220 503 τί
1253 449 1369 504 ποτ’
1389 445 1455 521 ἦν
1474 450 1533 502 τὸ
1566 450 1672 516 ἁγιε

1911 449 2192 499 tctuarium
2214 446 2343 507 Dei;
2380 462 2525 499 nunc
2543 460 2671 500 vero
2692 444 2968 514 quodnam
2996 445 3066 499 sit
3085 443 3402 512 hujnsmmli

183 555 373 625 στήριον
394 548 629 601 διδάσκει
664 547 852 615 λέγων·
870 546 1062 613 Κύριε,
1087 544 1157 595 ἐν
1178 541 1251 611 τῇ
1273 543 1440 595 πόλει
1464 556 1579 593 σου
1612 539 1674 604 τῆ

1913 539 2207 592 ictuarium
2241 538 2433 593 edocet
2461 539 2547 593 his
2580 541 2778 600 verbis,
2813 538 3055 598 Domine,
3098 538 3150 588 in
3190 536 3404 589 civitate

176 645 355 699 εἰκόνα
377 638 572 693 αὐτῶν
594 636 1041 701 ἐξουδενώσεις.
1076 633 1265 686 Ἔνθεν
1295 634 1516 695 εἰκότως
1542 633 1570 684 6
1587 631 1667 684 θεῖ

1918 645 1923 678 ι
1954 628 2237 696 imaginem
2271 630 2505 697 ipsorum
2530 628 2597 681 ad
2624 629 2845 681 nihilum
2866 626 3089 696 rediges.
3116 625 3271 681 Unde
3294 643 3409 680 me-

188 728 500 791 ’Δπόπολος,
521 730 676 782 πόλιν
693 727 941 799 οὐράνιον
959 726 1093 780 Θεοῦ
1112 724 1266 788 εἰδὼς
1289 723 1489 792 ἔλεγεν·
1505 726 1679 789 Προσε

1916 733 1938 772 ο
1968 719 2129 775 divus
2162 720 2478 790 Apostolus,
2509 721 2676 789 utqui
2706 721 2984 776 caelestem
3007 719 3100 775 Dei
3125 720 3407 774 civitatem

170 824 494 894 ,ιηλύθαμεν
521 819 674 875 Σιὼν
704 818 822 888 ὄρει
861 818 957 873 καὶ
993 819 1165 871 πόλει
1203 814 1351 870 Θεοῦ
1388 814 1601 879 ζῶντος
1632 814 1661 865 'l

1918 827 2036 880 sset,
2074 815 2330 870 diccbat:
2366 814 2694 868 Accessimus
2717 814 2786 866 ad
2822 812 2950 869 Sion
2977 822 3224 876 montem,
3262 820 3312 866 et
3334 812 3409 864 ci-

166 912 466 987 ρουσαλὴμ
494 910 845 981 ἐπουρανίῳ·
876 910 971 962 καὶ⁵
1001 908 1179 963 πάλιν’
1215 908 1277 961 Ἠ
1288 905 1360 960 δὲ
1390 905 1657 972 ἅνωἸερο

1919 918 2043 963 Item
2076 907 2175 962 Dei
2223 908 2439 960 viventis
2468 902 2770 959 Ierusalem
2821 905 3145 969 cmlestem‘;
3181 918 3245 956 ac
3283 917 3410 955 rur-

167 1006 359 1075 σαλὴμ
394 1003 678 1072 ἐλευθέρα
722 1002 874 1057 ἐστί.
922 1001 1137 1070 Ταύτην
1170 994 1264 1053 οὖν
1312 998 1407 1051 καὶ
1457 998 1486 1049 6
1537 1012 1658 1065 παρ<

1918 1016 1951 1054 n
1971 1019 1983 1055 :
2004 998 2111 1054 Illa
2143 1014 2261 1053 vero
2281 1014 2398 1069 quae
2430 1013 2639 1051 sursum
2654 1005 2730 1050 est
2745 994 3064 1058 Jerusalem,
3088 995 3254 1049 libera
3270 1000 3352 1047 est
3366 996 3409 1048 ³.

170 1099 443 1171 Προφήτης
466 1096 565 1168 τὴν
591 1096 746 1150 πόλιν
766 1094 859 1149 τοῦ
882 1093 1016 1147 Θεοῦ
1040 1092 1293 1163 σημαίνει
1312 1090 1505 1160 λέγων·
1528 1089 1661 1156 Κύρι

1920 1105 1984 1145 nc
2006 1089 2192 1159 itaque
2221 1088 2317 1144 Dei
2339 1088 2612 1142 civitatem
2637 1085 2908 1157 Propheta
2949 1086 3042 1156 qui
3078 1086 3191 1155 jam
3226 1084 3411 1156 loqui-

164 1196 228 1248 ἐν
246 1191 317 1260 τῇ
335 1194 507 1245 πόλει
544 1205 661 1244 σου
700 1190 813 1258 τὴν
840 1191 1043 1243 εικόνα
1063 1186 1261 1242 αὐτῶν
1279 1183 1655 1251 ἐξουδενώσε

1911 1197 1920 1213 ·
1972 1181 2052 1237 sic
2106 1179 2349 1235 indicat:
2388 1178 2626 1244 Domine,
2666 1181 2719 1232 in
2769 1179 2978 1233 civitate
3006 1188 3097 1232 tua
3121 1179 3402 1248 imaginem

168 1288 222 1339 Ei
246 1286 337 1356 μὲν
363 1284 470 1352 γὰρ
494 1280 658 1353 ἦσαν,
687 1282 851 1353 φησὶ,
898 1279 1231 1350 φυλάξαντες
1262 1277 1360 1349 τὴν
1393 1276 1490 1348 σὴν
1523 1276 1659 1329 εἰκός

1909 1290 2067 1329 orum
2093 1272 2161 1328 ad
2195 1273 2419 1327 nihilum
2457 1272 2677 1341 rediges.
2709 1270 2843 1326 Nam
2880 1272 2947 1337 si,
2974 1271 3171 1342 inquit,
3205 1271 3400 1342 imagi-

162 1376 372 1438 εἰκότως
404 1376 498 1428 καὶ
541 1375 638 1445 τῆς
686 1374 783 1443 σῆς
830 1374 1037 1436 πόλεως
1070 1370 1421 1443 κατηξιοῦντο
1450 1388 1462 1399 ·
1517 1370 1639 1422 ἐπεὶ

1907 1380 1955 1418 m
1988 1369 2408 1417 conservassem
2460 1370 2633 1424 tuam,
2669 1360 2862 1414 merito
2895 1361 3116 1416 civitate
3174 1376 3398 1431 quoque

160 1464 453 1530 ἄνθρωπος
476 1463 547 1514 ἐν
575 1461 712 1530 τιμῇ
742 1460 827 1514 ὢν
851 1464 923 1515 οὐ
948 1461 1202 1529 συνῆκε,
1234 1458 1649 1529 παρεσυνεϐλή

1911 1472 1923 1509 ι
1955 1455 2145 1509 donati
2175 1462 2361 1508 essent
2391 1471 2403 1507 :
2440 1458 2495 1505 at
2525 1452 2653 1521 quia
2684 1451 2836 1505 homo
2872 1468 2988 1505 cum
3018 1453 3072 1505 in
3100 1453 3296 1506 honore
3325 1468 3402 1506 es-

158 1556 271 1621 τοῖς
299 1554 547 1624 κτήνεσι
584 1556 708 1621 τοῖς
750 1556 1049 1624 ἀνοήτοις,
1086 1554 1184 1607 καὶ
1209 1554 1473 1623 ὡμοιώθη
1502 1554 1647 1607 αὐτο

1907 1567 1927 1613 η,
1964 1564 2067 1601 non
2102 1547 2362 1601 intellexit
2410 1559 2428 1597 :
2485 1555 2823 1611 comparatus
2877 1554 2953 1598 est
2982 1546 3239 1612 jumentis
3268 1546 3398 1599 insi-

156 1646 419 1713 ἀναλόγως
448 1661 508 1697 τε
534 1647 599 1715 τῇ
625 1644 817 1697 ἑαυτοῦ
883 1645 1047 1714 κακίᾳ
1086 1643 1275 1698 ἑαυτὸν
1309 1643 1647 1713 μετεμόρφω‹

1909 1641 2110 1704 πεῶιιε,
2156 1651 2204 1695 et
2248 1640 2438 1694 similis
2474 1639 2648 1707 [actus
2697 1649 2773 1695 est
2820 1638 2929 1693 illis
2962 1641 3003 1703 ⁸,
3043 1650 3204 1709 atque
3237 1638 3400 1692 modo

154 1737 229 1800 εἰς
254 1737 450 1807 ἀγρίου
475 1736 640 1807 θηρὸς
671 1737 870 1807 τρόπον
898 1753 979 1799 τε,
1008 1735 1201 1803 γέγονέ
1222 1752 1279 1789 τε
1303 1736 1468 1797 ἵππος
1486 1734 1645 1805 θηλυι.

1907 1738 2050 1792 ιιὶιὶξε
2104 1752 2217 1792 suae
2249 1736 2571 1806 congruenti
2602 1749 2724 1791 sese
2756 1735 2810 1789 in
2843 1734 3073 1804 agrestis
3106 1734 3233 1789 fera:
3277 1750 3398 1789 mo-

152 1798 259 1900 νὴς,
288 1798 909 1900 η’λύκοςάρπακτικὸς,
958 1829 990 1899 ἢ
1018 1798 1140 1896 δφις
1170 1830 1264 1881 καὶ
1286 1798 1552 1899 γέννημα,
1581 1798 1642 1897 ἐχ

1905 1828 2372 1893 mtransmutavit,
2416 1827 2705 1897 factusque
2732 1834 2817 1881 est
2846 1842 3021 1897 equus
3050 1827 3396 1891 emissarius,

152 1921 266 1983 νῶν,
303 1920 336 1990 ἢ
371 1920 503 1973 ἄλλο
542 1937 595 1972 τι
620 1918 829 1982 τούτοις
876 1918 1274 1989 παραπλήσιον·
1322 1918 1511 1972 τούτου
1562 1918 1643 1989 χάε

1907 1923 2112 1993 tlupus
2145 1937 2336 1992 rapax,
2393 1929 2486 1974 aut
2536 1935 2762 1989 serpens
2792 1928 2845 1973 et
2882 1919 3135 1990 genimen
3184 1921 3398 1989 vipera-

147 2012 327 2085 ὥσπερ
377 2012 631 2083 κίϐδηλον
675 2012 918 2083 νόμισμα
958 2012 1055 2082 τὴν
1102 2011 1354 2083 τοιαύτην
1393 2011 1575 2064 εἰκόνα
1622 2028 1638 2062 1

1908 2030 1972 2079 rn,
2007 2015 2121 2070 sive
2159 2014 2294 2085 quid
2344 2013 2413 2068 iis
2454 2012 2669 2077 simile;
2729 2011 2854 2065 ideo
2910 2011 3072 2064 talem
3106 2011 3399 2080 imaginem

146 2106 332 2159 ἑαυτοῦ
370 2106 582 2170 πόλεως
607 2107 935 2178 ἀπορρίπτει
960 2107 988 2158 6
1014 2103 1168 2167 Θεὸς,
1212 2103 1497 2169 ὲξουδενῶν
1528 2105 1637 2157 αύτ⁴

1907 2107 1985 2160 asi
2032 2106 2402 2159 adulterinum
2443 2104 2718 2158 numisma
2769 2118 2835 2156 ex
2870 2102 3088 2156 civitate
3122 2118 3223 2156 sua
3256 2101 3398 2155 Deus

141 2197 255 2251 οὐδὲ
298 2196 463 2263 ἀξίαν
508 2198 710 2269 κρίνων
750 2196 857 2250 τῶν
900 2198 956 2249 ὲν
1007 2198 1074 2267 τῇ
1128 2195 1277 2249 πόλει
1306 2196 1470 2249 αὑτοῦ
1520 2199 1632 2265 μον(

1910 2198 2035 2266 iicit,
2069 2197 2136 2251 ad
2180 2198 2410 2251 nihilum
2446 2196 2663 2266 redigit,
2707 2209 2883 2263 neque
2918 2192 3137 2264 dignam
3191 2192 3401 2261 judicat

142 2287 335 2340 Πολλαὶ
382 2288 496 2359 γὰρ
551 2288 710 2358 μοναὶ
757 2287 908 2358 παρὰ
949 2285 1027 2357 τῷ
1051 2288 1244 2358 Πατρί·
1273 2286 1338 2339 δι’
1372 2287 1400 2339 ὃ
1441 2286 1633 2339 λέλεκτι

1909 2307 1935 2345 s
1970 2289 2211 2344 civitatis
2243 2304 2355 2343 sua;
2388 2288 2788 2342 mansionibus.
2836 2285 2971 2339 Nam
3004 2285 3151 2355 apud
3182 2284 3396 2338 Patrem

138 2382 327 2449 Κύριε,
355 2378 433 2432 ἐν
460 2377 534 2447 τῇ
557 2379 728 2431 πόλει
742 2392 858 2430 σου
886 2375 999 2445 τὴν
1025 2378 1228 2430 εἰκόνα
1254 2375 1452 2429 αὐτῶν
1479 2375 1629 2439 ἐξουι

1908 2379 2143 2435 msiones
2167 2379 2351 2432 multa:
2379 2386 2527 2431 sunt.
2554 2377 2733 2443 Quare
2760 2377 2966 2430 dictum
2999 2382 3084 2430 est
3115 2395 3127 2427 :
3158 2373 3399 2436 Domine,

136 2472 365 2541 νήσεις.
428 2468 602 2523 Τοῦτο
644 2469 743 2539 μὲν
790 2463 882 2521 οὖν
921 2467 1273 2539 προφητικῶς
1311 2468 1339 2519 6
1382 2467 1553 2536 ’Λσὰφ
1585 2468 1627 2520 ἀη

1914 2472 2126 2525 civitate
2158 2479 2250 2523 tua
2283 2470 2567 2539 imaginem
2620 2469 2852 2536 ipsorum
2889 2466 2959 2519 ad
3002 2466 3225 2519 nihilum
3262 2464 3402 2517 redi-

133 2563 430 2633 φθέγξατο,
463 2562 653 2631 ὥσπερ
687 2559 1025 2623 ἐπιθειάσας,
1060 2560 1151 2611 καὶ
1172 2557 1233 2611 τὸ
1260 2558 1450 2629 μέλλον
1480 2577 1624 2628 πεφα

1912 2584 1935 2617 π.
1972 2560 2085 2615 Hoc
2116 2560 2296 2630 itaque
2322 2558 2640 2628 prophetice
2662 2557 2845 2626 Asaph
2865 2554 3021 2625 quasi
3060 2553 3274 2616 alllatus
3292 2551 3403 2606 Nu-

134 2656 353 2725 σμένοις
379 2654 567 2723 ψυχῆς
595 2651 892 2722 ὀφθαλμοῖς
930 2648 1273 2721 τεθεαμένος.
1314 2651 1424 2720 Τὴν
1452 2650 1507 2703 δὲ
1542 2652 1625 2703 αἱτ

1909 2671 1993 2719 ne,
2024 2668 2088 2707 ac
2130 2646 2453 2706 illuminatis
2494 2650 2694 2704 mentis
2734 2648 2909 2703 oculis
2942 2647 3125 2701 futura
3152 2654 3400 2697 contem-

125 2746 189 2798 δι’
217 2747 288 2816 ἣν
331 2745 616 2817 ἐφωτίσθη
647 2744 744 2815 τὴν
789 2744 941 2797 πόλιν
969 2741 1061 2797 τοῦ
1091 2741 1226 2795 Θεοῦ
1263 2742 1513 2807 συνιδεῖν,
1550 2760 1616 2796 πα

1910 2755 2030 2809 itus,
2064 2746 2279 2799 locutus
2315 2751 2423 2798 est.
2451 2743 2685 2797 Causam
2728 2756 2857 2795 vero
2908 2756 3008 2793 cur
3059 2738 3401 2791 illuminatus

127 2856 283 2910 στησι
310 2839 498 2908 λέγων
528 2838 676 2909 ἑξῆς·

1933 2838 2000 2892 ad
2030 2837 2309 2893 civitatem
2347 2835 2437 2890 Dei
2466 2832 2912 2903 conspiciendam
2944 2845 3070 2884 mox
3112 2829 3288 2898 aperit
3317 2826 3400 2879 di-

1831 2945 1962 2984 cens
1996 2950 2009 2983 ε

194 3024 327 3076 Ὀτι
361 3022 668 3089 ἐξεκαύθη
688 3021 725 3087 ἠ
746 3021 957 3089 καρδία
982 3038 1123 3089 μου,
1147 3020 1244 3072 καὶ
1283 3023 1338 3073 οἱ
1375 3023 1583 3090 νεφροί
1602 3040 1682 3091 μο

1908 3021 2068 3077 Vens.
2121 3020 2311 3074 ﬁl—QA.
2356 3020 2495 3085 Quia
2526 3018 2917 3086 inﬂammatum
2977 3025 3052 3068 est
3084 3030 3174 3067 eor
3207 3028 3399 3075 meum,

117 3112 576 3181 ἡλλοιώθησαν.
596 3112 808 3183 Ἐπειδὴ
824 3112 930 3183 γὰρ
946 3110 1136 3180 ζηλῶν
1151 3112 1420 3181 ἐζήλωσα
1436 3112 1515 3177 τῷ
1530 3118 1608 3167 Κι

1910 3132 2056 3169 renes
2086 3114 2185 3167 mei
2209 3110 2516 3167 commutati
2556 3120 2699 3163 sunt.
2733 3108 2870 3173 Quia
2907 3108 3051 3162 enim
3094 3106 3206 3160 zelo
3236 3107 3401 3159 τειαυὶ

1754 3157 1794 3215 C

118 3203 259 3256 κατὰ
272 3203 367 3256 τὸν
386 3204 679 3273 προφήτην
701 3202 907 3264 Ἠλίαν,
924 3201 1244 3273 ὲξειλκόμην
1255 3220 1314 3255 τε
1324 3206 1434 3266 τοῖς
1450 3208 1609 3274 λογισ1

1916 3209 2055 3261 mino
2082 3246 2096 3270 ,
2130 3204 2433 3261 secundum
2481 3201 2650 3255 Eliam
2681 3199 2999 3271 prophetam
3030 3200 3072 3261 ",
3117 3202 3404 3269 cogitatio-

112 3291 255 3362 ὁρῶν
269 3292 507 3353 ἀσεϐεῖς
528 3290 981 3361 εὐθυμουμένους·
999 3290 1133 3344 ἀλλὰ
1153 3293 1244 3345 καὶ
1266 3294 1582 3365 ὲπυρούμην
1602 3324 1603 3329 η

1913 3315 2097 3371 msque
2119 3297 2446 3352 detrahehar
2466 3311 2589 3350 cum
2615 3308 2894 3351 cernerem
2921 3294 3117 3363 impios
3145 3306 3404 3361 prospere

114 3381 356 3451 νεφροὺς
380 3379 570 3434 καὶτὰ
592 3379 730 3449 βάθη
755 3382 823 3433 τὰ
850 3378 1055 3450 κρύφια
1066 3380 1167 3450 τῆς
1179 3382 1418 3451 ἐμαυτοῦ
1436 3384 1605 3455 ψυχῆς

1912 3407 2026 3454 are;
2058 3391 2169 3443 imo
2192 3388 2358 3442 etiam
2392 3401 2552 3441 renes
2597 3387 2704 3439 mei
2736 3399 2953 3445 necnon
2992 3381 3264 3453 profunda
3308 3398 3403 3434 or-

103 3474 134 3525 a
156 3474 253 3527 καὶ
277 3474 505 3541 ἔλεγον,
540 3473 659 3525 ’Ότι
686 3471 956 3537 ἐζῆλωονα
986 3472 1085 3525 ἐπὶ
1119 3472 1242 3539 τοῖς
1269 3474 1534 3543 ἀνόμοις,
1569 3494 1594 3529 ε

1908 3488 2084 3554 Itaque
2128 3483 2322 3537 anima:
2372 3496 2506 3535 mea:
2552 3478 2887 3544 urebantur;
2950 3476 3073 3531 ideo
3128 3476 3399 3538 dicebam,

105 3582 227 3634 νην
253 3563 646 3634 ἁμαρτωλῶν
673 3563 920 3630 θεωρῶν·
958 3563 1146 3617 τούτου
1175 3565 1333 3636 χάριν
1349 3564 1589 3636 ἠξιώθην

1907 3579 1971 3629 ιὶα
1994 3575 2160 3629 zelavi
2187 3589 2343 3641 super
2371 3572 2600 3641 iniquos,
2634 3585 2816 3638 pacem
2846 3577 3177 3637 peccatorum
3200 3566 3398 3618 videns.

102 3658 376 3730 ποθῆναι
413 3656 527 3709 ὑπὸ
550 3658 643 3709 τοῦ
672 3655 987 3727 Πνεύματος
1019 3658 1113 3710 καὶ
1151 3658 1251 3727 τὴν
1286 3658 1438 3710 πόλιν
1473 3659 1593 3712 ἰδεῖν

1907 3680 2009 3719 δίη-ε
2041 3676 2364 3719 concessum
2392 3661 2523 3713 mihi
2567 3658 2666 3712 fuit
2700 3667 2757 3712 ut
2798 3658 3139 3721 illuminarer
3165 3671 3194 3709 a
3222 3655 3398 3724 Spiri—

102 3750 269 3815 Θεοῦ,
316 3749 465 3812 τούς
510 3766 568 3800 τε
601 3748 784 3813 ἀξίους
834 3749 1004 3819 αὐτῆς
1040 3750 1135 3801 καὶ
1175 3750 1300 3813 τοὺς
1348 3751 1445 3821 μή.
1489 3753 1593 3806 Ἀντ

1939 3766 1996 3810 et
2025 3756 2265 3811 viderem
2291 3755 2567 3809 civitatem
2618 3752 2733 3815 Dei,
2777 3766 2988 3805 necnon
3021 3765 3116 3804 cos
3163 3749 3255 3819 qui
3309 3748 3399 3801 illa

94 3843 193 3897 τοῦ
214 3884 232 3907 ,
252 3843 612 3911 Ἑξεκαύθη
648 3841 687 3907 η
718 3841 933 3908 καρδία
953 3859 1071 3909 μου
1092 3880 1106 3903 ,
1137 3843 1166 3893 ὁ
1197 3841 1510 3913 Σύμμαχος,
1539 3847 1585 3897 Σ

1910 3866 1946 3905 'e
1977 3848 2150 3919 digni,
2184 3848 2300 3901 sive
2330 3845 2537 3915 indigni
2570 3852 2717 3897 sunt.
2750 3841 2857 3895 Pro
2899 3842 2993 3895 illo
3038 3849 3243 3904 autem,
3305 3839 3401 3894 In-

95 3935 444 4000 στέλλετο,
490 3934 672 4005 φησὶν,
704 3934 742 4001 ἡ
778 3933 989 4001 καρδία
1003 3952 1121 4002 μου
1142 3972 1157 3998 ,
1185 3935 1282 3989 καὶ
1299 3936 1471 4000 ἐντὸς
1492 3936 1586 3989 τῶν

1909 3950 2163 3995 mmatum
2190 3948 2269 3993 est
2313 3954 2404 3990 cor
2437 3951 2629 3999 meum,
2663 3934 3047 4005 Symmachus,
3106 3934 3400 3989 Cantrahe-

92 4026 270 4095 ppér
299 4044 445 4097 μου
496 4024 851 4094 διελεγόμην
888 4024 1235 4095 ἀντιλέγων.
1266 4023 1379 4078 Εἶθ’
1421 4027 1583 4097 ὲξῆςε

1911 4042 2003 4095 'ur,
2035 4028 2233 4099 inquit,
2262 4044 2353 4082 cor
2388 4043 2581 4089 meum,
2610 4035 2659 4079 et
2699 4026 2842 4078 intra
2874 4042 3021 4079 renes
3050 4041 3189 4079 meos
3228 4027 3402 4080 ratio-

93 4136 211 4171 ταν
258 4120 391 4172 Kal.
442 4116 560 4186 ἐγώ
602 4115 1104 4183 ἐξουθενημένος,
1156 4118 1253 4171 καὶ
1298 4120 1411 4172 οὐκ
1456 4118 1584 4189 ἕγνο

1916 4124 2049 4177 abar
2081 4120 2466 4175 contradicens.
2499 4117 2705 4173 Deinde
2735 4117 2938 4171 dicitur
2963 4137 2975 4170 :
2999 4117 3065 4172 Et
3088 4134 3178 4188 ego
3220 4118 3288 4170 ad
3320 4120 3402 4171 ni-

84 4211 154 4281 δὴ
181 4211 558 4281 σαφέστερον
580 4209 926 4280 ἡρμήνευσεν
948 4210 978 4260 6
1006 4208 1300 4279 Σύμμαχος
1317 4208 1510 4277 εἰπὼν,
1528 4213 1575 4265 Ἴ

1911 4234 1995 4271 um
2030 4216 2273 4270 redactus
2304 4230 2446 4273 sum,
2477 4221 2525 4267 et
2548 4213 2776 4275 nescivi;
2806 4212 2953 4282 quod
2988 4213 3195 4267 clarius
3231 4214 3402 4266 inter-

85 4303 158 4356 δὲ
188 4301 659 4371 ἀνεπιστήμων
688 4300 785 4354 καὶ
812 4299 898 4369 μὴ
940 4301 1128 4367 εἰδώς·
1157 4302 1250 4354 καὶ
1279 4302 1457 4355 πάλιν·
1491 4308 1571 4358 Κτ

1911 4318 2074 4365 :tatus
2116 4306 2479 4380 Symmachus
2531 4314 2617 4361 est
2660 4304 2872 4368 dicens,
2914 4304 3077 4357 liram
3114 4305 3315 4358 inscius
3350 4312 3402 4358 et

79 4394 201 4461 δης
222 4392 559 4463 ἐγενήθην
576 4392 735 4459 παρὰ
760 4393 883 4445 σοί·
913 4392 946 4463 ἢ
975 4393 1114 4445 κατὰ
1133 4392 1224 4445 τὸν
1250 4393 1562 4464 Σύμμαχον,

1909 4424 1931 4458 νι
1958 4419 2290 4474 cognoscens.
2323 4398 2559 4454 Rursum
2595 4418 2608 4453 :
2646 4396 2713 4451 Ut
2733 4398 3032 4467 jumentum
3077 4397 3250 4464 [actus
3284 4412 3400 4448 sum

80 4485 307 4552 ναιδῶς
342 4484 679 4538 διετέλεσα
716 4482 874 4553 παρὰ
909 4485 1030 4538 σοι.
1061 4485 1168 4538 Καὶ
1210 4485 1344 4554 ἐγὼ,
1378 4487 1561 4557 φησὶν,

1908 4501 1966 4553 uel
2002 4508 2078 4562 te;
2110 4497 2226 4554 sive
2256 4494 2560 4551 secundum
2593 4491 3000 4562 Symmachum,
3037 4488 3277 4542 Jumenti
3320 4490 3399 4540 in-

75 4578 337 4644 παντὸς
374 4575 544 4645 μετὰ
570 4575 707 4630 σοῦ·
737 4575 876 4629 κατὰ
894 4574 950 4627 δὲ
978 4576 1067 4628 τὸν
1096 4575 1410 4646 Σύμμαχον,
1442 4578 1554 4631 Καὶ

1917 4603 1941 4638 r
1981 4594 2219 4639 versatus
2248 4599 2364 4638 sum
2393 4583 2529 4651 apud
2565 4591 2631 4637 te.
2679 4580 2747 4633 Et
2788 4596 2900 4651 ego,
2948 4579 3147 4648 inquit,
3200 4593 3402 4646 semper

73 4672 257 4741 ήμην
311 4685 437 4725 σοι
489 4669 830 4735 διαπαντός.
873 4670 935 4722 Εἰ
994 4668 1101 4739 γὰρ
1147 4668 1237 4722 καὶ
1278 4668 1348 4722 τὰ
1393 4669 1564 4739 μάλισ¹

1907 4693 2028 4739 um;
2060 4675 2359 4732 secundum
2379 4674 2765 4746 Symmachum
2792 4681 2992 4733 autem,
3021 4669 3088 4722 Et
3106 4686 3213 4722 una
3231 4679 3398 4722 tecum

73 4765 328 4834 συνείην
365 4762 519 4832 πρὶν
543 4761 876 4832 φωτισθῆναι
902 4761 996 4813 καὶ
1028 4760 1231 4829 γνῶναι
1252 4760 1321 4813 τὰ
1347 4762 1474 4830 περὶ
1498 4764 1561 4832 τῆ

1906 4785 1968 4821 rm
1990 4783 2212 4836 semper.
2236 4764 2352 4820 Etsi
2376 4766 2519 4819 enim
2557 4780 2667 4818 non
2692 4762 3053 4832 intelligebam
3080 4761 3397 4830 priusquam

72 4855 313 4916 πόλεως
343 4851 689 4922 λελεγμένα,
715 4853 811 4905 καὶ
835 4853 903 4905 τὰ
936 4852 1186 4923 περὶτῆς
1219 4853 1425 4917 εἰκόνος
1454 4852 1562 4907 τῶν

1958 4860 2159 4914 iinarer
2181 4873 2247 4913 ac
2288 4873 2351 4912 ea
2380 4871 2765 4928 cognoscerem
2788 4870 2908 4926 qua:
2942 4855 3009 4908 de
3032 4854 3258 4908 civitate
3282 4861 3396 4916 tua,
3441 4848 3446 4854 ’

67 4947 216 5001 ϐῶν·
259 4946 377 4999 καὶ
433 4943 493 4995 εἰ
519 4943 675 5013 δίκην
708 4942 905 5010 ἀλόγου
950 4932 1189 5014 κτήνους
1208 4944 1483 4997 διετέλεσα
1521 4961 1558 4995 π

1907 4967 2039 5006 cnon
2053 4967 2116 5007 ea
2142 4966 2264 5022 quae
2288 4950 2355 5004 de
2386 4951 2623 5018 imagine
2646 4949 2935 5017 impiorum
2966 4947 3110 5001 dicta
3146 4955 3306 5009 sunt;
3334 4961 3398 4999 ac

70 5059 173 5110 ρον
206 5035 616 5108 ἀνοηταίνων,
641 5037 734 5090 καὶ
764 5036 838 5109 μὴ
864 5037 1156 5108 δυνάμενος
1179 5037 1455 5091 ἐπιϐαλεῖν
1481 5041 1561 5091 τοῖ

1909 5044 2042 5097 amsi
2067 5044 2241 5097 inStar
2256 5042 2399 5096 bruti
2414 5041 2643 5110 jumenti
2668 5040 2818 5109 prius
2839 5039 3111 5108 degerem,
3133 5038 3400 5106 insipiens

63 5136 176 5205 σῆς
218 5129 527 5204 προνοίας
561 5130 757 5197 λόγοις·
803 5131 952 5200 ὅμως
988 5131 1088 5184 οὑκ
1122 5130 1554 5200 ἁπελιμπανόμηη

1907 5145 1924 5183 3
1947 5131 2297 5200 providentiae
2318 5140 2424 5185 tua:
2446 5131 2707 5184 rationem
2728 5129 2990 5198 attingere
3012 5127 3198 5181 valens
3220 5144 3234 5192 ;
3255 5135 3398 5179 alta-

60 5227 169 5280 τοῦ
193 5223 396 5285 Θεοῦ,
433 5221 563 5274 οὐδὲ
588 5221 874 5286 ἐξέπιπτον
888 5223 983 5292 τῆς
1013 5222 1105 5274 ἐπὶ
1128 5223 1187 5274 σὲ
1211 5222 1443 5285 ἐλπίδος,
1473 5240 1551 5275 συγ

1905 5240 1949 5277 :n
1972 5224 2069 5279 abs
2083 5232 2154 5287 te,
2175 5223 2337 5285 Deus,
2366 5240 2476 5277 non
2493 5222 2804 5281 deserebar.
2836 5236 3013 5289 neque
3039 5220 3136 5273 abs
3160 5234 3256 5288 spe
3280 5234 3396 5273 mea

57 5320 119 5372 δέ
154 5336 254 5372 σοι
300 5315 666 5377 διαπαντός·
710 5315 804 5367 καὶ
836 5313 980 5367 τοῦτ’
1014 5314 1281 5385 ἔπραττον
1313 5316 1413 5367 οὐκ
1454 5314 1513 5379 ἐξ

1906 5328 1957 5371 te
1984 5317 2223 5387 reposita
2248 5315 2587 5375 cxcidebam,
2612 5313 2819 5381 tibique
2839 5328 3051 5380 semper
3073 5311 3323 5365 aderam:
3344 5320 3396 5365 et

58 5410 170 5463 τοῦ
199 5408 562 5475 δυνάμεως,
587 5406 701 5458 ἀλλ’
727 5408 792 5458 ὲκ
811 5406 913 5476 τῆς
934 5406 1032 5476 σῆς
1062 5406 1302 5476 χάριτος.
1327 5408 1398 5460 Σὺ
1428 5408 1535 5477 γὰρ

1904 5421 1932 5460 c
1978 5407 2203 5477 agebam
2254 5420 2364 5458 non
2408 5419 2526 5458 mea
2572 5403 2788 5464 virtute,
2825 5402 2918 5456 sed
2951 5402 3123 5471 gratia
3165 5409 3278 5453 tua.
3316 5399 3395 5453 Tu

56 5506 133 5573 τῇ
162 5498 417 5557 σαυτοῦ
453 5498 862 5570 φιλανθρωπία,
888 5502 986 5570 τῆς
1021 5501 1160 5570 ἐμῆς
1191 5499 1369 5563 δεξιᾶς
1398 5500 1547 5570 χειρὺ

1901 5516 2063 5571 mque
2085 5498 2425 5553 humanitate
2446 5505 2560 5557 tua,
2584 5502 2797 5563 arrepta
2822 5510 2982 5547 manu
3008 5493 3229 5547 dextera
3251 5507 3392 5551 mea.

59 5591 428 5661 λαϐόμενος
457 5625 478 5649 ,
516 5588 750 5657 συνεῖχες
782 5590 876 5641 καὶ
904 5582 1207 5659 ὅιεκράτεις
1240 5589 1375 5659 πρὸς
1405 5590 1463 5640 τὸ
1508 5607 1550 5658 μ⁴

1909 5614 1913 5644 ε
1948 5592 2232 5646 detinebas
2264 5590 2737 5659 astringchasquc,
2772 5595 2829 5640 ut
2873 5602 2941 5641 ne
2988 5585 3400 5641 ellunderentur

139 5768 167 5798 ⁴
197 5764 410 5820 Hebr.
458 5774 564 5826 xu,
590 5757 675 5813 2‘2.
777 5760 797 5790 ⁸
828 5760 1000 5813 Galat.
1039 5778 1107 5824 ιν,
1140 5760 1227 5816 ‘26.
1310 5763 1327 5791 δ
1358 5760 1498 5814 Psal.
1529 5776 1627 5813 xu

963 5769 1000 5812 t.
1039 5778 1107 5824 IV,
1140 5760 1227 5816 ‘26.
1310 5763 1327 5791 δ
1358 5760 1729 5824 Ρε;11.κι.νιιι,
1766 5760 1855 5813 2|.
1932 5763 1949 5790 ⁷
1978 5761 2017 5814 ll
2047 5760 2173 5831 Reg.
2212 5778 2322 5826 XIX,
2360 5761 2447 5817 10.
