3776 6284
318 370 424 426 ιιι-ι

3435 320 3521 380 848

317 491 548 563 vestigia
578 501 719 551 mea,
745 498 924 555 neque
952 480 1119 552 pedes
1152 480 1503 532 moverentur
1529 484 1560 523 a
1587 481 1706 522 mea
1744 460 1888 533 apud

2034 457 2204 511 εἶσθαί
2235 472 2337 527 μου
2377 452 2446 506 τὰ
2476 450 2809 521 διαδήματα,
2847 445 2978 517 μηδὲ
3004 443 3300 507 τουςπόδας
3332 460 3422 515 μου
3448 461 3505 497 σα

2068 551 2079 563 ι
2154 550 2180 563 Α
2297 548 2325 559 ~
2508 543 2531 563 I,
2568 545 2634 563 ,Α
2673 540 2908 563 -_1._.-.-
2969 537 3048 563 1-1
3087 552 3241 563 .-......
3286 534 3505 563 ‘DnnA-..

319 592 373 639 te
398 553 651 640 statione.
678 553 1023 647 QuaprOptcr
1048 570 1175 625 dico
1211 586 1223 621 :
1266 560 1502 619 Teuuist‘i
1529 571 1742 612 manum
1761 553 1892 606 dex—

322 686 489 732 teram
530 687 723 728 meam.
751 669 956 724 Bonam
986 663 1188 735 quippe
1211 659 1488 714 dexteram
1526 648 1725 712 habui,
1753 659 1886 717 prte-

320 766 556 825 va’lidam
591 773 645 819 et
676 765 983 833 paternam,
1014 755 1239 810 dextera
1270 748 1455 805 omnia
1485 751 1540 798 et
1569 741 1667 797 tibi
1693 738 1893 810 placita

319 861 727 930 peragentem:
760 862 932 921 quare
979 851 1196 915 arrepta
1261 840 1376 903 illa,
1418 837 1475 890 in
1508 832 1773 889 uoluntate
1803 843 1897 884 tua

322 945 592 1004 deduxisti
622 956 741 1007 me;
772 940 890 996 sive
907 936 1209 992 secundum
1237 926 1650 1002 Symmachum,
1674 922 1897 978 consilio

324 1050 414 1095 tuo
442 1035 645 1091 duxisti
667 1047 769 1096 me,
812 1046 842 1085 a
887 1027 1105 1085 mortali
1134 1040 1220 1079 me
1249 1025 1359 1077 vita
1395 1017 1710 1080 traducens,
1744 1021 1801 1070 et
1828 1012 1898 1068 ad

324 1126 681 1198 tranquillum
715 1129 1006 1190 tutumque
1039 1112 1245 1185 requiei
1298 1118 1404 1163 tua:
1454 1113 1674 1177 portum
1727 1101 1901 1157 dedu-

326 1234 492 1286 cens;
529 1218 604 1272 ita
633 1221 693 1270 ut
726 1215 772 1271 si
796 1211 1079 1266 dexteram
1110 1217 1285 1259 meam
1320 1215 1428 1255 non
1460 1195 1757 1260 tenuisses,
1783 1192 1901 1261 jam

326 1314 457 1367 olim
480 1284 485 1286 η
508 1308 670 1380 quasi
717 1321 747 1359 a
801 1308 1047 1358 torrente
1079 1298 1362 1365 abreptus,
1395 1289 1735 1362 pedibusque
1770 1284 1902 1340 sub—

327 1419 544 1467 versus,
581 1402 636 1455 in
687 1404 988 1454 extremam
1037 1388 1339 1461 perniciem
1391 1383 1648 1452 delapsus
1697 1393 1899 1434 essem.

330 1495 487 1551 Nunc
519 1507 650 1550 vero
686 1500 743 1544 tu
774 1489 889 1558 ipse
920 1483 1135 1538 tenuisti
1163 1493 1380 1534 manum
1410 1475 1684 1529 dexteram
1708 1483 1900 1532 meam,

329 1596 379 1641 et
410 1586 465 1639 in
492 1584 761 1639 voluntate
792 1588 886 1631 tua
917 1572 1191 1629 deduxisti
1221 1585 1302 1623 me
1343 1584 1361 1621 :
1409 1581 1474 1620 ac
1521 1565 1742 1620 demum
1781 1565 1907 1631 post

331 1686 662 1736 rncmoratas
716 1671 1045 1728 tentationes
1113 1672 1169 1720 et
1236 1665 1591 1731 tempestates
1665 1653 1907 1709 animam

1992 550 2244 604 λεύεσθαι
2265 548 2362 619 τῆς
2382 543 2534 617 παρά
2560 545 2642 596 σοὶ
2668 540 2928 602 στάσεως.
2959 537 3051 591 Διό
3085 552 3241 610 φημι·
3286 534 3507 604 Ἐκράτη

1993 657 2111 708 σας
2141 639 2254 708 τῆς
2274 636 2464 709 χειρὸς
2513 633 2624 704 τῆς
2657 629 2858 697 δεξιᾶς
2891 646 3030 700 μου.
3065 625 3219 698 Εἶχον
3247 626 3352 697 γὰρ
3386 625 3529 698 καλὴν

1993 732 2192 799 δεξιὰν,
2226 729 2542 803 ἐρρωμένην
2570 726 2662 781 καὶ
2690 722 2959 795 πατρικὴν
2987 718 3089 791 (ι),
3122 719 3189 773 τὰ
3223 715 3367 782 δεξιὰ
3385 716 3532 770 πάντα

1996 827 2091 882 καὶ
2104 826 2171 881 τά
2192 842 2276 878 σοι
2297 820 2503 894 ἀρεστὰ
2532 820 2897 893 πράττουσαν
2928 814 2994 868 δι’
3016 813 3047 866 δ
3069 810 3444 881 ἐπιλαϐόμενος
3455 808 3535 862 αὐ-

1998 924 2114 994 τῆς,
2143 917 2219 990 τῇ
2234 914 2439 984 ,βουλῇ
2462 931 2579 969 σου
2617 907 2938 980 ὠδήγησὰς
2967 921 3063 975 με·
3098 904 3132 975 ἢ
3159 901 3303 958 κατά
3320 902 3405 954 τὸν
3419 899 3539 971 Σύμ-

2000 991 2195 1087 μαχον,
2224 1010 2299 1081 τῇ
2319 1007 2658 1079 συμϐουλία
2695 1018 2810 1058 σου
2847 995 3167 1069 ὠδιξτησάς
3190 1012 3268 1066 με
3286 1034 3303 1060 ,
3329 993 3414 1048 τὸν
3439 991 3540 1064 θνη.

1999 1082 2522 1172 τὸν-διαπορθμεύων
2545 1094 2681 1165 βίον,
2715 1091 2809 1147 καὶ
2835 1091 2917 1154 είς
2935 1087 3108 1142 εὓδιον
3134 1086 3229 1139 καὶ
3256 1082 3457 1153 ἀσφαλῆ
3476 1082 3543 1135 λι-

2005 1199 2140 1271 μένα
2163 1197 2264 1267 τῆς
2297 1192 2449 1265 παρά
2477 1191 2562 1245 σοὶ
2595 1185 2954 1248 ἀναπαύσεως
2976 1176 3328 1253 χειραγωγῶν
3356 1193 3436 1245 με·
3466 1175 3544 1240 ὡς,

2003 1267 2056 1345 el
2073 1308 2137 1360 γε
2164 1288 2238 1361 μὴ
2265 1288 2364 1358 τῆς
2391 1283 2572 1349 δεξιᾶς
2595 1282 2692 1353 τῆς
2717 1278 2857 1351 ἐμῆς
2882 1274 3266 1345 κεκρατήκεις,
3291 1268 3447 1323 πάλαι
3475 1267 3547 1328 ἂν,

2005 1383 2195 1453 ὥσπερ
2249 1379 2354 1433 ὐπὸ
2404 1375 2708 1449 χειμάρρου
2766 1368 3170 1439 κατασύροντος
3224 1361 3550 1435 περιτραπεὶς

2005 1474 2131 1536 τούς
2153 1452 2254 1541 τῆς
2276 1469 2451 1540 ψυχῆς
2472 1466 2661 1527 πόδας,
2678 1461 2934 1532 πτώματι
2957 1459 3321 1529 περιέπιπτον
3342 1452 3546 1524 ἐξαισίῳ.

2007 1564 2121 1619 Νῦν
2142 1564 2200 1617 δὲ
2230 1562 2293 1616 οὐ
2320 1559 2482 1622 αὐτὸς
2507 1554 2845 1625 ἐκράτησας
2875 1550 2988 1619 τῆς
3016 1546 3211 1620 χειρὸς
3242 1544 3352 1615 τῆς
3384 1541 3554 1610 δεξιᾶς

2004 1673 2143 1727 μου,
2171 1653 2268 1708 καὶ
2294 1652 2365 1706 ἐν
2386 1647 2462 1716 τῇ
2478 1644 2681 1714 βουλῇ
2709 1658 2825 1698 σου
2845 1637 3164 1709 ὡδήγησάς
3178 1653 3280 1708 με.
3305 1634 3412 1688 Καὶ
3434 1633 3556 1697 τέλος

333 1772 718 1844 perturbantes
754 1779 956 1825 meam,
1003 1758 1123 1814 sine
1151 1752 1397 1824 periculo
1426 1764 1523 1820 per
1554 1747 1678 1802 vitae
1709 1744 1909 1803 ﬂuctus

2034 1746 2151 1800 ιετά
2176 1746 2300 1808 τοὺς
2324 1739 2659 1811 δηλωθέντας
2684 1734 3020 1807 πειρασμούς
3045 1729 3290 1792 καὶτοὺς
3320 1725 3559 1798 χειμῶνας

2077 1841 2086 1844 -
2171 1840 2182 1844 -
2269 1835 2283 1844 .
2404 1834 2430 1844 ι.
2446 1835 2457 1844 .
2617 1831 2627 1844 ο
2850 1843 2853 1844 ,
2880 1824 2899 1844 \,
2973 1822 3000 1844 -l
3071 1822 3129 1844 Δ..
3141 1839 3148 1844 .
3215 1821 3261 1844 β-
3274 1818 3474 1844 ..-η-.-.⁸ου
3507 1835 3557 1844 ..ρ

337 1816 717 1844 ι’νηπ---η-η-
757 1816 893 1820 ν-κ-τη
943 1816 955 1825 -
1155 1816 1169 1824 .
1430 1816 1444 1820 -

335 1864 630 1921 deductum
663 1873 780 1912 cum
802 1854 978 1927 gloria
1010 1846 1289 1917 suscepisti
1322 1860 1424 1908 me,
1454 1840 1591 1897 nihil
1626 1839 1683 1894 iu
1707 1842 1791 1892 tot
1819 1849 1909 1889 ca-

2034 1841 2137 1903 τούς
2160 1831 2669 1907 ἀναθορνϐήσαντόις
2703 1844 2806 1899 μου
2842 1824 2941 1897 τὴν
2972 1822 3149 1895 ψυχὴν
3168 1861 3184 1887 ,
3210 1818 3475 1889 διαγαγὼν
3506 1835 3559 1889 με

337 1912 680 2017 sibus
740 1912 1084 2024 perpessum.
1143 1912 1457 1999 Secundum
1522 1929 1909 2007 Symmachum

2034 1928 2311 1992 ὶκινδύνως
2348 1926 2419 1979 τὰ
2452 1924 2547 1977 τοῦ
2589 1921 2703 1993 βίον
2729 1918 3003 1991 ῥεύματα,
3020 1914 3172 1986 μετὰ
3199 1912 3387 1979 δόξης
3414 1925 3563 1979 apoc-

338 2061 542 2117 autem,
580 2047 874 2110 Postremo,
908 2040 1004 2108 ait,
1026 2038 1193 2093 honor
1209 2049 1289 2087 me
1317 2029 1534 2098 excepit.

411 2341 581 2397 Vens.
612 2332 810 2392 95-28.
855 2326 998 2396 Quid
1015 2326 1152 2381 enim
1187 2320 1316 2374 mihi
1347 2326 1424 2373 est
1454 2316 1510 2370 in
1544 2312 1696 2378 calo,
1724 2318 1774 2364 et
1804 2326 1839 2363 a
1870 2315 1919 2361 te

345 2434 469 2509 quid
493 2431 635 2487 volui
673 2439 829 2494 super
857 2419 1095 2475 terram?
1124 2414 1299 2472 Tuus,
1345 2409 1543 2480 inquit,
1591 2419 1719 2477 erga
1750 2400 1923 2457 homi-

348 2544 448 2586 nes
473 2537 649 2587 amor,
673 2511 1053 2575 misericordia
1086 2510 1212 2562 item
1242 2512 1298 2559 et
1332 2501 1503 2573 gratia
1534 2506 1648 2565 tua,
1675 2496 1923 2553 omnium

350 2620 484 2678 mihi
535 2586 807 2672 bonorum
855 2618 1025 2662 causa
1070 2600 1192 2656 fuit.
1255 2594 1373 2665 Tua
1426 2592 1630 2664 quippe
1684 2586 1925 2643 bonitate

349 2728 506 2775 usus,
545 2703 757 2763 tenuisti
797 2713 1015 2753 manum
1068 2692 1343 2747 dexteram
1376 2701 1570 2749 meam,
1603 2689 1657 2737 et
1689 2677 1924 2736 servasti

349 2820 458 2869 me,
482 2801 554 2855 lta
584 2807 646 2853 ut
677 2809 778 2850 nec
815 2791 981 2864 pedes
1013 2785 1121 2842 mei
1151 2786 1522 2841 moverentur,
1565 2788 1669 2831 nec
1701 2782 1926 2843 gressus

350 2866 457 2955 mei
484 2892 919 2952 ell'undereutur.
948 2881 1054 2938 Sed
1078 2878 1241 2935 etiam
1275 2891 1394 2930 cum
1439 2871 1613 2945 gloria
1651 2866 1927 2936 suscepisti

351 3005 469 3044 me:
506 2984 765 3057 quoniam
800 2979 906 3034 hoc
929 2974 1028 3029 tibi
1057 2974 1245 3041 utpote
1265 2967 1409 3021 bono
1443 2964 1554 3017 Deo
1583 2962 1723 3017 inest
1747 2977 1763 3027 ;
1794 2955 1929 3012 mihi

351 3084 492 3138 enim
518 3051 652 3133 nihil
679 3076 735 3129 in
765 3071 907 3127 cmlo
934 3074 1053 3132 est;
1090 3072 1270 3133 neque
1298 3067 1358 3114 ut
1399 3056 1583 3113 debita
1635 3053 1769 3109 mihi
1814 3051 1932 3106 haec

2015 2021 2233 2077 ελάόου
2249 2036 2347 2088 με,
2371 2016 2535 2089 μηδὲν
2556 2011 2864 2068 πεπονθότα
2879 2008 2986 2062 ὑπὸ
2997 2006 3107 2060 τῶν
3127 2002 3418 2059 τοσούτων.
3433 2000 3565 2055 Κατᾶ

2014 2115 2074 2171 δὲ
2105 2115 2197 2169 τὸν
2235 2112 2550 2184 Σύμμαχον,
2586 2108 2899 2173 "Temper,
2941 2099 3096 2172 φησὶ,
3123 2095 3268 2167 τιμὴ
3299 2092 3567 2158 διεδέξατό

2012 2223 2110 2276 με.

2095 2318 2158 2375 Τί
2187 2316 2299 2388 γάρ
2342 2332 2445 2386 μοι
2487 2309 2740 2381 ὑπάρχει
2768 2309 2838 2363 ἐν
2879 2304 2960 2372 τῷ
3001 2300 3261 2373 οὐρανῷ,
3311 2297 3409 2353 καὶ
3442 2296 3573 2365 παρὰ

2021 2410 2138 2467 σοῦ
2174 2410 2232 2465 τι
2262 2407 2535 2476 ἠθέλησα
2557 2401 2656 2457 ἐπὶ
2678 2399 2788 2469 τῆς
2819 2397 2969 2468 τῆς;
3010 2395 3075 2448 Ἢ
3103 2393 3171 2465 σὴ
3199 2389 3572 2462 φιλανθρωπίαι.

2024 2502 2179 2576 φησὶ,
2212 2500 2308 2555 καὶ⁹
2339 2498 2400 2552 τὸ
2434 2497 2526 2549 σὸν
2556 2494 2703 2558 ἔλεος
2743 2491 2838 2544 καὶ
2868 2492 2902 2562 ἡ
2933 2488 3094 2560 χάρις
3124 2486 3351 2540 πάντων
3387 2489 3469 2553 μοι
3488 2477 3574 2532 τῶν

2024 2573 2245 2664 ἀγαθῶν
2285 2591 2509 2662 γέγονεν
2539 2586 2706 2641 αἰτία.
2743 2585 2821 2655 Τῇ
2863 2582 2973 2653 γὰρ
3023 2575 3219 2634 σαυτοῦ
3267 2573 3576 2647 χρησάμενος

2025 2685 2373 2759 ἀγαθωσύνῃ,
2397 2678 2736 2751 ἐκράτησας
2757 2674 2866 2745 τῆς
2885 2673 3081 2746 χειρὸς
3102 2669 3212 2739 τῆς
3238 2664 3442 2732 δεξιᾶς
3464 2678 3577 2733 μου.

2026 2754 2122 2834 καὶ
2163 2754 2425 2838 διέσωαάς
2472 2790 2539 2843 με
2559 2810 2574 2837 ,
2617 2770 2757 2824 ὥστε
2803 2766 2878 2839 μὴ
2907 2761 3231 2832 σαλευθῆναι
3264 2758 3393 2820 τοὺς
3422 2754 3577 2816 πόδας,

2033 2873 2168 2945 μηδὲ
2196 2865 2514 2940 διαχυθῆναι
2544 2881 2645 2936 μου
2668 2862 2738 2916 τὰ
2766 2858 3098 2931 διαδήματα.
3147 2852 3321 2908 ’Λλλά
3342 2849 3434 2904 καὶ
3462 2843 3582 2918 μετὰ

2029 2938 2212 3030 δόξης
2236 2938 2615 3029 προσελάϐου
2631 2968 2709 3023 με
2724 2966 2738 2979 ο
2787 2948 3083 3019 ἐπειδήπερ
3104 2946 3188 2998 σοι
3206 2943 3373 2996 τοῦτο
3388 2939 3459 3002 ὡς
3475 2938 3585 3004 ἀγα-

2033 3055 2110 3126 θῷ
2134 3027 2253 3125 θεῷ
2278 3027 2545 3122 ⁷πάρεστιν
2563 3062 2576 3076 ·
2604 3043 2727 3115 ἐμοὶ
2751 3042 2860 3114 γὰρ
2886 3039 3039 3093 οὐδὲν
3064 3037 3309 3109 ὑπάρχει
3336 3035 3394 3087 ὲν
3415 3030 3486 3101 τῷ
3511 3027 3585 3082 οὐ·

356 3115 492 3138 [5111111
518 3115 652 3133 Inul-
680 3115 735 3129 ιιι
767 3115 903 3127 νυν-υ
938 3115 1016 3123 ν--
1040 3115 1053 3132 1
1092 3115 1155 3118 νὴ
1181 3115 1195 3133 ι

356 3174 712 3230 accesserunt
735 3186 748 3222 :
774 3164 961 3220 nullus
995 3175 1128 3216 sane
1162 3158 1297 3213 mihi
1328 3156 1385 3210 in
1416 3152 1558 3208 caelo
1591 3157 1698 3215 est,
1733 3146 1841 3201 nisi
1870 3155 1909 3199 ιι

2034 3115 2183 3219 ρανῴ
2207 3115 2237 3209 ,’
2270 3115 2392 3195 οὐδὲ
2435 3135 2576 3192 κατά
2624 3132 2845 3204 ὀφειλὴν
2877 3147 2965 3202 μοι
3004 3127 3178 3182 ταῦτα
3207 3125 3464 3194 γέγονεν’
3494 3115 3587 3172 ἀλλ’

354 3267 529 3324 solus.
581 3260 764 3328 Quare
808 3254 950 3311 nihil
1001 3254 1058 3307 iu
1096 3260 1241 3306 terra
1271 3246 1421 3305 volui
1453 3244 1552 3299 abs
1578 3252 1631 3297 te
1657 3241 1928 3301 obtinere,

354 3369 533 3426 neque
564 3348 747 3421 optavi
773 3344 1032 3400 mortales
1061 3341 1348 3408 ﬂuxasque
1377 3351 1467 3392 res
1492 3330 1778 3401 consequi.
1804 3326 1936 3383 Jure

358 3456 542 3503 autem
577 3441 714 3497 nihil
747 3454 776 3492 a
801 3445 856 3491 te
875 3434 1024 3491 volui
1062 3433 1118 3486 in
1144 3438 1314 3495 terra,
1345 3427 1474 3499 quia
1496 3416 1749 3480 cmlestes
1779 3434 1937 3476 mau-

360 3541 543 3596 siones
573 3538 940 3607 peroptarem,
956 3534 1010 3582 et
1029 3524 1173 3579 bona
1198 3523 1289 3576 illa
1312 3516 1575 3587 consequi
1595 3519 1924 3585 expeterem.

360 3629 488 3686 Ideo
520 3599 891 3683 tailescebatu,
922 3616 1205 3685 vitamque
1248 3608 1617 3671 macerabam,
1655 3618 1753 3658 eor
1800 3599 1939 3655 ami-

359 3725 577 3800 gebam,
608 3720 738 3793 quia
777 3725 833 3773 te
862 3716 1034 3771 Deum
1063 3714 1122 3767 in
1149 3709 1265 3780 spei
1312 3721 1447 3761 mea:
1491 3702 1798 3775 portionem
1835 3713 1938 3769 po-

362 3830 603 3874 sueram.
643 3809 1013 3878 Quamobrem
1057 3803 1181 3859 dico
1208 3819 1220 3855 :
1251 3797 1451 3869 Deiecit
1482 3811 1608 3849 caro
1639 3808 1751 3847 mea
1778 3800 1827 3845 et
1850 3804 1941 3842 cor

363 3923 574 3970 meum;
614 3905 753 3960 Deus
804 3899 979 3956 cordis
1013 3895 1115 3950 mei
1143 3903 1193 3948 et
1225 3907 1351 3962 pars
1384 3903 1502 3943 mea
1532 3885 1674 3939 Deus
1702 3884 1759 3936 in
1788 3890 1940 3936 aeter-

361 4020 512 4060 num.
545 3999 686 4067 Quia
715 4011 830 4051 ecce
859 3995 947 4065 qui
976 3992 1337 4059 elongantsea
1362 3993 1431 4046 te,
1460 3977 1738 4049 peribunt:
1767 3973 1945 4045 perdi-

367 4094 496 4151 disti
528 4106 706 4147 omnes
725 4089 815 4160 qui
843 4086 1178 4157 fornicamur
1198 4079 1291 4133 abs
1316 4087 1383 4131 tc.
1403 4072 1539 4128 Mihi
1561 4081 1737 4126 autent
1763 4068 1947 4123 adlue-

370 4199 484 4238 rere
518 4180 623 4234 Deo
659 4178 851 4232 bonum
879 4183 979 4240 est,
1010 4186 1201 4242 ponere
1234 4170 1291 4222 in
1322 4165 1551 4221 Domino
1572 4177 1713 4231 spem
1736 4173 1944 4222 meam;

371 4286 432 4332 ut
467 4272 778 4330 annuntiem
813 4283 991 4323 omnes
1017 4263 1200 4319 laudes
1236 4270 1356 4315 tuas
1382 4259 1438 4313 in
1453 4257 1620 4327 portis
1650 4253 1779 4324 ﬁlia:
1793 4251 1945 4307 Sion.

373 4368 643 4441 Superius
680 4362 901 4434 quidem
938 4357 1232 4414 dicebam:
1269 4353 1338 4407 Et
1372 4369 1466 4423 ego
1511 4363 1714 4418 semper
1741 4356 1948 4406 tecum;

2035 3210 2297 3291 esset“:
2329 3231 2419 3304 μοί
2445 3246 2529 3293 τις
2551 3225 2708 3289 ἄλλος
2738 3228 2795 3278 ὲν
2817 3221 2896 3292 τῷ
2920 3217 3132 3292 οὐρανῷ
3159 3216 3193 3289 ἥ
3225 3217 3298 3269 σὺ
3332 3213 3499 3286 μόνος.
3527 3210 3587 3261 Δι’

2037 3331 2066 3384 ὃ
2091 3329 2244 3383 οὐδὲν
2284 3303 2377 3380 ἐπὶ
2405 3324 2504 3396 τῆς
2542 3321 2647 3392 γῆς
2690 3318 2928 3391 ἠθέλησα
2962 3311 3112 3383 παρὰ
3159 3309 3257 3362 σοῦ
3297 3303 3589 3378 κτήσασθαι,

2037 3421 2159 3475 οὐδὲ
2187 3416 2439 3490 ηὐξάμην
2462 3394 2650 3485 τυχεῖν
2680 3408 2891 3480 θνητῶν
2923 3405 3016 3460 καὶ
3045 3402 3333 3473 ἐπικήρων
3362 3394 3587 3471 πραγμά-

2037 3531 2168 3568 των.
2189 3488 2429 3572 Εἰκότως
2447 3507 2504 3561 δὲ
2526 3505 2677 3560 οὐδὲν
2700 3502 2852 3574 παρά
2874 3499 2965 3554 σοῦ
2990 3494 3230 3568 ἠθέλησα
3252 3492 3350 3546 ἐπὶ
3372 3491 3464 3560 τῆς
3484 3488 3591 3558 γῆς’

2039 3605 2138 3671 τὰς
2158 3604 2267 3676 γὰρ
2290 3605 2347 3656 ὲν
2373 3597 2585 3671 οὐρανῷ
2609 3594 2834 3650 ἐπόθουν
2854 3586 3158 3662 διατριϐὰς,
3181 3584 3285 3639 καὶ
3307 3581 3418 3637 τῶν
3440 3577 3594 3633 αὐτόθι

2042 3674 2262 3768 ἀγαθῶν
2295 3693 2475 3763 τυχεῖν
2506 3687 2776 3762 ηὐχόμην.
2830 3686 2905 3736 Δι’
2939 3681 2968 3735 ὃ
2997 3678 3306 3750 κατέτηκω
3333 3674 3424 3728 τὸν
3453 3675 3593 3743 ἐμαν-

2042 3763 2137 3843 «is
2172 3786 2282 3858 βίον
2300 3825 2315 3850 ,
2351 3782 2448 3837 καὶ
2472 3779 2572 3853 τὴν
2604 3778 2697 3830 ἐπὶ
2727 3775 2832 3846 γῆς
2865 3771 3006 3843 ζωὴν
3035 3768 3409 3839 κατέτροχον,
3437 3763 3527 3832 τήν
3549 3772 3595 3810 τε

2045 3855 2271 3953 καρδίαν
2300 3892 2399 3947 μου
2426 3869 2775 3932 κατεπόνουν,
2809 3866 2868 3919 σὲ
2895 3864 3053 3936 μόνον
3072 3859 3165 3914 τὸν
3184 3857 3324 3912 Θεὸν
3341 3858 3439 3927 τῆς
3459 3855 3598 3923 ἐμαυ-

2044 3941 2138 4026 τού
2173 3941 2386 4029 ἐλπίδος
2418 3961 2611 4035 μερίδα
2636 3958 2935 4029 τιθέμενος.
2989 3950 3150 4005 Ὅθεν
3180 3946 3328 4018 φημί
3347 3964 3361 3976 -
3407 3941 3596 4007 Ἐξέλι-

2048 4076 2163 4117 πεν
2205 4061 2244 4128 τι
2291 4028 2448 4125 cape
2490 4028 2609 4124 juov
2648 4028 2817 4115 καὶῆ
2854 4042 3068 4114 καρδία
3093 4055 3245 4112 μου·
3283 4041 3320 4092 δ
3356 4028 3597 4128 esitan

2049 4118 2296 4222 καρδίας
2322 4118 2462 4220 μού,
2488 4118 2587 4198 παὶ
2620 4143 2659 4210 ἠ
2694 4139 2863 4211 μερίς
2877 4153 2995 4206 μου
3012 4136 3045 4188 ὁ
3074 4130 3220 4197 Θεὸς
3244 4131 3338 4196 εις
3363 4127 3469 4181 τὸν⁸
3492 4118 3600 4220 alii:

2202 4207 2341 4295 Ὅτι,
2367 4207 2495 4292 ἰδοὺ
2552 4236 2606 4287 οἱ
2633 4207 3041 4302 μακρύνοντες
3073 4219 3334 4285 ἑαυτοὺς
3356 4214 3474 4273 ἀπὸ
3508 4207 3600 4267 σοῦ

2049 4332 2421 4393 ἀπολοῦνται
2436 4346 2449 4361 ο
2466 4325 2918 4392 ἐξωλόθρευσας
2938 4316 3132 4371 πάντα
3146 4313 3254 4367 τόν
3268 4306 3599 4379 πορνεύοντα

2055 4428 2173 4483 ἀπὸ
2203 4423 2340 4480 σοῦ.
2370 4420 2528 4492 Ἐμοὶ
2556 4418 2625 4472 δὲ
2643 4415 2709 4471 τὸ
2731 4405 3229 4482 προσκολλᾶσθαι
3254 4402 3341 4469 τῷ
3367 4403 3483 4466 Geo)
3497 4396 3603 4464 ἀπι-

373 4492 489 4518 atvc
509 4492 811 4516 acu-uuqu
839 4492 1248 4525 ul.................,
1274 4492 1340 4500 ---
1366 4492 1452 4516 νυ,
1484 4492 1585 4498 νη
1620 4492 1707 4495 ην

373 4564 611 4624 semper;
647 4550 904 4606 nimirum
934 4546 1061 4609 ﬁde,
1092 4543 1377 4597 voluntate
1410 4547 1464 4593 et
1503 4534 1797 4590 dilectione
1823 4545 1909 4601 erg

2057 4522 2167 4578 θόν
2192 4521 2344 4581 ἐστι,
2377 4516 2639 4570 τίθεσθαι
2664 4510 2735 4564 ἐν
2761 4505 2845 4574 τῷ
2863 4503 3060 4574 Κυρίῳ
3091 4498 3208 4568 τὴν
3260 4492 3475 4551 ἐλπίδα
3490 4503 3602 4560 μου.

2136 4612 2163 4624 ~
2222 4611 2278 4624 --
2425 4607 2482 4624 η
2607 4602 2797 4624 μέμ..-
2834 4598 2942 4624 -λ.-
2973 4595 3232 4624 ..ιυριηοιη
3260 4604 3379 4624 nm.
3407 4585 3473 4624 ὶ-ιο
3503 4577 3602 4624 fair

373 4661 569 4703 temca
595 4665 608 4700 :
636 4657 786 4698 nunc
828 4646 1009 4694 autem
1054 4649 1276 4691 causam
1320 4635 1507 4702 aperte
1535 4625 1756 4698 profero
1788 4637 1909 4694 qua]

2058 4612 2166 4669 τοῦ
2210 4607 2549 4679 ἐξαγγεῖλαι

376 4755 487 4795 una
508 4727 710 4792 tecum
758 4745 974 4803 semper
1003 4729 1221 4790 fuerim,
1254 4732 1416 4792 teque
1446 4718 1753 4791 portionem
1779 4728 1957 4769 meam

379 4828 681 4903 posuerim.
714 4824 966 4881 Sciebam
1000 4821 1168 4886 enim,
1197 4832 1261 4872 ac
1285 4817 1445 4886 plane
1478 4822 1803 4884 persuasum
1825 4800 1960 4859 mihi

338 4914 358 4944 θ
379 4900 519 4986 erat,
553 4918 812 4991 quoniam
847 4914 952 4980 Qui
974 4911 1222 4981 elongaut
1251 4922 1306 4961 se
1325 4922 1358 4958 τι
1390 4914 1458 4968 te,
1485 4900 1727 4971 peribunt
1753 4913 1772 4951 :
1793 4909 1965 4967 quare

380 5029 494 5071 non
540 5026 628 5065 me
660 5009 760 5064 abs
788 5013 841 5060 te
871 5002 1076 5065 amovi,
1108 4996 1326 5056 etiamsi
1378 4989 1700 5049 meouomiae
1728 4994 1838 5041 tua:
1872 4999 1965 5039 ra-

383 5108 593 5160 tionem
623 5103 959 5171 ignorarem,
1011 5092 1111 5149 sed
1157 5105 1270 5145 una
1307 5096 1490 5142 tecum
1520 5096 1672 5139 eram
1723 5091 1962 5149 semper.

390 5199 526 5256 Sese
558 5209 725 5267 porro
778 5206 809 5245 a
854 5188 969 5245 Deo
1010 5191 1265 5242 amovent
1321 5183 1593 5251 quotquot
1625 5170 1869 5245 peccatis
1913 5177 1968 5224 et

391 5265 577 5347 atheis
599 5285 894 5358 impiisque
928 5273 1353 5351 cogitationibus
1377 5286 1436 5326 se
1464 5267 1574 5324 Deo
1594 5265 1804 5320 alienos
1832 5276 1970 5317 con-

393 5384 629 5439 stituunt
750 5352 843 5446 qui
894 5378 1102 5444 quanto
1150 5364 1370 5436 longius
1424 5360 1494 5416 ab
1542 5372 1610 5414 eo
1657 5352 1968 5415 discedunt,

395 5484 545 5530 tanto
581 5467 846 5543 perniciei
881 5458 1243 5536 propinquius
1270 5453 1578 5532 accedunt_;
1612 5456 1671 5503 ut
1693 5445 1815 5502 vice
1845 5457 1971 5498 ver-

394 5582 478 5631 sa,
512 5563 625 5620 Deo
652 5557 960 5630 conjuncti,
991 5567 1118 5610 cum
1142 5551 1252 5606 vita
1301 5545 1653 5617 copulantur,
1682 5546 1738 5594 et
1787 5550 1816 5590 a
1845 5549 1973 5606 per-

394 5660 540 5723 nicie
572 5674 633 5715 se
664 5658 938 5710 amovcut.
964 5645 1118 5703 Finis
1141 5656 1302 5717 porro
1330 5652 1522 5697 eorum
1549 5634 1643 5708 qui
1674 5647 1707 5689 a
1726 5630 1837 5687 Deo
1860 5628 1975 5686 dis-

474 5812 550 5882 (ι)
585 5809 688 5864 Ms.
724 5802 1032 5873 πρακτικήν

2597 4602 2801 4667 πάσας
2834 4598 2943 4664 τὰς
2969 4595 3232 4656 αὶνέσεις
3259 4604 3379 4644 σου
3406 4585 3473 4639 ἐν
3503 4577 3607 4641 ταῖς

2061 4675 2282 4769 πύλαις
2445 4693 2735 4767 θυγατρὸς
2765 4690 2938 4746 Σιών.
2988 4683 3271 4753 ’Δνωτέρω
3305 4680 3405 4751 μὲν
3434 4675 3604 4741 ἔλεγον.

2061 4796 2173 4854 Καὶ
2199 4793 2313 4865 ἐγὼ
2345 4768 2670 4854 διαπαντὸς
2696 4782 2847 4857 μετὰ
2876 4780 3021 4836 σοῦ·
3054 4777 3088 4849 ἢ
3124 4775 3267 4830 κατὰ
3291 4773 3386 4826 τὸν
3416 4768 3608 4838 Σύμμα-

2063 4907 2178 4962 χον,
2213 4858 2321 4942 Ιίαὶ
2356 4882 2643 4954 συνήμην
2662 4894 2761 4935 σοι
2788 4873 3144 4938 διαπαντός’
3171 4870 3239 4940 τῇ
3274 4867 3456 4920 πίστει
3476 4858 3608 4928 δηλα-

2065 4945 2128 5053 δὴ
2160 4945 2254 5035 uati.
2286 4981 2352 5049 τῇ
2388 4945 2706 5048 προαιρέσει
2736 4968 2830 5023 καὶ
2853 4970 2923 5040 τῇ
2947 4964 3083 5037 πρὸς
3117 4960 3178 5015 σὲ
3206 4959 3393 5029 ἀγάπῃ
3410 4973 3424 4986 ·
3446 4945 3609 5007 vuum

2067 5048 2162 5128 καὶ
2184 5072 2281 5142 τὴν
2309 5048 2489 5124 αἰτίαν
2516 5064 2818 5134 καθίστημι
2839 5056 3097 5129 φανερὰν,
3120 5054 3185 5107 δι’
3207 5051 3276 5122 ἢν
3296 5048 3529 5116 συνήμην
3546 5051 3609 5090 σοι

2069 5130 2362 5225 διαπαντὸς
2381 5200 2396 5225 ,
2427 5159 2522 5214 καὶ
2547 5156 2606 5210 σὲ
2643 5130 2835 5228 μερίδα
2865 5148 3120 5219 ἐτιθέμην
3147 5139 3404 5216 ἐμαυτοῦ.
3458 5130 3610 5204 ᾜδειν

2072 5257 2200 5328 γὰρ,
2219 5254 2313 5308 καὶ
2343 5250 2587 5325 ἀκριϐῶς
2618 5245 2982 5315 ἐπεπείσμην,
3010 5241 3092 5293 ὃτι
3139 5238 3203 5290 Οἱ
3242 5229 3612 5304 μακρύνοπες

2072 5319 2326 5413 satis,
2344 5319 2464 5400 ἀπέὸ
2489 5341 2605 5397 σοῦ
2634 5336 3031 5393 ἀπολοῦνταιο
3061 5329 3127 5383 δι’
3154 5327 3183 5381 δ
3216 5326 3316 5380 οὐκ
3342 5319 3613 5413 ὲμάκρννον

2076 5402 2332 5512 ἐμαυτὸν,
2368 5434 2570 5505 καίπερ
2601 5429 2808 5502 ἀγνοῶν
2836 5427 2961 5489 τούς
2987 5423 3178 5491 λόγους
3204 5419 3302 5489 τῆς
3330 5415 3427 5485 σῆς
3444 5402 3613 5512 Statili:

2080 5489 2218 5596 σὲωξ
2460 5489 2710 5598 συνήμην
2739 5539 2820 5577 σοι
2851 5489 3158 5578 διαπαντός,
3218 5489 3613 5598 Μακρύνονσιδξ

2081 5579 2309 5688 aurei);
2336 5579 2741 5686 οίγταῖςαύτίῦν
2769 5611 3062 5687 ἁμαρτίαις
3094 5606 3191 5662 καὶ
3218 5602 3325 5666 τοῖς
3347 5594 3515 5656 ἀθέοις
3539 5579 3613 5640 καὶ
