  <div class='ocr_page' id='page_1' title='image "/cluster/home/n/w/nwhite01/storage/ocr_20150623/23/mdp.39015078384396/432.png"; bbox 0 0 3776 6284; ppageno 0'>
   <div class='ocr_carea' id='block_1_1' title="bbox 215 347 300 404">
    <p class='ocr_par' dir='ltr' id='par_1_1' title="bbox 215 347 300 404">
     <span class='ocr_line' id='line_1_1' title="bbox 215 347 300 404; baseline -0.035 0"><span class='ocrx_word' id='word_1_1' title='bbox 215 347 300 404; x_wconf 71' lang='grc' dir='ltr'><strong>8ί9</strong></span> 
     </span>
    </p>
   </div>
   <div class='ocr_carea' id='block_1_2' title="bbox 1295 341 2290 410">
    <p class='ocr_par' dir='ltr' id='par_1_2' title="bbox 1295 341 2290 410">
     <span class='ocr_line' id='line_1_2' title="bbox 1295 341 2290 410; baseline 0.011 -12"><span class='ocrx_word' id='word_1_2' title='bbox 1295 341 1802 401; x_wconf 76' lang='lat' dir='ltr'><strong>COMMENTARIA</strong></span> <span class='ocrx_word' id='word_1_3' title='bbox 1839 347 1907 402; x_wconf 84' lang='lat' dir='ltr'><strong>1N</strong></span> <span class='ocrx_word' id='word_1_4' title='bbox 1948 349 2290 410; x_wconf 81' lang='lat' dir='ltr'><strong>PSALMOS.</strong></span> 
     </span>
    </p>
   </div>
   <div class='ocr_carea' id='block_1_3' title="bbox 3317 359 3424 414">
    <p class='ocr_par' dir='ltr' id='par_1_3' title="bbox 3317 359 3424 414">
     <span class='ocr_line' id='line_1_3' title="bbox 3317 359 3424 414; baseline -0.019 0"><span class='ocrx_word' id='word_1_5' title='bbox 3317 359 3424 414; x_wconf 75' lang='lat'><strong>850</strong></span> 
     </span>
    </p>
   </div>
   <div class='ocr_carea' id='block_1_4' title="bbox 211 456 1750 544">
    <p class='ocr_par' dir='ltr' id='par_1_4' title="bbox 211 456 1744 528">
     <span class='ocr_line' id='line_1_4' title="bbox 211 456 1744 528; baseline -0.002 -11"><span class='ocrx_word' id='word_1_6' title='bbox 211 459 397 520; x_wconf 74' lang='grc' dir='ltr'>ἀσεϐέσι</span> <span class='ocrx_word' id='word_1_7' title='bbox 438 456 714 528; x_wconf 85' lang='grc' dir='ltr'>λογισμοῖς</span> <span class='ocrx_word' id='word_1_8' title='bbox 757 457 1068 528; x_wconf 77' lang='grc' dir='ltr'><strong>ἀλλοτρίους</strong></span> <span class='ocrx_word' id='word_1_9' title='bbox 1111 457 1336 524; x_wconf 68' lang='grc' dir='ltr'>ἑαυτοὺς</span> <span class='ocrx_word' id='word_1_10' title='bbox 1377 461 1744 527; x_wconf 83' lang='grc' dir='ltr'>καθιστῶντες</span> 
     </span>
    </p>
   </div>
   <div class='ocr_carea' id='block_1_5' title="bbox 1963 456 3428 544">
    <p class='ocr_par' dir='ltr' id='par_1_5' title="bbox 1963 471 3428 544">
     <span class='ocr_line' id='line_1_5' title="bbox 1963 471 3428 544; baseline 0.005 -24"><span class='ocrx_word' id='word_1_11' title='bbox 1963 475 2068 531; x_wconf 75' lang='lat' dir='ltr'><strong>int,</strong></span> <span class='ocrx_word' id='word_1_12' title='bbox 2105 478 2190 524; x_wconf 86' lang='lat' dir='ltr'><strong>est</strong></span> <span class='ocrx_word' id='word_1_13' title='bbox 2235 471 2512 535; x_wconf 77' lang='lat' dir='ltr'><strong>interitus,</strong></span> <span class='ocrx_word' id='word_1_14' title='bbox 2549 480 2735 544; x_wconf 95' lang='lat' dir='ltr'><strong>utpote</strong></span> <span class='ocrx_word' id='word_1_15' title='bbox 2756 475 2849 544; x_wconf 89' lang='lat' dir='ltr'><strong>qui</strong></span> <span class='ocrx_word' id='word_1_16' title='bbox 2879 489 2910 528; x_wconf 86' lang='lat' dir='ltr'><strong>a</strong></span> <span class='ocrx_word' id='word_1_17' title='bbox 2966 474 3076 531; x_wconf 88' lang='lat' dir='ltr'><strong>Deo</strong></span> <span class='ocrx_word' id='word_1_18' title='bbox 3124 491 3221 530; x_wconf 87' lang='lat' dir='ltr'><strong>ceu</strong></span> <span class='ocrx_word' id='word_1_19' title='bbox 3259 474 3428 528; x_wconf 86' lang='lat' dir='ltr'><strong>forni-</strong></span> 
     </span>
    </p>
   </div>
   <div class='ocr_carea' id='block_1_6' title="bbox 213 551 1742 623">
    <p class='ocr_par' dir='ltr' id='par_1_6' title="bbox 213 551 1742 623">
     <span class='ocr_line' id='line_1_6' title="bbox 213 551 1742 623; baseline -0.001 -13"><span class='ocrx_word' id='word_1_20' title='bbox 213 554 292 610; x_wconf 79' lang='grc' dir='ltr'><strong>τοῦ</strong></span> <span class='ocrx_word' id='word_1_21' title='bbox 315 551 464 607; x_wconf 73' lang='grc' dir='ltr'>Θεοῦσ</span> <span class='ocrx_word' id='word_1_22' title='bbox 496 551 692 614; x_wconf 79' lang='grc' dir='ltr'>οἵτινες</span> <span class='ocrx_word' id='word_1_23' title='bbox 733 551 842 621; x_wconf 82' lang='grc' dir='ltr'>ὅσῳ</span> <span class='ocrx_word' id='word_1_24' title='bbox 877 551 1210 623; x_wconf 70' lang='grc' dir='ltr'>πορρωτάτω</span> <span class='ocrx_word' id='word_1_25' title='bbox 1240 551 1406 605; x_wconf 85' lang='grc' dir='ltr'>αὐτοῦ</span> <span class='ocrx_word' id='word_1_26' title='bbox 1441 553 1742 623; x_wconf 80' lang='grc' dir='ltr'>γίγνονται,</span> 
     </span>
    </p>
   </div>
   <div class='ocr_carea' id='block_1_7' title="bbox 208 642 1746 716">
    <p class='ocr_par' dir='ltr' id='par_1_7' title="bbox 208 642 1746 716">
     <span class='ocr_line' id='line_1_7' title="bbox 208 642 1746 716; baseline -0.001 -15"><span class='ocrx_word' id='word_1_27' title='bbox 208 645 415 714; x_wconf 79' lang='grc' dir='ltr'>τοσούτῳ</span> <span class='ocrx_word' id='word_1_28' title='bbox 436 644 498 713; x_wconf 80' lang='grc' dir='ltr'>τῇ</span> <span class='ocrx_word' id='word_1_29' title='bbox 530 642 773 712; x_wconf 72' lang='grc' dir='ltr'>ἀπωλείᾳ</span> <span class='ocrx_word' id='word_1_30' title='bbox 806 642 1190 714; x_wconf 76' lang='grc' dir='ltr'><strong>πλησιάζουσιν</strong></span> <span class='ocrx_word' id='word_1_31' title='bbox 1209 661 1223 674; x_wconf 72' lang='grc'><strong>⁸</strong></span> <span class='ocrx_word' id='word_1_32' title='bbox 1245 642 1320 708; x_wconf 83' lang='grc' dir='ltr'>ὡς</span> <span class='ocrx_word' id='word_1_33' title='bbox 1352 645 1604 716; x_wconf 79' lang='grc' dir='ltr'>ἔμπαλιν,</span> <span class='ocrx_word' id='word_1_34' title='bbox 1625 663 1746 700; x_wconf 87' lang='grc' dir='ltr'>συν-</span> 
     </span>
    </p>
   </div>
   <div class='ocr_carea' id='block_1_8' title="bbox 207 734 1748 810">
    <p class='ocr_par' dir='ltr' id='par_1_8' title="bbox 207 734 1748 810">
     <span class='ocr_line' id='line_1_8' title="bbox 207 734 1748 810; baseline -0.002 -15"><span class='ocrx_word' id='word_1_35' title='bbox 207 738 465 808; x_wconf 79' lang='grc' dir='ltr'>απτόμενοι</span> <span class='ocrx_word' id='word_1_36' title='bbox 511 735 590 805; x_wconf 84' lang='grc' dir='ltr'>τῷ</span> <span class='ocrx_word' id='word_1_37' title='bbox 634 734 773 805; x_wconf 83' lang='grc' dir='ltr'>Θεῷ,</span> <span class='ocrx_word' id='word_1_38' title='bbox 807 737 870 806; x_wconf 87' lang='grc' dir='ltr'>τῇ</span> <span class='ocrx_word' id='word_1_39' title='bbox 905 736 1002 806; x_wconf 83' lang='grc' dir='ltr'><strong>μὲν</strong></span> <span class='ocrx_word' id='word_1_40' title='bbox 1026 737 1135 808; x_wconf 79' lang='grc' dir='ltr'><strong>ζωῇ</strong></span> <span class='ocrx_word' id='word_1_41' title='bbox 1165 738 1543 802; x_wconf 78' lang='grc' dir='ltr'><strong>συνάπτονται,</strong></span> <span class='ocrx_word' id='word_1_42' title='bbox 1566 738 1664 810; x_wconf 80' lang='grc' dir='ltr'>τῆς</span> <span class='ocrx_word' id='word_1_43' title='bbox 1691 738 1748 792; x_wconf 84' lang='grc' dir='ltr'><strong>δέ</strong></span> 
     </span>
    </p>
   </div>
   <div class='ocr_carea' id='block_1_9' title="bbox 205 823 1746 899">
    <p class='ocr_par' dir='ltr' id='par_1_9' title="bbox 205 823 1746 899">
     <span class='ocr_line' id='line_1_9' title="bbox 205 823 1746 899; baseline 0 -18"><span class='ocrx_word' id='word_1_44' title='bbox 205 825 449 888; x_wconf 77' lang='grc' dir='ltr'><strong>ἀπωλείας</strong></span> <span class='ocrx_word' id='word_1_45' title='bbox 476 823 863 896; x_wconf 88' lang='grc' dir='ltr'>μακρύνονται.</span> <span class='ocrx_word' id='word_1_46' title='bbox 897 825 1060 888; x_wconf 84' lang='grc' dir='ltr'>Τέλος</span> <span class='ocrx_word' id='word_1_47' title='bbox 1081 826 1136 877; x_wconf 85' lang='grc' dir='ltr'>δὲ</span> <span class='ocrx_word' id='word_1_48' title='bbox 1163 825 1272 880; x_wconf 88' lang='grc' dir='ltr'><strong>τῶν</strong></span> <span class='ocrx_word' id='word_1_49' title='bbox 1295 828 1516 891; x_wconf 78' lang='grc' dir='ltr'>ἑαυτοὺς</span> <span class='ocrx_word' id='word_1_50' title='bbox 1544 845 1746 899; x_wconf 88' lang='grc' dir='ltr'>μακρυ-</span> 
     </span>
    </p>
   </div>
   <div class='ocr_carea' id='block_1_10' title="bbox 207 915 1750 990">
    <p class='ocr_par' dir='ltr' id='par_1_10' title="bbox 207 915 1750 990">
     <span class='ocr_line' id='line_1_10' title="bbox 207 915 1750 990; baseline -0.002 -15"><span class='ocrx_word' id='word_1_51' title='bbox 207 920 378 975; x_wconf 84' lang='grc' dir='ltr'>νόντων</span> <span class='ocrx_word' id='word_1_52' title='bbox 395 915 607 988; x_wconf 84' lang='grc' dir='ltr'>δλεθρος</span> <span class='ocrx_word' id='word_1_53' title='bbox 633 917 912 986; x_wconf 85' lang='grc' dir='ltr'>τυγχάνει,</span> <span class='ocrx_word' id='word_1_54' title='bbox 940 917 1034 970; x_wconf 76' lang='grc' dir='ltr'><strong>ἅτε</strong></span> <span class='ocrx_word' id='word_1_55' title='bbox 1057 917 1120 989; x_wconf 85' lang='grc' dir='ltr'>δὴ</span> <span class='ocrx_word' id='word_1_56' title='bbox 1145 919 1621 990; x_wconf 83' lang='grc' dir='ltr'>ἐκπορνευσάντων</span> <span class='ocrx_word' id='word_1_57' title='bbox 1643 920 1750 973; x_wconf 82' lang='grc' dir='ltr'><strong>ἀπὸ</strong></span> 
     </span>
    </p>
   </div>
   <div class='ocr_carea' id='block_1_11' title="bbox 203 1005 1747 1082">
    <p class='ocr_par' dir='ltr' id='par_1_11' title="bbox 203 1005 1747 1082">
     <span class='ocr_line' id='line_1_11' title="bbox 203 1005 1747 1082; baseline -0.001 -16"><span class='ocrx_word' id='word_1_58' title='bbox 203 1011 284 1066; x_wconf 88' lang='grc' dir='ltr'><strong>τοῦ</strong></span> <span class='ocrx_word' id='word_1_59' title='bbox 313 1007 458 1064; x_wconf 89' lang='grc' dir='ltr'>Θεοῦ.</span> <span class='ocrx_word' id='word_1_60' title='bbox 507 1006 570 1063; x_wconf 84' lang='grc' dir='ltr'>Ὀ</span> <span class='ocrx_word' id='word_1_61' title='bbox 602 1009 699 1079; x_wconf 84' lang='grc' dir='ltr'><strong>μὲν</strong></span> <span class='ocrx_word' id='word_1_62' title='bbox 725 1005 816 1061; x_wconf 79' lang='grc' dir='ltr'><strong>οὖν</strong></span> <span class='ocrx_word' id='word_1_63' title='bbox 849 1010 982 1073; x_wconf 79' lang='grc' dir='ltr'>Θεὸς</span> <span class='ocrx_word' id='word_1_64' title='bbox 1013 1010 1201 1063; x_wconf 80' lang='grc' dir='ltr'>οὐδένα</span> <span class='ocrx_word' id='word_1_65' title='bbox 1239 1011 1503 1082; x_wconf 87' lang='grc' dir='ltr'>μακρύνει</span> <span class='ocrx_word' id='word_1_66' title='bbox 1531 1010 1747 1076; x_wconf 86' lang='grc' dir='ltr'>ἐαυτοῦ,</span> 
     </span>
    </p>
   </div>
   <div class='ocr_carea' id='block_1_12' title="bbox 205 1099 1751 1175">
    <p class='ocr_par' dir='ltr' id='par_1_12' title="bbox 205 1099 1751 1175">
     <span class='ocr_line' id='line_1_12' title="bbox 205 1099 1751 1175; baseline 0.001 -19"><span class='ocrx_word' id='word_1_67' title='bbox 205 1103 304 1156; x_wconf 77' lang='grc' dir='ltr'>οὐδὲ</span> <span class='ocrx_word' id='word_1_68' title='bbox 329 1099 617 1155; x_wconf 87' lang='grc' dir='ltr'>ἀπωθεῖται</span> <span class='ocrx_word' id='word_1_69' title='bbox 633 1118 646 1131; x_wconf 91' lang='grc'><strong>·</strong></span> <span class='ocrx_word' id='word_1_70' title='bbox 673 1100 787 1154; x_wconf 87' lang='grc' dir='ltr'>ἀλλ’</span> <span class='ocrx_word' id='word_1_71' title='bbox 814 1101 1042 1164; x_wconf 68' lang='grc' dir='ltr'>ἕκαστος</span> <span class='ocrx_word' id='word_1_72' title='bbox 1069 1102 1261 1156; x_wconf 77' lang='grc' dir='ltr'>ἑαυτὸν</span> <span class='ocrx_word' id='word_1_73' title='bbox 1289 1102 1638 1175; x_wconf 85' lang='grc' dir='ltr'>ἀπαλλοτριοῖ</span> <span class='ocrx_word' id='word_1_74' title='bbox 1656 1103 1751 1158; x_wconf 87' lang='grc' dir='ltr'><strong>τοῦ</strong></span> 
     </span>
    </p>
   </div>
   <div class='ocr_carea' id='block_1_13' title="bbox 199 1193 1755 1266">
    <p class='ocr_par' dir='ltr' id='par_1_13' title="bbox 199 1193 1755 1266">
     <span class='ocr_line' id='line_1_13' title="bbox 199 1193 1755 1266; baseline 0 -17"><span class='ocrx_word' id='word_1_75' title='bbox 199 1195 337 1258; x_wconf 88' lang='grc' dir='ltr'>Θεοῦ,</span> <span class='ocrx_word' id='word_1_76' title='bbox 362 1193 703 1264; x_wconf 87' lang='grc' dir='ltr'>ἐκπορνεύων</span> <span class='ocrx_word' id='word_1_77' title='bbox 748 1195 842 1247; x_wconf 72' lang='grc' dir='ltr'><strong>καὶ</strong></span> <span class='ocrx_word' id='word_1_78' title='bbox 865 1193 962 1265; x_wconf 83' lang='grc' dir='ltr'>τὴν</span> <span class='ocrx_word' id='word_1_79' title='bbox 990 1194 1182 1248; x_wconf 82' lang='grc' dir='ltr'>ἑαυτοῦ</span> <span class='ocrx_word' id='word_1_80' title='bbox 1209 1194 1384 1266; x_wconf 67' lang='grc' dir='ltr'>ψυχὴν</span> <span class='ocrx_word' id='word_1_81' title='bbox 1409 1195 1620 1249; x_wconf 74' lang='grc' dir='ltr'>ἔκδοτον</span> <span class='ocrx_word' id='word_1_82' title='bbox 1649 1214 1755 1248; x_wconf 86' lang='grc' dir='ltr'>πα-</span> 
     </span>
    </p>
   </div>
   <div class='ocr_carea' id='block_1_14' title="bbox 204 1285 1756 1359">
    <p class='ocr_par' dir='ltr' id='par_1_14' title="bbox 204 1285 1756 1359">
     <span class='ocr_line' id='line_1_14' title="bbox 204 1285 1756 1359; baseline -0.001 -18"><span class='ocrx_word' id='word_1_83' title='bbox 204 1287 422 1358; x_wconf 77' lang='grc' dir='ltr'>ραδιδοὺς</span> <span class='ocrx_word' id='word_1_84' title='bbox 447 1288 560 1349; x_wconf 78' lang='grc' dir='ltr'>τοῖς</span> <span class='ocrx_word' id='word_1_85' title='bbox 590 1285 684 1338; x_wconf 91' lang='grc' dir='ltr'><strong>τοῦ</strong></span> <span class='ocrx_word' id='word_1_86' title='bbox 711 1285 845 1339; x_wconf 83' lang='grc' dir='ltr'>Θεοῦ</span> <span class='ocrx_word' id='word_1_87' title='bbox 874 1286 1155 1350; x_wconf 87' lang='grc' dir='ltr'>ἐναντίοις.</span> <span class='ocrx_word' id='word_1_88' title='bbox 1209 1288 1271 1339; x_wconf 78' lang='grc' dir='ltr'><strong>Οἱ</strong></span> <span class='ocrx_word' id='word_1_89' title='bbox 1303 1287 1358 1340; x_wconf 80' lang='grc' dir='ltr'>δὲ</span> <span class='ocrx_word' id='word_1_90' title='bbox 1392 1287 1756 1359; x_wconf 85' lang='grc' dir='ltr'>μακρύνοντες</span> 
     </span>
    </p>
   </div>
   <div class='ocr_carea' id='block_1_15' title="bbox 198 1375 1756 1448">
    <p class='ocr_par' dir='ltr' id='par_1_15' title="bbox 198 1375 1756 1448">
     <span class='ocr_line' id='line_1_15' title="bbox 198 1375 1756 1448; baseline -0.001 -16"><span class='ocrx_word' id='word_1_91' title='bbox 198 1377 403 1441; x_wconf 79' lang='grc' dir='ltr'>ἑαυτοὺς</span> <span class='ocrx_word' id='word_1_92' title='bbox 424 1375 483 1440; x_wconf 82' lang='grc' dir='ltr'><strong>ἐξ</strong></span> <span class='ocrx_word' id='word_1_93' title='bbox 501 1376 708 1440; x_wconf 77' lang='grc' dir='ltr'>οἰκείας</span> <span class='ocrx_word' id='word_1_94' title='bbox 733 1377 1107 1448; x_wconf 87' lang='grc' dir='ltr'>προαιρέσεως</span> <span class='ocrx_word' id='word_1_95' title='bbox 1126 1376 1465 1431; x_wconf 78' lang='grc' dir='ltr'>ἐπισπῶνται</span> <span class='ocrx_word' id='word_1_96' title='bbox 1487 1377 1607 1431; x_wconf 82' lang='grc' dir='ltr'>καθ’</span> <span class='ocrx_word' id='word_1_97' title='bbox 1632 1379 1756 1431; x_wconf 86' lang='grc' dir='ltr'>ἐαυ-</span> 
     </span>
    </p>
   </div>
   <div class='ocr_carea' id='block_1_16' title="bbox 199 1466 1754 1540">
    <p class='ocr_par' dir='ltr' id='par_1_16' title="bbox 199 1466 1754 1540">
     <span class='ocr_line' id='line_1_16' title="bbox 199 1466 1754 1540; baseline -0.001 -17"><span class='ocrx_word' id='word_1_98' title='bbox 199 1469 292 1523; x_wconf 88' lang='grc' dir='ltr'><strong>τῶν</strong></span> <span class='ocrx_word' id='word_1_99' title='bbox 310 1467 403 1540; x_wconf 82' lang='grc' dir='ltr'>τὴν</span> <span class='ocrx_word' id='word_1_100' title='bbox 425 1466 718 1522; x_wconf 84' lang='grc' dir='ltr'>ἀπώλειαν.</span> <span class='ocrx_word' id='word_1_101' title='bbox 751 1467 985 1531; x_wconf 81' lang='grc' dir='ltr'>Τούτους</span> <span class='ocrx_word' id='word_1_102' title='bbox 1011 1467 1067 1520; x_wconf 87' lang='grc' dir='ltr'><strong>δέ</strong></span> <span class='ocrx_word' id='word_1_103' title='bbox 1094 1470 1160 1538; x_wconf 83' lang='grc' dir='ltr'>τῇ</span> <span class='ocrx_word' id='word_1_104' title='bbox 1182 1467 1426 1539; x_wconf 80' lang='grc' dir='ltr'>ἀπωλείᾳ</span> <span class='ocrx_word' id='word_1_105' title='bbox 1445 1467 1754 1521; x_wconf 81' lang='grc' dir='ltr'>οἰκειωθέν-</span> 
     </span>
    </p>
   </div>
   <div class='ocr_carea' id='block_1_17' title="bbox 192 1556 1753 1632">
    <p class='ocr_par' dir='ltr' id='par_1_17' title="bbox 192 1556 1753 1632">
     <span class='ocr_line' id='line_1_17' title="bbox 192 1556 1753 1632; baseline 0 -19"><span class='ocrx_word' id='word_1_106' title='bbox 192 1577 282 1624; x_wconf 87' lang='grc' dir='ltr'><strong>τας</strong></span> <span class='ocrx_word' id='word_1_107' title='bbox 309 1561 336 1612; x_wconf 79' lang='grc' dir='ltr'><em>ὁ</em></span> <span class='ocrx_word' id='word_1_108' title='bbox 363 1559 492 1624; x_wconf 82' lang='grc' dir='ltr'>Θεὸς</span> <span class='ocrx_word' id='word_1_109' title='bbox 523 1559 685 1622; x_wconf 73' lang='grc' dir='ltr'>αὐτὸς</span> <span class='ocrx_word' id='word_1_110' title='bbox 710 1559 770 1612; x_wconf 78' lang='grc' dir='ltr'>τὸ</span> <span class='ocrx_word' id='word_1_111' title='bbox 800 1559 925 1631; x_wconf 80' lang='grc' dir='ltr'>ἑξῆς</span> <span class='ocrx_word' id='word_1_112' title='bbox 956 1559 1247 1630; x_wconf 86' lang='grc' dir='ltr'>διατίθησι.</span> <span class='ocrx_word' id='word_1_113' title='bbox 1281 1560 1344 1612; x_wconf 87' lang='grc' dir='ltr'><strong>Τί</strong></span> <span class='ocrx_word' id='word_1_114' title='bbox 1373 1561 1428 1614; x_wconf 81' lang='grc' dir='ltr'><strong>δὲ</strong></span> <span class='ocrx_word' id='word_1_115' title='bbox 1462 1556 1530 1632; x_wconf 82' lang='grc' dir='ltr'>ἦν</span> <span class='ocrx_word' id='word_1_116' title='bbox 1562 1559 1753 1626; x_wconf 88' lang='grc' dir='ltr'>τοῦτο;</span> 
     </span>
    </p>
   </div>
   <div class='ocr_carea' id='block_1_18' title="bbox 205 1649 1756 1722">
    <p class='ocr_par' dir='ltr' id='par_1_18' title="bbox 205 1649 1756 1722">
     <span class='ocr_line' id='line_1_18' title="bbox 205 1649 1756 1722; baseline 0.002 -18"><span class='ocrx_word' id='word_1_117' title='bbox 205 1650 692 1719; x_wconf 74' lang='grc' dir='ltr'>Ἐεωλόθρευσας,</span> <span class='ocrx_word' id='word_1_118' title='bbox 721 1651 853 1722; x_wconf 72' lang='grc' dir='ltr'>φησὶ</span> <span class='ocrx_word' id='word_1_119' title='bbox 870 1690 885 1714; x_wconf 88' lang='grc'><strong>,</strong></span> <span class='ocrx_word' id='word_1_120' title='bbox 909 1649 1104 1706; x_wconf 81' lang='grc' dir='ltr'>πάντα</span> <span class='ocrx_word' id='word_1_121' title='bbox 1121 1651 1227 1705; x_wconf 74' lang='grc' dir='ltr'><strong>τὸν</strong></span> <span class='ocrx_word' id='word_1_122' title='bbox 1247 1653 1616 1720; x_wconf 73' lang='grc' dir='ltr'>πορνεύονται</span> <span class='ocrx_word' id='word_1_123' title='bbox 1639 1653 1756 1708; x_wconf 82' lang='grc' dir='ltr'>ἀπὸ</span> 
     </span>
    </p>
   </div>
   <div class='ocr_carea' id='block_1_19' title="bbox 190 1742 1757 1815">
    <p class='ocr_par' dir='ltr' id='par_1_19' title="bbox 190 1742 1757 1815">
     <span class='ocr_line' id='line_1_19' title="bbox 190 1742 1757 1815; baseline 0 -17"><span class='ocrx_word' id='word_1_124' title='bbox 190 1743 315 1798; x_wconf 85' lang='grc' dir='ltr'>σοῦ.</span> <span class='ocrx_word' id='word_1_125' title='bbox 359 1743 620 1815; x_wconf 85' lang='grc' dir='ltr'>Πορνεύει</span> <span class='ocrx_word' id='word_1_126' title='bbox 650 1745 708 1796; x_wconf 84' lang='grc' dir='ltr'><strong>δὲ</strong></span> <span class='ocrx_word' id='word_1_127' title='bbox 733 1743 842 1796; x_wconf 83' lang='grc' dir='ltr'><strong>ἀπὺ</strong></span> <span class='ocrx_word' id='word_1_128' title='bbox 869 1742 964 1796; x_wconf 89' lang='grc' dir='ltr'><strong>τοῦ</strong></span> <span class='ocrx_word' id='word_1_129' title='bbox 993 1743 1126 1796; x_wconf 83' lang='grc' dir='ltr'>Θεοῦ</span> <span class='ocrx_word' id='word_1_130' title='bbox 1148 1745 1176 1797; x_wconf 83' lang='grc' dir='ltr'>ὁ</span> <span class='ocrx_word' id='word_1_131' title='bbox 1208 1743 1345 1813; x_wconf 80' lang='grc' dir='ltr'><strong>μετά</strong></span> <span class='ocrx_word' id='word_1_132' title='bbox 1371 1743 1433 1796; x_wconf 79' lang='grc' dir='ltr'><strong>τὸ</strong></span> <span class='ocrx_word' id='word_1_133' title='bbox 1463 1744 1757 1814; x_wconf 84' lang='grc' dir='ltr'>πλησιάσαι</span> 
     </span>
    </p>
   </div>
   <div class='ocr_carea' id='block_1_20' title="bbox 1850 559 3425 636">
    <p class='ocr_par' dir='ltr' id='par_1_20' title="bbox 1850 559 3425 636">
     <span class='ocr_line' id='line_1_20' title="bbox 1850 559 3425 636; baseline 0.006 -25"><span class='ocrx_word' id='word_1_134' title='bbox 1850 559 1957 614; x_wconf 90' lang='lat' dir='ltr'><strong>cati</strong></span> <span class='ocrx_word' id='word_1_135' title='bbox 1988 560 2211 617; x_wconf 88' lang='lat' dir='ltr'><strong>fuerint.</strong></span> <span class='ocrx_word' id='word_1_136' title='bbox 2242 561 2387 620; x_wconf 85' lang='lat' dir='ltr'><strong>Deus</strong></span> <span class='ocrx_word' id='word_1_137' title='bbox 2419 579 2653 635; x_wconf 84' lang='lat' dir='ltr'><strong>namque</strong></span> <span class='ocrx_word' id='word_1_138' title='bbox 2683 566 2956 622; x_wconf 89' lang='lat' dir='ltr'><strong>neminem</strong></span> <span class='ocrx_word' id='word_1_139' title='bbox 2984 575 3220 632; x_wconf 90' lang='lat' dir='ltr'><strong>amovet,</strong></span> <span class='ocrx_word' id='word_1_140' title='bbox 3249 582 3425 636; x_wconf 85' lang='lat' dir='ltr'><strong>neque</strong></span> 
     </span>
    </p>
   </div>
   <div class='ocr_carea' id='block_1_21' title="bbox 1851 651 3426 728">
    <p class='ocr_par' dir='ltr' id='par_1_21' title="bbox 1851 651 3426 728">
     <span class='ocr_line' id='line_1_21' title="bbox 1851 651 3426 728; baseline 0.004 -24"><span class='ocrx_word' id='word_1_141' title='bbox 1851 651 1951 707; x_wconf 91' lang='lat' dir='ltr'><strong>abs</strong></span> <span class='ocrx_word' id='word_1_142' title='bbox 1980 667 2040 709; x_wconf 89' lang='lat' dir='ltr'><strong>se</strong></span> <span class='ocrx_word' id='word_1_143' title='bbox 2069 654 2322 725; x_wconf 83' lang='lat' dir='ltr'><strong>repellit;</strong></span> <span class='ocrx_word' id='word_1_144' title='bbox 2374 657 2471 713; x_wconf 92' lang='lat' dir='ltr'><strong>scd</strong></span> <span class='ocrx_word' id='word_1_145' title='bbox 2523 656 2758 728; x_wconf 91' lang='lat' dir='ltr'><strong>quisque</strong></span> <span class='ocrx_word' id='word_1_146' title='bbox 2805 673 2926 713; x_wconf 89' lang='lat' dir='ltr'><strong>sese</strong></span> <span class='ocrx_word' id='word_1_147' title='bbox 2977 658 3212 714; x_wconf 85' lang='lat' dir='ltr'><strong>alienum</strong></span> <span class='ocrx_word' id='word_1_148' title='bbox 3250 673 3278 710; x_wconf 91' lang='lat' dir='ltr'><strong>a</strong></span> <span class='ocrx_word' id='word_1_149' title='bbox 3317 658 3426 711; x_wconf 82' lang='lat' dir='ltr'><strong>beo</strong></span> 
     </span>
    </p>
   </div>
   <div class='ocr_carea' id='block_1_22' title="bbox 1853 735 3423 817">
    <p class='ocr_par' dir='ltr' id='par_1_22' title="bbox 1853 735 3423 817">
     <span class='ocr_line' id='line_1_22' title="bbox 1853 735 3423 817; baseline 0.007 -27"><span class='ocrx_word' id='word_1_150' title='bbox 1853 735 2005 807; x_wconf 88' lang='lat' dir='ltr'><strong>facit,</strong></span> <span class='ocrx_word' id='word_1_151' title='bbox 2035 739 2164 796; x_wconf 88' lang='lat' dir='ltr'><strong>dum</strong></span> <span class='ocrx_word' id='word_1_152' title='bbox 2191 759 2290 798; x_wconf 91' lang='lat' dir='ltr'><strong>ceu</strong></span> <span class='ocrx_word' id='word_1_153' title='bbox 2324 743 2647 811; x_wconf 82' lang='lat' dir='ltr'><strong>fornicatur,</strong></span> <span class='ocrx_word' id='word_1_154' title='bbox 2683 746 3033 817; x_wconf 84' lang='lat' dir='ltr'><strong>animamque</strong></span> <span class='ocrx_word' id='word_1_155' title='bbox 3080 764 3237 803; x_wconf 91' lang='lat' dir='ltr'><strong>suam</strong></span> <span class='ocrx_word' id='word_1_156' title='bbox 3267 747 3423 802; x_wconf 83' lang='lat' dir='ltr'><strong>dedi-</strong></span> 
     </span>
    </p>
   </div>
   <div class='ocr_carea' id='block_1_23' title="bbox 1852 829 3423 910">
    <p class='ocr_par' dir='ltr' id='par_1_23' title="bbox 1852 829 3423 910">
     <span class='ocr_line' id='line_1_23' title="bbox 1852 829 3423 910; baseline 0.007 -28"><span class='ocrx_word' id='word_1_157' title='bbox 1852 829 2029 884; x_wconf 88' lang='lat' dir='ltr'><strong>titiam</strong></span> <span class='ocrx_word' id='word_1_158' title='bbox 2064 831 2302 891; x_wconf 89' lang='lat' dir='ltr'><strong>inimicis</strong></span> <span class='ocrx_word' id='word_1_159' title='bbox 2331 836 2424 892; x_wconf 89' lang='lat' dir='ltr'><strong>Dei</strong></span> <span class='ocrx_word' id='word_1_160' title='bbox 2455 836 2642 892; x_wconf 88' lang='lat' dir='ltr'><strong>tradit.</strong></span> <span class='ocrx_word' id='word_1_161' title='bbox 2666 837 2769 904; x_wconf 86' lang='lat' dir='ltr'><strong>Qui</strong></span> <span class='ocrx_word' id='word_1_162' title='bbox 2795 854 2926 893; x_wconf 91' lang='lat' dir='ltr'><strong>vero</strong></span> <span class='ocrx_word' id='word_1_163' title='bbox 2959 841 3181 910; x_wconf 85' lang='lat' dir='ltr'><strong>proprio</strong></span> <span class='ocrx_word' id='word_1_164' title='bbox 3211 841 3423 895; x_wconf 87' lang='lat' dir='ltr'><strong>delectu</strong></span> 
     </span>
    </p>
   </div>
   <div class='ocr_carea' id='block_1_24' title="bbox 1854 928 3426 1002">
    <p class='ocr_par' dir='ltr' id='par_1_24' title="bbox 1854 928 3426 1002">
     <span class='ocr_line' id='line_1_24' title="bbox 1854 928 3426 1002; baseline 0.006 -26"><span class='ocrx_word' id='word_1_165' title='bbox 1854 936 1976 978; x_wconf 77' lang='lat' dir='ltr'><strong>sese</strong></span> <span class='ocrx_word' id='word_1_166' title='bbox 2011 934 2288 990; x_wconf 87' lang='lat' dir='ltr'><strong>atnovent,</strong></span> <span class='ocrx_word' id='word_1_167' title='bbox 2323 928 2548 983; x_wconf 83' lang='lat' dir='ltr'><strong>exitium</strong></span> <span class='ocrx_word' id='word_1_168' title='bbox 2585 929 2690 984; x_wconf 87' lang='lat' dir='ltr'><strong>sibi</strong></span> <span class='ocrx_word' id='word_1_169' title='bbox 2729 931 3031 984; x_wconf 79' lang='lat' dir='ltr'><strong>attrahunt.</strong></span> <span class='ocrx_word' id='word_1_170' title='bbox 3067 931 3137 986; x_wconf 90' lang='lat' dir='ltr'><strong>lis</strong></span> <span class='ocrx_word' id='word_1_171' title='bbox 3173 948 3302 986; x_wconf 87' lang='lat' dir='ltr'><strong>vero</strong></span> <span class='ocrx_word' id='word_1_172' title='bbox 3330 934 3426 1002; x_wconf 89' lang='lat' dir='ltr'><strong>qui</strong></span> 
     </span>
    </p>
   </div>
   <div class='ocr_carea' id='block_1_25' title="bbox 1853 1015 3430 1094">
    <p class='ocr_par' dir='ltr' id='par_1_25' title="bbox 1853 1015 3430 1094">
     <span class='ocr_line' id='line_1_25' title="bbox 1853 1015 3430 1094; baseline 0.006 -27"><span class='ocrx_word' id='word_1_173' title='bbox 1853 1028 1975 1068; x_wconf 89' lang='lat' dir='ltr'><strong>sese</strong></span> <span class='ocrx_word' id='word_1_174' title='bbox 2009 1015 2268 1084; x_wconf 82' lang='lat' dir='ltr'><strong>perniciei</strong></span> <span class='ocrx_word' id='word_1_175' title='bbox 2292 1017 2641 1086; x_wconf 87' lang='lat' dir='ltr'><strong>dediderunt,</strong></span> <span class='ocrx_word' id='word_1_176' title='bbox 2678 1018 2820 1076; x_wconf 89' lang='lat' dir='ltr'><strong>Deus</strong></span> <span class='ocrx_word' id='word_1_177' title='bbox 2852 1022 2998 1091; x_wconf 91' lang='lat' dir='ltr'><strong>quod</strong></span> <span class='ocrx_word' id='word_1_178' title='bbox 3051 1031 3303 1094; x_wconf 88' lang='lat' dir='ltr'><strong>superest</strong></span> <span class='ocrx_word' id='word_1_179' title='bbox 3335 1023 3430 1077; x_wconf 91' lang='lat' dir='ltr'><strong>ad-</strong></span> 
     </span>
    </p>
   </div>
   <div class='ocr_carea' id='block_1_26' title="bbox 1849 1103 3431 1184">
    <p class='ocr_par' dir='ltr' id='par_1_26' title="bbox 1849 1103 3431 1184">
     <span class='ocr_line' id='line_1_26' title="bbox 1849 1103 3431 1184; baseline 0.008 -29"><span class='ocrx_word' id='word_1_180' title='bbox 1849 1103 1992 1173; x_wconf 91' lang='lat' dir='ltr'><strong>jicit.</strong></span> <span class='ocrx_word' id='word_1_181' title='bbox 2029 1104 2168 1170; x_wconf 84' lang='lat' dir='ltr'><strong>Quid</strong></span> <span class='ocrx_word' id='word_1_182' title='bbox 2213 1107 2346 1161; x_wconf 90' lang='lat' dir='ltr'><strong>illud</strong></span> <span class='ocrx_word' id='word_1_183' title='bbox 2396 1111 2520 1164; x_wconf 88' lang='lat' dir='ltr'><strong>est?</strong></span> <span class='ocrx_word' id='word_1_184' title='bbox 2547 1108 2861 1176; x_wconf 80' lang='lat' dir='ltr'><strong>Perdidisti,</strong></span> <span class='ocrx_word' id='word_1_185' title='bbox 2904 1113 3099 1182; x_wconf 85' lang='lat' dir='ltr'><strong>inquit,</strong></span> <span class='ocrx_word' id='word_1_186' title='bbox 3134 1131 3309 1168; x_wconf 87' lang='lat' dir='ltr'><strong>omnes</strong></span> <span class='ocrx_word' id='word_1_187' title='bbox 3340 1115 3431 1184; x_wconf 83' lang='lat' dir='ltr'><strong>qni</strong></span> 
     </span>
    </p>
   </div>
   <div class='ocr_carea' id='block_1_27' title="bbox 1855 1195 3429 1276">
    <p class='ocr_par' dir='ltr' id='par_1_27' title="bbox 1855 1195 3429 1276">
     <span class='ocr_line' id='line_1_27' title="bbox 1855 1195 3429 1276; baseline 0.008 -29"><span class='ocrx_word' id='word_1_188' title='bbox 1855 1195 2192 1262; x_wconf 77' lang='lat' dir='ltr'><strong>fornicamur</strong></span> <span class='ocrx_word' id='word_1_189' title='bbox 2216 1198 2308 1254; x_wconf 86' lang='lat' dir='ltr'><strong>abs</strong></span> <span class='ocrx_word' id='word_1_190' title='bbox 2346 1210 2410 1255; x_wconf 84' lang='lat' dir='ltr'><strong>le.</strong></span> <span class='ocrx_word' id='word_1_191' title='bbox 2441 1200 2765 1258; x_wconf 83' lang='lat' dir='ltr'><strong>Fornicatur</strong></span> <span class='ocrx_word' id='word_1_192' title='bbox 2794 1219 2825 1257; x_wconf 87' lang='lat' dir='ltr'><strong>a</strong></span> <span class='ocrx_word' id='word_1_193' title='bbox 2862 1203 2990 1269; x_wconf 92' lang='lat' dir='ltr'><strong>Deo,</strong></span> <span class='ocrx_word' id='word_1_194' title='bbox 3024 1207 3115 1275; x_wconf 93' lang='lat' dir='ltr'><strong>qui</strong></span> <span class='ocrx_word' id='word_1_195' title='bbox 3141 1215 3429 1276; x_wconf 87' lang='lat' dir='ltr'><strong>postquam</strong></span> 
     </span>
    </p>
   </div>
   <div class='ocr_carea' id='block_1_28' title="bbox 1855 1290 3429 1371">
    <p class='ocr_par' dir='ltr' id='par_1_28' title="bbox 1855 1290 3429 1371">
     <span class='ocr_line' id='line_1_28' title="bbox 1855 1290 3429 1371; baseline 0.008 -28"><span class='ocrx_word' id='word_1_196' title='bbox 1855 1290 1921 1344; x_wconf 88' lang='lat' dir='ltr'><strong>ad</strong></span> <span class='ocrx_word' id='word_1_197' title='bbox 1952 1307 2074 1345; x_wconf 89' lang='lat' dir='ltr'><strong>eum</strong></span> <span class='ocrx_word' id='word_1_198' title='bbox 2110 1293 2338 1364; x_wconf 89' lang='lat' dir='ltr'><strong>propius</strong></span> <span class='ocrx_word' id='word_1_199' title='bbox 2365 1305 2700 1360; x_wconf 86' lang='lat' dir='ltr'><strong>accesserat,</strong></span> <span class='ocrx_word' id='word_1_200' title='bbox 2724 1299 2792 1352; x_wconf 88' lang='lat' dir='ltr'><strong>ab</strong></span> <span class='ocrx_word' id='word_1_201' title='bbox 2816 1298 2936 1369; x_wconf 85' lang='lat' dir='ltr'><strong>ipso</strong></span> <span class='ocrx_word' id='word_1_202' title='bbox 2965 1301 3158 1371; x_wconf 88' lang='lat' dir='ltr'><strong>procul</strong></span> <span class='ocrx_word' id='word_1_203' title='bbox 3202 1303 3429 1357; x_wconf 86' lang='lat' dir='ltr'><strong>recedit.</strong></span> 
     </span>
    </p>
   </div>
   <div class='ocr_carea' id='block_1_29' title="bbox 1854 1377 3435 1463">
    <p class='ocr_par' dir='ltr' id='par_1_29' title="bbox 1854 1377 3435 1463">
     <span class='ocr_line' id='line_1_29' title="bbox 1854 1377 3435 1463; baseline 0.01 -32"><span class='ocrx_word' id='word_1_204' title='bbox 1854 1378 1974 1449; x_wconf 92' lang='lat' dir='ltr'><strong>lpse</strong></span> <span class='ocrx_word' id='word_1_205' title='bbox 2010 1397 2244 1453; x_wconf 85' lang='lat' dir='ltr'><strong>namque</strong></span> <span class='ocrx_word' id='word_1_206' title='bbox 2268 1377 2559 1440; x_wconf 80' lang='lat' dir='ltr'><strong>humanam</strong></span> <span class='ocrx_word' id='word_1_207' title='bbox 2581 1390 2820 1444; x_wconf 85' lang='lat' dir='ltr'><strong>animant</strong></span> <span class='ocrx_word' id='word_1_208' title='bbox 2842 1389 3198 1460; x_wconf 88' lang='lat' dir='ltr'><strong>desponsare,</strong></span> <span class='ocrx_word' id='word_1_209' title='bbox 3229 1400 3283 1446; x_wconf 83' lang='lat' dir='ltr'><strong>ct</strong></span> <span class='ocrx_word' id='word_1_210' title='bbox 3307 1409 3435 1463; x_wconf 90' lang='lat' dir='ltr'><strong>pro-</strong></span> 
     </span>
    </p>
   </div>
   <div class='ocr_carea' id='block_1_30' title="bbox 1856 1471 3433 1553">
    <p class='ocr_par' dir='ltr' id='par_1_30' title="bbox 1856 1471 3433 1553">
     <span class='ocr_line' id='line_1_30' title="bbox 1856 1471 3433 1553; baseline 0.01 -32"><span class='ocrx_word' id='word_1_211' title='bbox 1856 1471 1970 1539; x_wconf 87' lang='lat' dir='ltr'><strong>pria</strong></span> <span class='ocrx_word' id='word_1_212' title='bbox 2007 1474 2217 1527; x_wconf 79' lang='lat' dir='ltr'><strong>Semina</strong></span> <span class='ocrx_word' id='word_1_213' title='bbox 2260 1475 2312 1528; x_wconf 88' lang='lat' dir='ltr'><strong>in</strong></span> <span class='ocrx_word' id='word_1_214' title='bbox 2369 1475 2514 1528; x_wconf 87' lang='lat' dir='ltr'><strong>illam</strong></span> <span class='ocrx_word' id='word_1_215' title='bbox 2559 1477 2744 1546; x_wconf 84' lang='lat' dir='ltr'><strong>jacere</strong></span> <span class='ocrx_word' id='word_1_216' title='bbox 2796 1496 2902 1533; x_wconf 85' lang='lat' dir='ltr'><strong>non</strong></span> <span class='ocrx_word' id='word_1_217' title='bbox 2943 1480 3304 1553; x_wconf 82' lang='lat' dir='ltr'><strong>dedignatur;</strong></span> <span class='ocrx_word' id='word_1_218' title='bbox 3343 1485 3433 1538; x_wconf 91' lang='lat' dir='ltr'><strong>illa</strong></span> 
     </span>
    </p>
   </div>
   <div class='ocr_carea' id='block_1_31' title="bbox 1856 1566 3437 1646">
    <p class='ocr_par' dir='ltr' id='par_1_31' title="bbox 1856 1566 3437 1646">
     <span class='ocr_line' id='line_1_31' title="bbox 1856 1566 3437 1646; baseline 0.009 -30"><span class='ocrx_word' id='word_1_219' title='bbox 1856 1579 1987 1618; x_wconf 88' lang='lat' dir='ltr'><strong>vero</strong></span> <span class='ocrx_word' id='word_1_220' title='bbox 2012 1567 2276 1622; x_wconf 87' lang='lat' dir='ltr'><strong>recedens</strong></span> <span class='ocrx_word' id='word_1_221' title='bbox 2304 1568 2371 1622; x_wconf 92' lang='lat' dir='ltr'><strong>ab</strong></span> <span class='ocrx_word' id='word_1_222' title='bbox 2413 1566 2506 1636; x_wconf 82' lang='lat' dir='ltr'><strong>eo,</strong></span> <span class='ocrx_word' id='word_1_223' title='bbox 2536 1585 2767 1642; x_wconf 83' lang='lat' dir='ltr'><strong>seseque</strong></span> <span class='ocrx_word' id='word_1_224' title='bbox 2817 1573 2939 1627; x_wconf 88' lang='lat' dir='ltr'><strong>aliis</strong></span> <span class='ocrx_word' id='word_1_225' title='bbox 2991 1569 3290 1630; x_wconf 83' lang='lat' dir='ltr'><strong>admovens</strong></span> <span class='ocrx_word' id='word_1_226' title='bbox 3343 1578 3437 1646; x_wconf 86' lang='lat' dir='ltr'><strong>qui</strong></span> 
     </span>
    </p>
   </div>
   <div class='ocr_carea' id='block_1_32' title="bbox 1827 1654 3437 1734">
    <p class='ocr_par' dir='ltr' id='par_1_32' title="bbox 1827 1654 3437 1734">
     <span class='ocr_line' id='line_1_32' title="bbox 1827 1654 3437 1734; baseline 0.006 -25"><span class='ocrx_word' id='word_1_227' title='bbox 1827 1689 1830 1692; x_wconf 93' lang='lat'>-</span> <span class='ocrx_word' id='word_1_228' title='bbox 1861 1654 2122 1711; x_wconf 88' lang='lat' dir='ltr'><strong>fornicari</strong></span> <span class='ocrx_word' id='word_1_229' title='bbox 2163 1673 2287 1713; x_wconf 91' lang='lat' dir='ltr'><strong>cum</strong></span> <span class='ocrx_word' id='word_1_230' title='bbox 2330 1676 2392 1714; x_wconf 89' lang='lat' dir='ltr'><strong>ea</strong></span> <span class='ocrx_word' id='word_1_231' title='bbox 2427 1661 2675 1731; x_wconf 87' lang='lat' dir='ltr'><strong>cupiunt,</strong></span> <span class='ocrx_word' id='word_1_232' title='bbox 2713 1663 2968 1734; x_wconf 78' lang='lat' dir='ltr'><strong>malignis</strong></span> <span class='ocrx_word' id='word_1_233' title='bbox 2993 1665 3202 1720; x_wconf 87' lang='lat' dir='ltr'><strong>scilicet</strong></span> <span class='ocrx_word' id='word_1_234' title='bbox 3227 1665 3437 1734; x_wconf 88' lang='lat' dir='ltr'><strong>spiriti-</strong></span> 
     </span>
    </p>
   </div>
   <div class='ocr_carea' id='block_1_33' title="bbox 1859 1746 3440 1825">
    <p class='ocr_par' dir='ltr' id='par_1_33' title="bbox 1859 1746 3440 1825">
     <span class='ocr_line' id='line_1_33' title="bbox 1859 1746 3440 1825; baseline 0.008 -28"><span class='ocrx_word' id='word_1_235' title='bbox 1859 1746 1981 1810; x_wconf 85' lang='lat' dir='ltr'><strong>bus,</strong></span> <span class='ocrx_word' id='word_1_236' title='bbox 2010 1754 2062 1802; x_wconf 88' lang='lat' dir='ltr'><strong>et</strong></span> <span class='ocrx_word' id='word_1_237' title='bbox 2088 1747 2316 1818; x_wconf 90' lang='lat' dir='ltr'><strong>impuris</strong></span> <span class='ocrx_word' id='word_1_238' title='bbox 2347 1752 2717 1815; x_wconf 66' lang='lat' dir='ltr'><strong>daemonibus,</strong></span> <span class='ocrx_word' id='word_1_239' title='bbox 2755 1761 2848 1806; x_wconf 91' lang='lat' dir='ltr'><strong>aut</strong></span> <span class='ocrx_word' id='word_1_240' title='bbox 2880 1755 3062 1823; x_wconf 89' lang='lat' dir='ltr'><strong>impiis</strong></span> <span class='ocrx_word' id='word_1_241' title='bbox 3091 1755 3440 1825; x_wconf 79' lang='lat' dir='ltr'><strong>cogitationi-</strong></span> 
     </span>
    </p>
   </div>
   <div class='ocr_carea' id='block_1_34' title="bbox 191 1833 1750 1914">
    <p class='ocr_par' dir='ltr' id='par_1_34' title="bbox 191 1833 1750 1908">
     <span class='ocr_line' id='line_1_34' title="bbox 191 1833 1750 1908; baseline 0 -18"><span class='ocrx_word' id='word_1_242' title='bbox 191 1835 326 1907; x_wconf 82' lang='grc' dir='ltr'>αὐτῷ</span> <span class='ocrx_word' id='word_1_243' title='bbox 355 1833 638 1908; x_wconf 87' lang='grc' dir='ltr'>μακρύνας</span> <span class='ocrx_word' id='word_1_244' title='bbox 664 1835 875 1890; x_wconf 75' lang='grc' dir='ltr'>ἑαυτόν.</span> <span class='ocrx_word' id='word_1_245' title='bbox 929 1834 1099 1898; x_wconf 73' lang='grc' dir='ltr'>Αὐτὸς</span> <span class='ocrx_word' id='word_1_246' title='bbox 1127 1835 1225 1906; x_wconf 85' lang='grc' dir='ltr'><strong>μὲν</strong></span> <span class='ocrx_word' id='word_1_247' title='bbox 1253 1835 1363 1908; x_wconf 84' lang='grc' dir='ltr'>γὰρ</span> <span class='ocrx_word' id='word_1_248' title='bbox 1394 1838 1489 1890; x_wconf 56' lang='grc' dir='ltr'><strong>καὶ¹</strong></span> <span class='ocrx_word' id='word_1_249' title='bbox 1514 1837 1750 1908; x_wconf 81' lang='grc' dir='ltr'>νυμφεύ-</span> 
     </span>
    </p>
   </div>
   <div class='ocr_carea' id='block_1_35' title="bbox 1963 1833 3440 1914">
    <p class='ocr_par' dir='ltr' id='par_1_35' title="bbox 1969 1839 3440 1914">
     <span class='ocr_line' id='line_1_35' title="bbox 1969 1839 3440 1914; baseline 0.001 -20"><span class='ocrx_word' id='word_1_250' title='bbox 1969 1877 1983 1901; x_wconf 87' lang='grc'><strong>,</strong></span> <span class='ocrx_word' id='word_1_251' title='bbox 2032 1840 2148 1895; x_wconf 85' lang='lat' dir='ltr'><strong>sive</strong></span> <span class='ocrx_word' id='word_1_252' title='bbox 2180 1841 2337 1897; x_wconf 76' lang='lat' dir='ltr'><strong>fmdis</strong></span> <span class='ocrx_word' id='word_1_253' title='bbox 2377 1839 2724 1912; x_wconf 84' lang='lat' dir='ltr'><strong>impurisque</strong></span> <span class='ocrx_word' id='word_1_254' title='bbox 2757 1842 3116 1908; x_wconf 85' lang='lat' dir='ltr'><strong>facinoribus,</strong></span> <span class='ocrx_word' id='word_1_255' title='bbox 3160 1845 3284 1914; x_wconf 91' lang='lat' dir='ltr'><strong>jure</strong></span> <span class='ocrx_word' id='word_1_256' title='bbox 3323 1861 3440 1914; x_wconf 88' lang='lat' dir='ltr'><strong>per-</strong></span> 
     </span>
    </p>
   </div>
   <div class='ocr_carea' id='block_1_36' title="bbox 188 1928 1757 2001">
    <p class='ocr_par' dir='ltr' id='par_1_36' title="bbox 188 1928 1757 2001">
     <span class='ocr_line' id='line_1_36' title="bbox 188 1928 1757 2001; baseline 0.001 -19"><span class='ocrx_word' id='word_1_257' title='bbox 188 1929 330 1984; x_wconf 80' lang='grc' dir='ltr'>εσθαι</span> <span class='ocrx_word' id='word_1_258' title='bbox 348 1930 448 1983; x_wconf 76' lang='grc' dir='ltr'>οὐκ</span> <span class='ocrx_word' id='word_1_259' title='bbox 465 1929 689 1992; x_wconf 78' lang='grc' dir='ltr'>ἀπαξιοῖ</span> <span class='ocrx_word' id='word_1_260' title='bbox 702 1929 800 2001; x_wconf 83' lang='grc' dir='ltr'>τὴν</span> <span class='ocrx_word' id='word_1_261' title='bbox 815 1928 1160 2000; x_wconf 84' lang='grc' dir='ltr'>ἀνθρωπίνην</span> <span class='ocrx_word' id='word_1_262' title='bbox 1178 1928 1375 2000; x_wconf 79' lang='grc' dir='ltr'>ψυχὴν,</span> <span class='ocrx_word' id='word_1_263' title='bbox 1395 1930 1487 1983; x_wconf 73' lang='grc' dir='ltr'><strong>καὶ</strong></span> <span class='ocrx_word' id='word_1_264' title='bbox 1503 1929 1570 1983; x_wconf 83' lang='grc' dir='ltr'>τὰ</span> <span class='ocrx_word' id='word_1_265' title='bbox 1586 1932 1757 1984; x_wconf 82' lang='grc' dir='ltr'>οἰκεῖα</span> 
     </span>
    </p>
   </div>
   <div class='ocr_carea' id='block_1_37' title="bbox 189 2017 1760 2094">
    <p class='ocr_par' dir='ltr' id='par_1_37' title="bbox 189 2017 1760 2094">
     <span class='ocr_line' id='line_1_37' title="bbox 189 2017 1760 2094; baseline 0.001 -22"><span class='ocrx_word' id='word_1_266' title='bbox 189 2020 466 2090; x_wconf 84' lang='grc' dir='ltr'>σπέρματα</span> <span class='ocrx_word' id='word_1_267' title='bbox 495 2021 554 2072; x_wconf 86' lang='grc' dir='ltr'><strong>ἐν</strong></span> <span class='ocrx_word' id='word_1_268' title='bbox 584 2019 719 2090; x_wconf 77' lang='grc' dir='ltr'>αὐτῇ</span> <span class='ocrx_word' id='word_1_269' title='bbox 751 2017 1212 2072; x_wconf 79' lang='grc' dir='ltr'>καταϐάλλεσθαι·</span> <span class='ocrx_word' id='word_1_270' title='bbox 1263 2021 1296 2090; x_wconf 83' lang='grc' dir='ltr'>ἡ</span> <span class='ocrx_word' id='word_1_271' title='bbox 1323 2019 1378 2072; x_wconf 87' lang='grc' dir='ltr'><strong>δὲ</strong></span> <span class='ocrx_word' id='word_1_272' title='bbox 1409 2018 1760 2094; x_wconf 87' lang='grc' dir='ltr'>μακρύνουσα</span> 
     </span>
    </p>
   </div>
   <div class='ocr_carea' id='block_1_38' title="bbox 183 2109 1760 2182">
    <p class='ocr_par' dir='ltr' id='par_1_38' title="bbox 183 2109 1760 2182">
     <span class='ocr_line' id='line_1_38' title="bbox 183 2109 1760 2182; baseline 0 -19"><span class='ocrx_word' id='word_1_273' title='bbox 183 2110 371 2181; x_wconf 74' lang='grc' dir='ltr'>ἑαυτὴν</span> <span class='ocrx_word' id='word_1_274' title='bbox 391 2110 486 2164; x_wconf 74' lang='grc' dir='ltr'><strong>καὶ</strong></span> <span class='ocrx_word' id='word_1_275' title='bbox 513 2110 718 2182; x_wconf 77' lang='grc' dir='ltr'>ἑτέροις</span> <span class='ocrx_word' id='word_1_276' title='bbox 745 2109 1057 2181; x_wconf 85' lang='grc' dir='ltr'>παρέχουσα</span> <span class='ocrx_word' id='word_1_277' title='bbox 1084 2111 1197 2172; x_wconf 82' lang='grc' dir='ltr'>τοῖς</span> <span class='ocrx_word' id='word_1_278' title='bbox 1220 2112 1648 2181; x_wconf 86' lang='grc' dir='ltr'>καταπορνεύειν</span> <span class='ocrx_word' id='word_1_279' title='bbox 1670 2112 1760 2163; x_wconf 86' lang='grc' dir='ltr'><strong>αὑ-</strong></span> 
     </span>
    </p>
   </div>
   <div class='ocr_carea' id='block_1_39' title="bbox 180 2199 1762 2274">
    <p class='ocr_par' dir='ltr' id='par_1_39' title="bbox 180 2199 1762 2274">
     <span class='ocr_line' id='line_1_39' title="bbox 180 2199 1762 2274; baseline 0.002 -20"><span class='ocrx_word' id='word_1_280' title='bbox 180 2201 273 2272; x_wconf 76' lang='grc' dir='ltr'>τὴν</span> <span class='ocrx_word' id='word_1_281' title='bbox 303 2199 584 2266; x_wconf 83' lang='grc' dir='ltr'>ἐθέλουσι,</span> <span class='ocrx_word' id='word_1_282' title='bbox 635 2200 907 2271; x_wconf 85' lang='grc' dir='ltr'>πνεύμασι</span> <span class='ocrx_word' id='word_1_283' title='bbox 939 2205 1193 2273; x_wconf 81' lang='grc' dir='ltr'>πονηροῖς</span> <span class='ocrx_word' id='word_1_284' title='bbox 1225 2203 1317 2256; x_wconf 73' lang='grc' dir='ltr'><strong>καὶ</strong></span> <span class='ocrx_word' id='word_1_285' title='bbox 1345 2203 1595 2274; x_wconf 86' lang='grc' dir='ltr'>δαίμοσιν</span> <span class='ocrx_word' id='word_1_286' title='bbox 1627 2205 1762 2257; x_wconf 87' lang='grc' dir='ltr'>ἀκα-</span> 
     </span>
    </p>
   </div>
   <div class='ocr_carea' id='block_1_40' title="bbox 178 2291 1760 2367">
    <p class='ocr_par' dir='ltr' id='par_1_40' title="bbox 178 2291 1760 2367">
     <span class='ocr_line' id='line_1_40' title="bbox 178 2291 1760 2367; baseline 0.002 -22"><span class='ocrx_word' id='word_1_287' title='bbox 178 2291 412 2366; x_wconf 83' lang='grc' dir='ltr'>θάρτοις,</span> <span class='ocrx_word' id='word_1_288' title='bbox 441 2293 476 2362; x_wconf 84' lang='grc' dir='ltr'>ἢ</span> <span class='ocrx_word' id='word_1_289' title='bbox 513 2291 793 2364; x_wconf 82' lang='grc' dir='ltr'>λογισμοῖς</span> <span class='ocrx_word' id='word_1_290' title='bbox 825 2293 1004 2356; x_wconf 81' lang='grc' dir='ltr'>ἀθέοις</span> <span class='ocrx_word' id='word_1_291' title='bbox 1034 2295 1127 2348; x_wconf 73' lang='grc' dir='ltr'>καὶ</span> <span class='ocrx_word' id='word_1_292' title='bbox 1156 2295 1432 2359; x_wconf 74' lang='grc' dir='ltr'>ἀσεϐέσιν,</span> <span class='ocrx_word' id='word_1_293' title='bbox 1464 2295 1497 2365; x_wconf 89' lang='grc' dir='ltr'>ἢ</span> <span class='ocrx_word' id='word_1_294' title='bbox 1529 2295 1760 2367; x_wconf 81' lang='grc' dir='ltr'>πράξεσι</span> 
     </span>
    </p>
   </div>
   <div class='ocr_carea' id='block_1_41' title="bbox 183 2384 1758 2458">
    <p class='ocr_par' dir='ltr' id='par_1_41' title="bbox 183 2384 1758 2458">
     <span class='ocr_line' id='line_1_41' title="bbox 183 2384 1758 2458; baseline 0.004 -22"><span class='ocrx_word' id='word_1_295' title='bbox 183 2386 398 2454; x_wconf 85' lang='grc' dir='ltr'>μιαραῖς</span> <span class='ocrx_word' id='word_1_296' title='bbox 420 2386 519 2438; x_wconf 64' lang='grc' dir='ltr'><strong>καὶ⁸</strong></span> <span class='ocrx_word' id='word_1_297' title='bbox 542 2384 894 2454; x_wconf 81' lang='grc' dir='ltr'>ἀκαθάρτοις,</span> <span class='ocrx_word' id='word_1_298' title='bbox 912 2386 1135 2449; x_wconf 78' lang='grc' dir='ltr'>εἰκότως</span> <span class='ocrx_word' id='word_1_299' title='bbox 1153 2385 1360 2458; x_wconf 78' lang='grc' dir='ltr'><strong>ὀλέθρῳ</strong></span> <span class='ocrx_word' id='word_1_300' title='bbox 1381 2387 1758 2458; x_wconf 78' lang='grc' dir='ltr'>παραδίδοται.</span> 
     </span>
    </p>
   </div>
   <div class='ocr_carea' id='block_1_42' title="bbox 174 2473 1763 2548">
    <p class='ocr_par' dir='ltr' id='par_1_42' title="bbox 174 2473 1763 2548">
     <span class='ocr_line' id='line_1_42' title="bbox 174 2473 1763 2548; baseline 0.004 -21"><span class='ocrx_word' id='word_1_301' title='bbox 174 2473 262 2528; x_wconf 83' lang='grc' dir='ltr'><strong>Διὸ</strong></span> <span class='ocrx_word' id='word_1_302' title='bbox 283 2474 537 2530; x_wconf 87' lang='grc' dir='ltr'>λέλεκται</span> <span class='ocrx_word' id='word_1_303' title='bbox 557 2493 571 2506; x_wconf 81' lang='grc'><em>’</em></span> <span class='ocrx_word' id='word_1_304' title='bbox 610 2476 704 2540; x_wconf 83' lang='grc' dir='ltr'><em>Ἐξ</em></span> <span class='ocrx_word' id='word_1_305' title='bbox 707 2478 1087 2544; x_wconf 74' lang='grc' dir='ltr'>ωλόθρευσας</span> <span class='ocrx_word' id='word_1_306' title='bbox 1109 2476 1304 2531; x_wconf 74' lang='grc' dir='ltr'>πάντα</span> <span class='ocrx_word' id='word_1_307' title='bbox 1323 2479 1428 2532; x_wconf 83' lang='grc' dir='ltr'><strong>τὸν</strong></span> <span class='ocrx_word' id='word_1_308' title='bbox 1448 2481 1763 2548; x_wconf 80' lang='grc' dir='ltr'>πορνεύον-</span> 
     </span>
    </p>
   </div>
   <div class='ocr_carea' id='block_1_43' title="bbox 175 2567 1762 2643">
    <p class='ocr_par' dir='ltr' id='par_1_43' title="bbox 175 2567 1762 2643">
     <span class='ocr_line' id='line_1_43' title="bbox 175 2567 1762 2643; baseline 0.004 -25"><span class='ocrx_word' id='word_1_309' title='bbox 175 2581 244 2618; x_wconf 78' lang='grc' dir='ltr'><strong>τα</strong></span> <span class='ocrx_word' id='word_1_310' title='bbox 268 2567 388 2621; x_wconf 77' lang='grc' dir='ltr'>ἀπὸ</span> <span class='ocrx_word' id='word_1_311' title='bbox 408 2567 553 2622; x_wconf 82' lang='grc' dir='ltr'>σοῦ.</span> <span class='ocrx_word' id='word_1_312' title='bbox 602 2567 763 2620; x_wconf 87' lang='grc' dir='ltr'>Ἀλλά</span> <span class='ocrx_word' id='word_1_313' title='bbox 786 2568 895 2639; x_wconf 77' lang='grc' dir='ltr'>γὰρ</span> <span class='ocrx_word' id='word_1_314' title='bbox 927 2569 1099 2622; x_wconf 88' lang='grc' dir='ltr'>ταῦτα</span> <span class='ocrx_word' id='word_1_315' title='bbox 1125 2567 1283 2632; x_wconf 79' lang='grc' dir='ltr'>εἰδὼς</span> <span class='ocrx_word' id='word_1_316' title='bbox 1311 2569 1443 2639; x_wconf 85' lang='grc' dir='ltr'>ἐγὼ,</span> <span class='ocrx_word' id='word_1_317' title='bbox 1477 2571 1572 2625; x_wconf 67' lang='grc' dir='ltr'><strong>κοιλ¹</strong></span> <span class='ocrx_word' id='word_1_318' title='bbox 1604 2571 1762 2643; x_wconf 86' lang='grc' dir='ltr'>ἀκρι-</span> 
     </span>
    </p>
   </div>
   <div class='ocr_carea' id='block_1_44' title="bbox 174 2657 1763 2736">
    <p class='ocr_par' dir='ltr' id='par_1_44' title="bbox 174 2657 1763 2736">
     <span class='ocr_line' id='line_1_44' title="bbox 174 2657 1763 2736; baseline 0.001 -22"><span class='ocrx_word' id='word_1_319' title='bbox 174 2657 280 2722; x_wconf 72' lang='grc' dir='ltr'>ϐῶς</span> <span class='ocrx_word' id='word_1_320' title='bbox 305 2659 678 2731; x_wconf 81' lang='grc' dir='ltr'>πεπεισμένος</span> <span class='ocrx_word' id='word_1_321' title='bbox 711 2661 958 2731; x_wconf 75' lang='grc' dir='ltr'>περὶτῆς</span> <span class='ocrx_word' id='word_1_322' title='bbox 989 2663 1089 2733; x_wconf 78' lang='grc' dir='ltr'>σῆς</span> <span class='ocrx_word' id='word_1_323' title='bbox 1109 2662 1326 2726; x_wconf 84' lang='grc' dir='ltr'>δικαίας</span> <span class='ocrx_word' id='word_1_324' title='bbox 1347 2664 1583 2732; x_wconf 83' lang='grc' dir='ltr'>κρίσεως</span> <span class='ocrx_word' id='word_1_325' title='bbox 1603 2705 1618 2723; x_wconf 84' lang='grc'><strong>,</strong></span> <span class='ocrx_word' id='word_1_326' title='bbox 1664 2663 1763 2736; x_wconf 81' lang='grc' dir='ltr'>τὴν</span> 
     </span>
    </p>
   </div>
   <div class='ocr_carea' id='block_1_45' title="bbox 173 2751 1765 2827">
    <p class='ocr_par' dir='ltr' id='par_1_45' title="bbox 173 2751 1765 2827">
     <span class='ocr_line' id='line_1_45' title="bbox 173 2751 1765 2827; baseline 0.004 -25"><span class='ocrx_word' id='word_1_327' title='bbox 173 2751 419 2805; x_wconf 76' lang='grc' dir='ltr'>ἐναντίαν</span> <span class='ocrx_word' id='word_1_328' title='bbox 453 2751 682 2823; x_wconf 81' lang='grc' dir='ltr'>εἱλόμην</span> <span class='ocrx_word' id='word_1_329' title='bbox 701 2755 812 2816; x_wconf 84' lang='grc' dir='ltr'>τοῖς</span> <span class='ocrx_word' id='word_1_330' title='bbox 843 2753 1082 2817; x_wconf 74' lang='grc' dir='ltr'>ἀσεϐέσι,</span> <span class='ocrx_word' id='word_1_331' title='bbox 1106 2755 1309 2827; x_wconf 88' lang='grc' dir='ltr'>καίπερ</span> <span class='ocrx_word' id='word_1_332' title='bbox 1339 2755 1413 2826; x_wconf 82' lang='grc' dir='ltr'>μὴ</span> <span class='ocrx_word' id='word_1_333' title='bbox 1436 2755 1572 2808; x_wconf 83' lang='grc' dir='ltr'>νοῶν</span> <span class='ocrx_word' id='word_1_334' title='bbox 1600 2754 1667 2808; x_wconf 83' lang='grc' dir='ltr'>τὰ</span> <span class='ocrx_word' id='word_1_335' title='bbox 1695 2755 1765 2808; x_wconf 82' lang='grc' dir='ltr'>σὰ</span> 
     </span>
    </p>
   </div>
   <div class='ocr_carea' id='block_1_46' title="bbox 173 2843 1761 2920">
    <p class='ocr_par' dir='ltr' id='par_1_46' title="bbox 173 2843 1761 2920">
     <span class='ocr_line' id='line_1_46' title="bbox 173 2843 1761 2920; baseline 0.004 -24"><span class='ocrx_word' id='word_1_336' title='bbox 173 2844 456 2916; x_wconf 83' lang='grc' dir='ltr'>μυστήρια</span> <span class='ocrx_word' id='word_1_337' title='bbox 478 2862 492 2876; x_wconf 92' lang='grc'><strong>·</strong></span> <span class='ocrx_word' id='word_1_338' title='bbox 529 2843 666 2898; x_wconf 85' lang='grc' dir='ltr'><strong>ἀλλά</strong></span> <span class='ocrx_word' id='word_1_339' title='bbox 699 2844 792 2898; x_wconf 57' lang='grc' dir='ltr'><strong>καὶ¹</strong></span> <span class='ocrx_word' id='word_1_340' title='bbox 832 2848 1112 2919; x_wconf 79' lang='grc' dir='ltr'>κτηνώδης</span> <span class='ocrx_word' id='word_1_341' title='bbox 1149 2848 1437 2919; x_wconf 89' lang='grc' dir='ltr'>γενόμενος</span> <span class='ocrx_word' id='word_1_342' title='bbox 1479 2849 1628 2920; x_wconf 76' lang='grc' dir='ltr'>παρὰ</span> <span class='ocrx_word' id='word_1_343' title='bbox 1659 2849 1761 2914; x_wconf 73' lang='grc' dir='ltr'>σοὶ,</span> 
     </span>
    </p>
   </div>
   <div class='ocr_carea' id='block_1_47' title="bbox 168 2937 1763 3013">
    <p class='ocr_par' dir='ltr' id='par_1_47' title="bbox 168 2937 1763 3013">
     <span class='ocr_line' id='line_1_47' title="bbox 168 2937 1763 3013; baseline 0.004 -24"><span class='ocrx_word' id='word_1_344' title='bbox 168 2937 316 3008; x_wconf 81' lang='grc' dir='ltr'>ὅμως</span> <span class='ocrx_word' id='word_1_345' title='bbox 341 2943 479 3011; x_wconf 84' lang='grc' dir='ltr'>συνή</span> <span class='ocrx_word' id='word_1_346' title='bbox 490 2955 599 3010; x_wconf 86' lang='grc' dir='ltr'><strong>μην</strong></span> <span class='ocrx_word' id='word_1_347' title='bbox 624 2956 706 2992; x_wconf 91' lang='grc' dir='ltr'><strong>σοι</strong></span> <span class='ocrx_word' id='word_1_348' title='bbox 735 2939 1041 3002; x_wconf 79' lang='grc' dir='ltr'>διαπαντός.</span> <span class='ocrx_word' id='word_1_349' title='bbox 1071 2941 1237 2994; x_wconf 80' lang='grc' dir='ltr'>Οὐδὲν</span> <span class='ocrx_word' id='word_1_350' title='bbox 1261 2941 1370 3013; x_wconf 90' lang='grc' dir='ltr'>γὰρ</span> <span class='ocrx_word' id='word_1_351' title='bbox 1397 2943 1522 3012; x_wconf 76' lang='grc' dir='ltr'>ἐμοὶ</span> <span class='ocrx_word' id='word_1_352' title='bbox 1549 2941 1763 2996; x_wconf 87' lang='grc' dir='ltr'>κάλλιον</span> 
     </span>
    </p>
   </div>
   <div class='ocr_carea' id='block_1_48' title="bbox 168 3029 1766 3104">
    <p class='ocr_par' dir='ltr' id='par_1_48' title="bbox 168 3029 1766 3104">
     <span class='ocr_line' id='line_1_48' title="bbox 168 3029 1766 3104; baseline 0.002 -23"><span class='ocrx_word' id='word_1_353' title='bbox 168 3030 421 3099; x_wconf 77' lang='grc' dir='ltr'>ἐφαίνετο</span> <span class='ocrx_word' id='word_1_354' title='bbox 446 3029 548 3084; x_wconf 91' lang='grc' dir='ltr'><strong>τοῦ</strong></span> <span class='ocrx_word' id='word_1_355' title='bbox 571 3031 1004 3102; x_wconf 77' lang='grc' dir='ltr'>προσκολλᾶσθαί</span> <span class='ocrx_word' id='word_1_356' title='bbox 1024 3049 1104 3084; x_wconf 89' lang='grc' dir='ltr'><strong>σοι</strong></span> <span class='ocrx_word' id='word_1_357' title='bbox 1129 3031 1205 3102; x_wconf 85' lang='grc' dir='ltr'>τῷ</span> <span class='ocrx_word' id='word_1_358' title='bbox 1222 3032 1340 3104; x_wconf 83' lang='grc' dir='ltr'>ἐμῷ</span> <span class='ocrx_word' id='word_1_359' title='bbox 1361 3032 1500 3104; x_wconf 80' lang='grc' dir='ltr'>Θεῷ,</span> <span class='ocrx_word' id='word_1_360' title='bbox 1522 3034 1614 3086; x_wconf 72' lang='grc' dir='ltr'><strong>καὶ</strong></span> <span class='ocrx_word' id='word_1_361' title='bbox 1642 3031 1766 3086; x_wconf 86' lang='grc' dir='ltr'>ταῦ-</span> 
     </span>
    </p>
   </div>
   <div class='ocr_carea' id='block_1_49' title="bbox 166 3123 1764 3196">
    <p class='ocr_par' dir='ltr' id='par_1_49' title="bbox 166 3123 1764 3196">
     <span class='ocr_line' id='line_1_49' title="bbox 166 3123 1764 3196; baseline 0.004 -22"><span class='ocrx_word' id='word_1_362' title='bbox 166 3137 232 3175; x_wconf 87' lang='grc' dir='ltr'><strong>τα</strong></span> <span class='ocrx_word' id='word_1_363' title='bbox 253 3123 539 3195; x_wconf 76' lang='grc' dir='ltr'>αἱρεῖσθαι</span> <span class='ocrx_word' id='word_1_364' title='bbox 571 3123 711 3193; x_wconf 84' lang='grc' dir='ltr'>ἀπερ</span> <span class='ocrx_word' id='word_1_365' title='bbox 763 3124 930 3188; x_wconf 78' lang='grc' dir='ltr'>αὐτὸς</span> <span class='ocrx_word' id='word_1_366' title='bbox 959 3124 1164 3196; x_wconf 84' lang='grc' dir='ltr'>ὥρισας</span> <span class='ocrx_word' id='word_1_367' title='bbox 1185 3127 1280 3180; x_wconf 71' lang='grc' dir='ltr'>καὶ</span> <span class='ocrx_word' id='word_1_368' title='bbox 1301 3127 1570 3180; x_wconf 84' lang='grc' dir='ltr'>ἐνετείλω.</span> <span class='ocrx_word' id='word_1_369' title='bbox 1607 3126 1764 3180; x_wconf 83' lang='grc' dir='ltr'>Οῦτω</span> 
     </span>
    </p>
   </div>
   <div class='ocr_carea' id='block_1_50' title="bbox 167 3184 1834 3288">
    <p class='ocr_par' dir='ltr' id='par_1_50' title="bbox 167 3184 1834 3288">
     <span class='ocr_line' id='line_1_50' title="bbox 167 3184 1834 3288; baseline 0.004 -21"><span class='ocrx_word' id='word_1_370' title='bbox 167 3213 275 3286; x_wconf 74' lang='grc' dir='ltr'>γὰρ</span> <span class='ocrx_word' id='word_1_371' title='bbox 364 3184 756 3284; x_wconf 50' lang='grc' dir='ltr'>κολλώμειλος</span> <span class='ocrx_word' id='word_1_372' title='bbox 778 3215 858 3282; x_wconf 86' lang='grc' dir='ltr'>τῷ</span> <span class='ocrx_word' id='word_1_373' title='bbox 884 3184 1079 3284; x_wconf 55' lang='grc' dir='ltr'>Κυρίῳ</span> <span class='ocrx_word' id='word_1_374' title='bbox 1201 3218 1439 3288; x_wconf 76' lang='grc' dir='ltr'>πνεῦμά</span> <span class='ocrx_word' id='word_1_375' title='bbox 1456 3220 1608 3273; x_wconf 85' lang='grc' dir='ltr'>ἐστι.</span> <span class='ocrx_word' id='word_1_376' title='bbox 1642 3221 1764 3272; x_wconf 76' lang='grc' dir='ltr'>Διό-ι</span> <span class='ocrx_word' id='word_1_377' title='bbox 1792 3184 1834 3242; x_wconf 74' lang='lat' dir='ltr'>c</span> 
     </span>
    </p>
   </div>
   <div class='ocr_carea' id='block_1_51' title="bbox 165 3307 1765 3381">
    <p class='ocr_par' dir='ltr' id='par_1_51' title="bbox 165 3307 1765 3381">
     <span class='ocr_line' id='line_1_51' title="bbox 165 3307 1765 3381; baseline 0.003 -22"><span class='ocrx_word' id='word_1_378' title='bbox 165 3323 270 3377; x_wconf 84' lang='grc' dir='ltr'><strong>περ</strong></span> <span class='ocrx_word' id='word_1_379' title='bbox 297 3308 430 3379; x_wconf 60' lang='grc' dir='ltr'><strong>ἐμοὶ¹</strong></span> <span class='ocrx_word' id='word_1_380' title='bbox 456 3307 612 3361; x_wconf 81' lang='grc' dir='ltr'>οὐδὲν</span> <span class='ocrx_word' id='word_1_381' title='bbox 641 3307 856 3361; x_wconf 81' lang='grc' dir='ltr'>κάλλιον</span> <span class='ocrx_word' id='word_1_382' title='bbox 877 3308 997 3362; x_wconf 81' lang='grc' dir='ltr'>οὐδὲ</span> <span class='ocrx_word' id='word_1_383' title='bbox 1024 3312 1269 3381; x_wconf 86' lang='grc' dir='ltr'>κρεῖττον</span> <span class='ocrx_word' id='word_1_384' title='bbox 1295 3312 1648 3380; x_wconf 82' lang='grc' dir='ltr'>κατεφαίνετο</span> <span class='ocrx_word' id='word_1_385' title='bbox 1670 3311 1765 3365; x_wconf 78' lang='grc' dir='ltr'><strong>τοῦ</strong></span> 
     </span>
    </p>
   </div>
   <div class='ocr_carea' id='block_1_52' title="bbox 167 3398 1770 3472">
    <p class='ocr_par' dir='ltr' id='par_1_52' title="bbox 167 3398 1770 3472">
     <span class='ocr_line' id='line_1_52' title="bbox 167 3398 1770 3472; baseline 0.006 -24"><span class='ocrx_word' id='word_1_386' title='bbox 167 3398 619 3467; x_wconf 78' lang='grc' dir='ltr'>προσκολλᾶσθαί</span> <span class='ocrx_word' id='word_1_387' title='bbox 645 3415 750 3452; x_wconf 91' lang='grc' dir='ltr'>σοι.</span> <span class='ocrx_word' id='word_1_388' title='bbox 785 3400 875 3452; x_wconf 82' lang='grc' dir='ltr'><strong>Διό</strong></span> <span class='ocrx_word' id='word_1_389' title='bbox 897 3417 1058 3470; x_wconf 69' lang='grc' dir='ltr'>φημι,</span> <span class='ocrx_word' id='word_1_390' title='bbox 1084 3403 1167 3455; x_wconf 83' lang='grc' dir='ltr'><strong>ὅτι</strong></span> <span class='ocrx_word' id='word_1_391' title='bbox 1201 3402 1360 3471; x_wconf 78' lang='grc' dir='ltr'>Ἐμοὶ</span> <span class='ocrx_word' id='word_1_392' title='bbox 1383 3403 1450 3457; x_wconf 85' lang='grc' dir='ltr'>τὸ</span> <span class='ocrx_word' id='word_1_393' title='bbox 1476 3406 1770 3472; x_wconf 74' lang='grc' dir='ltr'>προσκολ-</span> 
     </span>
    </p>
   </div>
   <div class='ocr_carea' id='block_1_53' title="bbox 159 3489 1769 3566">
    <p class='ocr_par' dir='ltr' id='par_1_53' title="bbox 159 3489 1769 3566">
     <span class='ocr_line' id='line_1_53' title="bbox 159 3489 1769 3566; baseline 0.002 -22"><span class='ocrx_word' id='word_1_394' title='bbox 159 3491 391 3546; x_wconf 74' lang='grc' dir='ltr'>λᾶσθαι</span> <span class='ocrx_word' id='word_1_395' title='bbox 427 3491 515 3558; x_wconf 77' lang='grc' dir='ltr'><strong>⁵τῷ</strong></span> <span class='ocrx_word' id='word_1_396' title='bbox 543 3489 664 3557; x_wconf 85' lang='grc' dir='ltr'>Θεῷ</span> <span class='ocrx_word' id='word_1_397' title='bbox 689 3493 915 3561; x_wconf 75' lang='grc' dir='ltr'>ἀγαθόν</span> <span class='ocrx_word' id='word_1_398' title='bbox 936 3494 1125 3548; x_wconf 84' lang='grc' dir='ltr'>ἐστιν.</span> <span class='ocrx_word' id='word_1_399' title='bbox 1151 3495 1213 3546; x_wconf 77' lang='lat' dir='ltr'><strong>Et</strong></span> <span class='ocrx_word' id='word_1_400' title='bbox 1243 3494 1353 3566; x_wconf 74' lang='grc' dir='ltr'><strong>γὰρ</strong></span> <span class='ocrx_word' id='word_1_401' title='bbox 1373 3495 1547 3559; x_wconf 78' lang='grc' dir='ltr'>οὐδεὶς</span> <span class='ocrx_word' id='word_1_402' title='bbox 1564 3493 1769 3563; x_wconf 75' lang='grc' dir='ltr'>ἀγαθὸς</span> 
     </span>
    </p>
   </div>
   <div class='ocr_carea' id='block_1_54' title="bbox 159 3579 1769 3658">
    <p class='ocr_par' dir='ltr' id='par_1_54' title="bbox 159 3579 1769 3658">
     <span class='ocr_line' id='line_1_54' title="bbox 159 3579 1769 3658; baseline 0.003 -22"><span class='ocrx_word' id='word_1_403' title='bbox 159 3585 208 3636; x_wconf 84' lang='grc' dir='ltr'><strong>εί</strong></span> <span class='ocrx_word' id='word_1_404' title='bbox 238 3584 318 3656; x_wconf 77' lang='grc' dir='ltr'>μὴ</span> <span class='ocrx_word' id='word_1_405' title='bbox 351 3579 442 3648; x_wconf 78' lang='grc' dir='ltr'>εἷς</span> <span class='ocrx_word' id='word_1_406' title='bbox 477 3586 509 3636; x_wconf 79' lang='grc' dir='ltr'>ὁ</span> <span class='ocrx_word' id='word_1_407' title='bbox 541 3583 674 3647; x_wconf 77' lang='grc' dir='ltr'>Θεὸς</span> <span class='ocrx_word' id='word_1_408' title='bbox 694 3623 709 3646; x_wconf 96' lang='grc'><strong>,</strong></span> <span class='ocrx_word' id='word_1_409' title='bbox 748 3583 910 3637; x_wconf 74' lang='grc' dir='ltr'>πόθεν</span> <span class='ocrx_word' id='word_1_410' title='bbox 944 3585 1010 3638; x_wconf 80' lang='grc' dir='ltr'><strong>ἂν</strong></span> <span class='ocrx_word' id='word_1_411' title='bbox 1040 3585 1250 3654; x_wconf 87' lang='grc' dir='ltr'>γένοιτο</span> <span class='ocrx_word' id='word_1_412' title='bbox 1282 3588 1454 3658; x_wconf 79' lang='grc' dir='ltr'>ἑτέρῳ</span> <span class='ocrx_word' id='word_1_413' title='bbox 1483 3605 1536 3640; x_wconf 89' lang='grc' dir='ltr'><strong>τι</strong></span> <span class='ocrx_word' id='word_1_414' title='bbox 1566 3587 1769 3656; x_wconf 76' lang='grc' dir='ltr'>ἀγαθὸν</span> 
     </span>
    </p>
   </div>
   <div class='ocr_carea' id='block_1_55' title="bbox 161 3675 1770 3753">
    <p class='ocr_par' dir='ltr' id='par_1_55' title="bbox 161 3675 1770 3753">
     <span class='ocr_line' id='line_1_55' title="bbox 161 3675 1770 3753; baseline 0.004 -24"><span class='ocrx_word' id='word_1_415' title='bbox 161 3676 190 3746; x_wconf 76' lang='grc' dir='ltr'>ἢ</span> <span class='ocrx_word' id='word_1_416' title='bbox 213 3678 281 3730; x_wconf 81' lang='grc' dir='ltr'><strong>ἐκ</strong></span> <span class='ocrx_word' id='word_1_417' title='bbox 303 3676 408 3730; x_wconf 87' lang='grc' dir='ltr'><strong>τοῦ</strong></span> <span class='ocrx_word' id='word_1_418' title='bbox 441 3675 889 3748; x_wconf 72' lang='grc' dir='ltr'>προσκολλᾶσθαι</span> <span class='ocrx_word' id='word_1_419' title='bbox 912 3675 1060 3746; x_wconf 84' lang='grc' dir='ltr'>αὐτῷ</span> <span class='ocrx_word' id='word_1_420' title='bbox 1081 3693 1094 3742; x_wconf 92' lang='grc'>;</span> <span class='ocrx_word' id='word_1_421' title='bbox 1117 3678 1226 3730; x_wconf 61' lang='grc' dir='ltr'>Καὶ</span> <span class='ocrx_word' id='word_1_422' title='bbox 1245 3679 1345 3750; x_wconf 68' lang='grc' dir='ltr'>ἢδη</span> <span class='ocrx_word' id='word_1_423' title='bbox 1372 3681 1470 3750; x_wconf 76' lang='grc' dir='ltr'>μὲν</span> <span class='ocrx_word' id='word_1_424' title='bbox 1490 3679 1770 3753; x_wconf 77' lang='grc' dir='ltr'>ἀπήλαυον</span> 
     </span>
    </p>
   </div>
   <div class='ocr_carea' id='block_1_56' title="bbox 159 3762 1772 3841">
    <p class='ocr_par' dir='ltr' id='par_1_56' title="bbox 159 3762 1772 3841">
     <span class='ocr_line' id='line_1_56' title="bbox 159 3762 1772 3841; baseline 0.004 -25"><span class='ocrx_word' id='word_1_425' title='bbox 159 3762 373 3827; x_wconf 83' lang='grc' dir='ltr'>παντὸς</span> <span class='ocrx_word' id='word_1_426' title='bbox 408 3763 657 3832; x_wconf 80' lang='grc' dir='ltr'>ἀγαθοῦ,</span> <span class='ocrx_word' id='word_1_427' title='bbox 712 3763 1052 3834; x_wconf 85' lang='grc' dir='ltr'>κολλώμενος</span> <span class='ocrx_word' id='word_1_428' title='bbox 1097 3766 1194 3820; x_wconf 72' lang='grc' dir='ltr'>καὶ</span> <span class='ocrx_word' id='word_1_429' title='bbox 1246 3769 1646 3839; x_wconf 86' lang='grc' dir='ltr'>συναπτόμενος</span> <span class='ocrx_word' id='word_1_430' title='bbox 1696 3770 1772 3841; x_wconf 81' lang='grc' dir='ltr'>τῷ</span> 
     </span>
    </p>
   </div>
   <div class='ocr_carea' id='block_1_57' title="bbox 153 3855 1772 3929">
    <p class='ocr_par' dir='ltr' id='par_1_57' title="bbox 153 3855 1772 3929">
     <span class='ocr_line' id='line_1_57' title="bbox 153 3855 1772 3929; baseline 0.006 -22"><span class='ocrx_word' id='word_1_431' title='bbox 153 3855 277 3926; x_wconf 83' lang='grc' dir='ltr'><strong>Θεῷ</strong></span> <span class='ocrx_word' id='word_1_432' title='bbox 297 3874 313 3887; x_wconf 79' lang='grc' dir='ltr'><strong><em>ο</em></strong></span> <span class='ocrx_word' id='word_1_433' title='bbox 364 3856 522 3910; x_wconf 76' lang='grc' dir='ltr'>ὥστε</span> <span class='ocrx_word' id='word_1_434' title='bbox 549 3856 756 3926; x_wconf 88' lang='grc' dir='ltr'>λέγειν·</span> <span class='ocrx_word' id='word_1_435' title='bbox 806 3855 1134 3924; x_wconf 73' lang='grc' dir='ltr'>Ἐκολλήθη</span> <span class='ocrx_word' id='word_1_436' title='bbox 1162 3858 1354 3911; x_wconf 68' lang='grc' dir='ltr'>ὀπίσω</span> <span class='ocrx_word' id='word_1_437' title='bbox 1383 3875 1500 3913; x_wconf 87' lang='grc' dir='ltr'><strong>σου</strong></span> <span class='ocrx_word' id='word_1_438' title='bbox 1534 3861 1572 3924; x_wconf 76' lang='grc' dir='ltr'>ἡ</span> <span class='ocrx_word' id='word_1_439' title='bbox 1603 3859 1772 3929; x_wconf 73' lang='grc' dir='ltr'><strong>ψυχή</strong></span> 
     </span>
    </p>
   </div>
   <div class='ocr_carea' id='block_1_58' title="bbox 147 3948 1775 4021">
    <p class='ocr_par' dir='ltr' id='par_1_58' title="bbox 147 3948 1775 4021">
     <span class='ocr_line' id='line_1_58' title="bbox 147 3948 1775 4021; baseline 0.004 -21"><span class='ocrx_word' id='word_1_440' title='bbox 147 3965 295 4017; x_wconf 79' lang='grc' dir='ltr'>μου.</span> <span class='ocrx_word' id='word_1_441' title='bbox 363 3949 491 4002; x_wconf 77' lang='grc' dir='ltr'>Καὶ</span> <span class='ocrx_word' id='word_1_442' title='bbox 530 3951 610 4012; x_wconf 84' lang='grc' dir='ltr'><strong>είς</strong></span> <span class='ocrx_word' id='word_1_443' title='bbox 649 3949 740 4002; x_wconf 80' lang='grc' dir='ltr'><strong>τὸν</strong></span> <span class='ocrx_word' id='word_1_444' title='bbox 796 3948 1056 4019; x_wconf 80' lang='grc' dir='ltr'>μέλλοντα</span> <span class='ocrx_word' id='word_1_445' title='bbox 1082 3949 1141 4003; x_wconf 86' lang='grc' dir='ltr'><strong>δὲ</strong></span> <span class='ocrx_word' id='word_1_446' title='bbox 1186 3950 1376 4021; x_wconf 81' lang='grc' dir='ltr'>χρόνον</span> <span class='ocrx_word' id='word_1_447' title='bbox 1404 3951 1616 4021; x_wconf 80' lang='grc' dir='ltr'>ἀγαθὰς</span> <span class='ocrx_word' id='word_1_448' title='bbox 1645 3952 1775 4006; x_wconf 67' lang='grc' dir='ltr'>ὑπέα</span> 
     </span>
    </p>
   </div>
   <div class='ocr_carea' id='block_1_59' title="bbox 151 4039 1772 4114">
    <p class='ocr_par' dir='ltr' id='par_1_59' title="bbox 151 4039 1772 4114">
     <span class='ocr_line' id='line_1_59' title="bbox 151 4039 1772 4114; baseline 0.002 -20"><span class='ocrx_word' id='word_1_449' title='bbox 151 4057 379 4112; x_wconf 58' lang='grc' dir='ltr'>γραφον</span> <span class='ocrx_word' id='word_1_450' title='bbox 401 4041 636 4105; x_wconf 84' lang='grc' dir='ltr'>ἐλπίδας</span> <span class='ocrx_word' id='word_1_451' title='bbox 658 4039 900 4112; x_wconf 77' lang='grc' dir='ltr'>ἐμαυτῷ.</span> <span class='ocrx_word' id='word_1_452' title='bbox 935 4040 1061 4093; x_wconf 82' lang='grc' dir='ltr'><strong>Ἕτε</strong></span> <span class='ocrx_word' id='word_1_453' title='bbox 1071 4041 1162 4112; x_wconf 81' lang='grc' dir='ltr'>ρόν</span> <span class='ocrx_word' id='word_1_454' title='bbox 1193 4059 1252 4094; x_wconf 88' lang='grc' dir='ltr'><strong>τε</strong></span> <span class='ocrx_word' id='word_1_455' title='bbox 1272 4041 1432 4095; x_wconf 87' lang='grc' dir='ltr'>τοῦτο</span> <span class='ocrx_word' id='word_1_456' title='bbox 1452 4043 1655 4111; x_wconf 85' lang='grc' dir='ltr'>ἀγαθόν</span> <span class='ocrx_word' id='word_1_457' title='bbox 1683 4061 1772 4114; x_wconf 88' lang='grc' dir='ltr'><strong>μοι</strong></span> 
     </span>
    </p>
   </div>
   <div class='ocr_carea' id='block_1_60' title="bbox 150 4127 1772 4204">
    <p class='ocr_par' dir='ltr' id='par_1_60' title="bbox 150 4127 1772 4204">
     <span class='ocr_line' id='line_1_60' title="bbox 150 4127 1772 4204; baseline 0.002 -19"><span class='ocrx_word' id='word_1_458' title='bbox 150 4127 256 4203; x_wconf 81' lang='grc' dir='ltr'>ἦν,</span> <span class='ocrx_word' id='word_1_459' title='bbox 286 4135 356 4188; x_wconf 85' lang='grc' dir='ltr'>τὺ</span> <span class='ocrx_word' id='word_1_460' title='bbox 391 4135 672 4189; x_wconf 80' lang='grc' dir='ltr'>τίθεσθαι</span> <span class='ocrx_word' id='word_1_461' title='bbox 710 4135 780 4188; x_wconf 75' lang='grc' dir='ltr'>ἐν</span> <span class='ocrx_word' id='word_1_462' title='bbox 813 4134 1010 4202; x_wconf 79' lang='grc' dir='ltr'>Κυρίῳ</span> <span class='ocrx_word' id='word_1_463' title='bbox 1041 4133 1156 4202; x_wconf 76' lang='grc' dir='ltr'><strong>τὴν</strong></span> <span class='ocrx_word' id='word_1_464' title='bbox 1186 4133 1404 4188; x_wconf 80' lang='grc' dir='ltr'>ἐλπίδα</span> <span class='ocrx_word' id='word_1_465' title='bbox 1431 4152 1570 4204; x_wconf 79' lang='grc' dir='ltr'>μου.</span> <span class='ocrx_word' id='word_1_466' title='bbox 1607 4135 1772 4200; x_wconf 86' lang='grc' dir='ltr'>Τέλος</span> 
     </span>
    </p>
   </div>
   <div class='ocr_carea' id='block_1_61' title="bbox 147 4225 1772 4301">
    <p class='ocr_par' dir='ltr' id='par_1_61' title="bbox 147 4225 1772 4301">
     <span class='ocr_line' id='line_1_61' title="bbox 147 4225 1772 4301; baseline 0.003 -22"><span class='ocrx_word' id='word_1_467' title='bbox 147 4226 263 4297; x_wconf 88' lang='grc' dir='ltr'>γάρ</span> <span class='ocrx_word' id='word_1_468' title='bbox 302 4243 406 4297; x_wconf 85' lang='grc' dir='ltr'><strong>μοι</strong></span> <span class='ocrx_word' id='word_1_469' title='bbox 433 4226 545 4299; x_wconf 83' lang='grc' dir='ltr'>τῆς</span> <span class='ocrx_word' id='word_1_470' title='bbox 573 4227 754 4299; x_wconf 72' lang='grc' dir='ltr'>πάσης</span> <span class='ocrx_word' id='word_1_471' title='bbox 781 4229 996 4293; x_wconf 77' lang='grc' dir='ltr'>ἐλπίδος</span> <span class='ocrx_word' id='word_1_472' title='bbox 1023 4225 1091 4301; x_wconf 84' lang='grc' dir='ltr'>ἦν</span> <span class='ocrx_word' id='word_1_473' title='bbox 1118 4229 1180 4282; x_wconf 83' lang='grc' dir='ltr'><strong>τὸ</strong></span> <span class='ocrx_word' id='word_1_474' title='bbox 1199 4230 1539 4300; x_wconf 74' lang='grc' dir='ltr'>ἐξαγγεῖλαι</span> <span class='ocrx_word' id='word_1_475' title='bbox 1568 4230 1772 4297; x_wconf 79' lang='grc' dir='ltr'>πάσας</span> 
     </span>
    </p>
   </div>
   <div class='ocr_carea' id='block_1_62' title="bbox 147 4317 1771 4392">
    <p class='ocr_par' dir='ltr' id='par_1_62' title="bbox 147 4317 1771 4392">
     <span class='ocr_line' id='line_1_62' title="bbox 147 4317 1771 4392; baseline 0.003 -22"><span class='ocrx_word' id='word_1_476' title='bbox 147 4317 261 4384; x_wconf 82' lang='grc' dir='ltr'>τὰς</span> <span class='ocrx_word' id='word_1_477' title='bbox 308 4319 601 4386; x_wconf 74' lang='grc' dir='ltr'>αἰνέσεις</span> <span class='ocrx_word' id='word_1_478' title='bbox 640 4337 758 4374; x_wconf 88' lang='grc' dir='ltr'><strong>σου</strong></span> <span class='ocrx_word' id='word_1_479' title='bbox 795 4322 866 4375; x_wconf 81' lang='grc' dir='ltr'>ἐν</span> <span class='ocrx_word' id='word_1_480' title='bbox 904 4321 1032 4390; x_wconf 82' lang='grc' dir='ltr'>ταῖς</span> <span class='ocrx_word' id='word_1_481' title='bbox 1071 4325 1293 4389; x_wconf 75' lang='grc' dir='ltr'>πύλαις</span> <span class='ocrx_word' id='word_1_482' title='bbox 1334 4322 1446 4391; x_wconf 80' lang='grc' dir='ltr'>τῆς</span> <span class='ocrx_word' id='word_1_483' title='bbox 1482 4323 1771 4392; x_wconf 82' lang='grc' dir='ltr'>θυγατρὸς</span> 
     </span>
    </p>
   </div>
   <div class='ocr_carea' id='block_1_63' title="bbox 144 4411 1772 4487">
    <p class='ocr_par' dir='ltr' id='par_1_63' title="bbox 144 4411 1772 4487">
     <span class='ocr_line' id='line_1_63' title="bbox 144 4411 1772 4487; baseline 0.002 -24"><span class='ocrx_word' id='word_1_484' title='bbox 144 4411 334 4468; x_wconf 77' lang='grc' dir='ltr'>Σιών.</span> <span class='ocrx_word' id='word_1_485' title='bbox 391 4412 783 4478; x_wconf 73' lang='grc' dir='ltr'>Καταξιωθεὶς</span> <span class='ocrx_word' id='word_1_486' title='bbox 807 4414 916 4484; x_wconf 81' lang='grc' dir='ltr'>γὰρ</span> <span class='ocrx_word' id='word_1_487' title='bbox 944 4415 1046 4485; x_wconf 81' lang='grc' dir='ltr'>τῆς</span> <span class='ocrx_word' id='word_1_488' title='bbox 1078 4417 1157 4480; x_wconf 80' lang='grc' dir='ltr'>εἰς</span> <span class='ocrx_word' id='word_1_489' title='bbox 1188 4415 1288 4487; x_wconf 81' lang='grc' dir='ltr'><strong>τὴν</strong></span> <span class='ocrx_word' id='word_1_490' title='bbox 1327 4415 1480 4469; x_wconf 87' lang='grc' dir='ltr'>πόλιν</span> <span class='ocrx_word' id='word_1_491' title='bbox 1515 4431 1608 4468; x_wconf 92' lang='grc' dir='ltr'><strong>σου</strong></span> <span class='ocrx_word' id='word_1_492' title='bbox 1637 4414 1772 4467; x_wconf 79' lang='grc' dir='ltr'>εἰσό-</span> 
     </span>
    </p>
   </div>
   <div class='ocr_carea' id='block_1_64' title="bbox 1860 1932 3436 2000">
    <p class='ocr_par' dir='ltr' id='par_1_64' title="bbox 1860 1932 3436 2000">
     <span class='ocr_line' id='line_1_64' title="bbox 1860 1932 3436 2000; baseline 0.002 -13"><span class='ocrx_word' id='word_1_493' title='bbox 1860 1934 2020 1988; x_wconf 90' lang='lat' dir='ltr'><strong>niciei</strong></span> <span class='ocrx_word' id='word_1_494' title='bbox 2046 1933 2302 1988; x_wconf 83' lang='lat' dir='ltr'><strong>traditur.</strong></span> <span class='ocrx_word' id='word_1_495' title='bbox 2345 1932 2525 2000; x_wconf 83' lang='lat' dir='ltr'><strong>Quare</strong></span> <span class='ocrx_word' id='word_1_496' title='bbox 2555 1935 2761 1990; x_wconf 90' lang='lat' dir='ltr'><strong>dictum</strong></span> <span class='ocrx_word' id='word_1_497' title='bbox 2791 1943 2912 1990; x_wconf 89' lang='lat' dir='ltr'><strong>est:</strong></span> <span class='ocrx_word' id='word_1_498' title='bbox 2942 1934 3239 1990; x_wconf 89' lang='lat' dir='ltr'><strong>Perdidisti</strong></span> <span class='ocrx_word' id='word_1_499' title='bbox 3260 1952 3436 1990; x_wconf 80' lang='lat' dir='ltr'><strong>omnes</strong></span> 
     </span>
    </p>
   </div>
   <div class='ocr_carea' id='block_1_65' title="bbox 1859 2026 3436 2099">
    <p class='ocr_par' dir='ltr' id='par_1_65' title="bbox 1859 2026 3436 2099">
     <span class='ocr_line' id='line_1_65' title="bbox 1859 2026 3436 2099; baseline 0.003 -21"><span class='ocrx_word' id='word_1_500' title='bbox 1859 2027 1948 2096; x_wconf 85' lang='lat' dir='ltr'><strong>qui</strong></span> <span class='ocrx_word' id='word_1_501' title='bbox 1980 2026 2314 2094; x_wconf 78' lang='lat' dir='ltr'><strong>fornicamur</strong></span> <span class='ocrx_word' id='word_1_502' title='bbox 2337 2027 2431 2080; x_wconf 87' lang='lat' dir='ltr'><strong>abs</strong></span> <span class='ocrx_word' id='word_1_503' title='bbox 2465 2035 2530 2080; x_wconf 86' lang='lat' dir='ltr'><strong>te.</strong></span> <span class='ocrx_word' id='word_1_504' title='bbox 2567 2026 2770 2082; x_wconf 83' lang='lat' dir='ltr'><strong>Verum</strong></span> <span class='ocrx_word' id='word_1_505' title='bbox 2793 2043 2892 2098; x_wconf 76' lang='lat' dir='ltr'><strong>ego</strong></span> <span class='ocrx_word' id='word_1_506' title='bbox 2915 2027 3029 2083; x_wconf 74' lang='lat' dir='ltr'><strong>htec</strong></span> <span class='ocrx_word' id='word_1_507' title='bbox 3048 2029 3216 2099; x_wconf 88' lang='lat' dir='ltr'><strong>probe</strong></span> <span class='ocrx_word' id='word_1_508' title='bbox 3232 2029 3436 2090; x_wconf 89' lang='lat' dir='ltr'><strong>sciens,</strong></span> 
     </span>
    </p>
   </div>
   <div class='ocr_carea' id='block_1_66' title="bbox 1861 2109 3438 2186">
    <p class='ocr_par' dir='ltr' id='par_1_66' title="bbox 1861 2109 3438 2186">
     <span class='ocr_line' id='line_1_66' title="bbox 1861 2109 3438 2186; baseline -0.002 -16"><span class='ocrx_word' id='word_1_509' title='bbox 1861 2132 1925 2170; x_wconf 91' lang='lat' dir='ltr'><strong>ac</strong></span> <span class='ocrx_word' id='word_1_510' title='bbox 1957 2117 2115 2186; x_wconf 89' lang='lat' dir='ltr'><strong>plane</strong></span> <span class='ocrx_word' id='word_1_511' title='bbox 2148 2117 2215 2171; x_wconf 90' lang='lat' dir='ltr'><strong>de</strong></span> <span class='ocrx_word' id='word_1_512' title='bbox 2242 2117 2394 2186; x_wconf 85' lang='lat' dir='ltr'><strong>justo</strong></span> <span class='ocrx_word' id='word_1_513' title='bbox 2420 2109 2630 2186; x_wconf 85' lang='lat' dir='ltr'><strong>judicio</strong></span> <span class='ocrx_word' id='word_1_514' title='bbox 2658 2127 2750 2171; x_wconf 89' lang='lat' dir='ltr'><strong>tuo</strong></span> <span class='ocrx_word' id='word_1_515' title='bbox 2783 2133 3106 2186; x_wconf 73' lang='lat' dir='ltr'><strong>persuasus,</strong></span> <span class='ocrx_word' id='word_1_516' title='bbox 3146 2117 3438 2171; x_wconf 81' lang='lat' dir='ltr'><strong>adversam</strong></span> 
     </span>
    </p>
   </div>
   <div class='ocr_carea' id='block_1_67' title="bbox 1863 2207 3439 2278">
    <p class='ocr_par' dir='ltr' id='par_1_67' title="bbox 1863 2207 3439 2278">
     <span class='ocr_line' id='line_1_67' title="bbox 1863 2207 3439 2278; baseline -0.002 -16"><span class='ocrx_word' id='word_1_517' title='bbox 1863 2208 2045 2278; x_wconf 89' lang='lat' dir='ltr'><strong>impiis</strong></span> <span class='ocrx_word' id='word_1_518' title='bbox 2061 2208 2194 2278; x_wconf 86' lang='lat' dir='ltr'><strong>elegi</strong></span> <span class='ocrx_word' id='word_1_519' title='bbox 2221 2209 2384 2274; x_wconf 88' lang='lat' dir='ltr'><strong>viam,</strong></span> <span class='ocrx_word' id='word_1_520' title='bbox 2411 2207 2626 2262; x_wconf 87' lang='lat' dir='ltr'><strong>etiamsi</strong></span> <span class='ocrx_word' id='word_1_521' title='bbox 2649 2209 2905 2278; x_wconf 82' lang='lat' dir='ltr'><strong>mysteria</strong></span> <span class='ocrx_word' id='word_1_522' title='bbox 2931 2218 3021 2261; x_wconf 86' lang='lat' dir='ltr'><strong>tua</strong></span> <span class='ocrx_word' id='word_1_523' title='bbox 3041 2224 3150 2262; x_wconf 87' lang='lat' dir='ltr'><strong>non</strong></span> <span class='ocrx_word' id='word_1_524' title='bbox 3170 2207 3439 2276; x_wconf 82' lang='lat' dir='ltr'><strong>intellige-</strong></span> 
     </span>
    </p>
   </div>
   <div class='ocr_carea' id='block_1_68' title="bbox 1863 2299 3440 2371">
    <p class='ocr_par' dir='ltr' id='par_1_68' title="bbox 1863 2299 3440 2371">
     <span class='ocr_line' id='line_1_68' title="bbox 1863 2299 3440 2371; baseline -0.002 -17"><span class='ocrx_word' id='word_1_525' title='bbox 1863 2317 2007 2368; x_wconf 87' lang='lat' dir='ltr'><strong>rem;</strong></span> <span class='ocrx_word' id='word_1_526' title='bbox 2029 2301 2122 2356; x_wconf 91' lang='lat' dir='ltr'><strong>sed</strong></span> <span class='ocrx_word' id='word_1_527' title='bbox 2140 2309 2194 2356; x_wconf 91' lang='lat' dir='ltr'><strong>et</strong></span> <span class='ocrx_word' id='word_1_528' title='bbox 2221 2301 2474 2371; x_wconf 85' lang='lat' dir='ltr'><strong>quamvis</strong></span> <span class='ocrx_word' id='word_1_529' title='bbox 2495 2300 2874 2369; x_wconf 79' lang='lat' dir='ltr'><strong>utjumentutn</strong></span> <span class='ocrx_word' id='word_1_530' title='bbox 2899 2300 3074 2356; x_wconf 85' lang='lat' dir='ltr'><strong>factus</strong></span> <span class='ocrx_word' id='word_1_531' title='bbox 3097 2316 3273 2357; x_wconf 89' lang='lat' dir='ltr'><strong>essem</strong></span> <span class='ocrx_word' id='word_1_532' title='bbox 3295 2299 3440 2369; x_wconf 89' lang='lat' dir='ltr'><strong>apud</strong></span> 
     </span>
    </p>
   </div>
   <div class='ocr_carea' id='block_1_69' title="bbox 1863 2391 3440 2463">
    <p class='ocr_par' dir='ltr' id='par_1_69' title="bbox 1863 2391 3440 2463">
     <span class='ocr_line' id='line_1_69' title="bbox 1863 2391 3440 2463; baseline -0.001 -17"><span class='ocrx_word' id='word_1_533' title='bbox 1863 2401 1935 2457; x_wconf 90' lang='lat' dir='ltr'><strong>te,</strong></span> <span class='ocrx_word' id='word_1_534' title='bbox 1956 2400 2192 2448; x_wconf 86' lang='lat' dir='ltr'><strong>attamen</strong></span> <span class='ocrx_word' id='word_1_535' title='bbox 2223 2408 2330 2448; x_wconf 93' lang='lat' dir='ltr'><strong>una</strong></span> <span class='ocrx_word' id='word_1_536' title='bbox 2350 2402 2530 2448; x_wconf 86' lang='lat' dir='ltr'><strong>tecum</strong></span> <span class='ocrx_word' id='word_1_537' title='bbox 2548 2407 2695 2447; x_wconf 90' lang='lat' dir='ltr'><strong>eram</strong></span> <span class='ocrx_word' id='word_1_538' title='bbox 2717 2408 2953 2462; x_wconf 89' lang='lat' dir='ltr'><strong>semper.</strong></span> <span class='ocrx_word' id='word_1_539' title='bbox 2978 2393 3121 2447; x_wconf 85' lang='lat' dir='ltr'><strong>Nihil</strong></span> <span class='ocrx_word' id='word_1_540' title='bbox 3147 2393 3291 2447; x_wconf 93' lang='lat' dir='ltr'><strong>enim</strong></span> <span class='ocrx_word' id='word_1_541' title='bbox 3315 2391 3440 2463; x_wconf 86' lang='lat' dir='ltr'><strong>pul-</strong></span> 
     </span>
    </p>
   </div>
   <div class='ocr_carea' id='block_1_70' title="bbox 1863 2483 3443 2554">
    <p class='ocr_par' dir='ltr' id='par_1_70' title="bbox 1863 2483 3443 2554">
     <span class='ocr_line' id='line_1_70' title="bbox 1863 2483 3443 2554; baseline -0.001 -15"><span class='ocrx_word' id='word_1_542' title='bbox 1863 2484 2050 2540; x_wconf 90' lang='lat' dir='ltr'><strong>chrius</strong></span> <span class='ocrx_word' id='word_1_543' title='bbox 2085 2484 2214 2538; x_wconf 89' lang='lat' dir='ltr'><strong>mihi</strong></span> <span class='ocrx_word' id='word_1_544' title='bbox 2265 2485 2553 2539; x_wconf 87' lang='lat' dir='ltr'><strong>videbatur</strong></span> <span class='ocrx_word' id='word_1_545' title='bbox 2604 2500 2748 2549; x_wconf 92' lang='lat' dir='ltr'><strong>esse,</strong></span> <span class='ocrx_word' id='word_1_546' title='bbox 2795 2501 2957 2554; x_wconf 85' lang='lat' dir='ltr'><strong>quam</strong></span> <span class='ocrx_word' id='word_1_547' title='bbox 3016 2484 3111 2539; x_wconf 91' lang='lat' dir='ltr'><strong>tibi</strong></span> <span class='ocrx_word' id='word_1_548' title='bbox 3162 2483 3271 2539; x_wconf 90' lang='lat' dir='ltr'><strong>Deo</strong></span> <span class='ocrx_word' id='word_1_549' title='bbox 3321 2500 3443 2539; x_wconf 87' lang='lat' dir='ltr'><strong>meo</strong></span> 
     </span>
    </p>
   </div>
   <div class='ocr_carea' id='block_1_71' title="bbox 1865 2575 3441 2646">
    <p class='ocr_par' dir='ltr' id='par_1_71' title="bbox 1865 2575 3441 2646">
     <span class='ocr_line' id='line_1_71' title="bbox 1865 2575 3441 2646; baseline -0.002 -14"><span class='ocrx_word' id='word_1_550' title='bbox 1865 2579 2164 2639; x_wconf 66' lang='lat' dir='ltr'><strong>adhmrere,</strong></span> <span class='ocrx_word' id='word_1_551' title='bbox 2197 2577 2400 2645; x_wconf 89' lang='lat' dir='ltr'><strong>illaque</strong></span> <span class='ocrx_word' id='word_1_552' title='bbox 2444 2577 2671 2646; x_wconf 87' lang='lat' dir='ltr'><strong>diligere</strong></span> <span class='ocrx_word' id='word_1_553' title='bbox 2706 2593 2828 2645; x_wconf 86' lang='lat' dir='ltr'><strong>quae</strong></span> <span class='ocrx_word' id='word_1_554' title='bbox 2865 2585 2918 2630; x_wconf 92' lang='lat' dir='ltr'><strong>tu</strong></span> <span class='ocrx_word' id='word_1_555' title='bbox 2952 2575 3171 2646; x_wconf 89' lang='lat' dir='ltr'><strong>jussisti</strong></span> <span class='ocrx_word' id='word_1_556' title='bbox 3209 2591 3272 2629; x_wconf 89' lang='lat' dir='ltr'><strong>ac</strong></span> <span class='ocrx_word' id='word_1_557' title='bbox 3303 2591 3441 2644; x_wconf 65' lang='lat' dir='ltr'><strong>prm-</strong></span> 
     </span>
    </p>
   </div>
   <div class='ocr_carea' id='block_1_72' title="bbox 1865 2664 3443 2739">
    <p class='ocr_par' dir='ltr' id='par_1_72' title="bbox 1865 2664 3443 2739">
     <span class='ocr_line' id='line_1_72' title="bbox 1865 2664 3443 2739; baseline -0.004 -16"><span class='ocrx_word' id='word_1_558' title='bbox 1865 2668 2075 2739; x_wconf 85' lang='lat' dir='ltr'><strong>cepisti.</strong></span> <span class='ocrx_word' id='word_1_559' title='bbox 2102 2666 2177 2720; x_wconf 87' lang='lat' dir='ltr'><strong>Ita</strong></span> <span class='ocrx_word' id='word_1_560' title='bbox 2203 2668 2348 2722; x_wconf 85' lang='lat' dir='ltr'><strong>enim</strong></span> <span class='ocrx_word' id='word_1_561' title='bbox 2387 2667 2474 2738; x_wconf 89' lang='lat' dir='ltr'><strong>qui</strong></span> <span class='ocrx_word' id='word_1_562' title='bbox 2513 2667 2744 2718; x_wconf 77' lang='lat' dir='ltr'><strong>adhwret</strong></span> <span class='ocrx_word' id='word_1_563' title='bbox 2779 2666 3004 2719; x_wconf 85' lang='lat' dir='ltr'><strong>Domino</strong></span> <span class='ocrx_word' id='word_1_564' title='bbox 3055 2682 3189 2719; x_wconf 83' lang='lat' dir='ltr'><strong>unus</strong></span> <span class='ocrx_word' id='word_1_565' title='bbox 3221 2664 3443 2730; x_wconf 78' lang='lat' dir='ltr'><strong>spiritus</strong></span> 
     </span>
    </p>
   </div>
   <div class='ocr_carea' id='block_1_73' title="bbox 1863 2755 3438 2828">
    <p class='ocr_par' dir='ltr' id='par_1_73' title="bbox 1863 2755 3438 2828">
     <span class='ocr_line' id='line_1_73' title="bbox 1863 2755 3438 2828; baseline -0.005 -12"><span class='ocrx_word' id='word_1_566' title='bbox 1863 2771 1939 2816; x_wconf 86' lang='lat' dir='ltr'><strong>est</strong></span> <span class='ocrx_word' id='word_1_567' title='bbox 1965 2762 2007 2816; x_wconf 82' lang='grc'>⁸.</span> <span class='ocrx_word' id='word_1_568' title='bbox 2038 2760 2164 2815; x_wconf 85' lang='lat' dir='ltr'><strong>Ideo</strong></span> <span class='ocrx_word' id='word_1_569' title='bbox 2208 2760 2342 2813; x_wconf 90' lang='lat' dir='ltr'><strong>nihil</strong></span> <span class='ocrx_word' id='word_1_570' title='bbox 2387 2759 2517 2811; x_wconf 90' lang='lat' dir='ltr'><strong>mihi</strong></span> <span class='ocrx_word' id='word_1_571' title='bbox 2555 2757 2857 2828; x_wconf 87' lang='lat' dir='ltr'><strong>pulchrius,</strong></span> <span class='ocrx_word' id='word_1_572' title='bbox 2896 2756 3032 2810; x_wconf 83' lang='lat' dir='ltr'><strong>nihil</strong></span> <span class='ocrx_word' id='word_1_573' title='bbox 3064 2755 3258 2810; x_wconf 89' lang='lat' dir='ltr'><strong>melius</strong></span> <span class='ocrx_word' id='word_1_574' title='bbox 3290 2755 3438 2808; x_wconf 87' lang='lat' dir='ltr'><strong>vide--</strong></span> 
     </span>
    </p>
   </div>
   <div class='ocr_carea' id='block_1_74' title="bbox 1865 2844 3444 2923">
    <p class='ocr_par' dir='ltr' id='par_1_74' title="bbox 1865 2844 3444 2923">
     <span class='ocr_line' id='line_1_74' title="bbox 1865 2844 3444 2923; baseline -0.008 -14"><span class='ocrx_word' id='word_1_575' title='bbox 1865 2855 2047 2915; x_wconf 85' lang='lat' dir='ltr'><strong>batur,</strong></span> <span class='ocrx_word' id='word_1_576' title='bbox 2079 2867 2243 2923; x_wconf 89' lang='lat' dir='ltr'><strong>quam</strong></span> <span class='ocrx_word' id='word_1_577' title='bbox 2278 2851 2555 2905; x_wconf 71' lang='lat' dir='ltr'><strong>adhzcrere</strong></span> <span class='ocrx_word' id='word_1_578' title='bbox 2587 2850 2706 2904; x_wconf 85' lang='lat' dir='ltr'><strong>tibi.</strong></span> <span class='ocrx_word' id='word_1_579' title='bbox 2756 2849 3099 2919; x_wconf 81' lang='lat' dir='ltr'><strong>Quapmpter</strong></span> <span class='ocrx_word' id='word_1_580' title='bbox 3123 2847 3270 2908; x_wconf 83' lang='lat' dir='ltr'><strong>dico,</strong></span> <span class='ocrx_word' id='word_1_581' title='bbox 3309 2844 3444 2899; x_wconf 79' lang='lat' dir='ltr'><strong>Mihi</strong></span> 
     </span>
    </p>
   </div>
   <div class='ocr_carea' id='block_1_75' title="bbox 1867 2939 3444 3000">
    <p class='ocr_par' dir='ltr' id='par_1_75' title="bbox 1867 2939 3444 3000">
     <span class='ocr_line' id='line_1_75' title="bbox 1867 2939 3444 3000; baseline -0.005 0"><span class='ocrx_word' id='word_1_582' title='bbox 1867 2945 2137 3000; x_wconf 74' lang='lat' dir='ltr'><strong>adhwrere</strong></span> <span class='ocrx_word' id='word_1_583' title='bbox 2165 2943 2270 2997; x_wconf 84' lang='lat' dir='ltr'><strong>Deo</strong></span> <span class='ocrx_word' id='word_1_584' title='bbox 2305 2944 2495 2997; x_wconf 83' lang='lat' dir='ltr'><strong>bonum</strong></span> <span class='ocrx_word' id='word_1_585' title='bbox 2519 2952 2618 2996; x_wconf 83' lang='lat' dir='ltr'><strong>est.</strong></span> <span class='ocrx_word' id='word_1_586' title='bbox 2662 2940 2798 2996; x_wconf 82' lang='lat' dir='ltr'><strong>Nam</strong></span> <span class='ocrx_word' id='word_1_587' title='bbox 2829 2942 2874 2996; x_wconf 90' lang='lat' dir='ltr'><strong>si</strong></span> <span class='ocrx_word' id='word_1_588' title='bbox 2927 2955 3088 2994; x_wconf 88' lang='lat' dir='ltr'><strong>nemo</strong></span> <span class='ocrx_word' id='word_1_589' title='bbox 3127 2940 3306 2993; x_wconf 91' lang='lat' dir='ltr'><strong>bonus</strong></span> <span class='ocrx_word' id='word_1_590' title='bbox 3337 2939 3444 2993; x_wconf 88' lang='lat' dir='ltr'><strong>nisi</strong></span> 
     </span>
    </p>
   </div>
   <div class='ocr_carea' id='block_1_76' title="bbox 1868 3029 3447 3102">
    <p class='ocr_par' dir='ltr' id='par_1_76' title="bbox 1868 3029 3447 3102">
     <span class='ocr_line' id='line_1_76' title="bbox 1868 3029 3447 3102; baseline -0.006 -11"><span class='ocrx_word' id='word_1_591' title='bbox 1868 3052 2011 3091; x_wconf 87' lang='lat' dir='ltr'><strong>unus</strong></span> <span class='ocrx_word' id='word_1_592' title='bbox 2060 3035 2228 3095; x_wconf 84' lang='lat' dir='ltr'><strong>Deus.</strong></span> <span class='ocrx_word' id='word_1_593' title='bbox 2281 3033 2556 3089; x_wconf 89' lang='lat' dir='ltr'><strong>undenam</strong></span> <span class='ocrx_word' id='word_1_594' title='bbox 2615 3032 2709 3086; x_wconf 89' lang='lat' dir='ltr'><strong>alii</strong></span> <span class='ocrx_word' id='word_1_595' title='bbox 2769 3033 3009 3102; x_wconf 88' lang='lat' dir='ltr'><strong>cuipiam</strong></span> <span class='ocrx_word' id='word_1_596' title='bbox 3057 3031 3186 3084; x_wconf 88' lang='lat' dir='ltr'><strong>boni</strong></span> <span class='ocrx_word' id='word_1_597' title='bbox 3238 3029 3447 3099; x_wconf 89' lang='lat' dir='ltr'><strong>aliquid</strong></span> 
     </span>
    </p>
   </div>
   <div class='ocr_carea' id='block_1_77' title="bbox 1869 3120 3445 3193">
    <p class='ocr_par' dir='ltr' id='par_1_77' title="bbox 1869 3120 3445 3193">
     <span class='ocr_line' id='line_1_77' title="bbox 1869 3120 3445 3193; baseline -0.004 -12"><span class='ocrx_word' id='word_1_598' title='bbox 1869 3126 2171 3188; x_wconf 85' lang='lat' dir='ltr'><strong>advenerit,</strong></span> <span class='ocrx_word' id='word_1_599' title='bbox 2199 3126 2306 3181; x_wconf 91' lang='lat' dir='ltr'><strong>nisi</strong></span> <span class='ocrx_word' id='word_1_600' title='bbox 2357 3140 2420 3179; x_wconf 82' lang='lat' dir='ltr'><strong>ex</strong></span> <span class='ocrx_word' id='word_1_601' title='bbox 2469 3140 2534 3179; x_wconf 89' lang='lat' dir='ltr'><strong>eo</strong></span> <span class='ocrx_word' id='word_1_602' title='bbox 2567 3123 2711 3193; x_wconf 90' lang='lat' dir='ltr'><strong>quod</strong></span> <span class='ocrx_word' id='word_1_603' title='bbox 2743 3121 2854 3177; x_wconf 84' lang='lat' dir='ltr'><strong>Deo</strong></span> <span class='ocrx_word' id='word_1_604' title='bbox 2899 3120 3212 3176; x_wconf 64' lang='lat' dir='ltr'><strong>adhaereat?</strong></span> <span class='ocrx_word' id='word_1_605' title='bbox 3241 3120 3305 3174; x_wconf 88' lang='lat' dir='ltr'><strong>Et</strong></span> <span class='ocrx_word' id='word_1_606' title='bbox 3331 3121 3445 3190; x_wconf 86' lang='lat' dir='ltr'><strong>jam</strong></span> 
     </span>
    </p>
   </div>
   <div class='ocr_carea' id='block_1_78' title="bbox 1868 3214 3448 3290">
    <p class='ocr_par' dir='ltr' id='par_1_78' title="bbox 1868 3214 3448 3290">
     <span class='ocr_line' id='line_1_78' title="bbox 1868 3214 3448 3290; baseline -0.004 -17"><span class='ocrx_word' id='word_1_607' title='bbox 1868 3219 2086 3290; x_wconf 89' lang='lat' dir='ltr'><strong>quidem</strong></span> <span class='ocrx_word' id='word_1_608' title='bbox 2108 3217 2256 3272; x_wconf 90' lang='lat' dir='ltr'><strong>omni</strong></span> <span class='ocrx_word' id='word_1_609' title='bbox 2289 3216 2510 3271; x_wconf 88' lang='lat' dir='ltr'><strong>fruebar</strong></span> <span class='ocrx_word' id='word_1_610' title='bbox 2538 3220 2703 3278; x_wconf 88' lang='lat' dir='ltr'><strong>bono,</strong></span> <span class='ocrx_word' id='word_1_611' title='bbox 2733 3215 3016 3270; x_wconf 65' lang='lat' dir='ltr'><strong>adhaerens</strong></span> <span class='ocrx_word' id='word_1_612' title='bbox 3037 3221 3089 3268; x_wconf 90' lang='lat' dir='ltr'><strong>et</strong></span> <span class='ocrx_word' id='word_1_613' title='bbox 3117 3214 3448 3282; x_wconf 88' lang='lat' dir='ltr'><strong>conjunctus</strong></span> 
     </span>
    </p>
   </div>
   <div class='ocr_carea' id='block_1_79' title="bbox 1871 3307 3446 3377">
    <p class='ocr_par' dir='ltr' id='par_1_79' title="bbox 1871 3307 3446 3377">
     <span class='ocr_line' id='line_1_79' title="bbox 1871 3307 3446 3377; baseline -0.005 -12"><span class='ocrx_word' id='word_1_614' title='bbox 1871 3311 2019 3377; x_wconf 87' lang='lat' dir='ltr'><strong>Deo;</strong></span> <span class='ocrx_word' id='word_1_615' title='bbox 2059 3311 2134 3364; x_wconf 91' lang='lat' dir='ltr'><strong>ita</strong></span> <span class='ocrx_word' id='word_1_616' title='bbox 2168 3318 2224 3365; x_wconf 86' lang='lat' dir='ltr'><strong>ut</strong></span> <span class='ocrx_word' id='word_1_617' title='bbox 2245 3310 2484 3366; x_wconf 87' lang='lat' dir='ltr'><strong>dicerem</strong></span> <span class='ocrx_word' id='word_1_618' title='bbox 2518 3329 2529 3363; x_wconf 93' lang='lat'>:</span> <span class='ocrx_word' id='word_1_619' title='bbox 2570 3307 2809 3362; x_wconf 75' lang='lat' dir='ltr'><strong>Adhaesit</strong></span> <span class='ocrx_word' id='word_1_620' title='bbox 2837 3308 3019 3360; x_wconf 87' lang='lat' dir='ltr'><strong>anima</strong></span> <span class='ocrx_word' id='word_1_621' title='bbox 3048 3323 3164 3358; x_wconf 88' lang='lat' dir='ltr'><strong>mea</strong></span> <span class='ocrx_word' id='word_1_622' title='bbox 3186 3315 3304 3374; x_wconf 80' lang='lat' dir='ltr'><strong>post</strong></span> <span class='ocrx_word' id='word_1_623' title='bbox 3337 3307 3446 3358; x_wconf 82' lang='lat' dir='ltr'><strong>te’.</strong></span> 
     </span>
    </p>
   </div>
   <div class='ocr_carea' id='block_1_80' title="bbox 1871 3397 3450 3471">
    <p class='ocr_par' dir='ltr' id='par_1_80' title="bbox 1871 3397 3450 3471">
     <span class='ocr_line' id='line_1_80' title="bbox 1871 3397 3450 3471; baseline -0.005 -15"><span class='ocrx_word' id='word_1_624' title='bbox 1871 3402 2112 3471; x_wconf 85' lang='lat' dir='ltr'><strong>itemque</strong></span> <span class='ocrx_word' id='word_1_625' title='bbox 2163 3401 2231 3454; x_wconf 91' lang='lat' dir='ltr'><strong>ad</strong></span> <span class='ocrx_word' id='word_1_626' title='bbox 2287 3399 2528 3454; x_wconf 89' lang='lat' dir='ltr'><strong>futurum</strong></span> <span class='ocrx_word' id='word_1_627' title='bbox 2585 3399 2845 3455; x_wconf 82' lang='lat' dir='ltr'><strong>saeculum</strong></span> <span class='ocrx_word' id='word_1_628' title='bbox 2895 3397 3095 3451; x_wconf 87' lang='lat' dir='ltr'><strong>bonam</strong></span> <span class='ocrx_word' id='word_1_629' title='bbox 3132 3397 3263 3450; x_wconf 88' lang='lat' dir='ltr'><strong>mihi</strong></span> <span class='ocrx_word' id='word_1_630' title='bbox 3297 3410 3450 3465; x_wconf 89' lang='lat' dir='ltr'><strong>spem</strong></span> 
     </span>
    </p>
   </div>
   <div class='ocr_carea' id='block_1_81' title="bbox 1872 3487 3446 3563">
    <p class='ocr_par' dir='ltr' id='par_1_81' title="bbox 1872 3487 3446 3563">
     <span class='ocr_line' id='line_1_81' title="bbox 1872 3487 3446 3563; baseline -0.006 -17"><span class='ocrx_word' id='word_1_631' title='bbox 1872 3494 2128 3563; x_wconf 87' lang='lat' dir='ltr'><strong>ascripsi.</strong></span> <span class='ocrx_word' id='word_1_632' title='bbox 2162 3493 2230 3548; x_wconf 84' lang='lat' dir='ltr'><strong>Et</strong></span> <span class='ocrx_word' id='word_1_633' title='bbox 2259 3508 2393 3549; x_wconf 88' lang='lat' dir='ltr'><strong>sane</strong></span> <span class='ocrx_word' id='word_1_634' title='bbox 2430 3492 2576 3547; x_wconf 88' lang='lat' dir='ltr'><strong>aliud</strong></span> <span class='ocrx_word' id='word_1_635' title='bbox 2601 3506 2818 3562; x_wconf 89' lang='lat' dir='ltr'><strong>quoque</strong></span> <span class='ocrx_word' id='word_1_636' title='bbox 2839 3489 2972 3544; x_wconf 90' lang='lat' dir='ltr'><strong>mihi</strong></span> <span class='ocrx_word' id='word_1_637' title='bbox 3003 3489 3205 3543; x_wconf 91' lang='lat' dir='ltr'><strong>bonum</strong></span> <span class='ocrx_word' id='word_1_638' title='bbox 3235 3487 3446 3545; x_wconf 82' lang='lat' dir='ltr'><strong>aderat,</strong></span> 
     </span>
    </p>
   </div>
   <div class='ocr_carea' id='block_1_82' title="bbox 1873 3575 3450 3654">
    <p class='ocr_par' dir='ltr' id='par_1_82' title="bbox 1873 3575 3450 3654">
     <span class='ocr_line' id='line_1_82' title="bbox 1873 3575 3450 3654; baseline -0.007 -13"><span class='ocrx_word' id='word_1_639' title='bbox 1873 3587 2106 3653; x_wconf 86' lang='lat' dir='ltr'><strong>scilicet,</strong></span> <span class='ocrx_word' id='word_1_640' title='bbox 2155 3601 2346 3654; x_wconf 83' lang='lat' dir='ltr'><strong>ponere</strong></span> <span class='ocrx_word' id='word_1_641' title='bbox 2390 3585 2445 3637; x_wconf 88' lang='lat' dir='ltr'><strong>in</strong></span> <span class='ocrx_word' id='word_1_642' title='bbox 2489 3583 2718 3638; x_wconf 86' lang='lat' dir='ltr'><strong>Domino</strong></span> <span class='ocrx_word' id='word_1_643' title='bbox 2763 3597 2905 3649; x_wconf 83' lang='lat' dir='ltr'><strong>spem</strong></span> <span class='ocrx_word' id='word_1_644' title='bbox 2941 3595 3130 3633; x_wconf 88' lang='lat' dir='ltr'><strong>meam.</strong></span> <span class='ocrx_word' id='word_1_645' title='bbox 3160 3576 3292 3630; x_wconf 82' lang='lat' dir='ltr'><strong>Nam</strong></span> <span class='ocrx_word' id='word_1_646' title='bbox 3323 3575 3450 3630; x_wconf 81' lang='lat' dir='ltr'><strong>finis</strong></span> 
     </span>
    </p>
   </div>
   <div class='ocr_carea' id='block_1_83' title="bbox 1872 3667 3452 3748">
    <p class='ocr_par' dir='ltr' id='par_1_83' title="bbox 1872 3667 3452 3748">
     <span class='ocr_line' id='line_1_83' title="bbox 1872 3667 3452 3748; baseline -0.01 -14"><span class='ocrx_word' id='word_1_647' title='bbox 1872 3679 2054 3735; x_wconf 89' lang='lat' dir='ltr'><strong>omnis</strong></span> <span class='ocrx_word' id='word_1_648' title='bbox 2087 3678 2204 3748; x_wconf 87' lang='lat' dir='ltr'><strong>spei</strong></span> <span class='ocrx_word' id='word_1_649' title='bbox 2252 3677 2384 3732; x_wconf 90' lang='lat' dir='ltr'><strong>mihi</strong></span> <span class='ocrx_word' id='word_1_650' title='bbox 2429 3684 2567 3742; x_wconf 89' lang='lat' dir='ltr'><strong>erat,</strong></span> <span class='ocrx_word' id='word_1_651' title='bbox 2604 3686 2662 3728; x_wconf 82' lang='lat' dir='ltr'><strong>ut</strong></span> <span class='ocrx_word' id='word_1_652' title='bbox 2692 3675 3002 3734; x_wconf 84' lang='lat' dir='ltr'><strong>annuntiem</strong></span> <span class='ocrx_word' id='word_1_653' title='bbox 3035 3686 3213 3724; x_wconf 85' lang='lat' dir='ltr'><strong>omnes</strong></span> <span class='ocrx_word' id='word_1_654' title='bbox 3269 3667 3452 3721; x_wconf 81' lang='lat' dir='ltr'><strong>Iaudes</strong></span> 
     </span>
    </p>
   </div>
   <div class='ocr_carea' id='block_1_84' title="bbox 1875 3759 3453 3839">
    <p class='ocr_par' dir='ltr' id='par_1_84' title="bbox 1875 3759 3453 3839">
     <span class='ocr_line' id='line_1_84' title="bbox 1875 3759 3453 3839; baseline -0.008 -14"><span class='ocrx_word' id='word_1_655' title='bbox 1875 3781 1993 3826; x_wconf 87' lang='lat' dir='ltr'><strong>tuas</strong></span> <span class='ocrx_word' id='word_1_656' title='bbox 2023 3772 2078 3825; x_wconf 88' lang='lat' dir='ltr'><strong>in</strong></span> <span class='ocrx_word' id='word_1_657' title='bbox 2101 3771 2269 3839; x_wconf 82' lang='lat' dir='ltr'><strong>portis</strong></span> <span class='ocrx_word' id='word_1_658' title='bbox 2305 3770 2432 3839; x_wconf 71' lang='lat' dir='ltr'><strong>ﬁlia:</strong></span> <span class='ocrx_word' id='word_1_659' title='bbox 2456 3767 2604 3822; x_wconf 85' lang='lat' dir='ltr'><strong>Sion.</strong></span> <span class='ocrx_word' id='word_1_660' title='bbox 2637 3764 2920 3835; x_wconf 89' lang='lat' dir='ltr'><strong>Siquidem</strong></span> <span class='ocrx_word' id='word_1_661' title='bbox 2953 3763 3205 3830; x_wconf 78' lang='lat' dir='ltr'><strong>ingressu</strong></span> <span class='ocrx_word' id='word_1_662' title='bbox 3235 3761 3288 3814; x_wconf 93' lang='lat' dir='ltr'><strong>in</strong></span> <span class='ocrx_word' id='word_1_663' title='bbox 3322 3759 3453 3815; x_wconf 87' lang='lat' dir='ltr'><strong>civi-</strong></span> 
     </span>
    </p>
   </div>
   <div class='ocr_carea' id='block_1_85' title="bbox 1871 3850 3450 3928">
    <p class='ocr_par' dir='ltr' id='par_1_85' title="bbox 1871 3850 3450 3928">
     <span class='ocr_line' id='line_1_85' title="bbox 1871 3850 3450 3928; baseline -0.006 -14"><span class='ocrx_word' id='word_1_664' title='bbox 1871 3867 2039 3916; x_wconf 85' lang='lat' dir='ltr'><strong>tatem</strong></span> <span class='ocrx_word' id='word_1_665' title='bbox 2075 3866 2226 3913; x_wconf 85' lang='lat' dir='ltr'><strong>tuam</strong></span> <span class='ocrx_word' id='word_1_666' title='bbox 2256 3859 2532 3928; x_wconf 81' lang='lat' dir='ltr'><strong>dignatus,</strong></span> <span class='ocrx_word' id='word_1_667' title='bbox 2573 3855 2640 3912; x_wconf 89' lang='lat' dir='ltr'><strong>de</strong></span> <span class='ocrx_word' id='word_1_668' title='bbox 2673 3869 2782 3926; x_wconf 86' lang='lat' dir='ltr'><strong>qua</strong></span> <span class='ocrx_word' id='word_1_669' title='bbox 2826 3851 3082 3922; x_wconf 88' lang='lat' dir='ltr'><strong>superius</strong></span> <span class='ocrx_word' id='word_1_670' title='bbox 3114 3850 3404 3906; x_wconf 85' lang='lat' dir='ltr'><strong>dicebatur</strong></span> <span class='ocrx_word' id='word_1_671' title='bbox 3435 3867 3450 3904; x_wconf 89' lang='lat'><strong>:</strong></span> 
     </span>
    </p>
   </div>
   <div class='ocr_carea' id='block_1_86' title="bbox 1872 3941 3454 4017">
    <p class='ocr_par' dir='ltr' id='par_1_86' title="bbox 1872 3941 3454 4017">
     <span class='ocr_line' id='line_1_86' title="bbox 1872 3941 3454 4017; baseline -0.008 -10"><span class='ocrx_word' id='word_1_672' title='bbox 1872 3952 2117 4014; x_wconf 83' lang='lat' dir='ltr'><strong>Domine,</strong></span> <span class='ocrx_word' id='word_1_673' title='bbox 2171 3951 2226 4004; x_wconf 87' lang='lat' dir='ltr'><strong>in</strong></span> <span class='ocrx_word' id='word_1_674' title='bbox 2259 3951 2470 4004; x_wconf 84' lang='lat' dir='ltr'><strong>civitate</strong></span> <span class='ocrx_word' id='word_1_675' title='bbox 2504 3961 2597 4002; x_wconf 86' lang='lat' dir='ltr'><strong>tua</strong></span> <span class='ocrx_word' id='word_1_676' title='bbox 2624 3947 2912 4017; x_wconf 87' lang='lat' dir='ltr'><strong>imaginem</strong></span> <span class='ocrx_word' id='word_1_677' title='bbox 2941 3946 3180 4014; x_wconf 86' lang='lat' dir='ltr'><strong>ipsorum</strong></span> <span class='ocrx_word' id='word_1_678' title='bbox 3212 3941 3280 3996; x_wconf 84' lang='lat' dir='ltr'><strong>ad</strong></span> <span class='ocrx_word' id='word_1_679' title='bbox 3314 3941 3454 3995; x_wconf 88' lang='lat' dir='ltr'><strong>nihi-</strong></span> 
     </span>
    </p>
   </div>
   <div class='ocr_carea' id='block_1_87' title="bbox 1875 4037 3458 4113">
    <p class='ocr_par' dir='ltr' id='par_1_87' title="bbox 1875 4037 3458 4113">
     <span class='ocr_line' id='line_1_87' title="bbox 1875 4037 3458 4113; baseline -0.007 -18"><span class='ocrx_word' id='word_1_680' title='bbox 1875 4043 1985 4095; x_wconf 84' lang='lat' dir='ltr'><strong>lum</strong></span> <span class='ocrx_word' id='word_1_681' title='bbox 2014 4040 2252 4113; x_wconf 74' lang='lat' dir='ltr'><strong>redigas;</strong></span> <span class='ocrx_word' id='word_1_682' title='bbox 2273 4055 2398 4094; x_wconf 90' lang='lat' dir='ltr'><strong>cum</strong></span> <span class='ocrx_word' id='word_1_683' title='bbox 2422 4039 2587 4094; x_wconf 85' lang='lat' dir='ltr'><strong>etiam</strong></span> <span class='ocrx_word' id='word_1_684' title='bbox 2613 4037 2679 4092; x_wconf 86' lang='lat' dir='ltr'><strong>ad</strong></span> <span class='ocrx_word' id='word_1_685' title='bbox 2703 4037 2957 4092; x_wconf 68' lang='lat' dir='ltr'><strong>caelestes</strong></span> <span class='ocrx_word' id='word_1_686' title='bbox 2981 4043 3169 4106; x_wconf 83' lang='lat' dir='ltr'><strong>portas</strong></span> <span class='ocrx_word' id='word_1_687' title='bbox 3196 4047 3458 4088; x_wconf 90' lang='lat' dir='ltr'><strong>conscen-</strong></span> 
     </span>
    </p>
   </div>
   <div class='ocr_carea' id='block_1_88' title="bbox 1878 4124 3451 4203">
    <p class='ocr_par' dir='ltr' id='par_1_88' title="bbox 1878 4124 3451 4203">
     <span class='ocr_line' id='line_1_88' title="bbox 1878 4124 3451 4203; baseline -0.008 -13"><span class='ocrx_word' id='word_1_688' title='bbox 1878 4136 2075 4200; x_wconf 88' lang='lat' dir='ltr'><strong>derim,</strong></span> <span class='ocrx_word' id='word_1_689' title='bbox 2096 4140 2191 4188; x_wconf 85' lang='lat' dir='ltr'><strong>tua</strong></span> <span class='ocrx_word' id='word_1_690' title='bbox 2225 4148 2354 4203; x_wconf 87' lang='lat' dir='ltr'><strong>erga</strong></span> <span class='ocrx_word' id='word_1_691' title='bbox 2385 4146 2474 4186; x_wconf 90' lang='lat' dir='ltr'><strong>me</strong></span> <span class='ocrx_word' id='word_1_692' title='bbox 2504 4129 2767 4185; x_wconf 86' lang='lat' dir='ltr'><strong>beneficia</strong></span> <span class='ocrx_word' id='word_1_693' title='bbox 2813 4127 3070 4183; x_wconf 90' lang='lat' dir='ltr'><strong>omnibus</strong></span> <span class='ocrx_word' id='word_1_694' title='bbox 3121 4124 3451 4197; x_wconf 67' lang='lat' dir='ltr'><strong>praedicabo.</strong></span> 
     </span>
    </p>
   </div>
   <div class='ocr_carea' id='block_1_89' title="bbox 1879 4225 3458 4296">
    <p class='ocr_par' dir='ltr' id='par_1_89' title="bbox 1879 4225 3458 4296">
     <span class='ocr_line' id='line_1_89' title="bbox 1879 4225 3458 4296; baseline -0.01 -12"><span class='ocrx_word' id='word_1_695' title='bbox 1879 4229 1982 4284; x_wconf 87' lang='lat' dir='ltr'><strong>Ubi</strong></span> <span class='ocrx_word' id='word_1_696' title='bbox 2015 4228 2346 4284; x_wconf 87' lang='lat' dir='ltr'><strong>constitutus</strong></span> <span class='ocrx_word' id='word_1_697' title='bbox 2375 4225 2647 4296; x_wconf 89' lang='lat' dir='ltr'><strong>promissa</strong></span> <span class='ocrx_word' id='word_1_698' title='bbox 2673 4235 2982 4292; x_wconf 90' lang='lat' dir='ltr'><strong>consequar</strong></span> <span class='ocrx_word' id='word_1_699' title='bbox 3009 4229 3120 4286; x_wconf 91' lang='lat' dir='ltr'><strong>tua,</strong></span> <span class='ocrx_word' id='word_1_700' title='bbox 3163 4235 3280 4288; x_wconf 73' lang='lat' dir='ltr'><strong>qua:</strong></span> <span class='ocrx_word' id='word_1_701' title='bbox 3331 4233 3458 4270; x_wconf 78' lang='lat' dir='ltr'><strong>ocu—</strong></span> 
     </span>
    </p>
   </div>
   <div class='ocr_carea' id='block_1_90' title="bbox 1879 4307 3457 4384">
    <p class='ocr_par' dir='ltr' id='par_1_90' title="bbox 1879 4307 3457 4384">
     <span class='ocr_line' id='line_1_90' title="bbox 1879 4307 3457 4384; baseline -0.011 -9"><span class='ocrx_word' id='word_1_702' title='bbox 1879 4321 1960 4376; x_wconf 82' lang='lat' dir='ltr'><strong>lus</strong></span> <span class='ocrx_word' id='word_1_703' title='bbox 1992 4337 2094 4374; x_wconf 88' lang='lat' dir='ltr'><strong>non</strong></span> <span class='ocrx_word' id='word_1_704' title='bbox 2128 4319 2280 4384; x_wconf 76' lang='lat' dir='ltr'><strong>vidit,</strong></span> <span class='ocrx_word' id='word_1_705' title='bbox 2314 4333 2405 4370; x_wconf 86' lang='lat' dir='ltr'><strong>nec</strong></span> <span class='ocrx_word' id='word_1_706' title='bbox 2438 4317 2584 4370; x_wconf 83' lang='lat' dir='ltr'><strong>auris</strong></span> <span class='ocrx_word' id='word_1_707' title='bbox 2615 4313 2839 4375; x_wconf 82' lang='lat' dir='ltr'><strong>audivit,</strong></span> <span class='ocrx_word' id='word_1_708' title='bbox 2873 4329 2964 4366; x_wconf 85' lang='lat' dir='ltr'><strong>nec</strong></span> <span class='ocrx_word' id='word_1_709' title='bbox 2995 4313 3048 4365; x_wconf 88' lang='lat' dir='ltr'><strong>in</strong></span> <span class='ocrx_word' id='word_1_710' title='bbox 3093 4327 3184 4363; x_wconf 88' lang='lat' dir='ltr'><strong>cor</strong></span> <span class='ocrx_word' id='word_1_711' title='bbox 3230 4307 3457 4362; x_wconf 78' lang='lat' dir='ltr'><strong>hominis</strong></span> 
     </span>
    </p>
   </div>
   <div class='ocr_carea' id='block_1_91' title="bbox 1883 4395 3532 4479">
    <p class='ocr_par' dir='ltr' id='par_1_91' title="bbox 1883 4395 3532 4479">
     <span class='ocr_line' id='line_1_91' title="bbox 1883 4395 3532 4479; baseline -0.01 -13"><span class='ocrx_word' id='word_1_712' title='bbox 1883 4411 2320 4468; x_wconf 72' lang='lat' dir='ltr'><strong>ascenderunt”.</strong></span> <span class='ocrx_word' id='word_1_713' title='bbox 2369 4408 2523 4463; x_wconf 85' lang='lat' dir='ltr'><strong>Talia</strong></span> <span class='ocrx_word' id='word_1_714' title='bbox 2569 4409 2771 4479; x_wconf 90' lang='lat' dir='ltr'><strong>quippe</strong></span> <span class='ocrx_word' id='word_1_715' title='bbox 2802 4405 2948 4461; x_wconf 89' lang='lat' dir='ltr'><strong>Deus</strong></span> <span class='ocrx_word' id='word_1_716' title='bbox 2980 4403 3304 4474; x_wconf 82' lang='lat' dir='ltr'><strong>prwparavit</strong></span> <span class='ocrx_word' id='word_1_717' title='bbox 3333 4400 3461 4452; x_wconf 83' lang='lat' dir='ltr'><strong>dili—</strong></span> <span class='ocrx_word' id='word_1_718' title='bbox 3529 4395 3532 4398; x_wconf 76' lang='grc'><strong>’</strong></span> 
     </span>
    </p>
   </div>
   <div class='ocr_carea' id='block_1_92' title="bbox 142 4498 1750 4576">
    <p class='ocr_par' dir='ltr' id='par_1_92' title="bbox 142 4499 1750 4576">
     <span class='ocr_line' id='line_1_92' title="bbox 142 4499 1750 4576; baseline 0.002 -22"><span class='ocrx_word' id='word_1_719' title='bbox 142 4500 265 4566; x_wconf 81' lang='grc' dir='ltr'>ὅου,</span> <span class='ocrx_word' id='word_1_720' title='bbox 307 4503 461 4574; x_wconf 72' lang='grc' dir='ltr'>περὶ</span> <span class='ocrx_word' id='word_1_721' title='bbox 489 4499 559 4574; x_wconf 85' lang='grc' dir='ltr'>ἧς</span> <span class='ocrx_word' id='word_1_722' title='bbox 581 4503 838 4576; x_wconf 80' lang='grc' dir='ltr'>ἀνωτέρω</span> <span class='ocrx_word' id='word_1_723' title='bbox 865 4505 1113 4573; x_wconf 87' lang='grc' dir='ltr'>ἐλέγετο·</span> <span class='ocrx_word' id='word_1_724' title='bbox 1143 4507 1319 4573; x_wconf 78' lang='grc' dir='ltr'>Κύριε</span> <span class='ocrx_word' id='word_1_725' title='bbox 1339 4544 1352 4568; x_wconf 91' lang='grc'><strong>,</strong></span> <span class='ocrx_word' id='word_1_726' title='bbox 1396 4505 1466 4557; x_wconf 77' lang='grc' dir='ltr'>ἐν</span> <span class='ocrx_word' id='word_1_727' title='bbox 1495 4503 1569 4572; x_wconf 73' lang='grc' dir='ltr'>τῇ</span> <span class='ocrx_word' id='word_1_728' title='bbox 1601 4507 1750 4558; x_wconf 78' lang='grc' dir='ltr'>πόλε</span> 
     </span>
    </p>
   </div>
   <div class='ocr_carea' id='block_1_93' title="bbox 1963 4498 2228 4576">
    <p class='ocr_par' dir='ltr' id='par_1_93' title="bbox 1963 4503 2228 4558">
     <span class='ocr_line' id='line_1_93' title="bbox 1963 4503 2228 4558; baseline -0.004 0"><span class='ocrx_word' id='word_1_729' title='bbox 1963 4503 2122 4558; x_wconf 86' lang='lat' dir='ltr'><strong>ttibus</strong></span> <span class='ocrx_word' id='word_1_730' title='bbox 2154 4519 2228 4557; x_wconf 83' lang='lat' dir='ltr'><strong>se.</strong></span> 
     </span>
    </p>
   </div>
   <div class='ocr_carea' id='block_1_94' title="bbox 137 4593 2702 4669">
    <p class='ocr_par' dir='ltr' id='par_1_94' title="bbox 137 4593 2702 4669">
     <span class='ocr_line' id='line_1_94' title="bbox 137 4593 2702 4669; baseline 0.001 -23"><span class='ocrx_word' id='word_1_731' title='bbox 137 4607 267 4647; x_wconf 85' lang='grc' dir='ltr'>σου</span> <span class='ocrx_word' id='word_1_732' title='bbox 306 4593 444 4663; x_wconf 80' lang='grc' dir='ltr'>τὴν</span> <span class='ocrx_word' id='word_1_733' title='bbox 468 4597 676 4649; x_wconf 74' lang='grc' dir='ltr'>εἰκόνα</span> <span class='ocrx_word' id='word_1_734' title='bbox 695 4595 894 4650; x_wconf 82' lang='grc' dir='ltr'>αὐτῶν</span> <span class='ocrx_word' id='word_1_735' title='bbox 917 4595 1366 4662; x_wconf 76' lang='grc' dir='ltr'>ἐξουθενώσεις,</span> <span class='ocrx_word' id='word_1_736' title='bbox 1397 4597 1490 4649; x_wconf 76' lang='grc' dir='ltr'>καὶ</span> <span class='ocrx_word' id='word_1_737' title='bbox 1523 4599 1645 4659; x_wconf 84' lang='grc' dir='ltr'>ταῖς</span> <span class='ocrx_word' id='word_1_738' title='bbox 1669 4596 1866 4660; x_wconf 81' lang='grc' dir='ltr'>πύλαις</span> <span class='ocrx_word' id='word_1_739' title='bbox 1908 4599 2029 4660; x_wconf 80' lang='grc' dir='ltr'>ταῖς</span> <span class='ocrx_word' id='word_1_740' title='bbox 2065 4597 2410 4669; x_wconf 81' lang='grc' dir='ltr'>ἐπουρανίοις</span> <span class='ocrx_word' id='word_1_741' title='bbox 2459 4593 2659 4658; x_wconf 76' lang='grc' dir='ltr'>ἐπιϐὰς</span> <span class='ocrx_word' id='word_1_742' title='bbox 2687 4637 2702 4663; x_wconf 94' lang='grc'><strong>,</strong></span> 
     </span>
    </p>
   </div>
   <div class='ocr_carea' id='block_1_95' title="bbox 2772 4582 3462 4661">
    <p class='ocr_par' dir='ltr' id='par_1_95' title="bbox 2772 4582 3462 4661">
     <span class='ocr_line' id='line_1_95' title="bbox 2772 4582 3462 4661; baseline -0.019 -17"><span class='ocrx_word' id='word_1_743' title='bbox 2772 4587 3100 4661; x_wconf 80' lang='grc' dir='ltr'>ἀνακηρύξω</span> <span class='ocrx_word' id='word_1_744' title='bbox 3169 4586 3284 4646; x_wconf 84' lang='grc' dir='ltr'>τοῖς</span> <span class='ocrx_word' id='word_1_745' title='bbox 3327 4582 3462 4633; x_wconf 77' lang='grc' dir='ltr'>πᾶσι</span> 
     </span>
    </p>
   </div>
   <div class='ocr_carea' id='block_1_96' title="bbox 135 4667 3460 4770">
    <p class='ocr_par' dir='ltr' id='par_1_96' title="bbox 135 4667 3460 4770">
     <span class='ocr_line' id='line_1_96' title="bbox 135 4667 3460 4770; baseline 0.001 -32"><span class='ocrx_word' id='word_1_746' title='bbox 135 4685 245 4749; x_wconf 77' lang='grc' dir='ltr'>τὰς</span> <span class='ocrx_word' id='word_1_747' title='bbox 273 4687 368 4750; x_wconf 74' lang='grc' dir='ltr'><strong>εἰς</strong></span> <span class='ocrx_word' id='word_1_748' title='bbox 396 4686 515 4758; x_wconf 82' lang='grc' dir='ltr'><strong>ἐμέ</strong></span> <span class='ocrx_word' id='word_1_749' title='bbox 549 4688 1002 4758; x_wconf 81' lang='grc' dir='ltr'>σουεύεργεσίας.</span> <span class='ocrx_word' id='word_1_750' title='bbox 1036 4688 1202 4741; x_wconf 84' lang='grc' dir='ltr'>Ἔνθα</span> <span class='ocrx_word' id='word_1_751' title='bbox 1231 4687 1521 4757; x_wconf 84' lang='grc' dir='ltr'>γενόμενος</span> <span class='ocrx_word' id='word_1_752' title='bbox 1545 4689 1639 4740; x_wconf 79' lang='grc' dir='ltr'><strong>καὶ</strong></span> <span class='ocrx_word' id='word_1_753' title='bbox 1697 4687 1807 4741; x_wconf 87' lang='grc' dir='ltr'><strong>τῶν</strong></span> <span class='ocrx_word' id='word_1_754' title='bbox 1844 4683 2186 4758; x_wconf 78' lang='grc' dir='ltr'>ἐπαγγελιῶν</span> <span class='ocrx_word' id='word_1_755' title='bbox 2207 4667 2213 4669; x_wconf 19' lang='grc' dir='ltr'><em>ν</em></span> <span class='ocrx_word' id='word_1_756' title='bbox 2233 4699 2350 4741; x_wconf 85' lang='grc' dir='ltr'>’σου</span> <span class='ocrx_word' id='word_1_757' title='bbox 2392 4687 2650 4757; x_wconf 77' lang='grc' dir='ltr'>τεύξομαι</span> <span class='ocrx_word' id='word_1_758' title='bbox 2673 4726 2687 4747; x_wconf 85' lang='grc'><strong>,</strong></span> <span class='ocrx_word' id='word_1_759' title='bbox 2725 4683 2798 4749; x_wconf 77' lang='grc' dir='ltr'>ἂς</span> <span class='ocrx_word' id='word_1_760' title='bbox 2829 4679 3135 4750; x_wconf 60' lang='grc' dir='ltr'><strong>ὀφθαλμὸς</strong></span> <span class='ocrx_word' id='word_1_761' title='bbox 3167 4677 3277 4729; x_wconf 76' lang='grc' dir='ltr'><strong>οὐκ</strong></span> <span class='ocrx_word' id='word_1_762' title='bbox 3318 4667 3460 4770; x_wconf 62' lang='grc' dir='ltr'><strong>εἶδξυ</strong></span> 
     </span>
    </p>
   </div>
   <div class='ocr_carea' id='block_1_97' title="bbox 132 4767 3467 4854">
    <p class='ocr_par' dir='ltr' id='par_1_97' title="bbox 132 4767 3467 4854">
     <span class='ocr_line' id='line_1_97' title="bbox 132 4767 3467 4854; baseline -0.002 -22"><span class='ocrx_word' id='word_1_763' title='bbox 132 4779 239 4833; x_wconf 71' lang='grc' dir='ltr'>καὶ</span> <span class='ocrx_word' id='word_1_764' title='bbox 267 4776 398 4844; x_wconf 84' lang='grc' dir='ltr'>οὖς</span> <span class='ocrx_word' id='word_1_765' title='bbox 413 4781 539 4833; x_wconf 83' lang='grc' dir='ltr'>οὐκ</span> <span class='ocrx_word' id='word_1_766' title='bbox 565 4780 808 4850; x_wconf 78' lang='grc' dir='ltr'>ἤκουσε,</span> <span class='ocrx_word' id='word_1_767' title='bbox 829 4781 928 4836; x_wconf 73' lang='grc' dir='ltr'>καὶ</span> <span class='ocrx_word' id='word_1_768' title='bbox 945 4781 1044 4836; x_wconf 77' lang='grc' dir='ltr'>ἐπὶ</span> <span class='ocrx_word' id='word_1_769' title='bbox 1061 4782 1309 4851; x_wconf 76' lang='grc' dir='ltr'>καρδίαν</span> <span class='ocrx_word' id='word_1_770' title='bbox 1325 4780 1639 4851; x_wconf 74' lang='grc' dir='ltr'>ἀνθρώπου</span> <span class='ocrx_word' id='word_1_771' title='bbox 1655 4783 1767 4835; x_wconf 79' lang='grc' dir='ltr'>οὐκ</span> <span class='ocrx_word' id='word_1_772' title='bbox 1802 4783 2006 4838; x_wconf 80' lang='grc' dir='ltr'>ἀνέϐη.</span> <span class='ocrx_word' id='word_1_773' title='bbox 2044 4782 2281 4837; x_wconf 88' lang='grc' dir='ltr'>Τοιαῦτα</span> <span class='ocrx_word' id='word_1_774' title='bbox 2307 4781 2414 4854; x_wconf 78' lang='grc' dir='ltr'>γὰρ</span> <span class='ocrx_word' id='word_1_775' title='bbox 2437 4783 2765 4850; x_wconf 73' lang='grc' dir='ltr'>ἡτοίμασεν</span> <span class='ocrx_word' id='word_1_776' title='bbox 2787 4780 2818 4829; x_wconf 90' lang='lat' dir='ltr'><strong>o&#39;</strong></span> <span class='ocrx_word' id='word_1_777' title='bbox 2845 4774 2988 4840; x_wconf 84' lang='grc' dir='ltr'>Θεὸς</span> <span class='ocrx_word' id='word_1_778' title='bbox 3047 4772 3172 4837; x_wconf 85' lang='grc' dir='ltr'>τοῖς</span> <span class='ocrx_word' id='word_1_779' title='bbox 3237 4767 3467 4836; x_wconf 75' lang='grc' dir='ltr'>ἀγαπῶ-</span> 
     </span>
    </p>
   </div>
   <div class='ocr_carea' id='block_1_98' title="bbox 130 4871 526 4925">
    <p class='ocr_par' dir='ltr' id='par_1_98' title="bbox 130 4871 526 4925">
     <span class='ocr_line' id='line_1_98' title="bbox 130 4871 526 4925; baseline 0.013 -6"><span class='ocrx_word' id='word_1_780' title='bbox 130 4884 249 4922; x_wconf 80' lang='grc' dir='ltr'>σιν</span> <span class='ocrx_word' id='word_1_781' title='bbox 278 4871 526 4925; x_wconf 84' lang='grc' dir='ltr'>αὐτόν.</span> 
     </span>
    </p>
   </div>
   <div class='ocr_carea' id='block_1_99' title="bbox 207 4984 1774 5062">
    <p class='ocr_par' dir='ltr' id='par_1_99' title="bbox 207 4984 1774 5062">
     <span class='ocr_line' id='line_1_99' title="bbox 207 4984 1774 5062; baseline 0.004 -24"><span class='ocrx_word' id='word_1_782' title='bbox 207 4984 316 5056; x_wconf 80' lang='grc' dir='ltr'><strong>Μὴ</strong></span> <span class='ocrx_word' id='word_1_783' title='bbox 360 4985 639 5054; x_wconf 87' lang='grc' dir='ltr'>κείμενον</span> <span class='ocrx_word' id='word_1_784' title='bbox 667 4987 723 5040; x_wconf 79' lang='grc' dir='ltr'>δὲ</span> <span class='ocrx_word' id='word_1_785' title='bbox 752 4989 810 5039; x_wconf 87' lang='grc' dir='ltr'><strong>ἐν</strong></span> <span class='ocrx_word' id='word_1_786' title='bbox 834 4987 912 5058; x_wconf 85' lang='grc' dir='ltr'>τῷ</span> <span class='ocrx_word' id='word_1_787' title='bbox 954 4988 1245 5060; x_wconf 78' lang='grc' dir='ltr'>Ἐϐραῖκῷ,</span> <span class='ocrx_word' id='word_1_788' title='bbox 1285 4989 1420 5060; x_wconf 79' lang='grc' dir='ltr'>μηδὲ</span> <span class='ocrx_word' id='word_1_789' title='bbox 1477 4991 1631 5062; x_wconf 84' lang='grc' dir='ltr'>παρὰ</span> <span class='ocrx_word' id='word_1_790' title='bbox 1663 4994 1774 5054; x_wconf 86' lang='grc' dir='ltr'>τοῖς</span> 
     </span>
    </p>
   </div>
   <div class='ocr_carea' id='block_1_100' title="bbox 127 5077 1775 5154">
    <p class='ocr_par' dir='ltr' id='par_1_100' title="bbox 127 5077 1775 5154">
     <span class='ocr_line' id='line_1_100' title="bbox 127 5077 1775 5154; baseline 0.005 -24"><span class='ocrx_word' id='word_1_791' title='bbox 127 5077 374 5143; x_wconf 79' lang='grc' dir='ltr'>λοιποῖς</span> <span class='ocrx_word' id='word_1_792' title='bbox 398 5079 777 5152; x_wconf 75' lang='grc' dir='ltr'>ἑρμηνευταῖς</span> <span class='ocrx_word' id='word_1_793' title='bbox 800 5081 860 5134; x_wconf 82' lang='grc' dir='ltr'><strong>τὸ</strong></span> <span class='ocrx_word' id='word_1_794' title='bbox 877 5082 947 5136; x_wconf 76' lang='grc' dir='ltr'>ἐν</span> <span class='ocrx_word' id='word_1_795' title='bbox 970 5082 1098 5148; x_wconf 86' lang='grc' dir='ltr'>ταῖς</span> <span class='ocrx_word' id='word_1_796' title='bbox 1112 5084 1332 5149; x_wconf 78' lang='grc' dir='ltr'>πύλαις</span> <span class='ocrx_word' id='word_1_797' title='bbox 1351 5082 1462 5152; x_wconf 81' lang='grc' dir='ltr'>τῆς</span> <span class='ocrx_word' id='word_1_798' title='bbox 1484 5085 1775 5154; x_wconf 77' lang='grc' dir='ltr'>θυγατρὸς</span> 
     </span>
    </p>
   </div>
   <div class='ocr_carea' id='block_1_101' title="bbox 127 5171 1775 5246">
    <p class='ocr_par' dir='ltr' id='par_1_101' title="bbox 127 5171 1775 5246">
     <span class='ocr_line' id='line_1_101' title="bbox 127 5171 1775 5246; baseline 0.002 -23"><span class='ocrx_word' id='word_1_799' title='bbox 127 5171 326 5236; x_wconf 69' lang='grc' dir='ltr'>Σιὼν,</span> <span class='ocrx_word' id='word_1_800' title='bbox 375 5171 551 5241; x_wconf 74' lang='grc' dir='ltr'>παρὰ</span> <span class='ocrx_word' id='word_1_801' title='bbox 589 5172 769 5246; x_wconf 76' lang='grc' dir='ltr'>μόνοις</span> <span class='ocrx_word' id='word_1_802' title='bbox 793 5173 850 5226; x_wconf 86' lang='grc' dir='ltr'><strong>δέ</strong></span> <span class='ocrx_word' id='word_1_803' title='bbox 877 5175 989 5237; x_wconf 81' lang='grc' dir='ltr'>τοῖς</span> <span class='ocrx_word' id='word_1_804' title='bbox 1029 5172 1423 5244; x_wconf 78' lang='grc' dir='ltr'>Ἐϐδομήκοντα</span> <span class='ocrx_word' id='word_1_805' title='bbox 1452 5176 1775 5246; x_wconf 76' lang='grc' dir='ltr'>φερόμενον,</span> 
     </span>
    </p>
   </div>
   <div class='ocr_carea' id='block_1_102' title="bbox 121 5251 1777 5338">
    <p class='ocr_par' dir='ltr' id='par_1_102' title="bbox 121 5251 1777 5338">
     <span class='ocr_line' id='line_1_102' title="bbox 121 5251 1777 5338; baseline 0.003 -24"><span class='ocrx_word' id='word_1_806' title='bbox 121 5261 504 5323; x_wconf 80' lang='grc' dir='ltr'>ὠδέλιστσιι,</span> <span class='ocrx_word' id='word_1_807' title='bbox 531 5261 618 5316; x_wconf 84' lang='grc' dir='ltr'>διὰ</span> <span class='ocrx_word' id='word_1_808' title='bbox 645 5263 706 5316; x_wconf 81' lang='grc' dir='ltr'><strong>τὸ</strong></span> <span class='ocrx_word' id='word_1_809' title='bbox 735 5265 828 5317; x_wconf 74' lang='grc' dir='ltr'><strong>καὶ</strong></span> <span class='ocrx_word' id='word_1_810' title='bbox 852 5264 1102 5336; x_wconf 79' lang='grc' dir='ltr'>περιττὸν</span> <span class='ocrx_word' id='word_1_811' title='bbox 1131 5260 1288 5319; x_wconf 81' lang='grc' dir='ltr'>εἶναι.</span> <span class='ocrx_word' id='word_1_812' title='bbox 1325 5267 1398 5320; x_wconf 85' lang='grc' dir='ltr'><strong>Τὸ</strong></span> <span class='ocrx_word' id='word_1_813' title='bbox 1422 5251 1530 5338; x_wconf 84' lang='grc' dir='ltr'>γὰρ</span> <span class='ocrx_word' id='word_1_814' title='bbox 1560 5267 1777 5320; x_wconf 86' lang='grc' dir='ltr'>πάντων</span> 
     </span>
    </p>
   </div>
   <div class='ocr_carea' id='block_1_103' title="bbox 122 5352 1774 5430">
    <p class='ocr_par' dir='ltr' id='par_1_103' title="bbox 122 5352 1774 5430">
     <span class='ocr_line' id='line_1_103' title="bbox 122 5352 1774 5430; baseline 0.002 -23"><span class='ocrx_word' id='word_1_815' title='bbox 122 5355 368 5423; x_wconf 70' lang='grc' dir='ltr'>ἀγαθὸν</span> <span class='ocrx_word' id='word_1_816' title='bbox 419 5352 587 5418; x_wconf 76' lang='grc' dir='ltr'>τέλος</span> <span class='ocrx_word' id='word_1_817' title='bbox 633 5356 718 5408; x_wconf 83' lang='grc' dir='ltr'>ἐπ’</span> <span class='ocrx_word' id='word_1_818' title='bbox 754 5356 923 5428; x_wconf 76' lang='grc' dir='ltr'>αὐτὴν</span> <span class='ocrx_word' id='word_1_819' title='bbox 959 5357 1080 5426; x_wconf 82' lang='grc' dir='ltr'>ἄγει</span> <span class='ocrx_word' id='word_1_820' title='bbox 1122 5358 1220 5430; x_wconf 83' lang='grc' dir='ltr'><strong>τὴν</strong></span> <span class='ocrx_word' id='word_1_821' title='bbox 1255 5359 1575 5430; x_wconf 78' lang='grc' dir='ltr'>ἐπουράνιον</span> <span class='ocrx_word' id='word_1_822' title='bbox 1614 5356 1774 5422; x_wconf 85' lang='grc' dir='ltr'>Σιὼν,</span> 
     </span>
    </p>
   </div>
   <div class='ocr_carea' id='block_1_104' title="bbox 120 5443 1776 5523">
    <p class='ocr_par' dir='ltr' id='par_1_104' title="bbox 120 5443 1776 5523">
     <span class='ocr_line' id='line_1_104' title="bbox 120 5443 1776 5523; baseline 0 -21"><span class='ocrx_word' id='word_1_823' title='bbox 120 5448 184 5519; x_wconf 75' lang='grc' dir='ltr'><strong>ῆ’</strong></span> <span class='ocrx_word' id='word_1_824' title='bbox 207 5466 265 5513; x_wconf 81' lang='grc' dir='ltr'><strong>ις</strong></span> <span class='ocrx_word' id='word_1_825' title='bbox 316 5443 402 5518; x_wconf 81' lang='grc' dir='ltr'>ἦν</span> <span class='ocrx_word' id='word_1_826' title='bbox 442 5449 484 5517; x_wconf 81' lang='grc' dir='ltr'><strong>ἡ</strong></span> <span class='ocrx_word' id='word_1_827' title='bbox 528 5447 891 5520; x_wconf 77' lang='grc' dir='ltr'>ἁποδεδομὲνη</span> <span class='ocrx_word' id='word_1_828' title='bbox 913 5450 1006 5502; x_wconf 85' lang='grc' dir='ltr'><strong>τοῦ</strong></span> <span class='ocrx_word' id='word_1_829' title='bbox 1045 5449 1177 5503; x_wconf 87' lang='grc' dir='ltr'>Θεοῦ</span> <span class='ocrx_word' id='word_1_830' title='bbox 1213 5453 1271 5504; x_wconf 90' lang='grc' dir='ltr'><strong>ἐν</strong></span> <span class='ocrx_word' id='word_1_831' title='bbox 1308 5453 1556 5523; x_wconf 84' lang='grc' dir='ltr'>οὐρανοῖς</span> <span class='ocrx_word' id='word_1_832' title='bbox 1588 5451 1776 5514; x_wconf 78' lang='grc' dir='ltr'>πόλις,</span> 
     </span>
    </p>
   </div>
   <div class='ocr_carea' id='block_1_105' title="bbox 116 5539 1774 5614">
    <p class='ocr_par' dir='ltr' id='par_1_105' title="bbox 116 5539 1774 5614">
     <span class='ocr_line' id='line_1_105' title="bbox 116 5539 1774 5614; baseline -0.006 -19"><span class='ocrx_word' id='word_1_833' title='bbox 116 5542 325 5610; x_wconf 77' lang='grc' dir='ltr'>Ουγατ</span> <span class='ocrx_word' id='word_1_834' title='bbox 338 5541 454 5612; x_wconf 57' lang='grc' dir='ltr'><strong>ρος</strong></span> <span class='ocrx_word' id='word_1_835' title='bbox 495 5539 632 5593; x_wconf 82' lang='grc' dir='ltr'>Σιὼν</span> <span class='ocrx_word' id='word_1_836' title='bbox 658 5540 952 5610; x_wconf 69' lang='grc' dir='ltr'>νοουμένης</span> <span class='ocrx_word' id='word_1_837' title='bbox 977 5541 1077 5611; x_wconf 70' lang='grc' dir='ltr'>τῆς</span> <span class='ocrx_word' id='word_1_838' title='bbox 1096 5544 1226 5614; x_wconf 80' lang='grc' dir='ltr'>παρ’</span> <span class='ocrx_word' id='word_1_839' title='bbox 1255 5544 1387 5614; x_wconf 82' lang='grc' dir='ltr'>μῖν</span> <span class='ocrx_word' id='word_1_840' title='bbox 1428 5543 1774 5614; x_wconf 64' lang='grc' dir='ltr'>Ἐκκλησξας,</span> 
     </span>
    </p>
   </div>
   <div class='ocr_carea' id='block_1_106' title="bbox 114 5630 1162 5706">
    <p class='ocr_par' dir='ltr' id='par_1_106' title="bbox 114 5630 1162 5706">
     <span class='ocr_line' id='line_1_106' title="bbox 114 5630 1162 5706; baseline 0 -18"><span class='ocrx_word' id='word_1_841' title='bbox 114 5633 205 5700; x_wconf 81' lang='grc' dir='ltr'><strong>ὡς</strong></span> <span class='ocrx_word' id='word_1_842' title='bbox 237 5632 352 5688; x_wconf 84' lang='grc' dir='ltr'>διὰ</span> <span class='ocrx_word' id='word_1_843' title='bbox 395 5630 629 5688; x_wconf 79' lang='grc' dir='ltr'>πολλῶν</span> <span class='ocrx_word' id='word_1_844' title='bbox 659 5633 936 5697; x_wconf 76' lang='grc' dir='ltr'>ἀποδεῖξαι</span> <span class='ocrx_word' id='word_1_845' title='bbox 964 5635 1162 5706; x_wconf 75' lang='grc' dir='ltr'>ῥᾴδιον.</span> 
     </span>
    </p>
   </div>
   <div class='ocr_carea' id='block_1_107' title="bbox 188 5786 1745 5856">
    <p class='ocr_par' dir='ltr' id='par_1_107' title="bbox 188 5786 1745 5856">
     <span class='ocr_line' id='line_1_107' title="bbox 188 5786 1745 5856; baseline -0.001 -15"><span class='ocrx_word' id='word_1_846' title='bbox 188 5790 216 5821; x_wconf 77' lang='grc'>⁸</span> <span class='ocrx_word' id='word_1_847' title='bbox 254 5788 274 5841; x_wconf 89' lang='grc' dir='ltr'><strong>Ι</strong></span> <span class='ocrx_word' id='word_1_848' title='bbox 313 5788 480 5843; x_wconf 85' lang='lat' dir='ltr'><strong>Cor.</strong></span> <span class='ocrx_word' id='word_1_849' title='bbox 520 5802 591 5852; x_wconf 85' lang='lat' dir='ltr'><strong>vl,</strong></span> <span class='ocrx_word' id='word_1_850' title='bbox 625 5787 710 5841; x_wconf 77' lang='lat' dir='ltr'><strong>i7.</strong></span> <span class='ocrx_word' id='word_1_851' title='bbox 789 5790 807 5819; x_wconf 68' lang='grc' dir='ltr'><strong>τ’</strong></span> <span class='ocrx_word' id='word_1_852' title='bbox 843 5786 988 5842; x_wconf 81' lang='lat' dir='ltr'><strong>Psal.</strong></span> <span class='ocrx_word' id='word_1_853' title='bbox 1029 5803 1161 5856; x_wconf 80' lang='lat' dir='ltr'><strong>Lxu,</strong></span> <span class='ocrx_word' id='word_1_854' title='bbox 1188 5789 1241 5844; x_wconf 88' lang='lat'><strong>9.</strong></span> <span class='ocrx_word' id='word_1_855' title='bbox 1323 5789 1366 5820; x_wconf 77' lang='grc'><strong>⁸⁸</strong></span> <span class='ocrx_word' id='word_1_856' title='bbox 1397 5787 1416 5842; x_wconf 91' lang='lat' dir='ltr'><strong>l</strong></span> <span class='ocrx_word' id='word_1_857' title='bbox 1445 5788 1572 5844; x_wconf 87' lang='lat' dir='ltr'><strong>Cor.</strong></span> <span class='ocrx_word' id='word_1_858' title='bbox 1608 5802 1666 5855; x_wconf 84' lang='grc' dir='ltr'><strong>ιι,</strong></span> <span class='ocrx_word' id='word_1_859' title='bbox 1694 5787 1745 5843; x_wconf 83' lang='lat'><strong>9.</strong></span> 
     </span>
    </p>
   </div>
   <div class='ocr_carea' id='block_1_108' title="bbox 1963 4972 3464 5048">
    <p class='ocr_par' dir='ltr' id='par_1_108' title="bbox 1963 4972 3464 5048">
     <span class='ocr_line' id='line_1_108' title="bbox 1963 4972 3464 5048; baseline -0.013 -5"><span class='ocrx_word' id='word_1_860' title='bbox 1963 4987 2101 5042; x_wconf 88' lang='lat' dir='ltr'><strong>Cum</strong></span> <span class='ocrx_word' id='word_1_861' title='bbox 2134 4994 2317 5042; x_wconf 88' lang='lat' dir='ltr'><strong>autem</strong></span> <span class='ocrx_word' id='word_1_862' title='bbox 2370 4983 2527 5047; x_wconf 90' lang='lat' dir='ltr'><strong>illud,</strong></span> <span class='ocrx_word' id='word_1_863' title='bbox 2560 4984 2614 5036; x_wconf 88' lang='lat' dir='ltr'><strong>in</strong></span> <span class='ocrx_word' id='word_1_864' title='bbox 2641 4980 2808 5048; x_wconf 86' lang='lat' dir='ltr'><strong>portis</strong></span> <span class='ocrx_word' id='word_1_865' title='bbox 2865 4978 2995 5048; x_wconf 75' lang='lat' dir='ltr'><strong>[iliw</strong></span> <span class='ocrx_word' id='word_1_866' title='bbox 3016 4972 3166 5040; x_wconf 87' lang='lat' dir='ltr'><strong>Sion,</strong></span> <span class='ocrx_word' id='word_1_867' title='bbox 3199 4986 3376 5043; x_wconf 89' lang='lat' dir='ltr'><strong>neque</strong></span> <span class='ocrx_word' id='word_1_868' title='bbox 3408 4988 3464 5025; x_wconf 81' lang='lat' dir='ltr'><strong>In</strong></span> 
     </span>
    </p>
   </div>
   <div class='ocr_carea' id='block_1_109' title="bbox 1883 5062 3459 5147">
    <p class='ocr_par' dir='ltr' id='par_1_109' title="bbox 1883 5062 3459 5147">
     <span class='ocr_line' id='line_1_109' title="bbox 1883 5062 3459 5147; baseline -0.011 -15"><span class='ocrx_word' id='word_1_869' title='bbox 1883 5077 2172 5143; x_wconf 81' lang='lat' dir='ltr'><strong>Hebraico,</strong></span> <span class='ocrx_word' id='word_1_870' title='bbox 2204 5081 2382 5147; x_wconf 88' lang='lat' dir='ltr'><strong>neque</strong></span> <span class='ocrx_word' id='word_1_871' title='bbox 2431 5073 2572 5143; x_wconf 86' lang='lat' dir='ltr'><strong>apud</strong></span> <span class='ocrx_word' id='word_1_872' title='bbox 2631 5072 2870 5140; x_wconf 91' lang='lat' dir='ltr'><strong>reliquos</strong></span> <span class='ocrx_word' id='word_1_873' title='bbox 2908 5069 3234 5135; x_wconf 86' lang='lat' dir='ltr'><strong>interpretes</strong></span> <span class='ocrx_word' id='word_1_874' title='bbox 3253 5062 3459 5132; x_wconf 85' lang='lat' dir='ltr'><strong>jaceat,</strong></span> 
     </span>
    </p>
   </div>
   <div class='ocr_carea' id='block_1_110' title="bbox 1883 5152 3462 5240">
    <p class='ocr_par' dir='ltr' id='par_1_110' title="bbox 1883 5152 3462 5240">
     <span class='ocr_line' id='line_1_110' title="bbox 1883 5152 3462 5240; baseline -0.012 -14"><span class='ocrx_word' id='word_1_875' title='bbox 1883 5172 1978 5226; x_wconf 83' lang='lat' dir='ltr'><strong>sed</strong></span> <span class='ocrx_word' id='word_1_876' title='bbox 1997 5168 2139 5240; x_wconf 89' lang='lat' dir='ltr'><strong>apud</strong></span> <span class='ocrx_word' id='word_1_877' title='bbox 2161 5170 2308 5226; x_wconf 91' lang='lat' dir='ltr'><strong>solos</strong></span> <span class='ocrx_word' id='word_1_878' title='bbox 2328 5165 2683 5236; x_wconf 78' lang='lat' dir='ltr'><strong>Septuaginta</strong></span> <span class='ocrx_word' id='word_1_879' title='bbox 2707 5159 3038 5231; x_wconf 83' lang='lat' dir='ltr'><strong>lnterpretes</strong></span> <span class='ocrx_word' id='word_1_880' title='bbox 3056 5156 3286 5218; x_wconf 79' lang='lat' dir='ltr'><strong>feratur,</strong></span> <span class='ocrx_word' id='word_1_881' title='bbox 3303 5152 3462 5208; x_wconf 89' lang='lat' dir='ltr'><strong>obelo</strong></span> 
     </span>
    </p>
   </div>
   <div class='ocr_carea' id='block_1_111' title="bbox 1884 5247 3464 5329">
    <p class='ocr_par' dir='ltr' id='par_1_111' title="bbox 1884 5247 3464 5329">
     <span class='ocr_line' id='line_1_111' title="bbox 1884 5247 3464 5329; baseline -0.012 -14"><span class='ocrx_word' id='word_1_882' title='bbox 1884 5268 2128 5324; x_wconf 88' lang='lat' dir='ltr'><strong>notatur,</strong></span> <span class='ocrx_word' id='word_1_883' title='bbox 2176 5259 2304 5329; x_wconf 87' lang='lat' dir='ltr'><strong>quia</strong></span> <span class='ocrx_word' id='word_1_884' title='bbox 2351 5254 2686 5326; x_wconf 87' lang='lat' dir='ltr'><strong>superfluum</strong></span> <span class='ocrx_word' id='word_1_885' title='bbox 2727 5258 2832 5309; x_wconf 91' lang='lat' dir='ltr'><strong>est.</strong></span> <span class='ocrx_word' id='word_1_886' title='bbox 2885 5249 3070 5304; x_wconf 90' lang='lat' dir='ltr'><strong>Bonus</strong></span> <span class='ocrx_word' id='word_1_887' title='bbox 3100 5247 3302 5318; x_wconf 88' lang='lat' dir='ltr'><strong>quippe</strong></span> <span class='ocrx_word' id='word_1_888' title='bbox 3344 5259 3464 5298; x_wconf 89' lang='lat' dir='ltr'><strong>om-</strong></span> 
     </span>
    </p>
   </div>
   <div class='ocr_carea' id='block_1_112' title="bbox 1886 5339 3464 5419">
    <p class='ocr_par' dir='ltr' id='par_1_112' title="bbox 1886 5339 3464 5419">
     <span class='ocr_line' id='line_1_112' title="bbox 1886 5339 3464 5419; baseline -0.012 -11"><span class='ocrx_word' id='word_1_889' title='bbox 1886 5354 2036 5408; x_wconf 92' lang='lat' dir='ltr'><strong>nium</strong></span> <span class='ocrx_word' id='word_1_890' title='bbox 2072 5353 2195 5407; x_wconf 86' lang='lat' dir='ltr'><strong>linis</strong></span> <span class='ocrx_word' id='word_1_891' title='bbox 2247 5351 2314 5405; x_wconf 91' lang='lat' dir='ltr'><strong>ad</strong></span> <span class='ocrx_word' id='word_1_892' title='bbox 2348 5350 2520 5419; x_wconf 90' lang='lat' dir='ltr'><strong>ipsam</strong></span> <span class='ocrx_word' id='word_1_893' title='bbox 2554 5346 2685 5402; x_wconf 91' lang='lat' dir='ltr'><strong>Sion</strong></span> <span class='ocrx_word' id='word_1_894' title='bbox 2719 5345 2998 5400; x_wconf 62' lang='lat' dir='ltr'><strong>caelestem</strong></span> <span class='ocrx_word' id='word_1_895' title='bbox 3032 5339 3202 5404; x_wconf 83' lang='lat' dir='ltr'><strong>ducit,</strong></span> <span class='ocrx_word' id='word_1_896' title='bbox 3234 5353 3354 5408; x_wconf 73' lang='lat' dir='ltr'><strong>qua:</strong></span> <span class='ocrx_word' id='word_1_897' title='bbox 3380 5343 3464 5391; x_wconf 88' lang='lat' dir='ltr'><strong>est</strong></span> 
     </span>
    </p>
   </div>
   <div class='ocr_carea' id='block_1_113' title="bbox 1885 5427 3461 5516">
    <p class='ocr_par' dir='ltr' id='par_1_113' title="bbox 1885 5427 3461 5516">
     <span class='ocr_line' id='line_1_113' title="bbox 1885 5427 3461 5516; baseline -0.013 -14"><span class='ocrx_word' id='word_1_898' title='bbox 1885 5447 2106 5516; x_wconf 89' lang='lat' dir='ltr'><strong>illajam</strong></span> <span class='ocrx_word' id='word_1_899' title='bbox 2146 5442 2347 5498; x_wconf 89' lang='lat' dir='ltr'><strong>tradita</strong></span> <span class='ocrx_word' id='word_1_900' title='bbox 2382 5440 2575 5495; x_wconf 83' lang='lat' dir='ltr'><strong>civitas</strong></span> <span class='ocrx_word' id='word_1_901' title='bbox 2593 5437 2692 5507; x_wconf 85' lang='lat' dir='ltr'><strong>Dei</strong></span> <span class='ocrx_word' id='word_1_902' title='bbox 2730 5439 2787 5494; x_wconf 88' lang='lat' dir='ltr'><strong>in</strong></span> <span class='ocrx_word' id='word_1_903' title='bbox 2810 5436 2985 5492; x_wconf 73' lang='lat' dir='ltr'><strong>cadis.</strong></span> <span class='ocrx_word' id='word_1_904' title='bbox 3025 5431 3160 5487; x_wconf 88' lang='lat' dir='ltr'><strong>Nam</strong></span> <span class='ocrx_word' id='word_1_905' title='bbox 3184 5431 3293 5486; x_wconf 85' lang='lat' dir='ltr'><strong>filia</strong></span> <span class='ocrx_word' id='word_1_906' title='bbox 3331 5427 3461 5482; x_wconf 87' lang='lat' dir='ltr'><strong>Sion</strong></span> 
     </span>
    </p>
   </div>
   <div class='ocr_carea' id='block_1_114' title="bbox 1885 5519 3464 5603">
    <p class='ocr_par' dir='ltr' id='par_1_114' title="bbox 1885 5519 3464 5603">
     <span class='ocr_line' id='line_1_114' title="bbox 1885 5519 3464 5603; baseline -0.011 -12"><span class='ocrx_word' id='word_1_907' title='bbox 1885 5536 2129 5592; x_wconf 85' lang='lat' dir='ltr'><strong>Ecclesia</strong></span> <span class='ocrx_word' id='word_1_908' title='bbox 2169 5541 2356 5589; x_wconf 88' lang='lat' dir='ltr'><strong>nostra</strong></span> <span class='ocrx_word' id='word_1_909' title='bbox 2379 5548 2501 5588; x_wconf 84' lang='lat' dir='ltr'><strong>esse</strong></span> <span class='ocrx_word' id='word_1_910' title='bbox 2535 5530 2883 5603; x_wconf 78' lang='lat' dir='ltr'><strong>intelligitur,</strong></span> <span class='ocrx_word' id='word_1_911' title='bbox 2913 5536 2972 5585; x_wconf 88' lang='lat' dir='ltr'><strong>ut</strong></span> <span class='ocrx_word' id='word_1_912' title='bbox 3009 5523 3260 5595; x_wconf 81' lang='lat' dir='ltr'><strong>pluribus</strong></span> <span class='ocrx_word' id='word_1_913' title='bbox 3301 5519 3464 5576; x_wconf 88' lang='lat' dir='ltr'><strong>facile</strong></span> 
     </span>
    </p>
   </div>
   <div class='ocr_carea' id='block_1_115' title="bbox 1885 5623 2619 5701">
    <p class='ocr_par' dir='ltr' id='par_1_115' title="bbox 1885 5623 2619 5701">
     <span class='ocr_line' id='line_1_115' title="bbox 1885 5623 2619 5701; baseline -0.015 -12"><span class='ocrx_word' id='word_1_914' title='bbox 1885 5641 1969 5689; x_wconf 86' lang='lat' dir='ltr'><strong>est</strong></span> <span class='ocrx_word' id='word_1_915' title='bbox 1997 5628 2375 5701; x_wconf 87' lang='lat' dir='ltr'><strong>comprobare.</strong></span> <span class='ocrx_word' id='word_1_916' title='bbox 2612 5623 2619 5640; x_wconf 88' lang='lat'>‘</span> 
     </span>
    </p>
   </div>
  </div>
