3776 6284
375 419 476 475 851
1055 410 1324 468 EUSEBII
1364 409 1844 467 οιΕεΑιιιιςΝειε
1883 408 2031 465 ΟΡΡ.
2076 405 2255 462 ΡΑΒΒ
2291 404 2467 461 llI.--
2504 399 2911 471 EXEGETICA.
3478 400 3556 454 852

589 534 641 587 Ι.
681 531 1163 590 INTELLECTUS
1210 529 1458 587 ASAPH.
1478 534 1481 539 ⁴
1500 527 1731 585 LXXIII.

377 703 382 707 _
450 644 666 716 Περαία,
700 645 866 709 Deus,
913 645 1159 715 repulisti
1208 646 1265 699 in
1310 646 1490 714 ﬁnem,
1520 644 1693 697 iratus
1738 649 1816 695 est
1860 639 1949 705 fu-

373 756 465 797 ror
523 751 641 795 tuus
677 756 832 809 super
885 756 1000 797 oves
1060 754 1272 808 pascuae
1327 740 1475 793 tum?
1536 735 1616 790 Ad
1678 733 1947 789 dictorum

373 830 786 903 intelligentiam
838 845 941 885 nos
967 829 1171 884 excitat
1220 835 1276 884 et
1312 827 1506 883 invitat
1538 827 1763 898 spiritus
1820 841 1951 897 pro-

373 923 642 995 pheticus.
714 921 821 988 Qui
863 938 1041 990 neque
1081 922 1352 992 psalmum
1416 920 1483 975 de
1532 935 1704 985 more,
1772 934 1948 989 neque

371 1016 673 1078 canticum,
704 1029 883 1084 neque
910 1013 1197 1084 hymnum,
1229 1026 1409 1083 neque
1433 1011 1564 1081 quid
1590 1010 1770 1066 simile
1792 1012 1847 1066 in
1877 1011 1949 1064 ti-

370 1111 487 1165 tulo
521 1109 811 1175 indicavit,
850 1109 979 1178 quia
1023 1108 1207 1164 tristia
1234 1106 1612 1162 enuntiantur.
1651 1103 1756 1161 Ubi
1796 1104 1949 1160 vide-

370 1210 463 1255 tur
494 1201 825 1272 supplicatio
857 1200 1149 1267 contineri,
1172 1198 1240 1255 de
1260 1212 1372 1269 qua
1405 1197 1624 1252 divinus
1648 1196 1946 1268 Apostolus

370 1303 647 1363 praecepta
678 1294 863 1358 dabat,
916 1293 1106 1349 dicens
1143 1297 1397 1362 oportere
1442 1305 1543 1345 nos
1572 1303 1763 1345 omnes
1785 1288 1946 1345 emit-

371 1397 487 1444 tere
520 1387 953 1448 obsecrationes,
1000 1399 1213 1456 preces,
1259 1383 1709 1456 supplicationes,
1740 1382 1943 1453 gratia--

370 1496 494 1536 rum
539 1482 783 1536 actiones
811 1481 881 1534 “.
910 1478 1009 1534 Hic
1058 1480 1242 1551 itaque
1271 1492 1455 1535 sermo
1496 1476 1666 1531 Deum
1715 1475 1948 1547 alloqui-

373 1579 488 1636 tur,
513 1577 676 1640 atque
707 1570 891 1624 futura
920 1574 980 1622 ut
1005 1567 1118 1638 jam
1152 1565 1428 1638 praeterita
1450 1564 1769 1636 prophetice
1792 1579 1948 1621 enar-

370 1671 481 1728 rat,
523 1671 852 1733 postremam
894 1661 1020 1716 item
1051 1658 1522 1729 Jerosolymorum
1580 1656 1944 1725 obsidionem,

370 1770 494 1825 quae
518 1762 643 1825 post
669 1754 964 1811 salutarem
987 1750 1296 1807 Adventum
1330 1764 1359 1803 a
1392 1747 1653 1804 Romanis
1682 1746 1826 1804 facta
1839 1757 1944 1814 est,

372 1845 667 1916 signiﬁcat.
704 1845 771 1901 Et
821 1846 935 1901 haec
979 1858 1104 1899 cum
1144 1842 1388 1898 nondum
1426 1842 1762 1898 constitutus
1794 1841 1947 1898 locus

1971 534 2027 591 Α

2386 522 2733 577 ΣΥΝΕΣΕΩΣ
2764 521 2850 591 τι)
2892 516 3099 573 nam.
3145 514 3270 569 or'.

2136 637 2307 693 Ἰνατί
2325 676 2338 702 ,
2369 639 2402 691 ό
2437 634 2600 702 Θεὸς,
2633 631 2852 688 ἀπώσω
2910 633 2997 696 είς
3030 629 3202 695 τέλος
3223 666 3238 690 ,
3274 624 3502 695 ὠργίσθη
3536 631 3561 680 ὀ

2055 732 2242 801 θυμός
2271 743 2388 784 σου
2416 727 2515 782 ἐπὶ
2542 725 2804 794 πρόϐατα
2829 720 3021 793 νομῆς
3043 735 3191 785 σου;
3220 717 3462 788 Διεγείρει
3489 717 3568 788 μὲν

2055 823 2200 893 ἡμᾶς
2226 819 2321 875 καί⁸
2348 819 2607 891 παρορμᾷ
2630 817 2723 870 ἐπὶ
2746 814 2845 887 τὴν
2867 813 2976 867 τῶν
2998 811 3298 883 λεγομένων
3321 808 3566 862 σύνεσινὼ

2057 913 2273 985 πνεῦμα
2317 910 2379 964 τὸ
2426 906 2778 981 προφητικόν.
2835 903 2973 960 Οὔτε
3000 904 3058 958 δὲ
3086 901 3295 973 ψαλμὸν
3326 899 3566 970 ἐπιγράφει

2056 1005 2321 1078 συνήθως,
2353 1002 2477 1057 οὔτε
2506 1000 2682 1072 ᾠδὴν,
2713 996 2839 1053 οὔτε
2866 996 3053 1067 ὕμνον,
3082 995 3202 1049 οὐδέ
3228 1012 3282 1047 τι
3310 990 3408 1046 τῶν
3430 1008 3565 1062 παρα-

2054 1094 2313 1167 πλησίων,
2339 1095 2428 1151 διὰ
2445 1093 2507 1147 τὸ
2530 1087 2846 1163 σκυθρωπὸν
2864 1085 2974 1141 τῶν
2993 1082 3477 1154 ἀπαγγελλομένων.
3501 1081 3566 1133 Ἐν

2053 1184 2133 1255 οἷς
2157 1189 2302 1243 δοκεῖ
2331 1184 2565 1250 ἔντευξις
2592 1180 2935 1255 περιέχεσθαι
2953 1217 2968 1244 ,
3001 1176 3130 1248 περὶ
3157 1170 3225 1248 ἦς
3246 1177 3275 1228 ὁ
3298 1173 3429 1228 θεῖος
3450 1171 3567 1225 Ἀπό-

2055 1282 2240 1346 στολος
2263 1277 2614 1338 διεκελεύετο,
2633 1258 2741 1329 δεῖν
2763 1272 2933 1342 λέγων
2951 1270 3158 1332 πάντας
3179 1269 3324 1339 ἡμᾶς
3349 1264 3567 1319 ποιεῖσθαι

2052 1373 2294 1444 δεήσεις,
2324 1366 2660 1440 προσευχὰς,
2688 1363 2976 1429 ἐντεύξεις,
3002 1358 3364 1431 εὐχαριστίας.
3394 1358 3568 1425 Ἐντυγ-

2052 1465 2204 1535 χάνει
2235 1461 2364 1529 γοῦν
2389 1460 2418 1513 ὁ
2446 1459 2602 1528 λόγος
2624 1454 2854 1527 τῷΘεῷ,
2885 1450 3236 1526 προφητικῶς
3264 1448 3334 1501 τὰ
3360 1446 3570 1520 μέλλοντα

2050 1555 2126 1619 ὡς
2158 1551 2524 1626 παρῳχηκότα
2554 1547 2763 1614 διεξιὼν
2781 1587 2799 1613 ,
2831 1546 2925 1600 καὶ
2949 1543 3047 1616 τήν
3079 1540 3315 1612 ἐσχάτην
3342 1538 3571 1609 σημαίνων

2054 1646 2366 1720 πολιορκίαν
2392 1644 2493 1714 τῆς
2520 1639 2871 1716 Ἰερουσαλὴμ
2894 1638 2993 1710 τὴν
3019 1635 3124 1690 ὑπὸ
3160 1631 3437 1703 Ῥωμαίων
3458 1647 3574 1698 γενο-

2057 1740 2222 1813 μένην
2253 1737 2390 1811 μετὰ
2416 1736 2515 1808 τὴν
2544 1735 2805 1808 σωτήριον
2821 1728 3151 1804 Παρουσίαν.
3178 1726 3292 1780 Καὶ
3314 1721 3472 1777 ταῦτα
3494 1739 3572 1794 μη-

2052 1832 2111 1886 δὲ
2138 1830 2434 1894 ’συστάντος
2453 1845 2540 1883 πω
2565 1824 2658 1882 τοῦ
2681 1826 2846 1881 τόπου
2871 1819 3275 1895 προαναφωνεί
3309 1816 3366 1870 '0
3392 1815 3477 1887 μὲν
3493 1814 3573 1883 γὰρ

369 1908 539 2002 esset,
557 1940 908 2009 praenuntiat.
945 1937 1155 1994 Etenim
1169 1938 1377 2008 Asaph,
1412 1938 1508 2009 qui
1530 1938 1646 1993 haec
1674 1936 1924 1993 vaticina-

2058 1924 2253 1995 ’Δσὰφ,
2279 1924 2348 1978 δι’
2371 1917 2432 1979 οῦ
2457 1921 2627 1978 ταῦτα
2654 1917 3056 1991 προεφητεύετο
3073 1956 3089 1981 ,

369 2037 480 2087 tur.
515 2032 742 2101 aequalis
792 2030 981 2085 Davidi
1032 2039 1185 2097 erat;
1220 2028 1480 2086 Salomon
1521 2042 1653 2084 vero
1685 2035 1809 2099 post
1841 2025 1947 2081 Da-

369 2122 512 2179 vidis
532 2132 786 2187 mortem,
828 2124 1088 2194 templum
1120 2122 1415 2179 exstruxit.
1446 2120 1583 2177 Cum
1610 2127 1790 2175 autem
1812 2117 1950 2173 duas

370 2216 480 2272 loci
512 2217 849 2272 vastationes
878 2214 1244 2286 praevidisset,
1278 2214 1517 2284 priorem
1545 2211 1757 2267 scilicet
1785 2224 1816 2262 a
1843 2207 1950 2262 Ba-

370 2308 632 2379 byloniis,
662 2315 717 2363 et
747 2307 1045 2363 secundam
1076 2321 1107 2360 a
1151 2304 1414 2360 Romanis
1451 2303 1684 2369 factam;
1711 2301 1947 2372 priorem

371 2399 595 2471 quidem
629 2400 683 2452 in
727 2414 892 2452 Lxxix
928 2398 1161 2467 psalmo,
1196 2404 1253 2451 et
1301 2396 1358 2451 in
1401 2411 1590 2450 Lxxxn
1641 2392 1944 2465 signiﬁcat;

372 2491 735 2561 posteriorem
766 2505 898 2543 vero
927 2490 981 2543 in
1021 2487 1277 2557 prazsenti
1322 2485 1630 2558 prophetia,
1658 2500 1823 2556 quam
1866 2485 1947 2540 sic

375 2584 631 2638 orditur:
681 2581 899 2654 thuid,
945 2580 1122 2648 Deus,
1159 2579 1400 2649 repulisti
1450 2580 1506 2633 in
1559 2580 1740 2648 ﬁnem,
1774 2578 1946 2632 iratus

372 2685 452 2730 est
484 2675 635 2745 furor
662 2684 783 2730 tuus
818 2690 975 2745 super
1020 2688 1137 2728 oves
1182 2688 1393 2741 pascuae
1424 2674 1570 2727 tuaz?
1600 2670 1945 2727 Postremum

372 2780 613 2835 namque
666 2774 720 2819 et
765 2764 1039 2834 integrum
1091 2763 1313 2819 illorum
1348 2761 1623 2818 excidium
1680 2776 1790 2816 non
1838 2760 1946 2815 alio

372 2866 619 2927 tempore
660 2856 783 2918 fuit,
820 2871 984 2926 quam
1013 2871 1136 2911 cum
1171 2855 1433 2909 Servator
1461 2861 1516 2908 et
1552 2852 1817 2908 Dominus
1856 2866 1948 2907 no-

373 2956 487 3005 ster
516 2948 844 3003 sententiam
882 2955 1075 3002 contra
1118 2946 1243 3001 illos
1282 2947 1405 3001 tulit
1433 2946 1661 3002 dicens:
1696 2943 1830 2999 Ecce
1856 2960 1944 2998 re-

373 3039 640 3108 linquetur
674 3038 819 3092 vobis
863 3036 1050 3092 domus
1084 3045 1257 3091 vestra
1303 3036 1512 3092 deserta
1535 3036 1598 3091 ¹².
1637 3036 1716 3092 Ac
1756 3050 1948 3092 conse-

371 3141 606 3203 quenter
637 3145 794 3186 sacer
838 3128 1135 3200 Apostolus
1182 3138 1308 3200 post
1346 3145 1531 3185 rerum
1569 3129 1776 3183 exitum
1808 3128 1947 3184 dixit

373 3224 442 3278 de
490 3223 602 3277 illis
646 3222 937 3278 scribens:
965 3220 1208 3276 Pervenit
1253 3220 1320 3275 ad
1361 3239 1449 3276 eos
1488 3223 1572 3274 ira
1616 3222 1666 3275 in
1701 3220 1942 3290 finem“.

372 3313 476 3367 llic
515 3328 646 3369 vero
693 3313 959 3383 prepheta
1009 3313 1320 3367 minutatim
1373 3328 1458 3377 ea,
1499 3329 1621 3384 quae
1661 3312 1789 3367 huic
1827 3313 1948 3366 loco

372 3405 634 3462 Romanae
660 3405 967 3462 obsidionis
1000 3413 1246 3477 tempore
1294 3408 1665 3477 contigerunt,
1706 3406 1950 3462 declarat

373 3500 461 3555 his
488 3498 671 3555 verbis
702 3520 715 3554 :
749 3498 919 3564 Quasi
936 3500 989 3551 in
1023 3498 1158 3553 silua
1201 3498 1466 3570 lignorum
1491 3498 1765 3554 securibus
1806 3499 1952 3553 exci-

373 3593 563 3646 derunt
587 3590 789 3661 januas
810 3590 925 3660 ejus
969 3591 1024 3644 in
1088 3590 1356 3660 idipsum,
1388 3589 1641 3645 videlicet
1676 3589 1951 3662 Jerosoly—

373 3698 476 3739 nia:
498 3698 588 3747 ;m
619 3681 792 3736 securi
818 3689 868 3734 et
902 3680 1052 3735 ascia
1091 3679 1390 3749 dejecerunt
1428 3696 1566 3735 eam.
1602 3678 1950 3735 Incenderunt

374 3771 493 3842 igne
520 3770 886 3825 sanctuarium
920 3778 1098 3829 tuum;
1129 3769 1185 3824 in
1209 3779 1353 3824 terra
1377 3769 1676 3840 polluerunt
1703 3769 1952 3825 taberna-

372 3860 553 3915 culum
587 3860 814 3916 nominis
858 3860 957 3917 tui.
987 3858 1144 3926 Quod
1188 3859 1237 3915 si
1263 3859 1388 3930 quis
1415 3858 1614 3915 dixerit
1635 3859 1752 3915 haec
1786 3859 1951 3916 etiam

370 3962 620 4024 tempore
661 3951 1087 4024 Babyloniorum
1120 3958 1273 4024 gesta
1302 3966 1450 4018 esse,
1494 3952 1747 4009 advertas
1790 3952 1951 4008 velim

371 4060 496 4114 quae
530 4054 859 4114 sequuntur,
883 4043 1050 4115 Signa
1081 4054 1264 4099 nostra
1292 4059 1398 4098 non
1426 4042 1677 4109 uidimus,
1699 4043 1822 4114 jam
1849 4059 1955 4098 non

372 4145 453 4190 est
483 4136 756 4205 propheta,
792 4144 843 4191 et
876 4152 970 4190 uos
996 4153 1101 4191 non
1133 4142 1405 4207 cognoscet
1441 4136 1688 4204 amplius.
1715 4134 1851 4190 Nam
1878 4134 1954 4191 si-

354 4242 478 4304 gna
521 4227 634 4282 haec
662 4237 820 4283 erant
851 4226 1019 4283 Deum
1051 4228 1326 4297 inspicere
1363 4234 1419 4282 et
1450 4242 1645 4284 curare
1665 4225 1953 4283 Judaieam

374 4329 610 4388 gentem,
635 4333 758 4372 cum
785 4318 920 4389 ipsis
942 4318 1235 4389 prophetas
1264 4318 1419 4374 daret
1444 4337 1459 4373 :
1491 4319 1763 4390 siquidem
1786 4317 1954 4374 etiam

374 4427 500 4466 cum
532 4412 757 4468 male‘se
783 4418 1056 4482 gererent,
1089 4410 1386 4481 prophetas
1417 4410 1552 4481 ipsis
1578 4426 1681 4468 ceu
1711 4409 1956 4465 medicos

373 4510 430 4557 et
463 4512 776 4559 servatores
804 4503 1196 4558 constituebat.
1229 4501 1323 4558 Sic
1369 4503 1427 4557 in
1456 4503 1635 4572 prima
1666 4501 1956 4557 obsidione

2050 2017 2128 2088 τῷ
2157 2016 2347 2072 Δαυτδ·
2393 2012 2642 2085 Σολομὼν
2669 2013 2726 2066 δὲ
2753 2010 2892 2083 μετὰ
2919 2008 3019 2080 τήν
3050 2005 3144 2062 τοῦ
3176 2002 3341 2058 Δαυῖδ
3365 1999 3577 2067 τελευτὴν

2050 2110 2319 2180 οἰκοδομεῖ
2343 2107 2436 2162 τὸν
2472 2105 2627 2162 νεών.
2689 2104 2793 2158 Δύο
2819 2103 2876 2156 δὲ
2908 2098 3198 2171 πορθήσεις
3231 2092 3577 2167 προθεωρήσας

2048 2200 2143 2255 τοῦ
2164 2199 2352 2265 τόπου,
2387 2200 2486 2271 τήν
2512 2213 2572 2251 τε
2600 2193 2869 2268 προτέραν
2888 2190 2988 2262 τὴν
3010 2188 3117 2243 ὑπὸ
3139 2182 3483 2239 Βαϐυλωνίων
3506 2195 3577 2248 τε·

2049 2293 2281 2366 νομένην
2306 2332 2321 2357 ,
2373 2270 2468 2346 καὶ
2492 2289 2588 2361 τὴν
2617 2285 2873 2358 δευτέραν
2903 2282 3002 2353 τὴν
3028 2279 3133 2336 ὑπὸ
3170 2276 3478 2366 Ῥωμαίωνξ

2052 2360 2150 2458 μέν
2172 2360 2392 2457 πρώτην
2417 2380 2507 2436 διὰ
2544 2360 2637 2434 τοῦ
2661 2377 2736 2432 οθ¹
2781 2373 2995 2448 ψαλμοῦ
3030 2370 3288 2444 σημαίνει
3307 2367 3399 2422 καὶ
3416 2364 3492 2418 διὰ

2050 2456 2168 2543 ἕπον,
2197 2456 2296 2549 τὴν
2327 2476 2383 2530 δὲ
2399 2472 2634 2543 ὑστάτην
2657 2469 2745 2524 διὰ
2768 2471 2868 2540 τῆς
2890 2465 3029 2539 μετὰ
3056 2466 3249 2538 χεῖρας
3270 2456 3576 2533 προφητείας.

2047 2565 2115 2643 ἦς
2141 2569 2446 2639 ἁπάρχεται
2479 2564 2650 2634 λέγων
2674 2581 2687 2594 ο
2734 2562 2907 2618 Ἰνατί
2925 2602 2941 2626 ,
2992 2562 3025 2613 ὁ
3072 2557 3215 2622 Θεὸς
3236 2595 3255 2621 ,
3294 2552 3497 2608 ἀπώσω
3517 2550 3583 2643 είς

2048 2638 2539 2727 τέλος-,ὦργίσθη
2571 2659 2604 2712 ό
2641 2654 2826 2724 θυμός
2865 2667 2982 2705 σου
3010 2649 3109 2704 ἐπὶ
3140 2647 3407 2716 πρόϐατα
3429 2638 3583 2710 νομῆς

2049 2766 2201 2815 σου;
2244 2750 2408 2814 Τέλος
2438 2747 2546 2821 γὰρ
2579 2748 2758 2811 αὐτοῖς
2792 2740 3086 2804 παντελοῦς
3114 2736 3477 2796 ἀποπτῶσεως
3500 2729 3583 2797 οὐδῖ

2048 2843 2235 2898 ἄλλοτε
2262 2843 2505 2912 γέγονεν,
2535 2841 2569 2913 ἢ
2600 2840 2688 2893 ὅτε
2714 2840 2743 2892 ὁ
2768 2836 2956 2908 Σωτὴρ
2983 2834 3077 2889 καὶ
3106 2831 3319 2903 Κύριος
3346 2825 3488 2898 ἡμῶν
3509 2821 3583 2894 τὴν

2048 2939 2166 2993 κατ’
2190 2935 2366 2990 αὐτῶν
2397 2933 2726 3004 ἐξηνέγκατο
2756 2929 3027 2999 ἀπόφασιν
3054 2923 3221 2979 εἰπών
3242 2941 3257 2953 ⁸
3303 2919 3441 2976 Ἰδοὺ
3464 2918 3587 2985 ἀφίε-

2047 3048 2142 3086 ται
2162 3028 2303 3099 ὑμῖν
2331 3032 2363 3083 ό
2386 3024 2551 3094 οἶκος
2581 3024 2748 3095 ὑμῶν
2777 3024 3013 3092 ἕρημος.
3066 3011 3161 3081 Οἷς
3189 3012 3490 3073 ἀκολούθως
3515 3005 3585 3060 καὶ

2046 3127 2075 3178 ὁ
2102 3123 2242 3195 ίερὸς
2270 3119 2585 3183 ’Δπόστολος
2620 3118 2755 3189 μετὰ
2781 3116 2879 3186 τὴν
2901 3113 3010 3167 τῶν
3040 3109 3383 3181 πραγμάτων
3409 3101 3588 3195 ἒκὸασιν

2049 3190 2276 3286 γράφων
2300 3210 2430 3282 περὶ
2456 3209 2635 3264 αὐτῶν
2656 3207 2838 3276 ἔλεγεν
2861 3222 2874 3236 ·
2914 3205 3181 3272 Ἕφθασε
3202 3198 3277 3252 δὲ
3294 3198 3387 3251 ἐπ’
3407 3190 3588 3254 αὐτοὺς

1976 3265 2021 3325 C
2288 3265 2592 3370 Blcl‘l’éloc.
2647 3265 2769 3353 Καὶ.
2783 3296 2926 3352 κατὰ
3143 3291 3201 3345 δὲ
3230 3289 3308 3344 τὰ
3337 3287 3455 3356 ea;
3485 3299 3590 3351 συμ-

2052 3399 2225 3453 ϐάντα
2263 3396 2343 3467 τῷ
2382 3395 2535 3467 τόπῳ
2577 3394 2669 3447 ἐπὶ
2706 3392 2807 3462 τῆς
2838 3389 2947 3443 τῶν
2983 3383 3278 3457 Ῥωμαίων
3313 3376 3588 3467 πολιορκίας

2051 3465 2381 3562 παρίστησιν
2401 3490 2430 3542 ὁ
2465 3465 2652 3558 παρὼν
2680 3482 2982 3554 προφήτης,
3015 3479 3073 3531 ἐν
3096 3471 3178 3540 οἷς
3201 3488 3398 3544 φησιν·
3436 3465 3591 3562 ὀς-ἑν

2051 3557 2251 3653 δρυμῷ
2276 3557 2480 3645 ξύλων
2528 3557 2764 3642 ἀξίναις
2798 3573 3033 3640 ἔκοψαν
3062 3569 3170 3634 τὰς
3203 3566 3394 3634 θύρας
3417 3557 3588 3625 αὐτῆς,

2051 3652 2209 3747 δῆλον
2229 3675 2273 3728 δ’
2294 3674 2377 3726 ὅτι
2404 3672 2501 3743 τῆς
2528 3664 2898 3740 Ἰερουσαλὴμ,
2924 3661 3025 3717 ἐπὶ
3037 3660 3105 3715 τὸ
3123 3657 3298 3723 αὐτὸ,
3327 3656 3396 3709 ὲν
3414 3652 3591 3747 suum

2051 3745 2153 3823 καί
2188 3763 2561 3832 λαξευτηρίῳ
2586 3756 2955 3828 κατέρῤαξαν
2972 3750 3187 3817 αὑτήν.
3230 3745 3593 3812 Ἐνεπύρισσν

2049 3857 2121 3911 ἐν
2141 3854 2284 3923 πυρί
2309 3854 2377 3908 τὸ
2396 3849 2786 3923 ἀγιαστήριόν
2805 3861 2944 3912 σου,
2966 3845 3054 3908 είς
3069 3841 3185 3911 τὴν
3206 3839 3331 3910 τῆν
3348 3833 3593 3903 ὲϐεὸήλω-

2052 3964 2176 4004 σαν
2195 3947 2259 4002 τὸ
2278 3944 2569 4013 σκήνωμα
2590 3940 2696 3996 τοῦ
2722 3938 3012 4008 ὀνόματός
3030 3951 3168 3990 σου.
3208 3932 3276 3986 Εί
3301 3932 3361 3986 δὲ
3377 3929 3514 3997 λέγοι
3528 3938 3592 3984 τις

2041 4040 2226 4095 ταῦτα
2259 4037 2355 4093 καὶ
2385 4036 2477 4090 ἐπὶ
2502 4032 2611 4089 τῶν
2638 4031 2842 4104 χρόνων
2874 4027 2983 4082 τῶν
3014 4024 3378 4080 Βαϐυλωνίων
3414 4015 3593 4090 γεγονέ-

2052 4151 2164 4196 ναι,
2194 4126 2520 4203 προσεκτέον
2538 4126 2652 4188 τοῖς
2674 4122 2821 4194 ἑξῆς,
2851 4121 2916 4175 δι’
2937 4112 3012 4175 ὧν
3033 4117 3249 4190 εἴρηται
3266 4132 3283 4147 .
3322 4106 3591 4203 1(1ng

2054 4222 2222 4293 ἡμῶν
2239 4196 2359 4275 οὐκ
2382 4217 2641 4287 δίδομεν,
2665 4215 2778 4269 οὐκ
2794 4212 2966 4267 ἐστιν
2987 4209 3077 4264 ἔτι
3096 4205 3428 4276 προφήτης,
3448 4196 3594 4293 καὶ

2048 4288 2170 4386 Jac
2199 4315 2272 4368 οὐ
2298 4309 2589 4381 γνώσεται
2612 4307 2720 4361 ἔτι.
2768 4306 2978 4376 Σημεῖα
3006 4302 3113 4373 γὰρ
3141 4296 3210 4371 ἦν
3242 4298 3341 4352 τοῦ
3380 4295 3465 4350 τὸν
3491 4288 3593 4386 θεὸν

2054 4383 2257 4478 ἐφορᾷν
2282 4403 2375 4459 καὶ
2394 4402 2710 4456 ἐπισκοπεῖν
2740 4396 2801 4451 τὸ
2832 4393 3098 4450 Ἰουδαίων
3120 4390 3271 4452 ἔθνος
3289 4390 3354 4460 το
3372 4383 3594 4478 παρέχειν

2055 4476 2238 4561 αὖτοίς
2251 4494 2536 4568 προφήτας
2551 4509 2564 4523 ·
2585 4490 2709 4545 ἐπεὶ
2724 4488 2818 4543 καὶ
2830 4488 2920 4541 ὅτε
2934 4483 3117 4548 κακῶς
3133 4481 3423 4555 ἔπραττον,
3438 4476 3591 4540 ὥσπερ

375 4610 638 4667 magnum
682 4596 776 4651 Dei
821 4597 1143 4667 prophetam
1182 4568 1477 4652 Jeremiani
1528 4595 1861 4659 habuerunt,
1897 4610 1924 4650 e

2060 4590 2275 4661 ἰατροὺς
2306 4587 2400 4642 καί
2434 4585 2684 4656 σωτῆρας
2729 4581 2909 4644 αὐτοῖς
2951 4579 3078 4642 τοὺς
3103 4577 3389 4648 προφήτας
3401 4568 3591 4667 ipim:

378 4664 631 4753 Baruch;
674 4664 1027 4760 quin—etiam.
1045 4687 1245 4744 mulier
1285 4687 1536 4758 quaedam
1560 4686 1781 4743 nomine
1816 4685 1924 4743 Old;

2054 4679 2212 4735 Οὕτω
2239 4677 2370 4749 γοῦν
2395 4678 2488 4732 ἐπὶ
2509 4677 2606 4748 τῆς
2634 4672 2860 4760 πρώτης
2885 4668 3196 4760 πολιορκίης
3219 4667 3315 4760 Eb”
3346 4664 3594 4760 PFT“???

374 4779 571 4836 eodem
610 4788 859 4852 tempore
885 4779 1255 4852 prophetarit.
1289 4778 1348 4834 In
1379 4782 1501 4851 ipsa
1529 4794 1750 4851 quoque
1777 4778 1924 4850 Baby

374 4872 654 4927 loniorum
684 4871 909 4943 regione
940 4872 1172 4927 aderant
1208 4870 1346 4942 ipsis
1376 4869 1629 4926 Ezechiel
1657 4877 1713 4926 et
1736 4868 1948 4927 Daniel.

374 4964 624 5034 praeclari
652 4978 718 5017 ac
764 4964 1049 5034 conspicui
1082 4962 1381 5035 prophetae.
1433 4959 1673 5031 Postque
1718 4958 1957 5015 reditum

373 5070 442 5110 ex
472 5054 814 5125 captivitate,
845 5054 1188 5124 temporibus
1202 5052 1331 5123 Cyri
1359 5057 1416 5106 et
1450 5049 1622 5115 Darii,
1659 5048 1957 5105 Zacharias

372 5155 428 5201 et
478 5146 711 5218 Aggaeus
761 5144 1041 5216 propheta!
1087 5145 1203 5199 noti
1238 5149 1417 5199 erant.
1461 5139 1746 5207 Quomodo
1792 5139 1958 5208 igitur

375 5238 485 5294 illis
506 5238 847 5308 temporibus
879 5234 1057 5308 aptari
1087 5235 1264 5305 possit
1292 5235 1407 5289 haec
1436 5233 1743 5303 prophetia,
1788 5230 1957 5302 Signa

372 5341 559 5386 nostra
582 5348 684 5386 non
712 5330 964 5395 vidimus,
987 5339 1036 5384 et
1056 5329 1176 5399 jam
1212 5345 1318 5383 non
1344 5336 1423 5382 est
1455 5327 1730 5396 propheta,
1767 5333 1817 5378 et
1860 5340 1954 5378 nos

375 5440 484 5479 non
519 5431 794 5493 cognoscet
830 5422 1102 5491 amplius?
1131 5418 1335 5476 Verum
1379 5418 1495 5472 haec
1551 5415 1714 5472 ﬁnem
1761 5415 1955 5472 sortita

375 5521 508 5568 sunt
550 5521 676 5583 post
709 5511 1014 5567 Salvatoris
1063 5511 1380 5574 adventum,
1413 5517 1468 5564 et
1508 5517 1798 5578 postquam
1840 5519 1956 5560 me-

375 5614 618 5660 moratas
638 5619 803 5658 voces
829 5605 949 5673 ipse
970 5604 1271 5673 protulerat
1295 5621 1308 5656 :
1333 5617 1444 5655 non
1474 5599 1568 5654 diu
1593 5600 1737 5654 enim
1766 5605 1956 5669 postea

376 5697 743 5765 irrumpentes
773 5695 1002 5750 Romani
1035 5696 1214 5749 locum
1233 5695 1574 5749 deleverunt.
1609 5690 1762 5758 Quod
1787 5691 1952 5746 etiam

2053 4769 2189 4826 Θεοῦ
2213 4744 2499 4841 προφήτην
2525 4744 2791 4837 Ἰερεμίαν
2813 4757 2981 4833 εἶχον,
2999 4760 3096 4814 καὶ
3114 4758 3204 4814 τὸν
3225 4753 3437 4829 Βαρούχ
3454 4769 3467 4783 ’
3486 4744 3595 4804 ἀλλὰ

2058 4863 2154 4917 καὶ
2182 4861 2321 4930 γυνή
2356 4876 2442 4923 τις
2479 4857 2635 4912 Ὀλδᾶ
2658 4852 2897 4924 τοῦνομα
2927 4850 3067 4906 κατὰ
3091 4850 3218 4913 τοὺς
3244 4847 3437 4909 αὐτοὺς
3464 4844 3597 4911 supr

2057 4956 2259 5026 φήτευε
2282 4952 2503 5023 χρόνους
2525 4967 2537 4980 ·
2566 4951 2624 5005 ἐν
2641 4950 2775 5019 αὐτῇ
2789 4965 2845 5001 τε
2864 4948 2931 5017 τῇ
2954 4941 3308 4999 Βαϐυλωνίων
3326 4938 3474 5011 χώρᾳ
3495 4950 3595 4988 συν-

2064 5046 2132 5117 ῆν
2183 5044 2368 5106 αὐτοῖς
2403 5040 2651 5112 Ἐζεκιὴλ
2680 5039 2774 5093 καὶ
2798 5036 2996 5108 Δανιὴλ
3026 5034 3288 5106 ἐπίσημοι
3319 5031 3411 5084 καὶ
3437 5029 3596 5093 διαφα-

2063 5139 2176 5201 νεῖς
2210 5134 2485 5207 προφῆται
2508 5149 2523 5165 ·
2553 5132 2648 5186 καὶ
2680 5130 2818 5204 μετὰ
2843 5130 2942 5203 τήν
2976 5127 3187 5182 ἐκεῖθεν
3210 5123 3459 5181 ἐπάνοδον
3483 5117 3594 5173 κατὰ

2060 5230 2188 5293 τοὺς
2215 5227 2398 5299 Κύρου
2432 5227 2528 5282 καὶ
2558 5225 2782 5296 Δαρείου
2810 5227 3053 5296 χρόνους,
3086 5220 3357 5293 Ζαχαρίας
3379 5217 3467 5273 καὶ
3499 5214 3594 5278 ’Δγ-

2061 5322 2215 5389 γαῖος
2237 5321 2510 5393 προφῆται
2530 5316 2902 5390 ἐγνωρίζοντο.
2925 5314 3049 5378 Πῶς
3067 5309 3161 5367 οῦν
3180 5307 3289 5366 οἷόν
3306 5328 3363 5364 τε
3377 5305 3440 5380 ἦν
3460 5307 3595 5373 ἐφαρ-

2064 5411 2247 5484 μόζειν
2282 5413 2397 5476 τοῖς
2433 5412 2554 5464 τότε
2601 5408 2810 5483 χρόνοις
2854 5407 2953 5479 τὴν
2990 5405 3271 5477 παροῦσαν
3301 5394 3593 5473 προφητείαν

2062 5505 2378 5575 φάσκουσαν
2394 5520 2407 5532 ·
2450 5503 2525 5558 Τὰ
2548 5502 2765 5573 σημεῖα
2789 5498 2957 5570 ἡμῶν
2978 5499 3089 5552 οὐκ
3115 5496 3367 5565 εἴδομεν,
3390 5489 3477 5545 καί
3504 5485 3591 5539 τίνι

2061 5598 2232 5651 ἔστιν
2260 5595 2349 5649 ἐτι
2376 5591 2687 5664 προφήτης
2710 5631 2727 5657 ,
2761 5589 2861 5646 καὶ
2887 5588 3046 5658 ἡμᾶς
3081 5590 3156 5642 οὐ
3190 5583 3463 5655 γνώσεται
3492 5575 3588 5631 En;

2074 5687 2232 5741 Ἀλλὰ
2262 5686 2367 5758 γὰρ
2393 5687 2561 5740 ταῦτα
2590 5685 2774 5748 τέλους
2807 5683 3063 5753 ἐτύγχανε
3092 5678 3231 5750 μετὰ
3255 5677 3345 5748 τὴν
3368 5669 3587 5740 σωτήριον

452 5849 494 5881 ⁸³
533 5848 725 5903 l'I‘im.
763 5863 835 5906 ιι.
872 5850 921 5903 ι.
1003 5850 1044 5881 ι’
1084 5847 1215 5903 Luc.
1252 5865 1384 5914 xm,
1420 5849 1505 5903 ³55.
1588 5848 1630 5880 ¹⁸
1670 5846 1689 5899 1
1725 5845 1917 5902 Thcss.
1958 5861 2016 5912 ιι,
2057 5843 2135 5901 16.
