3776 6284
199 399 293 456 855
1267 395 1770 452 COMMENTARIA
1811 394 1879 450 IN
1919 347 2236 452 PS.ALMOS

3293 390 3401 446 854

199 513 484 586 ΙΙαρουσίαν
513 512 720 576 καὶτὰς
746 512 1131 584 προλεχθείσας
1166 515 1329 569 αὐτοῦ
1365 516 1545 586 φωνὰς
1565 556 1580 581 ,
1618 513 1715 586 μεθ

1841 515 1958 585 ipse
1985 513 2242 568 Servator
2269 511 2451 566 futura
2487 509 2796 566 vaticinans
2831 509 3158 581 signiﬁcavit
3185 524 3280 578 per
3309 525 3405 579 pa-

193 609 253 672 ἃς
293 608 387 660 οὐκ
428 608 504 669 είς
546 606 754 676 μακρὸν
793 607 1110 672 ἐπιστάντες
1152 608 1408 679 Ῥωμαῖοι
1439 608 1528 661 τὸν
1574 609 1736 662 τόπον

195 696 458 766 ἠφάνισαν.
491 695 552 748 Ὃ
573 693 636 765 δὴ
664 695 756 746 καὶ
777 695 934 758 αὐτὸς
959 695 1142 766 ἐδήλου
1173 695 1440 760 θεσπίζων
1460 697 1520 748 τὸ
1547 696 1738 766 μέλλον

193 786 218 835 6
238 781 409 853 Σωτὴρ
436 779 519 833 διὰ
547 781 862 853 παραϐολῆς
885 784 983 853 τῆς
1003 783 1175 846 οὕτως
1203 785 1430 855 ἐχούσης
1452 801 1465 814 ·
1507 785 1736 854 Ὡμοιώ-

192 878 256 941 θη
295 873 330 939 ἠ
370 873 650 936 βασιλεία
693 873 812 927 τῶν
854 874 1124 942 οὐρανῶν
1150 876 1435 944 ἀνθρώπῳ
1465 876 1730 941 βασιλεῖ,

191 966 340 1030 ὅστις
363 965 606 1032 ἐποίησε
633 964 856 1035 γάμους
874 965 952 1032 τῷ
977 967 1081 1033 υίῷ
1099 968 1285 1023 αὑτοῦ
1301 985 1314 999 ’
1345 969 1440 1022 καὶ
1464 969 1734 1022 ἀπέστει-

187 1060 250 1110 λε
269 1055 399 1121 τοὺς
413 1055 626 1109 ἑαυτοῦ
639 1055 898 1121 δούλους
911 1057 1160 1111 καλέσαι
1178 1058 1313 1124 τοὺς
1329 1057 1734 1128 κεκλημένους

187 1151 260 1212 εις
271 1146 401 1211 τοὺς
411 1145 653 1216 νόμους’
671 1150 724 1201 οί
735 1147 802 1200 δὲ
812 1151 922 1202 οὐκ
935 1147 1379 1217 ἧθελονέλθεῐν.
1398 1150 1735 1204 Πάλινάπὰ

185 1239 402 1290 στειλεν
419 1237 656 1306 ἐτέρους
676 1255 688 1269 ·
709 1242 764 1294 οἱ
787 1239 874 1305 δὲ,
901 1241 1050 1308 πρὸς
1071 1241 1134 1314 τὸ
1161 1242 1246 1310 μὴ
1271 1239 1522 1309 θελῆσαι
1545 1243 1732 1296 ἀπαν-

183 1327 364 1396 τῆσαι,
387 1329 468 1382 ἔτι
496 1329 592 1382 καὶ
617 1329 999 1398 διαλαϐόντες
1027 1332 1166 1399 τοὺς
1196 1332 1455 1399 δούλους
1480 1334 1732 1401 ὕϐρισαν

181 1422 264 1472 καὶ
281 1420 644 1475 ἀπέκτειναν.
665 1417 757 1486 Οἷς
774 1424 1013 1493 ἐπιλέγει
1032 1443 1044 1455 ·
1077 1426 1129 1478 Ὁ
1144 1425 1212 1478 δὲ
1225 1426 1545 1494 βασιλεὺς,
1561 1428 1670 1481 ἀκο
1678 1427 1731 1479 ύο

180 1529 300 1577 σας,
321 1511 597 1581 ὠργίσθη,
624 1515 722 1569 καί
743 1515 983 1585 πέμψας
1003 1519 1074 1571 τὰ
1094 1521 1503 1589 στρατεύματα
1521 1522 1726 1585 αὐτοῦ,

178 1603 431 1658 ἀπώλεσε
453 1605 594 1672 τοὺς
615 1608 819 1676 φονεῖς
842 1609 1133 1675 ἐκείνους,
1166 1611 1264 1663 καὶ
1289 1611 1403 1678 τὴν
1424 1614 1603 1666 πόλιν
1626 1616 1730 1668 αὑ-

178 1695 281 1748 τῶν
299 1695 609 1765 ἐνέπρησε.
671 1699 850 1755 Ταῦτα
875 1703 902 1754 6
930 1701 1118 1773 Σωτὴρ
1148 1703 1206 1756 ἐν
1226 1703 1374 1774 αὐτῷ
1399 1703 1475 1774 τῷ
1499 1705 1628 1777 ἱερῷ
1649 1703 1727 1758 ἔτι

176 1789 280 1841 τότε
304 1791 590 1844 συνεστῶτι
625 1793 1033 1864 ἀναγέγραπται
1066 1795 1334 1866 είρηκώςο
1367 1795 1403 1849 ἃ
1431 1799 1525 1850 καὶ
1558 1797 1725 1868 ἐπλη-

1839 608 2082 662 rabolam
2117 607 2278 661 istam
2309 602 2537 659 :Simile
2559 604 2759 676 factum
2790 612 2867 658 est
2905 620 3118 674 regnum
3155 603 3405 658 caelorum

1837 698 2035 752 homini
2061 699 2190 767 regi,
2222 697 2310 766 qui
2339 696 2461 763 fecit
2493 695 2706 763 nuptias
2731 695 2844 764 ﬁlio
2869 711 2965 749 suo
2991 704 3076 748 :et
3113 694 3260 748 misit
3290 709 3406 747 ser-

1835 805 1923 843 vos
1963 806 2084 843 suos
2118 797 2175 840 ut
2214 796 2454 841 vocarent
2499 786 2748 840 invitatos
2782 784 2850 838 ad
2889 786 3100 852 nuptias
3125 782 3251 838 :illi
3285 797 3403 839 vero

1835 881 2128 934 noluerunt.
2148 880 2339 933 venire.
2381 877 2580 931 Iterum
2610 876 2754 930 misit
2786 875 2925 929 alios
2945 876 3065 929 :illi
3107 891 3226 930 vero
3266 890 3405 944 prae-

1835 980 2071 1042 terquam
2106 971 2244 1041 quod
2274 971 2554 1024 noluerunt
2595 971 2787 1033 venire,
2811 969 2970 1023 etiam
3008 978 3190 1038 captos
3229 986 3403 1025 servos

1833 1063 2160 1118 contumeliis
2191 1064 2498 1132 affecerunt,
2531 1073 2581 1114 et
2617 1061 2916 1116 occiderunt
2937 1062 3003 1113 “.
3041 1062 3253 1127 Quibus
3279 1063 3405 1118 sub-

1833 1156 1911 1210 dit
1940 1174 1954 1210 :
1982 1154 2094 1209 Rex
2123 1165 2318 1220 autem,
2342 1153 2583 1221 audiens,
2611 1156 2781 1208 iratus
2805 1162 2902 1217 esl,
2927 1163 2997 1218 et,
3015 1153 3192 1208 missis
3210 1154 3406 1208 exerci-

1836 1247 1974 1300 tibus
2019 1247 2130 1300 suis
2150 1285 2164 1309 ,
2190 1245 2416 1315 perdidit
2441 1245 2732 1299 homicidas
2763 1244 2906 1308 illos,
2938 1254 2987 1298 et
3024 1245 3288 1298 civitatem
3313 1261 3402 1299 eo-

1833 1355 1950 1392 rum
1995 1337 2262 1392 succendit
2287 1339 2352 1392 ".
2386 1336 2512 1392 Haec
2548 1329 2890 1391 Salvatorem'
2933 1337 2988 1390 in
3038 1339 3158 1406 ipso
3201 1337 3402 1406 templo

1832 1430 2009 1485 adhuc
2048 1430 2382 1484 consistente
2410 1427 2614 1484 dixisse
2663 1429 2959 1482 scribitur:
2991 1443 3113 1498 qua:
3159 1443 3268 1482 non
3307 1427 3403 1482 diu

1831 1529 2017 1590 postea
2050 1521 2271 1591 impleta
2307 1528 2458 1583 sunt,
2498 1519 2832 1588 VeSpasiano
2852 1529 2908 1574 et
2942 1520 3064 1573 Tito
3095 1520 3274 1574 locum
3308 1519 3404 1573 ob-

1830 1611 2134 1668 sidentibus
2163 1631 2177 1667 :
2208 1627 2442 1683 quorum
2473 1621 2713 1680 tempore
2741 1612 2922 1665 nullus
2950 1611 3214 1680 propheta
3257 1609 3400 1679 apud

1829 1701 1952 1756 illos
1993 1699 2165 1756 fuisse
2216 1711 2494 1755 narratur.
2531 1699 2880 1755 Obsidionem
2934 1700 3118 1769 itaque
3159 1714 3399 1767 praesens

1827 1793 2069 1862 psalmus
2119 1791 2390 1863 signiﬁcat
2420 1812 2432 1846 :
2464 1807 2632 1862 quare
2663 1793 2718 1846 in
2760 1792 3028 1860 principio
3073 1791 3246 1845 dicit:
3293 1788 3394 1843 Ut-

177 1879 315 1949 ροῦτο
327 1881 418 1934 οῦκ
441 1884 521 1945 είς
543 1883 771 1953 μακρὸν,
795 1884 1204 1939 Οὐεσπασιανοῦ
1228 1886 1490 1940 καὶΤίτου
1512 1887 1715 1959 πολιορ-

1825 1884 1971 1955 quid,
2018 1883 2182 1949 Deus,
2224 1884 2466 1953 repulisti
2507 1885 2561 1936 in
2605 1884 2803 1951 ﬁnem?
2852 1881 2993 1937 Hinc
3041 1895 3170 1936 vero
3209 1880 3397 1935 mirari

175 1973 432 2042 κτισάντων
463 1973 555 2027 τὸν
576 1974 756 2028 τόπον·
793 1976 912 2029 καθ’
937 1975 1032 2040 ,οὓς
1061 1977 1352 2048 προφητῶν
1378 1979 1550 2041 οὐδεὶς
1579 1996 1725 2048 γεγο-

173 2061 263 2126 νὼς
288 2065 571 2134 ἱστορεῖται
595 2066 846 2134 γενέσθαι
873 2068 1010 2120 κατὰ
1027 2068 1267 2131 τούτους.
1304 2068 1601 2139 Τοιγαροῦν
1627 2086 1722 2122 πο-

172 2152 390 2222 λιορκίαν
423 2155 452 2207 6
499 2156 638 2226 μετὰ
671 2159 857 2227 χεῖρας
903 2157 1199 2230 παρίστησι
1231 2158 1412 2228 λόγος·
1447 2160 1526 2213 διό
1558 2178 1722 2230 φησιν

171 2244 446 2314 ἀρχόμενος
465 2264 478 2276 ·
507 2247 640 2301 Ἵνα
661 2249 736 2312 τί,
761 2251 793 2303 ό
815 2251 976 2314 Θεὸς,
998 2249 1217 2304 ἀπώσω
1234 2253 1321 2317 εις
1342 2249 1544 2317 τέλος
1568 2253 1720 2305 Ἔστι

169 2327 217 2380 δὲ
242 2331 300 2383 ὲκ
333 2331 535 2386 τούτων
565 2334 664 2404 τὴν
702 2335 902 2408 ἀρετὴν
929 2337 1314 2409 ἀποθαυμάσαι
1345 2343 1444 2411 τῆς
1468 2341 1717 2394 θεοπνεύ-

172 2434 279 2470 στου
297 2421 533 2493 Γραφῆς,
559 2422 634 2485 ὼς
660 2423 726 2477 τὰ
751 2429 979 2497 μακροῖς
1007 2425 1231 2502 ὕστερον
1257 2429 1567 2499 πραχθέντα
1598 2429 1720 2499 χρό-

169 2526 265 2572 νοις
298 2513 601 2582 προγνώσει
654 2515 772 2587 θείᾳ
827 2517 1142 2588 προείληφε.
1201 2519 1275 2572 Τὸ
1301 2519 1391 2583 δὲ,
1439 2522 1634 2585 ’1νατί,
1687 2525 1719 2574 ό

169 2601 326 2666 Θεὸς,
355 2603 576 2658 ἀπώσω
604 2608 689 2672 εὶς
718 2609 920 2675 τέλος,
957 2609 1167 2681 εἴρηται
1187 2649 1200 2674 ,
1240 2611 1425 2681 ἐπειδὴ
1463 2612 1718 2676 πολλάκις

167 2691 418 2759 ἀσεϐείαις
450 2697 547 2751 καὶ
581 2698 980 2770 πλημμελείαις
1006 2703 1068 2754 τὸ
1113 2703 1376 2757 Ἰουδαίων
1404 2704 1554 2768 ἔθνος
1584 2707 1715 2758 ὑπο-

167 2782 340 2837 πίπτον
364 2789 676 2858 παρεδίδοτο
703 2793 814 2854 τοῖς
839 2792 1134 2862 περιοίκοις
1164 2793 1476 2864 ἀλλοφύλοις
1509 2794 1710 2847 ἔθνεσι·

167 2878 246 2929 καὶ
287 2881 410 2933 ποτέ
452 2883 552 2952 μὲν
590 2883 784 2947 αὐτοὺς
811 2884 1094 2938 Μωαϐῖται
1129 2886 1433 2956 ἐχειροῦντο
1455 2928 1468 2950 ,
1502 2887 1629 2940 ποτέ
1659 2888 1714 2940 δὲ

176 2967 496 3039 Ἀμμανῖται,
523 2973 615 3026 καὶ¹
641 2973 827 3028 ἄλλοτε
851 2974 906 3027 δὲ
934 2975 1271 3046 Μαδιηναῖοι.
1319 2973 1428 3031 Εἶτ’
1459 2978 1711 3048 ἐπιστρέ-

166 3075 266 3126 φων
299 3061 490 3126 αὐτοὺς
535 3063 903 3134 άνελάμόανεν
941 3067 970 3118 6
1013 3067 1172 3130 Θεός·
1241 3068 1332 3121 καὶ
1375 3069 1509 3139 μετὰ
1539 3069 1710 3123 ταῦτα

163 3149 304 3202 πάλιν
323 3153 768 3224 παρανομοῦντας
784 3154 1067 3224 παρεδίδου
1086 3156 1360 3227 πολεμίοις
1377 3158 1598 3229 ἑτέροις,
1619 3158 1710 3212 καὶ

161 3235 298 3304 αὖθις
321 3244 612 3298 ἀνεκτᾶτοο
640 3245 893 3299 οὐδέποτε
921 3246 977 3299 δέ
1011 3247 1206 3312 αὐτοὺς
1233 3249 1502 3302 άπωθείτο
1524 3253 1603 3313 εἰς
1625 3250 1715 3302 τὲ-
1742 3239 1784 3297 C

161 3330 236 3394 λος
253 3373 266 3396 ,
306 3336 435 3406 πρὸς
464 3336 670 3408 βραχὺν
704 3338 761 3392 δέ
789 3355 908 3390 τινα
934 3339 1122 3410 καιρὸν
1146 3342 1489 3413 ἐπιστρέφων
1517 3342 1709 3413 ἐνῆγεν

159 3423 229 3486 είς
256 3427 538 3498 σωτηρίαν.
577 3429 729 3482 Μετὰ
757 3429 813 3482 δὲ
841 3429 900 3482 τὸ
925 3431 1065 3484 κατὰ
1095 3431 1188 3484 τοῦ
1224 3433 1473 3503 Σωτῆρος
1508 3433 1710 3504 τολμη-

159 3516 238 3571 θὲν
263 3519 434 3584 αὐτοῖς
461 3522 595 3589 ἄγος
620 3521 886 3590 ἔφθασεν
912 3525 996 3588 είς
1023 3523 1243 3589 αὐτοὺς
1271 3525 1308 3590 ἡ
1337 3525 1480 3593 ὀργὴ
1509 3527 1595 3589 είς
1621 3523 1712 3577 τέ-

158 3611 268 3675 λος,
284 3612 416 3666 κατὰ
441 3613 542 3683 τὴν
571 3613 928 3686 ἀποστολικὴν
949 3615 1186 3687 Γραφὴν,
1209 3615 1283 3678 ὡς
1304 3615 1362 3679 ἐξ
1383 3615 1586 3668 ἐκείνου
1617 3617 1711 3670 καὶ⁹

157 3701 225 3763 εἰς
243 3701 390 3773 δεῦρο
408 3703 600 3775 μηκέτ’
622 3707 824 3777 ἐπᾶραι
844 3707 1083 3777 κεφαλὴν
1106 3707 1319 3769 αὐτούς.
1355 3709 1418 3759 Ὃ
1435 3707 1498 3779 δὴ
1517 3707 1710 3778 σημαί-

156 3807 301 3844 νουσα
330 3796 360 3862 ή
396 3796 701 3866 προφητεία
759 3797 920 3867 φησίν
939 3814 952 3827 ·
1013 3797 1206 3862 Ἰνατί,
1233 3801 1266 3851 ὀ
1287 3799 1422 3864 Θεὸς
1448 3838 1463 3860 ,
1491 3799 1710 3852 ἀπώσω

153 3883 229 3946 εἰς
257 3883 421 3950 τέλος
437 3902 458 3949 ;
482 3887 914 3958 Σεσιωπημένως
946 3888 1001 3942 δέ
1023 3891 1051 3941 6
1079 3888 1236 3957 λόγος
1263 3889 1350 3942 διὰ
1373 3890 1471 3960 τῆς
1499 3891 1708 3961 ἐρωτή-

156 3989 274 4038 σεως
291 3977 506 4047 ᾐνίξατο
528 3979 624 4049 τὴν
641 3980 776 4033 κατὰ
792 3979 882 4033 τοῦ
900 3981 1150 4051 Σωτῆρος
1173 3982 1204 4050 ὴ
1213 3979 1326 4050 μῶν
1348 3980 1564 4052 πρᾶξιν,
1589 3981 1707 4052 μεθ’

152 4065 209 4135 ἢν
238 4069 326 4120 καὶ
349 4071 428 4133 εἰς
454 4053 606 4134 τέλος
628 4071 1030 4143 ἀπεϐλήθησαν.
1065 4072 1230 4126 Τοῦτο
1258 4072 1313 4124 δὲ
1342 4073 1434 4125 καὶ
1465 4074 1492 4125 ὁ
1517 4074 1708 4144 Σωτὴρ

152 4159 296 4224 αὐτὸς
325 4163 558 4234 παρίστη
590 4163 762 4232 λέγων
779 4181 792 4194 ·
829 4165 1092 4230 Ποσὰκις
1121 4165 1392 4233 ἠθέλησα
1417 4167 1707 4220 ἐπισυνα-

152 4254 332 4322 γαγεῖν
362 4256 433 4309 τὰ
474 4257 654 4311 τέκνα
695 4273 810 4313 σου
833 4299 847 4324 ,
883 4257 953 4311 ὃν
979 4259 1200 4326 τρόπον
1227 4258 1389 4326 ὄρνις
1421 4257 1711 4313 ἐπισυνά-

152 4361 226 4411 γει
254 4347 320 4402 τὰ
344 4352 566 4404 νοσσία
596 4349 714 4403 ὑπὸ
741 4350 847 4414 τὰς
876 4351 1189 4418 πτέρυγας,
1227 4352 1324 4404 καὶ
1346 4352 1457 4404 οὐκ
1490 4349 1706 4419 ἠθελή-

147 4451 280 4490 σατε
294 4455 312 4502 ;
345 4440 500 4494 Ἰδοὺ
529 4442 760 4510 ἀφίεται
783 4441 924 4509 ὑμῖν
944 4444 976 4494 ό
997 4441 1160 4507 οἶκος
1177 4440 1343 4511 ὑμῶν
1363 4443 1600 4510 ἕρημος.
1635 4443 1708 4494 Τὸ

149 4528 271 4600 γὰρ,
298 4533 560 4600 Ποσάκις
588 4533 878 4602 ἠθέλησα,
904 4532 1054 4602 δηλοῖ
1080 4533 1180 4604 τὴν
1205 4532 1396 4604 μακρῷ
1417 4533 1594 4604 χρόνῳ
1624 4535 1709 4586 ἐν-

1833 1977 1979 2030 subit
2006 1975 2270 2032 divinitus
2317 1977 2594 2046 inspiratze
2649 1975 2946 2044 Scriptura:
2973 1973 3250 2035 virtutem,
3279 1987 3400 2042 quae

1830 2067 2104 2122 diuturnis
2132 2075 2319 2136 postea
2349 2065 2686 2136 temporibus
2711 2047 2864 2134 gesta
2901 2062 3083 2117 divina
3110 2062 3399 2132 praescieri—

1832 2161 1904 2213 lia
1938 2160 2252 2213 antevertit.
2283 2157 2420 2211 Illud
2461 2165 2662 2217 autem,
2728 2155 2946 2226 thuid,
2975 2155 3132 2218 Deus,
3158 2154 3397 2222 repulisti

1831 2251 1884 2302 in
1915 2251 2093 2319 ﬁnem,
2113 2248 2321 2304 dictum
2353 2258 2461 2312 est,
2499 2250 2626 2318 quia
2649 2245 2876 2301 Judaica
2909 2262 3044 2317 gens
3073 2246 3128 2300 in
3151 2245 3400 2315 impieta-

1830 2351 1912 2398 tes
1959 2350 2013 2397 et
2067 2342 2123 2396 in
2182 2341 2391 2396 scelera
2439 2340 2721 2402 decidens,
2780 2337 3028 2392 finitimis
3076 2337 3398 2406 alienigenis

1825 2431 2081 2504 gentibus
2123 2430 2265 2484 tradi
2307 2429 2550 2496 solebat;
2591 2437 2646 2483 et
2683 2427 2845 2482 modo
2883 2427 3102 2496 quidem
3148 2425 3397 2479 Moabitae

1827 2523 2151 2592 subigebant
2184 2517 2353 2585 illam,
2383 2519 2543 2573 modo
2564 2517 2909 2579 Ammanitae,
2946 2516 3108 2570 modo
3131 2513 3395 2568 Madiani-

1825 2621 1914 2669 tae.
1947 2612 2149 2666 Deinde
2189 2617 2370 2666 autem
2406 2610 2473 2664 ad
2506 2608 2714 2680 frugem
2756 2623 3021 2662 revocans
3051 2605 3216 2668 Deus,
3259 2605 3394 2674 ipsis

1824 2705 2303 2774 patrocinabatur;
2347 2701 2581 2759 subinde
2629 2716 2757 2756 vero
2796 2700 3214 2770 praevaricantes
3271 2697 3394 2750 aliis

1823 2797 2063 2850 inimicis
2093 2795 2362 2858 tradebat,
2414 2809 2476 2848 ac
2525 2809 2720 2848 rursus
2764 2793 2817 2846 in
2851 2791 3142 2861 pristinum
3186 2797 3392 2843 statum

1822 2887 2146 2941 restituebat
2175 2895 2266 2940 :et
2298 2901 2576 2955 nunquam
2612 2885 2664 2937 in
2701 2883 2860 2938 ﬁnem
2893 2898 3068 2952 usque
3097 2880 3391 2950 abjicicbat

1822 2981 1965 3041 illos,
1992 2979 2086 3035 sed
2125 2979 2270 3034 brevi
2305 2987 2430 3048 post
2459 2986 2705 3048 tempore
2730 2978 2784 3029 in
2818 2975 3047 3030 salutem
3076 2971 3386 3028 revocabat.

1819 3069 1888 3124 At
1923 3078 2045 3140 post
2075 3076 2349 3140 patratum
2385 3069 2455 3123 ab
2489 3069 2572 3123 eis
2600 3075 2793 3122 contra
2829 3063 3173 3120 Servatorem
3222 3078 3383 3116 exse-

1818 3161 2080 3216 crandum
2106 3159 2341 3224 facinus,
2371 3159 2596 3226 pervenit
2623 3156 2691 3210 ad
2724 3174 2810 3211 eos
2840 3157 2925 3209 ira
2952 3156 3007 3207 in.
3034 3156 3189 3224 ﬁnem
3212 3153 3277 3216 ¹⁶,
3311 3167 3390 3207 se-
3495 3188 3497 3191 -

1819 3253 2058 3307 cundum
2089 3251 2442 3322 apostolicam
2479 3250 2852 3319 Scripturam;
2885 3248 2957 3302 ita
2985 3255 3044 3300 ut
3077 3253 3200 3315 post
3236 3243 3384 3297 illam

1819 3343 2186 3398 calamitatem
2233 3358 2342 3396 non
2382 3343 2648 3397 hactenus
2694 3347 2858 3410 caput
2901 3339 3218 3394 extulerint.
3257 3335 3418 3408 Qum

1820 3435 2132 3503 signiﬁcans
2163 3433 2444 3502 prophetia
2478 3432 2609 3486 dicit
2641 3451 2654 3486 :
2687 3429 2905 3500 thuid,
2955 3429 3116 3492 Deus.
3151 3426 3392 3496 repuliin

1819 3529 1873 3581 in
1911 3528 2110 3596 ﬁnem?
2139 3525 2242 3581 Per
2286 3525 2769 3596 interrogationem
2813 3539 2943 3578 vero
2989 3521 3290 3576 admissum
3335 3519 3389 3572 in

1821 3617 2163 3672 Servatorem
2223 3625 2470 3670 nostrum
2529 3614 2742 3668 facinus
2797 3613 3220 3675 subindicatur,
3277 3626 3389 3680 quo

1817 3719 2040 3780 peracto
2064 3710 2117 3762 in
2151 3707 2311 3762 ﬁnem
2352 3707 2550 3776 abjecti
2582 3714 2728 3762 sunt.
2765 3705 2821 3759 Id
2853 3719 2985 3758 sane
3019 3705 3136 3771 ipse
3167 3717 3386 3771 quoque

1820 3800 2077 3857 Servator
2112 3801 2354 3856 declarat
2387 3799 2614 3854 dicens:
2649 3798 2862 3864 Quoties
2894 3796 3034 3850 volui
3075 3811 3389 3865 congregare

1817 3894 1960 3962 ﬁlios
1993 3903 2131 3956 tuos,
2175 3889 2616 3960 quemadmodum
2663 3887 2869 3958 gallina
2905 3895 3183 3956 congregat
3212 3885 3388 3954 pullos

1817 4002 1942 4039 suos
1985 3984 2080 4038 sub
2129 3983 2269 4045 alas,
2311 3989 2362 4035 et
2416 3980 2701 4035 noluistis?
2734 3979 2864 4034 Ecce
2895 3980 3217 4049 relinquetur
3244 3978 3387 4032 vobis

1816 4077 2001 4131 domus
2045 4085 2218 4130 uestra
2256 4074 2463 4129 deserta
2490 4073 2554 4127 ⁸⁷.
2587 4071 2721 4124 lllud
2763 4072 2929 4131 enim,
2959 4071 3176 4137 Quaties
3221 4071 3386 4137 volui,

1817 4170 2022 4224 indicat
2075 4167 2418 4222 tolerantiam
2459 4164 2606 4218 illam
2655 4163 2916 4218 diuturno
2963 4170 3208 4232 tempore
3251 4163 3388 4234 ipsis

1815 4259 2146 4326 exliibitam;
2198 4256 2332 4312 illud
2365 4271 2515 4320 vero,
2554 4264 2604 4310 et
2649 4254 2916 4318 noluistis,
2952 4261 3280 4324 postremam
3317 4250 3387 4306 il-

1817 4349 1992 4402 lorum
2027 4346 2386 4418 abjcctionem
2411 4346 2702 4417 signiﬁcat.
2725 4346 2943 4417 quando
2975 4347 3148 4400 iratus
3185 4351 3268 4399 est
3298 4342 3386 4396 fu-

1817 4458 1908 4498 ror
1956 4443 2076 4512 ejus
2105 4456 2268 4511 super
2311 4440 2433 4496 illas
2463 4455 2586 4510 quae
2627 4440 2756 4493 olim
2806 4445 2964 4495 erant
3007 4453 3138 4492 oves
3170 4451 3385 4506 pascuae

1815 4534 2174 4603 ejus.Deinde
2189 4549 2317 4589 vero
2339 4534 2665 4604 supplicatio
2688 4533 2956 4589 emittitur
2975 4531 3062 4587 his
3089 4531 3271 4586 verbis
3296 4549 3386 4584 :-—-

147 4593 372 4677 δοθεῖσαν
405 4593 585 4688 abaci;
605 4593 1010 4696 μακροθυμίανο
1044 4624 1104 4678 τὺ
1127 4593 1217 4688 δὲξ
1233 4593 1334 4678 καί
1491 4593 1706 4693 ἠθελή-

1824 4593 1975 4682 ίίειιε.
2000 4627 2052 4681 2.
2086 4626 2292 4681 Memor
2316 4593 2426 4682 esto
2447 4593 2750 4698 .Sgnagoga:
2774 4634 2898 4688 tute,
2927 4639 3085 4690 quam
3106 4620 3384 4690 possedisti
3449 4628 3455 4632 '

147 4724 312 4776 σατε,
357 4715 760 4786 παραστατικὸν
792 4716 858 4768 ἂν
889 4717 1096 4784 γένοιτο
1124 4715 1222 4786 τῆς
1255 4717 1490 4786 ὑστάτης
1526 4716 1703 4770 αὐτῶν

147 4799 424 4872 ἀποδολῆς,
446 4805 533 4857 ὅτε
556 4807 648 4857 καὶ
675 4805 918 4876 ὠργίσθη
950 4806 978 4857 6
1007 4805 1176 4875 Θυμὸς
1201 4805 1364 4860 αὑτοῦ
1387 4807 1480 4858 ἐπὶ
1507 4806 1577 4859 τὰ
1598 4806 1703 4859 πά-

146 4889 224 4943 λαι
251 4895 510 4966 γενόμενα
538 4896 785 4966 πρόϐατα
813 4896 982 4967 νομῆς
1011 4895 1194 4948 αὑτοῦ.
1241 4894 1398 4965 Ἑξῆς
1414 4895 1471 4948 δέ
1493 4898 1522 4948 6
1546 4895 1702 4965 λόγος

149 4979 413 5051 ἱκετηρίαν
443 4983 704 5054 προσάγει
725 4983 898 5051 λέγων
917 4999 930 5015 ο
958 4983 1270 5050 Μνήσθητι
1293 4982 1403 5051 τῆς
1427 4998 1698 5054 συναγω-

146 5069 247 5136 γῆς
288 5088 422 5138 σου,
444 5071 517 5143 ἧς
541 5075 777 5144 ἐκτήσω
803 5076 905 5128 ἀπ’
934 5075 1145 5144 ἀρχῆς.
1181 5075 1393 5146 Σφόδρα
1423 5075 1480 5129 δὲ
1505 5077 1704 5130 καταλ-

144 5157 305 5229 λήλως
342 5167 657 5236 συναγωγῆς
687 5166 1058 5237 ἐμνημόνευσε
1078 5205 1094 5230 ,
1128 5167 1222 5219 καὶ
1263 5167 1477 5238 πρῶτον
1517 5169 1702 5238 κτῆμα

143 5251 227 5304 τοῦ
260 5254 390 5309 Θεοῦ
423 5276 584 5330 φησιν
617 5259 786 5330 αὐτὴν
818 5258 1097 5326 γεγονέναι
1124 5275 1136 5288 ·
1168 5259 1263 5312 ἆτε
1294 5258 1448 5322 εἰδὼς
1479 5261 1573 5312 καὶ
1601 5261 1701 5330 τὴν

148 5341 214 5412 μὴ
239 5345 294 5410 ἐξ
320 5347 509 5418 ἀρχῆς,
531 5349 642 5403 ἁλλ’
674 5349 898 5420 ὕστερον
928 5347 1063 5419 μετὰ
1090 5349 1189 5419 τὴν
1211 5350 1526 5404 ἀπόπτωσιν
1553 5353 1698 5416 ἐκείγ

144 5450 231 5504 νης
258 5437 315 5504 ἐξ
357 5440 608 5494 ἁπάντων
649 5441 758 5494 τῶν
795 5441 962 5494 ἐθνῶν
996 5442 1305 5495 ὑποστᾶσαν
1348 5443 1692 5515 Ἐκκλησίαν.

147 5517 242 5589 ἿΙς
261 5531 352 5582 καὶ
374 5533 433 5584 ἐν
450 5531 655 5603 ἑτέροις
683 5533 1008 5603 μνημονεύει
1027 5533 1198 5601 λέγων
1217 5550 1231 5563 ·
1271 5534 1366 5586 Ἐν
1377 5533 1546 5602 μέσῳ
1581 5538 1700 5589 Ἐκ-

148 5621 392 5687 κλησίας
419 5623 665 5691 ὑμνήσω
692 5639 764 5678 σε
785 5641 799 5655 ·
838 5624 928 5676 καὶ
956 5624 1116 5677 πάλιν
1142 5641 1155 5654 ·
1200 5626 1700 5696 Εὺηγγελισιὶιιην

212 5731 252 5761 ¹⁸
291 5732 474 5788 Matth.
511 5753 656 5799 χιιι,
688 5739 722 5792 2
747 5737 800 5792 6.
913 5739 953 5769 ¹⁸
994 5738 1123 5792 ibid.
1164 5739 1214 5793 7.

152 5799 187 5828 ¹⁹
226 5800 358 5856 Psal.
402 5821 598 5873 xxxix,
637 5809 720 5864 10.
801 5809 843 5838 ’θ
885 5807 1026 5861 Ρδίὶιο
1069 5825 1194 5872 “'v
1224 5809 1314 5863 εδ·

1321 5741 1363 5771 ¹⁸
1403 5738 1418 5792 l
1459 5739 1631 5797 Thess
1692 5758 1765 5809 ιι,
1819 5744 1897 5797 16.

1811 4721 1876 4773 ab
1897 4720 2062 4772 initio.
2087 4718 2390 4772 Admodum
2408 4726 2772 4789 congruenter
2793 4715 3132 4786 Synagogam
3151 4729 3384 4769 comme-

1810 4817 1986 4864 morat
2013 4810 2197 4878 aitque
2224 4810 2368 4862 illam
2390 4811 2616 4878 primam
2649 4807 2742 4863 Dei
2761 4807 3163 4878 possessionem
3177 4805 3380 4870 fuisse;
3461 4862 3473 4874 ,

1807 4909 1992 4971 utpote
2027 4902 2119 4971 qui
2155 4910 2342 4957 nosset
2385 4901 2710 4966 Ecclesiam,
2750 4916 2817 4954 ex
2845 4899 3100 4954 omnibus
3130 4899 3384 4968 gentibus

1805 4995 2180 5060 constitutam,
2212 5009 2334 5065 quae
2377 5009 2484 5048 non
2516 4994 2585 5048 ab
2623 4993 2802 5058 initio,
2842 4992 2938 5048 sed
2980 5000 3104 5063 post
3136 4990 3382 5062 Synago—

1809 5103 1890 5157 gae
1925 5087 2141 5142 ruinam
2189 5088 2418 5142 exstitit.
2463 5085 2634 5154 Cujus
2679 5083 2939 5138 Ecclesiae
2960 5083 3096 5137 alias
3136 5082 3383 5136 meminit

1807 5174 2036 5230 dicens:
2073 5173 2139 5228 In
2189 5175 2359 5229 medio
2403 5173 2654 5227 Ecclesiae
2703 5171 2933 5225 laudabo
2979 5183 3027 5226 te
3050 5171 3125 5238 ‘3;
3159 5177 3214 5225 et
3258 5185 3383 5223 rur-

1804 5281 1902 5321 sus
1931 5284 1944 5319 :
1973 5265 2298 5320 Annuntiavi
2324 5265 2595 5334 justitiam
2623 5264 2678 5317 iu
2710 5261 2949 5316 Ecclesia
2995 5277 3188 5331 magna
3207 5262 3286 5326 ¹⁹;
3317 5276 3382 5315 ac

1804 5356 2002 5410 iterum
2027 5375 2040 5408 :
2063 5354 2218 5422 Apud
2243 5364 2290 5407 te
2318 5354 2434 5407 laus
2469 5370 2584 5407 mea
2613 5355 2666 5407 in
2693 5353 2932 5407 Ecclesia
2968 5369 3161 5422 magna
3183 5353 3248 5405 ²⁰.
3281 5349 3380 5406 Ve-

1805 5461 1924 5500 rum
1961 5460 2070 5500 non
2097 5445 2225 5499 talis
2259 5445 2347 5498 illa
2380 5445 2509 5498 olim
2542 5443 2827 5515 Synagoga
2860 5452 2978 5499 erat
3015 5463 3026 5497 :
3062 5443 3151 5496 illa
3177 5443 3379 5513 quippe

1807 5537 1929 5593 ideo
1961 5537 2042 5591 sic
2088 5535 2388 5590 vocabatur
2417 5535 2560 5604 quod
2614 5550 2724 5590 uno
2764 5537 2819 5589 in
2866 5535 2984 5589 loco
3014 5549 3376 5606 congregare-

1806 5639 1924 5694 tur;
1960 5628 2074 5682 haec
2114 5641 2242 5681 vero
2271 5627 2690 5695 praecellentiam
2725 5627 3007 5682 electionis
3050 5641 3163 5682 sua:
3197 5625 3372 5682 decla-

1997 5743 2034 5773 ³⁷
2079 5740 2263 5795 Matth.
2311 5758 2444 5798 χχιιι
2470 5783 2483 5808 ,
2521 5743 2621 5809 37,
2660 5744 2748 5798 38.
2855 5741 2898 5774 ³⁸
2934 5742 3074 5798 Psal.
3116 5759 3244 5807 xxi,
3281 5743 3368 5796 25.
