3776 6284
372 391 479 449 855

1037 394 1307 456 EUSEBH
1342 396 1816 454 CESARIENSIS
1851 396 2000 455 OPP.
2040 396 2223 454 PARS
2261 397 2346 453 ΙΙΙ.
2377 429 2446 442 —-
2483 396 2893 454 EXEGETICA.
3461 400 3545 456 853

370 521 524 572 rans,
573 507 814 566 Ecclesia
857 510 1077 569 dicitur.
1133 514 1290 581 Quod
1339 518 1384 571 si
1432 518 1556 587 quis
1592 534 1813 575 causam
1851 534 1927 574 re-

2036 520 2426 589 δικαιοσύνην
2444 520 2515 574 ἐν
2547 520 2872 587 Ἐκκλησία
2898 516 3099 587 πολλῆ
3116 534 3131 549 ο
3154 517 3241 572 καὶ
3266 513 3435 584 αὖθις·
3458 526 3552 574 Πα-

371 595 556 664 qt‘jrat
584 612 684 653 cur
711 613 1009 672 synagoga,
1048 618 1211 673 quam
1242 605 1361 676 ipse
1388 607 1703 676 possederat
1736 609 1803 663 ab
1831 608 1938 663 ini.

371 685 472 754 tio,
503 690 716 759 repulsa
742 691 937 758 fuerit,
967 692 1085 764 ipse
1107 693 1366 754 Christus
1397 698 1489 754 Dei
1514 715 1609 769 per
1630 700 1790 755 aliam
1820 716 1939 772 pro-

371 780 612 853 phetiam
660 780 715 835 id
765 781 1016 838 edocebit
1069 783 1260 843 dicens
1302 788 1808 845 :Circumdederunt
1857 808 1938 847 me

371 888 526 927 canes
574 873 751 939 multi,
811 873 1091 948 Synagoga
1144 879 1546 950 malignantium
1583 882 1783 936 obsedit
1832 900 1934 939 me.

373 960 648 1018 Foderunt
689 979 881 1018 manus
922 982 1067 1020 meas
1109 976 1159 1021 et
1185 969 1338 1038 pedes
1379 987 1543 1024 meos.
1577 970 1937 1028 dinumerare-

367 1059 494 1104 runt
547 1052 727 1108 omnia
776 1070 900 1108 ossa
947 1073 1082 1112 mea.
1130 1056 1436 1114 Diviserunt
1490 1061 1590 1115 sibi
1630 1063 1937 1119 uestimenta

367 1153 506 1207 mea,
540 1149 590 1194 et
614 1156 770 1207 super
799 1152 986 1197 uestem
1020 1161 1188 1202 meum
1222 1147 1474 1201 miserunt
1506 1159 1696 1204 sortem
1719 1152 1785 1207 ²¹.
1812 1151 1937 1208 Haec

367 1246 534 1288 causa
583 1232 687 1288 fuit
727 1249 830 1288 cur
876 1237 1025 1306 prior
1071 1238 1162 1292 illa
1218 1236 1502 1311 Synagoga
1562 1242 1933 1313 repelleretur.

367 1322 575 1379 Deinde
609 1340 742 1381 vero
783 1328 1007 1383 subdit:
1040 1327 1326 1385 Redemisti
1365 1334 1564 1403 virgam
1609 1336 1935 1393 hereditatis

369 1428 494 1477 tua'.
522 1421 581 1477 ld
607 1422 874 1491 placantis
904 1438 1055 1480 more
1086 1425 1291 1480 dictum
1323 1445 1336 1481 :
1367 1426 1448 1482 Tu
1474 1428 1640 1492 enim,
1668 1429 1764 1493 ait,
1793 1430 1936 1486 hanc

369 1509 712 1583 Synagogam
739 1512 1041 1583 redemisti,
1062 1530 1125 1569 ac
1155 1514 1376 1587 dignam
1401 1517 1640 1575 habuisti
1664 1534 1786 1591 quae
1804 1534 1934 1592 por-

365 1601 444 1655 tio
464 1610 518 1655 et
546 1602 695 1673 virga
719 1604 1055 1662 hareditatis
1091 1613 1198 1663 tute
1220 1618 1547 1678 vocaretur;
1573 1625 1698 1664 nam
1726 1612 1935 1683 quando

364 1690 626 1747 dividebat
657 1694 971 1751 Altissimus
1010 1710 1208 1768 gentes,
1238 1700 1410 1767 portio
1437 1700 1653 1755 Domini
1680 1702 1827 1772 facta
1855 1714 1935 1759 est

362 1779 529 1836 Iacob
582 1784 807 1852 populus
872 1787 1028 1855 ejus,
1094 1788 1364 1856 funiculus
1412 1791 1762 1858 ,Itazreditatis
1819 1794 1934 1864 ejus

2029 613 2111 682 ρὰ
2129 613 2246 667 σοῦ
2271 615 2305 667 ό
2326 612 2569 678 ἔπαινός
2586 629 2708 682 μου
2724 610 3133 677 ἐνἘκκλησίᾳ
3149 610 3395 681 μεγάλῃ.
3430 612 3554 665 Ἀλλ’

2035 706 2097 759 οὐ
2116 703 2335 776 τοιαύτη
2356 704 2448 758 καὶ
2467 706 2501 776 ἡ
2534 702 2771 776 προτέρα
2797 701 3057 772 ἐτύγχανε
3082 703 3393 782 συναγωγή·
3418 703 3449 772 ἡ
3478 703 3557 773 μιν

2035 796 2144 869 γὰρ
2183 798 2247 849 ἐκ
2286 794 2378 850 τοῦ
2410 795 2549 849 κατὰ
2578 794 2638 848 τὸ
2668 792 2798 849 αὐτὸ
2829 792 3149 860 συνάγεσθαι
3182 792 3349 856 οὕτως
3373 792 3558 864 ὠνομα-

2036 885 2230 956 σμένη,
2263 885 2297 956 ή
2329 883 2385 938 δὲ
2414 883 2472 938 τὸ
2500 882 2772 954 ἐξαίρετον
2805 879 3125 953 παριστῶσα
3152 879 3251 949 τῆς
3287 878 3560 949 ἐκλογῆς,ή

2047 975 2359 1048 Ἐκκλησία.
2380 976 2443 1030 Ei
2468 975 2523 1029 δέ
2551 993 2631 1039 τις
2660 974 2835 1045 ἔροιτο
2849 973 2945 1045 τὴν
2960 971 3140 1028 αἰτίαν
3166 970 3232 1024 δι’
3259 970 3327 1040 ἦν
3354 969 3563 1039 ἀπεϐλή-

2036 1067 2101 1140 θη
2137 1069 2170 1138 ἡ
2203 1067 2488 1139 συναγωγὴ
2512 1109 2526 1132 ,
2562 1069 2626 1137 ἣν
2659 1067 2921 1138 ἐκτήσατο
2951 1066 3046 1119 ἀπ’
3104 1061 3278 1137 ἀρχῆς
3304 1100 3319 1125 ,
3367 1060 3513 1124 αὐτὸς
3544 1064 3568 1115 6

2035 1161 2267 1233 Χριστὸς
2303 1161 2395 1215 τοῦ
2426 1159 2559 1214 Θεοῦ
2591 1159 2658 1213 δι’
2692 1158 2880 1231 ἑτέρας
2914 1157 3248 1230 προφητείας
3277 1152 3469 1217 διδάξει
3493 1150 3566 1204 λέ-

2033 1270 2146 1322 γων
2163 1270 2176 1282 θ
2207 1249 2699 1321 Περιεκύκλωσὰν
2712 1266 2789 1319 με
2813 1250 2991 1315 κύνες
3017 1246 3254 1310 πολλοὶ,
3277 1241 3565 1314 συναΜὴ

2034 1346 2526 1416 πονηρευομένων
2550 1344 2832 1415 περιέσχε
2852 1360 2947 1414 με.
2980 1341 3244 1412 Ὠρυξαν
3264 1341 3458 1411 χεῖράς
3472 1359 3568 1410 μου

2034 1435 2131 1488 καὶ
2162 1435 2351 1501 πόδας
2368 1454 2507 1506 μου,
2527 1435 2934 1505 ἐξηρίθμησαν
2961 1432 3156 1487 πάντα
3183 1432 3257 1486 τὰ
3281 1430 3431 1487 ὀστᾶ
3454 1431 3569 1501 poi.

2035 1528 2446 1597 Διεμερίσαντο
2477 1527 2551 1581 τὰ
2583 1520 2782 1597 ίματιά
2800 1544 2920 1597 μου
2946 1524 3183 1592 ἑαυτοῖς
3200 1565 3216 1590 ,
3246 1525 3345 1580 καὶ
3366 1524 3459 1578 ἐπὶ
3487 1524 3574 1578 τὸν

2034 1619 2348 1687 Ιμιιτισμόν
2371 1635 2489 1689 μου
2516 1619 2735 1673 ἔϐαλον
2765 1616 3013 1686 κλῆρον.
3069 1618 3234 1671 Ταῦτ’
3260 1613 3331 1688 ἦν
3360 1615 3426 1670 τὰ
3452 1616 3575 1671 αἴτια

2034 1708 2099 1761 δι’
2134 1707 2170 1761 ἃ
2196 1710 2229 1779 ἡ
2263 1708 2501 1781 προτέρα
2529 1706 2814 1779 συναγωγὴ
2840 1708 3196 1781 ἀποδέϐλητο.
3233 1708 3397 1779 Ἑξῆς
3416 1707 3458 1761 δ’
3479 1709 3577 1760 ἐπι-

2035 1800 2214 1869 λέγει·
2257 1800 2605 1870 Ἐλυτρώσω
2649 1798 2875 1868 ῥάϐδον
2905 1802 3307 1869 κληρονομίας
3330 1814 3471 1855 σου·
3500 1798 3576 1852 δυ-

366 1872 540 1928 Israel
567 1875 634 1928 ".
694 1874 869 1945 Hujus
923 1878 1107 1949 itaque
1165 1880 1499 1940 haereditatis
1560 1893 1665 1942 tua:
1729 1900 1927 1942 memor

2040 1891 2392 1963 σωπητικῶς·
2452 1892 2523 1945 Σὺ
2552 1890 2660 1962 γὰρ
2680 1931 2694 1954 ,
2725 1893 2919 1963 φησὶν,
2948 1891 3151 1965 ταύτην
3182 1889 3469 1962 ὲλυτρώσω
3497 1890 3578 1960 τὴν

362 1973 501 2020 esto.
565 1964 673 2021 Pro
728 1968 823 2021 illo
870 1977 1051 2024 autem
1080 2013 1094 2038 ,
1151 1973 1353 2043 virgam
1405 1973 1731 2030 hereditatis
1785 1984 1928 2041 tute,

364 2055 582 2127 Aquila,
636 2070 899 2128 sceptrum
953 2061 1302 2128 hereditatis,
1363 2066 1756 2137 interpretatus
1813 2076 1927 2136 est;

364 2146 723 2218 Symmachus
754 2168 905 2217 vero,
928 2164 1189 2223 sceptrum
1225 2157 1380 2212 sortis
1407 2167 1529 2212 tuw.
1564 2158 1684 2225 Quo
1712 2160 1928 2231 quidem

361 2239 612 2307 docetur,
648 2242 900 2300 homines
943 2260 1172 2315 prorsus
1203 2262 1393 2303 omnes
1437 2248 1528 2304 Dei
1568 2266 1725 2318 esse;
1759 2265 1931 2320 popu-

360 2331 474 2386 lum
514 2339 697 2388 autem
734 2333 837 2405 ipsi
887 2346 1252 2408 segregatum,
1284 2339 1443 2409 quasi
1486 2347 1761 2411 sceptrum
1809 2339 1929 2411 ejus

360 2421 569 2492 regium
598 2421 789 2480 fuisse.

2036 1981 2350 2054 συναγωγὴν
2376 1981 2712 2049 καταξιώσας
2733 1985 2898 2055 αὐτὴν
2923 1985 3021 2056 σὴν
3045 1983 3385 2056 χρηματίσαι
3415 1981 3579 2053 μερίδι

2035 2072 2130 2125 καὶ
2159 2072 2351 2143 ῥάϐδον
2383 2074 2740 2145 κληρονομίας
2772 2092 2894 2128 σου’
2955 2074 3053 2129 ὅτε
3083 2074 3190 2145 γὰρ
3222 2070 3528 2142 διεμέριζεν
3552 2072 3579 2123 ἀ

2038 2164 2330 2230 ’Ὑψιστος
2349 2161 2515 2230 ἔθνη,
2540 2160 2788 2232 ἐγενήθη
2805 2162 2976 2232 μερὶς
2997 2161 3215 2232 Κιιρίου
3240 2159 3395 2226 λαὸς
3423 2157 3581 2215 αὑτοῦ

2050 2250 2246 2306 Ἰακὼϐ
2264 2292 2280 2317 ,
2309 2253 2636 2322 σχοίνισμα
2685 2254 3082 2322 κληρονομίας
3112 2252 3301 2309 αὐτοῦ
3341 2249 3580 2319 Ἰσραήλ.

2038 2343 2252 2414 Ταύτης
2276 2341 2368 2398 οὖν
2396 2344 2493 2415 τῆς
2524 2343 2722 2397 σαυτοῦ
2749 2344 3107 2417 κληρονομίας
3135 2342 3425 2415 μνήσθητι.
3461 2341 3580 2393 Ἀντὶ

2033 2435 2090 2490 δὲ
2107 2435 2220 2499 τοῦ,
2236 2434 2461 2504 ῥάϐδον
2477 2437 2876 2507 κληρονομίας
2895 2451 3033 2501 σου,
3054 2435 3380 2505 σκῆπτρον
3394 2437 3581 2502 κληρο-

360 2514 602 2582 νομίας,
652 2518 682 2569 6
723 2515 954 2581 Ἀκύλας
1000 2519 1370 2592 ήρμήνευσεν·
1422 2523 1452 2575 6
1502 2520 1561 2574 δὲ
1617 2522 1930 2595 Σύμμαχος,
1969 2525 2279 2595 σκῆπτρον
2304 2528 2667 2595 κληρουχίας
2695 2544 2839 2585 σου⁸
2888 2528 3223 2590 διδάσκοντος
3294 2525 3388 2580 τοῦ
3448 2524 3579 2592 λόγου

360 2604 571 2670 πάντας
597 2605 695 2677 μὲν
723 2607 1043 2683 ἀνθρώπους
1067 2606 1208 2670 εἶναι
1235 2611 1330 2666 τοῦ
1364 2613 1498 2669 Θεοῦ
1522 2654 1537 2679 ,
1571 2618 1662 2671 τὸν
1687 2618 1745 2673 δὲ
1777 2619 2161 2693 ἀφωρισμένον
2186 2621 2349 2676 αὐτοῦ
2376 2622 2501 2676 λαὸν
2555 2622 2742 2694 ὥσπερ
2786 2622 3058 2693 βασιλικὸν
3101 2621 3269 2681 αὐτοῦ
3331 2620 3580 2690 σκῆπτρον

361 2697 661 2765 γεγονέναι.

436 2809 601 2867 Vsus.
629 2813 686 2875 2,
710 2815 826 2869 3-7.
853 2814 1084 2870 Montem
1107 2814 1235 2872 Sion
1263 2818 1418 2884 hunc,
1446 2823 1499 2875 in
1515 2839 1616 2894 quo
1650 2823 1925 2880 ltabitasti.

357 2895 497 2953 Lena
527 2915 715 2954 manus
745 2910 862 2955 tuas
891 2904 945 2957 in
976 2905 1248 2973 superbius
1288 2908 1343 2960 in
1374 2909 1529 2977 ﬁnem
1549 2926 1568 2964 :
1592 2921 1791 2983 quanta
1820 2930 1939 2981 mae

361 2988 593 3058 lignatus
629 3002 709 3049 est
753 2995 999 3052 inimicus
1040 2998 1094 3052 in
1125 3009 1309 3054 saneto
1334 3001 1357 3055 !
1385 3002 1517 3069 Quae
1560 3014 1707 3059 esset
1752 3005 1926 3075 virga,

359 3082 479 3136 sive
517 3092 791 3155 sceptrum
824 3089 1127 3143 secundum
1175 3093 1417 3164 reliquos
1462 3096 1808 3167 interpretes,
1839 3096 1928 3153 his

365 3173 641 3242 declarat,
703 3176 934 3232 Montem
981 3179 1110 3235 Sion
1169 3182 1342 3249 hunc,
1385 3187 1440 3239 in
1496 3204 1597 3257 quo
1651 3188 1924 3245 habitasti.

358 3263 495 3320 Nam
526 3282 709 3338 regius
743 3285 900 3327 mons
935 3279 1073 3339 erat,
1109 3283 1165 3330 et
1198 3284 1472 3347 sceptrum
1516 3281 1691 3351 regni,
1730 3280 1785 3335 in
1818 3298 1928 3352 quo

358 3365 738 3414 constructum
771 3362 948 3418 fuerat
978 3367 1237 3436 templum
1269 3380 1322 3424 et
1352 3369 1550 3427 domus
1573 3372 1927 3430 habitationis

359 3443 478 3503 Dei.
511 3447 693 3516 Quare
720 3454 1024 3521 metropolis
1047 3456 1220 3524 ﬁdelis
1264 3457 1394 3514 Sion
1420 3463 1741 3527 vocabatur,
1774 3474 1827 3519 et
1849 3467 1927 3520 ci-

358 3534 497 3589 vitas
525 3535 624 3593 Dei
663 3537 1001 3609 Jerusalem;
1033 3544 1274 3602 caelestis
1325 3548 1475 3602 illius
1513 3550 1805 3621 imaginem
1845 3552 1923 3609 le-

357 3634 509 3690 rens,
550 3625 621 3683 de
647 3643 756 3698 qua
786 3630 1007 3688 divinus
1048 3631 1344 3703 Apostolus
1390 3638 1505 3694 haec
1531 3638 1761 3697 docebat
1787 3660 1801 3695 :
1832 3643 1930 3696 Ao-

357 3715 591 3774 cessistis
622 3717 692 3771 ad
734 3717 865 3777 Sion
910 3731 1161 3788 montem,
1199 3733 1250 3778 et
1276 3727 1542 3781 civitatem
1578 3728 1677 3784 Dei
1716 3730 1927 3788 uirentis

356 3803 655 3866 Jerusalem
694 3810 955 3866 caelestem
976 3813 1042 3870 ³³.
1089 3814 1387 3887 Postquam
1434 3818 1540 3876 hoc
1583 3819 1817 3887 dixerat,
1862 3837 1928 3879 ea

357 3910 480 3965 quae
523 3898 643 3953 loco
688 3901 774 3955 isti
817 3913 1080 3960 eventura
1133 3915 1290 3963 erant
1329 3910 1681 3976 vaticinatur,
1741 3911 1926 3967 futura

359 3991 516 4059 quasi
559 3995 834 4062 praeterita
875 4013 975 4066 pro
1017 4013 1285 4056 consueto
1328 4018 1479 4058 more
1528 4008 1926 4076 pramuntians.

357 4079 448 4137 Ait
478 4081 699 4151 itaque:
729 4084 797 4138 Et
826 4088 1045 4158 gloriati
1087 4100 1210 4144 sunt
1238 4093 1328 4163 qui
1373 4093 1596 4149 oderunt
1632 4106 1700 4155 te.
1735 4099 1791 4152 in
1825 4116 1923 4155 me-

358 4170 447 4225 o‘io
497 4172 848 4232 solemnitatis
908 4189 1051 4243 tuae;
1100 4181 1236 4247 sive,
1290 4185 1590 4239 secundum
1651 4186 1925 4257 Aquilam,

360 4260 713 4319 Fremuerunt
745 4268 949 4323 inimici
976 4274 1052 4326 tui
1083 4273 1140 4326 in
1166 4273 1336 4332 medio
1369 4279 1761 4333 constitutionis
1802 4289 1925 4336 tum.

363 4340 663 4411 Posuer'unt
692 4360 844 4430 signa
872 4378 971 4417 sua
1000 4364 1169 4434 signa,
1202 4376 1252 4422 et
1286 4383 1391 4422 non
1415 4380 1764 4438 cognoverunt
1792 4373 1930 4426 sicut

359 4448 411 4499 in
439 4449 583 4503 exitu
619 4464 773 4518 super
804 4468 1087 4506 summum.
1118 4454 1273 4525 Quod
1305 4457 1510 4512 clarius
1539 4458 1928 4531 interpretatus

2106 2824 2272 2890 Ὄρος
2326 2822 2479 2877 Σιὼν
2513 2823 2709 2885 τοῦτο,
2762 2821 2793 2876 ὃ
2828 2822 3302 2892 κατεσκήνωσας
3327 2823 3398 2876 ἐν
3422 2823 3577 2888 αὐτῷ.

2035 2913 2300 2982 Ἐπαρον
2327 2915 2434 2979 τὰς
2459 2913 2658 2982 χεῖράς
2684 2927 2799 2966 σου
2827 2911 2924 2964 ἐπὶ
2951 2911 3058 2977 τὰς
3081 2914 3490 2982 ὑπερηφανίας
3512 2916 3583 2979 εἰς

2030 3002 2203 3069 τέλος
2225 3020 2237 3033 ·
2283 3003 2400 3057 ὅσα
2432 3004 2874 3071 ἐπονηρεύσατο
2904 3007 2936 3057 ὁ
2962 3003 3167 3073 ἐχθρὸς
3210 3004 3287 3059 ὲν
3316 3002 3396 3070 τῷ
3424 3005 3581 3074 ἀτίῳί

2031 3095 2126 3159 Τίς
2157 3091 2224 3165 ἦν
2250 3096 2283 3167 ή
2313 3095 2504 3167 ῥάϐδος
2523 3134 2537 3159 ,
2570 3095 2603 3165 ἢ
2627 3093 2766 3148 κατὰ
2790 3094 2917 3157 τοὺς
2939 3093 3158 3157 λοιποὺς
3184 3095 3518 3165 ὲρμηνευτὰς
3540 3095 3584 3149 τί

2031 3189 2150 3240 ποτ’
2191 3184 2259 3259 ἦν
2309 3187 2369 3242 τὸ
2414 3185 2709 3259 προλεχθὲν
2759 3186 3063 3256 σκῆπτρον,
3112 3177 3372 3257 διασαφεῖ
3412 3183 3578 3251 λέγων*

2034 3278 2211 3347 Ὄρος
2232 3278 2384 3337 Σιὼν
2402 3277 2576 3332 τοῦτο
2595 3277 2627 3331 ὃ
2647 3276 3114 3343 κατεσκήνωσας
3134 3276 3204 3330 ἐν
3229 3273 3414 3340 αὐτῷ.
3444 3274 3583 3327 Βασι-

2028 3371 2177 3425 λικόν
2204 3370 2311 3443 γὰρ
2334 3365 2402 3442 ἦν
2424 3370 2548 3441 ὅρος
2569 3370 2663 3423 καὶ
2686 3369 2960 3460 σκῆπτρον
2984 3366 3282 3438 βασιλείας,
3308 3370 3365 3460 εν
3388 3360 3431 3435 ᾧ
3452 3381 3582 3460 κατεί

2031 3460 2295 3516 σκεύαστο
2320 3462 2349 3515 6
2373 3458 2508 3522 νεὼς
2536 3458 2631 3512 καὶ
2657 3458 2687 3513 6
2709 3452 2857 3521 οἶκος
2887 3456 2987 3526 τῆς
3017 3453 3484 3527 κατασκηνώσεως
3503 3452 3581 3503 τοῦ

2027 3551 2181 3607 Θεοῦ.
2208 3552 2297 3605 Διὸ
2309 3553 2676 3621 μητρόπολις
2705 3547 2892 3617 πιστὴ
2929 3546 3059 3601 Σιὼν
3104 3545 3464 3617 ἐχρημάτιζε,
3505 3541 3581 3599 καὶ

2027 3646 2206 3710 πόλις
2234 3642 2381 3698 Θεοῦ
2422 3641 2776 3714 Ἰερουσαλὴμ
2797 3678 2813 3704 ,
2836 3639 3017 3693 εἰκόνα
3046 3636 3292 3708 φέρουσα
3318 3635 3418 3706 τῆς
3442 3636 3581 3687 ἐπου-

2030 3733 2242 3804 ρανίου,
2284 3734 2411 3805 περὶ
2440 3728 2508 3807 ἦς
2536 3732 2566 3784 ὁ
2593 3731 2730 3796 θεῖος
2756 3727 3073 3790 Ἀπόστολος
3110 3725 3381 3785 διδάσκων
3418 3723 3582 3791 ελεγεο

2028 3827 2528 3892 Προσεληλύθατε
2554 3823 2707 3882 Σιὼν
2731 3822 2870 3890 ὄρει,
2898 3820 2996 3874 καὶ
3022 3821 3194 3874 πόλει
3217 3817 3370 3873 Θεοῦ
3393 3816 3583 3882 ζῶντος

2039 3915 2424 3986 Ἰερουσαλὴμ
2462 3914 2814 3982 ἐπουρανίῳ.
2851 3911 3020 3969 Τοῦτο
3043 3910 3089 3963 δ’
3116 3907 3286 3967 εἰπὼν
3310 3949 3326 3975 ,
3358 3907 3482 3978 ἑξῆς
3510 3906 3579 3959 θε-

2029 4005 2206 4071 σπίζει
2233 4006 2303 4065 τὰ
2322 4005 2501 4080 πμόη
2510 4004 2709 4076 σόμενα
2726 4002 2802 4075 τῷ
2824 4003 2991 4073 τόπῳ,
3012 4000 3079 4054 τὰ
3104 3999 3369 4070 μέλλοντα
3389 3995 3581 4055 ἔσεσθαι

2026 4097 2102 4162 ὡς
2147 4097 2512 4171 παρῳχηκότα
2543 4094 2783 4164 συνήθως
2826 4092 3147 4165 προφωνῶν.
3210 4091 3374 4165 Λέγει
3402 4090 3445 4144 δ’
3470 4084 3577 4143 οὖν·

2027 4189 2137 4245 Καὶ
2156 4186 2645 4258 ἐνεκαυχήσαντο
2667 4189 2721 4239 οἱ
2742 4182 3061 4256 μισοῦντές
3092 4198 3166 4236 σε
3195 4183 3267 4235 ἐν
3292 4181 3463 4252 μέσῳ
3488 4177 3581 4248 τῆς

2028 4276 2239 4346 ἑορτῆς
2263 4293 2377 4332 σου
2398 4295 2412 4308 ·
2443 4278 2476 4349 ἢ
2511 4276 2650 4331 κατὰ
2680 4276 2771 4329 τὸν
2806 4273 3037 4331 Ἀκύλαν
3056 4313 3070 4338 ,
3152 4270 3581 4341 Ἐὅρυχήσαντο

2028 4373 2080 4425 οἱ
2096 4368 2368 4439 πολέμιοί
2388 4385 2504 4424 σου
2518 4370 2588 4421 ἐν
2604 4366 2772 4438 μέσῳ
2788 4364 2898 4434 τῆς
2913 4362 3219 4435 συνταγῆς
3231 4379 3369 4417 σου.
3400 4364 3583 4416 Tllet-

2028 4478 2095 4516 eo
2133 4460 2205 4514 τὰ
2227 4459 2447 4530 σημεῖα
2463 4459 2659 4517 αὐτῶν
2681 4456 2919 4527 σημεῖα,
2942 4454 3037 4509 καί
3061 4457 3172 4508 οὐκ
3199 4453 3492 4523 ἔγνωσαν,
3512 4450 3579 4513 ὡς

358 4547 443 4594 est
471 4539 833 4613 Symmachus
861 4546 1051 4601 dicens
1076 4566 1091 4602 :
1126 4546 1427 4605 Posuerunt
1445 4550 1598 4618 signa
1628 4566 1732 4604 sua
1753 4552 1926 4607 mani-

2033 4555 2115 4618 είς
2137 4552 2249 4621 τὴν
2272 4551 2486 4616 ἔξοδον
2507 4548 2779 4619 ὑπεράνω
2796 4565 2812 4579 ·
2843 4547 2870 4601 δ
2892 4547 2956 4620 δὴ
2976 4546 3304 4617 σαφέστερον
3328 4543 3578 4615 ἡρμήνευη

356 4632 487 4699 {este
531 4636 743 4706 cognita
799 4637 856 4692 in
906 4639 1127 4694 introitu
1181 4656 1415 4697 sursum.
1461 4639 1569 4697 Pro
1630 4643 1723 4696 illo
1774 4643 1925 4711 item,

358 4724 527 4790 Quasi
560 4727 616 4780 in
656 4728 789 4782 silua
819 4728 1086 4800 lignorum
1105 4731 1376 4786 securibus
1397 4732 1704 4786 exciderunt
1723 4735 1924 4804 januas

353 4813 468 4883 ejus
499 4817 552 4870 in
589 4817 836 4886 idipsum,
863 4821 918 4876 in
947 4823 1119 4881 securi
1156 4833 1205 4876 et
1241 4826 1386 4876 ascia
1432 4822 1743 4893 diruperunt
1773 4843 1923 4891 eam;

354 4923 576 4965 rursum
611 4909 992 4983 Symmachus,
1037 4914 1412 4970 Instrumentis
1441 4917 1625 4989 ligneis
1653 4925 1703 4971 et
1722 4920 1922 4973 securi-

355 4998 450 5054 bus
485 5000 618 5063 suis,
657 5010 706 5055 et
728 5010 910 5070 portas
951 5002 1067 5074 ejus
1098 5020 1217 5061 cum
1248 5005 1476 5061 vectibus
1505 5016 1556 5061 et
1584 5006 1749 5075 furcis
1779 5007 1920 5076 deje-

353 5101 554 5147 cerunt.
597 5090 763 5163 Signa
811 5099 992 5150 autem
1042 5095 1412 5164 inimicorum,
1465 5113 1588 5167 qua“:
1633 5098 1924 5155 manifeste

354 5186 480 5247 ante
507 5181 814 5251 ingressum
847 5193 1167 5254 posuerant,
1195 5201 1444 5256 quaenam
1487 5195 1669 5254 erant,
1700 5187 1805 5244 nisi
1839 5188 1924 5243 in-

353 5278 656 5327 strumenta
689 5272 914 5340 belliCa,
962 5288 1184 5332 secures
1215 5267 1517 5344 videlicet,
1552 5278 1715 5334 asciae
1761 5287 1926 5349 atque

352 5360 525 5422 hastae
556 5370 612 5417 et
640 5365 834 5421 arma?
865 5364 1174 5425 Verisimile
1199 5368 1359 5427 etiam
1393 5375 1478 5425 est
1510 5368 1596 5423 his
1624 5367 1919 5438 signiﬁcari

349 5452 549 5509 vexilla
578 5470 700 5525 quae
728 5467 854 5514 ante
892 5460 1166 5520 exercitus
1204 5457 1543 5519 ferebantur.
1578 5458 1687 5515 Sed
1730 5460 1917 5524 etiam,

353 5550 447 5606 ait,
486 5543 840 5602 Incenderunt
867 5550 983 5621 igne
1010 5551 1373 5606 sanctuarium
1410 5561 1579 5615 tuum,
1615 5562 1664 5605 et
1695 5552 1747 5605 in
1779 5559 1922 5607 terra

349 5635 649 5708 polluerunt
688 5643 1087 5697 tabernaculum
1122 5643 1351 5699 nominis
1400 5646 1495 5702 tui.
1548 5644 1652 5701 Ubi
1699 5652 1919 5700 senten-

2030 4659 2122 4696 σεν
2148 4645 2177 4695 6
2207 4640 2501 4717 Σύμμαχος
2531 4639 2731 4695 εἰπών’
2773 4641 3028 4705 Ἔθηκαν
3058 4638 3130 4693 τὰ
3160 4636 3379 4711 σημεῖα
3404 4631 3580 4688 αὐτῶν

2027 4732 2333 4802 ἐπισήμως
2352 4731 2607 4802 γνώριμα
2628 4729 2775 4784 κατὰ
2796 4728 2911 4796 τὴν
2930 4726 3172 4783 εἴσοδον
3189 4723 3405 4781 ἐπάνω.
3442 4718 3578 4775 Ἀλλὰ

2027 4825 2120 4879 καὶ
2146 4825 2267 4878 ἀντὶ
2289 4822 2403 4888 τοῦ,
2445 4824 2538 4889 Ὠς
2557 4823 2627 4875 ἐν
2650 4818 2850 4891 δρυμῷ
2881 4819 3082 4889 ξύλων
3103 4816 3338 4880 ἀξίναις
3362 4815 3576 4878 ἔκοψαν

2026 4917 2132 4983 τὰς
2151 4917 2332 4984 θύρας
2348 4913 2537 4982 αὐτῆς
2556 4914 2653 4971 ἐπὶ
2670 4913 2734 4967 τὸ
2756 4911 2924 4975 αὐτὸ,
2942 4911 3013 4963 ἐν
3030 4908 3247 4963 πέλυκι
3266 4906 3360 4961 καὶ
3378 4903 3573 4966 λαξευ-

2025 5007 2204 5074 τηρίῳ
2236 5004 2606 5075 κατέρῤαξιιν
2633 5002 2856 5069 αὐτὴν,
2887 5000 3047 5061 πάλιν
3072 5001 3101 5052 6
3130 4999 3448 5069 Σύμμαχος,
3487 4996 3573 5046 Ἑν

2029 5098 2304 5168 ὰρμένοις
2341 5096 2606 5162 ξυλίνοις
2641 5094 2877 5159 ἀξίναις
2904 5091 3087 5147 τῶνδε
3120 5090 3217 5144 καὶ
3256 5089 3359 5155 τὰς
3392 5088 3572 5149 πόλεις

2029 5186 2219 5255 αὐτῆς
2244 5186 2391 5257 ὁμοῦ
2417 5187 2488 5239 ἐν
2502 5180 2752 5255 μοχλοῖς
2770 5183 2864 5238 καὶ
2882 5181 3183 5251 δικράνοις
3208 5177 3565 5247 κατέρριψαν.

2029 5279 2235 5348 Σημεῖα
2257 5277 2314 5331 δὲ
2330 5276 2440 5330 τῶν
2463 5274 2733 5351 πολεμίων
2756 5274 2877 5330 τίνα
2897 5268 2984 5347 ἦν,
3019 5270 3161 5342 ἅπερ
3184 5269 3456 5340 ἐπισήμως
3480 5261 3569 5333 πρὸ

2026 5369 2135 5423 τῶν
2164 5370 2381 5423 εἰσόδων
2410 5369 2631 5438 ἔθηκαν,
2659 5366 2690 5436 ἢ
2722 5365 2790 5417 τὰ
2816 5361 3084 5434 πολεμικὰ
3111 5360 3333 5432 ὄργανα,
3362 5358 3450 5411 καὶ
3488 5371 3567 5405 τε·

2025 5461 2202 5524 λέχεις
2245 5462 2338 5515 καὶ
2383 5460 2558 5526 ἁξίναι
2582 5459 2699 5512 καὶ
2734 5456 2957 5510 τοιαῦτα
2996 5452 3194 5525 δόρατά
3219 5468 3275 5502 τε
3305 5449 3392 5503 καὶ
3423 5445 3562 5504 ὀπλα;

2027 5551 2185 5615 Εἰκὸς
2217 5551 2273 5605 δὲ
2299 5552 2392 5604 καὶ
2422 5550 2520 5616 τὰς
2551 5548 2786 5621 σημαίας
2815 5546 2914 5608 τὰς
2958 5544 3061 5616 πρὸ
3086 5540 3191 5595 τῶν
3222 5537 3563 5612 στρατοπέδων

2026 5643 2332 5716 φερομένας
2371 5642 2457 5697 διὰ
2503 5641 2706 5695 τούτων
2736 5636 3042 5711 δηλοῦσθαι.
3111 5632 3268 5697 Ἀλλὰ
3301 5632 3385 5693 καὶ
3429 5629 3556 5685 ’ποτε

418 5788 465 5825 ¹¹
506 5786 649 5846 Psal.
686 5806 813 5858 xxx,
854 5793 1035 5853 1749.
1114 5798 1157 5827 “
1196 5796 1351 5855 Deut.
1392 5813 1580 5869 xxxu,
1611 5798 1666 5863 8,
1692 5799 1741 5852 9.
1823 5800 1866 5832 ³³
1905 5797 2065 5858 Hebr.
2105 5814 2213 5866 xu,
2249 5797 2339 5861 '22.
