3776 6284
146 373 233 432 857

1217 350 1717 422 COMMENTARIA
1754 361 1818 418 1N
1858 360 2194 419 PSALMOS.

3220 366 3327 425 858

144 491 387 557 πύρισαν,
423 482 583 551 φησὶ,
614 481 683 534 ἐν
707 480 848 549 πυρὶ
877 480 941 533 τὸ
968 480 1351 550 ἀγιαστήριόν
1381 496 1495 535 σου
1515 523 1529 547 ,
1566 480 1664 533 καὶ

1796 480 1898 534 iam
1943 494 2133 535 eorum
2181 493 2303 548 quae
2350 492 2517 547 supra
2566 479 2714 535 dicta
2776 491 2902 538 sunt
2942 486 3135 555 aperit.
3192 485 3331 553 Quia

146 585 217 647 εΙς
236 577 337 644 τὴν
366 573 473 645 γῆν
501 572 880 641 ἐσεϐήλωσαν
913 572 977 625 τὸ
1006 572 1293 641 σκήνωμα
1318 571 1425 625 τοῦ
1451 573 1664 640 ὀνόμα-

144 673 227 737 τός
248 682 369 721 σου.
423 665 505 717 'Ev
523 656 567 731 ᾧ
592 664 931 734 διερμηνεύει
960 664 1055 734 τὴν
1085 663 1323 717 διάνοιαν
1352 664 1443 717 τοῦ
1468 663 1668 717 amore-

145 780 210 833 ρω
234 754 550 825 λελεγμένου.
595 755 809 819 Ἐπειδὴ
832 754 941 825 γὰρ
964 756 1022 808 ἐν
1049 758 1160 819 τοῖς
1187 755 1493 828 ἔμπροσθεν
1519 757 1665 828 εἴρη-

140 870 188 905 το
206 869 217 882 σ
251 852 402 915 Ὄρος
437 844 587 898 Σιὼν
614 845 786 899 τοῦτο
816 845 847 899 ὃ
889 847 1358 916 κατεσκήνωσας
1384 849 1452 901 ὲν
1475 840 1663 913 αὐτῷ·

138 945 265 1003 ὅπως
304 936 709 1005 κατεσκήνωσεν
753 937 811 989 ἐν
844 936 993 1007 αὐτῷ
1041 938 1292 1006 διασαφεῖ
1319 938 1412 991 νῦν
1458 942 1665 1008 φήσας·

141 1033 198 1086 Τὸ
222 1029 491 1097 σκήνωμα
524 1027 628 1080 τοῦ
657 1028 945 1095 ὀνόματός
977 1044 1092 1082 σου
1115 1046 1129 1059 ·
1161 1030 1429 1099 Σκήνωμα
1459 1030 1567 1102 γάρ
1602 1026 1669 1100 ἦν

135 1120 318 1181 ὀτὸπος
338 1118 431 1171 οὐκ
452 1116 614 1168 αὑτοῦ
638 1115 727 1167 τοῦ
749 1115 905 1180 Θεοῦ,
925 1116 1060 1170 ἀλλὰ
1080 1117 1171 1169 τοῦ
1191 1116 1450 1185 ὀνόματος
1472 1116 1636 1170 αὐτοῦ
1652 1134 1665 1145 ·

133 1209 350 1260 Δυσωπεῖ
377 1206 430 1257 δὲ
459 1207 542 1274 ἐφ’
567 1206 778 1274 ἐκάστῳ
797 1245 811 1268 ,
846 1206 1182 1277 προστιθείς·
1245 1206 1332 1258 Ἐν
1362 1205 1509 1276 μέσῳ
1540 1206 1667 1276 γὰρ,

135 1299 266 1367 φησὶ,
295 1298 387 1365 τῆς
403 1297 595 1367 ἐορτῆς
624 1312 714 1348 σου
744 1297 803 1349 τὸ
830 1297 1181 1367 ἁγιαστὴριόν
1212 1314 1303 1349 σου
1332 1297 1423 1349 καὶ
1450 1296 1510 1348 τὸ
1542 1297 1671 1366 σκή-

131 1407 265 1461 νωμα
292 1387 380 1441 τοῦ
403 1388 661 1458 ὀνόματός
692 1405 803 1440 σου.
833 1387 914 1440 Τά
940 1388 1046 1458 γὰρ
1072 1388 1293 1442 τοιαῦτα
1323 1388 1671 1458 δυσωπητικὰ

130 1479 298 1551 ἦνκαὶ
341 1479 596 1550 ἐγερτικὰ
632 1479 724 1531 ἐπὶ
758 1478 1035 1549 ἐκδίκησιν
1074 1479 1183 1532 τῶν
1235 1479 1667 1550 τετολμημένων,

128 1573 200 1639 ἐφ’
227 1570 288 1640 ἧν
321 1570 580 1640 παρορμᾷ
618 1570 745 1641 ἐξῆς
779 1569 949 1639 λέγων
969 1587 982 1600 ·
1037 1571 1304 1639 Ἐπαρον
1333 1572 1440 1638 τὰς
1470 1570 1668 1640 χεῖράς

127 1679 225 1716 σου
250 1662 342 1715 ἐπὶ
372 1664 476 1728 τὰς
504 1665 917 1731 ὑπερηφανίας
945 1663 1141 1717 αὐτῶν
1169 1667 1255 1731 εἰς
1286 1664 1459 1731 τέλος
1479 1684 1490 1695 ·
1529 1668 1670 1721 κατὰ

123 1753 171 1806 δὲ
189 1754 273 1807 τὸν
300 1752 593 1824 Σύμμαχον
610 1771 623 1783 ·
659 1753 726 1807 Τὸ
753 1755 988 1822 ὕψωμα,
1018 1756 1168 1825 φησὶ,
1194 1756 1311 1809 τῶν
1331 1756 1531 1810 ποδῶν
1553 1774 1669 1811 σου

1766 569 1910 625 enim
1944 569 2094 638 prius
2125 568 2240 622 haec
2272 568 2486 623 loculus
2514 578 2655 638 erat,
2692 570 2927 629 Montem
2956 575 3083 631 Sion
3113 576 3250 631 hunc
3276 577 3333 631 in

1766 676 1865 731 quo
1894 660 2183 723 habitasti;
2227 660 2504 729 quomodo
2536 661 2592 715 in
2638 677 2707 717 eo
2748 665 3075 721 habitaverit
3104 666 3215 735 jam
3248 664 3337 721 de-

1767 750 1940 805 clarat
1973 749 2182 815 dicens,
2209 748 2631 805 Tabernacutum
2661 754 2889 807 nominis
2925 756 3020 807 tui.
3052 755 3336 809 Tabema-

1768 842 1950 897 culum
1982 843 2186 912 quippe
2215 843 2371 899 locus
2405 852 2544 909 erat,
2575 860 2687 899 non
2716 845 2894 916 ipsius
2932 846 3049 911 Dei,
3096 847 3190 902 sed
3236 863 3337 901 no-

1768 934 1933 988 minis
1963 933 2103 1003 ejus.
2139 936 2198 987 In
2244 934 2476 1004 singulis
2510 945 2691 992 autem
2718 939 3078 1008 conqueritur
3106 939 3337 1009 adjectis

1771 1026 1856 1082 bis
1908 1026 2090 1081 verbis
2130 1044 2143 1079 ε
2178 1024 2237 1079 In
2290 1026 2494 1091 medio,
2554 1028 2751 1098 inquit,
2809 1030 3175 1086 solemnitatis
3230 1037 3339 1085 tute

1769 1116 2143 1171 sanctuarium
2193 1126 2347 1170 tuum
2392 1125 2447 1172 et
2493 1118 2905 1174 tabernaculum
2948 1120 3188 1175 nominis
3233 1121 3333 1173 tui.

1768 1207 1903 1263 Nam
1937 1208 2021 1263 hac
2054 1208 2410 1278 querimoniae
2450 1218 2579 1264 sunt
2628 1210 2696 1265 ad
2743 1210 3089 1265 excitandam
3128 1208 3339 1263 facino-

1769 1314 1890 1354 rum
1925 1300 2206 1364 ultionem,
2238 1300 2305 1355 ad
2340 1316 2500 1369 quam
2530 1300 2633 1355 sub
2662 1300 2776 1355 haec
2801 1310 3061 1369 provocat
3103 1300 3292 1355 dicens
3319 1313 3333 1348 :

1768 1392 1909 1446 Leva
1955 1408 2146 1446 manus
2176 1400 2296 1446 tuas
2324 1392 2379 1444 in
2412 1390 2688 1459 superbius
2718 1408 2898 1445 eorum
2932 1394 2987 1445 in
3025 1393 3219 1459 ﬁnem;
3253 1404 3337 1445 se-

1771 1482 2007 1537 cundum
2043 1480 2427 1552 Symmachum
2459 1497 2587 1535 vero
2628 1502 2642 1535 :
2688 1480 2988 1546 Exattatio,
3024 1482 3120 1545 ait,
3150 1479 3339 1548 pedum

1773 1584 1978 1627 tuorum
2009 1574 2073 1626 de
2106 1572 2277 1626 medio
2300 1573 2515 1627 sublata
2543 1583 2619 1626 est
2646 1573 2713 1627 ad
2738 1574 3035 1627 victoriam.
3069 1571 3340 1626 Exaltatio

1772 1673 1951 1727 autem
1984 1663 2179 1732 pedum
2205 1666 2345 1732 ejus,
2383 1664 2643 1733 templum
2668 1673 2786 1719 erat
2814 1665 3067 1735 precibus
3094 1663 3340 1719 destina-

1771 1764 1907 1811 tum.
1950 1755 2178 1810 Gloriati
2211 1763 2340 1810 sunt
2366 1756 2457 1823 qui
2487 1755 2720 1809 oderunt
2757 1754 2923 1810 Deum
2954 1757 3009 1810 in
3039 1754 3220 1810 medio
3250 1768 3341 1808 so-

126 1844 401 1912 ἠφανίσθη
436 1846 528 1909 εις
559 1845 744 1910 νῖκος.
801 1844 1041 1915 ’Ύψωμα
1068 1846 1123 1898 δὲ
1162 1846 1268 1899 τῶν
1300 1847 1471 1899 ποδῶν
1503 1848 1665 1901 αὐτοῦ

1796 1845 2068 1901 emnitatis
2097 1846 2239 1915 ejus,
2284 1853 2339 1899 et
2376 1848 2573 1901 merito
2600 1846 2842 1915 quidem.
2871 1846 3010 1912 Quia
3044 1846 3190 1900 enim
3237 1844 3342 1915 ipsi

120 1940 144 1987 ὀ
164 1933 283 1999 νεὼς
308 1931 373 2005 ἦν
401 1936 429 1987 ὀ
461 1936 770 2006 εὐκτήριος.
827 1937 1287 2008 Ἐνεκαυχήσαντο
1313 1940 1358 1990 oi
1392 1937 1672 2008 μισοῦντες

122 2027 204 2095 τήν
223 2026 346 2078 Θεὸν
373 2028 430 2078 ἐν
454 2026 606 2096 μέσῳ
630 2028 729 2097 τῆς
761 2028 954 2097 ἑορτῆς
977 2027 1139 2081 αὐτοῦ
1170 2030 1411 2092 εἰκότως,
1454 2030 1672 2100 Ἐπειδὴ

120 2117 213 2185 γὰρ
229 2116 375 2170 αὐτοὶ
394 2116 649 2187 πρότεροι
666 2117 757 2171 τὸν
785 2118 947 2171 τόπον
970 2119 1240 2181 οἰκοῦντες
1262 2120 1452 2184 ἀθέους
1475 2122 1675 2191 ἤραντο

120 2209 285 2279 χεῖρας
316 2208 452 2261 κατὰ
478 2209 574 2261 τοῦ
605 2208 839 2280 Χριστοῦ
870 2208 964 2262 τοῦ
998 2209 1131 2263 Θεοῦ
1158 2212 1216 2263 ὲν
1250 2211 1399 2282 μέσῳ
1436 2212 1532 2283 τῆς
1556 2214 1675 2283 ἐορ-

117 2301 202 2369 τῆς
222 2298 398 2361 αὑτοῦ,
424 2300 575 2369 βοαῖς
598 2318 655 2353 τε
679 2301 856 2365 ἀθέοις
885 2302 979 2354 κα)⁵
996 2301 1244 2369 ἐναγέσιν
1269 2303 1587 2374 ἐχρήσαντο,
1614 2305 1670 2357 ἐν

116 2390 236 2459 αὖτῇ
265 2392 326 2460 τῇ
358 2389 449 2441 τοῦ
488 2390 683 2459 Πάσχα
716 2390 896 2461 ἡμέρᾳ
926 2391 986 2443 τὸ
1019 2385 1155 2460 αἷμα
1188 2391 1352 2444 αὑτοῦ
1386 2392 1505 2445 καθ’
1540 2394 1667 2445 ἐαυ-

115 2480 211 2533 τῶν
235 2482 322 2534 καὶ
347 2482 488 2535 κατὰ
513 2482 623 2534 τῶν
657 2482 797 2535 ἰδίων
829 2482 1033 2536 τέκνων
1061 2483 1499 2554 ἐξαιτησάμενοι·
1533 2485 1673 2537 εἰκό-

114 2590 205 2634 τως
242 2574 297 2626 ἐν
341 2573 494 2643 μέσῳ
546 2573 644 2642 τῆς
680 2574 873 2644 ἑορτῆς
907 2574 1093 2644 μετῄει
1123 2575 1320 2637 αὐτοὺς
1363 2578 1395 2646 ἡ
1431 2576 1496 2628 ἐκ
1538 2574 1673 2628 Θεοῦ

113 2666 233 2735 ὀργή
253 2682 265 2694 ·
297 2664 370 2727 ὡς
400 2666 497 2717 καὶ
523 2665 717 2735 ἑτέραν
749 2666 1081 2736 προφητείαν
1112 2666 1445 2736 πληροῦσθαι
1472 2668 1550 2730 εἰς
1579 2668 1674 2720 αύ-

1775 1940 1933 2011 primi
1960 1940 2139 1993 locum
2168 1938 2489 2002 incolentes,
2526 1939 2581 1991 in
2612 1937 2790 1992 medio
2820 1936 3186 1992 solemnitatis
3223 1936 3343 2004 ejus

1773 2031 1971 2102 impias
2004 2042 2201 2086 contra
2240 2030 2520 2086 Christum
2554 2029 2649 2083 Dei
2696 2030 2939 2084 extulere
2968 2042 3184 2089 manus,
3227 2026 3344 2081 cla-

1776 2125 2129 2194 moribusque
2168 2123 2350 2192 impiis
2379 2128 2433 2176 et
2467 2120 2693 2176 nefariis
2724 2121 2834 2185 usi,
2862 2122 2918 2189 in
2966 2121 3085 2189 ipso
3122 2118 3347 2173 Pascha:

1775 2214 1863 2269 die
1904 2215 2225 2286 sanguinem
2258 2212 2378 2283 ejus
2413 2228 2579 2283 super
2617 2228 2676 2267 se
2722 2221 2778 2267 et
2828 2228 2993 2282 super
3030 2211 3170 2266 ﬁlios
3214 2226 3347 2268 suos

1774 2305 2217 2374 expetierunt“;
2253 2304 2379 2373 jure
2428 2303 2482 2357 in
2514 2303 2695 2357 medio
2734 2300 3349 2357 solenmitatisinvade-

1774 2397 1866 2451 bat
1904 2412 1999 2452 eos
2045 2396 2127 2450 ira
2173 2393 2308 2461 Dei;
2345 2395 2416 2447 ita
2464 2402 2527 2447 ut
2573 2392 2675 2446 alia
2731 2392 3014 2464 prephetia
3058 2390 3349 2461 impleatur

1772 2505 1880 2559 qua
1911 2489 1977 2544 de
2008 2490 2115 2544 illis
2145 2488 2348 2543 dicitur
2381 2506 2393 2541 :
2426 2484 2491 2539 Et
2526 2494 2825 2539 convertam
2866 2484 3227 2537 solemnitate:
3263 2494 3348 2537 oe-

1773 2589 1913 2635 stras
1967 2581 2025 2634 in
2060 2581 2279 2646 luctum,
2344 2586 2393 2631 et
2443 2576 2774 2632 celebritates
2828 2585 3028 2631 vestras
3084 2574 3140 2627 in
3194 2572 3350 2642 ptan-

1774 2682 1914 2724 ctum
1931 2672 1998 2724 ".

112 2758 221 2818 τοὺς
243 2797 257 2820 .
288 2756 354 2809 δι’
395 2752 465 2829 ἦς
499 2755 712 2828 εἴρητο·
750 2757 860 2811 Καὶ
901 2757 1292 2827 μεταστρέψω
1323 2760 1428 2823 τὰς
1462 2757 1667 2827 ἑορτὰς
1702 2762 1868 2830 ὑμῶν
1909 2765 1996 2828 εἰς
2042 2760 2259 2827 πέυνθος
2282 2801 2297 2826 ,
2346 2761 2444 2814 καὶ
2509 2760 2616 2825 τὰς
2643 2758 3005 2827 πανηγύρεις
3040 2755 3207 2826 ὑμῶν
3263 2753 3352 2820 εις

112 2845 331 2913 θρῆνον.

172 2954 358 3014 Εἶπαν
382 2963 455 3015 ἐν
484 2962 561 3029 τῇ
582 2963 792 3031 καρδίᾳ
822 2963 1019 3018 αὐτῶν
1037 2968 1095 3019 αἱ
1125 2966 1464 3035 συγγένειαι
1485 2967 1682 3020 αὐτων

108 3050 191 3103 ἐπὶ
215 3052 276 3104 τὸ
302 3054 453 3106 αὑτό
475 3073 486 3084 ·
513 3056 999 3123 Καταπαύσωμεν
1030 3055 1135 3120 τὰς
1164 3055 1372 3123 ἑορτὰς
1401 3056 1505 3109 τοῦ
1533 3056 1679 3110 Θεοῦ

1861 2965 2023 3020 Vens.
2050 2963 2101 3024 8.
2121 2965 2173 3017 9.
2199 2962 2454 3015 Dixerunt
2467 2977 2521 3014 ιη
2538 2959 2693 3013 corde
2711 2975 2805 3013 suo
2824 2960 3158 3029 cognationes
3171 2976 3350 3013 eorum

1788 3056 1966 3119 simul,
1985 3055 2259 3121 Quiescere
2274 3055 2536 3123 faciamus
2560 3052 2671 3105 dies
2696 3050 2857 3119 festos
2881 3050 2979 3104 Dei
2995 3067 3026 3103 a
3042 3060 3203 3105 terra.
3227 3050 3353 3106 Haec

107 3140 213 3193 ἀπὸ
242 3142 350 3210 τῆς
373 3142 512 3212 γῆς.
577 3144 657 3196 Τὰ
683 3144 1043 3214 προλεχθέντα
1071 3146 1247 3198 πάντα
1275 3146 1523 3198 δυσσεϐεῖ
1552 3163 1669 3199 σκο-

1796 3155 1979 3217 »ωηίο,
2006 3154 2201 3223 inquit,
2216 3152 2382 3213 impio
2400 3151 2635 3205 consilio
2653 3147 2859 3203 inimici
2880 3144 2957 3200 tui
2975 3145 3306 3215 peragebant
3335 3163 3350 3199 :

107 3231 201 3302 πῷ,
222 3236 373 3303 φησὶ,
403 3235 767 3305 διεπράξαντο
783 3238 831 3288 oi
862 3236 1044 3306 ἐχθροί
1069 3253 1161 3289 σου
1182 3254 1194 3267 ·
1218 3238 1278 3290 τό
1302 3255 1363 3290 τε
1390 3238 1497 3309 γὰρ
1524 3240 1675 3305 ἁγια-

107 3325 313 3395 στήριὸν
350 3342 446 3379 σου
480 3327 832 3398 ἐνεπύρισαν,
865 3327 959 3380 καὶ
989 3328 1050 3380 τὸ
1080 3330 1342 3399 σκήνωμα
1366 3328 1458 3382 τοῦ
1482 3329 1680 3400 ὀνόμα-

103 3415 184 3478 τός
210 3433 299 3470 σου
331 3419 708 3491 ἐὸεὸήλωσαν,
744 3420 837 3472 καὶ
863 3420 933 3472 τὰ
960 3420 1121 3473 λοιπά
1144 3421 1320 3474 πάντα
1346 3422 1680 3492 τετολμήκα-

103 3523 178 3557 σιν
192 3525 205 3536 ·
223 3510 322 3563 οὐκ
342 3509 662 3580 ἀνθρώποις
679 3510 1138 3575 ἐπιϐουλεύοντες,
1155 3512 1273 3565 ούδέ
1292 3514 1454 3566 τόπον
1473 3514 1680 3583 πολιορ-

101 3602 207 3649 κεῖν
235 3600 599 3671 προθέμενοι·
628 3603 709 3654 σοὶ
730 3602 785 3654 δὲ
805 3600 883 3672 τῷ
910 3601 1027 3672 Θεῷ
1054 3602 1437 3672 πολεμοῦντες,
1463 3603 1556 3658 καὶ
1579 3603 1679 3667 τὰς

99 3687 279 3757 ἑορτάς
306 3707 402 3743 σου
428 3690 734 3744 καταλῦσαι
757 3690 1141 3760 διανοούμενοι.
1166 3693 1350 3747 Ταῦτα
1373 3694 1458 3757 δέ,
1484 3696 1533 3747 εί
1583 3694 1680 3747 καὶ

97 3780 169 3851 μή
204 3782 438 3851 στόματι
475 3784 702 3837 ἐλάλουν
723 3824 738 3846 ,
781 3784 919 3838 ἀλλὰ
945 3788 1067 3848 ταῖς
1098 3785 1345 3857 καρδίαις
1377 3787 1557 3840 αὐτῶν
1587 3788 1681 3841 καὶ

95 3874 204 3934 ταῖς
224 3873 567 3944 ἐνθυμήσεσι
596 3874 913 3941 ἐλογίζοντο.
953 3876 1110 3928 Ἀλλὰ
1138 3877 1258 3929 τότε
1295 3878 1390 3946 μὲν
1423 3878 1472 3930 οἱ
1499 3869 1683 3949 ἐχθροὶ

98 3961 180 4012 τοῦ
211 3962 347 4016 Θεοῦ
380 3964 563 4018 ταῦτα
593 3964 928 4034 λογιζόμενοι
964 3965 1054 4018 τὸν
1090 3964 1256 4019 πάλαι
1287 3965 1364 4035 τῷ
1386 3966 1501 4036 Θεῷ
1535 3957 1684 4034 ἀφω-

99 4055 342 4122 ρισμένον
412 4056 578 4109 τόπον
624 4056 925 4127 καθῄρουν·
961 4059 989 4110 ὁ
1022 4057 1076 4110 δέ
1125 4058 1293 4127 μέγας
1337 4059 1429 4110 καὶ
1465 4057 1684 4120 δυνατὸς

94 4141 217 4205 θεὸς
240 4146 353 4197 ἀνθ’
382 4146 512 4209 ἐνὸς
547 4146 756 4199 ἐκείνου
787 4147 887 4210 τὰς
928 4149 1019 4201 ἀπ’
1046 4148 1317 4201 ἀνατολῶν
1342 4148 1491 4217 ήλίου
1524 4148 1683 4219 μέχρι

90 4232 303 4303 δυσμῶν
333 4237 465 4290 καθ’
502 4237 630 4308 ὅλης
658 4238 757 4307 τῆς
788 4240 1113 4310 οἰκουμένης
1146 4239 1436 4309 ἐκκλησίας
1465 4242 1521 4292 ἐν
1554 4242 1685 4293 πᾶσι

93 4325 308 4397 συνίστη
334 4333 453 4392 τοῖς
486 4328 686 4382 ἔθνεσι.
720 4331 829 4383 Καὶ
854 4332 903 4383 oi
932 4332 1029 4401 μὲν
1063 4331 1247 4402 ἐχθροί
1271 4349 1385 4395 σου,
1415 4334 1566 4402 φησὶ,
1592 4334 1686 4386 καὶ

89 4416 334 4487 πολέμιοι
383 4421 459 4473 τὰ
519 4421 727 4475 ἑαυτῶν
776 4426 974 4493 σημεῖα
1009 4423 1210 4493 ἔθηκαν
1246 4425 1305 4477 ἐν
1353 4425 1539 4496 ὑψηλῷ
1593 4426 1687 4478 καὶ

1774 3261 1899 3300 nam
1921 3246 2318 3307 sanctuarium,
2352 3243 2550 3313 inquit,
2588 3250 2742 3296 tuum
2775 3237 3157 3299 incenderunt,
3189 3244 3243 3290 et
3273 3242 3356 3289 ta-

1778 3338 2135 3394 bernaculum
2215 3336 2454 3392 nominis
2504 3334 2585 3388 tui
2669 3332 3070 3403 profanarum,
3131 3336 3356 3382 caetera-

1777 3446 1883 3499 que
1937 3430 2120 3485 omnia
2188 3428 2307 3483 ausi
2361 3435 2535 3489 sunt,
2595 3440 2704 3478 non
2768 3420 3081 3477 hominibus
3124 3417 3357 3473 insidias

1777 3529 2092 3584 struentes,
2151 3535 2261 3575 non
2332 3520 2513 3573 locum
2570 3516 2749 3583 ipsum
2814 3512 3066 3567 obsidere
3144 3516 3355 3563 tantum

1779 3613 1835 3668 in
1894 3612 2075 3666 animo
2135 3611 2440 3671 habentes;
2494 3607 2587 3661 sed
2657 3605 2756 3659 tibi
2814 3603 2925 3658 Deo
2974 3601 3175 3656 bellum
3237 3614 3357 3653 mo-

1778 3712 1988 3768 ventes,
2030 3711 2085 3759 et
2116 3702 2257 3758 festa
2294 3709 2387 3755 tua
2422 3700 2635 3755 solvere
2664 3696 2993 3766 cogitantes.
3026 3692 3155 3746 Haec
3187 3703 3356 3761 porro

1780 3794 1997 3850 etiamsi
2056 3807 2166 3847 non
2220 3807 2317 3846 ore
2367 3789 2720 3859 proferrent,
2769 3783 2865 3837 sed
2930 3780 3096 3837 corde
3143 3785 3353 3834 mente-

1781 3897 1889 3951 que
1911 3877 2451 3950 cogitabanLVerum
2483 3876 2561 3929 illi
2597 3874 2691 3929 Dei
2722 3874 2910 3927 hostes
2944 3870 3076 3925 talia
3110 3869 3357 3939 cogitan-

1782 3980 1865 4027 tes
1900 3973 2077 4026 locum
2114 3970 2245 4025 olim
2286 3968 2397 4023 Deo
2428 3968 2669 4021 dicatum
2712 3963 2929 4019 excidio
2958 3960 3303 4016 tradiderunt
3338 3977 3355 4014 :

1784 4078 2016 4132 magnus
2060 4068 2244 4116 autem
2291 4060 2382 4114 ille
2432 4068 2734 4128 potensque
2775 4053 2938 4117 Deus,
2980 4067 3080 4123 pro
3116 4066 3226 4106 uno
3267 4051 3362 4105 il!o

1784 4151 1926 4216 loco,
1950 4152 2018 4205 ab
2045 4151 2255 4204 oriente
2279 4149 2394 4204 sole
2427 4163 2601 4217 usque
2634 4145 2704 4199 ad
2734 4158 2992 4200 occasum
3017 4157 3113 4211 per
3140 4140 3364 4195 univers-

1789 4259 1909 4298 sum
1947 4243 2134 4297 orbem
2164 4240 2426 4295 ecclesias
2454 4240 2559 4294 sibi
2595 4253 2691 4307 per
2720 4251 2913 4291 omnes
2944 4242 3133 4305 gentes
3153 4232 3362 4287 consti-e

1787 4334 1910 4387 luit.
1959 4332 2025 4387 Et
2075 4348 2204 4387 vero
2244 4331 2474 4396 inimici,
2508 4330 2706 4398 inquit,
2739 4336 2794 4384 et
2838 4328 3024 4381 hostes
3076 4324 3154 4377 tui
3206 4323 3363 4391 signa

1789 4439 1888 4479 sua
1928 4424 1981 4477 in
2032 4424 2142 4477 alto
2177 4428 2232 4477 et
2273 4422 2329 4475 in
2374 4420 2688 4489 conspicuis
2743 4418 2880 4472 locis
2919 4420 3242 4485 posuerunt,
3293 4411 3363 4469 ad

88 4506 381 4579 ἐπισήμοις
408 4509 627 4575 τόποις,
654 4512 781 4581 παρ’
806 4512 975 4575 αὐτὰς
1003 4513 1103 4575 τὰς
1128 4513 1364 4577 εἰσόδους
1387 4514 1480 4566 τοῦ
1506 4515 1669 4585 ἱεροῦ

1796 4516 1939 4583 ipsas
1970 4528 2144 4582 usque
2182 4511 2369 4581 templi
2403 4512 2625 4575 valvas,
2667 4517 2727 4563 ut
2757 4522 2951 4562 omnes
2996 4504 3087 4574 qui
3136 4509 3361 4573 praeter-

84 4595 155 4659 ὼς
182 4597 249 4651 ἂν
291 4601 509 4665 πάντες
537 4603 585 4654 οἱ
614 4602 833 4665 διιόντες
871 4603 1042 4675 ὁρῷεν
1078 4602 1257 4656 αὐτῶν
1281 4605 1349 4657 τὰ
1374 4606 1683 4675 νικητήρια·

93 4688 241 4759 ἡμεῖς
274 4692 358 4756 δὲ,
397 4685 481 4745 ὧν
533 4695 597 4745 ἐκ
628 4692 920 4764 προσώπου
962 4695 1235 4765 ἱκετήριος
1283 4694 1415 4763 εὐχὴ
1448 4695 1692 4764 ἀναπέμ-

86 4796 267 4847 πεται,
299 4785 380 4838 Τὰ
422 4785 655 4852 σημεῖα
697 4784 866 4853 ἡμῶν
900 4788 1009 4840 οὐκ
1041 4785 1297 4853 εἴδομεν.
1341 4785 1463 4848 Πῶς
1498 4786 1554 4838 δέ
1590 4787 1691 4840 οὐκ

85 4869 295 4940 εἴδομεν
330 4873 505 4943 ἡμῶν
552 4872 618 4925 τὰ
662 4877 893 4945 σημεῖα,
932 4876 1044 4928 ἀλλ’
1086 4877 1207 4928 ἐπεὶ
1252 4877 1362 4928 οὐκ
1397 4874 1568 4927 ἔστιν
1604 4876 1691 4927 ἔτι

84 4962 427 5031 προφήτης,
464 4964 567 5017 καὶ
610 4964 769 5032 ἡμᾶς
810 4967 881 5018 οὺ
913 4969 1202 5034 γνώσεται
1231 4966 1354 5029 ἕτι;
1386 4966 1559 5019 Πάλαι
1592 4965 1691 5037 μὲν

83 5052 191 5123 γὰρ
222 5054 350 5107 καθ’
393 5055 636 5110 ἕκαστον
672 5057 858 5127 καιρὸν
905 5058 997 5110 καὶ
1034 5058 1177 5111 κατὰ
1207 5057 1397 5126 γενεὰς
1428 5058 1521 5110 καὶ
1550 5056 1691 5111 κατὰ

78 5140 332 5216 διαδοχὰς
376 5145 500 5197 τῶν
543 5146 823 5217 ἡμετέρων
855 5148 1123 5219 πατέρων,
1153 5148 1427 5219 προφῆται
1456 5148 1691 5217 συνῆσαν

83 5234 263 5299 αὐτοῖς
279 5237 776 5308 πολιορκουμένοις
805 5240 895 5291 καὶ
912 5241 990 5302 εἰς
1016 5241 1390 5311 αἰχμαλωσίαν
1414 5241 1692 5308 ἀπαγομέ-

100 5342 221 5389 οις·
260 5328 411 5399 ὅπερ
441 5324 520 5399 ἦν
563 5330 815 5398 μέγιστον
860 5330 1059 5400 δεῖγμα
1097 5332 1189 5383 καὶ
1232 5312 1455 5402 σημεῖον
1492 5331 1585 5384 τοῦ
1616 5333 1691 5402 μὴ

102 5421 511 5482 ινεπισκὸπους
563 5422 758 5484 αὐτοὺς
799 5424 1091 5494 ὑπάρχειν·
1134 5424 1327 5493 ἡγοῦν
1361 5424 1691 5495 προνοητικὴ

79 5506 187 5560 ’ῶν
224 5509 371 5563 ὅλων
414 5509 673 5580 δύναμις,
720 5512 908 5584 ὥσπερ
945 5515 1157 5584 ἰατροὺς
1197 5517 1254 5568 ἐν
1290 5518 1405 5577 ταῖς
1437 5516 1692 5583 ἐσχάταις

88 5606 401 5673 συμφοραῖς
462 5603 593 5667 τοὺς
647 5608 929 5677 προφήτας
984 5605 1060 5677 τῷ
1098 5607 1218 5659 τότε
1268 5606 1381 5677 λαῴ
1427 5606 1687 5678 καθίστη·

150 5760 195 5799 tt
237 5761 451 5824 nam“
490 5777 675 5826 λιγιι,
708 5762 796 5819 25,
876 5764 919 5794 ³⁸
959 5761 1124 5821 Amos
1169 5777 1292 5827 Vill,
1333 5762 1395 5822 10

1791 4606 1966 4669 ibant,
2000 4604 2245 4659 victoriae
2277 4603 2495 4657 illorum
2538 4600 2785 4672 symbola
2816 4597 3228 4666 conspicerent;
3261 4607 3366 4651 nos

1792 4706 1994 4761 autem,
2025 4712 2091 4751 ex
2132 4711 2365 4767 quorum
2389 4710 2624 4765 persona
2656 4692 2835 4747 oratio
2868 4688 3138 4751 funditur,
3193 4683 3363 4755 Signa

1792 4799 1976 4843 nostra
1996 4804 2101 4845 non
2132 4786 2378 4841 vidimus.
2404 4784 2690 4851 Quomodo
2723 4783 2877 4851 signa
2916 4786 3107 4832 nostra
3140 4791 3250 4830 non
3282 4775 3362 4828 vi-

1791 4881 1994 4944 dimus,
2031 4879 2139 4935 nisi
2171 4878 2301 4949 quia
2336 4878 2456 4945 jam
2498 4892 2599 4930 non
2624 4884 2699 4928 est
2731 4870 3004 4941 propheta,
3034 4877 3082 4921 et
3129 4883 3222 4921 nos
3258 4881 3364 4918 mm
3408 4938 3411 4941 γ

1792 4979 2065 5043 cognoscet
2103 4969 2375 5038 amplius?
2410 4965 2549 5021 Olim
2578 4963 2797 5033 quidem
2835 4958 3065 5030 singulis
3106 4954 3362 5025 tempori-

1792 5066 1917 5124 bus.
1947 5065 2002 5117 in
2051 5058 2497 5133 generationibus
2549 5064 2604 5111 et
2656 5051 3102 5110 successionibus
3147 5054 3364 5117 patrum

1794 5162 2133 5218 nostrorum,
2166 5151 2444 5222 propheta:
2468 5148 2603 5218 ipsis
2636 5145 2882 5201 obsessis
2904 5151 2959 5199 et
2989 5143 3043 5196 in
3074 5139 3364 5210 captivita-

1794 5251 1902 5300 tem
1934 5244 2074 5298 actis
2102 5244 2330 5297 aderant
2367 5259 2379 5295 :
2407 5240 2554 5309 quod
2590 5237 2886 5291 maximum
2924 5242 3046 5289 erat
3075 5247 3368 5303 argumen-

1792 5343 1908 5389 tum
1951 5344 2006 5391 et
2055 5335 2293 5405 signum,
2326 5347 2424 5386 eos
2468 5346 2577 5384 non
2612 5326 2951 5397 providentia
2982 5326 3238 5403 exclusos
3269 5328 3364 5383 tua

1794 5427 1998 5494 fuisse;
2025 5428 2199 5481 virtus
2226 5425 2370 5478 enim
2411 5424 2501 5476 illa
2530 5420 2799 5476 universis
2834 5419 3147 5489 providens,
3184 5416 3240 5471 in
3261 5429 3365 5470 cx-

1795 5520 1983 5574 tremis
2015 5515 2419 5573 calamitatibus
2469 5513 2765 5583 prophetas
2817 5526 2914 5565 ceu
2964 5509 3204 5564 medicos
3255 5507 3365 5576 ipsi

1795 5612 1921 5667 olim
1955 5609 2152 5683 populo
2183 5605 2548 5667 constituebat
2579 5622 2592 5658 :
2624 5612 2677 5658 et
2721 5603 2846 5662 [nec
2875 5608 3032 5661 erant
3057 5599 3149 5658 Dei
3185 5597 3359 5670 signa.
