3776 6284
459 361 570 420 859
1139 365 1402 422 EUSEDII
1442 368 1916 428 CESARIENSIS
1955 370 2108 428 OPP.
2152 373 2330 430 PARS
2368 375 2452 432 ΙΙΙ.
2484 406 2554 418 -
2595 375 3002 434 EXEGETICA.
3546 391 3618 448 8m

464 479 622 534 Nunc
663 486 842 534 autem
886 495 1011 536 cum
1042 482 1300 550 praedicta
1337 482 1394 539 in
1423 499 1524 540 nos
1553 500 1717 556 opere
1739 487 1955 556 perticiu

2137 490 2427 546 καὶταῦτα
2465 489 2533 566 ἦν
2563 493 2657 547 τοῦ
2691 493 2824 546 Θεοῦ
2856 493 2924 548 τὰ
2959 496 3175 566 σημεῖα.
3209 495 3317 550 Νὖν
3352 497 3401 552 δὲ
3429 501 3494 564 εἰς
3518 505 3617 575 ἡμᾶς

463 579 577 638 tur,
634 571 801 643 Signa
828 582 1012 627 nostra
1038 590 1142 628 non
1171 575 1395 632 vidimus
1422 593 1443 632 :
1471 592 1642 648 quare
1677 579 1797 648 jam
1827 595 1931 634 non

2137 584 2393 654 γινόμενα
2416 585 2503 639 ὅτε
2525 587 2592 640 τὰ
2615 587 2976 658 προλεχθέντα
3003 587 3069 640 δι’
3090 587 3260 659 ἔργων
3272 594 3443 662 χωρεῖ,
3467 571 3617 665 rm.

459 663 734 732 propheta,
776 671 827 718 et
860 681 956 719 nos
993 681 1096 719 non
1125 675 1398 736 cognoscet
1426 668 1672 737 amplius.
1698 667 1834 724 Nam
1873 669 1920 725 si

2130 677 2270 747 μεῖα
2297 677 2466 749 ἡμῶν
2491 682 2601 733 οὑκ
2640 679 2876 748 εἴδομεν
2893 697 2907 710 ο
2935 679 3000 734 δι’
3036 680 3065 734 ὃ
3092 683 3203 735 οὑκ
3239 681 3401 736 ἔστιν
3426 684 3500 739 ἔτι
3522 663 3612 757 προ

456 758 624 815 breve
644 758 822 814 solum
843 765 1060 828 tempus
1082 759 1361 831 prophetae
1384 758 1750 824 defecissent,
1777 768 1831 816 et
1847 777 1945 831 pos

2131 769 2348 840 φήτης,
2381 771 2479 824 καὶ
2509 769 2666 840 ἡμᾶς
2690 774 2762 825 οὑ
2781 771 3070 842 γνώσεται
3091 772 3198 826 ἔτι.
3221 774 3283 827 Ei
3309 775 3401 845 μὲν
3421 776 3512 850 γὰρ
3530 781 3622 851 πρὸς

454 859 640 904 tamen
689 849 1098 920 apparuissent,
1127 865 1471 921 nequaquam
1520 849 1727 906 dictum
1776 859 1943 915 esset,

2133 864 2321 935 καιρὸν
2349 864 2551 936 βραχὺν
2578 864 2812 920 διέλιπον
2831 865 2881 918 οἱ
2911 866 3206 937 προφῆται,
3228 863 3342 921 εἶτα
3368 849 3624 939 μετὰγταῦτι

455 957 551 994 nos
609 957 715 995 non
761 951 1036 1012 cognoscet
1097 943 1344 1012 amplius.
1409 941 1528 998 Jam
1570 958 1700 999 vero
1743 944 1870 1014 quia
1910 959 1946 1014 p

2134 955 2294 1008 πάλιν
2337 956 2712 1026 ἀνεφάνησαν,
2757 957 2858 1010 οὐκ
2902 957 2968 1012 ἂν
3010 959 3246 1027 ἐλέγετο,
3295 961 3387 1013 καὶ
3427 961 3552 1030 ἡμᾶς
3579 968 3625 1019 ei;

453 1030 703 1101 ipsorum
745 1031 800 1085 in
837 1028 1186 1088 Servatorem
1231 1047 1418 1098 ausus,
1457 1033 1892 1103 irrumpentibus
1923 1032 1944 1086 l

2136 1046 2418 1116 γνώσεται
2448 1048 2562 1102 ἔτι·
2602 1048 2694 1102 νῦν
2723 1048 2779 1102 δὲ
2811 1049 2996 1120 ἐπειδὴ
3037 1050 3176 1121 μετά
3204 1051 3268 1104 τά
3299 1052 3430 1105 κατά
3458 1028 3534 1106 τοῦ
3554 1057 3627 1109 Σω-

453 1123 655 1188 manis,
688 1124 980 1196 locumque
1021 1141 1052 1180 a
1097 1124 1455 1180 fundamento
1484 1124 1850 1190 diruentibus,
1888 1141 1944 1180 nt

2136 1140 2296 1211 τῆρος
2325 1140 2661 1212 τολμηθέντα
2691 1143 2890 1207 αὐτοῖς,
2937 1143 3218 1213 Ῥωμαίων
3250 1146 3547 1198 ἐπιστάντων
3568 1151 3627 1201 ui

451 1229 620 1284 quam
664 1215 943 1286 prophetae
983 1217 1226 1273 obsessis
1265 1217 1517 1282 aderant,
1589 1216 1686 1272 sed
1733 1232 1910 1287 neque

2136 1231 2220 1284 τὸν
2245 1232 2409 1286 τόπον
2437 1234 2500 1286 ἐκ
2527 1233 2742 1306 βάθρων
2775 1236 3195 1307 ὲρημωσάντων,
3221 1236 3446 1308 οὐδαμοῦ
3476 1241 3627 1309 προφῆ-

450 1310 641 1379 quenti
669 1317 916 1380 tempore
945 1311 1260 1376 adfuerunt,
1288 1325 1389 1365 nec
1411 1326 1653 1382 unquam
1685 1319 1873 1382 postea
1903 1327 1941 1368 δι

2137 1339 2218 1376 ται
2250 1325 2504 1396 παρῆσαν
2534 1328 2645 1390 τοῖς
2682 1325 3154 1397 πολιορκουμένοις
3173 1345 3186 1357 ·
3223 1328 3336 1381 ἀλλ’
3363 1329 3471 1381 οὐδὲ
3495 1330 3628 1394 ἐντοῖς

450 1402 656 1456 recturi
688 1412 848 1470 sunt;
877 1403 1186 1458 admirabili
1218 1403 1380 1457 modo
1414 1403 1702 1473 prophetia
1737 1410 1936 1473 postqu

2140 1416 2269 1486 μετά
2294 1416 2466 1471 ταῦτα
2492 1419 2702 1490 χρόνοις
2725 1419 3009 1487 γεγόνασιν
3025 1459 3038 1482 ,
3081 1419 3186 1472 οὐδ’
3207 1420 3431 1490 ἤμελλον
3455 1421 3631 1486 εἰσαῦθίς

448 1493 683 1560 (Ιιοῑαι,
713 1493 839 1548 1am
879 1512 982 1548 non
1012 1505 1090 1548 est
1134 1496 1406 1564 propheta,
1432 1495 1663 1562 addidit,
1696 1505 1747 1550 et
1789 1513 1886 1551 nos
1926 1515 1939 1550 ι

2142 1522 2258 1558 ποτε
2305 1507 2730 1578 ἀναστήσεσθαι·
2787 1509 3113 1580 θαυμαστῶς
3167 1513 3199 1581 ἡ
3253 1511 3529 1582 πρόρρησις
3570 1514 3633 1582 φή-

449 1593 723 1654 cognoscet
757 1585 1008 1656 amplius.
1055 1587 1215 1652 Quod
1270 1602 1403 1642 sane
1446 1602 1554 1642 non
1606 1587 1940 1659 Babylonior

2141 1615 2288 1662 πασα,
2319 1601 2440 1653 Οὐκ
2469 1601 2640 1653 ἐστιν
2661 1602 2745 1654 ἔτι
2773 1601 3100 1670 προφήτης,
3125 1603 3391 1674 ἐπήγαγε,
3422 1605 3506 1658 καί
3525 1605 3632 1674 ἡμᾶς

446 1683 725 1744 tempore,
759 1690 934 1746 neque
979 1676 1254 1746 superiori
1305 1691 1422 1732 atvo
1467 1676 1576 1731 dici
1627 1685 1858 1747 poterat.
1893 1675 1937 1731 Ν

2142 1691 2198 1742 οὐ
2246 1688 2535 1758 γνώσεται
2561 1691 2668 1747 ἔτι.
2712 1691 2833 1744 Ὅτι
2884 1691 3000 1744 οὒτ’
3046 1692 3144 1747 ἐπὶ
3193 1692 3304 1746 τῶν
3353 1694 3633 1747 Βαϐυλωνίων

445 1767 680 1837 singulis
705 1768 761 1823 in
794 1769 1244 1839 generationibus
1278 1783 1447 1840 penes
1472 1770 1598 1826 illos
1632 1770 1932 1841 prOphelar

2141 1782 2332 1852 ίρόνων
2365 1783 2601 1854 ἥρμοττε
2631 1783 2902 1852 λέγεσθαι,
2931 1783 3044 1837 οὔτ’
3069 1785 3295 1838 ἐπὶτῶν
3321 1786 3632 1857 παλαιοτέρων.

445 1859 727 1914 successio
758 1860 966 1929 tloruit,
993 1867 1049 1915 et
1070 1875 1246 1931 usque
1285 1861 1354 1916 ad
1382 1859 1649 1930 Joannem
1702 1860 1933 1931 prophel

2143 1847 2558 1944 ’ἢκμαζεν-γοῦν
2610 1847 2729 1927 καθ’
2777 1877 3013 1946 ἑκάστην
3059 1878 3253 1946 γενεάν
3295 1879 3419 1946 παρ’
3450 1847 3634 1949 αὐτοῖςῄ

444 1953 768 2021 permansit.
2121 1965 2226 2018 τῶν
2256 1965 2549 2038 προφητῶν
2574 1966 2810 2038 διαδοχὴ.
2839 1967 2873 2036 ἢ
2904 1967 2999 2020 καὶ
3023 1966 3278 2039 διήρκεσε
3307 1968 3487 2040 μέχρις
3508 1969 3634 2022 Ἰωὰνο

1035 2053 1042 2059 ’
2119 2075 2209 2110 νου
2241 2057 2334 2110 τοῦ
2373 2058 2674 2128 προφήτου.

511 2147 682 2202 Vens.
723 2148 810 2212 10,
838 2147 926 2204 Η.
963 2149 1261 2221 Usquequo,
1292 2147 1454 2215 Deus,
1487 2150 1806 2219 improperat
1839 2148 2002 2202 inimi-

2189 2151 2337 2216 Ἕως
2365 2151 2528 2214 πότε,
2563 2153 2594 2204 ὁ
2627 2149 2793 2216 Θεὸς,
2819 2148 3083 2210 ὀνειδίζει
3112 2151 3146 2204 ὀ
3181 2149 3414 2218 ἐχθρός,
3446 2150 3637 2218 παροειῖ.

443 2243 763 2305 cus,irritst
795 2243 1138 2297 adversarius
1186 2259 1374 2297 nomen
1411 2251 1557 2295 tuum
1610 2242 1666 2295 in
1718 2242 1919 2311 ﬁnem?

2145 2259 2206 2295 ἐι
2240 2243 2598 2309 ὑπεναντίος
2622 2242 2689 2296 τὸ
2720 2241 2907 2312 ὄνομά
2929 2257 3046 2296 σου
3077 2245 3164 2308 εις
3195 2241 3410 2306 τέλος;
3436 2239 3636 2308 Πολλάκις

441 2333 699 2404 praesenti
741 2334 1029 2403 prophetia
1077 2331 1234 2399 illud,
1270 2335 1326 2388 in
1356 2334 1534 2403 ﬁnem,
1576 2334 1898 2403 plerumque

2149 2332 2332 2404 ἴρηται
2371 2333 2459 2386 διά
2485 2333 2584 2404 τῆς
2615 2333 2751 2404 μετά
2791 2337 2979 2405 χεῖρας
3013 2333 3352 2404 προφητείας
3382 2334 3456 2397 τὸ,
3488 2337 3558 2400 εις
3578 2334 3636 2386 δέ·

440 2433 590 2479 ctum
613 2425 735 2479 fuit.
768 2426 825 2479 In
857 2425 1128 2495 principio
1156 2440 1395 2496 namque
1441 2426 1760 2480 dicebatur:
1799 2423 1931 2496 thu

2144 2429 2246 2492 [ος.
2305 2426 2392 2478 Ἐν
2434 2426 2577 2496 ἀρχῇ
2629 2425 2725 2496 μὲν
2777 2426 2884 2496 γὰρ
2932 2425 3176 2495 ἐλέγετο·
3225 2426 3418 2490 Ἱνατί,
3463 2430 3492 2480 ὁ
3523 2425 3635 2490 Θεὸς,

443 2516 607 2581 Deus,
632 2518 873 2586 repulisti
912 2519 967 2572 in
998 2519 1154 2587 ﬁnem
1177 2522 1202 2574 ?
1233 2517 1436 2574 Deinde
1461 2535 1590 2574 vero
1617 2537 1630 2572 :
1663 2518 1798 2573 Leva
1828 2535 1934 2572 mai

2146 2517 2334 2570 ὶπὼσω
2355 2521 2443 2584 είς
2474 2516 2678 2584 τέλος;
2725 2513 2823 2571 εἷθ’
2867 2518 2994 2588 ἑξῆς
3013 2535 3026 2549 ·
3074 2520 3342 2588 Ἔπαρον
3367 2519 3467 2584 τὰς
3494 2517 3637 2586 χεῖράς

443 2621 562 2664 tuas
597 2611 652 2663 in
681 2610 954 2679 superbius
984 2611 1038 2664 in
1067 2612 1222 2680 ﬁnem
1241 2627 1261 2674 ;
1295 2611 1457 2665 tertio
1496 2630 1508 2665 :
1545 2609 1737 2664 Irritat
1768 2610 1934 2664 adven

2143 2626 2233 2665 νου
2264 2611 2359 2664 ἐπὶ
2402 2611 2507 2676 τὰς
2548 2611 2960 2680 ὑπερηφανίας
3003 2613 3090 2677 εἰς
3126 2611 3340 2677 τέλοςο
3369 2610 3455 2663 καὶ
3480 2609 3634 2679 τρίτον·

440 2704 554 2756 rius
608 2719 795 2756 nomen
847 2712 992 2756 tuum
1039 2704 1092 2757 in
1141 2703 1335 2771 ﬁnem;
1391 2719 1720 2774 rursumque
1767 2723 1779 2759 :
1819 2702 1931 2774 th1

2142 2704 2444 2772 Ἰαροξὺνει
2485 2708 2518 2758 ὁ
2548 2705 2906 2770 ὑπεναντίος
2937 2694 3002 2758 τὸ
3027 2702 3210 2772 ὄνομά
3244 2717 3364 2757 σου
3390 2706 3468 2768 εις
3486 2702 3633 2766 τέλος·

439 2794 632 2847 avertis
662 2811 875 2848 manum
912 2805 1056 2848 tuam
1083 2804 1130 2849 et
1161 2795 1431 2848 dexteram
1466 2807 1611 2849 tuam
1633 2797 1699 2877 de
1726 2796 1894 2851 medio

2144 2797 2212 2848 ταὶ
2237 2791 2420 2858 αὖθις·
2465 2795 2639 2850 Ἰνατί
2668 2794 3068 2864 ἀποστρέφεις
3091 2795 3206 2861 τὴν
3265 2792 3430 2864 χεῖρά
3453 2807 3550 2846 σου
3571 2790 3635 2843 ui

439 2901 508 2938 nu
540 2895 629 2939 tuo
661 2887 716 2938 in
739 2887 938 2955 ﬁnem?
965 2886 1132 2952 Queis
1167 2897 1445 2956 postrema
1479 2887 1584 2942 loci
1612 2889 1827 2944 obsidio
1844 2889 1926 2960 sig

2146 2887 2230 2954 ’ὴν
2246 2887 2452 2953 δεξιάν
2465 2903 2581 2942 σου
2594 2888 2662 2942 ἐκ
2673 2887 2872 2957 μέσου
2887 2886 2993 2941 τοῦ
3009 2889 3242 2942 κόλπου
3258 2903 3376 2941 σου
3392 2888 3472 2952 είς
3485 2884 3637 2948 τέλοςς

439 2977 652 3032 licatur.
685 2977 821 3032 Cum
847 2987 1028 3033 autem
1061 2987 1416 3049 percontatur
1435 2987 1489 3034 et
1513 2979 1646 3036 dicit
1670 3000 1683 3036 :
1714 2980 1930 3052 Usqueq1

2151 2982 2182 3032 ι’
2209 2975 2282 3034 ὧν
2314 2984 2342 3034 ὁ
2374 2981 2531 3049 λόγος
2562 2980 2660 3052 τὴν
2689 2980 3004 3034 τελευταίαν
3050 2979 3366 3051 πολιορκίαν
3409 2977 3494 3031 τοῦ
3520 2977 3635 3028 τόπον

441 3068 600 3134 Deus,
624 3071 993 3140 improperabit
1015 3072 1258 3126 inimicus
1273 3075 1298 3128 .9
1311 3073 1528 3128 edoceri
1550 3075 1702 3146 cupit
1728 3090 1932 3146 quousq

2145 3073 2392 3145 ἠμαίνει.
2432 3072 2837 3144 Πυνθανόμενος
2871 3073 2928 3126 δὲ
2967 3074 3061 3126 καὶ
3098 3071 3309 3140 λέγων·
3346 3071 3489 3137 Ἕως
3521 3071 3636 3131 πότε,

439 3159 625 3215 istbzec
651 3163 1044 3230 perdurabunt,
1083 3172 1139 3218 et
1181 3179 1430 3234 quaenam
1472 3167 1734 3235 temporis
1771 3167 1930 3222 circu:

2147 3168 2149 3204 ἱ
2211 3161 2374 3228 Θεὸς,
2420 3161 2660 3216 ὀνειδιεῖ
2687 3165 2720 3215 ό
2749 3162 3001 3231 ἐχθρός;
3049 3161 3364 3232 διδαχθῆναι
3414 3159 3547 3214 ποθεῖ
3571 3160 3638 3218 ἕως

438 3251 665 3320 scriptio
687 3253 812 3319 erit,
849 3261 904 3308 et
932 3239 1220 3325 uSquequo
1253 3257 1496 3311 irritabit
1539 3257 1929 3313 adversariusu

2146 3250 2250 3302 τότε
2295 3250 2446 3303 ταῦτ’
2486 3250 2659 3314 ἔσται,
2711 3252 2806 3304 καὶ
2851 3251 2934 3314 τίς
2986 3250 3137 3304 ἔσται
3174 3253 3207 3316 ἡ
3247 3249 3542 3323 περιγραφὴ
3577 3246 3637 3300 τοῦ

439 3358 562 3397 men
586 3351 762 3407 tumn,
793 3360 923 3398 num
961 3346 1085 3399 talia
1112 3347 1322 3418 agendo
1343 3349 1398 3403 in
1443 3349 1603 3403 linem
1635 3361 1930 3419 perseveral

2147 3343 2332 3414 Ϊρόν⁰υ’
2351 3345 2440 3398 καὶ
2460 3343 2622 3416 μέχρι
2656 3343 2796 3408 τίνος
2830 3343 3120 3414 παροξύνει
3139 3345 3217 3415 (1)
3240 3346 3272 3396 ὁ
3300 3343 3582 3405 ὑπεναντίος
3600 3340 3638 3392 τδ

439 3449 535 3488 rus
556 3435 649 3488 sit.
681 3435 1095 3505 Conscquenter
1116 3438 1311 3493 horum
1344 3455 1565 3494 causam
1600 3441 1876 3510 precando
1905 3459 1930 3497 s

2146 3435 2288 3505 ινομά
2324 3452 2437 3498 σου,
2468 3437 2562 3489 καὶ
2594 3437 2641 3488 εἰ
2679 3436 2918 3507 διαμένει
2950 3437 3031 3499 είς
3053 3435 3204 3500 τέλος
3233 3436 3395 3490 τοῦτο
3429 3435 3637 3507 πράττων.

439 3525 671 3578 scitatur
713 3525 844 3580 dum
881 3526 1016 3580 dicit
1049 3546 1061 3581 ί
1095 3527 1288 3598 thuid
1315 3530 1508 3582 avertis
1538 3546 1753 3583 manum
1791 3541 1930 3584 tuam

2145 3522 2231 3579 Εἶτ’
2257 3526 2562 3590 ἀκολούθως
2594 3527 2921 3584 πυνθάνεται
2947 3527 3046 3598 τὴν
3069 3526 3279 3580 τούτων
3303 3527 3474 3582 αἰτίαν
3497 3524 3636 3589 ἀξιῶν*

437 3617 711 3670 dexteram
759 3627 904 3671 tuam
951 3617 1015 3672 de
1047 3620 1218 3675 medio
1265 3621 1385 3674 sinu
1435 3630 1524 3674 tuo
1571 3621 1626 3675 in
1665 3621 1868 3690 ﬁnem?
1894 3621 1928 3674 ll

2152 3616 2201 3668 ιό
2228 3631 2391 3684 φησιν
2410 3634 2423 3646 ·
2471 3617 2645 3670 Ἰνατί
2677 3617 3072 3686 ἀποστρέφεις
3098 3615 3212 3684 τὴν
3272 3617 3439 3686 χεζοά
3460 3630 3558 3669 σου
3576 3614 3641 3665 καὶ

437 3722 602 3777 porro
621 3707 752 3762 dicti
783 3711 1058 3764 sententia
1092 3719 1179 3766 est
1213 3730 1226 3767 :
1265 3711 1422 3767 sinus
1453 3710 1548 3766 Dei
1592 3712 1750 3768 bonis
1780 3714 1928 3784 reple

2150 3707 2233 3775 ’ὴν
2259 3707 2465 3771 δεξιάν
2483 3723 2600 3761 σου
2641 3708 2710 3762 ἐκ
2747 3709 2940 3778 μέσου
2972 3709 3076 3762 τοῦ
3104 3711 3344 3764 κόλπου
3367 3726 3476 3764 σου
3496 3711 3567 3774 εις
3583 3705 3641 3759 τέ-

436 3808 540 3860 est,
578 3815 749 3868 quare
799 3801 1008 3856 dictum
1056 3812 1141 3858 est
1178 3823 1192 3858 :
1231 3803 1538 3875 Unigenitus
1585 3804 1784 3871 Filius,
1815 3809 1904 3878 qui

2148 3804 2269 3866 loc;
2309 3801 2370 3853 Ἠ
2403 3800 2460 3852 δὲ
2489 3801 2583 3852 τοῦ
2627 3800 2785 3868 λόγου
2817 3800 3021 3855 διάνοια
3053 3801 3240 3854 τοῦτον
3279 3801 3393 3872 ἔχει
3428 3800 3509 3853 τὸν
3529 3796 3639 3852 νοῦν·

438 3889 492 3941 in
521 3891 642 3943 sinu
689 3890 894 3956 Patris,
913 3894 1026 3962 ipse
1069 3895 1339 3949 enarravit
1370 3897 1438 3952 ".
1467 3895 1530 3950 Et
1555 3904 1641 3952 est
1670 3897 1758 3951 hic
1783 3911 1929 3952 arca]

2147 3927 2148 3937 ι
2172 3894 2368 3958 κόλπος
2393 3893 2485 3947 τοῦ
2518 3893 2651 3946 Θεοῦ
2677 3892 2895 3962 ἀγαθῶν
2924 3895 3037 3946 ἐστι
3063 3894 3300 3964 πλήρης,
3326 3894 3405 3947 διὸ
3427 3893 3638 3945 λέλεκται·

439 3983 684 4039 Paterna:
725 3985 1032 4044 divinitatis
1081 3989 1397 4054 thesaurus,
1439 3999 1494 4047 et
1528 3993 1811 4061 plenitudo
1847 3993 1930 4048 D01

2148 3986 2466 4056 Ιονογενὴς
2494 3985 2626 4052 Υἱὸς
2652 3989 2684 4040 ό
2711 3986 2796 4039 ὢν
2821 3988 2907 4052 εἰς
2934 3985 3042 4039 τὸν
3060 3987 3296 4040 κόλπον
3321 3986 3424 4040 τοῦ
3452 3983 3639 4052 Harpax

439 4090 561 4129 rum
612 4079 880 4142 omnium,
945 4080 1091 4135 unde
1149 4083 1448 4151 gratiarum
1495 4084 1638 4138 dona
1696 4085 1763 4140 iis
1805 4087 1898 4156 qui

2152 4078 2348 4144 κεῖνος
2375 4077 2737 4147 ἐξηγήσατο.
2772 4078 2884 4130 Καὶ
2909 4077 3054 4130 ἔστιν
3085 4077 3399 4150 ἀπόρρητος
3427 4071 3556 4138 οὗτος
3577 4075 3641 4140 τῆς

437 4167 588 4236 digiti
613 4175 740 4222 sunt
776 4169 1026 4239 largitur.
1062 4170 1331 4236 Quoniam
1376 4173 1544 4244 igitur
1573 4173 1641 4229 de
1673 4175 1852 4231 medio
1892 4176 1928 4232 si

2147 4171 2413 4240 Πατρικῆς
2429 4168 2682 4238 θεότητος
2713 4167 2984 4240 θησαυρὸς
3009 4169 3102 4223 καὶ
3129 4169 3403 4240 πλήρωμα
3425 4167 3520 4220 τῶν
3545 4165 3638 4230 ἁγα-

439 4259 580 4313 dona
611 4260 908 4329 gratiarum
957 4261 1138 4331 dignis
1183 4272 1395 4333 erogat,
1427 4280 1491 4319 ac
1535 4265 1816 4320 dexteram
1860 4282 1930 4322 su

2152 4257 2227 4308 ὦν
2257 4258 2528 4319 ἁπάντων,
2552 4256 2610 4323 ἐξ
2636 4252 2710 4309 ὧν
2741 4256 2921 4310 δίδωσι
2956 4257 3022 4310 τά
3051 4257 3368 4328 χαρίσματα
3391 4259 3495 4318 τοῖς
3520 4251 3639 4318 ἀξίοις

439 4349 496 4402 in
548 4349 670 4403 illos
714 4351 977 4417 extendit,
1010 4353 1079 4406 ab
1125 4353 1366 4424 indignis
1395 4371 1526 4411 vero
1555 4357 1834 4413 dexteram
1860 4374 1923 4414 su

2148 4348 2304 4402 ιὺτοῦ.
2343 4349 2492 4402 Ἐπεὶ
2535 4347 2714 4402 τοίνυν
2748 4350 2811 4402 ὲκ
2851 4349 3016 4420 μέσου
3059 4349 3155 4402 τοῦ
3201 4350 3404 4402 κόλπου
3440 4347 3502 4400 τά
3530 4341 3639 4415 χαρί-

440 4439 656 4502 avertit,
677 4439 932 4510 nihilque
964 4457 1029 4496 ex
1053 4443 1213 4496 bonis
1236 4445 1290 4498 in
1326 4455 1629 4502 memorato
1657 4448 1778 4503 sinu
1807 4464 1909 4504 suo

2149 4458 2302 4510 ’ματα
2333 4443 2445 4504 τοῖς
2495 4439 2664 4504 ἀξίοις
2693 4443 2947 4512 δωρεῖται
2991 4442 3244 4494 ἐκτείνων
3274 4443 3357 4505 είς
3383 4441 3554 4502 ausos;
3575 4436 3640 4503 τὴν

437 4529 676 4586 conditis
723 4531 858 4600 ipsis
909 4533 1358 4606 elargitur;jure
1407 4538 1743 4605 sciscitatur,
1774 4541 1928 4598 dicen

2149 4529 2312 4582 αυτοῦ
2340 4529 2539 4596 δεξιὰν,
2570 4530 2679 4583 ἀπὸ
2705 4530 2762 4583 δὲ
2789 4530 2896 4583 τῶν
2928 4529 3002 4601 μὴ
3041 4529 3206 4594 ἀξίων
3243 4529 3551 4599 ἀποστρέφει
3573 4524 3640 4595 τὴν

443 4618 637 4691 thuid
679 4625 868 4677 avertis
919 4641 1133 4678 manum
1187 4636 1331 4682 tuam
1394 4640 1446 4684 et
1485 4632 1757 4687 dexteram
1788 4645 1933 4689 tuam

2149 4624 2277 4692 ίείρα
2315 4623 2410 4692 τὴν
2442 4619 2642 4686 δεξιὰν,
2676 4621 2839 4692 μηδὲν
2883 4621 3061 4676 αὐτῶν
3106 4621 3215 4675 τῶν
3247 4624 3307 4675 ἐν
3346 4621 3485 4691 αὐτῷ
3518 4619 3640 4688 δηλω-

439 4713 609 4765 medio
641 4713 760 4766 sinu
795 4725 883 4767 tuo
917 4717 971 4770 in
999 4717 1200 4786 ﬁnem?
1227 4718 1577 4792 Rursumque
1619 4725 1673 4780 id
1718 4725 1928 4796 adjicit,

2145 4714 2263 4766 ‘éV‘tt
2319 4713 2504 4783 κόλπῳ
2560 4713 3004 4784 τεταμιευμένων
3055 4714 3276 4782 ἀγαθῶν
3331 4714 3636 4785 δωρούμενος·

438 4804 618 4872 ﬁnem,
650 4806 994 4876 signiﬁcans,
1027 4810 1084 4864 in
1109 4810 1271 4867 linem
1305 4813 1440 4883 ipsis
1471 4815 1709 4872 dextera
1734 4816 1827 4873 Dei
1857 4834 1929 4873 ονε

2149 4805 2339 4868 ίκότως
2415 4805 2740 4860 πυνθάνεται
2789 4804 2989 4872 λέγων’
3057 4805 3229 4858 Ἰνιιτί
3301 4803 3639 4872 ἀποστρέφεις

438 4895 648 4949 sionem
683 4897 923 4952 futuram
952 4916 1096 4957 esse.
1143 4901 1576 4975 lnterrogatione
1601 4916 1781 4962 autem
1813 4925 1914 4966 nos

2152 4895 2233 4963 ὴν
2253 4896 2421 4965 χεῖρά
2451 4912 2568 4950 σου
2598 4896 2693 4949 καὶ
2720 4896 2835 4962 τὴν
2873 4895 3081 4959 δεξιάν
3117 4911 3236 4949 σου
3272 4897 3342 4949 ἐκ
3367 4896 3544 4965 μέσου
3567 4886 3638 4968 τοῦ

436 4999 661 5040 causam
685 4989 1107 5057 perquirendam
1146 4994 1377 5062 invitat;
1417 5005 1476 5051 ut
1506 5014 1816 5068 quazramus
1843 5018 1927 5071 qu:

2144 4991 2346 5043 εόλπου
2387 5004 2503 5043 σου
2546 4992 2632 5054 εἰς
2673 4989 2879 5054 τέλος;
2914 4990 3023 5041 Καὶ
3068 4989 3227 5041 πάλιν
3264 4987 3559 5059 προστίθησι
3583 4980 3635 5038 τὸ,

437 5073 518 5129 illi
545 5075 600 5130 in
631 5077 794 5132 linem
827 5080 1025 5150 ahjecti
1051 5083 1184 5137 sint.
1212 5083 1345 5140 Nam
1381 5087 1426 5142 si
1462 5089 1590 5157 quis
1606 5105 1701 5145 eos
1727 5092 1795 5146 de
1815 5108 1928 5163 pecc

2143 5084 2201 5146 ἰς
2240 5081 2435 5146 τέλος,
2473 5081 2773 5151 σημαίνων.
2813 5081 2888 5144 ὡς
2930 5081 3247 5152 ἀποστροφὴ
3286 5081 3383 5150 τῆς
3422 5077 3506 5132 τοῦ
3539 5071 3634 5127 Θεοῦ

436 5173 494 5220 ιο
520 5174 576 5222 et
614 5167 901 5240 iniquitate
943 5172 1299 5242 incusaverit,
1330 5185 1386 5230 at
1423 5179 1628 5236 scimus
1647 5182 1776 5236 olim
1814 5183 1927 5239 simi

2142 5171 2292 5238 ῐεξιᾶς
2325 5173 2405 5234 εἰς
2428 5171 2578 5236 τέλος
2611 5171 2760 5226 ἔσται
2805 5173 3004 5235 αὐτοῖς.
3040 5171 3138 5225 Διά
3165 5172 3221 5224 δὲ
3253 5172 3352 5242 τῆς
3377 5170 3633 5242 ἐρωτήσεως

409 5273 563 5319 ,οιωι
593 5257 855 5316 fecissent
875 5278 984 5318 non
1007 5263 1064 5318 in
1094 5264 1253 5321 ﬁnem
1280 5269 1526 5339 abjectos
1553 5271 1724 5328 fuisse
1753 5290 1767 5328 :
1801 5273 1894 5327 inii

2140 5263 2210 5316 ,πὶ
2249 5262 2346 5334 τὴν
2387 5262 2614 5334 ζήτησιν
2659 5263 2758 5334 τῆς
2803 5262 2980 5325 αἰτίας
3023 5263 3169 5333 ἡμᾶς
3213 5262 3476 5332 διεγείρει,
3505 5252 3631 5318 ὠςᾶν

439 5349 638 5420 quippe
676 5359 732 5406 et
761 5353 974 5409 nefaria
1019 5371 1212 5412 eorum
1243 5375 1430 5430 opera,
1463 5362 1752 5427 adulteria,
1786 5363 1930 5419 idolo

2137 5355 2343 5424 ζητήσαι
2354 5370 2452 5424 μεν
2479 5353 2531 5405 τί
2562 5354 2622 5406 τδ
2658 5353 2827 5407 αἴτιον
2856 5355 3143 5423 γεγένηται
3169 5353 3264 5406 τοῦ
3303 5355 3378 5416 εἰς
3410 5351 3537 5410 τέλος
3561 5344 3628 5397 αὖ·

437 5441 616 5504 triam,
670 5445 1060 5515 pr0phetarum
1106 5449 1283 5506 caedes
1342 5462 1666 5510 enumerant
1707 5457 1928 5526 prophel

2135 5445 2242 5507 τοὺς
2273 5443 2666 5514 ἁποὸληθῆναι.
2709 5445 2771 5497 Εἰ
2819 5443 2916 5514 μὲν
2944 5444 3054 5512 γὰρ
3091 5445 3358 5514 ἁμαρτίας
3389 5441 3473 5494 καὶ

438 5545 750 5601 sermones;
779 5537 875 5592 sed
911 5555 1190 5609 nunquam
1237 5542 1292 5596 in
1326 5543 1488 5599 ﬁnem
1541 5546 1789 5602 derelicti
1832 5565 1929 5603 sun

2133 5533 2306 5603 θομίας
2339 5533 2642 5586 αἰτιάσαιτό
2675 5549 2775 5596 τις,
2803 5531 2937 5585 ἀλλά
2973 5532 3066 5584 καὶ
3092 5531 3259 5583 πάλαι
3291 5529 3493 5582 τοιαῦτα
3525 5529 3624 5592 πρᾶ-

440 5620 714 5689 prrpltcta:
745 5640 965 5695 quoque
1007 5630 1178 5699 ipsis,
1205 5633 1306 5687 etsi
1343 5635 1470 5688 talia
1522 5637 1886 5706 patrantibus,
1915 5653 1931 5690 ι

2130 5624 2313 5691 ξαντας
2337 5624 2531 5686 αὐτοὺς
2560 5623 2800 5694 ἔγνωμεν
2822 5623 2910 5676 καὶ
2935 5622 3006 5694 μὴ
3036 5621 3377 5681 ἀπωσθέντας
3400 5620 3470 5680 είς
3491 5612 3621 5673 τέλος·

418 5719 430 5756 .‘
507 5708 552 5741 ³⁸
588 5713 746 5765 Joan.
783 5729 838 5777 ι,
875 5716 962 5769 18.

509 5800 583 5871 (Ι)
605 5800 760 5859 Forte
781 5803 1058 5874 legendum
1083 5811 1388 5882 παροξυνεῖ,
1409 5823 1461 5871 et
1491 5832 1638 5884 mox,
1677 5819 1940 5892 διαμενεῖ.
1973 5821 2126 5877 Enn.
