3776 6284
142 392 228 447 361
1228 386 1729 444 COMMENTARIA
1770 388 1836 444 IN
1874 390 2214 448 PSALMOS.

3223 378 3329 444 882

144 508 340 582 μυρίους
368 504 471 576 γὰρ
490 502 774 574 ἀθεμίτους
808 503 1029 575 πράξεις
1057 506 1297 576 μοιχείας
1324 525 1380 559 τε
1410 508 1503 561 καὶ
1536 508 1670 561 εἰδω-

1783 517 1956 572 crant,
1993 512 2305 581 angelorum
2341 510 2597 573 visiones,
2632 510 2868 581 Spiritus
2895 510 3069 567 sancti
3098 523 3340 580 praesen-

140 598 442 669 λολατρείας,
486 596 776 667 προφητῶν
821 614 880 650 τε
932 597 1239 668 ἀναιρέσεις
1288 599 1677 667 καταλέγουσιν

138 691 293 747 αὐτῶν
317 690 363 741 of.
388 688 707 759 προφητικοὶ
738 687 882 756 λόγοι
901 705 913 717 ’
958 688 1071 740 ἀλλ’
1104 689 1164 741 οὐ
1211 687 1427 741 πώποτε
1453 691 1679 758 ἐγκατε-

138 781 406 850 λείφθησαν
448 780 523 841 είς
568 778 736 841 τέλος.
793 780 1034 850 Συνῆσαν
1089 779 1145 832 δὲ
1204 781 1422 844 αὐτοῖς,
1477 783 1677 853 καίπερ

135 869 331 927 τοιαῦτα
350 868 692 938 πράττουσιν,
722 869 770 919 οἱ
798 868 1072 939 προφῆται
1091 885 1103 898 ο
1141 869 1416 937 ἐγίγνοντο
1455 870 1510 922 δὲ
1548 871 1675 941 παρ’

134 965 293 1023 αὐτοῖς
323 960 411 1014 καὶ
434 959 675 1028 ἀγγέλων
696 960 1023 1028 ἐπιφάνειαι,
1048 961 1140 1014 καὶ⁸
1172 961 1484 1031 Πνεύματος
1517 962 1673 1029 ἁγίου

1782 602 1876 656 tia.
1913 602 2067 668 Quod
2096 618 2225 673 ergo
2268 610 2477 656 tantum
2523 609 2633 655 tam
2671 604 2971 657 inauditum
3007 602 3217 656 facinus
3245 613 3342 655 eo-

1780 709 1923 757 rum,
1958 700 2017 748 ut
2068 694 2123 749 in
2171 694 2331 749 ﬁnem
2378 693 2704 763 abjiciantur
2756 702 2811 749 et
2863 695 3086 749 dextera
3123 692 3218 748 Dei
3275 690 3346 748 ab

1780 785 1860 840 eis
1898 793 2175 839 avertatur
2224 785 2278 839 in
2327 785 2543 839 ﬁnem?
2599 785 2725 843 Haec
2780 801 2945 855 porro
3002 785 3191 840 dicens
3247 782 3345 838 ad-

1781 875 2009 930 missum
2048 877 2117 931 ab
2138 878 2218 931 eis
2241 876 2297 930 in
2330 876 2612 933 Christum
2640 876 2735 932 Dei
2765 876 2979 931 facinus
3003 876 3170 929 tacite
3210 872 3344 928 sub-

1781 966 2004 1019 indicat.

133 1054 395 1126 παρουσία.
422 1053 486 1104 Τί
520 1054 694 1106 τοίνυν
721 1055 779 1106 τὸ
818 1054 983 1121 ξένον,
1023 1055 1117 1108 καὶ
1158 1056 1209 1109 τί
1248 1056 1497 1110 τοσοῦτον
1562 1060 1741 1122 αὐτοῖς
1776 1062 2117 1133 τετόλμηται,
2163 1062 2239 1126 ὡς
2280 1064 2360 1126 είς
2405 1062 2556 1126 τέλος
2607 1063 2803 1126 αὐτοὺς
2845 1062 3197 1131 ἀπωσθῆναι,
3252 1060 3347 1111 καὶ

132 1149 215 1215 τὴν
248 1144 416 1209 δεξιὰν
439 1146 534 1197 τοῦ
564 1144 697 1197 Θεοῦ
728 1145 1135 1216 ἀποστραφῆναι
1166 1148 1361 1210 αὐτοὺς
1416 1149 1493 1211 εἰς
1528 1148 1711 1214 τέλος;
1747 1150 1929 1220 Λέγων
1963 1152 2017 1205 δὲ
2054 1152 2244 1218 ταῦτα,
2305 1153 2597 1207 αἰνίττεται
2643 1153 3064 1225 σεσιωπημένως
3103 1150 3165 1204 τὸ
3207 1165 3347 1221 πρα-

131 1237 241 1307 χθὲν
260 1236 435 1297 αὐτοῖς
460 1235 601 1288 κατά
623 1234 715 1287 τοῦ
740 1236 974 1306 Χριστοῦ
1007 1236 1102 1289 τοῦ
1127 1237 1260 1290 Θεοῦ
1280 1238 1552 1310 τόλμημα.

199 1354 248 1406 '0
279 1353 343 1406 δὲ
388 1352 532 1420 Θεὸς
569 1354 871 1421 ,βασιλεὺς
891 1354 1061 1424 ἡμῶν
1101 1357 1212 1424 πρὸ
1253 1356 1464 1424 aliIn-oc
1491 1357 1680 1427 εἰργά-

130 1458 262 1498 σατο
288 1443 587 1510 σωτηρίαν
607 1444 677 1496 ἐν
699 1443 861 1509 μέσῳ
890 1444 1000 1513 τῆς
1033 1446 1165 1515 γῆς.
1196 1446 1423 1501 Διελθὼν
1452 1447 1519 1501 τὰ
1550 1465 1678 1519 προ-

128 1533 421 1602 λελεγμένα,
457 1533 900 1604 ὲπαναλαμϐἀνει
946 1536 1071 1599 τοὺς
1110 1537 1238 1606 περὶ
1286 1537 1385 1607 τῆς
1426 1539 1677 1608 προνοίας

127 1624 311 1690 λόγους,
341 1624 434 1677 καὶ
477 1623 579 1695 τῆς
627 1625 910 1695 δυνάμεως
942 1626 1033 1678 τοῦ
1076 1626 1210 1679 Θεοῦ
1252 1629 1545 1699 παρίστησι
1578 1629 1677 1692 τὰς

129 1714 521 1785 μεγαλουργίας,
550 1715 820 1787 εὐκαίρως
852 1717 1093 1781 εὐσεϐεῖς
1123 1720 1444 1789 προϊέμενος
1470 1720 1672 1788 φωνὰς,

124 1806 187 1869 ὼς
232 1806 293 1859 ἂν
335 1807 409 1877 μή
463 1824 549 1869 τις
595 1808 854 1877 νομίσειε,
888 1809 977 1863 διά
1023 1810 1084 1862 τὸ
1131 1810 1205 1880 μὴ
1248 1812 1447 1882 ὲφορᾷν
1492 1812 1673 1875 αὑτὸν,

128 1897 242 1966 μηδὲ
284 1898 592 1951 ἐπιστατεῖν
615 1902 728 1962 τοῖς
772 1901 905 1952 πᾶσι
945 1899 1013 1953 τὰ
1056 1899 1417 1971 προλεχθέντα
1448 1906 1673 1975 γεγενῆ-

126 1986 250 2041 σθαι.
276 1987 362 2039 Διό
393 2004 591 2057 φησιν’
629 1989 691 2042 Ei
733 1988 1027 2043 καὶταῦτα
1071 1990 1257 2042 τοῦτον
1295 1992 1540 2064 ἐπράχθη
1586 1993 1676 2046 τὸν

120 2077 295 2146 τρόπον
313 2095 325 2107 '
354 2076 473 2131 ἀλλ’
498 2080 646 2147 ὅμως
684 2080 1043 2151 πεπείσμεθα,
1070 2082 1152 2135 ὅτι
1187 2083 1250 2135 σὺ
1284 2082 1312 2134 ὁ
1336 2082 1465 2147 Θεὸς
1499 2084 1673 2154 ἡμῶν,

117 2167 166 2218 ὃν
189 2168 272 2220 καὶ
306 2168 532 2238 βασιλέα
558 2170 713 2241 ἡμῶν
738 2167 877 2225 εἶναι
915 2171 1270 2243 γνωρίζομεν,
1316 2174 1491 2243 κρίσει
1523 2175 1676 2246 βασι-

118 2256 225 2327 λικῇ
270 2260 358 2310 καὶ
407 2259 537 2329 θείᾳ
575 2261 749 2312 πάντα
797 2264 1097 2333 οἰκονομείς
1150 2264 1244 2317 ἐπὶ
1296 2266 1537 2337 σωτηρίᾳ
1569 2266 1677 2321 τῶν

114 2349 257 2402 δλωνο
298 2349 357 2402 ’0
389 2350 507 2421 γὰρ
568 2351 709 2417 Θεὸς
758 2350 947 2420 ἡμῶν,
991 2354 1291 2421 ,βασιλεὺς
1344 2356 1513 2425 ἡμῶν
1563 2360 1676 2426 πρὸ

116 2439 304 2505 αἰῶνος
345 2440 669 2510 εἰργάσατο
721 2444 1020 2510 σωτηρίαν
1068 2446 1136 2497 ἐν
1167 2445 1335 2514 μέσῳ
1390 2446 1498 2514 τῆς
1542 2447 1674 2515 γῆς.

107 2532 247 2609 ἶὭστ³
277 2533 323 2583 εἰ
374 2533 479 2585 καὶ
519 2534 576 2584 ἐν
613 2535 713 2603 μιᾷ
744 2535 916 2604 γωνίᾳ
964 2536 1067 2604 γῆς
1108 2536 1330 2590 τοιαῦτα
1372 2538 1676 2609 πραχθῆναι

106 2602 525 2697 Τουγκεχώρηκας
557 2624 643 2677 διά
685 2626 809 2689 τοὺς
847 2629 1137 2699 οἰκήτορας
1180 2629 1275 2681 τοῦ
1319 2630 1516 2682 τόπου⁶
1563 2630 1675 2683 ἀλλ’

106 2712 240 2785 ὅμως
272 2715 638 2786 πεπείσμεθα,
662 2717 744 2769 ὅτι
779 2719 899 2781 τοὺς
924 2719 1042 2771 καθ’
1072 2718 1198 2788 ὅλης
1220 2720 1319 2789 τῆς
1348 2721 1669 2792 οἰκουμένης

114 2805 372 2868 οἰκοῦντας
411 2807 738 2878 ἀνθρώπους
790 2810 1056 2881 σωτηρίας
1078 2810 1345 2879 ἀξιώσεις,
1377 2812 1466 2864 τὸν
1487 2813 1673 2865 ἑαυτοῦ

114 2896 321 2964 Χριστὸν
346 2900 574 2969 ἐγείρας
599 2901 803 2953 ἅπασιν
828 2901 1133 2973 ἀνθρώποις
1171 2904 1415 2974 Σωτῆρα.
1452 2904 1558 2956 Καί
1587 2922 1674 2974 μοι

112 2985 238 3038 δοκεῖ
258 2988 321 3040 δι’
348 2990 474 3052 ἑνὸς
506 2990 598 3043 τοῦ
634 2991 770 3060 μετά
804 2994 992 3063 χεῖρας
1028 2994 1207 3063 στίχου
1233 2994 1419 3065 ὥσπερ
1444 2996 1674 3049 ἀνταπό-

110 3077 235 3130 δοσιν
275 3082 548 3134 ποιεῖσθαι
593 3083 699 3134 τῶν
743 3085 1204 3156 έπηπορημένωνο
1252 3087 1371 3139 ἀντὶ
1410 3086 1518 3158 γὰρ
1568 3088 1674 3141 τῶν

100 3172 519 3243 συμϐεϐηκότων
566 3175 707 3229 κατά
734 3176 827 3229 τοῦ
860 3177 1185 3248 δηλωθέντος
1230 3179 1416 3242 τόπου,
1447 3182 1674 3251 ὲργάσε-
1701 3202 1745 3261 C

110 3280 204 3326 ται,
230 3264 408 3333 φησὶν,
451 3267 478 3317 ό
510 3265 638 3328 Θεὸς
684 3267 953 3337 σωτηρίαν
986 3268 1043 3320 ὲν
1071 3268 1220 3339 μέσῳ
1242 3270 1341 3340 τῆς
1373 3270 1496 3340 γῆς.
1536 3272 1668 3323 Συν-

111 3351 237 3421 ήθως
260 3354 311 3405 δὲ
342 3355 445 3406 καὶ
480 3355 573 3407 νῦν
604 3355 672 3408 τὰ
707 3356 936 3425 ἐσόμενα
981 3357 1056 3420 ὡς
1087 3360 1449 3429 παρῳχηκότα
1482 3360 1668 3413 θεσπί-

109 3443 192 3505 ζει.
235 3440 360 3497 Εἶτα
390 3445 637 3499 διδάσκει
661 3446 787 3517 egi;
823 3448 1011 3511 ὁποίας
1038 3449 1137 3520 ἤδη
1171 3450 1336 3504 πάλαι
1361 3451 1619 3524 πρότερον
1643 3457 1671 3506 ὁ

109 3535 224 3599 Θεὸς
246 3538 651 3607 κατειργάσατο
684 3538 1118 3611 θαυματουργίας
1148 3542 1320 3610 λέγων
1338 3561 1350 3573 ·
1390 3544 1471 3597 Σὺ
1501 3546 1671 3614 ἐκρα-

107 3627 345 3694 τίιίωσας
373 3631 450 3683 ἐν
474 3628 547 3697 τῇ
579 3630 823 3700 δυνάμει
851 3647 967 3687 σου
1008 3634 1122 3702 τὴν
1147 3634 1486 3691 θάλασσαν.
1535 3640 1671 3693 Ἁντί

181 3719 285 3781 τοῦ,
326 3721 408 3774 Σὺ
462 3721 531 3773 ὃὲ
561 3722 987 3789 ἑκραταίωσας,
1028 3726 1055 3777 ὁ
1090 3726 1400 3797 Σύμμαχος,
1435 3729 1517 3781 Σὺ
1554 3729 1671 3781 διε-

106 3808 394 3876 σκέδασας
451 3811 525 3878 τῇ
577 3814 749 3891 ἰσχύϊ
791 3829 907 3868 σου
953 3814 1065 3881 τὴν
1111 3816 1449 3883 θάλασσαν,
1488 3821 1669 3891 ἡρμή-

105 3918 261 3955 νευσε.
291 3903 399 3957 Καί
437 3922 530 3974 μοι
571 3904 718 3958 δοκεί
757 3906 846 3959 διὰ
897 3907 1098 3961 τούτων
1125 3906 1201 3970 ὡς
1226 3911 1361 3979 πρὸς
1388 3909 1487 3980 τὴν
1524 3913 1670 3963 ἱστο-

108 3993 218 4055 ρίαν
270 3996 557 4064 σημαίνειν
578 3998 677 4067 τὴν
720 3998 812 4049 ἐπὶ
881 3998 1123 4061 Μωσέως
1172 4000 1467 4070 γενομένην
1506 4001 1672 4053 δίοδον

103 4082 187 4135 τοῦ
214 4083 341 4137 λαοῦ
367 4087 457 4139 διὰ
497 4086 594 4155 τῆς
630 4088 894 4158 Ἐρυθρᾶς
925 4089 1215 4160 θαλάσσης.
1260 4090 1351 4142 Διὸ
1398 4091 1539 4144 κατὰ
1575 4094 1671 4163 μὲν

1849 1351 2015 1408 Vens.
2046 1354 2233 1407 12—18.
2294 1353 2432 1408 Deus
2460 1363 2634 1407 autem
2672 1369 2764 1406 rex
2810 1362 2985 1407 noster
3026 1360 3147 1408 ante
3179 1371 3347 1409 sitcu-

1782 1448 1891 1501 lum
1924 1457 2167 1513 operatus
2197 1455 2272 1499 est
2306 1453 2527 1500 salutem
2556 1448 2610 1499 in
2642 1445 2812 1499 medio
2844 1455 3019 1501 terrm.
3045 1444 3343 1516 Postquam

1779 1538 2035 1608 praedicta
2066 1538 2358 1599 recensuit,
2384 1552 2666 1593 sermones
2710 1537 2777 1591 de
2816 1538 3156 1606 providentia
3200 1554 3343 1592 resu—

1779 1628 1896 1693 mit,
1928 1636 2090 1694 atque
2117 1626 2331 1680 virtutis
2354 1624 2448 1680 Dei
2482 1625 2718 1695 ingentia
2740 1641 2902 1694 opera
2925 1626 3187 1691 declarat,
3226 1628 3346 1697 pias

1778 1725 2082 1788 opportune
2121 1733 2284 1773 voces
2313 1716 2634 1785 proferens:
2672 1733 2738 1772 ne
2782 1717 2906 1785 quis
2957 1726 3169 1787 putaret
3224 1719 3345 1773 ideo

1775 1808 1886 1878 jam
1918 1816 2217 1863 memorata
2266 1815 2415 1878 gesta
2466 1807 2655 1869 fuisse,
2698 1807 2841 1877 quod
2895 1807 3037 1862 Deus
3091 1811 3344 1865 universa

1777 1916 1886 1955 non
1914 1908 2090 1967 curet,
2122 1902 2298 1967 iisque
2324 1916 2431 1954 non
2459 1900 2761 1968 provideat.
2799 1897 3162 1964 Quamobrem
3214 1900 3289 1953 ait
3324 1918 3339 1955 :

1776 1990 1891 2046 Etsi
1934 1991 2048 2046 haec
2089 1992 2184 2045 tali
2235 1992 2396 2083 modo
2425 1998 2575 2061 gesta
2629 1992 2757 2055 sint,
2790 2006 3108 2060 persuasum
3160 1998 3343 2047 tamen

1776 2085 1935 2140 nobis
1976 2092 2081 2145 est,
2122 2091 2175 2139 te
2224 2084 2391 2138 Duem
2449 2090 2717 2146 nostrum,
2768 2098 2927 2153 quem
2983 2098 3165 2153 regem
3216 2083 3340 2136 item

1775 2184 2025 2231 nostrum
2061 2192 2182 2231 esse
2214 2175 2443 2238 scimus,
2465 2174 2672 2243 judicio
2698 2174 2847 2242 regio
2875 2190 2937 2227 ac
2956 2174 3142 2227 divino
3160 2172 3343 2226 omnia

1776 2270 1843 2323 ad
1872 2270 2250 2323 universorum
2279 2268 2509 2322 salutem
2537 2274 2840 2334 temperare
2874 2285 2885 2318 :
2913 2280 3038 2318 nam
3087 2263 3227 2317 Deus
3251 2280 3345 2316 no-

1775 2364 1883 2408 ster
1904 2369 1997 2406 rex
2027 2364 2202 2406 noster
2236 2361 2356 2405 ante
2383 2350 2635 2404 swculum
2665 2359 2908 2417 operatus
2931 2358 3007 2403 est
3036 2348 3261 2403 salutem
3287 2348 3344 2401 ir.

1776 2446 1945 2500 medio
1970 2455 2142 2499 terrm.
2174 2443 2254 2497 lta
2286 2451 2343 2496 ut
2371 2442 2583 2497 etiamsi
2620 2441 2806 2496 isthaec
2830 2441 2886 2494 in
2913 2455 3027 2494 uno
3054 2438 3213 2495 terra:
3247 2454 3343 2493 an—

1777 2537 1902 2605 gulo
1939 2535 2074 2590 edici
2104 2535 2414 2605 permiseris
2448 2548 2635 2586 eorum
2671 2548 2836 2588 causa
2858 2533 2951 2602 qui
2982 2532 3157 2585 locum
3200 2533 3346 2586 inco-

1777 2629 1953 2683 lebant
1976 2667 1989 2691 ,
2023 2641 2346 2697 persuasum
2390 2635 2572 2679 tamen
2615 2625 2913 2680 habeamus
2944 2632 2996 2678 te
3026 2638 3216 2679 omnes
3245 2631 3347 2678 ter-

1776 2735 1891 2771 ram
1940 2720 2238 2772 incolentes
2290 2718 2542 2772 homines
2584 2717 2757 2771 salute
2815 2716 3166 2786 dignaturum
3193 2757 3208 2781 ,
3246 2716 3340 2784 qui

1774 2807 2049 2862 Christum
2086 2816 2237 2861 tuum
2272 2807 2522 2861 excitasti
2555 2806 2795 2859 omnium
2826 2805 3107 2858 hominum
3144 2802 3342 2858 Serva-

1778 2910 1969 2954 torem.
1995 2898 2331 2968 Videturque
2367 2898 2499 2950 mihi
2534 2897 2634 2950 hoc
2663 2912 2772 2950 uno
2804 2911 2986 2958 versu,
3013 2896 3170 2963 quasi
3195 2910 3344 2964 quaa-

1776 2993 2012 3046 stionum
2044 2990 2367 3045 solutionem
2395 2989 2639 3059 przeberi.
2685 2987 2819 3041 Nam
2860 3003 3048 3042 eorum
3080 2987 3197 3041 vice
3223 3004 3345 3058 qua:

1774 3091 1965 3138 contra
1997 3081 2319 3152 prmdictum
2358 3082 2534 3135 locum
2566 3086 2871 3151 perpetrata
2897 3086 3045 3143 sunt,
3078 3076 3244 3140 Deus,
3267 3080 3345 3133 in-

1775 3174 1914 3243 quit,
1951 3173 2266 3241 Operabitur
2291 3172 2518 3226 salutem
2554 3172 2606 3223 in
2636 3170 2815 3225 medio
2855 3175 3033 3223 terrae.
3091 3166 3167 3222 De
3194 3185 3345 3224 more

1775 3274 1953 3319 autem
1984 3264 2073 3316 hic
2094 3263 2275 3328 futura
2301 3262 2485 3331 utjam
2515 3260 2785 3330 praeterita
2818 3260 3162 3313 vaticinatur.
3185 3259 3347 3314 Dein-

1771 3354 1839 3408 de
1873 3370 2002 3408 vero
2031 3354 2209 3416 docet,
2236 3353 2417 3423 qualia
2461 3351 2575 3421 jam
2615 3352 2740 3405 olim
2773 3352 3013 3421 prodigia
3047 3349 3190 3405 Deus
3209 3365 3343 3420 ope-

1773 3454 1925 3499 ratus
1957 3446 2047 3508 sit,
2085 3446 2164 3500 sic
2190 3446 2418 3514 loquens
2444 3462 2456 3496 :
2495 3443 2573 3495 Tu
2605 3442 2936 3511 conﬁrmasti
2956 3442 3011 3495 in
3036 3444 3226 3496 virtute
3251 3451 3343 3495 tua

1773 3556 1938 3593 mare.
1974 3537 2080 3591 Pro
2112 3537 2204 3590 illo
2238 3545 2443 3598 autem,
2484 3546 2539 3588 tu
2572 3536 2921 3604 conﬁrmasti,
2960 3534 3341 3605 Symmachus,

1775 3629 1853 3682 Tu
1888 3628 2164 3696 dissipasti
2206 3629 2395 3681 virtute
2430 3636 2522 3679 tua
2574 3643 2756 3689 mare,
2796 3626 3183 3695 interpretatus
3234 3634 3339 3681 est.

1772 3717 1837 3770 Et
1868 3718 2000 3771 mihi
2056 3718 2276 3787 quidem
2330 3717 2547 3771 videtur
2582 3716 2840 3770 historice
2879 3717 3120 3771 indicare
3160 3717 3342 3787 populi

1771 3825 1866 3878 per
1884 3824 2031 3863 mare
2054 3808 2301 3862 Rubrum
2329 3808 2467 3861 duce
2502 3807 2683 3877 Moyse
2708 3808 3019 3861 transitum.
3045 3807 3225 3873 Quare
3256 3824 3344 3862 se-

1772 3900 2009 3954 cundum
2048 3897 2431 3968 Symmachum
2458 3897 2659 3951 dicitur
2690 3916 2702 3951 :
2737 3897 2816 3951 Tu
2854 3898 3128 3966 dissipasti
3152 3898 3342 3952 virtute

1773 3998 1865 4042 tua
1894 4002 2072 4047 mare;
2099 3987 2400 4041 secundum
2429 3986 2858 4041 Theodotionem
2900 4002 3059 4041 vero:
3091 3987 3169 4040 Tu
3205 3986 3344 4039 divi-

1770 4081 1888 4133 sisti
1931 4080 1987 4132 in
2037 4080 2270 4147 potentia
2334 4087 2426 4131 tua
2482 4093 2647 4130 mare.
2700 4077 2902 4132 Deinde
2956 4076 3243 4148 Egyptios
3288 4086 3343 4132 et

104 4173 187 4224 τὸν
220 4174 517 4245 Σύμμαχον
559 4178 796 4249 εἴρηται,
831 4179 915 4233 Σὺ
952 4179 1351 4245 διεσκέδασας
1389 4180 1464 4248 τῇ
1509 4183 1670 4249 ίσχύῑ

1779 4171 2113 4225 Pharaonem
2166 4171 2493 4225 adumbrare
2541 4169 2675 4223 mihi
2717 4168 2954 4235 videtur,
2976 4169 3213 4227 dicens:
3264 4170 3341 4225 Tn

101 4280 207 4318 σου
242 4273 356 4335 τὴν
388 4272 741 4338 θάλασσαν’
776 4272 914 4326 κατά
966 4273 1023 4327 δὲ
1068 4273 1157 4326 τὸν
1194 4273 1542 4338 Θεοδοτίωνα,
1588 4275 1670 4329 Σὺ

1779 4264 2066 4317 contrivisti
2088 4263 2265 4331 capita
2308 4262 2598 4315 draconum
2627 4262 2683 4315 in
2715 4278 2874 4330 aqua.
2921 4262 3000 4316 Tu
3043 4263 3339 4333 confregisti

101 4355 418 4427 διέστησας
470 4337 541 4415 έν
575 4361 647 4430 τῇ
709 4363 956 4432 δυνάμει
1002 4379 1119 4418 σου
1171 4363 1285 4432 τὴν
1331 4337 1669 4420 θάλασσαν.

1779 4355 1947 4424 capita
1970 4355 2238 4409 draconis.
2266 4352 2373 4409 Per
2400 4354 2694 4410 draconem
2728 4354 2937 4409 scilicet
2980 4354 3340 4419 Pharaonem,

103 4444 219 4501 Εττα
267 4454 395 4516 τοὺς
443 4453 775 4520 Αἰγυπτίους
823 4454 918 4506 καὶ
964 4454 1055 4507 τὸν
1106 4453 1303 4525 Φαραὼ
1346 4455 1670 4509 αἰνίττεσθαί

1779 4460 1868 4513 per
1914 4446 2092 4515 capita
2124 4460 2253 4499 vero
2299 4444 2439 4513 ejus,
2477 4447 2749 4515 principes
2781 4446 2874 4514 qui
2923 4445 3025 4499 sub
3065 4461 3132 4500 eo
3184 4453 3344 4500 erant

99 4551 182 4602 μοι
220 4536 369 4590 δοκεῖ
416 4539 665 4606 φάσκων·
715 4540 798 4593 Σὺ
841 4539 1210 4607 συνέτριψας
1257 4540 1363 4606 τὰς
1404 4540 1670 4609 κεφαλὰς

1779 4536 2125 4604 subindicat;
2159 4537 2274 4593 sive
2308 4553 2403 4607 per
2436 4538 2723 4601 dracones,
2768 4536 3080 4606 Egyptios;
3113 4552 3209 4605 per
3246 4549 3340 4590 ca—

97 4622 205 4676 τῶν
227 4628 572 4695 δρακόντων
602 4629 701 4682 ἐπὶ
731 4630 836 4683 τοῦ
873 4629 1126 4695 ὕδατοςο
1164 4630 1245 4684 σὺ
1284 4630 1671 4698 συνέθλασας

96 4716 193 4781 τὰς
244 4719 515 4788 κεφαλὰς
556 4720 661 4773 τοῦ
706 4720 1063 4789 δράκοντοςο
1114 4722 1381 4792 δράκοντα
1433 4723 1530 4793 μὲν
1579 4723 1671 4777 τὸν

93 4806 301 4876 Φαραὼ,
342 4809 584 4878 κεςαλάς
615 4809 672 4863 δὲ
715 4811 879 4864 αὐτοῦ
930 4812 1057 4874 τοὺς
1089 4812 1180 4864 ὑπ’
1213 4814 1374 4866 αὐτὸν
1406 4814 1670 4885 ἄρχοντας

94 4896 489 4967 αἰνιττόμενος·
526 4900 561 4970 ἢ
608 4900 907 4970 δράκοντας
951 4904 1078 4965 τοὺς
1118 4903 1462 4973 Αίγυπτίους,
1503 4923 1670 4975 κεφα-

91 4986 180 5051 λὰς
218 4989 275 5042 δὲ
319 4990 497 5044 αὐτῶν
537 4992 664 5055 τοὺς
694 4995 985 5061 τριστάτας
1031 4997 1125 5049 καὶ
1169 4997 1296 5055 τοὺς
1336 4998 1668 5067 ἡγουμένους

93 5078 265 5131 αὐτῶν
317 5080 618 5150 ὀνομάζων.
674 5083 746 5136 Τὸ
788 5084 881 5149 δὲ,
915 5085 1179 5152 Ἐδωκας
1227 5087 1417 5142 αὐτὸν
1456 5087 1669 5157 ,βρῶμα

91 5170 245 5235 λαοῖς
279 5170 409 5237 τοῖς
428 5173 719 5241 Αἰθίοψιν,
752 5175 895 5228 εἴποι
928 5176 994 5229 ἄν
1017 5194 1100 5240 τις
1136 5177 1205 5231 τά
1237 5177 1405 5249 νεκρά
1441 5179 1667 5250 σώματα

92 5259 283 5325 αὐτῶν,
316 5262 688 5333 ὲκὸρασθέντα
731 5266 829 5335 τῆς
863 5266 1154 5335 θαλάσσης,
1192 5268 1355 5339 βορὰν
1386 5270 1666 5338 γεγονέναι

90 5355 193 5414 τοῖς
244 5356 514 5418 πετεινοῖς
560 5354 653 5407 τοῦ
706 5357 956 5428 ούρανοῦ.
1000 5359 1143 5412 Ἀντὶ
1186 5358 1242 5412 δὲ
1273 5359 1386 5426 τοῦ,
1420 5360 1542 5427 τοῖς
1568 5365 1665 5416 Αί-

91 5446 306 5509 θὶοψιν,
333 5446 363 5497 ὁ
407 5447 503 5514 μὲν
540 5446 786 5510 Ἀκύλας,
827 5448 951 5515 τοῖς
989 5449 1496 5520 ἐξελευσομένας,
1539 5454 1567 5505 ό
1606 5453 1663 5507 δὲ

89 5533 398 5595 Θεοδοτίων.
437 5536 515 5601 τῷ
557 5538 811 5608 ἐσχάτῳ,
848 5540 940 5593 καὶ
1056 5542 1277 5613 πέμπτη
1326 5544 1554 5607 έκδοσις,
1586 5544 1665 5609 τῷ

88 5624 516 5692 ἐξεληλυθότι,
571 5631 938 5699 ἡρμήνευσαν.
990 5632 1109 5685 Τῶν
1164 5635 1263 5703 μὲν
1309 5638 1376 5707 τῇ
1428 5636 1662 5707 Ἐρυθρᾷ

89 5710 328 5786 Θαλάσσῃ
385 5720 901 5774 καταποντωθέντων
960 5725 1336 5794 μνημονεύσας
1392 5728 1422 5778 ὁ
1483 5726 1657 5795 λόγος.

88 5801 207 5871 ἑξῆς
263 5806 360 5861 καὶ
396 5808 505 5862 τῶν
551 5812 683 5880 μετά
734 5814 903 5867 ταῦτα
949 5818 1347 5888 πεπραγμένων
1401 5819 1659 5888 ἀναφέρει

1772 4629 1880 4698 pita
1909 4642 2034 4680 vero
2052 4642 2262 4691 eorum,
2296 4627 2568 4697 principes
2606 4636 2661 4682 et
2701 4627 2869 4680 duces
2907 4641 3097 4679 eorum
3130 4624 3340 4695 signiﬁo

1770 4728 1877 4775 cat.
1908 4720 2040 4775 lllud
2068 4727 2268 4781 autem,
2305 4718 2509 4773 Dedisti
2537 4734 2655 4772 eum
2692 4734 2865 4772 escam
2898 4717 3105 4786 populis
3128 4717 3340 4775 ιΕιΙιίο-

1768 4812 1945 4881 pibns.
1969 4813 2051 4867 sic
2076 4811 2311 4881 explicet
2350 4810 2645 4880 quispiam,
2673 4811 2819 4879 quod
2844 4821 3107 4866 cadavera
3149 4826 3338 4867 eorum

1769 4900 1836 4954 ad
1888 4902 2044 4955 littus
2072 4901 2243 4955 maris
2276 4901 2481 4970 rcjecta
2512 4899 2567 4953 in
2619 4915 2805 4954 escam
2854 4902 3165 4957 volatilibus
3213 4904 3337 4958 ειεῐί

1769 4988 1991 5044 fuerint.
2025 4988 2133 5044 Pro
2165 4990 2259 5044 illo
2283 4998 2487 5054 autem,
2520 4988 2882 5058 Ethiopibus,
2910 4994 3102 5061 Aquila
3122 5034 3138 5056 ,
3167 5010 3340 5063 egres-

1767 5082 1905 5136 suris
1929 5098 1947 5145 ;
1977 5080 2299 5145 Theodotio,
2324 5081 2646 5144 novissimo;
2677 5082 2867 5151 quinta
2900 5083 3087 5147 editio,
3109 5100 3335 5154 egresso,

1768 5175 2109 5246 inlerpretati
2139 5182 2287 5230 sunt.
2324 5173 2614 5244 Postquam
2648 5188 2837 5228 eorum
2865 5175 2958 5244 qui
2990 5176 3045 5228 in
3072 5175 3208 5229 mari
3229 5172 3338 5231 Ru-

1766 5267 1866 5322 bro
1889 5267 2121 5323 demersi
2165 5272 2295 5320 sunt
2324 5266 2526 5319 mentio
2554 5266 2696 5320 facta
2723 5274 2828 5328 est,
2855 5265 2958 5319 sub
3002 5265 3113 5319 tunc
3146 5279 3335 5320 eorum

1765 5377 1886 5429 qua:
1910 5368 2096 5429 postea
2127 5365 2279 5428 gesta
2312 5366 2439 5411 sunt
2472 5358 2790 5411 memoriam
2830 5357 3070 5416 refricat.
3102 5356 3330 5413 dicens:

1768 5452 1848 5505 Tu
1899 5450 2149 5517 dirupisti
2194 5449 2364 5517 fontes
2402 5458 2450 5502 et
2476 5456 2750 5504 torrentes.
2782 5447 2898 5503 Non
2926 5448 3069 5503 enim
3120 5446 3333 5518 Moyses

1763 5551 1882 5597 erat
1913 5543 2003 5611 qui
2031 5549 2236 5610 petram
2265 5541 2414 5611 virga
2443 5542 2775 5610 percutiens.
2797 5556 2864 5595 ex
2887 5540 2977 5593 illa
3004 5539 3191 5593 eduxit
3212 5538 3331 5595 fon-

1765 5645 1847 5689 tes
1880 5643 1932 5687 et
1966 5641 2266 5697 torrentes;
2306 5635 2402 5689 sed
2444 5642 2525 5696 tu,
2572 5633 2737 5696 Deus,
2771 5648 2914 5696 eras,
2946 5633 3038 5702 qui
3084 5633 3196 5687 haec
3234 5649 3329 5705 per

1769 5727 2006 5795 Moysen:
2058 5726 2318 5777 miracula
2346 5725 2619 5795 patrabas.
2656 5726 2812 5791 Quod
2860 5726 3077 5781 additur
3122 5733 3324 5790 autem,

1768 5817 1841 5869 Tu
1872 5817 2087 5871 siccasti
2121 5817 2307 5884 βιιυὶοε
2353 5816 2565 5885 Ειίιαιη,
2594 5818 2659 5873 ad
2689 5817 2983 5873 .lordanem
3033 5819 3324 5875 referatur.
