3776 6284
117 296 207 354 865

1207 285 1710 341 COMMENTARIA
1748 284 1813 338 IN
1852 283 2193 342 PSALMOS.

3216 283 3322 343 866

115 417 193 476 καὶ
208 413 283 484 ἐφ’
309 407 454 482 ήμῶν
483 407 813 480 ἱκετεύομεν.
849 408 1067 480 Ἐπειδὴ
1111 409 1204 462 καὶ
1237 408 1334 463 νῦν
1370 409 1420 463 oi
1465 408 1606 480 ὲχθρι

1840 409 1886 461 ia
1911 407 2020 476 jam
2053 406 2260 462 inimici
2309 405 2605 476 hostesque
2641 405 2834 471 nostri,
2877 421 2988 461 non
3031 405 3191 461 nobis
3232 403 3321 458 de-

115 508 192 565 καὶ
218 504 261 558 oi
291 498 546 569 πολέμιοι,
593 499 691 570 οὐχ
737 499 882 570 ἡμᾶς
931 498 1058 562 τοὺς
1108 499 1513 571 πολεμηθέντας
1555 499 1649 552 καὶ

115 593 413 666 ὑποχειρίους
432 592 612 654 αὐτοῖς
631 591 970 662 γενομένους,
988 589 1121 644 ἀλλά
1152 592 1212 644 σὲ
1231 591 1321 644 τὸν
1341 590 1472 644 Θεὸν
1498 593 1524 662 ή
1535 589 1650 660 μῶν

112 686 408 751 δνειδίξουσι·
444 682 536 738 καὶ
569 683 698 747 λαδς
716 683 903 754 ἄφρων
927 683 955 736 ι
992 682 1051 736 σὲ
1078 683 1168 736 τὸν
1202 682 1334 738 Θεὸν
1368 683 1442 755 μὴ
1471 681 1646 747 ειδὼς.

111 782 186 838 ἐπὶ
204 778 403 848 δαίμοσι
432 775 488 830 δὲ
520 777 616 829 καὶ
661 775 906 846 πολυθέῳ
929 773 1104 847 πλάνῃ
1143 773 1515 845 καυχώμενος,
1553 774 1651 845 οὐχ

109 875 248 947 ἡμᾶς,
279 868 405 924 ἀλλά
437 867 496 922 σὲ
543 869 722 923 καὶτὸ
745 868 836 922 σὸν
864 868 1036 940 ὄνομα
1074 867 1426 940 παρώξυνεν·
1462 861 1523 922 οὗ
1551 867 1650 938 χά-

110 981 180 1037 ριν
224 957 438 1030 δεόμεθα
473 959 565 1012 καὶ
604 955 987 1028 ἀντιϐολοῦμεν
1008 997 1024 1022 ,
1071 957 1144 1029 μὴ
1188 956 1434 1021 ἐκδότους
1470 973 1651 1029 παρα-

104 1055 256 1110 δοῦναι
277 1054 386 1115 τοῖς
411 1051 642 1123 ἀπηνέσι
668 1050 830 1123 θηρσὶ
852 1052 950 1114 τὰς
973 1050 1151 1121 ψυχὰς
1175 1049 1284 1104 τῶν
1309 1051 1654 1120 ἐξομολογου-

107 1148 254 1220 μένων
294 1162 390 1207 σοι,
428 1143 562 1215 μηδὲ
609 1143 778 1215 λήθην
823 1142 1148 1214 ποιήσασθαι
1175 1145 1254 1206 εἰς
1283 1142 1344 1195 τὸ
1369 1142 1649 1206 παντελὲς,

106 1237 167 1308 μὴ
194 1233 312 1305 βορὰ
329 1231 612 1304 γενώμεθα
636 1230 840 1302 Θηρίων
865 1229 1044 1302 ψυχὰς
1074 1229 1273 1282 ἐσθιειν
1295 1229 1614 1297 πεφυκότων
1635 1244 1648 1260 ·

102 1327 256 1382 ὁποῖαί
296 1326 428 1378 εἰσιν
472 1324 530 1378 αἱ
574 1321 943 1394 ἀντικείμεναι
989 1321 1264 1392 δυνάμεις,
1300 1322 1355 1372 αι
1397 1318 1508 1372 τῶν
1557 1318 1653 1387 ψυ-

103 1418 192 1490 χῶν
231 1416 330 1470 τῶν
375 1414 730 1486 ἀνθρωπίνων
774 1411 1048 1467 ἐπίϐουλοι
1105 1429 1165 1464 τε
1227 1411 1321 1464 καὶ
1366 1409 1648 1481 πολέμιοι·

101 1508 214 1563 ἀλλά
232 1506 330 1577 γάρ
358 1506 688 1573 ἐπιϐλεψον
708 1507 795 1570 εις
809 1503 924 1571 τὴν
938 1502 1374 1570 διαθήκηνσου,
1395 1502 1490 1557 καὶ
1519 1503 1653 1573 μνή-

101 1599 230 1668 σθητι
264 1597 360 1667 τῆς
398 1595 673 1668 συνθήκης
705 1612 820 1662 σου,
860 1595 928 1648 δι’
955 1592 1022 1668 ἦς
1061 1594 1367 1666 ηὑδόκησας
1402 1594 1571 1648 σῶσαι
1592 1595 1652 1648 τὸ

97 1690 185 1743 τῶν
205 1687 495 1759 ἀνθρώπων
518 1688 694 1755 γένος,
725 1685 916 1758 καινὴν
952 1685 1212 1756 διαθήκην
1236 1686 1416 1749 αὐτοῖς
1439 1685 1528 1738 διὰ
1555 1685 1648 1739 τοῦ

1751 499 1967 555 bellatis
2014 499 2229 568 slbique
2263 497 2548 568 subjectis,
2579 495 2674 552 sed
2711 498 2809 562 tibi
2842 498 2955 554 Deo
2996 506 3188 555 nostro
3218 497 3320 550 im—

1749 597 2043 660 properant
2071 609 2084 644 :
2113 597 2167 644 et
2189 588 2424 659 papulus
2455 588 2741 659 insipiens,
2767 589 2859 659 qui
2888 596 2942 644 te
2969 586 3138 642 Deum
3174 586 3321 656 igno-

1751 691 1856 746 rat,
1889 681 2333 751 daemonibusque
2381 694 2446 736 ac
2485 681 2779 735 multorum
2821 679 3106 739 numinum
3133 691 3322 733 errore

1749 773 2034 845 gloriatur,
2055 788 2164 828 non
2199 787 2319 838 nos,
2347 771 2444 827 sed
2471 779 2524 827 te
2553 779 2608 828 et
2636 786 2836 826 nomen
2861 778 3013 826 tuum
3049 768 3318 834 incitavit;

1750 866 1873 938 ideo
1902 865 2274 934 supplicamus
2301 873 2356 918 et
2389 878 2649 934 rogamus
2669 903 2684 928 ,
2719 877 2790 917 ne
2824 862 3035 916 animas
3063 861 3323 916 conﬁten-

1753 960 1885 1010 tium
1911 957 2012 1010 tibi
2046 956 2382 1010 immanibus
2418 955 2552 1010 i'eris
2581 953 2867 1010 dedititias
2903 952 3110 1017 tradas,
3147 967 3323 1022 neque

1751 1063 1852 1103 nos
1889 1049 1942 1101 in
1969 1056 2287 1118 perpetuum
2311 1046 2676 1109 obliviscaris,
2704 1061 2774 1101 ne
2799 1046 3095 1101 bestiarum
3113 1045 3325 1098 animas

1749 1139 2016 1194 devorare
2078 1140 2364 1193 solitarum
2415 1154 2542 1194 esca
2587 1138 2884 1193 evadamus
2917 1156 2930 1190 :
2960 1136 3150 1206 quales
3195 1144 3325 1190 sunt

1751 1227 2075 1282 adversariae
2109 1234 2408 1296 potestates
2431 1266 2444 1292 ,
2478 1243 2598 1298 quae
2633 1227 2890 1282 humanis
2920 1225 3210 1280 animabus
3241 1225 3326 1278 in-

1751 1320 2023 1377 sidiantur
2069 1334 2132 1374 ac
2167 1320 2367 1376 bellum
2401 1320 2644 1375 inferunt
2678 1320 2811 1376 :sed
2855 1321 3054 1389 respice
3081 1319 3134 1372 in
3160 1327 3326 1372 testa-

1751 1420 1983 1464 mentum
2017 1419 2184 1472 tuum,
2216 1417 2270 1465 et
2305 1426 2516 1466 memor
2547 1420 2666 1465 esto
2690 1411 2835 1480 pacti
2864 1411 2972 1476 tui,
2999 1425 3107 1478 quo
3137 1409 3329 1462 huma-

1751 1519 1880 1557 num
1914 1519 2087 1572 genus
2120 1504 2328 1560 salvum
2365 1504 2543 1558 facere
2573 1504 2672 1558 tibi
2695 1504 3049 1573 complacuit,
3073 1517 3196 1556 cum
3223 1515 3325 1555 no-

1749 1608 1877 1647 vum
1907 1593 2042 1663 ipsis
2087 1601 2471 1649 testamentum
2520 1610 2616 1664 per
2644 1594 2918 1649 Christum
2953 1602 3106 1647 tuum
3130 1591 3330 1661 elargi-

1749 1693 1839 1742 tus
1871 1700 1951 1740 es.
1971 1685 2198 1740 Etiamsi
2228 1687 2372 1740 enim
2395 1687 2613 1756 quidam
2642 1694 2790 1751 sunt,
2815 1692 2996 1740 mente
3024 1685 3325 1747 obscurati,
3351 1712 3353 1716 -

96 1779 299 1852 Χριστοῦ
336 1795 429 1832 σου
474 1778 865 1850 δεδωρημένος.
908 1778 970 1830 Ei
1017 1775 1127 1848 γὰρ
1168 1779 1263 1830 καὶ
1303 1777 1373 1830 τὰ
1419 1777 1587 1848 μάλισ

1835 1778 1842 1831 i
1888 1777 2044 1832 domo
2083 1779 2425 1848 iniquitatum
2469 1779 2661 1849 repleti
2717 1787 2874 1842 sunt,
2905 1793 3008 1834 nec
3045 1777 3326 1832 Christum

96 1871 318 1940 γεγόνασί
354 1889 502 1935 τινες
543 1871 914 1944 ὲσκοτισμένοι
955 1872 1054 1943 τὴν
1096 1871 1336 1924 διάνοιαν
1380 1872 1475 1924 καὶ
1507 1871 1651 1937 οἷκῳ

93 1963 320 2035 ἀνομιῶν
344 1964 784 2036 πεπληρωμένοι,
829 1964 903 2036 μὴ
926 1963 1359 2035 παραδεξάμενοι
1393 1963 1486 2016 τὸν
1515 1963 1649 2031 Χρι-

95 2055 198 2107 στόν
237 2071 344 2118 σου,
385 2054 525 2107 ἀλλὰ
571 2055 634 2108 σὺ
670 2053 745 2117 ὡς
790 2053 1170 2126 φιλάνθρωπος
1216 2053 1347 2116 Θεὸς
1384 2051 1492 2106 τῶν
1543 2051 1652 2105 σῶν

91 2145 293 2214 πτωχῶν
333 2145 407 2216 μὴ
449 2147 803 2217 ἀποστραφῇς
835 2147 936 2210 τάς
977 2145 1276 2219 ἱκετηρίας.
1309 2144 1468 2208 Τίνες
1499 2144 1544 2196 δ’
1585 2144 1652 2198 ἂν

90 2231 182 2289 εἷεν
209 2237 254 2289 οἱ
285 2237 493 2306 πτωχοὶ
513 2238 563 2290 ot
609 2236 779 2290 ταῦτα
827 2239 967 2310 ὑπὲρ
1007 2238 1208 2302 παντὸς
1246 2237 1527 2308 εὐχόμενοι
1556 2233 1650 2288 τοῦ

89 2325 217 2389 λαοῦ,
241 2326 351 2380 ἀλλ’
378 2327 432 2380 οἱ
459 2327 552 2380 τοῦ
577 2327 830 2399 Σωτῆρος
858 2329 1014 2400 ήμῶν
1039 2329 1277 2400 μαθηταὶ
1305 2330 1398 2381 καὶ
1423 2327 1654 2380 ἀπόστο-

89 2416 156 2470 λοι
206 2419 333 2490 πρὸς
381 2418 480 2482 οὒς
531 2419 784 2488 ἐλέγετο·
836 2419 1126 2488 Μακάριοι
1186 2423 1240 2474 οἱ
1297 2418 1518 2489 πτωχοὶ
1572 2417 1654 2482 τῷ

89 2511 370 2579 πνεύματι,
403 2510 495 2564 ὅτι
533 2503 786 2581 ὑμετέρα
815 2512 986 2566 ἐστὶν
1019 2512 1373 2580 ἡ·βασι.1ε[α
1408 2509 1526 2564 τῶν
1549 2512 1651 2564 οὺ-

85 2599 292 2669 ρανῶν;
311 2603 537 2667 Τούτοις
561 2603 667 2676 γὰρ
690 2603 786 2657 xui.
815 2603 1044 2667 Ἡσαΐας
1072 2602 1368 2675 ἐμαρτύρει
1395 2603 1459 2656 ἐκ
1488 2617 1654 2671 προσ-

89 2697 217 2750 ώπου
243 2697 417 2766 λέγων
457 2697 552 2752 τοῦ
592 2697 855 2770 Χριστοῦ·
891 2697 1132 2768 Πνεῦμα
1161 2700 1379 2766 Κυρίου
1412 2697 1502 2749 ἐπ’
1529 2695 1651 2764 ἐμὲ,

89 2787 150 2846 οὗ
185 2791 410 2845 εἵνεκεν
458 2790 665 2861 ἐχρισέ
715 2807 811 2861 με,
851 2792 1356 2860 εὐαγγελίσασθαι
1400 2787 1655 2856 πτωχοῖς

87 2883 404 2938 ἀπέσταλκέ
432 2901 528 2954 με.
567 2878 722 2937 υῦτοι
758 2883 906 2952 γοῦν.
937 2883 1304 2954 ὐπερηύχοντο
1332 2880 1423 2934 τοῦ
1455 2880 1654 2942 παντὸς

85 2972 216 3036 λαοῦ,
253 2974 536 3045 μονονουχὶ
569 2975 837 3045 φήσαντες
865 2973 932 3028 ἂν
963 2975 1012 3027 οἱ
1042 2974 1242 3037 πάντες
1273 2973 1425 3027 αὐτοὶ
1456 2972 1655 3042 ὁμοίως

84 3063 259 3137 Παύλῳ
282 3067 343 3120 τό
363 3083 377 3097 ·
401 3067 697 3136 Ηὺχόμην
717 3066 982 3136 ἀνάθεμα
1004 3063 1158 3120 εἶναι
1185 3065 1336 3134 ὑπὲρ
1353 3065 1471 3118 τῶν
1489 3064 1656 3118 ἀδελ-

1748 1881 1900 1925 tuum
1935 1871 2239 1941 recipiunt;
2273 1878 2326 1923 at
2355 1877 2410 1923 tu
2435 1879 2622 1940 utpote
2653 1869 2796 1925 Deus
2819 1871 3064 1925 clemens
3087 1869 3354 1931 homini-;

1748 1962 1874 2024 bus,
1898 1976 2198 2032 pauperum
2224 1970 2443 2016 tuorum
2472 1962 2901 2032 supplicationes
2928 1977 2997 2016 ne
3034 1961 3327 2016 averseris.

1751 2053 1984 2121 Quinam
2023 2068 2152 2109 vero
2194 2068 2466 2124 pauperes
2501 2061 2651 2117 sunt,
2686 2055 2778 2123 qui
2809 2068 2909 2122 pro
2949 2053 3208 2107 universo
3240 2065 3330 2122 po-

1751 2145 1880 2215 pulo
1896 2145 2027 2198 talia
2052 2150 2369 2214 precantur,
2397 2143 2776 2213 nisidiscipuli
2810 2142 3121 2198 Servatoris
3151 2140 3328 2198 nostri

1751 2243 1805 2292 et
1843 2236 2096 2306 apostoli,
2126 2235 2327 2304 quibus
2356 2236 2640 2296 dicebatur
2671 2255 2684 2290 :
2719 2235 2872 2290 Beati
2902 2252 3156 2307 pauperes
3177 2236 3330 2304 κρῆ-ί.

1751 2334 1829 2390 ιιι,
1859 2326 2108 2396 quoniam
2138 2335 2368 2380 uestrum
2417 2335 2495 2380 est
2540 2341 2759 2395 regnum
2810 2329 3059 2380 caelorum
3088 2327 3131 2360 "
3153 2326 3176 2380 ?
3201 2325 3330 2380 Haec

1751 2419 1899 2473 enim
1934 2417 2104 2472 Isaias
2142 2433 2209 2472 ex
2241 2432 2477 2488 persona
2506 2416 2712 2472 Christi
2736 2418 3136 2473 tcstiﬁcabatur
3167 2436 3181 2472 :
3215 2416 3332 2484 Spi-

1751 2513 1888 2566 ritus
1912 2509 2128 2565 Domini
2154 2525 2308 2579 super
2323 2527 2425 2575 me,
2443 2526 2502 2563 eo
2521 2508 2658 2580 quod
2688 2512 2899 2564 unxerit
2928 2523 3043 2570 me;
3070 2509 3332 2579 evangeli-

1753 2618 1876 2656 χαι-ε
1903 2600 2220 2670 pauperibus
2257 2601 2401 2654 misit
2429 2616 2511 2653 me
2530 2599 2596 2654 ’⁸.
2625 2598 2690 2653 Hi
2718 2600 2904 2670 itaque
2941 2614 3041 2671 pro
3072 2599 3334 2654 universo

1752 2696 1954 2766 populo
1984 2693 2374 2764 precabantur,
2408 2692 2549 2747 idem
2586 2692 2698 2746 fere
2737 2682 2982 2747 dieentes
3011 2691 3158 2762 quod
3189 2690 3355 2745 Pan...

1754 2790 1885 2842 lus:
1938 2785 2198 2854 Optabam
2237 2784 2516 2839 anathema
2558 2799 2670 2837 esse
2719 2798 2814 2852 pro
2871 2782 3127 2852 fratribus
3179 2783 3331 2846 meis,

1754 2879 1992 2950 cognatis
2015 2878 2141 2932 meis
2160 2875 2443 2931 secundum
2473 2891 2705 2939 carnem,
2725 2877 2814 2945 qui
2839 2884 2960 2928 sunt
2982 2873 3247 2928 Israelita:
3261 2875 3328 2925 ³⁸.

1754 2970 1864 3040 Ipsi
1888 2985 2107 3040 quoque
2133 2968 2411 3039 propheta:
2446 2968 2564 3030 Dei,
2598 2968 2690 3037 qui
2722 2975 2945 3037 propter
2983 2966 3164 3036 ipsum
3202 2980 3337 3036 pau-

1755 3077 1912 3132 peres
1941 3067 2119 3120 erant,
2157 3059 2269 3114 hmc
2309 3075 2408 3129 pro
2439 3066 2554 3112 tota
2581 3065 2742 3128 gente
2773 3057 3162 3128 precabantur.

83 3158 194 3228 ςοῶν
215 3179 350 3231 μου,
380 3160 505 3215 τῶν
537 3161 847 3230 συγγενῶν
860 3179 980 3232 μου
1037 3160 1186 3215 κατὰ
1247 3160 1461 3229 σάρκα,
1489 3159 1705 3224 οἵτινές
1740 3160 1900 3212 εἰσιν
1949 3155 2331 3224 Ἰσραηλῖται.
2373 3154 2483 3207 Καὶ
2531 3154 2684 3208 αὐτοὶ
2731 3152 2789 3206 δὲ
2838 3155 2888 3206 oi
2926 3153 3202 3224 προφῆται
3237 3152 3333 3206 τοῦ

83 3251 220 3317 Θεοῦ,
249 3253 312 3306 δι’
344 3254 513 3309 αὐτὸν
541 3254 930 3326 πτωχεύοντες,
972 3254 1124 3308 ταῦθ’
1150 3255 1288 3326 ὑπὲρ
1317 3253 1410 3307 τοῦ
1449 3254 1648 3316 παντὸς
1686 3252 2034 3305 καθικέτευον
2059 3249 2262 3312 ἔθνους.

157 3345 442 3413 Ἀνάστα,
497 3351 530 3402 ό
590 3349 757 3415 Θεὸς,
809 3348 1066 3403 δίκασον
1119 3347 1234 3416 τὴν
1282 3347 1461 3417 δίκην
1515 3363 1648 3412 σου,

1840 3343 1996 3399 Vsus.
2020 3343 2203 3397 22-23.
2247 3341 2507 3412 Exsurge,
2536 3341 2698 3404 Deus,
2710 3339 2898 3410 judico
2923 3353 3141 3392 causam
3166 3346 3331 3404 tuam,

80 3437 361 3507 μνήσθητι
386 3438 514 3494 τῶν
541 3439 898 3510 ὀνειδισμῶν
926 3455 1063 3505 σου,
1097 3440 1212 3496 τῶν
1239 3439 1357 3494 ὑπὸ
1392 3439 1654 3508 ἄφρονος

85 3530 223 3598 ὅλην
256 3529 373 3599 τὴν
414 3529 666 3600 ἡμέραν.
700 3531 797 3600 Μὴ
839 3531 1094 3599 ἐπιλάϐῃ
1141 3531 1252 3599 τῆς
1298 3528 1504 3598 φωνῆς
1539 3527 1658 3580 τῶν

80 3619 291 3690 ἐχθρῶν
329 3639 452 3677 σου
477 3662 492 3687 ,
534 3623 572 3690 ἡ
630 3623 1011 3691 ὑπερηφανία
1059 3620 1178 3673 τῶν
1211 3620 1555 3690 μισούντων
1583 3632 1657 3671 σε

83 3711 248 3782 ἀνέϐη
296 3714 652 3780 διαπαντός.
714 3713 932 3785 Ἐπειδὴ
971 3713 1071 3784 οὐχ
1132 3713 1292 3783 ἡμεῖς
1352 3708 1657 3782 ἠδικήμεθα

83 3802 204 3856 ἀλλὰ
235 3805 298 3859 σύ
319 3823 333 3836 ·
365 3807 430 3859 σὲ
458 3805 568 3878 γὰρ
591 3805 868 3859 ὠνείδισεν
892 3808 920 3859 6
944 3805 1156 3877 ἐχθρὸς,
1185 3805 1280 3858 καὶ
1306 3803 1432 3866 λαὸς
1465 3805 1657 3874 ἄφρων

81 3895 136 3948 τὸ
169 3897 256 3952 σὸν
297 3897 474 3968 ὄνομα
514 3897 832 3969 παρώξυνε·
886 3896 1077 3950 τούτου
1114 3897 1271 3968 χάριν
1310 3893 1592 3964 ἀνάστηθι,
1629 3895 1658 3946 6

81 3985 220 4052 Θεὸς,
252 3991 346 4044 καὶ
378 3991 605 4045 δίκασον
632 3989 729 4061 τὴν
767 3989 923 4060 δίκην
957 4006 1071 4042 σου.
1118 3988 1276 4041 Κατὰ
1303 3987 1359 4040 δὲ
1389 3985 1481 4040 τὸν
1508 3980 1656 4056 Σύρτ-

85 4095 274 4150 μαχον·
319 4081 524 4150 Στῆθι,
557 4086 590 4136 ὀ
638 4081 817 4148 Θεὸς,
861 4081 1256 4151 προμάχησον
1303 4078 1413 4147 τῆς
1456 4076 1658 4148 μάχης

79 4188 205 4235 σου,
246 4175 348 4229 καὶ
398 4176 835 4245 μνημόνευσον
889 4173 996 4228 τοῦ
1048 4172 1320 4237 ὀνείδους
1349 4187 1464 4225 σου
1497 4169 1659 4238 παρὰ

80 4261 331 4333 ἄφρονος
359 4267 468 4321 τοῦ
492 4266 590 4321 διὰ
615 4267 818 4335 πάσης
851 4266 1096 4336 ἡμέρας.
1130 4267 1188 4317 Μ
1195 4264 1226 4332 ὴ
1261 4261 1516 4330 ἐπιλάϐῃ
1549 4259 1660 4329 τῆς

78 4357 273 4427 φωνῆς
300 4361 424 4414 τῶν
443 4361 746 4429 πολεμίων
763 4374 902 4421 σου,
926 4357 1119 4426 ἤγουν
1135 4356 1212 4429 (1)
1231 4355 1347 4409 τῶν
1365 4355 1660 4422 ἀνθεστη-

81 4450 263 4502 κότων
291 4467 419 4515 σοι,
448 4451 662 4521 μέχρις
691 4445 762 4515 οὗ
787 4449 1216 4514 ἀναϐαίνοντος
1235 4443 1661 4511 ἀδιαλείπτως;

80 4538 179 4592 Καί
208 4542 375 4612 μέχρι
395 4542 595 4596 τούτων
612 4542 826 4595 ἵσταται
841 4542 869 4593 ὁ
885 4541 1041 4609 λόγος
1063 4538 1397 4611 παρακαλῶν
1419 4537 1510 4591 τὸν
1529 4538 1661 4590 Θεὸν

79 4627 425 4703 διαναστῆναι
453 4634 547 4687 καὶ
578 4635 792 4688 δικάσαι
819 4633 918 4703 τὴν
952 4631 1107 4702 δίκην
1138 4629 1325 4692 αὐτοῦ,
1357 4629 1660 4701 μνησθῆναί

1758 3451 1954 3490 memor
1982 3444 2093 3488 esto
2118 3431 2516 3502 opprobriorum
2546 3439 2777 3494 tuorum,
2807 3443 2989 3482 eorum
3018 3441 3135 3496 qua:
3159 3424 3225 3478 ab
3251 3425 3336 3478 in-

1757 3528 1977 3596 sipiente
2006 3535 2128 3579 sunt
2159 3534 2273 3578 tota
2298 3524 2403 3578 die.
2441 3521 2523 3576 Ne
2555 3521 3060 3576 obliviscarisvoces
3091 3518 3340 3572 inimico--

1759 3637 1876 3672 rum
1909 3628 2142 3681 tuorum,
2176 3616 2424 3685 superbia
2445 3633 2624 3670 eorum
2655 3617 2746 3686 qui
2777 3625 2826 3668 te
2855 3613 3077 3667 oderunt
3101 3610 3337 3664 ascendit

1755 3727 1977 3780 semper.
2011 3710 2150 3776 Quia
2202 3725 2312 3764 non
2367 3725 2468 3764 nos
2525 3707 2724 3778 injuria
2773 3705 2952 3760 affecti
3000 3716 3213 3764 sumus,
3238 3700 3337 3755 sed

1758 3811 1816 3858 tu
1846 3821 1859 3857 :
1894 3818 2018 3857 nam
2044 3803 2144 3857 tibi
2181 3802 2440 3856 inimicus
2469 3797 2880 3869 improperavit,
2908 3803 2962 3850 et
2993 3794 3228 3865 p0pulus
3254 3793 3340 3847 in-

1759 3897 1966 3966 sipiens
2005 3893 2254 3948 incitavit
2286 3907 2483 3947 nomen
2518 3899 2707 3956 tuum;
2738 3888 2862 3943 ideo
2894 3899 3150 3954 exsurge,
3169 3882 3334 3947 Deus,
3425 3918 3429 3921 ς

1757 3996 1812 4044 et
1861 3986 2050 4057 judica
2099 3999 2325 4040 causam
2377 3993 2548 4038 tuam.
2584 3980 2898 4036 Secundum
2949 3974 3366 4048 Symmachum.

1759 4087 1939 4134 autem
1979 4098 1991 4133 :
2031 4077 2152 4139 Sta,
2185 4077 2349 4140 Deus,
2381 4090 2649 4144 propugna
2681 4079 2943 4125 certamen
2973 4079 3144 4132 tuum,
3173 4076 3224 4122 et
3257 4083 3341 4121 re-

1759 4169 1980 4223 cordare
2010 4167 2276 4237 opprobrii
2309 4166 2385 4220 tui
2423 4164 2488 4218 ab
2524 4160 2801 4232 insipiente
2830 4177 2922 4230 per
2969 4167 3135 4214 totam
3179 4159 3336 4212 diem.

1762 4259 1845 4314 Ne
1879 4259 2211 4314 obliviscaris
2244 4273 2388 4311 voces
2420 4257 2755 4308 inimicorum
2783 4263 3016 4317 tuorum,
3047 4251 3102 4304 id
3129 4260 3227 4314 est,
3254 4267 3342 4305 eo-

1761 4369 1879 4406 rum
1909 4351 1998 4421 qui
2035 4349 2132 4403 tibi
2179 4348 2462 4402 obsistunt.
2501 4345 2778 4416 Usquequo
2813 4341 3095 4398 ascendent
3141 4339 3342 4394 indesi-

1761 4442 1982 4496 nenter?
2016 4439 2082 4491 Et
2111 4439 2219 4492 huc
2253 4436 2455 4492 desinit
2484 4451 2689 4500 sermo,
2715 4434 2887 4489 Deum
2918 4446 3123 4502 rogans
3155 4437 3215 4484 ut
3241 4446 3342 4484 ex-

1763 4541 1950 4602 surgat
1995 4539 2048 4585 et
2086 4529 2296 4599 judicct
2339 4543 2564 4584 causam
2601 4541 2755 4582 suam
2787 4525 3216 4591 recordeturque
3245 4535 3342 4589 op-

1762 4623 1968 4694 probrii
2002 4623 2069 4675 ab
2098 4620 2488 4691 insipientibus
2515 4619 2673 4683 illati,
2712 4631 2889 4687 neque
2919 4614 3182 4669 oblivioni
3227 4621 3341 4664 tra-

81 4736 134 4772 τε
166 4720 260 4775 τοῦ
290 4723 599 4796 ὀνειδισμοῦ
647 4723 753 4779 τῶν
787 4711 1071 4795 ἀφρόνων,
1112 4723 1245 4794 μηδὲ
1295 4721 1433 4792 λήθῃ
1478 4737 1572 4791 παι

1851 4758 1853 4766 .
1881 4731 2042 4771 voces
2071 4715 2418 4769 inimicorum
2446 4729 2511 4768 ac
2534 4711 2842 4782 superbiam
2867 4722 3058 4763 eorum
3081 4705 3174 4776 qui
3199 4720 3342 4761 sem-

82 4811 260 4866 δοῦναι
287 4814 395 4878 τὰς
424 4816 605 4884 φωνὰς
631 4816 738 4870 τῶν
772 4815 982 4888 ἐχθρῶν
1016 4816 1110 4868 καὶ
1155 4815 1253 4878 τὰς
1283 4811 1660 4884 ὑπερηφανίας

80 4901 185 4956 τῶν
221 4903 517 4971 διαπαντὸς
565 4906 959 4980 ἐπαιρομένων.
1016 4907 1090 4960 Οὐ
1150 4907 1257 4978 μὴν
1299 4907 1660 4974 ὲπισυνῆπται

82 4993 288 5060 τούτοις
320 4997 452 5069 ἑξῆς
481 5000 818 5072 χρηστοτέρα
841 5017 925 5063 τις
954 4999 1265 5071 ἀπόκρισις,
1294 4997 1413 5050 οὐδὲ
1440 4995 1661 5065 ἀγαθῶν

83 5087 392 5157 ἐπαγγελία
447 5096 557 5156 τοῖς
601 5091 905 5162 δεηθεῖσιν,
955 5093 1092 5163 ὅπερ
1130 5091 1277 5145 ἔστιν
1325 5091 1410 5159 ἐφ’
1461 5089 1660 5160 ἐτέρων

1763 4825 1861 4881 per
1891 4809 2250 4864 extolluntur.
2289 4807 2472 4877 Neque
2499 4814 2681 4859 tamen
2735 4802 2821 4856 his
2874 4801 3019 4856 bona
3057 4798 3343 4868 responsio

1764 4898 2041 4969 adjicitur,
2065 4913 2241 4968 neque
2269 4897 2573 4952 orationem
2603 4895 2871 4949 bonorum
2897 4891 3190 4961 promissio
3216 4902 3348 4942 con-

1764 4990 2028 5060 sequitur,
2055 4990 2200 5059 quod
2229 4990 2351 5045 aliis
2382 4989 2436 5043 in
2463 4985 2690 5056 psalmis
2719 4984 2959 5054 reperire
2985 4989 3090 5038 est.
3115 4980 3242 5036 Ideo
3273 4980 3344 5034 ab

1763 5084 1990 5140 exordio
2024 5084 2382 5153 abjectionem
2414 5087 2727 5150 perpetuam
2762 5074 3077 5130 memoratis
3111 5071 3345 5126 homini-

83 5173 281 5249 εὑρεῖν.
313 5182 515 5255 Διόπερ
546 5184 847 5256 ἀρχόμενος
874 5185 902 5237 6
928 5183 1082 5252 λόγος
1107 5181 1368 5252 ἀπωσμὸν
1405 5182 1485 5245 εἰς
1512 5180 1571 5233 τέ

1850 5191 1874 5231 s
1906 5173 2334 5236 vaticinabatur,
2369 5178 2424 5226 et
2458 5170 2512 5224 in
2549 5176 2662 5224 toto
2680 5167 2898 5236 psalmo
2922 5164 3161 5218 tristium
3200 5177 3341 5233 prae-

84 5268 344 5326 ὲθέσπισε
370 5277 482 5338 τοῖς
509 5275 874 5347 δηλουμένοις,
904 5276 996 5328 καὶ
1024 5275 1093 5327 δι’
1117 5274 1238 5327 ὅλου
1259 5274 1340 5336 τὸ,
1361 5274 1446 5338 εὶς
1467 5271 1661 5337 τέλος,

1771 5269 1999 5324 dictioni
2049 5268 2205 5334 illud,
2240 5268 2295 5321 in
2349 5267 2524 5334 ﬁnem,
2572 5261 2835 5318 subdidit.
2872 5259 3010 5313 llinc
3058 5255 3346 5312 occasione

87 5361 260 5432 ἐπῆγε
289 5366 364 5436 τῇ
397 5365 502 5420 τῶν
544 5364 882 5438 σκυθρωπῶν
913 5366 1236 5438 προρρήσει.
1263 5363 1453 5418 Ἔνθεν
1486 5365 1578 5435 ὁρρ

1850 5373 1927 5432 pta
1965 5361 2185 5416 divinus
2211 5359 2526 5430 Apostolus,
2562 5357 2629 5412 de
2658 5352 2854 5409 iisdem
2889 5349 3141 5407 scribens
3165 5348 3341 5406 dixit:

91 5469 252 5521 μενος
296 5455 401 5509 καὶ
435 5459 462 5510 6
503 5458 644 5522 θεῖος
688 5458 1028 5520 Ἀπόστολος,
1070 5456 1296 5527 γράφων
1337 5455 1464 5526 περὶ
1490 5455 1582 5507 αὐτ

1413 5455 1464 5526 pl.
1490 5453 1668 5507 αὐτῶν
1776 5453 2022 5508 Pervenit
2043 5461 2220 5505 autem
2253 5449 2322 5503 ad
2353 5466 2440 5504 eos
2465 5451 2550 5503 ira
2584 5447 2821 5517 iit-ﬁnem
2837 5445 2901 5501 π.

90 5548 243 5619 iter:
281 5553 346 5604 τὸ
373 5594 390 5618 ,
431 5554 696 5623 Ἕςρθασε
730 5554 797 5608 δὲ
825 5557 910 5620 εἰς
948 5553 1170 5619 αὐτοὺς
1204 5553 1243 5619 ή
1275 5551 1420 5621 ὀργὴ
1449 5553 1538 5616 εἰς
1553 5548 1756 5614 τέλος.

159 5660 204 5691 ’⁷
250 5658 448 5719 Matth.
481 5679 545 5726 ν,
578 5665 632 5718 5.

163 5753 243 5819 (1)
287 5751 454 5807 Forte
479 5755 632 5824 ῆχου.

708 5663 753 5695 ⁸⁸
795 5660 900 5720 lsa.
939 5679 1064 5730 ut,
1101 5663 1152 5718 1.
1227 5663 1272 5694 ³⁸
1313 5659 1470 5716 Rom.
1505 5676 1592 5727 Ix,
1623 5658 1678 5722 3,
1712 5657 1765 5714 4.
1844 5659 1888 5691 ⁸⁰
1929 5660 1947 5714 l
1984 5657 2175 5721 Thess.

939 5679 1064 5730 ut,
1101 5663 1152 5718 1.
1227 5663 1272 5694 ³⁸
1313 5659 1470 5716 Rom.
1505 5676 1592 5727 Ix,
1623 5658 1678 5722 3,
1712 5657 1765 5714 4.
1844 5659 1888 5691 ⁸⁰
1929 5660 1947 5714 l
1984 5657 2175 5721 Thess.
2215 5674 2292 5725 ιι,
2334 5659 2420 5714 16.
