3776 6284
457 282 564 340 807

545 395 600 453 ί.
633 393 700 452 ΙΝ
740 393 970 462 FINEM,
1011 394 1102 450 NE
1139 395 1586 462 COR‘RUMPAS,
1625 394 1950 452 PSALMUS

989 466 1236 520 ASAPH.
1279 465 1512 522 LXXIV.

1133 279 1401 338 EUSEBII
1439 279 1914 338 CESARIENSIS
1949 278 2098 336 OPP.
2147 279 2326 337 PARS
2364 283 2450 340 III.
2490 317 2558 327 —
2595 284 3000 343 EXEGETICA.

3535 306 3607 362 868

2146 397 2252 450 Et}:
2291 397 2380 453 το
2413 400 2651 465 ΤΕΑΟΣ,
2693 402 3248 526 ΜιέΣιῖἕφὲξμΡῌΣ,
3285 406 3525 465 “mox
3551 419 3609 490 τᾳ

527 576 694 635 Vnus.
722 580 778 634 '2.
818 578 1200 648 Conﬁtebimur
1263 580 1379 644 tibi,
1437 579 1603 646 Deus,
1661 579 2018 648 conﬁtebimur

2217 579 2805 653 Ἑξομολογησόμεθά
2829 601 2928 639 σοι
2947 625 2963 650 ,
2995 588 3029 640 ὀ
3057 586 3198 652 Θεὸς
3214 628 3230 652 ,
3255 587 3611 664 ἐξομολογησόο

457 671 575 735 tibi,
609 682 658 725 et
704 673 1058 727 invocabimus
1089 690 1275 728 nomen
1320 686 1487 728 tuum.
1519 673 1626 729 Pro
1660 674 1751 728 illo
1789 691 1800 726 :
1839 671 1904 725 In
1960 671 2027 741 ﬁ-

455 780 593 830 nem,
626 781 688 818 ne
719 781 1050 835 corrumpas,
1082 765 1442 837 Symmachus
1468 766 1548 820 sic
1582 766 1974 835 interpretatur
2007 781 2022 818 :

456 855 815 923 Triumphalis
856 859 919 912 de
949 858 1342 929 incorruptione
1373 857 1611 928 psalmus
1647 857 1863 927 Asaphi.
1898 855 2026 910 Ser-

451 961 545 1002 mo
577 947 742 1019 igitur
772 957 858 1004 est
893 951 960 1005 de
991 950 1418 1021 incorruptione,
1448 964 1568 1018 quae
1587 948 1752 1018 justis
1773 948 2024 1003 recondi-

451 1049 562 1106 tur,
588 1041 790 1112 quibus
815 1042 979 1098 etiam
1011 1043 1254 1098 victoria:
1281 1041 1501 1112 praamia
1531 1056 1632 1096 ceu
1663 1041 1716 1095 in
1751 1040 2026 1096 thesauris

448 1133 693 1202 reposita
725 1141 874 1190 sunt.
911 1135 1270 1201 Quamobrem
1304 1133 1646 1203 triumphalis
1686 1133 1866 1187 dictus
1897 1141 2022 1188 est:

449 1238 552 1278 nos
579 1234 760 1277 autem
788 1226 1016 1280 remittit
1051 1225 1104 1278 in
1137 1225 1318 1290 finem,
1352 1224 1419 1278 de
1449 1239 1558 1294 quo
1583 1223 1877 1292 Apostolus
1909 1225 1984 1276 ait
2010 1242 2022 1276 :

452 1311 656 1369 Deinde
697 1316 842 1385 ﬁnis,
879 1333 999 1370 cum
1044 1315 1326 1370 tradiderit
1357 1332 1572 1386 regnum
1609 1313 1718 1369 Deo
1761 1323 1811 1369 et
1851 1313 2025 1377 Patri,

452 1422 572 1460 cum
599 1406 918 1460 destruxerit
940 1423 1144 1460 omnem
1172 1406 1526 1475 principatum
1557 1415 1608 1460 et
1634 1413 1945 1474 potestatem
1972 1414 2028 1458 et

452 1499 715 1551 uirtutem.
747 1497 961 1567 Oportet
1004 1500 1140 1552 enim
1190 1499 1340 1552 illum
1374 1514 1613 1567 regnare,
1657 1497 1821 1551 donec
1867 1504 2026 1562 ponat

2129 669 2282 739 μεθὰ
2307 685 2426 735 σοι,
2456 673 2555 748 καὶ
2577 675 3052 745 ἑπικαλεσόμεθα
3081 676 3147 729 τὸ
3169 677 3346 746 ὄνομα
3374 698 3489 736 σου.
3516 686 3615 740 ’Δντὶ

2131 763 2257 829 τοῦ,
2292 767 2397 831 Eli;
2426 764 2491 818 τὸ
2541 765 2736 832 τέλος,
2769 765 2855 836 μὴ
2901 766 3276 836 διαφθείρῃς,
3310 771 3336 822 6
3378 771 3614 847 Σύμμαχος,

2146 856 2462 925 Ἐπινὶκιος
2495 859 2629 928 περὶ
2677 860 3016 928 ἀφθαρσίας
3056 861 3294 931 ψαλμὸς
3333 865 3428 919 τοῦ
3472 869 3615 942 Ἀσάφ,

2134 949 2501 1019 ἡρμήνευσεν.
2545 950 2757 1004 Οὐκοῦν
2807 951 2936 1023 περὶ
2985 951 3288 1024 ἀφθαρσίας
3317 955 3343 1008 6
3394 956 3522 1026 λόγος
3553 967 3617 1033 τῆς

2133 1042 2244 1102 τοῖς
2270 1039 2499 1104 δικαίοις
2520 1041 2910 1114 ἀποκειμένης,
2935 1039 3016 1106 οἷς
3043 1045 3136 1097 καὶ
3162 1043 3228 1097 τὰ
3251 1048 3344 1116 τῆς
3373 1047 3504 1118 νίκης
3525 1051 3615 1104 bno-

2132 1123 2555 1204 τεθησαύρισται
2590 1133 2836 1206 βραδεῖα.
2883 1135 2974 1188 Διδ
3026 1136 3121 1190 καὶ
3159 1137 3407 1202 ὲπινίκιος
3435 1141 3614 1212 εἴρηται⁸

2134 1222 2451 1293 ἀναπέμπει
2490 1225 2546 1277 δὲ
2577 1226 2724 1295 ἡμᾶς
2752 1227 2846 1279 καὶ
2873 1228 2954 1290 είς
2989 1227 3050 1279 τὸ
3077 1228 3246 1292 τέλος,
3280 1232 3398 1302 περὶ
3433 1227 3487 1284 οἶ)
3507 1253 3618 1305 φησιν

2133 1313 2162 1364 6
2203 1313 2519 1377 ’Δπόστολος
2539 1331 2552 1344 ·
2587 1312 2734 1368 Εἶτα
2775 1315 2841 1369 τὸ
2889 1317 3092 1383 τέλος,
3124 1317 3267 1372 ὅταν
3308 1323 3514 1389 παραδῷ
3543 1324 3620 1393 τὴν

2127 1401 2456 1466 βασιλείαν
2483 1402 2562 1468 τῷ
2602 1404 2724 1470 Θεῷ
2753 1405 2850 1459 καὶ
2895 1408 3077 1476 Πατρὶ
3098 1450 3114 1474 ,
3157 1409 3298 1462 ὅταν
3349 1415 3617 1483 καταργήσῃ

2130 1493 2336 1548 πᾶσαν
2366 1497 2564 1565 ἀρχὴν
2597 1500 2693 1552 καὶ
2725 1498 2930 1554 πᾶσαν
2957 1502 3248 1566 ἐξουσίαν
3284 1505 3374 1557 καὶ
3411 1507 3615 1577 δύναμιν.

452 1605 630 1643 omnes
664 1591 901 1644 inimicos
934 1593 1029 1644 sub
1057 1590 1274 1659 pedibus
1312 1590 1446 1659 ejus.
1483 1589 1787 1644 Nouissima
1810 1589 1940 1643 inim

2129 1587 2226 1640 Δεῖ
2252 1589 2362 1658 γὰρ
2400 1590 2586 1644 αὐτὸν
2611 1629 2615 1632 -
2640 1592 3008 1660 βασιλεύειν,
3049 1595 3221 1664 ἄχρις
3247 1592 3316 1652 οὗ
3347 1596 3413 1666 θῇ
3453 1600 3618 1668 πάντας

451 1680 750 1735 destruetur
784 1698 924 1734 mors
944 1682 1012 1736 ³¹.
1047 1682 1104 1736 In
1135 1683 1239 1738 ﬁne
1270 1684 1487 1753 quippe,
1518 1689 1786 1766 quotquot
1835 1682 1890 1735 in
1923 1681 1942 1735 ι

2243 1699 2268 1744 ς
2307 1679 2556 1748 ἐχθροὺς
2587 1683 2707 1736 ὑπὸ
2754 1683 2895 1749 τοὺς
2932 1683 3124 1751 πόδας
3169 1687 3368 1741 αὐτοῦ.
3396 1690 3618 1756 Ἕσχατις
3733 1736 3734 1747 ς

452 1773 673 1835 saeculo,
707 1773 762 1826 in
799 1773 942 1827 bono
973 1772 1285 1843 hujusmodi
1317 1774 1616 1828 certamine
1645 1774 1914 1840 vicerunt,

2124 1770 2334 1839 ἐχθρὸς
2366 1772 2736 1842 καταργεῖται
2764 1777 2798 1828 ὀ
2834 1775 3108 1844 θάνατος.
3155 1778 3252 1841 Είς
3290 1779 3450 1832 ἐκεῖνο
3473 1781 3555 1852 γὰρ
3578 1785 3615 1836 τὺ

450 1871 763 1933 corruptam
816 1865 984 1917 vitam
1031 1872 1456 1934 consequentur.
1501 1863 1659 1930 Quod
1706 1865 1809 1920 sub
1858 1863 2018 1917 finem

451 1969 689 2022 pmscns
712 1955 952 2024 psalmus
978 1954 1220 2009 declarat
1242 1955 1327 2009 his
1356 1955 1533 2011 verbis
1558 1975 1571 2011 :
1601 1955 1668 2008 Et
1697 1958 1876 2008 omnia
1902 1971 2020 2008 cor-

450 2063 556 2101 nua
579 2058 910 2116 peccatorum
942 2049 1292 2118 confringam,
1326 2057 1375 2101 et
1419 2046 1794 2101 excitabuntur
1822 2062 2020 2100 cornua

441 2140 600 2209 justi.
636 2139 768 2192 Nam
823 2154 949 2193 cum
1005 2139 1230 2209 perinde
1279 2147 1443 2207 atque
1472 2139 1767 2209 Apostolus
1813 2152 2020 2192 cornua

447 2231 840 2299 eonfringenda
871 2245 994 2286 esse
1021 2230 1270 2296 dixisset,
1299 2229 1506 2284 addidit
1550 2229 1682 2283 iilud
1719 2246 1733 2283 :
1762 2227 1829 2281 Et
1871 2228 2020 2282 exal-

449 2321 702 2376 tabuntur
734 2338 934 2375 cornua
956 2322 1113 2390 justi,
1144 2327 1306 2390 atque
1331 2320 1433 2374 hoc
1462 2319 1745 2391 praesentis
1786 2319 2020 2388 pr0phe-

447 2415 538 2468 tiaa
560 2414 1016 2484 complementum
1048 2419 1152 2468 est.
1190 2412 1370 2478 Quare
1407 2421 1462 2467 et
1494 2411 1734 2481 psalmus
1761 2418 1816 2467 et
1845 2410 2021 2464 canti-

445 2518 572 2558 cum
622 2503 785 2557 simul
836 2509 1218 2571 nuncupatur;
1267 2517 1333 2557 ex
1372 2516 1604 2571 persona
1632 2509 1813 2554 autem
1844 2501 2022 2568 justo-

448 2609 568 2647 rum
599 2593 812 2647 initium
861 2593 1012 2648 ducit
1044 2594 1234 2648 dicens
1267 2611 1280 2646 :
1313 2591 1689 2662 Conﬁtebimur
1725 2589 2016 2655 tibi,Deus,

444 2682 807 2752 conﬁtebimur
829 2683 944 2747 tibi,
972 2692 1022 2738 et
1051 2683 1405 2738 invocabimus
1451 2700 1638 2736 nomen
1690 2691 1856 2738 tuum.
1883 2680 2020 2750 Ipsis

443 2789 678 2843 namque
736 2775 869 2829 solis
923 2775 1178 2830 convenit
1227 2773 1502 2828 confessio
1547 2789 1672 2827 cum
1723 2773 2018 2843 gratiarum

442 2864 680 2928 actione,
706 2878 814 2932 qua
847 2861 1106 2918 Servator
1153 2863 1209 2918 in
1241 2862 1549 2929 Evangeliis
1603 2861 1748 2915 Patri
1794 2861 2021 2915 conﬁte-

441 2955 603 3010 batur
634 2955 824 3011 dicens
851 2974 864 3010 :
899 2955 1170 3025 Conﬁteor
1203 2955 1321 3018 tibi,
1354 2955 1538 3018 Pater,
1570 2953 1792 3006 Domine
1824 2952 1940 3006 caeli
1971 2960 2020 3006 et

441 3057 596 3102 terra:
611 3048 675 3101 ".
714 3045 898 3100 Primo
945 3056 1126 3101 autem
1160 3047 1512 3109 confitentur,
1543 3044 1738 3100 deinde
1766 3045 2022 3099 invocant

2123 1862 2276 1926 τέλος
2295 1865 2342 1917 oi
2378 1863 2520 1917 κατὰ
2563 1865 2654 1918 τὸν
2681 1865 2950 1920 ἐνεστῶτα
2980 1869 3153 1922 αἰῶνα
3177 1869 3269 1922 τὸν
3310 1870 3457 1924 καλὸν
3488 1874 3616 1940 ἀγῶνα

2125 1955 2467 2026 νενικηκότες
2517 1955 2614 2027 τῆς
2671 1957 2948 2030 ἀφθάρτου
2998 1957 3145 2029 ζωῆς
3196 1960 3483 2025 τεύξονται·
3524 1965 3619 2035 ὃδὴ

2085 2109 2089 2113 ι
2126 2043 2262 2114 πρὸς
2287 2047 2398 2106 τοῖς
2421 2043 2749 2109 τελευταίοις
2785 2047 2878 2099 καὶ⁸
2905 2049 2933 2100 6
2963 2049 3099 2118 μετὰ
3128 2050 3315 2120 χεῖρας
3346 2051 3483 2118 λόγος
3508 2057 3620 2123 παρις

2129 2150 2285 2204 στησι
2312 2134 2503 2202 λέγων’
2518 2135 2625 2189 Καὶ
2652 2135 2848 2189 πάντα
2871 2137 2943 2190 τὰ
2959 2137 3177 2206 κέρατα
3200 2139 3314 2192 τῶν
3337 2141 3619 2210 ἀμαρτωώ

2125 2224 2453 2278 συνθλάσω
2475 2265 2489 2290 ,
2529 2226 2630 2279 καὶ
2673 2227 3054 2296 ὑψωθήσεται
3097 2229 3169 2282 τὰ
3219 2231 3423 2300 κέρατα
3444 2233 3529 2286 τοῦ
3563 2232 3618 2285 δι-

2127 2315 2320 2368 καιου.
2347 2315 2657 2386 Συμφὼνως
2680 2318 2787 2388 γὰρ
2809 2318 2887 2390 τῷ
2927 2320 3230 2392 Ἀποστόλῳ
3253 2323 3281 2374 6
3309 2322 3479 2394 παρὼν
3514 2323 3617 2391 λόγος

2129 2403 2524 2476 κλασθήσεσοαι
2553 2404 2621 2457 τὰ
2642 2405 2848 2476 κέρατα
2869 2404 3056 2470 εἰπὼν,
3078 2409 3323 2478 ἐπήγαγε
3340 2409 3413 2471 16,
3429 2409 3618 2476 Ὺψωθή-

2126 2511 2293 2549 σεται
2321 2495 2395 2548 τὰ
2416 2494 2633 2563 κέρατα
2658 2495 2763 2548 τοῦ
2788 2496 3047 2551 δικαίου·
3088 2499 3181 2551 καὶ
3208 2499 3347 2552 τοῦτ’
3375 2499 3473 2551 ἔστι
3494 2498 3618 2568 τὸτῆς

2127 2583 2407 2657 παρούσης
2434 2586 2770 2656 προφητείας
2807 2588 3198 2658 συμπέρασμα.
3232 2591 3321 2642 Διὸ
3351 2593 3437 2642 καὶ
3465 2589 3617 2658 ψαλμὸς

2126 2676 2221 2731 καὶ⁸
2254 2677 2365 2748 ᾠδὴ
2405 2678 2546 2730 κατὰ
2576 2678 2637 2730 16
2675 2679 2806 2732 αὐτὸ
2843 2679 3154 2751 ὠνόμασται
3176 2699 3189 2712 ·
3223 2684 3288 2734 ὲκ
3318 2679 3560 2754 προσώπου
3581 2680 3617 2731 δὲ

2125 2769 2232 2822 τῶν
2263 2769 2486 2823 δικαίων
2512 2771 2611 2842 τὴν
2647 2771 2924 2843 καταρχὴν
2949 2778 3178 2828 ποιεῖται
3212 2775 3401 2829 εἰπών·
3441 2775 3618 2843 Ἐξομο-

2125 2859 2503 2929 λογησόμεθά
2529 2877 2647 2924 σοι,
2680 2865 2714 2916 ό
2760 2864 2922 2929 Θεὸς,
2973 2863 3509 2937 ἐξομολογησόμεθά
3535 2881 3615 2928 σοι,

2127 2949 2224 3003 καὶ
2265 2950 2739 3021 ἐπικαλεσόμεθα
2795 2953 2861 3007 τὸ
2909 2955 3096 3024 ὄνομά
3149 2973 3289 3012 σου.
3337 2959 3509 3019 Μόνοις
3545 2958 3617 3025 γὰρ

2126 3041 2306 3105 αὐτοῖς
2333 3043 2529 3115 πρέπει
2557 3045 2588 3115 ἡ
2621 3045 3034 3118 εὐχαριπήριος
3055 3047 3446 3120 ἐξομολόγησις,
3468 3047 3546 3100 καθ
3574 3049 3617 3117 ἠν

438 3155 640 3193 nomen
672 3140 813 3207 ejus,
846 3153 952 3207 qua
986 3138 1334 3192 invocatione
1362 3138 1592 3192 salutem
1624 3151 1653 3190 a
1685 3136 1796 3190 Deo
1825 3151 1926 3192 con

2127 3133 2220 3186 καὶ
2248 3134 2277 3185 6
2303 3133 2494 3206 Σωτὴρ
2525 3135 2916 3206 ἐξωμολογεῖτο
2939 3140 2997 3193 ὲν
3022 3140 3377 3210 Εὑαγγελίοις
3413 3140 3525 3210 71.66;
3555 3139 3615 3190 τὸν

435 3236 700 3300 queutur,
731 3236 791 3282 ut
822 3228 926 3282 fert
955 3229 1160 3282 dictum
1192 3227 1325 3281 illud
1353 3247 1366 3282 :
1397 3227 1464 3281 Et
1497 3229 1668 3282 omnis
1719 3229 2012 3299 quicunque

434 3321 752 3374 invocaverit
786 3336 971 3374 nomen
1003 3319 1240 3382 Domini,
1263 3319 1442 3374 salvus
1474 3320 1573 3373 erit
1596 3319 1664 3373 ³³.
1683 3318 1868 3374 Potest
1891 3321 2018 3374 item

435 3411 527 3465 hic
562 3426 744 3465 sermo
801 3410 869 3464 ad
923 3409 1326 3465 confessionem
1361 3411 1647 3466 instituere
1678 3425 1794 3475 eos,
1821 3411 1913 3481 qui
1960 3411 2015 3466 in

437 3502 763 3572 praecedenti
811 3500 1025 3555 ruinam
1079 3500 1563 3572 Jerosolymorum,
1590 3509 1645 3556 et
1687 3509 2015 3572 postremam

435 3594 557 3664 ejus
603 3591 944 3650 obsidionem
993 3591 1426 3661 deploraverunt.
1459 3592 1593 3645 Nam
1638 3595 1731 3662 qui
1763 3592 2014 3661 superius

435 3685 688 3741 dixerant
739 3703 752 3739 :
801 3681 1017 3754 thuid,
1051 3680 1216 3748 Deus,
1251 3682 1492 3751 repulisti
1523 3684 1578 3736 in
1609 3683 1789 3753 ﬁnem,
1842 3683 2012 3736 iratus

435 3786 514 3832 est
571 3777 722 3846 furor
756 3785 876 3830 tuus
899 3791 1054 3845 super
1087 3791 1201 3828 oves
1231 3790 1443 3843 pascua:
1475 3776 1667 3830 tuae"?
1695 3783 1750 3830 et
1770 3782 1966 3830 caetera
1992 3793 2008 3842 ;

436 3883 586 3924 nunc
633 3868 902 3922 docentur
956 3865 1205 3921 confiteri
1242 3865 1375 3931 Deo,
1405 3875 1462 3922 et
1503 3865 1759 3920 invocare
1810 3881 2011 3921 nomen

432 3958 574 4031 ejus.
612 3959 751 4025 Quia
797 3974 913 4025 ,οι-ο
941 3956 1139 4026 duplex
1164 3957 1532 4014 confessionis
1558 3958 1754 4014 modus
1783 3964 1889 4025 est,
1921 3971 2014 4011 ne-

433 4052 679 4108 cessario
725 4052 815 4106 hic
871 4051 955 4106 bis
987 4052 1209 4120 ,dicitur
1250 4053 1385 4108 illud
1418 4071 1432 4108 :
1461 4050 1844 4121 Conﬁtebimur
1889 4049 2003 4102 tibi.

431 4143 536 4198 Per
570 4144 802 4213 primum
828 4145 1048 4214 quippe,
1081 4151 1141 4198 ut.
1167 4159 1266 4214 par
1311 4150 1414 4210 est,
1450 4141 1728 4197 confessio
1752 4157 1852 4210 pro
1877 4155 2006 4210 pec-

429 4235 571 4288 catis
603 4234 968 4305 significatur;
1001 4251 1095 4302 per
1129 4235 1428 4290 secundum
1456 4251 1586 4290 vero
1632 4235 1670 4289 ii
1713 4235 1808 4304 qui
1852 4232 2004 4302 prius

427 4326 851 4390 confitebantur,
893 4342 991 4398 pro
1022 4327 1180 4383 bonis
1214 4327 1453 4398 acceptis
1483 4328 1784 4398 gratiarum
1831 4324 2002 4378 actio-

429 4433 552 4472 nem
578 4419 851 4474 emittunt.

2122 3223 2342 3294 Πατέρα
2404 3225 2626 3293 φάσκων
2649 3241 2663 3256 ο
2753 3225 3258 3298 Ἐξομολογοῦμαί
3310 3246 3432 3294 σοι,
3460 3228 3614 3294 Πάτερ,

2116 3317 2294 3384 Κύριε
2322 3316 2426 3370 τοῦ
2455 3317 2714 3384 οὐρανοῦ
2739 3318 2838 3372 καὶ
2860 3318 2970 3387 τῆς
3002 3319 3132 3388 γῆς.
3163 3321 3383 3392 Πρῶτον
3406 3321 3456 3373 δὲ
3479 3321 3611 3388 ἐξομο-

2115 3405 2396 3474 λογοῦνται
2418 3448 2433 3472 ,
2463 3402 2579 3461 εἶτα
2627 3408 3008 3463 ἐπικαλοῦνται
3046 3411 3107 3463 16
3139 3412 3310 3482 ὄνομα
3365 3410 3534 3472 αὐτοῦ,
3557 3409 3614 3462 διὰ

2114 3499 2213 3569 τῆς
2252 3499 2460 3552 τοιᾶσδε
2509 3499 2849 3571 ἐπικλήσεως
2902 3502 3053 3572 παρὰ
3097 3501 3177 3572 τῷ
3221 3503 3339 3572 Θεῷ
3373 3501 3614 3569 τευξόμενοι

2116 3590 2416 3660 σωτηρίας,
2449 3593 2588 3644 κατὰ
2613 3591 2673 3644 16
2704 3591 2910 3659 φάσκον
2951 3593 3127 3661 λόγιον
3148 3610 3162 3624 °
3210 3594 3318 3648 Καὶ
3371 3591 3475 3658 πᾶς
3495 3592 3547 3656 ὃς
3565 3589 3613 3642 ἄν

2111 3681 2537 3750 ἐπικαλέσηται
2560 3681 2626 3735 τὸ
2649 3681 2834 3752 ὄνομα
2864 3685 3106 3752 Κυρίου,
3133 3686 3475 3750 σωθήσεται.
3492 3682 3611 3734 Δύνα-

2110 3787 2198 3822 ται
2231 3769 2286 3821 δὲ
2312 3771 2340 3822 6
2362 3769 2514 3839 λόγος
2541 3771 2913 3836 διδασκαλικὸς
2945 3770 3082 3828 εἶναι
3115 3774 3524 3846 ὲξομολογήσεως
3540 3770 3612 3823 τῶν

2111 3857 2168 3911 ὲν
2198 3857 2273 3928 τῷ
2320 3857 2426 3929 πρὸ
2457 3858 2644 3912 τούτου
2680 3859 3176 3933 ἀποκλαυσαμένων
3201 3862 3302 3933 τὴν
3346 3861 3528 3914 πτῶσιν
3546 3855 3612 3926 τῆς

2119 3950 2469 4023 Ἰερουσαλὴμ
2495 3951 2590 4004 καὶ
2629 3951 2726 4023 τὴν
2767 3953 2999 4025 ἐσχάτην
3032 3955 3202 4025 αὐτῆς
3251 3953 3546 4025 πολιορκίαν.
3568 3951 3609 4004 Οἱ

2106 4045 2215 4114 γὰρ
2243 4043 2521 4114 εἰρηκότες
2576 4045 2636 4096 ὲν
2673 4045 2788 4108 τοῖς
2830 4045 3157 4116 ἔμπροσθεν,
3207 4046 3395 4111 Ἰνατί,
3429 4047 3460 4099 ὁ
3491 4042 3607 4106 Θεὸς.

2105 4134 2322 4188 ἀπώσω
2353 4137 2440 4200 εἱς
2462 4133 2653 4201 τέλος,
2684 4135 2942 4204 ὠργίσθη
2974 4139 3007 4191 ό
3038 4141 3225 4206 θυμός
3259 4155 3372 4192 σου
3398 4137 3482 4190 ἐπὶ
3505 4134 3606 4202 πρό-

2104 4227 2250 4280 ϐατα
2279 4225 2470 4294 νομῆς
2500 4241 2614 4279 σου
2637 4243 2657 4289 ;
2683 4225 2778 4279 καὶ
2806 4226 2874 4280 τὰ
2901 4227 3048 4298 ἑξῆς,
3069 4228 3403 4283 διδάσκονται
3429 4227 3508 4281 νῦν
3529 4224 3607 4290 ἐξο-

2105 4315 2444 4388 μολογεῖσθαι
2497 4316 2574 4386 τῷ
2633 4317 2750 4388 Θεῷ
2808 4319 2902 4372 καὶ
2961 4319 3334 4374 ἐπικαλεῖσθαι
3387 4320 3440 4372 16
3483 4318 3606 4384 ὄνομα

2101 4407 2285 4462 αὑτοῦ.
2329 4407 2544 4479 Ἐπειδὴ
2595 4408 2768 4472 διττός
2823 4410 2970 4463 ἐστιν
3013 4412 3042 4463 ὁ
3090 4411 3192 4481 τῆς
3239 4412 3605 4482 ὲξομολογήοεως

424 4511 658 4580 τρόπος,
709 4513 1020 4580 ἀναγκαίως
1061 4512 1312 4584 δεύτερον
1357 4513 1571 4585 εἴρηται
1617 4512 1708 4566 ἐπὶ
1751 4510 1844 4564 τοῦ
1885 4508 2149 4580 παρόντος
2177 4504 2258 4568 τὸ,
2309 4503 2891 4573 Ἐξομολογησόμεθά
2917 4520 3044 4560 σοι·
3082 4505 3175 4560 τοῦ
3203 4509 3300 4579 μὲν
3321 4504 3527 4580 πρώτου,
3553 4501 3604 4561 ὡς

424 4605 589 4667 είκὺς,
613 4607 698 4674 ἐφ’
727 4606 996 4678 ἁμαρτίας
1025 4607 1124 4677 τὴν
1157 4605 1538 4678 ἐξομολόγησιν
1577 4605 1880 4678 δηλοῦντος,
1908 4602 2002 4657 τοῦ
2026 4601 2069 4654 δ’
2102 4599 2224 4669 ἑξῆς
2248 4598 2346 4668 τὴν
2372 4597 2456 4666 ἐφ’
2479 4590 2561 4660 οἷς
2601 4592 2660 4650 εὖ
2690 4597 3019 4651 πεπόνθασιν
3046 4599 3095 4651 οἱ
3128 4599 3188 4652 16
3227 4598 3431 4672 πρῶτον
3464 4595 3603 4663 ἐξομίν

425 4694 783 4766 λογησάμενοι
817 4698 1193 4769 εὐχαριστίαν.⁴

494 4813 660 4871 Vens.
693 4818 746 4880 ‘5,
770 4817 823 4873 4.
869 4817 1113 4874 Narrabo
1137 4820 1408 4875 mirabilia
1442 4831 1554 4885 tua,
1588 4837 1708 4875 cum
1741 4833 1983 4884 accepero

2159 4810 2521 4879 Διηγήσομαι
2571 4809 2645 4862 τὰ
2688 4807 2990 4878 θαυμάσιὰ
3039 4825 3154 4862 σου
3174 4847 3190 4873 ,
3241 4809 3382 4861 ὅταν
3421 4802 3599 4859 euch

425 4916 647 4976 tempus,
680 4925 771 4977 ego
821 4911 1160 4966 rectitudines
1178 4912 1455 4980 judicabo.
1485 4911 1660 4966 Hasce
1693 4910 1787 4966 Dei
1827 4924 1916 4964 voc

2104 4902 2331 4970 καιρὸν,
2381 4899 2496 4968 ἐγὼ
2537 4899 2867 4965 εὐθύτητος
2901 4896 3099 4964 κρινῶ.
3132 4896 3264 4950 Θεοῦ
3305 4896 3470 4966 φωνὰς
3497 4886 3595 4944 εἶναι

423 5013 566 5065 esse,
609 4999 878 5053 dictorum
931 5001 1199 5056 sententia
1241 5003 1523 5057 declarat:
1557 5001 1690 5056 illud
1741 5001 1914 5071 quipp

2101 4993 2188 5056 τὰς
2218 4989 2584 5063 προκειμένας
2621 4991 2650 5042 6
2691 4988 2815 5052 νοῦς
2848 4989 2957 5042 τῶν
2994 4989 3297 5060 λεγομένων
3336 4987 3592 5057 παρίστησι-

424 5089 537 5162 Ego
558 5091 889 5146 rectitudines
908 5093 1190 5162 judicaba;
1216 5110 1277 5149 ac
1301 5110 1520 5151 rursum
1545 5094 1677 5150 illud
1702 5114 1716 5150 :
1744 5093 1853 5164 Ego
1873 5111 1915 5148 σε

2102 5084 2165 5136 T6
2195 5083 2324 5153 γὰρ,
2359 5081 2503 5150 Ἐγὼ
2527 5080 2852 5146 εὐθύτητας
2876 5080 3076 5148 κρινῶ,
3097 5082 3191 5134 καὶ
3222 5080 3376 5135 πάλιν
3400 5079 3469 5139 τὸ,

421 5184 629 5253 ﬁrmavi
649 5183 920 5239 columnas
934 5185 1068 5254 ejus,
1085 5187 1340 5242 videlicet
1361 5197 1516 5243 terra:
1535 5205 1548 5254 ;
1575 5196 1736 5256 atque
1755 5188 1856 5242 sub
1875 5189 1912 5240 h;

2100 5172 2425 5241 ἑστερέωσα
2463 5171 2605 5237 τοὺς
2636 5172 2902 5236 στύλους
2937 5170 3145 5240 αὐτῆς,
3183 5172 3334 5242 δῆλον
3367 5171 3406 5222 δ’
3430 5169 3499 5220 ὅτι
3522 5169 3591 5230 τῆς

421 5275 574 5336 illud,
605 5272 674 5326 Et
700 5276 875 5327 omnia
891 5291 1090 5329 cornua
1103 5287 1432 5344 peccatorum
1447 5279 1796 5348 confringam,
1823 5294 1912 5348 qut

2098 5265 2192 5334 γῆς
2216 5305 2231 5330 ν
2271 5264 2368 5316 καὶ
2422 5261 2550 5332 ἑξῆς
2597 5261 2698 5326 τὸ,
2751 5260 2860 5316 Καὶ
2910 5261 3105 5316 πάντα
3153 5264 3222 5317 τὰ
3272 5261 3466 5330 κέρατα
3506 5260 3589 5348 τῶν

419 5361 601 5418 dicere
635 5367 940 5430 conveniat,
974 5365 1081 5421 nisi
1104 5366 1314 5422 Deum?
1346 5367 1403 5422 Si
1447 5370 1630 5440 itaque
1661 5386 1726 5426 ex
1753 5385 1910 5440 perso

2092 5354 2448 5425 ἁμαρτωλῶν
2486 5353 2845 5423 συγκλάσω,
2896 5353 3000 5406 τίνι
3049 5353 3116 5408 ἂν
3155 5351 3374 5425 ἁρμόζοι
3399 5341 3583 5440 λέγεινῆ

422 5451 517 5508 Dei
568 5455 684 5510 haec
731 5457 1006 5522 dicantur,
1035 5473 1136 5514 cur
1184 5462 1325 5516 alius
1375 5463 1468 5532 qui
1521 5463 1688 5518 Deum
1734 5479 1913 5518 nover:

2092 5447 2235 5518 Θεῷ;
2271 5447 2333 5498 Ei
2361 5446 2540 5499 τοίνυν
2574 5447 2639 5498 ἐκ
2671 5443 2964 5516 προσώπου
3001 5444 3094 5499 τοῦ
3129 5445 3261 5498 Θεοῦ
3285 5444 3439 5497 ταῦτα
3474 5436 3583 5502 λέγε-

419 5543 595 5613 ipsum
626 5547 782 5615 quasi
811 5549 1138 5619 compellare
1185 5553 1267 5606 sic
1316 5554 1528 5608 videtur
1555 5573 1568 5609 :
1599 5553 1847 5609 Narrabo
1880 5562 1910 5610 ὴ

2088 5557 2188 5606 ται,
2219 5538 2335 5603 πῶς
2361 5538 2547 5610 ἔτερος
2577 5536 2731 5601 εἰδὼς
2753 5537 2905 5600 Θεὸν,
2926 5537 3000 5602 ὼς
3031 5541 3166 5604 πρὸς
3197 5537 3350 5592 αὑτὸν
3371 5537 3579 5598 ἀντιφωνεΙ

484 5702 525 5734 ³¹
567 5702 583 5755 Ι
617 5703 741 5758 Cor.
779 5722 871 5773 xv,
903 5708 1091 5763 24-26.
1170 5709 1214 5742 "
1254 5707 1440 5766 Matth.
1477 5727 1562 5778 si,
1599 5712 1685 5768 25.
1765 5714 1808 5746 ³³
1845 5713 1960 5771 Jocl

2057 5754 2065 5781 ,
2099 5715 2199 5782 52;
2243 5715 2360 5771 Act.
2389 5730 2448 5782 ll,
2477 5714 2537 5769 2|
2567 5732 2580 5782 ;
2609 5714 2766 5770 Rom.
2799 5729 2853 5776 ι,
2891 5714 2978 5773 l5.
3055 5714 3100 5746 "
3139 5714 3276 5772 Psal.
3313 5724 3485 5772 mni,
3515 5705 3548 5756 l.
