3776 6284
465 293 565 348 871

1140 289 1409 344 EUSEBII
1451 288 1936 344 CASSARIENSIS‘
1966 286 2114 342 OPI’.
2152 287 2331 344 PARS
2369 290 2452 346 Ill.
2485 323 2553 332 -—
2589 291 2994 350 EXEGETICA.
3545 311 3620 366 8η

535 400 700 460 Vens.
730 405 784 470 5,
822 404 876 460 6.
917 403 1044 458 Dixi
1078 403 1270 475 iniquis
1299 419 1318 457 :
1353 403 1532 458 Nolite
1572 405 1747 474 inique
1777 419 1962 474 agere;
1989 410 2032 455 et

2212 401 2368 458 Εῖπα
2405 407 2528 474 τοῖς
2560 409 2995 478 παρανομοῦσι,
3026 409 3120 478 Μὴ
3148 415 3531 484 παρανομεῖτε,
3552 427 3622 478 καὶ

460 497 879 568 delinquentibus
897 513 914 550 :
932 498 1108 552 Nolite
1126 497 1364 552 exaltare
1387 513 1569 550 cornu.
1587 496 1882 550 Columnas
1909 495 2030 566 qui-

461 587 586 645 dem
611 596 816 644 sancta:
845 597 899 642 et
921 587 1206 642 catholicae
1232 586 1492 642 Ecclesia:
1513 601 1636 657 ego,
1662 586 1837 655 inquit
1865 583 2030 648 Deus,

461 679 693 746 ﬁrmavi,
739 689 925 752 utpote
968 682 1063 751 qui
1106 696 1173 736 ex
1223 688 1521 736 memorata
1558 686 1704 735 terra
1743 675 2034 749 liquefacta

461 786 589 827 eum
639 771 1038 828 habitatoribus
1083 773 1219 838 suis,
1258 773 1408 843 ipsos
1451 770 1742 841 elegerim;
1793 771 2034 840 reliquos

463 879 596 920 vero
629 872 977 920 contestatus
997 879 1144 930 sum,
1173 864 1494 934 praecipiens
1522 862 1630 918 illis
1663 862 2035 933 ipsosque'co-

464 961 693 1016 hortans
742 968 802 1014 ut
851 975 920 1014 ne
949 960 1132 1029 inique
1160 967 1402 1030 agerent.
1440 955 1750 1010 Secundum
1782 954 2032 1027 Symma-

458 1053 624 1106 chum
643 1067 774 1106 vero
801 1070 814 1105 :
847 1050 974 1105 Dixi
999 1050 1284 1116 seditiosis,
1308 1048 1502 1118 inquit,
1526 1047 1608 1101 Ne
1635 1046 1880 1102 seditiose
1904 1063 2034 1117 aga-

458 1145 526 1196 tis
547 1151 632 1206 ;et
665 1143 882 1212 iniquis,
937 1141 1117 1196 Nolite
1139 1140 1376 1195 exaltare
1403 1155 1586 1194 cornu.
1617 1138 1699 1193 Ne
1727 1138 1962 1193 extollite
1981 1138 2035 1192 in

458 1235 632 1289 altum
677 1252 841 1290 cornu
882 1243 1110 1288 vestrum
1155 1233 1420 1303 loquentes
1465 1233 1660 1285 cervice
1683 1230 2032 1301 iniquitatem.

461 1324 663 1382 Eadem
694 1339 824 1381 vero
854 1326 972 1396 ipsa
1000 1335 1231 1396 possunt
1264 1324 1328 1378 ad
1354 1323 1519 1378 alium
1547 1323 1815 1386 ordinem,
1846 1339 2034 1378 eorum

461 1416 712 1472 videlicet
762 1418 853 1488 qui
899 1433 964 1470 ex
1017 1416 1438 1471 circumcisione
1491 1424 1639 1481 sunt,
1685 1416 1896 1475 referri.
1942 1416 2034 1486 qui

462 1519 655 1565 contra
684 1507 1027 1564 Servatorem
1060 1506 1380 1562 seditionem
1419 1515 1724 1573 moverunt,
1758 1515 1812 1561 et
1844 1507 2037 1562 adver-

461 1611 558 1650 sus
609 1611 732 1651 eum
784 1596 1498 1664 insurrexeruutzquorum
1533 1611 1701 1651 causa
1747 1595 2036 1666 liquefacta

459 1696 546 1744 est
576 1696 721 1742 terra
750 1703 940 1743 eorum
974 1696 1029 1744 et
1053 1702 1246 1742 omnes
1275 1689 1366 1758 qui
1403 1688 1720 1743 habitabant
1743 1689 1796 1744 in
1817 1704 1903 1744 ea.
1921 1689 2036 1743 Cte-

459 1789 638 1836 terum
668 1782 925 1836 omnibus
956 1796 1175 1852 quoque
1204 1798 1300 1853 per
1324 1781 1510 1836 orbem
1536 1783 1789 1852 gentibus
1816 1791 2034 1853 aposto-

461 1873 636 1929 lorum
661 1875 1046 1944 praedicatione
1066 1875 1389 1930 testilicatus
1410 1881 1515 1936 est,
1537 1883 1595 1929 ut
1619 1890 1686 1930 ne
1707 1874 1891 1945 inique
1911 1890 2036 1945 age-

460 1974 604 2031 rent,
622 1974 676 2022 et
699 1967 1081 2036 peccatoribus
1103 1975 1164 2021 ut
1191 1981 1260 2022 ne
1283 1967 1487 2037 peccati
1517 1981 1686 2020 cornu
1710 1967 2032 2030 exaltarent,

461 2073 639 2129 neque
684 2074 807 2116 sese
846 2059 1103 2115 efferrent
1128 2065 1185 2113 et
1229 2066 1551 2130 arroganter
1596 2068 1836 2128 agerent,
1861 2073 2036 2127 neque

461 2151 819 2222 loquerentur
849 2151 1113 2207 adversus
1138 2150 1306 2206 Deum
1332 2151 1704 2222 iniquitatem:
1735 2151 1878 2224 quod
1905 2165 2036 2206 sane

465 2250 596 2299 ante
639 2243 874 2314 agebant
903 2257 1027 2298 cum
1056 2243 1438 2314 multiplicium
1467 2242 1692 2299 deorum
1717 2243 1889 2298 errori
1915 2243 2035 2296 ani-

463 2347 610 2389 mum
647 2333 988 2397 adhiberent,
1019 2343 1073 2390 et
1099 2333 1267 2389 Deum
1292 2337 1669 2392 universorum
1699 2335 2032 2411 ignorarent.

531 2424 700 2482 Vns.
734 2427 850 2481 7-9.
896 2427 1036 2494 Quia
1066 2443 1227 2498 neque
1267 2427 1331 2480 ab
1368 2428 1584 2491 oriente,
1625 2443 1782 2498 neque
1806 2427 1870 2479 ab
1899 2427 2036 2478 occi-

461 2517 632 2584 dente,
657 2537 816 2592 neque
850 2539 880 2574 a
911 2520 1130 2574 desertis
1165 2520 1449 2583 montibus,
1481 2521 1728 2590 quoniam
1773 2517 1913 2573 Deus
1939 2517 2035 2587 ju-

461 2610 563 2664 dea:
606 2619 703 2664 est.
735 2611 797 2664 Et
839 2611 956 2666 haec
994 2626 1235 2682 quoque,
1284 2612 1382 2674 ait,
1421 2627 1518 2682 per
1567 2611 1840 2680 apostolos
1886 2624 2037 2664 meos

463 2703 716 2760 omnibus
743 2703 1056 2758 hominibus
1087 2702 1413 2758 testiﬁcatus
1457 2719 1599 2767 sum,
1630 2712 1687 2756 ut
1717 2701 1908 2771 judicii
1942 2699 2034 2756 Dei

462 2793 904 2858 recordarentur,
933 2804 985 2850 et
1024 2795 1205 2849 omnis
1234 2794 1542 2865 iniquitatis
1577 2795 1734 2850 linem
1771 2793 2032 2858 lacerent,

464 2885 710 2954 persuasi
752 2885 1126 2941 universorum
1153 2884 1394 2954 judicem
1438 2901 1546 2940 non
1577 2886 1766 2956 procul
1799 2886 1992 2941 abesse
2015 2926 2031 2952 ,

463 2977 558 3032 sed
611 2978 795 3032 omnia
851 2978 1098 3048 implere,
1144 2986 1199 3033 et
1253 2977 1456 3051 ubique
1518 2986 1840 3048 praesentem
1889 2994 2030 3034 esse.

464 3069 644 3136 Quare
677 3070 936 3125 convenit
979 3086 1080 3127 nos
1129 3072 1285 3144 quasi
1329 3070 1385 3124 in
1431 3071 1606 3126 oculis
1644 3070 1764 3141 ejus
1791 3071 2035 3128 viventes
2063 3091 2102 3149 ο

469 3163 652 3218 animo
683 3163 750 3217 ad
781 3179 906 3218 eum
950 3178 1218 3220 converso
1262 3165 1476 3235 degere.
1513 3161 1697 3234 Neque
1735 3163 1879 3218 enim
1906 3179 2032 3233 pro-

465 3253 556 3306 rul
587 3254 761 3315 abest,
790 3255 862 3308 ita
896 3264 955 3308 ut
986 3255 1314 3311 arbitremur
1339 3272 1462 3311 eum
1491 3257 1647 3326 longe
1677 3271 1707 3310 a
1739 3257 1897 3312 nobis
1935 3256 2033 3310 ha-

469 3343 663 3407 bitare,
704 3345 819 3399 sive
862 3346 918 3399 in
967 3346 1198 3410 oriente,
1234 3346 1349 3402 sive
1411 3347 1466 3400 in
1493 3347 1796 3411 occidente,
1839 3348 1952 3402 sive
1978 3348 2032 3402 in

467 3433 701 3490 desertis
728 3445 780 3489 et
813 3437 1108 3492 montibus.
1141 3437 1273 3491 Nam
1315 3438 1525 3493 medius
1557 3447 1610 3492 et
1643 3454 1884 3508 praesens
1911 3439 2033 3492 uni-

464 3528 665 3594 versis,
694 3528 858 3598 judex
887 3529 1130 3585 omnium
1161 3538 1265 3586 est.
1294 3530 1491 3587 Judicii
1527 3540 1706 3588 autem
1747 3531 1890 3586 illius
1919 3531 2035 3586 olli-

465 3619 615 3674 cium
665 3627 769 3682 est,
800 3630 858 3674 ut
903 3619 1195 3691 unicuique
1241 3636 1341 3692 pro
1387 3621 1584 3677 merito
1627 3622 1852 3684 tribuat,
1885 3622 2032 3678 hunc

464 3711 714 3766 humiliet
741 3720 794 3766 et
828 3712 974 3766 hunc
997 3713 1230 3779 exaltet;
1262 3714 1531 3782 superbos
1560 3713 1776 3784 quidem
1801 3714 2033 3784 illosque

465 3799 560 3869 qui
583 3814 755 3855 cornu
784 3815 944 3856 suum
973 3801 1026 3856 in
1055 3803 1222 3856 altum
1245 3803 1513 3857 extollunt
1541 3803 1821 3868 humiliet,
1855 3805 2033 3859 humi-

468 3891 547 3946 les
575 3907 705 3947 vero
732 3893 952 3958 exaltet,
985 3893 1285 3949 secundum
1319 3895 1448 3949 illud
1482 3914 1495 3950 :
1526 3895 1664 3948 Deus
1690 3896 1924 3964 superbis
1953 3913 2033 3950 re—

466 3983 631 4047 sistit,
657 3983 941 4039 humilibus
985 3995 1159 4040 autem
1193 3987 1286 4040 dat
1318 3988 1544 4057 gratiam
1564 3988 1628 4040 ⁸ο.
1666 3989 2030 4054 Quamobrem

468 4074 545 4126 ait
577 4092 590 4128 :
623 4073 762 4141 Quia
796 4092 958 4146 neque
985 4077 1050 4130 ab
1079 4080 1298 4140 oriente,
1332 4096 1491 4149 neque
1524 4081 1588 4133 ab
1625 4081 1906 4144 occidente,
1937 4096 2030 4134 ne-

466 4179 566 4233 que
616 4181 650 4219 a
695 4166 914 4222 desertis
969 4170 1271 4234 montibus;
1315 4186 1415 4241 pro
1441 4171 1639 4242 quibus
1673 4170 2032 4242 Symmachus

468 4254 553 4310 sic
580 4254 966 4327 interpretatus
996 4267 1078 4313 est
1111 4277 1126 4315 :
1159 4258 1282 4314 Non
1313 4262 1448 4314 enim
1483 4261 1546 4315 ab
1577 4262 1792 4328 oriente,
1827 4278 1931 4315 non
1965 4259 2028 4314 ab

469 4349 947 4421 oceidente,neque
978 4369 1010 4404 α
1040 4350 1244 4406 deserto
1271 4353 1526 4405 montium
1552 4367 1571 4404 :
1600 4351 1688 4404 sed
1710 4351 1848 4404 Deus
1863 4351 2030 4421 judea:

2135 497 2258 562 τοῖς
2299 499 2724 568 ἁμαρτάνουσι,
2764 501 2860 568 Μὴ
2910 502 3138 570 ini-0231's
3179 503 3371 571 κέρας.
3407 508 3524 573 Τοὺς
3557 516 3626 581 μὲν

2136 587 2358 652 στύλους
2400 590 2500 660 τῆς
2543 592 2708 659 ἁγίας
2751 593 2844 644 καὶ
2882 593 3172 663 καθολικῆς
3205 596 3503 666 Ἐκκλησίας
3530 602 3624 670 ἐγὼ,

2134 679 2297 748 φησὶν
2330 680 2359 730 ὁ
2377 680 2529 744 Θεὸς,
2568 681 2873 753 ἑστερέωσα
2894 700 2906 712 ·
2932 683 3014 736 ὅτι
3035 683 3112 753 (1)
3130 685 3467 756 ἐκλεξάμενος
3481 691 3627 756 αὐτοὺς

2133 771 2198 823 ὲκ
2226 770 2326 840 τῆς
2359 771 2713 843 ἀποδοθείσης
2744 773 2848 843 γῆς
2872 775 3132 846 τακείσης
3175 777 3310 847 μετά
3346 778 3444 831 τῶν
3475 784 3628 836 οἱκούνο

2133 878 2239 915 των
2272 863 2443 934 αὑτήν
2465 880 2477 892 ·
2509 867 2620 929 τοίς
2664 865 2721 919 δὲ
2752 865 2957 927 λοιποῖς
2996 865 3432 940 διεμαρτυράμην
3457 871 3628 928 διαπει-

2133 953 2363 1025 λάμενος
2395 955 2489 1008 καὶ
2522 956 2856 1026 παραινέσας
2885 955 2959 1026 μὴ
2977 961 3328 1028 παρανομεῖν.
3349 961 3490 1014 Κατὰ
3504 962 3549 1014 δὲ
3569 966 3629 1017 τὸν

2134 1045 2430 1117 Σύμμαχον
2453 1064 2466 1077 ·
2512 1047 2700 1111 Elaea,
2748 1050 2903 1119 φησὶ,
2956 1049 3080 1114 τοῖς
3126 1051 3528 1118 στασιάζουσι,
3564 1057 3627 1122 Μὴ

2133 1135 2478 1197 στασιάζὲτε
2497 1153 2512 1167 ·
2569 1137 2669 1190 καὶ
2714 1137 2840 1204 τοῖς
2877 1140 3266 1208 παρανόμοις,
3304 1141 3397 1208 Μὴ
3426 1142 3630 1210 incipere

2135 1225 2330 1294 κέρας.
2393 1226 2489 1296 Μὴ
2522 1227 2795 1296 ἐπαίρετε
2840 1233 2928 1296 εἰς
2984 1230 3142 1299 ὕψος
3185 1232 3250 1284 τὸ
3303 1234 3467 1300 κέρας
3513 1234 3630 1303 ὑμῶν

2132 1317 2465 1383 λαλοῦντες
2515 1318 2793 1387 τραχήλῳ
2837 1321 3108 1390 ἀνομίαν.
3151 1321 3383 1375 Δύναται
3425 1322 3474 1374 δὲ
3507 1323 3630 1376 ταῦτα

2135 1408 2269 1479 πρὸς
2290 1408 2352 1461 τὸ
2374 1409 2559 1479 ἕτερον
2586 1411 2772 1481 τάγμα
2801 1412 2862 1464 τὸ
2883 1415 2946 1466 ἐκ
2973 1414 3271 1486 περιτομῆς
3293 1413 3538 1482 λέγεσθαι,
3557 1416 3631 1468 τῶν

2135 1502 2685 1556 καταστασιασάντων
2718 1502 2812 1555 τοῦ
2849 1505 3097 1576 Σωτῆρος
3132 1506 3226 1558 καί⁵
3252 1505 3632 1576 κατεπαρθέντωι

2136 1590 2298 1644 αύτοῦ
2318 1613 2330 1623 ο
2381 1593 2446 1646 δι’
2491 1593 2586 1658 οὓς
2641 1593 2808 1664 ἐτάκη
2839 1595 3017 1648 αὐτῶν
3060 1597 3093 1666 ἡ
3154 1599 3224 1666 γῆ
3273 1595 3366 1648 καὶ
3409 1597 3571 1661 πάντες
3599 1600 3631 1649 οἱ

2137 1689 2514 1753 κατοικοῦντες
2563 1691 2752 1763 αὑτήν,
2797 1691 2943 1762 Πλὴν
2993 1692 3085 1743 καὶ
3115 1693 3227 1754 τοῖς
3274 1691 3392 1743 καθ’
3431 1691 3539 1761 ὅλης
3567 1693 3632 1763 τῆς

2134 1781 2457 1852 οἰκουμένης
2491 1781 2666 1836 ἔθνεσι
2692 1781 2782 1836 διὰ
2805 1782 2899 1835 τοῦ
2926 1781 3034 1835 τῶν
3063 1781 3375 1836 ἀποστόλων
3413 1783 3632 1853 κηρύγμα-

2134 1889 2225 1936 τος
2273 1872 2618 1949 ἐμαρτύρατο
2649 1873 2722 1944 μὴ
2769 1875 3126 1944 παρανομεῖν,
3179 1873 3274 1925 καὶ
3313 1875 3419 1936 τοῖς
3444 1874 3630 1944 ἁμαρτά-

2135 1981 2284 2018 νουσι
2317 1964 2393 2035 μὴ
2433 1963 2600 2034 ὑψοῦν
2626 1964 2684 2018 τὸ
2710 1965 2809 2034 τῆς
2851 1965 3126 2036 ἁμαρτίας
3155 1963 3346 2035 κέρας,
3378 1964 3498 2035 μηδὲ
3525 1966 3632 2018 tua.

2136 2053 2324 2128 ρεσθαι
2361 2056 2455 2107 καὶ
2498 2054 3000 2127 καταθρασύνεσθαι
3023 2095 3040 2119 ,
3074 2055 3208 2126 μηδὲ
3255 2054 3430 2109 λαλεῖν
3476 2057 3635 2111 ἀδικίη

2135 2146 2274 2201 κατά
2312 2146 2406 2200 τοῦ
2445 2146 2612 2200 Θεοῦ·
2656 2147 2790 2218 ὅπερ
2842 2147 3104 2218 πρότερον
3155 2146 3418 2218 ἔπραττον
3451 2150 3634 2220 πολυθέῳ

2133 2238 2490 2309 προσέχοντες
2546 2239 2719 2310 πλάνῃ
2745 2280 2761 2304 ,
2809 2240 2904 2292 καί
2953 2238 3045 2292 τὸν
3092 2238 3201 2292 τῶν
3251 2239 3387 2293 ὅλων
3433 2240 3543 2294 Θεὸν
3584 2245 3632 2314 μὴ

2133 2329 2352 2393 εἰδότες.

2208 2421 2325 2475 ’Ότι
2357 2421 2495 2475 οὔτε
2519 2422 2636 2476 ἀπὸ
2662 2422 2909 2490 ἐξόδων,
2941 2426 3078 2479 οὔτε
3107 2426 3225 2481 ἀπὸ
3269 2426 3518 2497 δυσμῶν,
3541 2425 3635 2479 οὔτε

2134 2510 2251 2564 ἀπὸ
2293 2511 2528 2580 ἐρήμων
2563 2511 2763 2580 ὀρέων,
2793 2513 2880 2568 ὅτι
2919 2518 2952 2570 ό
2985 2516 3128 2582 Θεὸς
3168 2517 3376 2585 κριτής
3410 2517 3538 2571 ἐστι.
3562 2519 3634 2570 Καὶ

2133 2601 2324 2667 ταῦτα,
2342 2602 2496 2673 φησὶ,
2517 2603 2962 2677 διεμαρτυράμην
2987 2606 3075 2662 διὰ
3093 2607 3200 2661 τῶν
3218 2609 3372 2679 ἐμῶν
3393 2609 3636 2661 ἀποστόλων

2134 2694 2337 2751 ἅπασιν
2387 2699 2692 2770 ἀνθρώποις
2717 2738 2730 2763 ,
2781 2699 3136 2771 μνημονεύειν
3185 2699 3294 2770 τῆς
3331 2701 3536 2772 κρίσεως
3574 2698 3636 2751 τοῦ

2134 2787 2307 2855 Θεοῦ,
2359 2791 2453 2844 καὶ
2496 2791 2807 2846 παύσασθαι
2855 2792 3038 2864 πάσης
3087 2793 3460 2864 παρανομίας,
3503 2808 3636 2844 ταπει-

2136 2880 2366 2950 σμένους
2409 2885 2491 2937 ὅτι
2540 2885 2599 2936 οὐ
2651 2885 2837 2955 πόρρω
2876 2902 2979 2938 που
3023 2885 3338 2958 ἀφέστηκεν
3379 2889 3406 2940 ὁ
3431 2885 3523 2938 τῶν
3543 2885 3636 2938 ὅλων

2135 2974 2327 3043 κριτής
2346 2991 2358 3002 ·
2391 2976 2568 3029 πάντα
2593 2976 2650 3028 δὲ
2675 2977 2872 3048 πληροῖ
2891 2978 2986 3031 καὶ
3024 2979 3304 3049 πανταχοῦ
3332 2978 3552 3051 πάρεστι.
3577 2977 3636 3029 Διὸ

2136 3068 2401 3137 προσήκει
2421 3067 2496 3130 ὼς
2525 3069 2582 3120 ὲν
2605 3067 2901 3138 ὀφθαλμοῖς
2924 3069 3086 3122 αὑτοῦ
3126 3071 3342 3135 ζῶντας
3367 3069 3635 3140 ἐπιστρεφῶς

2139 3155 2532 3211 πολιτεύεσθαι.
2557 3160 2632 3212 Οὐ
2653 3159 2762 3232 γάρ
2785 3160 2999 3232 μακράν
3031 3161 3364 3234 ἀφέστηκεν,
3389 3162 3457 3224 ὡς
3479 3159 3635 3230 νομίσαι

2139 3248 2326 3318 πόρρω
2360 3264 2463 3302 που
2497 3249 2806 3320 ἀπῳκίσθαι
2844 3251 3036 3315 αὐτὸν,
3085 3251 3118 3322 ἢ
3168 3253 3310 3323 πρὸς
3343 3252 3516 3316 αὑταῖς
3553 3251 3635 3304 ἁνα-

2136 3338 2333 3404 τολαῖς,
2358 3340 2390 3411 ἢ
2418 3341 2560 3395 κατά
2592 3341 2662 3394 τὰ
2691 3342 2950 3412 δυσμιαῖα
2981 3343 3142 3414 μέρη,
3179 3345 3212 3414 ἦ
3251 3361 3354 3396 που
3384 3346 3436 3398 ἐν
3449 3343 3635 3415 ἐρημίας

2139 3432 2232 3486 καὶ
2258 3433 2429 3504 ὄρεσι.
2473 3435 2650 3498 Μέσος
2676 3433 2783 3505 γάρ
2821 3436 3103 3506 ὲπιπαρὼν
3133 3439 3250 3500 τοῖς
3303 3439 3470 3500 πᾶσι,
3505 3435 3636 3506 κριτὴς

2135 3525 2244 3578 τῶν
2269 3526 2405 3579 ὅλων
2439 3527 2573 3580 ἐστί.
2611 3529 2809 3599 Ἔργον
2835 3545 2895 3581 τε
2925 3527 3088 3582 αὐτοῦ
3109 3528 3210 3598 τῆς
3241 3530 3470 3599 κρίσεως
3495 3528 3542 3581 τὸ
3558 3526 3635 3580 κατ’

2136 3615 2291 3681 ἀξίαν
2317 3618 2610 3688 ἀπονέμειν
2649 3619 2880 3688 ἑκάστῳ,
2916 3619 3010 3672 καὶ
3046 3617 3230 3672 τοῦτον
3279 3620 3378 3691 μὲν
3401 3615 3636 3675 ταπεινοῦν.

2134 3709 2321 3764 τοῦτον
2369 3709 2426 3762 δὲ
2455 3709 2655 3778 ύψοῦνο
2696 3708 2982 3764 ταπεινοῦν
3030 3711 3126 3781 μὲν
3151 3712 3285 3774 τοὺς
3331 3710 3636 3782 ὑπερηφάνους

2136 3805 2231 3858 καὶ
2280 3805 2407 3869 τοὺς
2461 3806 2783 3876 ἐπαίροντας
2837 3806 2916 3869 είς
2976 3805 3108 3874 ὕψος
3154 3805 3215 3858 τὸ
3267 3806 3431 3878 κέρας
3485 3801 3636 3859 αὐτῶν·

2137 3895 2304 3966 ὑψοῦν
2341 3898 2399 3952 δὲ
2434 3899 2560 3960 τοὺς
2589 3899 2902 3962 ταπεινοὺς,
2931 3899 3074 3952 κατά
3100 3896 3161 3952 τό
3180 3914 3194 3927 ·
3239 3899 3308 3952 '0
3339 3899 3472 3963 Θεὸς
3509 3899 3635 3961 ὑπερ-

2135 3987 2388 4057 ηφάνοις
2427 3987 2845 4042 ἀντιτάσσεται
2864 4029 2879 4053 ,
2929 3989 3227 4055 ταπεινοῖς
3261 3989 3333 4042 δὲ
3370 3988 3547 4041 δίδωσι
3566 3982 3636 4052 χὰ-

2128 4097 2249 4147 ριν.
2296 4080 2387 4133 Διό
2435 4097 2630 4152 φησιν’
2665 4081 2783 4134 Ὅτι
2828 4081 2965 4134 οὔτε
3021 4082 3139 4136 ἀπὸ
3171 4081 3400 4146 ἐξόδιον
3446 4078 3528 4132 καί
3555 4073 3633 4129 ἁ.πύ

2135 4169 2447 4225 ἀνατολῶν
2463 4169 2662 4236 ἡλίου,
2679 4170 2818 4223 οὔτε
2839 4169 2958 4223 ἀπὸ
2982 4169 3253 4240 δυσμῶν,
3278 4171 3412 4224 οὐτε
3428 4167 3528 4222 ἀπὸ
3541 4161 3634 4232 ἐρή-

2129 4279 2260 4330 μων
2305 4264 2515 4330 ὀρέωνο
2542 4264 2658 4316 ἀνθ’
2680 4256 2755 4316 ὧν
2783 4266 2812 4315 ὁ
2851 4261 3360 4335 Σύμμαχοςντοῦτον
3389 4260 3632 4331 ἡρμήνευσε

2133 4354 2225 4407 τὸν
2249 4355 2476 4425 τρόπον·
2517 4359 2598 4410 Οὐ
2637 4357 2746 4427 γὰρ
2782 4357 2900 4411 ἀπὸ
2929 4353 3250 4423 ἀνατολῆς,
3282 4353 3420 4408 οὐδὲ
3448 4352 3543 4406 ἀπὸ
3569 4347 3634 4400 δύ-

469 4439 606 4493 hunc
632 4440 841 4510 quidem
870 4441 1133 4508 humiliat,
1167 4441 1301 4496 hunc
1333 4453 1506 4497 autem
1537 4443 1762 4497 exultat.
1811 4443 1873 4496 Et
1925 4443 2032 4498 hoc

2136 4460 2308 4510 σεως.
2343 4444 2484 4498 οὐδὲ
2511 4446 2629 4500 ἀπὸ
2670 4446 2892 4515 ἐρήμου
2921 4445 3130 4512 όρέων’
3164 4445 3306 4498 ἀλλ’
3342 4447 3375 4496 ό
3405 4441 3529 4504 Θεὸς
3555 4452 3635 4502 κρι·

469 4547 621 4598 sane,
656 4533 851 4603 inquit,
887 4535 1258 4589 necessarium
1300 4543 1385 4590 est
1429 4549 1617 4589 omnes
1660 4533 1908 4588 homines
1937 4548 2032 4587 co-

465 4639 750 4693 gnoscere,
809 4624 949 4692 Quia
996 4625 1139 4679 calix
1182 4627 1237 4679 in
1281 4641 1443 4679 manu
1497 4625 1711 4678 Domini
1753 4625 1859 4678 vini
1901 4623 2032 4676 meri

466 4714 649 4783 plenus
679 4716 854 4770 misto.
879 4713 949 4769 Et
979 4716 1249 4770 inclinavit
1293 4732 1358 4770 ex
1403 4715 1498 4768 hoc
1524 4717 1579 4768 in
1611 4715 1741 4779 hoc;
1771 4723 2032 4769 verumta-

469 4822 586 4860 men
614 4807 720 4875 [ωας
745 4807 857 4878 ejus
885 4824 987 4862 non
1011 4817 1089 4863 est
1111 4793 1406 4875 exinanita,
1437 4807 1608 4861 bibent
1642 4823 1817 4861 omnes
1849 4821 2035 4876 pecca-

471 4910 610 4954 tores
655 4910 827 4954 terrw.
880 4899 1187 4954 Secundum
1239 4897 1622 4969 Symmachum
1670 4913 1801 4954 vero
1835 4898 2035 4953 :Calia:

469 4991 609 5044 enim
640 4990 697 5044 in
725 5006 884 5044 manu
915 4989 1147 5054 Domini,
1180 5000 1231 5044 et
1260 4991 1436 5044 vinum
1471 5004 1669 5042 merum
1719 4988 1923 5057 replens
1955 4988 2035 5056 ef-

470 5083 669 5152 fusum,
696 5085 775 5136 ita
817 5091 875 5137 ut
925 5084 1140 5136 trahant
1187 5083 1251 5136 ab
1298 5083 1430 5149 ipso.
1469 5080 1835 5134 Verumtamen
1883 5078 2035 5147 fraces

467 5177 584 5246 ejus
609 5174 854 5246 guttatim
881 5174 1170 5242 expriment
1197 5172 1421 5226 bibentes
1446 5170 1668 5238 improbi
1709 5180 1882 5224 terrw.
1909 5168 2036 5223 llaec

399 5291 420 5306 -
469 5271 622 5334 item,
654 5268 753 5332 ait,
781 5280 973 5322 omnes
1003 5265 1250 5320 homines
1288 5263 1470 5327 docui,
1503 5278 1572 5318 ne
1621 5266 1872 5332 ignorent
1903 5261 2037 5314 rali-

467 5374 586 5412 cem
634 5359 786 5413 illum
833 5370 1024 5412 omnes
1071 5369 1310 5419 manere,
1338 5369 1496 5424 quem
1547 5353 1745 5421 cuique
1774 5358 2036 5419 temperat

466 5463 519 5503 et
573 5448 891 5506 commiscet
949 5449 1328 5504 universorum
1371 5445 1557 5515 judex.
1593 5442 1705 5498 Hoc
1751 5457 1915 5512 porro
1954 5443 2032 5496 iu-

471 5539 685 5609 telligas
729 5555 798 5595 ex
844 5540 936 5603 iis,
967 5553 1089 5608 qua:
1133 5539 1187 5592 in
1234 5537 1531 5608 prophetiis
1559 5535 1627 5592 de
1653 5535 1825 5592 calice
1852 5535 2037 5590 lerun-

539 5629 588 5662 “
623 5628 739 5684 Jac.
776 5645 848 5692 tv,
880 5630 933 5684 6.

532 5720 609 5792 (‘1)
640 5721 724 5775 An
757 5720 1044 5790 legendum
1070 5721 1208 5775 ὄιτεῖ
1233 5720 1390 5773 Enn.

2137 4534 2246 4602 τὴς
2283 4533 2497 4588 τοῦτον
2531 4533 2649 4603 μὲν
2694 4533 2974 4597 ταπεινοῖ,
3016 4533 3230 4587 τοῦτον
3278 4531 3348 4585 δὲ
3383 4527 3526 4598 ὑψοῖ.
3560 4521 3633 4576 Καὶ

2134 4624 2290 4678 τοῦτο
2309 4625 2386 4691 δὲ,
2403 4627 2887 4696 φησὶν,ἀναγκαῖον
2909 4625 3104 4678 εἰδέναι
3134 4624 3340 4685 πάντας
3367 4617 3630 4689 ἀνθρώπους,

2137 4717 2259 4769 Ὅτι
2301 4715 2586 4784 ποτήριον
2632 4716 2702 4769 ἐν
2739 4715 2891 4784 χειρὶ
2936 4714 3156 4782 Κυρίου
3201 4713 3370 4766 οἴνου
3415 4704 3630 4775 ἀκράτου.

2134 4807 2362 4876 πλῆρες
2405 4806 2794 4875 κεράσματος.
2842 4805 2953 4860 Καὶ
2991 4805 3232 4859 ἔκλινεν
3272 4804 3342 4857 ἐκ
3377 4800 3557 4856 τούτου
3577 4794 3631 4852 εἰς

2133 4899 2338 4953 τοῦτο’
2371 4897 2537 4965 πλὴν
2580 4901 2613 4951 ό
2658 4898 2902 4966 τρυγίας
2933 4896 3118 4950 αὐτοῦ
3169 4897 3280 4949 οὐκ
3334 4884 3629 4957 ἐξεκενὼθη·

2134 4990 2370 5044 πίονται
2399 4989 2622 5055 πάντες
2667 4991 2722 5042 ol
2767 4987 3100 5056 ἁμαρτωλοὶ
3132 4986 3242 5054 τῆς
3285 4982 3410 5056 τῆς.
3440 4975 3565 5033 Κατά
3593 4971 3629 5021 δε

2133 5083 2226 5137 τὸν
2251 5082 2543 5153 Σύμμαχον
2562 5097 2577 5112 ·
2614 5079 2907 5148 Ποτήριον
2929 5079 3042 5149 γὰρ
3064 5079 3136 5131 ἐν
3161 5088 3306 5146 χειρι
3338 5072 3544 5140 Kvplou.
3563 5061 3626 5115 καὶ

2136 5171 2297 5240 οῖνος
2345 5173 2602 5240 ἄκρατος
2655 5170 2901 5239 πληρῶν
2939 5170 3261 5238 ἐκχυθεὶς,
3303 5167 3445 5220 ὥστε
3486 5161 3627 5214 ἕλκειν

2135 5267 2238 5321 ἀπ’
2272 5264 2478 5318 αὐτοῦ.
2508 5263 2682 5332 Πλὴν
2718 5264 2825 5329 τὰς
2855 5263 3098 5332 τρυτιας
3125 5260 3313 5315 αὑτοῦ
3354 5247 3623 5322 ἐκστραπί·

2136 5373 2320 5412 σουσι
2352 5357 2634 5422 πίνοντες
2671 5358 2726 5409 al
2785 5354 3005 5423 φαῦλοι
3036 5351 3146 5421 τῆς
3183 5352 3311 5422 τῆς.
3345 5351 3442 5405 Καὶ
3484 5345 3622 5398 ταῦτα.

2136 5448 2324 5519 φησὶν,
2349 5446 2564 5514 ἐδίδαξα
2587 5447 2793 5509 πάντας
2822 5443 3161 5516 ἀνθρώπους,
3181 5445 3256 5508 ὡς
3275 5443 3339 5497 ἂν
3365 5441 3432 5513 μὴ
3454 5434 3620 5505 ἀγνοεῖν,

2137 5540 2218 5593 ὅτι
2253 5539 2536 5610 περιμένει
2554 5539 2678 5602 τοὺς
2701 5538 2906 5603 πάντας
2931 5536 2994 5589 τὸ
3019 5536 3296 5606 ποτήριον,
3324 5535 3446 5603 ὅπερ
3467 5526 3619 5588 ἑκάστῳ
