3776 6284
128 380 215 435 875
1189 360 1634 419 connexum

1733 361 1799 416 IN
1840 357 2156 416 PSALMOS

3186 362 3294 419 874

125 494 339 564 κίρνησιν
364 487 390 539 ό
427 482 526 537 τῶν
547 482 682 536 ὅλων
713 481 920 552 κριτής.
972 479 1202 549 Νοήσεις
1250 479 1307 531 δὲ
1333 477 1490 530 τοῦτο
1529 477 1634 530 ἀπὸ

1737 482 1855 540 tur;
1907 475 1964 528 in
2005 472 2237 530 Jeremia
2271 473 2468 542 quippe
2514 473 2776 542 scriptum
2821 481 2904 529 est
2945 491 2959 527 :
3001 473 3152 529 Dixit
3186 475 3298 529 Do-

121 583 210 635 τῶν
237 581 288 630 ἐν
312 577 422 638 ταῖς
444 572 793 645 προφητείαις
821 571 1153 641 λελεγμένων
1179 571 1308 641 περ)¹
1347 569 1604 640 ποτηρίου
1622 586 1634 598 ·

118 673 389 740 γέγραπται
428 662 554 731 γοῦν
582 665 639 716 ὲν
674 661 908 734 Ἱερεμίᾳ.
936 663 1138 724 οὕτως·
1171 656 1318 714 Είπε
1355 663 1566 728 Κύριος
1607 664 1640 714 ὁ

119 761 239 824 Θεὸς
297 754 522 822 Ἰσραὴλ
570 753 718 821 πρὸς
763 751 861 822 μέ·
917 751 1070 806 Λάϐε
1106 753 1171 804 τὸ
1217 750 1498 819 ποτήριον
1533 751 1639 805 τοῦ

112 850 256 906 οἴνου
281 842 380 898 τοῦ
403 843 657 912 ἀκράτου
683 844 751 896 ἐκ
772 844 966 911 χειρός
980 860 1119 912 μου,
1139 843 1231 896 καί
1256 840 1475 908 ποτιεῖς
1495 840 1638 895 αὐτὸ

112 940 280 994 πάντα
305 935 374 988 τὰ
401 935 562 1002 ἔθνη,
601 933 747 1000 πρὸς
775 933 813 988 ἁ
839 933 953 1003 ἐγὼ
984 931 1367 998 ἐξαποστελῶ
1393 950 1470 986 σε
1492 932 1639 1002 πρὸς

107 1028 316 1092 αὐτούς.
351 1025 460 1078 Kal
507 1026 743 1078 πῖονται
779 1024 876 1077 καὶ
909 1024 1278 1094 ἐξεμοῦνται,
1324 1023 1422 1077 καὶ
1459 1024 1638 1092 ἐκμα-

103 1120 361 1186 miomne
401 1117 518 1169 ἀπὸ
561 1114 880 1185 προσώπου
921 1115 1029 1184 τῆς
1063 1116 1378 1184 μαχαίρας,
1413 1111 1488 1185 ἧς
1525 1116 1638 1186 ἐγὼ

100 1207 386 1265 ἀποστελῶ
416 1206 720 1275 ἁναμέσον
747 1205 964 1261 αὐτῶν.
992 1206 1100 1260 Καὶ
1126 1206 1346 1260 ἔλαϐον
1368 1205 1434 1260 τὸ
1458 1205 1639 1273 ποτή-

94 1318 209 1368 ριον
227 1300 289 1353 ἐκ
312 1299 502 1367 χειρὸς
524 1298 765 1365 Κυρίου,
791 1297 890 1351 καὶ
911 1298 1164 1353 ἐπότισα
1184 1297 1380 1351 πάντα
1404 1297 1475 1351 τὰ
1492 1297 1634 1367 ἔθνη

97 1390 222 1459 πρὸς
247 1389 285 1443 ἃ
305 1388 622 1443 ἀπέστειλέ
641 1407 717 1458 με
735 1391 949 1458 Κύριος
975 1389 1067 1442 ἐπ’
1093 1391 1263 1458 αὐτὰ,
1283 1389 1398 1459 τὴν
1429 1392 1634 1460 Ἰερου-

96 1481 276 1550 σαλὴμ
300 1482 396 1534 καὶ
421 1481 530 1548 τὰς
554 1483 760 1546 πόλεις
802 1480 1005 1544 Ἰούδα,
1032 1481 1130 1536 καὶ
1147 1482 1426 1548 ,ϐασιλεῖς
1450 1482 1633 1536 αὐτοῦ

94 1571 175 1623 καί
200 1571 487 1641 ἄρχοντας
517 1573 726 1635 αὐτοῦ,
758 1572 862 1626 τοῦ
892 1572 1075 1626 θεῖναι
1116 1574 1337 1640 αὐτοὺς
1374 1574 1462 1638 είς
1501 1571 1636 1642 ἐρή-

89 1678 273 1730 μωσιν,
310 1663 407 1715 καὶ
432 1665 523 1729 εἰς
554 1663 775 1718 ἄϐατον
811 1663 909 1717 καὶ
946 1665 1034 1728 εὶς
1059 1666 1370 1733 συριγμόν·
1404 1665 1500 1718 καὶ
1528 1665 1634 1718 τὸν

90 1753 269 1822 Φαραὼ
289 1754 557 1818 βασιλέα
581 1757 876 1824 Αἰγύπτου
903 1755 999 1808 καὶ
1022 1755 1162 1820 τοὺς
1181 1756 1395 1823 παῖδας
1423 1758 1630 1820 αὑτοῦ,

88 1846 168 1899 καὶ
204 1847 336 1912 τοὺς
370 1823 740 1917 μεγιστᾶνας
781 1847 986 1903 αὐτοῦ·
1035 1848 1128 1901 καὶ
1172 1847 1297 1918 ἑξῆς
1339 1866 1488 1919 φησι·
1525 1848 1635 1903 Καὶ
1667 1823 1706 1878 Β

84 1934 291 2002 πάντας
323 1938 466 2002 τοὺς
491 1939 772 2005 βασιλεῖς
800 1939 912 2008 τῆς
957 1938 1068 2009 γῆς
1107 1938 1224 1992 τῶν
1250 1941 1632 2010 ἀλλοφύλων,

85 2026 182 2095 τὴν
218 2027 580 2093 Ἀσκάλωνα,
621 2030 719 2085 καὶ
754 2034 868 2098 τὴν
902 2029 1117 2093 Γάζαν,
1152 2032 1250 2084 καὶ
1286 2031 1400 2100 τὴν
1439 2033 1636 2087 Ἀκκά-

73 2133 201 2187 ρων,
233 2119 328 2171 καὶ
363 2118 480 2187 τὴν
530 2120 878 2190 Ἰδουμαίαν,
923 2123 1020 2174 καὶ
1053 2121 1166 2190 τὴν
1192 2124 1504 2188 Μωαϐῖτιν,
1537 2123 1634 2177 καὶ

76 2209 201 2275 τοὺς
227 2212 394 2277 υἱοὺς
433 2211 679 2281 Ἄμμὼν,
714 2212 812 2266 καὶ
847 2213 1076 2280 πάντας
1105 2214 1386 2280 βασιλεῖς
1420 2216 1630 2285 Τύρου,

72 2297 283 2364 πάντας
303 2302 599 2369 βασιλεῖς
622 2302 901 2368 Σιδῶνος,
943 2304 1041 2357 καὶ
1089 2305 1318 2369 πάντας
1351 2307 1634 2371 ,ϐασιλεῖς

70 2388 247 2453 νήσου
283 2391 430 2456 τοὺς
471 2393 541 2445 ἐν
569 2392 650 2458 τῷ
679 2391 868 2462 πέραν
903 2393 1020 2463 τῆς
1059 2394 1392 2463 θαλάσσης.
1433 2396 1565 2449 Μεθ’
1597 2397 1632 2449 ἃ

69 2481 292 2550 ἐπιλέγει
332 2483 538 2547 οὕτως·
570 2485 718 2539 Εἷπε
743 2487 958 2555 Κύριος
990 2485 1408 2555 παντοκράτωρ
1429 2488 1461 2539 ὁ
1491 2487 1633 2550 Θεὸς

79 2572 315 2641 Ἰσραήλ·
342 2576 527 2629 Πίετε
551 2577 650 2629 καί
671 2579 1028 2647 μεθύσθητε,
1059 2579 1158 2632 καὶ
1180 2577 1512 2647 ἐξεμέσετε,
1534 2579 1631 2631 καὶ

67 2666 303 2731 πεσεῖτε,
339 2669 445 2722 καὶ
483 2671 554 2722 οὺ
579 2669 665 2738 μὴ
704 2670 1004 2740 ἀναστῆτε
1031 2671 1146 2726 ἀπὸ
1174 2670 1492 2740 προσώπου
1527 2671 1633 2738 τῆς

63 2757 359 2825 μαχαίρας,
382 2755 469 2828 ἧς
493 2760 606 2828 ἐγὼ
627 2760 942 2815 ἀποστελῶ
975 2761 1280 2831 ἀναμέσον
1312 2760 1495 2830 ὑμῶν.
1521 2761 1632 2814 Καὶ

63 2846 217 2900 ἔσται
256 2849 406 2902 ὅταν
431 2849 526 2919 μὴ
555 2851 896 2914 ,βούλωνται
920 2851 1206 2918 δέξασθαι
1248 2851 1308 2905 τὸ
1349 2852 1634 2921 ποτήριον

62 2934 122 2985 ἐκ
144 2935 248 3004 τῆς
271 2941 486 3007 χειρός
514 2954 652 3004 σου,
682 2937 836 2994 ὥστε
864 2940 1041 3005 πιεῖν,
1068 2941 1164 2995 καὶ
1186 2941 1341 3010 ἐρεῖς
1367 2942 1513 3010 πρὸς
1536 2943 1633 2995 αὐ-

61 3027 206 3091 τούς.
240 3030 448 3096 Οὕτως
475 3027 604 3084 εἶπε
634 3032 848 3101 Κύριος
885 3031 1003 3086 τῶν
1025 3033 1349 3102 δυνάμεων·
1387 3035 1632 3098 Πιύλντες

58 3117 271 3172 πίεσθε.
321 3121 404 3172 Δι’
440 3113 523 3173 ὧν
568 3120 805 3174 διδάσκει
853 3123 882 3174 ὁ
913 3121 1067 3190 λόγος
1090 3122 1244 3193 δίκην
1291 3122 1473 3194 ίατροῦ
1518 3126 1629 3186 τοῖς
1656 3163 1700 3221 C

57 3207 316 3279 δεομένοις
369 3212 586 3281 πικρᾶς
632 3212 902 3265 ἀντιδὸτου
953 3212 1044 3266 τὸν
1095 3212 1226 3266 Θεὸν
1267 3214 1488 3282 ἐπάγειν
1531 3213 1628 3277 τὰς

54 3298 311 3365 κολάσεις,
367 3302 457 3366 ὡς
504 3302 569 3356 ἂν
616 3302 892 3373 ὲμέσαιεν,
946 3303 1038 3356 καὶ
1088 3303 1480 3357 ἀποκενώσειεν
1531 3305 1630 3378 τὴν

56 3390 424 3448 πλεονάσασαν
461 3395 518 3446 ἐν
549 3394 729 3458 αὐτοῖς
762 3395 981 3448 κακίαν·
1016 3396 1108 3448 καὶ
1135 3393 1356 3466 πρώτην
1377 3412 1438 3464 γε
1461 3395 1628 3466 αὐτὴν

49 3484 135 3554 τὴν
177 3485 552 3557 Ἰερουσαλὴμ
577 3485 670 3540 τοῦ
704 3486 981 3557 λεχθέντος
1013 3486 1176 3540 ποτοῦ
1213 3489 1481 3540 πιεῐσθαι·
1510 3484 1628 3541 εἶτα

49 3571 100 3627 δὲ
133 3576 201 3629 τὰ
241 3577 414 3631 λοιπά
457 3578 605 3650 ἔθνη,
637 3579 712 3642 ὡς
739 3579 831 3632 καὶ
864 3578 1078 3632 πάντων
1103 3579 1199 3650 τῆς
1227 3579 1417 3650 ὁμοίας
1446 3578 1630 3645 τευξο-

50 3665 215 3737 μένων
261 3670 600 3741 καθάρσεως
645 3671 732 3723 διὰ
782 3671 888 3724 τῶν
943 3670 1397 3740 ὲπαχθησομένων
1447 3671 1628 3732 αὐτοῖς

44 3759 343 3830 τιμωριῶν.
391 3761 509 3813 Καὶ
553 3760 612 3812 τὸ
651 3760 820 3831 παρὸν
855 3755 946 3813 οὖν
979 3759 1154 3827 λόγιον
1190 3759 1537 3831 καταλλήλως
1560 3762 1626 3831 τῇ

41 3852 355 3922 προφητικῇ
414 3849 736 3919 διδασκαλίᾳ
785 3851 1040 3920 ποτήριον
1091 3843 1228 3902 εἷναι
1279 3846 1515 3900 διδάσκει
1571 3850 1627 3900 ἐν

38 3942 178 4010 χειρὶ
203 3941 450 4012 Κυρίου,
475 3942 534 3992 ὲν
558 3933 602 4007 ᾧ
621 3941 745 4004 τοὺς
768 3940 994 3993 ἑκάστου
1019 3939 1262 4008 καρποὺς
1286 3936 1624 4006 συναγαγὼν,

37 4030 218 4105 ὥσπερ
259 4035 518 4106 ἄκρατον
561 4029 700 4088 οἶνον
744 4031 1050 4106 ἐργάζεται.
1099 4026 1210 4084 Εἶτ’
1254 4030 1526 4082 ἐπιδίδωσι
1569 4029 1628 4083 τὸ

35 4129 150 4177 κατ’
176 4125 344 4190 ἀξίαν
375 4125 536 4196 πόμα
560 4124 838 4193 ἀναλόγως
862 4126 978 4208 ταῖς
1001 4124 1227 4178 ἑκάστου
1261 4121 1489 4193 πράξεσι
1517 4139 1631 4194 κιρ-

30 4216 132 4268 νῶν
184 4219 326 4270 αὐτὸ
371 4216 524 4271 κατὰ
560 4217 650 4268 τὸν
683 4215 777 4268 τοῦ
809 4214 1015 4268 δικαίου
1061 4214 1234 4283 λόγον.
1276 4213 1368 4285 Μὴ
1397 4213 1504 4285 γὰρ
1529 4215 1627 4278 τὰς

31 4307 238 4374 φαύλας
280 4310 529 4380 πράξεις
568 4308 732 4378 μόνας
783 4308 1035 4371 ἑκάστου,
1072 4305 1211 4360 ἀλλά
1242 4307 1335 4359 καὶ
1363 4305 1462 4369 τὰς
1487 4307 1627 4374 ἀγα-

25 4402 119 4462 θὰς
141 4399 506 4468 λογίζεσθαι,
533 4397 872 4469 σταθμᾶσθαι
900 4414 959 4450 τε
987 4396 1173 4466 ὥσπερ
1200 4396 1509 4468 συμμετρίᾳ
1535 4397 1628 4450 καὶ

1741 564 1916 618 minus
1955 561 2096 618 Deus
2134 561 2309 616 Israel
2339 562 2406 616 ad
2438 579 2518 616 me
2541 602 2557 627 ,
2591 563 2748 618 Sume
2776 565 2994 618 calicem
3025 567 3131 620 sini
3164 569 3297 622 meri

1739 655 1803 709 de
1847 671 2005 708 manu
2051 671 2186 720 mea,
2255 663 2304 707 et
2345 654 2548 723 potabis
2593 656 2706 723 ipso
2751 673 2926 711 omnes
2956 666 3182 728 .geutes,
3227 659 3298 713 ad

1737 763 1867 816 quas
1896 762 1987 816 ego
2019 747 2221 798 mittam
2251 754 2316 800 te.
2350 745 2415 800 Et
2449 745 2619 799 bibent
2647 755 2696 798 et
2727 757 2926 801 voment
2953 759 3003 803 et
3032 751 3297 805 insanient

1739 853 1772 890 a
1793 836 1926 904 [acie
1946 837 2140 907 gladii,
2164 852 2312 906 quem
2337 853 2425 906 ego
2448 837 2654 889 ntittam
2677 837 2731 890 in
2754 837 2978 891 medium
2999 856 3198 895 eorum.
3226 841 3297 894 Et

1739 931 1912 999 accepi
1957 932 2172 983 calicem
2211 930 2274 983 de
2318 945 2477 983 manu
2521 929 2770 994 Domini,
2812 940 2859 984 et
2901 933 3075 999 patavi
3117 925 3321 988 omncs'

1736 1031 1908 1092 gentes
1958 1021 2026 1076 ad
2057 1039 2184 1090 quas
2216 1024 2358 1075 misit
2386 1039 2463 1074 me
2498 1021 2750 1076 Dominus
2769 1037 2788 1075 :
2815 1021 3114 1078 Jerusalem
3139 1036 3189 1080 et
3217 1027 3296 1081 ci-

1737 1111 1920 1164 vitates
1945 1109 2085 1166 Iuda
2106 1150 2120 1174 ,
2149 1128 2290 1181 reges
2318 1111 2430 1180 ejus
2458 1120 2508 1165 et
2537 1112 2796 1179 principes
2826 1113 2973 1182 ejus,
3005 1113 3074 1168 ad
3100 1111 3300 1184 ponen-

1732 1203 1860 1255 dum
1891 1219 1978 1257 eos
2005 1205 2061 1256 in
2091 1203 2463 1267 solitudinem,
2494 1203 2551 1256 in
2583 1203 2810 1268 inviam,
2838 1215 2886 1259 et
2914 1205 2972 1259 in
2999 1207 3302 1264 subsanna-

1739 1295 1926 1347 tionem
1951 1310 1968 1347 :
1992 1303 2044 1347 et
2070 1293 2402 1348 Pharaonem
2430 1311 2597 1364 regem
2622 1294 2841 1366 {Egypti
2860 1338 2873 1360 ,
2899 1306 2949 1351 et
2972 1314 3162 1367 pueros
3179 1300 3298 1368 ejus

1732 1394 1784 1440 et
1812 1387 2087 1454 optimates
2119 1387 2231 1455 ejus
2264 1388 2305 1417 “
2333 1403 2348 1451 ;
2377 1401 2440 1439 ac
2471 1387 2727 1457 deinceps
2753 1388 2833 1442 ait
2857 1407 2868 1443 :
2905 1387 2974 1442 Et
3003 1408 3180 1446 omnes
3210 1411 3298 1449 re-

1735 1490 1820 1544 ges
1849 1485 2001 1529 terra?
2035 1475 2478 1545 alienigenarum,
2508 1477 2853 1541 Ascalonem,
2885 1479 3086 1534 Gazam
3113 1493 3163 1536 et
3194 1489 3303 1537 Ac-

1731 1584 1977 1622 caronem
1997 1609 2012 1633 ,
2048 1567 2341 1623 Idumwam
2373 1578 2424 1622 et
2463 1567 2807 1624 Moabitidem
2833 1612 2845 1636 ,
2871 1573 3010 1641 ﬁlios
3031 1575 3256 1629 Ammon
3278 1615 3297 1641 ,

1731 1669 1781 1713 et
1809 1676 1981 1714 omnes
2011 1677 2150 1731 reges
2181 1660 2342 1730 Tyri,
2371 1670 2421 1715 et
2446 1678 2622 1716 omnes
2654 1680 2796 1734 reges
2823 1663 3037 1719 Sidonis
3057 1706 3073 1730 ,
3101 1675 3151 1720 et
3185 1685 3302 1721 ont-

1734 1770 1820 1806 nes
1845 1769 1984 1822 reges
2010 1751 2207 1808 Insula:
2232 1762 2379 1806 trans
2405 1770 2549 1808 mare
2575 1754 2642 1809 “.
2675 1754 2870 1811 Postea
2897 1771 3028 1812 vero
3055 1759 3136 1813 sic
3163 1776 3301 1815 con-

1733 1844 1905 1898 cludit
1934 1863 1946 1898 :
1978 1844 2126 1898 Dixit
2158 1843 2411 1897 Dominus
2441 1846 2769 1915 omnipotens
2799 1846 2938 1902 Deus
2964 1848 3136 1903 Israel
3159 1867 3178 1905 :
3202 1852 3302 1904 Bi-

1735 1934 1837 1988 bite
1861 1944 1910 1988 et
1943 1935 2306 1999 inebriamini,
2336 1945 2386 1988 et
2416 1937 2628 1990 vometis
2653 1976 2668 2001 ,
2700 1948 2748 1991 et
2782 1941 3135 2005 procumbetis
3155 1982 3172 2007 ,
3205 1961 3298 1998 nec

1733 2026 2010 2095 resurgetis
2034 2043 2072 2079 a.
2091 2026 2224 2094 facie
2245 2026 2411 2096 gladii
2431 2067 2444 2090 ,
2468 2043 2619 2097 quem
2640 2044 2732 2098 ego
2758 2031 2963 2082 mittam
2987 2032 3040 2085 in
3068 2033 3296 2088 medium

1733 2119 1908 2170 vestri.
1937 2116 2003 2169 Et
2029 2119 2160 2182 erit,
2186 2118 2234 2171 si
2255 2119 2517 2172 noluerint
2543 2121 2774 2187 accipere
2799 2121 3018 2176 calicem
3043 2123 3107 2177 de
3133 2142 3297 2179 manu

1734 2216 1823 2260 tua
1842 2249 1858 2274 ,
1891 2217 1947 2260 ut
1975 2207 2182 2272 bibant,
2212 2207 2352 2261 dices
2381 2207 2449 2259 ad
2479 2224 2565 2262 eos
2587 2249 2604 2274 ,
2638 2208 2727 2263 Sic
2753 2209 2884 2263 dicit
2909 2210 3167 2268 Dominus
3197 2215 3302 2268 vir-

1734 2307 1901 2358 tutum
1918 2340 1932 2362 ,
1957 2299 2180 2353 bibentes
2211 2298 2392 2352 bibetis
2417 2300 2483 2354 ".
2513 2298 2677 2365 Queis
2699 2300 2982 2368 ediscitur,
3015 2303 3183 2360 Deum
3211 2308 3298 2362 in—

1733 2402 1846 2447 star
1884 2391 2116 2455 medici,
2157 2405 2402 2444 amarum
2428 2392 2730 2446 antidotum
2757 2395 3040 2464 egentibus
3067 2396 3295 2465 otIerre,

1732 2497 1926 2552 nempe
1965 2481 2383 2552 castigationes,
2417 2490 2475 2534 ut
2504 2491 2792 2548 evomant,
2826 2485 3201 2556 malitiamque
3229 2488 3299 2542 il-

1731 2570 1839 2625 lam
1885 2572 2268 2626 exuberantem
2313 2585 2476 2642 quam
2518 2572 2666 2626 intus
2704 2573 2906 2630 habent
2951 2587 3295 2648 exonerent;

1731 2663 2074 2734 primamque
2104 2661 2407 2719 Jerusalem
2441 2679 2506 2720 eo
2537 2665 2708 2719 calice
2738 2667 3065 2736 potandam;
3101 2668 3299 2724 deinde

1732 2754 1968 2824 reliquas
2007 2765 2229 2826 gentes,
2272 2755 2398 2826 quia
2428 2770 2616 2811 omnes
2650 2755 2813 2811 simili
2848 2760 3167 2829 purgatione
3200 2776 3299 2830 per

1731 2846 1910 2906 illatas
1934 2847 2318 2917 castigationes
2345 2849 2642 2902 evacuandi
2665 2859 2813 2905 sunt.
2834 2851 3084 2907 Praesens
3113 2852 3299 2922 itaque

1731 2935 1998 2990 sententia
2039 2937 2262 3006 perinde
2308 2943 2472 3006 atque
2524 2938 2840 3009 prephetica
2887 2940 2976 2994 illa
3012 2940 3294 3007 doctrina,

1731 3027 1952 3082 calicem
1983 3043 2103 3082 esse
2127 3028 2283 3082 docet
2313 3029 2367 3083 in
2403 3043 2567 3084 manu
2594 3029 2850 3098 Domini;
2887 3033 2944 3088 in
2971 3049 3079 3104 quo
3109 3036 3300 3106 singu-

1731 3119 1906 3172 lorum
1945 3118 2155 3173 fructus
2207 3120 2504 3188 colligens,
2556 3121 2712 3190 quasi
2743 3138 2956 3177 merum
2991 3125 3173 3180 vinum
3202 3144 3298 3182 cx-

1732 3211 1934 3282 priniit.
1978 3210 2182 3265 Deinde
2213 3227 2339 3266 vero
2372 3228 2470 3281 pro
2497 3211 2728 3280 justitite
2762 3215 2994 3281 ratione,
3029 3226 3082 3272 et
3108 3219 3299 3288 cujus-

1730 3319 1835 3374 que
1886 3303 2081 3357 merito
2122 3312 2308 3372 potum
2347 3311 2690 3374 temperans,
2717 3306 2982 3378 cujusque
3017 3311 3298 3367 actionum

1731 3393 2080 3462 proportione
2109 3393 2290 3447 habita
2314 3433 2328 3455 ,
2364 3394 2497 3463 ipsis
2530 3394 2822 3450 bibendum
2861 3398 3132 3468 propinat.
3175 3400 3299 3458 Non

1728 3487 1870 3541 enim
1906 3502 2070 3555 prava
2099 3487 2365 3540 duntaxat
2394 3487 2733 3558 singulorum
2764 3505 2931 3559 opera
2955 3529 2971 3555 ,
3003 3492 3098 3546 sed
3126 3495 3296 3550 etiam

1728 3579 1872 3632 bona
1898 3577 2259 3633 examinanda
2287 3587 2340 3633 et
2369 3596 2523 3650 aequa
2558 3581 2710 3637 lance
2743 3584 3093 3653 ponderanda
3121 3596 3252 3641 sunt
3288 3635 3293 3640 .

1729 3677 1891 3739 atque
1915 3677 2304 3740 congruentem
2335 3671 2669 3742 singulorum
2703 3677 2962 3742 operibus
2985 3685 3170 3745 potum
3206 3693 3297 3747 pa-

1729 3776 1851 3816 rare
1893 3777 2030 3831 opus
2081 3769 2183 3816 est.
2214 3761 2369 3826 Quod
2407 3763 2524 3832 ipse
2555 3765 2797 3819 declarat
2827 3766 2912 3821 his
2941 3768 3121 3822 verbis
3149 3786 3162 3822 :
3222 3767 3293 3822 Et

1728 3848 1996 3905 inclinavit
2036 3867 2100 3905 ex
2142 3851 2236 3905 hoc
2276 3853 2330 3905 in
2375 3853 2509 3915 hoc;
2553 3855 2626 3908 ita
2670 3862 2726 3907 ut
2766 3871 2873 3909 una
2914 3858 3293 3915 commistione

1730 3946 1869 3998 mala
1901 3946 2236 4014 singulorum
2265 3959 2428 4012 opera
2459 3946 2616 4002 bonis
2645 3955 3030 4018 temperentur.
3063 3949 3170 4006 Pro
3201 3952 3295 4006 illo

1730 4045 1910 4090 autem
1929 4075 1943 4096 ,
1981 4035 2266 4089 Inclinarit
2304 4052 2368 4090 ea:
2395 4036 2490 4090 hoc
2520 4039 2577 4090 in
2608 4037 2703 4091 hoc
2723 4078 2739 4104 ,
2783 4038 3140 4111 Symmachus
3159 4085 3174 4110 ,
3204 4043 3295 4099 Ita

1729 4139 1784 4182 ut
1815 4129 2025 4182 trulnmt
2053 4128 2116 4182 ab
2146 4131 2257 4198 ipso
2284 4170 2300 4196 ,
2334 4130 2721 4200 interpretatus
2753 4144 2838 4187 est
2864 4153 2879 4201 ;
2915 4143 2969 4189 et
3009 4145 3066 4190 ut
3103 4136 3293 4193 fmcem

1729 4215 1916 4268 bibant
1948 4230 2137 4269 omnes
2170 4224 2489 4285 peccatores
2529 4225 2709 4274 terrai.
2759 4219 2880 4275 i\'on
2920 4225 3064 4278 enim
3104 4227 3293 4281 mistio

1727 4311 2061 4374 temperata,
2100 4304 2192 4358 sed
2225 4305 2369 4374 quod
2400 4314 2703 4360 extremum
2738 4323 2800 4361 ac
2845 4310 3118 4365 turbidum
3165 4321 3249 4366 est
3273 4353 3298 4379 ,ν

1728 4395 1972 4464 gravium
2001 4395 2264 4450 scelerum
2292 4395 2399 4448 reis
2427 4405 2753 4451 reservatur.
2784 4397 2962 4462 Quare
2992 4399 3293 4453 secundum

43 4492 376 4562 κατάλληλον
426 4495 541 4554 τοῖς
595 4491 824 4545 ἑκάστου
875 4479 1054 4561 ἔργοις
1098 4487 1514 4559 ἀπεργάσασθαι
1566 4490 1625 4542 τὸ

1733 4481 2112 4553 Symmachum
2138 4485 2344 4539 dictum
2368 4492 2452 4540 est
2473 4505 2484 4538 :
2503 4486 2867 4542 Verumtamen
2884 4489 3034 4556 faces
3046 4489 3159 4558 ejus
3173 4498 3295 4560 gut-

17 4585 233 4654 κρ-Ξμα.
273 4585 347 4638 Ὃ
371 4583 448 4652 δὴ
476 4582 770 4654 παρίστησι
797 4579 969 4647 λέγον·
998 4578 1108 4632 Kal
1133 4580 1373 4632 ἔκλινεν
1393 4578 1462 4631 ἐκ
1489 4582 1622 4634 τού-

1733 4583 1881 4636 tatim
1913 4583 2200 4651 expriment
2227 4581 2452 4637 bibentes
2484 4585 2706 4652 improbi
2737 4596 2911 4640 terrae.

18 4694 123 4730 του
159 4681 255 4743 εις
296 4679 522 4732 τοῦτο·
575 4677 650 4740 ὡς
704 4677 769 4730 ἂν
819 4675 918 4746 μία
955 4673 1165 4742 γένοιτο
1208 4674 1403 4744 κρᾶσις
1440 4673 1550 4727 τῶν
1587 4693 1646 4729 τε
1686 4679 1916 4732 ἑκάστου
1988 4677 2272 4750 μοχθηρῶν
2307 4677 2556 4750 πράξεων
2606 4679 2699 4732 καὶ
2744 4679 2852 4732 τῶν
2893 4674 3295 4752 χρηστοτέρων.

25 4769 174 4823 Ἀντὶ
215 4771 280 4824 δὲ
333 4768 469 4832 τοῦ,
525 4768 862 4835 Ἑξέκλινεν
926 4766 994 4820 ἐκ
1033 4766 1248 4820 τούτου
1293 4769 1380 4830 είς
1425 4767 1623 4833 τοῦτο,
1665 4771 1693 4823 ὁ
1732 4769 2046 4841 Σύμμαχος,
2093 4771 2270 4824 ’Ὥστε
2318 4771 2519 4825 ἕλκειν
2569 4772 2668 4824 ἀπ’
2714 4772 2920 4835 αὺτοῦ,
2963 4774 3294 4844 ἡρμήνευσε·

9 4864 109 4933 τὴν
143 4865 207 4918 δὲ
245 4864 458 4936 τρύγα
494 4862 729 4916 πιείσθαι
756 4861 963 4922 πάντας
990 4861 1114 4923 τοὺς
1141 4859 1494 4932 ἁμαρτωλοὺς
1526 4862 1629 4932 τῆς
1658 4864 1779 4934 γῆς.
1817 4866 2009 4920 Οὐκέτι
2041 4865 2148 4936 γάρ
2173 4867 2380 4936 κρᾶμα,
2403 4865 2539 4920 ἀλλὰ
2585 4866 2645 4918 τὸ
2687 4866 2910 4936 ἔσχατον
2947 4868 3040 4921 καὶ
3079 4867 3298 4938 θολερὸν

9 4960 118 5020 τοῖς
143 4959 221 5013 τὰ
248 4957 492 5028 μεγάλα
519 4955 889 5028 ἡμαρτηκόσιν
917 4953 1319 5008 ἀποκείσεσθαι.
1356 4954 1446 5008 Διὸ
1478 4955 1621 5009 κατά
1657 4958 1747 5010 τὸν
1776 4959 2065 5030 Σύμμαχον
2091 4960 2323 5031 εἴρηται·
2353 4960 2525 5029 Πλὴν
2574 4962 2679 5024 τὰς
2740 4962 2982 5030 τρυγίας
3007 4963 3298 5030 ἐκστραγ-

10 5053 219 5121 γιοῡσι
256 5055 563 5117 πίνοντες
587 5055 638 5105 οὶ
667 5049 886 5120 φαῦλοι
929 5048 1040 5116 τῆς
1070 5049 1204 5118 γῆς.
1399 5123 1406 5129 _

86 5173 244 5242 Ἐγὼ
280 5171 363 5224 δὲ
390 5169 712 5240 ἀπαγγελῶ
735 5173 822 5234 εἰς
851 5168 955 5222 τὸν
977 5166 1180 5230 αἰῶνα,
1210 5167 1388 5235 ψαλῶ
1409 5167 1487 5232 τῷ
1507 5167 1626 5232 Θεῷ

1801 5167 1964 5224 Vens.
1999 5169 2084 5233 10,
2121 5168 2211 5222 Η.
2248 5167 2357 5238 Ego
2379 5175 2552 5220 autem
2576 5166 2902 5219 annuntiabo
2926 5167 2981 5219 in
3001 5168 3256 5220 sa’culum
3273 5207 3288 5227 .

12 5262 250 5317 Ἰακώϐ.
291 5261 392 5315 Τὰ.
427 5261 522 5329 μὲν
549 5259 912 5331 προλεχθέντα
945 5259 1122 5313 πάντα
1150 5255 1278 5311 εἶπα
1305 5262 1418 5321 τοῖς
1451 5275 1628 5329 παρα-

1733 5255 1950 5310 cantab'o
1983 5255 2092 5309 Deo
2121 5255 2310 5309 Jacob.
2345 5254 2517 5323 Supra
2553 5265 2852 5308 memorata
2885 5257 3068 5310 omnia
3100 5259 3287 5326 inique

9 5356 290 5424 νομοῦσι,
362 5352 471 5404 καὶ
523 5352 896 5423 διεστειλὰμην
956 5353 1126 5405 ἅπασι
1191 5351 1623 5421 μαρτυράμενος.

1733 5350 2011 5418 agentibus
2049 5347 2188 5412 dixi,
2231 5355 2285 5402 et
2329 5353 2669 5400 contestatus
2713 5347 2970 5401 omnibus
3021 5355 3291 5418 praecepta

11 5446 164 5514 Ἐγὼ
203 5445 271 5497 δὲ
320 5443 355 5496 ὁ
394 5443 654 5514 ἀνωτέρω
687 5442 870 5496 εἰπών·
910 5440 1274 5510 Διηγήσομαι
1301 5439 1374 5494 τὰ
1400 5437 1624 5509 θαυμά-

1733 5437 1872 5491 dedi.
1901 5439 2010 5507 Ego
2035 5449 2162 5490 vero
2184 5436 2276 5503 qui
2299 5435 2552 5504 superius
2575 5434 2716 5500 dixi,
2748 5433 2993 5489 Narrabo
3019 5435 3291 5490 mirabilia

9 5539 107 5590 7ιά
155 5551 321 5600 σου,
382 5533 535 5586 ὅταν
575 5531 737 5587 λάϐω
791 5533 1016 5602 καιρόν·
1074 5532 1166 5584 καὶ
1210 5530 1370 5584 πάλιν
1424 5532 1619 5601 φήσας·

1733 5539 1837 5592 [αα.
1868 5546 1985 5582 cum
2016 5542 2258 5592 accepero
2294 5536 2492 5595 tempus
2526 5526 2593 5557 ⁸³·
2622 5544 2636 5592 ;
2673 5543 2734 5581 ac
2767 5542 2984 5581 rursum
3013 5546 3026 5582 :
3065 5527 3176 5597 Ego
3205 5541 3291 5582 rei

9 5631 164 5700 Ἐγὼ
217 5627 584 5692 εὐθύτητας
628 5625 822 5695 κρινῶ·
875 5625 972 5678 καὶ
1026 5620 1178 5686 αὖθις
1237 5621 1425 5676 εἰπών·
1486 5621 1626 5674 Ἐνὼ

1733 5621 2010 5674 ctitudines
2051 5617 2294 5697 iudicabo
2329 5619 2413 5681 "‘;
2456 5621 2797 5680 iterumque,
2832 5618 2944 5688 Ego
2981 5619 3293 5688 conﬁrmavi

68 5786 116 5817 δι
161 5783 270 5839 Jer
343 5793 488 5839 xxv,
523 5779 703 5833 15-19.
781 5779 824 5811 δ’
861 5779 994 5833 ibid.
1026 5777 1214 5835 20-22.
1292 5780 1336 5813 “
1375 5777 1503 5832 ibid.
1531 5777 1602 5831 27
1656 5773 1748 5833 9.8.
1803 5774 2254 5844 _“‘Psal.Lxxt\',
2285 5775 2340 5840 2,
2365 5775 2419 5831 5,
2491 5775 2534 5806 ³⁸
2563 5774 2669 5830 ibid
2725 5776 2759 5829 5

322 5875 612 5937 ΡΑτιιοι..
646 5875 763 5934 Gn.
797 5875 1027 5936 XXHI.

2854 5872 2933 5932 28
