3776 6284
490 352 597 409 8ῗῦ

1153 352 1419 408 EUSEBH
1456 350 1932 408 CESARLENSIS
1972 349 2120 405 OPP.
2164 349 2342 406 PARS
2380 350 2467 407 ill.
2492 381 2559 391 —-
2600 349 3007 405 EXEGETICA.
3536 353 3604 410 ιιι

489 470 905 540 columnasque
940 471 1015 537 ";
1053 480 1337 541 postquam
1372 471 1627 541 praedicta
1674 468 2052 540 peccatoribus

2158 469 2489 537 ἐστερέωσα
2520 468 2662 534 τοὺς
2691 468 2955 532 στύλους
2984 462 3187 532 αὐτῆς·
3217 465 3340 534 μετὰ
3370 483 3417 520 το
3444 469 3609 539 κηρῦξαι

490 560 781 630 praedicari
835 568 889 616 et
940 563 1265 616 testiﬁcatus
1312 577 1469 627 sum,
1501 569 1554 616 et
1584 569 1869 631 postquam
1903 560 2049 630 judi-

487 652 570 707 eis
602 652 866 706 rationem
893 667 1083 706 omnes
1108 651 1296 707 edocui
1325 691 1340 716 ,
1371 652 1500 721 quid
1528 650 1763 705 faciam?
1792 649 1857 704 In
1881 666 2050 705 sacu-

488 744 601 797 lum
634 744 860 798 cantabo
894 743 1003 798 Deo
1034 742 1221 800 Iacob.
1249 743 1385 800 Novi
1414 744 1616 815 quippe
1646 758 1768 798 eum
1802 743 1892 813 qui
1926 743 2050 798 reli-

485 838 626 909 giosi
670 838 769 892 viri
814 838 955 894 Deus
997 846 1114 903 est,
1162 847 1369 909 patrem
1405 855 1529 895 esse
1560 854 1740 894 meum
1777 858 1790 894 :
1838 840 2050 910 ipsique

488 928 723 983 cantabo
743 971 757 995 ,
789 928 892 999 ipsi
926 931 1188 1000 praeclara
1219 938 1370 999 gesta
1400 944 1517 984 mea
1552 930 1909 984 annuutiabo.
1944 928 2049 984 Deo

486 1018 616 1075 inde
644 1034 774 1075 vero
804 1029 1028 1090 accepta
1061 1036 1088 1075 a
1118 1019 1277 1074 Patre
1298 1018 1578 1089 judicandi
1607 1026 1905 1090 potestate,
1939 1037 2052 1074 om-

486 1110 580 1163 nia
626 1124 829 1164 cornua
876 1120 1208 1180 peccatorum
1249 1110 1620 1181 confringam;
1662 1125 1785 1165 cum
1832 1109 2049 1181 quidem

487 1216 599 1271 quo
626 1210 869 1273 tempore
901 1203 1209 1268 tolerantia,
1248 1202 1510 1272 patientia
1541 1209 1595 1257 et
1627 1202 2052 1258 mansuetudine

488 1291 750 1347 utendum
792 1300 947 1358 erat,
993 1293 1143 1364 ipsos
1186 1293 1374 1349 extolli
1419 1293 1827 1360 concesserim;
1862 1308 2050 1349 verum

490 1383 688 1441 in-line
720 1399 924 1439 cornua
966 1400 1155 1440 eorum
1192 1392 1382 1440 contra
1433 1385 1600 1441 Deum
1640 1386 1782 1442 elata
1809 1384 2053 1441 confrin-

488 1495 612 1553 gam
639 1498 655 1548 ;
684 1481 925 1551 'viceque
969 1496 1128 1537 versa
1179 1496 1390 1537 cornua
1431 1482 1602 1552 justi,
1638 1482 1764 1552 quia
1812 1482 2052 1538 demissa

489 1578 688 1636 erant,
753 1573 1026 1629 exaltabo.
1082 1573 1236 1629 Tunc
1283 1588 1412 1629 vero
1459 1574 1788 1629 exaltabitur
1832 1574 2049 1644 justus,

488 1660 708 1732 quando
738 1677 843 1717 una
875 1679 998 1718 cum
1029 1679 1154 1735 rege
1184 1679 1285 1720 suo
1313 1665 1562 1736 regnabit
1588 1664 1884 1721 secundum
1911 1665 2054 1736 Apo-

488 1753 688 1807 stolum
724 1755 818 1824 qui
852 1755 928 1808 alt
951 1753 1261 1810 :’Primitite
1288 1757 1423 1810 enim
1448 1754 1729 1820 Christus;
1751 1755 1936 1810 deinde
1962 1756 2051 1826 qui

2153 560 2247 612 καὶ
2283 557 2661 631 μαρτύρασθαι
2691 557 2760 611 τά
2800 555 3160 629 προλεχθέντα
3200 558 3303 619 τοῖς
3338 557 3609 629 ἁμαρτωλοῖς,

2153 651 2247 704 καὶ
2281 650 2420 721 μετὰ
2446 650 2508 703 τὸ
2533 649 2737 715 διδάξαι
2763 648 3009 719 τὸν.περ’ί
3034 647 3135 717 τῆς
3156 648 3369 721 κρίσεως
3388 648 3511 718 λόγον
3530 656 3613 718 τοὺς

2154 744 2381 808 πάντας,
2423 742 2474 795 τί
2511 741 2733 813 regalia);
2777 744 2881 806 Είς
2914 741 3020 794 τὸν
3053 738 3233 793 αἰῶνα
3259 739 3416 808 ψαλῶ
3442 740 3508 807 τῷ
3533 746 3614 811 θεῷ

2166 836 2376 890 Ἰακώϐ.
2411 831 2543 889 Οἶδα
2570 836 2677 907 γὰρ
2701 834 2939 907 ἐμαυτοῦ
2970 834 3177 906 πατέρα
3197 833 3284 887 τὸν
3302 834 3538 905 γενόμενον
3557 840 3616 893 τοῦ

2154 925 2430 995 θεοφιλοῦς
2459 927 2611 991 Θεὸν,
2659 927 2893 995 κάκείνῳ
2932 924 3104 995 ψαλῶ,
3149 926 3371 997 κάκείνῳ
3405 930 3618 998 ἀπαγγεὶῶ

2152 1016 2220 1070 τά
2263 1018 2502 1089 ὲμαυτοῦ
2545 1018 2960 1090 κατορθώματα.
3006 1015 3118 1071 Εἶθ’
3160 1016 3298 1071 οὕτω
3332 1017 3485 1072 λαϐὼν
3522 1022 3621 1092 παρὰ

2152 1108 2246 1162 τοῦ
2299 1110 2510 1182 Πατρὸς
2553 1111 2652 1182 τὴν
2699 1109 2793 1164 τοῦ
2851 1111 3055 1182 κρίνειν
3101 1108 3358 1175 ἐξουσίαν,
3398 1109 3553 1165 πάντα
3576 1115 3622 1166 τὰ

2154 1200 2370 1270 κέρατα
2414 1202 2531 1256 τῶν
2563 1202 2925 1274 ἁμαρτωλῶν
2966 1202 3307 1273 συγκλάσωο
3350 1206 3624 1275 συγχωρήσας

2159 1291 2256 1362 μὲν
2311 1293 2492 1356 αὐτοῖς
2539 1292 2860 1364 ἐπαίρεσθαι
2909 1292 3050 1346 κατὰ
3087 1291 3285 1363 σκαιρὺν
3332 1293 3439 1346 καθ’
3479 1294 3524 1347 ὃν
3557 1294 3626 1347 ἔδει

2154 1383 2458 1454 χρήσασθαι
2507 1386 2571 1455 τῇ
2621 1385 2811 1455 ἀνοχῇ,
2865 1383 2960 1438 καὶ
2999 1385 3065 1455 τῇ
3121 1383 3451 1455 μακροθυμίᾳ
3483 1386 3624 1458 καὶὴ

2156 1475 2498 1546 χρηστότητι*
2536 1475 2674 1547 πλὴν
2716 1478 2810 1530 ἐπὶ
2844 1475 2984 1529 τέλει
3013 1476 3079 1529 τά
3111 1476 3315 1550 κέρατα
3343 1476 3494 1529 αὐτῶν
3518 1495 3627 1531 xan-

2156 1565 2434 1637 παρθέντα
2473 1567 2566 1621 τοῦ
2611 1566 2743 1622 Θεοῦ
2792 1569 3101 1638 συγκλάσωα
3143 1569 3401 1623 ἀνάπαλιν
3431 1569 3627 1624 eum

2154 1655 2359 1710 δικαίου
2385 1658 2599 1729 ςκέρατα
2632 1656 2850 1726 ὑψώσω,
2894 1657 3123 1728 ἐπείπερ
3157 1653 3226 1730 ἦν
3257 1659 3625 1727 τεταπεινωμένα

2155 1749 2289 1802 Τότε
2333 1749 2390 1803 δὲ
2428 1749 2789 1821 ὑψωθήσεται,
2831 1750 3046 1804 ἐπειδὰν
3086 1750 3444 1823 συμϐασιλεύῃ
3470 1749 3630 1820 τῷὲαν-

488 1845 691 1900 Christi
721 1856 844 1900 sunt
877 1848 932 1901 in
967 1847 1191 1902 adventu
1210 1848 1331 1918 ejus
1354 1865 1374 1913 ;
1395 1848 1581 1905 deinde
1611 1850 1766 1920 ﬁnis,
1790 1866 1908 1903 cum
1941 1858 2051 1904 tra-

2158 1840 2243 1894 τοῦ
2277 1840 2483 1911 βασιλεῖ
2504 1841 2644 1896 κατὰ
2666 1842 2758 1895 τὸν
2796 1841 3131 1907 Ἀπόστολον,
3157 1842 3217 1905 ὃς
3239 1859 3413 1914 φησιν·
3450 1840 3630 1909 Ἀποριῆ

488 1933 684 1989 (fiderit
720 1952 937 2006 regnum
976 1937 1085 1992 Deo
1114 1947 1165 1992 et
1204 1939 1387 2006 Patri,
1420 1955 1539 1993 cum
1575 1938 1895 1995 destruxerit
1938 1957 2054 1995 om-

486 2042 604 2081 nem
632 2036 943 2097 potestatem
971 2037 1020 2083 et
1057 2032 1299 2085 virtutem
1320 2031 1395 2084 “.
1427 2031 1657 2098 Quando
1685 2032 1895 2087 scilicet
1922 2031 2055 2101 justi

484 2118 612 2175 vita:
646 2120 972 2176 immortalis
1012 2123 1241 2179 calicem
1282 2123 1511 2192 bibent;
1550 2138 1711 2195 quem
1753 2124 1890 2193 ipsis
1929 2140 2057 2194 pro-

487 2210 639 2266 misit
675 2210 863 2267 dicens
894 2231 907 2267 :
942 2212 1119 2268 Donec
1159 2213 1336 2268 bibam
1376 2215 1530 2269 illum
1570 2231 1758 2270 novum
1788 2215 2056 2270 nobiscum

487 2301 546 2356 in
579 2318 736 2372 regno
765 2304 1012 2358 certorum
1040 2306 1107 2362 ⁵⁷.

569 2577 621 2633 1.
663 2575 732 2632 ΙΝ
788 2576 1020 2639 FINEM,
1063 2578 1129 2633 IN
1172 2578 1454 2643 HYMNIS,
1498 2580 1823 2637 PSALMUS
1860 2576 2019 2638 lPSl-

807 2648 1058 2715 ASAPH,
1101 2649 1482 2707 CANTICUM.
1526 2651 1737 2706 LXXV.

560 2757 731 2816 Vsus.
766 2759 821 2828 2,
857 2763 910 2817 5.
948 2760 1123 2817 Notus
1150 2764 1204 2817 in
1228 2761 1425 2817 Judaza
1450 2763 1590 2819 Deus
1610 2805 1625 2830 ,
1651 2766 1705 2819 in
1733 2763 1910 2820 Israel
1938 2782 2056 2819 ma-

2154 1934 2265 2004 τὰρ
2287 1932 2557 2001 Χριστόςο
2592 1929 2720 1987 εἶτα
2743 1936 2797 1987 οί
2815 1933 2920 1987 τοῦ
2949 1934 3206 2003 Χριστοῦ
3235 1934 3305 1987 ὲν
3322 1933 3391 2002 τῇ
3414 1934 3634 2002 παρουσίᾳ

2153 2022 2360 2077 αὐτοῦ·
2395 2019 2522 2077 εἶτα
2552 2024 2618 2076 τό
2642 2022 2833 2088 τέλος,
2878 2023 3026 2077 ὅταν
3064 2022 3365 2093 παραδιδῷ
3399 2022 3497 2089 τὴν
3510 2022 3634 2086 ,ϐασι-

2154 2109 2327 2162 λείαν
2354 2108 2433 2173 τῷ
2463 2107 2583 2174 Θεῷ
2610 2108 2708 2163 καὶ
2733 2110 2936 2180 Πατρὶ,
2972 2110 3115 2164 ὅταν
3140 2110 3473 2181 καταργήσῃ
3495 2108 3637 2164 πᾶσαν

2153 2199 2444 2264 ἐξουσίαν
2471 2199 2568 2253 καί
2597 2199 2872 2269 δύναμιν.
2917 2200 3043 2254 Ὅτε
3084 2202 3180 2255 καὶ
3214 2202 3420 2257 πίονται
3442 2202 3482 2253 οἱ
3503 2200 3636 2253 δίκαιοι

2156 2292 2414 2363 ποτήριον
2461 2289 2606 2363 ζωῆς
2646 2292 2934 2346 ἀθανάτου·
2979 2294 3115 2365 ὅπερ
3161 2294 3347 2357 αὐτοῖς
3391 2290 3638 2363 ἐπήγγελται

2156 2381 2342 2435 εἰπών·
2375 2383 2524 2449 Ἕως
2547 2383 2624 2437 ἂν
2650 2385 2763 2439 πίω
2783 2385 2941 2439 αὐτὸ
2971 2387 3180 2439 καινὸν
3208 2389 3343 2455 μεθ’
3364 2384 3511 2455 ὑμῶν
3528 2386 3580 2437 ἐν
3596 2383 3639 2451 τῇ

2151 2473 2436 2541 βασιλείᾳ
2465 2474 2584 2529 τῶν
2610 2474 2880 2545 οὐρανῶν

2157 2587 2267 2641 ΕΙΣ
2297 2590 2383 2643 ΤΟ
2408 2590 2647 2657 ΤΕΛΟΣ,
2673 2592 2765 2645 ΕΝ
2786 2591 3075 2733 ῼἮῙΝΟᾹΞῙ
3099 2593 3393 2647 ΨΔΛΜΟΣ
3416 2593 3493 2662 Tt}
3509 2590 3641 2651 ΔΣΑΦ»

2228 2766 2511 2832 Γνωτύς
2539 2768 2608 2821 ἐν
2636 2767 2714 2838 τῇ
2750 2768 2999 2836 Ἰουδαίᾳ
3023 2772 3055 2823 d
3081 2768 3250 2836 Θεὸς,
3281 2768 3352 2823 ἐν
3373 2768 3448 2833 τῷ
3478 2765 3645 2834 Ἰσραὴλ

487 2866 646 2924 gnum
675 2868 860 2907 nomen
892 2854 1028 2920 eius.
1059 2853 1158 2909 Hic
1192 2856 1435 2925 psalmus
1468 2857 1589 2911 item
1617 2873 1682 2911 ex
1714 2872 1941 2914 numero
1967 2872 2052 2913 eo-

2158 2859 2306 2930 μέγα
2328 2858 2393 2912 τὸ
2408 2859 2594 2929 ὄνομα
2617 2859 2822 2915 αὐτοῦ.
2844 2861 2964 2916 Τῶν
2981 2862 3066 2915 ἐπ’
3088 2861 3295 2930 ἀγαθὸν
3315 2860 3455 2924 τέλος
3476 2860 3648 2927 ἀναπεμ-

486 2951 720 2999 rumest
744 2945 836 3010 qui
869 2945 935 3000 ad
957 2946 1161 3001 bonum
1190 2947 1349 3002 linem
1381 2950 1702 3005 remittunt:
1742 2952 2057 3022 praeceden-

487 3036 842 3107 tique-aﬂinis
864 3078 880 3104 ,
911 3037 977 3093 de
1002 3038 1214 3108 judicio
1243 3038 1335 3094 Dei
1365 3040 1532 3095 verba
1570 3040 1719 3097 facit.
1767 3040 1921 3107 Quod
1963 3043 2059 3095 de.

490 3127 680 3198 iuceps
711 3129 795 3183 his
828 3129 1010 3184 verbis
1041 3129 1284 3184 declarat
1309 3148 1322 3183 :
1357 3130 1433 3186 De
1458 3134 1585 3186 caelo
1614 3132 1853 3186 auditum
1883 3133 2056 3203 fecisti

484 3216 778 3288 iudicium,
803 3229 946 3275 terra
968 3222 1179 3275 tremuit
1203 3232 1252 3276 et
1280 3224 1470 3294 quievit
1490 3264 1504 3287 ,
1530 3240 1648 3278 cum
1671 3235 1973 3297 exsurgeret
1998 3227 2054 3279 in

485 3310 743 3382 judicium
780 3313 950 3377 Deus,
976 3324 1040 3367 ut
1073 3313 1245 3369 salvos
1299 3316 1494 3385 faceret
1529 3334 1707 3372 omnes
1752 3330 2054 3374 mansuetos

491 3411 666 3457 terrm.
710 3403 777 3457 Et
808 3406 862 3458 in
896 3405 989 3459 illo
1032 3406 1250 3476 quidem
1293 3408 1495 3477 iniquis
1535 3409 1841 3476 dicebatur,
1877 3409 2058 3466 Nolite

468 3494 730 3550 exaltare
753 3512 915 3551 cornu
933 3536 948 3561 ,
971 3505 1023 3551 et
1048 3498 1209 3552 nolite
1229 3499 1481 3554 extollere
1508 3501 1562 3555 in
1590 3500 1757 3555 altum
1783 3519 1947 3556 cornu
1977 3520 2059 3557 te-

485 3594 660 3640 strum
687 3587 771 3653 ⁵⁸;
801 3588 857 3642 in
886 3589 1144 3659 praesenti
1173 3605 1304 3645 vero
1323 3631 1339 3656 ,
1371 3589 1593 3646 Turbati
1621 3602 1744 3647 sunt
1771 3610 1946 3648 omnes
1978 3595 2059 3648 in-

491 3679 736 3750 sipientes
764 3680 937 3735 corde.
974 3680 1310 3736 Dormierunt
1344 3698 1587 3738 somnum
1615 3701 1768 3739 suum
1790 3726 1806 3751 ,
1840 3696 1891 3740 et
1923 3686 2058 3741 nini!

491 3768 796 3825 invenerunt
829 3788 1005 3826 omnes
1035 3772 1133 3827 uiri
1163 3772 1489 3830 divitiarum.
1520 3773 1585 3828 Hi
1613 3790 1742 3831 vero
1772 3784 1931 3830 erant
1960 3776 2056 3846 qui

493 3864 1074 3921 cornua-extulerant.
1127 3863 1225 3921 His
1272 3881 1436 3936 porro
1486 3866 1817 3922 altissimum
1865 3868 2058 3938 dogma

489 3954 750 4023 traditur,
786 3964 846 4009 ut
890 3956 1129 4012 sciamus
1172 3957 1266 4027 qui
1308 3958 1379 4013 sit
1412 3974 1572 4014 verus
1602 3957 1802 4024 Israel,
1845 3966 1899 4015 et
1940 3973 2060 4029 quae

493 4047 566 4100 sit
593 4047 715 4117 ejus
740 4047 1067 4102 secundum
1107 4056 1309 4103 rectam
1348 4065 1640 4121 veramque
1670 4052 1934 4106 rationem
1966 4067 2057 4107 rc-

491 4137 616 4208 ςὶο,
652 4153 773 4208 quae
804 4145 1033 4192 vocatur
1058 4138 1243 4193 Iudaea
1267 4153 1290 4208 ;‘
1318 4156 1440 4210 quae
1486 4141 1617 4197 item
1671 4157 1798 4196 vera
1838 4139 2060 4197 Jerusa-

502 4247 594 4288 δη
615 4270 628 4295 ,
650 4230 795 4301 quod
815 4231 904 4286 Dei
922 4231 1278 4286 domicilium.
1302 4230 1427 4286 Haec
1450 4230 1685 4302 Spiritus
1710 4234 2059 4303 propheticus

494 4323 824 4395 prmcellenti
868 4321 1134 4392 sapientia
1180 4321 1489 4393 dispensat,
1544 4330 1704 4393 atque
1734 4339 1839 4378 una
1870 4324 1936 4379 iis
1965 4324 2058 4395 qui

493 4411 760 4485 abiectius
791 4412 1020 4468 Judaico
1049 4428 1201 4469 more
1223 4430 1337 4469 rem
1364 4414 1673 4484 intelligunt
1692 4455 1707 4477 ,
1728 4415 2058 4485 voluptatem

2158 2951 2364 3004 πόντων
2386 2953 2477 3004 καὶ⁵
2495 2953 2523 3005 ό
2545 2951 2733 3024 παρὼν
2758 2952 3012 3023 τυγχάνει
3045 2952 3285 3024 ψαλμός.
3314 2952 3512 3024 Συνᾴδει
3536 2951 3576 3002 δὲ
3601 2947 3647 3015 τῷ

2159 3042 2264 3113 πρὸ
2298 3042 2484 3109 αὑτοῦ,
2517 3044 2645 3107 τοὺς
2685 3044 2814 3115 περὶ
2840 3046 2939 3115 τῆς
2969 3044 3198 3114 κρίσεως
3230 3042 3325 3098 τοῦ
3362 3043 3483 3096 Θεοῦ
3518 3040 3647 3107 λόγοις

2158 3136 2445 3208 περιέχων.
2496 3137 2561 3190 '0
2601 3134 2665 3207 δὴ
2714 3135 3012 3206 παρίστησι
3046 3134 3275 3204 φάσκων
3308 3134 3446 3205 ἑξῆς·
3486 3134 3560 3184 Ἐκ
3582 3127 3647 3183 τσῦ

2156 3227 2416 3297 οὐρανοῦ
2440 3227 2773 3297 ἠκόντισας
2799 3229 3017 3297 κρίσιν,
3052 3225 3126 3296 τῆ
3157 3227 3424 3297 ἐφοϐήθη
3448 3224 3531 3279 καὶ
3551 3220 3650 3289 timi-

2157 3335 2350 3390 χασεν
2377 3320 2447 3374 ἐν
2473 3319 2554 3385 τῷ
2587 3318 2922 3389 ἀναστῆναι
2951 3322 3038 3386 είς
3064 3320 3277 3388 κρίσιν
3307 3319 3413 3372 τὸν
3443 3317 3565 3372 Θεὸν
3584 3309 3650 3367 τοῦ

2154 3409 2352 3465 σῶσαι
2374 3408 2604 3476 πάντας
2631 3410 2772 3476 τοὺς
2793 3409 2999 3478 πραεῖς
3018 3408 3128 3479 τῆς
3146 3408 3287 3479 τῆς.
3317 3409 3424 3463 Καὶ
3447 3411 3496 3460 ὲν
3521 3405 3649 3470 ἐκείνῳ

2161 3502 2259 3575 μὲν
2293 3502 2508 3571 ἐλέγετο
2544 3505 2659 3567 τοῖς
2687 3501 3065 3574 παρανομοῦσι
3084 3519 3099 3533 ο
3133 3500 3237 3571 Μὴ
3273 3501 3494 3571 ὑψοῦτε
3516 3498 3650 3566 utpar,

2158 3595 2256 3650 καὶ
2280 3594 2365 3665 μὴ
2397 3596 2667 3662 ἐπαίρετε
2692 3596 2780 3658 είς
2802 3594 2959 3661 ὕψος
2980 3594 3043 3647 τὸ
3070 3593 3247 3662 κέρας
3266 3591 3450 3664 ὑμῶν·
3476 3594 3525 3645 ὲν
3548 3588 3589 3641 δὲ

2160 3686 2298 3758 μετὰ
2336 3687 2543 3756 χεῖρας·
2605 3682 3067 3752 Ἐταράχθησαν,
3121 3685 3317 3754 φησὶν,
3361 3686 3414 3737 οί
3447 3682 3653 3737 ἀσύνετα

2157 3774 2232 3845 τῇ
2258 3773 2489 3845 καρδίᾳ·
2518 3775 2809 3829 ὕπνωσαν
2829 3773 3024 3827 ὕπνον
3040 3772 3264 3838 αὐτῶν,
3294 3773 3393 3828 καί
3412 3775 3513 3841 οὐχ
3532 3765 3653 3835 εὗρον

2157 3865 2339 3921 οὐδὲν
2382 3864 2604 3931 πάντες
2641 3866 2696 3917 οἱ
2739 3862 2952 3933 ἄνδρες
2988 3862 3096 3917 τοῦ
3133 3865 3430 3918 πλούτου.
3478 3854 3601 3913 Οὗτοι
3619 3855 3653 3906 ἃ

2155 3954 2295 4030 ἦσαν
2338 3959 2387 4012 οἱ
2432 3958 2500 4013 τὰ
2540 3957 2748 4029 κέρατα
2792 3955 3066 4026 ὁψοῦντες.
3102 3956 3365 4010 Παιδεύει
3405 3956 3456 4008 δὲ
3490 3947 3652 4005 Bitia}!

2157 4048 2529 4121 προκειμένων
2563 4049 2591 4101 ὁ
2628 4047 2784 4117 λόγος
2825 4046 2998 4117 δόγμα
3029 4045 3353 4117 βαθύτατον,
3382 4047 3455 4110 ὡς
3480 4045 3534 4098 ἂν
3552 4039 3654 4093 εἰδεί-

2156 4158 2297 4211 ημεν
2340 4139 2423 4203 τίς
2463 4138 2594 4192 ποτέ
2624 4141 2774 4192 εστιν
2804 4139 2835 4191 ό
2866 4138 3118 4209 ἀληθινὸς
3159 4139 3405 4210 Ἰσραὴλ,
3442 4137 3525 4191 καὶ
3551 4132 3613 4195 τίς
3631 4131 3653 4198 ‘i

2156 4232 2343 4284 τούτου
2380 4229 2522 4284 κατὰ
2549 4231 2640 4285 τὸν
2684 4228 2854 4301 ἁληθῆ
2891 4228 3048 4297 λόγον
3083 4228 3240 4299 χώρα
3289 4230 3323 4301 ἡ
3356 4222 3653 4298 όνομαζομὲιη

2170 4323 2416 4377 Ἰουδαία
2448 4322 2532 4387 τίς
2555 4340 2615 4375 τε
2651 4324 2685 4396 ἡ
2718 4320 2943 4392 ἀληθινὴ
2994 4320 3379 4391 Ἰερουσαλὴμ,
3419 4320 3503 4373 καὶ
3534 4315 3655 4370 ὀπυίει

2157 4413 2218 4469 τὸ
2237 4413 2330 4468 τοῦ
2344 4414 2478 4468 Θεοῦ
2497 4415 2688 4485 οίκητή
2698 4430 2829 4484 ριον.
2854 4412 3035 4465 Ταῦτα
3060 4412 3120 4466 τὸ
3139 4412 3481 4484 προφητικὸν
3499 4405 3656 4474 Πνεῦμα

489 4503 565 4558 ob
591 4502 875 4558 nominum
914 4504 1329 4560 similitudinem
1370 4505 1581 4571 affert;
1606 4519 1700 4559 eos
1744 4514 1923 4560 autem
1966 4507 2052 4576 qui

2166 4505 2284 4576 μεθ’
2303 4504 2745 4576 ὑπερϐαλλούσης
2773 4504 2964 4573 σοφίας
2985 4506 3281 4576 οἰκονομεῖ’
3314 4500 3448 4575 όμοῦ
3484 4499 3559 4553 καὶ
3585 4493 3656 4550 toi:

493 4595 818 4666 speculandi
848 4597 897 4650 ἢ
932 4596 1144 4667 ιιι-ιιιάίιί
1177 4605 1305 4652 sunt
1330 4596 1533 4652 divinis
1564 4598 1828 4652 institutis
1855 4598 2058 4655 erudit.

482 4683 710 4742 Judaeus
735 4687 918 4757 itaque
938 4687 1029 4757 qui
1057 4687 1191 4742 nihil
1219 4687 1365 4741 aliud
1384 4697 1501 4750 est,
1517 4701 1684 4757 quam
1706 4703 1835 4743 caro
1855 4695 1908 4743 et
1928 4704 2059 4743 san-

493 4775 616 4846 guis
638 4817 653 4842 ,
684 4778 890 4831 carnali
916 4784 970 4832 et
995 4792 1258 4847 corporeo
1287 4792 1437 4831 more
1465 4776 1580 4831 haec
1598 4778 1786 4832 audiet
1813 4795 1827 4845 ;
1862 4777 2057 4834 deinde

485 4882 621 4922 vero
654 4868 967 4933 extolletur,
1000 4883 1166 4923 sensu
1196 4868 1381 4922 carnis
1410 4882 1525 4922 suas
1568 4875 1771 4923 temere
1798 4867 2014 4925 inﬂatus
2039 4912 2055 4937 ,

488 4968 668 5032 neque
691 4966 854 5030 caput
880 4967 1072 5016 tenens
1094 4960 1393 5016 secundum
1421 4958 1479 5014 S.
1507 4960 1846 5030 Apostolum.
1876 4961 2057 5029 Quare

489 5066 551 5106 se
582 5049 834 5105 lsraelem
864 5065 1019 5114 esse,
1055 5056 1217 5120 atque
1245 5048 1509 5113 Judaeam,
1545 5049 1682 5103 nihil
1714 5050 1862 5105 aliud
1889 5066 2052 5122 quam

487 5139 903 5197 Palaestinorum
937 5142 1214 5212 regionem
1251 5157 1374 5197 esse
1415 5141 1663 5213 putabit;
1707 5140 1890 5197 locum
1924 5157 2056 5197 vero

485 5228 584 5287 Dei
617 5246 718 5302 pro
749 5238 971 5286 terrena
1011 5229 1315 5286 Jerusalem
1346 5230 1609 5287 habebit:
1650 5232 1906 5299 quoniam
1951 5232 2056 5290 He-

488 5321 677 5377 braioa
706 5322 870 5377 lectio
891 5323 951 5377 in
983 5320 1165 5378 Salem
1198 5323 1382 5377 locum
1425 5322 1547 5392 ejus
1587 5320 1790 5376 factum
1820 5338 1944 5378 esse
1976 5325 2059 5378 di-

489 5412 603 5469 cit:
637 5427 748 5484 quo
777 5414 907 5469 item
942 5414 1107 5468 modo
1146 5414 1344 5484 reliqui
1389 5413 1750 5486 interpretes,
1781 5417 1835 5470 in
1876 5414 2054 5471 Solem

489 5502 780 5573 videlicet,
810 5506 1123 5561 edidenunt.
1166 5506 1270 5572 Qui
1302 5521 1434 5563 vero
1471 5507 1655 5564 divina
1698 5508 1938 5564 imbutus
1973 5508 2056 5562 di-

490 5594 723 5667 sciplina
763 5603 883 5660 est,
932 5612 1057 5650 cum
1100 5597 1416 5662 edidicerit,
1465 5613 1574 5654 non
1619 5614 1813 5655 omnes
1858 5600 1951 5671 qui
1990 5615 2057 5655 ex

2160 4595 2555 4667 ταπεινώτερον
2580 4595 2674 4648 καὶ¹
2715 4593 3042 4647 Ἰουδαῖκώτε
3051 4610 3139 4664 ρον
3161 4591 3527 4664 ἀκροωμένοις
3548 4586 3658 4651 θυίοῖ·

2161 4685 2280 4739 δίαν
2321 4686 2555 4757 παρέχον
2592 4684 2678 4738 διὰ
2719 4684 2819 4755 τῆς
2861 4683 3176 4755 ὁμωνυμίας
3211 4683 3327 4737 τῶν
3368 4676 3655 4750 δηλουμένων.

2159 4778 2295 4850 ὁμοῦ
2347 4780 2441 4833 καὶ
2491 4781 2615 4842 τοὺς
2659 4776 3019 4849 θεωρητικοὺς
3081 4773 3427 4844 παιδεύματα
3478 4767 3657 4850 διδάσηγ

2161 4849 2319 4924 θείων
2346 4870 2648 4941 δογμάτων.
2678 4869 2737 4922 '0
2769 4868 2868 4940 μὲν
2899 4862 2992 4921 οὖν
3031 4866 3303 4928 Ἰουδαῖος,
3325 4862 3480 4915 πλέον
3506 4849 3654 4914 οὐδὲνῆ

2161 4962 2299 5034 σὰρξ
2332 4962 2427 5015 καὶ
2462 4957 2600 5032 αἷμα
2633 4960 2932 5030 τυγχάνων,
2978 4956 3244 5028 σαρκίνως
3283 4954 3379 5007 καὶ¹
3408 4941 3659 5020 σωματιά

2156 5053 2447 5107 ἀκούσεται
2480 5051 2587 5106 τῶν
2619 5050 3014 5122 προκειμένων·
3058 5048 3297 5102 κᾶπειτα
3340 5040 3655 5112 ἐπαρθήσεται.

2156 5146 2275 5215 εἰκῇ
2302 5126 2658 5214 φυσιούμενος
2685 5141 2791 5195 ὑπὸ
2819 5139 2912 5194 τοῦ
2934 5139 3053 5202 νοὸς
3076 5138 3175 5208 τῆς
3203 5134 3408 5207 σαρκὸς
3426 5127 3582 5188 αὐτοῦ,
3599 5123 3659 5176 καὶ

2154 5236 2214 5288 οὐ
2237 5234 2456 5308 κρατῶν
2492 5236 2591 5307 τὴν
2618 5233 2856 5304 κεφαλὴν
2882 5230 3023 5286 κατὰ
3062 5229 3153 5283 τὸν
3193 5228 3339 5299 ἱερὸν
3389 5216 3657 5308 Ἀπόστολογο

2156 5326 2246 5380 Διὸ
2280 5303 2476 5380 ἑαυτὸν
2660 5321 2796 5378 εἶναι
2818 5303 2925 5377 τὸν
2969 5320 3183 5393 Ἰσραὴλ
3215 5321 3478 5391 οἰήσεται,
3504 5303 3661 5373 καὶῲ

2169 5417 2425 5471 Ἰουδαίαν
2450 5416 2556 5470 οὐδ’
2599 5417 2792 5488 ἑτέραν
2834 5412 2971 5467 εἶναι
3000 5413 3099 5484 τῆς
3131 5412 3497 5466 Παλαιστίνων
3512 5400 3655 5475 χώραςι

2158 5509 2252 5562 καὶ
2281 5507 2371 5562 τὸν
2410 5508 2573 5563 τόπον
2615 5506 2710 5562 τοῦ
2752 5505 2908 5568 Θεοῦ,
2946 5505 3044 5576 τὴν
3080 5504 3172 5557 ἐπὶ
3196 5504 3300 5574 γῆς
3353 5488 3645 5570 Ἰερουσαλήμ

2158 5599 2456 5672 ἐπειδήπερ
2484 5602 2517 5671 ή
2558 5597 2817 5673 Ἐσραῑκὴ
2856 5595 3003 5661 λέξις
3040 5596 3282 5667 περιέχει
3312 5595 3371 5648 ἐν
3406 5590 3568 5658 Σαλήμ
3598 5595 3658 5647 T“

562 5748 1175 5822 “Ρ⁸³¹·ιιιιιντι.5
1269 5752 1903 5828 "1Cor.xv.25,st.
1980 5760 2023 5792 ιν

2158 5758 2246 5813 ιιίι.
2286 5773 2410 5813 xxv:
2433 5800 2446 5827 ,
2479 5757 2570 5817 29.
2647 5758 2692 5793 “
2729 5754 2876 5814 Psal.
2907 5770 3092 5824 um,
3124 5753 3178 5822 Β,
3208 5752 3259 5809 6.
