3776 6284
135 367 192 417 ’77

1174 359 1670 414 (.OMMENTARIA
1713 361 1774 414 IN
1814 362 2148 418 PSAIAIOS.

3181 368 3281 421 878

99 477 282 548 γονέναι
306 473 389 527 τὸν
417 469 570 527 τόπον
595 471 774 525 αὐτοῦ·
809 474 899 526 καὶ
923 474 969 526 οἱ
1002 472 1176 525 λοιποὶ
1212 474 1266 526 δὲ
1299 476 1621 546 ὲρμηνευταὶ

1727 473 1923 530 Israele
1969 483 2124 539 sunt,
2167 474 2327 528 Israel
2363 492 2521 531 esse:
2574 494 2745 548 neque
2789 489 3054 549 quotquot
3097 497 3282 536 semen

100 570 258 624 τοῦτον
285 567 615 637 ἡρμήνευσαν
641 566 729 618 τὸν
757 566 976 637 τρόπον,
1000 567 1070 618 ἐν
1096 565 1305 636 Σαλὴμ
1333 567 1621 621 ἐκδεδωκό-

97 678 192 724 τες.
239 659 290 710 Ὀ
315 657 367 710 δὲ
389 659 497 719 τοῖς
523 655 685 719 Θείοις
705 656 936 727 δόγμασι
969 656 1465 728 μεμαθητευμένος,
1501 675 1622 711 παι-

99 750 294 812 δευθεὶς,
323 748 487 801 ὅτιού
522 747 722 811 πάντες
757 749 804 800 οί
837 748 893 814 ἐξ
941 748 1156 820 Ἰσραὴλ
1193 742 1335 802 οὗτοι
1382 750 1618 820 Ἰσραὴλ,

99 841 196 895 οὐδὲ
235 841 338 893 ὅσοι
379 838 595 910 σπέρμα
645 839 894 911 Ἀϐραάμ
931 843 1058 905 εἰσι,
1101 841 1298 904 πάντες
1337 842 1516 895 τέκναο
1559 843 1620 894 οὐ

95 932 185 1003 γὰρ
197 930 256 983 τὰ
273 931 428 983 τέκνα
451 930 549 999 τῆς
577 931 774 1000 σαρκὸς
797 931 964 985 ταῦτα
986 933 1148 986 τέκνα
1197 932 1289 987 τοῦ
1319 935 1472 998 Θεοῦ,
1491 934 1624 988 ἀλλὰ

93 1019 150 1073 τὰ
171 1020 321 1072 τέκνα
360 1019 456 1088 τῆς
495 1019 823 1088 ἐπαγγελίας
854 1021 1126 1090 λογίζεται
1170 1025 1246 1085 είς
1279 1023 1515 1096 σπέρμα·
1545 1022 1622 1076 ἔτι

91 1127 140 1165 τε
176 1109 467 1172 ἐπακούσας
509 1109 604 1163 τοῦ
651 1112 813 1166 αὐτοῦ
861 1113 1179 1167 Ἀποστόλου
1221 1111 1487 1184 λέγοντος,
1543 1117 1624 1169 Οὐ

92 1199 183 1270 γὰρ
217 1203 248 1253 ό
286 1200 354 1253 ἐν
403 1198 482 1265 τῷ
505 1201 738 1270 φανερῷ
787 1203 1061 1270 Ἰουδαῖός
1093 1205 1282 1269 ἐστιν,
1318 1207 1456 1260 οὐδὲ
1491 1208 1528 1274 ἡ
1557 1208 1626 1260 ἐν

90 1289 156 1356 τῷ
179 1290 395 1359 φανερῷ
423 1292 491 1344 ἐν
522 1293 697 1360 σαρκὶ
733 1295 1032 1364 περιτομήο
1063 1296 1199 1350 ἀλλ’
1234 1300 1266 1350 ό
1289 1298 1359 1350 ἐν
1382 1297 1461 1361 τῷ
1485 1317 1623 1366 κρυ-

89 1381 196 1446 πτῷ
241 1381 530 1448 Ἰουδαῖος,
585 1385 681 1437 καὶ
726 1385 1006 1454 περιτομὴ
1061 1386 1308 1456 καρδίας
1345 1387 1416 1441 ἐν
1450 1390 1625 1442 πνεύ-

85 1492 220 1543 ματι,
251 1476 317 1527 οὐ
348 1474 655 1544 γράμματα
689 1471 761 1530 οὗ
797 1478 829 1528 ὁ
867 1476 1112 1541 ἔπαινος
1149 1479 1258 1530 οὐκ
1300 1477 1368 1541 ἐξ
1408 1479 1626 1547 ἀνθρώ-

89 1580 214 1628 πων,
256 1567 382 1620 ἀλλ’
426 1566 494 1617 ἐκ
540 1565 647 1618 τοῦ
695 1565 859 1620 Θεοῦ·
892 1569 1000 1620 ’καὶ
1047 1567 1225 1621 πάλιν·
1283 1568 1471 1636 Ἡμεῖς
1515 1569 1623 1637 γάρ

87 1659 246 1727 ἐσμεν
272 1659 338 1711 ἐν
367 1658 653 1729 περιτομῇ
685 1663 738 1712 οἱ
767 1660 836 1712 ἐν
869 1660 1158 1728 πνεύματι
1199 1657 1346 1712 Θεοῦ
1375 1662 1623 1728 λατρεύ-

85 1768 247 1817 οντες,
277 1750 368 1804 καί
395 1753 507 1805 οὐκ
538 1753 607 1804 ἐν
633 1751 810 1820 σαρκὶ
837 1752 1201 1816 πεποιθότες·
1244 1749 1322 1802 ἔτι
1366 1751 1470 1823 μὴν
1507 1753 1626 1805 ὲπι-

1721 565 2022 632 Abraham,
2064 567 2203 622 filios
2245 568 2366 636 ejus
2409 583 2530 621 esse
2568 587 2580 623 :
2616 586 2724 623 non
2756 572 2899 624 enim
2935 573 3027 626 ﬁlii
3059 575 3243 626 carnis
3267 613 3282 635 ,

1723 657 1757 711 ii
1791 657 1883 710 lilii
1918 656 2010 711 Dei
2045 665 2204 721 sunt,
2237 656 2331 712 sed
2377 657 2469 711 ﬁlii
2517 660 2929 728 promissionis,
2975 660 3012 713 ii
3057 676 3156 730 pro
3197 677 3285 716 se-

1722 749 1868 804 mine
1901 759 2326 820 computantur;
2356 765 2479 804 cum
2515 751 2747 806 audierit
2789 753 2914 807 item
2959 755 3092 808 illud
3138 758 3286 826 Apo-

1723 837 1847 890 stoli
1879 837 2115 904 dictum,
2154 838 2274 892 Non
2308 840 2444 892 enim
2482 840 2569 909 qui
2612 841 2663 892 in
2710 842 3020 910 manifesto,
3063 845 3283 900 Juda'us

1722 935 1798 980 est
1820 967 1834 992 ,
1864 945 2020 998 neque
2048 946 2164 998 qua:
2192 931 2244 982 in
2283 930 2561 998 manifesto
2604 931 2658 983 in
2688 947 2842 984 carne
2881 942 2957 985 est
3006 936 3286 988 circumci-

1723 1019 1838 1080 sio;
1865 1022 1952 1072 sed
1974 1021 2062 1090 qui
2085 1021 2136 1072 in
2161 1021 2486 1082 abscondito,
2507 1021 2726 1077 Juda'us
2751 1033 2865 1078 est:
2887 1033 2935 1078 et
2957 1025 3286 1080 circumcisio

1726 1109 1897 1163 cordis
1928 1111 1983 1163 in
2017 1111 2230 1179 spiritu,
2267 1128 2367 1164 non
2401 1111 2598 1176 littera,
2633 1113 2781 1182 cujus
2816 1115 2935 1168 laus
2967 1132 3070 1168 non
3101 1133 3164 1170 ex
3193 1117 3286 1172 lto-

1727 1201 1984 1263 minibus,
2019 1201 2109 1254 sed
2142 1217 2206 1254 ex
2241 1201 2350 1255 Deo
2377 1211 2455 1255 est
2491 1203 2564 1268 ‘9;
2597 1218 2661 1257 ac
2703 1219 2956 1269 rursum,
3006 1205 3120 1260 Nos
3149 1210 3288 1261 enim

1725 1308 1904 1346 sumus
1931 1291 1987 1344 in
2016 1291 2410 1345 circumcisione
2436 1294 2523 1363 qui
2557 1294 2610 1346 in
2654 1295 2840 1362 spiritu
2876 1294 2972 1348 Dei
2995 1297 3246 1351 servimus
3269 1335 3286 1359 ,

1724 1399 1883 1453 neque
1925 1385 1978 1436 in
2009 1399 2184 1441 carne
2221 1384 2538 1453 conﬁdimus
2569 1386 2656 1452 l"';
2695 1402 2817 1440 cum
2861 1387 3290 1443 considerarerit

1724 1475 1886 1528 etiam
1922 1475 2087 1538 illud,
2125 1475 2382 1544 Respicite
2426 1474 2600 1530 Israel
2640 1479 2924 1531 secundum
2973 1497 3184 1532 carnem
3215 1481 3284 1541 ⁵³,

1725 1572 1910 1635 utpote
1951 1566 2157 1620 scilicet
2194 1568 2300 1622 alio
2338 1570 2668 1640 exsistente,
2699 1570 2791 1640 qui
2830 1587 2939 1624 non
2983 1573 3284 1626 secundum

1723 1673 1942 1712 carnem
1964 1697 1979 1721 ,
2013 1657 2106 1714 sed
2135 1660 2434 1714 secundum
2468 1661 2718 1730 spiritum
2751 1678 2914 1718 verus
2956 1663 3120 1719 Israel
3159 1674 3241 1720 est
3269 1684 3284 1730 ;

1724 1748 1837 1803 haec
1868 1749 2130 1814 edoctus,
2162 1767 2350 1806 rerum
2383 1752 2634 1808 lsraelcm
2664 1754 2913 1808 admittet
2944 1773 3066 1810 eum
3097 1758 3189 1825 qui
3219 1774 3285 1812 cx

86 1843 259 1912 στήσας
284 1844 360 1906 τὸ,
396 1842 657 1896 Βλέπετε
700 1842 806 1895 τὸν
849 1841 1082 1911 Ἰσραὴλ
1115 1842 1264 1895 κατὰ
1293 1841 1507 1911 σάρκα,
1547 1845 1621 1908 ὡς

1723 1854 1887 1909 opere
1913 1842 2336 1898 demonstratur.
2367 1843 2572 1899 Nomen
2603 1861 2765 1914 porro
2793 1847 3057 1915 accipitur
3090 1864 3188 1917 pro
3220 1866 3286 1903 eo

84 1935 242 2006 ἑτέρου
272 1934 422 1997 ὄντος
454 1934 547 1987 τοῦ
581 1936 652 2005 μὴ
677 1934 817 1988 κατὰ
853 1935 1047 2002 σάρκα,
1083 1934 1217 1987 ἀλλὰ
1238 1934 1378 1987 κατὰ
1407 1936 1622 2006 πνεῦμα

81 2026 300 2096 ἀληθινοῦ
343 2028 578 2097 Ἰσραήλο
605 2027 812 2091 τούτοις
845 2026 1345 2098 μεμαθητευμένος,
1375 2026 1464 2078 τὸν
1496 2026 1623 2096 ἀλη-

83 2119 200 2172 θινὸν
240 2118 450 2189 Ἰσραὴλ
481 2118 752 2183 ἐκδέξεται
785 2114 921 2173 εἶναι
952 2118 1042 2172 τὸν
1074 2120 1138 2172 ὲκ
1173 2117 1266 2172 τοῦ
1292 2119 1623 2190 -πράγματος

82 2227 134 2280 ση
142 2211 463 2281 μαινόμενον.
500 2209 990 2280 Μεταλαμϐάνεται
1012 2209 1143 2279 γοῦν
1168 2210 1402 2280 τοῦνομα
1427 2214 1506 2274 είς
1533 2212 1622 2264 τὸν

79 2304 257 2374 ὁρῶντα
280 2304 369 2356 τὸν
398 2304 554 2357 Θεόν·
584 2304 675 2356 τὸν
717 2303 1021 2375 διορατικὸν
1063 2303 1240 2356 τοίνυν
1269 2303 1362 2356 καὶ
1391 2321 1620 2371 γνωστι-

78 2394 154 2445 κδν
176 2396 260 2446 καὶ
291 2392 712 2464 ἐπιστημονικὸν
743 2394 909 2463 ἄνδρα
948 2395 1107 2464 μόνον
1145 2389 1281 2446 εἶναι
1319 2393 1406 2445 τὸν
1438 2393 1622 2464 ἀληθι-

77 2486 149 2537 νὸν
178 2486 378 2557 Ἰσραὴλ
400 2487 781 2554 ἀποφανεῖται·
807 2485 863 2537 ὃν
887 2486 919 2554 ἡ
953 2483 1090 2555 μετὰ
1115 2487 1300 2555 χεῖρας
1325 2485 1620 2556 παρίστησι

77 2575 196 2640 λέξις
237 2578 538 2645 φάσκουσα’
590 2579 685 2629 Ἐν
725 2575 803 2642 τῷ
849 2576 1087 2645 Ἰσραὴλ
1127 2575 1281 2645 μέγα
1325 2577 1390 2630 τὸ
1437 2578 1622 2646 ὄνομα

76 2667 252 2722 αὐτοῦ.
290 2669 533 2739 Ἐλέγχει
566 2669 623 2721 δὲ
653 2669 742 2721 τὸν
781 2668 1028 2721 Ἰουδαῖον
1056 2669 1155 2722 οὑκ
1192 2669 1339 2733 ἄξιον
1370 2669 1496 2722 ὄντα
1520 2668 1620 2737 τῆς

77 2761 416 2831 προσηγορίας
451 2759 544 2812 τοῦ
583 2759 798 2831 Ἰσραὴλ
843 2763 872 2814 ὁ
917 2762 1250 2832 προφητικὺς
1292 2761 1447 2828 λόγος
1487 2761 1620 2812 ἀπο-

75 2853 344 2923 τεινόμενος
366 2854 508 2925 πρὸς
530 2853 724 2916 αὐτοὺς
747 2854 840 2906 καὶ
860 2853 1050 2922 λέγων·
1079 2853 1222 2906 Οὐαὶ
1249 2853 1424 2919 ἔθνος
1447 2853 1620 2921 ἀμαρ-

74 2943 256 3008 τωλὸν,
297 2944 453 3009 λαὸς
490 2943 726 3013 πλήρης
767 2941 1079 3012 ἁμαρτιῶν·
1140 2943 1253 3006 καὶ,
1307 2943 1619 2996 Ἀκούσατε

73 3025 232 3102 ⁸ιόγον
263 3039 382 3104 Κυρ
401 3037 508 3097 ⁸ου,
537 3034 823 3105 ἄρχοντες
852 3034 1145 3103 Σοδόμων·
1175 3034 1499 3104 προσέχετε
1522 3034 1620 3086 rd-

68 3143 168 3192 μον
195 3128 353 3190 Θεοῦ,
406 3128 557 3192 λαὸς
591 3128 918 3196 Γομόρῤας.
957 3127 1165 3198 Ὥσπερ
1209 3123 1301 3180 οὖν
1335 3128 1364 3179 ὁ
1397 3126 1617 3195 φάσκων

73 3217 179 3287 περὶ
206 3216 306 3268 τῶν
329 3217 523 3270 ἐθνῶν·
554 3217 696 3272 Λιὰτι
725 3217 817 3270 ἀπ’
839 3217 1109 3271 ἀνατολῶν
1146 3217 1296 3288 ἡλίου
1340 3217 1498 3289 μέχρι
1527 3217 1618 3269 δυ-

72 3306 201 3374 σμῶν
223 3309 532 3373 δεδόξασται
565 3309 626 3361 τὸ
652 3309 821 3379 δνομα
853 3309 1015 3362 αὐτοῦ
1053 3312 1114 3362 ὲν
1147 3313 1257 3371 τοῖς
1297 3309 1492 3373 ἔθνεσι,
1523 3308 1619 3364 καὶ

68 3397 127 3447 ἐν
154 3399 319 3450 παντί
353 3399 521 3464 τόπῳ
551 3399 811 3467 θυμίαμα
855 3399 1215 3468 προσάγεται
1257 3399 1337 3464 τῷ
1378 3399 1620 3467 ὀνόματί

63 3505 182 3554 μου,
220 3491 315 3542 καὶ
353 3493 542 3544 θυσιά
583 3489 826 3558 καθαρά
869 3493 962 3544 καὶ
994 3491 1170 3545 πάλιν·
1201 3493 1354 3544 Διότι
1372 3491 1526 3559 μέγα
1553 3489 1619 3543 τὸ

69 3579 231 3649 ὄνομά
259 3600 376 3650 μου
412 3583 481 3635 ἐν
514 3581 638 3648 τοῖς
673 3583 894 3644 ἔθνεσι,
929 3583 1114 3652 σαφῶς
1143 3583 1434 3653 παρίστησι
1466 3581 1620 3634 δύνα-

68 3672 173 3726 σθαι
198 3674 264 3726 τὰ
285 3675 414 3746 ἔθνη
447 3671 693 3728 εἷναιτδν
731 3674 964 3745 Ἰσραὴλ,
999 3674 1154 3746 εἴπερ
1180 3675 1250 3727 ἐν
1271 3673 1348 3738 τῷ
1383 3674 1620 3743 Ἰσραὴλ

61 3761 195 3831 μέγα
221 3764 284 3817 τὸ
311 3765 504 3833 ὄνομα
526 3763 732 3818 αὑτοῦ.
761 3766 869 3818 Καὶ
900 3765 1034 3835 πρὸς
1062 3765 1158 3834 μὲν
1198 3765 1482 3827 Ἰουδαίους
1508 3765 1620 3817 ἐλέ-

65 3870 188 3920 γετο·
205 3855 388 3923 Ὑμεῖς
403 3855 810 3922 δὲβεϐηλοῦτε
821 3856 988 3917 αὐτὸ,
1006 3855 1162 3925 δῆλον
1181 3855 1224 3908 δ’
1251 3856 1332 3908 δτι
1348 3856 1408 3908 τὺ
1453 3855 1621 3924 ὄνομα

63 3947 143 4000 τοῦ
169 3949 318 4004 Θεοῦ.
354 3950 468 4004 Καὶ
500 3946 652 4013 αὖθις
688 3949 901 4021 εἴρηται
945 3947 1081 4018 πρὸς
1113 3949 1327 4012 αὐτούς’
1363 3950 1442 4001 Δι’
1466 3947 1621 4016 ὑμᾶς

62 4037 370 4109 διαπαντός
411 4043 475 4096 τὸ
523 4041 709 4111 ὄνομά
752 4058 871 4110 μου
912 4039 1363 4108 ,βλασφημεῖται
1396 4039 1466 4092 ὲν
1498 4039 1620 4104 τοῖς

62 4131 301 4189 ἔθνεσιν.
349 4136 415 4188 Ei
452 4133 628 4187 τοίνυν
667 4135 698 4204 ἡ
739 4133 875 4203 μετὰ
921 4135 1107 4202 χεῖρας
1145 4131 1334 4202 Γραφὴ
1383 4131 1619 4184 διδάσκει

60 4225 248 4277 ἐκεῖνον
275 4221 417 4278 εἶναι
446 4225 535 4278 τὸν
581 4224 814 4295 Ἰσραὴλ,
848 4225 978 4294 παρ’
1075 4222 1135 4275 τὸ
1171 4221 1264 4275 τοῦ
1298 4221 1430 4275 θεοῦ
1465 4221 1620 4284 δοξά-

62 4315 198 4378 (sui
224 4318 418 4388 ὄνομα,
451 4320 516 4372 ὲκ
545 4317 653 4370 τῶν
682 4315 983 4388 εἰρημένων
1009 4315 1200 4384 γένοιτ’
1225 4315 1291 4368 ἂν
1325 4314 1620 4386 κατάδηλος

58 4407 84 4460 ὀ
120 4408 342 4476 ὀφείλων
394 4408 645 4477 λέγεσθαι
678 4406 878 4478 κυρίως
933 4405 1165 4476 Ἰσραήλ.
1229 4406 1526 4474 Ἀναλόγως
1563 4407 1620 4459 δὲ

58 4499 220 4570 τούτῳ
249 4502 464 4571 νοήσεις
493 4501 584 4553 καὶ
610 4499 708 4570 τὴν
755 4498 1032 4550 Ἰουδαίαν·
1077 4495 1204 4550 ἔνθα
1241 4496 1350 4567 γάρ
1395 4499 1540 4549 ἐστιν
1585 4499 1617 4567 ἡ
1653 4517 1698 4575 D

58 4590 242 4657 γνῶσις
268 4591 367 4644 τοῦ
401 4589 556 4655 Θεοῦ,
588 4589 725 4661 αὕτη
762 4589 908 4641 ἐστὶν
933 4591 966 4659 ὴ
1014 4587 1262 4641 Ἰουδαία.
1297 4587 1463 4640 Τοῦτο
1492 4587 1620 4655 γοῦν

58 4681 90 4751 ή
125 4682 311 4754 Γραφὴ
353 4683 649 4754 παρίστησι
681 4681 930 4748 λέγουσα·
960 4677 1244 4744 Γνωστὸς
1271 4678 1340 4732 ὲν
1371 4677 1445 4745 τῇ
1486 4679 1623 4732 Ἰου-

56 4772 182 4842 δαίᾳ
209 4779 242 4828 0'
274 4777 441 4841 Θεός.
475 4775 538 4827 Ei
565 4774 621 4827 δὲ
656 4773 728 4844 μὴ
754 4773 814 4826 τὸ
837 4775 1067 4844 πρᾶγμα
1095 4770 1186 4824 ἐπὶ
1212 4773 1309 4840 τῆς
1346 4770 1619 4834 Ἰουδαίας,

56 4862 188 4931 λέγω
207 4866 263 4918 δὲ
281 4867 381 4936 τῆς
406 4865 775 4918 Παλαιστίνων
800 4863 980 4935 χώρας
1007 4862 1329 4932 εὑρίσκοιτο,
1362 4861 1620 4931 πλείστης

55 4954 211 5028 οὔσης
239 4957 679 5028 εἰδωλολατρείας
703 4957 762 5008 ὲν
789 4957 922 5027 αὐτῇ
949 4955 1264 5026 γενομένης,
1287 4952 1466 5007 αὐτῶν
1499 4954 1620 5005 Ἰου-

58 5049 212 5102 δαίων
239 5050 303 5102 τὸ
330 5050 549 5102 παλαιὸν
574 5047 1124 5120 είδωλολατρευόντων
1147 5049 1204 5098 ὲν
1226 5046 1384 5115 αὐτῇ,
1407 5046 1481 5106 ὼς
1500 5046 1624 5107 τοὺς

55 5143 340 5213 προφήτας
377 5141 695 5211 ἀπελέγχειν
741 5142 936 5204 αὐτοὺς
971 5139 1066 5192 καὶ
1103 5139 1304 5206 λέγειν’
1329 5135 1491 5190 Κατὰ
1515 5135 1626 5204 γὰρ

57 5234 155 5284 τεν
179 5233 431 5302 ἀριθμὸν
458 5231 576 5285 τῶν
602 5229 840 5284 πόλεών
866 5245 982 5283 σου
1008 5225 1170 5298 ἦσαν
1191 5228 1313 5281 θεοί
1334 5243 1450 5280 σου
1491 5226 1626 5280 Ἰού-

55 5322 143 5387 δα,
168 5325 264 5377 καί
297 5325 446 5378 κατὰ
465 5323 708 5393 ἀριθμὸν
727 5321 1007 5390 ἁμφόδων
1037 5317 1420 5388 Ἰερουσαλὴμ
1444 5318 1625 5370 ἔθυον

55 5414 124 5482 τῇ
159 5415 350 5469 Βαάλ·
378 5415 493 5479 πῶς
513 5415 733 5468 δυνατὸν
758 5413 960 5482 ταύτην
999 5406 1134 5464 εἶναι
1161 5407 1412 5478 λέγεσθαι
1433 5407 1532 5478 τὴν
1559 5406 1620 5458 τὸ

56 5502 293 5568 γνωστὸν
324 5502 416 5555 τοῦ
445 5500 580 5555 Θεοῦ
611 5500 950 5570 κεκτημένην
983 5498 1272 5562 Ἰουδαίαν;
1321 5495 1421 5550 Διὰ
1465 5495 1518 5548 τί
1560 5495 1618 5548 δὲ

124 5718 169 5750 δ’
207 5718 370 5774 Rom.
424 5721 600 5787 ",28,
636 5720 727 5774 29.
805 5720 848 5750 '°
886 5717 1121 5788 Philipp.
1159 5731 1245 5779 ιιι,
1281 5717 1337 5788 5.
1413 5715 1621 5788 ’χΙ-ϐο

1723 5713 1889 5788 t._lr8.

1446 5784 1627 5855 "Jcr.
1668 5801 1738 5850 ιι,
1771 5783 1860 5836 28.
1936 5780 1978 5814 ’θ
2021 5781 2124 5836 Isa.
2161 5796 2282 5847 snt,
2325 5780 2405 5835 19.

59 5786 142 5846 ii.
222 5791 268 5822 "
312 5790 440 5847 ibid.
517 5791 562 5823 ”
599 5789 729 5846 ibid.
767 5789 849 5842 1‘2.
927 5789 969 5819 ⁵⁷
1005 5786 1106 5842 ISa.
1151 5803 1246 5852 LII,
1287 5786 1339 5840 5.

1723 1932 1816 2002 qui
1850 1933 1983 1987 videt
2016 1935 2221 1998 Deam;
2252 1951 2382 2006 ergo
2424 1937 2598 1990 virum
2647 1941 3045 2008 perspicacem,
3091 1941 3287 1995 notitia

1723 2026 2004 2096 prazditum
2039 2035 2092 2082 et
2122 2028 2340 2082 doctum
2364 2067 2378 2092 ,
2424 2030 2597 2083 solum
2637 2045 2759 2084 esse
2803 2046 2988 2085 verum
3031 2031 3284 2087 lsraelcm

1721 2117 2056 2184 declarabit,
2100 2121 2313 2189 qualem
2362 2120 2477 2174 haec
2517 2121 2787 2176 sententia
2834 2122 3015 2190 prodit
3062 2123 3284 2188 dicens,

1723 2208 1790 2263 In
1816 2209 1987 2265 Israel
2013 2227 2258 2279 magnum
2285 2229 2467 2266 nomen
2491 2211 2626 2280 ejus.
2651 2211 2864 2266 Evincit
2887 2230 3017 2267 vero
3038 2211 3284 2269 Judaeum

1683 2349 1687 2352 _
1721 2299 1937 2356 lsraelis
1965 2303 2186 2357 nomine
2214 2303 2434 2373 dignum
2467 2320 2574 2358 non
2615 2320 2738 2360 esse
2767 2305 3120 2374 propheticus
3169 2322 3287 2361 ser-

1646 3175 1688 3230 C

1721 2407 1845 2454 mo,
1877 2391 1969 2462 qui
2003 2393 2152 2462 ipsos
2181 2393 2404 2462 respicit
2435 2401 2489 2447 et
2517 2395 2596 2449 sic
2629 2394 2794 2448 liabet
2823 2414 2835 2448 :
2880 2394 2966 2446 I'a:
2995 2395 3136 2464 genti
3167 2412 3287 2464 pec-

1721 2481 1908 2535 catrici
1929 2521 1944 2545 ,
1969 2483 2159 2550 populo
2187 2482 2336 2550 pleno
2370 2484 2596 2550 peccatis
2633 2485 2678 2515 "
2702 2501 2716 2548 ;
2743 2493 2824 2549 et,
2856 2482 3048 2536 Audite
3077 2484 3287 2536 verbum

1720 2571 1956 2640 Domini,
1986 2575 2243 2642 principes
2296 2573 2682 2628 Sodomorum:
2729 2573 2982 2628 attendite
3016 2575 3118 2645 legi
3150 2574 3286 2640 Dei,

1719 2665 1940 2732 populus
1970 2664 2275 2718 Gomorrha:
2302 2666 2368 2718 ⁵³.
2406 2665 2872 2731 Quemadmodum
2907 2668 3070 2721 etiam
3101 2667 3192 2736 qui
3221 2668 3288 2721 de

1722 2754 1974 2822 gentibus
1999 2755 2164 2818 dicit,
2198 2757 2264 2809 ab
2297 2758 2506 2810 oriente
2569 2757 2682 2810 sole
2737 2771 2906 2825 usque
2934 2757 2998 2810 ad
3027 2757 3285 2811 occiden-

1723 2853 1864 2907 tem,
1899 2844 2068 2913 gloria
2095 2845 2365 2899 celebrari
2403 2861 2596 2900 nomen
2632 2863 2790 2900 suum
2822 2847 2876 2900 in
2907 2849 3159 2916 gentibus
3187 2865 3201 2912 ;
3235 2857 3284 2902 et

1721 2938 1773 2989 in
1807 2937 1948 2988 omni
1978 2936 2090 2990 loco
2113 2975 2127 3000 ,
2157 2937 2262 3000 ait,
2301 2937 2589 3006 thymiama
2620 2939 2838 3006 oﬂ'ertur
2867 2941 3065 2992 nomini
3095 2958 3204 2994 meo
3235 2952 3284 2994 et

1722 3028 2042 3095 sacri/icium
2072 3027 2323 3081 mundum
2355 3028 2437 3094 5*;
2468 3043 2529 3083 ac
2559 3045 2813 3092 rursum,
2857 3030 2994 3095 Quia
3041 3048 3286 3100 magnum

1720 3125 1797 3170 est
1823 3133 2004 3170 nomen
2031 3133 2201 3170 meum
2223 3118 2273 3169 in
2297 3117 2534 3186 gentibus
2555 3117 2599 3147 ⁵⁵
2623 3135 2635 3183 ;
2664 3127 2844 3186 aperte
2868 3117 3106 3171 declarat
3129 3134 3288 3187 posse

1721 3214 1910 3276 gentes
1941 3207 2106 3262 Israel
2136 3224 2257 3263 esse
2278 3249 2292 3271 ,
2326 3208 2594 3276 siquidem
2625 3207 2678 3260 in
2715 3206 2884 3261 Israel
2915 3226 3158 3279 magnum
3193 3227 3288 3262 no-

1721 3315 1836 3352 men
1865 3299 2000 3368 ejus.
2032 3297 2234 3354 .Iudzeis
2264 3315 2392 3352 vero
2424 3297 2744 3352 dicebatur:
2783 3297 2882 3350 Vos
2916 3308 3088 3350 autem
3113 3299 3290 3367 profa-

1719 3392 1860 3445 natis
1885 3390 2017 3445 illud
2045 3392 2112 3456 ⁸⁵,
2144 3390 2396 3445 videlicet
2425 3405 2622 3444 nomen
2655 3387 2766 3443 Dei.
2799 3387 3148 3458 Rursumque
3183 3391 3290 3444 illis

1719 3484 1928 3536 dictum
1971 3492 2092 3537 est:
2122 3482 2342 3550 Propter
2381 3499 2467 3535 vos
2507 3496 2703 3549 semper
2731 3497 2913 3533 nomen
2944 3497 3112 3534 meum
3145 3481 3287 3534 blas-

1719 3574 1996 3642 phematur
2037 3574 2090 3626 in
2133 3575 2371 3642 gemibus
2403 3574 2468 3626 ".
2507 3573 2564 3626 Si
2609 3573 2792 3640 itaque
2842 3573 2954 3625 bam
3008 3571 3289 3642 Scriptura

1719 3665 1877 3720 docet
1906 3666 2057 3719 illum
2091 3681 2212 3720 esse
2257 3665 2509 3720 lsraelcm
2556 3679 2721 3734 penes
2771 3679 2929 3732 quem
2965 3681 3162 3718 nomen
3197 3664 3290 3718 Dei

1721 3757 2053 3820 celebratur,
2105 3772 2171 3812 ex
2207 3757 2320 3826 jam
2368 3756 2532 3810 dictis
2581 3757 2928 3811 manifestum
2982 3756 3146 3809 fuerit
3195 3756 3289 3824 qui

1720 3866 1847 3904 vere
1895 3858 1947 3904 et
1994 3849 2214 3919 proprie
2262 3847 2429 3903 Israel
2471 3849 2750 3902 vocandus
2779 3849 2869 3902 sil.
2928 3846 3291 3915 I’roportione

1721 3941 1953 4010 quadam
1990 3939 2058 3994 de
2086 3938 2272 3993 Juda‘a
2308 3939 2448 3992 idem
2486 3939 2776 4008 intelligas.
2810 3937 2944 3990 Nam
2981 3937 3070 3989 ubi
3103 3938 3292 4006 cogni-

1720 4030 1799 4084 tio
1845 4029 1940 4084 Dei
1990 4036 2106 4094 est,
2157 4028 2232 4082 ibi
2284 4026 2468 4082 Iudaea
2517 4028 2751 4083 exsistit.
2803 4025 2957 4092 Quod
2995 4027 3080 4080 bis
3107 4026 3291 4080 verbis

1722 4122 2007 4191 Scriptura
2050 4121 2331 4176 declarat:
2371 4118 2544 4174 Notus
2589 4120 2642 4172 in
2688 4118 2880 4186 Juda'a
2925 4117 3086 4172 Deus.
3135 4117 3291 4184 Quod

1722 4214 1767 4269 si
1799 4215 1851 4268 id
1885 4229 1994 4267 non
2022 4213 2076 4267 in
2105 4211 2289 4266 Iudaea
2312 4253 2326 4274 ,
2361 4212 2474 4265 sive
2507 4212 2560 4265 in
2589 4209 3001 4266 Palmstinornm
3034 4221 3178 4265 terra
3207 4225 3295 4264 re-

1723 4305 1949 4376 peritur.
1999 4319 2122 4358 eum
2159 4305 2328 4356 multa
2374 4303 2444 4356 ibi
2495 4302 2800 4356 idololatria
2857 4301 3041 4368 fuerit,
3073 4301 3293 4372 quando

1722 4398 1850 4450 olim
1894 4395 2063 4450 Judaei
2117 4394 2258 4448 idola
2304 4393 2592 4458 colebant,
2631 4397 2701 4446 ita
2734 4402 2792 4447 ut
2825 4395 3104 4464 propheta:
3143 4394 3293 4462 ipsos

1724 4496 2083 4560 coarguerent
2111 4503 2173 4542 ac
2203 4487 2447 4542 dicerent
2467 4527 2480 4547 .
2524 4484 2664 4542 Nam
2696 4486 2980 4540 secundum
3017 4502 3292 4539 numerum

1727 4579 1996 4632 civitatum
2035 4588 2248 4630 tuarum
2281 4586 2429 4630 erant
2463 4576 2540 4629 dii
2582 4578 2678 4640 tui,
2715 4575 2896 4639 Juda,
2929 4587 2977 4629 et
3007 4576 3293 4629 secundum

1728 4685 2002 4724 numerum
2061 4667 2318 4741 biviorum
2393 4665 2692 4721 Jerusalem
2751 4665 3128 4734 sacriﬁcabant
3197 4667 3298 4732 ipsi

1728 4761 1866 4816 Baal
1895 4761 1962 4820 ⁸⁸,
1993 4759 2085 4830 qui
2121 4759 2236 4813 ﬁeri
2265 4769 2444 4828 potest
2473 4759 2613 4812 hanc
2642 4757 2747 4810 dici
2776 4753 3018 4810 Judwam
3055 4772 3174 4825 qtae
3203 4772 3297 4813 n0-

1727 4853 1901 4905 titiam
1935 4850 2029 4904 Dei
2065 4849 2352 4904 obtineat?
2382 4850 2494 4904 Cur
2521 4851 2649 4902 item
2678 4862 2786 4901 non
2822 4847 2976 4902 dicas
3007 4845 3294 4918 Egyptioo

1726 4961 1845 4998 rum
1878 4943 2152 5014 regionem
2182 4957 2247 4997 eo
2276 4942 2539 4996 vocabulo
2567 4943 2815 5011 dignam,
2847 4941 2914 4994 de
2944 4955 3050 5009 qua
3087 4939 3294 4995 dictum

1725 5044 1842 5101 est,
1885 5033 1954 5086 Et
1982 5035 2080 5088 erit
2112 5033 2281 5087 altare
2311 5033 2534 5086 Domino
2569 5033 2620 5084 in
2656 5041 2795 5084 terra
2839 5029 3061 5099 Ai'gypti
3090 5031 3174 5096 '9;
3229 5046 3293 5083 at:

1726 5141 1951 5188 rursus,
2002 5124 2069 5178 Et
2098 5136 2252 5180 notus
2299 5125 2398 5177 erit
2443 5123 2698 5176 Dominus
2728 5120 3046 5190 {'Egyptiis?
3080 5119 3212 5173 Nam
3247 5121 3292 5176 si

1724 5235 1892 5288 penes
1930 5233 2024 5272 eos
2057 5218 2257 5288 quibus
2294 5224 2454 5269 notus
2491 5222 2574 5270 est
2611 5213 2751 5269 Deus
2781 5212 2966 5268 .Iudaaa
2997 5213 3291 5282 reperitur,

1725 5307 1857 5377 quid
1904 5309 2161 5376 impediat
2204 5306 2498 5376 quominus
2547 5317 2738 5360 omnes
2787 5304 2881 5374 qui
2925 5303 3292 5372 cognitionem

1728 5399 1820 5455 Dei
1851 5408 2179 5469 acceperunt
2202 5398 2256 5451 in
2278 5396 2463 5452 Judiea
2488 5411 2611 5450 esse
2640 5395 2936 5450 dicantur?
2963 5394 3142 5460 Quare
3167 5409 3294 5448 con-

1724 5501 2014 5563 sequenter
2041 5491 2108 5545 ad
2135 5489 2350 5553 isthazc,
2378 5487 2622 5543 Ecclesia
2653 5487 2744 5542 Dei
2776 5501 2872 5557 per
2900 5494 3075 5542 totum
3102 5487 3293 5540 orbem

1976 5711 2023 5742 "
2062 5709 2167 5763 Isa.
2206 5725 2259 5772 ι,
2295 5711 2348 5764 4.
2444 5710 2488 5741 ⁸³
2532 5708 2664 5765 ibid.
2700 5708 2784 5766 10.
2885 5709 2932 5742 ⁵³
2971 5707 3197 5766 Malacb.
3236 5723 3292 5778 1,
