3776 6284
513 290 637 347 179
1157 257 1179 282 ⁹
1216 284 1485 343 .Eusssn
1522 286 1997 344 casammsrs
2034 287 2177 349 opp.
2225 293 2402 351 PARS
2435 292 2523 352 nt.
2551 290 3044 350 -—EXEGETICA.
3562 305 3630 363 ιω

498 409 816 475 constituta
837 449 852 474 ,
881 408 937 464 in
960 421 1066 478 qua
1093 406 1188 477 qui
1211 414 1304 464 est
1337 421 1503 477 super
1532 405 1714 462 omnia
1747 404 1887 461 Deus
1917 414 2046 461 notu

2141 442 2150 469 ι
2181 409 2279 465 οὐκ
2310 410 2375 465 ἂν
2400 411 2572 476 είποις
2605 409 2702 481 τὴν
2730 408 3035 477 Αἰγυπτίων
3065 406 3244 479 χώραν
3267 406 3405 472 ἀξίαν
3423 411 3501 483 τῆς
3519 433 3631 487 προς.

519 511 640 566 est,
674 499 861 556 Judaea
892 506 1253 570 congruenter
1282 496 1393 552 dici
1421 497 1615 568 possit.
1649 494 1834 567 Neque
1860 495 2046 552 aberre

2178 501 2427 571 ηγορίας,
2456 501 2582 572 περὶ
2614 495 2682 572 ἧς
2708 498 2939 573 εἴρηταιο
2974 498 3083 552 Kal
3114 497 3279 552 ἔσται
3305 503 3633 574 θυσιαστήριον

521 598 567 651 si
599 595 752 649 dicas
792 592 1034 649 Judaram
1059 605 1211 657 esse,
1236 597 1414 644 totam
1445 588 1710 643 divinitus
1753 587 2046 658 inspiratam

2176 589 2256 655 τῷ
2284 592 2476 659 Κυρίῳ
2504 592 2573 645 ἐν
2600 590 2761 660 χώρᾳ
2787 590 3109 660 Αἰγύπτου⁸
3139 591 3231 643 καὶ
3253 586 3409 654 αὖθιςο
3433 594 3520 647 Kal
3538 614 3633 663 rru-

517 695 574 741 et
602 683 884 740 Judaicam
917 683 1274 752 scripturam,
1299 696 1420 752 quae
1445 695 1544 734 ceu
1576 678 1851 749 possessio
1879 685 1935 732 et
1960 692 2046 732 am

2174 680 2322 747 στός
2345 681 2514 737 ἔσται
2543 683 2756 752 Κύριος
2791 681 2916 747 τοῖς
2956 682 3318 749 Αἱγυπτίοις;
3344 683 3399 735 Εἰ
3438 684 3523 757 γὰρ
3550 692 3633 760 παρ’

516 778 666 833 bitus
698 778 810 832 veri
841 775 1059 831 Israelis
1090 773 1398 843 nuncupari
1438 777 1650 842 potest,
1694 770 1825 841 quia
1866 769 1920 824 in
1954 769 2046 840 ips;

2171 765 2251 836 οἷς
2276 773 2513 841 γνωστός
2542 775 2686 827 εστιν
2706 775 2734 826 6
2755 772 2886 836 Θεὸς
2915 772 3063 844 παρά
3084 773 3289 839 τούτοις
3316 777 3449 847 κο.ὶὴ
3478 779 3634 835 Ἰουδαία
3742 768 3743 815 ἶ

2171 864 2445 934 τυγχάνει,
2486 864 2539 917 τί
2574 861 2634 916 τὸ
2678 860 2882 915 κωλῦον
2911 862 2986 933 μὴ
3023 862 3227 928 πάντας
3254 865 3373 929 τοὺς
3396 867 3481 938 τὴν
3501 871 3636 936 γνῶςιν
3742 900 3743 905 η

517 868 758 939 cognitio
781 867 876 921 Dei
899 866 1232 923 continetur.
1262 863 1389 918 Pari
1417 863 1603 933 itaque
1632 862 1794 917 modo
1822 875 1946 918 vera
1975 860 2070 915 Ju-

514 960 630 1014 daea
661 967 909 1015 et-verus
936 957 1100 1014 Israel
1127 956 1477 1027 intelligatur.

2172 953 2526 1026 ἀνειληφότας
2556 954 2649 1008 τοῦ
2681 955 2815 1009 Θεοῦ
2847 957 2903 1009 ἐν
2931 959 3007 1029 τῇ
3040 957 3265 1029 Ἰουδαίᾳ
3285 954 3411 1012 εἶναι
3434 959 3635 1028 liram;

513 1055 734 1119 Τούτοις
766 1050 857 1108 οὖν
889 1053 1163 1122 ἀναλόγως
1194 1052 1288 1106 καὶ
1322 1053 1356 1121 ἡ
1390 1049 1510 1105 καθ’
1534 1049 1661 1122 ὅλης
1692 1048 1792 1119 τῆς
1821 1046 2142 1119 οἰκουμένης
2174 1049 2469 1122 Ἐκκλησία
2494 1050 2649 1117 Θεοῦ,
2675 1052 2731 1104 ὲν
2757 1045 2792 1124 ᾖ
2853 1052 2881 1103 6
2917 1051 3010 1104 ἐπὶ
3064 1053 3277 1106 πάντων
3303 1052 3421 1115 Θεὸς
3472 1055 3637 1123 γνωστδς

510 1146 587 1201 ὢν
617 1146 891 1218 τυγχάνει,
933 1145 1161 1200 Ἰουδαία
1186 1161 1246 1197 τε
1274 1141 1509 1211 εὐλόγως
1537 1140 1604 1196 ἂν
1642 1140 1852 1214 ῥηθείη.
1915 1142 2028 1194 οὐκ
2081 1140 2145 1195 ἂν
2178 1139 2234 1195 δὲ
2265 1142 2531 1214 ἁμάρτοις
2573 1143 2834 1199 Ἰουδαίαν
2868 1139 3005 1198 εἷναι
3051 1144 3222 1213 λέγων
3269 1145 3435 1199 πᾶσαν
3461 1146 3540 1217 τὴν
3560 1146 3637 1201 θεό-

506 1256 769 1294 πνευστον
795 1240 889 1293 καὶ
926 1237 1217 1309 Ἶουδαῖκὴν
1264 1234 1504 1307 Γραφὴν,
1554 1234 1738 1304 κτῆμα
1762 1227 1926 1286 οὖσαν
1969 1230 2064 1285 καὶ
2100 1231 2175 1295 ὡς
2202 1232 2504 1306 περίχωρον
2528 1232 2621 1286 τοῦ
2648 1232 2900 1306 ἀληθινοῦ
2942 1234 3172 1307 Ἰσραὴλ,
3201 1233 3288 1288 διὰ
3323 1234 3391 1295 ne
3430 1236 3510 1308 τὴν
3548 1237 3640 1305 wi-

510 1350 595 1390 σιν
629 1333 723 1389 τοῦ
759 1334 891 1388 Θεοῦ
920 1333 978 1387 ὲν
1007 1334 1145 1404 αὐτῇ
1183 1328 1547 1404 περιέχεσθαι.
1589 1327 1746 1383 Οὕτω
1781 1328 1878 1399 μὲν
1906 1320 1998 1381 οῦν
2033 1326 2069 1399 ἡ
2104 1325 2330 1400 ἀληθινὴ
2359 1324 2595 1383 Ἰουδαία
2625 1326 2720 1382 καὶ
2781 1330 2811 1383 6
2840 1327 3086 1400 ἀληθινὸς
3134 1327 3345 1400 Ἰσραὴλ
3400 1329 3638 1402 mole

507 1426 647 1482 κατά
677 1426 765 1480 τὸν
787 1426 967 1497 ὅμοιον
994 1424 1213 1497 τρόπον.

573 1542 744 1598 Vens.
775 1542 829 1598 5.
868 1541 1183 1614 Perpendas
1223 1556 1354 1596 vero
1396 1540 1669 1612 quomodo
1697 1538 1868 1611 factus
1900 1545 1977 1591 est
2008 1536 2063 1590 in

500 1649 630 1707 pace
677 1632 823 1687 locus
869 1631 983 1701 ejus
1004 1671 1019 1696 ,
1058 1638 1109 1685 et
1141 1629 1402 1684 habitatio
1429 1631 1542 1701 ejus
1568 1630 1624 1683 in
1655 1627 1806 1684 Sion.
1849 1624 1985 1681 Nam
2010 1640 2045 1681 ε

2163 1621 2291 1689 τοῦ,
2324 1622 2423 1677 καὶ
2449 1624 2515 1678 τὸ
2546 1625 2995 1696 κατοικητήριον
3017 1626 3203 1682 αὐτοῦ
3232 1628 3304 1682 ἐν
3335 1628 3487 1683 Σιών.
3508 1632 3557 1685 Ei
3576 1634 3641 1705 μὲν

491 1726 655 1781 locus
685 1722 810 1788 ille,
843 1736 1004 1792 quem
1034 1720 1206 1778 Judaei
1233 1721 1289 1776 in
1326 1722 1535 1777 honore
1562 1719 1834 1776 habebant
1858 1760 1873 1786 ,
1906 1717 2046 1774 belli:

2163 1714 2272 1786 τάρ
2311 1716 2339 1768 ό
2382 1715 2534 1787 παρά
2582 1714 2852 1780 Ἰουδαίοις
2884 1715 3196 1789 τιμώμενος
3233 1719 3391 1785 τόπος
3416 1721 3640 1795 ἀπόρθητος

490 1824 555 1870 et
585 1812 985 1869 vastationibus
1014 1827 1123 1867 non
1151 1812 1423 1869 obnoxius
1470 1810 1694 1876 fuisset,
1739 1809 1934 1866 merito
1958 1808 2046 1864 Ju-

2162 1807 2257 1861 καὶ
2305 1807 2646 1880 ἀπολέμητος
2697 1809 3026 1880 πεφύλακτο,
3076 1811 3233 1882 λόγον
3280 1809 3388 1885 εἶχε
3423 1819 3642 1888 συγχωρεῖν

497 1905 631 1961 όωὶε
681 1904 909 1961 concedi
958 1914 1144 1974 posset
1196 1919 1322 1960 eum
1370 1905 1551 1974 ipsum
1608 1917 1732 1959 esse
1787 1902 1969 1957 locum
2026 1915 2046 1957 ε

2173 1900 2435 1955 Ἰουδαίων
2466 1902 2651 1957 παισὶν
2686 1903 2848 1959 αὑτὸν
2886 1900 3023 1959 εἶναι
3060 1906 3302 1978 νομίζειν
3340 1908 3428 1962 τὸν
3465 1909 3548 1963 ὗπὺ
3572 1909 3642 1964 νῦν

499 1995 786 2065 Scriptura
828 1993 1150 2049 indicatum.
1181 1993 1338 2061 Quod
1382 1995 1429 2051 si
1478 1994 1569 2050 ille
1616 2008 1649 2048 a
1690 1992 2061 2049 fundamentis

2234 1532 2468 1604 Νοήσεις
2497 1532 2556 1586 δὲ
2579 1533 2728 1597 ὅπως
2754 1533 3005 1604 ἐγενήθη
3032 1535 3103 1590 ἐν
3131 1536 3336 1607 εἰρήνῃ
3362 1539 3395 1592 ό
3415 1539 3641 1606 τόπος-οὺ.

493 2089 714 2143 dirutus
744 2093 798 2142 et
826 2101 969 2158 saepe
997 2096 1190 2158 captus
1220 2087 1288 2143 ab
1317 2086 1570 2144 hostibus
1599 2085 1732 2153 fuit,
1785 2092 1842 2141 et
1880 2094 2059 2141 tamen

501 2179 658 2235 locus
689 2179 810 2250 ejus
841 2181 895 2235 in
923 2194 1058 2251 pace
1087 2195 1211 2237 esse
1253 2180 1489 2248 dicatur,
1557 2194 1667 2236 non
1712 2194 1844 2237 sane
1885 2166 2060 2250 possit

483 2287 683 2329 revera
705 2272 887 2343 putari
911 2272 1065 2328 locus
1086 2270 1184 2328 Dei
1209 2286 1330 2329 esse
1346 2312 1362 2338 ,
1390 2272 1484 2343 qui
1510 2272 1830 2343 plerumque
1855 2270 1926 2327 ab
1951 2271 2061 2325 ini-
2093 2306 2105 2318 .

481 2362 653 2417 'nicis
683 2360 987 2418 debellatus
1014 2362 1106 2419 sit.
1129 2361 1312 2427 Quare
1337 2361 1448 2430 jam
1479 2376 1589 2418 non
1627 2362 1781 2427 dicit,
1811 2363 1868 2416 in
1898 2359 2059 2416 Jeru-

494 2453 697 2517 salem,
746 2468 820 2509 ne
868 2452 994 2525 quis
1043 2452 1317 2508 laberetur
1359 2451 1644 2508 Judaicam
1692 2453 1884 2509 urbem
1932 2466 2057 2511 esse

491 2543 826 2616 cogitando;
866 2542 964 2600 sed
1014 2542 1137 2599 loco
1183 2543 1332 2598 illius
1376 2558 1563 2599 veram
1607 2543 1935 2600 sententiam
1975 2544 2056 2601 sic

480 2637 800 2708 expressit,
848 2632 1050 2692 Factus
1077 2646 1155 2693 est
1194 2639 1249 2690 in
1279 2634 1458 2693 Solem
1501 2637 1646 2692 locus
1692 2638 1826 2708 ejus.
1872 2638 2054 2695 Salem

488 2743 621 2786 vero
645 2744 751 2798 pax
779 2728 1128 2799 explicatur:
1175 2742 1346 2798 quare
1389 2728 1533 2799 apud
1575 2726 1927 2799 Septuaginta
1962 2728 2053 2784 ln-

476 2827 759 2891 ‘terpretes
786 2818 992 2875 dictum
1019 2826 1105 2875 est
1122 2858 1138 2885 ,
1170 2816 1373 2875 Factus
1399 2828 1477 2873 est
1505 2819 1562 2872 in
1588 2834 1714 2888 pace
1740 2820 1884 2874 locus
1913 2822 2048 2884 eius.

482 2909 548 2967 Si
579 2913 743 2982 igitur
774 2911 970 2966 animae
1001 2911 1149 2966 omni
1176 2924 1412 2982 prorsus
1440 2910 1802 2991 bello'libera:
1837 2912 1893 2966 in
1924 2925 2051 2982 pro-

477 3003 769 3073 speritate,
795 3002 978 3074 quiete
1000 3009 1056 3059 et
1083 3004 1481 3074 tranquillitate
1506 3002 1786 3075 degentes,
1816 3004 1872 3059 in
1898 3012 2047 3060 terra

2157 1992 2389 2065 Γραφῶν
2415 1993 2756 2067 δηλούμενον⁸
2791 1999 2841 2051 εἰ
2870 1998 2915 2052 δ’
2935 1993 3087 2062 οὗτος
3112 1998 3209 2069 μὲν
3231 2001 3300 2053 ὲκ
3323 1999 3515 2072 βάθρων
3529 2001 3645 2073 Mur

2156 2099 2247 2138 ται
2273 2083 2436 2149 ἁλοὺς
2465 2085 2722 2151 πολλάκις
2752 2087 2856 2141 ὑπὸ
2894 2088 3186 2160 πολεμίων,
3235 2090 3296 2144 εν
3331 2091 3502 2164 εἰρήνῃ
3525 2090 3642 2145 δὶλίο
3742 2094 3743 2141 ἓ

2157 2191 2314 2244 γεται
2345 2176 2609 2249 ὑπάρχειν
2636 2179 2665 2230 6
2690 2176 2854 2242 τόπος
2874 2179 3057 2234 αὐτοῦ’
3088 2179 3187 2235 οὐκ
3208 2179 3279 2234 ἂν
3299 2180 3497 2237 δύναιτο
3514 2182 3645 2251 ἀληθεῖ

2156 2267 2297 2340 λόγῳ
2322 2269 2636 2341 νομίζεσθαι
2660 2270 2824 2336 τόπος
2844 2267 2982 2325 εῖναι
3007 2270 3101 2326 τοῦ
3127 2270 3266 2325 Θεοῦ
3289 2273 3319 2325 6
3338 2270 3563 2334 πολλάκις
3574 2272 3644 2326 iri

2157 2359 2430 2430 πολεμίων
2461 2359 2642 2423 άλούς.
2676 2360 2766 2414 Διὸ
2791 2360 2915 2415 οὐδὲ
2941 2360 3189 2433 ὠνόμασε
3217 2361 3336 2426 νῦν,
3365 2360 3456 2415 ἐπὶ
3473 2359 3643 2428 τὴνἾε-

2144 2448 2498 2529 ὶρουσαιὶὴμ,
2518 2450 2597 2515 ὡς
2631 2451 2698 2506 ἂν
2728 2452 2801 2524 μή
2833 2469 2916 2516 τις
2942 2452 3160 2507 ἐκπέσοι
3178 2452 3276 2506 ἐπὶ
3299 2450 3394 2524 τὴν
3429 2451 3644 2521 imam.
3742 2490 3743 2495 η

2154 2540 2328 2595 πόλιν·
2364 2542 2485 2596 ἀντὶ
2522 2542 2579 2596 δὲ
2614 2542 2817 2614 ταύτης
2843 2543 2942 2614 τὴν
2983 2542 3219 2599 διάνοιαν
3261 2542 3357 2598 τοῦ
3396 2543 3647 2615 πράγματος
3742 2570 3743 2615 γ

2154 2633 2497 2706 παρέστησεν
2537 2632 2725 2688 εἰπών’
2783 2633 3060 2705 Ἐτενήθη
3099 2633 3170 2688 ἐν
3211 2634 3425 2705 rullus
3455 2636 3487 2688 ό
3518 2633 3644 2698 edace

2151 2726 2358 2782 αὐτοῦ.
2410 2726 2599 2799 Σαλὴμ
2660 2726 2719 2780 δὲ
2773 2725 3131 2799 ἑρμηνεύεται
3182 2725 3416 2796 εἰρήνη·
3444 2726 3514 2780 διδ
3544 2725 3648 2797 παρὰ

2150 2821 2262 2882 τοῖς
2316 2817 2714 2890 Ἐὄδομήκοντα
2756 2817 2987 2891 εἴρηται*
3038 2818 3323 2890 Ἐτενήθη
3350 2820 3422 2873 ἐν
3446 2815 3648 2886 είρήνιό

2149 2910 2334 2977 τόπος
2370 2911 2576 2966 αὐτοῦ.
2603 2911 2667 2964 Εἰ
2710 2909 2810 2982 μὲν
2849 2904 2943 2964 οὖν
2977 2910 3073 2964 καὶ
3102 2912 3197 2965 ἐπὶ
3239 2909 3349 2981 γῆς
3387 2908 3651 2983 εὑρίσκοιντο

2147 2999 2313 3071 ψυχαὶ
2364 3000 2566 3067 παντὸς
2606 3001 3043 3075 ἠλευθερωμέναι
3074 3001 3315 3074 πολέμου
3343 3003 3402 3056 ὲν
3428 2998 3649 3067 εὐσταθείᾳ

483 3093 851 3163 reperiantur,
881 3092 1006 3163 jure
1036 3092 1291 3148 dicantur
1321 3092 1425 3147 illae
1456 3074 1611 3149 locus
1640 3092 1735 3149 Dei
1774 3108 1929 3158 esse,
1962 3101 2046 3149 ut-

2151 3094 2244 3148 καὶ
2297 3093 2565 3166 ἀταραξίᾳ
2621 3096 2714 3149 καὶ
2762 3074 2970 3166 γαλήνῃ
3016 3094 3324 3164 διάγουσαι,
3381 3095 3574 3157 εἰκότως
3606 3092 3647 3145 ἂν

483 3192 613 3253 pote
644 3198 765 3254 quae
793 3181 1059 3253 Spiritum
1088 3181 1333 3237 divinum
1366 3186 1423 3238 in
1453 3199 1513 3240 se
1543 3185 1781 3254 capiant.
1829 3183 1954 3241 [deo
1982 3186 2050 3243 de

476 3273 688 3329 talibus
716 3273 924 3328 dictum
952 3279 1072 3338 est,
1114 3271 1432 3328 Inhabitabo
1468 3275 1525 3328 in
1563 3274 1672 3329 illis
1709 3285 1762 3330 et
1798 3275 2048 3330 inambu-

484 3362 604 3419 labo
626 3404 642 3428 ,
672 3372 722 3419 et
742 3380 840 3420 tero
869 3364 1087 3418 illorum
1120 3364 1259 3420 Deus
1284 3404 1299 3430 ,
1329 3373 1380 3420 et
1402 3365 1512 3434 ipsi
1538 3372 1694 3420 erunt
1731 3364 1859 3419 mihi
1884 3381 2050 3435 popa-

472 3456 568 3510 -lus
597 3457 664 3510 ⁸⁸.
695 3455 849 3523 Quod
881 3454 930 3512 si
974 3456 1113 3512 tales
1146 3456 1202 3512 in
1229 3464 1375 3513 terra
1406 3472 1628 3527 perraro
1656 3458 2046 3528 inveniantur;

478 3562 607 3602 cum
635 3555 825 3603 contra
846 3548 903 3603 in
925 3547 1144 3604 civitate
1165 3548 1260 3604 Dei
1288 3591 1303 3615 ,
1333 3548 1543 3604 caelesti
1575 3545 1673 3604 Dei
1707 3548 2047 3604 domicilium

468 3638 726 3709 angelis,
777 3639 1157 3711 archangelis,
1205 3639 1408 3697 divinis
1449 3640 1780 3708 virtutibus,
1831 3641 2044 3712 spiriti-

480 3728 697 3800 busque
742 3729 951 3787 sanctis
994 3731 1404 3803 frequentetur;
1435 3731 1561 3802 jure
1588 3730 1737 3787 dicat
1767 3732 2042 3804 quispiam

466 3823 554 3877 ibi
599 3824 779 3878 locum
821 3821 918 3879 Dei
962 3838 1121 3891 esse,
1165 3835 1219 3880 et
1260 3823 1409 3879 illam
1450 3839 1634 3879 veram
1664 3840 1786 3880 esse
1816 3840 2039 3896 pacem,

467 3924 599 3978 qua:
640 3907 815 3964 Salem
857 3909 946 3963 hic
975 3907 1237 3965 Hebraice
1266 3918 1632 3980 nuncupatur.
1679 3909 1859 3976 Quare
1900 3913 2044 3982 Apo-

474 4000 657 4053 stolus
684 4014 808 4053 cum
838 4007 1025 4055 nosset
1053 4015 1173 4056 eam
1202 4000 1420 4056 dicebat
1446 4020 1460 4056 :
1497 4000 1606 4055 Illa
1634 4018 1752 4057 vero
1779 3994 1895 4073 qua!
1921 4019 2043 4057 sur-

479 4105 597 4141 sum
642 4098 721 4144 est
761 4088 1057 4145 Jerusalem
1104 4091 1269 4146 libera
1297 4102 1407 4157 est,
1453 4109 1570 4164 qule
1609 4103 1686 4148 est
1717 4103 1885 4148 mater
1938 4109 2037 4147 no-

478 4190 595 4234 stra
620 4183 686 4237 “.
714 4181 847 4236 Nam
876 4181 1054 4238 Salem
1073 4184 1376 4254 explicatur
1400 4200 1537 4255 pax;
1564 4183 1863 4242 Jerusalem
1889 4200 2038 4251 vero,

468 4273 606 4327 uisio
648 4273 793 4344 pacis
818 4288 838 4327 :
877 4274 1037 4344 cujus
1084 4277 1226 4331 lares
1272 4276 1329 4330 in
1372 4275 1688 4331 cmlestibus
1730 4276 2039 4347 divinisque

404 4433 411 4439 ,
470 4365 770 4422 virtutibus
795 4366 1064 4422 exsistunt
1084 4384 1104 4421 ':
1135 4367 1190 4420 in
1219 4367 1419 4438 quibus
1447 4367 1590 4424 Deus
1615 4369 1733 4438 ipse
1759 4367 2033 4433 ambulat,
2065 4412 2112 4469 Β

466 4463 664 4526 utpote
707 4472 826 4527 quae
865 4457 985 4522 eius
1026 4456 1283 4513 deitatem
1328 4473 1523 4528 capere
1561 4459 1799 4513 valeant.
1831 4457 2036 4513 Deinde

473 4547 713 4602 dicitur:
760 4545 831 4601 Et
873 4548 1132 4602 habitatio
1172 4549 1285 4617 ejus
1314 4548 1371 4602 in
1400 4547 1550 4603 Sion.
1583 4548 1780 4602 Postea
1809 4546 2039 4616 subjun-

473 4638 660 4708 gitur:
686 4668 760 4679 --
783 4636 950 4694 Vsus.
976 4641 1030 4693 4.
1076 4638 1163 4692 lbi
1201 4622 1454 4710 confregit
1492 4639 1753 4708 potentias
1782 4654 2033 4703 arcuum,

466 4729 636 4782 telum
656 4768 672 4791 ,
701 4728 937 4800 gladium
965 4735 1016 4782 et
1047 4728 1259 4783 bellum.
1307 4726 1408 4783 Hic
1437 4744 1657 4784 rursum
1677 4772 1692 4794 ,
1723 4728 1771 4784 si
1811 4729 1868 4783 in
1913 4744 2038 4784 sen-

465 4816 620 4872 sibili
665 4824 720 4873 et
760 4823 980 4874 terrena
1035 4817 1168 4872 Sion
1219 4819 1335 4873 haec
1376 4827 1527 4890 gesta
1554 4826 1778 4883 essent,
1813 4834 1922 4875 non
1955 4835 2037 4876 es.

470 4914 556 4966 set
593 4923 760 4965 causa
805 4909 1077 4964 invidendi
1118 4893 1320 4966 Judmis
1365 4910 1445 4966 sic
1481 4911 1756 4981 explicare
1800 4913 2036 4967 volenti-

468 5000 612 5068 bus;
656 5001 802 5071 quod
834 5001 882 5057 si
929 5001 1063 5071 ipsis
1093 5001 1254 5058 rebus
1282 5002 1449 5073 gestis
1479 5003 1816 5057 contrarium
1869 5018 2036 5074 appa-

466 5097 615 5157 reat,
665 5091 795 5162 quia
845 5091 904 5147 in
942 5091 1228 5148 obsidione
1274 5092 1619 5147 inimicorum
1664 5094 1846 5149 diruta
1890 5095 2031 5163 fuit;

466 5179 843 5236 necessarium
874 5187 959 5236 est
991 5181 1080 5236 hic
1117 5179 1369 5247 Sionem,
1411 5197 1532 5252 quae
1569 5197 1693 5237 cum
1736 5198 1872 5253 pace
1909 5200 2035 5240 con-

467 5278 649 5342 gruat,
680 5271 1003 5343 intelligere,
1026 5272 1234 5328 scilicet
1261 5272 1557 5329 Ecclesiam
1585 5272 1678 5329 Dei
1710 5291 1726 5341 ;
1756 5275 1839 5329 vel
1868 5275 2032 5332 etiam

468 5361 744 5418 caelestem
786 5363 933 5417 illam
974 5362 1043 5419 de
1081 5378 1189 5434 qua
1230 5364 1447 5420 divinus
1483 5366 1778 5436 Apostolus
1805 5367 1919 5422 haec
1944 5368 2032 5424 de—

453 5452 735 5508 claravit:
768 5452 1078 5510 Accessistis
1112 5454 1183 5509 ad
1217 5455 1350 5511 Sion
1380 5465 1608 5511 montem
1632 5496 1647 5523 ,
1679 5466 1731 5512 et
1764 5459 2031 5513 ciuitatem

468 5540 566 5596 Dei
588 5544 824 5611 uiuentis,
852 5545 1150 5601 Jerusalem
1184 5546 1438 5603 caelestem
1463 5588 1478 5613 ,
1510 5558 1558 5603 et
1590 5549 1876 5605 multorum
1911 5551 2029 5605 mil-

539 5696 584 5726 ⁸⁸
623 5694 792 5750 chit.
829 5661 954 5757 sxw?
980 5736 1002 5767 ,
1035 5702 1123 5756 ιε.
1200 5704 1241 5734 ⁶¹
1283 5703 1465 5758 Galat.
1506 5719 1578 5769 Iv,
1609 5704 1699 5759 26.

2146 3184 2384 3254 λεχθεῖεν
2414 3184 2508 3237 καὶ
2535 3176 2696 3240 αὗται
2720 3185 2883 3250 τόπος
2909 3185 3003 3238 τοῦ
3025 3185 3181 3251 Θεοῦ,
3208 3185 3290 3250 ὡς
3321 3185 3389 3240 ἂν
3415 3181 3646 3255 χωρητικεὶ

2145 3271 2301 3330 οὖσαι
2334 3274 2475 3329 θείου
2506 3275 2838 3347 Πνεύματος.
2879 3276 3113 3348 Διδπερὶ
3139 3274 3251 3330 τῶν
3278 3275 3521 3330 τοιούτων
3544 3274 3647 3344 είρις⁸

2144 3382 2236 3420 ται
2262 3366 2343 3432 τδ,
2387 3366 2714 3436 Ἐνοικήσω
2752 3368 2822 3421 ἐν
2860 3367 3065 3434 αὐτοῖς
3099 3366 3199 3422 καί
3233 3365 3645 3438 ἐμπεριπατήσῆ

2145 3459 2245 3512 καὶ
2270 3459 2485 3529 ἔσομαι
2516 3459 2713 3514 αὐτῶν
2743 3460 2907 3527 Θεὸς,
2956 3459 3055 3514 καί
3098 3460 3271 3515 αὐτοί
3324 3457 3549 3515 ἔσονταί
3578 3472 3646 3525 μοι

2141 3554 2310 3620 λαός.
2332 3555 2396 3607 Εἰ
2416 3553 2473 3608 δὲ
2494 3554 2732 3619 σπανίως
2754 3555 2853 3626 μὲν
2873 3555 3206 3626 εὑρίσκοιντο
3226 3556 3323 3610 ἐπὶ
3343 3556 3444 3627 γῆς
3458 3552 3648 3612 τοιοῦτθῆ

2143 3647 2202 3700 ἐν
2247 3646 2306 3701 δὲ
2351 3649 2415 3717 τῇ
2474 3647 2590 3700 κατ’
2639 3646 2864 3718 οὐρανὸν
2921 3646 3340 3721 χρηματιζούσῃ
3383 3645 3507 3702 Θεοῦ
3544 3643 3649 3698 πόλει

2142 3735 2446 3809 πληθύειτὺ
2456 3735 2552 3791 τοῦ
2574 3736 2708 3791 Θεοῦ
2733 3739 3063 3811 οἰκητήριον,
3089 3740 3147 3793 ὲν
3171 3739 3444 3809 ἀγγέλοις,
3467 3736 3649 3805 uim-

2141 3828 2412 3898 αγγέλοις,
2434 3831 2528 3883 καὶ
2567 3828 2736 3893 θείαις
2764 3828 3045 3901 δυνάμεσι,
3068 3831 3162 3884 καὶ
3184 3829 3490 3901 πνεύμασιν
3508 3824 3648 3895 ἁγίας·

2142 3921 2363 3985 εἰκότως
2389 3921 2480 3976 τὸν
2503 3921 2665 3975 τόπον
2681 3920 2774 3975 τοῦ
2797 3922 2932 3975 Θεοῦ
2957 3922 3085 3994 παρ’
3106 3923 3338 3986 ἐκείνοις
3360 3921 3494 3976 είποι
3509 3919 3647 3978 huc.

2141 4011 2398 4083 κάκείνην
2442 4007 2579 4066 εἶναι
2616 4013 2716 4084 τὴν
2759 4013 2980 4085 εἰρήνην
3020 4011 3236 4085 άληθῶς
3266 4012 3457 4087 Σαλήμ
3479 4004 3649 4064 ἐνταῦθα

2140 4104 2283 4158 κατά
2305 4105 2403 4176 τὴν
2448 4102 2737 4176 Ἑϐραῖκὴν
2763 4103 2943 4174 φωνὴν
2975 4103 3395 4175 ὠνομασμένην.
3434 4101 3518 4156 Διὸ
3541 4095 3650 4152 καἰό

2140 4194 2459 4258 Ἀπόστολος
2475 4193 2677 4264 ταύτην
2695 4193 2848 4258 είδὼς
2868 4194 3072 4264 ἔλεγεν·
3110 4195 3170 4252 Ἡ
3181 4195 3252 4249 δὲ
3267 4196 3395 4250 ἅνω
3424 4196 3650 4263 Ἰερουσα-

2139 4284 2265 4354 λὴμ
2277 4285 2562 4354 ἐλευθέρα
2582 4285 2771 4352 ἐστίν,
2796 4285 2927 4354 ἥτις
2946 4286 3075 4341 ἐστί
3095 4288 3296 4357 μήτηρ
3317 4285 3497 4356 ἡμῶν,
3514 4280 3647 4349 Why

2144 4376 2242 4448 μὲν
2268 4378 2376 4450 γὰρ
2407 4376 2766 4449 ἑρμηνεύεται
2794 4378 3024 4447 εἰρήνη,
3076 4379 3432 4452 Ἰερουσαλὴμ
3472 4378 3523 4432 δὲ
3556 4375 3648 4442 ὅρα·

2138 4483 2239 4536 σις
2279 4469 2540 4539 εἰρήνης’
2582 4463 2650 4542 ἧς
2683 4470 2746 4522 τὸ
2782 4470 3027 4540 ἐφέστιον
3066 4472 3124 4524 ὲν
3159 4473 3279 4534 ταῖς
3328 4471 3447 4525 κατ’
3478 4463 3647 4539 οὐρανίη

2136 4560 2308 4625 Θείαις
2333 4561 2587 4633 τυγχάνει
2615 4561 2922 4632 δυνάμεσινο
2955 4563 3012 4615 ὲν
3048 4557 3147 4627 αἷς
3168 4564 3197 4615 6
3237 4561 3374 4625 Θεὸς
3404 4561 3549 4622 αὐτὸς
3575 4557 3646 4624 ἔμ’

2136 4655 2445 4722 περιπατεῖ,
2486 4656 2820 4724 χωρητικαῖς
2848 4652 3035 4719 οῦσαις
3076 4654 3174 4723 τῆς
3219 4653 3388 4709 αὑτοῦ
3433 4652 3644 4718 02611.70;-

2147 4742 2304 4814 Ἑξῆς
2324 4743 2532 4807 τούτοις
2553 4742 2789 4814 λέγεταιο
2819 4743 2931 4798 Καὶ
2953 4744 3018 4798 τὸ
3042 4743 3492 4813 κατοικητήριον
3510 4733 3646 4794 σὺτοῦ

2133 4838 2204 4892 ὲν
2252 4837 2423 4892 Σιών.
2472 4834 2605 4890 Εἶτα
2654 4838 2911 4892 συνάπτει
2961 4836 3182 4907 φάσκων
3232 4839 3262 4890 6
3312 4836 3486 4905 λόγος’
3539 4822 3649 4886 Ἐκεῖ

2133 4926 2458 4996 συνέτριψε
2489 4928 2561 4982 τὰ
2596 4927 2779 4996 κράτη
2807 4926 2926 4981 τῶν
2952 4927 3166 4994 τόξων,
3207 4926 3405 4980 ὅπλον
3444 4921 3645 4988 scalpell-

2132 5020 2318 5089 φαιαν
2345 5018 2445 5074 καὶ
2481 5019 2764 5087 πόλεμον.
2808 5020 2917 5073 Καὶ
2953 5018 3187 5073 ἐνταῦθα
3213 5017 3377 5071 πάλιν
3402 5019 3450 5070 εί
3479 5014 3562 5086 μὶν
3582 5005 3645 5061 ἐπὶ

2131 5109 2229 5180 τῆς
2273 5108 2537 5181 αἰσθητῆς
2579 5111 2674 5165 καί
2713 5109 2950 5178 ἐπιγείου
2997 5108 3133 5163 Σιὼν
3172 5108 3347 5163 ταῦτα
3394 5106 3643 5174 πέπρακτο,

2130 5198 2251 5252 οὐδὲ
2272 5199 2378 5253 ἔδει
2409 5199 2620 5269 φθονεῖν
2662 5198 2932 5262 Ἰουδαίοις
2962 5197 3134 5262 οὕτως
3164 5197 3475 5268 ἐκδέχεσθαι
3501 5190 3643 5265 βουὶοο

2134 5290 2339 5360 μένοιςο
2384 5292 2433 5344 εἰ
2474 5290 2532 5344 δὲ
2565 5292 2686 5344 επᾶν
2712 5290 3018 5345 τούναντίον
3056 5289 3115 5353 ἐξ
3148 5290 3329 5344 αὐτῶν
3364 5289 3540 5360 ὁρᾶται
3562 5278 3642 5335 τῶν

2132 5381 2487 5452 πραγμάτων,
2516 5381 2606 5435 διὰ
2631 5381 2692 5436 τὸ
2717 5380 3044 5454 ἠρημῶσθαι
3064 5381 3162 5453 τὴν
3192 5379 3332 5434 Σιὼν
3361 5383 3424 5434 ἐκ
3451 5380 3538 5448 τῆς
3561 5372 3638 5425 τῶν

2129 5472 2401 5545 πολεμίων
2432 5473 2764 5546 πολιορκίας,
2797 5472 3008 5543 ἀνάγκη
3042 5476 3108 5545 τῇ
3141 5473 3459 5544 ἀποδοθείσῃ
3487 5466 3632 5538 εἰρήνη

2128 5564 2475 5635 καταλλήλως
2525 5565 2616 5618 καὶ
2669 5563 2767 5633 τὴν
2814 5562 2950 5617 Σιὼν
2996 5562 3370 5635 ἐκλαμϐάνειν,
3423 5561 3524 5629 ἤτοι
3564 5553 3636 5617 τὴν

3738 3538 3743 3673 4
