3776 6284
59 455 143 513 881

1144 441 1641 499 COMMENTARIA
1680 442 1742 497 IN
1785 443 1910 497 PSA
1921 442 2122 498 LMOS.

3140 445 3245 499 88?.

66 561 360 633 Ἐκκλησίαν
400 559 493 613 τοῦ
527 558 683 618 Θεοῦ,
720 558 752 628 ἢ
787 555 881 627 τὴν
916 556 1251 626 ἐπουράνιον,
1288 548 1353 626 ἣν
1383 556 1410 607 ό
1445 554 1576 618 θεῖος

1687 555 1814 608 lium
1845 556 2149 625 angelorum
2181 555 2525 626 frequentiam
2552 598 2565 621 ,
2600 567 2648 611 et
2684 558 2970 613 Ecclesium
3012 559 3244 625 primiti-

67 654 354 716 Ἀπόστολος
386 652 621 722 παρίστη
670 650 863 717 λέγων’
900 649 1397 716 Προσεληλύθατε
1430 646 1576 701 Σιὼν

1681 663 1856 700 verum
1884 650 1973 717 qui
1999 648 2279 717 conscripti
2304 658 2425 702 sunt
2450 650 2503 701 in
2530 650 2670 702 ca-lis
2703 652 2767 705 θ’.
2800 650 2897 706 IIic
2920 650 3064 705 enim
3093 652 3244 705 nullo

56 752 175 820 ὄρει,
203 743 293 799 καὶ
316 744 483 796 πόλει
507 741 651 795 Θεοῦ
680 737 890 804 ζῶντος
923 737 1305 807 Ἰερουσαλὴμ
1334 738 1583 805 ἐπουρα-

54 844 160 909 νίῳ,
202 838 289 894 καί
329 834 612 906 μυριάσιν
648 834 914 902 ἀγγέλων
950 833 1295 901 πανηγύρει,
1328 830 1423 885 καὶ
1457 834 1580 884 Ἐκ-

55 932 248 999 uincla
283 929 660 996 πρωτοτόκων
705 924 1243 995 ἀπογεγραμμένων
1287 924 1355 977 ἐν
1404 926 1578 992 οὐρα.

52 1024 175 1090 νοῖς.
208 1019 462 1075 Ἐνταῦθα
492 1020 599 1091 γὰρ
630 1018 893 1089 μηδεμιᾶς
928 1016 1196 1087 ἁμαρτίας
1229 1016 1575 1085 ἐνεργούσης,

52 1114 163 1186 μηδέ
187 1130 317 1176 τινος
344 1111 645 1179 ὑφεστῶτος
676 1108 858 1179 ψυχῶν
891 1108 1167 1179 πολεμίου,
1204 1108 1579 1178 συντέτριπται

1684 749 1909 808 peccato
1938 740 2152 809 vigente
2175 780 2189 803 ,
2223 740 2483 809 nulloque
2512 741 2815 795 animarum
2848 742 3072 796 inimico
3104 743 3244 797 exsi-

1683 840 1858 888 stente
1880 873 1894 897 ,
1945 834 2202 902 potentiae
2246 848 2469 888 arcuum
2511 833 2762 886 contritae
2794 841 2957 897 sunt,
2991 834 3156 888 telum
3189 840 3244 887 et

1681 924 1891 994 gladius
1938 925 2115 979 ablata
2161 932 2329 987 sunt,
2376 925 2451 978 ita
2498 933 2556 979 ut
2602 924 2669 979 de
2713 925 2780 979 iis
2821 925 2913 994 qui
2958 925 3049 979 illa
3097 940 3246 979 man-

1683 1016 1835 1071 sione
1865 1016 2071 1087 dignati
2102 1024 2229 1071 sunt
2258 1015 2492 1082 dicatur,
2538 1015 2805 1070 Abscessit
2852 1016 3027 1081 dolor,
3083 1017 3245 1069 tristi-

1688 1109 1765 1161 tia
1791 1118 1839 1161 et
1874 1111 2096 1178 gemitus
2128 1108 2192 1161 “.
2456 1102 2461 1103 ⁷

50 1211 104 1263 τὰ
145 1207 303 1277 κράτη
348 1202 455 1256 τῶν
497 1200 685 1266 τόξων,
727 1200 992 1270 ἀνῄρηται
1028 1217 1085 1252 τε
1114 1199 1274 1251 ὅπλον
1318 1200 1409 1251 καὶ
1447 1198 1703 1270 ῥομφαία·
1759 1200 1835 1263 ὼς
1883 1199 2133 1268 λέγεσθαι
2185 1200 2311 1270 περὶ
2364 1199 2472 1251 τῶν
2529 1197 2963 1269 καταξιουμένων
2994 1198 3093 1270 τῆς
3129 1200 3246 1255 ἐκεῖ

49 1299 309 1373 διατρισῆς·
358 1296 597 1363 Ἄπέδρα
631 1294 814 1362 ὀδύνη
848 1292 945 1348 καί
976 1295 1139 1362 λύπη
1172 1293 1269 1348 καὶ
1300 1296 1652 1363 στεναγμός.

104 1412 348 1480 Φωτίζὶις
385 1414 467 1468 σὺ
501 1410 853 1481 θαυμαστῶς
898 1412 1015 1466 ἀπὸ
1059 1413 1241 1481 ὁρέων
1291 1413 1572 1476 αἰωνίων,

48 1505 426 1575 ἐταράχθησαν
449 1506 502 1559 ol
528 1504 805 1558 ἀσύνετοί
835 1502 909 1571 τῇ
944 1503 1171 1572 καρδίᾳ.
1208 1505 1418 1575 Σφόδρα
1450 1506 1577 1557 ἁκο-

47 1596 233 1660 λούθως,
269 1594 406 1665 μετὰ
432 1594 493 1647 τὸ
528 1595 871 1671 παραστῆσαι
894 1595 984 1647 τὸν
1014 1595 1177 1649 τόπον
1204 1595 1298 1648 τοῦ
1325 1596 1480 1659 Θεοῦ,
1502 1596 1578 1649 δι-

45 1685 219 1748 δάσκει,
262 1685 340 1737 ὃτι
387 1684 803 1738 ἀποκέκλεισται
832 1684 963 1738 εἵσω
993 1685 1084 1738 τοῦ
1109 1687 1274 1739 τόπου
1323 1687 1487 1740 αὑτοῦ
1512 1687 1578 1741 τὰ

1751 1412 1913 1469 Vens.
1948 1412 2302 1468 5.’Illuminas
2326 1426 2380 1468 ιιι
2403 1414 2713 1471 mirabiliter
2741 1432 2773 1468 a
2803 1415 3065 1469 montibus
3092 1426 3243 1470 teter-

1680 1506 1783 1567 nis,
1822 1504 2019 1559 turbati
2052 1515 2173 1559 sunt
2199 1506 2502 1575 insipientes
2527 1506 2699 1560 corde.
2718 1507 3017 1561 Admodum
3051 1522 3245 1563 conse-

1681 1604 1927 1667 quenter,
1959 1605 2243 1667 postquam
2267 1598 2441 1652 locum
2473 1596 2567 1651 Dei
2607 1596 3098 1659 declaravit,docet
3134 1613 3243 1651 non

1683 1689 1824 1743 intra
1850 1689 2027 1743 locum
2052 1687 2364 1758 huiusmodi
2393 1686 2646 1742 concludi
2667 1688 2837 1753 bona;
2876 1685 2969 1741 sed
2992 1701 3114 1741 eum
3142 1700 3242 1739 ceu

45 1776 209 1844 ἀγαθά·
233 1776 451 1838 ἀκτῖνας
473 1776 517 1828 δ’
541 1777 725 1847 (Lamp
755 1776 1027 1847 ἐκπέμπει
1053 1778 1145 1830 καὶ
1172 1779 1261 1831 ἐπὶ
1288 1780 1413 1841 τοὺς
1444 1782 1576 1850 πορ-

1682 1780 1866 1834 radios
1901 1779 2097 1834 exinde
2136 1780 2383 1834 emittere
2427 1779 2494 1832 ad
2534 1794 2628 1834 eos
2660 1778 2755 1849 qui
2784 1777 3100 1847 longissime
3151 1777 3241 1831 siti

46 1866 253 1934 ρωτάτω.
300 1864 391 1919 Διό
436 1883 566 1937 φησι
590 1882 603 1896 ⁸
640 1866 903 1931 Φωτίζεις
958 1866 1038 1920 σὺ
1082 1868 1433 1938 θαυμαστῶς
1465 1868 1576 1923 ἀπὸ

1685 1879 1835 1927 sunt.
1870 1871 2235 1937 Quamobrem
2265 1871 2342 1924 ait
2373 1886 2385 1922 :
2437 1869 2725 1925 llluminas
2768 1878 2822 1924 tu
2870 1867 3186 1923 mirabiliter
3210 1884 3244 1922 a

43 1956 194 2027 Κρέων
219 1957 485 2012 αἰωνίων.
531 1958 664 2011 Τίνα
696 1957 751 2010 δέ
798 1954 867 2030 ἦν
907 1960 975 2013 τὰ
1008 1960 1198 2013 αίώνια
1243 1961 1365 2033 ὅρη,
1401 1961 1514 2015 ἀλλ’
1546 1962 1579 2032 ἢ

42 2050 153 2103 Σιὼν
198 2050 283 2103 καὶ
326 2052 359 2122 ή
396 2048 605 2121 Σαλὴμ,
638 2050 705 2103 τά
749 2050 836 2103 διά
877 2052 985 2105 τῶν
1035 2052 1339 2124 ἔμπροσθεν
1387 2053 1581 2107 ἀποδο-

41 2141 197 2207 θέντα;
231 2141 469 2194 Ἀνωθεν
500 2140 629 2210 γοῦν
661 2143 768 2195 άπὸ
804 2143 911 2197 τῶν
950 2143 1213 2212 οὐρανίων
1253 2144 1580 2216 ὑψωμάτων,

40 2232 195 2303 dum?
230 2233 291 2286 ἐκ
326 2232 492 2288 τινῶν
536 2234 769 2288 αἰωνίων
796 2234 957 2306 ὁρῶν,
996 2234 1094 2299 τὰς
1139 2236 1310 2303 αὐγάς
1344 2236 1452 2287 τῶν
1484 2237 1582 2307 τῆς

40 2324 255 2396 θεότητος
280 2324 448 2378 αὑτοῦ
484 2326 882 2397 μαρμαρυγῶν,
912 2328 1007 2381 καὶ
1042 2328 1202 2399 μέχρι
1226 2327 1331 2381 τῶν
1365 2328 1457 2380 ἐπὶ
1479 2328 1583 2399 γῆς

38 2415 318 2486 ἐκπέμπων,
356 2417 584 2485 φωτίζει
613 2418 711 2482 τὰς
743 2417 851 2471 τῶν
882 2418 1045 2485 ἀξίων
1073 2419 1268 2490 ψυχὰς,
1303 2420 1583 2491 καταλάμ-

40 2525 134 2560 πων
163 2507 319 2571 αὑτὰς
343 2508 427 2578 τῷ
451 2509 590 2580 ἁγίῳ
612 2507 773 2578 αὑτοῦ
801 2509 1072 2581 Πνεύματι
1088 2528 1102 2541 ·
1135 2511 1338 2573 ταύτας
1373 2511 1469 2583 μὲν
1488 2507 1580 2565 οὖν

40 2598 257 2664 φωτίζει·
290 2600 422 2662 τοὺς
447 2599 770 2665 δὲάναξίους
798 2600 906 2653 τῶν
940 2600 1130 2669 φώτων
1161 2601 1323 2656 αὐτοῦ
1358 2602 1580 2673 προνοίᾳ

37 2690 117 2757 τῆς
153 2688 539 2762 δικαιοκρισίας
580 2689 740 2743 αύτοῦ
791 2691 1183 2763 μετερχόμενος
1224 2691 1457 2763 θορυϐεῖ.
1489 2692 1580 2745 Διὸ

38 2780 279 2848 ὲπιλέγει’
334 2780 792 2851 Ἐταράχθησαν
832 2783 1054 2848 πάντες
1098 2786 1151 2837 οἱ
1183 2784 1463 2838 ἁσύνετοι
1502 2782 1578 2852 τῇ

38 2866 233 2936 καρδίᾳ.
280 2869 555 2923 ’Δσύνετοι
599 2870 707 2942 γάρ
738 2870 951 2943 ἀληθῶς
987 2872 1137 2937 ὄντες
1181 2878 1248 2945 τῇ
1299 2873 1578 2947 καρδίᾳ,ῆ

36 2959 151 3011 κατὰ
182 2959 264 3012 τὸν
296 2961 615 3032 Σύμμαχον,
658 2963 1027 3032 ὑπερήφανοι
1057 2963 1172 3032 τὴν
1214 2964 1481 3033 καρδίαν,
1516 2966 1577 3018 ού

37 3047 356 3116 παρεδέξαντο
404 3049 501 3103 τοῦ
545 3050 719 3119 φωτὸς
749 3050 840 3103 τοῦ
874 3052 1009 3105 Θεοῦ
1048 3053 1149 3117 τὰς
1189 3052 1574 3125 μαρμαρυγὰς,

1683 1964 1947 2017 montibus
1988 1963 2219 2018 a’ternis.
2267 1961 2500 2028 Quinam
2532 1972 2747 2018 montes
2789 1962 2866 2017 illi
2896 1960 3105 2024 aeterni,
3137 1958 3241 2013 nisi

1682 2052 1816 2107 Sion
1850 2060 1904 2108 et
1939 2051 2142 2116 Salem,
2168 2052 2236 2107 de
2278 2053 2478 2122 quibus
2514 2052 2764 2123 superius
2791 2051 3012 2106 actum?
3039 2050 3116 2103 Ex
3151 2065 3245 2104 su-

1680 2144 1883 2215 pernis-
1914 2144 2081 2215 igitur
2127 2150 2181 2199 et
2223 2143 2543 2200 ccelestibus
2588 2144 2984 2207 cacuminibus,
3037 2157 3137 2197 ceu
3175 2156 3246 2196 ex

1679 2234 1899 2290 aeternis
1932 2233 2235 2299 montibus,
2282 2232 2503 2289 deitatis
2535 2248 2647 2288 suae
2676 2232 2861 2287 radios
2915 2231 2982 2285 ad
3016 2230 3245 2299 terrige-

1680 2344 1782 2384 nas
1811 2328 1984 2398 usque
2020 2328 2297 2391 emittens,
2331 2339 2519 2380 eorum
2559 2324 2651 2395 qui
2683 2324 2830 2395 digni
2878 2330 3005 2379 sunt
3030 2322 3244 2377 animas

1681 2417 1921 2474 illustrat
1960 2417 2275 2488 Spirituque
2302 2425 2494 2471 sancto
2529 2431 2630 2471 suo
2675 2415 2965 2469 illuminat.
2997 2412 3129 2477 Has,
3154 2413 3242 2468 in-

1681 2523 1869 2578 quam,
1914 2507 2215 2573 illuminat;
2248 2520 2348 2560 suo
2388 2512 2568 2559 autem
2594 2504 2797 2558 lumine
2828 2503 3083 2573 indignos
3109 2501 3243 2572 justi

1673 2599 1865 2670 judicii
1898 2601 1979 2654 sui
1998 2598 2337 2670 providentia
2354 2596 2620 2653 invadens
2636 2595 2946 2651 conturbat.
2966 2593 3243 2661 Quamob-

1678 2707 1792 2745 rem
1843 2689 2048 2754 subdit,
2080 2688 2302 2744 Turbati
2339 2697 2461 2741 sunt
2506 2704 2680 2742 omnes
2731 2687 3031 2756 insipientes
3065 2686 3239 2739 corde.

1678 2778 1810 2831 Nam
1846 2792 1972 2832 cum
2003 2793 2191 2833 revera
2222 2776 2542 2846 insipientes
2570 2776 2767 2841 corde;
2797 2776 2911 2831 sive
2941 2775 3242 2831 secundum

1682 2869 2103 2941 Symmachum,
2150 2870 2359 2939 superbi
2386 2869 2561 2935 corde,
2607 2876 2813 2933 essent,
2860 2868 3058 2923 divina:
3101 2867 3255 2922 lucis.

1678 2962 1861 3018 radios
1908 2977 2019 3016 non
2065 2968 2419 3032 exceperunt,
2465 2960 2587 3016 ideo
2636 2960 2840 3015 turbati
2889 2965 3039 3016 sunt.
3072 2956 3243 3012 Iidem

1676 3069 1807 3109 vero
1834 3054 1938 3125 ipsi
1962 3060 2249 3124 postquam
2280 3053 2607 3107 dormierunt
2633 3069 2876 3107 somnum
2904 3069 3077 3116 suum,
3110 3050 3258 3106 nihil;

33 3140 98 3192 διὸ
125 3144 510 3215 ἐταράχθησαν.
545 3146 607 3198 Ol
639 3146 684 3199 δ’
712 3145 886 3212 αὐτοὶ,
918 3148 1011 3200 καὶ
1058 3146 1446 3213 ὐπνώσαντες
1472 3145 1576 3199 τόν

1680 3146 1980 3201 invenerunt
2028 3147 2081 3199 in
2138 3147 2379 3201 manibus
2427 3147 2559 3212 suis,
2609 3145 2737 3216 quia
2785 3145 2885 3199 viri
2933 3144 3245 3201 divitiarum

34 3232 196 3287 ὕπνον
237 3236 461 3301 αὐτῶν,
492 3240 604 3307 οὐχ
640 3234 820 3307 εὖρον
866 3238 1045 3293 οὐδὲν
1085 3239 1155 3292 ὲν
1203 3239 1331 3304 ταῖς
1373 3238 1576 3309 χερσὶν

1680 3246 1855 3295 erant.
1888 3237 2022 3293 Nam
2064 3253 2187 3292 cum
2221 3239 2287 3293 ad
2326 3239 2489 3293 breve
2522 3245 2736 3307 tempus
2764 3237 2819 3291 in
2843 3237 3091 3294 mortalis
3114 3237 3253 3293 vitae.

32 3321 227 3389 αὐτῶν,
264 3314 489 3397 ἄνδρες
534 3326 687 3390 ὄντες
736 3328 1023 3383 πλούτου.
1058 3328 1203 3399 Πρὸς
1257 3328 1427 3399 βραχὺ
1470 3328 1578 3400 γὰρ

32 3411 378 3485 όνειρὼξαντες
411 3420 479 3490 τῇ
510 3418 604 3472 τοῦ
632 3418 824 3491 θνητοῦ
859 3419 972 3490 βίου
1004 3420 1290 3492 φαντασίᾳ,
1312 3422 1407 3474 καὶ
1438 3421 1579 3493 μέγα

30 3508 358 3578 φρονήσαντες
391 3511 490 3563 ἐπὶ
513 3509 742 3582 πλούτῳ,
766 3511 1009 3583 ἐνόμιζόν
1034 3529 1178 3576 τινες
1204 3509 1363 3577 εἶναι,
1393 3500 1580 3574 κατεν-

29 3599 306 3665 τρυφῶντες
337 3604 463 3665 ταῖς
495 3602 605 3656 ἀπὸ
649 3602 742 3655 τοῦ
791 3604 1018 3657 πλούτου
1068 3606 1449 3679 ποριζομέναις
1478 3608 1577 3661 αύ-

28 3690 117 3751 τοῖς
158 3691 537 3761 ἡδυπαθείαις·
576 3693 650 3757 ὡς
681 3693 738 3747 δὲ
788 3695 879 3748 τοῦ
924 3694 1090 3750 ὕπνου
1125 3698 1575 3771 διεγρηγόρησαν,

32 3782 359 3847 μεταστάντες
388 3783 488 3837 τοῦ
530 3785 792 3855 παρόντος
828 3785 964 3855 βίου,
1009 3781 1164 3857 εὗρον
1208 3788 1432 3853 ἑαυτοὺς
1480 3790 1579 3843 οὐκ

30 3866 216 3936 ἔχοντας
257 3872 436 3939 οὐδὲν,
470 3873 592 3926 οὐδὲ
631 3892 686 3928 τι
733 3879 852 3939 ταῖς
884 3877 1042 3947 χερσὶ
1095 3875 1446 3947 κρατοῦντας.
1488 3880 1579 3933 Διὸ

31 3957 243 4015 λέλεκταί
274 3975 411 4017 που⁹
462 3963 562 4033 Μὴ
598 3966 784 4034 φοϐοῦ
819 3966 965 4020 ὅταν
1003 3969 1323 4039 πλουτήσῃ
1361 3970 1579 4040 ἅνθρω-

33 4064 138 4115 πος,
168 4052 261 4106 καὶ
292 4053 448 4109 ὅταν
488 4055 811 4125 πληθυνθῇ
862 4057 900 4124 ἡ
933 4057 1080 4123 δόξα
1116 4060 1222 4115 τοῦ
1257 4061 1426 4115 οἴκου
1469 4064 1577 4116 αὐ-

35 4140 138 4193 τοῦ·
166 4142 249 4197 ὅτι
281 4148 397 4200 οὐκ
431 4146 503 4199 ἐν
544 4145 624 4213 τῷ
660 4148 1068 4215 ἀποθνήσκειν
1099 4152 1286 4206 αὐτὸν
1319 4153 1578 4222 λήψεται

37 4233 85 4284 ιὰ
123 4233 332 4301 πάντα,
385 4237 531 4292 οὐδὲ
571 4241 1087 4310 συγκαταϐήσεται
1134 4242 1295 4310 αὐτῷ
1344 4244 1382 4313 ἡ
1431 4245 1579 4311 δόξα

40 4323 205 4379 κὺτοῦ.
235 4328 434 4381 Ἔνθεν
468 4329 690 4394 εἰκότως
732 4332 783 4384 οί
817 4332 1031 4404 ἀληθῶς
1061 4334 1303 4389 ἀσύνετοι
1334 4339 1401 4408 τῇ
1440 4355 1577 4408 καρ-

41 4412 95 4483 ii;
128 4417 505 4490 ἐταράχθησαν
549 4421 667 4476 ἀπὸ
706 4423 1099 4494 ἐπιτιμήσεως
1134 4425 1239 4479 τοῦ
1274 4427 1422 4481 Θεοῦ
1468 4429 1577 4483 Ἰα-

1675 3329 1963 3400 phantasia
1993 3328 2407 3393 dormitassent,
2441 3336 2494 3382 et
2526 3328 2695 3382 altum
2747 3328 2815 3383 de
2844 3326 3052 3383 divitiis
3086 3343 3251 3399 sape-

1674 3430 1819 3486 rent,
1854 3421 1959 3475 rati
2005 3436 2065 3477 se
2122 3420 2328 3491 aliquid
2383 3434 2526 3485 esse,
2561 3419 2618 3473 in
2658 3420 3053 3490 voluptatibus,
3101 3435 3242 3491 quas

1675 3514 1778 3569 sibi
1816 3512 2021 3568 divitia:
2047 3512 2436 3574 conciliabant,
2482 3510 2713 3567 demersi
2744 3521 2893 3568 sunt.
2925 3510 3242 3583 Experrecti

1676 3615 1881 3671 autem,
1924 3614 2088 3677 atque
2123 3621 2191 3660 ex
2221 3605 2324 3660 hac
2362 3603 2470 3659 vita
2508 3604 2780 3670 translati,
2812 3620 2932 3659 sese
2972 3605 3110 3659 nihil
3142 3605 3241 3658 ha-

1676 3698 1890 3763 bentes,
1918 3713 2019 3754 nec
2043 3696 2320 3771 quidpiam
2355 3696 2608 3751 manibus
2637 3702 2887 3750 tenentes
2933 3694 3239 3764 deprehen-

1675 3790 1890 3846 derunt.
1907 3789 2085 3857 Quare
2110 3788 2305 3843 alicubi
2326 3788 2529 3841 dictum
2553 3794 2637 3841 est
2660 3786 2704 3816 “
2724 3802 2737 3837 :
2758 3785 2840 3839 Ne
2857 3786 3096 3838 timueris
3120 3800 3247 3837 cum

1676 3881 1813 3936 dives
1837 3881 2008 3951 [actus
2041 3880 2205 3950 fuerit
2234 3879 2407 3942 homo,
2449 3887 2498 3932 et
2551 3895 2675 3932 cum
2694 3876 3052 3945 multiplicata
3081 3876 3241 3946 fuerit

1675 3973 1849 4045 gloria
1873 3973 2056 4027 domus
2075 3972 2221 4040 ejus;
2251 3970 2501 4041 quoniam
2531 3985 2647 4023 cum
2669 3968 2924 4022 interierit
2948 3984 3051 4021 non
3073 3974 3241 4021 sumet

1677 4065 1874 4131 omnia,
1896 4080 2053 4134 neque
2072 4061 2342 4117 descendet
2371 4078 2487 4115 cum
2520 4078 2578 4115 eo
2599 4061 2769 4132 gloria
2789 4061 2923 4130 ejus.
2963 4059 3113 4116 Unde
3140 4076 3243 4115 nec

1677 4156 1946 4211 immerito
1979 4156 2058 4210 illi
2097 4171 2219 4210 vere
2243 4154 2562 4225 insipientes
2590 4154 2754 4209 corde
2780 4154 2985 4209 turbati
3020 4161 3149 4211 sunt
3176 4154 3243 4208 ab

1677 4250 2023 4317 increpatione
2045 4248 2137 4302 Dei
2153 4246 2350 4311 Jacab;
2369 4247 2503 4315 sive,
2521 4248 2816 4303 secundum
2833 4248 3243 4319 Symmachum,

1678 4358 1711 4395 a
1746 4341 1955 4411 fremitu
1994 4337 2481 4410 [comminatione].
2520 4336 2675 4393 Tunc
2714 4338 2858 4394 enim
2914 4336 3240 4393 sententiam

1676 4430 1812 4499 justi
1856 4429 2050 4499 judicii
2100 4427 2195 4484 Dei
2250 4429 2569 4492 subeuntes,
2606 4430 2802 4484 merito
2854 4428 3240 4492 turbabuntur,

43 4504 152 4557 ιώὸο
183 4509 215 4579 ἧ
242 4511 387 4563 κατὰ
418 4511 509 4565 τὸν
547 4512 859 4584 Σύμμαχον,
904 4515 1020 4569 ἀπὸ
1058 4515 1485 4586 ἐμϐριμήσεως·
1519 4520 1576 4572 τὸ

1680 4521 1805 4593 quia
1836 4522 2267 4576 dormitaverunt
2296 4520 2615 4575 conscensis
2644 4520 2800 4590 equis
2825 4520 2960 4583 suis,
2990 4518 3239 4573 videlicet

46 4596 293 4662 ηνικαῦτα
312 4599 426 4670 γὰρ
464 4600 566 4654 ὑπὸ
585 4603 855 4672 ἀπόφασιν
886 4604 1165 4675 γενόμενοι
1198 4606 1294 4676 τῆς
1323 4606 1417 4659 τοῦ
1443 4608 1575 4661 Θεοῦ

48 4693 429 4759 ικαιοκρισίας,
489 4694 919 4765 ταραχθήσονται
975 4697 1230 4763 εἰκότως,
1285 4700 1577 4773 ἐπειδήπερ

47 4776 292 4845 νύσταξαν
323 4783 713 4854 ἐπιϐεϐηκότες
740 4790 848 4850 τοῖς
887 4787 1093 4841 ἑαυτῶν
1120 4789 1325 4853 ἵπποις,
1377 4789 1575 4862 δηλαδὴ

49 4871 112 4931 οἷς
128 4872 445 4938 ἀκολάστοις
466 4876 677 4947 σώμασι
693 4895 705 4906 ·
734 4877 849 4931 δέον
871 4879 1229 4950 ἐγρηγορέναι
1252 4880 1343 4933 καὶ
1365 4881 1573 4951 νήφειν,

55 4966 442 5032 νημονεύοντας
475 4967 616 5020 θείου
658 4968 1071 5040 προστάγματος
1103 4970 1381 5039 λέγοντες-ο
1420 4974 1571 5041 Γρη-

53 5054 249 5120 ορεῖτε,
303 5058 398 5110 ὅτι
447 5061 556 5112 οὐκ
606 5059 803 5114 οἴδατε
839 5060 955 5129 τὴν
1001 5060 1228 5130 ’ἡμέραν
1272 5062 1414 5116 οὐδὲ
1462 5062 1574 5130 τὴν

56 5158 173 5209 ραν.
204 5148 265 5200 Ol
292 5148 351 5200 δὲ
397 5148 688 5214 ἐνύπαζον
721 5152 815 5204 καὶ
861 5151 1115 5204 ὓπνωσαν
1151 5151 1316 5206 ὕπνον
1357 5153 1535 5206 αὐτῶν
1556 5195 1570 5217 ,

57 5234 223 5304 »είροις
252 5241 351 5292 καὶ
402 5242 779 5312 φαντάσμασιν
813 5242 1136 5310 ἐκδοθέντες,
1174 5246 1357 5308 ἵπποις
1379 5262 1438 5297 τε
1479 5244 1574 5317 οη-

59 5327 255 5394 ιμανέσι
294 5333 413 5394 τοῖς
449 5332 620 5385 αὐτῶν
660 5333 871 5403 σώμασι
897 5334 1246 5405 χρησάμενοι.
1275 5330 1433 5390 Οὗτοι
1459 5355 1569 5390 τοι-

61 5416 197 5486 ιροῦν
251 5420 461 5484 πάντες
501 5425 548 5476 οἱ
603 5425 731 5478 ποτὲ
765 5425 861 5495 μὲν
894 5426 1173 5496 λεγόμενοι
1215 5428 1459 5481 άσύνετοι
1504 5432 1567 5500 τῇ

63 5508 212 5581 ιρδίᾳ,
243 5513 379 5566 ποτὲ
422 5512 477 5565 δὲ
516 5514 705 5587 ἄνδρες
736 5516 828 5568 τοῦ
864 5515 1111 5580 πλούτου,
1151 5518 1268 5569 νυνὶ
1305 5517 1361 5571 δέ
1391 5518 1570 5572 ἐπιϐε-

65 5602 223 5667 ίκότες
274 5606 407 5666 τοὺς
460 5605 674 5670 ἵππους.
703 5607 840 5670 τέως
892 5608 989 5678 μὲν
1041 5608 1180 5662 κατὰ
1227 5609 1326 5679 τὴν
1375 5609 1572 5680 θνητὴν

68 5689 145 5761 ιὴν
191 5694 517 5761 ἐνύσταξαν,
548 5699 579 5769 ἢ
612 5698 753 5752 κατὰ
793 5698 884 5752 τὸν
926 5700 1234 5771 Σύμμαχον,
1280 5700 1573 5770 ὲκαρώθη-

78 5849 117 5879 ⁸³
158 5850 323 5910 llcbr.
364 5869 485 5918 xu,
522 5855 605 5910 22.
686 5858 729 5889 "
770 5856 869 5912 lsa.
908 5874 990 5924 ιι,
1032 5858 1115 5914 ll.

1680 4614 1896 4671 lascivis
1929 4614 2250 4684 corporibus
2273 4632 2287 4681 ;
2329 4628 2453 4667 cum
2478 4613 2811 4682 oportuisset
2833 4612 3057 4683 vigilare
3080 4620 3134 4665 et
3153 4626 3238 4666 so-

1678 4707 1793 4760 brie
1822 4721 2290 4777 agere,memorcs
2312 4704 2480 4760 divini
2499 4704 2750 4776 praecepti
2781 4703 3015 4758 dicentis
3040 4720 3053 4756 :
3097 4701 3237 4771 Vigi-

1677 4801 1930 4871 lute,quia
1952 4800 2162 4854 nescitis
2187 4797 2344 4863 diem,
2368 4815 2526 4869 neque
2551 4797 2736 4851 horam
2755 4798 2818 4850 ⁸⁸.
2850 4796 2930 4850 Illi
2961 4810 3088 4850 vero
3121 4795 3222 4850 dor

1679 4889 1962 4952 mitabant,
2001 4898 2054 4944 et
2089 4889 2427 4944 dormierunt
2454 4903 2702 4942 somnum
2729 4903 2910 4949 suum,
2930 4886 3159 4942 somniis
3187 4894 3245 4941 et.

1678 4980 1978 5050 phantasiis
2024 4979 2234 5044 dediti,
2275 4981 2539 5049 equisque
2594 4978 2856 5045 lascivis,
2913 4979 3240 5049 corporibus

1678 5086 1873 5142 nempe
1907 5070 2023 5127 suis
2063 5072 2168 5127 usi.
2202 5071 2268 5125 Ili
2301 5072 2485 5142 itaque
2530 5085 2727 5124 omnes
2751 5070 2867 5139 qui,
2915 5071 3076 5126 modo
3099 5070 3238 5125 insi-

1674 5164 1884 5234 pientes
1938 5163 2124 5228 corde,
2180 5164 2341 5219 modo
2370 5164 2471 5219 viri
2507 5163 2842 5227 divitiarum,
2879 5178 3025 5217 nunc
3056 5178 3243 5219 ascen-

1676 5250 1866 5305 dentes
1902 5266 2073 5322 equos
2125 5260 2413 5317 vocantur,
2441 5252 2569 5306 dum
2617 5252 2670 5306 in
2726 5253 2980 5321 praesenti
3015 5254 3126 5306 vita
3155 5253 3243 5308 dc-

1676 5350 1888 5410 gerent,
1906 5341 2357 5409 dormitaverunt;
2379 5343 2493 5397 sive
2508 5342 2808 5398 secundum
2830 5342 3237 5414 Symmachum,

1676 5434 1909 5501 soporati
1939 5445 2079 5500 sunt,
2127 5450 2323 5505 sopore
2352 5443 2405 5489 et
2452 5434 2715 5490 ebrietate
2746 5436 2939 5489 animae
2973 5434 3239 5505 depressi.

1679 5521 1881 5576 Deinde
1917 5539 2064 5587 vero,
2085 5522 2407 5578 dormierunt
2434 5542 2675 5579 somnum
2696 5542 2871 5591 suum,
2904 5528 3057 5581 vanis
3077 5527 3245 5597 pham

1677 5614 1835 5667 tasiis
1872 5613 2074 5680 dediti;
2108 5631 2170 5669 ac
2194 5615 2409 5669 demum
2444 5619 2830 5689 expcrgelacti,
2879 5620 3079 5675 turbati
3114 5626 3246 5675 sunt

1681 5704 1748 5757 ab
1786 5702 2156 5773 increpatione
2186 5704 2279 5760 Dei
2301 5705 2490 5763 Jacob.
2523 5709 2617 5763 llic
2649 5725 2809 5779 porro
2837 5720 2951 5767 crat
2989 5712 3244 5768 Servatur

1195 5859 1237 5891 ⁵³
1280 5858 1422 5916 I‘sal.
1456 5877 1657 5925 vam,
1698 5862 1889 5927 I7,18.
1968 5864 2010 5895 ⁸⁵
2052 5862 2236 5920 Matth.
2274 5882 2396 5930 xxv,
2437 5866 2517 5921 15.
