3776 6284
103 327 201 386 889
1192 313 1693 376 COMMENTARIA
1724 313 1788 370 IN
1830 315 2170 374 PSALMOS.
3190 321 3300 377 990

104 426 454 506 ἐπιόοωμένων
482 429 660 488 αὐτόν,
694 431 755 485 Εἰ
783 430 889 504 γὰρ
942 432 1057 503 ἃμα
1118 430 1195 501 τῷ
1227 432 1325 501 τὴν
1372 430 1553 503 φωνὴν
1578 430 1896 502 ἀναπέμψαι
1924 431 2119 502 ᾔσθετο
2162 431 2397 502 ἐπηκόου
2449 432 2611 486 αὐτοῦ
2646 431 2947 506 γενομένου
2976 432 3068 488 τοῦ
3139 434 3310 513 Θεοῦ,,

104 530 260 590 αὐτοῖς
281 524 452 595 ἔργοις
478 520 781 576 ἐδιδάσκετο
816 522 1090 593 πανταχοῦ
1122 521 1452 593 παρεῖναιτὺ
1508 522 1678 587 Θεῖον,
1721 524 1815 576 καὶ
1874 522 1998 587 τοὺς
2045 522 2145 594 τῆς
2210 522 2473 593 Προνοίας
2527 524 2835 595 ὀφθαλμοὺς
2902 527 3102 596 ἐφορᾷν
3170 525 3301 590 τοὺς

101 617 278 685 ἀξίους.

171 730 317 784 Ἀλλὰ
370 732 460 783 καὶ⁸
509 730 577 783 ὲν
632 731 818 799 ἡμέρᾳ
874 730 1133 801 mtuam
1177 750 1317 801 μου,
1349 730 1500 803 φησὶ,
1536 730 1641 784 τὸν

1812 724 1975 782 Vens.
2012 728 2064 782 '5.
2109 726 2212 780 Sed
2242 726 2400 779 etiam
2432 726 2485 778 in
2525 725 2608 779 die
2637 726 2994 783 tribulationis
3033 748 3180 796 meae,
3216 734 3303 788 in-

104 826 231 879 Θεὲν
257 821 571 889 έξεζήτησα
602 823 729 888 ταῖς
761 825 931 890 χερσί
960 843 1078 892 μου
1106 825 1325 888 νυκτὸς
1362 822 1595 875 ἐναντία

1821 818 1877 883 ἱι,
1903 818 2067 872 Deum
2093 818 2345 886 exquisivi
2372 817 2613 871 manibus
2638 819 2763 871 meis
2788 830 2933 872 nocte
2957 833 3139 876 contra
3162 842 3312 891 eum,

102 914 281 976 αὑτοῦ,
312 912 405 966 καὶ
453 915 524 965 οὺ
569 913 655 981 μὴ
706 913 1038 983 ήπατήθην.
1070 916 1177 967 Καὶ
1205 915 1284 967 ὅτι
1320 914 1417 983 μὲν
1449 912 1593 965 πολλι

1824 926 1926 962 non
1978 927 2092 963 sum
2132 910 2393 978 deceptus.
2430 909 2584 975 Quod
2622 911 2804 963 multa:
2853 912 2964 965 sint
3007 916 3300 983 proborum

103 1009 151 1062 αἱ
191 1006 381 1074 θλίψεις
425 1004 530 1059 τῶν
580 1005 803 1059 δικαίων
854 1006 1077 1076 (ἐπειδὴ
1125 1007 1452 1077 ἀπείραστος
1500 1006 1594 1075 ὰνὴ

1809 1002 2074 1057 lamitates
2107 1002 2251 1071 (nam
2300 1004 2383 1055 vir
2434 1017 2540 1055 non
2590 1010 2837 1058 tentatus
2867 1004 3126 1074 inglorius
3174 1008 3300 1077 est),

101 1100 369 1169 ἀδόκιμος),
389 1096 653 1159 παντοίως
677 1098 1015 1153 διδάσκουσιν
1047 1101 1093 1151 οί
1118 1098 1247 1151 θεῖοι
1274 1098 1421 1166 λόγοι
1439 1115 1451 1127 ·
1481 1098 1554 1161 ὼς
1583 1099 1592 1148 l

1810 1094 2050 1147 inimode
2090 1094 2287 1147 docent
2325 1092 2519 1147 divinae
2563 1092 2861 1165 Scriptura:
2894 1114 2906 1149 :
2936 1097 3079 1166 quod
3120 1109 3301 1155 autem

103 1190 374 1260 θλιϐόμενοι
417 1189 698 1260 κρείττους
739 1190 946 1243 ἑαυτῶν
973 1190 1265 1259 ἐγίγνοντο,
1291 1188 1514 1261 δοκιμὴν
1541 1190 1594 1242 τῐ

1814 1185 2355 1255 atrumnisdegentes
2381 1185 2483 1239 sibi
2510 1186 2643 1255 ipsis
2669 1189 2981 1257 superiores
3010 1192 3302 1254 evaserint,

102 1281 281 1335 ἑαυτῶν
303 1280 627 1351 παρέχοντες
654 1282 949 1352 ὑπομονῆς,
979 1283 1038 1334 οὐ
1064 1285 1170 1354 μὴν
1198 1282 1593 1353 συγχεόμενοιά

1816 1277 2275 1348 perimentumque
2301 1278 2575 1347 patientia:
2597 1295 2711 1333 sua:
2741 1279 3013 1346 dederint,
3050 1297 3159 1335 non
3184 1298 3307 1337 con-

102 1374 337 1443 είλιγγιᾷν
364 1374 454 1425 καὶ
478 1371 846 1445 θορυϐεῖσθαι,
876 1374 1115 1427 διδάσκει
1141 1375 1167 1427 6
1190 1374 1378 1439 εἰπὼν,
1398 1376 1491 1427 Ἐν
1517 1378 1589 1428 θλ

1815 1369 1846 1423 si
1877 1368 1949 1421 ita
1984 1375 2042 1422 ut
2073 1368 2339 1437 vertigine
2373 1369 2684 1424 laborarent
2714 1381 2768 1424 et
2814 1373 3187 1439 turbarentur,
3233 1376 3306 1429 ita

102 1468 186 1532 ψει
214 1463 546 1529 ἐπλάτυνάς
580 1481 676 1533 με,
711 1465 804 1517 xal.
844 1468 873 1518 6
914 1466 1054 1529 θεῖος
1088 1467 1404 1529 Ἀπόστολος
1432 1465 1593 1534 λέγω

1823 1467 1896 1514 :et
1926 1460 2037 1521 ille,
2081 1458 2147 1513 In
2182 1458 2524 1514 tribulatione
2550 1461 2797 1517 dilatasti
2828 1465 2955 1517 mihi
2976 1466 3053 1533 7';
3090 1466 3314 1522 divinus

104 1555 431 1623 Θλιΰόμενοι,
464 1555 603 1607 ἀλλ’
638 1559 709 1609 οὺ
739 1558 1279 1626 στενοχωρούμενοι
1299 1575 1312 1587 ·
1349 1559 1595 1611 καταϐαά

1825 1568 1864 1605 [ιι
1898 1552 2192 1622 Apostolus
2224 1552 2337 1607 haec
2374 1554 2559 1617 tradit,
2597 1554 3011 1610 Tribulationem
3050 1560 3316 1629 patimur,

100 1646 328 1714 λόμενοι,
352 1646 489 1699 ἀλλ’
505 1648 616 1699 οὐκ
640 1648 1047 1719 ἀπολλύμενοι
1066 1667 1078 1679 ·
1109 1648 1474 1719 διωκόμενοι,
1502 1650 1591 1703 ἀλ.

1819 1644 1829 1695 l
1869 1660 1971 1696 non
2001 1645 2404 1714 angustiamur;
2444 1644 2747 1715 dejicimur,
2780 1647 2871 1701 sed
2906 1664 3006 1701 non
3038 1652 3267 1717 perimus
3288 1666 3310 1711 ;

101 1735 193 1785 οὐκ
215 1737 784 1803 ἐγκαταλειπόμενοι.
825 1735 1010 1802 Οὕτως
1037 1733 1128 1792 οὖν
1154 1740 1247 1792 κα)⁸
1280 1739 1513 1793 ἐνταῦθὰ
1536 1758 1592 1808 φτ

1814 1737 2146 1790 rsecutionem
2198 1738 2462 1805 patimur,
2512 1736 2602 1792 sed
2649 1756 2753 1793 non
2802 1738 3305 1811 derelinquimur”.

100 1840 172 1877 σιν
189 1838 201 1852 ·
233 1826 327 1878 Ἐν
354 1825 545 1894 ἡμέρᾳ
568 1827 826 1895 θλίψεὼς
846 1848 965 1897 μου
993 1830 1099 1882 τὸν
1123 1831 1271 1884 Θεὸν
1294 1831 1591 1899 ἑξεζήτησι

1817 1842 1831 1879 :
1864 1827 2031 1897 igitur
2057 1826 2149 1881 hic
2192 1828 2304 1882 ait:
2334 1827 2399 1882 In
2437 1827 2521 1882 die
2573 1828 2929 1884 tribulationis
2976 1848 3104 1885 mea:
3140 1831 3308 1886 Deum

100 1916 266 1986 οὐγὰρ
293 1916 598 1970 ἀπέϐλεπον
640 1920 733 1971 ἐπὶ
769 1921 894 1983 τοὺς
930 1920 1227 1985 Θλίὸοντας,
1260 1923 1368 1975 οὐδ’
1402 1924 1491 1975 ἐπὶ
1518 1926 1591 1977 τοξ

1814 1920 2015 1989 quisivi.
2076 1918 2193 1974 Non
2239 1920 2383 1975 enim
2447 1919 2513 1974 ad
2552 1921 2958 1977 tribulationem
2989 1922 3305 1991 inferentes,

99 2008 455 2079 ἐπαιρομένους
476 2025 491 2039 ⁸
526 2011 865 2082 ἐπιστρέφων
893 2012 949 2064 δὲ
979 2012 1214 2082 ἐμαυτοῦ
1245 2013 1305 2066 τὸ
1337 2015 1434 2085 τῆς
1465 2015 1590 2085 ψυχὶ

1819 2028 1851 2064 n
1880 2010 1947 2063 ad
1982 2010 2223 2065 tumidos
2261 2010 2384 2065 illos
2412 2012 2801 2080 respiciebam;
2836 2015 2928 2068 sed
2959 2016 3119 2069 oculo
3152 2032 3305 2070 men-

98 2074 228 2170 ὄμμα
270 2074 403 2172 πρὸς
444 2103 541 2155 τὸν
588 2074 719 2155 Θεὸν
766 2074 885 2156 κατ’
918 2074 1079 2157 αὐτὸν
1108 2105 1197 2157 τὸν
1228 2104 1337 2172 τῆς

1813 2117 1976 2156 -mea2
2022 2102 2089 2156 ad
2124 2101 2292 2157 Deum
2346 2102 2701 2158 tribulationis
2748 2110 2989 2174 tempore
3019 2120 3304 2169 converso,

100 2192 454 2263 καιρὸν,αὑτὸν
483 2191 788 2263 ἐξεζήτουν.
808 2194 1061 2263 Ἐζήτουν
1092 2194 1148 2246 δέ
1180 2196 1339 2249 αὑτὸν
1366 2199 1483 2259 ταῖς
1518 2215 1591 2267 χει

1815 2210 1920 2248 sum
1955 2194 2331 2264 exquirebam.
2372 2193 2625 2250 Manibus
2659 2210 2787 2251 vero
2826 2197 2963 2252 meis
2997 2198 3306 2267 quaerebam

102 2286 145 2337 σί
170 2303 277 2356 μου,
302 2285 679 2357 δεδιδαγμένος
705 2286 949 2358 ἐπαίρειν
973 2288 1151 2351 ὁσίους
1178 2292 1365 2360 χεῖρας
1390 2290 1531 2342 κατὰ
1550 2291 1593 2343 τί

1831 2300 1887 2347 ιι,
1920 2285 2204 2341 institutus
2236 2285 2300 2340 ad
2333 2285 2590 2341 levandas
2636 2294 2853 2342 sanctas
2883 2303 3077 2342 manus
3112 2304 3322 2343 secun-

102 2378 344 2446 φάσκοντα
361 2377 520 2446 λόγον
536 2396 549 2408 ·
572 2379 869 2447 Βούλομαι
894 2378 960 2431 δὲ
982 2379 1122 2445 τοὺς
1149 2379 1369 2448 ἄνδρας
1391 2397 1593 2449 προσει

1819 2392 1871 2429 m
1902 2377 2120 2432 eﬂ’atum
2152 2377 2323 2432 illud:
2359 2377 2487 2432 Volo
2511 2390 2685 2432 autem
2714 2380 2849 2433 viros
2879 2396 3052 2445 orare,
3084 2380 3310 2435 levantes

102 2472 317 2536 χεσθαι,
368 2469 729 2537 ἐπαίροντας
785 2471 993 2537 ὁσίους
1049 2471 1271 2540 χεῖρας.
1335 2473 1443 2526 Καὶ
1497 2473 1590 2527 τοῦ

1816 2478 1953 2523 uetas
1996 2486 2182 2523 manus
2205 2471 2272 2525 ⁷⁷.
2298 2469 2465 2540 quue
2501 2483 2609 2523 non
2654 2469 2742 2526 die
2777 2471 2976 2534 solum,
3016 2471 3110 2527 sed
3147 2472 3307 2525 etiam

103 2560 337 2630 ἔπραττον
366 2560 425 2611 οὐ
452 2560 528 2612 δι’
559 2560 772 2631 ἡμέρας
808 2561 986 2631 μόνον,
1024 2562 1161 2615 ἀλλὰ
1191 2564 1284 2617 καὶ
1312 2564 1401 2617 διὰ
1428 2566 1594 2619 νυκτδ

1821 2568 1902 2617 cte
1945 2577 2141 2616 manus
2184 2576 2335 2617 meas
2386 2568 2578 2618 contra
2619 2577 2743 2617 eum
2777 2563 3087 2635 erigebam;
3139 2564 3211 2617 ita
3256 2574 3312 2618 ut

101 2650 183 2713 τὰς
206 2652 378 2723 χεῖράς
412 2669 518 2723 μου
549 2653 791 2727 ἐπαίρων
821 2655 1058 2708 ἐναντίον
1098 2654 1284 2721 αὐτοῦ,
1317 2658 1409 2709 καὶ
1438 2657 1524 2710 διὰ
1547 2659 1592 2711 τὶ

1823 2669 1851 2707 n
1881 2656 2130 2709 oratione
2155 2672 2316 2732 quam
2359 2656 2587 2711 vocibus
2611 2656 2831 2712 emissis
2864 2656 3015 2710 illum
3059 2658 3314 2725 exquire-

102 2745 393 2814 προσευχῆς,
426 2745 526 2797 καὶ
555 2744 642 2797 διὰ
664 2745 772 2798 τῶν
803 2745 940 2815 πρὸς
968 2744 1126 2798 αῦτῦν
1154 2746 1343 2815 φωνῶν
1372 2748 1593 2817 ἐπιξητῦ

1821 2761 1879 2798 n.
1939 2745 2280 2816 Quapropter
2314 2747 2430 2802 haec
2482 2762 2649 2816 agens
2702 2764 2805 2801 non
2854 2765 2971 2801 sum
3018 2748 3260 2816 deceptus
3293 2763 3312 2799 :

102 2835 253 2887 αὐτόν.
281 2835 387 2899 Διὸ,
413 2835 592 2890 ταῦτα
638 2837 913 2908 πράττων,
949 2840 1069 2891 Οὐκ
1108 2837 1456 2906 ήπατήθηνσ
1500 2838 1593 2909 εὑρ

1822 2854 1869 2891 m
1896 2839 2230 2908 perquisitus
2262 2838 2351 2893 ille
2384 2840 2637 2893 inventus
2669 2854 2698 2891 a
2729 2854 2813 2893 me
2840 2838 2962 2901 fuit,
3004 2849 3053 2893 et
3088 2838 3313 2892 intendit

104 2942 237 2980 σκετο
264 2926 364 2999 γάρ
416 2946 510 3001 μοι
552 2928 911 2999 ζητούμενος’
948 2929 1026 2983 διὸ
1052 2928 1357 2999 προσέσχε
1391 2948 1515 2999 μοι,
1550 2949 1595 2983 κε

1821 2930 1894 2995 hi,
1926 2945 2195 3000 auresque
2229 2930 2361 2984 mihi
2393 2930 2640 2999 praebuit.
2674 2931 2781 2983 Pro
2817 2930 2909 2985 illo
2938 2938 3141 2994 autem,
3187 2929 3309 2982 lla—

100 3017 182 3081 τὰς
208 3018 586 3091 ὲαυτοῦίάκοὰς
630 3020 750 3090 ἐμοὶ
785 3020 1055 3091 παρέσχεν
1094 3020 1236 3074 Ἀντί
1268 3020 1323 3073 δὲ
1361 3020 1476 3085 τοῦ,
1512 3025 1589 3074 Τα

1821 3036 1897 3073 rus
1928 3021 2055 3073 nteis
2086 3032 2234 3074 nocte
2262 3029 2447 3073 contra
2484 3036 2622 3084 eum,
2666 3029 2714 3073 et
2766 3036 2868 3073 non
2901 3036 3017 3073 sum
3040 3021 3312 3088 deceptus,

102 3112 247 3178 χερσί
266 3090 628 3181 μου’νυκτὸς
657 3090 933 3168 ἐναντίον
964 3090 1171 3179 αὑτοῦ,
1207 3114 1305 3167 καὶ
1352 3116 1460 3168 οὐκ
1488 3115 1593 3183 ήπι

1824 3110 2105 3167 mmacbus
2151 3111 2253 3166 hoc
2298 3112 2460 3166 modo
2508 3112 2895 3183 interpretatus
2947 3120 3065 3179 est,
3120 3111 3310 3166 Manus

102 3201 279 3269 τήθην,
306 3206 333 3256 6
362 3205 662 3275 Σύμμαχος
699 3203 885 3257 τοῦτον
918 3206 1230 3275 ἡρμήνευσε
1272 3206 1362 3261 τὸν
1404 3207 1593 3276 τρόπον

1822 3220 1861 3256 τα
1888 3212 2037 3257 nocte
2063 3212 2275 3257 extensa
2313 3213 2430 3257 erat
2466 3204 2698 3259 assidue.
2734 3204 2885 3259 Hanc
2920 3204 3103 3276 itaque
3140 3205 3313 3257 maxi-

108 3288 161 3344 Ἠ
182 3292 297 3360 χείρ
334 3310 452 3361 μου
509 3292 730 3358 νυκτὸς
766 3292 1040 3346 ἐκτέτατο
1074 3293 1378 3363 διηνεκῶς.
1428 3295 1599 3349 Ταύττ

1824 3313 1890 3351 nm
1925 3304 1977 3351 et
2001 3298 2172 3351 solam
2206 3305 2402 3351 nactus
2432 3312 2551 3351 sum
2588 3296 3041 3351 consolationem.
3075 3293 3181 3349 Seu
3206 3295 3315 3349 alio

102 3380 181 3449 μὲν
207 3379 291 3437 οὖν
318 3381 461 3455 εἶχον
496 3384 757 3455 μεγίστην
790 3384 883 3437 καὶ⁵
927 3386 1094 3455 μόνην
1140 3387 1593 3459 παραμυθίαν.ἈῙ

1824 3388 1932 3452 ιᾱο,
1966 3389 2275 3444 atllictionis
2308 3405 2439 3444 mea:
2464 3400 2703 3459 tempore
2741 3388 3013 3443 neminem
3042 3403 3106 3443 ex
3139 3387 3315 3441 homi-

99 3470 186 3537 λως
214 3475 282 3540 δὲ,
308 3478 520 3541 οὐδενὸς
546 3477 843 3548 ἠνειχόμην
884 3477 1214 3550 παρακαλεῖν
1258 3496 1323 3549 με
1363 3480 1457 3534 καὶ
1484 3480 1590 3552 θερι

1823 3496 1907 3535 ιιιε
1943 3480 2290 3535 admittebam
2324 3480 2415 3550 qui
2448 3481 2607 3535 vellet
2653 3495 2737 3535 me
2766 3478 3058 3540 consolari,
3106 3493 3169 3532 ac
3195 3491 3314 3533 mc-

99 3565 259 3622 πεύειν
303 3568 581 3630 ἐθέλοντος
630 3568 915 3638 ἀνθρώπου
948 3571 1004 3621 ἐν
1032 3569 1108 3640 τῷ
1144 3571 1243 3641 τῆς
1274 3570 1503 3640 θλίψεώς
1540 3590 1590 3642 μι

1823 3570 1857 3623 ri
1898 3570 2069 3624 dolori
2102 3586 2243 3625 meo.
2272 3569 2451 3636 Quare
2478 3570 2661 3625 subdit
2688 3589 2700 3623 :
2729 3599 2798 3609 —
2828 3568 2993 3624 Vens.
3024 3568 3079 3622 4.
3123 3566 3314 3621 [ienuit

99 3657 264 3727 καιρῷ.
292 3658 379 3712 Διό
407 3659 651 3727 ἐπιλέγει
671 3677 684 3689 ο
728 3658 1095 3728 Ἀπηνήνατο
1123 3662 1572 3731 παρακληθῆναι

1818 3662 2009 3716 υιδοίανὶ
2032 3664 2211 3716 anima
2242 3664 2542 3727 mea;sive,
2574 3661 2871 3717 secundum
2902 3659 3309 3729 Symmachum,

99 3748 242 3816 ψυχή
269 3769 382 3820 μου
406 3768 423 3783 ο
465 3751 500 3822 ἧ
536 3753 676 3807 κατὰ
725 3752 815 3805 τὸν
860 3751 1173 3823 Σύμμαχον,
1207 3757 1327 3808 Οὐκ
1378 3755 1590 3811 ἑπείθει

1825 3772 1868 3808 m
1911 3754 2325 3823 persuadebatur
2359 3755 2769 3809 consolationem
2814 3752 3088 3804 admittere
3132 3753 3316 3804 anima

98 3843 527 3911 παρηγορεῖσθαι
572 3844 610 3910 ἢ
650 3843 819 3913 ψυχή
848 3860 999 3913 μου’
1034 3845 1147 3897 ἀλλ’
1184 3845 1491 3914 ἀνθρώποις
1546 3848 1589 3916 μζ

1818 3862 1898 3909 ra;
1947 3846 2041 3900 sed
2080 3845 2392 3899 hominibus
2432 3845 2649 3914 quidem
2694 3842 2965 3898 consolari
3014 3848 3066 3896 et
3102 3841 3309 3895 hortari

98 3932 181 3984 οὐκ
201 3935 509 4007 ἐπειθόμην,
541 3937 650 4000 τοῖς
681 3937 853 3999 ἄλλως
885 3954 951 4006 με
981 3939 1315 4008 παρηγορεῖν
1348 3938 1440 3990 καὶ
1467 3954 1589 4007 παρα

1823 3937 2053 3992 lentibus
2090 3952 2199 3990 non
2243 3936 2719 4005 obtemperabam;
2766 3950 2955 3988 verum
3006 3950 3201 3987 memor
3234 3934 3314 4002 [ui

97 4022 284 4078 καλεῖνο
324 4011 638 4097 ἐμνήσθην
680 4027 735 4081 δὲ
786 4028 891 4082 τοῦ
939 4028 1084 4083 Θεοῦ
1123 4028 1219 4083 καὶ
1254 4028 1588 4097 ηὐφράνθητ

1826 4032 1842 4083 i
1869 4040 1918 4084 et
1948 4029 2235 4083 delectatus
2283 4045 2399 4081 sum
2426 4043 2444 4080 :
2474 4043 2599 4081 nam
2641 4026 2733 4081 Dei
2767 4026 3027 4081 memoria
3079 4026 3146 4079 ad
3182 4025 3315 4079 laeti-

99 4114 310 4185 ὰπήρκει
336 4119 441 4189 γάρ
480 4137 570 4189 μοι
613 4121 645 4189 ἠ
684 4118 777 4171 τοῦ
804 4119 937 4173 Θεοῦ
982 4122 1168 4191 μνήμη
1211 4121 1345 4193 πρὸς
1385 4121 1590 4195 εῦφροσ

1825 4138 1875 4174 ιιι
1921 4121 2053 4174 mihi
2106 4121 2240 4176 satis
2279 4128 2430 4185 erat;
2474 4120 2604 4189 quin
2638 4118 2798 4173 etiam
2844 4117 2939 4178 ait,
2994 4117 3316 4170 exercitatus

96 4220 207 4275 νην·
234 4208 361 4263 ἀλλὰ
393 4210 489 4264 κατ¹
516 4210 927 4281 ήδολέσχησα,
956 4214 1109 4283 φησί,
1142 4213 1237 4267 καὶ
1266 4214 1587 4282 ὠλιγοψὺχτ

1822 4229 1884 4276 m,
1919 4224 1966 4266 et
2002 4211 2192 4281 defecit
2226 4212 2442 4279 spiritus
2482 4225 2659 4272 meus;
2688 4225 2784 4279 pro
2814 4224 2922 4277 quo
2953 4206 3313 4279 Symmachus

98 4310 192 4349 σα·
224 4300 331 4352 ἀνθ’
363 4296 422 4356 οὗ
463 4304 492 4355 6
533 4300 825 4372 Σύμμαχος
855 4306 1186 4376 ἡρμήνευσε,
1223 4304 1549 4358 Διελὰλουν
1575 4305 1589 4358 l

1822 4313 2136 4375 ,erpretatus
2165 4313 2270 4368 est,
2301 4302 2577 4373 Loquebar
2606 4304 2658 4355 in
2706 4303 2902 4371 meipso
2931 4309 2978 4353 et
3019 4300 3193 4353 animo
3223 4299 3313 4353 de-

96 4388 299 4458 ἐμαυτῷ
346 4395 441 4447 καὶ
486 4395 1067 4465 ἐλειποθύμουνίΌτι
1105 4396 1219 4466 μὲν,
1250 4396 1400 4465 φησὶ,
1428 4396 1587 4465 ἐμαυτ

1819 4398 2008 4453 iebam.
2069 4397 2373 4464 Quoniam,
2434 4398 2630 4468 inquit,
2693 4398 2954 4466 loquebar
2993 4396 3124 4449 mihi
3175 4394 3310 4464 ipsi,

96 4479 359 4552 διελάλουν,
395 4486 784 4558 ἐλειποθύμουν
810 4503 821 4515 ·
870 4489 963 4541 καὶ
1008 4489 1095 4541 ὅτε
1148 4487 1469 4557 ὴδολέσχουν
1516 4505 1587 4539 πα

1823 4488 1929 4541 imo
1980 4486 2296 4541 deliciebam
2325 4507 2337 4541 :
2369 4496 2419 4541 et
2459 4503 2583 4541 cum
2627 4490 2962 4541 exercitarer
3007 4485 3147 4555 apud
3195 4500 3314 4538 me-

98 4570 311 4644 ἐμαυτῷ,
344 4576 648 4648 τηνικαῦτα
682 4578 1004 4649 ὼλιγοψύχει
1042 4577 1099 4631 τὸ
1132 4576 1347 4647 πνεῦμά
1378 4596 1479 4648 μου
1500 4592 1513 4605 ·
1553 4578 1589 4630 ὃ

1835 4595 1947 4641 um,
1994 4587 2125 4633 tunc
2172 4578 2461 4633 deﬁciebat
2507 4578 2733 4649 spiritus
2770 4594 2958 4642 meus;
3009 4592 3132 4630 cum
3186 4591 3324 4629 vero.

97 4658 142 4712 δὲ
164 4663 636 4739 ἀνεμιμνησκόμην
674 4668 767 4722 τοῦ
816 4668 971 4731 Θεοῦ,
1006 4667 1343 4739 εὐφροσύνης
1379 4668 1588 4739 ἐπληρο

1819 4672 1842 4724 :i
1890 4671 2230 4736 recordarer,
2268 4672 2452 4726 ltetitia
2496 4672 2784 4742 replebar;
2841 4668 2932 4724 sed
2988 4669 3147 4723 etiam
3188 4684 3310 4722 cum

101 4768 220 4825 μην·
248 4759 377 4812 ἀλλὰ
402 4763 496 4815 καὶ
524 4760 701 4832 ζητῶν
733 4761 891 4816 αὐτὸν
915 4764 1035 4825 ταῖς
1081 4761 1233 4832 χερσί
1284 4779 1384 4831 μου
1435 4761 1592 4814 νυκτὸ

1822 4778 1873 4814 ιιι
1905 4762 2156 4817 manibus
2184 4763 2319 4817 meis
2349 4770 2511 4816 noctu
2541 4762 2905 4832 exquirerem,
2947 4775 3055 4813 non
3088 4760 3312 4813 aberra-

95 4845 179 4897 οὐκ
208 4849 538 4923 ἡπατώμηνο
574 4853 825 4926 εὕρισκον
850 4854 958 4922 γὰρ
1001 4854 1187 4925 ὥσπερ
1231 4853 1456 4925 πλησίον
1509 4870 1584 4905 πα

1833 4867 1872 4902 [ιι
1899 4868 1913 4904 :
1949 4866 2072 4903 nam
2101 4850 2277 4921 ipsum
2304 4866 2403 4905 ceu
2430 4850 2690 4913 vicinum,
2729 4855 3049 4918 praesentem
3076 4845 3228 4910 mihi,
3260 4854 3324 4900 et

96 4938 285 4994 ιστῶτά
320 4960 428 5013 μοι,
464 4944 557 4997 καὶ
583 4945 680 5015 τῆς
714 4945 894 5015 φωνῆς
917 4964 1017 5016 μου
1044 4948 1274 5017 ἐπήκοον
1305 4946 1587 5017 γιγνόμενο

1373 4946 1643 5017 γνόμενον.
1746 4941 1866 4996 voci
1897 4956 2031 4996 mea}
2060 4943 2352 5012 propitium
2377 4939 2864 5010 deprehendebam.

156 5032 663 5099 Προκατελὰϐοντο
711 5037 987 5105 φυλακὰς
1039 5040 1093 5091 οὶ
1152 5037 1447 5106 ὀφθαλμοί
1502 5053 1642 5105 μου,

1831 5032 1982 5089 Vens.
2022 5034 2074 5089 5.
2117 5035 2543 5104 Anticipaverunt
2573 5033 2779 5103 vigilias
2810 5030 2946 5086 oculi
2974 5029 3092 5091 mei,
3130 5025 3315 5079 turba~

96 5115 425 5192 ἐταράχθην,
457 5127 550 5179 καὶ
608 5127 719 5179 οὐκ
777 5124 1072 5191 ἐλάλησα.
1122 5127 1184 5179 Οί
1236 5124 1505 5188 θλίϐοντές
1555 5142 1587 5195 μ

1858 5142 1973 5179 sum
1994 5135 2043 5180 et
2067 5144 2170 5181 non
2194 5144 2310 5180 sum
2354 5127 2576 5180 locutus.
2611 5125 2987 5194 Cogitationes
3029 5136 3149 5191 quae
3180 5119 3324 5173 mihi

98 5213 233 5279 φησὶ,
253 5214 497 5286 λογισμοὶ
523 5216 750 5271 τοιοῦτοι
777 5212 935 5287 ἦσαν.
955 5216 1171 5287 Ἐπειδὴ
1203 5217 1311 5287 γὰρ
1344 5215 1527 5289 ἐώρων
1547 5216 1589 5268 τέ

1839 5219 2091 5274 ictionem
2120 5220 2404 5290 pariebant
2436 5220 2571 5273 tales
2608 5224 2783 5272 erant.
2816 5215 2954 5281 Quia
2996 5215 3140 5268 enim
3166 5210 3326 5280 abjet

98 5301 341 5378 ἀποϐολὴν
395 5309 488 5362 τοῦ
532 5310 683 5373 λαοῦ,
709 5309 773 5381 ἢν
822 5309 1111 5362 ἐθέσπισαν
1159 5309 1207 5361 οί
1258 5308 1586 5382 προλεχθέντ

1827 5328 1983 5367 onem
2014 5313 2221 5383 populi,
2255 5326 2418 5381 quam
2455 5308 2738 5364 memorati
2770 5304 3071 5377 prepbetici
3108 5316 3318 5359 sermo-

98 5402 402 5470 προφητικοὶ
431 5400 595 5471 λόγοι,
614 5401 870 5473 ἐθορυϐοῦ
881 5420 986 5472 μην
1019 5401 1259 5464 εἰκότως,
1284 5401 1377 5455 καὶ
1406 5401 1589 5455 ἐνενόοι

1830 5420 1849 5459 5
1901 5403 2179 5457 vaticinati
2207 5411 2352 5465 sunt,
2400 5400 2821 5470 prospiciebam,
2858 5396 2982 5467 jure
3023 5391 3321 5455 turbabar,

98 5484 217 5553 πρὸς
262 5489 489 5559 ὲμαυτδν
534 5493 581 5545 εί
625 5492 990 5561 ἀθεράπευτον
1032 5492 1211 5554 αὐτοῖς
1257 5491 1408 5546 ἔσται
1452 5492 1512 5545 τὸ
1546 5510 1589 5545 κε

1840 5509 2073 5563 cumque
2126 5493 2483 5564 reputabam,
2554 5506 2682 5544 num
2741 5490 2983 5559 ipsorum
3034 5485 3329 5540 calamitas

98 5575 199 5631 κόν.
225 5579 293 5632 Τὸ
325 5582 422 5651 μὲν
444 5583 548 5655 γὰρ
578 5583 948 5655 ἀποϐληθῖψαι
974 5584 1169 5647 αὐτοὺς
1195 5582 1369 5655 καιρῷ
1414 5601 1517 5637 τινι
1552 5601 1589 5636 κη

1840 5601 1868 5641 c
1901 5583 2141 5640 remedio
2190 5581 2372 5639 futura
2416 5583 2508 5638 sit.
2554 5580 2687 5636 Nam
2713 5580 2857 5651 quod
2888 5590 3133 5638 tempore
3178 5589 3328 5648 (ιυρι-

162 5732 203 5764 "
241 5732 383 5792 Psal.
412 5753 484 5805 ιν,
513 5740 570 5796 9..
647 5738 752 5794 "ll
783 5740 907 5795 Cor.
948 5756 1021 5809 tv,
1055 5740 1111 5806 8,
1143 5739 1195 5794 9.
1272 5740 1358 5795 "l
1394 5738 1532 5794 Tim.
1571 5754 1607 5793 ιι
1632 5778 1647 5805 ,
1683 5740 1737 5795 8.
