3798 6282
494 311 594 368 891

1238 304 1503 362 EUSEBII
1545 302 2022 364 CESARIENSIS
2056 303 2206 362 OPP.
2239 305 2419 361 PARS
2450 305 2537 361 Ill.
2572 334 2643 346 —
2679 298 3081 357 EXEGETICA.

3562 300 3644 356 899

496 424 622 481 dam
656 417 965 490 abiiciendi,
1008 422 1064 473 et
1103 417 1250 487 quod
1290 418 1345 474 in
1371 419 1529 475 linem
1564 420 1795 490 idipsum
1831 419 2049 490 passuri

2178 419 2234 481 νίς
2273 418 2425 482 τέλος
2454 416 2646 480 αὐτοὺς
2674 413 2832 469 τοῦτο
2860 412 3049 467 παθεῖν
3081 408 3357 463 ἐπίστευον
3386 412 3446 481 τῇ
3476 426 3639 485 amri.

496 521 700 577 essent,
732 511 789 567 id
837 525 970 567 sane
1015 509 1302 565 credebam
1340 510 1722 581 obtemperans
1759 509 2053 581 prophetia:

2182 508 2268 579 είᾳ
2305 506 2567 579 λεγούσῃ’
2613 505 2805 569 Ἱνατί,
2855 506 2887 558 ό
2932 501 3095 568 Θεὸς,
3127 501 3342 555 ἀπώσω
3381 503 3461 566 εὶς
3492 500 3641 570 τέλος,

497 604 699 660 dicenti
738 622 753 659 :
790 600 1012 673 thuid,
1071 601 1235 666 Deus,
1283 604 1522 671 repulisti
1566 604 1621 656 in
1656 604 1840 672 ﬁnem,
1885 604 2053 658 iratus

496 704 575 750 est
603 695 757 766 furor
799 704 920 749 tuus
953 709 1106 763 super
1138 709 1251 748 oves
1282 709 1490 763 pascua:
1515 704 1617 748 tua:
1637 694 1723 747 7'?
1748 709 1811 748 ac
1841 694 1895 748 in
1938 709 2055 749 me-

499 788 621 858 ipso
654 786 853 841 dubius
883 787 1172 852 haerebam,
1207 787 1393 842 istltaac
1434 786 1717 842 revolvens
1747 803 1763 841 :
1804 784 2056 857 Nunquid

499 881 555 933 in
591 890 842 933 aeternum
884 878 1121 947 projiciet
1169 878 1442 941 Dominus,
1476 888 1568 931 aut
1613 895 1716 932 non
1750 888 1971 946 apponet
2000 885 2059 930 ut

501 974 823 1039 complaceat
852 970 1061 1029 adhuc?
1093 979 1146 1027 et
1181 980 1394 1025 (αξιοι-ο.
1438 970 1562 1025 llaec
1599 971 1845 1040 cogitans
1881 970 2060 1024 turba-

500 1062 637 1129 bar;
672 1064 764 1118 sed
795 1064 848 1116 in
881 1063 1196 1117 memoriam
1230 1061 1537 1131 repetebam
1563 1060 1680 1116 dics
1709 1062 1978 1133 antiquos,
2008 1067 2061 1115 et

501 1164 677 1206 annos
716 1160 950 1205 aeternos
980 1166 1045 1204 ex
1070 1151 1237 1203 veteri
1284 1149 1564 1217 Scriptura
1600 1162 1809 1202 mecum
1840 1154 2061 1216 reputa-

500 1239 651 1305 bam,
687 1241 906 1311 quoties
934 1239 1184 1294 videlicet
1208 1253 1332 1292 cum
1364 1238 1512 1307 ipsos
1533 1236 1739 1308 peccati
1769 1250 1933 1291 causa
1962 1235 2061 1291 abo

496 1330 743 1400 jecisset,
770 1331 986 1386 reduxit
1021 1336 1234 1395 tamen;
1268 1341 1319 1383 et
1356 1344 1477 1383 cum
1509 1329 1673 1398 impie
1712 1337 1932 1399 agentes
1961 1328 2061 1383 bo-

503 1422 683 1478 stibus
723 1422 1063 1487 tradidisset,
1120 1422 1317 1475 iterum
1367 1421 1591 1490 recepit.
1635 1419 1745 1474 Cur
1776 1434 1903 1489 ergo
1939 1433 2062 1473 cum

501 1515 632 1570 olim
668 1522 791 1585 post
832 1515 1016 1585 gravia
1057 1514 1263 1569 scelera
1293 1518 1571 1567 revocaret
1602 1527 1719 1576 eos,
1755 1525 1929 1581 neque
1972 1523 2063 1565 re-

501 1606 728 1676 pelleret
778 1606 832 1659 in
877 1605 1038 1660 tinem
1091 1619 1194 1659 nec
1247 1603 1592 1658 abscinderet
1636 1600 2064 1657 misericordiam

504 1714 694 1766 suam;
734 1699 870 1752 nihil
896 1699 1004 1753 tale
1032 1698 1145 1769 jam
1174 1697 1356 1762 faciet,
1405 1706 1458 1755 et
1489 1699 1841 1756 humanitatis
1878 1698 2066 1770 pristi-

2152 599 2413 669 ὠργίσθη
2465 601 2497 652 ό
2546 596 2730 667 θυμός
2770 610 2886 650 σου
2917 593 3016 648 ἐπὶ
3046 593 3302 662 πρόϐατα
3326 591 3502 661 νομῆς
3533 608 3644 660 (τους

2153 691 2449 763 ὲνηπόρουν
2486 689 2544 743 δὲ
2572 689 2706 760 πρὸς
2737 686 2970 758 ἐμαυτὸν
2992 683 3361 755 διανοούμενος
3382 684 3557 738 ταῦτα·
3578 689 3645 754 Μὴ

2152 784 2239 849 εις
2257 782 2398 849 τοὺς
2412 778 2628 847 αἰῶνας
2650 777 2947 835 ἀπώσεται
2970 780 3201 847 Κύριος,
3216 776 3253 843 ἦ
3288 777 3359 829 σὺ
3383 777 3647 844 προσθήσει

2153 875 2260 930 τοῦ
2290 871 2611 941 εὐδοκῆσαι
2637 872 2755 935 tu;
2780 869 2963 924 καὶτὰ
2995 868 3138 937 ἑξῆς.
3170 866 3352 921 Ταῦτα
3372 866 3649 938 λογιζόμενος
3762 876 3763 885 ‘

2158 964 2528 1036 ἐταραττόμην
2548 980 2561 993 ·
2601 962 2716 1016 ἀλλ’
2740 960 2932 1033 ἔφερόν
2969 977 3027 1014 τε
3048 962 3112 1030 τῇ
3141 959 3328 1030 μνήμῃ
3357 958 3450 1021 τὰς
3475 959 3649 1023 παλαιὰς

2158 1055 2369 1126 ἡμέρας
2390 1054 2482 1108 καὶ
2508 1054 2578 1106 τὰ
2594 1053 2652 1119 ἐξ
2674 1052 2866 1115 αἰῶνος
2892 1050 2984 1122 ἐτη
3011 1049 3117 1103 ἀπὸ
3142 1048 3248 1101 τῶν
3276 1047 3506 1101 παλαιῶν
3524 1048 3652 1119 Γραμ-

2164 1147 2345 1218 μάτων
2379 1145 2789 1215 ἀναλεγόμενος,
2822 1143 3009 1205 ὁσάκις
3056 1140 3472 1211 ἁμαρτήσαντας
3510 1139 3651 1203 αὐτοὺς

2160 1235 2465 1299 ἀποϐαλὼν,
2496 1237 2858 1306 ἐπανήγαγεν,
2886 1233 2976 1287 καὶ
2998 1230 3273 1301 πολεμίοις
3299 1228 3547 1300 παραδοὺς
3564 1230 3652 1281 ὰσε-

2161 1328 2406 1392 σοῦντας,
2443 1323 2598 1391 αὖθις
2626 1327 2981 1398 ἀνεκτήσατο.
3004 1324 3069 1377 Τί
3095 1318 3185 1377 οὖν
3210 1320 3379 1375 πάλαι
3401 1320 3489 1390 μὲν
3513 1320 3654 1384 αὐτοὺς

2162 1420 2257 1474 καὶ
2292 1418 2430 1490 μετὰ
2461 1418 2636 1482 δεινὰς
2665 1416 3044 1489 πλημμηλείας
3072 1415 3403 1477 ἀνεκαλεῖτο,
3438 1412 3504 1483 μὴ
3522 1412 3658 1473 sicas-

2161 1510 2250 1574 λος
2283 1509 2684 1581 ἀπωθούμενος,
2718 1508 2852 1580 μηδὲ
2892 1507 3213 1561 ἀποκόπτων
3243 1505 3308 1558 τὸ
3338 1504 3478 1568 ἔλεος
3512 1501 3655 1555 αὐτοὶ·

2163 1598 2257 1654 νῦν
2283 1599 2338 1653 δὲ
2369 1598 2517 1653 οὐδὲν
2541 1598 2742 1652 τούτων
2770 1597 3002 1667 ποιήσει,
3025 1595 3191 1667 λήθην
3215 1594 3275 1648 δὲ
3302 1593 3413 1660 ἔξει
3441 1592 3526 1662 τῆς
3546 1590 3658 1644 αὐτοῦ

2166 1689 2567 1761 φιλανθρωπίας
2599 1689 2692 1742 καὶ
2728 1688 3040 1758 ἐπιλήσεται
3071 1684 3163 1738 τοῦ
3196 1683 3525 1754 οἱκτειρῆσαι
3548 1684 3571 1734 ὁ
3594 1698 3661 1750 με·

505 1805 588 1843 na:
634 1767 1131 1858 misericordiaque
1176 1789 1556 1852 obliviscetur,
1607 1790 1701 1860 qui
1749 1767 1961 1859 patiens
2011 1794 2066 1843 et

2178 1778 2434 1852 ιρόθνμος
2464 1779 2557 1832 καὶ
2596 1777 2876 1840 πολυέλεος
2922 1775 3016 1829 καὶ
3066 1773 3487 1845 φιλοικτίρμων;
3527 1770 3661 1860 Talna

505 1881 687 1934 multa
725 1880 1131 1945 misericordiae,
1180 1887 1235 1936 et
1282 1881 1690 1935 miserationum
1733 1896 1923 1935 amans
1949 1879 2068 1935 est?

506 1970 631 2027 llaec
664 1980 823 2026 nocte
867 1988 1077 2028 mecum
1113 1971 1452 2042 reputabam.
1486 1980 1540 2028 et
1589 1971 1876 2041 scopebam
1909 1970 2070 2041 spiri-

505 2068 622 2114 tum
648 2076 848 2125 meum,
880 2077 1030 2117 meas
1059 2061 1271 2116 scilicet
1293 2062 1650 2132 cogitationes
1672 2061 1988 2116 examinans
2018 2068 2071 2115 et

507 2152 824 2221 explorans,
876 2152 1304 2222 discernensque
1353 2153 1627 2223 spiritum,
1673 2170 1802 2208 num
1836 2152 1965 2223 quid
2003 2151 2071 2206 ad

510 2242 801 2297 dubiorum
852 2244 1178 2299 solutionem
1227 2244 1542 2314 subjiceret.
1587 2243 1693 2297 Pro
1741 2245 1832 2298 illo
1868 2252 2068 2311 autem,

511 2336 927 2403 anticipaverunt
952 2335 1158 2406 vigilias
1183 2337 1321 2389 oculi
1352 2337 1473 2399 mei,
1504 2335 1885 2407 Symmachus,
1913 2336 2074 2404 impe-

511 2427 745 2492 diebant,
777 2430 974 2498 inquit,
1016 2446 1228 2483 sursum
1266 2430 1495 2496 aspicere
1535 2429 1673 2483 oculi
1721 2429 1841 2483 mei.
1893 2428 1951 2483 ιη
1990 2444 2075 2485 me

513 2535 749 2590 namque
785 2528 864 2574 tot
892 2521 1249 2589 cogitationes
1277 2523 1538 2592 colligens
1566 2519 1919 2575 occludebam
1941 2536 2075 2575 oon--

513 2612 598 2668 los
638 2628 810 2678 meos,
855 2620 912 2666 ut
958 2630 1027 2668 ne
1062 2614 1114 2667 in
1165 2614 1444 2669 sensibilia
1485 2612 1787 2682 impingens
1820 2627 1849 2666 a
1880 2627 2078 2683 propo-

516 2705 623 2760 sito
653 2706 972 2761 abducerer.
1008 2704 1224 2761 Clausis
1273 2706 1455 2776 itaque
1502 2706 1747 2775 corporis
1780 2703 1975 2767 oculis,
2022 2703 2078 2757 in

516 2798 727 2868 meipso
768 2798 969 2853 dubius
1007 2798 1296 2861 haerebam,
1339 2813 1446 2852 non
1495 2812 1629 2852 voce
1674 2796 1923 2866 loquens,
1968 2809 2079 2850 non

518 2890 683 2943 alium
744 2891 1110 2960 compellans,
1174 2891 1268 2945 sed
1325 2889 1442 2961 ipse
1493 2906 1705 2945 mecum
1755 2892 2075 2962 cogitabam.

516 2982 696 3046 Quare
734 2997 832 3051 pro
865 2981 982 3044 illo,
1026 2980 1294 3035 Turbatus
1323 2998 1461 3047 sum,
1496 2991 1545 3035 et
1577 2998 1681 3035 non
1710 2998 1826 3035 sum
1853 2981 2076 3043 locutus,

2172 1870 2359 1931 νυκτὸς
2404 1868 2537 1940 πρὸς
2581 1866 2810 1937 ἐμαυτὸν
2853 1863 3244 1936 διελογιζόμην,
3281 1862 3376 1916 καὶ
3406 1861 3465 1913 τὸ
3506 1858 3664 1928 π·δεῦμέ

2173 1977 2273 2030 μου
2316 1959 2595 2023 ἐσκαλλον,
2620 1956 2905 2029 διερευνῶν
2938 1957 3030 2010 καὶ
3058 1954 3367 2024 βασανίζων
3402 1952 3517 2013 τοὺς
3542 1953 3665 2020 ἐμαι-

2169 2051 2262 2104 τοῦ
2306 2050 2614 2122 λογισμοὺς,
2650 2049 2950 2122 ἀνακρίνων
2999 2064 3059 2099 τε
3090 2045 3151 2100 τὸ
3180 2031 3419 2115 πνεῦμα,
3448 2042 3498 2096 εί
3518 2059 3562 2095 τι
3597 2042 3666 2112 ἄρα

2172 2142 2428 2196 ὑποϐάλω.
2471 2142 2604 2213 πρὸς
2643 2139 2936 2213 θεραπείαν
2964 2138 3070 2192 τῶν
3102 2132 3667 2209 ἡπορημένων.“Ᾱντὶδὲ

2171 2234 2286 2298 τοῦ,
2314 2231 2828 2303 Προκατελάόοντο
2857 2230 3131 2301 φυλακὰς
3172 2231 3226 2283 ol
3260 2225 3542 2297 ὀφθαλμοί
3572 2242 3666 2294 μου,
3762 2225 3763 2291 Τ

2171 2329 2199 2381 ὁ
2240 2326 2551 2398 Σύμμαχος,
2569 2324 2881 2385 Ἐκώλυον,
2930 2323 3082 2392 φησὶ,
3125 2321 3233 2388 τὰς
3282 2318 3609 2386 ἀναϐλέψας
3634 2317 3668 2371 al

2174 2394 2472 2488 ὀφθαλμοί
2486 2434 2623 2487 μου.
2655 2415 2907 2484 Συνάγων
2937 2414 3042 2485 γὰρ
3062 2414 3142 2477 είς
3166 2412 3407 2483 ἐμαυτὸν
3427 2411 3539 2473 τοὺς
3555 2413 3669 2479 ἐμαυ-

2173 2511 2266 2565 τοῦ
2304 2511 2613 2580 λογισμοὺς,
2646 2508 2807 2580 ἔμυον
2834 2507 2905 2561 τὰ
2934 2509 3172 2579 ὄμματα,
3199 2505 3276 2568 ὡς
3302 2504 3370 2559 ἂν
3404 2504 3475 2575 μὴ
3505 2504 3596 2565 τοῖς
3617 2502 3672 2556 αι.

2178 2604 2391 2675 σθητοῖς
2431 2600 2766 2672 προϐάλλων,
2796 2598 3179 2672 περιελκοίμην
3223 2596 3323 2650 τοῦ
3358 2593 3669 2668 προκειμένου.

2176 2696 2341 2749 Μύων
2373 2691 2465 2747 οὖν
2490 2695 2615 2757 τοὺς
2646 2692 2956 2764 ὀφθαλμοὺς
2981 2690 3075 2743 τοῦ
3103 2688 3381 2760 σώματος,
3413 2686 3534 2758 πρὸς
3552 2687 3670 2755 ipsa.

2177 2785 2266 2839 τὸν
2290 2785 2597 2857 διηπόρουν,
2625 2785 2683 2837 οὐ
2710 2786 2861 2855 φωνῇ
2884 2782 3266 2853 φθεγγόμενος,
3304 2778 3425 2833 οὐδὲ
3455 2777 3571 2847 πρὸς
3596 2775 3674 2828 ἓτε-

2183 2896 2271 2951 ρον
2300 2877 2494 2942 λαλῶν,
2521 2876 2684 2941 αὐτὸς
2712 2876 2769 2930 δὲ
2811 2876 2946 2948 πρὸς
2979 2873 3210 2946 ἐμαυτὸν
3237 2871 3458 2927 ἐννοῶν.
3484 2867 3561 2922 Διὸ
3595 2865 3673 2920 ἀντὶ

2178 2971 2294 3035 τοῦ,
2311 2969 2692 3040 Ἔταράχθην,
2719 2968 2817 3023 καὶ
2858 2971 2969 3024 οὐκ
2997 2965 3296 3034 ἐλάλησα,
3327 2964 3422 3019 καὶ
3457 2962 3550 3016 τῶν
3573 2960 3672 3028 ἑξῆς,

517 3082 571 3128 et
592 3047 823 3136 caeteris,
871 3072 1012 3143 apud
1049 3072 1430 3143 Symmachum
1477 3072 1696 3135 dicitur,
1740 3071 2075 3138 Dubitabam,

2182 3062 2328 3133 παρὰ
2347 3061 2422 3133 τῷ
2437 3062 2508 3115 Συ
2516 3061 2715 3133 μμὰχῳ
2733 3058 2945 3130 εἴρηται
2960 3075 2973 3087 ο
2992 3057 3351 3124 Διηπόρουν,
3369 3053 3463 3108 καὶ
3478 3047 3674 3156 οὑπινέλὰ-

517 3174 568 3219 et
593 3182 695 3218 non
721 3164 924 3218 locutus
952 3181 1087 3219 sum.
1115 3194 1185 3204 —-
1208 3163 1377 3218 Vsus.
1411 3162 1466 3229 6,
1500 3164 1549 3215 7.
1581 3162 1949 3233 Recogitabam
1969 3162 2075 3216 dies

2180 3156 2362 3221 λησα.
2385 3182 2456 3192 —
2486 3149 2924 3221 Ἄνελογιζόμην
2966 3151 3070 3214 τὰς
3096 3145 3323 3216 ἡμέρας
3358 3144 3462 3210 τὰς
3490 3144 3672 3210 πρώτας,

518 3257 788 3326 pristinos,
825 3273 990 3309 annos
1027 3256 1116 3326 qui
1147 3273 1179 3308 a
1213 3258 1405 3309 swculo
1430 3262 1549 3308 sunt
1579 3254 1635 3307 in
1666 3255 1969 3310 memoriam
1999 3271 2081 3309 re-

519 3348 790 3403 oocabam.
826 3347 928 3403 Sed
976 3348 1208 3416 psalmos
1250 3364 1390 3401 meos
1424 3356 1580 3401 noctu
1627 3363 1746 3400 cum
1774 3346 1928 3402 corde
1970 3363 2081 3401 meo

520 3438 843 3494 recitabam:
872 3448 922 3493 et
947 3440 1022 3494 vir
1056 3455 1284 3506 pra’sens
1317 3447 1429 3492 erat
1472 3439 1689 3508 spiritus
1740 3454 1904 3494 meus.
1941 3438 2079 3492 Cum

520 3532 596 3586 ita
636 3532 862 3602 pervigil
890 3532 1159 3601 degerem,
1191 3538 1244 3585 ct
1281 3538 1464 3586 noctes
1499 3532 1774 3587 insomnes
1804 3531 2078 3597 ducerem,

519 3637 584 3677 ea
629 3621 862 3676 sollicite
908 3621 1189 3675 volvebam
1238 3620 1441 3684 animo,
1473 3636 1592 3690 quas
1643 3622 1897 3689 superius
1940 3621 2084 3676 dicta

521 3718 650 3766 sunt
679 3730 692 3765 :
718 3710 886 3776 Quasi
923 3712 976 3763 in
1013 3710 1147 3763 silva
1178 3711 1437 3780 lignorum
1477 3709 1741 3763 securibus
1782 3709 2084 3763 exciderunt

512 3801 713 3871 januas
735 3800 848 3870 ejus
881 3800 931 3852 in
963 3799 1208 3867 idipsum,
1236 3799 1291 3851 in
1319 3799 1488 3852 securi
1526 3808 1574 3851 et
1608 3799 1753 3851 ascia
1774 3798 2084 3867 diruperunt

522 3910 659 3947 eam.
680 3891 765 3945 ⁷1η
799 3902 939 3945 terra
967 3889 1266 3956 polluerunt
1303 3889 1702 3943 tabernaculum
1733 3890 1958 3944 nominis
1985 3891 2085 3944 tui.

522 3985 779 4039 Dixerunt
837 3984 890 4037 in
936 3982 1089 4036 corde
1132 3998 1226 4035 suo
1275 3982 1607 4052 cognationes
1659 3999 1839 4036 eorum
1896 3983 2088 4037 simul:

526 4077 803 4143 Quiescere
852 4076 1112 4146 faciamus
1160 4075 1270 4129 dies
1311 4074 1472 4143 festos
1523 4075 1615 4128 Dei
1658 4092 1690 4128 a
1723 4084 1883 4129 terra.
1928 4073 2091 4145 Signa

523 4178 707 4224 nostra
733 4185 833 4221 non
867 4167 1111 4226 vidimus.
1133 4166 1250 4236 jam
1272 4184 1374 4219 non
1394 4167 1758 4235 estproplteta,
1780 4175 1829 4221 et
1861 4183 1954 4220 nos
1989 4183 2091 4219 non

523 4266 795 4328 cognoscet
831 4259 1056 4327 amplius
1090 4258 1151 4310 τ’.
1190 4257 1249 4311 1η
1278 4257 1363 4313 his
1388 4257 1549 4327 igitur
1590 4256 1926 4319 dubitabam,
1960 4271 2087 4309 num

523 4349 666 4403 mala
697 4347 1007 4418 huiusmodi
1050 4347 1326 4418 perpessis
1357 4347 1655 4402 remedium
1705 4346 1946 4401 futurum
1996 4348 2089 4403 sit.

2181 3246 2252 3299 τὰ
2270 3246 2373 3313 ἔτη
2393 3245 2465 3299 τὰ
2484 3243 2583 3299 ἀπ’
2598 3241 2810 3308 αἰῶνος
2838 3238 3390 3310 ἀνεμιμνησκόμην.
3407 3234 3563 3289 Ἀλλὰ
3578 3232 3675 3300 ιτα

2175 3338 2329 3408 μούς
2353 3355 2471 3406 μου
2506 3333 2722 3400 νυκτὸς
2758 3333 2905 3404 πρὸς
2952 3331 3064 3401 τὴν
3105 3329 3360 3399 καρδίαν
3393 3344 3506 3397 μου
3539 3320 3675 3378 δαλόν

2182 3435 2335 3486 λουν
2357 3447 2371 3460 ·
2421 3427 2520 3482 καὶ
2569 3426 2720 3495 ἀνὴρ
2767 3424 2971 3481 συνὼν
3012 3423 3079 3477 τὸ
3126 3420 3367 3491 πνεῦμά
3398 3436 3522 3489 μου.
3550 3413 3677 3480 οὕτως

2184 3523 2543 3596 ὲπαγρύπνως
2577 3518 2933 3590 διακείμενος,
2975 3517 3067 3570 καὶ
3104 3513 3201 3576 τὰς
3232 3509 3679 3596 νύκταεῄδιαγρηγο-

2187 3594 2660 3687 ρῶν,γὲφρόντιζον
2694 3608 2821 3681 περὶ
2853 3606 2958 3660 τῶν
2991 3602 3297 3675 ἔμπροσθεν
3327 3601 3397 3654 δι’
3421 3594 3491 3653 ὧν
3517 3596 3675 3666 εἴρητο·

2196 3708 2289 3772 Ὠς
2326 3705 2394 3758 ἐν
2437 3700 2635 3773 δρυμῷ
2668 3700 2869 3766 ξύλων
2899 3698 3133 3762 ἀξίναις
3158 3694 3399 3762 ἔκοψαν
3432 3691 3529 3756 τὰς
3556 3688 3679 3754 θύρας

2185 3795 2374 3864 αὐτῆς
2404 3795 2500 3848 ἐπὶ
2534 3793 2600 3847 τὸ
2630 3791 2795 3856 αὐτὸ,
2829 3789 3044 3843 πέλυκι
3089 3786 3188 3840 καὶ
3236 3781 3584 3850 λαξευτηρίῳ
3614 3791 3679 3828 κα-

2186 3886 2476 3956 τέρῤαξαν
2530 3883 2741 3949 αὐτήν.
2788 3884 2890 3947 Εὶς
2932 3878 3045 3948 τὴν
3088 3877 3206 3949 γῆν
3257 3875 3611 3941 ἐϐεσήλωσαν
3640 3866 3679 3920 τὸ

2187 3978 2476 4047 σκήνωμα
2515 3975 2615 4029 τοῦ
2644 3971 2930 4043 ὀνόματός
2970 3983 3106 4024 σου.
3139 3964 3335 4022 Εἶπαν
3357 3963 3512 4032 ἐντῇ
3534 3959 3680 4030 καρδίᾳ

2187 4068 2386 4124 αὐτῶν
2415 4069 2473 4121 αἱ
2505 4064 2843 4136 συγγένειαι
2889 4058 3086 4116 αὐτῶν
3110 4058 3209 4111 ἐπὶ
3256 4055 3326 4110 τὸ
3375 4053 3682 4110 αὐτό-Κατα-

2189 4160 2512 4229 παύσωμεν
2539 4157 2642 4223 τὰς
2679 4153 2886 4225 ἑορτὰς
2917 4151 3022 4206 τοῦ
3053 4149 3198 4205 Θεοῦ
3230 4147 3351 4202 ἀπὸ
3381 4145 3489 4215 τῆς
3504 4141 3610 4212 τῆς.
3636 4136 3682 4229 ἳξά

2190 4224 2414 4320 σημεῖα
2447 4246 2615 4317 ἡμῶν
2652 4224 2761 4300 οὐκ
2787 4242 3042 4312 εἴδομεν,
3070 4242 3179 4295 οὐκ
3212 4238 3384 4292 ἐστιν
3412 4235 3496 4289 ἐτι

2193 4312 2319 4410 τηὲ,
2350 4339 2447 4393 καὶ
2476 4312 2649 4406 sua;
2685 4339 2755 4391 οὐ
2798 4333 3082 4406 γνώσεται
3123 4330 3371 4386 ἕτι.Ἐπὶ
3414 4326 3595 4383 τούτοις
3624 4312 3682 4410 οὖν

523 4407 938 4507 Verisimileque
958 4407 1327 4501 est-ldithum,
1363 4452 1485 4492 cum
1515 4436 1719 4507 Asaphi
1751 4437 2075 4508 prophetiam

2193 4407 2502 4502 διηπόρουν,
2520 4431 2567 4481 εί
2594 4425 2855 4499 θεραπεία
2879 4423 3030 4478 ἔσται
3056 4424 3167 4486 τοῖς
3191 4420 3367 4474 ταῦτα
3387 4407 3682 4508 πεπονθόσιξά

524 4529 788 4591 audisset,
818 4500 872 4583 et
891 4528 1018 4581 talia
1050 4543 1234 4583 secum
1266 4535 1562 4599 reputaret,
1587 4500 1905 4598 prophetam
1930 4544 2075 4599 quas

2194 4500 2494 4578 καπάίΚαὶ
2523 4521 2669 4583 εἰκός
2688 4536 2751 4588 γε
2780 4512 2848 4588 ἦν
2876 4516 2968 4570 τὸν
2993 4514 3227 4584 Ἰδιθοῦμ
3255 4500 3682 4599 ἐπακούσαντατῇ

523 4627 844 4695 magistrum
908 4624 1310 4694 interrogasse,
1377 4639 1440 4678 ac
1490 4623 1877 4693 interrogantis
1939 4639 2075 4679 more

2193 4617 2285 4670 τοῦ
2326 4614 2496 4682 Ἀσὰφ
2524 4609 2876 4684 προφητείας,
2903 4608 2995 4663 καὶ
3018 4605 3190 4661 ταῦτα
3230 4602 3366 4675 πρὸς
3396 4598 3565 4695 ἑαυτόν

523 4716 666 4770 hanc
716 4717 951 4772 movisse
1006 4716 1358 4786 quaestionem
1401 4715 1581 4781 :Quid
1623 4715 1827 4786 igitur,
1884 4732 1917 4771 ο
1967 4731 2075 4788 ριὈ⁴

2196 4708 2446 4778 σάμενον,
2474 4680 2828 4774 -ὲπαποριῆσαι
2866 4699 3002 4771 πρὸς
3052 4696 3142 4751 τὸν
3195 4693 3472 4767 προφήτην
3499 4688 3563 4788 tit-tt
3593 4680 3681 4788 πρὸξ

526 4807 727 4880 pheta?
763 4823 886 4861 cum
926 4806 1037 4860 haec
1073 4806 1386 4876 praphetice
1419 4805 1646 4870 dixeris,
1690 4806 1934 4863 ediscere
1963 4823 2075 4861 nos-

2192 4770 2524 4860 διδόσκαλον,
2575 4770 2838 4866 ὲρῶτησίν
2898 4808 2959 4844 τε
3014 4786 3161 4858 αὐτῷ
3228 4780 3600 4880 ’προσαγαγεῖνζ

525 4870 691 4969 seque
720 4901 878 4954 velim
908 4917 920 4953 ε
955 4929 1027 4940 -
1059 4870 1225 4953 θῆκε.
1260 4898 1410 4953 8-H).
1446 4896 1698 4969 Nunquid
1734 4900 1789 4953 in
1836 4909 2075 4953 aeternum

2193 4890 2381 4960 ὥσπερ
2422 4888 2543 4941 τινὰ
2578 4885 2922 4957 προτείνοντα
2955 4879 3214 4950 πρότασιν
3256 4876 3440 4947 φάναι’
3471 4870 3530 4922 Τί
3553 4870 3679 4966 οὖνοξέ

522 4992 763 5061 projiciet
809 4991 1085 5050 Dominus.
1105 5001 1153 5045 et
1184 5008 1287 5045 non
1319 4999 1539 5059 apponet
1568 5000 1623 5044 ut
1644 4989 1967 5060 complaceat
1989 4989 2087 5043 ad-

526 5086 663 5141 huc?
691 5094 783 5137 aut
812 5084 867 5137 in
897 5085 1053 5152 ﬁnem
1097 5082 1514 5137 misericordiam
1560 5098 1713 5135 suam
1752 5081 2024 5135 abscindet
2055 5097 2088 5134 a

526 5175 858 5246 generatione
900 5176 956 5227 in
984 5173 1409 5243 generationem?
1448 5181 1539 5225 aut
1570 5170 1901 5225 obliviscetur
1934 5170 2091 5223 mise-

528 5266 633 5319 reri
664 5265 820 5330 Deus,
870 5272 961 5318 aut
991 5263 1269 5317 continebit
1296 5264 1351 5317 in
1380 5265 1464 5317 ira
1498 5259 1887 5316 misericOrdias
1921 5262 2090 5316 suas?

529 5356 608 5411 Ad
640 5356 775 5412 tales
806 5356 1205 5426 propositiones
1242 5355 1424 5427 Asaph
1453 5354 1755 5409 doctrinam
1811 5368 1963 5407 suam
2001 5368 2096 5422 pa-

532 5452 689 5511 ravit,
721 5454 988 5516 psalmum
1014 5462 1110 5516 pro
1132 5446 1250 5516 ipso
1273 5446 1507 5500 ldithum
1537 5443 1910 5507 conscribens,
1939 5460 2094 5498 eum-

534 5550 639 5604 que
671 5536 738 5590 ad
784 5536 913 5591 talia
941 5536 1168 5593 dicenda
1202 5535 1532 5592 instituens:
1570 5535 1700 5593 Voce
1740 5553 1851 5590 mea
1884 5534 1952 5590 ad
1988 5534 2093 5590 Do-

610 5686 632 5706 "
693 5688 836 5746 Psal.
873 5707 1078 5757 Lxxtn,
1115 5693 1163 5746 l.
1239 5691 1282 5724 "’
1321 5692 1481 5758 ibid.,
1513 5689 1630 5745 5-9.

2196 4954 2477 5055 προφῆτω
2501 4954 2683 5051 ἐπειδὴ
2700 4976 2872 5032 ταῦτα
2896 4973 3323 5047 προεφήτευσας,
3347 4954 3682 5055 βούλομαι

2196 5046 2282 5130 ναι
2312 5046 2404 5128 irai.
2435 5071 2645 5144 μαθεῖν,
2673 5046 2772 5138 Μὴ
2801 5071 2888 5134 είς
2911 5046 3052 5131 τοὺς
3077 5062 3295 5128 αἰῶνας
3329 5056 3594 5144 adt“?
3607 5046 3681 5144 Kl}

2187 5185 2341 5236 ριος,
2370 5138 2469 5219 καὶ
2500 5165 2575 5218 οὺ
2592 5159 2923 5231 προσθήσει
2952 5156 3058 5210 τοῦ
3090 5151 3409 5220 εὐδοκῆσαι
3439 5149 3547 5207 En;
3573 5140 3601 5207 ἣ
3625 5138 3682 5197 εἰς

2195 5257 2369 5322 τέλος
2391 5256 2453 5310 τὸ
2480 5254 2650 5320 ἕλεος
2668 5251 2852 5307 αὐτοῦ
2873 5248 3163 5314 ἀποκόψει
3186 5245 3303 5299 ἀπὸ
3324 5238 3514 5314 γενεᾶς
3532 5238 3602 5295 εὶς
3619 5242 3675 5322 τες

2194 5314 2375 5409 rear}
2417 5347 2453 5415 ἣ
2498 5314 2849 5411 ἐπιλήσεται
2889 5340 2996 5396 τοῦ
3039 5334 3395 5405 ιἰκτειρῆσαι
3437 5332 3467 5383 ό

2195 5404 2539 5506 συνέζςείέν
2576 5404 2831 5506 nam
2869 5432 3011 5498 τοὺς
3036 5404 3369 5496 οικτιρμοὺς
3396 5404 3679 5506 mit“?

2193 5494 2258 5605 ἐὴ
2313 5494 2445 5604 ﬁgit;
2486 5494 2833 5593 ταύτας
2882 5494 3307 5596 meam?»
3355 5494 3678 5568 διδασκαλίανά
3762 5494 3763 5553 ἶ
