3798 6282
289 299 404 358 895

1417 308 1916 367 COMMENTARIA
1955 310 2028 368 ΙΝ·
2057 309 2399 368 PSALMOS.

3418 306 3521 362 894

301 417 482 491 ’Δσὰφ
532 421 783 490 ἐποιεῖτο,
829 424 968 498 ὑπὲρ
1016 425 1179 480 αὐτοῦ
1225 424 1318 480 τοῦ
1365 428 1594 500 Ἰδιθοὺμ
1638 431 1849 502 γράφωκ

1965 431 2164 484 minam
2184 431 2431 496 clamaui,
2462 445 2579 484 voce
2607 447 2721 484 mea
2741 431 2808 486 ad
2834 433 3018 498 Deum,
3046 440 3095 488 et
3122 427 3342 486 intendit
3364 427 3491 482 mihi
3501 465 3519 491 ,

287 511 386 565 τὸν
417 513 648 584 ψαλμὸν,
681 515 942 570 διδάσκων
977 535 1038 571 τε
1073 519 1231 573 αὑτὸν
1278 519 1490 589 λέγειν’
1539 522 1710 592 Φωνῇ
1741 541 1859 592 μου

286 602 448 670 πρὸς
495 603 600 656 τὸν
646 607 860 675 Κύριον
881 609 1187 678 ἐκέκραξα,
1219 611 1384 680 φωνῇ
1424 630 1543 680 μου
1583 614 1729 681 πρὸς
1759 615 1863 666 τὸν⁴

1963 532 2264 594 auctorque
2294 523 2372 576 illi
2405 531 2507 583 est,
2546 533 2602 576 ut
2637 539 2706 576 ne
2741 524 2830 579 Dei
2859 525 3087 580 consilia
3120 522 3394 578 curiosius
3425 536 3523 575 ex-

1962 616 2155 686 ploret,
2212 617 2305 671 sed
2333 614 2671 670 orationibus
2698 625 2870 677 vacet,
2912 618 3088 686 iisque
3115 616 3247 671 solis
3279 611 3526 668 intendat

287 692 476 756 Geor,
493 695 588 747 καὶ
616 698 919 766 προσέσχε
934 717 1036 768 μοι
1052 717 1072 728 ν
1097 701 1364 754 παιδεύων
1385 702 1457 773 μὴ
1479 702 1849 772 πολυπραγμο-

1963 704 2224 769 animum,
2262 703 2446 776 pietati
2489 705 2724 758 deditum
2781 713 2834 758 et
2865 705 3066 774 judicia
3108 705 3198 759 Dei
3247 704 3525 759 celebran—

284 787 404 837 νεῖν
431 785 529 847 τὰς
560 788 652 841 τοῦ
687 788 820 842 Θεοῦ
851 789 1078 860 βουλάς-τ
1127 793 1312 862 εὐχαῖς
1341 793 1396 846 δὲ
1432 793 1728 863 σχολάζειν,
1771 794 1849 847 καῖ

1964 803 2093 850 tem.
2143 794 2276 848 Nam
2321 794 2864 861 incomprehensibilia
2902 804 3023 849 sunt
3053 796 3257 864 judicia
3288 794 3432 860 ejus,
3470 799 3520 847 et

282 875 517 940 ταύταις
559 879 744 946 μόναις
791 883 1072 954 προσέχειν
1122 884 1212 937 τὸν
1261 885 1383 938 νοῦν
1411 884 1732 939 εὐσεϐοῦντα
1772 885 1849 939 xa‘

1963 887 2347 957 inuestigabiles
2376 889 2471 942 uin:
2494 889 2606 956 ejus
2627 888 2692 940 ⁸ο.

280 967 640 1038 εὐῳημοῦντα
683 970 777 1022 τοῦ
829 970 963 1024 Θεοῦ
1014 973 1114 1036 τὰς
1158 973 1385 1045 κρίσεις.
1419 974 1864 1043 Ἁνεξερεύνητα
1896 972 2000 1044 γὰρ
2028 976 2100 1029 τὰ
2123 978 2374 1044 κρίματα
2400 978 2615 1041 αὑτοῦ,
2667 977 2762 1030 καὶ
2793 976 3231 1046 ἀνεξιχνίαστοι
3281 979 3341 1030 al
3395 972 3521 1030 ὁδοὶ

275 1078 497 1117 αυτ-ου.
542 1081 544 1084 ’

358 1157 471 1210 Kal
525 1153 682 1223 εἶπα,
726 1160 853 1214 Νῦν
903 1160 1175 1231 τἰρξάμην
1197 1179 1222 1194 ν
1252 1162 1401 1230 αὕτη
1442 1164 1480 1230 ὴ
1533 1165 1854 1228 ἀλλοίωσις

284 1244 406 1314 τῆς
434 1247 632 1313 δεξιᾶς
665 1251 770 1303 τοῦ
802 1252 1102 1320 Ὑψίστου.
1121 1255 1264 1307 Ἀντὶ
1293 1255 1482 1308 τούτου
1518 1258 1546 1308 ὁ
1583 1257 1678 1326 μὲν
1709 1255 1858 1309 Ἀκύ-

281 1335 411 1401 λας,
457 1340 565 1395 Kal
614 1338 770 1404 εἶπα,
818 1346 1304 1415 φησὶν,ἀρρωστία
1349 1365 1498 1416 μουο
1546 1347 1697 1415 αὕτη
1744 1348 1854 1402 ἀλ-

279 1431 536 1496 λοίωσις
560 1431 759 1498 δεξιᾶς
800 1434 1078 1504 Ὑψίστου
1097 1454 1110 1468 ·
1141 1440 1169 1490 ὁ
1199 1438 1254 1491 δὲ
1288 1439 1597 1511 Σύμμαχος,
1639 1437 1856 1508 Τρῶσίς

275 1538 407 1589 μου
437 1523 615 1576 ἐστὶν·
636 1525 1085 1594 ἐπιδευτέρωσις
1117 1528 1316 1596 δεξιᾶς
1340 1531 1444 1584 τοῦ
1487 1532 1763 1599 Ὑψίστου
1782 1533 1848 1602 ’ἡ

281 1608 342 1663 δὲ
399 1611 620 1682 πέμπτη
670 1612 896 1678 ἕκδοσις,
938 1617 1048 1669 Καὶ
1092 1614 1248 1680 εἶπα,
1283 1620 1464 1689 φησιν,
1497 1619 1702 1684 ὼδῖνές
1735 1638 1852 1689 μου

276 1698 447 1752 εὶσὶν
501 1701 822 1767 ἀλλοίωσις
865 1703 1065 1770 δεξιᾶς
1094 1707 1201 1761 τοῦ
1235 1709 1534 1777 Ὑψίστου.
1564 1709 1706 1781 Πρὸς
1743 1714 1854 1772 τοῖς

2030 1159 2199 1214 Vens.
2234 1160 2321 1214 ll.
2369 1159 2435 1212 Et
2457 1159 2591 1223 dixi,
2629 1158 2783 1213 Nunc
2815 1159 2965 1228 ca’pi,
3001 1158 3110 1212 haec
3137 1157 3358 1211 mutatio
3393 1153 3523 1208 dea!-

1957 1261 2082 1305 tera:
2108 1251 2393 1305 Altissimi.
2426 1249 2533 1303 Pro
2563 1251 2656 1303 illo
2687 1261 2866 1305 autem
2900 1252 2980 1305 sic
3012 1250 3206 1318 Aquila
3251 1248 3403 1310 dicit,
3452 1245 3521 1299 Et

1952 1343 2088 1405 dixi,
2151 1343 2440 1411 inﬁrmitas
2490 1360 2644 1396 mea:
2675 1343 2784 1395 huic
2831 1343 3052 1396 mutatio
3088 1341 3312 1395 dexterae
3347 1338 3519 1392 Altis-

1955 1434 2114 1497 simi;
2147 1433 2505 1503 Symmachus
2550 1449 2698 1495 vero,
2737 1433 2936 1487 Vulnus
2981 1448 3150 1485 meum
3185 1441 3261 1485 est
3309 1428 3522 1484 iteratio

1955 1524 2181 1578 dextera:
2234 1525 2529 1588 Altissimi;
2571 1526 2761 1595 quinta
2799 1533 2978 1579 autem
3031 1524 3238 1578 editio:
3271 1521 3338 1575 Et
3381 1521 3518 1585 dimi,

1957 1611 2154 1680 inquit,
2187 1611 2390 1666 dolores
2435 1613 2535 1666 mei
2564 1622 2684 1666 sunt
2714 1614 2937 1666 mutatio
2971 1611 3199 1666 dextera:
3234 1611 3518 1664 Altissimi.

1956 1703 2035 1757 Ad
2068 1704 2345 1773 proposita
2377 1704 2488 1773 jam
2519 1705 2704 1768 dubia,
2737 1706 2850 1761 haec
2895 1706 3045 1768 item,
3079 1704 3276 1772 inquit,
3308 1716 3521 1757 mecum

279 1791 762 1862 προηπορημένοις
787 1795 879 1847 καὶ
909 1795 1098 1861 ταῦτα,
1133 1798 1293 1870 φησὶ,
1309 1801 1445 1871 πρὸς
1474 1801 1711 1870 ἐμαυτὸν
1771 1803 1849 1854 ἐν‹

1957 1795 2295 1865 reputabam.
2327 1797 2685 1867 cogitationes
2713 1799 2921 1852 scilicet
2948 1799 3070 1852 illas
3099 1798 3253 1867 queis
3277 1797 3389 1866 jam
3419 1796 3521 1850 du-

289 1879 506 1944 ενόουν,
540 1881 620 1934 ὅτι
660 1883 710 1935 οἱ
747 1882 976 1937 τοιοῦτοι
1014 1886 1286 1956 λογισμοὶ,
1325 1889 1393 1942 δι’
1431 1883 1506 1943 ὧν
1521 1892 1724 1962 ἀρτίως
1757 1893 1854 1944 ἐπ-

277 1971 550 2041 ηπόρουν,
581 1975 859 2045 ἀρρωστία
902 1995 1001 2046 μου
1027 1980 1184 2043 εἰσὶν,
1215 1980 1246 2052 ἢ
1277 1981 1460 2046 ὠδῖνες
1487 1984 1639 2048 εἰσὶν,
1666 1983 1853 2055 ῆτρώ-

277 2077 402 2124 cat;
436 2063 535 2133 μού
574 2067 833 2132 εἰσιν.Ἐξ
861 2067 1277 2144 ἀσθενείαςγὰρ
1305 2073 1481 2144 ψυχῆς
1513 2076 1638 2139 τοὺς
1676 2076 1851 2138 τοιούιέ

276 2167 416 2216 τους
446 2157 761 2226 προήκαμεν
789 2157 996 2226 λόγους,
1018 2161 1112 2214 καὶ¹
1143 2163 1247 2216 ἀπὸ
1272 2164 1521 2236 τρώσεως
1542 2166 1743 2238 ψυχῆςο
1771 2186 1852 2222 τε-

270 2244 563 2314 τρωμένος
595 2247 700 2318 γὰρ
728 2251 821 2302 καὶ
848 2251 1122 2319 συναλγῶν
1150 2253 1225 2318 ὡς
1257 2257 1396 2328 ὑπὲρ
1431 2259 1623 2312 ἑαυτοῦ
1649 2261 1845 2331 μελῶν·

271 2335 419 2388 ἀλλὰ
449 2338 540 2389 καὶ
559 2337 760 2392 ὠδίνων
779 2341 853 2404 ὡς
879 2344 1016 2414 ὑπὲρ
1046 2345 1364 2417 σπλάγχνων
1388 2350 1601 2404 οἰκείων
1627 2351 1848 2406 τοιαῦτα

271 2423 646 2499 ἐφθεγξάμην.
675 2430 866 2483 Ταῦτα
893 2433 948 2485 δὲ
966 2435 1242 2501 πέπονθα,
1276 2439 1570 2512 ἐπειδήπερ
1601 2437 1738 2495 εἶδον
1756 2443 1848 2497 ἀλα

268 2515 497 2570 λοίωσιν
546 2521 838 2594 γενομένην
888 2525 987 2595 τῆς
1035 2527 1213 2593 δεξιᾶς
1241 2528 1334 2581 τοῦ
1376 2530 1648 2600 Ὑψίστου.
1673 2533 1846 2587 Πάλαι

276 2608 388 2678 μὲν
430 2609 536 2682 γὰρ
576 2611 712 2682 αῦτη
749 2616 1131 2686 κατειργάζετο
1165 2620 1335 2674 πολλά
1380 2639 1439 2674 τε
1473 2622 1723 2694 θαύματα
1753 2625 1845 2678 καὶ

271 2700 613 2770 παραδόξους
640 2705 964 2777 ,εὐεργεσίας
988 2709 1066 2780 τῷ
1095 2709 1207 2782 λαῷ
1235 2713 1548 2783 παρέχουσα
1567 2731 1580 2745 ’
1629 2717 1745 2769 νυνὶ
1787 2717 1844 2770 δὲ

273 2788 568 2855 ἀλλοίωσις
595 2796 879 2865 γεγένηται
902 2799 1000 2869 τῆς
1027 2799 1204 2866 δεξιᾶς
1225 2803 1316 2855 τοῦ
1345 2803 1614 2872 Ὑψίστου.
1643 2807 1732 2859 Διὸ
1752 2809 1845 2861 καὶ

273 2880 472 2946 ὠδῖνες
512 2902 579 2954 με
615 2887 873 2960 κατέσχον
894 2907 907 2919 ·
940 2891 1182 2961 ὁμολογῶ
1211 2894 1509 2963 τετρῶσθαι
1544 2897 1641 2967 τὴν
1668 2897 1843 2970 ψυχὴν

267 2972 560 3047 ἀρρωστίᾳ.
609 2980 701 3031 καὶ
750 2979 1000 3052 ἀσθενείᾳ
1030 2983 1298 3051 γνώσεως.
1333 2987 1440 3057 Τὴν
1472 2987 1528 3039 δὲ
1561 2988 1842 3043 ἀλλοίωσιν

266 3064 382 3134 τῆς
423 3065 595 3133 δεξιᾶς
643 3069 735 3122 τοῦ
774 3072 907 3123 Θεοῦ
939 3073 1144 3144 ἐώρων,
1170 3077 1711 3149 ἀναμιμνησκόμενος
1735 3081 1841 3136 τῶν

268 3157 524 3212 παλαιῶν
564 3159 740 3230 ἔργων
767 3163 963 3218 αὐτοῦ.
994 3165 1083 3218 Διό
1119 3183 1307 3238 φησιν·
1358 3169 1702 3239 Ἐμνήσθην
1730 3171 1848 3227 τῶν

262 3248 695 3319 ἐρωνΚιῬίου
718 3254 833 3307 ἀπὸ
857 3255 966 3323 τῆς
985 3257 1175 3327 ἀρχῆς
1195 3259 1312 3313 τῶν
1333 3264 1678 3330 θαυμασίων
1706 3280 1841 3321 σου.

263 3339 390 3392 Kal
436 3343 740 3409 μελετήσω
789 3347 859 3398 ἐν
897 3347 1045 3402 πᾶσι
1071 3349 1194 3416 τοῖς
1225 3351 1419 3422 ἔργοις
1445 3369 1558 3407 σου
1582 3395 1598 3419 ,
1646 3357 1742 3409 καί
1777 3359 1847 3411 ἐν

265 3429 403 3494 τοῖς
448 3433 875 3503 ἐπιτηδεύμασί
919 3451 1035 3491 σου
1081 3439 1651 3509 ἀδολεσχήσω.ᾌνθ’
1692 3439 1765 3499 ὧν
1816 3449 1846 3500 ὁ

265 3521 573 3593 Σύμμαχος
622 3525 810 3580 τοῦτον
859 3529 1169 3599 ἡρμήνευσε
1214 3531 1304 3584 τὸν
1348 3533 1578 3604 τρόπον’
1635 3537 1847 3606 Ἆνεμι-

257 3617 636 3683 μνησκόμην
677 3617 781 3681 τὰς
821 3622 1121 3687 περινοίας
1148 3625 1394 3692 Κυρίου,
1423 3625 1743 3680 ἀναπολῶν
1772 3628 1845 3682 τὰ

261 3704 492 3773 ἀρχαῖα
519 3707 799 3775 τεράστιά
841 3726 957 3764 σου
996 3712 1093 3766 καὶ
1136 3713 1487 3783 διεμελέτων
1513 3716 1714 3783 πάσας
1733 3714 1844 3786 1τὰς

263 3796 521 3865 πράξεις
545 3816 682 3864 σου,
712 3802 807 3855 καὶ
827 3804 908 3868 ζτὰ
925 3806 1321 3874 μηχανήματά
1347 3822 1464 3862 σου
1493 3809 1839 3881 διηγούμην,

261 3887 449 3941 ταῦτα
475 3891 758 3962 ἀναφέρων
799 3897 861 3963 τῇ
914 3896 1362 3967 μνήμῃ.Ἔπειτα
1389 3899 1484 3952 νῦν
1511 3900 1742 3966 ἀκούων,
1767 3903 1841 3966 ὡς

261 3979 362 4042 εἰς
394 3978 565 4044 τέλος
595 3981 834 4050 ἀπώσω,
866 3984 962 4037 καὶ
990 3983 1246 4054 ὠργίσθη
1293 3990 1327 4041 ό
1371 3989 1557 4058 θυμός
1597 4005 1713 4043 σου
1744 3991 1842 4044 ἐπὶ

263 4071 537 4139 πρόϐατα
566 4073 754 4144 νομῆς
781 4091 919 4141 σου,
955 4079 1177 4142 εἰκότως
1203 4081 1475 4153 ἐνενόησα,
1508 4083 1588 4136 ὅτι
1616 4082 1841 4137 ἀλλοίω-

262 4161 360 4224 σίς
410 4163 521 4215 ἐστι
565 4165 662 4234 τῆς
709 4166 888 4231 δεξιᾶς
936 4168 1028 4222 τοῦ
1067 4170 1338 4239 Ὑψίστου.
1379 4173 1696 4245 Μεταϐολῆς
1733 4175 1840 4247 γὰρ

1958 1885 2082 1941 bius
2121 1887 2288 1940 animi
2339 1901 2510 1951 eram,
2551 1895 2643 1940 aut
2695 1887 3084 1952 inﬁrmitatem,
3132 1893 3225 1939 aut
3277 1886 3519 1952 dolores,

1958 1987 2050 2032 aut
2088 1981 2310 2034 vulnera
2357 1995 2475 2034 mea
2516 1995 2654 2034 esse.
2689 1976 2824 2032 Nam
2872 1995 2938 2032 ex
2985 1980 3176 2032 animae
3207 1978 3519 2032 inﬁrmitate

1957 2069 2093 2124 tales
2117 2086 2397 2126 sermones
2431 2072 2651 2140 protuli,
2684 2086 2895 2125 necnon
2927 2086 2993 2124 ex
3021 2070 3240 2124 vulnere
3279 2068 3472 2123 anima:
3498 2085 3516 2122 :

1955 2163 2272 2218 vulneratus
2303 2179 2493 2232 nempe
2524 2171 2576 2217 et
2607 2163 2793 2217 dolore
2823 2161 3048 2217 allectus
3077 2177 3196 2216 sum
3229 2160 3386 2230 quasi
3413 2173 3520 2229 pro

1955 2255 2213 2309 membris
2258 2255 2423 2319 meis;
2466 2269 2654 2308 verum
2702 2255 2864 2309 etiam
2918 2253 3074 2322 quasi
3109 2251 3295 2305 dolore
3329 2259 3518 2320 partu-

1953 2346 2101 2400 riens
2143 2361 2240 2416 pro
2281 2346 2580 2401 visceribus
2633 2345 2768 2400 meis
2817 2345 2944 2398 talia
2991 2344 3184 2398 eﬂ‘atus
3216 2357 3354 2396 sum.
3388 2340 3518 2395 Haec

1954 2453 2114 2506 porro
2144 2452 2263 2492 sum
2295 2452 2606 2506 perpessus,
2638 2436 2763 2506 quia
2789 2435 2899 2491 vidi
2929 2435 3126 2489 factam
3157 2434 3390 2488 dexterae
3419 2431 3514 2484 Al-

1953 2527 2150 2582 tissimi
2180 2530 2557 2584 mutationem.
2599 2528 2738 2583 Olim
2764 2527 2963 2597 quippe
3018 2527 3236 2580 dextera
3279 2525 3369 2587 illa
3413 2523 3521 2577 mi-

1952 2618 2143 2671 rabilia
2173 2620 2342 2673 multa
2371 2619 2720 2689 Operabatur,
2759 2616 3019 2671 benelicia
3051 2614 3387 2668 incredibilia
3415 2627 3516 2683 po-

1951 2709 2077 2779 pulo
2105 2711 2426 2777 conferens;
2457 2726 2602 2764 nunc
2633 2725 2760 2764 vero
2783 2709 3018 2762 dextera:
3044 2706 3256 2760 Excelsi
3286 2704 3514 2759 mutatio

1949 2798 2091 2852 facta
2135 2807 2236 2856 est.
2286 2799 2647 2866 Quamobrem
2679 2800 2897 2853 dolores
2937 2813 3022 2851 me
3053 2796 3404 2857 detinebant,
3439 2793 3516 2848 fa-

1948 2896 2172 2959 teorque
2192 2907 2278 2946 me
2298 2892 2480 2944 animo
2509 2892 2851 2945 vulneratum
2872 2906 2938 2943 ex
2970 2888 3161 2942 morbo
3193 2895 3245 2942 et
3281 2885 3514 2941 inﬁrmi-

1949 2989 2059 3036 tate
2125 2981 2474 3052 cognitionis.
2527 2981 2882 3036 Mutationem
2940 2995 3066 3034 vero
3124 2980 3360 3034 dexterae
3415 2976 3510 3032 Dei

1947 3073 2370 3142 conspiciebam,
2421 3073 2742 3127 recordatus
2793 3072 3012 3126 illorum
3059 3071 3333 3141 quondam
3383 3085 3513 3139 ope-

1948 3179 2066 3217 rum
2097 3165 2236 3234 ejus.
2269 3164 2610 3235 Quapropter
2632 3163 2747 3218 ait:
2785 3193 2848 3202 —
2874 3161 3038 3216 Vens.
3073 3160 3160 3224 12,
3194 3162 3280 3213 15.
3309 3158 3512 3212 Memor

1946 3256 2028 3325 fui
2052 3272 2262 3325 operum
2292 3257 2526 3315 Domini,
2553 3255 2616 3309 ab
2650 3257 2799 3309 initio
2826 3255 3149 3309 mirabilium
3179 3263 3385 3306 tuorum
3415 3268 3431 3304 :
3462 3260 3509 3304 et

1946 3349 2234 3402 meditabor
2261 3349 2316 3402 in
2346 3347 2582 3402 omnibus
2604 3347 2843 3415 operibus
2878 3348 3003 3411 tuis,
3037 3357 3084 3399 et
3109 3347 3161 3398 in
3187 3345 3508 3398 adinventio-

1944 3441 2095 3496 nibus
2145 3443 2251 3495 tuis
2295 3442 2590 3496 exercebar.
2628 3440 2733 3494 Pro
2768 3441 2972 3510 quibus
3012 3438 3371 3510 Symmachus
3407 3437 3509 3492 hoc

1945 3533 2105 3587 modo
2148 3533 2539 3602 interpretatus
2586 3543 2669 3588 est
2705 3551 2719 3588 :
2751 3531 3084 3586 Recordabar
3131 3531 3508 3599 cogitationum

1943 3623 2176 3691 Domini,
2205 3626 2381 3678 animo
2413 3627 2615 3679 volvens
2640 3626 2856 3694 antiqua
2881 3622 3120 3692 prodigia
3155 3631 3266 3674 tua.
3306 3620 3369 3672 Et
3401 3637 3506 3672 ine--

1944 3715 2155 3768 ditabar
2201 3733 2376 3770 omnes
2416 3717 2644 3770 actiones
2687 3725 2828 3778 tuas,
2866 3725 2915 3767 et
2962 3713 3379 3766 machinamenta
3413 3721 3506 3764 tua

1943 3809 2250 3871 narrabam,
2279 3809 2393 3862 haec
2419 3809 2677 3862 memoria
2701 3813 2972 3875 repetens.
2996 3803 3198 3858 Deinde
3230 3819 3355 3856 vero
3378 3819 3505 3855 cum

1936 3898 2050 3967 jam
2079 3899 2318 3962 audiam,
2361 3897 2633 3968 quomodo
2678 3897 2920 3966 repulisti
2950 3897 3004 3949 in
3037 3896 3213 3964 ﬁnem,
3255 3903 3302 3947 et
3334 3894 3503 3946 iratus

1940 3999 2015 4043 est
2047 3989 2198 4058 furor
2238 4000 2359 4044 tuus
2407 4005 2561 4058 super
2606 4006 2721 4043 oves
2750 4005 2960 4058 pascua:
3011 3996 3112 4040 tua:
3133 3988 3176 4019 ⁸¹
3199 4005 3212 4052 ;
3238 3986 3360 4056 jure
3395 3985 3502 4054 Opi-

1941 4089 2102 4135 natus
2135 4097 2252 4138 sum
2278 4097 2399 4137 esse
2420 4081 2778 4135 mutationem
2803 4080 3039 4134 dextera:
3065 4078 3351 4134 Altissimi.
3381 4076 3504 4131 Haec

1939 4173 2138 4242 quippe
2191 4172 2345 4242 signa
2391 4180 2518 4226 sunt
2566 4172 2881 4225 mutationis
2935 4168 3052 4235 Dei,
3106 4185 3170 4223 ac
3213 4168 3507 4222 amotionis

259 4250 444 4304 ταῦτα
500 4257 697 4324 σημεῖα
748 4258 846 4310 καὶ
893 4256 1224 4323 ἀλλοιώσεως
1249 4261 1348 4332 τῆς
1386 4262 1549 4316 πάλαι
1578 4262 1670 4316 τοῦ
1705 4262 1838 4318 Θεοῦ

1952 4263 2060 4330 ejus
2080 4264 2148 4318 ab
2178 4263 2290 4327 illa,
2319 4277 2481 4334 quam
2521 4263 2649 4317 olim
2687 4262 2754 4318 de
2782 4262 2982 4332 pepulo
3007 4262 3254 4332 gerebat,
3301 4258 3507 4316 sollici-

260 4343 403 4414 περὶ
426 4344 515 4396 τὸν
550 4345 675 4399 λαὸν
711 4348 1052 4420 κηδεμονίας.

1952 4353 2146 4410 tudine.

353 4434 408 4486 '0
420 4437 600 4543 (Θεὸς,
733 4436 810 4504 τῷ
837 4441 983 4538 tirio)
1008 4443 1046 4510 ἡ
1073 4442 1212 4543 όςὸς
1229 4443 1416 4498 αὐτοῦ
1441 4460 1458 4479 ο
1483 4445 1574 4512 τίς
1588 4445 1722 4512 θεὸς
1741 4447 1840 4515 μέ-

2012 4447 2176 4503 Vens.
2208 4446 2294 4509 ﬂ,
2332 4446 2419 4500 15.
2461 4444 2624 4510 Deus,
2667 4445 2722 4499 in
2751 4454 2934 4500 sancto
2957 4445 3041 4500 via
3067 4446 3178 4514 ejus
3201 4445 3348 4513 :quis
3373 4443 3502 4498 deus

261 4541 382 4593 γας
402 4524 482 4592 ὡς
505 4529 538 4579 ό
570 4527 714 4593 Θεὸς
740 4527 908 4596 ἡμῶν
924 4547 943 4595 ;
968 4531 1051 4585 Σὺ
1077 4527 1133 4585 εἷ
1154 4535 1187 4586 ό
1217 4533 1358 4599 Θεὸς
1389 4536 1421 4588 ό
1467 4533 1653 4588 ποιεῖν)⁸
1700 4539 1840 4591 θαυ-

1952 4554 2167 4608 magnus
2193 4540 2332 4591 sicut
2364 4537 2504 4592 Deus
2537 4540 2747 4592 noster?
2778 4547 2831 4590 tu
2859 4554 2911 4591 es
2947 4537 3085 4591 Deus
3123 4537 3210 4606 qui
3238 4536 3371 4604 facis
3396 4536 3501 4588 mi-

258 4615 480 4685 μάσια.
506 4617 616 4688 Τὴν
646 4618 927 4673 ἀλλοίωσιν
963 4623 1062 4692 τῆς
1104 4622 1282 4688 δεξιᾶς
1306 4624 1399 4677 τοῦ
1437 4625 1687 4695 Ὑψίστου
1719 4645 1844 4682 συν-

1952 4629 2158 4684 rabilia.
2203 4629 2338 4685 Cum
2390 4630 2600 4684 videam
2653 4629 3001 4683 mutationem
3055 4628 3287 4682 dexterae
3329 4627 3498 4680 Altis-

267 4702 400 4756 ιδὼν
429 4706 586 4756 ὁποῖα
616 4705 910 4777 εἰργάσατο
930 4721 944 4733 ’
978 4709 1097 4763 ἀντὶ
1131 4711 1238 4783 γὰρ
1269 4712 1386 4775 ἐνὸς
1418 4712 1601 4778 ἔθνους
1627 4715 1843 4771 πάντων

1952 4722 2086 4788 simi,
2113 4730 2167 4777 et
2197 4723 2377 4792 qualia
2403 4733 2625 4794 operata
2657 4721 2760 4788 sit;
2800 4735 2924 4774 nam
2956 4719 3117 4774 unius
3170 4718 3344 4788 gentis
3378 4717 3500 4770 loco

265 4795 382 4850 τῶν
410 4795 574 4849 ἐθνῶν
614 4798 935 4870 εὐεργετικὴ
971 4801 1209 4872 κατέστη
1231 4821 1246 4834 ·
1281 4805 1461 4858 οὐκέτι
1488 4804 1595 4876 γὰρ
1619 4806 1698 4860 ἐνὶ
1728 4807 1841 4876 λαῷ

1952 4813 2049 4880 iam
2082 4814 2341 4870 omnibus
2371 4815 2624 4882 gentibus
2658 4811 2894 4867 beneﬁca
2927 4818 3043 4876 est;
3075 4825 3180 4863 non
3225 4808 3366 4862 enim
3403 4806 3498 4859 uni

262 4884 371 4956 τὴν
398 4884 626 4956 δύναμιν
649 4887 834 4952 αὐτοῦ,
861 4888 995 4941 ἀλλὰ
1019 4891 1112 4943 καὶ
1141 4895 1273 4946 πᾶσι
1294 4895 1405 4957 τοῖς
1424 4893 1598 4947 ἔθνεσι
1626 4895 1715 4948 καὶ
1738 4899 1842 4950 πᾶ-

1952 4906 2142 4976 populo
2175 4912 2234 4960 ut
2279 4905 2430 4967 olim,
2481 4904 2576 4959 sed
2620 4902 2876 4958 omnibus
2903 4900 3153 4970 gentibus
3187 4907 3239 4953 et
3285 4897 3503 4967 populis

267 4991 324 5028 σι
363 4978 475 5038 τοῖς
503 4976 650 5040 λαοῖς
696 4977 988 5050 ἐγνώρισε·
1039 4982 1227 5052 διόπερ
1265 4984 1696 5056 ἐκπληττόμενος
1744 4986 1838 5039 καὶ

1952 4996 2195 5049 virtutem
2224 5010 2376 5048 suam
2415 5000 2596 5047 ηςίκιιη
2632 4991 2796 5057 fecit;
2828 4990 2948 5045 ideo
2983 4998 3209 5058 stupens
3249 4996 3302 5040 et
3332 4987 3469 5040 mira

261 5065 690 5136 ἀποθαυμάζων,
713 5070 884 5141 φημί·
921 5073 955 5124 ὁ
1001 5073 1161 5138 Θεὸς,
1193 5074 1261 5127 ἐν
1306 5074 1386 5140 τῷ
1429 5076 1573 5144 ἁγίῳ
1613 5077 1652 5143 ἢ
1699 5076 1837 5143 ὁδός

1952 5085 2158 5140 bundus
2205 5085 2332 5138 aio:
2363 5083 2522 5147 Deus,
2574 5084 2627 5136 in
2670 5083 2957 5136 sanctovia
3002 5091 3122 5142 tua;
3159 5079 3356 5134 etenim
3397 5077 3502 5133 viz

263 5174 384 5212 σου
412 5175 427 5187 ·
455 5159 705 5212 ἐπέκεινα
732 5161 838 5232 γάρ
875 5164 990 5216 ἐστι
1025 5165 1123 5234 τῆς
1150 5161 1346 5236 θνητῆς
1379 5167 1640 5239 φύσεωςή
1672 5169 1836 5224 κατά-

1952 5184 2047 5230 tua:
2088 5175 2498 5246 comprehensio
2550 5175 2840 5226 humanam
2884 5180 3134 5226 naturam
3176 5178 3498 5238 exsuperat;

260 5248 429 5318 ληψις
463 5249 560 5318 τῆς
598 5252 716 5304 ὀδοῦ
761 5269 881 5306 σου·
913 5254 1040 5308 ὥστ’
1076 5258 1141 5310 ἂν
1170 5259 1403 5327 εὐλόγως
1435 5261 1600 5329 φάναι
1646 5263 1733 5315 τό·
1771 5265 1830 5318 Ὠ

1961 5279 2012 5321 ta
2042 5275 2103 5322 ut
2131 5269 2222 5322 hic
2269 5267 2512 5336 apposite
2547 5265 2760 5319 dicatur
2791 5283 2804 5317 :
2840 5263 2882 5318 0
2919 5262 3143 5316 altitudo
3167 5261 3492 5324 divitiarum,

253 5341 456 5404 ,βάοος
488 5345 750 5397 πλούτου
779 5347 875 5400 καὶ
905 5349 1123 5416 σοφίας
1145 5351 1242 5403 καί
1266 5351 1539 5420 γνώσεως
1569 5355 1735 5420 Θεοῦ,
1754 5357 1832 5423 ὼς

1952 5358 2210 5426 sapientia:
2258 5365 2306 5410 et
2351 5355 2582 5408 scientiae
2629 5353 2737 5415 Dei,
2775 5369 2930 5422 quam
2956 5349 3495 5420 inconipreltensibilia

259 5428 703 5498 ἀνι-εξερεύνητα
732 5434 802 5486 τὰ
832 5436 1083 5504 κρίματα
1122 5440 1328 5503 αὐτοῦ,
1364 5443 1459 5496 καὶ
1493 5443 1834 5514 ἀνεξιχνία-

1952 5447 2282 5517 mntjudicia
2305 5447 2439 5514 ejus,
2481 5456 2528 5500 et
2564 5444 2952 5513 inrestigabiles
2985 5443 3079 5496 via:
3123 5441 3238 5510 ejus
3263 5441 3342 5496 “1
3373 5440 3493 5495 Non

255 5529 403 5573 στοι
438 5524 497 5573 αἱ
530 5521 652 5577 ὁδοὶ
696 5525 898 5580 αὐτοῦ.
935 5529 1125 5582 Οὐκέτ⁹
1152 5525 1242 5584 οῦν
1272 5534 1536 5606 προσήκει
1560 5536 1834 5608 πολυπρα-

1952 5538 2082 5591 ultra
2111 5552 2237 5608 ergo
2265 5537 2480 5592 curiose
2522 5536 2817 5608 inquirere,
2849 5543 2940 5588 aut
2972 5543 3178 5590 secreta
3205 5533 3499 5606 explorare

361 5675 408 5706 "
453 5674 603 5732 Rom.
642 5694 726 5745 Il,
762 5682 847 5736 55.
878 5759 892 5763 ἡ
927 5683 966 5714 ⁸³
1011 5683 1154 5740 Psal.
1193 5701 1384 5752 tum,
1427 5690 1474 5744 Ι.
1551 5690 1594 5722 ⁸³
1637 5689 1791 5744 Rom.
1826 5705 1916 5751 τι,
1953 5689 2040 5743 53.
