3798 6282
411 306 518 375 898

1118 311 1381 367 EUSEBIl
1414 310 1886 367 ΟᾸΞΞΑΒΙΕΝΒΙΞ
1920 311 1951 367 C

2058 353 2071 368 .
2108 309 2286 366 PARS
2312 310 2398 368 Ill.
2441 338 2508 352 -
2534 310 2940 369 EXEGETICA.

3508 319 3593 377 896

411 433 663 492 convenit
692 448 853 489 :nam
885 434 1000 504 quis
1046 434 1186 488 novit
1214 450 1420 488 sensum
1459 435 1695 499 Domini,
1728 443 1817 488 aut
1848 435 1951 504 qui:

2068 435 2308 504 γμονεϊν,
2330 434 2451 489 οὐδὲ
2492 434 2561 488 τὰ
2601 434 2887 505 ἀπόρρητα
2934 400 3337 506 διερευνᾶσθαιο
3384 438 3469 504 τις
3506 441 3593 514 γὰρ

409 526 746 583 consiliarius
792 529 907 596 ejus
936 526 1130 596 fuit”?
1162 525 1370 582 ldcirco
1413 527 1541 583 dum
1591 528 1707 583 haec
1744 528 1967 598 cogitat,

408 618 819 691 obstupefactus
852 621 920 676 de
954 619 1333 691 ‘prol‘unditate
1381 621 1658 691 sapientia:
1708 620 1800 677 Dei
1849 623 1966 678 ait:

407 711 571 779 Deus,
595 712 651 766 in
676 704 964 767 sancto'uia
993 721 1085 765 tua
1102 713 1248 782 :quis
1275 712 1399 766 deus
1422 728 1642 782 magnus
1665 714 1801 766 sicut
1831 711 1969 767 Deus

406 806 626 860 noster?
659 813 715 858 tu
740 820 795 858 es
817 802 958 857 Deus
981 804 1069 873 qui
1092 803 1228 874 facis
1263 803 1546 857 mirabilia.
1582 803 1713 871 Quae
1742 805 1851 860 sint
1880 805 1970 859 illa

407 895 676 951 mirabilia
720 894 822 951 sub
847 894 960 949 haec
992 895 1381 964 interpretatur
1409 895 1595 951 dicens
1621 916 1633 951 :
1662 895 1858 951 Notam
1896 896 1972 967 fc-

406 988 529 1041 cisti
561 989 615 1041 in
645 987 853 1055 populis
878 988 1119 1042 virtutem
1145 997 1327 1050 tuam;
1350 1003 1446 1058 pro
1470 1003 1577 1058 quo
1608 987 1969 1060 Symmachus

403 1076 597 1142 edidit,
630 1076 827 1131 Notam
851 1079 1022 1147 fecisti
1048 1079 1103 1132 in
1139 1077 1377 1149 gentibus
1411 1079 1775 1148 fortitudinem
1799 1090 1966 1134 tuam.

403 1166 540 1222 Nam
589 1168 1046 1239 quemadmodum
1088 1170 1217 1224 olim
1251 1168 1436 1240 (Vens.
1472 1171 1558 1243 16)
1607 1171 1873 1227 redemisti
1914 1175 1969 1229 in

406 1255 620 1313 brachio
662 1268 750 1311 tuo
784 1259 1032 1327 populum
1071 1269 1239 1321 tuum,
1279 1260 1419 1329 filios
1457 1259 1623 1314 Iacob
1663 1269 1713 1315 et
1740 1261 1966 1332 Ioseph,

403 1346 623 1417 quando
664 1348 865 1404 liberos
904 1363 998 1403 eos
1043 1349 1281 1405 eduxisti
1332 1366 1398 1406 ex
1430 1358 1576 1407 terra
1617 1351 1856 1424 Egypti,
1899 1370 1968 1408 ex

403 1436 568 1493 domo
620 1438 935 1505 servitutis;
982 1440 1172 1495 eodem
1203 1456 1420 1511 quoque
1474 1443 1632 1499 modo
1658 1444 1793 1513 jam,
1842 1460 1966 1501 cum

403 1526 547 1584 facta
575 1537 659 1586 est
705 1534 934 1586 mutatio
965 1532 1201 1588 dextera:
1236 1534 1526 1602 Altissimi,
1572 1546 1754 1592 notam
1792 1539 1967 1595 fecisti

400 1620 456 1676 in
487 1622 700 1692 populis
724 1624 979 1681 virtutem
1016 1632 1186 1692 tuam,
1218 1633 1273 1683 et
1321 1628 1375 1683 in
1407 1630 1658 1699 gentibus
1687 1629 1965 1687 fortitudio

399 1727 523 1769 nem
553 1723 724 1772 tuam.
896 1726 904 1730 ’

473 1907 635 1968 Vens.
680 1912 765 1968 17,
816 1913 1067 1970 Viderunt
1121 1926 1169 1973 te
1225 1936 1396 1989 aqum,
1436 1921 1596 1987 Deus,
1632 1921 1870 1977 viderunt
1914 1931 1963 1977 te

396 2020 567 2074 «quia,
607 2013 657 2059 et
693 2005 1001 2075 timuerunt,
1027 2019 1075 2063 ct
1111 2011 1337 2067 turbata:
1357 2023 1479 2067 sunt
1522 2013 1721 2084 abyssi.
1758 2013 1961 2068 Admo-

394 2096 520 2150 dum
549 2112 945 2171 consequenter
998 2114 1282 2178 postquam
1335 2108 1567 2174 dixerat,
1629 2107 1829 2162 Notam
1882 2107 1962 2178 fe-

392 2188 508 2242 cisti
541 2191 596 2244 in
614 2194 821 2262 populis
845 2183 1290 2265 eirtutem'tuam,
1324 2203 1458 2268 sive,
1483 2203 1782 2258 secundum
1812 2200 1962 2274 Sym-

394 2281 673 2347 machum,
729 2283 932 2342 Notam
984 2290 1158 2360 fecisti
1200 2294 1255 2348 in
1304 2293 1542 2366 gentibus
1597 2294 1958 2364 fortitudinem

392 2377 560 2436 tuam,
585 2371 763 2431 futura
801 2380 1128 2451 vaticinans,
1158 2384 1414 2440 virtutem
1449 2383 1584 2440 Novi
1625 2384 1959 2442 Testamenti

392 2461 708 2547 prophetice
738 2464 996 2523 declarat.
1016 2471 1195 2538 Quare
1224 2473 1302 2527 ait
1354 2491 1369 2529 :
1414 2473 1669 2529 Viderunt
1699 2483 1747 2531 te
1779 2492 1953 2547 aquae,
1980 2510 1983 2511 ν

391 2546 556 2616 Deus,
578 2552 816 2610 viderunt
847 2566 894 2613 te
922 2577 1091 2630 aqum,
1120 2571 1170 2617 et
1212 2565 1518 2619 timuerunt.
1550 2566 1704 2621 Sicut
1729 2546 1871 2622 enim
1900 2568 1956 2623 in

390 2639 448 2695 in
476 2644 626 2698 exitu
648 2646 776 2701 olim
811 2648 1041 2705 ﬁliorum
1067 2651 1234 2709 Israel
1260 2671 1324 2711 ex
1365 2655 1620 2727 Egypto,
1651 2674 1796 2711 mare
1827 2655 1954 2710 uidit

387 2744 439 2790 et
465 2737 624 2809 fugit,
645 2737 901 2799 Iordanis
933 2761 1209 2802 conversus
1244 2759 1321 2803 est
1344 2757 1633 2803 retrorsum
1655 2748 1733 2816 l";
1763 2748 1953 2803 eodem

389 2827 550 2884 modo
586 2829 640 2885 in
671 2833 905 2890 adventu
949 2835 1337 2905 Emmanuelis,
1400 2840 1476 2911 (id
1531 2846 1636 2906 est,
1684 2841 1952 2895 nobiscum

389 2915 575 2994 Deus,)
600 2936 723 2978 eum
748 2927 981 2983 accessit
1003 2928 1070 2983 ad
1098 2926 1389 2986 Iordanem
1417 2928 1662 2997 ﬂuvium,
1696 2946 1849 3002 aqua:
1871 2934 1952 2988 vi-

385 3007 577 3066 dentes
597 3027 720 3067 eum
751 3022 975 3085 stupore
1008 3020 1273 3088 perculsae
1290 3029 1438 3077 sunt.
1464 3021 1606 3089 Quin
1630 3004 1790 3078 etiam
1808 3024 1950 3078 mul-

2067 526 2219 594 ἐτνω
2249 525 2400 579 νοῦν
2435 527 2678 594 Κυρίου,
2702 524 2741 594 ἣ
2779 525 2871 592 τίς
2914 526 3256 595 σύμϐουλος
3279 528 3458 582 αὑτοῦ
3495 531 3595 601 ἐτέ-

2066 632 2243 682 reto;
2272 617 2362 671 Διὸ
2391 617 2530 671 κατὰ
2555 617 2742 689 καιρὸν
2763 616 2930 671 ταῦτα
2950 619 3226 690 ἐννοήσας,
3256 619 3594 694 ύπερεκπλήτ-

2065 723 2216 761 τεται
2260 706 2320 760 τὸ
2352 707 2513 777 βάθος
2542 707 2642 778 τῆς
2689 708 2880 777 σοφίας
2911 707 3003 761 τοῦ
3035 708 3189 775 Θεοῦ,
3226 709 3322 763 καί
3353 728 3524 781 φησιν·
3552 714 3593 767 ’0

2068 796 2231 863 Θεὸς,
2270 796 2339 851 ἐν
2371 795 2449 862 τῷ
2475 798 2620 867 ἁγίῳ
2645 798 2683 865 ἡ
2711 797 2852 864 ὁδός
2878 813 2994 853 σου
3015 813 3030 829 ⁸
3062 799 3153 865 τίς
3195 799 3339 866 θεὸς
3350 800 3519 870 μέγας
3535 803 3596 869 ὡς

2067 894 2100 946 ό
2132 893 2274 957 Θεὸς
2310 890 2515 961 quer;
2559 891 2639 945 σὺ
2672 887 2731 945 εἷ
2762 894 2795 945 ὀ
2836 891 2981 957 Θεὸς
3020 893 3053 944 ὁ
3099 887 3290 944 ποιῶν
3314 890 3595 957 θαυμάσια.

2067 984 2202 1038 Ποῖα
2230 986 2287 1039 δὲ
2314 985 2588 1055 θαυμάσια
2612 984 2957 1056 διερμηνεύει
2983 982 3109 1053 ἑξῆς
3132 982 3336 1037 εἰπών·
3370 984 3597 1053 Ἔγνιίδοι-

2066 1088 2183 1139 σας
2228 1074 2297 1127 ἐν
2342 1074 2466 1141 τοῖς
2519 1073 2689 1141 λαοῖς
2736 1074 2851 1142 τὴν
2895 1072 3152 1143 δύναμίν
3199 1089 3353 1128 σου·
3379 1073 3486 1128 ἀνθ’
3508 1070 3599 1132 aito

2068 1165 2361 1237 Σύμμαχος
2415 1166 2676 1231 ἐξέδωκε·
2711 1165 3007 1232 Γνωστὴν
3053 1165 3352 1233 ἐποίησας
3390 1165 3456 1219 ἐν
3500 1168 3598 1235 τοῖς

2064 1257 2266 1313 ἔθνεσι
2292 1257 2405 1326 τὴν
2434 1260 2615 1328 ἰσχύν
2652 1259 3003 1329 σου.”Ωσπερ
3036 1256 3144 1328 γὰρ
3176 1256 3487 1326 ἐλυτρώσω
3516 1259 3597 1312 πά·

2065 1350 2152 1404 λαι
2185 1350 2315 1404 ποτέ
2334 1350 2404 1403 ἐν
2426 1348 2505 1415 τῷ
2532 1351 2806 1420 βραχίονι
2851 1366 2966 1405 σου
3009 1348 3114 1403 τὸν
3143 1350 3302 1404 λαόν
3342 1363 3471 1415 σου,
3490 1351 3601 1418 τοὺς

2064 1440 2233 1507 υἱοὺς
2265 1439 2463 1494 Ἰακὼϐ
2486 1440 2585 1494 καὶ
2622 1440 2853 1508 Ἰωσὴφ,
2886 1439 2964 1493 ὅτ’
2989 1439 3319 1511 ὴλευθὲρους
3355 1440 3601 1505 αὑτοὺςὲιι

2064 1532 2166 1603 γῆς
2193 1531 2490 1601 Αἰγύπτου,
2523 1532 2583 1599 ἐξ
2624 1531 2771 1586 οἴκου
2819 1532 3062 1597 δουλείας
3098 1533 3191 1586 τὸν
3233 1532 3397 1586 αὑτὸν
3438 1532 3597 1604 τρόπον

2063 1622 2159 1675 καὶ
2185 1622 2299 1687 νῦν,
2329 1623 2419 1676 ὅτε
2447 1623 2669 1693 γέγονεν
2701 1623 2984 1687 ἀλλοίωσις
3011 1624 3109 1695 τῆς
3139 1623 3328 1691 δεξιᾶς
3356 1624 3446 1678 τοῦ
3478 1624 3601 1694 Ὑψίο

2066 1729 2214 1778 στου,
2244 1713 2550 1786 ἐγνώρισας
2594 1718 2650 1769 ἐν
2691 1720 2804 1782 τοῖς
2834 1716 2980 1798 λαοῖς
3005 1715 3103 1788 τὴν
3132 1715 3369 1788 δύναμίν
3396 1732 3499 1782 σου,
3527 1717 3599 1771 καὶ

1993 1780 2036 1835 Β
2063 1807 2123 1859 ἐν
2150 1808 2263 1871 τοῖς
2286 1780 2470 1860 -ἐθνεσι
2496 1808 2594 1878 τὴν
2630 1780 2794 1877 ἰσχύν⁷
2814 1787 2930 1860 σου.

2131 1917 2399 1973 Εἶδοσάν
2421 1933 2495 1973 σε
2521 1918 2731 1984 ὕδατα,
2753 1922 2787 1974 ό
2819 1921 2961 1985 Θεὸς
2979 1961 2994 1985 ,
3025 1918 3281 1975 εἵδοσάν
3308 1935 3386 1975 σε
3414 1920 3598 1985 ὕδατα,

2058 2006 2156 2061 καί
2193 2007 2579 2078 ἐφοϐήθησαν
2598 2049 2612 2075 ,
2647 2009 2745 2063 καὶ
2792 2008 3211 2080 ἐταράχθησαν
3253 2014 3316 2064 αι
3358 2010 3597 2065 ἄϐυσσοι.

2058 2099 2269 2172 Σφόδρα
2299 2099 2604 2166 ἀκολούθως
2630 2101 2925 2175 προειπὼν,
2994 2101 3359 2172 Ἐγιοώρισας
3399 2102 3465 2156 ἐν
3501 2103 3599 2170 τοῖς

2057 2190 2227 2257 λαοῖς
2272 2191 2386 2261 τὴν
2432 2191 2688 2262 δύναμιν
2719 2208 2862 2248 σου’
2923 2196 2955 2267 ἢ
2991 2195 3134 2249 κατὰ
3162 2197 3262 2250 τὸν
3312 2196 3595 2268 Σύμμαχον,

2056 2282 2351 2352 Γνωστὴν
2369 2284 2661 2353 ἐποίησας
2680 2285 2751 2339 ὲν
2767 2283 2891 2351 τοῖς
2911 2285 3112 2342 ἔθνεσι
3136 2286 3258 2356 τὴν
3283 2290 3467 2359 ἰσχύν
3486 2280 3612 2355 σου,⁴

2057 2374 2349 2446 παρίστησι
2378 2376 2474 2447 τὴν
2505 2375 2729 2448 δύναμιν
2753 2378 2852 2449 τῆς
2879 2378 3086 2448 Καινῆς
3104 2378 3393 2451 Διαθήκης
3423 2396 3600 2450 προφη-

2055 2466 2220 2530 τικῶς
2238 2467 2304 2520 τά
2328 2468 2583 2537 μέλλοντα
2606 2469 2896 2534 θεσπίζων.
2927 2471 3018 2524 Διό
3045 2488 3208 2543 φησιν
3224 2489 3241 2502 ⁸
3274 2470 3527 2526 Εἶδοσάν
3541 2487 3597 2525 σε

2054 2557 2263 2625 ὕδατα,
2280 2561 2313 2613 ὁ
2331 2560 2492 2627 Θεὸς,
2513 2560 2761 2615 εἵδοσάν
2777 2577 2851 2615 σε
2871 2561 3076 2627 ὕδατα,
3100 2563 3195 2616 καὶ
3215 2561 3594 2633 ἐφοϐήθησαν.

2056 2649 2265 2723 Ὠσπερ
2295 2650 2401 2724 γὰρ
2436 2653 2599 2707 πάλαι
2623 2654 2751 2707 ποτὲ
2774 2654 2865 2707 ἐπὶ
2893 2654 2990 2725 τῆς
3016 2654 3075 2719 ἐξ
3091 2655 3375 2725 Αἰγύπτου
3406 2654 3595 2727 πορείας

2052 2741 2161 2795 τῶν
2190 2742 2321 2795 υἱῶν
2363 2743 2575 2816 Ἰσραὴλ
2600 2784 2614 2808 ,
2663 2744 2702 2811 ἡ
2737 2744 3019 2799 θάλασσα
3046 2741 3200 2810 εἶδε,
3254 2746 3357 2799 καί
3386 2744 3594 2815 ἔφυγεν.

2053 2836 2087 2887 ό
2123 2832 2419 2903 Ἰορδάνης
2439 2834 2705 2904 ἐστράφη
2727 2838 2814 2902 είς
2841 2836 2914 2890 τὰ
2933 2837 3125 2890 ὀπίσω
3141 2854 3154 2866 ·
3188 2837 3290 2891 τὸν
3317 2836 3476 2890 αὑτὸν
3495 2835 3592 2906 296-

2052 2941 2151 2978 πον
2193 2924 2285 2978 καὶ
2330 2924 2471 2979 κατά
2509 2925 2607 2997 τὴν
2653 2926 2953 2999 παρουσίαν
2995 2927 3088 2980 τοῦ
3135 2927 3500 2999 Ἐμμανουήλ,
3520 2927 3593 2997 δηο

2051 3015 2182 3088 λαδὴ
2219 3015 2312 3070 τοῦ
2349 3017 2467 3088 μεθ’
2497 3017 2652 3090 ἡμῶν
2694 3016 2827 3072 Θεοῦ
2848 3058 2863 3084 ,
2905 3019 3139 3091 ὁπηνίκα
3170 3021 3381 3094 παρῄει
3407 3019 3493 3073 ἐπὶ
3518 3018 3590 3071 τὸν

382 3100 560 3157 titudo
592 3106 918 3176 populorum
957 3108 1010 3163 in
1042 3109 1306 3168 Ecclesiis
1354 3112 1450 3168 Dei
1497 3115 1744 3179 collecta,
1791 3117 1947 3185 aquis

2061 3106 2327 3178 ’ῐορδάνην
2358 3109 2621 3179 ποταμὸν,
2651 3109 2826 3164 ἰδόντα
2848 3111 3011 3165 αὐτὸν
3034 3110 3101 3164 τὰ
3130 3110 3305 3165 ὕδατα
3329 3110 3587 3180 ἐξεπλάγη.

378 3191 690 3250 consimilis
721 3192 911 3265 (Vens.
950 3197 1033 3267 18)
1067 3202 1368 3257 secundum
1417 3205 1793 3275 propheticum
1835 3221 1951 3260 ser-

2052 3196 2126 3249 Οὐ
2149 3196 2253 3267 μὴν
2284 3196 2417 3252 ἀλλὰ
2448 3199 2541 3252 καὶ
2566 3198 2635 3252 τὰ
2661 3197 2839 3269 πλήθη
2871 3201 2980 3255 τῶν
3012 3202 3069 3253 ἐν
3101 3204 3220 3264 ταῖς
3273 3200 3590 3273 Ἐκκλησίαις

383 3295 622 3346 tnonem,
668 3282 781 3339 Vox
807 3290 1040 3357 gentium
1070 3291 1382 3358 multarum,
1417 3295 1609 3350 similis
1642 3298 1793 3368 aquis
1820 3297 1951 3351 mul-

2052 3286 2139 3339 τοῦ
2158 3286 2291 3341 Θεοῦ
2317 3292 2792 3363 συγκροτουμένων
2811 3292 2974 3358 λαῶν,
2999 3292 3151 3346 ὕδασι
3172 3292 3588 3365 παρωμοιωμὲνα

380 3369 451 3423 tis
474 3371 542 3436 ⁸⁸,
578 3370 747 3429 Deum
805 3377 951 3432 inter
985 3379 1234 3439 homines
1279 3385 1710 3456 peregrinantem
1750 3390 1947 3444 mentis

2052 3379 2189 3432 κατά
2211 3377 2303 3432 τὸν
2334 3381 2609 3449 φάσκοντα
2631 3384 2964 3455 προφητικὸν
2991 3384 3145 3453 λόγον
3163 3425 3179 3450 ,
3218 3384 3400 3455 Φωνὴ
3429 3383 3587 3440 ἐθνῶν

381 3461 556 3519 oculis
576 3464 792 3532 videns,
823 3470 1048 3524 salutari
1079 3472 1273 3529 timore
1309 3483 1559 3546 correpta
1592 3485 1697 3541 est,
1740 3478 1808 3533 de
1835 3494 1945 3549 quo

2052 3470 2291 3525 πολλῶν
2346 3474 2518 3542 ὁμοία
2542 3474 2775 3530 ὑδάτων
2806 3476 3052 3531 πολλῶν
3068 3495 3081 3508 ·
3113 3478 3292 3532 ἰδόντα
3316 3479 3486 3549 ψυχῆς
3508 3478 3583 3548 όφ-

379 3550 601 3622 dicitur,
647 3554 871 3613 Initium
918 3562 1192 3632 sapientia:
1246 3565 1403 3620 timor
1456 3565 1551 3621 Dei
1588 3567 1654 3625 ⁸⁸.
1690 3567 1943 3636 Quandiu

2052 3559 2265 3632 θαλμοῖς
2292 3563 2380 3617 τὸν
2412 3566 2493 3628 είς
2521 3565 2837 3638 ἀνθρώπους
2866 3568 3300 3641 ἐπιδεδημηκότα
3327 3571 3456 3624 Θεὸν
3474 3611 3486 3635 ,
3516 3568 3586 3639 φό-

377 3645 524 3700 enim
552 3662 705 3719 aquae
735 3650 838 3707 illae
890 3667 1046 3708 caeca:
1089 3663 1266 3722 erant,
1310 3656 1479 3713 Deum
1510 3674 1619 3714 non
1662 3661 1937 3727 videbant,

376 3751 481 3794 nec
504 3740 701 3798 timore
724 3742 845 3812 ejus
867 3744 1071 3801 aliectte
1097 3758 1284 3817 erant;
1309 3766 1455 3805 nunc
1480 3760 1659 3807 autem
1687 3768 1938 3823 magnam

376 3830 668 3889 utilitatem
699 3850 763 3890 ex
795 3840 1257 3910 contemplatione
1311 3851 1365 3899 et
1415 3844 1729 3914 cognitione
1774 3843 1938 3901 Verbi

377 3921 522 3990 apud
554 3938 613 3978 se
640 3927 1044 3996 peregrinantis
1075 3943 1424 4007 acceperunt.
1455 3933 1804 4009 Rursumque
1851 3952 1939 3993 sc-

375 4010 614 4066 cundum
648 4012 953 4083 historiam,
989 4035 1112 4073 cum
1154 4019 1412 4079 Servator
1443 4024 1741 4095 discipulos
1769 4026 1937 4097 jussit

376 4103 671 4161 ascendere
715 4108 769 4162 in
797 4112 1106 4168 naviculam
1138 4124 1191 4169 et
1224 4116 1610 4186 transfretare;
1656 4126 1711 4174 et
1741 4128 1935 4190 quarta

375 4194 557 4265 vigilia
589 4199 767 4254 noctis
807 4202 953 4256 venit
985 4203 1053 4257 ad
1101 4221 1196 4261 eos
1229 4208 1513 4264 ambulans
1543 4225 1709 4280 supra
1744 4225 1930 4277 mare;

371 4291 508 4341 tunc
538 4287 701 4343 etiam
732 4290 983 4346 viderunt
1017 4309 1141 4349 eum
1174 4311 1327 4368 aquae
1355 4304 1408 4353 et
1432 4300 1750 4355 timuerunt.
1799 4301 1932 4356 Item

371 4377 592 4446 quando
651 4379 952 4452 increpavit
1001 4395 1194 4443 ventos
1249 4396 1303 4443 et
1342 4405 1509 4456 mare,
1556 4400 1609 4446 et
1661 4391 1804 4447 facta
1846 4400 1931 4449 est

371 4468 742 4538 tranquillitas
765 4487 980 4542 magna,
1008 4475 1238 4531 turbata:
1262 4487 1390 4532 sunt
1418 4480 1623 4550 abyssi,
1658 4488 1712 4536 et
1745 4483 1931 4536 multi-
1962 4458 2007 4514 θ

367 4556 504 4612 tudo
541 4561 753 4618 sonitus
807 4578 1090 4635 aquarum.
1122 4565 1246 4623 Haec
1284 4585 1445 4640 porro
1477 4572 1779 4626 secundum
1812 4588 1935 4643 pro-

369 4649 610 4721 phetiam
657 4654 724 4708 ad
756 4654 992 4711 litteram
1025 4659 1420 4729 implebantur;
1469 4665 1771 4718 secundum
1800 4680 1929 4719 vero

367 4743 689 4812 penitiorem
745 4757 999 4816 mentem,
1052 4767 1248 4823 aquae,
1316 4770 1509 4825 nempe
1555 4758 1929 4813 ecclesiastica

366 4832 660 4888 multitudo
688 4838 943 4896 omnibus
987 4857 1049 4896 ex
1087 4845 1340 4913 gentibus
1397 4846 1648 4912 collecta,
1710 4848 1927 4904 initium

364 4922 644 4992 sapientiae
688 4925 890 4983 effectu:
943 4939 1091 4997 sunt,
1128 4940 1310 5003 utpote
1359 4949 1478 5004 qua:
1511 4935 1695 4990 divino
1730 4937 1927 4990 timore

2041 3652 2134 3740 6οχ
2164 3653 2421 3710 ἀνέλαϐον
2451 3658 2736 3730 σωτήριον,
2770 3660 2897 3732 περὶ
2925 3654 2985 3714 οὗ
3012 3663 3253 3733 εἴρηται·
3304 3661 3480 3733 Ἀρχὴ
3504 3679 3583 3715 σο-

2038 3745 2179 3814 φίας
2215 3748 2397 3815 φόϐος
2450 3748 2617 3803 Θεοῦ.
2677 3751 2821 3815 Ἕως
2855 3752 2952 3822 μὲν
2994 3753 3100 3824 γὰρ
3132 3753 3504 3822 τυφλώττοντα
3526 3750 3583 3826 ἦν

2036 3833 2209 3888 ταῦτα
2232 3835 2300 3889 τά
2332 3835 2517 3904 ὕδατα,
2543 3839 2641 3911 οὐχ
2666 3840 2811 3914 ἐώρα
2833 3841 2924 3895 τὸν
2949 3843 3101 3906 Θεὸν,
3119 3845 3239 3898 οὐδὲ
3275 3846 3440 3915 φόϐον
3464 3842 3580 3916 εἶχεν

2037 3924 2201 3978 αὐτοῦ
2223 3942 2237 3955 ·
2267 3927 2384 3981 νυνὶ
2402 3928 2457 3981 δὲ
2481 3930 2548 3983 τὰ
2572 3930 2781 4000 μεγάλα
2803 3932 3076 4004 ὠφέληται
3099 3934 3206 3988 ἀπὸ
3230 3936 3337 4006 τῆς
3363 3936 3483 4001 θέας
3505 3937 3579 3990 καὶ

2034 4016 2134 4084 τῆς
2164 4016 2417 4086 γνώσεως
2446 4020 2539 4074 τοῦ
2574 4023 3007 4094 ἐπιδημήσαντος
3041 4026 3222 4090 αὐτοῖς
3257 4028 3436 4097 λόγου.
3490 4028 3577 4082 Καὶ

2033 4102 2186 4172 αὖθις
2209 4108 2348 4162 κατά
2376 4110 2471 4182 τήν
2504 4112 2761 4185 ἱστορίαν,
2790 4115 3025 4186 ὁπηνίκα
3055 4118 3083 4170 ὁ
3109 4117 3301 4190 Σωτὴρ
3329 4120 3575 4189 ἠνάγκασε

2031 4198 2157 4262 τοὺς
2183 4199 2428 4272 μαθητὰς
2456 4203 2697 4259 ἀνελθεῖν
2719 4207 2798 4271 είς
2825 4208 2885 4261 τὸ
2903 4208 3087 4262 πλοῖον
3115 4211 3209 4263 καὶ
3232 4213 3488 4283 προάγειν
3512 4214 3573 4276 είς

2030 4289 2092 4343 τὸ
2131 4292 2336 4363 πέραν
2372 4289 2489 4348 εἶτα
2529 4297 2761 4370 τετάρτῃ
2805 4300 3015 4372 φυλακῇ
3051 4302 3149 4372 τῆς
3180 4306 3378 4369 νυκτὸς
3407 4306 3573 4378 ἤρχετο

2032 4382 2167 4449 πρὸς
2192 4384 2388 4450 αὐτοὺς
2416 4388 2731 4455 περιπατῶν
2760 4390 2851 4449 ἐπὶ
2878 4391 2978 4463 τῆς
3003 4392 3276 4467 θαλάσσης
3293 4413 3307 4427 ·
3355 4398 3446 4451 καὶ
3472 4397 3570 4449 τότε

2037 4468 2174 4528 εῖδον
2192 4476 2354 4529 αὐτὸν
2377 4475 2560 4543 ὕδατα,
2585 4481 2677 4535 καὶ
2696 4482 3058 4554 ἐφοϐήθησαν.
3096 4486 3257 4542 Ἀλλά
3278 4491 3374 4544 καὶ
3390 4492 3470 4544 ὅτε
3491 4491 3569 4541 ἐπ-

2038 4567 2263 4639 ετίμησε
2283 4572 2392 4633 τοίς
2422 4571 2640 4643 ἀνέμοις
2669 4575 2836 4647 καὶτῇ
2861 4576 3121 4651 θαλάσσῃ,
3141 4581 3235 4634 καὶ
3260 4583 3466 4652 ἐγένετο
3488 4597 3569 4651 γο-

2030 4656 2162 4731 λήνη
2198 4661 2404 4732 μεγάλη
2423 4703 2438 4728 ,
2469 4664 2846 4738 ἐταράχθησαν
2878 4670 2932 4723 αί
2965 4670 3206 4735 ἄϐυσσοι,
3258 4674 3352 4727 καὶ
3393 4674 3568 4746 πλῆθος

2029 4750 2192 4822 ἤχους
2222 4751 2428 4817 ὕδατος.
2462 4755 2570 4808 Καὶ
2598 4756 2769 4811 ταῦτα
2803 4759 2899 4831 μὲν
2936 4761 3167 4818 ἐτελεῖτο
3199 4766 3561 4838 συμφώνωςτῇ

2028 4843 2331 4915 προφητείᾳ
2358 4845 2493 4916 πρὸς
2518 4845 2681 4914 λέξιν,
2709 4849 2844 4922 πρὸς
2870 4850 2926 4904 δὲ
2948 4850 3202 4919 διάνοιαν,
3236 4855 3305 4910 τὰ
3337 4856 3430 4928 μέν
3455 4856 3561 4908 ὓδαη

2025 4953 2113 5001 τα,
2147 4936 2289 5006 λέγω
2311 4938 2366 4991 δὲ
2394 4938 2462 4993 τὰ
2492 4939 2668 5012 πλήθη
2700 4942 2767 4996 τά
2795 4944 3221 5016 ἐκκλησιαστικά
3252 4948 3311 5014 ἐξ
3334 4951 3558 5004 ἀπάντων

363 5010 570 5068 aﬂ'ectaa
600 5012 822 5083 fuerint,
852 5020 1150 5076 secundum
1181 5023 1335 5086 illud,
1380 5023 1601 5079 Initium
1648 5025 1922 5095 sapientiae

2052 5027 2136 5081 τῶν
2162 5028 2329 5084 ἐθνῶν
2355 5010 2688 5103 συνηγμένα,
2716 5034 2854 5106 ἀρχὴ
2881 5010 3066 5104 σοςρίας
3091 5010 3309 5108 γέγονε,
3328 5041 3416 5094 τὸν
3439 5040 3554 5093 θεῖον

360 5099 520 5155 timor
548 5101 758 5158 Domini
778 5106 844 5159 ⁸⁷.
880 5107 1077 5179 Ahyssi
1114 5126 1260 5177 vero,
1283 5129 1402 5183 quae
1427 5115 1655 5171 diversae
1673 5115 1740 5170 ab
1765 5117 1923 5186 aquis

2052 5121 2361 5176 ιναλαϐόντα
2408 5099 2568 5192 φόϐον
2613 5099 2767 5178 κατὰ·
2875 5167 2890 5191 ,
3159 5099 3374 5201 σοφίας
3398 5133 3552 5201 φόϐος

359 5203 536 5258 erant,
570 5197 801 5254 turbatae
835 5208 984 5266 sunt,
1036 5202 1109 5256 ita
1152 5211 1211 5257 ut
1263 5207 1501 5262 sonitum
1528 5222 1591 5261 ac
1626 5209 1917 5263 tumultum

2052 5214 2275 5281 '(vplov'
2305 5216 2361 5267 αἱ
2387 5216 2443 5269 δὲ
2476 5215 2718 5285 ἄϐυσσοι,
2752 5220 2931 5292 ἕτεραι
2957 5197 3111 5276 οὖσαι
3140 5197 3290 5296 παρὰ
3316 5225 3381 5278 τά
3400 5197 3550 5278 *ὕδατα

357 5278 624 5344 facerent.
649 5287 857 5346 Dixeris
885 5306 1048 5360 porro
1071 5294 1298 5367 abyssos
1329 5312 1449 5376 esse
1470 5300 1708 5368 gentium
1736 5299 1916 5353 incre-

2052 5278 2410 5376 ταράχθησαν,
2434 5306 2509 5369 ὡς
2526 5302 2657 5378 ἦχον
2685 5278 2778 5362 καὶ
2799 5278 3023 5381 θόρυϐον
3048 5278 3360 5384 παρασχεῖν.
3392 5314 3547 5373 Είποις

359 5370 612 5432 dularum
657 5378 899 5445 ordines,
955 5398 1076 5453 qua:
1119 5385 1289 5440 variis
1343 5372 1675 5458 temporibus
1728 5397 1918 5445 contra

2052 5393 2062 5417 '
2100 5370 2165 5449 ἀν
2334 5370 2600 5463 ἀϐύσσους
2627 5396 2763 5455 εῖναι
2807 5370 2876 5454 τά
2910 5370 3162 5472 τάγματα
3194 5370 3303 5458 τιξν
3334 5370 3542 5459 ἀπίστων

363 5460 662 5523 Ecclesiam
697 5470 1061 5543 insurgentes,
1098 5478 1507 5547 persecutiones
1546 5481 1915 5536 concitarunt.

2052 5483 2187 5538 θνῶν
2215 5484 2321 5539 τῶν
2347 5489 2412 5558 τῇ
2460 5460 2754 5561 Ἐκκλησία
2781 5489 2924 5545 κατά
2962 5460 3186 5564 καιροὺς
3210 5488 3538 5562 ἐπανισταμὲο

368 5552 474 5613 Sed
504 5558 680 5629 primo
704 5563 920 5633 quidem
968 5579 1123 5638 aquae
1154 5566 1325 5624 Deum
1361 5569 1680 5638 timuerunt,
1729 5580 1918 5645 postea

2052 5591 2155 5640 ων,
2202 5575 2297 5629 καὶ
2339 5552 2465 5641 τους
2503 5579 2623 5632 κατ’
2645 5552 2822 5651 ἀὐτῆς
2860 5552 3131 5652 διωγμοὺς
3165 5552 3535 5655 ἐπεγειρόντων

452 5735 497 5767 ⁸³
535 5733 639 5791 lsa.
674 5753 771 5804 ιι,
807 5740 893 5795 15.
970 5743 1012 5776 ⁸⁸
1054 5744 1197 5801 Psal.
1235 5763 1397 5816 cxm,
1431 5752 1482 5806 5.
1559 5754 1604 5786 ⁸⁸
1647 5754 1816 5810 hzc-h
1876 5769 1951 5809 xu

2058 5757 2119 5810 ‘2:
2188 5758 2233 5792 ⁸⁵
2271 5756 2413 5813 Psnl.
2450 5774 2545 5822 cx,
2586 5759 2671 5816 lO.
2747 5760 2790 5793 ⁸⁷
2830 5759 2974 5818 Psal.
3007 5777 3095 5829 cx,
3134 5762 3216 5817 10.
