  <div class='ocr_page' id='page_1' title='image "/cluster/home/n/w/nwhite01/storage/ocr_20150623/23/mdp.39015078384396/456.png"; bbox 0 0 3798 6282; ppageno 0'>
   <div class='ocr_carea' id='block_1_1' title="bbox 172 338 261 395">
    <p class='ocr_par' dir='ltr' id='par_1_1' title="bbox 172 338 261 395">
     <span class='ocr_line' id='line_1_1' title="bbox 172 338 261 395; baseline -0.067 1"><span class='ocrx_word' id='word_1_1' title='bbox 172 338 261 395; x_wconf 79' lang='lat'><strong>897</strong></span> 
     </span>
    </p>
   </div>
   <div class='ocr_carea' id='block_1_2' title="bbox 1241 328 2223 391">
    <p class='ocr_par' dir='ltr' id='par_1_2' title="bbox 1241 328 2223 391">
     <span class='ocr_line' id='line_1_2' title="bbox 1241 328 2223 391; baseline 0.004 -6"><span class='ocrx_word' id='word_1_2' title='bbox 1241 328 1743 385; x_wconf 72' lang='lat' dir='ltr'><strong>COMMENTARIA</strong></span> <span class='ocrx_word' id='word_1_3' title='bbox 1782 331 1850 388; x_wconf 85' lang='lat' dir='ltr'><strong>1N</strong></span> <span class='ocrx_word' id='word_1_4' title='bbox 1888 331 2223 391; x_wconf 74' lang='lat' dir='ltr'><strong>PSALMOS.</strong></span> 
     </span>
    </p>
   </div>
   <div class='ocr_carea' id='block_1_3' title="bbox 3253 348 3358 405">
    <p class='ocr_par' dir='ltr' id='par_1_3' title="bbox 3253 348 3358 405">
     <span class='ocr_line' id='line_1_3' title="bbox 3253 348 3358 405; baseline 0.029 -3"><span class='ocrx_word' id='word_1_5' title='bbox 3253 348 3358 405; x_wconf 86' lang='lat'><strong>898</strong></span> 
     </span>
    </p>
   </div>
   <div class='ocr_carea' id='block_1_4' title="bbox 184 447 1683 535">
    <p class='ocr_par' dir='ltr' id='par_1_4' title="bbox 184 447 1683 535">
     <span class='ocr_line' id='line_1_4' title="bbox 184 447 1683 535; baseline -0.007 -22"><span class='ocrx_word' id='word_1_6' title='bbox 184 456 317 513; x_wconf 83' lang='grc' dir='ltr'>Ἀλλά</span> <span class='ocrx_word' id='word_1_7' title='bbox 346 452 437 525; x_wconf 81' lang='grc' dir='ltr'>μὲν</span> <span class='ocrx_word' id='word_1_8' title='bbox 465 449 653 535; x_wconf 63' lang='grc' dir='ltr'>πρῶτα</span> <span class='ocrx_word' id='word_1_9' title='bbox 680 449 847 503; x_wconf 76' lang='grc' dir='ltr'>ὕδατα</span> <span class='ocrx_word' id='word_1_10' title='bbox 876 447 1119 519; x_wconf 78' lang='grc' dir='ltr'>ἐφοϐεῖτο</span> <span class='ocrx_word' id='word_1_11' title='bbox 1143 447 1232 501; x_wconf 81' lang='grc' dir='ltr'><strong>τὸν</strong></span> <span class='ocrx_word' id='word_1_12' title='bbox 1258 449 1409 515; x_wconf 80' lang='grc' dir='ltr'>Θεὸν,</span> <span class='ocrx_word' id='word_1_13' title='bbox 1438 452 1492 502; x_wconf 72' lang='lat' dir='ltr'><strong>at</strong></span> <span class='ocrx_word' id='word_1_14' title='bbox 1518 450 1573 503; x_wconf 80' lang='grc' dir='ltr'>δὲ</span> <span class='ocrx_word' id='word_1_15' title='bbox 1602 450 1683 522; x_wconf 78' lang='grc' dir='ltr'>δη·</span> 
     </span>
    </p>
   </div>
   <div class='ocr_carea' id='block_1_5' title="bbox 1785 447 3358 535">
    <p class='ocr_par' dir='ltr' id='par_1_5' title="bbox 1796 455 3358 532">
     <span class='ocr_line' id='line_1_5' title="bbox 1796 455 3358 532; baseline 0.01 -27"><span class='ocrx_word' id='word_1_16' title='bbox 1796 462 2106 509; x_wconf 77' lang='lat' dir='ltr'><strong>memoratae</strong></span> <span class='ocrx_word' id='word_1_17' title='bbox 2153 455 2334 527; x_wconf 83' lang='lat' dir='ltr'><strong>abyssi</strong></span> <span class='ocrx_word' id='word_1_18' title='bbox 2369 456 2595 513; x_wconf 75' lang='lat' dir='ltr'><strong>turbatae</strong></span> <span class='ocrx_word' id='word_1_19' title='bbox 2641 469 2770 515; x_wconf 89' lang='lat' dir='ltr'><strong>sunt</strong></span> <span class='ocrx_word' id='word_1_20' title='bbox 2827 481 2839 517; x_wconf 78' lang='grc' dir='ltr'><strong>ι</strong></span> <span class='ocrx_word' id='word_1_21' title='bbox 2883 469 3078 532; x_wconf 57' lang='lat' dir='ltr'><strong>praeter</strong></span> <span class='ocrx_word' id='word_1_22' title='bbox 3108 463 3195 518; x_wconf 89' lang='lat' dir='ltr'><strong>illa</strong></span> <span class='ocrx_word' id='word_1_23' title='bbox 3227 480 3358 521; x_wconf 88' lang='lat' dir='ltr'><strong>vero</strong></span> 
     </span>
    </p>
   </div>
   <div class='ocr_carea' id='block_1_6' title="bbox 166 539 1700 613">
    <p class='ocr_par' dir='ltr' id='par_1_6' title="bbox 166 539 1700 613">
     <span class='ocr_line' id='line_1_6' title="bbox 166 539 1700 613; baseline -0.007 -11"><span class='ocrx_word' id='word_1_24' title='bbox 166 550 390 606; x_wconf 77' lang='grc' dir='ltr'>λωθείσαι</span> <span class='ocrx_word' id='word_1_25' title='bbox 405 544 618 599; x_wconf 84' lang='grc' dir='ltr'>ἄϐυσσοι</span> <span class='ocrx_word' id='word_1_26' title='bbox 638 542 990 613; x_wconf 74' lang='grc' dir='ltr'><strong>ἐταράττοντο</strong></span> <span class='ocrx_word' id='word_1_27' title='bbox 1003 557 1015 569; x_wconf 89' lang='grc'><strong>·</strong></span> <span class='ocrx_word' id='word_1_28' title='bbox 1036 539 1214 612; x_wconf 85' lang='grc' dir='ltr'>τρίτον</span> <span class='ocrx_word' id='word_1_29' title='bbox 1234 541 1291 594; x_wconf 86' lang='grc' dir='ltr'>δὲ</span> <span class='ocrx_word' id='word_1_30' title='bbox 1307 541 1490 612; x_wconf 85' lang='grc' dir='ltr'><strong>τάγμα</strong></span> <span class='ocrx_word' id='word_1_31' title='bbox 1507 543 1700 611; x_wconf 86' lang='grc' dir='ltr'>τυγχά-</span> 
     </span>
    </p>
   </div>
   <div class='ocr_carea' id='block_1_7' title="bbox 163 633 1698 711">
    <p class='ocr_par' dir='ltr' id='par_1_7' title="bbox 163 633 1698 711">
     <span class='ocr_line' id='line_1_7' title="bbox 163 633 1698 711; baseline -0.008 -13"><span class='ocrx_word' id='word_1_32' title='bbox 163 662 231 698; x_wconf 86' lang='grc' dir='ltr'><strong>νει</strong></span> <span class='ocrx_word' id='word_1_33' title='bbox 260 640 398 711; x_wconf 84' lang='grc' dir='ltr'><strong>παρά</strong></span> <span class='ocrx_word' id='word_1_34' title='bbox 426 638 489 691; x_wconf 81' lang='grc' dir='ltr'>τὰ</span> <span class='ocrx_word' id='word_1_35' title='bbox 516 636 810 707; x_wconf 80' lang='grc' dir='ltr'><strong>λελεγμένα</strong></span> <span class='ocrx_word' id='word_1_36' title='bbox 837 635 897 687; x_wconf 83' lang='grc' dir='ltr'>τὸ</span> <span class='ocrx_word' id='word_1_37' title='bbox 919 633 1025 686; x_wconf 91' lang='grc' dir='ltr'><strong>τῶν</strong></span> <span class='ocrx_word' id='word_1_38' title='bbox 1054 633 1289 703; x_wconf 81' lang='grc' dir='ltr'>νεφελῶν</span> <span class='ocrx_word' id='word_1_39' title='bbox 1313 676 1327 700; x_wconf 91' lang='grc'><strong>,</strong></span> <span class='ocrx_word' id='word_1_40' title='bbox 1363 634 1390 687; x_wconf 85' lang='grc' dir='ltr'>ὃ</span> <span class='ocrx_word' id='word_1_41' title='bbox 1418 635 1479 706; x_wconf 80' lang='grc' dir='ltr'>δὴ</span> <span class='ocrx_word' id='word_1_42' title='bbox 1515 635 1698 706; x_wconf 82' lang='grc' dir='ltr'>φωνὴν</span> 
     </span>
    </p>
   </div>
   <div class='ocr_carea' id='block_1_8' title="bbox 160 725 1698 800">
    <p class='ocr_par' dir='ltr' id='par_1_8' title="bbox 160 725 1698 800">
     <span class='ocr_line' id='line_1_8' title="bbox 160 725 1698 800; baseline -0.008 -8"><span class='ocrx_word' id='word_1_43' title='bbox 160 739 325 792; x_wconf 75' lang='grc' dir='ltr'>ἔδωκε.</span> <span class='ocrx_word' id='word_1_44' title='bbox 354 732 500 793; x_wconf 80' lang='grc' dir='ltr'>Τίνες</span> <span class='ocrx_word' id='word_1_45' title='bbox 525 730 579 782; x_wconf 82' lang='grc' dir='ltr'>δὲ</span> <span class='ocrx_word' id='word_1_46' title='bbox 604 725 742 800; x_wconf 82' lang='grc' dir='ltr'>ἦσαν</span> <span class='ocrx_word' id='word_1_47' title='bbox 768 730 821 783; x_wconf 89' lang='grc' dir='ltr'><strong>αί</strong></span> <span class='ocrx_word' id='word_1_48' title='bbox 850 726 1098 796; x_wconf 82' lang='grc' dir='ltr'>νεφέλαι,</span> <span class='ocrx_word' id='word_1_49' title='bbox 1124 727 1236 782; x_wconf 86' lang='grc' dir='ltr'>ἀλλ’</span> <span class='ocrx_word' id='word_1_50' title='bbox 1262 726 1294 798; x_wconf 81' lang='grc' dir='ltr'>ἢ</span> <span class='ocrx_word' id='word_1_51' title='bbox 1320 730 1374 780; x_wconf 88' lang='grc' dir='ltr'><strong>αί</strong></span> <span class='ocrx_word' id='word_1_52' title='bbox 1398 727 1698 781; x_wconf 80' lang='grc' dir='ltr'>κελευσθεῖ-</span> 
     </span>
    </p>
   </div>
   <div class='ocr_carea' id='block_1_9' title="bbox 162 816 1695 894">
    <p class='ocr_par' dir='ltr' id='par_1_9' title="bbox 162 816 1695 894">
     <span class='ocr_line' id='line_1_9' title="bbox 162 816 1695 894; baseline -0.006 -17"><span class='ocrx_word' id='word_1_53' title='bbox 162 841 237 877; x_wconf 90' lang='grc' dir='ltr'><strong>σαι</strong></span> <span class='ocrx_word' id='word_1_54' title='bbox 264 821 330 894; x_wconf 85' lang='grc' dir='ltr'>μὴ</span> <span class='ocrx_word' id='word_1_55' title='bbox 359 818 563 890; x_wconf 80' lang='grc' dir='ltr'>βρέχειν</span> <span class='ocrx_word' id='word_1_56' title='bbox 593 819 685 871; x_wconf 71' lang='grc' dir='ltr'><strong>ἐπὶ</strong></span> <span class='ocrx_word' id='word_1_57' title='bbox 712 819 802 870; x_wconf 83' lang='grc' dir='ltr'><strong>τὸν</strong></span> <span class='ocrx_word' id='word_1_58' title='bbox 833 818 1093 890; x_wconf 89' lang='grc' dir='ltr'>πρότερον</span> <span class='ocrx_word' id='word_1_59' title='bbox 1116 816 1433 887; x_wconf 79' lang='grc' dir='ltr'>ἀμπελῶνα,</span> <span class='ocrx_word' id='word_1_60' title='bbox 1466 817 1607 870; x_wconf 84' lang='grc' dir='ltr'>κατὰ</span> <span class='ocrx_word' id='word_1_61' title='bbox 1637 816 1695 869; x_wconf 83' lang='grc' dir='ltr'><strong>τὸ</strong></span> 
     </span>
    </p>
   </div>
   <div class='ocr_carea' id='block_1_10' title="bbox 159 908 1694 985">
    <p class='ocr_par' dir='ltr' id='par_1_10' title="bbox 159 908 1694 985">
     <span class='ocr_line' id='line_1_10' title="bbox 159 908 1694 985; baseline -0.003 -19"><span class='ocrx_word' id='word_1_62' title='bbox 159 916 311 985; x_wconf 79' lang='grc' dir='ltr'>φῆσαν</span> <span class='ocrx_word' id='word_1_63' title='bbox 344 912 514 979; x_wconf 89' lang='grc' dir='ltr'>λόγιον</span> <span class='ocrx_word' id='word_1_64' title='bbox 538 928 551 941; x_wconf 74' lang='grc'><strong>⁸</strong></span> <span class='ocrx_word' id='word_1_65' title='bbox 583 912 691 964; x_wconf 81' lang='grc' dir='ltr'><strong>Καὶ</strong></span> <span class='ocrx_word' id='word_1_66' title='bbox 733 910 863 977; x_wconf 81' lang='grc' dir='ltr'>ταῖς</span> <span class='ocrx_word' id='word_1_67' title='bbox 888 910 1168 979; x_wconf 66' lang='grc' dir='ltr'>νεφέλαις</span> <span class='ocrx_word' id='word_1_68' title='bbox 1196 908 1545 977; x_wconf 74' lang='grc' dir='ltr'>ἐντελοῦμαι</span> <span class='ocrx_word' id='word_1_69' title='bbox 1588 909 1694 962; x_wconf 84' lang='grc' dir='ltr'>τοῦ</span> 
     </span>
    </p>
   </div>
   <div class='ocr_carea' id='block_1_11' title="bbox 150 999 1695 1077">
    <p class='ocr_par' dir='ltr' id='par_1_11' title="bbox 150 999 1695 1077">
     <span class='ocr_line' id='line_1_11' title="bbox 150 999 1695 1077; baseline -0.015 -3"><span class='ocrx_word' id='word_1_70' title='bbox 150 1007 223 1077; x_wconf 77' lang='grc' dir='ltr'>μὴ</span> <span class='ocrx_word' id='word_1_71' title='bbox 246 1003 445 1073; x_wconf 77' lang='grc' dir='ltr'>βρέξαι</span> <span class='ocrx_word' id='word_1_72' title='bbox 474 1003 567 1056; x_wconf 77' lang='grc' dir='ltr'><strong>ἐπ’</strong></span> <span class='ocrx_word' id='word_1_73' title='bbox 600 1001 787 1056; x_wconf 71' lang='grc' dir='ltr'>αὐτὸν</span> <span class='ocrx_word' id='word_1_74' title='bbox 808 1041 824 1067; x_wconf 88' lang='grc'><strong>,</strong></span> <span class='ocrx_word' id='word_1_75' title='bbox 857 1000 1014 1071; x_wconf 83' lang='grc' dir='ltr'>δῆλον</span> <span class='ocrx_word' id='word_1_76' title='bbox 1046 1000 1123 1063; x_wconf 77' lang='grc' dir='ltr'><strong>δὲ,</strong></span> <span class='ocrx_word' id='word_1_77' title='bbox 1154 1001 1233 1053; x_wconf 86' lang='grc' dir='ltr'><strong>ὅτι</strong></span> <span class='ocrx_word' id='word_1_78' title='bbox 1268 999 1357 1053; x_wconf 80' lang='grc' dir='ltr'><strong>τὸν</strong></span> <span class='ocrx_word' id='word_1_79' title='bbox 1384 1002 1448 1052; x_wconf 83' lang='grc' dir='ltr'>ὲκ</span> <span class='ocrx_word' id='word_1_80' title='bbox 1479 1018 1695 1071; x_wconf 87' lang='grc' dir='ltr'>περιτο-</span> 
     </span>
    </p>
   </div>
   <div class='ocr_carea' id='block_1_12' title="bbox 160 1087 1695 1168">
    <p class='ocr_par' dir='ltr' id='par_1_12' title="bbox 160 1087 1695 1168">
     <span class='ocr_line' id='line_1_12' title="bbox 160 1087 1695 1168; baseline -0.005 -20"><span class='ocrx_word' id='word_1_81' title='bbox 160 1098 249 1168; x_wconf 79' lang='grc' dir='ltr'>μῆς</span> <span class='ocrx_word' id='word_1_82' title='bbox 270 1094 416 1159; x_wconf 84' lang='grc' dir='ltr'>λαόν;</span> <span class='ocrx_word' id='word_1_83' title='bbox 446 1092 683 1161; x_wconf 78' lang='grc' dir='ltr'>Νεφέλαι</span> <span class='ocrx_word' id='word_1_84' title='bbox 705 1091 761 1144; x_wconf 88' lang='grc' dir='ltr'>δὲ</span> <span class='ocrx_word' id='word_1_85' title='bbox 787 1090 1205 1160; x_wconf 79' lang='grc' dir='ltr'>πεπληρωμέναι</span> <span class='ocrx_word' id='word_1_86' title='bbox 1239 1089 1445 1143; x_wconf 82' lang='grc' dir='ltr'>ὑδάτων</span> <span class='ocrx_word' id='word_1_87' title='bbox 1475 1089 1547 1160; x_wconf 83' lang='grc' dir='ltr'>μὴ</span> <span class='ocrx_word' id='word_1_88' title='bbox 1574 1087 1695 1141; x_wconf 79' lang='grc' dir='ltr'>ὕου-</span> 
     </span>
    </p>
   </div>
   <div class='ocr_carea' id='block_1_13' title="bbox 157 1178 1691 1252">
    <p class='ocr_par' dir='ltr' id='par_1_13' title="bbox 157 1178 1691 1252">
     <span class='ocr_line' id='line_1_13' title="bbox 157 1178 1691 1252; baseline -0.004 -13"><span class='ocrx_word' id='word_1_89' title='bbox 157 1204 232 1239; x_wconf 88' lang='grc' dir='ltr'><strong>σαι</strong></span> <span class='ocrx_word' id='word_1_90' title='bbox 259 1184 340 1237; x_wconf 77' lang='grc' dir='ltr'>ἐπὶ</span> <span class='ocrx_word' id='word_1_91' title='bbox 368 1184 455 1237; x_wconf 82' lang='grc' dir='ltr'><strong>τὸν</strong></span> <span class='ocrx_word' id='word_1_92' title='bbox 487 1182 709 1236; x_wconf 84' lang='grc' dir='ltr'>παλαιὸν</span> <span class='ocrx_word' id='word_1_93' title='bbox 734 1181 1031 1252; x_wconf 81' lang='grc' dir='ltr'>ἀμπελῶνα</span> <span class='ocrx_word' id='word_1_94' title='bbox 1059 1181 1202 1244; x_wconf 85' lang='grc' dir='ltr'>τίνες</span> <span class='ocrx_word' id='word_1_95' title='bbox 1226 1180 1289 1234; x_wconf 85' lang='grc' dir='ltr'><strong>ἂν</strong></span> <span class='ocrx_word' id='word_1_96' title='bbox 1317 1178 1425 1234; x_wconf 86' lang='grc' dir='ltr'>είεν</span> <span class='ocrx_word' id='word_1_97' title='bbox 1455 1180 1487 1252; x_wconf 84' lang='grc' dir='ltr'>ἢ</span> <span class='ocrx_word' id='word_1_98' title='bbox 1520 1182 1567 1233; x_wconf 77' lang='grc' dir='ltr'>οἱ</span> <span class='ocrx_word' id='word_1_99' title='bbox 1600 1179 1691 1233; x_wconf 83' lang='grc' dir='ltr'>τοῦ</span> 
     </span>
    </p>
   </div>
   <div class='ocr_carea' id='block_1_14' title="bbox 153 1271 1689 1347">
    <p class='ocr_par' dir='ltr' id='par_1_14' title="bbox 153 1271 1689 1347">
     <span class='ocr_line' id='line_1_14' title="bbox 153 1271 1689 1347; baseline -0.004 -17"><span class='ocrx_word' id='word_1_100' title='bbox 153 1277 375 1347; x_wconf 79' lang='grc' dir='ltr'><strong>Σωτῆρος</strong></span> <span class='ocrx_word' id='word_1_101' title='bbox 404 1275 639 1346; x_wconf 75' lang='grc' dir='ltr'>μαθηταὶ</span> <span class='ocrx_word' id='word_1_102' title='bbox 660 1275 751 1327; x_wconf 73' lang='grc' dir='ltr'><strong>καὶ</strong></span> <span class='ocrx_word' id='word_1_103' title='bbox 776 1272 1059 1327; x_wconf 81' lang='grc' dir='ltr'>ἀπόστολοι</span> <span class='ocrx_word' id='word_1_104' title='bbox 1088 1272 1180 1325; x_wconf 72' lang='grc' dir='ltr'>καὶ</span> <span class='ocrx_word' id='word_1_105' title='bbox 1203 1271 1579 1342; x_wconf 69' lang='grc' dir='ltr'>εὑαγγελισταὶ</span> <span class='ocrx_word' id='word_1_106' title='bbox 1596 1312 1609 1334; x_wconf 88' lang='grc'><strong>,</strong></span> <span class='ocrx_word' id='word_1_107' title='bbox 1641 1272 1689 1325; x_wconf 83' lang='grc' dir='ltr'>οἳ</span> 
     </span>
    </p>
   </div>
   <div class='ocr_carea' id='block_1_15' title="bbox 149 1363 1689 1438">
    <p class='ocr_par' dir='ltr' id='par_1_15' title="bbox 149 1363 1689 1438">
     <span class='ocr_line' id='line_1_15' title="bbox 149 1363 1689 1438; baseline -0.003 -17"><span class='ocrx_word' id='word_1_108' title='bbox 149 1368 254 1422; x_wconf 79' lang='grc' dir='ltr'>καθ’</span> <span class='ocrx_word' id='word_1_109' title='bbox 271 1367 387 1438; x_wconf 86' lang='grc' dir='ltr'>ὅλης</span> <span class='ocrx_word' id='word_1_110' title='bbox 418 1366 515 1435; x_wconf 80' lang='grc' dir='ltr'>τῆς</span> <span class='ocrx_word' id='word_1_111' title='bbox 529 1364 847 1437; x_wconf 86' lang='grc' dir='ltr'>οἰκουμένης</span> <span class='ocrx_word' id='word_1_112' title='bbox 877 1364 965 1417; x_wconf 84' lang='grc' dir='ltr'><strong>τὸν</strong></span> <span class='ocrx_word' id='word_1_113' title='bbox 999 1364 1315 1435; x_wconf 70' lang='grc' dir='ltr'>ἐπουράνιον</span> <span class='ocrx_word' id='word_1_114' title='bbox 1348 1363 1499 1418; x_wconf 80' lang='grc' dir='ltr'>ὑετὸν</span> <span class='ocrx_word' id='word_1_115' title='bbox 1519 1364 1689 1417; x_wconf 82' lang='grc' dir='ltr'>διαδε-</span> 
     </span>
    </p>
   </div>
   <div class='ocr_carea' id='block_1_16' title="bbox 146 1455 1688 1527">
    <p class='ocr_par' dir='ltr' id='par_1_16' title="bbox 146 1455 1688 1527">
     <span class='ocr_line' id='line_1_16' title="bbox 146 1455 1688 1527; baseline -0.002 -16"><span class='ocrx_word' id='word_1_116' title='bbox 146 1458 369 1520; x_wconf 81' lang='grc' dir='ltr'>δωκότες,</span> <span class='ocrx_word' id='word_1_117' title='bbox 389 1458 569 1527; x_wconf 79' lang='grc' dir='ltr'>φωνὴν</span> <span class='ocrx_word' id='word_1_118' title='bbox 596 1457 822 1521; x_wconf 78' lang='grc' dir='ltr'>ἔδωκαν,</span> <span class='ocrx_word' id='word_1_119' title='bbox 845 1456 983 1510; x_wconf 83' lang='grc' dir='ltr'>ὥστε</span> <span class='ocrx_word' id='word_1_120' title='bbox 998 1459 1079 1518; x_wconf 84' lang='grc' dir='ltr'>εἰς</span> <span class='ocrx_word' id='word_1_121' title='bbox 1109 1457 1286 1511; x_wconf 80' lang='grc' dir='ltr'>πᾶσαν</span> <span class='ocrx_word' id='word_1_122' title='bbox 1308 1456 1404 1527; x_wconf 82' lang='grc' dir='ltr'>τὴν</span> <span class='ocrx_word' id='word_1_123' title='bbox 1422 1456 1523 1527; x_wconf 84' lang='grc' dir='ltr'><strong>γῆν</strong></span> <span class='ocrx_word' id='word_1_124' title='bbox 1540 1455 1688 1522; x_wconf 82' lang='grc' dir='ltr'>ἐξελ-</span> 
     </span>
    </p>
   </div>
   <div class='ocr_carea' id='block_1_17' title="bbox 150 1547 1689 1620">
    <p class='ocr_par' dir='ltr' id='par_1_17' title="bbox 150 1547 1689 1620">
     <span class='ocr_line' id='line_1_17' title="bbox 150 1547 1689 1620; baseline -0.004 -16"><span class='ocrx_word' id='word_1_125' title='bbox 150 1551 245 1605; x_wconf 85' lang='grc' dir='ltr'>θεῖν</span> <span class='ocrx_word' id='word_1_126' title='bbox 265 1551 347 1603; x_wconf 84' lang='grc' dir='ltr'>τὸν</span> <span class='ocrx_word' id='word_1_127' title='bbox 368 1550 603 1619; x_wconf 81' lang='grc' dir='ltr'>φθόγγον</span> <span class='ocrx_word' id='word_1_128' title='bbox 623 1549 824 1615; x_wconf 83' lang='grc' dir='ltr'>αὐτῶν,</span> <span class='ocrx_word' id='word_1_129' title='bbox 855 1550 948 1603; x_wconf 76' lang='grc' dir='ltr'><strong>καὶ</strong></span> <span class='ocrx_word' id='word_1_130' title='bbox 967 1551 1046 1613; x_wconf 90' lang='grc' dir='ltr'><strong>είς</strong></span> <span class='ocrx_word' id='word_1_131' title='bbox 1067 1548 1135 1601; x_wconf 82' lang='grc' dir='ltr'>τὰ</span> <span class='ocrx_word' id='word_1_132' title='bbox 1155 1548 1366 1620; x_wconf 86' lang='grc' dir='ltr'>πέρατα</span> <span class='ocrx_word' id='word_1_133' title='bbox 1390 1547 1489 1616; x_wconf 79' lang='grc' dir='ltr'>τῆς</span> <span class='ocrx_word' id='word_1_134' title='bbox 1513 1550 1689 1600; x_wconf 84' lang='grc' dir='ltr'>οἰκου-</span> 
     </span>
    </p>
   </div>
   <div class='ocr_carea' id='block_1_18' title="bbox 151 1640 1689 1713">
    <p class='ocr_par' dir='ltr' id='par_1_18' title="bbox 151 1640 1689 1713">
     <span class='ocr_line' id='line_1_18' title="bbox 151 1640 1689 1713; baseline -0.001 -18"><span class='ocrx_word' id='word_1_135' title='bbox 151 1643 293 1712; x_wconf 84' lang='grc' dir='ltr'>μένης</span> <span class='ocrx_word' id='word_1_136' title='bbox 314 1642 376 1695; x_wconf 88' lang='grc' dir='ltr'>τὰ</span> <span class='ocrx_word' id='word_1_137' title='bbox 406 1643 626 1713; x_wconf 78' lang='grc' dir='ltr'>ῥήματα</span> <span class='ocrx_word' id='word_1_138' title='bbox 655 1642 861 1707; x_wconf 86' lang='grc' dir='ltr'>αὐτῶν;</span> <span class='ocrx_word' id='word_1_139' title='bbox 892 1642 981 1694; x_wconf 83' lang='grc' dir='ltr'>Διὸ</span> <span class='ocrx_word' id='word_1_140' title='bbox 1005 1640 1281 1695; x_wconf 82' lang='grc' dir='ltr'>λέλεκται·</span> <span class='ocrx_word' id='word_1_141' title='bbox 1312 1641 1521 1709; x_wconf 75' lang='grc' dir='ltr'><em>Φωνὴν</em></span> <span class='ocrx_word' id='word_1_142' title='bbox 1550 1641 1689 1693; x_wconf 80' lang='grc' dir='ltr'>ἐδω-</span> 
     </span>
    </p>
   </div>
   <div class='ocr_carea' id='block_1_19' title="bbox 144 1732 1687 1803">
    <p class='ocr_par' dir='ltr' id='par_1_19' title="bbox 144 1732 1687 1803">
     <span class='ocr_line' id='line_1_19' title="bbox 144 1732 1687 1803; baseline -0.002 -15"><span class='ocrx_word' id='word_1_143' title='bbox 144 1751 243 1788; x_wconf 77' lang='grc' dir='ltr'><strong>καν</strong></span> <span class='ocrx_word' id='word_1_144' title='bbox 268 1736 321 1787; x_wconf 77' lang='grc' dir='ltr'>αἱ</span> <span class='ocrx_word' id='word_1_145' title='bbox 344 1733 619 1802; x_wconf 64' lang='grc' dir='ltr'>νεφέλαι·</span> <span class='ocrx_word' id='word_1_146' title='bbox 658 1734 754 1787; x_wconf 77' lang='grc' dir='ltr'><strong>καὶ</strong></span> <span class='ocrx_word' id='word_1_147' title='bbox 789 1733 896 1803; x_wconf 73' lang='grc' dir='ltr'>γὰρ</span> <span class='ocrx_word' id='word_1_148' title='bbox 932 1733 1002 1786; x_wconf 83' lang='grc' dir='ltr'>τὰ</span> <span class='ocrx_word' id='word_1_149' title='bbox 1023 1732 1179 1800; x_wconf 78' lang='grc' dir='ltr'>βέλη</span> <span class='ocrx_word' id='word_1_150' title='bbox 1213 1749 1328 1787; x_wconf 87' lang='grc' dir='ltr'>σου</span> <span class='ocrx_word' id='word_1_151' title='bbox 1380 1733 1687 1800; x_wconf 71' lang='grc' dir='ltr'>διαπορεύο</span> 
     </span>
    </p>
   </div>
   <div class='ocr_carea' id='block_1_20' title="bbox 142 1790 1760 1897">
    <p class='ocr_par' dir='ltr' id='par_1_20' title="bbox 142 1790 1760 1897">
     <span class='ocr_line' id='line_1_20' title="bbox 142 1790 1760 1897; baseline -0.004 -16"><span class='ocrx_word' id='word_1_152' title='bbox 142 1844 303 1881; x_wconf 76' lang='lat' dir='ltr'><strong>artat.</strong></span> <span class='ocrx_word' id='word_1_153' title='bbox 332 1790 458 1881; x_wconf 65' lang='grc' dir='ltr'>Ποία</span> <span class='ocrx_word' id='word_1_154' title='bbox 488 1826 546 1879; x_wconf 85' lang='grc' dir='ltr'>δὲ</span> <span class='ocrx_word' id='word_1_155' title='bbox 573 1827 641 1879; x_wconf 81' lang='grc' dir='ltr'>τὰ</span> <span class='ocrx_word' id='word_1_156' title='bbox 666 1790 949 1897; x_wconf 40' lang='grc' dir='ltr'>βέλησῆπὰ</span> <span class='ocrx_word' id='word_1_157' title='bbox 972 1790 1210 1897; x_wconf 73' lang='grc' dir='ltr'>σωτήρια</span> <span class='ocrx_word' id='word_1_158' title='bbox 1239 1825 1333 1878; x_wconf 70' lang='grc' dir='ltr'><strong>καὶ</strong></span> <span class='ocrx_word' id='word_1_159' title='bbox 1357 1824 1426 1877; x_wconf 76' lang='grc' dir='ltr'><strong>τά</strong></span> <span class='ocrx_word' id='word_1_160' title='bbox 1455 1790 1687 1877; x_wconf 71' lang='grc' dir='ltr'>ἐκλεκτά</span> <span class='ocrx_word' id='word_1_161' title='bbox 1719 1790 1760 1849; x_wconf 76' lang='grc' dir='ltr'><strong>Β</strong></span> 
     </span>
    </p>
   </div>
   <div class='ocr_carea' id='block_1_21' title="bbox 142 1909 1686 1989">
    <p class='ocr_par' dir='ltr' id='par_1_21' title="bbox 142 1909 1686 1989">
     <span class='ocr_line' id='line_1_21' title="bbox 142 1909 1686 1989; baseline -0.005 -16"><span class='ocrx_word' id='word_1_162' title='bbox 142 1920 201 1973; x_wconf 84' lang='grc' dir='ltr'>τὰ</span> <span class='ocrx_word' id='word_1_163' title='bbox 227 1918 581 1989; x_wconf 84' lang='grc' dir='ltr'>τιτρώσκοντα</span> <span class='ocrx_word' id='word_1_164' title='bbox 612 1918 711 1981; x_wconf 80' lang='grc' dir='ltr'>τὰς</span> <span class='ocrx_word' id='word_1_165' title='bbox 738 1917 847 1970; x_wconf 89' lang='grc' dir='ltr'><strong>τῶν</strong></span> <span class='ocrx_word' id='word_1_166' title='bbox 884 1915 1201 1988; x_wconf 75' lang='grc' dir='ltr'>σωζομένων</span> <span class='ocrx_word' id='word_1_167' title='bbox 1256 1915 1431 1986; x_wconf 78' lang='grc' dir='ltr'>ψυχὰς</span> <span class='ocrx_word' id='word_1_168' title='bbox 1451 1956 1464 1980; x_wconf 88' lang='grc'><strong>,</strong></span> <span class='ocrx_word' id='word_1_169' title='bbox 1511 1914 1577 1966; x_wconf 88' lang='grc' dir='ltr'>δι’</span> <span class='ocrx_word' id='word_1_170' title='bbox 1611 1909 1686 1967; x_wconf 84' lang='grc' dir='ltr'>ὧν</span> 
     </span>
    </p>
   </div>
   <div class='ocr_carea' id='block_1_22' title="bbox 141 2009 1687 2085">
    <p class='ocr_par' dir='ltr' id='par_1_22' title="bbox 141 2009 1687 2085">
     <span class='ocr_line' id='line_1_22' title="bbox 141 2009 1687 2085; baseline -0.002 -20"><span class='ocrx_word' id='word_1_171' title='bbox 141 2017 170 2085; x_wconf 80' lang='grc' dir='ltr'><strong>ἡ</strong></span> <span class='ocrx_word' id='word_1_172' title='bbox 207 2017 376 2083; x_wconf 79' lang='grc' dir='ltr'>νύμφη</span> <span class='ocrx_word' id='word_1_173' title='bbox 421 2009 660 2080; x_wconf 80' lang='grc' dir='ltr'>Χριστοῦ</span> <span class='ocrx_word' id='word_1_174' title='bbox 703 2012 736 2081; x_wconf 82' lang='grc' dir='ltr'><strong>ἡ</strong></span> <span class='ocrx_word' id='word_1_175' title='bbox 782 2010 1075 2079; x_wconf 77' lang='grc' dir='ltr'>Ἐκκλησία</span> <span class='ocrx_word' id='word_1_176' title='bbox 1104 2009 1405 2081; x_wconf 84' lang='grc' dir='ltr'>τετρῶσθαι</span> <span class='ocrx_word' id='word_1_177' title='bbox 1437 2010 1687 2079; x_wconf 80' lang='grc' dir='ltr'>ὁμολογεῖ</span> 
     </span>
    </p>
   </div>
   <div class='ocr_carea' id='block_1_23' title="bbox 140 2098 1686 2174">
    <p class='ocr_par' dir='ltr' id='par_1_23' title="bbox 140 2098 1686 2174">
     <span class='ocr_line' id='line_1_23' title="bbox 140 2098 1686 2174; baseline -0.003 -17"><span class='ocrx_word' id='word_1_178' title='bbox 140 2105 395 2174; x_wconf 77' lang='grc' dir='ltr'>φάσκουσα</span> <span class='ocrx_word' id='word_1_179' title='bbox 414 2119 426 2132; x_wconf 74' lang='grc' dir='ltr'><strong>ο</strong></span> <span class='ocrx_word' id='word_1_180' title='bbox 458 2102 581 2155; x_wconf 87' lang='grc' dir='ltr'>’Ότι</span> <span class='ocrx_word' id='word_1_181' title='bbox 606 2100 932 2170; x_wconf 80' lang='grc' dir='ltr'>τετρωμένη</span> <span class='ocrx_word' id='word_1_182' title='bbox 960 2098 1192 2169; x_wconf 77' lang='grc' dir='ltr'>ἀγάπης</span> <span class='ocrx_word' id='word_1_183' title='bbox 1214 2101 1360 2168; x_wconf 55' lang='lat' dir='ltr'><strong>ard);</strong></span> <span class='ocrx_word' id='word_1_184' title='bbox 1384 2100 1493 2153; x_wconf 73' lang='grc' dir='ltr'>Καὶ</span> <span class='ocrx_word' id='word_1_185' title='bbox 1526 2101 1686 2163; x_wconf 83' lang='grc' dir='ltr'>αὐτὸς</span> 
     </span>
    </p>
   </div>
   <div class='ocr_carea' id='block_1_24' title="bbox 137 2191 1687 2265">
    <p class='ocr_par' dir='ltr' id='par_1_24' title="bbox 137 2191 1687 2265">
     <span class='ocr_line' id='line_1_24' title="bbox 137 2191 1687 2265; baseline -0.005 -15"><span class='ocrx_word' id='word_1_186' title='bbox 137 2196 184 2250; x_wconf 75' lang='grc' dir='ltr'>δὲ</span> <span class='ocrx_word' id='word_1_187' title='bbox 210 2198 233 2249; x_wconf 88' lang='lat'><strong>6</strong></span> <span class='ocrx_word' id='word_1_188' title='bbox 259 2195 440 2265; x_wconf 81' lang='grc' dir='ltr'>Σωτὴρ</span> <span class='ocrx_word' id='word_1_189' title='bbox 473 2193 625 2263; x_wconf 82' lang='grc' dir='ltr'>βέλος</span> <span class='ocrx_word' id='word_1_190' title='bbox 654 2192 935 2262; x_wconf 83' lang='grc' dir='ltr'>ὠνόμαστο</span> <span class='ocrx_word' id='word_1_191' title='bbox 968 2192 1109 2245; x_wconf 80' lang='grc' dir='ltr'>κατὰ</span> <span class='ocrx_word' id='word_1_192' title='bbox 1139 2191 1231 2244; x_wconf 87' lang='grc' dir='ltr'><strong>τὸν</strong></span> <span class='ocrx_word' id='word_1_193' title='bbox 1281 2192 1504 2245; x_wconf 76' lang='grc' dir='ltr'>εἰπόντα</span> <span class='ocrx_word' id='word_1_194' title='bbox 1551 2207 1687 2263; x_wconf 82' lang='grc' dir='ltr'>προ-</span> 
     </span>
    </p>
   </div>
   <div class='ocr_carea' id='block_1_25' title="bbox 136 2282 1687 2358">
    <p class='ocr_par' dir='ltr' id='par_1_25' title="bbox 136 2282 1687 2358">
     <span class='ocr_line' id='line_1_25' title="bbox 136 2282 1687 2358; baseline -0.016 -3"><span class='ocrx_word' id='word_1_195' title='bbox 136 2288 317 2358; x_wconf 56' lang='grc' dir='ltr'>(βήτην</span> <span class='ocrx_word' id='word_1_196' title='bbox 367 2284 590 2352; x_wconf 81' lang='grc' dir='ltr'>Ἐθηκέ</span> <span class='ocrx_word' id='word_1_197' title='bbox 611 2300 686 2353; x_wconf 82' lang='grc' dir='ltr'><strong>με</strong></span> <span class='ocrx_word' id='word_1_198' title='bbox 712 2284 791 2349; x_wconf 86' lang='grc' dir='ltr'>ὡς</span> <span class='ocrx_word' id='word_1_199' title='bbox 813 2283 1000 2348; x_wconf 78' lang='grc' dir='ltr'>βέλος</span> <span class='ocrx_word' id='word_1_200' title='bbox 1031 2282 1316 2336; x_wconf 77' lang='grc' dir='ltr'><strong>ἐκλεκτὸν</strong></span> <span class='ocrx_word' id='word_1_201' title='bbox 1334 2323 1347 2343; x_wconf 90' lang='grc'><strong>,</strong></span> <span class='ocrx_word' id='word_1_202' title='bbox 1393 2282 1491 2336; x_wconf 73' lang='grc' dir='ltr'>καί</span> <span class='ocrx_word' id='word_1_203' title='bbox 1517 2282 1587 2336; x_wconf 78' lang='grc' dir='ltr'><strong>ἐν</strong></span> <span class='ocrx_word' id='word_1_204' title='bbox 1611 2282 1687 2352; x_wconf 76' lang='grc' dir='ltr'>τῇ</span> 
     </span>
    </p>
   </div>
   <div class='ocr_carea' id='block_1_26' title="bbox 132 2374 1686 2447">
    <p class='ocr_par' dir='ltr' id='par_1_26' title="bbox 132 2374 1686 2447">
     <span class='ocr_line' id='line_1_26' title="bbox 132 2374 1686 2447; baseline -0.002 -16"><span class='ocrx_word' id='word_1_205' title='bbox 132 2378 365 2447; x_wconf 67' lang='grc' dir='ltr'>φαρέτρα</span> <span class='ocrx_word' id='word_1_206' title='bbox 392 2376 580 2431; x_wconf 86' lang='grc' dir='ltr'>αὑτοῦ</span> <span class='ocrx_word' id='word_1_207' title='bbox 605 2375 831 2444; x_wconf 69' lang='grc' dir='ltr'>ἔκρυψέ</span> <span class='ocrx_word' id='word_1_208' title='bbox 858 2392 935 2445; x_wconf 75' lang='grc' dir='ltr'><strong>με</strong></span> <span class='ocrx_word' id='word_1_209' title='bbox 960 2393 973 2406; x_wconf 76' lang='grc' dir='ltr'><strong>ο</strong></span> <span class='ocrx_word' id='word_1_210' title='bbox 1038 2374 1196 2429; x_wconf 78' lang='grc' dir='ltr'>Ἀλλὰ</span> <span class='ocrx_word' id='word_1_211' title='bbox 1221 2375 1313 2427; x_wconf 80' lang='grc' dir='ltr'><strong>τοῦ</strong></span> <span class='ocrx_word' id='word_1_212' title='bbox 1350 2375 1447 2446; x_wconf 83' lang='grc' dir='ltr'><strong>μὲν</strong></span> <span class='ocrx_word' id='word_1_213' title='bbox 1472 2374 1686 2446; x_wconf 83' lang='grc' dir='ltr'>Πατρδς</span> 
     </span>
    </p>
   </div>
   <div class='ocr_carea' id='block_1_27' title="bbox 136 2464 1683 2541">
    <p class='ocr_par' dir='ltr' id='par_1_27' title="bbox 136 2464 1683 2541">
     <span class='ocr_line' id='line_1_27' title="bbox 136 2464 1683 2541; baseline -0.004 -18"><span class='ocrx_word' id='word_1_214' title='bbox 136 2470 267 2540; x_wconf 81' lang='grc' dir='ltr'>βέλος</span> <span class='ocrx_word' id='word_1_215' title='bbox 299 2464 363 2540; x_wconf 81' lang='grc' dir='ltr'>ἦν</span> <span class='ocrx_word' id='word_1_216' title='bbox 394 2472 421 2523; x_wconf 91' lang='lat'><strong>6</strong></span> <span class='ocrx_word' id='word_1_217' title='bbox 459 2470 758 2541; x_wconf 80' lang='grc' dir='ltr'>μονογενὴς</span> <span class='ocrx_word' id='word_1_218' title='bbox 776 2467 939 2521; x_wconf 82' lang='grc' dir='ltr'>αὐτοῦ</span> <span class='ocrx_word' id='word_1_219' title='bbox 965 2467 1134 2536; x_wconf 86' lang='grc' dir='ltr'>Λόγος</span> <span class='ocrx_word' id='word_1_220' title='bbox 1154 2484 1166 2496; x_wconf 78' lang='grc'><strong><em>⁸</em></strong></span> <span class='ocrx_word' id='word_1_221' title='bbox 1190 2465 1283 2519; x_wconf 80' lang='grc' dir='ltr'>τοῦ</span> <span class='ocrx_word' id='word_1_222' title='bbox 1315 2466 1371 2519; x_wconf 85' lang='grc' dir='ltr'>δὲ</span> <span class='ocrx_word' id='word_1_223' title='bbox 1404 2464 1533 2519; x_wconf 88' lang='grc' dir='ltr'>Υἱοῦ</span> <span class='ocrx_word' id='word_1_224' title='bbox 1557 2465 1683 2536; x_wconf 84' lang='grc' dir='ltr'>βέλη</span> 
     </span>
    </p>
   </div>
   <div class='ocr_carea' id='block_1_28' title="bbox 130 2558 1683 2633">
    <p class='ocr_par' dir='ltr' id='par_1_28' title="bbox 130 2558 1683 2633">
     <span class='ocr_line' id='line_1_28' title="bbox 130 2558 1683 2633; baseline -0.002 -19"><span class='ocrx_word' id='word_1_225' title='bbox 130 2562 397 2633; x_wconf 77' lang='grc' dir='ltr'>ἐτύγχανον</span> <span class='ocrx_word' id='word_1_226' title='bbox 425 2564 472 2614; x_wconf 81' lang='grc' dir='ltr'>οἱ</span> <span class='ocrx_word' id='word_1_227' title='bbox 505 2560 810 2623; x_wconf 82' lang='grc' dir='ltr'>ἀπόστολοι,</span> <span class='ocrx_word' id='word_1_228' title='bbox 838 2560 932 2613; x_wconf 72' lang='grc' dir='ltr'>καὶ</span> <span class='ocrx_word' id='word_1_229' title='bbox 958 2560 1026 2613; x_wconf 83' lang='grc' dir='ltr'>τὰ</span> <span class='ocrx_word' id='word_1_230' title='bbox 1046 2559 1162 2611; x_wconf 87' lang='grc' dir='ltr'>θεῖα</span> <span class='ocrx_word' id='word_1_231' title='bbox 1189 2559 1284 2612; x_wconf 76' lang='grc' dir='ltr'>καὶ</span> <span class='ocrx_word' id='word_1_232' title='bbox 1312 2558 1683 2629; x_wconf 76' lang='grc' dir='ltr'>πεπυρωμένα</span> 
     </span>
    </p>
   </div>
   <div class='ocr_carea' id='block_1_29' title="bbox 131 2649 1680 2723">
    <p class='ocr_par' dir='ltr' id='par_1_29' title="bbox 131 2649 1680 2723">
     <span class='ocr_line' id='line_1_29' title="bbox 131 2649 1680 2723; baseline -0.003 -17"><span class='ocrx_word' id='word_1_233' title='bbox 131 2654 274 2707; x_wconf 74' lang='grc' dir='ltr'>αὑτοῦ</span> <span class='ocrx_word' id='word_1_234' title='bbox 300 2655 470 2723; x_wconf 84' lang='grc' dir='ltr'>λόγια.</span> <span class='ocrx_word' id='word_1_235' title='bbox 532 2654 621 2706; x_wconf 86' lang='grc' dir='ltr'>Διὸ</span> <span class='ocrx_word' id='word_1_236' title='bbox 653 2653 898 2706; x_wconf 87' lang='grc' dir='ltr'>λέλεκται</span> <span class='ocrx_word' id='word_1_237' title='bbox 926 2654 984 2704; x_wconf 82' lang='grc' dir='ltr'><strong>έν</strong></span> <span class='ocrx_word' id='word_1_238' title='bbox 1011 2651 1089 2722; x_wconf 83' lang='grc' dir='ltr'>τῷ</span> <span class='ocrx_word' id='word_1_239' title='bbox 1124 2652 1254 2723; x_wconf 51' lang='grc' dir='ltr'><strong>περί⁵</strong></span> <span class='ocrx_word' id='word_1_240' title='bbox 1279 2651 1373 2704; x_wconf 78' lang='grc' dir='ltr'>τοῦ</span> <span class='ocrx_word' id='word_1_241' title='bbox 1399 2649 1680 2720; x_wconf 86' lang='grc' dir='ltr'>ἀγαπητοῦ</span> 
     </span>
    </p>
   </div>
   <div class='ocr_carea' id='block_1_30' title="bbox 128 2739 1707 2813">
    <p class='ocr_par' dir='ltr' id='par_1_30' title="bbox 128 2739 1707 2813">
     <span class='ocr_line' id='line_1_30' title="bbox 128 2739 1707 2813; baseline -0.001 -20"><span class='ocrx_word' id='word_1_242' title='bbox 128 2741 303 2813; x_wconf 67' lang='grc' dir='ltr'>ψαλμῷ</span> <span class='ocrx_word' id='word_1_243' title='bbox 325 2760 336 2771; x_wconf 90' lang='grc'>·</span> <span class='ocrx_word' id='word_1_244' title='bbox 394 2742 477 2795; x_wconf 87' lang='grc' dir='ltr'><strong>Τὰ</strong></span> <span class='ocrx_word' id='word_1_245' title='bbox 505 2742 665 2809; x_wconf 76' lang='grc' dir='ltr'>βέλη</span> <span class='ocrx_word' id='word_1_246' title='bbox 700 2758 815 2795; x_wconf 87' lang='grc' dir='ltr'><strong>σου</strong></span> <span class='ocrx_word' id='word_1_247' title='bbox 847 2741 1213 2811; x_wconf 73' lang='grc' dir='ltr'>ἠκονημένα,</span> <span class='ocrx_word' id='word_1_248' title='bbox 1247 2743 1382 2795; x_wconf 77' lang='grc' dir='ltr'>λαοὶ</span> <span class='ocrx_word' id='word_1_249' title='bbox 1406 2739 1707 2795; x_wconf 45' lang='grc' dir='ltr'><strong>ὑποκάτω⁵</strong></span> 
     </span>
    </p>
   </div>
   <div class='ocr_carea' id='block_1_31' title="bbox 128 2828 1679 2905">
    <p class='ocr_par' dir='ltr' id='par_1_31' title="bbox 128 2828 1679 2905">
     <span class='ocr_line' id='line_1_31' title="bbox 128 2828 1679 2905; baseline -0.001 -19"><span class='ocrx_word' id='word_1_250' title='bbox 128 2850 228 2886; x_wconf 85' lang='grc' dir='ltr'>σου</span> <span class='ocrx_word' id='word_1_251' title='bbox 256 2834 600 2888; x_wconf 74' lang='grc' dir='ltr'>πεσοῦνται.</span> <span class='ocrx_word' id='word_1_252' title='bbox 661 2832 815 2886; x_wconf 73' lang='grc' dir='ltr'>Οὕτω</span> <span class='ocrx_word' id='word_1_253' title='bbox 841 2833 881 2886; x_wconf 80' lang='grc' dir='ltr'>δ’</span> <span class='ocrx_word' id='word_1_254' title='bbox 916 2828 1008 2887; x_wconf 79' lang='grc' dir='ltr'><strong>οὖν</strong></span> <span class='ocrx_word' id='word_1_255' title='bbox 1039 2834 1133 2886; x_wconf 70' lang='grc' dir='ltr'>καὶ</span> <span class='ocrx_word' id='word_1_256' title='bbox 1162 2832 1396 2886; x_wconf 76' lang='grc' dir='ltr'>ἐνταῦθα</span> <span class='ocrx_word' id='word_1_257' title='bbox 1433 2834 1643 2905; x_wconf 81' lang='grc' dir='ltr'>εἴρηται</span> <span class='ocrx_word' id='word_1_258' title='bbox 1665 2850 1679 2865; x_wconf 76' lang='grc' dir='ltr'><strong>ο</strong></span> 
     </span>
    </p>
   </div>
   <div class='ocr_carea' id='block_1_32' title="bbox 129 2924 1679 2997">
    <p class='ocr_par' dir='ltr' id='par_1_32' title="bbox 129 2924 1679 2997">
     <span class='ocr_line' id='line_1_32' title="bbox 129 2924 1679 2997; baseline -0.001 -20"><span class='ocrx_word' id='word_1_259' title='bbox 129 2925 222 2978; x_wconf 79' lang='lat' dir='ltr'><strong>Kal</strong></span> <span class='ocrx_word' id='word_1_260' title='bbox 244 2926 345 2995; x_wconf 82' lang='grc' dir='ltr'>γὰρ</span> <span class='ocrx_word' id='word_1_261' title='bbox 365 2926 434 2981; x_wconf 86' lang='grc' dir='ltr'>τὰ</span> <span class='ocrx_word' id='word_1_262' title='bbox 447 2924 606 2993; x_wconf 69' lang='grc' dir='ltr'>,βέλη</span> <span class='ocrx_word' id='word_1_263' title='bbox 631 2941 744 2980; x_wconf 88' lang='grc' dir='ltr'><strong>σου</strong></span> <span class='ocrx_word' id='word_1_264' title='bbox 770 2925 1239 2993; x_wconf 73' lang='grc' dir='ltr'>διαπορεύονται.</span> <span class='ocrx_word' id='word_1_265' title='bbox 1262 2924 1679 2997; x_wconf 86' lang='grc' dir='ltr'>Περιτρέχονται</span> 
     </span>
    </p>
   </div>
   <div class='ocr_carea' id='block_1_33' title="bbox 128 3012 1679 3086">
    <p class='ocr_par' dir='ltr' id='par_1_33' title="bbox 128 3012 1679 3086">
     <span class='ocr_line' id='line_1_33' title="bbox 128 3012 1679 3086; baseline 0.003 -23"><span class='ocrx_word' id='word_1_266' title='bbox 128 3012 219 3084; x_wconf 74' lang='grc' dir='ltr'>γὰρ</span> <span class='ocrx_word' id='word_1_267' title='bbox 241 3014 550 3085; x_wconf 82' lang='grc' dir='ltr'>ἁπανταχοῦ</span> <span class='ocrx_word' id='word_1_268' title='bbox 576 3016 644 3066; x_wconf 83' lang='grc' dir='ltr'>τὰ</span> <span class='ocrx_word' id='word_1_269' title='bbox 675 3014 768 3068; x_wconf 75' lang='grc' dir='ltr'><strong>τοῦ</strong></span> <span class='ocrx_word' id='word_1_270' title='bbox 794 3015 1029 3086; x_wconf 81' lang='grc' dir='ltr'>Χριστοῦ</span> <span class='ocrx_word' id='word_1_271' title='bbox 1056 3014 1184 3085; x_wconf 82' lang='grc' dir='ltr'>βέλη</span> <span class='ocrx_word' id='word_1_272' title='bbox 1213 3014 1551 3086; x_wconf 80' lang='grc' dir='ltr'>διεπορεύετο</span> <span class='ocrx_word' id='word_1_273' title='bbox 1579 3033 1679 3085; x_wconf 86' lang='grc' dir='ltr'><strong>κη-</strong></span> 
     </span>
    </p>
   </div>
   <div class='ocr_carea' id='block_1_34' title="bbox 1800 544 3358 624">
    <p class='ocr_par' dir='ltr' id='par_1_34' title="bbox 1800 544 3358 624">
     <span class='ocr_line' id='line_1_34' title="bbox 1800 544 3358 624; baseline 0.01 -29"><span class='ocrx_word' id='word_1_274' title='bbox 1800 544 1994 601; x_wconf 90' lang='lat' dir='ltr'><strong>tertius</strong></span> <span class='ocrx_word' id='word_1_275' title='bbox 2024 547 2157 603; x_wconf 89' lang='lat' dir='ltr'><strong>ordo</strong></span> <span class='ocrx_word' id='word_1_276' title='bbox 2191 555 2459 618; x_wconf 77' lang='lat' dir='ltr'><strong>superest,</strong></span> <span class='ocrx_word' id='word_1_277' title='bbox 2494 566 2685 619; x_wconf 84' lang='lat' dir='ltr'>nempe</span> <span class='ocrx_word' id='word_1_278' title='bbox 2736 553 2985 617; x_wconf 89' lang='lat' dir='ltr'><strong>nubium,</strong></span> <span class='ocrx_word' id='word_1_279' title='bbox 3017 569 3138 624; x_wconf 68' lang='lat' dir='ltr'><strong>quae</strong></span> <span class='ocrx_word' id='word_1_280' title='bbox 3167 570 3358 609; x_wconf 91' lang='lat' dir='ltr'><strong>vocem</strong></span> 
     </span>
    </p>
   </div>
   <div class='ocr_carea' id='block_1_35' title="bbox 1798 634 3358 716">
    <p class='ocr_par' dir='ltr' id='par_1_35' title="bbox 1798 634 3358 716">
     <span class='ocr_line' id='line_1_35' title="bbox 1798 634 3358 716; baseline 0.007 -27"><span class='ocrx_word' id='word_1_281' title='bbox 1798 634 2083 693; x_wconf 85' lang='lat' dir='ltr'><strong>dederunt.</strong></span> <span class='ocrx_word' id='word_1_282' title='bbox 2116 639 2245 705; x_wconf 85' lang='lat' dir='ltr'><strong>Quae</strong></span> <span class='ocrx_word' id='word_1_283' title='bbox 2291 642 2464 696; x_wconf 87' lang='lat' dir='ltr'><strong>nuhes</strong></span> <span class='ocrx_word' id='word_1_284' title='bbox 2492 642 2595 696; x_wconf 49' lang='lat' dir='ltr'><strong>illae</strong></span> <span class='ocrx_word' id='word_1_285' title='bbox 2624 651 2800 708; x_wconf 88' lang='lat' dir='ltr'><strong>erant,</strong></span> <span class='ocrx_word' id='word_1_286' title='bbox 2832 644 2935 699; x_wconf 90' lang='lat' dir='ltr'><strong>nisi</strong></span> <span class='ocrx_word' id='word_1_287' title='bbox 2978 644 3177 714; x_wconf 83' lang='lat' dir='ltr'><strong>quibus</strong></span> <span class='ocrx_word' id='word_1_288' title='bbox 3217 660 3358 716; x_wconf 69' lang='lat' dir='ltr'><strong>pra:-</strong></span> 
     </span>
    </p>
   </div>
   <div class='ocr_carea' id='block_1_36' title="bbox 1797 730 3360 806">
    <p class='ocr_par' dir='ltr' id='par_1_36' title="bbox 1797 730 3360 806">
     <span class='ocr_line' id='line_1_36' title="bbox 1797 730 3360 806; baseline 0.005 -24"><span class='ocrx_word' id='word_1_289' title='bbox 1797 735 2011 798; x_wconf 89' lang='lat' dir='ltr'><strong>ceptum</strong></span> <span class='ocrx_word' id='word_1_290' title='bbox 2035 730 2208 784; x_wconf 82' lang='lat' dir='ltr'><strong>fuerat</strong></span> <span class='ocrx_word' id='word_1_291' title='bbox 2240 748 2305 786; x_wconf 91' lang='lat' dir='ltr'><strong>ne</strong></span> <span class='ocrx_word' id='word_1_292' title='bbox 2333 733 2581 802; x_wconf 86' lang='lat' dir='ltr'><strong>pluerent</strong></span> <span class='ocrx_word' id='word_1_293' title='bbox 2627 749 2789 803; x_wconf 88' lang='lat' dir='ltr'><strong>super</strong></span> <span class='ocrx_word' id='word_1_294' title='bbox 2824 734 3036 788; x_wconf 89' lang='lat' dir='ltr'><strong>vineam</strong></span> <span class='ocrx_word' id='word_1_295' title='bbox 3074 736 3220 790; x_wconf 86' lang='lat' dir='ltr'><strong>illam</strong></span> <span class='ocrx_word' id='word_1_296' title='bbox 3246 736 3360 806; x_wconf 83' lang='lat' dir='ltr'><strong>pri-</strong></span> 
     </span>
    </p>
   </div>
   <div class='ocr_carea' id='block_1_37' title="bbox 1796 822 3360 887">
    <p class='ocr_par' dir='ltr' id='par_1_37' title="bbox 1796 822 3360 887">
     <span class='ocr_line' id='line_1_37' title="bbox 1796 822 3360 887; baseline 0.007 -14"><span class='ocrx_word' id='word_1_297' title='bbox 1796 822 2030 886; x_wconf 89' lang='lat' dir='ltr'><strong>stinam;</strong></span> <span class='ocrx_word' id='word_1_298' title='bbox 2064 823 2361 877; x_wconf 77' lang='lat' dir='ltr'><strong>secundum</strong></span> <span class='ocrx_word' id='word_1_299' title='bbox 2394 824 2547 887; x_wconf 92' lang='lat' dir='ltr'><strong>illud,</strong></span> <span class='ocrx_word' id='word_1_300' title='bbox 2587 824 2652 877; x_wconf 89' lang='lat' dir='ltr'><strong>Et</strong></span> <span class='ocrx_word' id='word_1_301' title='bbox 2721 824 2941 879; x_wconf 85' lang='lat' dir='ltr'><strong>nubibus</strong></span> <span class='ocrx_word' id='word_1_302' title='bbox 2985 828 3246 883; x_wconf 86' lang='lat' dir='ltr'><strong>mandabo</strong></span> <span class='ocrx_word' id='word_1_303' title='bbox 3298 845 3360 884; x_wconf 83' lang='lat' dir='ltr'><strong>ne</strong></span> 
     </span>
    </p>
   </div>
   <div class='ocr_carea' id='block_1_38' title="bbox 1794 911 3359 990">
    <p class='ocr_par' dir='ltr' id='par_1_38' title="bbox 1794 911 3359 990">
     <span class='ocr_line' id='line_1_38' title="bbox 1794 911 3359 990; baseline 0.006 -26"><span class='ocrx_word' id='word_1_304' title='bbox 1794 911 1977 979; x_wconf 86' lang='lat' dir='ltr'><strong>pluant</strong></span> <span class='ocrx_word' id='word_1_305' title='bbox 2008 928 2163 979; x_wconf 77' lang='lat' dir='ltr'><strong>super</strong></span> <span class='ocrx_word' id='word_1_306' title='bbox 2193 930 2307 967; x_wconf 88' lang='lat' dir='ltr'><strong>eam</strong></span> <span class='ocrx_word' id='word_1_307' title='bbox 2336 915 2555 969; x_wconf 78' lang='lat' dir='ltr'><strong>imbrem</strong></span> <span class='ocrx_word' id='word_1_308' title='bbox 2590 917 2633 947; x_wconf 81' lang='grc'><strong>⁸⁸</strong></span> <span class='ocrx_word' id='word_1_309' title='bbox 2656 934 2669 982; x_wconf 89' lang='grc'>;</span> <span class='ocrx_word' id='word_1_310' title='bbox 2694 917 2945 971; x_wconf 80' lang='lat' dir='ltr'><strong>videlicet</strong></span> <span class='ocrx_word' id='word_1_311' title='bbox 2983 934 3150 989; x_wconf 83' lang='lat' dir='ltr'><strong>super</strong></span> <span class='ocrx_word' id='word_1_312' title='bbox 3186 936 3359 990; x_wconf 87' lang='lat' dir='ltr'><strong>popu-</strong></span> 
     </span>
    </p>
   </div>
   <div class='ocr_carea' id='block_1_39' title="bbox 1794 1004 3354 1081">
    <p class='ocr_par' dir='ltr' id='par_1_39' title="bbox 1794 1004 3354 1081">
     <span class='ocr_line' id='line_1_39' title="bbox 1794 1004 3354 1081; baseline 0.004 -24"><span class='ocrx_word' id='word_1_313' title='bbox 1794 1004 1905 1057; x_wconf 88' lang='lat' dir='ltr'><strong>lum</strong></span> <span class='ocrx_word' id='word_1_314' title='bbox 1937 1020 2001 1059; x_wconf 69' lang='grc' dir='ltr'>οι</span> <span class='ocrx_word' id='word_1_315' title='bbox 2044 1005 2501 1062; x_wconf 88' lang='lat' dir='ltr'><strong>circumcisione?</strong></span> <span class='ocrx_word' id='word_1_316' title='bbox 2548 1006 2732 1063; x_wconf 84' lang='lat' dir='ltr'><strong>Nubes</strong></span> <span class='ocrx_word' id='word_1_317' title='bbox 2760 1017 2940 1062; x_wconf 87' lang='lat' dir='ltr'><strong>autem</strong></span> <span class='ocrx_word' id='word_1_318' title='bbox 2974 1011 3130 1078; x_wconf 86' lang='lat' dir='ltr'><strong>aquis</strong></span> <span class='ocrx_word' id='word_1_319' title='bbox 3162 1012 3354 1081; x_wconf 70' lang='lat' dir='ltr'><strong>plenae,</strong></span> 
     </span>
    </p>
   </div>
   <div class='ocr_carea' id='block_1_40' title="bbox 1792 1098 3356 1173">
    <p class='ocr_par' dir='ltr' id='par_1_40' title="bbox 1792 1098 3356 1173">
     <span class='ocr_line' id='line_1_40' title="bbox 1792 1098 3356 1173; baseline 0.004 -22"><span class='ocrx_word' id='word_1_320' title='bbox 1792 1112 1894 1151; x_wconf 89' lang='lat' dir='ltr'><strong>nec</strong></span> <span class='ocrx_word' id='word_1_321' title='bbox 1929 1112 2093 1167; x_wconf 86' lang='lat' dir='ltr'><strong>super</strong></span> <span class='ocrx_word' id='word_1_322' title='bbox 2117 1099 2330 1152; x_wconf 86' lang='lat' dir='ltr'><strong>vineam</strong></span> <span class='ocrx_word' id='word_1_323' title='bbox 2382 1098 2528 1152; x_wconf 86' lang='lat' dir='ltr'><strong>illam</strong></span> <span class='ocrx_word' id='word_1_324' title='bbox 2577 1100 2864 1169; x_wconf 89' lang='lat' dir='ltr'><strong>pristinam</strong></span> <span class='ocrx_word' id='word_1_325' title='bbox 2908 1103 3175 1170; x_wconf 89' lang='lat' dir='ltr'><strong>pluentes,</strong></span> <span class='ocrx_word' id='word_1_326' title='bbox 3208 1120 3356 1173; x_wconf 69' lang='lat' dir='ltr'><strong>qua:-</strong></span> 
     </span>
    </p>
   </div>
   <div class='ocr_carea' id='block_1_41' title="bbox 1791 1187 3356 1262">
    <p class='ocr_par' dir='ltr' id='par_1_41' title="bbox 1791 1187 3356 1262">
     <span class='ocr_line' id='line_1_41' title="bbox 1791 1187 3356 1262; baseline 0.004 -21"><span class='ocrx_word' id='word_1_327' title='bbox 1791 1204 1918 1241; x_wconf 88' lang='lat' dir='ltr'><strong>nam</strong></span> <span class='ocrx_word' id='word_1_328' title='bbox 1968 1187 2170 1243; x_wconf 81' lang='lat' dir='ltr'><strong>fuerint</strong></span> <span class='ocrx_word' id='word_1_329' title='bbox 2209 1190 2311 1244; x_wconf 87' lang='lat' dir='ltr'><strong>nisi</strong></span> <span class='ocrx_word' id='word_1_330' title='bbox 2365 1188 2668 1244; x_wconf 89' lang='lat' dir='ltr'><strong>Salvatoris</strong></span> <span class='ocrx_word' id='word_1_331' title='bbox 2722 1190 2999 1261; x_wconf 85' lang='lat' dir='ltr'><strong>discipuli,</strong></span> <span class='ocrx_word' id='word_1_332' title='bbox 3038 1192 3268 1262; x_wconf 78' lang='lat' dir='ltr'><strong>apostoli</strong></span> <span class='ocrx_word' id='word_1_333' title='bbox 3301 1203 3356 1248; x_wconf 90' lang='lat' dir='ltr'><strong>et</strong></span> 
     </span>
    </p>
   </div>
   <div class='ocr_carea' id='block_1_42' title="bbox 1790 1280 3357 1354">
    <p class='ocr_par' dir='ltr' id='par_1_42' title="bbox 1790 1280 3357 1354">
     <span class='ocr_line' id='line_1_42' title="bbox 1790 1280 3357 1354; baseline 0.003 -20"><span class='ocrx_word' id='word_1_334' title='bbox 1790 1280 2153 1348; x_wconf 57' lang='lat' dir='ltr'><strong>evangelista,</strong></span> <span class='ocrx_word' id='word_1_335' title='bbox 2189 1281 2281 1350; x_wconf 89' lang='lat' dir='ltr'><strong>qui</strong></span> <span class='ocrx_word' id='word_1_336' title='bbox 2319 1297 2413 1350; x_wconf 91' lang='lat' dir='ltr'><strong>per</strong></span> <span class='ocrx_word' id='word_1_337' title='bbox 2450 1288 2623 1336; x_wconf 90' lang='lat' dir='ltr'><strong>totum</strong></span> <span class='ocrx_word' id='word_1_338' title='bbox 2671 1282 2857 1337; x_wconf 87' lang='lat' dir='ltr'><strong>orbem</strong></span> <span class='ocrx_word' id='word_1_339' title='bbox 2903 1285 3178 1339; x_wconf 73' lang='lat' dir='ltr'><strong>cmlestem</strong></span> <span class='ocrx_word' id='word_1_340' title='bbox 3236 1285 3357 1354; x_wconf 89' lang='lat' dir='ltr'><strong>plu-</strong></span> 
     </span>
    </p>
   </div>
   <div class='ocr_carea' id='block_1_43' title="bbox 1788 1372 3354 1440">
    <p class='ocr_par' dir='ltr' id='par_1_43' title="bbox 1788 1372 3354 1440">
     <span class='ocr_line' id='line_1_43' title="bbox 1788 1372 3354 1440; baseline 0.003 -15"><span class='ocrx_word' id='word_1_341' title='bbox 1788 1372 1935 1426; x_wconf 89' lang='lat' dir='ltr'><strong>viam</strong></span> <span class='ocrx_word' id='word_1_342' title='bbox 1956 1372 2351 1440; x_wconf 89' lang='lat' dir='ltr'><strong>impertientes,</strong></span> <span class='ocrx_word' id='word_1_343' title='bbox 2389 1388 2575 1427; x_wconf 92' lang='lat' dir='ltr'><strong>vocem</strong></span> <span class='ocrx_word' id='word_1_344' title='bbox 2611 1374 2903 1438; x_wconf 86' lang='lat' dir='ltr'><strong>dederunt,</strong></span> <span class='ocrx_word' id='word_1_345' title='bbox 2936 1377 3009 1429; x_wconf 86' lang='lat' dir='ltr'><strong>ita</strong></span> <span class='ocrx_word' id='word_1_346' title='bbox 3048 1383 3105 1429; x_wconf 91' lang='lat' dir='ltr'><strong>ut</strong></span> <span class='ocrx_word' id='word_1_347' title='bbox 3134 1376 3187 1429; x_wconf 91' lang='lat' dir='ltr'><strong>in</strong></span> <span class='ocrx_word' id='word_1_348' title='bbox 3223 1392 3354 1430; x_wconf 91' lang='lat' dir='ltr'><strong>om-</strong></span> 
     </span>
    </p>
   </div>
   <div class='ocr_carea' id='block_1_44' title="bbox 1788 1465 3357 1529">
    <p class='ocr_par' dir='ltr' id='par_1_44' title="bbox 1788 1465 3357 1529">
     <span class='ocr_line' id='line_1_44' title="bbox 1788 1465 3357 1529; baseline 0.002 -10"><span class='ocrx_word' id='word_1_349' title='bbox 1788 1480 1913 1519; x_wconf 88' lang='lat' dir='ltr'><strong>nem</strong></span> <span class='ocrx_word' id='word_1_350' title='bbox 1937 1471 2140 1518; x_wconf 85' lang='lat' dir='ltr'><strong>terram</strong></span> <span class='ocrx_word' id='word_1_351' title='bbox 2161 1465 2353 1519; x_wconf 81' lang='lat' dir='ltr'><strong>exierit</strong></span> <span class='ocrx_word' id='word_1_352' title='bbox 2378 1480 2546 1520; x_wconf 91' lang='lat' dir='ltr'><strong>sonus</strong></span> <span class='ocrx_word' id='word_1_353' title='bbox 2570 1480 2776 1529; x_wconf 87' lang='lat' dir='ltr'><strong>eorum,</strong></span> <span class='ocrx_word' id='word_1_354' title='bbox 2831 1476 2885 1520; x_wconf 89' lang='lat' dir='ltr'><strong>et</strong></span> <span class='ocrx_word' id='word_1_355' title='bbox 2917 1466 2971 1519; x_wconf 91' lang='lat' dir='ltr'><strong>in</strong></span> <span class='ocrx_word' id='word_1_356' title='bbox 3022 1466 3157 1521; x_wconf 77' lang='lat' dir='ltr'><strong>fines</strong></span> <span class='ocrx_word' id='word_1_357' title='bbox 3201 1466 3357 1522; x_wconf 87' lang='lat' dir='ltr'><strong>orbis</strong></span> 
     </span>
    </p>
   </div>
   <div class='ocr_carea' id='block_1_45' title="bbox 1788 1554 3355 1627">
    <p class='ocr_par' dir='ltr' id='par_1_45' title="bbox 1788 1554 3355 1627">
     <span class='ocr_line' id='line_1_45' title="bbox 1788 1554 3355 1627; baseline 0.001 -17"><span class='ocrx_word' id='word_1_358' title='bbox 1788 1564 1949 1610; x_wconf 73' lang='lat' dir='ltr'><strong>terrae</strong></span> <span class='ocrx_word' id='word_1_359' title='bbox 1987 1557 2150 1610; x_wconf 89' lang='lat' dir='ltr'><strong>verba</strong></span> <span class='ocrx_word' id='word_1_360' title='bbox 2193 1556 2419 1610; x_wconf 83' lang='lat' dir='ltr'><strong>eorum?</strong></span> <span class='ocrx_word' id='word_1_361' title='bbox 2447 1554 2571 1609; x_wconf 79' lang='lat' dir='ltr'><strong>Ideo</strong></span> <span class='ocrx_word' id='word_1_362' title='bbox 2610 1556 2815 1609; x_wconf 86' lang='lat' dir='ltr'><strong>dictum</strong></span> <span class='ocrx_word' id='word_1_363' title='bbox 2849 1566 2931 1610; x_wconf 87' lang='lat' dir='ltr'><strong>est</strong></span> <span class='ocrx_word' id='word_1_364' title='bbox 2964 1574 2975 1609; x_wconf 89' lang='lat'><strong>:</strong></span> <span class='ocrx_word' id='word_1_365' title='bbox 3007 1555 3197 1627; x_wconf 74' lang='lat' dir='ltr'><strong>(Vens.</strong></span> <span class='ocrx_word' id='word_1_366' title='bbox 3237 1556 3355 1627; x_wconf 85' lang='grc'><strong>19.)</strong></span> 
     </span>
    </p>
   </div>
   <div class='ocr_carea' id='block_1_46' title="bbox 1797 1644 3349 1715">
    <p class='ocr_par' dir='ltr' id='par_1_46' title="bbox 1797 1644 3349 1715">
     <span class='ocr_line' id='line_1_46' title="bbox 1797 1644 3349 1715; baseline 0.001 -15"><span class='ocrx_word' id='word_1_367' title='bbox 1797 1647 1986 1701; x_wconf 86' lang='lat' dir='ltr'><strong>Vocem</strong></span> <span class='ocrx_word' id='word_1_368' title='bbox 2008 1644 2261 1699; x_wconf 84' lang='lat' dir='ltr'><strong>dederunt</strong></span> <span class='ocrx_word' id='word_1_369' title='bbox 2281 1644 2461 1709; x_wconf 83' lang='lat' dir='ltr'><strong>nubes,</strong></span> <span class='ocrx_word' id='word_1_370' title='bbox 2490 1647 2675 1698; x_wconf 87' lang='lat' dir='ltr'><strong>etenim</strong></span> <span class='ocrx_word' id='word_1_371' title='bbox 2693 1647 2899 1715; x_wconf 74' lang='lat' dir='ltr'><strong>sagitta:</strong></span> <span class='ocrx_word' id='word_1_372' title='bbox 2923 1656 3027 1699; x_wconf 76' lang='lat' dir='ltr'><strong>tua:</strong></span> <span class='ocrx_word' id='word_1_373' title='bbox 3053 1657 3349 1702; x_wconf 82' lang='lat' dir='ltr'><strong>transeunt.</strong></span> 
     </span>
    </p>
   </div>
   <div class='ocr_carea' id='block_1_47' title="bbox 1788 1739 3355 1810">
    <p class='ocr_par' dir='ltr' id='par_1_47' title="bbox 1788 1739 3355 1810">
     <span class='ocr_line' id='line_1_47' title="bbox 1788 1739 3355 1810; baseline 0.001 -17"><span class='ocrx_word' id='word_1_374' title='bbox 1788 1739 2050 1805; x_wconf 84' lang='lat' dir='ltr'><strong>Quaenam</strong></span> <span class='ocrx_word' id='word_1_375' title='bbox 2074 1739 2303 1808; x_wconf 75' lang='lat' dir='ltr'><strong>sagittze,</strong></span> <span class='ocrx_word' id='word_1_376' title='bbox 2338 1739 2442 1794; x_wconf 92' lang='lat' dir='ltr'><strong>nisi</strong></span> <span class='ocrx_word' id='word_1_377' title='bbox 2486 1739 2752 1793; x_wconf 80' lang='lat' dir='ltr'><strong>salutares</strong></span> <span class='ocrx_word' id='word_1_378' title='bbox 2790 1746 2841 1793; x_wconf 88' lang='lat' dir='ltr'><strong>et</strong></span> <span class='ocrx_word' id='word_1_379' title='bbox 2871 1739 3055 1793; x_wconf 69' lang='lat' dir='ltr'><strong>electae</strong></span> <span class='ocrx_word' id='word_1_380' title='bbox 3082 1740 3205 1806; x_wconf 71' lang='lat' dir='ltr'><strong>illm,</strong></span> <span class='ocrx_word' id='word_1_381' title='bbox 3232 1755 3355 1810; x_wconf 65' lang='lat' dir='ltr'><strong>quas</strong></span> 
     </span>
    </p>
   </div>
   <div class='ocr_carea' id='block_1_48' title="bbox 1789 1831 3354 1900">
    <p class='ocr_par' dir='ltr' id='par_1_48' title="bbox 1789 1831 3354 1900">
     <span class='ocr_line' id='line_1_48' title="bbox 1789 1831 3354 1900; baseline 0.003 -17"><span class='ocrx_word' id='word_1_382' title='bbox 1789 1832 1998 1886; x_wconf 88' lang='lat' dir='ltr'><strong>animas</strong></span> <span class='ocrx_word' id='word_1_383' title='bbox 2036 1831 2269 1885; x_wconf 77' lang='lat' dir='ltr'><strong>salutem</strong></span> <span class='ocrx_word' id='word_1_384' title='bbox 2306 1839 2695 1885; x_wconf 90' lang='lat' dir='ltr'><strong>consecuturas</strong></span> <span class='ocrx_word' id='word_1_385' title='bbox 2745 1831 3055 1891; x_wconf 85' lang='lat' dir='ltr'><strong>vulnerant,</strong></span> <span class='ocrx_word' id='word_1_386' title='bbox 3088 1832 3244 1900; x_wconf 88' lang='lat' dir='ltr'><strong>queis</strong></span> <span class='ocrx_word' id='word_1_387' title='bbox 3292 1846 3354 1886; x_wconf 85' lang='lat' dir='ltr'><strong>se</strong></span> 
     </span>
    </p>
   </div>
   <div class='ocr_carea' id='block_1_49' title="bbox 1789 1920 3349 1991">
    <p class='ocr_par' dir='ltr' id='par_1_49' title="bbox 1789 1920 3349 1991">
     <span class='ocr_line' id='line_1_49' title="bbox 1789 1920 3349 1991; baseline -0.002 -13"><span class='ocrx_word' id='word_1_388' title='bbox 1789 1923 1990 1978; x_wconf 85' lang='lat' dir='ltr'><strong>Christi</strong></span> <span class='ocrx_word' id='word_1_389' title='bbox 2014 1938 2214 1991; x_wconf 89' lang='lat' dir='ltr'><strong>sponsa</strong></span> <span class='ocrx_word' id='word_1_390' title='bbox 2237 1920 2481 1976; x_wconf 87' lang='lat' dir='ltr'><strong>Ecclesia</strong></span> <span class='ocrx_word' id='word_1_391' title='bbox 2510 1922 2850 1977; x_wconf 88' lang='lat' dir='ltr'><strong>vulneratam</strong></span> <span class='ocrx_word' id='word_1_392' title='bbox 2878 1921 3078 1976; x_wconf 87' lang='lat' dir='ltr'><strong>latetur</strong></span> <span class='ocrx_word' id='word_1_393' title='bbox 3109 1923 3193 1977; x_wconf 87' lang='lat' dir='ltr'><strong>his</strong></span> <span class='ocrx_word' id='word_1_394' title='bbox 3223 1938 3349 1977; x_wconf 90' lang='lat' dir='ltr'><strong>ver-</strong></span> 
     </span>
    </p>
   </div>
   <div class='ocr_carea' id='block_1_50' title="bbox 1789 2012 3356 2084">
    <p class='ocr_par' dir='ltr' id='par_1_50' title="bbox 1789 2012 3356 2084">
     <span class='ocr_line' id='line_1_50' title="bbox 1789 2012 3356 2084; baseline 0.001 -16"><span class='ocrx_word' id='word_1_395' title='bbox 1789 2014 1894 2077; x_wconf 90' lang='lat' dir='ltr'><strong>bis,</strong></span> <span class='ocrx_word' id='word_1_396' title='bbox 1928 2012 2067 2078; x_wconf 86' lang='lat' dir='ltr'><strong>Quia</strong></span> <span class='ocrx_word' id='word_1_397' title='bbox 2097 2014 2371 2067; x_wconf 85' lang='lat' dir='ltr'><strong>vulnerata</strong></span> <span class='ocrx_word' id='word_1_398' title='bbox 2401 2030 2578 2067; x_wconf 87' lang='lat' dir='ltr'><strong>amore</strong></span> <span class='ocrx_word' id='word_1_399' title='bbox 2605 2030 2721 2067; x_wconf 78' lang='lat' dir='ltr'><strong>sum</strong></span> <span class='ocrx_word' id='word_1_400' title='bbox 2745 2013 2829 2066; x_wconf 65' lang='lat'><strong>3’?</strong></span> <span class='ocrx_word' id='word_1_401' title='bbox 2853 2012 3076 2084; x_wconf 85' lang='lat' dir='ltr'><strong>Ipseque</strong></span> <span class='ocrx_word' id='word_1_402' title='bbox 3102 2013 3356 2070; x_wconf 86' lang='lat' dir='ltr'><strong>Salvator</strong></span> 
     </span>
    </p>
   </div>
   <div class='ocr_carea' id='block_1_51' title="bbox 1789 2106 3350 2176">
    <p class='ocr_par' dir='ltr' id='par_1_51' title="bbox 1789 2106 3350 2176">
     <span class='ocr_line' id='line_1_51' title="bbox 1789 2106 3350 2176; baseline 0.001 -17"><span class='ocrx_word' id='word_1_403' title='bbox 1789 2106 1983 2175; x_wconf 83' lang='lat' dir='ltr'><strong>sagitta</strong></span> <span class='ocrx_word' id='word_1_404' title='bbox 2018 2113 2245 2159; x_wconf 86' lang='lat' dir='ltr'><strong>vocatur</strong></span> <span class='ocrx_word' id='word_1_405' title='bbox 2286 2106 2425 2175; x_wconf 85' lang='lat' dir='ltr'><strong>apud</strong></span> <span class='ocrx_word' id='word_1_406' title='bbox 2484 2106 2801 2176; x_wconf 90' lang='lat' dir='ltr'><strong>prophetam</strong></span> <span class='ocrx_word' id='word_1_407' title='bbox 2833 2106 3125 2170; x_wconf 82' lang='lat' dir='ltr'><strong>dicentem,</strong></span> <span class='ocrx_word' id='word_1_408' title='bbox 3158 2107 3350 2161; x_wconf 75' lang='lat' dir='ltr'><strong>Posuit</strong></span> 
     </span>
    </p>
   </div>
   <div class='ocr_carea' id='block_1_52' title="bbox 1788 2197 3354 2267">
    <p class='ocr_par' dir='ltr' id='par_1_52' title="bbox 1788 2197 3354 2267">
     <span class='ocr_line' id='line_1_52' title="bbox 1788 2197 3354 2267; baseline 0.001 -17"><span class='ocrx_word' id='word_1_409' title='bbox 1788 2213 1868 2250; x_wconf 90' lang='lat' dir='ltr'><strong>me</strong></span> <span class='ocrx_word' id='word_1_410' title='bbox 1895 2198 2047 2267; x_wconf 81' lang='lat' dir='ltr'><strong>quasi</strong></span> <span class='ocrx_word' id='word_1_411' title='bbox 2076 2199 2319 2267; x_wconf 78' lang='lat' dir='ltr'><strong>sagittam</strong></span> <span class='ocrx_word' id='word_1_412' title='bbox 2369 2197 2609 2260; x_wconf 84' lang='lat' dir='ltr'><strong>electam,</strong></span> <span class='ocrx_word' id='word_1_413' title='bbox 2642 2206 2691 2250; x_wconf 89' lang='lat' dir='ltr'><strong>et</strong></span> <span class='ocrx_word' id='word_1_414' title='bbox 2732 2198 2787 2250; x_wconf 89' lang='lat' dir='ltr'><strong>in</strong></span> <span class='ocrx_word' id='word_1_415' title='bbox 2815 2199 3063 2265; x_wconf 83' lang='lat' dir='ltr'><strong>pharetra</strong></span> <span class='ocrx_word' id='word_1_416' title='bbox 3093 2214 3193 2251; x_wconf 77' lang='lat' dir='ltr'><strong>sua</strong></span> <span class='ocrx_word' id='word_1_417' title='bbox 3226 2198 3354 2252; x_wconf 81' lang='lat' dir='ltr'><strong>abs-</strong></span> 
     </span>
    </p>
   </div>
   <div class='ocr_carea' id='block_1_53' title="bbox 1786 2288 3352 2359">
    <p class='ocr_par' dir='ltr' id='par_1_53' title="bbox 1786 2288 3352 2359">
     <span class='ocr_line' id='line_1_53' title="bbox 1786 2288 3352 2359; baseline 0 -15"><span class='ocrx_word' id='word_1_418' title='bbox 1786 2289 1962 2344; x_wconf 82' lang='lat' dir='ltr'><strong>condit</strong></span> <span class='ocrx_word' id='word_1_419' title='bbox 1995 2306 2074 2344; x_wconf 88' lang='lat' dir='ltr'><strong>me</strong></span> <span class='ocrx_word' id='word_1_420' title='bbox 2096 2290 2163 2345; x_wconf 84' lang='grc'><strong>⁰⁰.</strong></span> <span class='ocrx_word' id='word_1_421' title='bbox 2214 2289 2318 2343; x_wconf 92' lang='lat' dir='ltr'><strong>Sed</strong></span> <span class='ocrx_word' id='word_1_422' title='bbox 2348 2288 2526 2341; x_wconf 90' lang='lat' dir='ltr'><strong>Patris</strong></span> <span class='ocrx_word' id='word_1_423' title='bbox 2553 2288 2768 2358; x_wconf 89' lang='lat' dir='ltr'><strong>quidem</strong></span> <span class='ocrx_word' id='word_1_424' title='bbox 2794 2290 2987 2359; x_wconf 81' lang='lat' dir='ltr'><strong>sagitta</strong></span> <span class='ocrx_word' id='word_1_425' title='bbox 3012 2290 3352 2359; x_wconf 75' lang='lat' dir='ltr'><strong>unigenitum</strong></span> 
     </span>
    </p>
   </div>
   <div class='ocr_carea' id='block_1_54' title="bbox 1785 2376 3354 2450">
    <p class='ocr_par' dir='ltr' id='par_1_54' title="bbox 1785 2376 3354 2450">
     <span class='ocr_line' id='line_1_54' title="bbox 1785 2376 3354 2450; baseline -0.001 -15"><span class='ocrx_word' id='word_1_426' title='bbox 1785 2378 1906 2449; x_wconf 89' lang='lat' dir='ltr'><strong>ejus</strong></span> <span class='ocrx_word' id='word_1_427' title='bbox 1950 2377 2190 2433; x_wconf 76' lang='lat' dir='ltr'><strong>Verbum</strong></span> <span class='ocrx_word' id='word_1_428' title='bbox 2239 2386 2393 2445; x_wconf 88' lang='lat' dir='ltr'><strong>erat;</strong></span> <span class='ocrx_word' id='word_1_429' title='bbox 2434 2376 2558 2431; x_wconf 87' lang='lat' dir='ltr'><strong>Filii</strong></span> <span class='ocrx_word' id='word_1_430' title='bbox 2596 2392 2724 2431; x_wconf 87' lang='lat' dir='ltr'><strong>vero</strong></span> <span class='ocrx_word' id='word_1_431' title='bbox 2773 2380 2979 2448; x_wconf 75' lang='lat' dir='ltr'><strong>sagittae</strong></span> <span class='ocrx_word' id='word_1_432' title='bbox 3023 2387 3180 2432; x_wconf 88' lang='lat' dir='ltr'><strong>erant</strong></span> <span class='ocrx_word' id='word_1_433' title='bbox 3221 2394 3354 2450; x_wconf 88' lang='lat' dir='ltr'><strong>apo-</strong></span> 
     </span>
    </p>
   </div>
   <div class='ocr_carea' id='block_1_55' title="bbox 1786 2470 3349 2540">
    <p class='ocr_par' dir='ltr' id='par_1_55' title="bbox 1786 2470 3349 2540">
     <span class='ocr_line' id='line_1_55' title="bbox 1786 2470 3349 2540; baseline -0.002 -12"><span class='ocrx_word' id='word_1_434' title='bbox 1786 2473 1932 2536; x_wconf 87' lang='lat' dir='ltr'><strong>stoli,</strong></span> <span class='ocrx_word' id='word_1_435' title='bbox 1967 2486 2180 2526; x_wconf 89' lang='lat' dir='ltr'><strong>necnon</strong></span> <span class='ocrx_word' id='word_1_436' title='bbox 2207 2471 2389 2525; x_wconf 89' lang='lat' dir='ltr'><strong>divina</strong></span> <span class='ocrx_word' id='word_1_437' title='bbox 2418 2478 2473 2525; x_wconf 90' lang='lat' dir='ltr'><strong>et</strong></span> <span class='ocrx_word' id='word_1_438' title='bbox 2521 2471 2690 2540; x_wconf 83' lang='lat' dir='ltr'><strong>ignita</strong></span> <span class='ocrx_word' id='word_1_439' title='bbox 2724 2470 2845 2539; x_wconf 88' lang='lat' dir='ltr'><strong>ejus</strong></span> <span class='ocrx_word' id='word_1_440' title='bbox 2873 2471 3111 2539; x_wconf 91' lang='lat' dir='ltr'><strong>eloquia.</strong></span> <span class='ocrx_word' id='word_1_441' title='bbox 3144 2470 3349 2536; x_wconf 86' lang='lat' dir='ltr'><strong>Quam-</strong></span> 
     </span>
    </p>
   </div>
   <div class='ocr_carea' id='block_1_56' title="bbox 1783 2558 3353 2630">
    <p class='ocr_par' dir='ltr' id='par_1_56' title="bbox 1783 2558 3353 2630">
     <span class='ocr_line' id='line_1_56' title="bbox 1783 2558 3353 2630; baseline -0.003 -14"><span class='ocrx_word' id='word_1_442' title='bbox 1783 2562 1970 2617; x_wconf 90' lang='lat' dir='ltr'><strong>obrem</strong></span> <span class='ocrx_word' id='word_1_443' title='bbox 2004 2561 2059 2614; x_wconf 91' lang='lat' dir='ltr'><strong>in</strong></span> <span class='ocrx_word' id='word_1_444' title='bbox 2092 2561 2304 2630; x_wconf 88' lang='lat' dir='ltr'><strong>psalmo</strong></span> <span class='ocrx_word' id='word_1_445' title='bbox 2331 2560 2397 2614; x_wconf 91' lang='lat' dir='ltr'><strong>de</strong></span> <span class='ocrx_word' id='word_1_446' title='bbox 2428 2559 2626 2613; x_wconf 84' lang='lat' dir='ltr'><strong>dilecto</strong></span> <span class='ocrx_word' id='word_1_447' title='bbox 2651 2558 2851 2613; x_wconf 88' lang='lat' dir='ltr'><strong>dicitur</strong></span> <span class='ocrx_word' id='word_1_448' title='bbox 2906 2579 2918 2613; x_wconf 90' lang='lat'><strong>:</strong></span> <span class='ocrx_word' id='word_1_449' title='bbox 2978 2558 3201 2629; x_wconf 72' lang='lat' dir='ltr'><strong>Sagitta:</strong></span> <span class='ocrx_word' id='word_1_450' title='bbox 3250 2568 3353 2612; x_wconf 76' lang='lat' dir='ltr'><strong>tua:</strong></span> 
     </span>
    </p>
   </div>
   <div class='ocr_carea' id='block_1_57' title="bbox 1784 2650 3350 2721">
    <p class='ocr_par' dir='ltr' id='par_1_57' title="bbox 1784 2650 3350 2721">
     <span class='ocr_line' id='line_1_57' title="bbox 1784 2650 3350 2721; baseline -0.001 -16"><span class='ocrx_word' id='word_1_451' title='bbox 1784 2660 1973 2714; x_wconf 63' lang='lat' dir='ltr'><strong>acuta,</strong></span> <span class='ocrx_word' id='word_1_452' title='bbox 2018 2651 2211 2719; x_wconf 70' lang='lat' dir='ltr'><strong>populi</strong></span> <span class='ocrx_word' id='word_1_453' title='bbox 2237 2650 2331 2703; x_wconf 84' lang='lat' dir='ltr'><strong>sub</strong></span> <span class='ocrx_word' id='word_1_454' title='bbox 2369 2659 2415 2703; x_wconf 89' lang='lat' dir='ltr'><strong>te</strong></span> <span class='ocrx_word' id='word_1_455' title='bbox 2439 2650 2716 2705; x_wconf 80' lang='lat' dir='ltr'><strong>cadent“.</strong></span> <span class='ocrx_word' id='word_1_456' title='bbox 2753 2650 2844 2705; x_wconf 89' lang='lat' dir='ltr'><strong>Sic</strong></span> <span class='ocrx_word' id='word_1_457' title='bbox 2878 2652 3060 2720; x_wconf 90' lang='lat' dir='ltr'><strong>itaque</strong></span> <span class='ocrx_word' id='word_1_458' title='bbox 3105 2650 3159 2705; x_wconf 89' lang='lat' dir='ltr'><strong>in</strong></span> <span class='ocrx_word' id='word_1_459' title='bbox 3207 2666 3350 2721; x_wconf 71' lang='lat' dir='ltr'><strong>prae-</strong></span> 
     </span>
    </p>
   </div>
   <div class='ocr_carea' id='block_1_58' title="bbox 1783 2738 3348 2809">
    <p class='ocr_par' dir='ltr' id='par_1_58' title="bbox 1783 2738 3348 2809">
     <span class='ocr_line' id='line_1_58' title="bbox 1783 2738 3348 2809; baseline -0.002 -12"><span class='ocrx_word' id='word_1_460' title='bbox 1783 2741 1923 2797; x_wconf 87' lang='lat' dir='ltr'><strong>senti</strong></span> <span class='ocrx_word' id='word_1_461' title='bbox 1950 2740 2155 2794; x_wconf 86' lang='lat' dir='ltr'><strong>dictum</strong></span> <span class='ocrx_word' id='word_1_462' title='bbox 2183 2747 2267 2795; x_wconf 89' lang='lat' dir='ltr'><strong>est</strong></span> <span class='ocrx_word' id='word_1_463' title='bbox 2311 2759 2323 2793; x_wconf 92' lang='lat'>:</span> <span class='ocrx_word' id='word_1_464' title='bbox 2370 2738 2577 2793; x_wconf 87' lang='lat' dir='ltr'><strong>Etenim</strong></span> <span class='ocrx_word' id='word_1_465' title='bbox 2628 2741 2839 2809; x_wconf 71' lang='lat' dir='ltr'><strong>sagitta:</strong></span> <span class='ocrx_word' id='word_1_466' title='bbox 2900 2750 3004 2793; x_wconf 78' lang='lat' dir='ltr'><strong>tute</strong></span> <span class='ocrx_word' id='word_1_467' title='bbox 3053 2748 3348 2794; x_wconf 67' lang='lat' dir='ltr'><strong>transeunt.</strong></span> 
     </span>
    </p>
   </div>
   <div class='ocr_carea' id='block_1_59' title="bbox 1782 2823 3349 2896">
    <p class='ocr_par' dir='ltr' id='par_1_59' title="bbox 1782 2823 3349 2896">
     <span class='ocr_line' id='line_1_59' title="bbox 1782 2823 3349 2896; baseline 0.002 -19"><span class='ocrx_word' id='word_1_468' title='bbox 1782 2823 1917 2878; x_wconf 88' lang='lat' dir='ltr'><strong>Nam</strong></span> <span class='ocrx_word' id='word_1_469' title='bbox 1944 2825 2154 2893; x_wconf 59' lang='lat' dir='ltr'><strong>sagittae</strong></span> <span class='ocrx_word' id='word_1_470' title='bbox 2178 2824 2379 2880; x_wconf 83' lang='lat' dir='ltr'><strong>Christi</strong></span> <span class='ocrx_word' id='word_1_471' title='bbox 2420 2826 2621 2894; x_wconf 85' lang='lat' dir='ltr'><strong>ubique</strong></span> <span class='ocrx_word' id='word_1_472' title='bbox 2670 2825 3030 2894; x_wconf 62' lang='lat' dir='ltr'><strong>praedicantes</strong></span> <span class='ocrx_word' id='word_1_473' title='bbox 3062 2842 3349 2896; x_wconf 90' lang='lat' dir='ltr'><strong>percurre-</strong></span> 
     </span>
    </p>
   </div>
   <div class='ocr_carea' id='block_1_60' title="bbox 1780 2915 3354 2984">
    <p class='ocr_par' dir='ltr' id='par_1_60' title="bbox 1780 2915 3354 2984">
     <span class='ocr_line' id='line_1_60' title="bbox 1780 2915 3354 2984; baseline -0.001 -12"><span class='ocrx_word' id='word_1_474' title='bbox 1780 2918 1944 2984; x_wconf 86' lang='lat' dir='ltr'><strong>bant;</strong></span> <span class='ocrx_word' id='word_1_475' title='bbox 1979 2917 2100 2971; x_wconf 91' lang='lat' dir='ltr'><strong>ideo</strong></span> <span class='ocrx_word' id='word_1_476' title='bbox 2133 2932 2307 2970; x_wconf 79' lang='lat' dir='ltr'><strong>vocem</strong></span> <span class='ocrx_word' id='word_1_477' title='bbox 2337 2915 2591 2969; x_wconf 84' lang='lat' dir='ltr'><strong>dederunt</strong></span> <span class='ocrx_word' id='word_1_478' title='bbox 2622 2917 2813 2978; x_wconf 82' lang='lat' dir='ltr'><strong>nubes;</strong></span> <span class='ocrx_word' id='word_1_479' title='bbox 2867 2916 2963 2970; x_wconf 91' lang='lat' dir='ltr'><strong>sed</strong></span> <span class='ocrx_word' id='word_1_480' title='bbox 3006 2918 3193 2981; x_wconf 90' lang='lat' dir='ltr'><strong>etiam,</strong></span> <span class='ocrx_word' id='word_1_481' title='bbox 3252 2917 3354 2971; x_wconf 69' lang='grc' dir='ltr'>ξιι-</span> 
     </span>
    </p>
   </div>
   <div class='ocr_carea' id='block_1_61' title="bbox 1781 3006 3349 3081">
    <p class='ocr_par' dir='ltr' id='par_1_61' title="bbox 1781 3006 3349 3081">
     <span class='ocr_line' id='line_1_61' title="bbox 1781 3006 3349 3081; baseline -0.001 -19"><span class='ocrx_word' id='word_1_482' title='bbox 1781 3008 1919 3081; x_wconf 85' lang='lat' dir='ltr'><strong>quit,</strong></span> <span class='ocrx_word' id='word_1_483' title='bbox 1949 3023 2047 3061; x_wconf 68' lang='lat' dir='ltr'><strong>vos:</strong></span> <span class='ocrx_word' id='word_1_484' title='bbox 2080 3008 2297 3061; x_wconf 80' lang='lat' dir='ltr'><strong>tonitrui</strong></span> <span class='ocrx_word' id='word_1_485' title='bbox 2321 3008 2399 3061; x_wconf 86' lang='lat' dir='ltr'><strong>tui</strong></span> <span class='ocrx_word' id='word_1_486' title='bbox 2429 3008 2485 3061; x_wconf 86' lang='lat' dir='ltr'><strong>in</strong></span> <span class='ocrx_word' id='word_1_487' title='bbox 2509 3018 2647 3062; x_wconf 87' lang='lat' dir='ltr'><strong>rota.</strong></span> <span class='ocrx_word' id='word_1_488' title='bbox 2670 3006 2998 3062; x_wconf 82' lang='lat' dir='ltr'><strong>Tonitruum</strong></span> <span class='ocrx_word' id='word_1_489' title='bbox 3051 3008 3140 3062; x_wconf 91' lang='lat' dir='ltr'><strong>hic</strong></span> <span class='ocrx_word' id='word_1_490' title='bbox 3179 3024 3349 3063; x_wconf 87' lang='lat' dir='ltr'><strong>evan-</strong></span> 
     </span>
    </p>
   </div>
   <div class='ocr_carea' id='block_1_62' title="bbox 131 3099 1683 3191">
    <p class='ocr_par' dir='ltr' id='par_1_62' title="bbox 131 3104 1679 3175">
     <span class='ocr_line' id='line_1_62' title="bbox 131 3104 1679 3175; baseline 0.001 -19"><span class='ocrx_word' id='word_1_491' title='bbox 131 3104 362 3174; x_wconf 72' lang='grc' dir='ltr'>ρύττοντα</span> <span class='ocrx_word' id='word_1_492' title='bbox 382 3123 396 3136; x_wconf 71' lang='grc'><strong><em>⁸</em></strong></span> <span class='ocrx_word' id='word_1_493' title='bbox 427 3107 512 3159; x_wconf 83' lang='grc' dir='ltr'><strong>διὸ</strong></span> <span class='ocrx_word' id='word_1_494' title='bbox 540 3106 748 3175; x_wconf 73' lang='grc' dir='ltr'>φωνὴν</span> <span class='ocrx_word' id='word_1_495' title='bbox 778 3106 1007 3160; x_wconf 80' lang='grc' dir='ltr'>ἔδωκαν</span> <span class='ocrx_word' id='word_1_496' title='bbox 1033 3109 1092 3159; x_wconf 85' lang='grc' dir='ltr'>αἱ</span> <span class='ocrx_word' id='word_1_497' title='bbox 1119 3106 1365 3175; x_wconf 70' lang='grc' dir='ltr'>νεφέλαι</span> <span class='ocrx_word' id='word_1_498' title='bbox 1387 3125 1400 3138; x_wconf 87' lang='grc'><strong>·</strong></span> <span class='ocrx_word' id='word_1_499' title='bbox 1427 3106 1560 3161; x_wconf 86' lang='grc' dir='ltr'><strong>ἀλλά</strong></span> <span class='ocrx_word' id='word_1_500' title='bbox 1586 3106 1679 3159; x_wconf 74' lang='grc' dir='ltr'>καὶ</span> 
     </span>
    </p>
   </div>
   <div class='ocr_carea' id='block_1_63' title="bbox 1785 3099 3350 3191">
    <p class='ocr_par' dir='ltr' id='par_1_63' title="bbox 1785 3099 3350 3173">
     <span class='ocr_line' id='line_1_63' title="bbox 1785 3099 3350 3173; baseline 0 -18"><span class='ocrx_word' id='word_1_501' title='bbox 1785 3101 2009 3173; x_wconf 76' lang='lat' dir='ltr'><strong>gelicam</strong></span> <span class='ocrx_word' id='word_1_502' title='bbox 2040 3100 2481 3170; x_wconf 77' lang='lat' dir='ltr'><strong>praedicationem</strong></span> <span class='ocrx_word' id='word_1_503' title='bbox 2512 3100 2841 3154; x_wconf 89' lang='lat' dir='ltr'><strong>subindicat.</strong></span> <span class='ocrx_word' id='word_1_504' title='bbox 2875 3099 3028 3155; x_wconf 87' lang='lat' dir='ltr'><strong>Sicut</strong></span> <span class='ocrx_word' id='word_1_505' title='bbox 3060 3100 3205 3155; x_wconf 89' lang='lat' dir='ltr'><strong>enim</strong></span> <span class='ocrx_word' id='word_1_506' title='bbox 3246 3115 3350 3155; x_wconf 78' lang='lat' dir='ltr'><strong>vox</strong></span> 
     </span>
    </p>
   </div>
   <div class='ocr_carea' id='block_1_64' title="bbox 127 3196 1678 3269">
    <p class='ocr_par' dir='ltr' id='par_1_64' title="bbox 127 3196 1678 3269">
     <span class='ocr_line' id='line_1_64' title="bbox 127 3196 1678 3269; baseline 0.001 -20"><span class='ocrx_word' id='word_1_507' title='bbox 127 3197 275 3265; x_wconf 78' lang='grc' dir='ltr'>Φωνὴ</span> <span class='ocrx_word' id='word_1_508' title='bbox 300 3197 407 3265; x_wconf 86' lang='grc' dir='ltr'>τῆς</span> <span class='ocrx_word' id='word_1_509' title='bbox 438 3196 853 3267; x_wconf 80' lang='grc' dir='ltr'>βροντῆςσου,</span> <span class='ocrx_word' id='word_1_510' title='bbox 888 3199 1068 3269; x_wconf 75' lang='grc' dir='ltr'>φησὶν,</span> <span class='ocrx_word' id='word_1_511' title='bbox 1094 3200 1163 3253; x_wconf 77' lang='grc' dir='ltr'><em>ἐν</em></span> <span class='ocrx_word' id='word_1_512' title='bbox 1183 3199 1263 3265; x_wconf 86' lang='grc' dir='ltr'>τῷ</span> <span class='ocrx_word' id='word_1_513' title='bbox 1284 3199 1494 3267; x_wconf 81' lang='grc' dir='ltr'>τροχῷ·</span> <span class='ocrx_word' id='word_1_514' title='bbox 1526 3198 1678 3269; x_wconf 83' lang='grc' dir='ltr'>βρον-</span> 
     </span>
    </p>
   </div>
   <div class='ocr_carea' id='block_1_65' title="bbox 124 3287 1679 3364">
    <p class='ocr_par' dir='ltr' id='par_1_65' title="bbox 124 3287 1679 3364">
     <span class='ocr_line' id='line_1_65' title="bbox 124 3287 1679 3364; baseline 0.001 -21"><span class='ocrx_word' id='word_1_515' title='bbox 124 3287 208 3361; x_wconf 78' lang='grc' dir='ltr'>τὴν</span> <span class='ocrx_word' id='word_1_516' title='bbox 236 3291 290 3343; x_wconf 81' lang='grc' dir='ltr'><strong>δὲ</strong></span> <span class='ocrx_word' id='word_1_517' title='bbox 316 3291 553 3345; x_wconf 75' lang='grc' dir='ltr'>ἐνταῦθα</span> <span class='ocrx_word' id='word_1_518' title='bbox 583 3290 643 3344; x_wconf 81' lang='grc' dir='ltr'>τὸ</span> <span class='ocrx_word' id='word_1_519' title='bbox 676 3292 936 3364; x_wconf 87' lang='grc' dir='ltr'>κήρυγμα</span> <span class='ocrx_word' id='word_1_520' title='bbox 972 3291 1033 3343; x_wconf 78' lang='grc' dir='ltr'>τὸ</span> <span class='ocrx_word' id='word_1_521' title='bbox 1073 3293 1423 3361; x_wconf 75' lang='grc' dir='ltr'>εὐαγγελικὸν</span> <span class='ocrx_word' id='word_1_522' title='bbox 1450 3292 1679 3345; x_wconf 79' lang='grc' dir='ltr'>αἰνίττε-</span> 
     </span>
    </p>
   </div>
   <div class='ocr_carea' id='block_1_66' title="bbox 124 3382 1676 3456">
    <p class='ocr_par' dir='ltr' id='par_1_66' title="bbox 124 3382 1676 3456">
     <span class='ocr_line' id='line_1_66' title="bbox 124 3382 1676 3456; baseline 0.001 -23"><span class='ocrx_word' id='word_1_523' title='bbox 124 3399 217 3434; x_wconf 72' lang='grc' dir='ltr'>ται.</span> <span class='ocrx_word' id='word_1_524' title='bbox 284 3383 368 3447; x_wconf 81' lang='grc' dir='ltr'>Ὠς</span> <span class='ocrx_word' id='word_1_525' title='bbox 402 3384 515 3453; x_wconf 82' lang='grc' dir='ltr'><strong>γὰρ</strong></span> <span class='ocrx_word' id='word_1_526' title='bbox 556 3383 706 3455; x_wconf 84' lang='grc' dir='ltr'>φωνὴ</span> <span class='ocrx_word' id='word_1_527' title='bbox 738 3382 964 3455; x_wconf 87' lang='grc' dir='ltr'>βροντῆς</span> <span class='ocrx_word' id='word_1_528' title='bbox 992 3383 1241 3456; x_wconf 74' lang='grc' dir='ltr'>οὐράνιος</span> <span class='ocrx_word' id='word_1_529' title='bbox 1272 3384 1527 3454; x_wconf 85' lang='grc' dir='ltr'>τυγχάνει</span> <span class='ocrx_word' id='word_1_530' title='bbox 1559 3382 1676 3453; x_wconf 79' lang='grc' dir='ltr'>βοὴ,</span> 
     </span>
    </p>
   </div>
   <div class='ocr_carea' id='block_1_67' title="bbox 125 3476 1677 3548">
    <p class='ocr_par' dir='ltr' id='par_1_67' title="bbox 125 3476 1677 3548">
     <span class='ocr_line' id='line_1_67' title="bbox 125 3476 1677 3548; baseline 0.002 -21"><span class='ocrx_word' id='word_1_531' title='bbox 125 3476 204 3528; x_wconf 75' lang='grc' dir='ltr'>καὶ</span> <span class='ocrx_word' id='word_1_532' title='bbox 238 3479 408 3531; x_wconf 79' lang='grc' dir='ltr'>πᾶσαν</span> <span class='ocrx_word' id='word_1_533' title='bbox 457 3476 804 3548; x_wconf 84' lang='grc' dir='ltr'>ἀνθρωπίνην</span> <span class='ocrx_word' id='word_1_534' title='bbox 850 3477 1256 3545; x_wconf 81' lang='grc' dir='ltr'>ὑπερϐάλλουσα</span> <span class='ocrx_word' id='word_1_535' title='bbox 1289 3477 1516 3548; x_wconf 82' lang='grc' dir='ltr'>δύναμιν</span> <span class='ocrx_word' id='word_1_536' title='bbox 1540 3516 1553 3540; x_wconf 94' lang='grc'><strong>,</strong></span> <span class='ocrx_word' id='word_1_537' title='bbox 1587 3477 1677 3530; x_wconf 84' lang='grc' dir='ltr'><strong>τὸν</strong></span> 
     </span>
    </p>
   </div>
   <div class='ocr_carea' id='block_1_68' title="bbox 125 3567 1677 3639">
    <p class='ocr_par' dir='ltr' id='par_1_68' title="bbox 125 3567 1677 3639">
     <span class='ocr_line' id='line_1_68' title="bbox 125 3567 1677 3639; baseline 0.003 -23"><span class='ocrx_word' id='word_1_538' title='bbox 125 3567 267 3619; x_wconf 72' lang='grc' dir='ltr'>αὐτὸν</span> <span class='ocrx_word' id='word_1_539' title='bbox 290 3568 490 3639; x_wconf 78' lang='grc' dir='ltr'>τρόπον</span> <span class='ocrx_word' id='word_1_540' title='bbox 518 3568 611 3621; x_wconf 75' lang='grc' dir='ltr'><strong>καὶ</strong></span> <span class='ocrx_word' id='word_1_541' title='bbox 636 3568 696 3620; x_wconf 85' lang='grc' dir='ltr'><strong>τὸ</strong></span> <span class='ocrx_word' id='word_1_542' title='bbox 726 3568 1076 3637; x_wconf 80' lang='grc' dir='ltr'>εὑαγγελικὸν</span> <span class='ocrx_word' id='word_1_543' title='bbox 1104 3570 1365 3639; x_wconf 86' lang='grc' dir='ltr'>κήρυγμα</span> <span class='ocrx_word' id='word_1_544' title='bbox 1387 3610 1402 3635; x_wconf 88' lang='grc'><strong>,</strong></span> <span class='ocrx_word' id='word_1_545' title='bbox 1432 3567 1677 3639; x_wconf 82' lang='grc' dir='ltr'>οὐράνιον</span> 
     </span>
    </p>
   </div>
   <div class='ocr_carea' id='block_1_69' title="bbox 122 3660 1678 3733">
    <p class='ocr_par' dir='ltr' id='par_1_69' title="bbox 122 3660 1678 3733">
     <span class='ocr_line' id='line_1_69' title="bbox 122 3660 1678 3733; baseline 0.002 -23"><span class='ocrx_word' id='word_1_546' title='bbox 122 3660 382 3730; x_wconf 79' lang='grc' dir='ltr'>τυγχάνον,</span> <span class='ocrx_word' id='word_1_547' title='bbox 410 3663 516 3715; x_wconf 72' lang='grc' dir='ltr'><strong>οὐκ</strong></span> <span class='ocrx_word' id='word_1_548' title='bbox 542 3661 885 3733; x_wconf 82' lang='grc' dir='ltr'>ἀνθρωπίνην</span> <span class='ocrx_word' id='word_1_549' title='bbox 918 3663 1190 3732; x_wconf 81' lang='grc' dir='ltr'>περιεῖχεν</span> <span class='ocrx_word' id='word_1_550' title='bbox 1215 3660 1388 3731; x_wconf 75' lang='grc' dir='ltr'>ἰσχύν.</span> <span class='ocrx_word' id='word_1_551' title='bbox 1415 3661 1547 3714; x_wconf 82' lang='grc' dir='ltr'><strong>Οὐδὲ</strong></span> <span class='ocrx_word' id='word_1_552' title='bbox 1571 3662 1678 3731; x_wconf 84' lang='grc' dir='ltr'>γὰρ</span> 
     </span>
    </p>
   </div>
   <div class='ocr_carea' id='block_1_70' title="bbox 123 3750 1678 3825">
    <p class='ocr_par' dir='ltr' id='par_1_70' title="bbox 123 3750 1678 3825">
     <span class='ocr_line' id='line_1_70' title="bbox 123 3750 1678 3825; baseline 0.001 -22"><span class='ocrx_word' id='word_1_553' title='bbox 123 3752 178 3804; x_wconf 83' lang='grc' dir='ltr'><strong>ὲκ</strong></span> <span class='ocrx_word' id='word_1_554' title='bbox 206 3753 397 3824; x_wconf 82' lang='grc' dir='ltr'>θνητῆς</span> <span class='ocrx_word' id='word_1_555' title='bbox 428 3752 624 3825; x_wconf 84' lang='grc' dir='ltr'>βουλῆς</span> <span class='ocrx_word' id='word_1_556' title='bbox 653 3753 902 3824; x_wconf 82' lang='grc' dir='ltr'>ὡρμᾶτο·</span> <span class='ocrx_word' id='word_1_557' title='bbox 953 3754 1046 3805; x_wconf 87' lang='grc' dir='ltr'><strong>σὺν</strong></span> <span class='ocrx_word' id='word_1_558' title='bbox 1074 3753 1225 3823; x_wconf 85' lang='grc' dir='ltr'>θεῖκῇ</span> <span class='ocrx_word' id='word_1_559' title='bbox 1257 3752 1314 3805; x_wconf 87' lang='grc' dir='ltr'>δὲ</span> <span class='ocrx_word' id='word_1_560' title='bbox 1346 3750 1565 3821; x_wconf 86' lang='grc' dir='ltr'>δυνάμει</span> <span class='ocrx_word' id='word_1_561' title='bbox 1588 3752 1678 3804; x_wconf 84' lang='grc' dir='ltr'><strong>τὸν</strong></span> 
     </span>
    </p>
   </div>
   <div class='ocr_carea' id='block_1_71' title="bbox 124 3843 1678 3917">
    <p class='ocr_par' dir='ltr' id='par_1_71' title="bbox 124 3843 1678 3917">
     <span class='ocr_line' id='line_1_71' title="bbox 124 3843 1678 3917; baseline 0 -23"><span class='ocrx_word' id='word_1_562' title='bbox 124 3844 391 3915; x_wconf 65' lang='grc' dir='ltr'>σύμπαντα</span> <span class='ocrx_word' id='word_1_563' title='bbox 419 3846 658 3917; x_wconf 76' lang='grc' dir='ltr'>ἐπλήρου</span> <span class='ocrx_word' id='word_1_564' title='bbox 693 3844 911 3916; x_wconf 86' lang='grc' dir='ltr'>κόσμον.</span> <span class='ocrx_word' id='word_1_565' title='bbox 953 3844 1043 3896; x_wconf 82' lang='grc' dir='ltr'>Διὸ</span> <span class='ocrx_word' id='word_1_566' title='bbox 1073 3843 1167 3896; x_wconf 76' lang='grc' dir='ltr'><strong>καὶ</strong></span> <span class='ocrx_word' id='word_1_567' title='bbox 1196 3844 1320 3906; x_wconf 80' lang='grc' dir='ltr'>τοὺς</span> <span class='ocrx_word' id='word_1_568' title='bbox 1351 3843 1678 3907; x_wconf 85' lang='grc' dir='ltr'>ἀποστόλους</span> 
     </span>
    </p>
   </div>
   <div class='ocr_carea' id='block_1_72' title="bbox 122 3934 1680 4009">
    <p class='ocr_par' dir='ltr' id='par_1_72' title="bbox 122 3934 1680 4009">
     <span class='ocr_line' id='line_1_72' title="bbox 122 3934 1680 4009; baseline -0.001 -23"><span class='ocrx_word' id='word_1_569' title='bbox 122 3937 267 3990; x_wconf 74' lang='grc' dir='ltr'>αὑτοῦ</span> <span class='ocrx_word' id='word_1_570' title='bbox 286 3938 313 3989; x_wconf 86' lang='lat'><strong>6</strong></span> <span class='ocrx_word' id='word_1_571' title='bbox 334 3939 528 4009; x_wconf 83' lang='grc' dir='ltr'>Σωτὴρ</span> <span class='ocrx_word' id='word_1_572' title='bbox 548 3936 884 4005; x_wconf 70' lang='grc' dir='ltr'>,ϐοανῆργες</span> <span class='ocrx_word' id='word_1_573' title='bbox 905 3934 1203 4005; x_wconf 77' lang='grc' dir='ltr'>ὠνόμαζεν,</span> <span class='ocrx_word' id='word_1_574' title='bbox 1233 3936 1367 4005; x_wconf 84' lang='grc' dir='ltr'>ὅπερ</span> <span class='ocrx_word' id='word_1_575' title='bbox 1388 3934 1680 4006; x_wconf 77' lang='grc' dir='ltr'>ἑρμηνεύε-</span> 
     </span>
    </p>
   </div>
   <div class='ocr_carea' id='block_1_73' title="bbox 121 4024 1678 4098">
    <p class='ocr_par' dir='ltr' id='par_1_73' title="bbox 121 4024 1678 4098">
     <span class='ocr_line' id='line_1_73' title="bbox 121 4024 1678 4098; baseline -0.002 -18"><span class='ocrx_word' id='word_1_576' title='bbox 121 4046 198 4081; x_wconf 88' lang='grc' dir='ltr'><strong>ται</strong></span> <span class='ocrx_word' id='word_1_577' title='bbox 223 4029 637 4098; x_wconf 77' lang='grc' dir='ltr'>υἱοὶβροντῆς.</span> <span class='ocrx_word' id='word_1_578' title='bbox 654 4028 859 4082; x_wconf 76' lang='grc' dir='ltr'>Οὐκοῦν</span> <span class='ocrx_word' id='word_1_579' title='bbox 878 4028 972 4081; x_wconf 76' lang='grc' dir='ltr'>καὶ</span> <span class='ocrx_word' id='word_1_580' title='bbox 993 4024 1224 4079; x_wconf 78' lang='grc' dir='ltr'>ἐνταῦθα</span> <span class='ocrx_word' id='word_1_581' title='bbox 1242 4026 1547 4088; x_wconf 82' lang='grc' dir='ltr'>ἀκολούθως</span> <span class='ocrx_word' id='word_1_582' title='bbox 1566 4027 1678 4089; x_wconf 83' lang='grc' dir='ltr'>τοῖς</span> 
     </span>
    </p>
   </div>
   <div class='ocr_carea' id='block_1_74' title="bbox 122 4112 1680 4191">
    <p class='ocr_par' dir='ltr' id='par_1_74' title="bbox 122 4112 1680 4191">
     <span class='ocr_line' id='line_1_74' title="bbox 122 4112 1680 4191; baseline -0.001 -22"><span class='ocrx_word' id='word_1_583' title='bbox 122 4117 409 4191; x_wconf 72' lang='grc' dir='ltr'>ἔμπροσθεν</span> <span class='ocrx_word' id='word_1_584' title='bbox 443 4121 686 4191; x_wconf 79' lang='grc' dir='ltr'>εἴρηται·</span> <span class='ocrx_word' id='word_1_585' title='bbox 721 4118 891 4186; x_wconf 80' lang='grc' dir='ltr'>Φωνὴ</span> <span class='ocrx_word' id='word_1_586' title='bbox 925 4116 1036 4184; x_wconf 83' lang='grc' dir='ltr'>τῆς</span> <span class='ocrx_word' id='word_1_587' title='bbox 1060 4115 1326 4184; x_wconf 76' lang='grc' dir='ltr'>βροντῆς</span> <span class='ocrx_word' id='word_1_588' title='bbox 1357 4132 1472 4169; x_wconf 87' lang='grc' dir='ltr'><strong>σου</strong></span> <span class='ocrx_word' id='word_1_589' title='bbox 1500 4116 1569 4168; x_wconf 78' lang='grc' dir='ltr'>ἐν</span> <span class='ocrx_word' id='word_1_590' title='bbox 1600 4112 1680 4179; x_wconf 82' lang='grc' dir='ltr'>τῷ</span> 
     </span>
    </p>
   </div>
   <div class='ocr_carea' id='block_1_75' title="bbox 119 4204 1680 4282">
    <p class='ocr_par' dir='ltr' id='par_1_75' title="bbox 119 4204 1680 4282">
     <span class='ocr_line' id='line_1_75' title="bbox 119 4204 1680 4282; baseline -0.004 -21"><span class='ocrx_word' id='word_1_591' title='bbox 119 4209 311 4280; x_wconf 82' lang='grc' dir='ltr'>τροχῷ.</span> <span class='ocrx_word' id='word_1_592' title='bbox 344 4211 550 4282; x_wconf 81' lang='grc' dir='ltr'>Τροχὸν</span> <span class='ocrx_word' id='word_1_593' title='bbox 575 4210 631 4263; x_wconf 82' lang='grc' dir='ltr'>δὲ</span> <span class='ocrx_word' id='word_1_594' title='bbox 662 4209 913 4281; x_wconf 89' lang='grc' dir='ltr'>σημαίνει</span> <span class='ocrx_word' id='word_1_595' title='bbox 939 4208 1029 4263; x_wconf 79' lang='grc' dir='ltr'><strong>τὸν</strong></span> <span class='ocrx_word' id='word_1_596' title='bbox 1057 4206 1345 4277; x_wconf 79' lang='grc' dir='ltr'>σύμπαντα</span> <span class='ocrx_word' id='word_1_597' title='bbox 1376 4205 1487 4275; x_wconf 87' lang='grc' dir='ltr'>βίον</span> <span class='ocrx_word' id='word_1_598' title='bbox 1506 4220 1519 4235; x_wconf 76' lang='grc'><strong>⁸</strong></span> <span class='ocrx_word' id='word_1_599' title='bbox 1556 4204 1680 4256; x_wconf 75' lang='grc' dir='ltr'>ἐπεὶ</span> 
     </span>
    </p>
   </div>
   <div class='ocr_carea' id='block_1_76' title="bbox 121 4289 1679 4374">
    <p class='ocr_par' dir='ltr' id='par_1_76' title="bbox 121 4289 1679 4374">
     <span class='ocr_line' id='line_1_76' title="bbox 121 4289 1679 4374; baseline -0.004 -21"><span class='ocrx_word' id='word_1_600' title='bbox 121 4303 203 4354; x_wconf 72' lang='grc' dir='ltr'>καὶ</span> <span class='ocrx_word' id='word_1_601' title='bbox 226 4304 278 4355; x_wconf 82' lang='grc' dir='ltr'>ὲν</span> <span class='ocrx_word' id='word_1_602' title='bbox 306 4303 382 4374; x_wconf 77' lang='grc' dir='ltr'>τῷ</span> <span class='ocrx_word' id='word_1_603' title='bbox 426 4302 673 4373; x_wconf 70' lang='grc' dir='ltr'>Ἑζεκιὴλ</span> <span class='ocrx_word' id='word_1_604' title='bbox 703 4301 895 4372; x_wconf 73' lang='grc' dir='ltr'>τροχὸς</span> <span class='ocrx_word' id='word_1_605' title='bbox 924 4304 979 4353; x_wconf 86' lang='grc' dir='ltr'>ὲν</span> <span class='ocrx_word' id='word_1_606' title='bbox 1008 4299 1186 4370; x_wconf 82' lang='grc' dir='ltr'>τροχῷ</span> <span class='ocrx_word' id='word_1_607' title='bbox 1218 4298 1462 4351; x_wconf 83' lang='grc' dir='ltr'>λέλεκται</span> <span class='ocrx_word' id='word_1_608' title='bbox 1488 4289 1679 4365; x_wconf 59' lang='lat'><strong>6061.1.-</strong></span> 
     </span>
    </p>
   </div>
   <div class='ocr_carea' id='block_1_77' title="bbox 120 4386 1677 4465">
    <p class='ocr_par' dir='ltr' id='par_1_77' title="bbox 120 4386 1677 4465">
     <span class='ocr_line' id='line_1_77' title="bbox 120 4386 1677 4465; baseline -0.004 -20"><span class='ocrx_word' id='word_1_609' title='bbox 120 4411 216 4457; x_wconf 81' lang='grc' dir='ltr'><strong>πας</strong></span> <span class='ocrx_word' id='word_1_610' title='bbox 234 4394 338 4447; x_wconf 88' lang='grc' dir='ltr'><strong>τῶν</strong></span> <span class='ocrx_word' id='word_1_611' title='bbox 366 4393 669 4465; x_wconf 84' lang='grc' dir='ltr'>ἀνθρώπων</span> <span class='ocrx_word' id='word_1_612' title='bbox 706 4394 835 4464; x_wconf 89' lang='grc' dir='ltr'>βίος.</span> <span class='ocrx_word' id='word_1_613' title='bbox 868 4393 1020 4445; x_wconf 85' lang='grc' dir='ltr'>Ἐστι</span> <span class='ocrx_word' id='word_1_614' title='bbox 1054 4392 1150 4462; x_wconf 84' lang='grc' dir='ltr'><strong>μὲν</strong></span> <span class='ocrx_word' id='word_1_615' title='bbox 1176 4386 1267 4444; x_wconf 75' lang='grc' dir='ltr'>οὖν</span> <span class='ocrx_word' id='word_1_616' title='bbox 1301 4389 1492 4460; x_wconf 75' lang='grc' dir='ltr'>τροχὸς</span> <span class='ocrx_word' id='word_1_617' title='bbox 1514 4389 1542 4439; x_wconf 76' lang='grc' dir='ltr'>ὁ</span> <span class='ocrx_word' id='word_1_618' title='bbox 1585 4387 1677 4440; x_wconf 85' lang='grc' dir='ltr'>κό-</span> 
     </span>
    </p>
   </div>
   <div class='ocr_carea' id='block_1_78' title="bbox 1782 3188 3350 3262">
    <p class='ocr_par' dir='ltr' id='par_1_78' title="bbox 1782 3188 3350 3262">
     <span class='ocr_line' id='line_1_78' title="bbox 1782 3188 3350 3262; baseline 0 -16"><span class='ocrx_word' id='word_1_619' title='bbox 1782 3194 2008 3248; x_wconf 86' lang='lat' dir='ltr'><strong>tonitrui</strong></span> <span class='ocrx_word' id='word_1_620' title='bbox 2052 3194 2292 3248; x_wconf 64' lang='lat' dir='ltr'><strong>caelestis</strong></span> <span class='ocrx_word' id='word_1_621' title='bbox 2327 3192 2541 3247; x_wconf 87' lang='lat' dir='ltr'><strong>sonitus</strong></span> <span class='ocrx_word' id='word_1_622' title='bbox 2579 3188 3111 3262; x_wconf 80' lang='lat' dir='ltr'><strong>est,&#39;humanamque</strong></span> <span class='ocrx_word' id='word_1_623' title='bbox 3132 3206 3350 3246; x_wconf 89' lang='lat' dir='ltr'><strong>omnem</strong></span> 
     </span>
    </p>
   </div>
   <div class='ocr_carea' id='block_1_79' title="bbox 1779 3282 3349 3354">
    <p class='ocr_par' dir='ltr' id='par_1_79' title="bbox 1779 3282 3349 3354">
     <span class='ocr_line' id='line_1_79' title="bbox 1779 3282 3349 3354; baseline -0.004 -13"><span class='ocrx_word' id='word_1_624' title='bbox 1779 3287 2036 3341; x_wconf 86' lang='lat' dir='ltr'><strong>virtutem</strong></span> <span class='ocrx_word' id='word_1_625' title='bbox 2058 3291 2384 3354; x_wconf 82' lang='lat' dir='ltr'><strong>exsuperat;</strong></span> <span class='ocrx_word' id='word_1_626' title='bbox 2419 3284 2501 3339; x_wconf 89' lang='lat' dir='ltr'><strong>sic</strong></span> <span class='ocrx_word' id='word_1_627' title='bbox 2550 3290 2604 3338; x_wconf 89' lang='lat' dir='ltr'><strong>et</strong></span> <span class='ocrx_word' id='word_1_628' title='bbox 2654 3285 2968 3354; x_wconf 80' lang='lat' dir='ltr'><strong>evangelica</strong></span> <span class='ocrx_word' id='word_1_629' title='bbox 3013 3282 3349 3354; x_wconf 74' lang='lat' dir='ltr'><strong>praedicatio,</strong></span> 
     </span>
    </p>
   </div>
   <div class='ocr_carea' id='block_1_80' title="bbox 1780 3373 3349 3445">
    <p class='ocr_par' dir='ltr' id='par_1_80' title="bbox 1780 3373 3349 3445">
     <span class='ocr_line' id='line_1_80' title="bbox 1780 3373 3349 3445; baseline -0.006 -12"><span class='ocrx_word' id='word_1_630' title='bbox 1780 3379 2020 3433; x_wconf 77' lang='lat' dir='ltr'><strong>caelestis</strong></span> <span class='ocrx_word' id='word_1_631' title='bbox 2045 3393 2170 3432; x_wconf 89' lang='lat' dir='ltr'><strong>cum</strong></span> <span class='ocrx_word' id='word_1_632' title='bbox 2196 3377 2287 3445; x_wconf 88' lang='lat' dir='ltr'><strong>sit,</strong></span> <span class='ocrx_word' id='word_1_633' title='bbox 2323 3390 2435 3430; x_wconf 88' lang='lat' dir='ltr'><strong>non</strong></span> <span class='ocrx_word' id='word_1_634' title='bbox 2467 3374 2706 3428; x_wconf 89' lang='lat' dir='ltr'><strong>humana</strong></span> <span class='ocrx_word' id='word_1_635' title='bbox 2735 3376 2933 3429; x_wconf 86' lang='lat' dir='ltr'><strong>virtute</strong></span> <span class='ocrx_word' id='word_1_636' title='bbox 2965 3373 3188 3443; x_wconf 71' lang='lat' dir='ltr'><strong>praedita</strong></span> <span class='ocrx_word' id='word_1_637' title='bbox 3211 3379 3349 3426; x_wconf 90' lang='lat' dir='ltr'><strong>erat.</strong></span> 
     </span>
    </p>
   </div>
   <div class='ocr_carea' id='block_1_81' title="bbox 1780 3462 3352 3539">
    <p class='ocr_par' dir='ltr' id='par_1_81' title="bbox 1780 3462 3352 3539">
     <span class='ocr_line' id='line_1_81' title="bbox 1780 3462 3352 3539; baseline -0.006 -15"><span class='ocrx_word' id='word_1_638' title='bbox 1780 3468 1965 3539; x_wconf 88' lang='lat' dir='ltr'><strong>Neque</strong></span> <span class='ocrx_word' id='word_1_639' title='bbox 1998 3469 2144 3525; x_wconf 89' lang='lat' dir='ltr'><strong>enim</strong></span> <span class='ocrx_word' id='word_1_640' title='bbox 2178 3484 2245 3522; x_wconf 78' lang='lat' dir='ltr'><strong>ex</strong></span> <span class='ocrx_word' id='word_1_641' title='bbox 2268 3465 2483 3521; x_wconf 86' lang='lat' dir='ltr'><strong>mortali</strong></span> <span class='ocrx_word' id='word_1_642' title='bbox 2522 3464 2801 3520; x_wconf 83' lang='lat' dir='ltr'><strong>voluntate</strong></span> <span class='ocrx_word' id='word_1_643' title='bbox 2822 3465 3095 3535; x_wconf 89' lang='lat' dir='ltr'><strong>prodibat,</strong></span> <span class='ocrx_word' id='word_1_644' title='bbox 3127 3462 3221 3518; x_wconf 91' lang='lat' dir='ltr'><strong>sed</strong></span> <span class='ocrx_word' id='word_1_645' title='bbox 3262 3462 3352 3515; x_wconf 86' lang='lat' dir='ltr'><strong>di-</strong></span> 
     </span>
    </p>
   </div>
   <div class='ocr_carea' id='block_1_82' title="bbox 1778 3555 3349 3634">
    <p class='ocr_par' dir='ltr' id='par_1_82' title="bbox 1778 3555 3349 3634">
     <span class='ocr_line' id='line_1_82' title="bbox 1778 3555 3349 3634; baseline -0.008 -16"><span class='ocrx_word' id='word_1_646' title='bbox 1778 3564 1905 3618; x_wconf 87' lang='lat' dir='ltr'><strong>vina</strong></span> <span class='ocrx_word' id='word_1_647' title='bbox 1935 3569 2206 3634; x_wconf 89' lang='lat' dir='ltr'><strong>potestate</strong></span> <span class='ocrx_word' id='word_1_648' title='bbox 2236 3569 2411 3616; x_wconf 90' lang='lat' dir='ltr'><strong>totum</strong></span> <span class='ocrx_word' id='word_1_649' title='bbox 2436 3561 2701 3630; x_wconf 87' lang='lat' dir='ltr'><strong>implebat</strong></span> <span class='ocrx_word' id='word_1_650' title='bbox 2728 3558 2935 3612; x_wconf 89' lang='lat' dir='ltr'><strong>orbem.</strong></span> <span class='ocrx_word' id='word_1_651' title='bbox 2973 3555 3181 3610; x_wconf 88' lang='lat' dir='ltr'><strong>Idcirco</strong></span> <span class='ocrx_word' id='word_1_652' title='bbox 3213 3568 3349 3622; x_wconf 78' lang='lat' dir='ltr'><strong>apo—</strong></span> 
     </span>
    </p>
   </div>
   <div class='ocr_carea' id='block_1_83' title="bbox 1780 3644 3351 3721">
    <p class='ocr_par' dir='ltr' id='par_1_83' title="bbox 1780 3644 3351 3721">
     <span class='ocr_line' id='line_1_83' title="bbox 1780 3644 3351 3721; baseline -0.009 -10"><span class='ocrx_word' id='word_1_653' title='bbox 1780 3657 1950 3711; x_wconf 92' lang='lat' dir='ltr'><strong>stolos</strong></span> <span class='ocrx_word' id='word_1_654' title='bbox 1999 3669 2129 3711; x_wconf 90' lang='lat' dir='ltr'><strong>suos</strong></span> <span class='ocrx_word' id='word_1_655' title='bbox 2176 3652 2435 3708; x_wconf 87' lang='lat' dir='ltr'><strong>Servator</strong></span> <span class='ocrx_word' id='word_1_656' title='bbox 2484 3654 2777 3721; x_wconf 81' lang='lat' dir='ltr'><strong>Boanerges</strong></span> <span class='ocrx_word' id='word_1_657' title='bbox 2813 3648 3166 3717; x_wconf 87' lang='lat' dir='ltr'><strong>nuncupavit,</strong></span> <span class='ocrx_word' id='word_1_658' title='bbox 3205 3644 3351 3713; x_wconf 87' lang='lat' dir='ltr'><strong>quod</strong></span> 
     </span>
    </p>
   </div>
   <div class='ocr_carea' id='block_1_84' title="bbox 1782 3743 3352 3820">
    <p class='ocr_par' dir='ltr' id='par_1_84' title="bbox 1782 3743 3352 3820">
     <span class='ocr_line' id='line_1_84' title="bbox 1782 3743 3352 3820; baseline -0.01 -15"><span class='ocrx_word' id='word_1_659' title='bbox 1782 3748 2053 3820; x_wconf 76' lang='lat' dir='ltr'><strong>significat</strong></span> <span class='ocrx_word' id='word_1_660' title='bbox 2088 3746 2229 3815; x_wconf 77' lang='lat' dir='ltr'><strong>ﬁlios</strong></span> <span class='ocrx_word' id='word_1_661' title='bbox 2281 3746 2523 3799; x_wconf 87' lang='lat' dir='ltr'><strong>tonitrui.</strong></span> <span class='ocrx_word' id='word_1_662' title='bbox 2574 3743 2673 3796; x_wconf 87' lang='lat' dir='ltr'><strong>llic</strong></span> <span class='ocrx_word' id='word_1_663' title='bbox 2721 3746 2904 3810; x_wconf 89' lang='lat' dir='ltr'><strong>itaque</strong></span> <span class='ocrx_word' id='word_1_664' title='bbox 2953 3746 3352 3808; x_wconf 85' lang='lat' dir='ltr'><strong>consequenter</strong></span> 
     </span>
    </p>
   </div>
   <div class='ocr_carea' id='block_1_85' title="bbox 1780 3827 3352 3911">
    <p class='ocr_par' dir='ltr' id='par_1_85' title="bbox 1780 3827 3352 3911">
     <span class='ocr_line' id='line_1_85' title="bbox 1780 3827 3352 3911; baseline -0.009 -16"><span class='ocrx_word' id='word_1_665' title='bbox 1780 3841 1851 3895; x_wconf 87' lang='lat' dir='ltr'><strong>ad</strong></span> <span class='ocrx_word' id='word_1_666' title='bbox 1886 3841 2071 3911; x_wconf 90' lang='lat' dir='ltr'><strong>priora</strong></span> <span class='ocrx_word' id='word_1_667' title='bbox 2096 3840 2302 3893; x_wconf 83' lang='lat' dir='ltr'><strong>dictum</strong></span> <span class='ocrx_word' id='word_1_668' title='bbox 2325 3847 2428 3902; x_wconf 89' lang='lat' dir='ltr'><strong>est,</strong></span> <span class='ocrx_word' id='word_1_669' title='bbox 2479 3836 2591 3890; x_wconf 74' lang='lat' dir='ltr'><strong>Vox</strong></span> <span class='ocrx_word' id='word_1_670' title='bbox 2617 3836 2837 3888; x_wconf 82' lang='lat' dir='ltr'><strong>tonitrui</strong></span> <span class='ocrx_word' id='word_1_671' title='bbox 2872 3834 2948 3886; x_wconf 87' lang='lat' dir='ltr'><strong>tui</strong></span> <span class='ocrx_word' id='word_1_672' title='bbox 2976 3834 3030 3885; x_wconf 87' lang='lat' dir='ltr'><strong>in</strong></span> <span class='ocrx_word' id='word_1_673' title='bbox 3064 3840 3203 3885; x_wconf 89' lang='lat' dir='ltr'><strong>rota.</strong></span> <span class='ocrx_word' id='word_1_674' title='bbox 3240 3827 3352 3882; x_wconf 79' lang='lat' dir='ltr'><strong>Ro-</strong></span> 
     </span>
    </p>
   </div>
   <div class='ocr_carea' id='block_1_86' title="bbox 1779 3918 3351 3995">
    <p class='ocr_par' dir='ltr' id='par_1_86' title="bbox 1779 3918 3351 3995">
     <span class='ocr_line' id='line_1_86' title="bbox 1779 3918 3351 3995; baseline -0.007 -13"><span class='ocrx_word' id='word_1_675' title='bbox 1779 3938 1888 3983; x_wconf 90' lang='lat' dir='ltr'><strong>tam</strong></span> <span class='ocrx_word' id='word_1_676' title='bbox 1920 3929 2071 3992; x_wconf 90' lang='lat' dir='ltr'><strong>dicit,</strong></span> <span class='ocrx_word' id='word_1_677' title='bbox 2109 3935 2279 3981; x_wconf 89' lang='lat' dir='ltr'><strong>totam</strong></span> <span class='ocrx_word' id='word_1_678' title='bbox 2309 3928 2473 3980; x_wconf 90' lang='lat' dir='ltr'><strong>vitam</strong></span> <span class='ocrx_word' id='word_1_679' title='bbox 2520 3924 2835 3995; x_wconf 76' lang='lat' dir='ltr'><strong>signiﬁcans</strong></span> <span class='ocrx_word' id='word_1_680' title='bbox 2875 3942 2887 3976; x_wconf 94' lang='lat'><strong>:</strong></span> <span class='ocrx_word' id='word_1_681' title='bbox 2940 3937 3066 3975; x_wconf 90' lang='lat' dir='ltr'><strong>nam</strong></span> <span class='ocrx_word' id='word_1_682' title='bbox 3120 3920 3174 3974; x_wconf 91' lang='lat' dir='ltr'><strong>in</strong></span> <span class='ocrx_word' id='word_1_683' title='bbox 3224 3918 3351 3972; x_wconf 82' lang='lat' dir='ltr'><strong>Eze-</strong></span> 
     </span>
    </p>
   </div>
   <div class='ocr_carea' id='block_1_87' title="bbox 1781 4011 3347 4079">
    <p class='ocr_par' dir='ltr' id='par_1_87' title="bbox 1781 4011 3347 4079">
     <span class='ocr_line' id='line_1_87' title="bbox 1781 4011 3347 4079; baseline -0.01 0"><span class='ocrx_word' id='word_1_684' title='bbox 1781 4024 1953 4079; x_wconf 84' lang='lat' dir='ltr'><strong>chiele</strong></span> <span class='ocrx_word' id='word_1_685' title='bbox 1989 4025 2034 4055; x_wconf 83' lang='lat'><strong>&quot;</strong></span> <span class='ocrx_word' id='word_1_686' title='bbox 2067 4032 2177 4077; x_wconf 91' lang='lat' dir='ltr'><strong>tota</strong></span> <span class='ocrx_word' id='word_1_687' title='bbox 2214 4021 2495 4074; x_wconf 88' lang='lat' dir='ltr'><strong>hominum</strong></span> <span class='ocrx_word' id='word_1_688' title='bbox 2540 4019 2649 4070; x_wconf 88' lang='lat' dir='ltr'><strong>vita</strong></span> <span class='ocrx_word' id='word_1_689' title='bbox 2690 4025 2807 4070; x_wconf 90' lang='lat' dir='ltr'><strong>rota</strong></span> <span class='ocrx_word' id='word_1_690' title='bbox 2852 4015 2905 4068; x_wconf 91' lang='lat' dir='ltr'><strong>in</strong></span> <span class='ocrx_word' id='word_1_691' title='bbox 2949 4020 3070 4068; x_wconf 87' lang='lat' dir='ltr'><strong>rota</strong></span> <span class='ocrx_word' id='word_1_692' title='bbox 3123 4011 3347 4065; x_wconf 86' lang='lat' dir='ltr'><strong>dicitur.</strong></span> 
     </span>
    </p>
   </div>
   <div class='ocr_carea' id='block_1_88' title="bbox 1780 4106 3350 4180">
    <p class='ocr_par' dir='ltr' id='par_1_88' title="bbox 1780 4106 3350 4180">
     <span class='ocr_line' id='line_1_88' title="bbox 1780 4106 3350 4180; baseline -0.01 -10"><span class='ocrx_word' id='word_1_693' title='bbox 1780 4115 1920 4170; x_wconf 82' lang='lat' dir='ltr'><strong>Rota</strong></span> <span class='ocrx_word' id='word_1_694' title='bbox 1949 4116 2075 4169; x_wconf 90' lang='lat' dir='ltr'><strong>item</strong></span> <span class='ocrx_word' id='word_1_695' title='bbox 2106 4124 2191 4169; x_wconf 88' lang='lat' dir='ltr'><strong>est</strong></span> <span class='ocrx_word' id='word_1_696' title='bbox 2216 4110 2453 4167; x_wconf 89' lang='lat' dir='ltr'><strong>mundus</strong></span> <span class='ocrx_word' id='word_1_697' title='bbox 2496 4109 2589 4180; x_wconf 89' lang='lat' dir='ltr'><strong>qui</strong></span> <span class='ocrx_word' id='word_1_698' title='bbox 2634 4107 2899 4179; x_wconf 74' lang='lat' dir='ltr'><strong>sphaerica</strong></span> <span class='ocrx_word' id='word_1_699' title='bbox 2935 4106 3108 4158; x_wconf 77' lang='lat' dir='ltr'><strong>forma</strong></span> <span class='ocrx_word' id='word_1_700' title='bbox 3129 4110 3234 4163; x_wconf 83' lang='lat' dir='ltr'><strong>est.</strong></span> <span class='ocrx_word' id='word_1_701' title='bbox 3268 4109 3350 4155; x_wconf 90' lang='lat' dir='ltr'><strong>at-</strong></span> 
     </span>
    </p>
   </div>
   <div class='ocr_carea' id='block_1_89' title="bbox 1781 4195 3352 4280">
    <p class='ocr_par' dir='ltr' id='par_1_89' title="bbox 1781 4195 3352 4280">
     <span class='ocr_line' id='line_1_89' title="bbox 1781 4195 3352 4280; baseline -0.01 -17"><span class='ocrx_word' id='word_1_702' title='bbox 1781 4226 1887 4280; x_wconf 88' lang='lat' dir='ltr'><strong>quc</strong></span> <span class='ocrx_word' id='word_1_703' title='bbox 1909 4210 1965 4262; x_wconf 91' lang='lat' dir='ltr'><strong>in</strong></span> <span class='ocrx_word' id='word_1_704' title='bbox 1996 4207 2261 4261; x_wconf 85' lang='lat' dir='ltr'><strong>circulum</strong></span> <span class='ocrx_word' id='word_1_705' title='bbox 2286 4210 2553 4258; x_wconf 87' lang='lat' dir='ltr'><strong>movetur.</strong></span> <span class='ocrx_word' id='word_1_706' title='bbox 2588 4200 2687 4254; x_wconf 91' lang='lat' dir='ltr'><strong>Hic</strong></span> <span class='ocrx_word' id='word_1_707' title='bbox 2717 4205 2897 4252; x_wconf 90' lang='lat' dir='ltr'><strong>autem</strong></span> <span class='ocrx_word' id='word_1_708' title='bbox 2923 4206 3041 4251; x_wconf 87' lang='lat' dir='ltr'><strong>rota</strong></span> <span class='ocrx_word' id='word_1_709' title='bbox 3062 4203 3145 4250; x_wconf 89' lang='lat' dir='ltr'><strong>est</strong></span> <span class='ocrx_word' id='word_1_710' title='bbox 3174 4195 3352 4249; x_wconf 88' lang='lat' dir='ltr'><strong>homi-</strong></span> 
     </span>
    </p>
   </div>
   <div class='ocr_carea' id='block_1_90' title="bbox 1781 4292 3350 4368">
    <p class='ocr_par' dir='ltr' id='par_1_90' title="bbox 1781 4292 3350 4368">
     <span class='ocr_line' id='line_1_90' title="bbox 1781 4292 3350 4368; baseline -0.009 -12"><span class='ocrx_word' id='word_1_711' title='bbox 1781 4319 1911 4357; x_wconf 90' lang='lat' dir='ltr'><strong>num</strong></span> <span class='ocrx_word' id='word_1_712' title='bbox 1940 4301 2072 4363; x_wconf 83' lang='lat' dir='ltr'><strong>vita,</strong></span> <span class='ocrx_word' id='word_1_713' title='bbox 2108 4314 2228 4368; x_wconf 69' lang='lat' dir='ltr'><strong>quae</strong></span> <span class='ocrx_word' id='word_1_714' title='bbox 2277 4294 2604 4351; x_wconf 87' lang='lat' dir='ltr'><strong>indesinenti</strong></span> <span class='ocrx_word' id='word_1_715' title='bbox 2654 4292 3011 4347; x_wconf 88' lang='lat' dir='ltr'><strong>conversione</strong></span> <span class='ocrx_word' id='word_1_716' title='bbox 3044 4296 3291 4342; x_wconf 82' lang='lat' dir='ltr'><strong>movetur</strong></span> <span class='ocrx_word' id='word_1_717' title='bbox 3328 4304 3350 4342; x_wconf 88' lang='lat'><strong>:</strong></span> 
     </span>
    </p>
   </div>
   <div class='ocr_carea' id='block_1_91' title="bbox 1783 4377 3352 4465">
    <p class='ocr_par' dir='ltr' id='par_1_91' title="bbox 1783 4377 3352 4465">
     <span class='ocr_line' id='line_1_91' title="bbox 1783 4377 3352 4465; baseline -0.011 -17"><span class='ocrx_word' id='word_1_718' title='bbox 1783 4411 1903 4465; x_wconf 69' lang='lat' dir='ltr'><strong>quae</strong></span> <span class='ocrx_word' id='word_1_719' title='bbox 1925 4407 2091 4447; x_wconf 87' lang='lat' dir='ltr'><strong>causa</strong></span> <span class='ocrx_word' id='word_1_720' title='bbox 2120 4399 2203 4445; x_wconf 90' lang='lat' dir='ltr'><strong>est</strong></span> <span class='ocrx_word' id='word_1_721' title='bbox 2234 4398 2293 4444; x_wconf 89' lang='lat' dir='ltr'><strong>ut</strong></span> <span class='ocrx_word' id='word_1_722' title='bbox 2329 4396 2448 4442; x_wconf 88' lang='lat' dir='ltr'><strong>rota</strong></span> <span class='ocrx_word' id='word_1_723' title='bbox 2490 4389 2543 4441; x_wconf 89' lang='lat' dir='ltr'><strong>in</strong></span> <span class='ocrx_word' id='word_1_724' title='bbox 2580 4392 2695 4439; x_wconf 89' lang='lat' dir='ltr'><strong>rota</strong></span> <span class='ocrx_word' id='word_1_725' title='bbox 2728 4384 2871 4438; x_wconf 87' lang='lat' dir='ltr'><strong>dicta</strong></span> <span class='ocrx_word' id='word_1_726' title='bbox 2919 4381 3100 4435; x_wconf 82' lang='lat' dir='ltr'><strong>fuerit.</strong></span> <span class='ocrx_word' id='word_1_727' title='bbox 3150 4377 3352 4432; x_wconf 85' lang='lat' dir='ltr'><strong>Secun-</strong></span> 
     </span>
    </p>
   </div>
   <div class='ocr_carea' id='block_1_92' title="bbox 123 4466 1683 4559">
    <p class='ocr_par' dir='ltr' id='par_1_92' title="bbox 123 4483 1677 4559">
     <span class='ocr_line' id='line_1_92' title="bbox 123 4483 1677 4559; baseline 0 -23"><span class='ocrx_word' id='word_1_728' title='bbox 123 4502 243 4554; x_wconf 85' lang='grc' dir='ltr'>σμος</span> <span class='ocrx_word' id='word_1_729' title='bbox 270 4487 610 4559; x_wconf 79' lang='grc' dir='ltr'>σφαιροειδὴς</span> <span class='ocrx_word' id='word_1_730' title='bbox 625 4486 719 4552; x_wconf 83' lang='grc' dir='ltr'><strong>ῶν,</strong></span> <span class='ocrx_word' id='word_1_731' title='bbox 750 4484 1223 4556; x_wconf 83' lang='grc' dir='ltr'>κυκλοφορητικῶς</span> <span class='ocrx_word' id='word_1_732' title='bbox 1253 4502 1311 4536; x_wconf 91' lang='grc' dir='ltr'><strong>τε</strong></span> <span class='ocrx_word' id='word_1_733' title='bbox 1344 4483 1677 4552; x_wconf 86' lang='grc' dir='ltr'>κινούμενος.</span> 
     </span>
    </p>
   </div>
   <div class='ocr_carea' id='block_1_93' title="bbox 1785 4466 3349 4559">
    <p class='ocr_par' dir='ltr' id='par_1_93' title="bbox 1785 4472 3349 4550">
     <span class='ocr_line' id='line_1_93' title="bbox 1785 4472 3349 4550; baseline -0.012 -12"><span class='ocrx_word' id='word_1_734' title='bbox 1785 4485 1914 4539; x_wconf 90' lang='lat' dir='ltr'><strong>dum</strong></span> <span class='ocrx_word' id='word_1_735' title='bbox 1943 4482 2194 4550; x_wconf 81' lang='lat' dir='ltr'><strong>Aquilam</strong></span> <span class='ocrx_word' id='word_1_736' title='bbox 2226 4493 2378 4540; x_wconf 86' lang='lat' dir='ltr'><strong>vero,</strong></span> <span class='ocrx_word' id='word_1_737' title='bbox 2416 4476 2531 4530; x_wconf 64' lang='lat' dir='ltr'><strong>Vox</strong></span> <span class='ocrx_word' id='word_1_738' title='bbox 2554 4474 2771 4528; x_wconf 84' lang='lat' dir='ltr'><strong>tonitrui</strong></span> <span class='ocrx_word' id='word_1_739' title='bbox 2798 4472 2875 4524; x_wconf 87' lang='lat' dir='ltr'><strong>tui</strong></span> <span class='ocrx_word' id='word_1_740' title='bbox 2905 4472 2955 4523; x_wconf 87' lang='lat' dir='ltr'><strong>in</strong></span> <span class='ocrx_word' id='word_1_741' title='bbox 2987 4478 3137 4531; x_wconf 71' lang='lat' dir='ltr'><strong>rota;</strong></span> <span class='ocrx_word' id='word_1_742' title='bbox 3161 4480 3349 4521; x_wconf 88' lang='lat' dir='ltr'><strong>secun-</strong></span> 
     </span>
    </p>
   </div>
   <div class='ocr_carea' id='block_1_94' title="bbox 131 4574 1678 4649">
    <p class='ocr_par' dir='ltr' id='par_1_94' title="bbox 131 4574 1678 4649">
     <span class='ocr_line' id='line_1_94' title="bbox 131 4574 1678 4649; baseline -0.001 -22"><span class='ocrx_word' id='word_1_743' title='bbox 131 4576 376 4631; x_wconf 75' lang='grc' dir='ltr'>Ἐνταῦθα</span> <span class='ocrx_word' id='word_1_744' title='bbox 400 4579 458 4631; x_wconf 80' lang='grc' dir='ltr'>δὲ</span> <span class='ocrx_word' id='word_1_745' title='bbox 483 4578 673 4649; x_wconf 78' lang='grc' dir='ltr'>τροχὸς</span> <span class='ocrx_word' id='word_1_746' title='bbox 693 4580 720 4630; x_wconf 91' lang='lat'><strong>6</strong></span> <span class='ocrx_word' id='word_1_747' title='bbox 740 4576 848 4630; x_wconf 91' lang='grc' dir='ltr'><strong>τῶν</strong></span> <span class='ocrx_word' id='word_1_748' title='bbox 872 4576 966 4630; x_wconf 89' lang='grc' dir='ltr'>ἀνο</span> <span class='ocrx_word' id='word_1_749' title='bbox 978 4574 1170 4647; x_wconf 82' lang='grc' dir='ltr'>ρώπων</span> <span class='ocrx_word' id='word_1_750' title='bbox 1198 4577 1312 4627; x_wconf 76' lang='grc' dir='ltr'>ἐστὶ</span> <span class='ocrx_word' id='word_1_751' title='bbox 1339 4575 1469 4645; x_wconf 79' lang='grc' dir='ltr'>βίος,</span> <span class='ocrx_word' id='word_1_752' title='bbox 1502 4575 1678 4628; x_wconf 82' lang='grc' dir='ltr'>ἄπαυ-</span> 
     </span>
    </p>
   </div>
   <div class='ocr_carea' id='block_1_95' title="bbox 122 4664 1680 4741">
    <p class='ocr_par' dir='ltr' id='par_1_95' title="bbox 122 4664 1680 4741">
     <span class='ocr_line' id='line_1_95' title="bbox 122 4664 1680 4741; baseline -0.002 -21"><span class='ocrx_word' id='word_1_753' title='bbox 122 4684 230 4720; x_wconf 85' lang='grc' dir='ltr'>στον</span> <span class='ocrx_word' id='word_1_754' title='bbox 258 4670 354 4741; x_wconf 81' lang='grc' dir='ltr'>τὴν</span> <span class='ocrx_word' id='word_1_755' title='bbox 390 4671 628 4741; x_wconf 80' lang='grc' dir='ltr'>στροφὴν</span> <span class='ocrx_word' id='word_1_756' title='bbox 660 4670 1002 4740; x_wconf 73' lang='grc' dir='ltr'>ποιούμενοςο</span> <span class='ocrx_word' id='word_1_757' title='bbox 1060 4668 1137 4719; x_wconf 88' lang='grc' dir='ltr'><strong>διὸ</strong></span> <span class='ocrx_word' id='word_1_758' title='bbox 1170 4668 1262 4719; x_wconf 73' lang='grc' dir='ltr'>καὶ</span> <span class='ocrx_word' id='word_1_759' title='bbox 1290 4666 1482 4737; x_wconf 81' lang='grc' dir='ltr'>τροχὸς</span> <span class='ocrx_word' id='word_1_760' title='bbox 1517 4668 1574 4718; x_wconf 84' lang='grc' dir='ltr'>ὲν</span> <span class='ocrx_word' id='word_1_761' title='bbox 1603 4664 1680 4735; x_wconf 81' lang='grc' dir='ltr'>τῷ</span> 
     </span>
    </p>
   </div>
   <div class='ocr_carea' id='block_1_96' title="bbox 116 4755 1682 4832">
    <p class='ocr_par' dir='ltr' id='par_1_96' title="bbox 116 4755 1682 4832">
     <span class='ocr_line' id='line_1_96' title="bbox 116 4755 1682 4832; baseline -0.002 -21"><span class='ocrx_word' id='word_1_762' title='bbox 116 4761 282 4831; x_wconf 84' lang='grc' dir='ltr'>τροχῷ</span> <span class='ocrx_word' id='word_1_763' title='bbox 306 4762 540 4832; x_wconf 84' lang='grc' dir='ltr'>είρηται.</span> <span class='ocrx_word' id='word_1_764' title='bbox 563 4760 719 4813; x_wconf 76' lang='grc' dir='ltr'>Κατὰ</span> <span class='ocrx_word' id='word_1_765' title='bbox 744 4761 797 4813; x_wconf 83' lang='grc' dir='ltr'>δὲ</span> <span class='ocrx_word' id='word_1_766' title='bbox 816 4761 905 4812; x_wconf 86' lang='grc' dir='ltr'><strong>τὸν</strong></span> <span class='ocrx_word' id='word_1_767' title='bbox 942 4758 1188 4821; x_wconf 74' lang='grc' dir='ltr'>Ἀκύλαν,</span> <span class='ocrx_word' id='word_1_768' title='bbox 1218 4757 1388 4824; x_wconf 76' lang='grc' dir='ltr'>Φωνὴ</span> <span class='ocrx_word' id='word_1_769' title='bbox 1414 4755 1682 4825; x_wconf 77' lang='grc' dir='ltr'>,ϐροντῆς</span> 
     </span>
    </p>
   </div>
   <div class='ocr_carea' id='block_1_97' title="bbox 120 4843 1681 4921">
    <p class='ocr_par' dir='ltr' id='par_1_97' title="bbox 120 4843 1681 4921">
     <span class='ocr_line' id='line_1_97' title="bbox 120 4843 1681 4921; baseline -0.002 -20"><span class='ocrx_word' id='word_1_770' title='bbox 120 4866 224 4904; x_wconf 87' lang='grc' dir='ltr'><strong>σου</strong></span> <span class='ocrx_word' id='word_1_771' title='bbox 256 4852 325 4903; x_wconf 73' lang='grc' dir='ltr'><strong>ἐν</strong></span> <span class='ocrx_word' id='word_1_772' title='bbox 355 4852 437 4916; x_wconf 79' lang='grc' dir='ltr'>τῷ</span> <span class='ocrx_word' id='word_1_773' title='bbox 476 4849 697 4921; x_wconf 79' lang='grc' dir='ltr'>τροχῷ·</span> <span class='ocrx_word' id='word_1_774' title='bbox 736 4850 875 4905; x_wconf 68' lang='grc' dir='ltr'>κατὰ</span> <span class='ocrx_word' id='word_1_775' title='bbox 903 4852 958 4904; x_wconf 82' lang='grc' dir='ltr'><strong>δὲ</strong></span> <span class='ocrx_word' id='word_1_776' title='bbox 986 4851 1073 4904; x_wconf 80' lang='grc' dir='ltr'><strong>τὸν</strong></span> <span class='ocrx_word' id='word_1_777' title='bbox 1107 4848 1436 4919; x_wconf 78' lang='grc' dir='ltr'>Σύμμαχον,</span> <span class='ocrx_word' id='word_1_778' title='bbox 1492 4843 1681 4915; x_wconf 59' lang='grc' dir='ltr'>τΗχος</span> 
     </span>
    </p>
   </div>
   <div class='ocr_carea' id='block_1_98' title="bbox 112 4939 1676 5011">
    <p class='ocr_par' dir='ltr' id='par_1_98' title="bbox 112 4939 1676 5011">
     <span class='ocr_line' id='line_1_98' title="bbox 112 4939 1676 5011; baseline -0.001 -18"><span class='ocrx_word' id='word_1_779' title='bbox 112 4940 364 5009; x_wconf 80' lang='grc' dir='ltr'>βροντῆς</span> <span class='ocrx_word' id='word_1_780' title='bbox 388 4957 504 4997; x_wconf 87' lang='grc' dir='ltr'><strong>σου</strong></span> <span class='ocrx_word' id='word_1_781' title='bbox 536 4944 603 4995; x_wconf 72' lang='grc' dir='ltr'><strong>ἐν</strong></span> <span class='ocrx_word' id='word_1_782' title='bbox 626 4940 702 5006; x_wconf 84' lang='grc' dir='ltr'>τῷ</span> <span class='ocrx_word' id='word_1_783' title='bbox 720 4940 941 5011; x_wconf 81' lang='grc' dir='ltr'>τροχῷ·</span> <span class='ocrx_word' id='word_1_784' title='bbox 968 4942 1105 4995; x_wconf 80' lang='grc' dir='ltr'>κατὰ</span> <span class='ocrx_word' id='word_1_785' title='bbox 1134 4941 1190 4993; x_wconf 82' lang='grc' dir='ltr'>δὲ</span> <span class='ocrx_word' id='word_1_786' title='bbox 1220 4940 1309 4993; x_wconf 84' lang='grc' dir='ltr'><strong>τὸν</strong></span> <span class='ocrx_word' id='word_1_787' title='bbox 1334 4939 1676 5003; x_wconf 87' lang='grc' dir='ltr'>Θεοδοτίωνα,</span> 
     </span>
    </p>
   </div>
   <div class='ocr_carea' id='block_1_99' title="bbox 97 5030 1680 5109">
    <p class='ocr_par' dir='ltr' id='par_1_99' title="bbox 97 5030 1680 5109">
     <span class='ocr_line' id='line_1_99' title="bbox 97 5030 1680 5109; baseline -0.007 -19"><span class='ocrx_word' id='word_1_788' title='bbox 97 5032 276 5109; x_wconf 50' lang='grc' dir='ltr'><strong>,Φωνὴ</strong></span> <span class='ocrx_word' id='word_1_789' title='bbox 299 5032 567 5102; x_wconf 78' lang='grc' dir='ltr'>βροντῆς</span> <span class='ocrx_word' id='word_1_790' title='bbox 593 5048 708 5086; x_wconf 86' lang='grc' dir='ltr'>σου</span> <span class='ocrx_word' id='word_1_791' title='bbox 729 5034 797 5087; x_wconf 80' lang='grc' dir='ltr'>ἐν</span> <span class='ocrx_word' id='word_1_792' title='bbox 820 5031 897 5096; x_wconf 84' lang='grc' dir='ltr'>τῷ</span> <span class='ocrx_word' id='word_1_793' title='bbox 919 5030 1125 5101; x_wconf 80' lang='grc' dir='ltr'>τροχῷ.</span> <span class='ocrx_word' id='word_1_794' title='bbox 1160 5030 1269 5084; x_wconf 72' lang='grc' dir='ltr'>Καὶ</span> <span class='ocrx_word' id='word_1_795' title='bbox 1293 5030 1389 5084; x_wconf 90' lang='grc' dir='ltr'><strong>θέα</strong></span> <span class='ocrx_word' id='word_1_796' title='bbox 1410 5031 1556 5092; x_wconf 84' lang='grc' dir='ltr'>ὅπως</span> <span class='ocrx_word' id='word_1_797' title='bbox 1583 5045 1680 5080; x_wconf 84' lang='grc' dir='ltr'><strong>κα-</strong></span> 
     </span>
    </p>
   </div>
   <div class='ocr_carea' id='block_1_100' title="bbox 118 5120 1680 5196">
    <p class='ocr_par' dir='ltr' id='par_1_100' title="bbox 118 5120 1680 5196">
     <span class='ocr_line' id='line_1_100' title="bbox 118 5120 1680 5196; baseline -0.003 -22"><span class='ocrx_word' id='word_1_798' title='bbox 118 5123 177 5175; x_wconf 83' lang='grc' dir='ltr'>τὰ</span> <span class='ocrx_word' id='word_1_799' title='bbox 205 5125 411 5187; x_wconf 85' lang='grc' dir='ltr'>πάντας</span> <span class='ocrx_word' id='word_1_800' title='bbox 433 5127 557 5189; x_wconf 78' lang='grc' dir='ltr'>τοὺς</span> <span class='ocrx_word' id='word_1_801' title='bbox 585 5124 919 5196; x_wconf 77' lang='grc' dir='ltr'>ἑρμηνευτὰς</span> <span class='ocrx_word' id='word_1_802' title='bbox 942 5123 1155 5191; x_wconf 78' lang='grc' dir='ltr'>τροχὸς</span> <span class='ocrx_word' id='word_1_803' title='bbox 1180 5122 1490 5193; x_wconf 85' lang='grc' dir='ltr'>ὠνόμασται</span> <span class='ocrx_word' id='word_1_804' title='bbox 1511 5138 1522 5150; x_wconf 92' lang='grc'><strong>·</strong></span> <span class='ocrx_word' id='word_1_805' title='bbox 1561 5120 1680 5172; x_wconf 72' lang='grc' dir='ltr'>ἐπεὶ</span> 
     </span>
    </p>
   </div>
   <div class='ocr_carea' id='block_1_101' title="bbox 112 5208 1678 5286">
    <p class='ocr_par' dir='ltr' id='par_1_101' title="bbox 112 5208 1678 5286">
     <span class='ocr_line' id='line_1_101' title="bbox 112 5208 1678 5286; baseline -0.003 -22"><span class='ocrx_word' id='word_1_806' title='bbox 112 5214 195 5264; x_wconf 82' lang='grc' dir='ltr'><strong>καὶ</strong></span> <span class='ocrx_word' id='word_1_807' title='bbox 224 5215 253 5284; x_wconf 86' lang='grc' dir='ltr'><strong>ή</strong></span> <span class='ocrx_word' id='word_1_808' title='bbox 300 5214 569 5286; x_wconf 81' lang='grc' dir='ltr'>Ἐϐραῖκὴ</span> <span class='ocrx_word' id='word_1_809' title='bbox 596 5214 741 5281; x_wconf 78' lang='grc' dir='ltr'>λέξις</span> <span class='ocrx_word' id='word_1_810' title='bbox 762 5213 1064 5282; x_wconf 72' lang='grc' dir='ltr'>βαγελγὲλ</span> <span class='ocrx_word' id='word_1_811' title='bbox 1094 5211 1353 5283; x_wconf 82' lang='grc' dir='ltr'>περιέχει,</span> <span class='ocrx_word' id='word_1_812' title='bbox 1374 5213 1509 5281; x_wconf 81' lang='grc' dir='ltr'>ὅπερ</span> <span class='ocrx_word' id='word_1_813' title='bbox 1535 5208 1678 5261; x_wconf 73' lang='grc' dir='ltr'>ἐστὶν</span> 
     </span>
    </p>
   </div>
   <div class='ocr_carea' id='block_1_102' title="bbox 106 5300 1680 5373">
    <p class='ocr_par' dir='ltr' id='par_1_102' title="bbox 106 5300 1680 5373">
     <span class='ocr_line' id='line_1_102' title="bbox 106 5300 1680 5373; baseline -0.002 -19"><span class='ocrx_word' id='word_1_814' title='bbox 106 5303 167 5354; x_wconf 75' lang='grc' dir='ltr'>ἐν</span> <span class='ocrx_word' id='word_1_815' title='bbox 198 5303 272 5369; x_wconf 85' lang='grc' dir='ltr'>τῷ</span> <span class='ocrx_word' id='word_1_816' title='bbox 298 5305 529 5373; x_wconf 78' lang='grc' dir='ltr'>τροχῷ·</span> <span class='ocrx_word' id='word_1_817' title='bbox 590 5306 730 5358; x_wconf 76' lang='grc' dir='ltr'>οὕτω</span> <span class='ocrx_word' id='word_1_818' title='bbox 764 5305 819 5357; x_wconf 82' lang='grc' dir='ltr'><strong>δὲ</strong></span> <span class='ocrx_word' id='word_1_819' title='bbox 861 5304 1174 5373; x_wconf 83' lang='grc' dir='ltr'>ὠνόμασται</span> <span class='ocrx_word' id='word_1_820' title='bbox 1208 5302 1298 5355; x_wconf 74' lang='grc' dir='ltr'>καὶ</span> <span class='ocrx_word' id='word_1_821' title='bbox 1332 5304 1389 5355; x_wconf 81' lang='grc' dir='ltr'><strong>ὲν</strong></span> <span class='ocrx_word' id='word_1_822' title='bbox 1424 5301 1500 5371; x_wconf 81' lang='grc' dir='ltr'><strong>τῷ</strong></span> <span class='ocrx_word' id='word_1_823' title='bbox 1535 5300 1680 5364; x_wconf 74' lang='grc' dir='ltr'><strong>Ἐζε-</strong></span> 
     </span>
    </p>
   </div>
   <div class='ocr_carea' id='block_1_103' title="bbox 107 5391 1682 5469">
    <p class='ocr_par' dir='ltr' id='par_1_103' title="bbox 107 5391 1682 5469">
     <span class='ocr_line' id='line_1_103' title="bbox 107 5391 1682 5469; baseline -0.001 -23"><span class='ocrx_word' id='word_1_824' title='bbox 107 5397 237 5467; x_wconf 85' lang='grc' dir='ltr'>κιήλ.</span> <span class='ocrx_word' id='word_1_825' title='bbox 268 5398 439 5450; x_wconf 85' lang='grc' dir='ltr'>Ἔνθα</span> <span class='ocrx_word' id='word_1_826' title='bbox 476 5399 780 5468; x_wconf 86' lang='grc' dir='ltr'>γενόμενος,</span> <span class='ocrx_word' id='word_1_827' title='bbox 806 5394 1258 5469; x_wconf 80' lang='grc' dir='ltr'>παρασημειὼσῃ,</span> <span class='ocrx_word' id='word_1_828' title='bbox 1290 5395 1362 5458; x_wconf 88' lang='grc' dir='ltr'>ὡς</span> <span class='ocrx_word' id='word_1_829' title='bbox 1386 5393 1480 5448; x_wconf 71' lang='grc' dir='ltr'><strong>καὶ</strong></span> <span class='ocrx_word' id='word_1_830' title='bbox 1504 5396 1536 5464; x_wconf 88' lang='grc' dir='ltr'>ὴ</span> <span class='ocrx_word' id='word_1_831' title='bbox 1563 5391 1682 5445; x_wconf 84' lang='grc' dir='ltr'>θεία</span> 
     </span>
    </p>
   </div>
   <div class='ocr_carea' id='block_1_104' title="bbox 109 5482 1684 5559">
    <p class='ocr_par' dir='ltr' id='par_1_104' title="bbox 109 5482 1684 5559">
     <span class='ocr_line' id='line_1_104' title="bbox 109 5482 1684 5559; baseline 0 -23"><span class='ocrx_word' id='word_1_832' title='bbox 109 5487 287 5559; x_wconf 83' lang='grc' dir='ltr'>Γραφὴ</span> <span class='ocrx_word' id='word_1_833' title='bbox 309 5489 370 5540; x_wconf 82' lang='grc' dir='ltr'>τὸ</span> <span class='ocrx_word' id='word_1_834' title='bbox 402 5489 669 5559; x_wconf 72' lang='grc' dir='ltr'>περιέχον</span> <span class='ocrx_word' id='word_1_835' title='bbox 692 5488 883 5559; x_wconf 83' lang='grc' dir='ltr'>τροχὸς</span> <span class='ocrx_word' id='word_1_836' title='bbox 904 5482 1032 5539; x_wconf 77' lang='grc' dir='ltr'>οἶδε.</span> <span class='ocrx_word' id='word_1_837' title='bbox 1075 5486 1165 5538; x_wconf 82' lang='grc' dir='ltr'>Διὸ</span> <span class='ocrx_word' id='word_1_838' title='bbox 1185 5484 1494 5554; x_wconf 76' lang='grc' dir='ltr'>σφαιροειδῆ</span> <span class='ocrx_word' id='word_1_839' title='bbox 1521 5500 1684 5553; x_wconf 85' lang='grc' dir='ltr'>φασιν</span> 
     </span>
    </p>
   </div>
   <div class='ocr_carea' id='block_1_105' title="bbox 112 5572 1684 5650">
    <p class='ocr_par' dir='ltr' id='par_1_105' title="bbox 112 5572 1684 5650">
     <span class='ocr_line' id='line_1_105' title="bbox 112 5572 1684 5650; baseline -0.003 -20"><span class='ocrx_word' id='word_1_840' title='bbox 112 5572 241 5636; x_wconf 75' lang='grc' dir='ltr'>εἶναι</span> <span class='ocrx_word' id='word_1_841' title='bbox 286 5579 378 5631; x_wconf 75' lang='grc' dir='ltr'><strong>τὸν</strong></span> <span class='ocrx_word' id='word_1_842' title='bbox 426 5580 653 5650; x_wconf 80' lang='grc' dir='ltr'>κόσμον.</span> <span class='ocrx_word' id='word_1_843' title='bbox 722 5579 872 5632; x_wconf 74' lang='grc' dir='ltr'>Ἐπεὶ</span> <span class='ocrx_word' id='word_1_844' title='bbox 913 5578 1006 5632; x_wconf 52' lang='grc' dir='ltr'><strong>καλ¹</strong></span> <span class='ocrx_word' id='word_1_845' title='bbox 1039 5579 1096 5629; x_wconf 81' lang='grc' dir='ltr'><strong>ὲν</strong></span> <span class='ocrx_word' id='word_1_846' title='bbox 1122 5575 1198 5647; x_wconf 81' lang='grc' dir='ltr'>τῷ</span> <span class='ocrx_word' id='word_1_847' title='bbox 1230 5575 1433 5646; x_wconf 76' lang='grc' dir='ltr'>Ἔσδρα</span> <span class='ocrx_word' id='word_1_848' title='bbox 1461 5576 1490 5626; x_wconf 87' lang='lat'><strong>6</strong></span> <span class='ocrx_word' id='word_1_849' title='bbox 1519 5576 1684 5644; x_wconf 88' lang='grc' dir='ltr'>Ζορο-</span> 
     </span>
    </p>
   </div>
   <div class='ocr_carea' id='block_1_106' title="bbox 1778 4563 3347 4644">
    <p class='ocr_par' dir='ltr' id='par_1_106' title="bbox 1778 4563 3347 4644">
     <span class='ocr_line' id='line_1_106' title="bbox 1778 4563 3347 4644; baseline -0.013 -14"><span class='ocrx_word' id='word_1_850' title='bbox 1778 4577 1906 4631; x_wconf 92' lang='lat' dir='ltr'><strong>dum</strong></span> <span class='ocrx_word' id='word_1_851' title='bbox 1948 4572 2357 4644; x_wconf 85' lang='lat' dir='ltr'><strong>Symmachum,</strong></span> <span class='ocrx_word' id='word_1_852' title='bbox 2392 4568 2612 4625; x_wconf 81' lang='lat' dir='ltr'><strong>Sonitus</strong></span> <span class='ocrx_word' id='word_1_853' title='bbox 2642 4566 2861 4620; x_wconf 66' lang='grc' dir='ltr'><strong>τοκῆι-αἱ</strong></span> <span class='ocrx_word' id='word_1_854' title='bbox 2884 4563 2960 4615; x_wconf 87' lang='lat' dir='ltr'><strong>tui</strong></span> <span class='ocrx_word' id='word_1_855' title='bbox 2986 4564 3038 4614; x_wconf 84' lang='lat' dir='ltr'><strong>in</strong></span> <span class='ocrx_word' id='word_1_856' title='bbox 3082 4569 3231 4622; x_wconf 81' lang='lat' dir='ltr'><strong>rota;</strong></span> <span class='ocrx_word' id='word_1_857' title='bbox 3260 4573 3347 4611; x_wconf 91' lang='lat' dir='ltr'><strong>se-</strong></span> 
     </span>
    </p>
   </div>
   <div class='ocr_carea' id='block_1_107' title="bbox 1777 4652 3347 4725">
    <p class='ocr_par' dir='ltr' id='par_1_107' title="bbox 1777 4652 3347 4725">
     <span class='ocr_line' id='line_1_107' title="bbox 1777 4652 3347 4725; baseline -0.011 -3"><span class='ocrx_word' id='word_1_858' title='bbox 1777 4668 2021 4721; x_wconf 91' lang='lat' dir='ltr'><strong>cundum</strong></span> <span class='ocrx_word' id='word_1_859' title='bbox 2057 4664 2511 4725; x_wconf 89' lang='lat' dir='ltr'><strong>Theodotionem,</strong></span> <span class='ocrx_word' id='word_1_860' title='bbox 2551 4660 2659 4714; x_wconf 74' lang='lat' dir='ltr'><strong>Vox</strong></span> <span class='ocrx_word' id='word_1_861' title='bbox 2694 4656 2914 4711; x_wconf 80' lang='lat' dir='ltr'><strong>tonitrui</strong></span> <span class='ocrx_word' id='word_1_862' title='bbox 2973 4653 3048 4705; x_wconf 86' lang='lat' dir='ltr'><strong>tui</strong></span> <span class='ocrx_word' id='word_1_863' title='bbox 3097 4652 3151 4703; x_wconf 86' lang='lat' dir='ltr'><strong>in</strong></span> <span class='ocrx_word' id='word_1_864' title='bbox 3205 4658 3347 4704; x_wconf 79' lang='lat' dir='ltr'><strong>rota.</strong></span> 
     </span>
    </p>
   </div>
   <div class='ocr_carea' id='block_1_108' title="bbox 1778 4741 3350 4812">
    <p class='ocr_par' dir='ltr' id='par_1_108' title="bbox 1778 4741 3350 4812">
     <span class='ocr_line' id='line_1_108' title="bbox 1778 4741 3350 4812; baseline -0.014 0"><span class='ocrx_word' id='word_1_865' title='bbox 1778 4758 1845 4811; x_wconf 89' lang='lat' dir='ltr'><strong>Et</strong></span> <span class='ocrx_word' id='word_1_866' title='bbox 1874 4758 2284 4812; x_wconf 86' lang='lat' dir='ltr'><strong>animadvertas</strong></span> <span class='ocrx_word' id='word_1_867' title='bbox 2333 4754 2493 4808; x_wconf 82' lang='lat' dir='ltr'><strong>velim</strong></span> <span class='ocrx_word' id='word_1_868' title='bbox 2531 4747 2829 4807; x_wconf 88' lang='lat' dir='ltr'><strong>secundum</strong></span> <span class='ocrx_word' id='word_1_869' title='bbox 2864 4758 3055 4799; x_wconf 91' lang='lat' dir='ltr'><strong>omnes</strong></span> <span class='ocrx_word' id='word_1_870' title='bbox 3083 4741 3350 4808; x_wconf 82' lang='lat' dir='ltr'><strong>interpre-</strong></span> 
     </span>
    </p>
   </div>
   <div class='ocr_carea' id='block_1_109' title="bbox 1781 4831 3343 4912">
    <p class='ocr_par' dir='ltr' id='par_1_109' title="bbox 1781 4831 3343 4912">
     <span class='ocr_line' id='line_1_109' title="bbox 1781 4831 3343 4912; baseline -0.012 -11"><span class='ocrx_word' id='word_1_871' title='bbox 1781 4856 1884 4912; x_wconf 86' lang='lat' dir='ltr'><strong>tes,</strong></span> <span class='ocrx_word' id='word_1_872' title='bbox 1918 4856 2055 4904; x_wconf 85' lang='lat' dir='ltr'><strong>rota.</strong></span> <span class='ocrx_word' id='word_1_873' title='bbox 2091 4845 2299 4899; x_wconf 87' lang='lat' dir='ltr'><strong>dictum</strong></span> <span class='ocrx_word' id='word_1_874' title='bbox 2326 4844 2494 4899; x_wconf 80' lang='lat' dir='ltr'><strong>fuisse</strong></span> <span class='ocrx_word' id='word_1_875' title='bbox 2529 4841 2694 4910; x_wconf 87' lang='lat' dir='ltr'><strong>:quia</strong></span> <span class='ocrx_word' id='word_1_876' title='bbox 2730 4836 2993 4891; x_wconf 83' lang='lat' dir='ltr'><strong>Hebraica</strong></span> <span class='ocrx_word' id='word_1_877' title='bbox 3022 4833 3209 4897; x_wconf 87' lang='lat' dir='ltr'><strong>lectio,</strong></span> <span class='ocrx_word' id='word_1_878' title='bbox 3237 4831 3343 4884; x_wconf 84' lang='lat' dir='ltr'><strong>Ba-</strong></span> 
     </span>
    </p>
   </div>
   <div class='ocr_carea' id='block_1_110' title="bbox 1781 4921 3342 5009">
    <p class='ocr_par' dir='ltr' id='par_1_110' title="bbox 1781 4921 3342 5009">
     <span class='ocr_line' id='line_1_110' title="bbox 1781 4921 3342 5009; baseline -0.011 -17"><span class='ocrx_word' id='word_1_879' title='bbox 1781 4938 1965 5009; x_wconf 83' lang='lat' dir='ltr'><strong>gelgel,</strong></span> <span class='ocrx_word' id='word_1_880' title='bbox 1993 4935 2331 4999; x_wconf 81' lang='lat' dir='ltr'><strong>circumfert,</strong></span> <span class='ocrx_word' id='word_1_881' title='bbox 2367 4936 2419 4988; x_wconf 90' lang='lat' dir='ltr'><strong>id</strong></span> <span class='ocrx_word' id='word_1_882' title='bbox 2444 4942 2528 4988; x_wconf 90' lang='lat' dir='ltr'><strong>est</strong></span> <span class='ocrx_word' id='word_1_883' title='bbox 2556 4932 2607 4984; x_wconf 87' lang='lat' dir='ltr'><strong>in</strong></span> <span class='ocrx_word' id='word_1_884' title='bbox 2628 4939 2784 4991; x_wconf 85' lang='lat' dir='ltr'><strong>rota;</strong></span> <span class='ocrx_word' id='word_1_885' title='bbox 2810 4929 2889 4982; x_wconf 92' lang='lat' dir='ltr'><strong>sic</strong></span> <span class='ocrx_word' id='word_1_886' title='bbox 2919 4933 3095 4979; x_wconf 91' lang='lat' dir='ltr'><strong>autem</strong></span> <span class='ocrx_word' id='word_1_887' title='bbox 3125 4925 3178 4976; x_wconf 92' lang='lat' dir='ltr'><strong>in</strong></span> <span class='ocrx_word' id='word_1_888' title='bbox 3207 4921 3342 4975; x_wconf 84' lang='lat' dir='ltr'><strong>Eze-</strong></span> 
     </span>
    </p>
   </div>
   <div class='ocr_carea' id='block_1_111' title="bbox 1780 5015 3349 5099">
    <p class='ocr_par' dir='ltr' id='par_1_111' title="bbox 1780 5015 3349 5099">
     <span class='ocr_line' id='line_1_111' title="bbox 1780 5015 3349 5099; baseline -0.011 -14"><span class='ocrx_word' id='word_1_889' title='bbox 1780 5031 1953 5085; x_wconf 86' lang='lat' dir='ltr'><strong>chiele</strong></span> <span class='ocrx_word' id='word_1_890' title='bbox 1982 5044 2198 5099; x_wconf 89' lang='lat' dir='ltr'><strong>quoque</strong></span> <span class='ocrx_word' id='word_1_891' title='bbox 2220 5034 2464 5081; x_wconf 88' lang='lat' dir='ltr'><strong>vocatur.</strong></span> <span class='ocrx_word' id='word_1_892' title='bbox 2487 5023 2603 5077; x_wconf 88' lang='lat' dir='ltr'><strong>Huc</strong></span> <span class='ocrx_word' id='word_1_893' title='bbox 2615 5037 2738 5076; x_wconf 92' lang='lat' dir='ltr'><strong>cum</strong></span> <span class='ocrx_word' id='word_1_894' title='bbox 2761 5019 3066 5082; x_wconf 81' lang='lat' dir='ltr'><strong>deveneris,</strong></span> <span class='ocrx_word' id='word_1_895' title='bbox 3089 5015 3349 5068; x_wconf 87' lang='lat' dir='ltr'><strong>observes</strong></span> 
     </span>
    </p>
   </div>
   <div class='ocr_carea' id='block_1_112' title="bbox 1778 5108 3348 5186">
    <p class='ocr_par' dir='ltr' id='par_1_112' title="bbox 1778 5108 3348 5186">
     <span class='ocr_line' id='line_1_112' title="bbox 1778 5108 3348 5186; baseline -0.011 -10"><span class='ocrx_word' id='word_1_896' title='bbox 1778 5123 1937 5176; x_wconf 78' lang='lat' dir='ltr'><strong>velim</strong></span> <span class='ocrx_word' id='word_1_897' title='bbox 1981 5121 2221 5174; x_wconf 90' lang='lat' dir='ltr'><strong>divinam</strong></span> <span class='ocrx_word' id='word_1_898' title='bbox 2258 5117 2595 5186; x_wconf 88' lang='lat' dir='ltr'><strong>Scripturam</strong></span> <span class='ocrx_word' id='word_1_899' title='bbox 2628 5112 2680 5167; x_wconf 92' lang='lat' dir='ltr'><strong>id</strong></span> <span class='ocrx_word' id='word_1_900' title='bbox 2706 5111 2851 5181; x_wconf 90' lang='lat' dir='ltr'><strong>quod</strong></span> <span class='ocrx_word' id='word_1_901' title='bbox 2896 5108 3348 5176; x_wconf 85' lang='lat' dir='ltr'><strong>circumpositum</strong></span> 
     </span>
    </p>
   </div>
   <div class='ocr_carea' id='block_1_113' title="bbox 1777 5197 3350 5281">
    <p class='ocr_par' dir='ltr' id='par_1_113' title="bbox 1777 5197 3350 5281">
     <span class='ocr_line' id='line_1_113' title="bbox 1777 5197 3350 5281; baseline -0.011 -15"><span class='ocrx_word' id='word_1_902' title='bbox 1777 5219 1861 5268; x_wconf 89' lang='lat' dir='ltr'><strong>est</strong></span> <span class='ocrx_word' id='word_1_903' title='bbox 1880 5226 1979 5281; x_wconf 90' lang='lat' dir='ltr'><strong>pro</strong></span> <span class='ocrx_word' id='word_1_904' title='bbox 2000 5218 2120 5264; x_wconf 89' lang='lat' dir='ltr'><strong>rota</strong></span> <span class='ocrx_word' id='word_1_905' title='bbox 2157 5210 2375 5262; x_wconf 88' lang='lat' dir='ltr'><strong>habere.</strong></span> <span class='ocrx_word' id='word_1_906' title='bbox 2401 5205 2582 5270; x_wconf 86' lang='lat' dir='ltr'><strong>Quare</strong></span> <span class='ocrx_word' id='word_1_907' title='bbox 2626 5202 2886 5256; x_wconf 88' lang='lat' dir='ltr'><strong>mundum</strong></span> <span class='ocrx_word' id='word_1_908' title='bbox 2922 5202 2986 5251; x_wconf 83' lang='lat' dir='ltr'><strong>ad</strong></span> <span class='ocrx_word' id='word_1_909' title='bbox 3021 5198 3244 5266; x_wconf 62' lang='lat' dir='ltr'><strong>sphaerae</strong></span> <span class='ocrx_word' id='word_1_910' title='bbox 3273 5197 3350 5250; x_wconf 86' lang='lat' dir='ltr'><strong>si-</strong></span> 
     </span>
    </p>
   </div>
   <div class='ocr_carea' id='block_1_114' title="bbox 1789 5283 3350 5354">
    <p class='ocr_par' dir='ltr' id='par_1_114' title="bbox 1789 5283 3350 5354">
     <span class='ocr_line' id='line_1_114' title="bbox 1789 5283 3350 5354; baseline -0.012 0"><span class='ocrx_word' id='word_1_911' title='bbox 1789 5299 2148 5354; x_wconf 90' lang='lat' dir='ltr'><strong>militudinem</strong></span> <span class='ocrx_word' id='word_1_912' title='bbox 2183 5295 2542 5350; x_wconf 88' lang='lat' dir='ltr'><strong>constitutum</strong></span> <span class='ocrx_word' id='word_1_913' title='bbox 2577 5292 2749 5344; x_wconf 87' lang='lat' dir='ltr'><strong>aiunt.</strong></span> <span class='ocrx_word' id='word_1_914' title='bbox 2780 5286 2913 5341; x_wconf 87' lang='lat' dir='ltr'><strong>Nam</strong></span> <span class='ocrx_word' id='word_1_915' title='bbox 2950 5287 3004 5339; x_wconf 86' lang='lat' dir='ltr'><strong>in</strong></span> <span class='ocrx_word' id='word_1_916' title='bbox 3034 5285 3205 5338; x_wconf 82' lang='lat' dir='ltr'><strong>Esdra</strong></span> <span class='ocrx_word' id='word_1_917' title='bbox 3243 5283 3350 5337; x_wconf 80' lang='lat' dir='ltr'><strong>Zo-</strong></span> 
     </span>
    </p>
   </div>
   <div class='ocr_carea' id='block_1_115' title="bbox 1787 5376 3352 5453">
    <p class='ocr_par' dir='ltr' id='par_1_115' title="bbox 1787 5376 3352 5453">
     <span class='ocr_line' id='line_1_115' title="bbox 1787 5376 3352 5453; baseline -0.012 -8"><span class='ocrx_word' id='word_1_918' title='bbox 1787 5389 2012 5445; x_wconf 88' lang='lat' dir='ltr'><strong>robabel</strong></span> <span class='ocrx_word' id='word_1_919' title='bbox 2040 5386 2287 5441; x_wconf 84' lang='lat' dir='ltr'><strong>victoriae</strong></span> <span class='ocrx_word' id='word_1_920' title='bbox 2318 5382 2598 5453; x_wconf 70' lang='lat' dir='ltr'><strong>praemium</strong></span> <span class='ocrx_word' id='word_1_921' title='bbox 2628 5396 2657 5433; x_wconf 88' lang='lat' dir='ltr'><strong>a</strong></span> <span class='ocrx_word' id='word_1_922' title='bbox 2702 5395 2828 5450; x_wconf 80' lang='lat' dir='ltr'><strong>rege</strong></span> <span class='ocrx_word' id='word_1_923' title='bbox 2854 5376 3169 5447; x_wconf 88' lang='lat' dir='ltr'><strong>reportavit,</strong></span> <span class='ocrx_word' id='word_1_924' title='bbox 3200 5385 3352 5445; x_wconf 83' lang='lat' dir='ltr'><strong>post-</strong></span> 
     </span>
    </p>
   </div>
   <div class='ocr_carea' id='block_1_116' title="bbox 1790 5468 3349 5551">
    <p class='ocr_par' dir='ltr' id='par_1_116' title="bbox 1790 5468 3349 5551">
     <span class='ocr_line' id='line_1_116' title="bbox 1790 5468 3349 5551; baseline -0.01 -17"><span class='ocrx_word' id='word_1_925' title='bbox 1790 5494 1952 5551; x_wconf 90' lang='lat' dir='ltr'><strong>quam</strong></span> <span class='ocrx_word' id='word_1_926' title='bbox 1984 5478 2194 5531; x_wconf 81' lang='lat' dir='ltr'><strong>dixerat</strong></span> <span class='ocrx_word' id='word_1_927' title='bbox 2224 5494 2237 5529; x_wconf 92' lang='lat'><strong>:</strong></span> <span class='ocrx_word' id='word_1_928' title='bbox 2276 5473 2529 5543; x_wconf 79' lang='lat' dir='ltr'><strong>Magnum</strong></span> <span class='ocrx_word' id='word_1_929' title='bbox 2550 5481 2628 5526; x_wconf 79' lang='lat' dir='ltr'><strong>est</strong></span> <span class='ocrx_word' id='word_1_930' title='bbox 2661 5472 2866 5537; x_wconf 74' lang='lat' dir='ltr'><strong>emtum,</strong></span> <span class='ocrx_word' id='word_1_931' title='bbox 2899 5479 2947 5523; x_wconf 84' lang='lat' dir='ltr'><strong>et</strong></span> <span class='ocrx_word' id='word_1_932' title='bbox 2990 5483 3206 5537; x_wconf 78' lang='lat' dir='ltr'><strong>magnus</strong></span> <span class='ocrx_word' id='word_1_933' title='bbox 3246 5468 3349 5531; x_wconf 77' lang='lat' dir='ltr'><strong>sol,</strong></span> 
     </span>
    </p>
   </div>
   <div class='ocr_carea' id='block_1_117' title="bbox 1790 5560 3355 5642">
    <p class='ocr_par' dir='ltr' id='par_1_117' title="bbox 1790 5560 3355 5642">
     <span class='ocr_line' id='line_1_117' title="bbox 1790 5560 3355 5642; baseline -0.008 -17"><span class='ocrx_word' id='word_1_934' title='bbox 1790 5572 1914 5642; x_wconf 87' lang='lat' dir='ltr'><strong>quia</strong></span> <span class='ocrx_word' id='word_1_935' title='bbox 1942 5569 2157 5623; x_wconf 85' lang='lat' dir='ltr'><strong>vertitur</strong></span> <span class='ocrx_word' id='word_1_936' title='bbox 2176 5567 2227 5620; x_wconf 90' lang='lat' dir='ltr'><strong>in</strong></span> <span class='ocrx_word' id='word_1_937' title='bbox 2242 5566 2461 5619; x_wconf 84' lang='lat' dir='ltr'><strong>circuitu</strong></span> <span class='ocrx_word' id='word_1_938' title='bbox 2478 5564 2613 5627; x_wconf 75' lang='lat' dir='ltr'><strong>cwli,</strong></span> <span class='ocrx_word' id='word_1_939' title='bbox 2636 5573 2684 5616; x_wconf 89' lang='lat' dir='ltr'><strong>et</strong></span> <span class='ocrx_word' id='word_1_940' title='bbox 2702 5563 2974 5617; x_wconf 84' lang='lat' dir='ltr'><strong>revertitur</strong></span> <span class='ocrx_word' id='word_1_941' title='bbox 2997 5561 3052 5613; x_wconf 86' lang='lat' dir='ltr'><strong>in</strong></span> <span class='ocrx_word' id='word_1_942' title='bbox 3080 5560 3355 5628; x_wconf 80' lang='lat' dir='ltr'><strong>proprium</strong></span> 
     </span>
    </p>
   </div>
   <div class='ocr_carea' id='block_1_118' title="bbox 182 5739 1683 5829">
    <p class='ocr_par' dir='ltr' id='par_1_118' title="bbox 182 5749 1681 5829">
     <span class='ocr_line' id='line_1_118' title="bbox 182 5749 1681 5829; baseline -0.002 -22"><span class='ocrx_word' id='word_1_943' title='bbox 182 5755 227 5786; x_wconf 77' lang='grc'><strong>⁸⁸</strong></span> <span class='ocrx_word' id='word_1_944' title='bbox 265 5755 371 5810; x_wconf 89' lang='lat' dir='ltr'><strong>lsa.</strong></span> <span class='ocrx_word' id='word_1_945' title='bbox 405 5771 462 5820; x_wconf 86' lang='lat' dir='ltr'><strong>v,</strong></span> <span class='ocrx_word' id='word_1_946' title='bbox 498 5754 548 5809; x_wconf 83' lang='lat'><strong>6.</strong></span> <span class='ocrx_word' id='word_1_947' title='bbox 622 5753 863 5829; x_wconf 53' lang='lat' dir='ltr'><strong>&quot;ﬁant.</strong></span> <span class='ocrx_word' id='word_1_948' title='bbox 905 5754 1036 5819; x_wconf 65' lang='lat'><strong>&quot;,5.</strong></span> <span class='ocrx_word' id='word_1_949' title='bbox 1113 5755 1156 5786; x_wconf 63' lang='lat'><strong><em>9°</em></strong></span> <span class='ocrx_word' id='word_1_950' title='bbox 1198 5769 1300 5813; x_wconf 60' lang='lat' dir='ltr'><strong>,sa.</strong></span> <span class='ocrx_word' id='word_1_951' title='bbox 1349 5768 1492 5816; x_wconf 60' lang='grc' dir='ltr'>κως,</span> <span class='ocrx_word' id='word_1_952' title='bbox 1520 5749 1584 5820; x_wconf 68' lang='grc' dir='ltr'><strong>ξὲ.</strong></span> <span class='ocrx_word' id='word_1_953' title='bbox 1662 5751 1681 5781; x_wconf 86' lang='grc'><strong>⁹</strong></span> 
     </span>
    </p>
   </div>
   <div class='ocr_carea' id='block_1_119' title="bbox 1785 5739 2745 5829">
    <p class='ocr_par' dir='ltr' id='par_1_119' title="bbox 1785 5739 2745 5810">
     <span class='ocr_line' id='line_1_119' title="bbox 1785 5739 2745 5810; baseline -0.007 -8"><span class='ocrx_word' id='word_1_954' title='bbox 1785 5748 1894 5804; x_wconf 74' lang='lat' dir='ltr'><strong>’sul.</strong></span> <span class='ocrx_word' id='word_1_955' title='bbox 1937 5761 2081 5810; x_wconf 65' lang='grc' dir='ltr'>κων,</span> <span class='ocrx_word' id='word_1_956' title='bbox 2118 5743 2171 5797; x_wconf 84' lang='lat'><em>6.</em></span> <span class='ocrx_word' id='word_1_957' title='bbox 2250 5744 2293 5774; x_wconf 81' lang='grc'><strong>⁹²</strong></span> <span class='ocrx_word' id='word_1_958' title='bbox 2338 5741 2529 5795; x_wconf 78' lang='lat' dir='ltr'><strong>Ezech.</strong></span> <span class='ocrx_word' id='word_1_959' title='bbox 2569 5757 2624 5809; x_wconf 83' lang='grc' dir='ltr'><strong>ι,</strong></span> <span class='ocrx_word' id='word_1_960' title='bbox 2664 5739 2745 5795; x_wconf 74' lang='grc' dir='ltr'>ιο.</span> 
     </span>
    </p>
   </div>
  </div>
