3798 6282
446 347 554 406 899

1177 344 1445 401 EUSBBII
1497 343 1972 401 CxESARlESSlS
2010 340 2161 399 OPP.
2199 341 2383 397 PARS
2410 339 2494 397 ιιι.
2531 371 2599 383 -
2627 340 3033 396 EXEGETICA.

3545 346 3631 403 σοι

447 464 620 518 locum
647 464 703 518 in
735 479 838 517 uno
872 462 955 517 die
980 462 1045 515 ”.
1076 462 1212 528 Qua:
1237 464 1537 518 secundum
1569 463 1849 535 physicam
1878 475 2004 516 con-

2107 460 2273 515 σάόελ
2288 460 2356 515 τὰ
2375 460 2662 545 νικητήρια
2679 458 3025 531 ἀπηνέγκατο
3041 458 3189 531 παρὰ
3204 458 3283 537 τῷ
3304 458 3502 528 βασιλεῖ
3519 464 3632 536 εἰρη-

446 554 830 609 sidcrationem
862 554 1005 608 dicta
1032 553 1164 609 sint.
1191 553 1315 609 llaec
1336 570 1521 626 porro,
1540 570 1661 625 quae
1682 562 2003 619 tractamus,

445 645 741 715 evangelici
782 643 875 699 Dei
921 644 1188 701 adventus
1216 645 1472 702 virtutem
1507 647 1900 712 vaticinantur;
1948 653 2007 699 ut

444 738 697 792 videlicet
727 739 847 807 ejus
902 754 1067 809 opera
1121 740 1411 794 multitudo
1442 740 1682 809 gentium
1718 738 1883 792 Deum
1913 753 2007 792 co-

445 828 711 894 gnoverit,
747 828 931 899 abyssi
961 829 1192 881 turbatae
1229 828 1452 892 fuerint,
1494 834 1807 883 memoratae
1835 827 2007 881 nubes

444 934 631 973 vocem
668 918 947 986 dederint;
984 921 1193 989 sagittae
1209 920 1328 990 ejus
1355 921 1695 985 transierint,
1717 928 1885 989 utque
1903 933 2005 972 vox

444 1009 677 1063 tonitrui
710 1008 830 1079 ejus
857 1009 1018 1065 fuerit
1042 1010 1096 1064 in
1120 1018 1269 1078 rota;
1310 1012 1376 1067 ad
1414 1012 1528 1066 haec
1555 1026 1686 1065 vero
1715 1010 1918 1075 omnia,
1945 1018 2007 1063 ut

445 1098 660 1170 fulgura
691 1099 812 1169 ejus
843 1100 899 1155 in
928 1100 1061 1157 orbe
1083 1103 1454 1172 apparuerint.
1484 1101 1616 1169 Quae
1641 1102 1856 1172 fulgura
1887 1101 2007 1171 ejus

443 1206 567 1246 esse
591 1191 815 1256 dixeris,
850 1193 957 1248 nisi
1015 1192 1359 1263 splendorem
1412 1195 1801 1251 charismatum
1835 1194 2005 1248 sancti

447 1282 688 1353 Spiritus
717 1286 808 1354 qui
843 1299 938 1354 per
970 1293 1142 1339 totum
1171 1288 1358 1341 orbem
1390 1286 1666 1358 fulgurat?
1707 1284 1850 1340 Nam
1881 1286 2009 1339 divi-

444 1374 616 1427 siones
642 1378 937 1445 gratiarum
982 1387 1127 1441 sunt,
1186 1379 1321 1432 idem
1355 1396 1471 1434 vero
1498 1379 1752 1447 'Spiritus.
1805 1378 1871 1432 Et
1910 1380 2006 1433 alii

444 1465 651 1533 quidem
709 1480 803 1534 per
851 1464 1108 1535 Spiritum
1150 1468 1312 1522 datur
1347 1485 1517 1523 sermo
1572 1469 1865 1538 sapientiw,
1911 1469 2006 1523 alii

445 1571 616 1608 sermo
649 1557 902 1621 scientice,
937 1559 1036 1612 alii
1064 1559 1194 1627 ﬁdes
1224 1561 1291 1625 ",
1338 1571 1392 1615 et
1444 1569 1661 1616 caetera.
1710 1561 1847 1627 Qum
1882 1575 2005 1614 cutn

444 1650 758 1718 praestantia
787 1652 975 1721 gratim
1001 1651 1095 1707 Dei
1126 1654 1267 1708 dona
1304 1655 1434 1718 sint,
1460 1671 1559 1710 ceu
1586 1654 1796 1725 fulgura
1822 1654 2007 1709 Eccle-
2037 1721 2045 1727 _

444 1741 579 1795 siam
616 1741 736 1811 ejus
766 1744 1066 1800 illustrant.

2108 552 2237 615 κὼς·
2261 551 2459 623 Μέγας
2473 555 2505 605 ὀ
2520 550 2793 620 οὐρανὸς,
2812 550 2907 604 καὶ
2930 549 3118 620 μέγας
3133 552 3165 603 ό
3182 550 3373 618 ἥλιος,
3390 551 3477 604 ὅτι
3494 557 3635 621 στρό-

2106 660 2274 714 ses-rat
2302 644 2373 697 ἐν
2399 642 2480 709 τῷ
2507 644 2709 710 κύκλῳ
2730 643 2834 696 τοῦ
2854 642 3134 711 οὐρανοῦ,
3163 643 3256 695 καὶ
3282 643 3635 713 ἐπανέρχεται

2106 739 2192 803 εἰς
2218 734 2325 789 τὸν
2349 733 2504 788 ιδιον
2531 733 2716 787 τόπον
2742 733 2812 786 ἐν
2841 731 3030 801 θήμέρᾳ
3052 729 3179 801 μιᾷ.
3226 732 3415 785 Ταῦτα
3450 735 3537 803 μὲν
3556 733 3635 789 οὗν

2106 827 2248 882 κατὰ
2288 826 2518 897 φυσικὴν
2548 825 2796 897 θεωρίαν.
2858 824 2939 877 Τά
2960 824 3023 877 δὲ
3060 824 3397 895 προκείμενα
3429 823 3635 890 θεσπίζει

2105 920 2205 991 τῆς
2230 919 2582 990 εὺαηελικῆς
2610 916 2929 987 θεοφανείας
2958 916 3056 988 τὴν
3089 916 3314 989 δύναμιν
3331 934 3352 947 ο
3386 918 3475 970 καὶ
3498 918 3563 980 ὡς
3583 919 3634 971 δι’

2106 1013 2273 1084 αὐτῆς
2296 1012 2365 1065 τὰ
2391 1010 2568 1082 πλήθη
2598 1011 2702 1081 μὲν
2732 1009 2843 1063 τῶν
2870 1008 3036 1062 ἐθνῶν
3057 1008 3147 1062 τὸν
3174 1009 3306 1062 Θεὸν
3335 1009 3538 1078 ἐπέγνω
3558 1053 3571 1076 ,
3594 1012 3637 1065 αι

2105 1104 2160 1159 δέ
2187 1104 2409 1159 άΰυσσοι
2437 1101 2814 1174 ἐταράχθησαν
2836 1142 2850 1166 ,
2883 1103 2938 1155 αἱ
2965 1102 3020 1154 δὲ
3055 1101 3435 1174 προλεχθεῖσαι
3457 1103 3639 1171 νεφέλαι

2106 1196 2309 1251 ἔδωκαν
2333 1198 2513 1269 φωνὴν
2532 1239 2546 1263 ,
2583 1197 2677 1250 καὶ
2708 1196 2847 1250 ὥστε
2872 1196 2942 1250 τά
2969 1196 3093 1267 βέλη
3127 1195 3296 1249 αὐτοῦ
3331 1195 3637 1268 διεπορεύθη,

2107 1288 2200 1342 καὶ
2240 1288 2315 1352 ὠς
2346 1288 2494 1360 φωνὴ
2528 1288 2630 1359 τῆς
2655 1288 2880 1359 βροντῆς
2907 1286 3069 1341 αὐτοῦ
3102 1288 3330 1356 γέγονεν
3363 1289 3421 1338 ἐν
3449 1285 3522 1355 τῷ
3543 1302 3641 1356 τρο-

2106 1377 2211 1449 χῷ·
2254 1378 2347 1431 καὶ
2396 1378 2489 1431 ἐπὶ
2535 1379 2668 1430 πᾶσι
2706 1377 2916 1440 τούτοις
2958 1378 3033 1437 ὡς
3068 1376 3270 1445 ἕφαναν
3306 1376 3365 1427 αί
3406 1376 3641 1446 ἀστραπαὶ

2105 1469 2265 1524 αὐτοῦ
2284 1470 2349 1541 τῇ
2373 1469 2681 1543 οἰκουμένῃ.
2714 1469 2878 1532 Τίνας
2901 1468 2945 1521 δ’
2977 1468 3043 1522 ἂν
3074 1471 3253 1531 είποις
3275 1467 3379 1531 τὰς
3394 1467 3640 1538 ἀστραπὰς

2106 1562 2266 1616 αὑτοῦ
2290 1564 2323 1634 ἢ
2350 1561 2420 1614 τὰ
2440 1560 2615 1631 φέγγη
2638 1559 2745 1613 τῶν
2765 1558 2859 1613 τοῦ
2885 1558 3041 1627 άγίου
3062 1557 3203 1612 Πνεύ
3212 1573 3387 1629 ματος
3406 1575 3471 1627 χα
3480 1556 3639 1629 ρισμά-

2105 1673 2211 1709 των
2234 1654 2302 1707 τὰ
2325 1652 2702 1724 ἀστράπτοντα
2725 1650 2845 1705 καθ’
2868 1650 2998 1721 ὅλης
3022 1650 3122 1720 τῆς
3145 1650 3503 1720 οὶκουμένηςς
3529 1651 3643 1701 Διαι-

2099 1744 2301 1813 ρέσεις
2331 1741 2439 1812 γὰρ
2470 1738 2847 1809 χαρισμάτων
2872 1738 3022 1801 εισι,
3055 1738 3121 1792 τὸ
3135 1737 3214 1791 δὲ
3236 1737 3389 1791 αὐτὸ
3419 1734 3638 1803 Πνεῦμα.

440 1833 551 1887 Καὶ
578 1832 624 1898 ᾦ
645 1834 762 1903 μὲν
789 1836 886 1891 διὰ
918 1835 1023 1890 τοῦ
1054 1840 1397 1909 Πνεῦματος
1430 1840 1655 1897 δίδοται
1680 1842 1860 1911 λόγος
1902 1842 2139 1909 σοφίας,
2163 1838 2261 1893 καὶ
2296 1838 2462 1904 ἄλλῳ
2510 1836 2691 1905 λόγος
2736 1832 3027 1903 γνώσεως,
3079 1833 3179 1887 καὶ
3220 1832 3407 1900 ἄλλῳ
3457 1833 3645 1896 “(ante

440 1925 621 1979 καὶτὰ
642 1926 1040 1995 λοιπάοᾶτινα,
1100 1930 1352 2001 ἐξαίρετα
1388 1933 1518 1987 ὄντα
1548 1933 1641 1987 τοῦ
1682 1934 1815 1988 Θεοῦ
1858 1934 2210 2006 χαρίσματα,
2256 1929 2622 2000 ἐξαστράπτει
2666 1927 2761 1981 καὶ
2809 1926 3154 1997 καταλάμπει
3206 1926 3311 1997 τὴν

437 2024 619 2079 αὑτοῦ.

512 2139 678 2198 Vsus.
700 2144 791 2199 20.
836 2144 900 2199 In
934 2148 1072 2201 mari
1094 2147 1179 2202 via
1217 2156 1308 2202 tua
1333 2158 1381 2203 et
1424 2152 1749 2206 semittetttte
1780 2152 1835 2204 in
1858 2150 2007 2221 aquis
2041 2152 2082 2209 Β

440 2235 642 2295 multis,
665 2245 714 2288 et
745 2238 964 2307 vestigia
996 2247 1089 2291 tua
1119 2256 1221 2292 non
1257 2250 1652 2311 cognoscentur.
1685 2239 2001 2312 Congruen—

440 2333 523 2379 ter
546 2324 660 2393 jam
683 2326 918 2392 traditis,
948 2344 1217 2386 concussa
1234 2340 1288 2385 et
1312 2340 1585 2387 commota
1607 2339 1691 2388 est
1713 2339 1878 2387 terra.
1897 2330 2002 2386 Pro

432 2418 537 2473 illo
567 2420 736 2485 enim,
788 2431 839 2476 et
893 2425 1226 2486 contremuit,
1278 2425 1577 2480 secundum
1620 2440 1809 2480 omnes
1841 2425 2004 2478 inter-

440 2519 645 2579 pretes,
692 2520 741 2565 et
787 2523 1048 2568 commota
1078 2524 1177 2579 est,
1231 2516 1455 2573 dicitur.
1495 2516 1572 2570 Eo
1625 2528 1804 2574 autem
1842 2517 2004 2572 modo

439 2608 713 2654 commota
741 2610 826 2656 est
859 2611 1023 2669 terra,
1074 2621 1183 2675 quo
1243 2606 1445 2662 dicitur
1483 2607 1537 2661 in
1583 2607 1888 2678 Evangeliis
1918 2609 2001 2662 ης

439 2686 513 2745 Et
537 2689 855 2760 ingrediente
870 2692 1156 2751 Saluatore
1185 2695 1631 2769 Hierosolymam,
1645 2708 2003 2753 eommotaest

440 2782 613 2836 omnis
652 2784 836 2838 ciuitas
858 2784 1065 2850 dicens,
1095 2786 1227 2852 Quis
1249 2798 1328 2843 est
1351 2789 1476 2846 hic?
1517 2788 1669 2845 Sicut
1713 2791 1857 2846 enim
1910 2806 2007 2860 per

441 2871 624 2927 locum
682 2875 782 2945 ipsi
818 2877 1055 2934 civitatis
1089 2879 1282 2935 incolae
1311 2881 1688 2952 designantur,
1714 2882 1797 2936 ita
1820 2890 1876 2937 et
1904 2883 2005 2938 hoc

442 2961 565 3017 loco
625 2965 772 3033 ipsos
818 2977 978 3022 terrae
1025 2969 1235 3025 incolas
1279 2979 1582 3027 commotos
1614 2980 1668 3026 et
1705 2986 2004 3028 concussos

439 3068 563 3109 esse
595 3055 818 3112 dicitur.
869 3057 1052 3124 Quare
1104 3074 1170 3115 ex
1222 3061 1538 3130 evangelica
1590 3062 2003 3132 praedicatione,

442 3145 498 3201 in
532 3146 904 3202 testimonium
931 3150 1188 3206 omnibus
1216 3154 1469 3221 gentibus
1516 3154 1862 3223 annuntiata,
1887 3172 2007 3209 om-

441 3233 595 3288 nium
649 3250 811 3290 aures
841 3246 1130 3293 commota:
1184 3249 1335 3293 sunt.
1371 3240 1782 3313 Consequenter
1820 3254 2002 3301 autem

394 3322 397 3323 ⁷
440 3338 713 3380 concussa
763 3334 819 3380 et
867 3335 1139 3383 commota
1190 3343 1277 3387 est
1312 3340 1469 3388 :terra
1522 3342 1743 3405 propter
1771 3351 1837 3392 ea
1884 3353 2006 3407 quae

440 3413 597 3485 prius
629 3415 825 3469 tradita
850 3425 997 3472 sunt.
1034 3417 1165 3473 Nam
1196 3422 1243 3475 si
1285 3422 1583 3479 illuxerunt
1631 3426 1845 3496 fulgura
1883 3428 2004 3497 ejus

2190 2143 2287 2195 Ἐν
2318 2139 2394 2210 τῇ
2424 2140 2703 2208 θαλάσσῃ
2738 2139 2776 2206 ἡ
2811 2137 2949 2203 ὁδός
2982 2152 3098 2192 σου
3134 2139 3236 2192 καὶ
3267 2156 3331 2195 αι
3358 2141 3530 2209 τρϊόοι
3552 2157 3643 2197 σου

2100 2236 2170 2289 ἑν
2194 2233 2372 2288 ὕδασι
2416 2230 2688 2296 πολλοῖς,
2722 2229 2820 2283 καὶ
2845 2229 2919 2283 τὰ
2960 2229 3098 2300 ἴχνη
3137 2244 3259 2284 σου
3296 2233 3371 2285 οὐ
3419 2232 3641 2301 τνωσθιξσ

2102 2341 2330 2379 vortat.
2385 2322 2716 2386 ’Δκολούθως
2764 2326 2878 2386 τοῖς
2936 2321 3359 2394 ἀποδεδομένας
3420 2324 3639 2397 ἐσαλεύθη

2102 2418 2195 2471 καὶ
2238 2415 2455 2488 ἐσείσθη
2506 2416 2541 2487 ἠ
2573 2413 2668 2485 γῆ.
2711 2414 2857 2467 Ἀντί
2903 2414 3010 2485 γὰρ
3062 2413 3181 2478 τοῦ,
3231 2415 3333 2468 καὶ
3379 2417 3639 2485 ἔντρομος,

2103 2510 2245 2564 κατὰ
2276 2510 2480 2573 πάντας
2499 2509 2626 2573 τοὺς
2656 2505 3013 2579 ἐρμηνευτὰς,
3042 2507 3138 2560 καὶ
3166 2508 3425 2577 ἐσείσθη
3449 2507 3637 2581 εἴρηται.

2105 2601 2261 2655 Οὕτω
2288 2601 2344 2654 δέ
2374 2599 2594 2671 ἐσείσθη
2634 2604 2668 2671 ὴ
2708 2600 2800 2670 γῆ,
2833 2599 2908 2664 ὡς
2945 2598 3157 2671 εἴρηται
3206 2600 3266 2652 ἐν
3287 2601 3637 2669 Έῦαγγελίοις,

2103 2697 2213 2752 Καὶ
2278 2697 2658 2769 εἰσελθόντος
2694 2694 2806 2747 ,τοῦ
2855 2691 3127 2763 Σωτῆρος
3167 2696 3258 2759 εἰς
3306 2693 3641 2765 Ἰεροσόλυμα

2102 2790 2349 2859 ἐσείσθη
2379 2787 2546 2843 πᾶσα
2568 2787 2606 2856 ἡ
2636 2788 2814 2852 πόλις
2837 2785 3103 2855 λέγουσα
3121 2804 3134 2817 '
3169 2788 3270 2853 Τίς
3290 2786 3464 2841 ἐστιν
3484 2783 3639 2850 οὗτος

2117 2884 2201 2947 Ὠς
2243 2882 2350 2954 γὰρ
2376 2884 2425 2936 oi.
2469 2880 2567 2953 τὴν
2613 2881 2765 2935 πόλιν
2812 2880 3085 2944 οἰκοῦντες
3123 2880 3423 2952 ἐδηλοῦντο
3464 2879 3544 2934 διὰ
3572 2876 3639 2933 τοῦ

2104 2976 2290 3037 τόπου,
2317 2973 2456 3028 κατά
2492 2974 2583 3028 τὸν
2615 2974 2776 3028 αὑτὸν
2803 2973 3004 3047 τρόπον
3038 2974 3136 3027 καὶ
3167 2973 3269 3029 νῦν
3300 2976 3428 3038 τοὺς
3456 2973 3544 3045 τὴν
3565 2972 3639 3043 γῆν

2105 3065 2385 3129 οἰκοῦντας
2419 3064 2743 3135 κλονηθῆναι
2770 3081 2902 3137 φησι
2943 3065 3033 3118 καὶ
3068 3065 3357 3137 σεισθῆναι
3387 3065 3448 3119 τὸ
3482 3064 3637 3134 λόγιον.

2107 3155 2197 3209 Διὸ
2230 3157 2381 3209 πᾶσα
2410 3154 2546 3227 ἀκοὴ
2572 3155 2853 3226 κεκίνηται
2884 3156 2949 3209 ἐκ
2986 3154 3079 3208 τοῦ
3110 3155 3476 3224 εὐαγγελικοῦ
3507 3151 3639 3226 κηρύ-

2106 3266 2313 3320 γματος
2337 3250 2417 3312 εἰς
2462 3248 2757 3320 μαρτύριον
2807 3249 2939 3301 πᾶσι
2967 3251 3080 3312 τοῖς
3121 3247 3312 3302 ἔθνεσι
3349 3248 3640 3321 κεκηρυγμέ·

2106 3359 2218 3397 νου.
2256 3340 2588 3404 Ἀκολούθως
2627 3341 2684 3394 δέ
2724 3340 2988 3411 ἐσαλεύθη
3030 3342 3124 3395 καὶ
3172 3342 3402 3413 ἐσείσθη
3453 3344 3484 3413 ἡ
3522 3326 3636 3410 γῆξῆ

2108 3429 2368 3501 ἐκλονῄθη
2410 3430 2497 3483 διὰ
2524 3431 2592 3484 τὰ
2624 3429 2930 3501 ἔμπροσθεν
2953 3429 3281 3504 λελεγμένα,
3320 3433 3387 3486 Et
3419 3433 3520 3503 γὰρ
3542 3431 3638 3499 ἑσσ-

438 3503 561 3558 orlti
583 3512 761 3569 terrm,
792 3506 837 3560 si
873 3523 973 3561 vox
1003 3510 1229 3565 tonitrni
1260 3511 1381 3581 ejus
1415 3515 1658 3570 insonuit
1693 3517 1750 3572 in
1785 3529 1923 3585 rota,
1958 3521 2003 3575 si

2109 3538 2205 3575 ναν
2244 3523 2300 3575 αἱ
2340 3522 2612 3593 ἀστραπαὶ
2652 3520 2818 3576 αὑτοῦ
2856 3522 2922 3594 τῇ
2962 3523 3281 3598 οἰκουμένῃ,
3314 3526 3351 3596 ἡ
3398 3524 3535 3594 φωνή
3567 3521 3637 3591 τῆς

438 3592 654 3662 sagittte
687 3593 807 3664 ejus
853 3596 908 3650 in
937 3612 1128 3654 omnes
1157 3603 1513 3668 transierunt,
1558 3605 1606 3661 si
1637 3608 1810 3663 nubes
1841 3610 2006 3667 dede-

436 3690 572 3737 runt
595 3699 781 3740 vocem
816 3702 994 3751 suam,
1016 3704 1083 3743 ex
1113 3689 1198 3746 bis
1221 3693 1477 3751 omnibus
1511 3698 1760 3767 sequitur
1779 3715 2008 3756 concus-

442 3789 559 3829 sam
606 3783 660 3831 et
685 3787 1010 3834 commotam
1043 3779 1211 3839 fuisse
1242 3791 1466 3841 terram.
1495 3785 1779 3854 Quomodo
1823 3801 2006 3848 autem

437 3864 496 3921 in
548 3866 688 3955 mari
720 3868 806 3921 via
839 3868 961 3939 ejus
1011 3872 1195 3940 luerit,
1247 3885 1302 3932 et
1350 3879 1557 3935 semitae
1600 3880 1721 3952 ejus
1755 3883 1810 3938 in
1849 3886 2006 3955 aquis

442 3954 652 4019 multis,
679 3972 743 4011 ac
778 3962 1050 4028 quomodo
1084 3967 1311 4038 vestigia
1361 3969 1482 4039 ejus
1514 3986 1624 4026 non
1664 3954 1998 4044 cognoscan-

440 4050 554 4110 tur,
576 4062 650 4101 σοι
683 4047 857 4117 ipsius
886 4052 951 4106 ad
986 4054 1289 4126 discipulos
1320 4062 1683 4129 promissione
1710 4064 2001 4136 intelligas,

442 4149 566 4226 quin
599 4136 679 4191 sic
706 4138 869 4193 habet
899 4161 916 4196 :
950 4141 1149 4200 Euutes
1186 4147 1364 4204 docete
1399 4168 1576 4207 omnes
1620 4165 1795 4226 gentes
1824 4159 1879 4211 in
1908 4146 2004 4212 tto-

435 4225 582 4279 mine
611 4243 722 4283 meo
752 4230 827 4298 ης
860 4240 913 4286 et
952 4251 968 4289 :
1002 4233 1136 4291 Ecce
1165 4255 1258 4310 ego
1288 4241 1553 4298 vobiscum
1602 4264 1719 4301 sum
1760 4250 2001 4306 omnibus

431 4312 626 4370 .diebus
668 4335 830 4388 usque
883 4323 951 4374 ad
981 4331 1483 4387 consummationem
1521 4338 1705 4390 διεθηΙὶ
1744 4339 1810 4393 ’⁷.
1865 4338 2001 4393 Nam

443 4403 646 4474 ultique
697 4414 965 4465 terrarum
1010 4413 1297 4487 discipulis
1339 4424 1460 4478 suis
1490 4424 1839 4482 invisibiliter
1860 4444 2000 4499 pra:-

428 4512 590 4589 .t_3ens,
620 4499 675 4555 in
705 4504 841 4557 mari
876 4506 1019 4568 vitae,
1049 4517 1103 4563 et
1127 4512 1182 4565 in
1218 4515 1403 4571 multis
1438 4518 1679 4587 gentium
1707 4519 1865 4589 aquis
1887 4536 2002 4573 am-

439 4583 663 4645 bulabat
688 4610 701 4646 :
736 4592 896 4663 idque
920 4600 1133 4653 occulta
1162 4610 1216 4657 et
1242 4583 1499 4661 invisibili
1532 4610 1734 4663 virtute
1758 4583 2002 4680 .perage-

430 4681 532 4736 hat
569 4700 583 4736 :
621 4699 792 4753 quare
821 4687 1044 4755 dicitur,
1081 4691 1148 4745 Et
1178 4696 1396 4766 vestigia
1434 4708 1525 4752 tua
1551 4717 1655 4755 non
1683 4717 1999 4771 cognoscen-

438 4779 545 4826 tur.
581 4771 707 4862 llaec
755 4776 936 4848 itaque
965 4781 1021 4834 in
1046 4783 1271 4839 salutari
1304 4784 1398 4842 Dei
1428 4789 1663 4844 adventu
1696 4791 1996 4862 impleban-

2109 3612 2335 3685 βροντῆς
2355 3613 2521 3668 αὑτοῦ
2544 3612 2807 3684 ἐξήχησεν
2844 3615 2901 3667 ἐν
2924 3614 3002 3686 τῷ
3024 3614 3219 3686 τροχῷ,
3260 3618 3314 3669 εί
3339 3617 3408 3670 τὰ
3437 3616 3549 3687 βέλη
3568 3612 3635 3667 ait-

2105 3704 2198 3758 τοῦ
2238 3705 2330 3758 ἐπὶ
2355 3704 2562 3768 πάντας
2593 3704 2997 3778 διαπορεύηται,
3024 3710 3072 3761 εί
3113 3709 3169 3761 αἱ
3198 3710 3427 3778 νεφέλαι
3449 3709 3535 3780 τὴν
3566 3705 3633 3759 αὖ·

2104 3798 2212 3853 τῶν
2232 3798 2440 3853 ἔδωκαν
2471 3799 2673 3871 φωνὴν,
2700 3799 2986 3854 ἀκόλουθον
3009 3796 3076 3873 ἦν
3103 3802 3167 3854 ἐκ
3187 3801 3403 3857 τούτων
3425 3801 3631 3855 ἁπάντων
3746 3840 3747 3863 χ

2106 3888 2425 3959 κλονηθῆναι
2452 3888 2545 3941 καὶ
2580 3888 2901 3961 σαλευθῆναι
2929 3890 3026 3961 τὴν
3054 3890 3180 3961 γῆν.
3219 3891 3414 3954 Ὅπως
3447 3891 3499 3945 δέ
3521 3889 3629 3956 Eni,

2105 3978 2344 4050 θαλάσσῃ
2380 3980 2415 4049 ἡ
2443 3977 2561 4041 ὁδὸς
2584 3978 2748 4031 αὐτοῦ
2774 3978 2984 4048 γέγονε,
3011 3980 3105 4032 καὶ
3130 3980 3188 4031 αἶ
3225 3980 3407 4049 τρίόοι
3430 3976 3571 4031 αὐτοῦ
3590 3977 3629 4027 ἐν

2106 4067 2261 4122 ὕδασι
2292 4068 2525 4132 πολλοῖς,
2570 4070 2664 4123 καὶ
2690 4069 2765 4132 ὡς
2789 4068 2857 4122 τά
2886 4068 3003 4141 ίχνη
3035 4068 3199 4123 αὑτοῦ
3232 4071 3294 4123 οὗ
3329 4068 3627 4139 γινώσκεται,

2103 4160 2221 4232 εἴσῃ
2247 4162 2545 4232 ἐπιστήσας
2568 4163 2632 4231 τῇ
2661 4160 2797 4231 πρὸς
2825 4161 2949 4224 τοὺς
2972 4160 3226 4231 μαθητὰς
3249 4160 3540 4230 ἐπαγγελίᾳ
3559 4157 3629 4211 θ’θ’

2102 4251 2195 4304 τοῦ
2226 4253 2473 4324 φησάσῃ·
2500 4251 2895 4322 Πορευθέντες
2924 4255 3353 4323 μαθητεύσατε
3384 4254 3557 4307 πάντα
3578 4248 3627 4301 τὰ
3738 4300 3739 4319 ἦ

2101 4343 2244 4412 ἔθνη
2291 4344 2361 4397 ἐν
2404 4342 2483 4409 τῷ
2531 4345 2775 4414 ὀνόματι
2823 4362 2977 4413 μουο
3018 4345 3132 4408 καὶ,
3186 4345 3337 4399 Ἰδοὺ
3387 4344 3494 4414 ἐγὼ
3531 4342 3624 4411 μεθ
3736 4352 3739 4413 ς

2102 4430 2267 4503 ὑμῶν
2286 4436 2412 4503 ειμι
2440 4433 2642 4499 πάσας
2670 4436 2777 4500 τὰς
2797 4433 3022 4504 ἡμέρας
3043 4433 3155 4501 ἓως
3181 4434 3294 4505 τῆς
3319 4433 3625 4493 συντελείας

2102 4525 2209 4579 τοῦ
2267 4524 2503 4593 αἰῶνος.
2561 4526 2831 4599 Ἀοράτως
2880 4525 2989 4599 γὰρ
3037 4527 3357 4599 ἁπανταχοῦ
3413 4528 3503 4597 τῆς
3549 4523 3623 4592 γῆς

2103 4615 2275 4669 συνὼν
2315 4620 2427 4681 τοῖς
2456 4616 2620 4671 αὐτοῦ
2657 4618 2922 4690 μαθηταῖς
2959 4622 3016 4672 ἐν
3054 4622 3120 4691 τῇ
3147 4618 3243 4673 τοῦ
3280 4620 3398 4690 βίου
3430 4618 3619 4682 θαλάσσῃ

2102 4708 2195 4761 καὶ⁸
2222 4712 2334 4773 τοῖς
2366 4710 2578 4775 πολλοῖς
2606 4711 2713 4764 τῶν
2755 4711 2925 4766 ἐθνῶν
2975 4711 3162 4767 ὕδασιν
3209 4713 3518 4785 ἐπορεύετο·
3554 4708 3619 4761 καὶ

2100 4800 2243 4854 τοῦτ’
2270 4801 2535 4874 ἔπραττεν
2567 4804 2783 4875 ἀοράτῳ
2818 4805 2910 4857 καὶ
2939 4805 3135 4875 ἀφανεῖ
3166 4805 3424 4875 δυνάμει·
3461 4802 3529 4856 διὸ
3558 4800 3619 4851 λέ-

436 4868 547 4968 tu‘r.
582 4861 707 4919 litae
739 4878 939 4934 autem,
972 4872 1166 4942 inquit,
1192 4877 1246 4930 in
1278 4880 1502 4932 salutari
1528 4880 1648 4949 ejus
1663 4882 1729 4936 ad
1751 4861 1998 4939 homines

2105 4891 2283 4948 λεκται
2317 4861 2354 4925 ι’
2392 4895 2504 4949 Καὶ
2562 4861 2647 4950 τά
2686 4861 2826 4966 ιχὶιη
2885 4861 3002 4952 om}
3064 4900 3137 4952 οὐ
3187 4861 3614 4968 γνώσθήσονται.

432 4953 673 5009 adventu
713 4973 808 5027 per
833 4964 1185 5019 mutationem
1219 4967 1455 5025 dextera:
1480 4971 1745 5028 Altissimi
1782 4976 1861 5029 sic
1891 4973 1996 5027 im-

432 5042 580 5113 pleta
605 5057 766 5114 sunt;
798 5054 1253 5119 quemadmodum
1306 5061 1434 5114 olim
1463 5062 1517 5116 in
1564 5065 1747 5135 priore
1777 5066 1995 5136 populo,

435 5136 655 5204 quando
696 5139 910 5197 eductis
956 5144 1065 5199 illis
1116 5162 1185 5201 ex
1227 5156 1375 5205 terra
1428 5152 1649 5226 JEgypti
1696 5172 1795 5226 per
1847 5174 1998 5213 mare

2100 4983 2284 5038 Ταῦτα
2327 4985 2426 5056 μὲν
2455 4982 2547 5040 οῦν
2581 4986 2883 5060 ἐπληροῦτο
2931 4989 3070 5043 κατὰ
3101 4990 3200 5062 τὴν
3239 4992 3497 5061 σωτήριον
3529 4986 3614 5039 θεο-

2094 5073 2324 5142 φάνειαν
2342 5078 2362 5105 “·
2396 5074 2554 5129 Οὕτω
2579 5076 2637 5129 δὲ
2667 5078 2860 5144 ταῦτα,
2888 5080 3073 5150 φησὶν,
3105 5081 3313 5148 ἐγίνετο
3336 5080 3427 5133 ἐπὶ
3449 5078 3534 5147 τῆς
3556 5075 3612 5134 εἰς

2098 5161 2415 5233 ἀνθρώπους
2436 5167 2735 5238 παρουσίας
2757 5169 2940 5234 αὐτοῦ,
2968 5171 3110 5225 κατὰ
3139 5172 3236 5243 τὴν
3260 5171 3522 5225 ἀλλοίωσιν
3540 5169 3610 5235 τῆς

431 5228 728 5283 transitum
752 5234 984 5288 munivit
1013 5254 1027 5291 :
1060 5244 1194 5293 tunc
1227 5242 1370 5296 enim
1400 5255 1824 5302 commonstrata
1881 5250 1994 5303 vir-

2105 5228 2269 5319 ΞεΕιάς
2293 5254 2388 5308 τοῦ
2426 5228 2678 5327 ’Υῷίστου
2698 5228 2937 5335 (ὥσπερ.
2959 5262 3054 5316 καὶ
3082 5228 3249 5318 πάλαι
3278 5264 3373 5317 ἐπὶ
3401 5262 3486 5315 τοῦ
3510 5228 3609 5329 προ·

434 5320 551 5370 tute
587 5333 707 5383 sua,
731 5321 873 5376 viam
899 5331 952 5377 et
992 5327 1217 5384 semitas
1245 5330 1299 5384 in
1329 5334 1489 5402 aquis
1525 5335 1710 5391 multis
1744 5339 1992 5407 paravit;

430 5404 511 5459 ita
550 5416 605 5460 ut
635 5420 973 5479 praeeuntem
1026 5416 1204 5487 ipsum
1256 5428 1404 5478 totus
1452 5422 1620 5480 lsracl
1660 5426 1716 5480 in
1746 5404 1993 5484 transitu

429 5501 604 5555 maris
625 5515 964 5573 sequeretur,
994 5509 1355 5584 incessusque
1384 5515 1503 5586 ejus
1534 5517 1753 5589 ignotus
1788 5519 1995 5575 incom-

431 5589 922 5665 prchensibilisque
949 5597 1261 5658 hominibus
1299 5612 1465 5672 esset,
1495 5607 1716 5677 quando
1764 5607 1992 5667 deduxit

2091 5344 2249 5415 τέρου
2286 5344 2413 5401 λαοῦ
2452 5350 2685 5420 ὁπηνίκα
2717 5352 2999 5422 ἐξαγαγὼν
3034 5355 3229 5418 αὐτοὺς
3264 5356 3331 5409 ἐκ
3362 5359 3459 5427 γῆς
3478 5349 3605 5417 Αἰγύ-

2094 5451 2226 5487 πτου
2259 5435 2483 5509 διήγαγε
2519 5440 2607 5494 διὰ
2633 5442 2732 5513 τῆς
2763 5442 3035 5517 θαλάσσης
3060 5464 3072 5476 ·
3105 5447 3199 5501 καὶ
3232 5448 3355 5500 τότε
3394 5448 3489 5518 γὰρ
3520 5443 3602 5496 5‘"

2092 5526 2224 5591 κνὺς
2256 5529 2354 5593 τὰς
2398 5531 2600 5603 ἀρετάς
2648 5535 2810 5590 αὑτοῦ
2849 5537 2967 5591 ὁδὸν
3014 5540 3186 5593 ἐποίει
3216 5541 3309 5594 καὶ
3354 5537 3599 5611 τρίὸωςέν

2095 5614 2246 5671 ὕδασι
2286 5620 2516 5689 πολλοῖς,
2550 5625 2626 5691 ὡς
2672 5629 3063 5701 προηγουμένῳ
3110 5630 3252 5703 αὐτῷ
3275 5628 3597 5687 ἑπακολωθεῖν

392 5745 399 5757 ⁸
512 5744 561 5779 ⁸³
596 5745 661 5800 Ill
694 5746 850 5803 Esdr.
886 5767 959 5819 tv,
997 5755 1086 5813 δή.
1159 5760 1207 5793 ’⁵
1246 5761 1418 5818 lCor.
1456 5779 1569 5831 XII,
1604 5766 1659 5833 ι,
1697 5767 1750 5837 8,
1782 5768 1836 5827 9.
1910 5773 1954 5806 ⁸⁸
1995 5773 2004 5831 l

2105 5776 2183 5831 th.
2218 5792 2341 5847 xxi,
2378 5779 2461 5837 lo.
2538 5783 2586 5817 ”
2622 5783 2810 5843 Matth.
2849 5804 3046 5856 m'nt,
3087 5793 3168 5850 l9.
3241 5795 3284 5827 "
3327 5793 3427 5849 ibid
3473 5790 3543 5846 ‘30.

3714 5668 3717 5759 1

3712 5816 3715 5909 1

3710 5916 3713 6013 4
