  <div class='ocr_page' id='page_1' title='image "/cluster/home/n/w/nwhite01/storage/ocr_20150623/23/mdp.39015078384396/458.png"; bbox 0 0 3798 6282; ppageno 0'>
   <div class='ocr_carea' id='block_1_1' title="bbox 146 336 237 393">
    <p class='ocr_par' dir='ltr' id='par_1_1' title="bbox 146 336 237 393">
     <span class='ocr_line' id='line_1_1' title="bbox 146 336 237 393; baseline 0.011 -6"><span class='ocrx_word' id='word_1_1' title='bbox 146 336 237 393; x_wconf 55' lang='grc' dir='ltr'><strong>σοι</strong></span> 
     </span>
    </p>
   </div>
   <div class='ocr_carea' id='block_1_2' title="bbox 1220 331 2207 390">
    <p class='ocr_par' dir='ltr' id='par_1_2' title="bbox 1220 331 2207 390">
     <span class='ocr_line' id='line_1_2' title="bbox 1220 331 2207 390; baseline 0.001 -1"><span class='ocrx_word' id='word_1_2' title='bbox 1220 331 1728 389; x_wconf 72' lang='lat' dir='ltr'><strong>COMMENTARIA</strong></span> <span class='ocrx_word' id='word_1_3' title='bbox 1761 332 1827 387; x_wconf 77' lang='lat' dir='ltr'><strong>1N</strong></span> <span class='ocrx_word' id='word_1_4' title='bbox 1868 333 2207 390; x_wconf 72' lang='lat' dir='ltr'><strong>PSALMOS.</strong></span> 
     </span>
    </p>
   </div>
   <div class='ocr_carea' id='block_1_3' title="bbox 3264 337 3371 393">
    <p class='ocr_par' dir='ltr' id='par_1_3' title="bbox 3264 337 3371 393">
     <span class='ocr_line' id='line_1_3' title="bbox 3264 337 3371 393; baseline 0 -1"><span class='ocrx_word' id='word_1_5' title='bbox 3264 337 3371 393; x_wconf 69' lang='lat'><strong>90?.</strong></span> 
     </span>
    </p>
   </div>
   <div class='ocr_carea' id='block_1_4' title="bbox 143 443 1691 520">
    <p class='ocr_par' dir='ltr' id='par_1_4' title="bbox 143 443 1691 517">
     <span class='ocr_line' id='line_1_4' title="bbox 143 443 1691 517; baseline -0.005 -14"><span class='ocrx_word' id='word_1_6' title='bbox 143 454 194 503; x_wconf 79' lang='grc' dir='ltr'>ἐν</span> <span class='ocrx_word' id='word_1_7' title='bbox 214 450 271 517; x_wconf 74' lang='grc' dir='ltr'>τῇ</span> <span class='ocrx_word' id='word_1_8' title='bbox 299 461 486 516; x_wconf 78' lang='grc' dir='ltr'>πορειᾳ</span> <span class='ocrx_word' id='word_1_9' title='bbox 512 444 610 515; x_wconf 83' lang='grc' dir='ltr'>τῆς</span> <span class='ocrx_word' id='word_1_10' title='bbox 630 443 905 517; x_wconf 74' lang='grc' dir='ltr'><strong>θαλάσσης</strong></span> <span class='ocrx_word' id='word_1_11' title='bbox 934 443 1025 498; x_wconf 78' lang='grc' dir='ltr'>τὸν</span> <span class='ocrx_word' id='word_1_12' title='bbox 1050 445 1227 499; x_wconf 75' lang='grc' dir='ltr'>πάντα</span> <span class='ocrx_word' id='word_1_13' title='bbox 1260 446 1492 517; x_wconf 76' lang='grc' dir='ltr'>Ἰσραὴλ,</span> <span class='ocrx_word' id='word_1_14' title='bbox 1518 446 1691 515; x_wconf 77' lang='grc' dir='ltr'>ἄγνω-</span> 
     </span>
    </p>
   </div>
   <div class='ocr_carea' id='block_1_5' title="bbox 1797 443 3372 520">
    <p class='ocr_par' dir='ltr' id='par_1_5' title="bbox 1797 444 3372 520">
     <span class='ocr_line' id='line_1_5' title="bbox 1797 444 3372 520; baseline 0.004 -21"><span class='ocrx_word' id='word_1_15' title='bbox 1797 444 2095 517; x_wconf 73' lang='grc' dir='ltr'><strong>(νειις.21)</strong></span> <span class='ocrx_word' id='word_1_16' title='bbox 2134 447 2271 501; x_wconf 69' lang='lat' dir='ltr'><strong>sicut</strong></span> <span class='ocrx_word' id='word_1_17' title='bbox 2311 462 2426 501; x_wconf 82' lang='lat' dir='ltr'><strong>oves</strong></span> <span class='ocrx_word' id='word_1_18' title='bbox 2471 447 2717 516; x_wconf 78' lang='lat' dir='ltr'><strong>populum</strong></span> <span class='ocrx_word' id='word_1_19' title='bbox 2741 463 2892 502; x_wconf 78' lang='lat' dir='ltr'><strong>suum</strong></span> <span class='ocrx_word' id='word_1_20' title='bbox 2920 448 2971 501; x_wconf 89' lang='lat' dir='ltr'><strong>in</strong></span> <span class='ocrx_word' id='word_1_21' title='bbox 3007 464 3165 502; x_wconf 87' lang='lat' dir='ltr'><strong>manu</strong></span> <span class='ocrx_word' id='word_1_22' title='bbox 3194 448 3372 520; x_wconf 79' lang='lat' dir='ltr'><strong>Moysi</strong></span> 
     </span>
    </p>
   </div>
   <div class='ocr_carea' id='block_1_6' title="bbox 146 531 1696 607">
    <p class='ocr_par' dir='ltr' id='par_1_6' title="bbox 146 531 1696 607">
     <span class='ocr_line' id='line_1_6' title="bbox 146 531 1696 607; baseline -0.001 -16"><span class='ocrx_word' id='word_1_23' title='bbox 146 538 253 591; x_wconf 72' lang='grc' dir='ltr'>στάν</span> <span class='ocrx_word' id='word_1_24' title='bbox 281 553 338 588; x_wconf 85' lang='grc' dir='ltr'><strong>τε</strong></span> <span class='ocrx_word' id='word_1_25' title='bbox 371 531 509 588; x_wconf 77' lang='grc' dir='ltr'>εἶναι</span> <span class='ocrx_word' id='word_1_26' title='bbox 549 535 640 587; x_wconf 70' lang='grc' dir='ltr'><strong>καὶ</strong></span> <span class='ocrx_word' id='word_1_27' title='bbox 688 535 1071 605; x_wconf 80' lang='grc' dir='ltr'><strong>ἀκατάληπτον</strong></span> <span class='ocrx_word' id='word_1_28' title='bbox 1116 534 1420 606; x_wconf 87' lang='grc' dir='ltr'>ἀνθρώποις</span> <span class='ocrx_word' id='word_1_29' title='bbox 1458 536 1555 607; x_wconf 77' lang='grc' dir='ltr'><strong>τὴν</strong></span> <span class='ocrx_word' id='word_1_30' title='bbox 1598 554 1696 589; x_wconf 82' lang='grc' dir='ltr'>πο-</span> 
     </span>
    </p>
   </div>
   <div class='ocr_carea' id='block_1_7' title="bbox 145 626 1699 703">
    <p class='ocr_par' dir='ltr' id='par_1_7' title="bbox 145 626 1699 703">
     <span class='ocr_line' id='line_1_7' title="bbox 145 626 1699 703; baseline -0.002 -20"><span class='ocrx_word' id='word_1_31' title='bbox 145 630 278 703; x_wconf 78' lang='grc' dir='ltr'>ρείαν</span> <span class='ocrx_word' id='word_1_32' title='bbox 309 626 496 689; x_wconf 73' lang='grc' dir='ltr'>αὐτοῦ,</span> <span class='ocrx_word' id='word_1_33' title='bbox 546 628 633 679; x_wconf 86' lang='grc' dir='ltr'><strong>ὅτε</strong></span> <span class='ocrx_word' id='word_1_34' title='bbox 688 627 781 679; x_wconf 72' lang='grc' dir='ltr'>καὶ</span> <span class='ocrx_word' id='word_1_35' title='bbox 822 626 1102 698; x_wconf 79' lang='grc' dir='ltr'><strong>ὡδήγησεν</strong></span> <span class='ocrx_word' id='word_1_36' title='bbox 1153 628 1232 693; x_wconf 86' lang='grc' dir='ltr'>ὡς</span> <span class='ocrx_word' id='word_1_37' title='bbox 1281 629 1543 696; x_wconf 74' lang='grc' dir='ltr'>πρόϐατα</span> <span class='ocrx_word' id='word_1_38' title='bbox 1592 628 1699 681; x_wconf 77' lang='grc' dir='ltr'><strong>τὸν</strong></span> 
     </span>
    </p>
   </div>
   <div class='ocr_carea' id='block_1_8' title="bbox 141 717 1699 789">
    <p class='ocr_par' dir='ltr' id='par_1_8' title="bbox 141 717 1699 789">
     <span class='ocr_line' id='line_1_8' title="bbox 141 717 1699 789; baseline 0.001 -16"><span class='ocrx_word' id='word_1_39' title='bbox 141 720 279 778; x_wconf 74' lang='grc' dir='ltr'>λαὸν</span> <span class='ocrx_word' id='word_1_40' title='bbox 321 717 506 771; x_wconf 84' lang='grc' dir='ltr'>αὑτοῦ</span> <span class='ocrx_word' id='word_1_41' title='bbox 547 719 615 770; x_wconf 78' lang='grc' dir='ltr'><strong>ἐν</strong></span> <span class='ocrx_word' id='word_1_42' title='bbox 657 719 803 787; x_wconf 80' lang='grc' dir='ltr'>χειρὶ</span> <span class='ocrx_word' id='word_1_43' title='bbox 840 717 1067 789; x_wconf 76' lang='grc' dir='ltr'><strong>Ηωῢσῆ</strong></span> <span class='ocrx_word' id='word_1_44' title='bbox 1099 720 1194 772; x_wconf 79' lang='grc' dir='ltr'>καὶ</span> <span class='ocrx_word' id='word_1_45' title='bbox 1240 718 1467 787; x_wconf 82' lang='grc' dir='ltr'><strong>Ἀαρών.</strong></span> <span class='ocrx_word' id='word_1_46' title='bbox 1509 720 1699 784; x_wconf 73' lang='grc' dir='ltr'>’Ἄλλος</span> 
     </span>
    </p>
   </div>
   <div class='ocr_carea' id='block_1_9' title="bbox 150 808 1697 886">
    <p class='ocr_par' dir='ltr' id='par_1_9' title="bbox 150 808 1697 886">
     <span class='ocr_line' id='line_1_9' title="bbox 150 808 1697 886; baseline 0.001 -21"><span class='ocrx_word' id='word_1_47' title='bbox 150 814 235 885; x_wconf 81' lang='grc' dir='ltr'>μὲν</span> <span class='ocrx_word' id='word_1_48' title='bbox 265 808 351 865; x_wconf 81' lang='grc' dir='ltr'>οὖν</span> <span class='ocrx_word' id='word_1_49' title='bbox 384 811 451 863; x_wconf 83' lang='grc' dir='ltr'><strong>τὰ</strong></span> <span class='ocrx_word' id='word_1_50' title='bbox 490 812 831 881; x_wconf 79' lang='grc' dir='ltr'>προκείμενα</span> <span class='ocrx_word' id='word_1_51' title='bbox 877 811 1091 866; x_wconf 74' lang='grc' dir='ltr'>ἅπαντα</span> <span class='ocrx_word' id='word_1_52' title='bbox 1133 813 1223 865; x_wconf 71' lang='grc' dir='ltr'>ἐπὶ</span> <span class='ocrx_word' id='word_1_53' title='bbox 1252 814 1350 884; x_wconf 83' lang='grc' dir='ltr'><strong>τὴν</strong></span> <span class='ocrx_word' id='word_1_54' title='bbox 1394 813 1566 878; x_wconf 77' lang='grc' dir='ltr'>ἔξοδον</span> <span class='ocrx_word' id='word_1_55' title='bbox 1599 814 1697 886; x_wconf 81' lang='grc' dir='ltr'><strong>τὴν</strong></span> 
     </span>
    </p>
   </div>
   <div class='ocr_carea' id='block_1_10' title="bbox 140 902 1693 974">
    <p class='ocr_par' dir='ltr' id='par_1_10' title="bbox 140 902 1693 974">
     <span class='ocr_line' id='line_1_10' title="bbox 140 902 1693 974; baseline 0.001 -18"><span class='ocrx_word' id='word_1_56' title='bbox 140 905 221 957; x_wconf 77' lang='grc' dir='ltr'>ἀπ’</span> <span class='ocrx_word' id='word_1_57' title='bbox 248 902 516 970; x_wconf 73' lang='grc' dir='ltr'>Αἰγύπτου</span> <span class='ocrx_word' id='word_1_58' title='bbox 544 902 767 967; x_wconf 82' lang='grc' dir='ltr'><strong>ἀνοίσει,</strong></span> <span class='ocrx_word' id='word_1_59' title='bbox 795 904 913 956; x_wconf 81' lang='grc' dir='ltr'>τότε</span> <span class='ocrx_word' id='word_1_60' title='bbox 942 904 1325 974; x_wconf 80' lang='grc' dir='ltr'>πεπληρῶσθαι</span> <span class='ocrx_word' id='word_1_61' title='bbox 1364 906 1585 974; x_wconf 80' lang='grc' dir='ltr'>φάσκων</span> <span class='ocrx_word' id='word_1_62' title='bbox 1611 905 1693 967; x_wconf 88' lang='grc' dir='ltr'>τὸ,</span> 
     </span>
    </p>
   </div>
   <div class='ocr_carea' id='block_1_11' title="bbox 138 993 1695 1060">
    <p class='ocr_par' dir='ltr' id='par_1_11' title="bbox 138 993 1695 1060">
     <span class='ocr_line' id='line_1_11' title="bbox 138 993 1695 1060; baseline 0.001 -12"><span class='ocrx_word' id='word_1_63' title='bbox 138 993 381 1049; x_wconf 79' lang='grc' dir='ltr'><strong>Εἵδοσάν</strong></span> <span class='ocrx_word' id='word_1_64' title='bbox 406 1010 481 1046; x_wconf 87' lang='grc' dir='ltr'><strong>σε</strong></span> <span class='ocrx_word' id='word_1_65' title='bbox 508 994 715 1057; x_wconf 82' lang='grc' dir='ltr'>ὕδατα,</span> <span class='ocrx_word' id='word_1_66' title='bbox 745 997 777 1046; x_wconf 77' lang='grc' dir='ltr'><strong><em>ό</em></strong></span> <span class='ocrx_word' id='word_1_67' title='bbox 805 994 965 1060; x_wconf 80' lang='grc' dir='ltr'>Θεὸς,</span> <span class='ocrx_word' id='word_1_68' title='bbox 988 995 1236 1048; x_wconf 76' lang='grc' dir='ltr'>εῑδοσάν</span> <span class='ocrx_word' id='word_1_69' title='bbox 1262 1010 1334 1049; x_wconf 89' lang='grc' dir='ltr'><strong>σε</strong></span> <span class='ocrx_word' id='word_1_70' title='bbox 1361 996 1568 1059; x_wconf 80' lang='grc' dir='ltr'>ὕδατα,</span> <span class='ocrx_word' id='word_1_71' title='bbox 1598 997 1695 1050; x_wconf 80' lang='grc' dir='ltr'>καὶ</span> 
     </span>
    </p>
   </div>
   <div class='ocr_carea' id='block_1_12' title="bbox 136 1081 1695 1153">
    <p class='ocr_par' dir='ltr' id='par_1_12' title="bbox 136 1081 1695 1153">
     <span class='ocr_line' id='line_1_12' title="bbox 136 1081 1695 1153; baseline 0.003 -18"><span class='ocrx_word' id='word_1_72' title='bbox 136 1081 548 1150; x_wconf 52' lang='grc' dir='ltr'>ἐφοϐήθησαν,</span> <span class='ocrx_word' id='word_1_73' title='bbox 611 1084 1034 1151; x_wconf 75' lang='grc' dir='ltr'><strong>ἐταράχθησαν</strong></span> <span class='ocrx_word' id='word_1_74' title='bbox 1097 1084 1397 1151; x_wconf 77' lang='grc' dir='ltr'>ἄϐυσσοι,</span> <span class='ocrx_word' id='word_1_75' title='bbox 1464 1085 1695 1153; x_wconf 76' lang='grc' dir='ltr'>πλῆθος</span> 
     </span>
    </p>
   </div>
   <div class='ocr_carea' id='block_1_13' title="bbox 136 1174 1696 1249">
    <p class='ocr_par' dir='ltr' id='par_1_13' title="bbox 136 1174 1696 1249">
     <span class='ocr_line' id='line_1_13' title="bbox 136 1174 1696 1249; baseline 0.003 -21"><span class='ocrx_word' id='word_1_76' title='bbox 136 1174 309 1244; x_wconf 79' lang='grc' dir='ltr'>ἤχους</span> <span class='ocrx_word' id='word_1_77' title='bbox 337 1175 557 1242; x_wconf 82' lang='grc' dir='ltr'>ὕδατος</span> <span class='ocrx_word' id='word_1_78' title='bbox 580 1193 593 1206; x_wconf 75' lang='grc'><strong>⁸</strong></span> <span class='ocrx_word' id='word_1_79' title='bbox 630 1178 808 1229; x_wconf 81' lang='grc' dir='ltr'>πᾶσάν</span> <span class='ocrx_word' id='word_1_80' title='bbox 836 1194 896 1229; x_wconf 88' lang='grc' dir='ltr'><strong>τε</strong></span> <span class='ocrx_word' id='word_1_81' title='bbox 929 1178 1025 1248; x_wconf 85' lang='grc' dir='ltr'>τὴν</span> <span class='ocrx_word' id='word_1_82' title='bbox 1060 1179 1361 1249; x_wconf 79' lang='grc' dir='ltr'>περικοπὴν</span> <span class='ocrx_word' id='word_1_83' title='bbox 1391 1180 1696 1243; x_wconf 76' lang='grc' dir='ltr'><strong>ἀκολούθως</strong></span> 
     </span>
    </p>
   </div>
   <div class='ocr_carea' id='block_1_14' title="bbox 137 1267 1695 1341">
    <p class='ocr_par' dir='ltr' id='par_1_14' title="bbox 137 1267 1695 1341">
     <span class='ocr_line' id='line_1_14' title="bbox 137 1267 1695 1341; baseline 0.003 -22"><span class='ocrx_word' id='word_1_84' title='bbox 137 1269 217 1320; x_wconf 79' lang='grc' dir='ltr'>ἐπὶ</span> <span class='ocrx_word' id='word_1_85' title='bbox 246 1267 336 1338; x_wconf 83' lang='grc' dir='ltr'>τὴν</span> <span class='ocrx_word' id='word_1_86' title='bbox 374 1267 497 1320; x_wconf 88' lang='grc' dir='ltr'>τότε</span> <span class='ocrx_word' id='word_1_87' title='bbox 543 1268 877 1339; x_wconf 84' lang='grc' dir='ltr'>πραχθείσαν</span> <span class='ocrx_word' id='word_1_88' title='bbox 923 1270 1161 1340; x_wconf 72' lang='grc' dir='ltr'><strong>ἱστορίαν</strong></span> <span class='ocrx_word' id='word_1_89' title='bbox 1195 1271 1534 1341; x_wconf 74' lang='grc' dir='ltr'>ἁναπέμψει·</span> <span class='ocrx_word' id='word_1_90' title='bbox 1583 1272 1695 1339; x_wconf 75' lang='grc' dir='ltr'>ἐγὼ</span> 
     </span>
    </p>
   </div>
   <div class='ocr_carea' id='block_1_15' title="bbox 127 1358 1695 1434">
    <p class='ocr_par' dir='ltr' id='par_1_15' title="bbox 127 1358 1695 1434">
     <span class='ocr_line' id='line_1_15' title="bbox 127 1358 1695 1434; baseline 0.004 -24"><span class='ocrx_word' id='word_1_91' title='bbox 127 1359 202 1423; x_wconf 82' lang='grc' dir='ltr'><strong>-δὲ,</strong></span> <span class='ocrx_word' id='word_1_92' title='bbox 236 1359 303 1429; x_wconf 82' lang='grc' dir='ltr'>μὴ</span> <span class='ocrx_word' id='word_1_93' title='bbox 332 1358 505 1430; x_wconf 76' lang='grc' dir='ltr'>εὑρὼν</span> <span class='ocrx_word' id='word_1_94' title='bbox 534 1361 680 1423; x_wconf 83' lang='grc' dir='ltr'>ὅπως</span> <span class='ocrx_word' id='word_1_95' title='bbox 710 1360 777 1412; x_wconf 83' lang='grc' dir='ltr'>τὰ</span> <span class='ocrx_word' id='word_1_96' title='bbox 803 1361 928 1432; x_wconf 78' lang='grc' dir='ltr'>ἑξῆς</span> <span class='ocrx_word' id='word_1_97' title='bbox 958 1363 1224 1432; x_wconf 71' lang='grc' dir='ltr'>εἰρημένα</span> <span class='ocrx_word' id='word_1_98' title='bbox 1259 1364 1398 1416; x_wconf 76' lang='grc' dir='ltr'>κατὰ</span> <span class='ocrx_word' id='word_1_99' title='bbox 1428 1362 1695 1434; x_wconf 64' lang='grc' dir='ltr'>τὴνιλέξιν</span> 
     </span>
    </p>
   </div>
   <div class='ocr_carea' id='block_1_16' title="bbox 137 1449 1696 1524">
    <p class='ocr_par' dir='ltr' id='par_1_16' title="bbox 137 1449 1696 1524">
     <span class='ocr_line' id='line_1_16' title="bbox 137 1449 1696 1524; baseline 0.004 -22"><span class='ocrx_word' id='word_1_100' title='bbox 137 1449 414 1522; x_wconf 75' lang='grc' dir='ltr'>ἐπληροῦτο</span> <span class='ocrx_word' id='word_1_101' title='bbox 438 1468 451 1481; x_wconf 91' lang='grc'><strong>·</strong></span> <span class='ocrx_word' id='word_1_102' title='bbox 500 1452 563 1505; x_wconf 81' lang='grc' dir='ltr'>οὐ</span> <span class='ocrx_word' id='word_1_103' title='bbox 594 1451 701 1520; x_wconf 83' lang='grc' dir='ltr'>γὰρ</span> <span class='ocrx_word' id='word_1_104' title='bbox 739 1453 1007 1524; x_wconf 80' lang='grc' dir='ltr'><strong>μέμνηται</strong></span> <span class='ocrx_word' id='word_1_105' title='bbox 1034 1457 1061 1506; x_wconf 99' lang='lat'><strong>6</strong></span> <span class='ocrx_word' id='word_1_106' title='bbox 1090 1455 1365 1517; x_wconf 83' lang='grc' dir='ltr'>Μωῦσέως</span> <span class='ocrx_word' id='word_1_107' title='bbox 1406 1454 1588 1524; x_wconf 86' lang='grc' dir='ltr'>νόμος,</span> <span class='ocrx_word' id='word_1_108' title='bbox 1622 1456 1696 1519; x_wconf 82' lang='grc' dir='ltr'>ὼς</span> 
     </span>
    </p>
   </div>
   <div class='ocr_carea' id='block_1_17' title="bbox 135 1542 1696 1617">
    <p class='ocr_par' dir='ltr' id='par_1_17' title="bbox 135 1542 1696 1617">
     <span class='ocr_line' id='line_1_17' title="bbox 135 1542 1696 1617; baseline 0.003 -22"><span class='ocrx_word' id='word_1_109' title='bbox 135 1542 333 1611; x_wconf 69' lang='grc' dir='ltr'>νεφέλαι</span> <span class='ocrx_word' id='word_1_110' title='bbox 365 1544 508 1606; x_wconf 80' lang='grc' dir='ltr'>τινὲς</span> <span class='ocrx_word' id='word_1_111' title='bbox 546 1544 684 1596; x_wconf 84' lang='grc' dir='ltr'>κατὰ</span> <span class='ocrx_word' id='word_1_112' title='bbox 723 1544 813 1596; x_wconf 85' lang='grc' dir='ltr'>τὸν</span> <span class='ocrx_word' id='word_1_113' title='bbox 849 1546 1035 1617; x_wconf 74' lang='grc' dir='ltr'>καιρὸν</span> <span class='ocrx_word' id='word_1_114' title='bbox 1090 1547 1292 1599; x_wconf 84' lang='grc' dir='ltr'>ἐκεῖνον</span> <span class='ocrx_word' id='word_1_115' title='bbox 1344 1547 1525 1617; x_wconf 79' lang='grc' dir='ltr'>φωνὴν</span> <span class='ocrx_word' id='word_1_116' title='bbox 1571 1548 1696 1600; x_wconf 82' lang='grc' dir='ltr'><strong>ἑδω-</strong></span> 
     </span>
    </p>
   </div>
   <div class='ocr_carea' id='block_1_18' title="bbox 137 1619 1692 1708">
    <p class='ocr_par' dir='ltr' id='par_1_18' title="bbox 137 1619 1692 1708">
     <span class='ocr_line' id='line_1_18' title="bbox 137 1619 1692 1708; baseline 0.004 -23"><span class='ocrx_word' id='word_1_117' title='bbox 137 1651 223 1685; x_wconf 80' lang='grc' dir='ltr'><strong>καν</strong></span> <span class='ocrx_word' id='word_1_118' title='bbox 255 1634 604 1703; x_wconf 82' lang='grc' dir='ltr'><strong>σωματικῶς,</strong></span> <span class='ocrx_word' id='word_1_119' title='bbox 637 1635 757 1687; x_wconf 80' lang='grc' dir='ltr'>οὐδὲ</span> <span class='ocrx_word' id='word_1_120' title='bbox 789 1636 864 1696; x_wconf 88' lang='grc' dir='ltr'><strong>ὡς</strong></span> <span class='ocrx_word' id='word_1_121' title='bbox 908 1635 1033 1706; x_wconf 84' lang='grc' dir='ltr'><strong>βέλη</strong></span> <span class='ocrx_word' id='word_1_122' title='bbox 1073 1619 1692 1708; x_wconf 56' lang='grc' dir='ltr'>α’ῑσθητὰιδιεπορεύετο,</span> 
     </span>
    </p>
   </div>
   <div class='ocr_carea' id='block_1_19' title="bbox 136 1723 1690 1797">
    <p class='ocr_par' dir='ltr' id='par_1_19' title="bbox 136 1723 1690 1797">
     <span class='ocr_line' id='line_1_19' title="bbox 136 1723 1690 1797; baseline 0.004 -22"><span class='ocrx_word' id='word_1_123' title='bbox 136 1723 238 1776; x_wconf 68' lang='grc' dir='ltr'>οὐδὲ</span> <span class='ocrx_word' id='word_1_124' title='bbox 266 1724 339 1787; x_wconf 82' lang='grc' dir='ltr'><strong>ὡς</strong></span> <span class='ocrx_word' id='word_1_125' title='bbox 365 1723 463 1796; x_wconf 80' lang='grc' dir='ltr'><strong>ὅλῃ</strong></span> <span class='ocrx_word' id='word_1_126' title='bbox 493 1725 788 1797; x_wconf 76' lang='grc' dir='ltr'><strong>οἰκουμένῃ</strong></span> <span class='ocrx_word' id='word_1_127' title='bbox 837 1725 1036 1793; x_wconf 77' lang='grc' dir='ltr'>ἕφαναν</span> <span class='ocrx_word' id='word_1_128' title='bbox 1082 1727 1136 1777; x_wconf 84' lang='grc' dir='ltr'>αἱ</span> <span class='ocrx_word' id='word_1_129' title='bbox 1183 1727 1458 1797; x_wconf 80' lang='grc' dir='ltr'>ἀστραπαὶ</span> <span class='ocrx_word' id='word_1_130' title='bbox 1504 1728 1690 1791; x_wconf 74' lang='grc' dir='ltr'>αὑτοῦ,</span> 
     </span>
    </p>
   </div>
   <div class='ocr_carea' id='block_1_20' title="bbox 1801 537 3368 611">
    <p class='ocr_par' dir='ltr' id='par_1_20' title="bbox 1801 537 3368 611">
     <span class='ocr_line' id='line_1_20' title="bbox 1801 537 3368 611; baseline 0.003 -21"><span class='ocrx_word' id='word_1_131' title='bbox 1801 547 1851 590; x_wconf 90' lang='lat' dir='ltr'><strong>et</strong></span> <span class='ocrx_word' id='word_1_132' title='bbox 1877 537 2078 592; x_wconf 84' lang='lat' dir='ltr'><strong><em>Aaron.</em></strong></span> <span class='ocrx_word' id='word_1_133' title='bbox 2112 538 2267 593; x_wconf 84' lang='lat' dir='ltr'><strong>Alius</strong></span> <span class='ocrx_word' id='word_1_134' title='bbox 2298 553 2413 593; x_wconf 68' lang='lat' dir='ltr'><strong>saec</strong></span> <span class='ocrx_word' id='word_1_135' title='bbox 2439 539 2622 592; x_wconf 84' lang='lat' dir='ltr'><strong>omnia</strong></span> <span class='ocrx_word' id='word_1_136' title='bbox 2676 540 2741 593; x_wconf 87' lang='lat' dir='ltr'><strong>ad</strong></span> <span class='ocrx_word' id='word_1_137' title='bbox 2784 541 2993 595; x_wconf 83' lang='lat' dir='ltr'><strong>exitum</strong></span> <span class='ocrx_word' id='word_1_138' title='bbox 3023 556 3088 594; x_wconf 79' lang='lat' dir='ltr'><strong>ex</strong></span> <span class='ocrx_word' id='word_1_139' title='bbox 3133 539 3368 611; x_wconf 64' lang='lat' dir='ltr'><strong>Egypto</strong></span> 
     </span>
    </p>
   </div>
   <div class='ocr_carea' id='block_1_21' title="bbox 1801 626 3367 700">
    <p class='ocr_par' dir='ltr' id='par_1_21' title="bbox 1801 626 3367 700">
     <span class='ocr_line' id='line_1_21' title="bbox 1801 626 3367 700; baseline 0.003 -21"><span class='ocrx_word' id='word_1_140' title='bbox 1801 626 2018 691; x_wconf 84' lang='lat' dir='ltr'><strong>referet,</strong></span> <span class='ocrx_word' id='word_1_141' title='bbox 2060 629 2313 697; x_wconf 72' lang='lat' dir='ltr'><strong>dicetque</strong></span> <span class='ocrx_word' id='word_1_142' title='bbox 2354 628 2468 682; x_wconf 70' lang='lat' dir='ltr'><strong>haec</strong></span> <span class='ocrx_word' id='word_1_143' title='bbox 2526 629 2714 691; x_wconf 89' lang='lat' dir='ltr'><strong>verba,</strong></span> <span class='ocrx_word' id='word_1_144' title='bbox 2777 628 3033 682; x_wconf 72' lang='lat' dir='ltr'><strong>Viderunt</strong></span> <span class='ocrx_word' id='word_1_145' title='bbox 3100 640 3147 683; x_wconf 83' lang='lat' dir='ltr'><strong>te</strong></span> <span class='ocrx_word' id='word_1_146' title='bbox 3196 646 3367 700; x_wconf 64' lang='lat' dir='ltr'><strong>aqua,</strong></span> 
     </span>
    </p>
   </div>
   <div class='ocr_carea' id='block_1_22' title="bbox 1801 717 3369 789">
    <p class='ocr_par' dir='ltr' id='par_1_22' title="bbox 1801 717 3369 789">
     <span class='ocr_line' id='line_1_22' title="bbox 1801 717 3369 789; baseline 0.002 -20"><span class='ocrx_word' id='word_1_147' title='bbox 1801 717 1963 782; x_wconf 87' lang='lat' dir='ltr'><strong>Deus,</strong></span> <span class='ocrx_word' id='word_1_148' title='bbox 1999 721 2239 773; x_wconf 81' lang='lat' dir='ltr'><strong>viderunt</strong></span> <span class='ocrx_word' id='word_1_149' title='bbox 2293 729 2343 773; x_wconf 89' lang='lat' dir='ltr'><strong>te</strong></span> <span class='ocrx_word' id='word_1_150' title='bbox 2384 736 2550 789; x_wconf 80' lang='lat' dir='ltr'><strong>aqute,</strong></span> <span class='ocrx_word' id='word_1_151' title='bbox 2583 730 2632 772; x_wconf 88' lang='lat' dir='ltr'><strong>et</strong></span> <span class='ocrx_word' id='word_1_152' title='bbox 2662 721 2964 786; x_wconf 84' lang='lat' dir='ltr'><strong>timuerunt,</strong></span> <span class='ocrx_word' id='word_1_153' title='bbox 2993 721 3220 775; x_wconf 71' lang='lat' dir='ltr'><strong>turbata:</strong></span> <span class='ocrx_word' id='word_1_154' title='bbox 3247 730 3369 773; x_wconf 83' lang='lat' dir='ltr'><strong>sunt</strong></span> 
     </span>
    </p>
   </div>
   <div class='ocr_carea' id='block_1_23' title="bbox 1801 811 3368 882">
    <p class='ocr_par' dir='ltr' id='par_1_23' title="bbox 1801 811 3368 882">
     <span class='ocr_line' id='line_1_23' title="bbox 1801 811 3368 882; baseline 0.001 -18"><span class='ocrx_word' id='word_1_155' title='bbox 1801 812 2002 882; x_wconf 83' lang='lat' dir='ltr'><strong>abyssi,</strong></span> <span class='ocrx_word' id='word_1_156' title='bbox 2057 811 2341 864; x_wconf 72' lang='lat' dir='ltr'><strong>multitudo</strong></span> <span class='ocrx_word' id='word_1_157' title='bbox 2391 812 2594 865; x_wconf 84' lang='lat' dir='ltr'><strong>sonitus</strong></span> <span class='ocrx_word' id='word_1_158' title='bbox 2646 828 2924 881; x_wconf 85' lang='lat' dir='ltr'><strong>aquarum,</strong></span> <span class='ocrx_word' id='word_1_159' title='bbox 2968 820 3098 865; x_wconf 85' lang='lat' dir='ltr'><strong>tunc</strong></span> <span class='ocrx_word' id='word_1_160' title='bbox 3150 814 3368 881; x_wconf 81' lang='lat' dir='ltr'><strong>impleta</strong></span> 
     </span>
    </p>
   </div>
   <div class='ocr_carea' id='block_1_24' title="bbox 1799 902 3367 971">
    <p class='ocr_par' dir='ltr' id='par_1_24' title="bbox 1799 902 3367 971">
     <span class='ocr_line' id='line_1_24' title="bbox 1799 902 3367 971; baseline 0.001 -15"><span class='ocrx_word' id='word_1_161' title='bbox 1799 902 1971 958; x_wconf 78' lang='lat' dir='ltr'><strong>fuisse</strong></span> <span class='ocrx_word' id='word_1_162' title='bbox 2006 923 2018 957; x_wconf 90' lang='lat'>:</span> <span class='ocrx_word' id='word_1_163' title='bbox 2047 910 2324 971; x_wconf 88' lang='lat' dir='ltr'><strong>totamque</strong></span> <span class='ocrx_word' id='word_1_164' title='bbox 2348 904 2650 957; x_wconf 81' lang='lat' dir='ltr'><strong>clausulam</strong></span> <span class='ocrx_word' id='word_1_165' title='bbox 2672 902 2739 955; x_wconf 91' lang='lat' dir='ltr'><strong>ad</strong></span> <span class='ocrx_word' id='word_1_166' title='bbox 2770 903 2920 955; x_wconf 77' lang='lat' dir='ltr'><strong>illam</strong></span> <span class='ocrx_word' id='word_1_167' title='bbox 2952 904 3236 963; x_wconf 77' lang='lat' dir='ltr'><strong>historiam</strong></span> <span class='ocrx_word' id='word_1_168' title='bbox 3283 920 3367 957; x_wconf 91' lang='lat' dir='ltr'><strong>re-</strong></span> 
     </span>
    </p>
   </div>
   <div class='ocr_carea' id='block_1_25' title="bbox 1800 996 3370 1067">
    <p class='ocr_par' dir='ltr' id='par_1_25' title="bbox 1800 996 3370 1067">
     <span class='ocr_line' id='line_1_25' title="bbox 1800 996 3370 1067; baseline -0.001 -15"><span class='ocrx_word' id='word_1_169' title='bbox 1800 998 1993 1064; x_wconf 88' lang='lat' dir='ltr'><strong>ducet;</strong></span> <span class='ocrx_word' id='word_1_170' title='bbox 2024 1012 2123 1067; x_wconf 87' lang='lat' dir='ltr'><strong>ego</strong></span> <span class='ocrx_word' id='word_1_171' title='bbox 2148 1013 2275 1051; x_wconf 90' lang='lat' dir='ltr'><strong>vero</strong></span> <span class='ocrx_word' id='word_1_172' title='bbox 2304 1012 2429 1051; x_wconf 86' lang='lat' dir='ltr'><strong>cum</strong></span> <span class='ocrx_word' id='word_1_173' title='bbox 2454 996 3148 1065; x_wconf 76' lang='lat' dir='ltr'><strong>nuSquam&#39;lleprehendam</strong></span> <span class='ocrx_word' id='word_1_174' title='bbox 3170 1013 3230 1051; x_wconf 91' lang='lat' dir='ltr'><strong>ea</strong></span> <span class='ocrx_word' id='word_1_175' title='bbox 3251 1014 3370 1066; x_wconf 64' lang='lat' dir='ltr'><strong>quae</strong></span> 
     </span>
    </p>
   </div>
   <div class='ocr_carea' id='block_1_26' title="bbox 1801 1088 3370 1162">
    <p class='ocr_par' dir='ltr' id='par_1_26' title="bbox 1801 1088 3370 1162">
     <span class='ocr_line' id='line_1_26' title="bbox 1801 1088 3370 1162; baseline -0.003 -14"><span class='ocrx_word' id='word_1_176' title='bbox 1801 1100 2105 1162; x_wconf 88' lang='lat' dir='ltr'><strong>sequuntur</strong></span> <span class='ocrx_word' id='word_1_177' title='bbox 2130 1090 2194 1144; x_wconf 89' lang='lat' dir='ltr'><strong>ad</strong></span> <span class='ocrx_word' id='word_1_178' title='bbox 2226 1092 2460 1144; x_wconf 88' lang='lat' dir='ltr'><strong>litteram</strong></span> <span class='ocrx_word' id='word_1_179' title='bbox 2496 1097 2645 1159; x_wconf 83' lang='lat' dir='ltr'><strong>gesta</strong></span> <span class='ocrx_word' id='word_1_180' title='bbox 2677 1088 2876 1154; x_wconf 83' lang='lat' dir='ltr'><strong>fuisse;</strong></span> <span class='ocrx_word' id='word_1_181' title='bbox 2923 1088 3124 1158; x_wconf 77' lang='lat' dir='ltr'><strong>Moysis</strong></span> <span class='ocrx_word' id='word_1_182' title='bbox 3168 1090 3370 1159; x_wconf 85' lang='lat' dir='ltr'><strong>quippe</strong></span> 
     </span>
    </p>
   </div>
   <div class='ocr_carea' id='block_1_27' title="bbox 1800 1179 3364 1248">
    <p class='ocr_par' dir='ltr' id='par_1_27' title="bbox 1800 1179 3364 1248">
     <span class='ocr_line' id='line_1_27' title="bbox 1800 1179 3364 1248; baseline -0.003 -12"><span class='ocrx_word' id='word_1_183' title='bbox 1800 1182 1883 1236; x_wconf 80' lang='lat' dir='ltr'><strong>lex</strong></span> <span class='ocrx_word' id='word_1_184' title='bbox 1914 1197 2021 1234; x_wconf 91' lang='lat' dir='ltr'><strong>non</strong></span> <span class='ocrx_word' id='word_1_185' title='bbox 2053 1180 2320 1244; x_wconf 90' lang='lat' dir='ltr'><strong>meminit,</strong></span> <span class='ocrx_word' id='word_1_186' title='bbox 2358 1180 2528 1233; x_wconf 87' lang='lat' dir='ltr'><strong>nubes</strong></span> <span class='ocrx_word' id='word_1_187' title='bbox 2564 1179 2825 1248; x_wconf 85' lang='lat' dir='ltr'><strong>quasdam</strong></span> <span class='ocrx_word' id='word_1_188' title='bbox 2857 1179 2948 1231; x_wconf 89' lang='lat' dir='ltr'><strong>illo</strong></span> <span class='ocrx_word' id='word_1_189' title='bbox 2980 1186 3222 1247; x_wconf 86' lang='lat' dir='ltr'><strong>tempore</strong></span> <span class='ocrx_word' id='word_1_190' title='bbox 3250 1196 3364 1232; x_wconf 77' lang='lat' dir='ltr'><strong>cor-</strong></span> 
     </span>
    </p>
   </div>
   <div class='ocr_carea' id='block_1_28' title="bbox 1800 1271 3370 1345">
    <p class='ocr_par' dir='ltr' id='par_1_28' title="bbox 1800 1271 3370 1345">
     <span class='ocr_line' id='line_1_28' title="bbox 1800 1271 3370 1345; baseline -0.002 -18"><span class='ocrx_word' id='word_1_191' title='bbox 1800 1289 1969 1345; x_wconf 90' lang='lat' dir='ltr'><strong>poreo</strong></span> <span class='ocrx_word' id='word_1_192' title='bbox 2004 1288 2155 1327; x_wconf 91' lang='lat' dir='ltr'><strong>more</strong></span> <span class='ocrx_word' id='word_1_193' title='bbox 2188 1288 2375 1327; x_wconf 82' lang='lat' dir='ltr'><strong>vocem</strong></span> <span class='ocrx_word' id='word_1_194' title='bbox 2407 1272 2643 1333; x_wconf 86' lang='lat' dir='ltr'><strong>dedisse,</strong></span> <span class='ocrx_word' id='word_1_195' title='bbox 2672 1287 2848 1341; x_wconf 88' lang='lat' dir='ltr'><strong>neque</strong></span> <span class='ocrx_word' id='word_1_196' title='bbox 2884 1271 3114 1325; x_wconf 81' lang='lat' dir='ltr'><strong>sensiles</strong></span> <span class='ocrx_word' id='word_1_197' title='bbox 3140 1271 3370 1339; x_wconf 80' lang='lat' dir='ltr'><strong>sagittas</strong></span> 
     </span>
    </p>
   </div>
   <div class='ocr_carea' id='block_1_29' title="bbox 1799 1364 3371 1434">
    <p class='ocr_par' dir='ltr' id='par_1_29' title="bbox 1799 1364 3371 1434">
     <span class='ocr_line' id='line_1_29' title="bbox 1799 1364 3371 1434; baseline -0.003 -15"><span class='ocrx_word' id='word_1_198' title='bbox 1799 1365 2109 1427; x_wconf 87' lang='lat' dir='ltr'><strong>transiisse,</strong></span> <span class='ocrx_word' id='word_1_199' title='bbox 2135 1381 2309 1434; x_wconf 88' lang='lat' dir='ltr'><strong>neque</strong></span> <span class='ocrx_word' id='word_1_200' title='bbox 2341 1381 2435 1433; x_wconf 89' lang='lat' dir='ltr'><strong>per</strong></span> <span class='ocrx_word' id='word_1_201' title='bbox 2467 1372 2638 1416; x_wconf 90' lang='lat' dir='ltr'><strong>totum</strong></span> <span class='ocrx_word' id='word_1_202' title='bbox 2674 1365 2861 1417; x_wconf 83' lang='lat' dir='ltr'><strong>orbem</strong></span> <span class='ocrx_word' id='word_1_203' title='bbox 2899 1364 3111 1433; x_wconf 76' lang='lat' dir='ltr'><strong>fulgura</strong></span> <span class='ocrx_word' id='word_1_204' title='bbox 3155 1364 3274 1432; x_wconf 85' lang='lat' dir='ltr'><strong>ejus</strong></span> <span class='ocrx_word' id='word_1_205' title='bbox 3306 1364 3371 1415; x_wconf 88' lang='lat' dir='ltr'><strong>il-</strong></span> 
     </span>
    </p>
   </div>
   <div class='ocr_carea' id='block_1_30' title="bbox 1800 1454 3369 1527">
    <p class='ocr_par' dir='ltr' id='par_1_30' title="bbox 1800 1454 3369 1527">
     <span class='ocr_line' id='line_1_30' title="bbox 1800 1454 3369 1527; baseline -0.002 -16"><span class='ocrx_word' id='word_1_206' title='bbox 1800 1457 2024 1519; x_wconf 80' lang='lat' dir='ltr'><strong>luxisse,</strong></span> <span class='ocrx_word' id='word_1_207' title='bbox 2057 1472 2166 1527; x_wconf 90' lang='lat' dir='ltr'><strong>quo</strong></span> <span class='ocrx_word' id='word_1_208' title='bbox 2196 1465 2439 1525; x_wconf 86' lang='lat' dir='ltr'><strong>tempore</strong></span> <span class='ocrx_word' id='word_1_209' title='bbox 2500 1457 2574 1509; x_wconf 90' lang='lat' dir='ltr'><strong>illi</strong></span> <span class='ocrx_word' id='word_1_210' title='bbox 2627 1456 2680 1508; x_wconf 92' lang='lat' dir='ltr'><strong>in</strong></span> <span class='ocrx_word' id='word_1_211' title='bbox 2735 1454 2951 1509; x_wconf 89' lang='lat' dir='ltr'><strong>deserto</strong></span> <span class='ocrx_word' id='word_1_212' title='bbox 3005 1464 3179 1520; x_wconf 87' lang='lat' dir='ltr'><strong>erant,</strong></span> <span class='ocrx_word' id='word_1_213' title='bbox 3222 1472 3369 1521; x_wconf 90' lang='lat' dir='ltr'><strong>eam,</strong></span> 
     </span>
    </p>
   </div>
   <div class='ocr_carea' id='block_1_31' title="bbox 1796 1548 3372 1621">
    <p class='ocr_par' dir='ltr' id='par_1_31' title="bbox 1796 1548 3372 1621">
     <span class='ocr_line' id='line_1_31' title="bbox 1796 1548 3372 1621; baseline -0.002 -18"><span class='ocrx_word' id='word_1_214' title='bbox 1796 1566 1916 1621; x_wconf 70' lang='lat' dir='ltr'><strong>qua:</strong></span> <span class='ocrx_word' id='word_1_215' title='bbox 1944 1551 2074 1604; x_wconf 89' lang='lat' dir='ltr'><strong>mihi</strong></span> <span class='ocrx_word' id='word_1_216' title='bbox 2114 1558 2226 1602; x_wconf 90' lang='lat' dir='ltr'><strong>tum</strong></span> <span class='ocrx_word' id='word_1_217' title='bbox 2260 1549 2635 1610; x_wconf 88' lang='lat' dir='ltr'><strong>succurrebat,</strong></span> <span class='ocrx_word' id='word_1_218' title='bbox 2680 1548 2745 1600; x_wconf 86' lang='lat' dir='ltr'><strong>ad</strong></span> <span class='ocrx_word' id='word_1_219' title='bbox 2786 1548 3000 1616; x_wconf 84' lang='lat' dir='ltr'><strong>singula</strong></span> <span class='ocrx_word' id='word_1_220' title='bbox 3030 1548 3147 1601; x_wconf 90' lang='lat' dir='ltr'><strong>loca</strong></span> <span class='ocrx_word' id='word_1_221' title='bbox 3201 1549 3372 1602; x_wconf 87' lang='lat' dir='ltr'><strong>inter-</strong></span> 
     </span>
    </p>
   </div>
   <div class='ocr_carea' id='block_1_32' title="bbox 1796 1638 3372 1712">
    <p class='ocr_par' dir='ltr' id='par_1_32' title="bbox 1796 1638 3372 1712">
     <span class='ocr_line' id='line_1_32' title="bbox 1796 1638 3372 1712; baseline -0.003 -17"><span class='ocrx_word' id='word_1_222' title='bbox 1796 1643 2151 1712; x_wconf 82' lang='lat' dir='ltr'><strong>pretationem</strong></span> <span class='ocrx_word' id='word_1_223' title='bbox 2181 1640 2362 1694; x_wconf 86' lang='lat' dir='ltr'><strong>addidi</strong></span> <span class='ocrx_word' id='word_1_224' title='bbox 2430 1639 2603 1704; x_wconf 83' lang='lat' dir='ltr'><strong>Quam</strong></span> <span class='ocrx_word' id='word_1_225' title='bbox 2641 1654 2770 1691; x_wconf 90' lang='lat' dir='ltr'><strong>vero</strong></span> <span class='ocrx_word' id='word_1_226' title='bbox 2803 1655 2866 1692; x_wconf 81' lang='lat' dir='ltr'><strong>ex</strong></span> <span class='ocrx_word' id='word_1_227' title='bbox 2915 1639 2998 1693; x_wconf 86' lang='lat' dir='ltr'><strong>his</strong></span> <span class='ocrx_word' id='word_1_228' title='bbox 3039 1638 3372 1707; x_wconf 85' lang='lat' dir='ltr'><strong>interpreta-</strong></span> 
     </span>
    </p>
   </div>
   <div class='ocr_carea' id='block_1_33' title="bbox 1797 1729 3372 1802">
    <p class='ocr_par' dir='ltr' id='par_1_33' title="bbox 1797 1729 3372 1802">
     <span class='ocr_line' id='line_1_33' title="bbox 1797 1729 3372 1802; baseline -0.003 -15"><span class='ocrx_word' id='word_1_229' title='bbox 1797 1736 2001 1789; x_wconf 87' lang='lat' dir='ltr'><strong>tionem</strong></span> <span class='ocrx_word' id='word_1_230' title='bbox 2045 1732 2293 1802; x_wconf 87' lang='lat' dir='ltr'><strong>amplecti</strong></span> <span class='ocrx_word' id='word_1_231' title='bbox 2334 1730 2547 1794; x_wconf 80' lang='lat' dir='ltr'><strong>debeat,</strong></span> <span class='ocrx_word' id='word_1_232' title='bbox 2598 1746 2663 1784; x_wconf 79' lang='lat' dir='ltr'><strong>ex</strong></span> <span class='ocrx_word' id='word_1_233' title='bbox 2709 1730 2930 1799; x_wconf 84' lang='lat' dir='ltr'><strong>proprio</strong></span> <span class='ocrx_word' id='word_1_234' title='bbox 2960 1729 3169 1799; x_wconf 88' lang='lat' dir='ltr'><strong>judicio</strong></span> <span class='ocrx_word' id='word_1_235' title='bbox 3200 1730 3372 1784; x_wconf 81' lang='lat' dir='ltr'><strong>lector</strong></span> 
     </span>
    </p>
   </div>
   <div class='ocr_carea' id='block_1_34' title="bbox 136 1800 1691 1894">
    <p class='ocr_par' dir='ltr' id='par_1_34' title="bbox 136 1812 1690 1887">
     <span class='ocr_line' id='line_1_34' title="bbox 136 1812 1690 1887; baseline 0.005 -22"><span class='ocrx_word' id='word_1_236' title='bbox 136 1814 237 1865; x_wconf 72' lang='grc' dir='ltr'>καθ’</span> <span class='ocrx_word' id='word_1_237' title='bbox 262 1814 315 1866; x_wconf 83' lang='grc' dir='ltr'><strong>ὃν</strong></span> <span class='ocrx_word' id='word_1_238' title='bbox 346 1816 539 1886; x_wconf 83' lang='grc' dir='ltr'>χρόνον</span> <span class='ocrx_word' id='word_1_239' title='bbox 570 1812 708 1885; x_wconf 83' lang='grc' dir='ltr'>ἦσαν</span> <span class='ocrx_word' id='word_1_240' title='bbox 745 1817 800 1867; x_wconf 77' lang='grc' dir='ltr'>ἐν</span> <span class='ocrx_word' id='word_1_241' title='bbox 830 1818 893 1886; x_wconf 79' lang='grc' dir='ltr'>τῇ</span> <span class='ocrx_word' id='word_1_242' title='bbox 924 1816 1115 1887; x_wconf 76' lang='grc' dir='ltr'>ἐρήμῳ</span> <span class='ocrx_word' id='word_1_243' title='bbox 1136 1856 1149 1879; x_wconf 93' lang='grc'><strong>,</strong></span> <span class='ocrx_word' id='word_1_244' title='bbox 1184 1815 1280 1886; x_wconf 83' lang='grc' dir='ltr'><strong>τὴν</strong></span> <span class='ocrx_word' id='word_1_245' title='bbox 1314 1818 1690 1872; x_wconf 81' lang='grc' dir='ltr'>ὑποπεσοῦσαν</span> 
     </span>
    </p>
   </div>
   <div class='ocr_carea' id='block_1_35' title="bbox 1797 1800 2074 1894">
    <p class='ocr_par' dir='ltr' id='par_1_35' title="bbox 1797 1825 2074 1894">
     <span class='ocr_line' id='line_1_35' title="bbox 1797 1825 2074 1894; baseline 0.004 -17"><span class='ocrx_word' id='word_1_246' title='bbox 1797 1825 2074 1894; x_wconf 82' lang='lat' dir='ltr'><strong>intelliget.</strong></span> 
     </span>
    </p>
   </div>
   <div class='ocr_carea' id='block_1_36' title="bbox 136 1904 3371 1987">
    <p class='ocr_par' dir='ltr' id='par_1_36' title="bbox 136 1904 3371 1987">
     <span class='ocr_line' id='line_1_36' title="bbox 136 1904 3371 1987; baseline 0.001 -29"><span class='ocrx_word' id='word_1_247' title='bbox 136 1909 204 1968; x_wconf 79' lang='grc' dir='ltr'>εἰς</span> <span class='ocrx_word' id='word_1_248' title='bbox 235 1905 354 1969; x_wconf 84' lang='grc' dir='ltr'>τοὺς</span> <span class='ocrx_word' id='word_1_249' title='bbox 400 1905 605 1969; x_wconf 83' lang='grc' dir='ltr'>τόπους</span> <span class='ocrx_word' id='word_1_250' title='bbox 644 1906 939 1976; x_wconf 74' lang='grc' dir='ltr'>ἑρμηνείαν</span> <span class='ocrx_word' id='word_1_251' title='bbox 987 1906 1318 1979; x_wconf 86' lang='grc' dir='ltr'>παρεθέμην.</span> <span class='ocrx_word' id='word_1_252' title='bbox 1377 1907 1593 1961; x_wconf 80' lang='grc' dir='ltr'>ὐποὶαν</span> <span class='ocrx_word' id='word_1_253' title='bbox 1625 1910 1685 1961; x_wconf 79' lang='grc' dir='ltr'><strong>δὲ</strong></span> <span class='ocrx_word' id='word_1_254' title='bbox 1722 1914 1826 1987; x_wconf 84' lang='grc' dir='ltr'>χρὴ</span> <span class='ocrx_word' id='word_1_255' title='bbox 1856 1914 1964 1968; x_wconf 83' lang='grc' dir='ltr'><strong>τῶν</strong></span> <span class='ocrx_word' id='word_1_256' title='bbox 2004 1913 2307 1986; x_wconf 80' lang='grc' dir='ltr'><strong>εἰρημένων</strong></span> <span class='ocrx_word' id='word_1_257' title='bbox 2360 1909 2591 1980; x_wconf 79' lang='grc' dir='ltr'>ἐκδοχῶν</span> <span class='ocrx_word' id='word_1_258' title='bbox 2628 1910 2901 1983; x_wconf 81' lang='grc' dir='ltr'>αἱρεῖσθαι</span> <span class='ocrx_word' id='word_1_259' title='bbox 2929 1910 3050 1981; x_wconf 75' lang='grc' dir='ltr'>θείᾳ,</span> <span class='ocrx_word' id='word_1_260' title='bbox 3079 1909 3152 1981; x_wconf 81' lang='grc'><strong>(1)</strong></span> <span class='ocrx_word' id='word_1_261' title='bbox 3194 1904 3371 1979; x_wconf 72' lang='grc' dir='ltr'><strong>κρίσει</strong></span> 
     </span>
    </p>
   </div>
   <div class='ocr_carea' id='block_1_37' title="bbox 134 1994 770 2065">
    <p class='ocr_par' dir='ltr' id='par_1_37' title="bbox 134 1994 770 2065">
     <span class='ocr_line' id='line_1_37' title="bbox 134 1994 770 2065; baseline 0.002 -18"><span class='ocrx_word' id='word_1_262' title='bbox 134 1998 156 2047; x_wconf 76' lang='grc' dir='ltr'><strong><em>ὁ</em></strong></span> <span class='ocrx_word' id='word_1_263' title='bbox 175 1994 513 2065; x_wconf 74' lang='grc' dir='ltr'><strong>ἐντυγχάνων</strong></span> <span class='ocrx_word' id='word_1_264' title='bbox 548 1996 770 2049; x_wconf 81' lang='grc' dir='ltr'>εἴσεται.</span> 
     </span>
    </p>
   </div>
   <div class='ocr_carea' id='block_1_38' title="bbox 498 2092 1349 2161">
    <p class='ocr_par' dir='ltr' id='par_1_38' title="bbox 498 2092 1349 2161">
     <span class='ocr_line' id='line_1_38' title="bbox 498 2092 1349 2161; baseline 0.001 -17"><span class='ocrx_word' id='word_1_265' title='bbox 498 2092 857 2144; x_wconf 76' lang='grc' dir='ltr'><strong>ΣΥΝΕΣΕΩΣ</strong></span> <span class='ocrx_word' id='word_1_266' title='bbox 887 2092 973 2161; x_wconf 78' lang='grc' dir='ltr'><strong>Τῼ</strong></span> <span class='ocrx_word' id='word_1_267' title='bbox 1005 2092 1197 2146; x_wconf 79' lang='grc' dir='ltr'><strong>ΑΣΔΦ.</strong></span> <span class='ocrx_word' id='word_1_268' title='bbox 1234 2094 1349 2145; x_wconf 87' lang='grc' dir='ltr'><strong>οΖ¹.</strong></span> 
     </span>
    </p>
   </div>
   <div class='ocr_carea' id='block_1_39' title="bbox 192 2184 1693 2254">
    <p class='ocr_par' dir='ltr' id='par_1_39' title="bbox 192 2184 1693 2254">
     <span class='ocr_line' id='line_1_39' title="bbox 192 2184 1693 2254; baseline 0.001 -16"><span class='ocrx_word' id='word_1_269' title='bbox 192 2188 541 2252; x_wconf 81' lang='grc' dir='ltr'>Προσέχετε,</span> <span class='ocrx_word' id='word_1_270' title='bbox 568 2186 718 2251; x_wconf 81' lang='grc' dir='ltr'>λαός</span> <span class='ocrx_word' id='word_1_271' title='bbox 742 2202 881 2252; x_wconf 88' lang='grc' dir='ltr'>μου,</span> <span class='ocrx_word' id='word_1_272' title='bbox 910 2184 1021 2237; x_wconf 81' lang='grc' dir='ltr'><strong>τὸν</strong></span> <span class='ocrx_word' id='word_1_273' title='bbox 1044 2186 1231 2254; x_wconf 79' lang='grc' dir='ltr'>νόμον</span> <span class='ocrx_word' id='word_1_274' title='bbox 1257 2203 1375 2254; x_wconf 89' lang='grc' dir='ltr'><strong>μου</strong></span> <span class='ocrx_word' id='word_1_275' title='bbox 1400 2201 1413 2214; x_wconf 69' lang='grc'><strong><em>⁸</em></strong></span> <span class='ocrx_word' id='word_1_276' title='bbox 1450 2187 1693 2239; x_wconf 56' lang='lat' dir='ltr'><strong>mlle-ate</strong></span> 
     </span>
    </p>
   </div>
   <div class='ocr_carea' id='block_1_40' title="bbox 131 2271 1687 2345">
    <p class='ocr_par' dir='ltr' id='par_1_40' title="bbox 131 2271 1687 2345">
     <span class='ocr_line' id='line_1_40' title="bbox 131 2271 1687 2345; baseline 0.001 -17"><span class='ocrx_word' id='word_1_277' title='bbox 131 2274 190 2329; x_wconf 81' lang='grc' dir='ltr'>τὸ</span> <span class='ocrx_word' id='word_1_278' title='bbox 228 2271 331 2340; x_wconf 84' lang='grc' dir='ltr'>οὖς</span> <span class='ocrx_word' id='word_1_279' title='bbox 360 2274 535 2344; x_wconf 78' lang='grc' dir='ltr'>ὑμῶν</span> <span class='ocrx_word' id='word_1_280' title='bbox 562 2277 646 2340; x_wconf 78' lang='grc' dir='ltr'>εὶς</span> <span class='ocrx_word' id='word_1_281' title='bbox 682 2280 754 2327; x_wconf 84' lang='grc' dir='ltr'>τὰ</span> <span class='ocrx_word' id='word_1_282' title='bbox 776 2274 1016 2344; x_wconf 74' lang='grc' dir='ltr'>ῥήματα</span> <span class='ocrx_word' id='word_1_283' title='bbox 1063 2276 1169 2329; x_wconf 85' lang='grc' dir='ltr'>τοῦ</span> <span class='ocrx_word' id='word_1_284' title='bbox 1216 2277 1511 2345; x_wconf 81' lang='grc' dir='ltr'>στόματός</span> <span class='ocrx_word' id='word_1_285' title='bbox 1549 2296 1687 2345; x_wconf 88' lang='grc' dir='ltr'>μου.</span> 
     </span>
    </p>
   </div>
   <div class='ocr_carea' id='block_1_41' title="bbox 132 2366 1693 2439">
    <p class='ocr_par' dir='ltr' id='par_1_41' title="bbox 132 2366 1693 2439">
     <span class='ocr_line' id='line_1_41' title="bbox 132 2366 1693 2439; baseline 0 -20"><span class='ocrx_word' id='word_1_286' title='bbox 132 2366 418 2438; x_wconf 83' lang='grc' dir='ltr'>Παρορμῶν</span> <span class='ocrx_word' id='word_1_287' title='bbox 447 2370 599 2439; x_wconf 79' lang='grc' dir='ltr'>ἡμᾶς</span> <span class='ocrx_word' id='word_1_288' title='bbox 628 2370 655 2419; x_wconf 90' lang='grc' dir='ltr'>ὁ</span> <span class='ocrx_word' id='word_1_289' title='bbox 680 2366 835 2435; x_wconf 83' lang='grc' dir='ltr'>λόγος</span> <span class='ocrx_word' id='word_1_290' title='bbox 865 2368 957 2419; x_wconf 74' lang='grc' dir='ltr'>ἐπὶ</span> <span class='ocrx_word' id='word_1_291' title='bbox 998 2367 1095 2437; x_wconf 77' lang='grc' dir='ltr'>τὴν</span> <span class='ocrx_word' id='word_1_292' title='bbox 1132 2366 1341 2420; x_wconf 81' lang='grc' dir='ltr'>σύνεσιν</span> <span class='ocrx_word' id='word_1_293' title='bbox 1382 2367 1489 2420; x_wconf 88' lang='grc' dir='ltr'><strong>τῶν</strong></span> <span class='ocrx_word' id='word_1_294' title='bbox 1526 2369 1693 2438; x_wconf 79' lang='grc' dir='ltr'>ἐμφε-</span> 
     </span>
    </p>
   </div>
   <div class='ocr_carea' id='block_1_42' title="bbox 134 2458 1692 2530">
    <p class='ocr_par' dir='ltr' id='par_1_42' title="bbox 134 2458 1692 2530">
     <span class='ocr_line' id='line_1_42' title="bbox 134 2458 1692 2530; baseline 0.001 -20"><span class='ocrx_word' id='word_1_295' title='bbox 134 2459 372 2529; x_wconf 77' lang='grc' dir='ltr'>ρομένων,</span> <span class='ocrx_word' id='word_1_296' title='bbox 408 2458 725 2524; x_wconf 72' lang='grc' dir='ltr'>Συνέσεως</span> <span class='ocrx_word' id='word_1_297' title='bbox 751 2458 849 2528; x_wconf 79' lang='grc' dir='ltr'><strong>τὴν</strong></span> <span class='ocrx_word' id='word_1_298' title='bbox 877 2458 1189 2530; x_wconf 75' lang='grc' dir='ltr'>ἐπιγραφὴν</span> <span class='ocrx_word' id='word_1_299' title='bbox 1215 2460 1533 2530; x_wconf 80' lang='grc' dir='ltr'>ἐποιήσατο·</span> <span class='ocrx_word' id='word_1_300' title='bbox 1562 2458 1692 2512; x_wconf 83' lang='grc' dir='ltr'>ταύ-</span> 
     </span>
    </p>
   </div>
   <div class='ocr_carea' id='block_1_43' title="bbox 131 2550 1693 2623">
    <p class='ocr_par' dir='ltr' id='par_1_43' title="bbox 131 2550 1693 2623">
     <span class='ocr_line' id='line_1_43' title="bbox 131 2550 1693 2623; baseline 0.003 -22"><span class='ocrx_word' id='word_1_301' title='bbox 131 2568 215 2621; x_wconf 84' lang='grc' dir='ltr'><strong>της</strong></span> <span class='ocrx_word' id='word_1_302' title='bbox 239 2550 341 2623; x_wconf 78' lang='grc' dir='ltr'>γὰρ</span> <span class='ocrx_word' id='word_1_303' title='bbox 360 2550 598 2621; x_wconf 80' lang='grc' dir='ltr'>δεόμεθα</span> <span class='ocrx_word' id='word_1_304' title='bbox 622 2552 701 2613; x_wconf 76' lang='grc' dir='ltr'><strong>εἰς</strong></span> <span class='ocrx_word' id='word_1_305' title='bbox 730 2550 902 2621; x_wconf 87' lang='grc' dir='ltr'>θήραν</span> <span class='ocrx_word' id='word_1_306' title='bbox 922 2551 1020 2621; x_wconf 85' lang='grc' dir='ltr'>τῆς</span> <span class='ocrx_word' id='word_1_307' title='bbox 1047 2552 1414 2622; x_wconf 80' lang='grc' dir='ltr'>προκειμένης</span> <span class='ocrx_word' id='word_1_308' title='bbox 1436 2553 1693 2616; x_wconf 81' lang='grc' dir='ltr'>διανοίας.</span> 
     </span>
    </p>
   </div>
   <div class='ocr_carea' id='block_1_44' title="bbox 132 2638 1697 2713">
    <p class='ocr_par' dir='ltr' id='par_1_44' title="bbox 132 2638 1697 2713">
     <span class='ocr_line' id='line_1_44' title="bbox 132 2638 1697 2713; baseline 0.002 -20"><span class='ocrx_word' id='word_1_309' title='bbox 132 2642 331 2713; x_wconf 81' lang='grc' dir='ltr'>Πρῶτον</span> <span class='ocrx_word' id='word_1_310' title='bbox 393 2642 492 2713; x_wconf 75' lang='grc' dir='ltr'><strong>μὲν</strong></span> <span class='ocrx_word' id='word_1_311' title='bbox 542 2638 634 2695; x_wconf 80' lang='grc' dir='ltr'>οὖν</span> <span class='ocrx_word' id='word_1_312' title='bbox 695 2642 978 2712; x_wconf 79' lang='grc' dir='ltr'>ζητήσειεν</span> <span class='ocrx_word' id='word_1_313' title='bbox 1030 2643 1094 2697; x_wconf 77' lang='grc' dir='ltr'><strong>ἄν</strong></span> <span class='ocrx_word' id='word_1_314' title='bbox 1137 2660 1219 2706; x_wconf 87' lang='grc' dir='ltr'><strong>τις</strong></span> <span class='ocrx_word' id='word_1_315' title='bbox 1253 2644 1507 2711; x_wconf 78' lang='grc' dir='ltr'>εὐλόγως,</span> <span class='ocrx_word' id='word_1_316' title='bbox 1554 2646 1697 2708; x_wconf 88' lang='grc' dir='ltr'>τίνος</span> 
     </span>
    </p>
   </div>
   <div class='ocr_carea' id='block_1_45' title="bbox 133 2735 1693 2806">
    <p class='ocr_par' dir='ltr' id='par_1_45' title="bbox 133 2735 1693 2806">
     <span class='ocr_line' id='line_1_45' title="bbox 133 2735 1693 2806; baseline 0.001 -20"><span class='ocrx_word' id='word_1_317' title='bbox 133 2735 397 2805; x_wconf 67' lang='grc' dir='ltr'>πρόσωπον</span> <span class='ocrx_word' id='word_1_318' title='bbox 428 2735 695 2806; x_wconf 85' lang='grc' dir='ltr'><strong>τυγχάνει</strong></span> <span class='ocrx_word' id='word_1_319' title='bbox 731 2736 793 2787; x_wconf 86' lang='grc' dir='ltr'><strong>τὸ</strong></span> <span class='ocrx_word' id='word_1_320' title='bbox 826 2735 1032 2803; x_wconf 79' lang='grc' dir='ltr'>φάσκον</span> <span class='ocrx_word' id='word_1_321' title='bbox 1065 2739 1121 2787; x_wconf 82' lang='grc' dir='ltr'>ὲν</span> <span class='ocrx_word' id='word_1_322' title='bbox 1151 2737 1314 2805; x_wconf 81' lang='grc' dir='ltr'>ἀρχῇ,</span> <span class='ocrx_word' id='word_1_323' title='bbox 1343 2735 1693 2804; x_wconf 81' lang='grc' dir='ltr'>Προσέχετε,</span> 
     </span>
    </p>
   </div>
   <div class='ocr_carea' id='block_1_46' title="bbox 132 2823 1697 2895">
    <p class='ocr_par' dir='ltr' id='par_1_46' title="bbox 132 2823 1697 2895">
     <span class='ocr_line' id='line_1_46' title="bbox 132 2823 1697 2895; baseline 0.001 -18"><span class='ocrx_word' id='word_1_324' title='bbox 132 2826 260 2891; x_wconf 78' lang='grc' dir='ltr'>λαός</span> <span class='ocrx_word' id='word_1_325' title='bbox 279 2844 414 2895; x_wconf 88' lang='grc' dir='ltr'>μου,</span> <span class='ocrx_word' id='word_1_326' title='bbox 445 2826 559 2880; x_wconf 80' lang='grc' dir='ltr'><strong>τὸν</strong></span> <span class='ocrx_word' id='word_1_327' title='bbox 597 2828 783 2895; x_wconf 80' lang='grc' dir='ltr'>νόμον</span> <span class='ocrx_word' id='word_1_328' title='bbox 810 2845 929 2895; x_wconf 89' lang='grc' dir='ltr'><strong>μου</strong></span> <span class='ocrx_word' id='word_1_329' title='bbox 957 2844 969 2857; x_wconf 90' lang='grc'><strong>·</strong></span> <span class='ocrx_word' id='word_1_330' title='bbox 1013 2830 1257 2881; x_wconf 77' lang='grc' dir='ltr'>κλίνατε</span> <span class='ocrx_word' id='word_1_331' title='bbox 1286 2828 1350 2880; x_wconf 84' lang='grc' dir='ltr'>τὸ</span> <span class='ocrx_word' id='word_1_332' title='bbox 1396 2823 1505 2893; x_wconf 88' lang='grc' dir='ltr'>οὖς</span> <span class='ocrx_word' id='word_1_333' title='bbox 1530 2825 1697 2895; x_wconf 75' lang='grc' dir='ltr'>ὑμῶν</span> 
     </span>
    </p>
   </div>
   <div class='ocr_carea' id='block_1_47' title="bbox 131 2918 1690 2990">
    <p class='ocr_par' dir='ltr' id='par_1_47' title="bbox 131 2918 1690 2990">
     <span class='ocr_line' id='line_1_47' title="bbox 131 2918 1690 2990; baseline 0.003 -23"><span class='ocrx_word' id='word_1_334' title='bbox 131 2919 206 2981; x_wconf 72' lang='grc' dir='ltr'>εἰς</span> <span class='ocrx_word' id='word_1_335' title='bbox 234 2920 299 2970; x_wconf 86' lang='grc' dir='ltr'>τὰ</span> <span class='ocrx_word' id='word_1_336' title='bbox 335 2918 581 2987; x_wconf 83' lang='grc' dir='ltr'>ῥήματα</span> <span class='ocrx_word' id='word_1_337' title='bbox 624 2919 728 2971; x_wconf 84' lang='grc' dir='ltr'>τοῦ</span> <span class='ocrx_word' id='word_1_338' title='bbox 778 2920 1070 2987; x_wconf 83' lang='grc' dir='ltr'>στόματός</span> <span class='ocrx_word' id='word_1_339' title='bbox 1105 2938 1244 2987; x_wconf 79' lang='grc' dir='ltr'>μου.</span> <span class='ocrx_word' id='word_1_340' title='bbox 1299 2919 1434 2971; x_wconf 71' lang='grc' dir='ltr'>Οὔτε</span> <span class='ocrx_word' id='word_1_341' title='bbox 1475 2919 1581 2990; x_wconf 86' lang='grc' dir='ltr'>γὰρ</span> <span class='ocrx_word' id='word_1_342' title='bbox 1614 2919 1690 2990; x_wconf 79' lang='grc' dir='ltr'>τῷ</span> 
     </span>
    </p>
   </div>
   <div class='ocr_carea' id='block_1_48' title="bbox 144 3008 1691 3082">
    <p class='ocr_par' dir='ltr' id='par_1_48' title="bbox 144 3008 1691 3082">
     <span class='ocr_line' id='line_1_48' title="bbox 144 3008 1691 3082; baseline 0.003 -22"><span class='ocrx_word' id='word_1_343' title='bbox 144 3008 294 3078; x_wconf 79' lang='grc' dir='ltr'>Ἀσὰφ</span> <span class='ocrx_word' id='word_1_344' title='bbox 336 3009 459 3062; x_wconf 73' lang='grc' dir='ltr'>οὗτε</span> <span class='ocrx_word' id='word_1_345' title='bbox 516 3010 593 3081; x_wconf 81' lang='grc' dir='ltr'>τῷ</span> <span class='ocrx_word' id='word_1_346' title='bbox 634 3011 793 3063; x_wconf 80' lang='grc' dir='ltr'>Δαυῒδ</span> <span class='ocrx_word' id='word_1_347' title='bbox 831 3010 1057 3082; x_wconf 78' lang='grc' dir='ltr'>ἁρμόζει</span> <span class='ocrx_word' id='word_1_348' title='bbox 1109 3011 1277 3064; x_wconf 76' lang='grc' dir='ltr'>ταῦτα</span> <span class='ocrx_word' id='word_1_349' title='bbox 1322 3011 1531 3080; x_wconf 88' lang='grc' dir='ltr'>λέγειν·</span> <span class='ocrx_word' id='word_1_350' title='bbox 1569 3014 1691 3065; x_wconf 76' lang='grc' dir='ltr'>ἐπεὶ</span> 
     </span>
    </p>
   </div>
   <div class='ocr_carea' id='block_1_49' title="bbox 136 3095 1693 3171">
    <p class='ocr_par' dir='ltr' id='par_1_49' title="bbox 136 3095 1693 3171">
     <span class='ocr_line' id='line_1_49' title="bbox 136 3095 1693 3171; baseline 0.002 -18"><span class='ocrx_word' id='word_1_351' title='bbox 136 3099 199 3170; x_wconf 76' lang='grc' dir='ltr'>μὴ</span> <span class='ocrx_word' id='word_1_352' title='bbox 228 3101 514 3171; x_wconf 81' lang='grc' dir='ltr'>νομοθέται</span> <span class='ocrx_word' id='word_1_353' title='bbox 548 3102 835 3170; x_wconf 83' lang='grc' dir='ltr'>γεγόνασιν</span> <span class='ocrx_word' id='word_1_354' title='bbox 877 3095 1055 3155; x_wconf 75' lang='grc' dir='ltr'>οὗτοι·</span> <span class='ocrx_word' id='word_1_355' title='bbox 1101 3101 1222 3154; x_wconf 68' lang='grc' dir='ltr'>οὔτε</span> <span class='ocrx_word' id='word_1_356' title='bbox 1265 3102 1346 3163; x_wconf 82' lang='grc' dir='ltr'><strong>τὸ,</strong></span> <span class='ocrx_word' id='word_1_357' title='bbox 1382 3098 1500 3167; x_wconf 86' lang='grc' dir='ltr'><strong>Οὖς</strong></span> <span class='ocrx_word' id='word_1_358' title='bbox 1530 3102 1693 3171; x_wconf 59' lang='grc' dir='ltr'><strong>ὑμῶν⁵</strong></span> 
     </span>
    </p>
   </div>
   <div class='ocr_carea' id='block_1_50' title="bbox 2039 2083 3097 2147">
    <p class='ocr_par' dir='ltr' id='par_1_50' title="bbox 2039 2083 3097 2147">
     <span class='ocr_line' id='line_1_50' title="bbox 2039 2083 3097 2147; baseline -0.003 -1"><span class='ocrx_word' id='word_1_359' title='bbox 2039 2091 2471 2147; x_wconf 76' lang='lat' dir='ltr'><strong>lNTELLECTU</strong></span> <span class='ocrx_word' id='word_1_360' title='bbox 2484 2090 2521 2143; x_wconf 91' lang='lat' dir='ltr'>S</span> <span class='ocrx_word' id='word_1_361' title='bbox 2575 2089 2817 2146; x_wconf 75' lang='lat' dir='ltr'><strong>ASAPII.</strong></span> <span class='ocrx_word' id='word_1_362' title='bbox 2860 2083 3097 2144; x_wconf 77' lang='lat' dir='ltr'><strong>LXXVII</strong></span> 
     </span>
    </p>
   </div>
   <div class='ocr_carea' id='block_1_51' title="bbox 1871 2182 3373 2252">
    <p class='ocr_par' dir='ltr' id='par_1_51' title="bbox 1871 2182 3373 2252">
     <span class='ocr_line' id='line_1_51' title="bbox 1871 2182 3373 2252; baseline 0 -15"><span class='ocrx_word' id='word_1_363' title='bbox 1871 2185 2157 2249; x_wconf 82' lang='lat' dir='ltr'><strong>Attendite,</strong></span> <span class='ocrx_word' id='word_1_364' title='bbox 2191 2183 2379 2252; x_wconf 87' lang='lat' dir='ltr'><strong>popule</strong></span> <span class='ocrx_word' id='word_1_365' title='bbox 2436 2199 2601 2247; x_wconf 89' lang='lat' dir='ltr'><strong>meus,</strong></span> <span class='ocrx_word' id='word_1_366' title='bbox 2649 2182 2816 2251; x_wconf 82' lang='lat' dir='ltr'><strong>legem</strong></span> <span class='ocrx_word' id='word_1_367' title='bbox 2852 2199 3021 2235; x_wconf 88' lang='lat' dir='ltr'><strong>meam</strong></span> <span class='ocrx_word' id='word_1_368' title='bbox 3062 2199 3079 2235; x_wconf 88' lang='lat'><em>:</em></span> <span class='ocrx_word' id='word_1_369' title='bbox 3122 2184 3373 2238; x_wconf 57' lang='lat' dir='ltr'><strong>incinatc</strong></span> 
     </span>
    </p>
   </div>
   <div class='ocr_carea' id='block_1_52' title="bbox 1800 2273 3371 2332">
    <p class='ocr_par' dir='ltr' id='par_1_52' title="bbox 1800 2273 3371 2332">
     <span class='ocr_line' id='line_1_52' title="bbox 1800 2273 3371 2332; baseline -0.001 -1"><span class='ocrx_word' id='word_1_370' title='bbox 1800 2295 1980 2331; x_wconf 71' lang='lat' dir='ltr'><strong>aurem</strong></span> <span class='ocrx_word' id='word_1_371' title='bbox 2010 2289 2235 2332; x_wconf 83' lang='lat' dir='ltr'><strong>vestram</strong></span> <span class='ocrx_word' id='word_1_372' title='bbox 2264 2278 2318 2329; x_wconf 89' lang='lat' dir='ltr'><strong>in</strong></span> <span class='ocrx_word' id='word_1_373' title='bbox 2353 2276 2507 2330; x_wconf 88' lang='lat' dir='ltr'><strong>verba</strong></span> <span class='ocrx_word' id='word_1_374' title='bbox 2540 2276 2648 2328; x_wconf 90' lang='lat' dir='ltr'><strong>oris</strong></span> <span class='ocrx_word' id='word_1_375' title='bbox 2683 2276 2802 2327; x_wconf 86' lang='lat' dir='ltr'><strong>mei.</strong></span> <span class='ocrx_word' id='word_1_376' title='bbox 2830 2274 2965 2329; x_wconf 91' lang='lat' dir='ltr'><strong>Cum</strong></span> <span class='ocrx_word' id='word_1_377' title='bbox 2992 2274 3057 2327; x_wconf 90' lang='lat' dir='ltr'><strong>ad</strong></span> <span class='ocrx_word' id='word_1_378' title='bbox 3098 2273 3371 2330; x_wconf 89' lang='lat' dir='ltr'><strong>dictorum</strong></span> 
     </span>
    </p>
   </div>
   <div class='ocr_carea' id='block_1_53' title="bbox 1798 2363 3373 2438">
    <p class='ocr_par' dir='ltr' id='par_1_53' title="bbox 1798 2363 3373 2438">
     <span class='ocr_line' id='line_1_53' title="bbox 1798 2363 3373 2438; baseline -0.001 -16"><span class='ocrx_word' id='word_1_379' title='bbox 1798 2369 2217 2438; x_wconf 81' lang='lat' dir='ltr'><strong>intelligentiam</strong></span> <span class='ocrx_word' id='word_1_380' title='bbox 2248 2382 2349 2422; x_wconf 90' lang='lat' dir='ltr'><strong>nos</strong></span> <span class='ocrx_word' id='word_1_381' title='bbox 2399 2380 2579 2421; x_wconf 89' lang='lat' dir='ltr'><strong>sermo</strong></span> <span class='ocrx_word' id='word_1_382' title='bbox 2626 2374 2903 2435; x_wconf 79' lang='lat' dir='ltr'><strong>provocet,</strong></span> <span class='ocrx_word' id='word_1_383' title='bbox 2966 2363 3269 2419; x_wconf 78' lang='lat' dir='ltr'><strong>Intellectus</strong></span> <span class='ocrx_word' id='word_1_384' title='bbox 3314 2366 3373 2420; x_wconf 89' lang='lat' dir='ltr'><strong>in</strong></span> 
     </span>
    </p>
   </div>
   <div class='ocr_carea' id='block_1_54' title="bbox 1798 2455 3375 2528">
    <p class='ocr_par' dir='ltr' id='par_1_54' title="bbox 1798 2455 3375 2528">
     <span class='ocr_line' id='line_1_54' title="bbox 1798 2455 3375 2528; baseline -0.003 -13"><span class='ocrx_word' id='word_1_385' title='bbox 1798 2463 1958 2515; x_wconf 86' lang='lat' dir='ltr'><strong>titulo</strong></span> <span class='ocrx_word' id='word_1_386' title='bbox 1994 2460 2165 2515; x_wconf 78' lang='lat' dir='ltr'><strong>fertur</strong></span> <span class='ocrx_word' id='word_1_387' title='bbox 2193 2478 2208 2526; x_wconf 89' lang='lat'><strong>;</strong></span> <span class='ocrx_word' id='word_1_388' title='bbox 2249 2475 2314 2514; x_wconf 92' lang='lat' dir='ltr'><strong>eo</strong></span> <span class='ocrx_word' id='word_1_389' title='bbox 2340 2460 2539 2528; x_wconf 90' lang='lat' dir='ltr'><strong>quippe</strong></span> <span class='ocrx_word' id='word_1_390' title='bbox 2570 2457 2878 2527; x_wconf 81' lang='lat' dir='ltr'><strong>indigemus</strong></span> <span class='ocrx_word' id='word_1_391' title='bbox 2910 2455 2975 2510; x_wconf 84' lang='lat' dir='ltr'><strong>ad</strong></span> <span class='ocrx_word' id='word_1_392' title='bbox 3008 2456 3129 2526; x_wconf 90' lang='lat' dir='ltr'><strong>ejus</strong></span> <span class='ocrx_word' id='word_1_393' title='bbox 3152 2465 3375 2512; x_wconf 86' lang='lat' dir='ltr'><strong>senten-</strong></span> 
     </span>
    </p>
   </div>
   <div class='ocr_carea' id='block_1_55' title="bbox 1803 2549 3374 2623">
    <p class='ocr_par' dir='ltr' id='par_1_55' title="bbox 1803 2549 3374 2623">
     <span class='ocr_line' id='line_1_55' title="bbox 1803 2549 3374 2623; baseline -0.001 -16"><span class='ocrx_word' id='word_1_394' title='bbox 1803 2553 2413 2623; x_wconf 75' lang='lat' dir='ltr'><strong>tiaminvestigandam.</strong></span> <span class='ocrx_word' id='word_1_395' title='bbox 2462 2552 2526 2605; x_wconf 87' lang='lat' dir='ltr'><strong>Et</strong></span> <span class='ocrx_word' id='word_1_396' title='bbox 2572 2553 2749 2622; x_wconf 87' lang='lat' dir='ltr'><strong>primo</strong></span> <span class='ocrx_word' id='word_1_397' title='bbox 2800 2549 3018 2620; x_wconf 85' lang='lat' dir='ltr'><strong>quidem</strong></span> <span class='ocrx_word' id='word_1_398' title='bbox 3072 2560 3374 2619; x_wconf 88' lang='lat' dir='ltr'><strong>opportune</strong></span> 
     </span>
    </p>
   </div>
   <div class='ocr_carea' id='block_1_56' title="bbox 1805 2644 3369 2717">
    <p class='ocr_par' dir='ltr' id='par_1_56' title="bbox 1805 2644 3369 2717">
     <span class='ocr_line' id='line_1_56' title="bbox 1805 2644 3369 2717; baseline -0.001 -18"><span class='ocrx_word' id='word_1_399' title='bbox 1805 2656 2099 2717; x_wconf 65' lang='lat' dir='ltr'><strong>quaeratur,</strong></span> <span class='ocrx_word' id='word_1_400' title='bbox 2132 2664 2251 2717; x_wconf 68' lang='lat' dir='ltr'><strong>quae</strong></span> <span class='ocrx_word' id='word_1_401' title='bbox 2277 2662 2509 2716; x_wconf 84' lang='lat' dir='ltr'><strong>persona</strong></span> <span class='ocrx_word' id='word_1_402' title='bbox 2552 2647 2667 2700; x_wconf 70' lang='lat' dir='ltr'><strong>haec</strong></span> <span class='ocrx_word' id='word_1_403' title='bbox 2700 2644 2858 2698; x_wconf 82' lang='lat' dir='ltr'><strong>initio</strong></span> <span class='ocrx_word' id='word_1_404' title='bbox 2888 2644 3059 2706; x_wconf 88' lang='lat' dir='ltr'><strong>dicat,</strong></span> <span class='ocrx_word' id='word_1_405' title='bbox 3092 2644 3369 2706; x_wconf 80' lang='lat' dir='ltr'><strong>attendite,</strong></span> 
     </span>
    </p>
   </div>
   <div class='ocr_carea' id='block_1_57' title="bbox 1804 2735 3373 2806">
    <p class='ocr_par' dir='ltr' id='par_1_57' title="bbox 1804 2735 3373 2806">
     <span class='ocr_line' id='line_1_57' title="bbox 1804 2735 3373 2806; baseline -0.003 -15"><span class='ocrx_word' id='word_1_406' title='bbox 1804 2737 1991 2805; x_wconf 73' lang='lat' dir='ltr'><strong>popula</strong></span> <span class='ocrx_word' id='word_1_407' title='bbox 2017 2753 2181 2800; x_wconf 87' lang='lat' dir='ltr'><strong>meus,</strong></span> <span class='ocrx_word' id='word_1_408' title='bbox 2215 2737 2376 2806; x_wconf 85' lang='lat' dir='ltr'><strong>legem</strong></span> <span class='ocrx_word' id='word_1_409' title='bbox 2408 2752 2612 2799; x_wconf 84' lang='lat' dir='ltr'><strong>meam;</strong></span> <span class='ocrx_word' id='word_1_410' title='bbox 2664 2735 2916 2788; x_wconf 76' lang='lat' dir='ltr'><strong>inclinate</strong></span> <span class='ocrx_word' id='word_1_411' title='bbox 2939 2750 3117 2786; x_wconf 88' lang='lat' dir='ltr'><strong>aurem</strong></span> <span class='ocrx_word' id='word_1_412' title='bbox 3147 2744 3373 2788; x_wconf 81' lang='lat' dir='ltr'><strong>vestram</strong></span> 
     </span>
    </p>
   </div>
   <div class='ocr_carea' id='block_1_58' title="bbox 1802 2824 3372 2894">
    <p class='ocr_par' dir='ltr' id='par_1_58' title="bbox 1802 2824 3372 2894">
     <span class='ocr_line' id='line_1_58' title="bbox 1802 2824 3372 2894; baseline -0.001 -13"><span class='ocrx_word' id='word_1_413' title='bbox 1802 2830 1855 2881; x_wconf 90' lang='lat' dir='ltr'><strong>in</strong></span> <span class='ocrx_word' id='word_1_414' title='bbox 1885 2828 2041 2881; x_wconf 86' lang='lat' dir='ltr'><strong>verba</strong></span> <span class='ocrx_word' id='word_1_415' title='bbox 2089 2830 2197 2881; x_wconf 89' lang='lat' dir='ltr'><strong>oris</strong></span> <span class='ocrx_word' id='word_1_416' title='bbox 2257 2829 2377 2881; x_wconf 81' lang='lat' dir='ltr'><strong>mei.</strong></span> <span class='ocrx_word' id='word_1_417' title='bbox 2428 2826 2550 2880; x_wconf 84' lang='lat' dir='ltr'><strong>Non</strong></span> <span class='ocrx_word' id='word_1_418' title='bbox 2602 2827 2746 2881; x_wconf 88' lang='lat' dir='ltr'><strong>enim</strong></span> <span class='ocrx_word' id='word_1_419' title='bbox 2799 2824 2989 2879; x_wconf 89' lang='lat' dir='ltr'><strong>Davidi</strong></span> <span class='ocrx_word' id='word_1_420' title='bbox 3035 2825 3119 2879; x_wconf 88' lang='lat' dir='ltr'><strong>vel</strong></span> <span class='ocrx_word' id='word_1_421' title='bbox 3152 2825 3372 2894; x_wconf 88' lang='lat' dir='ltr'><strong>Asapho</strong></span> 
     </span>
    </p>
   </div>
   <div class='ocr_carea' id='block_1_59' title="bbox 1800 2918 3368 2989">
    <p class='ocr_par' dir='ltr' id='par_1_59' title="bbox 1800 2918 3368 2989">
     <span class='ocr_line' id='line_1_59' title="bbox 1800 2918 3368 2989; baseline -0.003 -16"><span class='ocrx_word' id='word_1_422' title='bbox 1800 2921 1913 2974; x_wconf 82' lang='lat' dir='ltr'><strong>haec</strong></span> <span class='ocrx_word' id='word_1_423' title='bbox 1944 2921 2125 2975; x_wconf 86' lang='lat' dir='ltr'><strong>dicere</strong></span> <span class='ocrx_word' id='word_1_424' title='bbox 2152 2922 2440 2974; x_wconf 80' lang='lat' dir='ltr'><strong>conveniat</strong></span> <span class='ocrx_word' id='word_1_425' title='bbox 2475 2937 2488 2973; x_wconf 84' lang='lat'><strong>:</strong></span> <span class='ocrx_word' id='word_1_426' title='bbox 2525 2920 2602 2971; x_wconf 90' lang='lat' dir='ltr'><strong>illi</strong></span> <span class='ocrx_word' id='word_1_427' title='bbox 2637 2919 2835 2989; x_wconf 89' lang='lat' dir='ltr'><strong>quippe</strong></span> <span class='ocrx_word' id='word_1_428' title='bbox 2880 2918 3222 2987; x_wconf 83' lang='lat' dir='ltr'><strong>legislatores</strong></span> <span class='ocrx_word' id='word_1_429' title='bbox 3255 2931 3368 2970; x_wconf 92' lang='lat' dir='ltr'><strong>non</strong></span> 
     </span>
    </p>
   </div>
   <div class='ocr_carea' id='block_1_60' title="bbox 1801 3007 3370 3082">
    <p class='ocr_par' dir='ltr' id='par_1_60' title="bbox 1801 3007 3370 3082">
     <span class='ocr_line' id='line_1_60' title="bbox 1801 3007 3370 3082; baseline -0.004 -17"><span class='ocrx_word' id='word_1_430' title='bbox 1801 3013 1978 3077; x_wconf 81' lang='lat' dir='ltr'><strong>luere;</strong></span> <span class='ocrx_word' id='word_1_431' title='bbox 2014 3028 2190 3082; x_wconf 91' lang='lat' dir='ltr'><strong>neque</strong></span> <span class='ocrx_word' id='word_1_432' title='bbox 2232 3012 2391 3075; x_wconf 87' lang='lat' dir='ltr'><strong>illud.</strong></span> <span class='ocrx_word' id='word_1_433' title='bbox 2443 3012 2639 3066; x_wconf 86' lang='lat' dir='ltr'><strong>Aurem</strong></span> <span class='ocrx_word' id='word_1_434' title='bbox 2682 3019 2903 3064; x_wconf 82' lang='lat' dir='ltr'><strong>vestram</strong></span> <span class='ocrx_word' id='word_1_435' title='bbox 2956 3010 3009 3061; x_wconf 90' lang='lat' dir='ltr'><strong>in</strong></span> <span class='ocrx_word' id='word_1_436' title='bbox 3063 3007 3217 3062; x_wconf 72' lang='lat' dir='ltr'><strong>verba</strong></span> <span class='ocrx_word' id='word_1_437' title='bbox 3262 3009 3370 3061; x_wconf 86' lang='lat' dir='ltr'><strong>oris</strong></span> 
     </span>
    </p>
   </div>
   <div class='ocr_carea' id='block_1_61' title="bbox 1800 3097 3368 3170">
    <p class='ocr_par' dir='ltr' id='par_1_61' title="bbox 1800 3097 3368 3170">
     <span class='ocr_line' id='line_1_61' title="bbox 1800 3097 3368 3170; baseline -0.005 -15"><span class='ocrx_word' id='word_1_438' title='bbox 1800 3104 1919 3164; x_wconf 85' lang='lat' dir='ltr'><strong>mei,</strong></span> <span class='ocrx_word' id='word_1_439' title='bbox 1967 3103 2048 3155; x_wconf 83' lang='lat' dir='ltr'><strong>vel</strong></span> <span class='ocrx_word' id='word_1_440' title='bbox 2093 3101 2346 3156; x_wconf 89' lang='lat' dir='ltr'><strong>Davidem</strong></span> <span class='ocrx_word' id='word_1_441' title='bbox 2382 3102 2463 3155; x_wconf 83' lang='lat' dir='ltr'><strong>vel</strong></span> <span class='ocrx_word' id='word_1_442' title='bbox 2492 3100 2771 3170; x_wconf 84' lang='lat' dir='ltr'><strong>Asaphum</strong></span> <span class='ocrx_word' id='word_1_443' title='bbox 2828 3097 3012 3152; x_wconf 83' lang='lat' dir='ltr'><strong>dicere</strong></span> <span class='ocrx_word' id='word_1_444' title='bbox 3064 3111 3161 3166; x_wconf 87' lang='lat' dir='ltr'><strong>par</strong></span> <span class='ocrx_word' id='word_1_445' title='bbox 3208 3105 3368 3151; x_wconf 86' lang='lat' dir='ltr'><strong>erat:</strong></span> 
     </span>
    </p>
   </div>
   <div class='ocr_carea' id='block_1_62' title="bbox 133 3185 1691 3265">
    <p class='ocr_par' dir='ltr' id='par_1_62' title="bbox 133 3193 1691 3265">
     <span class='ocr_line' id='line_1_62' title="bbox 133 3193 1691 3265; baseline 0 -21"><span class='ocrx_word' id='word_1_446' title='bbox 133 3194 208 3258; x_wconf 84' lang='grc' dir='ltr'>εἱς</span> <span class='ocrx_word' id='word_1_447' title='bbox 233 3194 299 3246; x_wconf 88' lang='grc' dir='ltr'>τὰ</span> <span class='ocrx_word' id='word_1_448' title='bbox 316 3194 561 3263; x_wconf 75' lang='grc' dir='ltr'>ῥήματα</span> <span class='ocrx_word' id='word_1_449' title='bbox 606 3194 713 3247; x_wconf 84' lang='grc' dir='ltr'>τοῦ</span> <span class='ocrx_word' id='word_1_450' title='bbox 759 3194 1054 3263; x_wconf 81' lang='grc' dir='ltr'>στόματός</span> <span class='ocrx_word' id='word_1_451' title='bbox 1093 3211 1233 3262; x_wconf 87' lang='grc' dir='ltr'>μου,</span> <span class='ocrx_word' id='word_1_452' title='bbox 1268 3193 1473 3265; x_wconf 75' lang='grc' dir='ltr'>ἔπρεπε</span> <span class='ocrx_word' id='word_1_453' title='bbox 1522 3193 1691 3261; x_wconf 83' lang='grc' dir='ltr'>λέγειν</span> 
     </span>
    </p>
   </div>
   <div class='ocr_carea' id='block_1_63' title="bbox 1797 3185 3370 3265">
    <p class='ocr_par' dir='ltr' id='par_1_63' title="bbox 1801 3185 3370 3261">
     <span class='ocr_line' id='line_1_63' title="bbox 1801 3185 3370 3261; baseline -0.005 -14"><span class='ocrx_word' id='word_1_454' title='bbox 1801 3208 1976 3261; x_wconf 83' lang='lat' dir='ltr'><strong>neque</strong></span> <span class='ocrx_word' id='word_1_455' title='bbox 2017 3193 2163 3246; x_wconf 90' lang='lat' dir='ltr'><strong>enim</strong></span> <span class='ocrx_word' id='word_1_456' title='bbox 2191 3192 2411 3261; x_wconf 86' lang='lat' dir='ltr'><strong>propria</strong></span> <span class='ocrx_word' id='word_1_457' title='bbox 2450 3191 2615 3245; x_wconf 85' lang='lat' dir='ltr'><strong>verba</strong></span> <span class='ocrx_word' id='word_1_458' title='bbox 2650 3188 3036 3259; x_wconf 82' lang='lat' dir='ltr'><strong>proferebant,</strong></span> <span class='ocrx_word' id='word_1_459' title='bbox 3074 3186 3166 3241; x_wconf 90' lang='lat' dir='ltr'><strong>sed</strong></span> <span class='ocrx_word' id='word_1_460' title='bbox 3201 3185 3370 3239; x_wconf 84' lang='lat' dir='ltr'><strong>divini</strong></span> 
     </span>
    </p>
   </div>
   <div class='ocr_carea' id='block_1_64' title="bbox 130 3282 1697 3353">
    <p class='ocr_par' dir='ltr' id='par_1_64' title="bbox 130 3282 1697 3353">
     <span class='ocr_line' id='line_1_64' title="bbox 130 3282 1697 3353; baseline 0.001 -18"><span class='ocrx_word' id='word_1_461' title='bbox 130 3282 234 3353; x_wconf 70' lang='grc' dir='ltr'>ἢτοι</span> <span class='ocrx_word' id='word_1_462' title='bbox 264 3284 349 3337; x_wconf 84' lang='grc' dir='ltr'>τὸν</span> <span class='ocrx_word' id='word_1_463' title='bbox 395 3284 595 3353; x_wconf 80' lang='grc' dir='ltr'>Ἀσὰφ,</span> <span class='ocrx_word' id='word_1_464' title='bbox 636 3284 667 3353; x_wconf 83' lang='grc' dir='ltr'>ἢ</span> <span class='ocrx_word' id='word_1_465' title='bbox 694 3283 786 3336; x_wconf 82' lang='grc' dir='ltr'>τὸν</span> <span class='ocrx_word' id='word_1_466' title='bbox 813 3284 973 3336; x_wconf 78' lang='grc' dir='ltr'><strong>Δαυῖδ</strong></span> <span class='ocrx_word' id='word_1_467' title='bbox 993 3300 1006 3313; x_wconf 75' lang='grc' dir='ltr'>ο</span> <span class='ocrx_word' id='word_1_468' title='bbox 1039 3284 1097 3334; x_wconf 81' lang='grc' dir='ltr'>οὐ</span> <span class='ocrx_word' id='word_1_469' title='bbox 1132 3282 1238 3351; x_wconf 79' lang='grc' dir='ltr'>γὰρ</span> <span class='ocrx_word' id='word_1_470' title='bbox 1274 3285 1444 3335; x_wconf 80' lang='grc' dir='ltr'>οἰκεῖα</span> <span class='ocrx_word' id='word_1_471' title='bbox 1477 3285 1697 3353; x_wconf 68' lang='grc' dir='ltr'>ῥήματα.</span> 
     </span>
    </p>
   </div>
   <div class='ocr_carea' id='block_1_65' title="bbox 132 3376 1696 3448">
    <p class='ocr_par' dir='ltr' id='par_1_65' title="bbox 132 3376 1696 3448">
     <span class='ocr_line' id='line_1_65' title="bbox 132 3376 1696 3448; baseline 0.001 -21"><span class='ocrx_word' id='word_1_472' title='bbox 132 3377 468 3447; x_wconf 72' lang='grc' dir='ltr'>προσέφερον,</span> <span class='ocrx_word' id='word_1_473' title='bbox 503 3380 569 3448; x_wconf 82' lang='grc' dir='ltr'>τῇ</span> <span class='ocrx_word' id='word_1_474' title='bbox 613 3377 668 3429; x_wconf 85' lang='grc' dir='ltr'><strong>δὲ</strong></span> <span class='ocrx_word' id='word_1_475' title='bbox 709 3376 803 3429; x_wconf 78' lang='grc' dir='ltr'><strong>τοῦ</strong></span> <span class='ocrx_word' id='word_1_476' title='bbox 853 3376 997 3429; x_wconf 81' lang='grc' dir='ltr'>θείου</span> <span class='ocrx_word' id='word_1_477' title='bbox 1034 3376 1345 3446; x_wconf 80' lang='grc' dir='ltr'>Πνεύματος</span> <span class='ocrx_word' id='word_1_478' title='bbox 1377 3376 1536 3448; x_wconf 82' lang='grc' dir='ltr'>βουλῇ</span> <span class='ocrx_word' id='word_1_479' title='bbox 1582 3377 1696 3446; x_wconf 83' lang='grc' dir='ltr'>διη-</span> 
     </span>
    </p>
   </div>
   <div class='ocr_carea' id='block_1_66' title="bbox 133 3465 1696 3537">
    <p class='ocr_par' dir='ltr' id='par_1_66' title="bbox 133 3465 1696 3537">
     <span class='ocr_line' id='line_1_66' title="bbox 133 3465 1696 3537; baseline -0.001 -19"><span class='ocrx_word' id='word_1_480' title='bbox 133 3468 381 3521; x_wconf 76' lang='grc' dir='ltr'>κονοῦντο.</span> <span class='ocrx_word' id='word_1_481' title='bbox 410 3468 506 3521; x_wconf 86' lang='grc' dir='ltr'><strong>Διὸ</strong></span> <span class='ocrx_word' id='word_1_482' title='bbox 538 3466 845 3532; x_wconf 80' lang='grc' dir='ltr'>συνέσεως</span> <span class='ocrx_word' id='word_1_483' title='bbox 874 3466 1296 3537; x_wconf 78' lang='grc' dir='ltr'>ἐπιγέγραπται,</span> <span class='ocrx_word' id='word_1_484' title='bbox 1325 3465 1399 3529; x_wconf 84' lang='grc' dir='ltr'>ὡς</span> <span class='ocrx_word' id='word_1_485' title='bbox 1446 3467 1510 3518; x_wconf 88' lang='grc' dir='ltr'>ἂν</span> <span class='ocrx_word' id='word_1_486' title='bbox 1568 3482 1696 3519; x_wconf 82' lang='grc' dir='ltr'>συν-</span> 
     </span>
    </p>
   </div>
   <div class='ocr_carea' id='block_1_67' title="bbox 133 3557 1694 3628">
    <p class='ocr_par' dir='ltr' id='par_1_67' title="bbox 133 3557 1694 3628">
     <span class='ocr_line' id='line_1_67' title="bbox 133 3557 1694 3628; baseline 0.001 -19"><span class='ocrx_word' id='word_1_487' title='bbox 133 3558 264 3628; x_wconf 80' lang='grc' dir='ltr'>ῶμεν</span> <span class='ocrx_word' id='word_1_488' title='bbox 294 3561 376 3623; x_wconf 79' lang='grc' dir='ltr'>τίς</span> <span class='ocrx_word' id='word_1_489' title='bbox 401 3560 461 3612; x_wconf 92' lang='grc' dir='ltr'><strong>τέ</strong></span> <span class='ocrx_word' id='word_1_490' title='bbox 500 3560 699 3611; x_wconf 69' lang='grc' dir='ltr'>ἐστιννό</span> <span class='ocrx_word' id='word_1_491' title='bbox 732 3558 903 3612; x_wconf 82' lang='grc' dir='ltr'>ταῦτα</span> <span class='ocrx_word' id='word_1_492' title='bbox 927 3558 1119 3627; x_wconf 85' lang='grc' dir='ltr'>λέγων,</span> <span class='ocrx_word' id='word_1_493' title='bbox 1156 3559 1248 3610; x_wconf 69' lang='grc' dir='ltr'><strong>καὶ</strong></span> <span class='ocrx_word' id='word_1_494' title='bbox 1279 3558 1360 3620; x_wconf 79' lang='grc' dir='ltr'><strong>τίς</strong></span> <span class='ocrx_word' id='word_1_495' title='bbox 1381 3559 1408 3609; x_wconf 90' lang='grc' dir='ltr'>ὁ</span> <span class='ocrx_word' id='word_1_496' title='bbox 1436 3557 1561 3621; x_wconf 85' lang='grc' dir='ltr'>λαὸς</span> <span class='ocrx_word' id='word_1_497' title='bbox 1596 3560 1694 3611; x_wconf 78' lang='grc' dir='ltr'><strong>αὺ-</strong></span> 
     </span>
    </p>
   </div>
   <div class='ocr_carea' id='block_1_68' title="bbox 130 3645 1694 3721">
    <p class='ocr_par' dir='ltr' id='par_1_68' title="bbox 130 3645 1694 3721">
     <span class='ocr_line' id='line_1_68' title="bbox 130 3645 1694 3721; baseline 0.003 -22"><span class='ocrx_word' id='word_1_498' title='bbox 130 3648 231 3712; x_wconf 61' lang='grc' dir='ltr'>τοῦ,</span> <span class='ocrx_word' id='word_1_499' title='bbox 258 3651 346 3702; x_wconf 76' lang='grc' dir='ltr'>καὶ</span> <span class='ocrx_word' id='word_1_500' title='bbox 379 3651 465 3713; x_wconf 83' lang='grc' dir='ltr'><strong>τίς</strong></span> <span class='ocrx_word' id='word_1_501' title='bbox 511 3653 539 3702; x_wconf 88' lang='grc' dir='ltr'>ὁ</span> <span class='ocrx_word' id='word_1_502' title='bbox 569 3649 763 3720; x_wconf 79' lang='grc' dir='ltr'>νόμος’</span> <span class='ocrx_word' id='word_1_503' title='bbox 798 3650 984 3721; x_wconf 69' lang='grc' dir='ltr'>ἕτερος</span> <span class='ocrx_word' id='word_1_504' title='bbox 1024 3649 1132 3719; x_wconf 87' lang='grc' dir='ltr'>γὰρ</span> <span class='ocrx_word' id='word_1_505' title='bbox 1158 3649 1332 3701; x_wconf 78' lang='grc' dir='ltr'>ἔοικεν</span> <span class='ocrx_word' id='word_1_506' title='bbox 1365 3645 1508 3702; x_wconf 76' lang='grc' dir='ltr'>εἶναι</span> <span class='ocrx_word' id='word_1_507' title='bbox 1545 3650 1694 3720; x_wconf 80' lang='grc' dir='ltr'>παρὰ</span> 
     </span>
    </p>
   </div>
   <div class='ocr_carea' id='block_1_69' title="bbox 130 3738 1695 3809">
    <p class='ocr_par' dir='ltr' id='par_1_69' title="bbox 130 3738 1695 3809">
     <span class='ocr_line' id='line_1_69' title="bbox 130 3738 1695 3809; baseline 0.003 -20"><span class='ocrx_word' id='word_1_508' title='bbox 130 3738 210 3790; x_wconf 78' lang='grc' dir='ltr'><strong>τὸν</strong></span> <span class='ocrx_word' id='word_1_509' title='bbox 241 3740 540 3803; x_wconf 80' lang='grc' dir='ltr'>Μωῦσέως.</span> <span class='ocrx_word' id='word_1_510' title='bbox 576 3740 761 3794; x_wconf 81' lang='grc' dir='ltr'>Ταῦτα</span> <span class='ocrx_word' id='word_1_511' title='bbox 788 3741 831 3794; x_wconf 85' lang='grc' dir='ltr'><strong>δ’</strong></span> <span class='ocrx_word' id='word_1_512' title='bbox 866 3740 1141 3793; x_wconf 79' lang='grc' dir='ltr'>ὲπιλύεται</span> <span class='ocrx_word' id='word_1_513' title='bbox 1164 3741 1225 3792; x_wconf 87' lang='grc' dir='ltr'><strong>τὸ</strong></span> <span class='ocrx_word' id='word_1_514' title='bbox 1252 3740 1601 3809; x_wconf 84' lang='grc' dir='ltr'>Εὐαγγέλιον,</span> <span class='ocrx_word' id='word_1_515' title='bbox 1637 3743 1695 3794; x_wconf 79' lang='grc' dir='ltr'><strong>ἐν</strong></span> 
     </span>
    </p>
   </div>
   <div class='ocr_carea' id='block_1_70' title="bbox 134 3826 1695 3905">
    <p class='ocr_par' dir='ltr' id='par_1_70' title="bbox 134 3826 1695 3905">
     <span class='ocr_line' id='line_1_70' title="bbox 134 3826 1695 3905; baseline 0.002 -21"><span class='ocrx_word' id='word_1_516' title='bbox 134 3826 172 3899; x_wconf 79' lang='grc' dir='ltr'>ᾧ</span> <span class='ocrx_word' id='word_1_517' title='bbox 197 3833 428 3905; x_wconf 78' lang='grc' dir='ltr'>εἴρηται·</span> <span class='ocrx_word' id='word_1_518' title='bbox 486 3836 679 3890; x_wconf 86' lang='grc' dir='ltr'>Ταῦτα</span> <span class='ocrx_word' id='word_1_519' title='bbox 724 3835 921 3889; x_wconf 77' lang='grc' dir='ltr'>πάντα</span> <span class='ocrx_word' id='word_1_520' title='bbox 960 3835 1266 3901; x_wconf 76' lang='grc' dir='ltr'>ἐλάλησεν</span> <span class='ocrx_word' id='word_1_521' title='bbox 1299 3837 1331 3887; x_wconf 81' lang='grc' dir='ltr'><strong><em>ό</em></strong></span> <span class='ocrx_word' id='word_1_522' title='bbox 1369 3834 1597 3901; x_wconf 82' lang='grc' dir='ltr'>Ἰησοῦς</span> <span class='ocrx_word' id='word_1_523' title='bbox 1625 3835 1695 3887; x_wconf 82' lang='grc' dir='ltr'><strong>ἐν</strong></span> 
     </span>
    </p>
   </div>
   <div class='ocr_carea' id='block_1_71' title="bbox 131 3924 1694 3997">
    <p class='ocr_par' dir='ltr' id='par_1_71' title="bbox 131 3924 1694 3997">
     <span class='ocr_line' id='line_1_71' title="bbox 131 3924 1694 3997; baseline 0.006 -21"><span class='ocrx_word' id='word_1_524' title='bbox 131 3928 477 3993; x_wconf 54' lang='grc' dir='ltr'>παραϐολαῖς</span> <span class='ocrx_word' id='word_1_525' title='bbox 533 3929 656 3994; x_wconf 79' lang='grc' dir='ltr'>τοῖς</span> <span class='ocrx_word' id='word_1_526' title='bbox 689 3928 916 3997; x_wconf 82' lang='grc' dir='ltr'>ὄχλοις,</span> <span class='ocrx_word' id='word_1_527' title='bbox 972 3929 1067 3981; x_wconf 76' lang='grc' dir='ltr'><strong>καὶ</strong></span> <span class='ocrx_word' id='word_1_528' title='bbox 1123 3927 1299 3994; x_wconf 82' lang='grc' dir='ltr'>χωρὶς</span> <span class='ocrx_word' id='word_1_529' title='bbox 1348 3924 1694 3993; x_wconf 78' lang='grc' dir='ltr'>παραϐολῆς</span> 
     </span>
    </p>
   </div>
   <div class='ocr_carea' id='block_1_72' title="bbox 131 4017 1695 4087">
    <p class='ocr_par' dir='ltr' id='par_1_72' title="bbox 131 4017 1695 4087">
     <span class='ocr_line' id='line_1_72' title="bbox 131 4017 1695 4087; baseline 0.001 -18"><span class='ocrx_word' id='word_1_530' title='bbox 131 4019 229 4071; x_wconf 81' lang='grc' dir='ltr'>οὐκ</span> <span class='ocrx_word' id='word_1_531' title='bbox 260 4019 461 4073; x_wconf 77' lang='grc' dir='ltr'>ἐλάλει</span> <span class='ocrx_word' id='word_1_532' title='bbox 490 4020 694 4086; x_wconf 81' lang='grc' dir='ltr'>αὐτοῖς</span> <span class='ocrx_word' id='word_1_533' title='bbox 717 4035 728 4047; x_wconf 90' lang='grc'><strong>·</strong></span> <span class='ocrx_word' id='word_1_534' title='bbox 763 4020 923 4085; x_wconf 80' lang='grc' dir='ltr'>ὅπως</span> <span class='ocrx_word' id='word_1_535' title='bbox 961 4018 1244 4087; x_wconf 75' lang='grc' dir='ltr'>πληρωθῇ</span> <span class='ocrx_word' id='word_1_536' title='bbox 1273 4018 1339 4071; x_wconf 82' lang='grc' dir='ltr'>τὸ</span> <span class='ocrx_word' id='word_1_537' title='bbox 1376 4017 1567 4085; x_wconf 73' lang='grc' dir='ltr'>ῥηθὲν</span> <span class='ocrx_word' id='word_1_538' title='bbox 1596 4017 1695 4071; x_wconf 81' lang='grc' dir='ltr'><strong>διὰ</strong></span> 
     </span>
    </p>
   </div>
   <div class='ocr_carea' id='block_1_73' title="bbox 129 4109 1694 4182">
    <p class='ocr_par' dir='ltr' id='par_1_73' title="bbox 129 4109 1694 4182">
     <span class='ocr_line' id='line_1_73' title="bbox 129 4109 1694 4182; baseline 0 -20"><span class='ocrx_word' id='word_1_539' title='bbox 129 4109 223 4163; x_wconf 85' lang='grc' dir='ltr'>τοῦ</span> <span class='ocrx_word' id='word_1_540' title='bbox 247 4112 558 4181; x_wconf 69' lang='grc' dir='ltr'>προφήτου</span> <span class='ocrx_word' id='word_1_541' title='bbox 601 4111 918 4182; x_wconf 65' lang='grc' dir='ltr'>λέγὀντοςο</span> <span class='ocrx_word' id='word_1_542' title='bbox 964 4110 1198 4175; x_wconf 78' lang='grc' dir='ltr'><strong>Ἀνοίξω</strong></span> <span class='ocrx_word' id='word_1_543' title='bbox 1229 4111 1297 4163; x_wconf 78' lang='grc' dir='ltr'><strong>ἐν</strong></span> <span class='ocrx_word' id='word_1_544' title='bbox 1330 4110 1694 4176; x_wconf 80' lang='grc' dir='ltr'>παραϐολαῖς</span> 
     </span>
    </p>
   </div>
   <div class='ocr_carea' id='block_1_74' title="bbox 128 4200 1695 4274">
    <p class='ocr_par' dir='ltr' id='par_1_74' title="bbox 128 4200 1695 4274">
     <span class='ocr_line' id='line_1_74' title="bbox 128 4200 1695 4274; baseline -0.001 -21"><span class='ocrx_word' id='word_1_545' title='bbox 128 4202 185 4254; x_wconf 85' lang='grc' dir='ltr'>τὸ</span> <span class='ocrx_word' id='word_1_546' title='bbox 212 4206 398 4274; x_wconf 81' lang='grc' dir='ltr'>στόμα</span> <span class='ocrx_word' id='word_1_547' title='bbox 420 4222 541 4274; x_wconf 85' lang='grc' dir='ltr'><strong>μου</strong></span> <span class='ocrx_word' id='word_1_548' title='bbox 568 4222 580 4234; x_wconf 93' lang='grc'><strong>·</strong></span> <span class='ocrx_word' id='word_1_549' title='bbox 608 4203 925 4272; x_wconf 79' lang='grc' dir='ltr'>ἐρεύξομαι</span> <span class='ocrx_word' id='word_1_550' title='bbox 954 4202 1331 4270; x_wconf 75' lang='grc' dir='ltr'>κεκρυμμένα</span> <span class='ocrx_word' id='word_1_551' title='bbox 1359 4200 1479 4254; x_wconf 81' lang='grc' dir='ltr'><strong>ἀπὸ</strong></span> <span class='ocrx_word' id='word_1_552' title='bbox 1516 4216 1695 4254; x_wconf 78' lang='grc' dir='ltr'>καταο-</span> 
     </span>
    </p>
   </div>
   <div class='ocr_carea' id='block_1_75' title="bbox 129 4292 1691 4367">
    <p class='ocr_par' dir='ltr' id='par_1_75' title="bbox 129 4292 1691 4367">
     <span class='ocr_line' id='line_1_75' title="bbox 129 4292 1691 4367; baseline 0 -22"><span class='ocrx_word' id='word_1_553' title='bbox 129 4292 314 4363; x_wconf 82' lang='grc' dir='ltr'>ϐολῆς.</span> <span class='ocrx_word' id='word_1_554' title='bbox 346 4298 445 4351; x_wconf 79' lang='grc' dir='ltr'>Διὰ</span> <span class='ocrx_word' id='word_1_555' title='bbox 476 4296 629 4349; x_wconf 77' lang='grc' dir='ltr'>ποίου</span> <span class='ocrx_word' id='word_1_556' title='bbox 661 4296 721 4349; x_wconf 83' lang='grc' dir='ltr'><strong>δὲ</strong></span> <span class='ocrx_word' id='word_1_557' title='bbox 763 4297 1040 4367; x_wconf 82' lang='grc' dir='ltr'>προφήτου</span> <span class='ocrx_word' id='word_1_558' title='bbox 1085 4294 1257 4347; x_wconf 80' lang='grc' dir='ltr'>ταῦτα</span> <span class='ocrx_word' id='word_1_559' title='bbox 1299 4294 1482 4365; x_wconf 75' lang='grc' dir='ltr'>εἴρητο</span> <span class='ocrx_word' id='word_1_560' title='bbox 1527 4294 1558 4364; x_wconf 79' lang='grc' dir='ltr'><strong>ἢ</strong></span> <span class='ocrx_word' id='word_1_561' title='bbox 1605 4293 1691 4346; x_wconf 78' lang='grc' dir='ltr'>διὰ</span> 
     </span>
    </p>
   </div>
   <div class='ocr_carea' id='block_1_76' title="bbox 129 4387 1687 4463">
    <p class='ocr_par' dir='ltr' id='par_1_76' title="bbox 129 4387 1687 4463">
     <span class='ocr_line' id='line_1_76' title="bbox 129 4387 1687 4463; baseline 0.007 -23"><span class='ocrx_word' id='word_1_562' title='bbox 129 4389 213 4441; x_wconf 75' lang='grc' dir='ltr'>τοῦ</span> <span class='ocrx_word' id='word_1_563' title='bbox 271 4392 630 4463; x_wconf 81' lang='grc' dir='ltr'>προκειμένου</span> <span class='ocrx_word' id='word_1_564' title='bbox 689 4391 896 4459; x_wconf 83' lang='grc' dir='ltr'>Ἀσάφ;</span> <span class='ocrx_word' id='word_1_565' title='bbox 950 4392 1014 4441; x_wconf 89' lang='grc' dir='ltr'><strong>Ὃ</strong></span> <span class='ocrx_word' id='word_1_566' title='bbox 1078 4390 1150 4459; x_wconf 84' lang='grc' dir='ltr'><strong>μὴ</strong></span> <span class='ocrx_word' id='word_1_567' title='bbox 1210 4387 1479 4449; x_wconf 67' lang='grc' dir='ltr'>συνιέντες</span> <span class='ocrx_word' id='word_1_568' title='bbox 1526 4387 1687 4451; x_wconf 75' lang='grc' dir='ltr'>τινὲς,</span> 
     </span>
    </p>
   </div>
   <div class='ocr_carea' id='block_1_77' title="bbox 130 4479 1686 4554">
    <p class='ocr_par' dir='ltr' id='par_1_77' title="bbox 130 4479 1686 4554">
     <span class='ocr_line' id='line_1_77' title="bbox 130 4479 1686 4554; baseline 0 -22"><span class='ocrx_word' id='word_1_569' title='bbox 130 4484 456 4554; x_wconf 84' lang='grc' dir='ltr'>προσέθηκαν</span> <span class='ocrx_word' id='word_1_570' title='bbox 498 4486 555 4536; x_wconf 84' lang='grc' dir='ltr'><strong>ὲν</strong></span> <span class='ocrx_word' id='word_1_571' title='bbox 594 4484 671 4553; x_wconf 82' lang='grc' dir='ltr'>τῷ</span> <span class='ocrx_word' id='word_1_572' title='bbox 706 4481 1022 4551; x_wconf 77' lang='grc' dir='ltr'>Εὐαγγελίῳ</span> <span class='ocrx_word' id='word_1_573' title='bbox 1053 4480 1134 4540; x_wconf 78' lang='grc' dir='ltr'><strong>τὸ,</strong></span> <span class='ocrx_word' id='word_1_574' title='bbox 1175 4479 1273 4532; x_wconf 84' lang='grc' dir='ltr'><strong>διὰ</strong></span> <span class='ocrx_word' id='word_1_575' title='bbox 1311 4479 1545 4532; x_wconf 84' lang='grc' dir='ltr'>Ἡσαΐου</span> <span class='ocrx_word' id='word_1_576' title='bbox 1580 4479 1686 4532; x_wconf 87' lang='grc' dir='ltr'>τοῦ</span> 
     </span>
    </p>
   </div>
   <div class='ocr_carea' id='block_1_78' title="bbox 130 4570 1689 4644">
    <p class='ocr_par' dir='ltr' id='par_1_78' title="bbox 130 4570 1689 4644">
     <span class='ocr_line' id='line_1_78' title="bbox 130 4570 1689 4644; baseline -0.002 -18"><span class='ocrx_word' id='word_1_577' title='bbox 130 4575 453 4642; x_wconf 61' lang='grc' dir='ltr'>προφήτουο</span> <span class='ocrx_word' id='word_1_578' title='bbox 513 4577 571 4627; x_wconf 82' lang='grc' dir='ltr'>ὲν</span> <span class='ocrx_word' id='word_1_579' title='bbox 623 4575 679 4627; x_wconf 85' lang='grc' dir='ltr'>δέ</span> <span class='ocrx_word' id='word_1_580' title='bbox 728 4592 792 4644; x_wconf 85' lang='grc' dir='ltr'><strong>γε</strong></span> <span class='ocrx_word' id='word_1_581' title='bbox 845 4576 957 4637; x_wconf 81' lang='grc' dir='ltr'>τοῖς</span> <span class='ocrx_word' id='word_1_582' title='bbox 995 4571 1280 4644; x_wconf 80' lang='grc' dir='ltr'>ἀκριϐέσιν</span> <span class='ocrx_word' id='word_1_583' title='bbox 1335 4570 1689 4641; x_wconf 79' lang='grc' dir='ltr'>ἀντιγράφοις</span> 
     </span>
    </p>
   </div>
   <div class='ocr_carea' id='block_1_79' title="bbox 131 4661 1687 4739">
    <p class='ocr_par' dir='ltr' id='par_1_79' title="bbox 131 4661 1687 4739">
     <span class='ocr_line' id='line_1_79' title="bbox 131 4661 1687 4739; baseline -0.001 -25"><span class='ocrx_word' id='word_1_584' title='bbox 131 4664 242 4716; x_wconf 78' lang='grc' dir='ltr'>ἄνευ</span> <span class='ocrx_word' id='word_1_585' title='bbox 264 4670 361 4738; x_wconf 78' lang='grc' dir='ltr'>τῆς</span> <span class='ocrx_word' id='word_1_586' title='bbox 390 4667 706 4739; x_wconf 83' lang='grc' dir='ltr'>προσθήκης</span> <span class='ocrx_word' id='word_1_587' title='bbox 740 4667 839 4736; x_wconf 81' lang='grc' dir='ltr'>τῆς</span> <span class='ocrx_word' id='word_1_588' title='bbox 877 4665 973 4718; x_wconf 82' lang='grc' dir='ltr'><strong>διὰ</strong></span> <span class='ocrx_word' id='word_1_589' title='bbox 1011 4665 1269 4726; x_wconf 83' lang='grc' dir='ltr'>Ἡσαΐου,</span> <span class='ocrx_word' id='word_1_590' title='bbox 1299 4662 1484 4725; x_wconf 83' lang='grc' dir='ltr'>ἁπλῶς</span> <span class='ocrx_word' id='word_1_591' title='bbox 1515 4661 1687 4725; x_wconf 77' lang='grc' dir='ltr'>οὕτως</span> 
     </span>
    </p>
   </div>
   <div class='ocr_carea' id='block_1_80' title="bbox 130 4753 1689 4826">
    <p class='ocr_par' dir='ltr' id='par_1_80' title="bbox 130 4753 1689 4826">
     <span class='ocr_line' id='line_1_80' title="bbox 130 4753 1689 4826; baseline -0.001 -20"><span class='ocrx_word' id='word_1_592' title='bbox 130 4756 355 4826; x_wconf 75' lang='grc' dir='ltr'>εἴρηται·</span> <span class='ocrx_word' id='word_1_593' title='bbox 395 4760 587 4824; x_wconf 74' lang='grc' dir='ltr'>Ὅπως</span> <span class='ocrx_word' id='word_1_594' title='bbox 616 4756 902 4826; x_wconf 78' lang='grc' dir='ltr'>πληρωθῇ</span> <span class='ocrx_word' id='word_1_595' title='bbox 928 4757 994 4809; x_wconf 84' lang='grc' dir='ltr'>τὸ</span> <span class='ocrx_word' id='word_1_596' title='bbox 1035 4754 1224 4823; x_wconf 76' lang='grc' dir='ltr'><strong>ῥηθὲν</strong></span> <span class='ocrx_word' id='word_1_597' title='bbox 1266 4754 1365 4808; x_wconf 84' lang='grc' dir='ltr'><strong>διὰ</strong></span> <span class='ocrx_word' id='word_1_598' title='bbox 1402 4753 1506 4807; x_wconf 85' lang='grc' dir='ltr'>τοῦ</span> <span class='ocrx_word' id='word_1_599' title='bbox 1549 4768 1689 4821; x_wconf 80' lang='grc' dir='ltr'>προ-</span> 
     </span>
    </p>
   </div>
   <div class='ocr_carea' id='block_1_81' title="bbox 129 4846 1689 4919">
    <p class='ocr_par' dir='ltr' id='par_1_81' title="bbox 129 4846 1689 4919">
     <span class='ocr_line' id='line_1_81' title="bbox 129 4846 1689 4919; baseline -0.003 -17"><span class='ocrx_word' id='word_1_600' title='bbox 129 4847 307 4913; x_wconf 66' lang='grc' dir='ltr'>φήτου</span> <span class='ocrx_word' id='word_1_601' title='bbox 327 4849 610 4919; x_wconf 76' lang='grc' dir='ltr'>λέγοντος</span> <span class='ocrx_word' id='word_1_602' title='bbox 627 4868 640 4881; x_wconf 71' lang='grc'><strong><em>⁸</em></strong></span> <span class='ocrx_word' id='word_1_603' title='bbox 678 4850 911 4912; x_wconf 74' lang='grc' dir='ltr'><strong>Ἀνοίξω</strong></span> <span class='ocrx_word' id='word_1_604' title='bbox 930 4850 999 4902; x_wconf 72' lang='grc' dir='ltr'><strong>ἐν</strong></span> <span class='ocrx_word' id='word_1_605' title='bbox 1021 4847 1384 4916; x_wconf 80' lang='grc' dir='ltr'>παραϐολαῖς</span> <span class='ocrx_word' id='word_1_606' title='bbox 1405 4846 1469 4899; x_wconf 82' lang='grc' dir='ltr'>τὸ</span> <span class='ocrx_word' id='word_1_607' title='bbox 1496 4847 1689 4915; x_wconf 86' lang='grc' dir='ltr'>στόμα</span> 
     </span>
    </p>
   </div>
   <div class='ocr_carea' id='block_1_82' title="bbox 124 4937 1688 5012">
    <p class='ocr_par' dir='ltr' id='par_1_82' title="bbox 124 4937 1688 5012">
     <span class='ocr_line' id='line_1_82' title="bbox 124 4937 1688 5012; baseline 0 -21"><span class='ocrx_word' id='word_1_608' title='bbox 124 4956 262 5007; x_wconf 85' lang='grc' dir='ltr'>μου·</span> <span class='ocrx_word' id='word_1_609' title='bbox 312 4942 623 5012; x_wconf 80' lang='grc' dir='ltr'>ἐρεύξομαι</span> <span class='ocrx_word' id='word_1_610' title='bbox 681 4940 1059 5010; x_wconf 74' lang='grc' dir='ltr'>κεκρυμμένα</span> <span class='ocrx_word' id='word_1_611' title='bbox 1094 4941 1213 4995; x_wconf 78' lang='grc' dir='ltr'><strong>ἀπὸ</strong></span> <span class='ocrx_word' id='word_1_612' title='bbox 1264 4937 1620 5006; x_wconf 81' lang='grc' dir='ltr'>καταϐολῆς,</span> <span class='ocrx_word' id='word_1_613' title='bbox 1651 4937 1688 4991; x_wconf 78' lang='grc' dir='ltr'><strong>ἆ</strong></span> 
     </span>
    </p>
   </div>
   <div class='ocr_carea' id='block_1_83' title="bbox 128 5028 1681 5105">
    <p class='ocr_par' dir='ltr' id='par_1_83' title="bbox 128 5028 1681 5105">
     <span class='ocr_line' id='line_1_83' title="bbox 128 5028 1681 5105; baseline -0.003 -19"><span class='ocrx_word' id='word_1_614' title='bbox 128 5030 184 5100; x_wconf 82' lang='grc' dir='ltr'><strong>δὴ</strong></span> <span class='ocrx_word' id='word_1_615' title='bbox 214 5034 431 5104; x_wconf 84' lang='grc' dir='ltr'>φέρεται</span> <span class='ocrx_word' id='word_1_616' title='bbox 460 5038 517 5088; x_wconf 78' lang='grc' dir='ltr'>ὲν</span> <span class='ocrx_word' id='word_1_617' title='bbox 546 5037 659 5097; x_wconf 85' lang='grc' dir='ltr'>τοῖς</span> <span class='ocrx_word' id='word_1_618' title='bbox 701 5034 1102 5105; x_wconf 85' lang='grc' dir='ltr'>προκειμένοις,</span> <span class='ocrx_word' id='word_1_619' title='bbox 1139 5034 1199 5086; x_wconf 79' lang='grc' dir='ltr'>οὐ</span> <span class='ocrx_word' id='word_1_620' title='bbox 1250 5032 1352 5104; x_wconf 80' lang='grc' dir='ltr'>μὴν</span> <span class='ocrx_word' id='word_1_621' title='bbox 1399 5033 1455 5084; x_wconf 87' lang='grc' dir='ltr'><strong>ὲν</strong></span> <span class='ocrx_word' id='word_1_622' title='bbox 1486 5034 1553 5102; x_wconf 86' lang='grc' dir='ltr'>τῇ</span> <span class='ocrx_word' id='word_1_623' title='bbox 1586 5028 1681 5083; x_wconf 82' lang='grc' dir='ltr'><strong>τοῦ</strong></span> 
     </span>
    </p>
   </div>
   <div class='ocr_carea' id='block_1_84' title="bbox 139 5119 1683 5195">
    <p class='ocr_par' dir='ltr' id='par_1_84' title="bbox 139 5119 1683 5195">
     <span class='ocr_line' id='line_1_84' title="bbox 139 5119 1683 5195; baseline -0.001 -23"><span class='ocrx_word' id='word_1_624' title='bbox 139 5120 346 5175; x_wconf 81' lang='grc' dir='ltr'>Ἡσαΐου</span> <span class='ocrx_word' id='word_1_625' title='bbox 404 5123 724 5195; x_wconf 72' lang='grc' dir='ltr'>προφητείᾳ.</span> <span class='ocrx_word' id='word_1_626' title='bbox 786 5120 992 5175; x_wconf 78' lang='grc' dir='ltr'>Οὐκοῦν</span> <span class='ocrx_word' id='word_1_627' title='bbox 1054 5122 1119 5174; x_wconf 84' lang='grc' dir='ltr'>ὲκ</span> <span class='ocrx_word' id='word_1_628' title='bbox 1172 5123 1270 5192; x_wconf 82' lang='grc' dir='ltr'>τῆς</span> <span class='ocrx_word' id='word_1_629' title='bbox 1324 5119 1683 5190; x_wconf 78' lang='grc' dir='ltr'>εὐαγγελικῆς</span> 
     </span>
    </p>
   </div>
   <div class='ocr_carea' id='block_1_85' title="bbox 130 5212 1683 5286">
    <p class='ocr_par' dir='ltr' id='par_1_85' title="bbox 130 5212 1683 5286">
     <span class='ocr_line' id='line_1_85' title="bbox 130 5212 1683 5286; baseline 0 -22"><span class='ocrx_word' id='word_1_630' title='bbox 130 5216 467 5285; x_wconf 77' lang='grc' dir='ltr'>παραθέσεως</span> <span class='ocrx_word' id='word_1_631' title='bbox 512 5219 539 5270; x_wconf 90' lang='lat'><strong>6</strong></span> <span class='ocrx_word' id='word_1_632' title='bbox 576 5215 765 5286; x_wconf 75' lang='grc' dir='ltr'>Σωτὴρ</span> <span class='ocrx_word' id='word_1_633' title='bbox 800 5214 865 5268; x_wconf 84' lang='grc' dir='ltr'>ἂν</span> <span class='ocrx_word' id='word_1_634' title='bbox 911 5215 1014 5283; x_wconf 72' lang='grc' dir='ltr'>εἴη,</span> <span class='ocrx_word' id='word_1_635' title='bbox 1051 5214 1145 5266; x_wconf 66' lang='grc' dir='ltr'><strong>καὶ</strong></span> <span class='ocrx_word' id='word_1_636' title='bbox 1189 5214 1307 5266; x_wconf 79' lang='grc' dir='ltr'><strong>οὐδὲ</strong></span> <span class='ocrx_word' id='word_1_637' title='bbox 1345 5213 1519 5276; x_wconf 82' lang='grc' dir='ltr'>ἄλλος,</span> <span class='ocrx_word' id='word_1_638' title='bbox 1550 5215 1577 5265; x_wconf 92' lang='lat'><strong>6</strong></span> <span class='ocrx_word' id='word_1_639' title='bbox 1624 5212 1683 5276; x_wconf 82' lang='grc' dir='ltr'>ὲξ</span> 
     </span>
    </p>
   </div>
   <div class='ocr_carea' id='block_1_86' title="bbox 127 5302 1681 5379">
    <p class='ocr_par' dir='ltr' id='par_1_86' title="bbox 127 5302 1681 5379">
     <span class='ocr_line' id='line_1_86' title="bbox 127 5302 1681 5379; baseline 0 -25"><span class='ocrx_word' id='word_1_640' title='bbox 127 5304 315 5357; x_wconf 72' lang='grc' dir='ltr'>οἰκείου</span> <span class='ocrx_word' id='word_1_641' title='bbox 377 5303 665 5379; x_wconf 86' lang='grc' dir='ltr'>προσώπου</span> <span class='ocrx_word' id='word_1_642' title='bbox 719 5304 944 5373; x_wconf 84' lang='grc' dir='ltr'>φάσκων</span> <span class='ocrx_word' id='word_1_643' title='bbox 996 5303 1086 5355; x_wconf 71' lang='grc' dir='ltr'>ἐπὶ</span> <span class='ocrx_word' id='word_1_644' title='bbox 1135 5302 1227 5355; x_wconf 79' lang='grc' dir='ltr'>τοῦ</span> <span class='ocrx_word' id='word_1_645' title='bbox 1283 5303 1547 5373; x_wconf 83' lang='grc' dir='ltr'>παρόντος</span> <span class='ocrx_word' id='word_1_646' title='bbox 1588 5302 1681 5354; x_wconf 82' lang='grc' dir='ltr'><strong>τό’</strong></span> 
     </span>
    </p>
   </div>
   <div class='ocr_carea' id='block_1_87' title="bbox 130 5392 1685 5463">
    <p class='ocr_par' dir='ltr' id='par_1_87' title="bbox 130 5392 1685 5463">
     <span class='ocr_line' id='line_1_87' title="bbox 130 5392 1685 5463; baseline 0 -19"><span class='ocrx_word' id='word_1_647' title='bbox 130 5394 466 5463; x_wconf 81' lang='grc' dir='ltr'>Προσέχετε,</span> <span class='ocrx_word' id='word_1_648' title='bbox 516 5397 663 5461; x_wconf 81' lang='grc' dir='ltr'>λαός</span> <span class='ocrx_word' id='word_1_649' title='bbox 704 5412 842 5463; x_wconf 86' lang='grc' dir='ltr'>μου,</span> <span class='ocrx_word' id='word_1_650' title='bbox 893 5393 998 5447; x_wconf 78' lang='grc' dir='ltr'><strong>τὸν</strong></span> <span class='ocrx_word' id='word_1_651' title='bbox 1049 5394 1235 5462; x_wconf 80' lang='grc' dir='ltr'>νόμον</span> <span class='ocrx_word' id='word_1_652' title='bbox 1280 5412 1418 5462; x_wconf 84' lang='grc' dir='ltr'>μου.</span> <span class='ocrx_word' id='word_1_653' title='bbox 1466 5395 1581 5445; x_wconf 88' lang='grc' dir='ltr'>Ἵνα</span> <span class='ocrx_word' id='word_1_654' title='bbox 1628 5392 1685 5445; x_wconf 77' lang='grc' dir='ltr'>δὲ</span> 
     </span>
    </p>
   </div>
   <div class='ocr_carea' id='block_1_88' title="bbox 131 5484 1682 5556">
    <p class='ocr_par' dir='ltr' id='par_1_88' title="bbox 131 5484 1682 5556">
     <span class='ocr_line' id='line_1_88' title="bbox 131 5484 1682 5556; baseline 0.001 -21"><span class='ocrx_word' id='word_1_655' title='bbox 131 5485 364 5555; x_wconf 85' lang='grc' dir='ltr'>συνῶμεν</span> <span class='ocrx_word' id='word_1_656' title='bbox 409 5488 585 5553; x_wconf 76' lang='grc' dir='ltr'>αὑτὸν,</span> <span class='ocrx_word' id='word_1_657' title='bbox 626 5485 934 5551; x_wconf 78' lang='grc' dir='ltr'>συνέσεως</span> <span class='ocrx_word' id='word_1_658' title='bbox 977 5484 1077 5555; x_wconf 79' lang='grc' dir='ltr'><strong>τὴν</strong></span> <span class='ocrx_word' id='word_1_659' title='bbox 1131 5486 1454 5556; x_wconf 85' lang='grc' dir='ltr'>προγραφὴν</span> <span class='ocrx_word' id='word_1_660' title='bbox 1494 5486 1682 5554; x_wconf 78' lang='grc' dir='ltr'>ἐποιή-</span> 
     </span>
    </p>
   </div>
   <div class='ocr_carea' id='block_1_89' title="bbox 131 5576 1683 5651">
    <p class='ocr_par' dir='ltr' id='par_1_89' title="bbox 131 5576 1683 5651">
     <span class='ocr_line' id='line_1_89' title="bbox 131 5576 1683 5651; baseline 0.003 -26"><span class='ocrx_word' id='word_1_661' title='bbox 131 5588 280 5629; x_wconf 82' lang='grc' dir='ltr'>σατο·</span> <span class='ocrx_word' id='word_1_662' title='bbox 310 5578 385 5640; x_wconf 85' lang='grc' dir='ltr'>ὡς</span> <span class='ocrx_word' id='word_1_663' title='bbox 415 5580 547 5651; x_wconf 86' lang='grc' dir='ltr'>μήτε</span> <span class='ocrx_word' id='word_1_664' title='bbox 580 5578 793 5649; x_wconf 75' lang='grc' dir='ltr'>ψαλμὸν</span> <span class='ocrx_word' id='word_1_665' title='bbox 830 5579 961 5650; x_wconf 86' lang='grc' dir='ltr'>μήτε</span> <span class='ocrx_word' id='word_1_666' title='bbox 1004 5577 1146 5649; x_wconf 78' lang='grc' dir='ltr'><strong>ᾠδὴν</strong></span> <span class='ocrx_word' id='word_1_667' title='bbox 1182 5579 1318 5651; x_wconf 85' lang='grc' dir='ltr'>μήτε</span> <span class='ocrx_word' id='word_1_668' title='bbox 1362 5596 1417 5632; x_wconf 86' lang='grc' dir='ltr'><strong>τι</strong></span> <span class='ocrx_word' id='word_1_669' title='bbox 1447 5576 1683 5632; x_wconf 72' lang='grc' dir='ltr'>τοιοῦτον</span> 
     </span>
    </p>
   </div>
   <div class='ocr_carea' id='block_1_90' title="bbox 194 5693 883 5758">
    <p class='ocr_par' dir='ltr' id='par_1_90' title="bbox 194 5693 883 5758">
     <span class='ocr_line' id='line_1_90' title="bbox 194 5693 883 5758; baseline 0.009 -12"><span class='ocrx_word' id='word_1_670' title='bbox 194 5693 237 5725; x_wconf 76' lang='grc'><strong>’⁸</strong></span> <span class='ocrx_word' id='word_1_671' title='bbox 274 5693 456 5748; x_wconf 69' lang='lat' dir='ltr'><strong>Matth.</strong></span> <span class='ocrx_word' id='word_1_672' title='bbox 494 5713 589 5750; x_wconf 84' lang='lat' dir='ltr'><strong>xm</strong></span> <span class='ocrx_word' id='word_1_673' title='bbox 612 5738 627 5755; x_wconf 88' lang='lat'><strong>.</strong></span> <span class='ocrx_word' id='word_1_674' title='bbox 659 5696 753 5758; x_wconf 66' lang='lat'><strong>&#39;54,</strong></span> <span class='ocrx_word' id='word_1_675' title='bbox 792 5696 883 5753; x_wconf 72' lang='grc'><strong>55.</strong></span> 
     </span>
    </p>
   </div>
   <div class='ocr_carea' id='block_1_91' title="bbox 199 5784 710 5859">
    <p class='ocr_par' dir='ltr' id='par_1_91' title="bbox 199 5784 710 5859">
     <span class='ocr_line' id='line_1_91' title="bbox 199 5784 710 5859; baseline 0.004 -20"><span class='ocrx_word' id='word_1_676' title='bbox 199 5785 272 5858; x_wconf 76' lang='grc' dir='ltr'>(ι)</span> <span class='ocrx_word' id='word_1_677' title='bbox 309 5784 487 5852; x_wconf 78' lang='lat' dir='ltr'><strong>Forte,</strong></span> <span class='ocrx_word' id='word_1_678' title='bbox 520 5789 710 5859; x_wconf 74' lang='grc' dir='ltr'>οἰκεία.</span> 
     </span>
    </p>
   </div>
   <div class='ocr_carea' id='block_1_92' title="bbox 1801 3275 3371 3353">
    <p class='ocr_par' dir='ltr' id='par_1_92' title="bbox 1801 3275 3371 3353">
     <span class='ocr_line' id='line_1_92' title="bbox 1801 3275 3371 3353; baseline -0.004 -17"><span class='ocrx_word' id='word_1_679' title='bbox 1801 3282 2036 3353; x_wconf 87' lang='lat' dir='ltr'><strong>Spiritus</strong></span> <span class='ocrx_word' id='word_1_680' title='bbox 2089 3282 2355 3336; x_wconf 82' lang='lat' dir='ltr'><strong>voluntati</strong></span> <span class='ocrx_word' id='word_1_681' title='bbox 2416 3280 2828 3334; x_wconf 84' lang='lat' dir='ltr'><strong>ministrabant.</strong></span> <span class='ocrx_word' id='word_1_682' title='bbox 2878 3276 3005 3332; x_wconf 84' lang='lat' dir='ltr'><strong>Ideo</strong></span> <span class='ocrx_word' id='word_1_683' title='bbox 3064 3275 3371 3330; x_wconf 77' lang='lat' dir='ltr'><strong>Intellectus</strong></span> 
     </span>
    </p>
   </div>
   <div class='ocr_carea' id='block_1_93' title="bbox 1798 3368 3371 3443">
    <p class='ocr_par' dir='ltr' id='par_1_93' title="bbox 1798 3368 3371 3443">
     <span class='ocr_line' id='line_1_93' title="bbox 1798 3368 3371 3443; baseline -0.004 -15"><span class='ocrx_word' id='word_1_684' title='bbox 1798 3376 2136 3438; x_wconf 84' lang='lat' dir='ltr'><strong>inscribitur,</strong></span> <span class='ocrx_word' id='word_1_685' title='bbox 2198 3382 2256 3427; x_wconf 91' lang='lat' dir='ltr'><strong>ut</strong></span> <span class='ocrx_word' id='word_1_686' title='bbox 2290 3373 2662 3443; x_wconf 87' lang='lat' dir='ltr'><strong>intelligamus</strong></span> <span class='ocrx_word' id='word_1_687' title='bbox 2705 3374 2829 3442; x_wconf 88' lang='lat' dir='ltr'><strong>quis</strong></span> <span class='ocrx_word' id='word_1_688' title='bbox 2862 3370 2979 3424; x_wconf 63' lang='lat' dir='ltr'><strong>haec</strong></span> <span class='ocrx_word' id='word_1_689' title='bbox 3029 3368 3197 3430; x_wconf 86' lang='lat' dir='ltr'><strong>dicat,</strong></span> <span class='ocrx_word' id='word_1_690' title='bbox 3244 3368 3371 3437; x_wconf 86' lang='lat' dir='ltr'><strong>quis</strong></span> 
     </span>
    </p>
   </div>
   <div class='ocr_carea' id='block_1_94' title="bbox 1798 3459 3371 3533">
    <p class='ocr_par' dir='ltr' id='par_1_94' title="bbox 1798 3459 3371 3533">
     <span class='ocr_line' id='line_1_94' title="bbox 1798 3459 3371 3533; baseline -0.004 -14"><span class='ocrx_word' id='word_1_691' title='bbox 1798 3466 2032 3533; x_wconf 87' lang='lat' dir='ltr'><strong>populus</strong></span> <span class='ocrx_word' id='word_1_692' title='bbox 2084 3464 2226 3533; x_wconf 77' lang='lat' dir='ltr'><strong>ejus,</strong></span> <span class='ocrx_word' id='word_1_693' title='bbox 2268 3480 2391 3533; x_wconf 62' lang='lat' dir='ltr'><strong>quae</strong></span> <span class='ocrx_word' id='word_1_694' title='bbox 2446 3465 2562 3529; x_wconf 83' lang='lat' dir='ltr'><strong>lex;</strong></span> <span class='ocrx_word' id='word_1_695' title='bbox 2624 3478 2748 3515; x_wconf 89' lang='lat' dir='ltr'><strong>nam</strong></span> <span class='ocrx_word' id='word_1_696' title='bbox 2799 3461 3016 3514; x_wconf 88' lang='lat' dir='ltr'><strong>videtur</strong></span> <span class='ocrx_word' id='word_1_697' title='bbox 3055 3459 3157 3512; x_wconf 90' lang='lat' dir='ltr'><strong>alia</strong></span> <span class='ocrx_word' id='word_1_698' title='bbox 3190 3473 3220 3510; x_wconf 89' lang='lat' dir='ltr'><strong>a</strong></span> <span class='ocrx_word' id='word_1_699' title='bbox 3256 3460 3371 3526; x_wconf 83' lang='lat' dir='ltr'><strong>lege</strong></span> 
     </span>
    </p>
   </div>
   <div class='ocr_carea' id='block_1_95' title="bbox 1797 3550 3368 3629">
    <p class='ocr_par' dir='ltr' id='par_1_95' title="bbox 1797 3550 3368 3629">
     <span class='ocr_line' id='line_1_95' title="bbox 1797 3550 3368 3629; baseline -0.005 -20"><span class='ocrx_word' id='word_1_700' title='bbox 1797 3557 1998 3629; x_wconf 80' lang='lat' dir='ltr'><strong>Moysis</strong></span> <span class='ocrx_word' id='word_1_701' title='bbox 2031 3573 2174 3612; x_wconf 79' lang='lat' dir='ltr'><strong>esse.</strong></span> <span class='ocrx_word' id='word_1_702' title='bbox 2219 3557 2342 3611; x_wconf 79' lang='lat' dir='ltr'><strong>Haec</strong></span> <span class='ocrx_word' id='word_1_703' title='bbox 2372 3571 2539 3626; x_wconf 87' lang='lat' dir='ltr'><strong>porro</strong></span> <span class='ocrx_word' id='word_1_704' title='bbox 2563 3555 2726 3609; x_wconf 88' lang='lat' dir='ltr'><strong>solvit</strong></span> <span class='ocrx_word' id='word_1_705' title='bbox 2760 3550 3112 3621; x_wconf 80' lang='lat' dir='ltr'><strong>Evangelium</strong></span> <span class='ocrx_word' id='word_1_706' title='bbox 3141 3550 3207 3612; x_wconf 63' lang='lat'><strong>&#39;5,</strong></span> <span class='ocrx_word' id='word_1_707' title='bbox 3241 3563 3368 3602; x_wconf 77' lang='lat' dir='ltr'><strong>cun:</strong></span> 
     </span>
    </p>
   </div>
   <div class='ocr_carea' id='block_1_96' title="bbox 1796 3630 3366 3707">
    <p class='ocr_par' dir='ltr' id='par_1_96' title="bbox 1796 3630 3366 3707">
     <span class='ocr_line' id='line_1_96' title="bbox 1796 3630 3366 3707; baseline -0.01 -5"><span class='ocrx_word' id='word_1_708' title='bbox 1796 3652 1869 3702; x_wconf 88' lang='lat' dir='ltr'><strong>ait</strong></span> <span class='ocrx_word' id='word_1_709' title='bbox 1902 3668 1913 3703; x_wconf 91' lang='lat'><strong>:</strong></span> <span class='ocrx_word' id='word_1_710' title='bbox 1959 3648 2086 3701; x_wconf 70' lang='lat' dir='ltr'><strong>Ha&#39;c</strong></span> <span class='ocrx_word' id='word_1_711' title='bbox 2118 3649 2295 3701; x_wconf 88' lang='lat' dir='ltr'><strong>omnia</strong></span> <span class='ocrx_word' id='word_1_712' title='bbox 2334 3647 2541 3699; x_wconf 86' lang='lat' dir='ltr'><strong>locutus</strong></span> <span class='ocrx_word' id='word_1_713' title='bbox 2580 3655 2657 3698; x_wconf 88' lang='lat' dir='ltr'><strong>est</strong></span> <span class='ocrx_word' id='word_1_714' title='bbox 2687 3642 2844 3697; x_wconf 74' lang='lat' dir='ltr'><strong>Iesus</strong></span> <span class='ocrx_word' id='word_1_715' title='bbox 2886 3642 2941 3693; x_wconf 86' lang='lat' dir='ltr'><strong>in</strong></span> <span class='ocrx_word' id='word_1_716' title='bbox 2976 3630 3257 3707; x_wconf 71' lang='lat' dir='ltr'><strong>parabolis</strong></span> <span class='ocrx_word' id='word_1_717' title='bbox 3299 3635 3366 3688; x_wconf 88' lang='lat' dir='ltr'><strong>ad</strong></span> 
     </span>
    </p>
   </div>
   <div class='ocr_carea' id='block_1_97' title="bbox 1795 3730 3365 3808">
    <p class='ocr_par' dir='ltr' id='par_1_97' title="bbox 1795 3730 3365 3808">
     <span class='ocr_line' id='line_1_97' title="bbox 1795 3730 3365 3808; baseline -0.009 -15"><span class='ocrx_word' id='word_1_718' title='bbox 1795 3740 1999 3801; x_wconf 81' lang='lat' dir='ltr'><strong>turbas,</strong></span> <span class='ocrx_word' id='word_1_719' title='bbox 2036 3749 2085 3795; x_wconf 84' lang='lat' dir='ltr'><strong>et</strong></span> <span class='ocrx_word' id='word_1_720' title='bbox 2107 3742 2217 3793; x_wconf 82' lang='lat' dir='ltr'><strong>sine</strong></span> <span class='ocrx_word' id='word_1_721' title='bbox 2241 3738 2501 3808; x_wconf 84' lang='lat' dir='ltr'><strong>parabola</strong></span> <span class='ocrx_word' id='word_1_722' title='bbox 2534 3753 2639 3790; x_wconf 89' lang='lat' dir='ltr'><strong>non</strong></span> <span class='ocrx_word' id='word_1_723' title='bbox 2685 3733 2995 3804; x_wconf 85' lang='lat' dir='ltr'><strong>loquebatur</strong></span> <span class='ocrx_word' id='word_1_724' title='bbox 3017 3733 3122 3793; x_wconf 81' lang='lat' dir='ltr'><strong>eis;</strong></span> <span class='ocrx_word' id='word_1_725' title='bbox 3153 3738 3209 3781; x_wconf 89' lang='lat' dir='ltr'><strong>ut</strong></span> <span class='ocrx_word' id='word_1_726' title='bbox 3262 3730 3365 3780; x_wconf 85' lang='lat' dir='ltr'><strong>im-</strong></span> 
     </span>
    </p>
   </div>
   <div class='ocr_carea' id='block_1_98' title="bbox 1792 3821 3362 3900">
    <p class='ocr_par' dir='ltr' id='par_1_98' title="bbox 1792 3821 3362 3900">
     <span class='ocr_line' id='line_1_98' title="bbox 1792 3821 3362 3900; baseline -0.006 -16"><span class='ocrx_word' id='word_1_727' title='bbox 1792 3831 2022 3898; x_wconf 86' lang='lat' dir='ltr'><strong>pleretur</strong></span> <span class='ocrx_word' id='word_1_728' title='bbox 2057 3829 2192 3900; x_wconf 76' lang='lat' dir='ltr'><strong>quod</strong></span> <span class='ocrx_word' id='word_1_729' title='bbox 2215 3830 2411 3881; x_wconf 87' lang='lat' dir='ltr'><strong>dictum</strong></span> <span class='ocrx_word' id='word_1_730' title='bbox 2440 3836 2557 3881; x_wconf 89' lang='lat' dir='ltr'><strong>erat</strong></span> <span class='ocrx_word' id='word_1_731' title='bbox 2599 3842 2691 3890; x_wconf 86' lang='lat' dir='ltr'><strong>per</strong></span> <span class='ocrx_word' id='word_1_732' title='bbox 2733 3825 3038 3893; x_wconf 86' lang='lat' dir='ltr'><strong>prophetam</strong></span> <span class='ocrx_word' id='word_1_733' title='bbox 3084 3821 3362 3875; x_wconf 83' lang='lat' dir='ltr'><strong>dicentem.</strong></span> 
     </span>
    </p>
   </div>
   <div class='ocr_carea' id='block_1_99' title="bbox 1793 3911 3366 3991">
    <p class='ocr_par' dir='ltr' id='par_1_99' title="bbox 1793 3911 3366 3991">
     <span class='ocr_line' id='line_1_99' title="bbox 1793 3911 3366 3991; baseline -0.007 -14"><span class='ocrx_word' id='word_1_734' title='bbox 1793 3924 2040 3991; x_wconf 78' lang='lat' dir='ltr'><strong>Aperiam</strong></span> <span class='ocrx_word' id='word_1_735' title='bbox 2083 3924 2136 3976; x_wconf 88' lang='lat' dir='ltr'><strong>in</strong></span> <span class='ocrx_word' id='word_1_736' title='bbox 2166 3920 2435 3991; x_wconf 86' lang='lat' dir='ltr'><strong>parabolis</strong></span> <span class='ocrx_word' id='word_1_737' title='bbox 2470 3936 2526 3973; x_wconf 88' lang='lat' dir='ltr'><strong>os</strong></span> <span class='ocrx_word' id='word_1_738' title='bbox 2557 3933 2747 3979; x_wconf 88' lang='lat' dir='ltr'><strong>meum,</strong></span> <span class='ocrx_word' id='word_1_739' title='bbox 2778 3912 3027 3968; x_wconf 84' lang='lat' dir='ltr'><strong>eructabo</strong></span> <span class='ocrx_word' id='word_1_740' title='bbox 3057 3911 3366 3966; x_wconf 80' lang='lat' dir='ltr'><strong>abscondita</strong></span> 
     </span>
    </p>
   </div>
   <div class='ocr_carea' id='block_1_100' title="bbox 1794 4001 3366 4080">
    <p class='ocr_par' dir='ltr' id='par_1_100' title="bbox 1794 4001 3366 4080">
     <span class='ocr_line' id='line_1_100' title="bbox 1794 4001 3366 4080; baseline -0.009 -13"><span class='ocrx_word' id='word_1_741' title='bbox 1794 4032 1825 4067; x_wconf 91' lang='lat' dir='ltr'><strong>a</strong></span> <span class='ocrx_word' id='word_1_742' title='bbox 1884 4014 2277 4069; x_wconf 83' lang='lat' dir='ltr'><strong>constitutione.</strong></span> <span class='ocrx_word' id='word_1_743' title='bbox 2332 4010 2437 4065; x_wconf 91' lang='lat' dir='ltr'><strong>Per</strong></span> <span class='ocrx_word' id='word_1_744' title='bbox 2484 4024 2647 4080; x_wconf 88' lang='lat' dir='ltr'><strong>quem</strong></span> <span class='ocrx_word' id='word_1_745' title='bbox 2695 4005 3015 4077; x_wconf 87' lang='lat' dir='ltr'><strong>prophetam</strong></span> <span class='ocrx_word' id='word_1_746' title='bbox 3060 4002 3173 4056; x_wconf 61' lang='lat' dir='ltr'><strong>haec</strong></span> <span class='ocrx_word' id='word_1_747' title='bbox 3220 4001 3366 4055; x_wconf 84' lang='lat' dir='ltr'><strong>dicta</strong></span> 
     </span>
    </p>
   </div>
   <div class='ocr_carea' id='block_1_101' title="bbox 1794 4090 3367 4174">
    <p class='ocr_par' dir='ltr' id='par_1_101' title="bbox 1794 4090 3367 4174">
     <span class='ocr_line' id='line_1_101' title="bbox 1794 4090 3367 4174; baseline -0.011 -15"><span class='ocrx_word' id='word_1_748' title='bbox 1794 4112 1944 4169; x_wconf 86' lang='lat' dir='ltr'><strong>sunt,</strong></span> <span class='ocrx_word' id='word_1_749' title='bbox 1978 4105 2081 4158; x_wconf 92' lang='lat' dir='ltr'><strong>nisi</strong></span> <span class='ocrx_word' id='word_1_750' title='bbox 2115 4119 2210 4174; x_wconf 90' lang='lat' dir='ltr'><strong>per</strong></span> <span class='ocrx_word' id='word_1_751' title='bbox 2241 4103 2387 4156; x_wconf 92' lang='lat' dir='ltr'><strong>hunc</strong></span> <span class='ocrx_word' id='word_1_752' title='bbox 2426 4096 2744 4168; x_wconf 79' lang='lat' dir='ltr'><strong>Asaphum?</strong></span> <span class='ocrx_word' id='word_1_753' title='bbox 2800 4092 2956 4161; x_wconf 86' lang='lat' dir='ltr'><strong>Quod</strong></span> <span class='ocrx_word' id='word_1_754' title='bbox 3015 4107 3123 4147; x_wconf 90' lang='lat' dir='ltr'><strong>non</strong></span> <span class='ocrx_word' id='word_1_755' title='bbox 3164 4090 3367 4145; x_wconf 85' lang='lat' dir='ltr'><strong>intelli—</strong></span> 
     </span>
    </p>
   </div>
   <div class='ocr_carea' id='block_1_102' title="bbox 1792 4180 3366 4266">
    <p class='ocr_par' dir='ltr' id='par_1_102' title="bbox 1792 4180 3366 4266">
     <span class='ocr_line' id='line_1_102' title="bbox 1792 4180 3366 4266; baseline -0.011 -16"><span class='ocrx_word' id='word_1_756' title='bbox 1792 4204 1984 4266; x_wconf 79' lang='lat' dir='ltr'><strong>gentes</strong></span> <span class='ocrx_word' id='word_1_757' title='bbox 2031 4194 2253 4264; x_wconf 86' lang='lat' dir='ltr'><strong>quidam</strong></span> <span class='ocrx_word' id='word_1_758' title='bbox 2290 4191 2611 4261; x_wconf 88' lang='lat' dir='ltr'><strong>adjecerunt</strong></span> <span class='ocrx_word' id='word_1_759' title='bbox 2652 4186 2966 4256; x_wconf 85' lang='lat' dir='ltr'><strong>Evangelio,</strong></span> <span class='ocrx_word' id='word_1_760' title='bbox 3016 4200 3109 4253; x_wconf 85' lang='lat' dir='ltr'><strong>per</strong></span> <span class='ocrx_word' id='word_1_761' title='bbox 3158 4180 3366 4235; x_wconf 83' lang='lat' dir='ltr'><strong>Isaiam</strong></span> 
     </span>
    </p>
   </div>
   <div class='ocr_carea' id='block_1_103' title="bbox 1792 4272 3367 4358">
    <p class='ocr_par' dir='ltr' id='par_1_103' title="bbox 1792 4272 3367 4358">
     <span class='ocr_line' id='line_1_103' title="bbox 1792 4272 3367 4358; baseline -0.01 -17"><span class='ocrx_word' id='word_1_762' title='bbox 1792 4288 2096 4358; x_wconf 83' lang='lat' dir='ltr'><strong>prophetam</strong></span> <span class='ocrx_word' id='word_1_763' title='bbox 2155 4301 2173 4339; x_wconf 92' lang='lat'><em>:</em></span> <span class='ocrx_word' id='word_1_764' title='bbox 2226 4284 2322 4339; x_wconf 86' lang='lat' dir='ltr'><strong>sed</strong></span> <span class='ocrx_word' id='word_1_765' title='bbox 2378 4284 2431 4336; x_wconf 92' lang='lat' dir='ltr'><strong>in</strong></span> <span class='ocrx_word' id='word_1_766' title='bbox 2467 4279 2741 4335; x_wconf 87' lang='lat' dir='ltr'><strong>accuratis</strong></span> <span class='ocrx_word' id='word_1_767' title='bbox 2775 4275 3200 4345; x_wconf 78' lang='lat' dir='ltr'><strong>exemplaribus,</strong></span> <span class='ocrx_word' id='word_1_768' title='bbox 3244 4272 3367 4327; x_wconf 86' lang='lat' dir='ltr'><strong>sine</strong></span> 
     </span>
    </p>
   </div>
   <div class='ocr_carea' id='block_1_104' title="bbox 1792 4364 3359 4444">
    <p class='ocr_par' dir='ltr' id='par_1_104' title="bbox 1792 4364 3359 4444">
     <span class='ocr_line' id='line_1_104' title="bbox 1792 4364 3359 4444; baseline -0.013 -9"><span class='ocrx_word' id='word_1_769' title='bbox 1792 4381 2160 4434; x_wconf 86' lang='lat' dir='ltr'><strong>additamento</strong></span> <span class='ocrx_word' id='word_1_770' title='bbox 2200 4378 2316 4439; x_wconf 89' lang='lat' dir='ltr'><strong>illo,</strong></span> <span class='ocrx_word' id='word_1_771' title='bbox 2347 4390 2439 4444; x_wconf 86' lang='lat' dir='ltr'><strong>per</strong></span> <span class='ocrx_word' id='word_1_772' title='bbox 2491 4372 2719 4435; x_wconf 85' lang='lat' dir='ltr'><strong>Isaiam,</strong></span> <span class='ocrx_word' id='word_1_773' title='bbox 2758 4370 2832 4423; x_wconf 90' lang='lat' dir='ltr'><strong>ita</strong></span> <span class='ocrx_word' id='word_1_774' title='bbox 2863 4366 3187 4437; x_wconf 88' lang='lat' dir='ltr'><strong>simpliciter</strong></span> <span class='ocrx_word' id='word_1_775' title='bbox 3219 4364 3359 4416; x_wconf 86' lang='lat' dir='ltr'><strong>dici-</strong></span> 
     </span>
    </p>
   </div>
   <div class='ocr_carea' id='block_1_105' title="bbox 1790 4456 3362 4539">
    <p class='ocr_par' dir='ltr' id='par_1_105' title="bbox 1790 4456 3362 4539">
     <span class='ocr_line' id='line_1_105' title="bbox 1790 4456 3362 4539; baseline -0.012 -11"><span class='ocrx_word' id='word_1_776' title='bbox 1790 4482 1901 4536; x_wconf 88' lang='lat' dir='ltr'><strong>tur,</strong></span> <span class='ocrx_word' id='word_1_777' title='bbox 1931 4483 1987 4525; x_wconf 86' lang='lat' dir='ltr'><strong>ut</strong></span> <span class='ocrx_word' id='word_1_778' title='bbox 2014 4471 2318 4539; x_wconf 85' lang='lat' dir='ltr'><strong>impleretur</strong></span> <span class='ocrx_word' id='word_1_779' title='bbox 2348 4465 2485 4538; x_wconf 88' lang='lat' dir='ltr'><strong>quod</strong></span> <span class='ocrx_word' id='word_1_780' title='bbox 2517 4465 2718 4517; x_wconf 80' lang='lat' dir='ltr'><strong>dictant</strong></span> <span class='ocrx_word' id='word_1_781' title='bbox 2750 4469 2867 4515; x_wconf 88' lang='lat' dir='ltr'><strong>erat</strong></span> <span class='ocrx_word' id='word_1_782' title='bbox 2911 4474 3002 4526; x_wconf 88' lang='lat' dir='ltr'><strong>per</strong></span> <span class='ocrx_word' id='word_1_783' title='bbox 3056 4456 3362 4527; x_wconf 82' lang='lat' dir='ltr'><strong>prophetam</strong></span> 
     </span>
    </p>
   </div>
   <div class='ocr_carea' id='block_1_106' title="bbox 1722 4546 3361 4631">
    <p class='ocr_par' dir='ltr' id='par_1_106' title="bbox 1722 4546 3361 4631">
     <span class='ocr_line' id='line_1_106' title="bbox 1722 4546 3361 4631; baseline -0.013 -10"><span class='ocrx_word' id='word_1_784' title='bbox 1722 4559 1765 4612; x_wconf 76' lang='grc' dir='ltr'>Π</span> <span class='ocrx_word' id='word_1_785' title='bbox 1793 4567 2070 4626; x_wconf 79' lang='lat' dir='ltr'><strong>dicentem,</strong></span> <span class='ocrx_word' id='word_1_786' title='bbox 2112 4563 2359 4631; x_wconf 79' lang='lat' dir='ltr'><strong>Aperiunt</strong></span> <span class='ocrx_word' id='word_1_787' title='bbox 2390 4560 2445 4611; x_wconf 87' lang='lat' dir='ltr'><strong>in</strong></span> <span class='ocrx_word' id='word_1_788' title='bbox 2475 4554 2750 4627; x_wconf 81' lang='lat' dir='ltr'><strong>parabolis</strong></span> <span class='ocrx_word' id='word_1_789' title='bbox 2786 4569 2841 4605; x_wconf 86' lang='lat' dir='ltr'><strong>os</strong></span> <span class='ocrx_word' id='word_1_790' title='bbox 2885 4565 3077 4613; x_wconf 89' lang='lat' dir='ltr'><strong>meum,</strong></span> <span class='ocrx_word' id='word_1_791' title='bbox 3114 4546 3361 4601; x_wconf 87' lang='lat' dir='ltr'><strong>eructabo</strong></span> 
     </span>
    </p>
   </div>
   <div class='ocr_carea' id='block_1_107' title="bbox 1795 4641 3362 4717">
    <p class='ocr_par' dir='ltr' id='par_1_107' title="bbox 1795 4641 3362 4717">
     <span class='ocr_line' id='line_1_107' title="bbox 1795 4641 3362 4717; baseline -0.014 -4"><span class='ocrx_word' id='word_1_792' title='bbox 1795 4657 2107 4713; x_wconf 86' lang='lat' dir='ltr'><strong>abscondita</strong></span> <span class='ocrx_word' id='word_1_793' title='bbox 2136 4673 2169 4709; x_wconf 92' lang='lat' dir='ltr'><strong>a</strong></span> <span class='ocrx_word' id='word_1_794' title='bbox 2200 4651 2593 4712; x_wconf 87' lang='lat' dir='ltr'><strong>constitutione,</strong></span> <span class='ocrx_word' id='word_1_795' title='bbox 2629 4662 2751 4717; x_wconf 72' lang='lat' dir='ltr'><strong>qua:</strong></span> <span class='ocrx_word' id='word_1_796' title='bbox 2783 4644 2873 4697; x_wconf 90' lang='lat' dir='ltr'><strong>hic</strong></span> <span class='ocrx_word' id='word_1_797' title='bbox 2904 4641 3198 4702; x_wconf 87' lang='lat' dir='ltr'><strong>habentur,</strong></span> <span class='ocrx_word' id='word_1_798' title='bbox 3251 4653 3362 4691; x_wconf 91' lang='lat' dir='ltr'><strong>non</strong></span> 
     </span>
    </p>
   </div>
   <div class='ocr_carea' id='block_1_108' title="bbox 1792 4731 3363 4817">
    <p class='ocr_par' dir='ltr' id='par_1_108' title="bbox 1792 4731 3363 4817">
     <span class='ocr_line' id='line_1_108' title="bbox 1792 4731 3363 4817; baseline -0.015 -12"><span class='ocrx_word' id='word_1_799' title='bbox 1792 4762 1973 4805; x_wconf 92' lang='lat' dir='ltr'><strong>autem</strong></span> <span class='ocrx_word' id='word_1_800' title='bbox 2000 4749 2055 4802; x_wconf 91' lang='lat' dir='ltr'><strong>in</strong></span> <span class='ocrx_word' id='word_1_801' title='bbox 2091 4746 2380 4817; x_wconf 82' lang='lat' dir='ltr'><strong>prOphetia</strong></span> <span class='ocrx_word' id='word_1_802' title='bbox 2416 4743 2590 4798; x_wconf 84' lang='lat' dir='ltr'><strong>Isaiae.</strong></span> <span class='ocrx_word' id='word_1_803' title='bbox 2626 4739 2704 4792; x_wconf 83' lang='lat' dir='ltr'><strong>Ex</strong></span> <span class='ocrx_word' id='word_1_804' title='bbox 2737 4732 3051 4803; x_wconf 86' lang='lat' dir='ltr'><strong>evangelico</strong></span> <span class='ocrx_word' id='word_1_805' title='bbox 3086 4731 3253 4801; x_wconf 85' lang='lat' dir='ltr'><strong>igitur</strong></span> <span class='ocrx_word' id='word_1_806' title='bbox 3288 4737 3363 4783; x_wconf 90' lang='lat' dir='ltr'><strong>te-</strong></span> 
     </span>
    </p>
   </div>
   <div class='ocr_carea' id='block_1_109' title="bbox 1791 4819 3361 4896">
    <p class='ocr_par' dir='ltr' id='par_1_109' title="bbox 1791 4819 3361 4896">
     <span class='ocr_line' id='line_1_109' title="bbox 1791 4819 3361 4896; baseline -0.015 -1"><span class='ocrx_word' id='word_1_807' title='bbox 1791 4840 2049 4896; x_wconf 88' lang='lat' dir='ltr'><strong>stimonio</strong></span> <span class='ocrx_word' id='word_1_808' title='bbox 2072 4836 2329 4892; x_wconf 89' lang='lat' dir='ltr'><strong>Servator</strong></span> <span class='ocrx_word' id='word_1_809' title='bbox 2353 4842 2406 4889; x_wconf 93' lang='lat' dir='ltr'><strong>et</strong></span> <span class='ocrx_word' id='word_1_810' title='bbox 2436 4848 2543 4886; x_wconf 90' lang='lat' dir='ltr'><strong>non</strong></span> <span class='ocrx_word' id='word_1_811' title='bbox 2564 4830 2704 4883; x_wconf 90' lang='lat' dir='ltr'><strong>alius</strong></span> <span class='ocrx_word' id='word_1_812' title='bbox 2736 4825 2918 4889; x_wconf 80' lang='lat' dir='ltr'><strong>fuerit,</strong></span> <span class='ocrx_word' id='word_1_813' title='bbox 2938 4822 3029 4893; x_wconf 91' lang='lat' dir='ltr'><strong>qui</strong></span> <span class='ocrx_word' id='word_1_814' title='bbox 3049 4836 3114 4876; x_wconf 79' lang='lat' dir='ltr'><strong>ex</strong></span> <span class='ocrx_word' id='word_1_815' title='bbox 3143 4819 3361 4890; x_wconf 84' lang='lat' dir='ltr'><strong>propria</strong></span> 
     </span>
    </p>
   </div>
   <div class='ocr_carea' id='block_1_110' title="bbox 1789 4908 3363 5003">
    <p class='ocr_par' dir='ltr' id='par_1_110' title="bbox 1789 4908 3363 5003">
     <span class='ocr_line' id='line_1_110' title="bbox 1789 4908 3363 5003; baseline -0.017 -16"><span class='ocrx_word' id='word_1_816' title='bbox 1789 4945 2020 5003; x_wconf 84' lang='lat' dir='ltr'><strong>persona</strong></span> <span class='ocrx_word' id='word_1_817' title='bbox 2044 4930 2096 4982; x_wconf 92' lang='lat' dir='ltr'><strong>in</strong></span> <span class='ocrx_word' id='word_1_818' title='bbox 2116 4927 2371 4998; x_wconf 63' lang='lat' dir='ltr'><strong>praesenti</strong></span> <span class='ocrx_word' id='word_1_819' title='bbox 2392 4923 2546 4987; x_wconf 88' lang='lat' dir='ltr'><strong>dicit,</strong></span> <span class='ocrx_word' id='word_1_820' title='bbox 2572 4916 2858 4978; x_wconf 82' lang='lat' dir='ltr'><strong>Attendite,</strong></span> <span class='ocrx_word' id='word_1_821' title='bbox 2881 4912 3068 4981; x_wconf 73' lang='lat' dir='ltr'><strong>popula</strong></span> <span class='ocrx_word' id='word_1_822' title='bbox 3092 4926 3259 4972; x_wconf 86' lang='lat' dir='ltr'><strong>meus,</strong></span> <span class='ocrx_word' id='word_1_823' title='bbox 3286 4908 3363 4962; x_wconf 86' lang='lat' dir='ltr'><strong>le-</strong></span> 
     </span>
    </p>
   </div>
   <div class='ocr_carea' id='block_1_111' title="bbox 1788 5000 3362 5095">
    <p class='ocr_par' dir='ltr' id='par_1_111' title="bbox 1788 5000 3362 5095">
     <span class='ocr_line' id='line_1_111' title="bbox 1788 5000 3362 5095; baseline -0.018 -15"><span class='ocrx_word' id='word_1_824' title='bbox 1788 5000 1901 5095; x_wconf 52' lang='lat' dir='ltr'><strong>gem</strong></span> <span class='ocrx_word' id='word_1_825' title='bbox 1923 5039 2112 5077; x_wconf 88' lang='lat' dir='ltr'><strong>meam.</strong></span> <span class='ocrx_word' id='word_1_826' title='bbox 2142 5019 2204 5075; x_wconf 87' lang='lat' dir='ltr'><strong>Ut</strong></span> <span class='ocrx_word' id='word_1_827' title='bbox 2229 5027 2407 5073; x_wconf 90' lang='lat' dir='ltr'><strong>autem</strong></span> <span class='ocrx_word' id='word_1_828' title='bbox 2428 5013 2796 5082; x_wconf 88' lang='lat' dir='ltr'><strong>intelligamus</strong></span> <span class='ocrx_word' id='word_1_829' title='bbox 2818 5008 2992 5077; x_wconf 85' lang='lat' dir='ltr'><strong>ipsam</strong></span> <span class='ocrx_word' id='word_1_830' title='bbox 3010 5019 3151 5064; x_wconf 87' lang='lat' dir='ltr'><strong>esse,</strong></span> <span class='ocrx_word' id='word_1_831' title='bbox 3170 5000 3362 5055; x_wconf 89' lang='lat' dir='ltr'><strong>inscri-</strong></span> 
     </span>
    </p>
   </div>
   <div class='ocr_carea' id='block_1_112' title="bbox 1789 5094 3360 5189">
    <p class='ocr_par' dir='ltr' id='par_1_112' title="bbox 1789 5094 3360 5189">
     <span class='ocr_line' id='line_1_112' title="bbox 1789 5094 3360 5189; baseline -0.018 -17"><span class='ocrx_word' id='word_1_832' title='bbox 1789 5094 2027 5189; x_wconf 85' lang='lat' dir='ltr'><strong>ptionem</strong></span> <span class='ocrx_word' id='word_1_833' title='bbox 2049 5113 2377 5170; x_wconf 85' lang='lat' dir='ltr'><strong>Intellectus.</strong></span> <span class='ocrx_word' id='word_1_834' title='bbox 2395 5107 2606 5179; x_wconf 88' lang='lat' dir='ltr'><strong>posuit;</strong></span> <span class='ocrx_word' id='word_1_835' title='bbox 2627 5104 2701 5157; x_wconf 87' lang='lat' dir='ltr'><strong>ita</strong></span> <span class='ocrx_word' id='word_1_836' title='bbox 2721 5110 2975 5189; x_wconf 83' lang='lat' dir='ltr'><strong>utneque</strong></span> <span class='ocrx_word' id='word_1_837' title='bbox 2986 5094 3249 5189; x_wconf 78' lang='lat' dir='ltr'><strong>psalmus,</strong></span> <span class='ocrx_word' id='word_1_838' title='bbox 3264 5106 3360 5189; x_wconf 82' lang='lat' dir='ltr'><strong>ne-</strong></span> 
     </span>
    </p>
   </div>
   <div class='ocr_carea' id='block_1_113' title="bbox 1789 5183 3360 5277">
    <p class='ocr_par' dir='ltr' id='par_1_113' title="bbox 1789 5183 3360 5277">
     <span class='ocr_line' id='line_1_113' title="bbox 1789 5183 3360 5277; baseline -0.022 -12"><span class='ocrx_word' id='word_1_839' title='bbox 1789 5183 1895 5277; x_wconf 73' lang='lat' dir='ltr'><strong>que</strong></span> <span class='ocrx_word' id='word_1_840' title='bbox 1923 5207 2220 5267; x_wconf 85' lang='lat' dir='ltr'><strong>canticum,</strong></span> <span class='ocrx_word' id='word_1_841' title='bbox 2253 5214 2428 5269; x_wconf 91' lang='lat' dir='ltr'><strong>neque</strong></span> <span class='ocrx_word' id='word_1_842' title='bbox 2452 5194 2582 5265; x_wconf 92' lang='lat' dir='ltr'><strong>quid</strong></span> <span class='ocrx_word' id='word_1_843' title='bbox 2616 5191 2792 5246; x_wconf 91' lang='lat' dir='ltr'><strong>simile</strong></span> <span class='ocrx_word' id='word_1_844' title='bbox 2822 5188 2937 5241; x_wconf 69' lang='lat' dir='ltr'><strong>haec</strong></span> <span class='ocrx_word' id='word_1_845' title='bbox 2975 5183 3360 5277; x_wconf 62' lang='lat' dir='ltr'><strong>existimentur</strong></span> 
     </span>
    </p>
   </div>
   <div class='ocr_carea' id='block_1_114' title="bbox 1790 5271 3359 5361">
    <p class='ocr_par' dir='ltr' id='par_1_114' title="bbox 1790 5271 3359 5361">
     <span class='ocr_line' id='line_1_114' title="bbox 1790 5271 3359 5361; baseline -0.022 -4"><span class='ocrx_word' id='word_1_846' title='bbox 1790 5271 1943 5361; x_wconf 74' lang='lat' dir='ltr'><strong>esse.</strong></span> <span class='ocrx_word' id='word_1_847' title='bbox 1979 5298 2071 5354; x_wconf 91' lang='lat' dir='ltr'><strong>sed</strong></span> <span class='ocrx_word' id='word_1_848' title='bbox 2106 5293 2309 5351; x_wconf 83' lang='lat' dir='ltr'><strong>Christi</strong></span> <span class='ocrx_word' id='word_1_849' title='bbox 2343 5290 2409 5343; x_wconf 90' lang='lat' dir='ltr'><strong>ad</strong></span> <span class='ocrx_word' id='word_1_850' title='bbox 2448 5285 2712 5358; x_wconf 88' lang='lat' dir='ltr'><strong>populum</strong></span> <span class='ocrx_word' id='word_1_851' title='bbox 2763 5293 2944 5341; x_wconf 89' lang='lat' dir='ltr'><strong>suum,</strong></span> <span class='ocrx_word' id='word_1_852' title='bbox 2972 5276 3088 5331; x_wconf 86' lang='lat' dir='ltr'><strong>sive</strong></span> <span class='ocrx_word' id='word_1_853' title='bbox 3134 5272 3200 5326; x_wconf 88' lang='lat' dir='ltr'><strong>ad</strong></span> <span class='ocrx_word' id='word_1_854' title='bbox 3255 5271 3359 5324; x_wconf 89' lang='lat' dir='ltr'><strong>Ec-</strong></span> 
     </span>
    </p>
   </div>
   <div class='ocr_carea' id='block_1_115' title="bbox 1792 5363 3356 5445">
    <p class='ocr_par' dir='ltr' id='par_1_115' title="bbox 1792 5363 3356 5445">
     <span class='ocr_line' id='line_1_115' title="bbox 1792 5363 3356 5445; baseline -0.019 0"><span class='ocrx_word' id='word_1_855' title='bbox 1792 5391 2011 5445; x_wconf 87' lang='lat' dir='ltr'><strong>clesiam</strong></span> <span class='ocrx_word' id='word_1_856' title='bbox 2059 5402 2213 5442; x_wconf 90' lang='lat' dir='ltr'><strong>suam</strong></span> <span class='ocrx_word' id='word_1_857' title='bbox 2277 5379 2604 5439; x_wconf 91' lang='lat' dir='ltr'><strong>doctrinam,</strong></span> <span class='ocrx_word' id='word_1_858' title='bbox 2642 5388 2749 5445; x_wconf 89' lang='lat' dir='ltr'><strong>qua</strong></span> <span class='ocrx_word' id='word_1_859' title='bbox 2807 5370 2873 5425; x_wconf 89' lang='lat' dir='ltr'><strong>de</strong></span> <span class='ocrx_word' id='word_1_860' title='bbox 2929 5366 3142 5423; x_wconf 84' lang='lat' dir='ltr'><strong>Judaici</strong></span> <span class='ocrx_word' id='word_1_861' title='bbox 3173 5363 3356 5435; x_wconf 84' lang='lat' dir='ltr'><strong>populi</strong></span> 
     </span>
    </p>
   </div>
   <div class='ocr_carea' id='block_1_116' title="bbox 1791 5456 3357 5539">
    <p class='ocr_par' dir='ltr' id='par_1_116' title="bbox 1791 5456 3357 5539">
     <span class='ocr_line' id='line_1_116' title="bbox 1791 5456 3357 5539; baseline -0.02 0"><span class='ocrx_word' id='word_1_862' title='bbox 1791 5482 2089 5539; x_wconf 86' lang='lat' dir='ltr'><strong>sceleribus</strong></span> <span class='ocrx_word' id='word_1_863' title='bbox 2123 5477 2285 5531; x_wconf 87' lang='lat' dir='ltr'><strong>verba</strong></span> <span class='ocrx_word' id='word_1_864' title='bbox 2321 5471 2470 5527; x_wconf 80' lang='lat' dir='ltr'><strong>facit.</strong></span> <span class='ocrx_word' id='word_1_865' title='bbox 2523 5467 2790 5539; x_wconf 84' lang='lat' dir='ltr'><strong>Populum</strong></span> <span class='ocrx_word' id='word_1_866' title='bbox 2828 5476 2994 5533; x_wconf 83' lang='lat' dir='ltr'><strong>porro</strong></span> <span class='ocrx_word' id='word_1_867' title='bbox 3022 5459 3140 5529; x_wconf 89' lang='lat' dir='ltr'><strong>ejus</strong></span> <span class='ocrx_word' id='word_1_868' title='bbox 3190 5456 3357 5508; x_wconf 86' lang='lat' dir='ltr'><strong>alium</strong></span> 
     </span>
    </p>
   </div>
   <div class='ocr_carea' id='block_1_117' title="bbox 1790 5547 3357 5640">
    <p class='ocr_par' dir='ltr' id='par_1_117' title="bbox 1790 5547 3357 5640">
     <span class='ocr_line' id='line_1_117' title="bbox 1790 5547 3357 5640; baseline -0.017 -11"><span class='ocrx_word' id='word_1_869' title='bbox 1790 5588 1910 5631; x_wconf 87' lang='lat' dir='ltr'><strong>esse</strong></span> <span class='ocrx_word' id='word_1_870' title='bbox 1956 5571 2022 5626; x_wconf 89' lang='lat' dir='ltr'><strong>ab</strong></span> <span class='ocrx_word' id='word_1_871' title='bbox 2056 5586 2118 5625; x_wconf 86' lang='lat' dir='ltr'><strong>eo</strong></span> <span class='ocrx_word' id='word_1_872' title='bbox 2148 5568 2238 5640; x_wconf 90' lang='lat' dir='ltr'><strong>qui</strong></span> <span class='ocrx_word' id='word_1_873' title='bbox 2274 5567 2326 5621; x_wconf 90' lang='lat' dir='ltr'><strong>in</strong></span> <span class='ocrx_word' id='word_1_874' title='bbox 2357 5558 2710 5634; x_wconf 84' lang='lat' dir='ltr'><strong>sequentibus</strong></span> <span class='ocrx_word' id='word_1_875' title='bbox 2743 5561 3035 5611; x_wconf 86' lang='lat' dir='ltr'><strong>accusatur</strong></span> <span class='ocrx_word' id='word_1_876' title='bbox 3059 5547 3357 5619; x_wconf 71' lang='lat' dir='ltr'><strong>intelliges,</strong></span> 
     </span>
    </p>
   </div>
  </div>
