  <div class='ocr_page' id='page_1' title='image "/cluster/home/n/w/nwhite01/storage/ocr_20150623/23/mdp.39015078384396/460.png"; bbox 0 0 3798 6282; ppageno 0'>
   <div class='ocr_carea' id='block_1_1' title="bbox 175 312 2211 383">
    <p class='ocr_par' dir='ltr' id='par_1_1' title="bbox 175 312 2211 383">
     <span class='ocr_line' id='line_1_1' title="bbox 175 312 2211 383; baseline -0.006 -2"><span class='ocrx_word' id='word_1_1' title='bbox 175 325 264 383; x_wconf 77' lang='grc' dir='ltr'>9θὸ</span> <span class='ocrx_word' id='word_1_2' title='bbox 1227 313 1727 369; x_wconf 74' lang='lat' dir='ltr'>COMMENTARIA</span> <span class='ocrx_word' id='word_1_3' title='bbox 1769 312 1834 367; x_wconf 81' lang='lat' dir='ltr'>IN</span> <span class='ocrx_word' id='word_1_4' title='bbox 1874 313 2211 370; x_wconf 74' lang='lat' dir='ltr'>PSALMOS.</span> 
     </span>
    </p>
   </div>
   <div class='ocr_carea' id='block_1_2' title="bbox 173 430 1690 509">
    <p class='ocr_par' dir='ltr' id='par_1_2' title="bbox 173 430 1690 509">
     <span class='ocr_line' id='line_1_2' title="bbox 173 430 1690 509; baseline -0.009 -9"><span class='ocrx_word' id='word_1_5' title='bbox 173 438 423 507; x_wconf 65' lang='lat' dir='ltr'><strong>radolﬁc&#39;</strong></span> <span class='ocrx_word' id='word_1_6' title='bbox 462 436 574 490; x_wconf 82' lang='grc' dir='ltr'>ἀνθ’</span> <span class='ocrx_word' id='word_1_7' title='bbox 603 430 662 491; x_wconf 71' lang='grc' dir='ltr'>οὗ</span> <span class='ocrx_word' id='word_1_8' title='bbox 709 440 737 491; x_wconf 86' lang='grc' dir='ltr'>ό</span> <span class='ocrx_word' id='word_1_9' title='bbox 785 438 883 509; x_wconf 80' lang='grc' dir='ltr'>μὲν</span> <span class='ocrx_word' id='word_1_10' title='bbox 922 436 1169 501; x_wconf 79' lang='grc' dir='ltr'>Ἀκύλας,</span> <span class='ocrx_word' id='word_1_11' title='bbox 1211 437 1505 506; x_wconf 76' lang='grc' dir='ltr'>Ὀμϐρὴσω</span> <span class='ocrx_word' id='word_1_12' title='bbox 1555 438 1690 489; x_wconf 66' lang='lat' dir='ltr'><strong>alr!-</strong></span> 
     </span>
    </p>
   </div>
   <div class='ocr_carea' id='block_1_3' title="bbox 1793 430 2517 509">
    <p class='ocr_par' dir='ltr' id='par_1_3' title="bbox 1806 434 2517 492">
     <span class='ocr_line' id='line_1_3' title="bbox 1806 434 2517 492; baseline 0 -3"><span class='ocrx_word' id='word_1_13' title='bbox 1806 441 1980 490; x_wconf 88' lang='lat' dir='ltr'><strong>cetur.</strong></span> <span class='ocrx_word' id='word_1_14' title='bbox 2035 434 2170 491; x_wconf 92' lang='lat' dir='ltr'><strong>Cum</strong></span> <span class='ocrx_word' id='word_1_15' title='bbox 2229 435 2458 492; x_wconf 74' lang='lat' dir='ltr'>dixisset</span> <span class='ocrx_word' id='word_1_16' title='bbox 2504 454 2517 489; x_wconf 89' lang='lat'><strong><em>:</em></strong></span> 
     </span>
    </p>
   </div>
   <div class='ocr_carea' id='block_1_4' title="bbox 172 526 1699 610">
    <p class='ocr_par' dir='ltr' id='par_1_4' title="bbox 172 526 1699 610">
     <span class='ocr_line' id='line_1_4' title="bbox 172 526 1699 610; baseline 0 -31"><span class='ocrx_word' id='word_1_17' title='bbox 172 549 336 610; x_wconf 45' lang='grc' dir='ltr'>Ἤματα</span> <span class='ocrx_word' id='word_1_18' title='bbox 372 528 436 593; x_wconf 79' lang='grc' dir='ltr'>ἐξ</span> <span class='ocrx_word' id='word_1_19' title='bbox 489 526 770 597; x_wconf 71' lang='grc' dir='ltr'>ἀρχῆθεν,</span> <span class='ocrx_word' id='word_1_20' title='bbox 825 528 1154 582; x_wconf 80' lang='grc' dir='ltr'>ἐκδέδωκεν·</span> <span class='ocrx_word' id='word_1_21' title='bbox 1202 527 1229 579; x_wconf 88' lang='grc' dir='ltr'>ὁ</span> <span class='ocrx_word' id='word_1_22' title='bbox 1272 527 1328 580; x_wconf 84' lang='grc' dir='ltr'>δὲ</span> <span class='ocrx_word' id='word_1_23' title='bbox 1388 527 1699 598; x_wconf 82' lang='grc' dir='ltr'>Σύμμαχος.</span> 
     </span>
    </p>
   </div>
   <div class='ocr_carea' id='block_1_5' title="bbox 183 617 1703 689">
    <p class='ocr_par' dir='ltr' id='par_1_5' title="bbox 183 617 1703 689">
     <span class='ocr_line' id='line_1_5' title="bbox 183 617 1703 689; baseline -0.009 -6"><span class='ocrx_word' id='word_1_24' title='bbox 183 623 491 683; x_wconf 75' lang='grc' dir='ltr'>Ἀναϐλύσω</span> <span class='ocrx_word' id='word_1_25' title='bbox 530 619 914 689; x_wconf 68' lang='grc' dir='ltr'>προϐλήματα</span> <span class='ocrx_word' id='word_1_26' title='bbox 943 620 1176 688; x_wconf 79' lang='grc' dir='ltr'>ἀρχαῖα.</span> <span class='ocrx_word' id='word_1_27' title='bbox 1207 619 1429 672; x_wconf 81' lang='grc' dir='ltr'>Μέλλων</span> <span class='ocrx_word' id='word_1_28' title='bbox 1467 619 1520 671; x_wconf 85' lang='grc' dir='ltr'>δὲ</span> <span class='ocrx_word' id='word_1_29' title='bbox 1551 618 1579 669; x_wconf 88' lang='grc' dir='ltr'><strong>ὁ</strong></span> <span class='ocrx_word' id='word_1_30' title='bbox 1611 617 1703 670; x_wconf 75' lang='grc' dir='ltr'>τοῦ</span> 
     </span>
    </p>
   </div>
   <div class='ocr_carea' id='block_1_6' title="bbox 170 708 1703 782">
    <p class='ocr_par' dir='ltr' id='par_1_6' title="bbox 170 708 1703 782">
     <span class='ocr_line' id='line_1_6' title="bbox 170 708 1703 782; baseline -0.009 -10"><span class='ocrx_word' id='word_1_31' title='bbox 170 716 282 772; x_wconf 84' lang='grc' dir='ltr'>Θεοῦ</span> <span class='ocrx_word' id='word_1_32' title='bbox 316 713 473 780; x_wconf 84' lang='grc' dir='ltr'>Λόγος</span> <span class='ocrx_word' id='word_1_33' title='bbox 496 710 592 774; x_wconf 82' lang='grc' dir='ltr'>τάς</span> <span class='ocrx_word' id='word_1_34' title='bbox 637 711 968 782; x_wconf 76' lang='grc' dir='ltr'>κατηγορίας</span> <span class='ocrx_word' id='word_1_35' title='bbox 1000 710 1092 763; x_wconf 79' lang='grc' dir='ltr'>τού</span> <span class='ocrx_word' id='word_1_36' title='bbox 1130 711 1394 782; x_wconf 78' lang='grc' dir='ltr'>προτέρου</span> <span class='ocrx_word' id='word_1_37' title='bbox 1436 708 1703 761; x_wconf 80' lang='grc' dir='ltr'>ποιεῖσθαι</span> 
     </span>
    </p>
   </div>
   <div class='ocr_carea' id='block_1_7' title="bbox 167 801 1703 872">
    <p class='ocr_par' dir='ltr' id='par_1_7' title="bbox 167 801 1703 872">
     <span class='ocr_line' id='line_1_7' title="bbox 167 801 1703 872; baseline -0.007 -10"><span class='ocrx_word' id='word_1_38' title='bbox 167 808 293 870; x_wconf 79' lang='grc' dir='ltr'>λαοῦ,</span> <span class='ocrx_word' id='word_1_39' title='bbox 323 806 409 858; x_wconf 76' lang='grc' dir='ltr'>καὶ</span> <span class='ocrx_word' id='word_1_40' title='bbox 445 801 541 865; x_wconf 76' lang='grc' dir='ltr'>τὰς</span> <span class='ocrx_word' id='word_1_41' title='bbox 583 804 765 866; x_wconf 78' lang='grc' dir='ltr'>αἰτίας</span> <span class='ocrx_word' id='word_1_42' title='bbox 797 804 861 855; x_wconf 73' lang='grc' dir='ltr'>δι’</span> <span class='ocrx_word' id='word_1_43' title='bbox 901 803 966 867; x_wconf 79' lang='grc' dir='ltr'>ἃς</span> <span class='ocrx_word' id='word_1_44' title='bbox 1008 802 1374 872; x_wconf 75' lang='grc' dir='ltr'>ἀποόέὸληται</span> <span class='ocrx_word' id='word_1_45' title='bbox 1410 801 1703 872; x_wconf 86' lang='grc' dir='ltr'>παρατίθε-</span> 
     </span>
    </p>
   </div>
   <div class='ocr_carea' id='block_1_8' title="bbox 167 893 1706 966">
    <p class='ocr_par' dir='ltr' id='par_1_8' title="bbox 167 893 1706 966">
     <span class='ocr_line' id='line_1_8' title="bbox 167 893 1706 966; baseline -0.005 -11"><span class='ocrx_word' id='word_1_46' title='bbox 167 902 287 959; x_wconf 83' lang='grc' dir='ltr'>σθαι,</span> <span class='ocrx_word' id='word_1_47' title='bbox 318 895 616 962; x_wconf 76' lang='grc' dir='ltr'>ἀναγκαίως</span> <span class='ocrx_word' id='word_1_48' title='bbox 657 898 721 965; x_wconf 80' lang='grc' dir='ltr'>τῇ</span> <span class='ocrx_word' id='word_1_49' title='bbox 766 896 957 948; x_wconf 76' lang='grc' dir='ltr'>ἑαυτοῦ</span> <span class='ocrx_word' id='word_1_50' title='bbox 1000 895 1295 965; x_wconf 80' lang='grc' dir='ltr'>Ἐκκλησία</span> <span class='ocrx_word' id='word_1_51' title='bbox 1340 893 1706 966; x_wconf 85' lang='grc' dir='ltr'>παρακελεύε-</span> 
     </span>
    </p>
   </div>
   <div class='ocr_carea' id='block_1_9' title="bbox 165 986 1702 1060">
    <p class='ocr_par' dir='ltr' id='par_1_9' title="bbox 165 986 1702 1060">
     <span class='ocr_line' id='line_1_9' title="bbox 165 986 1702 1060; baseline -0.005 -16"><span class='ocrx_word' id='word_1_52' title='bbox 165 1009 236 1044; x_wconf 86' lang='grc' dir='ltr'>ται</span> <span class='ocrx_word' id='word_1_53' title='bbox 264 987 532 1060; x_wconf 77' lang='grc' dir='ltr'>προσέχειν</span> <span class='ocrx_word' id='word_1_54' title='bbox 562 989 670 1049; x_wconf 80' lang='grc' dir='ltr'>τοῖς</span> <span class='ocrx_word' id='word_1_55' title='bbox 697 987 1024 1057; x_wconf 80' lang='grc' dir='ltr'>λεγομένοις,</span> <span class='ocrx_word' id='word_1_56' title='bbox 1063 988 1155 1039; x_wconf 79' lang='grc' dir='ltr'>καὶ</span> <span class='ocrx_word' id='word_1_57' title='bbox 1190 986 1425 1038; x_wconf 79' lang='grc' dir='ltr'>συνιέναι</span> <span class='ocrx_word' id='word_1_58' title='bbox 1453 986 1551 1047; x_wconf 86' lang='grc' dir='ltr'>τὰς</span> <span class='ocrx_word' id='word_1_59' title='bbox 1598 1003 1702 1037; x_wconf 83' lang='grc' dir='ltr'>πα-</span> 
     </span>
    </p>
   </div>
   <div class='ocr_carea' id='block_1_10' title="bbox 164 1074 1701 1153">
    <p class='ocr_par' dir='ltr' id='par_1_10' title="bbox 164 1074 1701 1153">
     <span class='ocr_line' id='line_1_10' title="bbox 164 1074 1701 1153; baseline -0.005 -20"><span class='ocrx_word' id='word_1_60' title='bbox 164 1082 381 1153; x_wconf 78' lang='grc' dir='ltr'>ραθέσεις</span> <span class='ocrx_word' id='word_1_61' title='bbox 423 1078 520 1147; x_wconf 83' lang='grc' dir='ltr'>τῆς</span> <span class='ocrx_word' id='word_1_62' title='bbox 561 1076 669 1131; x_wconf 82' lang='grc' dir='ltr'>τῶν</span> <span class='ocrx_word' id='word_1_63' title='bbox 715 1078 958 1130; x_wconf 84' lang='grc' dir='ltr'>παλαιῶν</span> <span class='ocrx_word' id='word_1_64' title='bbox 1005 1077 1354 1148; x_wconf 75' lang='grc' dir='ltr'>κατηγορίας,</span> <span class='ocrx_word' id='word_1_65' title='bbox 1396 1076 1469 1138; x_wconf 84' lang='grc' dir='ltr'>ὼς</span> <span class='ocrx_word' id='word_1_66' title='bbox 1516 1074 1580 1127; x_wconf 84' lang='grc' dir='ltr'>ἂν</span> <span class='ocrx_word' id='word_1_67' title='bbox 1628 1076 1701 1147; x_wconf 83' lang='grc' dir='ltr'>μὴ</span> 
     </span>
    </p>
   </div>
   <div class='ocr_carea' id='block_1_11' title="bbox 160 1167 1701 1240">
    <p class='ocr_par' dir='ltr' id='par_1_11' title="bbox 160 1167 1701 1240">
     <span class='ocr_line' id='line_1_11' title="bbox 160 1167 1701 1240; baseline -0.004 -16"><span class='ocrx_word' id='word_1_68' title='bbox 160 1175 254 1234; x_wconf 85' lang='grc' dir='ltr'>τοῖς</span> <span class='ocrx_word' id='word_1_69' title='bbox 287 1172 454 1232; x_wconf 77' lang='grc' dir='ltr'>αὐτοῖς</span> <span class='ocrx_word' id='word_1_70' title='bbox 482 1168 789 1240; x_wconf 83' lang='grc' dir='ltr'>περιπέσοι,</span> <span class='ocrx_word' id='word_1_71' title='bbox 822 1167 1065 1238; x_wconf 76' lang='grc' dir='ltr'>μαθοῦσα</span> <span class='ocrx_word' id='word_1_72' title='bbox 1092 1169 1147 1221; x_wconf 74' lang='grc' dir='ltr'>δὲ</span> <span class='ocrx_word' id='word_1_73' title='bbox 1178 1170 1244 1221; x_wconf 86' lang='grc' dir='ltr'>ὲκ</span> <span class='ocrx_word' id='word_1_74' title='bbox 1276 1168 1373 1237; x_wconf 80' lang='grc' dir='ltr'>τῆς</span> <span class='ocrx_word' id='word_1_75' title='bbox 1406 1172 1532 1238; x_wconf 72' lang='grc' dir='ltr'>περὶ</span> <span class='ocrx_word' id='word_1_76' title='bbox 1559 1167 1701 1219; x_wconf 78' lang='grc' dir='ltr'>ὲκεί-</span> 
     </span>
    </p>
   </div>
   <div class='ocr_carea' id='block_1_12' title="bbox 161 1257 1701 1331">
    <p class='ocr_par' dir='ltr' id='par_1_12' title="bbox 161 1257 1701 1331">
     <span class='ocr_line' id='line_1_12' title="bbox 161 1257 1701 1331; baseline -0.004 -16"><span class='ocrx_word' id='word_1_77' title='bbox 161 1281 248 1316; x_wconf 90' lang='grc' dir='ltr'>νων</span> <span class='ocrx_word' id='word_1_78' title='bbox 284 1261 573 1331; x_wconf 80' lang='grc' dir='ltr'>διηγήσεως</span> <span class='ocrx_word' id='word_1_79' title='bbox 618 1262 799 1312; x_wconf 86' lang='grc' dir='ltr'>ὁποῖον</span> <span class='ocrx_word' id='word_1_80' title='bbox 841 1261 1037 1322; x_wconf 77' lang='grc' dir='ltr'>αὐτοὺς</span> <span class='ocrx_word' id='word_1_81' title='bbox 1082 1257 1348 1322; x_wconf 80' lang='grc' dir='ltr'>διεδέξατο</span> <span class='ocrx_word' id='word_1_82' title='bbox 1387 1258 1555 1321; x_wconf 88' lang='grc' dir='ltr'>τέλος,</span> <span class='ocrx_word' id='word_1_83' title='bbox 1601 1275 1701 1310; x_wconf 90' lang='grc' dir='ltr'>σω-</span> 
     </span>
    </p>
   </div>
   <div class='ocr_carea' id='block_1_13' title="bbox 161 1348 1699 1425">
    <p class='ocr_par' dir='ltr' id='par_1_13' title="bbox 161 1348 1699 1425">
     <span class='ocr_line' id='line_1_13' title="bbox 161 1348 1699 1425; baseline -0.001 -21"><span class='ocrx_word' id='word_1_84' title='bbox 161 1353 429 1425; x_wconf 71' lang='grc' dir='ltr'>φρονίζοιτο</span> <span class='ocrx_word' id='word_1_85' title='bbox 453 1354 518 1403; x_wconf 79' lang='grc' dir='ltr'>ὲκ</span> <span class='ocrx_word' id='word_1_86' title='bbox 546 1351 639 1404; x_wconf 77' lang='grc' dir='ltr'>τοῦ</span> <span class='ocrx_word' id='word_1_87' title='bbox 670 1350 1128 1422; x_wconf 72' lang='grc' dir='ltr'>παραδείγματος.</span> <span class='ocrx_word' id='word_1_88' title='bbox 1174 1348 1356 1403; x_wconf 78' lang='grc' dir='ltr'>Εἰπὼν</span> <span class='ocrx_word' id='word_1_89' title='bbox 1374 1367 1386 1379; x_wconf 84' lang='grc'><strong><em>-</em></strong></span> <span class='ocrx_word' id='word_1_90' title='bbox 1418 1349 1699 1412; x_wconf 78' lang='grc' dir='ltr'>Διανοίξω</span> 
     </span>
    </p>
   </div>
   <div class='ocr_carea' id='block_1_14' title="bbox 156 1440 1699 1512">
    <p class='ocr_par' dir='ltr' id='par_1_14' title="bbox 156 1440 1699 1512">
     <span class='ocr_line' id='line_1_14' title="bbox 156 1440 1699 1512; baseline -0.012 -13"><span class='ocrx_word' id='word_1_91' title='bbox 156 1446 214 1499; x_wconf 83' lang='grc' dir='ltr'>ἐν</span> <span class='ocrx_word' id='word_1_92' title='bbox 240 1442 534 1512; x_wconf 74' lang='grc' dir='ltr'>παραϐολῇ</span> <span class='ocrx_word' id='word_1_93' title='bbox 570 1444 634 1495; x_wconf 81' lang='grc' dir='ltr'>τό</span> <span class='ocrx_word' id='word_1_94' title='bbox 680 1445 871 1512; x_wconf 83' lang='grc' dir='ltr'>στόμα</span> <span class='ocrx_word' id='word_1_95' title='bbox 911 1462 1046 1510; x_wconf 84' lang='grc' dir='ltr'>μου,</span> <span class='ocrx_word' id='word_1_96' title='bbox 1084 1440 1407 1511; x_wconf 70' lang='grc' dir='ltr'>φθέγξομαι</span> <span class='ocrx_word' id='word_1_97' title='bbox 1441 1440 1699 1509; x_wconf 73' lang='grc' dir='ltr'>προσλή-</span> 
     </span>
    </p>
   </div>
   <div class='ocr_carea' id='block_1_15' title="bbox 150 1526 1695 1605">
    <p class='ocr_par' dir='ltr' id='par_1_15' title="bbox 150 1526 1695 1605">
     <span class='ocr_line' id='line_1_15' title="bbox 150 1526 1695 1605; baseline -0.002 -17"><span class='ocrx_word' id='word_1_98' title='bbox 150 1551 286 1604; x_wconf 83' lang='grc' dir='ltr'>ματα</span> <span class='ocrx_word' id='word_1_99' title='bbox 311 1534 403 1587; x_wconf 67' lang='grc' dir='ltr'>ἀπ’</span> <span class='ocrx_word' id='word_1_100' title='bbox 450 1533 664 1602; x_wconf 80' lang='grc' dir='ltr'>ἀρχῆς,</span> <span class='ocrx_word' id='word_1_101' title='bbox 698 1535 946 1604; x_wconf 69' lang='grc' dir='ltr'>ἐπιφέρει</span> <span class='ocrx_word' id='word_1_102' title='bbox 984 1534 1081 1589; x_wconf 79' lang='grc' dir='ltr'>τὰς</span> <span class='ocrx_word' id='word_1_103' title='bbox 1126 1533 1219 1584; x_wconf 78' lang='grc' dir='ltr'>τοῦ</span> <span class='ocrx_word' id='word_1_104' title='bbox 1262 1532 1525 1605; x_wconf 79' lang='grc' dir='ltr'>προτέρου</span> <span class='ocrx_word' id='word_1_105' title='bbox 1566 1526 1695 1585; x_wconf 73' lang='grc' dir='ltr'>λαοῦ</span> 
     </span>
    </p>
   </div>
   <div class='ocr_carea' id='block_1_16' title="bbox 156 1624 1697 1695">
    <p class='ocr_par' dir='ltr' id='par_1_16' title="bbox 156 1624 1697 1695">
     <span class='ocr_line' id='line_1_16' title="bbox 156 1624 1697 1695; baseline 0 -18"><span class='ocrx_word' id='word_1_106' title='bbox 156 1626 471 1695; x_wconf 74' lang='grc' dir='ltr'>κατηγορίας.</span> <span class='ocrx_word' id='word_1_107' title='bbox 524 1624 806 1695; x_wconf 73' lang='grc' dir='ltr'>Παραϐολῇ</span> <span class='ocrx_word' id='word_1_108' title='bbox 847 1625 955 1695; x_wconf 76' lang='grc' dir='ltr'>γὰρ</span> <span class='ocrx_word' id='word_1_109' title='bbox 1008 1624 1233 1687; x_wconf 79' lang='grc' dir='ltr'>ἐκείνοις</span> <span class='ocrx_word' id='word_1_110' title='bbox 1277 1624 1541 1693; x_wconf 84' lang='grc' dir='ltr'>κέχρηται</span> <span class='ocrx_word' id='word_1_111' title='bbox 1575 1624 1697 1677; x_wconf 73' lang='grc' dir='ltr'>ἀντὶ</span> 
     </span>
    </p>
   </div>
   <div class='ocr_carea' id='block_1_17' title="bbox 156 1714 1695 1788">
    <p class='ocr_par' dir='ltr' id='par_1_17' title="bbox 156 1714 1695 1788">
     <span class='ocr_line' id='line_1_17' title="bbox 156 1714 1695 1788; baseline -0.003 -17"><span class='ocrx_word' id='word_1_112' title='bbox 156 1718 519 1785; x_wconf 69' lang='grc' dir='ltr'>ὑπώείγματος</span> <span class='ocrx_word' id='word_1_113' title='bbox 555 1719 635 1779; x_wconf 89' lang='grc' dir='ltr'>είς</span> <span class='ocrx_word' id='word_1_114' title='bbox 660 1717 931 1788; x_wconf 78' lang='grc' dir='ltr'>ἡμετέραν</span> <span class='ocrx_word' id='word_1_115' title='bbox 967 1716 1265 1769; x_wconf 77' lang='grc' dir='ltr'>νουθεσίαν.</span> <span class='ocrx_word' id='word_1_116' title='bbox 1292 1716 1401 1769; x_wconf 75' lang='grc' dir='ltr'>Καὶ</span> <span class='ocrx_word' id='word_1_117' title='bbox 1427 1714 1548 1768; x_wconf 78' lang='grc' dir='ltr'>καθ’</span> <span class='ocrx_word' id='word_1_118' title='bbox 1581 1715 1695 1769; x_wconf 83' lang='grc' dir='ltr'>ἑτέ-</span> 
     </span>
    </p>
   </div>
   <div class='ocr_carea' id='block_1_18' title="bbox 3268 322 3374 378">
    <p class='ocr_par' dir='ltr' id='par_1_18' title="bbox 3268 322 3374 378">
     <span class='ocr_line' id='line_1_18' title="bbox 3268 322 3374 378; baseline 0.019 -2"><span class='ocrx_word' id='word_1_119' title='bbox 3268 322 3374 378; x_wconf 79' lang='lat'>906</span> 
     </span>
    </p>
   </div>
   <div class='ocr_carea' id='block_1_19' title="bbox 2570 438 3373 508">
    <p class='ocr_par' dir='ltr' id='par_1_19' title="bbox 2570 438 3373 508">
     <span class='ocr_line' id='line_1_19' title="bbox 2570 438 3373 508; baseline 0.01 -18"><span class='ocrx_word' id='word_1_120' title='bbox 2570 438 2819 507; x_wconf 77' lang='lat' dir='ltr'><strong>Aperiam</strong></span> <span class='ocrx_word' id='word_1_121' title='bbox 2876 438 2930 491; x_wconf 91' lang='lat' dir='ltr'>in</span> <span class='ocrx_word' id='word_1_122' title='bbox 3000 442 3256 508; x_wconf 71' lang='lat' dir='ltr'><strong>parabole</strong></span> <span class='ocrx_word' id='word_1_123' title='bbox 3316 462 3373 498; x_wconf 84' lang='lat' dir='ltr'>os</span> 
     </span>
    </p>
   </div>
   <div class='ocr_carea' id='block_1_20' title="bbox 1807 527 3372 604">
    <p class='ocr_par' dir='ltr' id='par_1_20' title="bbox 1807 527 3372 604">
     <span class='ocr_line' id='line_1_20' title="bbox 1807 527 3372 604; baseline 0.004 -23"><span class='ocrx_word' id='word_1_124' title='bbox 1807 545 1999 590; x_wconf 87' lang='lat' dir='ltr'><strong>meum,</strong></span> <span class='ocrx_word' id='word_1_125' title='bbox 2035 527 2224 598; x_wconf 88' lang='lat' dir='ltr'><strong>loquar</strong></span> <span class='ocrx_word' id='word_1_126' title='bbox 2252 528 2633 597; x_wconf 84' lang='lat' dir='ltr'><strong>propositiones</strong></span> <span class='ocrx_word' id='word_1_127' title='bbox 2664 529 2728 586; x_wconf 86' lang='lat' dir='ltr'>ab</span> <span class='ocrx_word' id='word_1_128' title='bbox 2756 530 2925 593; x_wconf 86' lang='lat' dir='ltr'><strong>initio,</strong></span> <span class='ocrx_word' id='word_1_129' title='bbox 2961 531 3158 599; x_wconf 84' lang='lat' dir='ltr'><strong>prioris</strong></span> <span class='ocrx_word' id='word_1_130' title='bbox 3190 534 3372 604; x_wconf 82' lang='lat' dir='ltr'>populi</span> 
     </span>
    </p>
   </div>
   <div class='ocr_carea' id='block_1_21' title="bbox 1806 618 3370 693">
    <p class='ocr_par' dir='ltr' id='par_1_21' title="bbox 1806 618 3370 693">
     <span class='ocr_line' id='line_1_21' title="bbox 1806 618 3370 693; baseline 0.004 -21"><span class='ocrx_word' id='word_1_131' title='bbox 1806 620 2188 674; x_wconf 76' lang='lat' dir='ltr'>accusationes</span> <span class='ocrx_word' id='word_1_132' title='bbox 2216 619 2425 689; x_wconf 77' lang='lat' dir='ltr'><strong>adjicit.</strong></span> <span class='ocrx_word' id='word_1_133' title='bbox 2454 618 2719 674; x_wconf 81' lang='lat' dir='ltr'><strong>Parabola</strong></span> <span class='ocrx_word' id='word_1_134' title='bbox 2745 622 2943 691; x_wconf 89' lang='lat' dir='ltr'>quippe</span> <span class='ocrx_word' id='word_1_135' title='bbox 2973 624 3205 693; x_wconf 80' lang='lat' dir='ltr'>exempli</span> <span class='ocrx_word' id='word_1_136' title='bbox 3250 625 3370 679; x_wconf 89' lang='lat' dir='ltr'><strong>loco</strong></span> 
     </span>
    </p>
   </div>
   <div class='ocr_carea' id='block_1_22' title="bbox 1807 711 3371 773">
    <p class='ocr_par' dir='ltr' id='par_1_22' title="bbox 1807 711 3371 773">
     <span class='ocr_line' id='line_1_22' title="bbox 1807 711 3371 773; baseline 0.006 -9"><span class='ocrx_word' id='word_1_137' title='bbox 1807 712 1975 767; x_wconf 88' lang='lat' dir='ltr'><strong>utitur</strong></span> <span class='ocrx_word' id='word_1_138' title='bbox 2000 711 2065 765; x_wconf 91' lang='lat' dir='ltr'>ad</span> <span class='ocrx_word' id='word_1_139' title='bbox 2100 719 2342 766; x_wconf 88' lang='lat' dir='ltr'><strong>nostram</strong></span> <span class='ocrx_word' id='word_1_140' title='bbox 2397 712 2818 767; x_wconf 84' lang='lat' dir='ltr'><strong>institutionem.</strong></span> <span class='ocrx_word' id='word_1_141' title='bbox 2865 712 3175 772; x_wconf 88' lang='lat' dir='ltr'><strong>Secundum</strong></span> <span class='ocrx_word' id='word_1_142' title='bbox 3210 718 3371 773; x_wconf 86' lang='lat' dir='ltr'><strong>aliam</strong></span> 
     </span>
    </p>
   </div>
   <div class='ocr_carea' id='block_1_23' title="bbox 1806 806 3372 874">
    <p class='ocr_par' dir='ltr' id='par_1_23' title="bbox 1806 806 3372 874">
     <span class='ocr_line' id='line_1_23' title="bbox 1806 806 3372 874; baseline 0.004 -16"><span class='ocrx_word' id='word_1_143' title='bbox 1806 820 1933 859; x_wconf 77' lang='lat' dir='ltr'><strong>vero</strong></span> <span class='ocrx_word' id='word_1_144' title='bbox 1958 806 2265 874; x_wconf 80' lang='lat' dir='ltr'><strong>explicandi</strong></span> <span class='ocrx_word' id='word_1_145' title='bbox 2301 806 2567 858; x_wconf 87' lang='lat' dir='ltr'><strong>rationem</strong></span> <span class='ocrx_word' id='word_1_146' title='bbox 2611 806 2699 858; x_wconf 93' lang='lat' dir='ltr'>hic</span> <span class='ocrx_word' id='word_1_147' title='bbox 2744 822 2945 868; x_wconf 85' lang='lat' dir='ltr'><strong>sermo,</strong></span> <span class='ocrx_word' id='word_1_148' title='bbox 2993 808 3116 863; x_wconf 80' lang='lat' dir='ltr'><strong>ideo</strong></span> <span class='ocrx_word' id='word_1_149' title='bbox 3156 807 3372 865; x_wconf 84' lang='lat' dir='ltr'><strong>Judaici</strong></span> 
     </span>
    </p>
   </div>
   <div class='ocr_carea' id='block_1_24' title="bbox 1805 896 3364 969">
    <p class='ocr_par' dir='ltr' id='par_1_24' title="bbox 1805 896 3364 969">
     <span class='ocr_line' id='line_1_24' title="bbox 1805 896 3364 969; baseline 0.003 -18"><span class='ocrx_word' id='word_1_150' title='bbox 1805 897 1985 968; x_wconf 88' lang='lat' dir='ltr'><strong>populi</strong></span> <span class='ocrx_word' id='word_1_151' title='bbox 2024 896 2264 951; x_wconf 84' lang='lat' dir='ltr'><strong>facinora</strong></span> <span class='ocrx_word' id='word_1_152' title='bbox 2310 905 2614 961; x_wconf 81' lang='lat' dir='ltr'><strong>enumerat,</strong></span> <span class='ocrx_word' id='word_1_153' title='bbox 2655 899 2783 969; x_wconf 84' lang='lat' dir='ltr'><strong>quia</strong></span> <span class='ocrx_word' id='word_1_154' title='bbox 2828 902 3080 969; x_wconf 80' lang='lat' dir='ltr'><strong>superius</strong></span> <span class='ocrx_word' id='word_1_155' title='bbox 3109 901 3364 957; x_wconf 74' lang='lat' dir='ltr'><strong>dixerat:</strong></span> 
     </span>
    </p>
   </div>
   <div class='ocr_carea' id='block_1_25' title="bbox 1808 988 3371 1062">
    <p class='ocr_par' dir='ltr' id='par_1_25' title="bbox 1808 988 3371 1062">
     <span class='ocr_line' id='line_1_25' title="bbox 1808 988 3371 1062; baseline 0.003 -19"><span class='ocrx_word' id='word_1_156' title='bbox 1808 989 2027 1060; x_wconf 84' lang='lat' dir='ltr'><strong>Utguid,</strong></span> <span class='ocrx_word' id='word_1_157' title='bbox 2092 988 2254 1050; x_wconf 80' lang='lat' dir='ltr'><strong>Deus.</strong></span> <span class='ocrx_word' id='word_1_158' title='bbox 2294 991 2536 1057; x_wconf 75' lang='lat' dir='ltr'><strong>repulisti</strong></span> <span class='ocrx_word' id='word_1_159' title='bbox 2577 991 2633 1042; x_wconf 89' lang='lat' dir='ltr'>in</span> <span class='ocrx_word' id='word_1_160' title='bbox 2671 992 2849 1058; x_wconf 79' lang='lat' dir='ltr'><strong>ﬁnem,</strong></span> <span class='ocrx_word' id='word_1_161' title='bbox 2889 992 3058 1045; x_wconf 85' lang='lat' dir='ltr'><strong>iratus</strong></span> <span class='ocrx_word' id='word_1_162' title='bbox 3092 1002 3168 1047; x_wconf 86' lang='lat' dir='ltr'>est</span> <span class='ocrx_word' id='word_1_163' title='bbox 3220 994 3371 1062; x_wconf 80' lang='lat' dir='ltr'><strong>furor</strong></span> 
     </span>
    </p>
   </div>
   <div class='ocr_carea' id='block_1_26' title="bbox 1803 1082 3370 1155">
    <p class='ocr_par' dir='ltr' id='par_1_26' title="bbox 1803 1082 3370 1155">
     <span class='ocr_line' id='line_1_26' title="bbox 1803 1082 3370 1155; baseline 0.005 -22"><span class='ocrx_word' id='word_1_164' title='bbox 1803 1092 1924 1135; x_wconf 75' lang='lat' dir='ltr'><strong>tuus</strong></span> <span class='ocrx_word' id='word_1_165' title='bbox 1971 1097 2125 1149; x_wconf 84' lang='lat' dir='ltr'><strong>super</strong></span> <span class='ocrx_word' id='word_1_166' title='bbox 2146 1098 2262 1135; x_wconf 79' lang='lat' dir='ltr'><strong>oves</strong></span> <span class='ocrx_word' id='word_1_167' title='bbox 2305 1097 2516 1149; x_wconf 79' lang='lat' dir='ltr'><strong>pascua:</strong></span> <span class='ocrx_word' id='word_1_168' title='bbox 2546 1092 2647 1136; x_wconf 75' lang='lat' dir='ltr'><strong>tua:</strong></span> <span class='ocrx_word' id='word_1_169' title='bbox 2692 1083 2754 1134; x_wconf 67' lang='grc' dir='ltr'>δῖ)</span> <span class='ocrx_word' id='word_1_170' title='bbox 2788 1090 2838 1137; x_wconf 82' lang='grc' dir='ltr'>ει</span> <span class='ocrx_word' id='word_1_171' title='bbox 2892 1082 3093 1136; x_wconf 81' lang='lat' dir='ltr'><strong>similia</strong></span> <span class='ocrx_word' id='word_1_172' title='bbox 3144 1101 3263 1155; x_wconf 67' lang='lat' dir='ltr'><strong>quae</strong></span> <span class='ocrx_word' id='word_1_173' title='bbox 3302 1086 3370 1142; x_wconf 87' lang='lat' dir='ltr'>de</span> 
     </span>
    </p>
   </div>
   <div class='ocr_carea' id='block_1_27' title="bbox 1801 1171 3370 1229">
    <p class='ocr_par' dir='ltr' id='par_1_27' title="bbox 1801 1171 3370 1229">
     <span class='ocr_line' id='line_1_27' title="bbox 1801 1171 3370 1229; baseline 0.001 -2"><span class='ocrx_word' id='word_1_174' title='bbox 1801 1173 2015 1227; x_wconf 84' lang='lat' dir='ltr'><strong>illorum</strong></span> <span class='ocrx_word' id='word_1_175' title='bbox 2047 1171 2333 1226; x_wconf 87' lang='lat' dir='ltr'><strong>obsidione</strong></span> <span class='ocrx_word' id='word_1_176' title='bbox 2359 1172 2507 1225; x_wconf 77' lang='lat' dir='ltr'><strong>dicta</strong></span> <span class='ocrx_word' id='word_1_177' title='bbox 2546 1179 2697 1227; x_wconf 90' lang='lat' dir='ltr'><strong>sunt.</strong></span> <span class='ocrx_word' id='word_1_178' title='bbox 2733 1172 2867 1227; x_wconf 87' lang='lat' dir='ltr'><strong>Nam</strong></span> <span class='ocrx_word' id='word_1_179' title='bbox 2902 1173 2989 1227; x_wconf 89' lang='lat' dir='ltr'>hic</span> <span class='ocrx_word' id='word_1_180' title='bbox 3018 1190 3204 1228; x_wconf 90' lang='lat' dir='ltr'><strong>eorum</strong></span> <span class='ocrx_word' id='word_1_181' title='bbox 3238 1192 3370 1229; x_wconf 81' lang='lat' dir='ltr'><strong>cau-</strong></span> 
     </span>
    </p>
   </div>
   <div class='ocr_carea' id='block_1_28' title="bbox 1800 1259 3369 1333">
    <p class='ocr_par' dir='ltr' id='par_1_28' title="bbox 1800 1259 3369 1333">
     <span class='ocr_line' id='line_1_28' title="bbox 1800 1259 3369 1333; baseline 0.001 -17"><span class='ocrx_word' id='word_1_182' title='bbox 1800 1277 1893 1316; x_wconf 86' lang='lat' dir='ltr'>sas</span> <span class='ocrx_word' id='word_1_183' title='bbox 1916 1264 2108 1331; x_wconf 89' lang='lat' dir='ltr'><strong>aperit.</strong></span> <span class='ocrx_word' id='word_1_184' title='bbox 2146 1259 2211 1313; x_wconf 88' lang='lat' dir='ltr'><strong>Et</strong></span> <span class='ocrx_word' id='word_1_185' title='bbox 2241 1261 2366 1330; x_wconf 86' lang='lat' dir='ltr'><strong>quia</strong></span> <span class='ocrx_word' id='word_1_186' title='bbox 2416 1261 2470 1315; x_wconf 91' lang='lat' dir='ltr'>in</span> <span class='ocrx_word' id='word_1_187' title='bbox 2519 1261 2847 1331; x_wconf 82' lang='lat' dir='ltr'><strong>praeCedenti</strong></span> <span class='ocrx_word' id='word_1_188' title='bbox 2908 1263 3117 1333; x_wconf 84' lang='lat' dir='ltr'><strong>psalmo</strong></span> <span class='ocrx_word' id='word_1_189' title='bbox 3162 1262 3369 1317; x_wconf 88' lang='lat' dir='ltr'><strong>dictum</strong></span> 
     </span>
    </p>
   </div>
   <div class='ocr_carea' id='block_1_29' title="bbox 1797 1350 3361 1423">
    <p class='ocr_par' dir='ltr' id='par_1_29' title="bbox 1797 1350 3361 1423">
     <span class='ocr_line' id='line_1_29' title="bbox 1797 1350 3361 1423; baseline -0.001 -15"><span class='ocrx_word' id='word_1_190' title='bbox 1797 1360 1923 1409; x_wconf 77' lang='lat' dir='ltr'><strong>est:</strong></span> <span class='ocrx_word' id='word_1_191' title='bbox 1980 1350 2235 1422; x_wconf 84' lang='lat' dir='ltr'><strong>Nunquid</strong></span> <span class='ocrx_word' id='word_1_192' title='bbox 2296 1352 2348 1404; x_wconf 88' lang='lat' dir='ltr'>in</span> <span class='ocrx_word' id='word_1_193' title='bbox 2403 1362 2658 1407; x_wconf 76' lang='lat' dir='ltr'><strong>wternum</strong></span> <span class='ocrx_word' id='word_1_194' title='bbox 2712 1354 2953 1423; x_wconf 85' lang='lat' dir='ltr'><strong>projiciet</strong></span> <span class='ocrx_word' id='word_1_195' title='bbox 3009 1354 3285 1413; x_wconf 83' lang='lat' dir='ltr'><strong>Dominus.</strong></span> <span class='ocrx_word' id='word_1_196' title='bbox 3311 1364 3361 1408; x_wconf 89' lang='lat' dir='ltr'>et</span> 
     </span>
    </p>
   </div>
   <div class='ocr_carea' id='block_1_30' title="bbox 1799 1444 3369 1516">
    <p class='ocr_par' dir='ltr' id='par_1_30' title="bbox 1799 1444 3369 1516">
     <span class='ocr_line' id='line_1_30' title="bbox 1799 1444 3369 1516; baseline 0.002 -18"><span class='ocrx_word' id='word_1_197' title='bbox 1799 1462 1901 1499; x_wconf 91' lang='lat' dir='ltr'>non</span> <span class='ocrx_word' id='word_1_198' title='bbox 1931 1453 2151 1513; x_wconf 86' lang='lat' dir='ltr'><strong>apponet</strong></span> <span class='ocrx_word' id='word_1_199' title='bbox 2188 1452 2246 1496; x_wconf 90' lang='lat' dir='ltr'>ut</span> <span class='ocrx_word' id='word_1_200' title='bbox 2278 1444 2599 1513; x_wconf 86' lang='lat' dir='ltr'><strong>complaceat</strong></span> <span class='ocrx_word' id='word_1_201' title='bbox 2640 1445 2851 1500; x_wconf 82' lang='lat' dir='ltr'><strong>adhuc?</strong></span> <span class='ocrx_word' id='word_1_202' title='bbox 2876 1456 2967 1499; x_wconf 90' lang='lat' dir='ltr'>aut</span> <span class='ocrx_word' id='word_1_203' title='bbox 2998 1448 3053 1499; x_wconf 92' lang='lat' dir='ltr'>in</span> <span class='ocrx_word' id='word_1_204' title='bbox 3080 1449 3236 1516; x_wconf 79' lang='lat' dir='ltr'><strong>ﬁnem</strong></span> <span class='ocrx_word' id='word_1_205' title='bbox 3264 1449 3369 1501; x_wconf 84' lang='lat' dir='ltr'><strong>mi-</strong></span> 
     </span>
    </p>
   </div>
   <div class='ocr_carea' id='block_1_31' title="bbox 1796 1532 3369 1607">
    <p class='ocr_par' dir='ltr' id='par_1_31' title="bbox 1796 1532 3369 1607">
     <span class='ocr_line' id='line_1_31' title="bbox 1796 1532 3369 1607; baseline 0.002 -20"><span class='ocrx_word' id='word_1_206' title='bbox 1796 1532 2144 1587; x_wconf 81' lang='lat' dir='ltr'><strong>sericordiam</strong></span> <span class='ocrx_word' id='word_1_207' title='bbox 2172 1549 2325 1587; x_wconf 79' lang='lat' dir='ltr'><strong>suam</strong></span> <span class='ocrx_word' id='word_1_208' title='bbox 2365 1533 2657 1598; x_wconf 86' lang='lat' dir='ltr'><strong>abscindet,</strong></span> <span class='ocrx_word' id='word_1_209' title='bbox 2690 1552 2720 1589; x_wconf 93' lang='lat' dir='ltr'>a</span> <span class='ocrx_word' id='word_1_210' title='bbox 2761 1536 3095 1605; x_wconf 75' lang='lat' dir='ltr'><strong>generatione</strong></span> <span class='ocrx_word' id='word_1_211' title='bbox 3128 1537 3178 1589; x_wconf 85' lang='lat' dir='ltr'>in</span> <span class='ocrx_word' id='word_1_212' title='bbox 3212 1553 3369 1607; x_wconf 84' lang='lat' dir='ltr'><strong>gene-</strong></span> 
     </span>
    </p>
   </div>
   <div class='ocr_carea' id='block_1_32' title="bbox 1796 1624 3372 1688">
    <p class='ocr_par' dir='ltr' id='par_1_32' title="bbox 1796 1624 3372 1688">
     <span class='ocr_line' id='line_1_32' title="bbox 1796 1624 3372 1688; baseline 0.002 -10"><span class='ocrx_word' id='word_1_213' title='bbox 1796 1626 2094 1680; x_wconf 82' lang='lat' dir='ltr'><strong>rationem?</strong></span> <span class='ocrx_word' id='word_1_214' title='bbox 2135 1635 2226 1678; x_wconf 88' lang='lat' dir='ltr'>aut</span> <span class='ocrx_word' id='word_1_215' title='bbox 2272 1624 2605 1678; x_wconf 83' lang='lat' dir='ltr'><strong>obliviscetur</strong></span> <span class='ocrx_word' id='word_1_216' title='bbox 2650 1627 2885 1679; x_wconf 81' lang='lat' dir='ltr'><strong>misereri</strong></span> <span class='ocrx_word' id='word_1_217' title='bbox 2933 1625 3093 1688; x_wconf 84' lang='lat' dir='ltr'><strong>Deus,</strong></span> <span class='ocrx_word' id='word_1_218' title='bbox 3123 1637 3214 1679; x_wconf 88' lang='lat' dir='ltr'>aut</span> <span class='ocrx_word' id='word_1_219' title='bbox 3248 1644 3372 1681; x_wconf 87' lang='lat' dir='ltr'><strong>con-</strong></span> 
     </span>
    </p>
   </div>
   <div class='ocr_carea' id='block_1_33' title="bbox 1797 1716 3368 1786">
    <p class='ocr_par' dir='ltr' id='par_1_33' title="bbox 1797 1716 3368 1786">
     <span class='ocr_line' id='line_1_33' title="bbox 1797 1716 3368 1786; baseline 0.003 -18"><span class='ocrx_word' id='word_1_220' title='bbox 1797 1716 1978 1769; x_wconf 79' lang='lat' dir='ltr'><strong>tinebit</strong></span> <span class='ocrx_word' id='word_1_221' title='bbox 2008 1716 2062 1769; x_wconf 88' lang='lat' dir='ltr'>in</span> <span class='ocrx_word' id='word_1_222' title='bbox 2088 1716 2171 1769; x_wconf 91' lang='lat' dir='ltr'>ira</span> <span class='ocrx_word' id='word_1_223' title='bbox 2201 1732 2299 1770; x_wconf 88' lang='lat' dir='ltr'>sua</span> <span class='ocrx_word' id='word_1_224' title='bbox 2322 1716 2712 1770; x_wconf 80' lang='lat' dir='ltr'><strong>misericordias</strong></span> <span class='ocrx_word' id='word_1_225' title='bbox 2741 1734 2866 1770; x_wconf 81' lang='lat' dir='ltr'><strong>suas</strong></span> <span class='ocrx_word' id='word_1_226' title='bbox 2884 1719 2910 1768; x_wconf 80' lang='lat'><strong><em>?</em></strong></span> <span class='ocrx_word' id='word_1_227' title='bbox 2942 1717 3065 1786; x_wconf 88' lang='lat' dir='ltr'><strong>jure</strong></span> <span class='ocrx_word' id='word_1_228' title='bbox 3087 1724 3210 1786; x_wconf 87' lang='lat' dir='ltr'><strong>post</strong></span> <span class='ocrx_word' id='word_1_229' title='bbox 3252 1718 3368 1773; x_wconf 60' lang='lat' dir='ltr'><strong>haec</strong></span> 
     </span>
    </p>
   </div>
   <div class='ocr_carea' id='block_1_34' title="bbox 155 1807 1690 1880">
    <p class='ocr_par' dir='ltr' id='par_1_34' title="bbox 155 1807 1690 1880">
     <span class='ocr_line' id='line_1_34' title="bbox 155 1807 1690 1880; baseline 0.001 -19"><span class='ocrx_word' id='word_1_230' title='bbox 155 1811 305 1880; x_wconf 80' lang='grc' dir='ltr'>ρανδὲ</span> <span class='ocrx_word' id='word_1_231' title='bbox 348 1809 582 1861; x_wconf 79' lang='grc' dir='ltr'>διάνοιαν</span> <span class='ocrx_word' id='word_1_232' title='bbox 622 1812 648 1862; x_wconf 85' lang='grc' dir='ltr'>ὁ</span> <span class='ocrx_word' id='word_1_233' title='bbox 681 1807 866 1879; x_wconf 87' lang='grc' dir='ltr'>παρὼν</span> <span class='ocrx_word' id='word_1_234' title='bbox 900 1808 1052 1877; x_wconf 78' lang='grc' dir='ltr'>λόγος</span> <span class='ocrx_word' id='word_1_235' title='bbox 1091 1809 1190 1873; x_wconf 74' lang='grc' dir='ltr'>τὰς</span> <span class='ocrx_word' id='word_1_236' title='bbox 1234 1808 1573 1880; x_wconf 83' lang='grc' dir='ltr'>παρανομίας</span> <span class='ocrx_word' id='word_1_237' title='bbox 1602 1808 1690 1862; x_wconf 81' lang='grc' dir='ltr'>τοῦ</span> 
     </span>
    </p>
   </div>
   <div class='ocr_carea' id='block_1_35' title="bbox 1793 1807 3364 1880">
    <p class='ocr_par' dir='ltr' id='par_1_35' title="bbox 1800 1807 3364 1878">
     <span class='ocr_line' id='line_1_35' title="bbox 1800 1807 3364 1878; baseline 0.001 -17"><span class='ocrx_word' id='word_1_238' title='bbox 1800 1808 2082 1878; x_wconf 84' lang='lat' dir='ltr'><strong>proposita</strong></span> <span class='ocrx_word' id='word_1_239' title='bbox 2138 1807 2324 1873; x_wconf 88' lang='lat' dir='ltr'><strong>dubia,</strong></span> <span class='ocrx_word' id='word_1_240' title='bbox 2386 1824 2585 1864; x_wconf 90' lang='lat' dir='ltr'><strong>causas</strong></span> <span class='ocrx_word' id='word_1_241' title='bbox 2626 1818 2873 1863; x_wconf 87' lang='lat' dir='ltr'><strong>recenset</strong></span> <span class='ocrx_word' id='word_1_242' title='bbox 2932 1825 3030 1862; x_wconf 87' lang='lat' dir='ltr'>cur</span> <span class='ocrx_word' id='word_1_243' title='bbox 3079 1808 3364 1863; x_wconf 85' lang='lat' dir='ltr'><strong>Judaicam</strong></span> 
     </span>
    </p>
   </div>
   <div class='ocr_carea' id='block_1_36' title="bbox 161 1898 1690 1972">
    <p class='ocr_par' dir='ltr' id='par_1_36' title="bbox 161 1900 1690 1972">
     <span class='ocr_line' id='line_1_36' title="bbox 161 1900 1690 1972; baseline -0.002 -18"><span class='ocrx_word' id='word_1_244' title='bbox 161 1902 398 1955; x_wconf 81' lang='grc' dir='ltr'>Ἰουδαίων</span> <span class='ocrx_word' id='word_1_245' title='bbox 443 1900 631 1964; x_wconf 80' lang='grc' dir='ltr'>ἔθνους</span> <span class='ocrx_word' id='word_1_246' title='bbox 682 1900 1241 1972; x_wconf 82' lang='grc' dir='ltr'>συγκαταριθμεῖται,</span> <span class='ocrx_word' id='word_1_247' title='bbox 1293 1900 1587 1971; x_wconf 78' lang='grc' dir='ltr'>ἐπειδήπερ</span> <span class='ocrx_word' id='word_1_248' title='bbox 1639 1901 1690 1952; x_wconf 84' lang='grc' dir='ltr'>ὲν</span> 
     </span>
    </p>
   </div>
   <div class='ocr_carea' id='block_1_37' title="bbox 1793 1898 3356 1972">
    <p class='ocr_par' dir='ltr' id='par_1_37' title="bbox 1800 1898 3356 1969">
     <span class='ocr_line' id='line_1_37' title="bbox 1800 1898 3356 1969; baseline -0.001 -15"><span class='ocrx_word' id='word_1_249' title='bbox 1800 1911 2009 1968; x_wconf 85' lang='lat' dir='ltr'><strong>gentem</strong></span> <span class='ocrx_word' id='word_1_250' title='bbox 2035 1899 2113 1952; x_wconf 87' lang='lat' dir='ltr'>ira</span> <span class='ocrx_word' id='word_1_251' title='bbox 2142 1900 2195 1953; x_wconf 91' lang='lat' dir='ltr'>in</span> <span class='ocrx_word' id='word_1_252' title='bbox 2226 1900 2385 1954; x_wconf 86' lang='lat' dir='ltr'><strong>ﬁnem</strong></span> <span class='ocrx_word' id='word_1_253' title='bbox 2422 1901 2700 1955; x_wconf 83' lang='lat' dir='ltr'><strong>invaserit.</strong></span> <span class='ocrx_word' id='word_1_254' title='bbox 2744 1900 2971 1969; x_wconf 87' lang='lat' dir='ltr'><strong>Ipseque</strong></span> <span class='ocrx_word' id='word_1_255' title='bbox 3001 1898 3258 1954; x_wconf 78' lang='lat' dir='ltr'><strong>Servatur</strong></span> <span class='ocrx_word' id='word_1_256' title='bbox 3301 1901 3356 1953; x_wconf 92' lang='lat' dir='ltr'>in</span> 
     </span>
    </p>
   </div>
   <div class='ocr_carea' id='block_1_38' title="bbox 148 1989 1690 2063">
    <p class='ocr_par' dir='ltr' id='par_1_38' title="bbox 148 1989 1690 2063">
     <span class='ocr_line' id='line_1_38' title="bbox 148 1989 1690 2063; baseline -0.001 -18"><span class='ocrx_word' id='word_1_257' title='bbox 148 1996 241 2054; x_wconf 81' lang='grc' dir='ltr'>τοῖς</span> <span class='ocrx_word' id='word_1_258' title='bbox 270 1992 569 2063; x_wconf 77' lang='grc' dir='ltr'>ἔμπροσθεν</span> <span class='ocrx_word' id='word_1_259' title='bbox 611 1991 854 2059; x_wconf 74' lang='grc' dir='ltr'>ἐλέγετο-</span> <span class='ocrx_word' id='word_1_260' title='bbox 897 1992 1019 2045; x_wconf 86' lang='grc' dir='ltr'>Ἵνα</span> <span class='ocrx_word' id='word_1_261' title='bbox 1067 1992 1144 2058; x_wconf 88' lang='grc' dir='ltr'>τί,</span> <span class='ocrx_word' id='word_1_262' title='bbox 1196 1995 1228 2045; x_wconf 84' lang='grc' dir='ltr'>ό</span> <span class='ocrx_word' id='word_1_263' title='bbox 1264 1991 1427 2056; x_wconf 84' lang='grc' dir='ltr'>Θεὸς,</span> <span class='ocrx_word' id='word_1_264' title='bbox 1477 1989 1690 2045; x_wconf 80' lang='grc' dir='ltr'>ἀπώσω</span> 
     </span>
    </p>
   </div>
   <div class='ocr_carea' id='block_1_39' title="bbox 1793 1989 3360 2063">
    <p class='ocr_par' dir='ltr' id='par_1_39' title="bbox 1798 1991 3360 2062">
     <span class='ocr_line' id='line_1_39' title="bbox 1798 1991 3360 2062; baseline -0.003 -17"><span class='ocrx_word' id='word_1_265' title='bbox 1798 1991 2129 2061; x_wconf 75' lang='lat' dir='ltr'><strong>Evangeliis,</strong></span> <span class='ocrx_word' id='word_1_266' title='bbox 2186 1992 2456 2047; x_wconf 90' lang='lat' dir='ltr'><strong>similibus</strong></span> <span class='ocrx_word' id='word_1_267' title='bbox 2521 2008 2617 2047; x_wconf 83' lang='lat' dir='ltr'>eos</span> <span class='ocrx_word' id='word_1_268' title='bbox 2682 1992 2841 2047; x_wconf 89' lang='lat' dir='ltr'><strong>dictis</strong></span> <span class='ocrx_word' id='word_1_269' title='bbox 2899 1992 3360 2062; x_wconf 68' lang='lat' dir='ltr'><strong>alloquebatur“:</strong></span> 
     </span>
    </p>
   </div>
   <div class='ocr_carea' id='block_1_40' title="bbox 146 2081 1690 2153">
    <p class='ocr_par' dir='ltr' id='par_1_40' title="bbox 146 2082 1690 2152">
     <span class='ocr_line' id='line_1_40' title="bbox 146 2082 1690 2152; baseline -0.001 -15"><span class='ocrx_word' id='word_1_270' title='bbox 146 2086 218 2148; x_wconf 73' lang='grc' dir='ltr'>εἰς</span> <span class='ocrx_word' id='word_1_271' title='bbox 242 2084 420 2149; x_wconf 79' lang='grc' dir='ltr'>τέλος,</span> <span class='ocrx_word' id='word_1_272' title='bbox 454 2084 718 2152; x_wconf 76' lang='grc' dir='ltr'>ὠργίσθη</span> <span class='ocrx_word' id='word_1_273' title='bbox 748 2086 779 2136; x_wconf 78' lang='grc' dir='ltr'><em>ὁ</em></span> <span class='ocrx_word' id='word_1_274' title='bbox 805 2084 989 2152; x_wconf 79' lang='grc' dir='ltr'>θυμός</span> <span class='ocrx_word' id='word_1_275' title='bbox 1018 2098 1134 2136; x_wconf 86' lang='grc' dir='ltr'>σου</span> <span class='ocrx_word' id='word_1_276' title='bbox 1176 2082 1273 2135; x_wconf 83' lang='grc' dir='ltr'>ἐπὶ</span> <span class='ocrx_word' id='word_1_277' title='bbox 1306 2084 1569 2152; x_wconf 82' lang='grc' dir='ltr'>πρόϐατα</span> <span class='ocrx_word' id='word_1_278' title='bbox 1596 2099 1690 2135; x_wconf 87' lang='grc' dir='ltr'>νο-</span> 
     </span>
    </p>
   </div>
   <div class='ocr_carea' id='block_1_41' title="bbox 1793 2081 3365 2153">
    <p class='ocr_par' dir='ltr' id='par_1_41' title="bbox 1798 2081 3365 2153">
     <span class='ocr_line' id='line_1_41' title="bbox 1798 2081 3365 2153; baseline -0.001 -19"><span class='ocrx_word' id='word_1_279' title='bbox 1798 2081 2011 2147; x_wconf 83' lang='lat' dir='ltr'><strong>Quoties</strong></span> <span class='ocrx_word' id='word_1_280' title='bbox 2035 2083 2175 2135; x_wconf 80' lang='lat' dir='ltr'><strong>volui</strong></span> <span class='ocrx_word' id='word_1_281' title='bbox 2226 2099 2538 2153; x_wconf 84' lang='lat' dir='ltr'><strong>congregare</strong></span> <span class='ocrx_word' id='word_1_282' title='bbox 2567 2084 2706 2153; x_wconf 78' lang='lat' dir='ltr'><strong>ﬁlios</strong></span> <span class='ocrx_word' id='word_1_283' title='bbox 2740 2093 2878 2145; x_wconf 87' lang='lat' dir='ltr'><strong>tuos,</strong></span> <span class='ocrx_word' id='word_1_284' title='bbox 2924 2082 3365 2153; x_wconf 86' lang='lat' dir='ltr'><strong>quemadmodum</strong></span> 
     </span>
    </p>
   </div>
   <div class='ocr_carea' id='block_1_42' title="bbox 144 2175 1690 2246">
    <p class='ocr_par' dir='ltr' id='par_1_42' title="bbox 144 2175 1690 2246">
     <span class='ocr_line' id='line_1_42' title="bbox 144 2175 1690 2246; baseline -0.002 -16"><span class='ocrx_word' id='word_1_285' title='bbox 144 2175 245 2243; x_wconf 84' lang='grc' dir='ltr'>μῆς</span> <span class='ocrx_word' id='word_1_286' title='bbox 270 2190 376 2230; x_wconf 85' lang='grc' dir='ltr'>σου</span> <span class='ocrx_word' id='word_1_287' title='bbox 399 2192 416 2239; x_wconf 86' lang='grc'><strong><em>;</em></strong></span> <span class='ocrx_word' id='word_1_288' title='bbox 447 2177 545 2228; x_wconf 70' lang='grc' dir='ltr'>καὶ</span> <span class='ocrx_word' id='word_1_289' title='bbox 577 2176 676 2228; x_wconf 80' lang='grc' dir='ltr'>ὅσα</span> <span class='ocrx_word' id='word_1_290' title='bbox 704 2175 838 2229; x_wconf 80' lang='grc' dir='ltr'>ἄλλα</span> <span class='ocrx_word' id='word_1_291' title='bbox 878 2176 1004 2246; x_wconf 74' lang='grc' dir='ltr'>περὶ</span> <span class='ocrx_word' id='word_1_292' title='bbox 1037 2177 1135 2246; x_wconf 81' lang='grc' dir='ltr'>τῆς</span> <span class='ocrx_word' id='word_1_293' title='bbox 1159 2175 1572 2245; x_wconf 79' lang='grc' dir='ltr'>καταλαὸούσης</span> <span class='ocrx_word' id='word_1_294' title='bbox 1597 2175 1690 2227; x_wconf 80' lang='grc' dir='ltr'>αύ-</span> 
     </span>
    </p>
   </div>
   <div class='ocr_carea' id='block_1_43' title="bbox 1793 2175 3365 2246">
    <p class='ocr_par' dir='ltr' id='par_1_43' title="bbox 1793 2175 3365 2246">
     <span class='ocr_line' id='line_1_43' title="bbox 1793 2175 3365 2246; baseline 0.001 -17"><span class='ocrx_word' id='word_1_295' title='bbox 1793 2176 1999 2245; x_wconf 89' lang='lat' dir='ltr'><strong>gallina</strong></span> <span class='ocrx_word' id='word_1_296' title='bbox 2026 2184 2302 2246; x_wconf 84' lang='lat' dir='ltr'><strong>congregat</strong></span> <span class='ocrx_word' id='word_1_297' title='bbox 2335 2176 2508 2245; x_wconf 86' lang='lat' dir='ltr'><strong>pullos</strong></span> <span class='ocrx_word' id='word_1_298' title='bbox 2543 2193 2663 2230; x_wconf 84' lang='lat' dir='ltr'><strong>suos</strong></span> <span class='ocrx_word' id='word_1_299' title='bbox 2696 2175 2791 2230; x_wconf 84' lang='lat' dir='ltr'>sub</span> <span class='ocrx_word' id='word_1_300' title='bbox 2847 2176 2987 2242; x_wconf 85' lang='lat' dir='ltr'><strong>alas,</strong></span> <span class='ocrx_word' id='word_1_301' title='bbox 3008 2185 3057 2229; x_wconf 88' lang='lat' dir='ltr'>et</span> <span class='ocrx_word' id='word_1_302' title='bbox 3082 2176 3365 2230; x_wconf 67' lang='lat' dir='ltr'><strong>noluistis?</strong></span> 
     </span>
    </p>
   </div>
   <div class='ocr_carea' id='block_1_44' title="bbox 145 2264 1690 2338">
    <p class='ocr_par' dir='ltr' id='par_1_44' title="bbox 145 2264 1690 2338">
     <span class='ocr_line' id='line_1_44' title="bbox 145 2264 1690 2338; baseline 0.002 -22"><span class='ocrx_word' id='word_1_303' title='bbox 145 2268 249 2329; x_wconf 79' lang='grc' dir='ltr'>τοὺς</span> <span class='ocrx_word' id='word_1_304' title='bbox 291 2267 600 2336; x_wconf 83' lang='grc' dir='ltr'>πολιορκίας</span> <span class='ocrx_word' id='word_1_305' title='bbox 649 2267 881 2335; x_wconf 75' lang='grc' dir='ltr'>ἐλέγετο.</span> <span class='ocrx_word' id='word_1_306' title='bbox 935 2266 1044 2330; x_wconf 83' lang='grc' dir='ltr'>Τάς</span> <span class='ocrx_word' id='word_1_307' title='bbox 1097 2264 1206 2338; x_wconf 81' lang='grc' dir='ltr'>γὰρ</span> <span class='ocrx_word' id='word_1_308' title='bbox 1259 2267 1462 2319; x_wconf 83' lang='grc' dir='ltr'>τούτων</span> <span class='ocrx_word' id='word_1_309' title='bbox 1511 2267 1690 2329; x_wconf 80' lang='grc' dir='ltr'>αἰτίας</span> 
     </span>
    </p>
   </div>
   <div class='ocr_carea' id='block_1_45' title="bbox 1793 2264 3133 2338">
    <p class='ocr_par' dir='ltr' id='par_1_45' title="bbox 1795 2264 3133 2335">
     <span class='ocr_line' id='line_1_45' title="bbox 1795 2264 3133 2335; baseline 0.002 -17"><span class='ocrx_word' id='word_1_310' title='bbox 1795 2264 1932 2319; x_wconf 83' lang='lat' dir='ltr'><strong>Ecce</strong></span> <span class='ocrx_word' id='word_1_311' title='bbox 1954 2267 2278 2335; x_wconf 83' lang='lat' dir='ltr'><strong>relinquetur</strong></span> <span class='ocrx_word' id='word_1_312' title='bbox 2307 2267 2449 2319; x_wconf 84' lang='lat' dir='ltr'><strong>vobis</strong></span> <span class='ocrx_word' id='word_1_313' title='bbox 2480 2265 2667 2320; x_wconf 83' lang='lat' dir='ltr'><strong>domus</strong></span> <span class='ocrx_word' id='word_1_314' title='bbox 2702 2276 2875 2320; x_wconf 77' lang='lat' dir='ltr'><strong>vestra</strong></span> <span class='ocrx_word' id='word_1_315' title='bbox 2904 2266 3133 2321; x_wconf 86' lang='lat' dir='ltr'><strong>deserta.</strong></span> 
     </span>
    </p>
   </div>
   <div class='ocr_carea' id='block_1_46' title="bbox 144 2354 3365 2430">
    <p class='ocr_par' dir='ltr' id='par_1_46' title="bbox 144 2354 3365 2430">
     <span class='ocr_line' id='line_1_46' title="bbox 144 2354 3365 2430; baseline 0.001 -21"><span class='ocrx_word' id='word_1_316' title='bbox 144 2358 403 2428; x_wconf 74' lang='grc' dir='ltr'>παρίστησι</span> <span class='ocrx_word' id='word_1_317' title='bbox 448 2358 541 2411; x_wconf 85' lang='grc' dir='ltr'>διὰ</span> <span class='ocrx_word' id='word_1_318' title='bbox 572 2359 679 2411; x_wconf 81' lang='grc' dir='ltr'>τῶν</span> <span class='ocrx_word' id='word_1_319' title='bbox 713 2358 1106 2430; x_wconf 72' lang='grc' dir='ltr'>προκειμένων.</span> <span class='ocrx_word' id='word_1_320' title='bbox 1161 2359 1265 2411; x_wconf 72' lang='grc' dir='ltr'>Καὶ</span> <span class='ocrx_word' id='word_1_321' title='bbox 1333 2358 1520 2428; x_wconf 77' lang='grc' dir='ltr'>ἐπειδὴ</span> <span class='ocrx_word' id='word_1_322' title='bbox 1563 2360 1619 2410; x_wconf 83' lang='grc' dir='ltr'>ὲν</span> <span class='ocrx_word' id='word_1_323' title='bbox 1688 2354 1766 2426; x_wconf 79' lang='grc' dir='ltr'>τῷ</span> <span class='ocrx_word' id='word_1_324' title='bbox 1797 2357 1905 2428; x_wconf 82' lang='grc' dir='ltr'>πρὸ</span> <span class='ocrx_word' id='word_1_325' title='bbox 1948 2357 2137 2410; x_wconf 88' lang='grc' dir='ltr'>τούτου</span> <span class='ocrx_word' id='word_1_326' title='bbox 2182 2358 2396 2426; x_wconf 74' lang='grc' dir='ltr'>ἐλέγετο</span> <span class='ocrx_word' id='word_1_327' title='bbox 2434 2358 2660 2429; x_wconf 79' lang='grc' dir='ltr'>ψαλμῷ’</span> <span class='ocrx_word' id='word_1_328' title='bbox 2699 2358 2794 2426; x_wconf 76' lang='grc' dir='ltr'>Μὴ</span> <span class='ocrx_word' id='word_1_329' title='bbox 2840 2361 2921 2424; x_wconf 80' lang='grc' dir='ltr'>εις</span> <span class='ocrx_word' id='word_1_330' title='bbox 2962 2358 3102 2424; x_wconf 78' lang='grc' dir='ltr'>τοὺς</span> <span class='ocrx_word' id='word_1_331' title='bbox 3146 2357 3365 2424; x_wconf 71' lang='grc' dir='ltr'>αἰῶνας</span> 
     </span>
    </p>
   </div>
   <div class='ocr_carea' id='block_1_47' title="bbox 143 2437 3364 2523">
    <p class='ocr_par' dir='ltr' id='par_1_47' title="bbox 143 2437 3364 2523">
     <span class='ocr_line' id='line_1_47' title="bbox 143 2437 3364 2523; baseline 0 -17"><span class='ocrx_word' id='word_1_332' title='bbox 143 2453 407 2508; x_wconf 71' lang='grc' dir='ltr'>ἀπώσεται</span> <span class='ocrx_word' id='word_1_333' title='bbox 442 2456 679 2523; x_wconf 87' lang='grc' dir='ltr'>Κύριος,</span> <span class='ocrx_word' id='word_1_334' title='bbox 712 2455 805 2508; x_wconf 79' lang='grc' dir='ltr'>καὶ</span> <span class='ocrx_word' id='word_1_335' title='bbox 837 2456 907 2507; x_wconf 88' lang='grc' dir='ltr'>οὺ</span> <span class='ocrx_word' id='word_1_336' title='bbox 937 2453 1267 2522; x_wconf 75' lang='grc' dir='ltr'>προσθήσει</span> <span class='ocrx_word' id='word_1_337' title='bbox 1294 2454 1399 2507; x_wconf 86' lang='grc' dir='ltr'>τοῦ</span> <span class='ocrx_word' id='word_1_338' title='bbox 1424 2453 1749 2521; x_wconf 84' lang='grc' dir='ltr'>εὐδοκῆσαι</span> <span class='ocrx_word' id='word_1_339' title='bbox 1779 2453 1898 2517; x_wconf 83' lang='grc' dir='ltr'>ἐτι;</span> <span class='ocrx_word' id='word_1_340' title='bbox 1923 2452 1961 2522; x_wconf 80' lang='grc' dir='ltr'><strong><em>ἢ</em></strong></span> <span class='ocrx_word' id='word_1_341' title='bbox 1988 2455 2075 2520; x_wconf 84' lang='grc' dir='ltr'>είς</span> <span class='ocrx_word' id='word_1_342' title='bbox 2103 2452 2278 2520; x_wconf 77' lang='grc' dir='ltr'>τέλος</span> <span class='ocrx_word' id='word_1_343' title='bbox 2325 2453 2393 2507; x_wconf 87' lang='grc' dir='ltr'>τὸ</span> <span class='ocrx_word' id='word_1_344' title='bbox 2419 2454 2590 2520; x_wconf 75' lang='grc' dir='ltr'>ἕλεος</span> <span class='ocrx_word' id='word_1_345' title='bbox 2649 2437 2832 2508; x_wconf 75' lang='grc' dir='ltr'>αὐτοῦ</span> <span class='ocrx_word' id='word_1_346' title='bbox 2891 2455 3185 2521; x_wconf 67' lang='grc' dir='ltr'>ἀποκόψει</span> <span class='ocrx_word' id='word_1_347' title='bbox 3243 2455 3364 2509; x_wconf 78' lang='grc' dir='ltr'>ἀπὸ</span> 
     </span>
    </p>
   </div>
   <div class='ocr_carea' id='block_1_48' title="bbox 144 2547 3364 2618">
    <p class='ocr_par' dir='ltr' id='par_1_48' title="bbox 144 2547 3364 2618">
     <span class='ocr_line' id='line_1_48' title="bbox 144 2547 3364 2618; baseline 0 -16"><span class='ocrx_word' id='word_1_348' title='bbox 144 2549 323 2617; x_wconf 83' lang='grc' dir='ltr'>γενεᾶς</span> <span class='ocrx_word' id='word_1_349' title='bbox 394 2553 482 2617; x_wconf 81' lang='grc' dir='ltr'>εἰς</span> <span class='ocrx_word' id='word_1_350' title='bbox 528 2549 774 2618; x_wconf 66' lang='lat' dir='ltr'><strong>rer-8dr;</strong></span> <span class='ocrx_word' id='word_1_351' title='bbox 808 2549 843 2617; x_wconf 80' lang='grc' dir='ltr'>ἢ</span> <span class='ocrx_word' id='word_1_352' title='bbox 893 2548 1242 2614; x_wconf 72' lang='grc' dir='ltr'>ἐπιλήσεται</span> <span class='ocrx_word' id='word_1_353' title='bbox 1324 2548 1429 2603; x_wconf 84' lang='grc' dir='ltr'>τοῦ</span> <span class='ocrx_word' id='word_1_354' title='bbox 1472 2547 1839 2617; x_wconf 79' lang='grc' dir='ltr'>οἱκτειρῆσαι</span> <span class='ocrx_word' id='word_1_355' title='bbox 1886 2552 1920 2603; x_wconf 85' lang='grc' dir='ltr'><em>ὀ</em></span> <span class='ocrx_word' id='word_1_356' title='bbox 1969 2549 2134 2615; x_wconf 84' lang='grc' dir='ltr'>Θεὸς,</span> <span class='ocrx_word' id='word_1_357' title='bbox 2177 2548 2215 2618; x_wconf 82' lang='grc' dir='ltr'><em>ἢ</em></span> <span class='ocrx_word' id='word_1_358' title='bbox 2264 2548 2509 2613; x_wconf 81' lang='grc' dir='ltr'>συνέξει</span> <span class='ocrx_word' id='word_1_359' title='bbox 2550 2549 2621 2601; x_wconf 85' lang='grc' dir='ltr'>ἐν</span> <span class='ocrx_word' id='word_1_360' title='bbox 2656 2547 2731 2618; x_wconf 76' lang='grc' dir='ltr'>τῇ</span> <span class='ocrx_word' id='word_1_361' title='bbox 2796 2547 2943 2617; x_wconf 79' lang='grc' dir='ltr'>ὀργῇ</span> <span class='ocrx_word' id='word_1_362' title='bbox 2986 2549 3171 2602; x_wconf 84' lang='grc' dir='ltr'>αὑτοῦ</span> <span class='ocrx_word' id='word_1_363' title='bbox 3220 2549 3364 2615; x_wconf 86' lang='grc' dir='ltr'>τοὺς</span> 
     </span>
    </p>
   </div>
   <div class='ocr_carea' id='block_1_49' title="bbox 141 2640 3365 2713">
    <p class='ocr_par' dir='ltr' id='par_1_49' title="bbox 141 2640 3365 2713">
     <span class='ocr_line' id='line_1_49' title="bbox 141 2640 3365 2713; baseline 0 -21"><span class='ocrx_word' id='word_1_364' title='bbox 141 2642 443 2709; x_wconf 80' lang='grc' dir='ltr'>οίκτιρμοὺς</span> <span class='ocrx_word' id='word_1_365' title='bbox 473 2642 697 2705; x_wconf 81' lang='grc' dir='ltr'>αὐτοῦ;</span> <span class='ocrx_word' id='word_1_366' title='bbox 727 2642 949 2704; x_wconf 76' lang='grc' dir='ltr'>εἰκότως</span> <span class='ocrx_word' id='word_1_367' title='bbox 982 2640 1165 2711; x_wconf 75' lang='grc' dir='ltr'>ἐπειδὴ</span> <span class='ocrx_word' id='word_1_368' title='bbox 1188 2640 1413 2694; x_wconf 81' lang='grc' dir='ltr'>τοιαῦτα</span> <span class='ocrx_word' id='word_1_369' title='bbox 1442 2641 1807 2712; x_wconf 84' lang='grc' dir='ltr'>έπηπόρηται,</span> <span class='ocrx_word' id='word_1_370' title='bbox 1868 2641 1969 2705; x_wconf 84' lang='grc' dir='ltr'>τὰς</span> <span class='ocrx_word' id='word_1_371' title='bbox 2002 2643 2181 2705; x_wconf 78' lang='grc' dir='ltr'>αἰτίας</span> <span class='ocrx_word' id='word_1_372' title='bbox 2219 2642 2313 2695; x_wconf 73' lang='grc' dir='ltr'>ἐπὶ</span> <span class='ocrx_word' id='word_1_373' title='bbox 2370 2642 2464 2695; x_wconf 78' lang='grc' dir='ltr'>τοῦ</span> <span class='ocrx_word' id='word_1_374' title='bbox 2499 2642 2763 2713; x_wconf 87' lang='grc' dir='ltr'>παρόντος</span> <span class='ocrx_word' id='word_1_375' title='bbox 2814 2640 3105 2709; x_wconf 86' lang='grc' dir='ltr'>καταλέγει</span> <span class='ocrx_word' id='word_1_376' title='bbox 3143 2640 3244 2711; x_wconf 83' lang='grc' dir='ltr'>τῆς</span> <span class='ocrx_word' id='word_1_377' title='bbox 3282 2641 3365 2704; x_wconf 87' lang='grc' dir='ltr'>είς</span> 
     </span>
    </p>
   </div>
   <div class='ocr_carea' id='block_1_50' title="bbox 140 2730 3363 2806">
    <p class='ocr_par' dir='ltr' id='par_1_50' title="bbox 140 2730 3363 2806">
     <span class='ocr_line' id='line_1_50' title="bbox 140 2730 3363 2806; baseline 0.001 -23"><span class='ocrx_word' id='word_1_378' title='bbox 140 2730 189 2784; x_wconf 83' lang='grc' dir='ltr'>τὸ</span> <span class='ocrx_word' id='word_1_379' title='bbox 220 2732 356 2796; x_wconf 75' lang='grc' dir='ltr'>τέλος</span> <span class='ocrx_word' id='word_1_380' title='bbox 391 2733 751 2804; x_wconf 74' lang='grc' dir='ltr'>μετελθούσης</span> <span class='ocrx_word' id='word_1_381' title='bbox 778 2732 835 2786; x_wconf 84' lang='grc' dir='ltr'>τὸ</span> <span class='ocrx_word' id='word_1_382' title='bbox 876 2733 1140 2786; x_wconf 85' lang='grc' dir='ltr'>Ἰουδαίων</span> <span class='ocrx_word' id='word_1_383' title='bbox 1169 2732 1319 2795; x_wconf 80' lang='grc' dir='ltr'>έΟνος</span> <span class='ocrx_word' id='word_1_384' title='bbox 1347 2734 1534 2804; x_wconf 82' lang='grc' dir='ltr'>ὀργῆς.</span> <span class='ocrx_word' id='word_1_385' title='bbox 1569 2735 1678 2786; x_wconf 81' lang='grc' dir='ltr'>Καὶ</span> <span class='ocrx_word' id='word_1_386' title='bbox 1718 2733 1879 2796; x_wconf 81' lang='grc' dir='ltr'>αὐτὸς</span> <span class='ocrx_word' id='word_1_387' title='bbox 1912 2735 1969 2787; x_wconf 85' lang='grc' dir='ltr'>δὲ</span> <span class='ocrx_word' id='word_1_388' title='bbox 1998 2735 2070 2805; x_wconf 37' lang='grc' dir='ltr'>ζέν</span> <span class='ocrx_word' id='word_1_389' title='bbox 2111 2735 2459 2804; x_wconf 81' lang='grc' dir='ltr'>Εὑαγγελίοις</span> <span class='ocrx_word' id='word_1_390' title='bbox 2493 2737 2519 2788; x_wconf 86' lang='grc' dir='ltr'>ό</span> <span class='ocrx_word' id='word_1_391' title='bbox 2551 2734 2741 2805; x_wconf 81' lang='grc' dir='ltr'>Σωτὴρ</span> <span class='ocrx_word' id='word_1_392' title='bbox 2790 2733 3179 2806; x_wconf 79' lang='grc' dir='ltr'>παραπλησίως</span> <span class='ocrx_word' id='word_1_393' title='bbox 3250 2736 3363 2794; x_wconf 78' lang='grc' dir='ltr'>τοῖς</span> 
     </span>
    </p>
   </div>
   <div class='ocr_carea' id='block_1_51' title="bbox 140 2824 3360 2895">
    <p class='ocr_par' dir='ltr' id='par_1_51' title="bbox 140 2824 3360 2895">
     <span class='ocr_line' id='line_1_51' title="bbox 140 2824 3360 2895; baseline 0.001 -20"><span class='ocrx_word' id='word_1_394' title='bbox 140 2824 488 2894; x_wconf 81' lang='grc' dir='ltr'>προκειμένοις</span> <span class='ocrx_word' id='word_1_395' title='bbox 564 2826 697 2895; x_wconf 83' lang='grc' dir='ltr'>πρὸς</span> <span class='ocrx_word' id='word_1_396' title='bbox 770 2826 896 2888; x_wconf 70' lang='grc' dir='ltr'>τοὺς</span> <span class='ocrx_word' id='word_1_397' title='bbox 941 2825 1136 2888; x_wconf 80' lang='grc' dir='ltr'>αὐτοὺς</span> <span class='ocrx_word' id='word_1_398' title='bbox 1183 2826 1497 2879; x_wconf 82' lang='grc' dir='ltr'>ἀπετείνετο</span> <span class='ocrx_word' id='word_1_399' title='bbox 1542 2826 1746 2893; x_wconf 78' lang='grc' dir='ltr'>λέγων’</span> <span class='ocrx_word' id='word_1_400' title='bbox 1785 2827 2048 2893; x_wconf 82' lang='grc' dir='ltr'>Ποσὰκις</span> <span class='ocrx_word' id='word_1_401' title='bbox 2072 2827 2343 2895; x_wconf 78' lang='grc' dir='ltr'>ἠθέλησα</span> <span class='ocrx_word' id='word_1_402' title='bbox 2383 2825 2845 2895; x_wconf 74' lang='grc' dir='ltr'>ἐπισυναγαγεῖν</span> <span class='ocrx_word' id='word_1_403' title='bbox 2891 2826 2960 2879; x_wconf 83' lang='grc' dir='ltr'>τὰ</span> <span class='ocrx_word' id='word_1_404' title='bbox 3000 2825 3185 2878; x_wconf 86' lang='grc' dir='ltr'>τέκνα</span> <span class='ocrx_word' id='word_1_405' title='bbox 3221 2841 3360 2888; x_wconf 88' lang='grc' dir='ltr'>σου,</span> 
     </span>
    </p>
   </div>
   <div class='ocr_carea' id='block_1_52' title="bbox 139 2914 3362 2992">
    <p class='ocr_par' dir='ltr' id='par_1_52' title="bbox 139 2914 3362 2992">
     <span class='ocr_line' id='line_1_52' title="bbox 139 2914 3362 2992; baseline 0.001 -25"><span class='ocrx_word' id='word_1_406' title='bbox 139 2914 199 2967; x_wconf 76' lang='grc' dir='ltr'>ὃν</span> <span class='ocrx_word' id='word_1_407' title='bbox 230 2918 438 2983; x_wconf 79' lang='grc' dir='ltr'>τρόπον</span> <span class='ocrx_word' id='word_1_408' title='bbox 487 2919 650 2987; x_wconf 79' lang='grc' dir='ltr'>ὄρνις</span> <span class='ocrx_word' id='word_1_409' title='bbox 678 2919 1029 2991; x_wconf 73' lang='grc' dir='ltr'>ἐπισυνάγει</span> <span class='ocrx_word' id='word_1_410' title='bbox 1064 2920 1132 2974; x_wconf 79' lang='grc' dir='ltr'>τὸ</span> <span class='ocrx_word' id='word_1_411' title='bbox 1168 2921 1389 2975; x_wconf 84' lang='grc' dir='ltr'>νοσσία</span> <span class='ocrx_word' id='word_1_412' title='bbox 1419 2921 1537 2976; x_wconf 83' lang='grc' dir='ltr'>ὑπὸ</span> <span class='ocrx_word' id='word_1_413' title='bbox 1577 2921 1680 2987; x_wconf 84' lang='grc' dir='ltr'>τὰς</span> <span class='ocrx_word' id='word_1_414' title='bbox 1721 2919 2035 2992; x_wconf 82' lang='grc' dir='ltr'>πτέρυγας,</span> <span class='ocrx_word' id='word_1_415' title='bbox 2064 2922 2160 2976; x_wconf 77' lang='grc' dir='ltr'>καί</span> <span class='ocrx_word' id='word_1_416' title='bbox 2188 2925 2299 2976; x_wconf 77' lang='grc' dir='ltr'>οὐκ</span> <span class='ocrx_word' id='word_1_417' title='bbox 2325 2920 2695 2991; x_wconf 68' lang='grc' dir='ltr'>ἠθελήσατε-ς</span> <span class='ocrx_word' id='word_1_418' title='bbox 2730 2920 2870 2975; x_wconf 83' lang='grc' dir='ltr'>Ἰδοὺ</span> <span class='ocrx_word' id='word_1_419' title='bbox 2931 2922 3165 2989; x_wconf 66' lang='grc' dir='ltr'>ἀφίεται</span> <span class='ocrx_word' id='word_1_420' title='bbox 3218 2915 3362 2988; x_wconf 81' lang='grc' dir='ltr'>ὑμῖν</span> 
     </span>
    </p>
   </div>
   <div class='ocr_carea' id='block_1_53' title="bbox 138 3006 796 3084">
    <p class='ocr_par' dir='ltr' id='par_1_53' title="bbox 138 3006 796 3084">
     <span class='ocr_line' id='line_1_53' title="bbox 138 3006 796 3084; baseline 0.008 -21"><span class='ocrx_word' id='word_1_421' title='bbox 138 3012 165 3063; x_wconf 85' lang='grc' dir='ltr'>ό</span> <span class='ocrx_word' id='word_1_422' title='bbox 184 3006 329 3079; x_wconf 75' lang='grc' dir='ltr'>οἶκος</span> <span class='ocrx_word' id='word_1_423' title='bbox 364 3015 535 3083; x_wconf 78' lang='grc' dir='ltr'>ὑμῶν</span> <span class='ocrx_word' id='word_1_424' title='bbox 560 3014 796 3084; x_wconf 74' lang='grc' dir='ltr'>ἕρημος.</span> 
     </span>
    </p>
   </div>
   <div class='ocr_carea' id='block_1_54' title="bbox 195 3127 1690 3199">
    <p class='ocr_par' dir='ltr' id='par_1_54' title="bbox 195 3127 1682 3199">
     <span class='ocr_line' id='line_1_54' title="bbox 195 3127 1682 3199; baseline 0.006 -22"><span class='ocrx_word' id='word_1_425' title='bbox 195 3127 329 3181; x_wconf 88' lang='grc' dir='ltr'>Ὅσα</span> <span class='ocrx_word' id='word_1_426' title='bbox 364 3129 716 3199; x_wconf 79' lang='grc' dir='ltr'>ἠκούσαμεν</span> <span class='ocrx_word' id='word_1_427' title='bbox 741 3130 841 3185; x_wconf 78' lang='grc' dir='ltr'>καὶ</span> <span class='ocrx_word' id='word_1_428' title='bbox 867 3131 1132 3199; x_wconf 79' lang='grc' dir='ltr'>ἔγνωμεν</span> <span class='ocrx_word' id='word_1_429' title='bbox 1160 3131 1332 3197; x_wconf 82' lang='grc' dir='ltr'>αὐτὰ,</span> <span class='ocrx_word' id='word_1_430' title='bbox 1362 3134 1459 3186; x_wconf 78' lang='grc' dir='ltr'>καί</span> <span class='ocrx_word' id='word_1_431' title='bbox 1489 3135 1543 3185; x_wconf 78' lang='grc' dir='ltr'>οἱ</span> <span class='ocrx_word' id='word_1_432' title='bbox 1570 3146 1682 3186; x_wconf 80' lang='grc' dir='ltr'>πα-</span> 
     </span>
    </p>
   </div>
   <div class='ocr_carea' id='block_1_55' title="bbox 1793 3127 3361 3199">
    <p class='ocr_par' dir='ltr' id='par_1_55' title="bbox 1865 3127 3361 3197">
     <span class='ocr_line' id='line_1_55' title="bbox 1865 3127 3361 3197; baseline -0.003 -11"><span class='ocrx_word' id='word_1_433' title='bbox 1865 3132 2031 3186; x_wconf 78' lang='lat' dir='ltr'><strong>VEns.</strong></span> <span class='ocrx_word' id='word_1_434' title='bbox 2054 3132 2105 3186; x_wconf 76' lang='grc'>5.</span> <span class='ocrx_word' id='word_1_435' title='bbox 2156 3130 2372 3197; x_wconf 84' lang='lat' dir='ltr'><strong>Quanta</strong></span> <span class='ocrx_word' id='word_1_436' title='bbox 2417 3128 2713 3182; x_wconf 81' lang='lat' dir='ltr'><strong>audivimus</strong></span> <span class='ocrx_word' id='word_1_437' title='bbox 2744 3136 2794 3182; x_wconf 88' lang='lat' dir='ltr'>et</span> <span class='ocrx_word' id='word_1_438' title='bbox 2834 3127 3171 3197; x_wconf 82' lang='lat' dir='ltr'><strong>cognovimus</strong></span> <span class='ocrx_word' id='word_1_439' title='bbox 3194 3144 3276 3194; x_wconf 85' lang='lat' dir='ltr'>ea,</span> <span class='ocrx_word' id='word_1_440' title='bbox 3306 3136 3361 3181; x_wconf 83' lang='lat' dir='ltr'>et</span> 
     </span>
    </p>
   </div>
   <div class='ocr_carea' id='block_1_56' title="bbox 136 3215 1685 3295">
    <p class='ocr_par' dir='ltr' id='par_1_56' title="bbox 136 3215 1685 3295">
     <span class='ocr_line' id='line_1_56' title="bbox 136 3215 1685 3295; baseline 0.006 -28"><span class='ocrx_word' id='word_1_441' title='bbox 136 3215 276 3283; x_wconf 88' lang='grc' dir='ltr'>τέρες</span> <span class='ocrx_word' id='word_1_442' title='bbox 317 3220 486 3289; x_wconf 74' lang='grc' dir='ltr'>ἡμῶν</span> <span class='ocrx_word' id='word_1_443' title='bbox 530 3220 896 3290; x_wconf 82' lang='grc' dir='ltr'>διηγήσαντο</span> <span class='ocrx_word' id='word_1_444' title='bbox 938 3222 1100 3292; x_wconf 77' lang='grc' dir='ltr'>ἡμῖν.</span> <span class='ocrx_word' id='word_1_445' title='bbox 1144 3222 1225 3276; x_wconf 83' lang='grc' dir='ltr'>Τά</span> <span class='ocrx_word' id='word_1_446' title='bbox 1262 3222 1358 3293; x_wconf 85' lang='grc' dir='ltr'>μὲν</span> <span class='ocrx_word' id='word_1_447' title='bbox 1399 3223 1589 3295; x_wconf 83' lang='grc' dir='ltr'>πρῶτα</span> <span class='ocrx_word' id='word_1_448' title='bbox 1626 3223 1685 3289; x_wconf 78' lang='grc' dir='ltr'>ἐξ</span> 
     </span>
    </p>
   </div>
   <div class='ocr_carea' id='block_1_57' title="bbox 135 3309 1685 3386">
    <p class='ocr_par' dir='ltr' id='par_1_57' title="bbox 135 3309 1685 3386">
     <span class='ocr_line' id='line_1_57' title="bbox 135 3309 1685 3386; baseline 0.005 -26"><span class='ocrx_word' id='word_1_449' title='bbox 135 3309 233 3374; x_wconf 73' lang='grc' dir='ltr'>ἑνὸς</span> <span class='ocrx_word' id='word_1_450' title='bbox 263 3311 473 3381; x_wconf 76' lang='grc' dir='ltr'>ἐλέγετο</span> <span class='ocrx_word' id='word_1_451' title='bbox 510 3314 823 3385; x_wconf 82' lang='grc' dir='ltr'>προσώπου,</span> <span class='ocrx_word' id='word_1_452' title='bbox 858 3315 995 3385; x_wconf 83' lang='grc' dir='ltr'>ὅπερ</span> <span class='ocrx_word' id='word_1_453' title='bbox 1025 3315 1168 3379; x_wconf 87' lang='grc' dir='ltr'>τίνος</span> <span class='ocrx_word' id='word_1_454' title='bbox 1200 3310 1268 3386; x_wconf 79' lang='grc' dir='ltr'>ἦν</span> <span class='ocrx_word' id='word_1_455' title='bbox 1310 3314 1685 3368; x_wconf 85' lang='grc' dir='ltr'>ἀποδέδεικται</span> 
     </span>
    </p>
   </div>
   <div class='ocr_carea' id='block_1_58' title="bbox 136 3400 1686 3477">
    <p class='ocr_par' dir='ltr' id='par_1_58' title="bbox 136 3400 1686 3477">
     <span class='ocr_line' id='line_1_58' title="bbox 136 3400 1686 3477; baseline 0.005 -27"><span class='ocrx_word' id='word_1_456' title='bbox 136 3400 221 3469; x_wconf 84' lang='grc' dir='ltr'>μὲν</span> <span class='ocrx_word' id='word_1_457' title='bbox 268 3404 327 3456; x_wconf 78' lang='grc' dir='ltr'>ἐκ</span> <span class='ocrx_word' id='word_1_458' title='bbox 356 3404 448 3457; x_wconf 83' lang='grc' dir='ltr'>τοῦ</span> <span class='ocrx_word' id='word_1_459' title='bbox 498 3405 683 3459; x_wconf 74' lang='grc' dir='ltr'>αὑτοῦ.</span> <span class='ocrx_word' id='word_1_460' title='bbox 733 3406 1269 3477; x_wconf 76' lang='grc' dir='ltr'>Συμπαραλαμϐάνει</span> <span class='ocrx_word' id='word_1_461' title='bbox 1303 3406 1359 3459; x_wconf 87' lang='grc' dir='ltr'>δὲ</span> <span class='ocrx_word' id='word_1_462' title='bbox 1401 3406 1493 3459; x_wconf 75' lang='grc' dir='ltr'>καὶ</span> <span class='ocrx_word' id='word_1_463' title='bbox 1524 3406 1686 3477; x_wconf 75' lang='grc' dir='ltr'>ἕτερα</span> 
     </span>
    </p>
   </div>
   <div class='ocr_carea' id='block_1_59' title="bbox 134 3490 1685 3568">
    <p class='ocr_par' dir='ltr' id='par_1_59' title="bbox 134 3490 1685 3568">
     <span class='ocr_line' id='line_1_59' title="bbox 134 3490 1685 3568; baseline 0.005 -27"><span class='ocrx_word' id='word_1_464' title='bbox 134 3490 454 3559; x_wconf 79' lang='grc' dir='ltr'>ὑποκαταϐὰς</span> <span class='ocrx_word' id='word_1_465' title='bbox 504 3495 603 3565; x_wconf 73' lang='grc' dir='ltr'>τῆς</span> <span class='ocrx_word' id='word_1_466' title='bbox 641 3494 803 3548; x_wconf 81' lang='grc' dir='ltr'>αὐτοῦ</span> <span class='ocrx_word' id='word_1_467' title='bbox 834 3496 1107 3568; x_wconf 85' lang='grc' dir='ltr'>θεότητος,</span> <span class='ocrx_word' id='word_1_468' title='bbox 1140 3497 1234 3550; x_wconf 58' lang='grc' dir='ltr'>καὶ⁵</span> <span class='ocrx_word' id='word_1_469' title='bbox 1274 3496 1685 3568; x_wconf 85' lang='grc' dir='ltr'>ἀνθρωπινώτε-</span> 
     </span>
    </p>
   </div>
   <div class='ocr_carea' id='block_1_60' title="bbox 133 3580 1686 3659">
    <p class='ocr_par' dir='ltr' id='par_1_60' title="bbox 133 3580 1686 3659">
     <span class='ocr_line' id='line_1_60' title="bbox 133 3580 1686 3659; baseline 0.005 -26"><span class='ocrx_word' id='word_1_470' title='bbox 133 3599 211 3650; x_wconf 86' lang='grc' dir='ltr'>ρον</span> <span class='ocrx_word' id='word_1_471' title='bbox 246 3583 631 3657; x_wconf 73' lang='grc' dir='ltr'>φθεγγόμενος,</span> <span class='ocrx_word' id='word_1_472' title='bbox 666 3587 742 3650; x_wconf 86' lang='grc' dir='ltr'>ὠς</span> <span class='ocrx_word' id='word_1_473' title='bbox 772 3587 837 3640; x_wconf 81' lang='grc' dir='ltr'>ἂν</span> <span class='ocrx_word' id='word_1_474' title='bbox 872 3589 933 3640; x_wconf 83' lang='grc' dir='ltr'>ἐκ</span> <span class='ocrx_word' id='word_1_475' title='bbox 981 3587 1272 3659; x_wconf 80' lang='grc' dir='ltr'>προσώπου</span> <span class='ocrx_word' id='word_1_476' title='bbox 1306 3580 1366 3641; x_wconf 72' lang='grc' dir='ltr'>οὗ</span> <span class='ocrx_word' id='word_1_477' title='bbox 1400 3588 1686 3658; x_wconf 78' lang='grc' dir='ltr'>ἀνείληφεν</span> 
     </span>
    </p>
   </div>
   <div class='ocr_carea' id='block_1_61' title="bbox 131 3671 1687 3749">
    <p class='ocr_par' dir='ltr' id='par_1_61' title="bbox 131 3671 1687 3749">
     <span class='ocr_line' id='line_1_61' title="bbox 131 3671 1687 3749; baseline 0.005 -26"><span class='ocrx_word' id='word_1_478' title='bbox 131 3671 389 3742; x_wconf 84' lang='grc' dir='ltr'>ἀνθρώπου</span> <span class='ocrx_word' id='word_1_479' title='bbox 424 3675 521 3729; x_wconf 75' lang='grc' dir='ltr'>τοῦ</span> <span class='ocrx_word' id='word_1_480' title='bbox 553 3676 844 3746; x_wconf 78' lang='grc' dir='ltr'>γενομένου</span> <span class='ocrx_word' id='word_1_481' title='bbox 885 3676 948 3728; x_wconf 79' lang='grc' dir='ltr'>ἐκ</span> <span class='ocrx_word' id='word_1_482' title='bbox 993 3677 1304 3749; x_wconf 87' lang='grc' dir='ltr'>σπέρματος</span> <span class='ocrx_word' id='word_1_483' title='bbox 1349 3675 1507 3729; x_wconf 81' lang='grc' dir='ltr'>Δαυῒδ</span> <span class='ocrx_word' id='word_1_484' title='bbox 1549 3678 1687 3731; x_wconf 71' lang='grc' dir='ltr'>κατὰ</span> 
     </span>
    </p>
   </div>
   <div class='ocr_carea' id='block_1_62' title="bbox 134 3760 1685 3840">
    <p class='ocr_par' dir='ltr' id='par_1_62' title="bbox 134 3760 1685 3840">
     <span class='ocr_line' id='line_1_62' title="bbox 134 3760 1685 3840; baseline 0.005 -26"><span class='ocrx_word' id='word_1_485' title='bbox 134 3764 318 3836; x_wconf 81' lang='grc' dir='ltr'>σάρκα·</span> <span class='ocrx_word' id='word_1_486' title='bbox 363 3760 421 3821; x_wconf 72' lang='grc' dir='ltr'>οὗ</span> <span class='ocrx_word' id='word_1_487' title='bbox 459 3769 563 3839; x_wconf 84' lang='grc' dir='ltr'>τὴν</span> <span class='ocrx_word' id='word_1_488' title='bbox 611 3769 821 3837; x_wconf 89' lang='grc' dir='ltr'>γένεσιν</span> <span class='ocrx_word' id='word_1_489' title='bbox 874 3768 1075 3840; x_wconf 82' lang='grc' dir='ltr'>ἱστορεῖ</span> <span class='ocrx_word' id='word_1_490' title='bbox 1120 3770 1180 3822; x_wconf 87' lang='grc' dir='ltr'>τὸ</span> <span class='ocrx_word' id='word_1_491' title='bbox 1212 3767 1540 3837; x_wconf 81' lang='grc' dir='ltr'>Εὑαγγέλιον</span> <span class='ocrx_word' id='word_1_492' title='bbox 1581 3770 1685 3837; x_wconf 78' lang='grc' dir='ltr'>φά-</span> 
     </span>
    </p>
   </div>
   <div class='ocr_carea' id='block_1_63' title="bbox 132 3860 1686 3932">
    <p class='ocr_par' dir='ltr' id='par_1_63' title="bbox 132 3860 1686 3932">
     <span class='ocr_line' id='line_1_63' title="bbox 132 3860 1686 3932; baseline 0.003 -22"><span class='ocrx_word' id='word_1_493' title='bbox 132 3873 280 3911; x_wconf 78' lang='grc' dir='ltr'>σκον·</span> <span class='ocrx_word' id='word_1_494' title='bbox 334 3862 554 3928; x_wconf 73' lang='grc' dir='ltr'>Βίϐλος</span> <span class='ocrx_word' id='word_1_495' title='bbox 614 3862 908 3932; x_wconf 82' lang='grc' dir='ltr'>γενέσεως</span> <span class='ocrx_word' id='word_1_496' title='bbox 979 3861 1183 3931; x_wconf 81' lang='grc' dir='ltr'>Ἰησοῦ</span> <span class='ocrx_word' id='word_1_497' title='bbox 1232 3861 1490 3929; x_wconf 83' lang='grc' dir='ltr'>Χριστοῦ</span> <span class='ocrx_word' id='word_1_498' title='bbox 1552 3860 1686 3915; x_wconf 84' lang='grc' dir='ltr'>υίοῦ</span> 
     </span>
    </p>
   </div>
   <div class='ocr_carea' id='block_1_64' title="bbox 130 3951 1687 4025">
    <p class='ocr_par' dir='ltr' id='par_1_64' title="bbox 130 3951 1687 4025">
     <span class='ocr_line' id='line_1_64' title="bbox 130 3951 1687 4025; baseline 0.003 -24"><span class='ocrx_word' id='word_1_499' title='bbox 130 3951 309 4016; x_wconf 77' lang='grc' dir='ltr'>Δαυῒδ,</span> <span class='ocrx_word' id='word_1_500' title='bbox 352 3955 489 4009; x_wconf 80' lang='grc' dir='ltr'>υἱοῦ</span> <span class='ocrx_word' id='word_1_501' title='bbox 548 3954 815 4023; x_wconf 79' lang='grc' dir='ltr'>Ἀϐραάμ.</span> <span class='ocrx_word' id='word_1_502' title='bbox 869 3954 1066 4025; x_wconf 87' lang='grc' dir='ltr'>Διόπερ</span> <span class='ocrx_word' id='word_1_503' title='bbox 1132 3954 1687 4025; x_wconf 77' lang='grc' dir='ltr'>συμπαραλαμὸἀνων</span> 
     </span>
    </p>
   </div>
   <div class='ocr_carea' id='block_1_65' title="bbox 127 4042 1688 4116">
    <p class='ocr_par' dir='ltr' id='par_1_65' title="bbox 127 4042 1688 4116">
     <span class='ocr_line' id='line_1_65' title="bbox 127 4042 1688 4116; baseline 0 -22"><span class='ocrx_word' id='word_1_504' title='bbox 127 4043 237 4104; x_wconf 69' lang='grc' dir='ltr'>τοὺς</span> <span class='ocrx_word' id='word_1_505' title='bbox 266 4045 405 4097; x_wconf 87' lang='grc' dir='ltr'>κατά</span> <span class='ocrx_word' id='word_1_506' title='bbox 434 4045 615 4116; x_wconf 86' lang='grc' dir='ltr'>σάρκα</span> <span class='ocrx_word' id='word_1_507' title='bbox 644 4046 922 4115; x_wconf 84' lang='grc' dir='ltr'>ὁμογενεῖς</span> <span class='ocrx_word' id='word_1_508' title='bbox 964 4044 1128 4097; x_wconf 79' lang='grc' dir='ltr'>αὐτοῦ</span> <span class='ocrx_word' id='word_1_509' title='bbox 1158 4043 1479 4114; x_wconf 86' lang='grc' dir='ltr'>γενομένους</span> <span class='ocrx_word' id='word_1_510' title='bbox 1515 4042 1688 4113; x_wconf 79' lang='grc' dir='ltr'>μαθη-</span> 
     </span>
    </p>
   </div>
   <div class='ocr_carea' id='block_1_66' title="bbox 128 4132 1688 4206">
    <p class='ocr_par' dir='ltr' id='par_1_66' title="bbox 128 4132 1688 4206">
     <span class='ocr_line' id='line_1_66' title="bbox 128 4132 1688 4206; baseline 0.003 -23"><span class='ocrx_word' id='word_1_511' title='bbox 128 4132 213 4195; x_wconf 81' lang='grc' dir='ltr'>τὰς</span> <span class='ocrx_word' id='word_1_512' title='bbox 255 4136 345 4188; x_wconf 70' lang='grc' dir='ltr'>καὶ</span> <span class='ocrx_word' id='word_1_513' title='bbox 403 4136 758 4199; x_wconf 84' lang='grc' dir='ltr'>ἀποστόλους,</span> <span class='ocrx_word' id='word_1_514' title='bbox 808 4134 1180 4206; x_wconf 84' lang='grc' dir='ltr'>πληθυντικῶς</span> <span class='ocrx_word' id='word_1_515' title='bbox 1234 4135 1563 4205; x_wconf 80' lang='grc' dir='ltr'>διεξέρχεται</span> <span class='ocrx_word' id='word_1_516' title='bbox 1617 4134 1688 4187; x_wconf 73' lang='grc' dir='ltr'>τὰ</span> 
     </span>
    </p>
   </div>
   <div class='ocr_carea' id='block_1_67' title="bbox 130 4224 1686 4297">
    <p class='ocr_par' dir='ltr' id='par_1_67' title="bbox 130 4224 1686 4297">
     <span class='ocr_line' id='line_1_67' title="bbox 130 4224 1686 4297; baseline 0.001 -21"><span class='ocrx_word' id='word_1_517' title='bbox 130 4224 251 4289; x_wconf 81' lang='grc' dir='ltr'>μετὰ</span> <span class='ocrx_word' id='word_1_518' title='bbox 281 4229 465 4297; x_wconf 85' lang='grc' dir='ltr'>χεῖρας</span> <span class='ocrx_word' id='word_1_519' title='bbox 500 4226 701 4295; x_wconf 83' lang='grc' dir='ltr'>λέγων’</span> <span class='ocrx_word' id='word_1_520' title='bbox 742 4227 888 4278; x_wconf 87' lang='grc' dir='ltr'>Ὅσα</span> <span class='ocrx_word' id='word_1_521' title='bbox 916 4226 1264 4295; x_wconf 72' lang='grc' dir='ltr'>ἠκούσαμεν</span> <span class='ocrx_word' id='word_1_522' title='bbox 1301 4224 1397 4277; x_wconf 79' lang='grc' dir='ltr'>καὶ</span> <span class='ocrx_word' id='word_1_523' title='bbox 1422 4225 1686 4294; x_wconf 61' lang='grc' dir='ltr'>ἔγνωμεν</span> 
     </span>
    </p>
   </div>
   <div class='ocr_carea' id='block_1_68' title="bbox 127 4315 1685 4391">
    <p class='ocr_par' dir='ltr' id='par_1_68' title="bbox 127 4315 1685 4391">
     <span class='ocr_line' id='line_1_68' title="bbox 127 4315 1685 4391; baseline 0.004 -26"><span class='ocrx_word' id='word_1_524' title='bbox 127 4315 283 4370; x_wconf 82' lang='grc' dir='ltr'>αὑτά.</span> <span class='ocrx_word' id='word_1_525' title='bbox 314 4318 441 4372; x_wconf 88' lang='grc' dir='ltr'>Ὅτε</span> <span class='ocrx_word' id='word_1_526' title='bbox 471 4319 569 4390; x_wconf 81' lang='grc' dir='ltr'>μὲν</span> <span class='ocrx_word' id='word_1_527' title='bbox 602 4319 710 4391; x_wconf 74' lang='grc' dir='ltr'>γὰρ</span> <span class='ocrx_word' id='word_1_528' title='bbox 739 4320 830 4374; x_wconf 87' lang='grc' dir='ltr'>τὸν</span> <span class='ocrx_word' id='word_1_529' title='bbox 853 4320 979 4373; x_wconf 82' lang='grc' dir='ltr'>λαὸν</span> <span class='ocrx_word' id='word_1_530' title='bbox 1006 4319 1198 4372; x_wconf 79' lang='grc' dir='ltr'>ἑαυτοῦ</span> <span class='ocrx_word' id='word_1_531' title='bbox 1223 4319 1556 4383; x_wconf 87' lang='grc' dir='ltr'>ἀνεκαλεῖτο,</span> <span class='ocrx_word' id='word_1_532' title='bbox 1593 4319 1685 4372; x_wconf 78' lang='grc' dir='ltr'>καὶ</span> 
     </span>
    </p>
   </div>
   <div class='ocr_carea' id='block_1_69' title="bbox 125 4408 1685 4481">
    <p class='ocr_par' dir='ltr' id='par_1_69' title="bbox 125 4408 1685 4481">
     <span class='ocr_line' id='line_1_69' title="bbox 125 4408 1685 4481; baseline 0.003 -25"><span class='ocrx_word' id='word_1_533' title='bbox 125 4408 303 4461; x_wconf 78' lang='grc' dir='ltr'>οἰκεῖον</span> <span class='ocrx_word' id='word_1_534' title='bbox 325 4412 490 4481; x_wconf 79' lang='grc' dir='ltr'>νόμον</span> <span class='ocrx_word' id='word_1_535' title='bbox 513 4413 695 4475; x_wconf 81' lang='grc' dir='ltr'>αὐτοῖς</span> <span class='ocrx_word' id='word_1_536' title='bbox 727 4410 1117 4481; x_wconf 79' lang='grc' dir='ltr'>προύϐάλλετο,</span> <span class='ocrx_word' id='word_1_537' title='bbox 1143 4411 1372 4481; x_wconf 84' lang='grc' dir='ltr'>παρῄνει</span> <span class='ocrx_word' id='word_1_538' title='bbox 1398 4427 1458 4462; x_wconf 88' lang='grc' dir='ltr'>τε</span> <span class='ocrx_word' id='word_1_539' title='bbox 1486 4409 1685 4462; x_wconf 84' lang='grc' dir='ltr'>κλίνειν</span> 
     </span>
    </p>
   </div>
   <div class='ocr_carea' id='block_1_70' title="bbox 1789 3214 3358 3293">
    <p class='ocr_par' dir='ltr' id='par_1_70' title="bbox 1789 3214 3358 3293">
     <span class='ocr_line' id='line_1_70' title="bbox 1789 3214 3358 3293; baseline -0.005 -17"><span class='ocrx_word' id='word_1_540' title='bbox 1789 3235 1965 3293; x_wconf 86' lang='lat' dir='ltr'><strong>patres</strong></span> <span class='ocrx_word' id='word_1_541' title='bbox 2001 3222 2168 3275; x_wconf 86' lang='lat' dir='ltr'><strong>nostri</strong></span> <span class='ocrx_word' id='word_1_542' title='bbox 2217 3227 2567 3273; x_wconf 77' lang='lat' dir='ltr'><strong>narrarerunt</strong></span> <span class='ocrx_word' id='word_1_543' title='bbox 2605 3216 2775 3271; x_wconf 87' lang='lat' dir='ltr'><strong>nobis.</strong></span> <span class='ocrx_word' id='word_1_544' title='bbox 2814 3214 3003 3270; x_wconf 88' lang='lat' dir='ltr'><strong>Priora</strong></span> <span class='ocrx_word' id='word_1_545' title='bbox 3032 3215 3249 3284; x_wconf 90' lang='lat' dir='ltr'><strong>quidem</strong></span> <span class='ocrx_word' id='word_1_546' title='bbox 3286 3230 3358 3269; x_wconf 79' lang='lat' dir='ltr'><strong>ex</strong></span> 
     </span>
    </p>
   </div>
   <div class='ocr_carea' id='block_1_71' title="bbox 1789 3310 3357 3382">
    <p class='ocr_par' dir='ltr' id='par_1_71' title="bbox 1789 3310 3357 3382">
     <span class='ocr_line' id='line_1_71' title="bbox 1789 3310 3357 3382; baseline -0.007 -13"><span class='ocrx_word' id='word_1_547' title='bbox 1789 3315 1954 3369; x_wconf 89' lang='lat' dir='ltr'><strong>unius</strong></span> <span class='ocrx_word' id='word_1_548' title='bbox 1978 3327 2212 3382; x_wconf 88' lang='lat' dir='ltr'><strong>persona</strong></span> <span class='ocrx_word' id='word_1_549' title='bbox 2245 3310 2585 3372; x_wconf 88' lang='lat' dir='ltr'><strong>dicebantur,</strong></span> <span class='ocrx_word' id='word_1_550' title='bbox 2620 3322 2865 3376; x_wconf 76' lang='lat' dir='ltr'><strong>quaenam</strong></span> <span class='ocrx_word' id='word_1_551' title='bbox 2900 3320 3030 3359; x_wconf 86' lang='lat' dir='ltr'><strong>vero</strong></span> <span class='ocrx_word' id='word_1_552' title='bbox 3077 3320 3140 3359; x_wconf 89' lang='lat' dir='ltr'>ea</span> <span class='ocrx_word' id='word_1_553' title='bbox 3188 3314 3357 3370; x_wconf 86' lang='lat' dir='ltr'><strong>esset,</strong></span> 
     </span>
    </p>
   </div>
   <div class='ocr_carea' id='block_1_72' title="bbox 1788 3398 3356 3468">
    <p class='ocr_par' dir='ltr' id='par_1_72' title="bbox 1788 3398 3356 3468">
     <span class='ocr_line' id='line_1_72' title="bbox 1788 3398 3356 3468; baseline -0.01 -1"><span class='ocrx_word' id='word_1_554' title='bbox 1788 3427 1857 3467; x_wconf 83' lang='lat' dir='ltr'>ex</span> <span class='ocrx_word' id='word_1_555' title='bbox 1885 3409 2075 3465; x_wconf 88' lang='lat' dir='ltr'><strong>iisdem</strong></span> <span class='ocrx_word' id='word_1_556' title='bbox 2115 3406 2278 3462; x_wconf 89' lang='lat' dir='ltr'><strong>dictis</strong></span> <span class='ocrx_word' id='word_1_557' title='bbox 2323 3405 2755 3460; x_wconf 88' lang='lat' dir='ltr'><strong>demonstratum</strong></span> <span class='ocrx_word' id='word_1_558' title='bbox 2790 3408 2893 3456; x_wconf 88' lang='lat' dir='ltr'><strong>est.</strong></span> <span class='ocrx_word' id='word_1_559' title='bbox 2924 3398 3043 3453; x_wconf 80' lang='lat' dir='ltr'><strong>Alia</strong></span> <span class='ocrx_word' id='word_1_560' title='bbox 3085 3414 3213 3454; x_wconf 84' lang='lat' dir='ltr'><strong>vero</strong></span> <span class='ocrx_word' id='word_1_561' title='bbox 3242 3398 3356 3468; x_wconf 84' lang='lat' dir='ltr'>jam</span> 
     </span>
    </p>
   </div>
   <div class='ocr_carea' id='block_1_73' title="bbox 1790 3489 3357 3556">
    <p class='ocr_par' dir='ltr' id='par_1_73' title="bbox 1790 3489 3357 3556">
     <span class='ocr_line' id='line_1_73' title="bbox 1790 3489 3357 3556; baseline -0.009 0"><span class='ocrx_word' id='word_1_562' title='bbox 1790 3501 2022 3556; x_wconf 89' lang='lat' dir='ltr'><strong>assumit</strong></span> <span class='ocrx_word' id='word_1_563' title='bbox 2069 3513 2097 3551; x_wconf 92' lang='lat' dir='ltr'>a</span> <span class='ocrx_word' id='word_1_564' title='bbox 2146 3496 2347 3551; x_wconf 87' lang='lat' dir='ltr'><strong>deitate</strong></span> <span class='ocrx_word' id='word_1_565' title='bbox 2406 3510 2528 3551; x_wconf 81' lang='lat' dir='ltr'><strong>sese</strong></span> <span class='ocrx_word' id='word_1_566' title='bbox 2577 3491 2893 3555; x_wconf 85' lang='lat' dir='ltr'><strong>demittens,</strong></span> <span class='ocrx_word' id='word_1_567' title='bbox 2936 3498 2983 3544; x_wconf 81' lang='grc' dir='ltr'>ε·</span> <span class='ocrx_word' id='word_1_568' title='bbox 3034 3489 3357 3549; x_wconf 82' lang='lat' dir='ltr'><strong>humaniore</strong></span> 
     </span>
    </p>
   </div>
   <div class='ocr_carea' id='block_1_74' title="bbox 1789 3581 3355 3662">
    <p class='ocr_par' dir='ltr' id='par_1_74' title="bbox 1789 3581 3355 3662">
     <span class='ocr_line' id='line_1_74' title="bbox 1789 3581 3355 3662; baseline -0.009 -15"><span class='ocrx_word' id='word_1_569' title='bbox 1789 3595 2018 3662; x_wconf 90' lang='lat' dir='ltr'><strong>loquens</strong></span> <span class='ocrx_word' id='word_1_570' title='bbox 2066 3603 2239 3651; x_wconf 89' lang='lat' dir='ltr'><strong>more,</strong></span> <span class='ocrx_word' id='word_1_571' title='bbox 2268 3587 2425 3656; x_wconf 89' lang='lat' dir='ltr'><strong>quasi</strong></span> <span class='ocrx_word' id='word_1_572' title='bbox 2486 3600 2554 3639; x_wconf 80' lang='lat' dir='ltr'><strong>ex</strong></span> <span class='ocrx_word' id='word_1_573' title='bbox 2607 3597 2839 3653; x_wconf 82' lang='lat' dir='ltr'><strong>persona</strong></span> <span class='ocrx_word' id='word_1_574' title='bbox 2886 3581 3144 3638; x_wconf 84' lang='lat' dir='ltr'><strong>hominis.</strong></span> <span class='ocrx_word' id='word_1_575' title='bbox 3193 3596 3355 3650; x_wconf 89' lang='lat' dir='ltr'><strong>quem</strong></span> 
     </span>
    </p>
   </div>
   <div class='ocr_carea' id='block_1_75' title="bbox 1792 3669 3352 3750">
    <p class='ocr_par' dir='ltr' id='par_1_75' title="bbox 1792 3669 3352 3750">
     <span class='ocr_line' id='line_1_75' title="bbox 1792 3669 3352 3750; baseline -0.009 -13"><span class='ocrx_word' id='word_1_576' title='bbox 1792 3678 2093 3750; x_wconf 85' lang='lat' dir='ltr'><strong>assumpsit</strong></span> <span class='ocrx_word' id='word_1_577' title='bbox 2138 3693 2201 3733; x_wconf 80' lang='lat' dir='ltr'><strong>ex</strong></span> <span class='ocrx_word' id='word_1_578' title='bbox 2257 3678 2465 3731; x_wconf 87' lang='lat' dir='ltr'><strong>semine</strong></span> <span class='ocrx_word' id='word_1_579' title='bbox 2518 3671 2687 3726; x_wconf 79' lang='lat' dir='ltr'><strong>David</strong></span> <span class='ocrx_word' id='word_1_580' title='bbox 2735 3669 3035 3727; x_wconf 91' lang='lat' dir='ltr'><strong>secundum</strong></span> <span class='ocrx_word' id='word_1_581' title='bbox 3084 3684 3352 3724; x_wconf 89' lang='lat' dir='ltr'><strong>carnem:</strong></span> 
     </span>
    </p>
   </div>
   <div class='ocr_carea' id='block_1_76' title="bbox 1789 3758 3352 3841">
    <p class='ocr_par' dir='ltr' id='par_1_76' title="bbox 1789 3758 3352 3841">
     <span class='ocr_line' id='line_1_76' title="bbox 1789 3758 3352 3841; baseline -0.01 -15"><span class='ocrx_word' id='word_1_582' title='bbox 1789 3772 1950 3841; x_wconf 91' lang='lat' dir='ltr'><strong>cujus</strong></span> <span class='ocrx_word' id='word_1_583' title='bbox 1981 3768 2383 3840; x_wconf 77' lang='lat' dir='ltr'><strong>generationem</strong></span> <span class='ocrx_word' id='word_1_584' title='bbox 2403 3771 2589 3820; x_wconf 87' lang='lat' dir='ltr'><strong>narrat</strong></span> <span class='ocrx_word' id='word_1_585' title='bbox 2608 3760 2958 3832; x_wconf 81' lang='lat' dir='ltr'><strong>Evangelium</strong></span> <span class='ocrx_word' id='word_1_586' title='bbox 2983 3760 3070 3814; x_wconf 90' lang='lat' dir='ltr'>his</span> <span class='ocrx_word' id='word_1_587' title='bbox 3090 3758 3270 3814; x_wconf 82' lang='lat' dir='ltr'><strong>verbis</strong></span> <span class='ocrx_word' id='word_1_588' title='bbox 3289 3760 3308 3790; x_wconf 91' lang='lat'><strong><em>&quot;</em></strong></span> <span class='ocrx_word' id='word_1_589' title='bbox 3337 3775 3352 3810; x_wconf 89' lang='lat'><strong>:</strong></span> 
     </span>
    </p>
   </div>
   <div class='ocr_carea' id='block_1_77' title="bbox 1788 3850 3357 3931">
    <p class='ocr_par' dir='ltr' id='par_1_77' title="bbox 1788 3850 3357 3931">
     <span class='ocr_line' id='line_1_77' title="bbox 1788 3850 3357 3931; baseline -0.01 -13"><span class='ocrx_word' id='word_1_590' title='bbox 1788 3863 1945 3918; x_wconf 88' lang='lat' dir='ltr'><strong>Liber</strong></span> <span class='ocrx_word' id='word_1_591' title='bbox 1962 3860 2310 3931; x_wconf 87' lang='lat' dir='ltr'><strong>generationis</strong></span> <span class='ocrx_word' id='word_1_592' title='bbox 2344 3857 2472 3911; x_wconf 76' lang='lat' dir='ltr'><strong>Iesu</strong></span> <span class='ocrx_word' id='word_1_593' title='bbox 2498 3854 2699 3910; x_wconf 85' lang='lat' dir='ltr'><strong>Christi</strong></span> <span class='ocrx_word' id='word_1_594' title='bbox 2717 3854 2819 3922; x_wconf 83' lang='lat' dir='ltr'><strong>ﬁlii</strong></span> <span class='ocrx_word' id='word_1_595' title='bbox 2842 3851 3032 3919; x_wconf 79' lang='lat' dir='ltr'><strong>David,</strong></span> <span class='ocrx_word' id='word_1_596' title='bbox 3055 3852 3155 3920; x_wconf 84' lang='lat' dir='ltr'><strong>ﬁlii</strong></span> <span class='ocrx_word' id='word_1_597' title='bbox 3182 3850 3357 3903; x_wconf 81' lang='lat' dir='ltr'><strong>Abra-</strong></span> 
     </span>
    </p>
   </div>
   <div class='ocr_carea' id='block_1_78' title="bbox 1789 3942 3355 4019">
    <p class='ocr_par' dir='ltr' id='par_1_78' title="bbox 1789 3942 3355 4019">
     <span class='ocr_line' id='line_1_78' title="bbox 1789 3942 3355 4019; baseline -0.008 -11"><span class='ocrx_word' id='word_1_598' title='bbox 1789 3955 1933 4008; x_wconf 82' lang='lat' dir='ltr'><strong>ham.</strong></span> <span class='ocrx_word' id='word_1_599' title='bbox 1967 3950 2339 4019; x_wconf 83' lang='lat' dir='ltr'><strong>Quamobrem</strong></span> <span class='ocrx_word' id='word_1_600' title='bbox 2395 3946 2693 4015; x_wconf 88' lang='lat' dir='ltr'><strong>assumptis</strong></span> <span class='ocrx_word' id='word_1_601' title='bbox 2744 3958 2928 3998; x_wconf 90' lang='lat' dir='ltr'><strong>secum</strong></span> <span class='ocrx_word' id='word_1_602' title='bbox 2986 3942 3271 4013; x_wconf 90' lang='lat' dir='ltr'><strong>discipulis</strong></span> <span class='ocrx_word' id='word_1_603' title='bbox 3299 3950 3355 3997; x_wconf 89' lang='lat' dir='ltr'>et</span> 
     </span>
    </p>
   </div>
   <div class='ocr_carea' id='block_1_79' title="bbox 1791 4032 3355 4115">
    <p class='ocr_par' dir='ltr' id='par_1_79' title="bbox 1791 4032 3355 4115">
     <span class='ocr_line' id='line_1_79' title="bbox 1791 4032 3355 4115; baseline -0.008 -16"><span class='ocrx_word' id='word_1_604' title='bbox 1791 4044 2077 4115; x_wconf 89' lang='lat' dir='ltr'><strong>apostolis,</strong></span> <span class='ocrx_word' id='word_1_605' title='bbox 2119 4041 2212 4111; x_wconf 92' lang='lat' dir='ltr'>qui</span> <span class='ocrx_word' id='word_1_606' title='bbox 2269 4038 2573 4094; x_wconf 89' lang='lat' dir='ltr'><strong>secundum</strong></span> <span class='ocrx_word' id='word_1_607' title='bbox 2622 4050 2843 4093; x_wconf 89' lang='lat' dir='ltr'><strong>carnem</strong></span> <span class='ocrx_word' id='word_1_608' title='bbox 2897 4033 3141 4104; x_wconf 85' lang='lat' dir='ltr'><strong>ejusdem</strong></span> <span class='ocrx_word' id='word_1_609' title='bbox 3196 4032 3355 4102; x_wconf 83' lang='lat' dir='ltr'><strong>cujus</strong></span> 
     </span>
    </p>
   </div>
   <div class='ocr_carea' id='block_1_80' title="bbox 1790 4125 3351 4205">
    <p class='ocr_par' dir='ltr' id='par_1_80' title="bbox 1790 4125 3351 4205">
     <span class='ocr_line' id='line_1_80' title="bbox 1790 4125 3351 4205; baseline -0.006 -17"><span class='ocrx_word' id='word_1_610' title='bbox 1790 4136 1906 4205; x_wconf 88' lang='lat' dir='ltr'><strong>ipse</strong></span> <span class='ocrx_word' id='word_1_611' title='bbox 1929 4133 2143 4205; x_wconf 76' lang='lat' dir='ltr'><strong>generis</strong></span> <span class='ocrx_word' id='word_1_612' title='bbox 2169 4141 2347 4195; x_wconf 85' lang='lat' dir='ltr'><strong>erant,</strong></span> <span class='ocrx_word' id='word_1_613' title='bbox 2378 4127 2659 4200; x_wconf 84' lang='lat' dir='ltr'><strong>pluraliter</strong></span> <span class='ocrx_word' id='word_1_614' title='bbox 2692 4126 2807 4180; x_wconf 84' lang='lat' dir='ltr'><strong>haec</strong></span> <span class='ocrx_word' id='word_1_615' title='bbox 2839 4126 3093 4181; x_wconf 89' lang='lat' dir='ltr'><strong>edisserit</strong></span> <span class='ocrx_word' id='word_1_616' title='bbox 3122 4125 3310 4180; x_wconf 89' lang='lat' dir='ltr'><strong>dicens</strong></span> <span class='ocrx_word' id='word_1_617' title='bbox 3338 4144 3351 4178; x_wconf 92' lang='lat'><strong>:</strong></span> 
     </span>
    </p>
   </div>
   <div class='ocr_carea' id='block_1_81' title="bbox 1791 4216 3352 4295">
    <p class='ocr_par' dir='ltr' id='par_1_81' title="bbox 1791 4216 3352 4295">
     <span class='ocr_line' id='line_1_81' title="bbox 1791 4216 3352 4295; baseline -0.007 -15"><span class='ocrx_word' id='word_1_618' title='bbox 1791 4228 2007 4295; x_wconf 78' lang='lat' dir='ltr'><strong>Quanta</strong></span> <span class='ocrx_word' id='word_1_619' title='bbox 2038 4224 2335 4279; x_wconf 85' lang='lat' dir='ltr'><strong>audivimus</strong></span> <span class='ocrx_word' id='word_1_620' title='bbox 2362 4231 2412 4276; x_wconf 90' lang='lat' dir='ltr'>et</span> <span class='ocrx_word' id='word_1_621' title='bbox 2435 4221 2771 4292; x_wconf 82' lang='lat' dir='ltr'><strong>cognovimus</strong></span> <span class='ocrx_word' id='word_1_622' title='bbox 2802 4234 2887 4272; x_wconf 75' lang='lat' dir='ltr'>ea.</span> <span class='ocrx_word' id='word_1_623' title='bbox 2924 4216 3200 4288; x_wconf 84' lang='lat' dir='ltr'><strong>Siquidem</strong></span> <span class='ocrx_word' id='word_1_624' title='bbox 3228 4232 3352 4270; x_wconf 90' lang='lat' dir='ltr'>cum</span> 
     </span>
    </p>
   </div>
   <div class='ocr_carea' id='block_1_82' title="bbox 1791 4307 3354 4390">
    <p class='ocr_par' dir='ltr' id='par_1_82' title="bbox 1791 4307 3354 4390">
     <span class='ocr_line' id='line_1_82' title="bbox 1791 4307 3354 4390; baseline -0.01 -17"><span class='ocrx_word' id='word_1_625' title='bbox 1791 4319 2049 4390; x_wconf 89' lang='lat' dir='ltr'><strong>populum</strong></span> <span class='ocrx_word' id='word_1_626' title='bbox 2097 4331 2256 4371; x_wconf 90' lang='lat' dir='ltr'><strong>suum</strong></span> <span class='ocrx_word' id='word_1_627' title='bbox 2293 4314 2605 4377; x_wconf 85' lang='lat' dir='ltr'><strong>advocaret,</strong></span> <span class='ocrx_word' id='word_1_628' title='bbox 2640 4326 2702 4365; x_wconf 89' lang='lat' dir='ltr'>ac</span> <span class='ocrx_word' id='word_1_629' title='bbox 2749 4310 3023 4381; x_wconf 91' lang='lat' dir='ltr'><strong>propriam</strong></span> <span class='ocrx_word' id='word_1_630' title='bbox 3047 4307 3151 4378; x_wconf 90' lang='lat' dir='ltr'><strong>ipsi</strong></span> <span class='ocrx_word' id='word_1_631' title='bbox 3182 4308 3354 4376; x_wconf 78' lang='lat' dir='ltr'><strong>legem</strong></span> 
     </span>
    </p>
   </div>
   <div class='ocr_carea' id='block_1_83' title="bbox 1793 4395 3355 4480">
    <p class='ocr_par' dir='ltr' id='par_1_83' title="bbox 1793 4395 3355 4480">
     <span class='ocr_line' id='line_1_83' title="bbox 1793 4395 3355 4480; baseline -0.011 -16"><span class='ocrx_word' id='word_1_632' title='bbox 1793 4414 2141 4480; x_wconf 89' lang='lat' dir='ltr'><strong>proponeret,</strong></span> <span class='ocrx_word' id='word_1_633' title='bbox 2193 4406 2556 4474; x_wconf 83' lang='lat' dir='ltr'><strong>invitaretque</strong></span> <span class='ocrx_word' id='word_1_634' title='bbox 2599 4409 2659 4457; x_wconf 86' lang='lat' dir='ltr'>ut</span> <span class='ocrx_word' id='word_1_635' title='bbox 2700 4401 3028 4455; x_wconf 88' lang='lat' dir='ltr'><strong>inclinarent</strong></span> <span class='ocrx_word' id='word_1_636' title='bbox 3072 4410 3260 4451; x_wconf 84' lang='lat' dir='ltr'><strong>aurem</strong></span> <span class='ocrx_word' id='word_1_637' title='bbox 3285 4395 3355 4448; x_wconf 83' lang='lat' dir='ltr'>ad</span> 
     </span>
    </p>
   </div>
   <div class='ocr_carea' id='block_1_84' title="bbox 125 4487 1690 4576">
    <p class='ocr_par' dir='ltr' id='par_1_84' title="bbox 125 4497 1687 4576">
     <span class='ocr_line' id='line_1_84' title="bbox 125 4497 1687 4576; baseline 0.003 -26"><span class='ocrx_word' id='word_1_638' title='bbox 125 4498 177 4551; x_wconf 76' lang='grc' dir='ltr'>τὸ</span> <span class='ocrx_word' id='word_1_639' title='bbox 201 4497 287 4565; x_wconf 84' lang='grc' dir='ltr'>οὖς</span> <span class='ocrx_word' id='word_1_640' title='bbox 311 4507 423 4568; x_wconf 86' lang='grc' dir='ltr'>τοῖς</span> <span class='ocrx_word' id='word_1_641' title='bbox 449 4503 609 4558; x_wconf 78' lang='grc' dir='ltr'>αὑτοῦ</span> <span class='ocrx_word' id='word_1_642' title='bbox 646 4506 871 4576; x_wconf 81' lang='grc' dir='ltr'>ῥήμασι,</span> <span class='ocrx_word' id='word_1_643' title='bbox 910 4503 1006 4556; x_wconf 80' lang='grc' dir='ltr'>σὺν</span> <span class='ocrx_word' id='word_1_644' title='bbox 1038 4501 1319 4573; x_wconf 76' lang='grc' dir='ltr'>αὑθεντείᾳ</span> <span class='ocrx_word' id='word_1_645' title='bbox 1348 4502 1600 4572; x_wconf 73' lang='grc' dir='ltr'>βασιλικῇ</span> <span class='ocrx_word' id='word_1_646' title='bbox 1629 4500 1687 4565; x_wconf 77' lang='grc' dir='ltr'>ἐξ</span> 
     </span>
    </p>
   </div>
   <div class='ocr_carea' id='block_1_85' title="bbox 1793 4487 3354 4576">
    <p class='ocr_par' dir='ltr' id='par_1_85' title="bbox 1793 4487 3354 4565">
     <span class='ocr_line' id='line_1_85' title="bbox 1793 4487 3354 4565; baseline -0.011 -9"><span class='ocrx_word' id='word_1_647' title='bbox 1793 4502 1957 4557; x_wconf 83' lang='lat' dir='ltr'><strong>verba</strong></span> <span class='ocrx_word' id='word_1_648' title='bbox 1993 4514 2114 4563; x_wconf 90' lang='lat' dir='ltr'><strong>sua,</strong></span> <span class='ocrx_word' id='word_1_649' title='bbox 2145 4497 2471 4552; x_wconf 88' lang='lat' dir='ltr'><strong>auctoritate</strong></span> <span class='ocrx_word' id='word_1_650' title='bbox 2509 4495 2656 4565; x_wconf 78' lang='lat' dir='ltr'><strong>regia</strong></span> <span class='ocrx_word' id='word_1_651' title='bbox 2699 4508 2767 4549; x_wconf 85' lang='lat' dir='ltr'><strong>ex</strong></span> <span class='ocrx_word' id='word_1_652' title='bbox 2809 4492 2972 4547; x_wconf 92' lang='lat' dir='ltr'><strong>unius</strong></span> <span class='ocrx_word' id='word_1_653' title='bbox 3004 4501 3236 4558; x_wconf 88' lang='lat' dir='ltr'><strong>persona</strong></span> <span class='ocrx_word' id='word_1_654' title='bbox 3256 4487 3354 4540; x_wconf 86' lang='lat' dir='ltr'><strong>ad-</strong></span> 
     </span>
    </p>
   </div>
   <div class='ocr_carea' id='block_1_86' title="bbox 124 4590 1680 4667">
    <p class='ocr_par' dir='ltr' id='par_1_86' title="bbox 124 4590 1680 4667">
     <span class='ocr_line' id='line_1_86' title="bbox 124 4590 1680 4667; baseline 0.002 -26"><span class='ocrx_word' id='word_1_655' title='bbox 124 4590 230 4655; x_wconf 80' lang='grc' dir='ltr'>ὲνδς</span> <span class='ocrx_word' id='word_1_656' title='bbox 255 4595 547 4666; x_wconf 82' lang='grc' dir='ltr'>προσώπου</span> <span class='ocrx_word' id='word_1_657' title='bbox 577 4594 907 4667; x_wconf 81' lang='grc' dir='ltr'>προεφέρετο</span> <span class='ocrx_word' id='word_1_658' title='bbox 929 4593 1028 4665; x_wconf 83' lang='grc' dir='ltr'>τὴν</span> <span class='ocrx_word' id='word_1_659' title='bbox 1058 4593 1429 4663; x_wconf 86' lang='grc' dir='ltr'>παραγγελίαν</span> <span class='ocrx_word' id='word_1_660' title='bbox 1446 4609 1460 4623; x_wconf 75' lang='grc'><strong>⁴</strong></span> <span class='ocrx_word' id='word_1_661' title='bbox 1485 4591 1580 4645; x_wconf 78' lang='grc' dir='ltr'>νῦν</span> <span class='ocrx_word' id='word_1_662' title='bbox 1603 4591 1680 4655; x_wconf 85' lang='grc' dir='ltr'>δὲ,</span> 
     </span>
    </p>
   </div>
   <div class='ocr_carea' id='block_1_87' title="bbox 123 4681 1684 4758">
    <p class='ocr_par' dir='ltr' id='par_1_87' title="bbox 123 4681 1684 4758">
     <span class='ocr_line' id='line_1_87' title="bbox 123 4681 1684 4758; baseline 0.003 -26"><span class='ocrx_word' id='word_1_663' title='bbox 123 4681 201 4734; x_wconf 83' lang='grc' dir='ltr'>ὅτε</span> <span class='ocrx_word' id='word_1_664' title='bbox 218 4685 323 4738; x_wconf 84' lang='grc' dir='ltr'>τῶν</span> <span class='ocrx_word' id='word_1_665' title='bbox 346 4688 590 4741; x_wconf 84' lang='grc' dir='ltr'>παλαιῶν</span> <span class='ocrx_word' id='word_1_666' title='bbox 618 4688 1057 4758; x_wconf 85' lang='grc' dir='ltr'>ἀναγνωσμάτων</span> <span class='ocrx_word' id='word_1_667' title='bbox 1082 4688 1429 4758; x_wconf 69' lang='grc' dir='ltr'>ἐπιτέμνεται</span> <span class='ocrx_word' id='word_1_668' title='bbox 1453 4685 1551 4757; x_wconf 83' lang='grc' dir='ltr'>τὴν</span> <span class='ocrx_word' id='word_1_669' title='bbox 1576 4685 1684 4755; x_wconf 86' lang='grc' dir='ltr'>διή-</span> 
     </span>
    </p>
   </div>
   <div class='ocr_carea' id='block_1_88' title="bbox 123 4776 1683 4851">
    <p class='ocr_par' dir='ltr' id='par_1_88' title="bbox 123 4776 1683 4851">
     <span class='ocr_line' id='line_1_88' title="bbox 123 4776 1683 4851; baseline 0.001 -23"><span class='ocrx_word' id='word_1_670' title='bbox 123 4790 289 4846; x_wconf 87' lang='grc' dir='ltr'>γησιν,</span> <span class='ocrx_word' id='word_1_671' title='bbox 326 4782 620 4835; x_wconf 88' lang='grc' dir='ltr'>κοινοποιεῖ</span> <span class='ocrx_word' id='word_1_672' title='bbox 647 4781 735 4834; x_wconf 82' lang='grc' dir='ltr'>τὸν</span> <span class='ocrx_word' id='word_1_673' title='bbox 765 4780 919 4848; x_wconf 89' lang='grc' dir='ltr'>λόγον</span> <span class='ocrx_word' id='word_1_674' title='bbox 948 4781 1378 4851; x_wconf 80' lang='grc' dir='ltr'>ὑπομιμνήσκων</span> <span class='ocrx_word' id='word_1_675' title='bbox 1408 4777 1479 4830; x_wconf 85' lang='grc' dir='ltr'>τὰ</span> <span class='ocrx_word' id='word_1_676' title='bbox 1517 4776 1683 4830; x_wconf 80' lang='grc' dir='ltr'>πάλαι</span> 
     </span>
    </p>
   </div>
   <div class='ocr_carea' id='block_1_89' title="bbox 123 4869 1685 4945">
    <p class='ocr_par' dir='ltr' id='par_1_89' title="bbox 123 4869 1685 4945">
     <span class='ocr_line' id='line_1_89' title="bbox 123 4869 1685 4945; baseline -0.001 -22"><span class='ocrx_word' id='word_1_677' title='bbox 123 4873 497 4943; x_wconf 82' lang='grc' dir='ltr'>πεπραγμένα,</span> <span class='ocrx_word' id='word_1_678' title='bbox 518 4873 612 4929; x_wconf 77' lang='grc' dir='ltr'>καὶ</span> <span class='ocrx_word' id='word_1_679' title='bbox 631 4873 705 4938; x_wconf 82' lang='grc' dir='ltr'>ὡς</span> <span class='ocrx_word' id='word_1_680' title='bbox 725 4872 790 4928; x_wconf 84' lang='grc' dir='ltr'>ἂν</span> <span class='ocrx_word' id='word_1_681' title='bbox 817 4877 927 4938; x_wconf 89' lang='grc' dir='ltr'>τοῖς</span> <span class='ocrx_word' id='word_1_682' title='bbox 951 4876 1084 4928; x_wconf 81' lang='grc' dir='ltr'>πᾶσι</span> <span class='ocrx_word' id='word_1_683' title='bbox 1103 4872 1352 4945; x_wconf 83' lang='grc' dir='ltr'>γνώριμα</span> <span class='ocrx_word' id='word_1_684' title='bbox 1374 4869 1685 4939; x_wconf 80' lang='grc' dir='ltr'>ἐπαναλαμ-</span> 
     </span>
    </p>
   </div>
   <div class='ocr_carea' id='block_1_90' title="bbox 122 4959 1686 5037">
    <p class='ocr_par' dir='ltr' id='par_1_90' title="bbox 122 4959 1686 5037">
     <span class='ocr_line' id='line_1_90' title="bbox 122 4959 1686 5037; baseline -0.002 -21"><span class='ocrx_word' id='word_1_685' title='bbox 122 4959 283 5018; x_wconf 74' lang='grc' dir='ltr'>ϐάνων</span> <span class='ocrx_word' id='word_1_686' title='bbox 311 4967 380 5020; x_wconf 87' lang='grc' dir='ltr'>τά</span> <span class='ocrx_word' id='word_1_687' title='bbox 413 4966 523 5020; x_wconf 83' lang='grc' dir='ltr'>ἀπὸ</span> <span class='ocrx_word' id='word_1_688' title='bbox 549 4967 645 5037; x_wconf 85' lang='grc' dir='ltr'>τῆς</span> <span class='ocrx_word' id='word_1_689' title='bbox 683 4966 956 5035; x_wconf 82' lang='grc' dir='ltr'>ἱστορικῆς</span> <span class='ocrx_word' id='word_1_690' title='bbox 985 4965 1205 5037; x_wconf 72' lang='grc' dir='ltr'>Γραφῆς</span> <span class='ocrx_word' id='word_1_691' title='bbox 1238 4962 1555 5034; x_wconf 86' lang='grc' dir='ltr'>δηλούμενα.</span> <span class='ocrx_word' id='word_1_692' title='bbox 1595 4959 1686 5013; x_wconf 89' lang='grc' dir='ltr'>Διό</span> 
     </span>
    </p>
   </div>
   <div class='ocr_carea' id='block_1_91' title="bbox 123 5051 1685 5126">
    <p class='ocr_par' dir='ltr' id='par_1_91' title="bbox 123 5051 1685 5126">
     <span class='ocr_line' id='line_1_91' title="bbox 123 5051 1685 5126; baseline -0.012 -5"><span class='ocrx_word' id='word_1_693' title='bbox 123 5069 298 5125; x_wconf 77' lang='grc' dir='ltr'>φησιν’</span> <span class='ocrx_word' id='word_1_694' title='bbox 321 5058 473 5111; x_wconf 90' lang='grc' dir='ltr'>Ὅσα</span> <span class='ocrx_word' id='word_1_695' title='bbox 492 5058 838 5126; x_wconf 79' lang='grc' dir='ltr'>ἠκούσαμεν</span> <span class='ocrx_word' id='word_1_696' title='bbox 852 5055 950 5109; x_wconf 73' lang='grc' dir='ltr'>καὶ</span> <span class='ocrx_word' id='word_1_697' title='bbox 973 5056 1237 5126; x_wconf 71' lang='grc' dir='ltr'>ἔγνωμεν</span> <span class='ocrx_word' id='word_1_698' title='bbox 1257 5052 1428 5109; x_wconf 83' lang='grc' dir='ltr'>αὑτά.</span> <span class='ocrx_word' id='word_1_699' title='bbox 1445 5052 1519 5106; x_wconf 80' lang='grc' dir='ltr'>Οὐ</span> <span class='ocrx_word' id='word_1_700' title='bbox 1552 5051 1685 5104; x_wconf 87' lang='grc' dir='ltr'>πάν-</span> 
     </span>
    </p>
   </div>
   <div class='ocr_carea' id='block_1_92' title="bbox 119 5140 1683 5213">
    <p class='ocr_par' dir='ltr' id='par_1_92' title="bbox 119 5140 1683 5213">
     <span class='ocr_line' id='line_1_92' title="bbox 119 5140 1683 5213; baseline 0 -21"><span class='ocrx_word' id='word_1_701' title='bbox 119 5156 219 5195; x_wconf 84' lang='grc' dir='ltr'>των</span> <span class='ocrx_word' id='word_1_702' title='bbox 247 5141 301 5197; x_wconf 84' lang='grc' dir='ltr'>δέ</span> <span class='ocrx_word' id='word_1_703' title='bbox 337 5147 457 5198; x_wconf 75' lang='grc' dir='ltr'>ἐστι</span> <span class='ocrx_word' id='word_1_704' title='bbox 481 5145 541 5198; x_wconf 84' lang='grc' dir='ltr'>τὸ</span> <span class='ocrx_word' id='word_1_705' title='bbox 570 5144 788 5199; x_wconf 82' lang='grc' dir='ltr'>ἀκούειν</span> <span class='ocrx_word' id='word_1_706' title='bbox 827 5145 919 5198; x_wconf 77' lang='grc' dir='ltr'>καὶ</span> <span class='ocrx_word' id='word_1_707' title='bbox 954 5143 1256 5213; x_wconf 80' lang='grc' dir='ltr'>γινώσκειν,</span> <span class='ocrx_word' id='word_1_708' title='bbox 1287 5141 1400 5196; x_wconf 80' lang='grc' dir='ltr'>ἀλλ’</span> <span class='ocrx_word' id='word_1_709' title='bbox 1432 5141 1466 5212; x_wconf 81' lang='grc' dir='ltr'>ἢ</span> <span class='ocrx_word' id='word_1_710' title='bbox 1509 5140 1683 5212; x_wconf 89' lang='grc' dir='ltr'>μόνων</span> 
     </span>
    </p>
   </div>
   <div class='ocr_carea' id='block_1_93' title="bbox 119 5230 1685 5307">
    <p class='ocr_par' dir='ltr' id='par_1_93' title="bbox 119 5230 1685 5307">
     <span class='ocr_line' id='line_1_93' title="bbox 119 5230 1685 5307; baseline 0.001 -22"><span class='ocrx_word' id='word_1_711' title='bbox 119 5235 217 5286; x_wconf 76' lang='grc' dir='ltr'>τῶν</span> <span class='ocrx_word' id='word_1_712' title='bbox 247 5237 535 5292; x_wconf 86' lang='grc' dir='ltr'>συνιέντων</span> <span class='ocrx_word' id='word_1_713' title='bbox 571 5239 697 5302; x_wconf 78' lang='grc' dir='ltr'>τοὺς</span> <span class='ocrx_word' id='word_1_714' title='bbox 746 5238 955 5307; x_wconf 88' lang='grc' dir='ltr'>λόγους.</span> <span class='ocrx_word' id='word_1_715' title='bbox 990 5236 1085 5289; x_wconf 81' lang='grc' dir='ltr'>Διδ</span> <span class='ocrx_word' id='word_1_716' title='bbox 1128 5237 1222 5291; x_wconf 64' lang='grc' dir='ltr'>κοιλ⁸</span> <span class='ocrx_word' id='word_1_717' title='bbox 1260 5237 1288 5288; x_wconf 84' lang='grc' dir='ltr'>ὁ</span> <span class='ocrx_word' id='word_1_718' title='bbox 1312 5234 1573 5297; x_wconf 81' lang='grc' dir='ltr'>Φίλιππος</span> <span class='ocrx_word' id='word_1_719' title='bbox 1606 5230 1685 5304; x_wconf 82' lang='grc' dir='ltr'>τῷ</span> 
     </span>
    </p>
   </div>
   <div class='ocr_carea' id='block_1_94' title="bbox 118 5325 1684 5400">
    <p class='ocr_par' dir='ltr' id='par_1_94' title="bbox 118 5325 1684 5400">
     <span class='ocr_line' id='line_1_94' title="bbox 118 5325 1684 5400; baseline 0.001 -24"><span class='ocrx_word' id='word_1_720' title='bbox 118 5326 345 5400; x_wconf 70' lang='grc' dir='ltr'>εὐνούχῳ</span> <span class='ocrx_word' id='word_1_721' title='bbox 375 5329 557 5398; x_wconf 68' lang='grc' dir='ltr'>ἔλεγεν</span> <span class='ocrx_word' id='word_1_722' title='bbox 575 5348 589 5361; x_wconf 76' lang='grc' dir='ltr'><strong><em>ο</em></strong></span> <span class='ocrx_word' id='word_1_723' title='bbox 619 5325 772 5397; x_wconf 74' lang='grc' dir='ltr'>Ἀρα</span> <span class='ocrx_word' id='word_1_724' title='bbox 811 5326 1122 5398; x_wconf 84' lang='grc' dir='ltr'>γινώσκεις</span> <span class='ocrx_word' id='word_1_725' title='bbox 1150 5326 1189 5380; x_wconf 79' lang='lat' dir='ltr'>d</span> <span class='ocrx_word' id='word_1_726' title='bbox 1217 5325 1684 5397; x_wconf 60' lang='lat' dir='ltr'><strong>drartnbo’xstc;</strong></span> 
     </span>
    </p>
   </div>
   <div class='ocr_carea' id='block_1_95' title="bbox 131 5417 1685 5493">
    <p class='ocr_par' dir='ltr' id='par_1_95' title="bbox 131 5417 1685 5493">
     <span class='ocr_line' id='line_1_95' title="bbox 131 5417 1685 5493; baseline 0.001 -25"><span class='ocrx_word' id='word_1_727' title='bbox 131 5417 258 5471; x_wconf 79' lang='grc' dir='ltr'>Ἀλλ’</span> <span class='ocrx_word' id='word_1_728' title='bbox 288 5421 411 5475; x_wconf 70' lang='grc' dir='ltr'>οὐδὲ</span> <span class='ocrx_word' id='word_1_729' title='bbox 444 5424 605 5476; x_wconf 75' lang='grc' dir='ltr'>πᾶσιν</span> <span class='ocrx_word' id='word_1_730' title='bbox 632 5424 680 5475; x_wconf 86' lang='grc' dir='ltr'>οἱ</span> <span class='ocrx_word' id='word_1_731' title='bbox 704 5421 937 5493; x_wconf 84' lang='grc' dir='ltr'>πατέρες</span> <span class='ocrx_word' id='word_1_732' title='bbox 964 5418 1314 5490; x_wconf 78' lang='grc' dir='ltr'>διηγήσαντο.</span> <span class='ocrx_word' id='word_1_733' title='bbox 1349 5417 1463 5471; x_wconf 80' lang='grc' dir='ltr'>Οὐκ</span> <span class='ocrx_word' id='word_1_734' title='bbox 1489 5417 1685 5487; x_wconf 74' lang='grc' dir='ltr'>ἔχομεν</span> 
     </span>
    </p>
   </div>
   <div class='ocr_carea' id='block_1_96' title="bbox 117 5506 1682 5585">
    <p class='ocr_par' dir='ltr' id='par_1_96' title="bbox 117 5506 1682 5585">
     <span class='ocr_line' id='line_1_96' title="bbox 117 5506 1682 5585; baseline -0.003 -22"><span class='ocrx_word' id='word_1_735' title='bbox 117 5511 239 5576; x_wconf 77' lang='grc' dir='ltr'>γοῦν</span> <span class='ocrx_word' id='word_1_736' title='bbox 271 5514 436 5585; x_wconf 73' lang='grc' dir='ltr'>ἡμεῖς</span> <span class='ocrx_word' id='word_1_737' title='bbox 470 5516 516 5568; x_wconf 81' lang='lat' dir='ltr'>oi</span> <span class='ocrx_word' id='word_1_738' title='bbox 556 5515 614 5581; x_wconf 61' lang='lat' dir='ltr'>te</span> <span class='ocrx_word' id='word_1_739' title='bbox 646 5513 813 5567; x_wconf 85' lang='grc' dir='ltr'>ὲθνῶν</span> <span class='ocrx_word' id='word_1_740' title='bbox 850 5512 928 5583; x_wconf 84' lang='grc' dir='ltr'>τῷ</span> <span class='ocrx_word' id='word_1_741' title='bbox 955 5512 1084 5582; x_wconf 86' lang='grc' dir='ltr'>θείῳ</span> <span class='ocrx_word' id='word_1_742' title='bbox 1121 5509 1264 5580; x_wconf 87' lang='grc' dir='ltr'>λόγῳ</span> <span class='ocrx_word' id='word_1_743' title='bbox 1297 5506 1682 5579; x_wconf 78' lang='grc' dir='ltr'>προσελθόντες</span> 
     </span>
    </p>
   </div>
   <div class='ocr_carea' id='block_1_97' title="bbox 117 5599 1682 5678">
    <p class='ocr_par' dir='ltr' id='par_1_97' title="bbox 117 5599 1682 5678">
     <span class='ocr_line' id='line_1_97' title="bbox 117 5599 1682 5678; baseline -0.006 -19"><span class='ocrx_word' id='word_1_744' title='bbox 117 5602 461 5671; x_wconf 77' lang='grc' dir='ltr'>διδασκάλους</span> <span class='ocrx_word' id='word_1_745' title='bbox 525 5607 929 5678; x_wconf 71' lang='grc' dir='ltr'>ἐπιγράψασθαι</span> <span class='ocrx_word' id='word_1_746' title='bbox 974 5604 1082 5658; x_wconf 84' lang='grc' dir='ltr'>τῶν</span> <span class='ocrx_word' id='word_1_747' title='bbox 1129 5603 1287 5657; x_wconf 82' lang='grc' dir='ltr'>θείων</span> <span class='ocrx_word' id='word_1_748' title='bbox 1347 5599 1682 5672; x_wconf 81' lang='grc' dir='ltr'>μαθημάτων</span> 
     </span>
    </p>
   </div>
   <div class='ocr_carea' id='block_1_98' title="bbox 1790 4579 3353 4660">
    <p class='ocr_par' dir='ltr' id='par_1_98' title="bbox 1790 4579 3353 4660">
     <span class='ocr_line' id='line_1_98' title="bbox 1790 4579 3353 4660; baseline -0.011 -13"><span class='ocrx_word' id='word_1_749' title='bbox 1790 4592 2143 4647; x_wconf 86' lang='lat' dir='ltr'><strong>monitionem</strong></span> <span class='ocrx_word' id='word_1_750' title='bbox 2178 4589 2527 4660; x_wconf 81' lang='lat' dir='ltr'><strong>proferebat;</strong></span> <span class='ocrx_word' id='word_1_751' title='bbox 2568 4600 2713 4640; x_wconf 88' lang='lat' dir='ltr'><strong>nunc</strong></span> <span class='ocrx_word' id='word_1_752' title='bbox 2744 4599 2873 4640; x_wconf 79' lang='lat' dir='ltr'><strong>vero</strong></span> <span class='ocrx_word' id='word_1_753' title='bbox 2918 4596 3041 4635; x_wconf 92' lang='lat' dir='ltr'>cum</span> <span class='ocrx_word' id='word_1_754' title='bbox 3099 4579 3353 4648; x_wconf 90' lang='lat' dir='ltr'><strong>antiqua-</strong></span> 
     </span>
    </p>
   </div>
   <div class='ocr_carea' id='block_1_99' title="bbox 1790 4670 3355 4743">
    <p class='ocr_par' dir='ltr' id='par_1_99' title="bbox 1790 4670 3355 4743">
     <span class='ocr_line' id='line_1_99' title="bbox 1790 4670 3355 4743; baseline -0.01 -6"><span class='ocrx_word' id='word_1_755' title='bbox 1790 4698 1912 4737; x_wconf 88' lang='lat' dir='ltr'>rum</span> <span class='ocrx_word' id='word_1_756' title='bbox 1932 4682 2225 4736; x_wconf 88' lang='lat' dir='ltr'><strong>lectionum</strong></span> <span class='ocrx_word' id='word_1_757' title='bbox 2257 4678 2628 4734; x_wconf 82' lang='lat' dir='ltr'><strong>narrationem</strong></span> <span class='ocrx_word' id='word_1_758' title='bbox 2660 4672 2981 4743; x_wconf 86' lang='lat' dir='ltr'><strong>compendio</strong></span> <span class='ocrx_word' id='word_1_759' title='bbox 3016 4670 3203 4732; x_wconf 81' lang='lat' dir='ltr'><strong>refert,</strong></span> <span class='ocrx_word' id='word_1_760' title='bbox 3235 4684 3355 4724; x_wconf 90' lang='lat' dir='ltr'><strong>ser—</strong></span> 
     </span>
    </p>
   </div>
   <div class='ocr_carea' id='block_1_100' title="bbox 1790 4758 3352 4842">
    <p class='ocr_par' dir='ltr' id='par_1_100' title="bbox 1790 4758 3352 4842">
     <span class='ocr_line' id='line_1_100' title="bbox 1790 4758 3352 4842; baseline -0.011 -15"><span class='ocrx_word' id='word_1_761' title='bbox 1790 4788 2008 4828; x_wconf 87' lang='lat' dir='ltr'><strong>monem</strong></span> <span class='ocrx_word' id='word_1_762' title='bbox 2061 4771 2221 4842; x_wconf 82' lang='lat' dir='ltr'><strong>quasi</strong></span> <span class='ocrx_word' id='word_1_763' title='bbox 2280 4770 2336 4824; x_wconf 91' lang='lat' dir='ltr'>in</span> <span class='ocrx_word' id='word_1_764' title='bbox 2415 4765 2693 4821; x_wconf 88' lang='lat' dir='ltr'><strong>communi</strong></span> <span class='ocrx_word' id='word_1_765' title='bbox 2753 4762 3020 4827; x_wconf 87' lang='lat' dir='ltr'><strong>enuntiat,</strong></span> <span class='ocrx_word' id='word_1_766' title='bbox 3078 4760 3168 4814; x_wconf 88' lang='lat' dir='ltr'><strong>illa</strong></span> <span class='ocrx_word' id='word_1_767' title='bbox 3223 4758 3352 4812; x_wconf 88' lang='lat' dir='ltr'><strong>olim</strong></span> 
     </span>
    </p>
   </div>
   <div class='ocr_carea' id='block_1_101' title="bbox 1792 4848 3357 4934">
    <p class='ocr_par' dir='ltr' id='par_1_101' title="bbox 1792 4848 3357 4934">
     <span class='ocr_line' id='line_1_101' title="bbox 1792 4848 3357 4934; baseline -0.012 -16"><span class='ocrx_word' id='word_1_768' title='bbox 1792 4871 1945 4934; x_wconf 75' lang='lat' dir='ltr'><strong>gesta</strong></span> <span class='ocrx_word' id='word_1_769' title='bbox 1977 4874 2433 4923; x_wconf 86' lang='lat' dir='ltr'><strong>commemorans,</strong></span> <span class='ocrx_word' id='word_1_770' title='bbox 2460 4865 2515 4913; x_wconf 88' lang='lat' dir='ltr'>et</span> <span class='ocrx_word' id='word_1_771' title='bbox 2544 4871 2663 4926; x_wconf 70' lang='lat' dir='ltr'><strong>quae</strong></span> <span class='ocrx_word' id='word_1_772' title='bbox 2693 4853 2751 4908; x_wconf 87' lang='lat' dir='ltr'>in</span> <span class='ocrx_word' id='word_1_773' title='bbox 2786 4850 3014 4906; x_wconf 86' lang='lat' dir='ltr'><strong>historia</strong></span> <span class='ocrx_word' id='word_1_774' title='bbox 3058 4848 3357 4917; x_wconf 68' lang='lat' dir='ltr'><strong>Scriptura:</strong></span> 
     </span>
    </p>
   </div>
   <div class='ocr_carea' id='block_1_102' title="bbox 1793 4937 3357 5005">
    <p class='ocr_par' dir='ltr' id='par_1_102' title="bbox 1793 4937 3357 5005">
     <span class='ocr_line' id='line_1_102' title="bbox 1793 4937 3357 5005; baseline -0.01 0"><span class='ocrx_word' id='word_1_775' title='bbox 1793 4950 2044 5005; x_wconf 89' lang='lat' dir='ltr'><strong>feruntur</strong></span> <span class='ocrx_word' id='word_1_776' title='bbox 2097 4962 2198 5005; x_wconf 89' lang='lat' dir='ltr'>ceu</span> <span class='ocrx_word' id='word_1_777' title='bbox 2264 4947 2521 5003; x_wconf 88' lang='lat' dir='ltr'><strong>omnibus</strong></span> <span class='ocrx_word' id='word_1_778' title='bbox 2598 4953 2725 4998; x_wconf 80' lang='lat' dir='ltr'><strong>nota</strong></span> <span class='ocrx_word' id='word_1_779' title='bbox 2802 4956 3107 4996; x_wconf 86' lang='lat' dir='ltr'><strong>resumens.</strong></span> <span class='ocrx_word' id='word_1_780' title='bbox 3174 4937 3357 5004; x_wconf 77' lang='lat' dir='ltr'><strong>Quare</strong></span> 
     </span>
    </p>
   </div>
   <div class='ocr_carea' id='block_1_103' title="bbox 1790 5026 3357 5107">
    <p class='ocr_par' dir='ltr' id='par_1_103' title="bbox 1790 5026 3357 5107">
     <span class='ocr_line' id='line_1_103' title="bbox 1790 5026 3357 5107; baseline -0.009 -11"><span class='ocrx_word' id='word_1_781' title='bbox 1790 5042 1923 5096; x_wconf 82' lang='lat' dir='ltr'><strong>ait:</strong></span> <span class='ocrx_word' id='word_1_782' title='bbox 1976 5040 2191 5107; x_wconf 82' lang='lat' dir='ltr'><strong>Quanta</strong></span> <span class='ocrx_word' id='word_1_783' title='bbox 2259 5038 2554 5092; x_wconf 84' lang='lat' dir='ltr'><strong>audivimus</strong></span> <span class='ocrx_word' id='word_1_784' title='bbox 2614 5044 2664 5089; x_wconf 83' lang='lat' dir='ltr'>et</span> <span class='ocrx_word' id='word_1_785' title='bbox 2730 5032 3065 5102; x_wconf 83' lang='lat' dir='ltr'><strong>cognovimus</strong></span> <span class='ocrx_word' id='word_1_786' title='bbox 3119 5026 3357 5084; x_wconf 32' lang='lat' dir='ltr'><strong>ea..Non</strong></span> 
     </span>
    </p>
   </div>
   <div class='ocr_carea' id='block_1_104' title="bbox 1788 5121 3357 5205">
    <p class='ocr_par' dir='ltr' id='par_1_104' title="bbox 1788 5121 3357 5205">
     <span class='ocr_line' id='line_1_104' title="bbox 1788 5121 3357 5205; baseline -0.012 -15"><span class='ocrx_word' id='word_1_787' title='bbox 1788 5134 2031 5190; x_wconf 91' lang='lat' dir='ltr'><strong>omnium</strong></span> <span class='ocrx_word' id='word_1_788' title='bbox 2057 5147 2222 5205; x_wconf 89' lang='lat' dir='ltr'><strong>porro</strong></span> <span class='ocrx_word' id='word_1_789' title='bbox 2254 5139 2338 5186; x_wconf 89' lang='lat' dir='ltr'>est</span> <span class='ocrx_word' id='word_1_790' title='bbox 2360 5129 2547 5183; x_wconf 90' lang='lat' dir='ltr'><strong>audire</strong></span> <span class='ocrx_word' id='word_1_791' title='bbox 2580 5133 2634 5181; x_wconf 88' lang='lat' dir='ltr'>et</span> <span class='ocrx_word' id='word_1_792' title='bbox 2666 5138 3019 5196; x_wconf 82' lang='lat' dir='ltr'><strong>cognoscere,</strong></span> <span class='ocrx_word' id='word_1_793' title='bbox 3043 5121 3135 5177; x_wconf 90' lang='lat' dir='ltr'>sed</span> <span class='ocrx_word' id='word_1_794' title='bbox 3167 5135 3357 5175; x_wconf 86' lang='lat' dir='ltr'><strong>eorum</strong></span> 
     </span>
    </p>
   </div>
   <div class='ocr_carea' id='block_1_105' title="bbox 1785 5212 3357 5295">
    <p class='ocr_par' dir='ltr' id='par_1_105' title="bbox 1785 5212 3357 5295">
     <span class='ocr_line' id='line_1_105' title="bbox 1785 5212 3357 5295; baseline -0.01 -13"><span class='ocrx_word' id='word_1_795' title='bbox 1785 5235 1998 5282; x_wconf 88' lang='lat' dir='ltr'><strong>tantum</strong></span> <span class='ocrx_word' id='word_1_796' title='bbox 2033 5224 2127 5295; x_wconf 90' lang='lat' dir='ltr'>qui</span> <span class='ocrx_word' id='word_1_797' title='bbox 2168 5234 2473 5278; x_wconf 89' lang='lat' dir='ltr'><strong>sermonem</strong></span> <span class='ocrx_word' id='word_1_798' title='bbox 2525 5218 2855 5287; x_wconf 79' lang='lat' dir='ltr'><strong>intelligunt.</strong></span> <span class='ocrx_word' id='word_1_799' title='bbox 2887 5215 3097 5269; x_wconf 89' lang='lat' dir='ltr'><strong>Idcirco</strong></span> <span class='ocrx_word' id='word_1_800' title='bbox 3141 5212 3357 5266; x_wconf 85' lang='lat' dir='ltr'><strong>dicebat</strong></span> 
     </span>
    </p>
   </div>
   <div class='ocr_carea' id='block_1_106' title="bbox 1788 5302 3358 5384">
    <p class='ocr_par' dir='ltr' id='par_1_106' title="bbox 1788 5302 3358 5384">
     <span class='ocr_line' id='line_1_106' title="bbox 1788 5302 3358 5384; baseline -0.013 -9"><span class='ocrx_word' id='word_1_801' title='bbox 1788 5317 2039 5375; x_wconf 85' lang='lat' dir='ltr'><strong>eunucho</strong></span> <span class='ocrx_word' id='word_1_802' title='bbox 2064 5315 2347 5384; x_wconf 87' lang='lat' dir='ltr'><strong>Philippus</strong></span> <span class='ocrx_word' id='word_1_803' title='bbox 2379 5330 2391 5365; x_wconf 91' lang='lat'><strong>:</strong></span> <span class='ocrx_word' id='word_1_804' title='bbox 2431 5310 2666 5362; x_wconf 85' lang='lat' dir='ltr'><strong>Putasne</strong></span> <span class='ocrx_word' id='word_1_805' title='bbox 2706 5306 2959 5377; x_wconf 84' lang='lat' dir='ltr'><strong>intelligis</strong></span> <span class='ocrx_word' id='word_1_806' title='bbox 2991 5322 3108 5376; x_wconf 71' lang='lat' dir='ltr'><strong>qua:</strong></span> <span class='ocrx_word' id='word_1_807' title='bbox 3146 5302 3272 5373; x_wconf 82' lang='lat' dir='ltr'><strong>legis</strong></span> <span class='ocrx_word' id='word_1_808' title='bbox 3301 5303 3358 5353; x_wconf 62' lang='lat'>3?</span> 
     </span>
    </p>
   </div>
   <div class='ocr_carea' id='block_1_107' title="bbox 1790 5396 3356 5470">
    <p class='ocr_par' dir='ltr' id='par_1_107' title="bbox 1790 5396 3356 5470">
     <span class='ocr_line' id='line_1_107' title="bbox 1790 5396 3356 5470; baseline -0.009 -3"><span class='ocrx_word' id='word_1_809' title='bbox 1790 5410 1895 5467; x_wconf 88' lang='lat' dir='ltr'>Sed</span> <span class='ocrx_word' id='word_1_810' title='bbox 1927 5424 2035 5464; x_wconf 85' lang='lat' dir='ltr'>non</span> <span class='ocrx_word' id='word_1_811' title='bbox 2065 5407 2319 5461; x_wconf 89' lang='lat' dir='ltr'><strong>omnibus</strong></span> <span class='ocrx_word' id='word_1_812' title='bbox 2349 5417 2641 5459; x_wconf 82' lang='lat' dir='ltr'><strong>narravere</strong></span> <span class='ocrx_word' id='word_1_813' title='bbox 2674 5408 2877 5470; x_wconf 86' lang='lat' dir='ltr'><strong>patres.</strong></span> <span class='ocrx_word' id='word_1_814' title='bbox 2911 5398 3023 5454; x_wconf 85' lang='lat' dir='ltr'>Nos</span> <span class='ocrx_word' id='word_1_815' title='bbox 3054 5401 3235 5468; x_wconf 89' lang='lat' dir='ltr'><strong>itaque</strong></span> <span class='ocrx_word' id='word_1_816' title='bbox 3263 5396 3356 5467; x_wconf 92' lang='lat' dir='ltr'>qui</span> 
     </span>
    </p>
   </div>
   <div class='ocr_carea' id='block_1_108' title="bbox 1788 5490 3356 5570">
    <p class='ocr_par' dir='ltr' id='par_1_108' title="bbox 1788 5490 3356 5570">
     <span class='ocr_line' id='line_1_108' title="bbox 1788 5490 3356 5570; baseline -0.008 -15"><span class='ocrx_word' id='word_1_817' title='bbox 1788 5516 1853 5555; x_wconf 81' lang='lat' dir='ltr'><strong>ex</strong></span> <span class='ocrx_word' id='word_1_818' title='bbox 1878 5499 2128 5570; x_wconf 79' lang='lat' dir='ltr'><strong>gentibus</strong></span> <span class='ocrx_word' id='word_1_819' title='bbox 2153 5496 2220 5549; x_wconf 86' lang='lat' dir='ltr'>ad</span> <span class='ocrx_word' id='word_1_820' title='bbox 2251 5494 2493 5549; x_wconf 85' lang='lat' dir='ltr'><strong>divinum</strong></span> <span class='ocrx_word' id='word_1_821' title='bbox 2527 5492 2753 5546; x_wconf 80' lang='lat' dir='ltr'><strong>verbum</strong></span> <span class='ocrx_word' id='word_1_822' title='bbox 2796 5490 3152 5554; x_wconf 82' lang='lat' dir='ltr'><strong>accessimus,</strong></span> <span class='ocrx_word' id='word_1_823' title='bbox 3176 5499 3356 5561; x_wconf 85' lang='lat' dir='ltr'><strong>patres</strong></span> 
     </span>
    </p>
   </div>
   <div class='ocr_carea' id='block_1_109' title="bbox 1786 5582 3355 5649">
    <p class='ocr_par' dir='ltr' id='par_1_109' title="bbox 1786 5582 3355 5649">
     <span class='ocr_line' id='line_1_109' title="bbox 1786 5582 3355 5649; baseline -0.009 0"><span class='ocrx_word' id='word_1_824' title='bbox 1786 5605 2004 5649; x_wconf 88' lang='lat' dir='ltr'><strong>nostros</strong></span> <span class='ocrx_word' id='word_1_825' title='bbox 2030 5588 2328 5645; x_wconf 87' lang='lat' dir='ltr'><strong>secundum</strong></span> <span class='ocrx_word' id='word_1_826' title='bbox 2368 5600 2588 5643; x_wconf 84' lang='lat' dir='ltr'><strong>carnem</strong></span> <span class='ocrx_word' id='word_1_827' title='bbox 2627 5585 2938 5641; x_wconf 76' lang='lat' dir='ltr'><strong>divinarum</strong></span> <span class='ocrx_word' id='word_1_828' title='bbox 2983 5584 3153 5639; x_wconf 85' lang='lat' dir='ltr'><strong>nobis.</strong></span> <span class='ocrx_word' id='word_1_829' title='bbox 3188 5582 3355 5638; x_wconf 55' lang='lat' dir='ltr'><strong>disci-</strong></span> 
     </span>
    </p>
   </div>
   <div class='ocr_carea' id='block_1_110' title="bbox 184 5743 2362 5827">
    <p class='ocr_par' dir='ltr' id='par_1_110' title="bbox 184 5743 2362 5827">
     <span class='ocr_line' id='line_1_110' title="bbox 184 5743 2362 5827; baseline -0.009 -9"><span class='ocrx_word' id='word_1_830' title='bbox 184 5762 205 5794; x_wconf 84' lang='lat'><strong>&#39;</strong></span> <span class='ocrx_word' id='word_1_831' title='bbox 238 5761 382 5818; x_wconf 82' lang='lat' dir='ltr'><strong>Psal.</strong></span> <span class='ocrx_word' id='word_1_832' title='bbox 420 5778 622 5827; x_wconf 72' lang='lat' dir='ltr'><strong>usui,</strong></span> <span class='ocrx_word' id='word_1_833' title='bbox 661 5765 712 5817; x_wconf 76' lang='grc'>1.</span> <span class='ocrx_word' id='word_1_834' title='bbox 789 5762 809 5792; x_wconf 84' lang='grc'><strong><em>⁸</em></strong></span> <span class='ocrx_word' id='word_1_835' title='bbox 848 5760 1036 5815; x_wconf 82' lang='lat' dir='ltr'><strong>Matth.</strong></span> <span class='ocrx_word' id='word_1_836' title='bbox 1072 5776 1237 5827; x_wconf 82' lang='lat' dir='ltr'>mu,</span> <span class='ocrx_word' id='word_1_837' title='bbox 1271 5759 1360 5813; x_wconf 81' lang='grc'>57.</span> <span class='ocrx_word' id='word_1_838' title='bbox 1436 5759 1453 5789; x_wconf 89' lang='grc'><strong>⁷</strong></span> <span class='ocrx_word' id='word_1_839' title='bbox 1495 5752 1685 5808; x_wconf 76' lang='lat' dir='ltr'><strong>Matth.</strong></span> <span class='ocrx_word' id='word_1_840' title='bbox 1720 5768 1759 5813; x_wconf 82' lang='grc' dir='ltr'>ι.</span> <span class='ocrx_word' id='word_1_841' title='bbox 1793 5750 1845 5804; x_wconf 77' lang='grc'>1.</span> <span class='ocrx_word' id='word_1_842' title='bbox 1904 5749 1943 5822; x_wconf 86' lang='lat'>_&#39;</span> <span class='ocrx_word' id='word_1_843' title='bbox 1968 5747 2087 5801; x_wconf 84' lang='lat' dir='ltr'><strong>Act.</strong></span> <span class='ocrx_word' id='word_1_844' title='bbox 2120 5760 2241 5813; x_wconf 80' lang='lat' dir='ltr'>vm,</span> <span class='ocrx_word' id='word_1_845' title='bbox 2273 5743 2362 5800; x_wconf 80' lang='lat'>30.</span> 
     </span>
    </p>
   </div>
   <div class='ocr_carea' id='block_1_111' title="bbox 434 5848 1131 5915">
    <p class='ocr_par' dir='ltr' id='par_1_111' title="bbox 434 5848 1131 5915">
     <span class='ocr_line' id='line_1_111' title="bbox 434 5848 1131 5915; baseline -0.001 -3"><span class='ocrx_word' id='word_1_846' title='bbox 434 5852 702 5915; x_wconf 69' lang='grc' dir='ltr'>Ρλτιιοι..</span> <span class='ocrx_word' id='word_1_847' title='bbox 742 5850 858 5913; x_wconf 78' lang='lat' dir='ltr'><strong>Gn.</strong></span> <span class='ocrx_word' id='word_1_848' title='bbox 895 5848 1131 5911; x_wconf 75' lang='lat' dir='ltr'><strong>XXIII.</strong></span> 
     </span>
    </p>
   </div>
   <div class='ocr_carea' id='block_1_112' title="bbox 2868 5834 3037 5893">
    <p class='ocr_par' dir='ltr' id='par_1_112' title="bbox 2868 5834 3037 5893">
     <span class='ocr_line' id='line_1_112' title="bbox 2868 5834 3037 5893; baseline 0.006 -1"><span class='ocrx_word' id='word_1_849' title='bbox 2868 5834 3037 5893; x_wconf 80' lang='lat'>.29</span> 
     </span>
    </p>
   </div>
  </div>
