3798 6282
447 301 556 358 907

1083 294 1355 354 EUSEBII
1391 294 1871 354 CESARIENSIS
1906 294 2057 355 OPP.
2097 295 2280 353 PARS
2315 295 2402 354 Ill.
2440 327 2512 338 —
2547 295 2954 354 EXEGETICA.
3524 312 3603 370 θοι

443 424 714 496 plinarum
734 420 1025 493 magistros
1048 418 1325 475 ascribere
1346 433 1458 474 non
1482 433 1805 490 possumus;
1832 433 2004 474 verun

2121 418 2247 483 τοὺς
2274 416 2416 472 κατά
2441 416 2620 489 σάρκα
2651 418 2925 488 πατέρας·
2952 417 3064 471 ἀλλ’
3088 417 3119 471 ὅ
3146 435 3206 488 γε
3230 419 3401 495 Σωτὴρ
3421 422 3472 490 ἐξ
3487 430 3604 485 αὑτοῦ

445 511 703 568 Serrator
727 525 854 566 cum
890 525 953 566 ex
988 524 1085 565 sua
1122 517 1236 564 tum
1256 525 1324 564 ex
1346 510 1743 581 apostolorum,
1772 510 2017 580 discipu-

443 604 617 658 lorum
639 608 695 657 et
722 601 1181 672 evangelistarum
1215 616 1463 667 suorum,
1480 602 1573 672 qui
1602 600 1796 658 iisdem
1818 601 2018 673 quibus

443 692 561 763 ipse
577 693 826 763 patribus
847 691 1146 747 secundum
1168 706 1391 747 carnem
1413 693 1682 764 progeniti
1713 701 1861 758 sunt,
1884 708 2018 765 per-

443 798 602 847 sona,
634 783 735 838 has
773 781 982 853 profert
1016 797 1221 840 voces:
1248 783 1467 850 Quanta
1498 783 1797 837 audivimus
1838 792 1889 837 et
1928 799 2018 838 co—

439 875 714 945 gnovimus
730 883 883 939 ea,et
906 883 1082 944 patres
1110 875 1279 929 nostri
1305 884 1653 928 narraverunt
1678 873 1827 929 nobis
1846 877 1870 930 ?
1890 873 2019 930 Haec

438 966 586 1021 enim
635 965 738 1037 ipsi
771 980 802 1020 a
826 966 1079 1036 patribus
1112 973 1335 1037 accepta
1360 965 1525 1021 nobis
1563 981 1628 1020 ex
1655 965 1899 1037 gentium
1930 980 2016 1021 se-

439 1057 586 1112 mine
610 1057 769 1121 ortis,
788 1064 847 1112 ut
870 1056 1096 1129 ignaris,
1113 1056 1541 1121 annuntiabunt,
1558 1056 1938 1128 docebuntque
1952 1072 2018 1112 ea

440 1163 562 1219 qua:
611 1147 852 1218 antiquis
895 1147 1005 1203 illis
1033 1148 1410 1218 contigerunt;
1435 1162 1556 1218 quae
1585 1161 1616 1201 a
1645 1146 1893 1217 patribus
1921 1161 2017 1218 per

440 1240 846 1298 successionem
871 1239 997 1297 ﬁliis
1026 1238 1247 1305 tradita,
1284 1248 1339 1296 et
1365 1255 1586 1298 rursum
1619 1255 1741 1311 quas
1775 1239 1845 1294 ab
1863 1239 2017 1296 hisce

439 1333 506 1388 ad
542 1342 789 1404 posteros
806 1333 1234 1398 transmissa,ex
1262 1333 1459 1404 hisque
1481 1332 1679 1388 iterum
1708 1332 1781 1388 ad
1799 1332 1939 1388 lilios
1960 1330 2018 1386 li-

438 1426 637 1481 liorum
666 1424 943 1481 memoriae
958 1426 1210 1481 mandata
1240 1435 1389 1482 sunt.
1408 1425 1751 1498 Quapropter
1774 1426 2012 1482 dicitur:

435 1544 505 1556 --
525 1514 695 1572 Vens.
714 1516 765 1569 4.
790 1514 915 1570 Non
933 1525 1053 1570 sunt
1078 1516 1347 1571 occultata
1365 1534 1396 1571 a
1423 1517 1553 1587 ﬁliis
1572 1533 1756 1572 eorum
1775 1516 1832 1570 in
1857 1531 2013 1587 gene-

436 1608 641 1663 ratione
694 1608 884 1663 altera.
919 1606 1221 1664 Narrantes
1252 1607 1436 1663 laudes
1469 1607 1684 1663 Domini
1709 1617 1761 1663 et
1797 1608 2013 1662 virtutes

438 1699 576 1769 ejus,
603 1711 653 1756 et
677 1701 953 1756 mirabilia
980 1701 1095 1772 ejus
1129 1717 1247 1772 qua
1276 1701 1418 1772 fecit.
1452 1700 1619 1755 Multa
1663 1700 1885 1772 quidem
1911 1714 2014 1755 no-

2122 507 2411 579 προσὼπσυ
2445 509 2539 562 καὶ
2568 508 2677 563 τῶν
2710 507 2851 562 κατὰ
2885 507 3062 581 σάρκα
3094 511 3157 563 ὲκ
3184 510 3285 565 τῶν
3309 514 3463 570 αὐτῶν
3487 523 3605 575 πατέ-

2124 595 2231 671 ρων
2272 599 2577 671 γενομένων
2624 601 2937 658 ἀποστόλων
2977 601 3144 656 αὑτοῦ
3188 604 3281 655 καὶ
3310 604 3521 677 μαθητῶν
3542 612 3608 665 καὶ

2119 691 2520 761 εὐαγγελιστῶν
2548 693 2756 759 ταύτας
2788 695 3119 767 προφέρεται
3145 694 3241 760 τὰς
3272 698 3435 766 φωνὰς
3456 697 3606 769 λέγων’

2122 785 2271 839 Ὅσα
2298 785 2650 855 ἠκούσαμεν
2679 786 2775 840 καὶ
2806 786 3071 857 ἔγνωμεν
3092 787 3263 849 αὐτὰ,
3293 789 3382 843 καὶ
3410 793 3457 845 oi
3484 793 3612 849 πατέ-

2110 890 2219 942 ρες
2236 874 2403 946 ἡμῶν
2431 874 2798 946 διηγήσαντο
2825 878 3002 947 ἡμῖν;
3022 879 3202 934 Ταῦτα
3224 881 3326 953 γὰρ
3350 885 3408 936 ὲκ
3426 887 3612 959 πατέρων

2117 963 2272 1017 αὐτοὶ
2301 964 2715 1037 παρειληφότες,
2752 968 2881 1039 ἡμῖν
2918 971 3029 1032 τοῖς
3065 968 3125 1035 ἐξ
3156 970 3320 1024 ἐθνῶν
3350 972 3418 1036 ὡς
3448 975 3507 1048 μὴ
3532 978 3612 1031 ἑπι-

2119 1057 2407 1128 σταμένοις
2442 1059 2849 1129 ἀπαγγελοῦσι,
2891 1061 3233 1127 διδάσκοντες
3285 1066 3417 1135 ἡμᾶς
3444 1066 3500 1120 τὰ
3536 1072 3612 1134 τοῖς

2119 1148 2366 1214 παλαιοίς
2400 1150 2817 1222 συμϐεϐηκότα*
2851 1151 2886 1206 ἀ
2928 1151 2992 1224 δὴ
3023 1153 3165 1208 κατά
3210 1154 3441 1228 διαδοχὴν
3467 1159 3519 1211 ὲκ
3542 1177 3614 1213 τι·

2114 1238 2290 1311 τέρων
2315 1239 2555 1311 ἠκούσθη
2589 1244 2703 1305 τοῖς
2736 1242 2913 1304 παισὶ,
2943 1244 3041 1296 καὶ
3077 1243 3237 1298 πάλιν
3265 1245 3322 1311 ἐξ
3353 1246 3539 1300 ἐκείνων
3562 1252 3614 1314 είς

2115 1332 2240 1396 τοὺς
2275 1332 2765 1405 μεταγενεστέρους
2797 1332 3074 1405 ἐλήλυθεν,
3109 1337 3173 1389 ἐκ
3205 1334 3401 1390 τούτων
3427 1355 3477 1389 τε
3506 1334 3614 1404 αὖθις

2115 1424 2194 1489 είς
2218 1424 2412 1488 παῖδας
2436 1424 2638 1479 παίδων
2661 1428 2728 1497 τῇ
2757 1432 2942 1498 μνήμῃ
2974 1427 3268 1500 παρεδόθη.
3294 1429 3378 1482 Διὸ
3399 1430 3614 1485 λέλεκται⁸

2119 1517 2240 1569 Οὐκ
2286 1515 2504 1584 ἐκρύϐη
2541 1515 2660 1569 ἀπὸ
2706 1515 2826 1570 τῶν
2875 1517 3100 1572 τέκνων
3125 1518 3325 1573 αὐτῶν
3363 1523 3442 1587 εἰς
3465 1524 3616 1591 γενεὰν

2113 1599 2341 1674 ἑτέραν.
2379 1605 2892 1677 Ἀπαηνέλλοντεζ·
2920 1609 3029 1676 τὰς
3050 1610 3313 1678 αὶνέσεις
3334 1611 3431 1666 τοῦ
3456 1614 3619 1681 Kipiov

2116 1698 2213 1752 καὶ
2238 1698 2344 1765 τὰς
2380 1699 2744 1767 δυναστείας
2780 1701 2988 1767 αὑτοῦ,
3016 1703 3112 1757 καὶ
3148 1703 3223 1758 τὰ
3251 1704 3522 1773 θαυμάσια
3545 1707 3619 1758 σὺ·

433 1794 520 1849 bis
548 1808 581 1849 a
611 1793 859 1865 patribus
890 1793 1093 1849 tradita
1122 1793 1270 1858 sunt,
1297 1794 1365 1849 de
1390 1792 1670 1850 beneﬁciis
1698 1808 1730 1848 a
1758 1791 1870 1848 Deo
1908 1792 2004 1849 sibi

2113 1791 2218 1845 τοῦ
2240 1790 2280 1845 d
2297 1785 2569 1860 ἐποίησε.
2592 1791 2769 1846 Πολλὰ
2801 1793 2899 1864 μέν
2932 1797 3048 1848 ὲστι
3072 1794 3140 1849 τὰ
3167 1796 3513 1869 παραδοθέντα
3530 1801 3622 1869 ἡμῖν

434 1887 676 1955 collatis;
710 1903 881 1942 unum
937 1893 1118 1942 autem
1172 1886 1419 1943 omnium
1466 1887 1703 1943 maxime
1761 1901 2015 1942 necessa-

436 1977 602 2043 rium,
633 1984 719 2033 est
744 1977 1144 2042 testimonium,
1175 1977 1373 2048 lexque
1396 1977 1451 2032 in
1473 1977 1784 2035 testimonio
1813 1977 2009 2048 posita,

435 2083 601 2139 quam
639 2066 774 2138 ipsis
806 2067 1016 2139 scripto
1046 2066 1292 2132 tradidit,
1332 2067 1654 2139 praecipiens
1683 2075 1742 2122 ut
1780 2065 2014 2122 medita-

435 2167 625 2215 rentur
662 2160 858 2231 ipsam,
891 2166 945 2214 et
973 2158 1095 2229 ejus
1116 2158 1523 2214 meditationem
1554 2158 1700 2222 ﬁliis,
1719 2157 2012 2229 nepotibus

431 2259 486 2307 et
513 2251 745 2322 posteris
766 2265 862 2321 per
882 2248 1287 2305 successionem
1323 2248 1617 2303 traderent.
1645 2247 2010 2315 Quamobrem

436 2344 514 2398 ait
537 2361 550 2396 :
574 2340 830 2396 —Vsns.
861 2340 916 2397 5.
942 2338 1011 2394 Et
1038 2342 1314 2396 suscitavit
1348 2341 1705 2395 testimonium
1731 2341 1789 2395 in
1817 2338 2006 2407 Iacob,

433 2445 484 2490 ct
523 2435 685 2505 legem
718 2433 892 2504 posuit
919 2433 975 2487 in
1021 2432 1217 2488 Israel.
1256 2431 1654 2489 Testimonium
1711 2434 2012 2489 vocabatur

438 2526 853 2583 tabernaculum
891 2525 1214 2591 testimonii,
1232 2525 1287 2580 in
1316 2541 1427 2597 quo
1452 2525 1699 2598 deposita
1727 2535 1848 2581 erat
1876 2540 2006 2580 arca

432 2617 793 2683 Testamenti,
827 2616 917 2672 lex
955 2616 1010 2671 in
1050 2630 1178 2670 arca
1217 2616 1419 2686 posita,
1447 2632 1659 2672 necnon
1723 2615 2006 2672 cherubim

431 2715 485 2764 et
506 2707 976 2779 propitiatorium,
1008 2705 1424 2771 candelabrum,
1457 2722 1646 2763 mensa
1680 2714 1733 2762 et
1756 2708 2004 2779 proposi-

430 2799 509 2854 tio
529 2810 729 2870 panum
765 2815 780 2852 :
819 2812 942 2869 quas
984 2798 1175 2869 jussus
1209 2797 1390 2855 facere
1438 2796 1673 2870 Moyses,
1703 2799 2006 2854 secundum

432 2889 711 2960 exemplar
739 2888 883 2959 quod
919 2888 1024 2960 ipsi
1056 2888 1112 2944 l'n
1134 2898 1320 2945 monte
1350 2898 1635 2945 ostensum
1675 2889 1854 2946 fuerat
1881 2905 2009 2946 con-

430 2979 653 3035 struxit.
676 2977 952 3034 'Sed-olim
984 2978 1204 3050 quidem
1256 2980 1342 3035 lex
1382 2980 1473 3035 illa
1523 2987 1580 3036 et
1631 2980 2007 3038 testimonium

429 3071 565 3128 illud
605 3071 824 3128 .Jacobo
857 3079 913 3128 et
945 3072 1133 3127 Isratli
1189 3073 1389 3128 tradita
1440 3071 1676 3128 fuerant.
1735 3071 2006 3140 Quoniam

429 3179 560 3221 vero
597 3165 666 3220 iis
719 3165 960 3234 acceptis
1018 3164 1097 3218 illi
1154 3166 1487 3236 transgressi
1526 3173 1674 3229 sunt,
1707 3165 1833 3235 jure
1885 3166 2004 3236 ipse

431 3272 555 3312 cum
592 3256 758 3311 alium
804 3256 908 3312 sibi
944 3264 1192 3326 parasset
1245 3256 1527 3327 populum,
1562 3255 1818 3326 aliudque
1847 3258 2005 3313 testi-

433 3348 699 3413 monium,
734 3348 987 3404 videlicet
1014 3364 1219 3418 corpus
1264 3348 1494 3413 Christi,
1533 3348 1679 3420 quod
1711 3348 1806 3403 Dei
1838 3347 2003 3404 Verbi

431 3445 487 3498 in
515 3443 634 3513 ipso
667 3441 965 3498 habitantis
994 3443 1259 3512 templum
1297 3450 1439 3509 erat,
1481 3450 1540 3497 ut
1574 3447 1692 3514 ipse
1723 3444 1800 3498 ait
1830 3463 1844 3499 :
1880 3443 2005 3500 Solo

430 3536 533 3590 vite
562 3533 812 3605 templum
841 3534 1035 3598 hoc,et
1054 3535 1109 3587 in
1138 3533 1303 3590 tribus
1334 3533 1516 3590 diebus
1537 3535 1779 3591 excitabo
1798 3536 1935 3590 illud
1958 3538 2001 3603 9;

429 3628 499 3682 ad
533 3628 649 3682 haec
684 3626 852 3682 etiam
884 3626 1086 3698 populo
1116 3642 1218 3683 suo
1265 3628 1438 3700 legem
1492 3629 1688 3695 aliam,
1728 3630 2004 3700 evangeli-

428 3735 550 3775 cam
577 3718 852 3786 videlicet,
866 3717 1052 3773 tradit.
1089 3717 1214 3775 Ideo
1240 3718 1297 3775 in
1317 3719 1591 3793 principio
1615 3718 1783 3790 hujus
1806 3719 2004 3791 psalmi

427 3811 505 3867 ait
539 3829 553 3866 :
584 3808 869 3874 Attendite,
899 3810 1086 3880 popule
1118 3827 1286 3878 meus,
1323 3810 1488 3882 legem
1516 3827 1718 3875 meam;
1746 3819 2002 3867 caeterum

427 3905 600 3976 legem
646 3903 925 3973 antiquam
959 3909 1011 3957 et
1069 3911 1306 3959 veterem
1364 3901 1840 3973 testiﬁcationem)
1877 3918 2003 3958 nam

432 3999 514 4052 sic
545 3998 936 4068 interpretatus
983 3997 1347 4069 Symmachus
1382 4005 1489 4062 est,
1510 3997 1700 4054 dicens
1731 4017 1745 4053 :
1784 3980 1852 4051 Et
1887 4005 2002 4051 sta-

428 4089 528 4142 tuit
559 4090 978 4158 testiﬁcationem
1004 4087 1194 4161 Jacob)
1225 4104 1350 4144 cum
1380 4089 1563 4159 priore
1593 4088 1794 4159 populo
1824 4088 2005 4157 dispo-

424 4181 558 4248 suit,
578 4181 897 4252 prazcipiens
926 4181 1060 4252 ipsis
1085 4189 1146 4236 ut
1166 4188 1291 4236 nota
1314 4179 1556 4237 lacerent
1576 4195 1643 4236 ea
1675 4180 1797 4235 tiliis
1827 4187 1880 4235 et
1907 4196 2005 4236 ne-

424 4275 646 4346 potibus
671 4275 809 4341 suis,
848 4282 907 4329 ut
925 4274 1206 4347 generatio
1238 4274 1388 4345 nulla
1414 4277 1711 4345 ignoraret,
1742 4274 1834 4328 sed
1866 4273 2001 4344 legis

424 4365 673 4422 doctrina
718 4366 773 4422 in
815 4366 1052 4439 posteris
1105 4381 1323 4438 quoque
1378 4373 1642 4433 maneret.
1676 4364 1887 4421 Idcirco
1914 4365 2001 4419 di-

2113 1881 2219 1935 ὑπὸ
2254 1880 2365 1935 τῶν
2416 1882 2689 1953 πατέρων,
2730 1884 2874 1955 άπερ
2919 1886 3118 1950 αὐτοὺς
3158 1888 3187 1940 ό
3227 1886 3360 1951 Θεὸς
3388 1888 3623 1959 εὐεργετῶν

2110 1972 2434 2045 διεπράξατο
2449 1991 2465 2005 ’
2488 1972 2547 2028 ἓν
2569 1974 2628 2028 δὲ
2650 1974 2707 2028 τὸ
2727 1975 2943 2029 πάντων
2964 1978 3383 2050 ἀναγκαιότερον
3406 1981 3549 2033 ἐκεῖνο
3562 1975 3624 2052 ἦν,

2111 2062 2329 2134 λέγωδὲ
2357 2063 2418 2117 τὸ
2441 2062 2759 2137 μαρτύριον,
2783 2064 2877 2120 καὶ
2907 2066 2937 2119 ό
2970 2069 3028 2120 έν
3067 2068 3146 2139 τῷ
3186 2068 3460 2143 μαρτυρίῳ
3490 2070 3624 2141 νόμος,

2110 2155 2171 2209 ὃν
2206 2157 2500 2228 ἐγγράφως
2559 2159 2744 2223 αὐτοῖς
2789 2158 3139 2232 παρέδωκεν,
3179 2162 3533 2234 ἐντειλάμενος
3559 2180 3626 2235 με·

2110 2246 2271 2320 λετᾷν
2304 2251 2356 2302 ὲν
2392 2248 2559 2321 αὐτῷ,
2586 2252 2677 2306 καὶ
2718 2255 2827 2316 τοῖς
2857 2253 3038 2307 αὐτῶν
3080 2255 3236 2308 παισί
3271 2272 3332 2308 τε
3358 2256 3445 2309 καὶ
3480 2256 3627 2324 ἀπογό-

2110 2357 2221 2405 νοις
2246 2344 2360 2405 τοῖς
2384 2341 2526 2396 κατά
2545 2343 2794 2416 διαδοχὴν
2817 2345 3198 2416 γενησομένοις
3218 2347 3543 2419 παραδιδόναι
3561 2347 3628 2419 τὴν

2109 2432 2299 2486 τούτου
2336 2433 2583 2505 μελέτην.
2615 2434 2706 2487 Διό
2726 2452 2887 2507 φησι’
2915 2436 3028 2491 Καὶ
3052 2437 3359 2505 ἀνέστησε
3372 2441 3628 2509 μαρτύριον

2107 2527 2180 2581 ἐν
2219 2525 2432 2590 Ἰακὼϐ,
2464 2527 2562 2581 καί
2586 2529 2776 2599 νόμον
2803 2532 2967 2585 ἔθετο
2993 2530 3066 2584 ἐν
3093 2531 3354 2600 Ἰσραήλ.
3379 2533 3629 2606 Μαρτύριον

2107 2617 2165 2671 δὲ
2195 2618 2442 2672 ἐκαλεῖτο
2466 2620 2500 2691 ἡ
2530 2620 2703 2692 σκηνὴ
2732 2620 2826 2675 τοῦ
2853 2622 3177 2694 μαρτυρίου,
3205 2624 3267 2677 ὲν
3301 2618 3333 2698 ᾖ
3360 2623 3577 2678 ἀπέκειτο
3604 2627 3628 2695 ἡ

2108 2709 2341 2775 κιϐωτὸς
2387 2711 2487 2782 τῆς
2517 2713 2825 2785 Διαθήκης,
2865 2715 2958 2768 καὶ
2988 2717 3018 2769 ό
3045 2717 3102 2769 ἐν
3130 2719 3198 2789 τῇ
3255 2716 3470 2788 κιϐωτῷ
3496 2716 3629 2788 νόμος,

2106 2801 2177 2855 τά
2199 2818 2260 2854 τε
2288 2802 2554 2874 χερουϐὶμ
2578 2803 2673 2856 καὶ
2700 2803 2761 2857 τὸ
2798 2804 3128 2877 ἱλαστήριον,
3164 2808 3264 2861 καὶ
3292 2809 3326 2879 ἠ
3354 2806 3540 2878 λυχνία,
3565 2805 3630 2859 καὶ

2106 2895 2142 2967 ἡ
2173 2894 2443 2966 τράπεζα,
2473 2896 2569 2951 καὶ
2590 2897 2625 2968 ἡ
2651 2895 2908 2971 πρόθεσις
2941 2896 3050 2952 τῶν
3077 2899 3259 2970 ἄρτων
3281 2917 3294 2930 ·
3329 2899 3464 2971 ἅπερ
3497 2898 3633 2953 κελευ-

2109 2987 2259 3053 σθεὶς
2283 2989 2505 3061 ποιῆσαι
2532 2989 2767 3062 Μωσῆς,
2796 2990 2940 3043 κατὰ
2968 2989 3062 3045 τὸν
3088 2991 3263 3046 τύπον
3292 2991 3380 3046 τὸν
3416 2989 3630 3061 δειχθέντι

2108 3080 2256 3153 αὑτῷ
2299 3082 2357 3135 ἐν
2405 3080 2485 3151 τῷ
2531 3080 2650 3153 ὄρει
2695 3081 3118 3137 κατεσκεύασεν.
3164 3082 3334 3137 Ἀλλά
3383 3082 3531 3137 πάλαι
3565 3082 3632 3152 μὲν

2111 3173 2318 3237 ἐκεῖνος
2346 3171 2375 3225 ὁ
2409 3171 2571 3244 νόμος
2605 3171 2786 3226 καὶτὸ
2830 3172 3127 3246 μαρτύριον
3165 3175 3349 3230 ἐκεῖνο
3386 3174 3458 3246 τῷ
3489 3172 3631 3231 Ἰακὼϐ

2110 3263 2203 3317 καὶ
2230 3261 2309 3335 τῷ
2322 3262 2537 3336 Ἰσραὴλ
2562 3264 2758 3320 δέδοτο.
2778 3266 2994 3338 Ἐπειδὴ
3019 3266 3077 3319 δὲ
3112 3266 3433 3340 παρέϐησαν
3458 3268 3501 3321 οἱ
3528 3282 3631 3337 παρ-

2113 3352 2431 3425 ειληφότες,
2484 3352 2710 3418 εἰκότως
2769 3352 2956 3425 ἕτερον
3005 3353 3184 3424 ἑαυτῷ
3224 3352 3631 3426 καταβισάμηενξ

2109 3444 2236 3498 λαὸν
2262 3444 2356 3499 καὶ
2384 3443 2679 3517 μαρτύριον
2706 3443 2916 3517 ἕτερον,
2962 3444 3024 3499 τὸ
3069 3445 3312 3517 Χριστοῦ
3337 3445 3517 3516 σῶμα,
3542 3438 3633 3497 ubi

2109 3533 2168 3588 ὃν
2194 3534 2288 3588 τοῦ
2323 3533 2599 3598 οἰκοῦντος
2630 3535 2688 3587 ὲν
2719 3533 2867 3606 αὑτῷ
2893 3534 3028 3590 Θεοῦ
3061 3535 3259 3604 Λόγου,
3290 3535 3368 3598 ὠς
3393 3533 3535 3595 αὐτὸς
3557 3530 3630 3582 ἑδε-

2107 3625 2264 3692 δαξεν
2303 3626 2502 3681 είπών·
2538 3628 2776 3682 Λύσατε
2826 3626 2933 3681 τὸν
2978 3626 3128 3681 ναόν
3169 3627 3425 3691 τοῦτον,
3470 3624 3550 3679 καί
3586 3622 3633 3676 ἐν

2108 3718 2308 3787 τρισὶν
2333 3717 2583 3788 ἡμέραις
2607 3718 2792 3790 ἐγερῶ
2826 3719 3013 3774 αὐτόν
3029 3736 3043 3750 ·
3079 3720 3173 3774 καὶ
3202 3719 3344 3792 πρὸς
3368 3720 3551 3783 τούτοις
3569 3718 3632 3772 καί

2109 3811 2270 3883 νόμον
2288 3810 2476 3883 ἕτερον
2502 3812 2593 3867 τὸν
2633 3812 2984 3882 εὐαγγελικδν
3010 3811 3089 3883 τῷ
3121 3813 3320 3868 ἑαυτοῦ
3353 3813 3463 3886 λαῷ
3502 3829 3633 3883 παρα·

2107 3903 2309 3960 δίδωσι.
2350 3906 2437 3960 Διὸ
2474 3907 2532 3958 ὲν
2560 3908 2702 3979 ἀρχῇ
2731 3905 2839 3960 τῶν
2872 3909 3248 3981 προκειμένων
3284 3908 3463 3977 ἔλεγε·
3490 3910 3634 3973 11,006-

2107 3998 2294 4068 ἐχετε,
2318 3999 2468 4064 λαός
2489 4017 2631 4069 μου,
2676 3999 2784 4053 τὸν
2823 4000 3012 4068 νόμον
3032 4016 3183 4070 μου*
3220 3999 3365 4071 πλὴν
3412 3998 3532 4055 ἀλλὰ
3568 3995 3632 4049 τὸν

2109 4090 2339 4145 παλαιὸν
2368 4091 2536 4161 νόμον
2560 4090 2653 4143 καὶ
2673 4090 2773 4161 τὴν
2801 4090 3038 4145 παλαιὰν
3081 4091 3477 4165 διαμαρτυρίαν
3513 4086 3638 4158 (οὕτω.

2106 4182 2214 4254 γὰρ
2256 4183 2601 4254 ὴρμήνευσεν
2639 4183 2666 4235 ὁ
2717 4182 3013 4254 Σύμμαχος
3045 4185 3247 4237 εἰπών’
3299 4184 3411 4238 Kal
3459 4182 3633 4249 ἔστησε

2106 4272 2534 4342 διαμαρτυρίαν
2565 4273 2646 4339 τῷ
2684 4272 2910 4345 Ἰακώϐ)
2936 4273 3014 4345 τῷ
3046 4274 3299 4347 προτέρῳ
3326 4275 3437 4345 λαῷ
3456 4273 3630 4329 διέθετο.

2107 4364 2478 4435 ἐντειλάμενος
2511 4365 2693 4428 αὐτοῖς
2730 4364 2995 4437 γνωρίσαι
3028 4365 3166 4419 αὐτὰ
3195 4369 3311 4431 τοῖς
3345 4368 3473 4429 υἱοῖς
3498 4359 3631 4418 αὐτῶν

332 4526 339 4531 θ
422 4467 570 4516 ctum
602 4467 721 4517 est:
761 4490 832 4502 ——
868 4460 1037 4515 Vsus.
1062 4457 1115 4515 6.
1151 4460 1218 4513 Ut
1269 4467 1551 4529 cognoscat
1596 4458 1863 4527 generatio
1908 4455 1990 4510 al-

2110 4456 2206 4511 καὶ
2229 4455 2534 4525 ἀπογόνοις,
2578 4453 2653 4518 ὡς
2695 4454 2761 4508 ἂν
2798 4453 3068 4526 μηδεμίαν
3110 4454 3262 4509 λάθοι
3309 4456 3515 4525 γενεὰν,
3546 4451 3626 4503 δια·

425 4564 558 4618 tera,
587 4554 689 4625 ﬁlii
716 4554 805 4625 qui
851 4563 1155 4617 nascentur,
1189 4560 1239 4606 et
1273 4560 1579 4622 exsurgent,
1619 4560 1669 4605 et
1704 4548 1999 4604 narrabunt

2108 4547 2256 4621 μένοι
2282 4547 2340 4601 δὲ
2368 4550 2400 4618 ἠ
2426 4544 2520 4599 τοῦ
2562 4545 2728 4617 νόμου
2770 4545 3087 4600 διδασκαλία
3115 4548 3211 4602 καὶ
3246 4548 3328 4611 εἰς
3369 4547 3489 4610 τοὺς

422 4664 485 4702 ea
503 4647 629 4717 ﬁliis
655 4649 791 4702 suis.
818 4647 1285 4717 Complementum
1317 4652 1498 4699 autem
1521 4650 1576 4699 et
1601 4658 1803 4714 scopus
1828 4641 1999 4697 medi—

423 4739 646 4795 tationis
691 4739 828 4810 legis
879 4738 971 4793 hic
1006 4747 1123 4793 erat
1155 4757 1266 4793 :——
1294 4735 1461 4791 Vsus.
1492 4735 1543 4790 7.
1579 4732 1649 4789 Ut
1696 4744 1892 4801 ponant
1946 4733 2001 4787 in

421 4831 532 4885 Deo
563 4847 726 4902 spem,
755 4841 803 4885 ιιι
837 4848 941 4885 non
973 4830 1354 4884 obliviscantur
1386 4844 1599 4898 operum
1625 4826 1742 4892 Dei,
1769 4835 1817 4882 et
1847 4844 2000 4880 man-

421 4939 551 4989 data
579 4934 1037 5005 ejus'exquirant;
1063 4943 1123 4987 ut
1149 4949 1252 4988 non
1284 4933 1419 5002 ﬁant
1448 4931 1774 5000 sicutpatres
1794 4947 1995 4991 eorum,

420 5033 689 5103 generatio
723 5046 888 5101 prava
933 5038 982 5083 et
1028 5044 1351 5098 exasperans
1381 5043 1399 5080 :
1428 5027 1696 5098 generatio
1729 5041 1846 5097 qua:
1894 5041 1999 5080 non

421 5137 618 5191 direxit
649 5152 742 5191 cor
767 5130 943 5197 suum,
972 5140 1022 5186 et
1054 5149 1158 5186 non
1186 5130 1358 5202 ﬁdelis
1398 5128 1501 5199 fuit
1545 5145 1662 5183 cum
1691 5129 1801 5184 Deo
1834 5130 1998 5200 spiri-l

425 5256 509 5299 tus
534 5243 670 5314 ejus.
703 5240 835 5307 Quae
890 5239 983 5294 illa
1014 5237 1165 5309 prior
1207 5245 1423 5307 patrum
1448 5233 1748 5307 generatio,
1778 5235 1885 5290 nisi
1934 5249 1998 5289 ea

423 5366 546 5419 quae
587 5360 833 5418 tempore
874 5343 1076 5417 Moysis
1115 5342 1266 5398 erat?
1289 5349 1511 5413 propter
1563 5354 1725 5411 quam
1782 5338 1996 5411 Moyses

425 5458 678 5521 acceptas
723 5449 859 5521 legis
889 5447 1106 5503 tabulas
1138 5445 1428 5511 contrivit;
1472 5444 1552 5500 sic
1585 5444 1733 5500 enim
1782 5443 1994 5516 Moyses

422 5552 551 5607 illos
581 5550 986 5621 generationem
1037 5562 1262 5617 pravam
1292 5553 1347 5602 et
1376 5559 1690 5616 perversam
1732 5543 1992 5607 vocabat,

430 5649 547 5704 haec
582 5649 639 5701 in
660 5647 789 5701 illos
818 5645 1182 5716 pronuntians
1211 5663 1224 5700 :
1254 5642 1383 5700 Filii
1419 5642 1807 5715 vituperabiles,
1837 5658 1991 5714 gene-

496 5807 517 5838 ⁹
559 5802 717 5858 Joan.
759 5815 822 5867 ιι,
852 5801 944 5856 19.

2099 4638 2274 4692 ταῦτα
2310 4637 2726 4708 γενησομένους.
2766 4636 2858 4690 Διὸ
2904 4636 3189 4691 λέλεκται·
3223 4638 3418 4703 Ὅπως
3448 4635 3518 4689 ἂν
3542 4635 3629 4701 γνῷ

2100 4728 2276 4799 γενεὰ
2304 4729 2509 4797 ἑτέρα,
2543 4727 2661 4783 υἱοὶ
2698 4729 3127 4799 τεχθησόμενοι
3165 4731 3263 4783 καὶ
3298 4724 3629 4793 ἀναστήσετ-

2098 4838 2214 4887 ται,
2247 4820 2344 4875 καὶ
2374 4821 2817 4891 ἀναγγελοῦσιν
2838 4805 2989 4876 αὐτὰ
3026 4821 3150 4889 τοῖς
3173 4822 3325 4888 υἱοῖς
3360 4819 3553 4875 αὐτῶν.
3578 4813 3628 4866 Τὸ

2098 4911 2156 4966 δὲ
2179 4912 2553 4985 συμπέρασμα
2582 4912 2682 4984 τῆς
2713 4912 2808 4967 τοῦ
2832 4914 2999 4985 νόμου
3033 4913 3262 4986 μελέτης
3291 4914 3387 4968 καὶ
3420 4914 3448 4966 ό
3474 4907 3627 4971 σκοπὸς

2099 4998 2251 5068 οὗτος
2286 4999 2374 5074 ἦν,
2407 5003 2543 5059 Ἵνα
2585 5003 2801 5059 θῶνται
2830 5005 2929 5059 ἐπὶ
2973 5005 3083 5060 τὸν
3113 5005 3260 5061 Θεὸν
3281 5006 3396 5074 τὴν
3437 5000 3624 5059 ἐλπίδα.

2098 5097 2197 5150 καὶ
2225 5094 2312 5165 μὴ
2336 5095 2733 5151 ἐπιλάθωνται
2768 5096 2886 5152 τῶν
2911 5098 3099 5169 ἔργων
3116 5092 3234 5153 ’τοῦ
3261 5097 3428 5163 Θεοῦ,
3448 5094 3533 5150 καί
3550 5093 3627 5154 τὰς

2097 5187 2351 5255 ἐντολὰς
2403 5187 2586 5243 αὐτοῦ
2617 5187 3027 5258 ἐκζητήσωσιν
3047 5206 3062 5220 ⁸
3109 5190 3211 5245 ἵνα
3261 5190 3348 5260 μὴ
3385 5188 3624 5258 γένωνται

2097 5280 2179 5347 ὡς
2215 5283 2271 5333 οὶ
2312 5279 2565 5357 πατέρες
2595 5280 2793 5335 αὐτῶν
2810 5320 2826 5346 ,
2866 5282 3044 5352 γενεὰ
3086 5281 3305 5337 σκολιὰ
3353 5279 3447 5336 καί
3478 5287 3623 5345 παρα-

2094 5372 2529 5441 πικραίνουσα”
2561 5372 2735 5445 γενεὰ
2768 5372 2903 5442 ἥτις
2927 5376 2999 5429 οὐ
3029 5375 3361 5444 κατηύθυνε
3395 5371 3622 5439 τὴνκαρ·

2096 5459 2236 5516 δίαν
2257 5460 2478 5531 αὐτῆς,
2509 5462 2609 5517 καί
2654 5464 2765 5518 οὐκ
2793 5462 3091 5534 ἐπιστώθη
3115 5462 3265 5534 μετὰ
3295 5461 3399 5517 τοῦ
3430 5456 3555 5514 Θεοῦ
3574 5452 3621 5506 τὸ

2096 5553 2334 5624 πνεῦμα
2386 5554 2594 5624 αὐτῆς.
2632 5556 2729 5620 Τίς
2781 5555 2838 5609 δὲ
2888 5551 2957 5628 ἦν
3004 5558 3038 5628 ἡ
3086 5556 3319 5629 προτέρα
3364 5552 3511 5624 γενεά
3542 5545 3620 5599 τῶν

2097 5647 2347 5720 πατέρων
2380 5646 2493 5702 ἀλλ’
2527 5648 2560 5719 ἢ
2593 5649 2679 5703 ἐπ’
2713 5647 2876 5703 αὑτοῦ
2916 5649 3160 5716 Μωσέως
3191 5638 3617 5720 γενομένηςδίῆν

3738 1510 3748 1937 l
