3798 6282
153 343 243 402 909
1198 340 1700 398 COMMENTARIA
1740 340 1804 396 IN
1837 340 2171 397 PSALMOS.

3244 343 3348 398 9ιύ

150 461 410 530 δεξάμενος
435 458 637 530 Μωσῆς
664 459 763 523 τὰς
808 459 1018 524 πλάκας
1058 461 1156 532 τῆς
1201 462 1516 533 νομοθεσίας
1563 480 1683 515 συν-

1797 463 1928 515 ratio
1973 478 2138 532 prava
2191 470 2239 516 et
2273 475 2532 530 perversa,
2577 459 2803 515 hircciue
2834 458 3057 514 Domino
3094 458 3353 515 redditis?

151 553 372 626 ἑτριψεν·
407 549 575 614 οὕτως
599 552 728 620 γοῦν
767 553 859 604 καὶ
901 553 1061 617 αὐτὸς
1090 555 1292 626 Μωσῆς
1334 557 1524 626 γενεὰν
1559 573 1685 610 σκο-

1788 556 1978 608 siccine
2003 564 2224 623 populus
2255 553 2449 607 stultus
2479 562 2528 607 et
2557 569 2659 606 non
2675 554 2881 622 sapiens
2909 554 2992 607 ὀἳ
3023 552 3127 608 Sed
3156 561 3218 608 ut
3257 569 3354 609 eo-

147 646 251 700 λιάν
290 643 380 696 καὶ
409 642 840 714 διεστραμμένην
887 645 1082 708 αὐτοὺς
1136 645 1349 708 ἐκάλει,
1397 649 1475 710 είς
1509 646 1683 700 αὐτῶν

1797 658 1913 697 rum
1955 651 2180 714 nepotes
2223 644 2471 714 patribus
2502 642 2708 697 similes
2740 658 2847 697 non
2877 644 3188 710 evaderent,
3217 645 3356 700 scri-

148 737 410 813 πρόσωπον
449 733 859 805 ἀποτεινόμενος
903 737 995 790 καὶ
1027 735 1228 805 λέγων·
1273 737 1456 790 Τέκνα
1490 755 1691 806 μωμη-

143 827 222 890 τὰ,
246 823 412 894 γενεὰ
446 825 665 879 σκολιὰ
690 826 785 878 καὶ
813 826 1266 897 διεστραμμένη,
1289 829 1471 882 ταῦτα
1498 829 1690 895 Κυρίῳ

144 915 578 980 ἀνταποδίδοτε;
603 918 752 971 οὕτω
783 919 933 984 λαὸς
951 920 1145 988 μωρὸς
1168 920 1264 973 καί
1295 921 1430 989 οὐχὶ
1460 923 1688 990 σοφός

153 1009 276 1063 Ἀλλ’
307 1008 388 1061 ἵνα
435 1007 509 1079 μὴ
543 1008 594 1061 oi.
641 1010 777 1080 μετὰ
826 1010 998 1064 ταῦτα
1048 1011 1398 1083 γενησόμενοι
1430 1014 1538 1075 τοῖς
1585 1030 1689 1064 πα-

141 1101 311 1172 τράσιν
340 1099 771 1153 ἀποτελεσθῶσιν
798 1102 991 1172 ὅμοιοι,
1024 1101 1301 1173 ἔγγραφον
1331 1103 1513 1164 αὐτοῖς
1547 1120 1688 1173 παρ-

137 1193 286 1246 έδωκε
329 1191 416 1244 τὸν
453 1192 637 1262 νόμον,
658 1193 752 1247 καὶ
773 1193 872 1264 τὴν
904 1193 1320 1265 διαμαρτυρίαν,
1338 1194 1404 1247 δι’
1429 1189 1496 1264 ἦς
1516 1210 1686 1262 κατη-

136 1286 273 1354 γορεί
308 1281 404 1354 μὲν
434 1283 544 1337 τῶν
584 1285 851 1356 πατέρων,
886 1285 1215 1339 διεστείλατο
1244 1286 1301 1338 δὲ
1340 1287 1434 1338 καὶ
1467 1285 1690 1354 διεμαρ-

133 1374 316 1443 τύρατο
353 1377 467 1438 τοῖς
499 1375 709 1439 τέκνοις
741 1377 814 1448 μὴ
849 1376 1223 1447 ἐξομοιοῦσθαι
1275 1379 1386 1440 τοῖς
1427 1377 1684 1448 πατράσι,

138 1465 255 1533 μηδὲ
291 1468 355 1535 τῇ
389 1465 633 1538 προτέρᾳ
671 1469 852 1538 γενεᾷ,
903 1467 1034 1535 ἣτις
1083 1470 1156 1521 οὐ
1202 1468 1534 1536 κατηύθυνε
1573 1467 1688 1533 τὴν

131 1555 365 1623 καρδίαν
391 1555 608 1625 αὐτῆς,
643 1557 740 1611 καὶ
761 1559 871 1611 οὐκ
898 1557 1196 1625 ἐπιστὼθη
1226 1557 1374 1626 μετὰ
1404 1556 1510 1610 τοῦ
1543 1555 1690 1609 Θεοῦ

129 1647 187 1701 τὸ
215 1647 445 1716 πνεῦμα
476 1647 686 1716 αὐτῆς.
725 1649 799 1701 Οὐ
834 1649 943 1720 γὰρ
983 1649 1193 1718 φύσεως
1221 1647 1428 1719 φαύλης
1452 1644 1540 1719 ἦν,
1568 1648 1690 1700 οὐδὲ

1791 743 1939 804 ptam
1981 735 2116 805 ipsis
2166 735 2335 804 legem
2377 733 2622 797 tradidit,
2659 742 2716 789 et
2756 734 3216 801 testilicationem,
3246 752 3355 806 qua

1790 835 1973 897 patres
2013 826 2230 897 quidem
2260 826 2550 889 incusavit,
2576 827 2834 896 praecepit
2864 834 3042 881 autem
3075 837 3129 881 et
3166 827 3356 883 testiﬁ-

1792 927 1948 973 catus
1977 917 2102 973 ﬁliis
2123 925 2230 982 est,
2268 925 2328 971 ut
2356 933 2424 972 ne
2451 918 2696 988 patribus
2720 917 2928 972 similes
2951 927 3156 982 essent,
3180 935 3357 989 neque

1794 1010 1963 1078 priori
1995 1009 2070 1062 illi
2103 1007 2460 1080 generationi.
2484 1025 2600 1079 qua:
2627 1024 2729 1061 non
2757 1006 2949 1060 direxit
2981 1023 3073 1060 cor
3105 1025 3280 1075 suum,
3307 1022 3357 1064 et

1793 1115 1896 1152 non
1943 1097 2116 1168 ﬁdelis
2162 1099 2263 1168 fuit
2307 1114 2422 1150 cum
2455 1096 2564 1151 Deo
2593 1097 2810 1173 spiritus
2835 1097 2970 1165 ejus.
3000 1094 3182 1166 Neque
3212 1100 3358 1152 enim

1791 1206 1970 1262 prava
2008 1199 2214 1245 natura:
2244 1199 2380 1255 erat,
2412 1205 2587 1259 neque
2615 1189 2769 1242 mala:
2795 1189 3233 1254 constitutionis;
3263 1190 3358 1245 sed

1795 1300 1862 1338 ex
1900 1285 2180 1338 voluntate
2207 1282 2316 1338 Deo
2341 1281 2748 1352 obsequentiam
2774 1281 3108 1347 detrectans,
3139 1296 3358 1336 exacer-

1794 1375 1942 1428 bavit
1965 1391 2114 1442 eum,
2145 1384 2306 1443 atque
2327 1390 2393 1428 ex
2424 1373 2768 1442 pet-versione
2786 1382 3029 1428 tortuosa
3047 1374 3232 1428 ellecta
3255 1385 3357 1427 est.

1794 1462 2156 1530 Quamobrem
2210 1464 2506 1519 secundum
2549 1462 2932 1533 Symmachum
2983 1464 3187 1518 dictum
3229 1475 3359 1520 est:

1799 1552 2076 1609 Generatio
2106 1554 2275 1609 invita
2305 1555 2482 1620 corde,
2517 1565 2565 1608 et
2589 1555 2805 1623 inﬁrma
2828 1571 2952 1626 erga
2977 1556 3144 1610 Deum
3173 1556 3363 1623 spiritu

1797 1662 1913 1700 ειιο.

128 1741 458 1811 κατασκευῆς
486 1745 747 1813 πονηρᾶς,
777 1744 841 1795 ὲκ
873 1743 1242 1814 προαιρέσεως
1305 1742 1360 1795 δὲ
1429 1742 1755 1796 ἀνανεύουσα
1799 1741 1934 1812 πρὸς
1972 1740 2072 1811 τὴν
2120 1741 2214 1794 τοῦ
2251 1739 2385 1794 Θεοῦ
2425 1740 2669 1812 ὑπακοὴν
2715 1743 3124 1813 παοεπίκρανε,
3162 1742 3254 1795 καὶ
3298 1744 3364 1795 ἐκ

126 1829 443 1902 διαστροφῆς
488 1832 675 1886 σκολιὰ
711 1833 896 1902 γέγονε
919 1852 931 1865 ο
969 1834 1049 1887 διὸ
1087 1836 1227 1889 κατά
1273 1835 1362 1888 τὸν
1398 1835 1692 1906 Σύμμαχον
1731 1837 1972 1906 εἴρηταιο
2029 1836 2220 1889 Γενεὰ
2262 1836 2648 1904 ἀπροαίρετος
2686 1835 2761 1904 τῇ
2820 1836 3052 1904 καρδίᾳ,
3092 1835 3187 1889 καὶ
3232 1833 3364 1890 ἀϐέ-

126 1924 275 1990 ϐαιος
299 1925 454 1992 πρὸς
482 1925 590 1979 τὸν
611 1926 758 1980 Θεὸν
783 1927 864 1993 τῷ
897 1931 1189 1998 πνεύματι
1234 1930 1314 1996 τῷ
1343 1930 1581 1999 ἑαυτῆς.

195 2039 310 2093 Υἱοὶ
358 2041 608 2112 Ἑφραῒμ
627 2084 642 2107 ,
681 2045 1051 2113 ἐντείνοντες
1089 2048 1184 2100 καὶ
1214 2047 1556 2114 ,βάλλοντες
1593 2049 1683 2101 τό·

1862 2043 2029 2099 Vens.
2085 2043 2138 2098 9.
2172 2041 2304 2097 Filii
2351 2043 2607 2113 Ephraim
2641 2042 2962 2097 intendentes
2995 2051 3043 2096 et
3072 2044 3361 2099 emittentes

120 2129 258 2197 ξοις,
286 2131 688 2201 ἐστράφησαν
714 2136 783 2187 ἐν
809 2137 996 2205 ἡμέρᾳ
1025 2139 1306 2208 πολέμου.
1343 2140 1402 2194 Ὀ
1435 2140 1533 2210 μὲν
1558 2141 1692 2209 ἁγα-

122 2221 205 2284 θδς
230 2224 322 2276 καὶ
339 2223 722 2296 φιλάνθρωπος
743 2227 943 2300 Κύριος
963 2233 1075 2293 τοῖς
1099 2230 1334 2302 πρώτοις
1356 2234 1693 2305 προπάτορσι

119 2314 203 2369 τοῦ
249 2317 527 2371 Ἰουδαίων
567 2317 750 2383 ἔθνους
803 2320 937 2391 ἔργα
980 2322 1180 2384 παντὸς
1223 2321 1378 2391 λόγου
1415 2325 1694 2395 κρείττονα

119 2406 451 2462 ἐνεδείκνυτο
487 2410 559 2463 τὰ
599 2411 685 2464 διὰ
727 2413 1000 2477 Μωσέως·
1041 2415 1090 2467 οἱ
1127 2415 1183 2467 δὲ
1213 2414 1455 2483 ἐγίνοντο
1489 2417 1692 2488 σκληρ-

116 2494 336 2566 αύχενες
379 2499 478 2551 καὶ
513 2499 588 2563 ὡς
620 2500 832 2572 ἀληθῶς
879 2501 1005 2566 λαὸς
1035 2509 1213 2576 μωρὸς
1237 2506 1331 2558 καὶ
1363 2507 1482 2576 οὐχὶ
1512 2509 1690 2576 σοφὸς,

115 2587 204 2639 καὶ
253 2589 425 2658 γενεὰ
482 2592 673 2645 σκολιά
722 2594 814 2646 καὶ
868 2595 1298 2668 διεστραμμένη.
1377 2598 1535 2652 Ἀλλὰ
1586 2599 1693 2652 τῶν

121 2677 341 2749 ’πρώτων
379 2682 642 2736 τοιούτων
669 2684 1110 2756 ἀπελεγχθέντων
1135 2727 1150 2752 ,
1199 2690 1362 2760 νόμον
1410 2694 1523 2753 τοῖς
1557 2690 1694 2761 μετὰ

111 2768 278 2823 ταῦτα
310 2773 612 2842 παρεδίδου
635 2816 648 2835 .
685 2776 1124 2850 διαστειλάμενος
1175 2784 1269 2835 καί
1323 2783 1694 2856 διαμαρτυρά-

113 2874 268 2927 μενος
305 2861 366 2915 ὲν
396 2862 555 2933 αύτῷ
576 2864 645 2918 τά
670 2882 730 2918 τε
760 2867 1009 2938 πρακτέα
1038 2870 1131 2922 καὶ
1163 2871 1232 2924 τὰ
1274 2873 1381 2943 μή·
1419 2875 1696 2944 παραινῶν

108 2962 164 3004 τε
195 2951 269 3020 μὴ
304 2953 602 3023 μιμεῖσθαι
635 2956 761 3018 τοὺς
788 2957 1048 3029 πατέρας,
1076 2960 1209 3031 μηδὲ
1239 2962 1338 3033 τὴν
1375 2961 1567 3031 γενεὰν
1597 2965 1696 3035 τὴν

110 3040 347 3107 σκολιὰν,
389 3043 534 3114 μηδὲ
577 3045 674 3118 τὴν
706 3050 1267 3121 παραπικραίνουσαν,
1297 3051 1429 3121 ἥτις
1457 3057 1530 3108 οὐ
1561 3072 1698 3110 κατ-

105 3133 332 3197 ηὐθυνε
384 3135 510 3204 τὴν
554 3138 807 3207 καρδίαν
847 3141 1072 3209 αὐτῆς,
1108 3143 1205 3197 καὶ
1245 3148 1355 3199 οὐκ
1400 3145 1696 3216 ἐπιστὼθη

99 3225 250 3290 μετὰ
295 3227 411 3280 τοῦ
468 3228 619 3282 Θεοῦ
649 3231 713 3283 τὸ
742 3234 978 3302 πνεῦμα
1014 3233 1219 3303 αὐτῆς.
1264 3239 1324 3290 Ol
1373 3238 1446 3301 δὲ,
1482 3239 1698 3310 χείρους

105 3315 209 3369 τῶν
245 3319 518 3390 πατέρων
551 3323 867 3392 γενόμενοι,
901 3325 1049 3381 οὐδὲν
1093 3327 1190 3396 μὲν
1235 3328 1341 3381 ἀπὸ
1372 3329 1470 3400 τῆς
1513 3347 1695 3403 παρα-

101 3405 354 3482 δοθείσης
401 3389 504 3464 τοῦ
556 3389 718 3483 νόμου
769 3419 984 3489 γραφῆς
1055 3389 1356 3489 ωφελοῦντο
1411 3389 1488 3486 είς
1533 3389 1695 3492 palea;
1721 3389 1768 3453 ο

101 3501 301 3565 κακίας
337 3503 687 3568 ἐλαύνοντες.
715 3508 824 3562 Καὶ
863 3510 1066 3579 πρῶτοί
1103 3528 1167 3580 γε
1217 3512 1419 3566 τούτων
1465 3509 1605 3585 ἦσαν
1646 3517 1694 3568 oi

101 3592 205 3644 υἱοὶ
248 3595 530 3667 Ἐφραῒμ,
559 3597 877 3668 τιμηθέντες
906 3602 1010 3672 ,μὲν
1042 3601 1302 3676 ὲξαιρετῷ
1323 3608 1452 3676 τιμῇ
1483 3606 1571 3659 διὰ
1601 3606 1694 3659 τοῦ

97 3683 196 3753 τὴν
223 3686 422 3740 αὐτῶν
465 3687 637 3758 φυλὴν
665 3689 757 3742 καὶ
788 3689 878 3742 τὸν
906 3691 1082 3745 αὐτῶν
1114 3694 1312 3766 κλῆρον
1339 3695 1696 3768 προκριθῆναι

98 3775 192 3827 τοῦ
221 3779 446 3843 παντὸς
471 3780 677 3844 ἔθνους,
704 3781 798 3834 καὶ
820 3781 917 3852 τὴν
943 3785 1174 3841 κιϐωτὸν
1205 3787 1298 3840 τοῦ
1325 3789 1460 3842 Θεοῦ
1485 3791 1578 3843 καὶ
1600 3788 1695 3861 τὴν

96 3869 310 3940 σκηνὴν
335 3869 444 3922 τοῦ
474 3873 769 3943 μαρτυρίου
793 3875 891 3946 τὴν
923 3876 1026 3928 ὑπὸ
1056 3878 1298 3942 Μωσέως
1325 3880 1381 3932 ὲν
1410 3882 1476 3951 τῇ
1505 3883 1697 3952 ἐρήμῳ

95 3962 664 4018 κατασκευασθεῖσαν
731 3967 1085 4032 ὑποδέξασθαι
1142 3970 1423 4041 πρώτουςο
1481 3976 1510 4026 ὁ
1567 3975 1696 4042 γοῦν

89 4052 264 4115 τόπος
294 4056 328 4106 ό
355 4056 422 4108 ὲν
457 4055 633 4124 Σηλῶ,
665 4057 790 4112 ἔνθα
821 4061 854 4130 η
890 4062 1061 4133 σκηνὴ
1091 4063 1184 4115 καὶ
1220 4061 1280 4115 τὸ
1305 4065 1568 4135 ἀγίασμα,
1592 4067 1698 4137 πρὸ

91 4144 193 4215 τῆς
246 4146 658 4219 Ἰερουσαλὴμ,
709 4150 808 4221 τῆς
858 4152 1026 4233 φυλῆς
1084 4153 1319 4226 Ἐφραῒμ
1372 4156 1692 4227 ἐτύγχανεν·

86 4235 232 4289 ἀλλὰ
281 4237 516 4308 πρῶτοι
560 4237 760 4310 ταύτης
791 4242 1042 4312 τυχόντες
1081 4244 1178 4314 τῆς
1231 4245 1394 4316 τιμῆς
1423 4284 1438 4311 ,
1491 4247 1701 4301 εἰδωλο-

85 4325 297 4398 λάτραι
373 4330 656 4397 γεγόνασι.
707 4331 817 4384 Καὶ
864 4332 979 4385 ἔστι
1027 4350 1091 4400 γε
1149 4333 1247 4405 τὴν
1315 4335 1554 4408 ἱστορίαν
1591 4339 1698 4390 τῶν

81 4419 535 4492 πεπραγμένων
581 4421 764 4483 αὐτοῖς
812 4420 920 4474 ἀπὸ
956 4422 1054 4491 τῆς
1097 4421 1277 4492 βίϐλου
1328 4424 1438 4476 τῶν
1480 4427 1699 4497 Κριτῶν

82 4505 508 4571 ἀναλέξασθαι.
537 4509 778 4582 Ἐλέγχει
801 4511 856 4563 δὲ
885 4514 979 4566 καὶ
997 4516 1025 4566 ὁ
1049 4513 1238 4587 παρὼν
1257 4515 1467 4586 ψαλμὸς
1494 4516 1698 4588 προῖὼν

79 4598 217 4669 ἑξῆς
245 4599 360 4652 καὶ
396 4599 576 4667 λέγων
604 4602 732 4673 περὶ
759 4603 962 4657 αὐτῶν·
1004 4605 1296 4660 Ἁπώσατο
1320 4606 1386 4660 τὸ
1411 4608 1699 4679 σκήνωμα

1793 2135 2044 2200 arcubus,
2076 2135 2211 2189 versi
2249 2143 2371 2190 sunt
2417 2136 2471 2188 in
2525 2134 2608 2188 die
2646 2134 2786 2188 belli.
2821 2133 3003 2188 Bonus
3045 2134 3262 2203 quidem
3309 2148 3365 2191 et

1793 2229 2033 2284 clemens
2068 2227 2334 2282 Dominus
2364 2228 2555 2298 primis
2583 2227 2824 2282 Judaicae
2862 2229 3037 2297 gentis
3061 2228 3234 2284 atavis
3265 2245 3363 2299 per

1793 2319 2029 2390 Moysem
2049 2319 2431 2375 inenarrabilia
2447 2334 2610 2389 opera
2625 2319 2814 2374 edidit:
2835 2319 2935 2389 ipsi
2949 2335 3075 2374 vero
3089 2319 3225 2373 dura
3243 2336 3360 2376 cer-

1792 2410 1911 2464 vice
1935 2409 2233 2475 iuerunt,et
2248 2425 2432 2465 revera
2453 2390 2691 2480 populus
2702 2409 2902 2464 stultus
2917 2421 2968 2466 et
2987 2425 3096 2464 non
3123 2411 3361 2480 sapiens.

1793 2510 1846 2554 et
1880 2505 2162 2570 generatio
2193 2510 2433 2556 tortuosa
2463 2509 2516 2555 et
2559 2516 2834 2570 perversa.
2870 2499 2976 2556 Sed
3000 2517 3122 2568 eum
3151 2504 3363 2573 priores

1794 2592 1916 2647 illos
1949 2593 2086 2648 tales
2116 2591 2285 2649 fuisse
2314 2593 2725 2664 comprobatum
2782 2592 2967 2658 fuerit,
3004 2595 3240 2666 posteris
3269 2611 3366 2651 eo—

1794 2699 1914 2736 rum
1953 2683 2123 2754 legem
2157 2684 2401 2747 tradidit,
2440 2693 2712 2755 praecepta
2751 2685 2889 2741 dans
2932 2687 3060 2746 illis.
3100 2694 3155 2741 et
3178 2688 3366 2742 testiﬁ-

1795 2782 1951 2830 catus
1982 2791 2234 2846 qutenam
2281 2777 2513 2846 agenda,
2557 2791 2586 2830 a
2626 2777 2824 2846 quibus
2859 2775 3242 2832 abstinendum
3271 2793 3366 2834 es-

1798 2873 1880 2920 set
1907 2885 1920 2920 :
1950 2867 2249 2921 cohortans
2278 2881 2495 2936 quoque
2529 2882 2599 2921 ne
2640 2877 2824 2936 patres
2856 2883 3031 2937 neque
3057 2868 3370 2938 generatio-

1797 2973 1920 3013 nem
1957 2959 2102 3012 illam
2133 2967 2437 3013 tortuosam
2470 2966 2524 3013 et
2551 2967 2965 3029 exasperantem
2991 2959 3363 3027 imitarentur,

1795 3066 1911 3120 quae
1955 3066 2059 3104 non
2109 3050 2303 3106 direxit
2331 3067 2423 3105 cor
2451 3067 2625 3112 suum.
2655 3059 2705 3106 et
2753 3068 2858 3106 non
2890 3051 3061 3121 ﬁdelis
3109 3053 3208 3123 fuit
3246 3069 3366 3108 cum

1797 3139 1906 3195 Deo
1937 3143 2157 3210 spiritus
2186 3143 2321 3209 ejus.
2353 3142 2433 3196 llli
2474 3158 2605 3197 vero
2625 3182 2640 3208 ,
2667 3145 2913 3214 patribus
2943 3145 3268 3212 deteriores,
3297 3147 3367 3201 ab

1799 3237 1902 3294 sibi
1935 3239 2134 3293 tradita
2174 3236 2310 3308 legis
2342 3238 2617 3307 scriptura
2648 3241 2896 3297 utilitatis
2924 3240 3059 3295 nihil
3104 3256 3365 3312 percepe-

1799 3337 1967 3396 runt;
2001 3331 2095 3384 sed
2125 3329 2181 3383 in
2225 3328 2556 3398 profundum
2591 3331 2856 3385 malorum
2905 3331 3044 3401 lapsi
3088 3340 3235 3386 sunt.
3263 3329 3348 3386 Bo

1798 3439 1918 3478 rum
1951 3422 2113 3494 primi
2147 3429 2303 3477 erant
2335 3421 2429 3476 lilii
2457 3421 2741 3492 Ephraim,
2772 3422 2866 3493 qui
2904 3422 3234 3492 praecellenti
3261 3422 3366 3478 bo-

1797 3533 1932 3572 nore
1959 3517 2170 3581 donati,
2204 3517 2348 3586 quod
2376 3516 2554 3571 tribus
2597 3524 2651 3570 et
2687 3530 2806 3571 sors
2844 3531 3035 3572 eorum
3080 3516 3177 3571 toti
3218 3517 3367 3588 genti

1797 3608 2092 3680 praebabita
2153 3607 2336 3673 fuerit,
2368 3615 2422 3664 et
2467 3622 2648 3662 arcam
2696 3606 2789 3661 Dei
2849 3607 3367 3678 tabernaculumque

1796 3701 2094 3758 testimonii
2149 3701 2217 3755 ab
2254 3699 2439 3771 Moyse
2483 3703 2536 3754 in
2578 3704 2794 3755 deserto
2834 3708 3208 3754 constructum
3260 3701 3366 3771 ipsi

1797 3792 1957 3861 primi
1982 3792 2296 3862 acceperint
2326 3808 2338 3843 :
2375 3805 2498 3845 nam
2526 3791 2680 3844 locus
2704 3789 2793 3844 ille
2823 3789 2879 3842 in
2903 3788 3037 3853 Silo,
3062 3789 3152 3844 ubi
3183 3791 3366 3846 taber-

1800 3883 2056 3937 naculum
2111 3890 2164 3936 et
2199 3881 2560 3936 sanctiﬁcatio
2600 3879 2911 3951 (antequam
2960 3880 3014 3934 in
3061 3879 3364 3937 Jerusalem

1797 3973 1964 4044 esset)
1995 3974 2242 4044 degebat,
2285 3973 2461 4028 tribus
2504 3971 2760 4043 Ephraim
2805 3979 2941 4027 erat.
3005 3971 3200 4028 Verum
3237 3988 3364 4028 cum

1798 4065 1902 4135 ipsi
1933 4065 2094 4135 primi
2146 4072 2301 4119 tanto
2329 4064 2536 4120 honore
2563 4063 2771 4134 dignati
2807 4057 3032 4129 essent,
3059 4062 3364 4120 idololatra:

1797 4157 1974 4213 ellecti
2009 4163 2156 4212 sunt.
2187 4157 2263 4211 Ac
2285 4157 2484 4226 cuique
2515 4156 2643 4211 licet
2672 4156 2957 4213 historiam
2987 4172 3168 4212 rerum
3203 4158 3271 4214 ab
3293 4158 3364 4212 il-

1800 4251 1866 4305 lis
1915 4257 2190 4319 gestarum
2220 4263 2286 4303 ex
2317 4248 2456 4303 libro
2483 4247 2736 4303 Judicum
2773 4248 3050 4320 colligere.
3086 4248 3238 4318 Ipsos
3267 4265 3367 4302 au-

1800 4353 1906 4400 tem
1938 4361 2178 4417 praesens
2211 4346 2456 4415 psalmus
2490 4345 2545 4400 in
2582 4345 2934 4416 sequentibus
2969 4360 3184 4416 quoque
3205 4360 3366 4400 coar-

1799 4439 1936 4509 guit,
1979 4437 2166 4492 dicens
2194 4451 2209 4489 :
2237 4435 2444 4506 Repulit
2479 4435 2875 4491 tabernaculum
2924 4435 3142 4505 Ioseph,
3175 4446 3224 4490 et
3265 4438 3363 4491 tri-

1800 4529 1922 4582 bum
1954 4527 2208 4597 Ephraim
2226 4545 2330 4582 non
2359 4528 2546 4598 elegit;
2577 4538 2630 4584 et
2658 4542 2878 4582 rursum
2916 4546 2930 4581 :
2963 4527 3031 4580 Et
3061 4527 3248 4596 repulit
3285 4543 3367 4583 ιαο

1801 4619 2140 4674 bernaculum
2169 4618 2306 4682 Silo,
2333 4619 2726 4673 tabernaculum
2753 4634 2904 4672 suum
2925 4617 3014 4671 ubi
3039 4619 3289 4674 habitavit
3312 4621 3366 4674 in

91 4691 360 4761 Ἰωσὴφ,
401 4695 507 4746 καὶ
541 4694 655 4763 τὴν
685 4695 894 4764 φυλὴν
931 4697 1168 4769 Ὲφραῒμ
1199 4701 1310 4754 οὐκ
1344 4701 1683 4767 ἐξελέξατοε

1801 4710 2130 4774 hominibus;
2166 4725 2497 4779 causamque
2536 4709 2739 4778 profert
2766 4709 2852 4764 his
2875 4709 3091 4764 verbis:
3119 4710 3368 4766 Conversi

73 4787 178 4839 καὶ
242 4785 440 4840 πάλιν
460 4800 473 4815 ⁸
524 4787 636 4841 Καὶ
683 4788 962 4845 ἀπώσατο
1007 4791 1121 4859 τὴν
1165 4792 1404 4862 σκηνὴν
1440 4795 1653 4865 Σηλὼμ
1677 4837 1692 4861 ,

74 4878 413 4947 σκήνωμα
448 4874 516 4934 οὗ
548 4884 1008 4947 κατεσκήνωσεν
1033 4885 1102 4937 ἐν
1125 4884 1473 4953 ἀνθρὼποις’
1489 4890 1581 4941 καὶ
1600 4888 1697 4961 τὴν

70 4971 272 5025 αἰτίαν
340 4971 687 5044 παρίστησιν
756 4972 925 5027 εἰπών
960 4991 973 5004 ·
1044 4975 1552 5045 Μετεστράφησαν
1611 4983 1699 5047 είς

68 5063 279 5128 τόξον
310 5066 647 5131 στρεϐλόν.
681 5067 793 5120 Καὶ
831 5066 1210 5138 παρώργισαν
1253 5070 1440 5124 αὑτὸν
1479 5072 1549 5127 ἐν
1575 5076 1699 5139 τοῖς

63 5159 360 5224 βουνοῖς
408 5159 632 5223 αὐτῶν,
656 5159 754 5214 καί
783 5160 854 5214 ὲν
881 5159 1004 5226 τοῖς
1026 5161 1313 5229 γλυπτοῖς
1339 5162 1534 5218 αὐτῶν
1550 5181 1698 5235 stap—

65 5250 440 5319 εξήλωσαν
487 5253 715 5312 ainde-.3
741 5252 980 5315 Εἰκότως
1022 5246 1114 5307 οὖν
1156 5252 1249 5306 καὶ
1295 5253 1381 5307 διὰ
1412 5254 1519 5309 τῶν
1566 5273 1695 5326 προ-

61 5345 384 5415 κειμένων
434 5343 676 5414 εἴρηται·
723 5345 838 5399 Υἱοὶ
889 5345 1127 5416 Ἐφριαμ
1147 5385 1160 5410 ,
1205 5347 1570 5415 ἐντείνοντες
1602 5349 1700 5403 καὶ

61 5436 470 5500 βάλλοντες
492 5435 689 5502 τόξον,
703 5435 1095 5504 ἐστράφησαν
1115 5437 1185 5491 ἐν
1205 5437 1394 5507 ἡμέρᾳ
1413 5438 1698 5508 πολέμου.

59 5529 204 5592 Πῶς
235 5528 309 5581 δὲ
348 5525 716 5597 ἐστράφησαν
765 5527 1093 5599 σαφέστερον
1139 5529 1464 5601 παρίστησιν
1497 5530 1694 5583 εἰπών·

61 5617 184 5671 Kal
230 5614 554 5688 ἐτένοντο
595 5619 679 5683 εὶς
707 5617 886 5683 τόξον
913 5621 1222 5689 στρεϐλόν.
1272 5619 1397 5675 Δέον
1425 5619 1534 5694 γὰρ
1575 5619 1700 5691 βάλ-

146 5774 200 5805 ¹⁰
242 5771 450 5827 Deut.
477 5783 646 5835 xnu,
679 5770 732 5826 6.

1797 4811 1918 4856 sunt
1956 4803 2010 4856 in
2039 4819 2219 4856 arcum
2238 4819 2474 4874 pravum.
2509 4801 2578 4855 Et
2618 4803 2952 4855 irritaverant
2981 4817 3098 4854 eum
3130 4803 3183 4856 in
3213 4804 3367 4859 colli-

1798 4894 1892 4949 bus
1916 4896 2046 4958 suis,
2073 4904 2121 4949 et
2155 4895 2210 4948 in
2239 4894 2567 4965 sculptilibus
2598 4894 2707 4948 suis
2739 4893 2808 4947 ad
2839 4893 3223 4949 aemulationem
3245 4913 3364 4952 eum

1798 4997 2225 5055 prouocauerunt.
2253 4985 2382 5041 Jure
2407 5001 2536 5054 ergo
2564 4983 2620 5039 in
2646 4984 3000 5054 praesentibus
3014 4984 3216 5040 dictum
3243 4997 3323 5042 est
3348 5006 3361 5042 :

1801 5075 1936 5131 Filii
1967 5076 2217 5144 Ephraim
2246 5076 2566 5131 intendentes
2614 5084 2662 5128 et
2691 5075 2953 5130 mittentes
3005 5092 3208 5139 arcum,
3233 5076 3367 5130 versi

1803 5177 1924 5222 sunt
1957 5168 2010 5220 in
2033 5167 2117 5221 die
2148 5166 2290 5221 belli.
2319 5166 2438 5232 Quo
2470 5171 2630 5236 pacto
2661 5172 2840 5219 autem
2882 5166 3131 5222 conversi
3160 5165 3366 5222 fuerint

1805 5258 2003 5313 clarius
2059 5257 2296 5312 ostendit
2352 5255 2582 5310 dicens:
2618 5252 2687 5308 Et
2743 5252 2874 5323 facti
2918 5263 3038 5308 sunt
3090 5255 3145 5308 in
3182 5271 3364 5309 arcum

1802 5363 2040 5416 pravum.
2098 5346 2231 5400 Nam
2283 5359 2406 5399 cum
2459 5344 2788 5418 oportuisset
2825 5343 2930 5397 tela
2966 5344 3258 5401 immittere
3311 5354 3367 5401 et

1806 5437 2005 5492 bellum
2051 5435 2254 5490 inferre
2285 5433 2525 5488 inimicis
2574 5432 2691 5497 Dei,
2729 5432 3033 5488 idololatria
3097 5434 3174 5490 illi
3225 5451 3366 5506 prae-

1807 5533 2067 5599 optarunt
2088 5525 2286 5581 bellum
2304 5539 2522 5580 movere
2548 5522 2677 5578 Deo.
2703 5523 2882 5590 Quare
2897 5525 3078 5580 subdit
3104 5526 3362 5586 z—Vsns.

1807 5623 1892 5678 10.
1929 5619 2052 5678 Non
2086 5616 2442 5674 custodierunt
2499 5626 2864 5673 testamentum
2897 5617 3013 5686 Dei,
3045 5628 3095 5676 et
3149 5617 3205 5674 in
3255 5619 3365 5695 lege
