3798 6282
262 377 373 431 915

1347 366 1847 427 COMMENTARIA
1889 365 1955 420 ΙΝ
1995 365 2337 423 Ρελωιυε.

3396 376 3499 433 ειι

258 499 323 551 ὲν
359 500 472 560 τοῖς
516 496 651 566 μετά
681 495 849 549 ταῦτα
888 496 1086 564 λέγων·
1125 492 1540 560 Μετέστρεψεν
1581 493 1665 557 είς
1691 484 1812 557 aius

1934 487 2241 555 sanguinem
2279 486 2501 554 ﬂumina
2521 502 2723 553 eorum,
2758 501 2807 543 et
2835 491 3024 547 imbres
3046 511 3224 548 eorum
3268 510 3328 550 ne
3361 496 3500 550 bibe-

256 586 409 651 τοὺς
434 585 736 653 ποταμοὺς
756 582 971 644 αὐτῶν,
1010 584 1194 638 καὶτὰ
1212 581 1548 651 όμϐρήματα
1572 579 1725 646 ὅπως
1741 578 1826 648 μὴ

256 668 505 730 πίωσιν.
544 675 996 740 Ἑξαπέστειλεν
1017 678 1103 741 εὶς
1126 674 1346 740 αὐτοὺς
1369 673 1713 742 κοινόμυιαν
1733 672 1829 724 καὶ

257 768 597 838 κατέφαγεν
639 768 892 833 αὐτοὺς,
936 770 1031 821 καὶ
1081 768 1147 821 τὰ
1193 767 1401 828 τούτοις
1451 764 1827 834 ἐπιλεγόμενα.

256 859 447 912 Ταῦτα
500 860 596 929 μὲν
633 854 723 913 οὖν
786 860 904 912 κατ’
953 858 1261 927 Αἰγυπτίων
1308 857 1515 926 ἐγίνετο
1560 859 1618 909 ὲν
1663 853 1830 923 πεδίῳ

256 946 480 1014 Τάπίεως
504 969 517 981 ·
550 950 586 1004 ἀ
617 951 680 1021 δὴ
718 950 1000 1022 παρελθὼν
1036 950 1126 1002 ἐπὶ
1173 947 1265 1002 τοῦ
1295 949 1557 1019 παρόντος
1592 947 1621 999 ὁ
1654 946 1831 1013 λόγος,

252 1044 361 1108 τὰς
392 1046 473 1107 είς
514 1044 603 1096 τὸν
642 1043 768 1095 λαὸν
800 1043 1115 1112 εὐεργεσίας
1164 1042 1480 1112 προτάττει·
1506 1039 1581 1101 ὡς
1615 1036 1830 1107 διῆλθον

251 1136 360 1207 τὴν
408 1135 713 1201 θάλασσαν,
757 1137 835 1197 είς
884 1134 1052 1187 πολλά
1109 1134 1247 1205 μέρη
1297 1130 1667 1201 διαιρεθέντων
1722 1129 1828 1181 τῶν

255 1229 502 1282 ὑδάτων·
536 1228 566 1280 ὃ
605 1227 668 1297 δὴ
713 1226 1037 1297 παρίσταται
1065 1227 1152 1279 διὰ
1186 1225 1276 1278 τοῦ
1310 1225 1602 1293 φάσκοντος
1635 1222 1791 1291 λόγου
1812 1237 1825 1252 ·

255 1320 346 1386 Τῷ
372 1319 773 1373 καταδιελόντι
803 1318 915 1385 τὴν
943 1316 1219 1385 Ἐρυθρὰν
1243 1315 1557 1369 θάλασσαν
1580 1317 1665 1379 εις
1686 1312 1831 1368 διαι-

243 1411 487 1479 ρέσεις,
543 1411 642 1464 καί
683 1411 1019 1480 δοαγαγόντι
1060 1410 1166 1462 τὸν
1224 1407 1457 1477 Ἰσραὴλ
1493 1406 1589 1461 διὰ
1635 1405 1829 1475 μέσου

252 1502 469 1569 αὐτῆς.
498 1503 633 1555 Φασὶ
671 1503 799 1571 γοῦν
840 1501 1105 1571 Ἐϐραίων
1138 1501 1327 1562 παῖδες
1358 1501 1437 1562 είς
1467 1497 1533 1551 ι6’
1568 1498 1828 1567 τμήματα

253 1594 550 1666 διῃρῆσθαι
590 1595 759 1665 αὐτὴν
816 1594 933 1646 κατ’
960 1592 1191 1664 ἀριθμὸν
1235 1591 1341 1646 τῶν
1391 1590 1459 1643 ιδ’
1509 1589 1690 1658 φυλῶν
1734 1588 1827 1641 τοῦ

254 1685 423 1739 λαοῦ·
468 1686 608 1739 ὥστε
656 1685 1050 1756 ἀφωρισμένως
1094 1683 1329 1754 ἑκάστην
1376 1681 1599 1735 διελθεῖν
1633 1680 1824 1751 φυλὴν,

254 1776 404 1828 κατά
435 1777 532 1847 τὴν
554 1774 989 1846 ἀπονεμηθεῖσαν
1019 1774 1156 1844 αὐτῇ
1185 1772 1427 1843 πορείαν.
1461 1771 1825 1840 Διισταμένων

1934 588 2068 631 rent.
2104 577 2250 633 Misit
2288 581 2341 632 in
2373 595 2459 633 eos
2492 583 2835 650 caenomyiam
2867 593 2916 636 et
2938 588 3158 641 comedit
3174 605 3282 652 eos,
3316 598 3371 643 et
3392 605 3498 643 cae-

1934 680 2071 723 tera.
2101 668 2225 723 Haec
2255 671 2436 739 itaque
2472 679 2662 726 contra
2679 672 2965 743 Egyptios
2985 677 3037 731 in
3062 693 3253 749 campo
3282 680 3493 736 Taneos

1929 760 2295 830 contigerunt,
2313 776 2434 830 qua:
2462 769 2848 818 transcurrens
2874 764 2928 819 in
2958 772 3208 836 praesenti
3237 772 3498 828 beneﬁcia

1929 851 1985 905 in
2018 852 2272 920 populum
2324 853 2640 921 praeiuittit:
2678 863 2735 908 ut
2770 856 2979 911 scilicet
3031 862 3186 929 aquis
3229 864 3412 932 plures
3443 866 3497 919 in

1931 957 2111 1015 partes
2146 944 2358 1011 divisis,
2385 962 2533 1003 mare
2580 952 2976 1017 pertransierit,
3005 954 3151 1020 quod
3190 955 3277 1013 bis
3319 960 3497 1014 verbis

1928 1038 2238 1092 declaratur
2271 1056 2284 1092 :
2320 1036 2424 1103 Qui
2450 1039 2630 1092 divisit
2665 1056 2812 1095 mare
2841 1039 3072 1095 Rubrum
3102 1045 3155 1097 in
3196 1044 3493 1109 divisiones.

1928 1139 1978 1182 et
2018 1128 2201 1184 eduxit
2241 1129 2415 1185 Israel
2444 1148 2535 1201 per
2571 1134 2799 1187 medium
2849 1134 2963 1203 ejus
3000 1135 3064 1191 “.
3099 1135 3267 1191 Aiunt
3316 1139 3497 1211 itaque

1931 1217 2140 1272 Hebraei
2170 1218 2225 1273 in
2258 1220 2541 1275 duodecim
2574 1224 2845 1277 sectiones
2881 1224 3116 1280 divisum
3148 1226 3318 1284 fuisse
3348 1246 3497 1285 inure

1929 1311 2229 1366 secundum
2251 1330 2535 1368 numerum
2564 1314 2849 1371 duodecim
2888 1318 3068 1387 populi
3103 1320 3344 1374 tribuum
3372 1342 3384 1389 ;
3422 1324 3495 1377 ita

1931 1410 1987 1455 ut
2011 1403 2237 1473 singulae
2265 1406 2439 1459 tribus
2466 1409 2755 1477 separatim
2788 1409 2843 1461 in
2872 1413 3148 1480 assignato
3178 1411 3283 1466 sibi
3314 1421 3494 1464 meatu

1928 1498 2343 1565 pertransircut.
2375 1499 2508 1554 Cum
2559 1516 2720 1569 porro
2758 1516 2913 1571 aqua:
2969 1502 3288 1569 intermedio
3321 1503 3497 1573 spatio

1928 1587 2189 1657 sejunctze
2212 1600 2415 1653 essent,
2450 1600 2503 1645 et
2533 1593 2684 1645 arida
2710 1606 2851 1646 terra
2885 1594 2937 1646 in
2973 1594 3151 1647 medio
3176 1595 3492 1656 haberetur.

1926 1695 2267 1750 consequens
2300 1690 2417 1736 erat
2434 1698 2605 1751 aquas
2631 1683 2683 1737 in
2708 1684 2983 1737 cumulum
3018 1694 3234 1740 evectas
3249 1685 3494 1740 contine-

1926 1774 1992 1837 ri,
2034 1775 2087 1827 in
2136 1790 2261 1829 aere
2307 1775 2544 1829 tumidas
2582 1775 2779 1829 elevari
2818 1783 2871 1829 et
2908 1775 3105 1838 attolli,
3154 1776 3209 1830 in
3264 1777 3512 1846 ipsoque

251 1864 313 1918 δὲ
339 1864 449 1917 τῶν
482 1865 707 1927 ὑδάτων,
752 1864 847 1916 καὶ
895 1862 1064 1933 ξηρᾶς
1094 1862 1196 1930 γῆς
1226 1864 1284 1915 ὲν
1322 1861 1399 1931 τῷ
1444 1858 1645 1931 μεταξὺ
1698 1877 1812 1913 συν-

1924 1880 2049 1921 aere
2084 1867 2240 1936 quasi
2303 1867 2359 1920 in
2409 1875 2528 1921 utre
2561 1867 2844 1933 concludi;
2894 1880 3223 1937 quapropter
3250 1868 3487 1923 dicitur:

250 1958 569 2029 ιθ’·ιταμένης,
598 1954 885 2009 ἀκόλουθον
917 1951 983 2025 ἦν
1016 1952 1242 2022 συνοχὴν
1270 1951 1510 2019 γίνεσθαι
1540 1952 1645 2005 τῶν
1688 1951 1813 2005 ύδά-

1923 1953 1990 2007 Et
2024 1957 2204 2009 statuit
2262 1973 2423 2026 aquas
2474 1957 2624 2019 quasi
2659 1964 2842 2009 utrem.

246 2071 383 2118 των,
435 2055 509 2118 ὡς
562 2052 889 2124 κυρτοῦσθαι
933 2050 1070 2105 αὐτὰ
1130 2050 1460 2119 συνεχόμενα
1508 2049 1644 2121 πρὸς
1696 2050 1894 2121 ἄλληλα
1945 2053 2037 2105 καὶ
2102 2056 2160 2105 ὲν
2220 2052 2369 2123 αὐτῷ
2434 2052 2509 2121 τῷ
2556 2051 2677 2122 ἀέρι
2719 2051 3035 2123 ἐπαίρεσθαι
3096 2052 3189 2104 καὶ
3247 2051 3489 2121 ὑψοῦσθα

247 2149 592 2221 κυρτούμενα
624 2151 714 2203 καὶ
747 2146 1202 2219 μετεωριζόμενα,
1244 2147 1339 2200 καὶ
1361 2146 1549 2219 ὥσπερ
1601 2148 1660 2199 ὲν
1713 2148 1867 2218 ἀσκῷ
1905 2149 1981 2220 τῷ
2010 2152 2129 2221 ἀέρι
2171 2150 2585 2221 περικλειόμενα
2608 2166 2620 2179 ·
2652 2149 2731 2202 διὸ
2777 2148 3047 2201 λέλεκται·
3076 2150 3486 2217 Παρέστησενι

246 2242 441 2295 ὕδατα
468 2241 609 2295 ὡσεὶ
641 2241 854 2295 ἀσκόν.

318 2337 473 2390 Μετὰ
516 2336 572 2389 δὲ
602 2335 661 2388 τὸ
716 2335 1030 2407 τηλικοῦτον
1076 2335 1277 2407 θαῦμα,
1335 2334 1651 2405 ὡδήγησεν
1703 2338 1813 2390 αὐ-

1977 2338 2138 2392 Vsns.
2168 2338 2251 2391 14.
2294 2336 2422 2391 Post
2444 2346 2650 2390 tantum
2679 2335 2996 2389 miraculum
3020 2336 3235 2389 deduxit
3265 2353 3374 2399 eos,
3407 2336 3490 2391 in-

248 2428 414 2491 τοὺς,
445 2427 624 2496 φησὶν,
697 2426 767 2477 ἐν
818 2425 1038 2494 νεφέλῃ
1089 2424 1330 2495 ἡμέρας,
1392 2424 1812 2497 ὲπισκιαζούσης

1920 2432 2055 2502 quit,
2101 2432 2155 2484 in
2184 2430 2314 2483 nube
2356 2430 2481 2497 diei,
2501 2430 2882 2493 adumbrante,
2918 2436 3081 2498 atque
3111 2438 3486 2498 legumentum

246 2517 347 2569 καὶ
381 2516 587 2586 σκέπην
648 2514 829 2577 αὐτοῖς
881 2512 1223 2585 παρεχούσης
1277 2516 1374 2585 τῆς
1420 2514 1669 2585 νεφέλης,
1736 2515 1812 2579 ὡς

1920 2522 2191 2591 βταιὺεηιε
2208 2520 2371 2584 nube,
2406 2529 2463 2574 ut
2484 2535 2551 2574 ne
2572 2519 2706 2575 solis
2731 2528 2864 2576 testu
2896 2519 3223 2575 laborarent.
3246 2517 3310 2573 Ut
3328 2534 3490 2587 porro
3554 2541 3558 2545 ⁴

246 2608 317 2662 ἂν
352 2607 425 2678 μὴ
449 2607 551 2659 ὑπὸ
570 2606 661 2660 τοῦ
695 2606 933 2675 φλογμοῦ
982 2606 1075 2659 τοῦ
1124 2605 1350 2675 ἡλιακοῦ
1407 2609 1808 2659 καταπονοωτα

1920 2614 2058 2667 nube
2074 2613 2179 2667 diei
2202 2613 2538 2683 tegebantur,
2572 2612 2652 2667 sic
2680 2617 3041 2681 congruenter
3072 2610 3324 2664 columna
3349 2611 3489 2680 Ignis

248 2698 617 2770 Καταλλήλως
676 2699 732 2752 δὲ
790 2703 855 2770 τῇ
920 2700 1017 2769 τῆς
1067 2700 1277 2770 ἡμέρας
1324 2698 1547 2771 νεφέλῃ,
1619 2698 1807 2767 στύλος

1925 2704 2036 2774 psis
2070 2712 2231 2757 noctu
2250 2704 2471 2773 praeibat
2499 2703 2702 2756 claram
2733 2701 2875 2756 diem
2909 2684 3147 2756 elliciens
3169 2720 3181 2755 :
3203 2717 3374 2771 quare
3402 2701 3486 2755 di—

245 2793 421 2864 παρὸς
477 2792 566 2846 διὰ
629 2792 727 2864 τῆς
783 2793 975 2856 νυκτὸς
1047 2792 1285 2862 προῆγεν
1353 2792 1546 2855 αὐτοὺς
1573 2831 1587 2855 ,
1666 2792 1808 2862 ἠμέ-

1920 2794 2076 2850 :itur:
2097 2792 2163 2846 Et
2178 2804 2289 2847 tota
2315 2803 2460 2846 nocte
2478 2794 2534 2846 in
2565 2792 2952 2845 illuminatione
2974 2790 3130 2861 ignis.
3153 2789 3229 2845 Ad
3263 2789 3377 2845 haec
3404 2789 3488 2844 di-

253 2902 359 2955 ραν
418 2884 598 2946 αὐτοῖς
652 2885 917 2953 φωτεινὴν
993 2882 1462 2955 ἀπεργαζόμενος·
1525 2882 1605 2935 διὸ
1660 2882 1809 2936 λέλε-

1920 2886 2084 2940 :itur:
2113 2883 2281 2939 Vens.
2320 2885 2404 2939 15.
2442 2882 2733 2951 Interrupit
2768 2890 2970 2950 petram
3005 2882 3057 2933 in
3085 2890 3346 2945 eremo,et
3368 2890 3487 2950 pot-

247 2990 398 3036 mat,
434 2973 541 3027 Kal
588 2972 739 3041 ὅλην
786 2972 900 3041 τὴν
943 2974 1132 3027 νύκτα
1168 2972 1237 3025 ἐν
1274 2971 1550 3041 φωτισμῷ
1599 2974 1807 3041 πυρός.

1920 2977 2011 3031 suit
2039 2993 2127 3031 eos
2146 2974 2284 3029 velut
2306 2975 2360 3029 in
2398 2974 2589 3045 abysso
2626 2973 2814 3029 multa.
2838 2973 3104 3028 Observes
3130 2986 3295 3043 porro
3330 2974 3485 3026 velim

258 3065 385 3117 Ἐπὶ
444 3062 654 3126 τούτοις
710 3064 953 3132 λέγεται·
993 3062 1268 3131 Διέρῤηξε
1326 3062 1547 3131 πέτραν
1597 3062 1707 3128 ἐν.
1737 3061 1811 3131 τῇ

1920 3069 2003 3123 hic
2026 3068 2189 3123 etiam
2218 3068 2428 3138 c0piam
2450 3080 2712 3135 aquarum
2744 3064 2992 3134 abyssum
3026 3064 3232 3118 vocari.
3258 3062 3364 3117 Pro
3394 3064 3487 3117 illo

243 3157 486 3226 ἐρήμῳ,
547 3159 641 3211 καί
688 3158 964 3211 ἐπότισεν
1020 3156 1241 3221 αὐτοὺς
1297 3156 1377 3221 ὠς
1430 3156 1499 3209 ὲν
1565 3156 1812 3223 ἀϐύσσῳ

1920 3168 2116 3222 autem,
2149 3160 2427 3227 interrupit
2480 3167 2705 3227 petram,
2738 3155 2955 3225 Aquila,
2986 3155 3164 3210 divisit
3209 3165 3383 3226 petras
3432 3158 3486 3209 in

244 3251 472 3319 πολλῇ.
502 3252 669 3321 Τήρει
701 3250 756 3303 δὲ
785 3252 933 3314 ὅπως
961 3251 1056 3304 καὶ
1104 3248 1336 3302 ἐνταῦθα
1376 3248 1437 3301 τὸ
1477 3247 1675 3315 πλῆθος
1706 3248 1812 3302 τῶν

1920 3268 2107 3314 eremo,
2135 3250 2328 3314 edidit,
2362 3247 2639 3303 Hebraicze
2684 3245 2937 3300 videlicet
2984 3246 3180 3301 litterae
3217 3246 3483 3309 serviens,

244 3341 458 3395 ὑδάτων
491 3341 766 3395 ἄϐυσσον
803 3341 1113 3411 ὠνόμασεν.
1149 3340 1292 3392 Ἀντὶ
1321 3339 1377 3393 δὲ
1410 3338 1525 3405 τοῦ,
1547 3338 1812 3408 διέρρηξε

1920 3357 2021 3413 qua
2052 3339 2359 3396 declaratur
2403 3354 2513 3393 non
2549 3354 2735 3403 unam,
2771 3338 2865 3394 sed
2895 3339 3081 3409 plures
3133 3343 3318 3407 petras
3351 3334 3485 3405 ipsis

242 3430 494 3500 πέτραν,
539 3434 567 3485 ὁ
621 3433 867 3497 Ἀκύλας,
905 3434 1118 3500 ἔσχισε
1184 3430 1438 3499 πέτρους
1478 3432 1548 3484 ἐν
1594 3428 1809 3500 ἐρήμῳ,

244 3524 499 3592 ἐξέδωκε,
527 3524 814 3588 δουλεύσας
831 3528 896 3596 τῇ
942 3525 1199 3596 Ἐϐραῖκῇ
1230 3526 1435 3595 γραφῇ,
1467 3523 1531 3575 δι’
1568 3518 1634 3594 ἦς
1666 3540 1809 3594 παρ-

246 3618 485 3680 ίσταται,
520 3617 597 3680 ὼς
655 3617 715 3669 οὐ
751 3617 848 3688 μία
881 3619 1054 3688 πέτρα
1087 3612 1211 3687 ἦνὴ
1247 3615 1594 3669 ἀναδλύσασα
1630 3616 1811 3678 αὐτοῖς

239 3707 317 3761 τὰ
351 3706 549 3771 ὕδατα,
611 3706 744 3760 ἀλλά
790 3706 996 3760 πολλαί.
1035 3707 1196 3759 Ὅθεν
1242 3707 1270 3758 ὁ
1303 3706 1445 3767 θεῖος
1496 3704 1810 3767 Ἁπόστολος

244 3800 667 3869 ἐπισημαίνεται
715 3799 915 3867 λέγων·
966 3800 1210 3851 Ἐπινον
1265 3797 1377 3865 γὰρ
1429 3797 1498 3850 ἐκ
1551 3812 1811 3865 πνευμα-

244 3889 423 3957 τικῆς
470 3891 924 3957 ἀκολουθούσης
946 3889 1167 3955 αὐτοὺς
1189 3891 1205 3908 '
1241 3888 1492 3957 πέτρας·
1545 3888 1583 3955 ἠ
1626 3886 1812 3955 πέτρα

239 3982 315 4035 δὲ
363 3980 438 4049 ἦν
490 3984 521 4035 ό
582 3980 865 4049 Χριστός·
922 3982 997 4045 ὡς
1053 3979 1365 4051 ἅπανταχοῦ
1428 3980 1810 4052 παρεπομένης

244 4073 444 4135 αὐτοὺς
472 4072 673 4143 πέτρας
694 4114 708 4138 ,
745 4074 837 4125 καὶ
877 4071 1015 4127 κατὰ
1047 4072 1316 4143 σταθμοὺς
1342 4071 1435 4125 καὶ
1474 4071 1621 4125 κατὰ.
1645 4070 1809 4141 μονὰς

247 4159 349 4213 καὶ
416 4159 555 4213 κατὰ
608 4161 784 4215 πάντα
844 4161 1009 4214 τόπον
1078 4161 1376 4233 παρούσης.
1444 4162 1811 4232 Ἐπιτηρήσας

242 4252 306 4305 δὲ
337 4252 489 4305 τοῦτο
510 4252 603 4305 καὶ
634 4256 689 4307 ὲν
711 4258 774 4325 τῇ
801 4255 1038 4318 Μωσέως
1070 4256 1320 4326 εὑρήσεις
1373 4255 1561 4325 Γραφῇ
1587 4273 1598 4285 ·
1633 4256 1690 4306 ὲν
1714 4253 1809 4323 μὲν

243 4344 359 4417 γὰρ
391 4348 457 4416 τῇ
497 4344 689 4417 Ἐξόδῳ
734 4346 945 4417 εἴρηται
965 4365 978 4379 ·
1011 4347 1118 4402 Kal
1148 4346 1555 4414 παρενέϐαλον
1591 4347 1660 4399 ἐν
1687 4347 1809 4398 Ῥα-

242 4435 443 4504 φιδεῖν
486 4436 587 4490 καὶ
622 4440 731 4492 οὐκ
770 4434 848 4508 ἦν
876 4437 1030 4505 ὕδωρ
1062 4438 1220 4491 πιεῖν
1245 4436 1323 4501 τῷ
1350 4437 1493 4503 λαῷ.
1523 4438 1631 4491 Kal
1658 4437 1810 4490 ἐλοι-

1913 3449 2083 3505 aquas
2109 3432 2378 3488 emisisse.
2416 3430 2569 3486 Unde
2593 3429 2813 3485 divinus
2836 3431 3133 3502 Apostolus
3164 3430 3280 3485 haec
3310 3430 3485 3483 adno-

1917 3530 2030 3578 tat:
2058 3521 2313 3576 Bibebant
2332 3530 2503 3575 autem
2527 3535 2591 3574 ex
2617 3520 2891 3589 spirituali
2918 3529 3263 3591 consequente
3292 3535 3378 3573 eos
3399 3534 3485 3587 pe-

1910 3622 2026 3667 tra:
2046 3623 2196 3682 petra
2211 3622 2383 3666 autem
2394 3621 2507 3665 erat
2525 3610 2765 3666 Christus
2786 3609 3024 3677 ".Quasi
3043 3610 3247 3664 scilicet
3263 3624 3358 3663 eos
3376 3608 3485 3661 ubi-

1910 3723 2014 3777 que
2032 3714 2182 3777 petra
2215 3715 2631 3774 sequeretur,ac
2650 3703 2706 3757 in
2728 3701 3077 3763 stationibus,
3103 3700 3157 3753 in
3188 3699 3483 3753 mansioni-

1910 3802 2034 3865 bus,
2078 3800 2133 3853 in
2172 3801 2426 3868 omnique
2457 3798 2575 3851 loco
2618 3810 2859 3866 praesens
2895 3793 3129 3847 adesset.
3192 3790 3327 3843 Illud
3345 3806 3487 3859 quo-

1909 3909 2014 3962 que
2034 3894 2087 3945 iu
2107 3891 2303 3962 Moysis
2316 3888 2594 3959 Scriptura
2614 3887 2904 3942 observare
2917 3884 3041 3939 licet
3057 3900 3072 3951 ;
3088 3898 3212 3937 nam
3230 3882 3284 3936 in
3298 3881 3484 3937 Exodo

1908 3984 2154 4039 dicitur:
2195 3983 2263 4036 Et
2316 3980 2677 4035 castrametati
2705 3987 2827 4032 sunt
2870 3979 2924 4031 in
2952 3974 3238 4043 Raphidin,
3288 3984 3337 4028 et
3378 3991 3484 4029 non

1908 4086 2023 4131 erat
2041 4074 2231 4144 populo
2260 4091 2393 4143 aqua
2428 4072 2496 4125 ad
2521 4070 2817 4125 bibendum.
2849 4068 2917 4122 Et
2930 4069 3180 4138 jurgatus
3211 4076 3287 4121 est
3317 4083 3483 4135 popu-

1911 4169 1992 4223 lus
2022 4185 2139 4223 cum
2168 4167 2390 4236 Moyse;
2423 4181 2486 4220 ac
2518 4163 2751 4219 deinde:
2778 4161 2926 4215 Dixit
2952 4160 3209 4214 Dominus
3239 4160 3307 4213 ad
3329 4159 3383 4212 Μ
3391 4177 3482 4229 oy-

1910 4279 2017 4317 sem
2043 4276 2061 4313 :
2093 4258 2349 4313 Antecede
2378 4256 2627 4326 pupulum
2653 4264 2702 4309 et
2733 4270 2879 4308 sume
2896 4264 3059 4306 tecum
3089 4268 3154 4305 ea;
3190 4252 3481 4305 senioribus

1908 4346 2106 4415 populi,
2126 4356 2174 4398 et
2198 4345 2394 4413 virgam
2405 4358 2507 4412 qua
2528 4340 2831 4410 percussisti
2848 4355 3011 4405 mare,
3028 4349 3077 4392 et
3094 4336 3269 4392 vades.
3295 4336 3371 4389 En
3390 4352 3480 4407 ego

1909 4437 2165 4491 stetiante
2186 4444 2233 4487 te
2260 4433 2330 4485 ibi
2351 4447 2508 4499 supra
2525 4439 2724 4498 petram
2756 4429 2810 4482 in
2842 4427 3042 4483 Clioreb
3075 4442 3093 4480 :
3122 4436 3171 4481 et
3191 4427 3481 4495 percutiam
3514 4491 3519 4493 _

242 4527 473 4594 δορεῑτο
511 4530 543 4581 ό
567 4528 715 4593 λαὸς
742 4527 888 4595 πρὸς
913 4528 1140 4597 Μωσῆν
1159 4544 1172 4557 ·
1207 4530 1299 4583 καὶ
1331 4529 1458 4597 ἑξῆς
1481 4545 1494 4559 ·
1520 4524 1668 4581 Eine
1689 4528 1803 4581 Κύρ

1920 4538 2102 4581 retram
2126 4538 2168 4581 et
2192 4524 2349 4580 exibit
2371 4540 2433 4578 ea:
2458 4541 2519 4578 ea
2550 4539 2707 4585 aqua,
2737 4531 2786 4575 et
2819 4520 2952 4574 bibet
2975 4519 3231 4587 populus;
3259 4518 3481 4589 fecitque

234 4636 376 4689 ριος
405 4619 552 4687 πρὸς
577 4618 799 4685 Miami?
837 4636 850 4649 ·
882 4621 1260 4688 Προπορεύου
1289 4619 1393 4673 τοῦ
1429 4619 1581 4674 λαοῦ
1607 4657 1623 4682 ,
1657 4617 1803 4671 λάϐε

240 4710 317 4766 δὲ
341 4711 491 4779 μετὰ
513 4712 768 4766 σεαυτοῦ
784 4711 900 4766 ἀπὸ
930 4712 1047 4766 τῶν
1070 4711 1482 4781 πρεσϐυτέρων
1495 4712 1603 4766 τοῦ
1630 4710 1803 4776 λαοῦ,

240 4803 346 4858 καὶ
404 4802 517 4870 τὴν
563 4803 789 4871 ῥάϐδον
824 4806 891 4857 έν
933 4798 972 4875 ᾖ
999 4804 1298 4870 έπάταξας
1328 4805 1443 4873 τὴν
1463 4806 1804 4868 θάλασσαν,

241 4894 349 4949 καὶ
388 4896 670 4964 πορεύσῃ.
718 4896 840 4962 ἰδὲ,
875 4898 988 4966 ἐγὼ
1013 4898 1242 4965 ἕστηκα
1281 4896 1395 4965 πρὸ
1435 4896 1540 4949 τοῦ
1579 4912 1653 4949 σε
1684 4894 1812 4950 ἐκεῖ

239 4986 347 5040 ἐπὶ
396 4985 507 5053 τῆς
556 4987 772 5056 πέτρας
796 4988 864 5041 ἐν
887 4989 1082 5057 Χωρέό
1098 5008 1110 5020 ·
1148 4991 1246 5046 καὶ
1284 4987 1524 5053 πατάξω
1558 4987 1672 5055 τὴν
1701 4988 1804 5042 πέ-

242 5097 413 5147 τραν,
440 5079 537 5133 καὶ
560 5080 939 5145 ἐξελεύσεται
971 5081 1040 5146 ἐξ
1070 5081 1254 5149 αὐτῆς
1281 5082 1456 5150 ὕδωρ,
1487 5082 1583 5135 καὶ
1612 5080 1808 5134 πίεται

242 5174 467 5237 όλαός.
500 5173 609 5225 Kal
661 5173 945 5241 ἐποίησεν
976 5174 1160 5239 οὕτως
1197 5173 1437 5240 Μωσῆς.
1492 5173 1674 5227 Ταῦτα
1708 5174 1805 5242 μὲν

241 5258 339 5316 οὖν
366 5263 630 5333 ὲνἘξόδῳ
648 5282 660 5295 ·
692 5266 749 5317 ὲν
773 5264 829 5317 δὲ
841 5268 950 5329 τοῖς
978 5265 1249 5336 Ἀριθμοίς
1263 5265 1507 5318 λέλεκται
1526 5264 1662 5317 ’Καὶ
1698 5260 1804 5331 ἦλ-

242 5360 355 5412 θον
402 5360 455 5410 ol
488 5356 604 5410 υἱοὶ
652 5356 885 5424 Ἰσραὴλ
932 5355 1097 5410 πᾶσα
1130 5358 1167 5424 ἠ
1203 5356 1523 5426 συναγωγὴ
1572 5359 1658 5423 είς
1690 5356 1804 5424 τὴν

239 5448 474 5515 ἔρημον
497 5447 653 5508 Σεῖν,
688 5448 785 5500 καὶ
813 5450 922 5501 οὐκ
950 5444 1030 5516 ἦν
1067 5447 1219 5515 ὕδωρ
1248 5448 1317 5517 τῇ
1345 5448 1683 5518 σινναγιιηῆ,
1707 5450 1805 5503 καὶ

238 5538 656 5606 ἠθροίσθησαν
675 5538 774 5591 ἐπὶ
800 5537 1022 5607 Μωσῆν
1046 5541 1145 5592 καὶ
1182 5538 1409 5607 Ἀαρών.
1441 5540 1550 5593 Kal
1579 5539 1805 5593 ἐλοιδο-

233 5630 400 5701 ρεῖτο
429 5632 464 5683 ό
501 5630 650 5695 λαὸς
676 5630 822 5696 πρὸς
863 5628 1107 5691 Μωσῆν.
1155 5629 1264 5685 Καὶ
1308 5629 1463 5700 ἑξῆς·
1508 5628 1806 5693 Ἐλάίῃσε

314 5746 358 5776 ¹²
396 5740 542 5797 Psal.
579 5758 772 5806 τισιν,
808 5742 1003 5808 15,Η.
1085 5745 1126 5774 ’³
1166 5742 1337 5798 lCor.
1374 5759 1425 5809 κ,
1462 5745 1521 5798 4.
1593 5743 1635 5775 ¹³
1664 5742 1811 5797 Exod

1920 5740 2090 5804 m,l,
2126 5738 2182 5804 2,
2215 5738 2267 5805 5,
2302 5736 2355 5792 6.

1914 4620 2120 4690 Moyses
2145 4620 2219 4672 ita
2248 4618 2309 4669 “.
2343 4616 2467 4670 llaec
2495 4616 2548 4669 in
2576 4614 2793 4679 Exodo;
2827 4612 2881 4665 in
2909 4611 3161 4666 Numeris
3182 4618 3363 4664 autem
3393 4609 3479 4663 di-

1912 4688 2096 4770 citur:
2139 4711 2497 4778 Veneruntque
2547 4706 2648 4775 ﬁlii
2681 4704 2852 4759 Israel
2894 4704 3058 4757 omnis
3102 4700 3385 4757 multitudo
3425 4705 3481 4754 in
3535 4688 3539 4692 ”

1911 4805 2166 4858 desertum
2197 4800 2312 4867 Sin,
2351 4808 2399 4853 et
2444 4815 2545 4852 non
2578 4805 2691 4851 erat
2724 4812 2866 4865 aqua
2899 4793 3249 4859 multitudini,
3285 4803 3331 4846 et
3356 4809 3479 4845 con-

1909 4902 2153 4949 uenerunt
2192 4891 2259 4944 ad
2284 4891 2515 4961 Moysem
2538 4899 2585 4943 et
2612 4888 2790 4939 Aaron
2819 4898 2835 4935 :
2863 4893 2911 4937 et
2932 4884 3181 4954 jurgatus
3212 4892 3286 4937 est
3314 4899 3477 4951 popu-

1911 4987 1991 5040 lus
2016 4995 2197 5038 contra
2225 4982 2497 5053 Moysem;
2520 4998 2582 5036 ac
2610 4981 2835 5035 deinde:
2868 4978 3093 5031 Locutus
3121 4988 3193 5030 est
3224 4974 3477 5029 Dominus

1912 5077 1979 5131 ad
2029 5076 2259 5147 .lloyscm
2294 5077 2470 5129 dicens
2492 5091 2512 5129 :
2546 5073 2690 5127 Tolle
2723 5074 2943 5141 virgam,
2976 5080 3025 5124 et
3055 5085 3309 5139 congrega
3339 5067 3478 5120 mul-

1912 5170 2207 5232 titudinem,
2244 5178 2301 5221 tu
2332 5177 2379 5221 ct
2411 5167 2592 5219 Aaron
2634 5166 2801 5235 frater
2842 5175 2983 5226 tuus,
3013 5172 3061 5215 et
3101 5159 3378 5229 loquemini
3409 5157 3477 5210 ad

1909 5270 2106 5329 petram
2149 5276 2325 5312 coram
2357 5259 2452 5321 eis,
2478 5267 2528 5311 et
2557 5256 2703 5309 dabit
2748 5273 2912 5325 aquas
2956 5270 3101 5307 suas.
3142 5251 3205 5304 Et
3235 5251 3475 5319 eﬁeretur

1910 5354 2035 5421 ipsis
2067 5368 2202 5422 aqua
2235 5351 2298 5404 de
2325 5358 2491 5417 petra,
2530 5360 2575 5401 et
2614 5348 2862 5416 potabilis
2895 5345 3285 5399 multitudinem
3312 5352 3361 5397 et
3381 5343 3475 5411 jn-

1912 5455 2086 5500 menta
2121 5459 2301 5499 eorum
2328 5444 2389 5497 ".
2420 5440 2549 5496 Iure
2592 5456 2721 5512 ergo
2749 5440 2877 5510 quia
2907 5439 3073 5494 variis
3102 5438 3157 5491 in
3198 5437 3332 5491 locis
3358 5436 3473 5489 visa

1911 5544 1995 5591 est
2030 5547 2181 5605 petra
2212 5548 2404 5603 aquam
2458 5532 2895 5593 subministrare,
2932 5529 2999 5583 de
3039 5528 3219 5598 priore
3258 5526 3477 5597 quidem

1912 5628 1966 5682 in
2000 5624 2250 5697 psrsenti
2274 5623 2472 5679 dicitur
2506 5643 2518 5654 ·
2562 5622 2845 5685 interrupit
2889 5633 3089 5687 petram
3121 5620 3173 5672 in
3200 5637 3392 5683 eremo,
3425 5626 3473 5671 et

2436 5739 2476 5769 ¹⁵
2510 5730 2668 5789 Num.
2706 5751 2795 5799 xx,
2830 5734 2879 5798 l,
2910 5732 2966 5802 2,
3000 5731 3123 5799 7,8.
