3798 6282
414 363 520 419 915

1132 359 1401 418 EUSEBII
1437 358 1917 417 CASSARIENSIS
1953 359 2106 418 OPP.
2149 361 2329 418 PARS
2362 361 2452 419 Ill.
2486 396 2558 409 --
2594 365 2994 425 EXEGETICA.
3528 377 3612 434 9l6

413 481 701 551 adaquavit
748 497 835 536 eos
871 480 1006 536 velut
1047 482 1102 535 in
1134 484 1326 554 abysso
1379 483 1582 549 multa;
1614 483 1682 539 de
1720 484 1823 538 alia
1863 499 1913 540 Vt

2114 484 2312 552 Κύριος
2354 486 2503 554 πρὸς
2550 488 2777 556 Μωσῆν
2817 488 3046 560 λέγων’
3081 488 3231 545 Λάϐε
3273 489 3383 558 τὴν
3410 491 3614 564 Macr,

412 569 608 626 deinde
633 570 912 642 subjuugit
932 590 944 626 :
963 602 1032 611 —
1061 568 1228 625 Vsus.
1262 570 1350 628 16.
1379 570 1448 624 Ει
1470 569 1687 624 deduxit
1711 586 1900 640 aquam
1931 567 1996 624 de

409 671 638 732 petra,et
651 661 866 716 deduxit
886 671 1139 732 tanquam
1165 663 1388 731 ﬂumina
1405 679 1591 732 aquas.
1613 660 1995 716 Verumtamen

410 769 535 808 cum
555 760 632 807 tot
655 753 763 809 illis
779 753 1190 809 subministrata
1212 754 1353 808 bona
1367 753 1618 819 fuissent,
1639 752 1996 807 nihilominus

415 852 789 914 apposueram.
845 859 1074 914 peccare
1136 843 1323 913 (Vsus.
1373 843 1483 914 l7),
1539 860 1770 915 peccare
1815 852 1996 899 autem

420 952 530 990 non
562 935 691 1001 sibi,
723 936 816 992 sed
871 936 996 1006 ipsi.
1027 933 1087 990 ιιι
1121 936 1302 1007 ipsum
1369 937 1513 991 enim
1578 936 1747 991 Deum
1793 950 1996 1007 pecca-

412 1037 526 1081 tum
556 1043 744 1084 eorum
783 1027 1048 1089 vertebat,
1099 1026 1228 1081 dum
1275 1041 1373 1096 per
1407 1026 1901 1081 contradictionem
1937 1026 1994 1081 in

410 1122 589 1190 ipsum
644 1119 809 1190 impie
866 1125 1111 1190 agerent.
1162 1117 1343 1184 Quare
1375 1117 1648 1185 subiicit:
1690 1117 1994 1173 Exacerba-

411 1221 592 1265 verunt
631 1209 911 1264 Excelsum
943 1209 997 1262 in
1018 1210 1309 1279 inaquoso;
1341 1208 1456 1263 sive
1499 1209 1800 1265 secundum
1825 1209 1997 1280 Aqui-

409 1305 541 1367 lam,
590 1301 657 1356 Ut
693 1301 1002 1355 rebellarent
1043 1309 1228 1354 contra
1266 1299 1550 1355 Excelsum
1583 1301 1640 1355 in
1676 1303 1847 1366 invio;
1879 1302 1995 1360 sive

408 1394 710 1450 secundum
747 1393 1158 1464 Symmachum,
1200 1391 1267 1446 Ut
1318 1393 1686 1448 contenderent
1723 1409 1841 1447 cum
1880 1393 1994 1447 Ea:-

408 1484 548 1539 celso
583 1484 635 1538 in
662 1484 752 1538 siti
793 1485 845 1536 in
887 1484 1046 1538 invio.
1087 1481 1268 1548 Quare
1311 1491 1490 1538 autem
1525 1485 1995 1539 exacerbaverunt

410 1577 701 1632 Excelsum
753 1576 807 1630 in
859 1577 1122 1644 inaquoso
1175 1576 1362 1630 docuit
1402 1575 1650 1648 Moyses;
1701 1585 1990 1648 postquam

405 1671 554 1724 enim
605 1667 1010 1739 suppeditasset
1043 1669 1124 1722 eis
1173 1683 1370 1737 aquam
1405 1668 1475 1724 de
1508 1679 1680 1738 petra,
1716 1669 1831 1724 haec
1864 1685 1993 1724 nar-

407 1769 493 1816 rat
524 1761 603 1829 “,z
643 1759 706 1812 Et
737 1760 938 1813 vocavit
969 1775 1155 1812 nomen
1190 1760 1294 1812 loci
1321 1758 1488 1823 illius,
1527 1758 1770 1814 Tentatio
1802 1774 1850 1814 et
1874 1760 1991 1828 iur-

2098 577 2194 632 καὶ
2231 579 2645 647 ἐκκλησιάσον
2671 581 2787 651 τὴν
2810 583 3168 653 συναγωγὴν
3185 584 3266 638 σὺ
3304 590 3399 638 καὶ
3435 588 3618 657 Ἀαρὼν

2096 670 2130 720 ό
2155 668 2419 738 ἀδελφός
2450 686 2587 738 σου,
2615 674 2714 727 καὶ
2760 673 3063 741 mndata
3103 676 3246 744 πρὸς
3286 676 3400 744 τὴν
3437 681 3620 748 πέτραν

2094 757 2372 812 ἐναντίον
2417 761 2633 826 αὐτῶν,
2675 765 2771 817 καὶ
2813 765 2990 820 δώσει
3019 770 3088 821 τὰ
3111 768 3296 822 ὕδατα
3323 770 3516 838 αὐτῆς.
3533 775 3619 825 Kal

2093 850 2391 915 ἐξοίσεται
2403 855 2606 921 αὐτοῖς
2632 855 2787 926 ὕδωρ
2811 857 2880 912 ἐκ
2899 858 3010 928 τῆς
3029 859 3264 929 πέτρας,
3289 861 3386 915 καὶ
3412 865 3620 920 transiri

2095 943 2210 1012 τὴν
2259 947 2621 1017 συναγωγὴν
2673 950 2770 1002 καὶ
2816 952 2888 1004 τὰ
2950 951 3139 1020 κτήνη
3173 953 3388 1008 αὐτῶν.
3426 955 3622 1020 Εἰκότως

2093 1028 2188 1087 οὖν
2216 1036 2511 1108 ἐπειδήπερ
2541 1040 2598 1091 ὲν
2627 1038 2905 1110 διαφόροις
2940 1043 3126 1106 τόποις
3149 1045 3393 1114 φαίνεται
3417 1047 3450 1117 ἡ
3484 1048 3621 1118 πέτρα

2095 1130 2446 1199 χορηγήσασα
2468 1130 2528 1183 τὸ
2554 1129 2718 1202 ὕδωρ,
2743 1134 2870 1204 περὶ
2906 1133 3004 1204 μὲν
3028 1135 3126 1206 τῆς
3155 1137 3422 1208 προτέρας
3448 1137 3524 1191 διὰ
3541 1139 3624 1192 τῶν

2095 1219 2475 1290 προκειμένων
2509 1223 2721 1294 εἴρηται
2740 1241 2754 1254 ο
2786 1223 3063 1292 Διέρῤηξε
3095 1226 3317 1296 πέτραν
3353 1229 3421 1282 ἐν
3448 1228 3623 1299 ἐρήμῳ,

2094 1310 2191 1364 καὶ
2224 1312 2504 1366 ἐπότισεν
2529 1315 2750 1382 αὐτοὺς
2777 1317 2859 1382 ὡς
2885 1318 2954 1370 ἐν
2985 1318 3233 1387 ἀϐύσσῳ
3265 1320 3463 1388 πολ,ιῇ
3478 1311 3492 1350 λ
3521 1325 3624 1392 περὶ

2093 1401 2150 1455 δὲ
2175 1402 2273 1473 τῆς
2296 1403 2486 1476 ἐτέρας
2520 1405 2647 1478 ἑξῆς
2677 1408 2871 1476 ἐπάγει
2891 1423 2904 1438 ·
2929 1409 3038 1463 Kal
3068 1409 3364 1481 ἐξήγαγεν
3407 1412 3543 1481 ῧδῳ
3572 1415 3623 1467 ἐκ

2095 1493 2332 1562 πέτρας,
2365 1496 2462 1549 καὶ
2492 1498 2826 1568 κατήγαγεν
2848 1501 2929 1567 ὡς
2955 1503 3258 1572 ποταμοὺς
3284 1503 3484 1556 ὕδατα.
3512 1505 3625 1576 Πλὴν

2093 1585 2228 1640 ἀλλὰ
2252 1587 2519 1643 τοσούτων
2535 1591 2718 1656 αὐτοῖς
2729 1593 3161 1664 χορηγηθέντων,
3179 1596 3332 1667 ὅμως
3347 1596 3627 1668 προσέθεντο

2093 1679 2188 1732 τοῦ
2217 1681 2571 1753 ἁμαρτάνειν,
2606 1685 2699 1738 καὶ
2731 1686 3062 1757 ἁμαρτάνειν
3119 1688 3220 1758 οὐχ
3277 1690 3500 1753 ἑαυτοῖς,
3542 1691 3627 1742 ἀλλ’

2094 1772 2257 1844 αὐτῷ.
2278 1776 2584 1831 Κατάὐτοῦ
2607 1778 2715 1850 γὰρ
2745 1779 2836 1832 τοῦ
2867 1778 3004 1832 Θεοῦ
3025 1780 3123 1852 τὴν
3142 1782 3415 1852 ἁμαρτίαν
3429 1783 3628 1854 ἡμάρτα-

403 1855 568 1924 gium,
593 1862 808 1922 propter
837 1852 1073 1924 jurgium
1095 1853 1331 1922 ﬁliorum
1365 1850 1555 1916 Israel,
1585 1862 1636 1907 et
1663 1854 1788 1923 quia
1818 1863 1899 1908 ten

2129 1879 2198 1922 3v.
2251 1864 2575 1930 άσεόοὗντες
2626 1867 2715 1920 διὰ
2752 1867 2854 1937 τῆς
2883 1869 3018 1940 πρὸς
3041 1850 3201 1923 αύτὸν
3222 1850 3629 1938 Manneia

403 1951 586 1998 ver'ant
609 1944 894 1999 Dominum
911 1945 1249 2009 dicentes,An
1267 1955 1345 1999 est
1364 1943 1500 2000 Deus
1516 1945 1573 1998 in
1596 1946 1768 2011 nobis,
1785 1963 1903 2001 necn

2127 1952 2352 2024 πιλέγει·
2381 1959 2838 2027 Παρεπίκραναν
2850 1959 2959 2014 τὸν
2976 1960 3266 2030 Ὕψιστον
3278 1961 3350 2014 ἐν
3364 1961 3590 2030 ἁνύδρφο
3605 1962 3627 2030 ἢ

403 2040 547 2094 κατὰ
560 2041 651 2094 τὸν
668 2041 920 2105 Ἀκύλαν,
955 2041 1064 2095 Τοῦ
1087 2041 1433 2110 προτερίσαι
1462 2041 1794 2110 Ὺψίστῳέν
1817 2043 2012 2110 ἀϐάτῳ
2031 2063 2045 2078 ·
2100 2049 2132 2120 ἢ
2167 2051 2307 2106 κατὰ
2329 2052 2419 2106 τὸν
2458 2053 2775 2125 Σύμμαχον,
2810 2055 3175 2109 Φιλονεικεῖν
3199 2056 3282 2120 τῷ
3311 2056 3547 2124 ’Υψίστῳ
3580 2055 3630 2106 ὲν

403 2132 654 2202 δίψειὲν
693 2134 907 2200 ἀϐάτῳ.
943 2134 1043 2188 Διά
1068 2133 1120 2187 τι
1157 2134 1215 2188 δὲ.
1241 2134 1655 2206 παρεπίκραναν
1693 2135 1786 2190 τὸν
1817 2136 2077 2206 ’Ὕψιστον
2137 2141 2196 2194 ὲν
2229 2143 2461 2219 ἀνύδρῳ,
2519 2145 2720 2212 ἐδίδαξε
2775 2147 2981 2217 Μωσῆς
3005 2163 3020 2176 ο
3059 2147 3196 2216 μετὰ
3228 2146 3341 2218 γάρ
3380 2145 3440 2199 τὸ
3487 2163 3628 2216 παρι-

404 2231 554 2298 σχείν
575 2231 758 2293 αὐτοῖς
785 2229 850 2282 ὲκ
877 2227 1082 2299 πέτρας
1117 2227 1176 2280 τὸ
1207 2226 1369 2298 ὓδωρ,
1406 2228 1605 2298 ἱστορεί
1634 2227 1804 2296 λέγων
1822 2245 1838 2259 ο
1863 2228 1972 2282 Kal
1998 2229 2348 2301 ἐπωνόμασε
2379 2235 2442 2291 τὸ
2471 2235 2656 2304 ὄνομα
2687 2235 2793 2290 τοῦ
2825 2237 3011 2290 τόπου
3043 2236 3303 2300 ἐκείνου,
3345 2236 3631 2304 Πειρασμές

405 2319 505 2374 xal
551 2318 934 2386 λοιδόρησις,
992 2315 1090 2370 διὰ
1143 2315 1258 2384 τὴν
1293 2316 1601 2385 λοιδορίαν
1653 2317 1771 2372 τῶν
1814 2318 1961 2373 υίῶν
2032 2319 2288 2392 Ἰσραὴλ,
2322 2326 2420 2381 καὶ
2471 2328 2567 2382 διὰ
2595 2328 2662 2382 τὸ
2703 2327 2994 2398 πειράζειν
3035 2328 3260 2395 αὐτοὺς
3302 2329 3510 2397 Κύριον
3555 2330 3630 2385 λέ.

401 2428 619 2483 romae
638 2429 651 2439 ·
686 2413 755 2465 ει
791 2412 923 2465 ἐστι
946 2408 1092 2476 Θεὸς
1120 2409 1190 2464 ἐν
1217 2409 1381 2479 ἡμῖν,
1412 2411 1450 2479 ἢ
1488 2413 1559 2466 οὔ
1584 2428 1602 2474 ;

475 2502 639 2560 Vsus.
673 2503 882 2569 18,19.
934 2502 1004 2558 Et
1051 2511 1380 2559 tentaverunt
1424 2505 1594 2560 Deum
1633 2522 1688 2560 in
1743 2506 1975 2561 cordibu:

2166 2507 2277 2561 Kal
2305 2505 2705 2576 ἐξεπείρασαν
2742 2506 2849 2560 τὸν
2882 2505 3031 2560 Θεὸν
3057 2506 3128 2560 ἐν
3153 2507 3426 2576 καρδίαις
3452 2506 3627 2574 αὐτῶν,

401 2596 536 2660 suis,
571 2605 629 2649 ut
657 2604 889 2665 peterent
915 2612 1093 2651 escam
1138 2597 1420 2653 animabus
1441 2600 1574 2654 suis.
1619 2598 1687 2652 Iit
1721 2600 1861 2653 male

2129 2600 2211 2654 Ὀὗ
2235 2598 2476 2668 αἰτῆσαι
2493 2598 2703 2668 ,βρῶμα
2724 2598 2853 2665 ταῖς
2877 2598 3105 2668 ψυχαῖς
3133 2599 3355 2654 αὐτῶν.
3381 2601 3486 2655 Kal
3506 2618 3629 2655 κατε-

401 2688 511 2745 cuti
532 2697 653 2742 sunt
679 2687 745 2742 de
779 2686 906 2742 Deo.
937 2686 1226 2755 Quomodo
1255 2690 1396 2746 male
1439 2690 1608 2745 locuti
1645 2692 1756 2746 sint
1785 2690 1854 2746 de
1887 2691 1901 2744 Ι

2127 2692 2385 2761 ῑάκλησαν
2421 2691 2526 2746 τοῦ
2579 2690 2748 2745 Θεοῦ.
2783 2692 2970 2755 Ὅπως
3003 2691 3381 2764 κατελάλησαν
3418 2695 3503 2748 τοῦ
3527 2694 3627 2748 Θεοῦ

400 2790 589 2834 narrat
603 2778 816 2851 Moyses
828 2779 1018 2836 dicens
1039 2781 1079 2813 ¹⁷
1109 2800 1122 2836 :
1144 2779 1213 2835 Et
1237 2784 1587 2837 murmuravit
1601 2784 1770 2837 omnis
1785 2799 1900 2854 cont

2129 2785 2195 2838 :ai.
2222 2784 2428 2854 Μωσῆς
2455 2783 2694 2837 διδάσκει
2743 2782 2949 2852 λέγων·
3002 2781 3117 2836 Kal
3153 2784 3470 2854 ἐγόγγυζον
3501 2784 3629 2840 πᾶσι

399 2875 545 2944 gatio
573 2873 808 2944 filiorum
824 2871 998 2928 Israel
1028 2882 1214 2928 contra
1230 2873 1460 2945 Moysem
1477 2884 1527 2930 et
1554 2876 1757 2941 Aaron,
1775 2885 1824 2930 et
1841 2877 1899 2930 di

2127 2874 2418 2944 πυναγωγὴ
2440 2873 2586 2928 υἱῶν
2630 2872 2876 2942 Ἰσραὴλ
2903 2873 3002 2927 ἐπὶ
3033 2874 3261 2943 Μωσῆν
3299 2875 3399 2929 καὶ
3431 2873 3627 2945 ’Aaptbr,

400 2977 522 3020 runt
547 2966 616 3020 ad
627 2983 714 3021 eos
733 2983 751 3020 :
773 2965 989 3021 Utinam
1007 2968 1203 3021 mortui
1215 2984 1446 3023 essemus
1461 2971 1699 3038 percussi
1715 2988 1746 3024 a
1765 2970 1895 3024 Dom

2129 2967 2196 3021 xtl
2249 2967 2427 3020 εἶπαν
2476 2965 2625 3034 πρὸς
2683 2965 2907 3031 αὐτούς
2928 2982 2942 2996 ο
2995 2967 3248 3035 Ὄφελον
3301 2967 3629 3037 ἀπεθάνομεν

400 3060 456 3112 in
489 3068 633 3114 terra
654 3057 896 3130 Afgypti,
930 3059 1140 3130 quando
1180 3058 1490 3116 sedebamus
1515 3078 1671 3131 super
1703 3063 1900 3129 lebetes,

2126 3059 2426 3130 πληγέντες
2475 3059 2594 3114 ὑπὸ
2655 3058 2878 3127 Kvplov
2933 3059 3002 3112 ἐν
3038 3057 3117 3128 τῇ
3153 3061 3476 3129 Αἰγύπτου,
3517 3061 3626 3113 ὅταν

399 3153 796 3210 comedebamus
831 3168 991 3222 panes
1043 3153 1110 3207 ad
1139 3154 1510 3207 saturitatem!
1545 3154 1686 3220 Quia
1727 3155 1987 3211 eduxistis

400 3263 516 3312 nos,
568 3255 626 3300 ut
660 3243 962 3299 occideretis
997 3251 1162 3297 totam
1207 3243 1343 3298 hanc
1392 3245 1786 3300 multitudinem
1825 3247 1984 3316 fame.

400 3337 597 3393 Postea
616 3352 748 3392 vero
791 3337 866 3390 ait
915 3336 1128 3408 Moyses
1170 3337 1238 3392 ad
1289 3339 1548 3408 populum
1575 3337 1661 3393 “z
1705 3336 1818 3393 Nos
1869 3357 1987 3396 vero

398 3428 524 3498 quid
561 3443 744 3481 sumus
775 3442 794 3480 :
825 3444 926 3481 non
969 3428 1108 3481 enim
1138 3438 1328 3482 contra
1349 3445 1442 3482 nos
1481 3445 1722 3482 murmur
1756 3440 1987 3486 vestrum

398 3529 499 3585 est,
525 3520 615 3575 sed
648 3529 835 3575 contra
873 3519 1063 3574 Deum.
1095 3521 1341 3576 Accedite
1378 3538 1560 3576 coram
1590 3521 1697 3576 Deo
1721 3539 1740 3576 :
1782 3525 1986 3579 audivit

398 3613 538 3666 enim
567 3628 806 3665 murmur
835 3621 1084 3667 vestrum.
1130 3611 1262 3667 Post
1292 3613 1404 3667 haec
1439 3621 1619 3666 autem
1652 3614 1718 3678 ³³,
1751 3613 1984 3670 Locutus

397 3703 766 3760 ast-Dominus
791 3705 859 3759 ad
889 3702 1124 3775 Moysem
1141 3703 1318 3759 dicens
1354 3721 1373 3759 :
1407 3721 1498 3776 ego
1535 3705 1715 3760 audivi
1745 3723 1988 3760 murmur

399 3797 638 3868 filiorum
691 3795 890 3862 Israel,
931 3804 1037 3853 etc.
1091 3795 1218 3852 Haec
1265 3797 1432 3868 igitur
1481 3806 1750 3853 memorat
1805 3814 1989 3854 sermo

399 3905 644 3961 praesens
672 3889 758 3946 his
793 3890 976 3946 verbis
1007 3908 1022 3945 :
1057 3891 1126 3944 Et
1164 3899 1491 3944 tentaverunt
1531 3889 1694 3944 Deum
1723 3891 1779 3944 in
1811 3892 1988 3945 cordi-

401 3981 495 4035 bus
529 3982 664 4046 suis,
705 3990 764 4034 ut
793 3991 1025 4052 peterent
1061 3998 1237 4037 escam
1268 3981 1548 4035 animabus
1574 3983 1705 4036 suis.
1738 3980 1808 4035 Et
1847 3982 1987 4035 male

2093 3153 2457 3222 ἐκαθίσαμεν
2483 3151 2583 3204 ἐπὶ
2631 3150 2748 3204 τῶν
2783 3151 3076 3216 λεϐήτων,
3109 3151 3209 3206 καὶ
3243 3152 3535 3222 ἐφάγομεν
3555 3152 3628 3221 ἆρ-

2100 3264 2244 3314 τους
2321 3248 2408 3312 εἰς
2478 3243 2888 3313 πλησμονήν]
2950 3245 3067 3298 Ὅτι
3131 3244 3454 3316 ὲξηγάγετε
3511 3245 3628 3316 ἡμᾶς

2093 3335 2435 3392 ἀποκτεῖναι
2489 3335 2698 3390 πᾶσαν
2749 3333 2866 3403 τὴν
2920 3332 3289 3403 συναγωγὴν
3331 3338 3537 3403 ταύτην
3577 3335 3628 3387 ἐν

2092 3427 2268 3498 λιμῷ.
2293 3428 2404 3483 Καὶ
2434 3427 2572 3500 μετά
2613 3425 2788 3480 ταῦτα
2817 3421 2938 3480 εἷπε
2966 3428 3169 3498 Μωσῆς
3202 3430 3345 3500 πρὸς
3383 3431 3468 3484 τὸν
3499 3429 3624 3484 λαόν·

2105 3521 2294 3590 Ἡμεῖς
2332 3520 2402 3574 δὲ
2448 3522 2506 3574 τί
2551 3519 2772 3590 caper};
2801 3521 2874 3574 οὑ
2907 3519 3018 3589 γὰρ
3051 3524 3177 3575 καθ’
3199 3521 3374 3592 ἡμῶν
3397 3526 3429 3577 δ
3461 3540 3626 3592 rom-

2094 3614 2248 3684 σμὸς
2275 3612 2444 3682 ὑμῶν
2475 3613 2664 3674 ἐστιν,
2701 3612 2860 3668 ἀλλὰ
2901 3612 3051 3665 κατὰ
3078 3612 3182 3667 τοῦ
3217 3611 3623 3683 Θεοῦ.Προσέ.ι-

2093 3708 2224 3759 θεῖε
2249 3705 2526 3759 ἐναντίον
2559 3703 2668 3758 τοῦ
2699 3703 2867 3766 Θεοῦ,
2901 3703 3222 3771 εἰσακήκοε
3261 3707 3380 3774 γὰρ
3407 3705 3500 3759 τοῦ
3526 3721 3624 3775 τοτ-

2093 3797 2327 3868 γυσμοῦ
2368 3796 2557 3867 ὑμῶν.
2620 3797 2729 3850 Καὶ
2778 3797 2915 3868 μετὰ
2967 3798 3167 3851 ταῦτα’
3223 3799 3513 3867 Ἐλάλησε
3537 3799 3622 3851 Kli-

2085 3907 2216 3958 ριος
2275 3889 2424 3959 πρὸς
2483 3886 2712 3956 Μωσῆν
2770 3887 2990 3958 λέγων·
3063 3888 3212 3960 Ἐγὼ
3271 3889 3498 3958 ἀκήκοα
3541 3887 3620 3940 τὸν

2091 3981 2440 4052 γογυγνυσμὸν
2486 3981 2633 4035 υἱῶν
2665 3979 2932 4050 Ἰσραὴλ,
2993 3981 3088 4037 καὶ
3134 3981 3201 4036 τὰ
3240 3978 3392 4052 ἑξῆς.
3447 3979 3619 4034 Τούτων

399 4074 564 4128 locuti
606 4083 728 4127 sunt
772 4073 836 4128 de
889 4073 1019 4140 Deo,
1061 4083 1112 4128 et
1153 4075 1432 4140 dixerunt,
1480 4073 1754 4146 Numquid
1793 4084 1899 4144 pott

2118 4069 2183 4128 ὗν
2223 4079 2570 4145 μεμνημένος
2599 4072 2694 4126 καὶ
2725 4075 2756 4126 ὁ
2787 4071 2976 4144 παρὼν
3007 4073 3180 4142 λόγος,
3210 4069 3335 4128 εἷπε
3358 4091 3372 4106 ⁸
3404 4073 3503 4129 Καὶ
3525 4071 3618 4134 ἐξε-

395 4163 540 4219 Deus
568 4180 763 4233 parare
793 4181 1028 4218 mensam
1062 4165 1118 4219 in
1152 4166 1358 4219 deserto
1380 4169 1492 4221 2-
1514 4164 1684 4223 Vsus.
1719 4165 1812 4221 20.
1839 4165 1895 4232 ρι

2117 4165 2392 4234 τείρασαν
2425 4163 2530 4218 τὸν
2553 4163 2705 4220 Θεὸν
2727 4165 2798 4218 ἐν
2828 4164 3097 4232 καρδίαις
3125 4164 3347 4228 αὐτῶν,
3376 4165 3475 4219 τοῦ
3499 4160 3617 4229 alni.

396 4259 542 4313 niam
562 4259 818 4328 percussit
847 4267 1050 4328 petram
1082 4271 1131 4312 et
1161 4259 1429 4327 ﬂuxerunt
1458 4275 1629 4328 aquae,
1649 4269 1700 4313 et
1727 4269 1896 4313 torren

2117 4270 2194 4309 rat
2213 4253 2426 4324 βρῶμα
2446 4254 2575 4320 ταῖς
2595 4255 2821 4324 ψυχαῖς
2849 4253 3063 4309 αὐτῶν.
3098 4257 3207 4310 Kal
3238 4255 3617 4320 κατελάλησαγ

396 4348 822 4414 inundaverant;
855 4350 1106 4420 numquid
1146 4360 1195 4404 et
1226 4366 1416 4418 panem
1453 4353 1644 4418 poterit
1689 4351 1839 4416 dare,
1890 4378 1896 4405 ι

2115 4349 2196 4403 Ὀὗ
2227 4348 2394 4413 Θεοῦ,
2435 4343 2760 4401 καὶεῖπαν·
2806 4347 2903 4416 Μὴ
2942 4347 3268 4416 δυνήσεται
3293 4354 3326 4405 ό
3347 4349 3480 4415 Θεὸς
3501 4350 3615 4401 ἐτοι-

395 4457 589 4510 parare
618 4459 850 4497 mensam
878 4443 1069 4513 populo
1099 4445 1236 4497 suo?
1258 4443 1382 4500 Hrec
1437 4445 1654 4513 quidem
1712 4447 1766 4500 in
1812 4447 1895 4502 his

2114 4439 2273 4496 ιάσαι
2298 4439 2590 4509 τράπεζαν
2619 4441 2688 4494 ἐν
2708 4440 2936 4511 ἐρήμῳ;
2973 4442 3133 4498 Ἐπεὶ
3158 4442 3414 4508 ἐπάταξε
3438 4440 3614 4508 πέτραν

395 4533 479 4588 ria
536 4550 646 4591 non
691 4533 977 4600 feruntur,
1013 4537 1107 4591 sed
1149 4537 1236 4590 hic
1273 4537 1599 4592 observatur
1648 4555 1743 4595 eos
1789 4540 1978 4596 isthaac

392 4631 685 4698 cogitassra.
751 4629 1122 4692 Tentaverunt,
1173 4633 1369 4703 inquit,
1419 4632 1588 4686 Deum
1633 4633 1686 4686 in
1731 4633 1979 4689 cordibus

391 4720 526 4786 suis,
552 4727 630 4786 et,
675 4719 819 4775 Male
871 4722 1035 4775 locuti
1065 4732 1186 4776 sunt
1235 4722 1299 4777 de
1341 4722 1467 4778 Deo.
1500 4722 1786 4792 Quomodo
1837 4725 1980 4780 male

391 4811 562 4866 locuti
601 4819 752 4877 sunt,
784 4813 890 4868 nisi
925 4813 1039 4868 bzec
1069 4814 1383 4885 cogitando,
1413 4815 1515 4870 etsi
1550 4815 1600 4870 id
1633 4816 1856 4872 minime
1893 4817 1974 4871 la-

390 4903 499 4958 biis
549 4906 900 4974 protulerint,
951 4907 1045 4962 sed
1102 4917 1281 4962 mente
1325 4907 1678 4972 revolverint,
1721 4924 1843 4980 quae
1888 4909 1980 4964 ille

387 4996 638 5051 cordium
667 4998 916 5071 cognitor
953 5001 1092 5055 bene
1131 5001 1283 5055 novit
1315 5001 1671 5072 audivitque?
1697 5000 1978 5069 Quamob-

387 5104 503 5144 rem
541 5089 743 5144 dicitur
789 5110 897 5147 ξοα-
931 5091 1096 5150 Vsus.
1125 5094 1216 5150 21.
1247 5094 1463 5148 Audiuit
1493 5095 1752 5149 Dominus
1792 5105 1841 5149 et
1871 5095 1982 5151 disc

388 5179 534 5236 tulit.
576 5178 683 5234 Pro
740 5197 851 5252 quo
899 5182 1112 5253 Aquila,
1142 5193 1192 5237 et
1230 5202 1334 5239 non
1365 5185 1677 5254 supersedit,
1709 5186 1980 5256 interpre-

387 5280 536 5330 tatus
567 5282 675 5340 est,
725 5275 780 5330 id
829 5285 936 5341 est,
966 5292 1076 5331 non
1120 5277 1374 5344 distulit;
1428 5277 1790 5349 Symmachus
1823 5293 1974 5344 vero,

386 5376 436 5419 et
485 5367 658 5421 iratus
689 5377 788 5423 est.
829 5366 1034 5424 Deinde
1067 5369 1163 5434 ait,
1225 5367 1293 5422 Et
1341 5369 1475 5439 ignis
1511 5385 1760 5423 accensus
1801 5378 1878 5422 est
1923 5370 1978 5422 in

385 5457 576 5523 Jacob,
606 5469 654 5514 et
683 5462 765 5514 ira
790 5461 1027 5515 ascendit
1064 5462 1115 5515 in
1155 5460 1350 5516 Israel.
1380 5461 1535 5530 Apud
1571 5461 1809 5532 Moysem
1839 5478 1980 5532 quo-

387 5564 494 5618 que
529 5553 790 5606 scribitur
817 5554 900 5628 ὀξ
930 5547 998 5606 Ει
1024 5563 1138 5607 ενοι
1168 5553 1390 5622 populus
1418 5572 1758 5609 murmurans
1792 5565 1979 5608 contra

389 5639 696 5704 Dominum,
733 5652 784 5696 et
827 5643 1028 5697 audivit
1071 5644 1333 5698 Dominus
1363 5655 1412 5700 et
1454 5646 1625 5699 iratus
1654 5656 1771 5700 est:
1820 5656 1869 5700 et
1902 5647 1979 5699 in-

382 5747 568 5786 census
596 5741 673 5785 est
702 5732 757 5786 in
787 5734 862 5787 eis
897 5735 1031 5804 ignis
1059 5753 1092 5789 a
1121 5734 1369 5802 Domino,
1404 5746 1453 5790 et
1480 5735 1745 5792 devoravit
1768 5745 1975 5806 partem

375 5902 379 5910 .
459 5849 500 5882 ¹⁶
535 5847 707 5907 Exod.
738 5863 870 5916 xvu,
901 5849 954 5903 7.
1037 5851 1076 5883 ¹⁷
1108 5849 1280 5908 Exod.
1312 5867 1422 5917 1m,
1455 5851 1510 5917 2,
1543 5852 1596 5909 5.

1678 5852 1721 5885 ¹⁸
1749 5853 1880 5909 ibid.
1913 5851 1965 5918 7,
1985 5855 2036 5909 9.

2083 4533 2182 4587 καὶ
2210 4534 2518 4602 ἐρρύησαν
2544 4532 2752 4598 ὕδατα,
2792 4532 2891 4586 καὶ
2913 4536 3218 4604 χείμαρῤοι
3250 4535 3610 4597 κατηλύσθη-

2083 4640 2236 4678 σαν·
2259 4624 2345 4695 μὴ
2394 4625 2494 4678 καὶ
2531 4625 2716 4693 ἄρτον
2761 4624 3011 4679 δύναται
3033 4626 3321 4696 δοῦναι,ἣ
3353 4624 3609 4695 ἑτοιμάσω

2081 4715 2374 4785 τράπεζαν
2389 4716 2472 4783 τῷ
2499 4716 2624 4783 λαῷ
2665 4717 2874 4780 αὐτοῦ;
2905 4718 2994 4771 Ἐν
3015 4719 3112 4789 μὲν
3134 4715 3227 4773 οὖν
3259 4723 3326 4791 τῇ
3362 4718 3545 4790 ἱστορίᾳ
3565 4715 3607 4767 οὐ

2083 4810 2308 4881 φέρεται
2335 4811 2508 4864 ταῦτα
2534 4826 2547 4842 ο
2574 4808 2806 4863 ἐνταῦθα
2838 4809 2895 4863 δὲ
2918 4812 3234 4882 τετήρηται,
3261 4813 3334 4876 ὡς
3355 4812 3454 4883 ἄρα
3476 4809 3609 4863 ταῦτα

2080 4900 2432 4972 διενοήθησαν
2455 4914 2470 4929 ’
2509 4899 2953 4966 Ἐξεπείρασαν.
2985 4899 3092 4971 γάρ
3108 4917 3261 4970 φησι,
3285 4899 3390 4953 τὸν
3415 4895 3607 4952 Θεὸνέν

2081 4993 2352 5060 καρδίαις
2391 4989 2623 5052 αὐτῶν,
2669 4991 2783 5054 καὶ,
2848 4990 3286 5059 Κατελάιησαν
3325 4989 3426 5044 τοῦ
3471 4982 3600 5040 Θεοῦ·

2079 5086 2204 5150 Πῶς
2226 5085 2284 5139 δὲ
2316 5085 2690 5157 κατελάλησαν
2729 5083 2762 5155 ἢ
2803 5083 2927 5138 τάδε
2953 5084 3341 5156 διανοηθέντες,
3378 5085 3425 5136 εξ
3449 5080 3527 5134 καὶ
3547 5075 3600 5146 μὴ

2078 5175 2281 5246 χείλεσι
2325 5175 2708 5246 φθεγξάμενοι,
2742 5174 2878 5228 ἀλλὰ
2903 5178 3023 5238 ταῖς
3049 5174 3247 5245 ψυχαῖς
3286 5173 3598 5242 λογισάμενοι,

2077 5271 2112 5326 ἃ
2138 5272 2200 5344 δὴ
2254 5275 2282 5326 ὁ
2326 5271 2766 5342 καρδιογνώστης
2799 5266 2954 5332 εἰδὼς
2999 5268 3197 5339 ἢκουσε
3224 5285 3239 5333 ;
3274 5266 3362 5320 Διδ
3389 5264 3594 5335 gignier

2081 5365 2338 5418 Ἤκουσε
2376 5367 2590 5433 Κύριος
2645 5365 2745 5418 καὶ
2800 5360 3146 5419 ἀνεϐάλετο.
3207 5359 3346 5414 Ἀνθ⁹
3375 5351 3433 5412 οὗ
3459 5357 3484 5408 ὁ
3524 5353 3596 5424 μὲι

2089 5455 2337 5521 Ἀκύλας,
2357 5457 2462 5510 Καὶ
2478 5457 2982 5525 ἀνυπερθέτησεν,
3007 5455 3332 5527 ἡρμήνευσε,
3350 5448 3592 5505 τουτέστιν,

2075 5553 2173 5621 οὐχ
2203 5547 2500 5618 ὑπερέθετο
2523 5564 2536 5578 ·
2562 5550 2590 5600 ὁ
2617 5547 2672 5600 δὲ
2704 5547 3015 5617 Σύμμαχος,
3052 5544 3165 5598 Kal
3178 5542 3429 5613 ἐχολώθη
3449 5555 3464 5570 ⁸
3485 5532 3589 5595 εἷται

2081 5644 2190 5699 Καὶ
2219 5642 2338 5710 πῦρ
2364 5639 2622 5709 ἀνήφθη,
2655 5640 2842 5708 φησὶν,
2859 5636 3157 5700 ἑνἸακὼό,
3183 5637 3279 5691 καί
3304 5633 3436 5706 ὀργὴ
3447 5627 3588 5690 ἀνέεη

2075 5735 2175 5790 ἐπὶ
2206 5734 2312 5790 τὸν
2353 5733 2608 5801 Ἰσραήλ.
2657 5731 2768 5785 Καὶ
2815 5730 2961 5801 παρὰ
3001 5731 3188 5784 Μωσεί
3214 5729 3268 5784 δὲ
3297 5728 3580 5799 γέγραπται·

2148 5853 2190 5884 ⁸³
2219 5851 2352 5922 ibid,
2396 5850 2483 5919 ll,
2511 5848 2598 5905 l2.
2676 5850 2722 5884 ²⁰
2747 5846 2909 5904 Num.
2943 5863 3020 5918 ιι,
3060 5845 3177 5902 1-3.
