3798 6282
284 377 401 433 91⁸1

1385 358 1884 422 COMMENTARIA
1926 357 1993 415 IN
2029 354 2369 414 PSALMOS.

3431 330 3539 384 9|8

290 490 407 543 Kal
464 483 542 557 ἦν
580 487 614 539 ὀ
642 483 791 549 λαὸς
835 475 1128 552 rom-titan-
1154 475 1431 532 ἐναντίον
1471 475 1714 542 Κυρίου,
1769 490 1790 525 a

2045 479 2285 524 morum.
2316 464 2383 519 Et
2420 461 2668 517 clamavit
2707 457 2927 528 populus
2956 453 3024 509 ad
3061 447 3322 522 Magum,
3353 457 3400 501 et
3433 415 3545 515 pre-

286 581 527 650 ἤκουσε
573 579 806 645 Κύριος,
854 575 950 629 καὶ
998 573 1264 644 ἐθυμώθη
1311 571 1454 642 ὀργὴ
1503 570 1719 626 αὑτοῦ·
1765 571 1865 625 καὶ

287 670 588 735 ἐξεκαύθη
621 665 690 720 ἐν
733 663 936 730 αὐτοῖς
960 663 1078 731 πῦρ
1101 662 1261 731 παρὰ
1298 663 1537 730 Κυρίου,
1573 660 1670 715 καὶ
1698 659 1865 713 κατέ-

291 777 452 830 φαγε
495 758 676 829 μέρος
717 755 827 824 τῆς
879 753 1279 825 παρεμϐολῆς.
1320 753 1430 808 Kal
1470 751 1793 821 ἐκέκραξεν
1837 754 1869 805 ὁ

290 851 451 916 λαὸς
473 849 621 916 πρὸς
650 845 905 914 Μωσῆν·
935 845 1031 898 καὶ
1056 844 1282 911 ηὔξατο
1325 841 1546 912 Μωσῆς
1577 842 1726 912 πρὸς
1757 844 1872 896 Κύ-

285 960 450 1012 ριον,
471 940 567 995 καὶ
612 939 877 994 ἐκόπασε
904 936 970 991 τὸ
1019 937 1160 1006 πῦρ.
1191 935 1299 990 Kal
1329 934 1557 1003 ἐκλήθη
1595 934 1661 988 τὸ
1688 934 1874 1002 ὄνομα

293 1035 409 1090 τοῦ
434 1034 620 1087 τόπου
639 1032 873 1086 ἐκείνου
907 1029 1339 1100 Ἐμπυρισμός,
1367 1027 1455 1081 ὅτι
1482 1026 1776 1095 ἐξεκαύθη
1806 1026 1875 1079 ἑν

293 1122 507 1189 αὐτοῖς
533 1121 654 1190 πῦρ
683 1119 844 1199 παρὰ
890 1120 1132 1188 Κυρίου.
1167 1118 1260 1171 Διὸ
1291 1118 1386 1171 καὶ
1417 1119 1475 1170 ὲν
1505 1116 1583 1188 τῷ
1607 1115 1743 1187 μετὰ
1774 1117 1877 1187 χεῖ-

297 1235 409 1289 ρας
445 1216 657 1288 εἴρηται
684 1233 698 1248 ·
734 1215 842 1269 Kal
873 1211 1110 1282 ἀνήφθη
1137 1213 1254 1281 πῦρ
1275 1212 1344 1265 ὲν
1371 1210 1586 1274 Ἰακὼϐ,
1615 1210 1711 1264 καὶ
1729 1209 1874 1279 ὀργὴ

293 1309 487 1377 ἀνέϐη
509 1307 608 1361 ἐπὶ
634 1307 742 1361 τὸν
776 1305 1034 1374 Ἰσραὴλ,
1060 1304 1148 1358 ὅτι
1169 1306 1279 1358 οὐκ
1305 1304 1677 1358 ἐπίστευσαν
1703 1303 1772 1356 ἐν
1799 1301 1878 1368 τῷ

297 1399 450 1465 Θεῷ,
480 1398 622 1452 οὐδὲ
667 1397 939 1467 ἤλπισαν
974 1396 1072 1449 ἐπὶ
1113 1395 1180 1449 τὸ
1214 1394 1509 1464 σωτήριον
1537 1394 1742 1448 αὐτοῦ.
1767 1394 1878 1448 Kal

294 1492 639 1546 ἐνετείλατο
670 1488 952 1558 νεφέλαις
986 1487 1382 1556 ὑπεράνωθεν,
1417 1486 1513 1540 καὶ
1559 1488 1741 1556 θύρας
1781 1488 1883 1541 οὐ-

290 1579 492 1649 ρανοῦ
506 1579 746 1646 ἀνέῳξε.
777 1578 887 1633 Καὶ
918 1577 1159 1646 ἔϐρεξεν
1187 1579 1280 1631 ἐπ’
1303 1577 1524 1644 αὐτοὺς
1541 1575 1743 1647 μάννα
1771 1594 1880 1647 φα-

297 1673 455 1742 γεῖν,
481 1671 578 1724 καὶ
623 1670 804 1738 ἄρτον
849 1670 1110 1738 οὐρανοῦ
1162 1670 1383 1723 ἔδωκεν
1420 1670 1642 1736 αὐτοῖς.
1675 1671 1884 1739 Ἄρτον

298 1761 576 1833 ἀγγέλων
625 1761 847 1830 ἔφαγεν
891 1760 1218 1828 ἅνθρωπος.
1269 1761 1341 1813 Τὸ
1391 1761 1468 1826 δὲ,
1521 1761 1883 1815 Ἐνετείλατο

1969 572 2120 616 catus
2150 569 2226 614 est
2267 555 2476 628 Moyses
2505 552 2808 613 Dominum,
2839 557 2886 602 et
2918 544 3138 600 cessavit
3173 541 3334 612 ignis.
3358 536 3429 591 Et
3457 553 3545 591 vo-

1969 665 2148 710 catum
2175 660 2252 706 est
2282 665 2466 704 nomen
2487 645 2589 700 loci
2623 643 2793 706 illius,
2825 637 3156 701 Incendium,
3193 633 3316 703 quia
3343 628 3544 684 exarsit

1971 750 2026 802 in
2075 747 2149 802 eis
2202 745 2338 814 ignis
2397 757 2436 794 α
2477 735 2725 793 Domino.
2776 729 3120 800 Quapropter
3178 725 3234 780 in
3293 718 3548 794 praesenti

1971 837 2186 908 psalmo
2204 809 2408 888 dictum
2430 833 2514 884 est
2540 844 2553 880 :
2611 821 2678 878 Et
2715 835 2962 876 accensus
2991 827 3068 872 est
3099 816 3236 886 ignis
3272 813 3326 867 in
3356 809 3546 872 Iacob,

1972 903 2026 982 et
2078 926 2164 978 ira
2213 919 2448 977 ascendit
2489 918 2545 971 in
2580 911 2776 978 Israel,
2835 904 3228 980 (Vsus.22-25)
3281 903 3403 974 quia
3447 915 3548 955 non

1973 1015 2307 1074 crediderunt
2344 1011 2396 1065 in
2428 1007 2561 1071 Deo,
2591 1022 2683 1060 nec
2715 1007 3049 1074 sperarerunt
3078 999 3134 1050 in
3156 993 3385 1049 salutari
3411 991 3560 1060 ejus..

1975 1109 2044 1164 Et
2075 1106 2343 1162 mandavit
2374 1101 2598 1158 nubibus
2618 1097 2855 1165 desuper,
2887 1100 2936 1148 et
2958 1091 3158 1161 januas
3185 1085 3298 1141 cazli
3325 1083 3549 1152 aperuit.

1978 1201 2047 1255 Et
2075 1201 2209 1270 pluit
2259 1197 2368 1252 illis
2399 1209 2597 1250 manna
2646 1189 2715 1244 ad
2763 1180 3212 1243 manducandum,
3259 1186 3309 1232 et
3364 1189 3554 1245 panem

1976 1267 2091 1348 coeli
2119 1289 2260 1346 dedit
2296 1289 2397 1344 eis.
2431 1286 2628 1340 Panem
2659 1278 2965 1351 angelorum
3004 1269 3342 1328 manducavit
3375 1267 3570 1322 homo;

1977 1383 2114 1439 lllud
2145 1390 2349 1445 autem,
2381 1376 2655 1432 Mandavit
2685 1370 2906 1428 nubibus
2935 1368 3178 1436 desuper,
3207 1358 3558 1418 subindicare

1976 1477 2192 1536 videtur
2222 1473 2376 1537 mihi,
2418 1469 2736 1526 mandatum
2768 1460 3030 1534 angelicis
3069 1455 3388 1518 virtutibus,
3433 1464 3568 1521 quae

1981 1571 2048 1627 ad
2097 1567 2344 1642 prodigia
2397 1561 2607 1620 edenda
2653 1567 2786 1612 tunc
2834 1549 3242 1612 ministrabant,
3293 1544 3564 1600 traditum

1979 1635 2124 1727 esse,
2146 1668 2199 1716 et
2223 1635 2428 1712 abillis
2459 1652 2658 1725 populo
2687 1661 2887 1704 manna
2922 1641 3328 1714 suppeditatum
3361 1635 3557 1691 fuisse.

1982 1756 2121 1811 Hinc
2155 1756 2285 1810 item
2313 1750 2604 1806 edocemur
2638 1742 2914 1814 angelicas
2941 1738 3175 1792 virtutes
3213 1731 3352 1787 forte
3381 1728 3558 1784 nubes

299 1854 592 1924 νεφέλαις
616 1821 1016 1922 ὑπεράνωθεν,
1049 1821 1379 1907 αἰνίττεσθαί
1417 1821 1504 1925 μοι
1536 1853 1683 1907 δοκεῖ
1713 1869 1799 1925 πρ‹

2057 1854 2201 1904 satas
2245 1845 2433 1906 fuisse,
2488 1832 2946 1910 quemadmodum
2980 1836 3037 1884 et
3076 1828 3130 1882 in
3166 1825 3430 1896 propheta
3462 1821 3557 1891 qui

299 1963 496 2018 ταγμα
536 1945 778 2000 δεδόσθαι
831 1945 1150 2016 ἀγγελικαῖς
1193 1945 1476 2016 δυνάμεσι,
1510 1947 1631 2008 ταῖς
1675 1946 1755 2009 εἰς
1812 1944 1884 2000 τὰ

300 2038 587 2111 παράδοξα
629 2039 748 2092 τότε
796 2037 1256 2109 διακονουμέναις,
1290 2039 1357 2091 δι’
1385 2031 1458 2092 ὧν
1489 2039 1583 2091 καὶ
1613 2037 1673 2091 τὺ
1708 2036 1882 2108 μάννα

299 2133 624 2202 ἐχορηγεῖτο
673 2129 752 2201 τῷ
788 2129 922 2200 λαῷ.
962 2129 1336 2201 Διδασκὸμεθα
1380 2129 1434 2183 δὲ
1483 2130 1576 2183 καὶ
1612 2129 1880 2195 ἐντεῦθεν,

299 2223 384 2289 ὡς
421 2223 528 2294 ἄρα
559 2222 777 2292 νεφέλαι
799 2223 856 2277 αἱ
885 2222 1172 2291 ἅγγελικαὶ
1191 2222 1447 2294 δυνάμεις
1471 2221 1781 2293 κέκληνται,
1809 2221 1884 2285 ὡς

300 2316 406 2368 καὶ
435 2317 492 2368 ὲν
517 2314 594 2385 τῷ
644 2315 904 2384 φάσκοντι
936 2316 1190 2386 προφήτῃ
1216 2333 1232 2348 ο
1267 2315 1376 2368 Καὶ
1424 2313 1554 2381 ταῖς
1603 2313 1885 2383 νεφέλαις

299 2406 681 2510 ἐζντελοῦμαι.
706 2406 814 2510 τοῦ
873 2406 960 2476 μὴ
1015 2406 1228 2473 βρέξαι
1298 2409 1385 2473 εὶς
1437 2405 1623 2461 αὐτὸν
1673 2407 1880 2459 ὑετόν·

300 2497 452 2550 ὥστε
485 2500 609 2561 τοὺς
659 2498 920 2567 ἀγγέλους
967 2497 1201 2552 νοεῖσθαι
1250 2499 1346 2562 τὰς
1401 2498 1660 2568 νεφέλας,
1699 2496 1887 2569 ὥσπερ

301 2585 404 2644 οὖν
426 2589 520 2644 καὶ
570 2589 823 2644 ἐνταῦθα.
871 2591 979 2643 Καὶ
1013 2590 1158 2654 εἰκός
1190 2607 1251 2658 γε
1282 2586 1350 2662 ἦν
1382 2589 1469 2644 διὰ
1506 2591 1603 2662 μὲν
1636 2589 1888 2664 πονηρῶν

301 2680 592 2750 δυνάμεων
620 2678 718 2742 τὰς
769 2681 888 2732 κατ’
927 2678 1241 2747 Αἰγυπτίων
1277 2676 1642 2731 ἐπιτελεῖσθαι
1674 2677 1888 2747 πληγὰς

301 2772 456 2826 κατὰ
482 2772 573 2824 τὸν
599 2771 874 2840 φάσκοντα
915 2771 1070 2839 λόγον
1096 2789 1110 2803 ο
1156 2770 1539 2826 Ἀπέστειλεν
1563 2773 1650 2836 είς
1671 2769 1890 2835 αὐτοὺς

304 2867 503 2936 ὀργὴν
525 2866 621 2919 καὶ
660 2865 871 2934 θυμὸν,
924 2865 1134 2933 θλίψιν
1158 2865 1254 2918 καὶ
1301 2862 1656 2931 ἀποστολὴν
1679 2861 1753 2914 δι’
1790 2861 1892 2930 ἀτ-

303 2958 509 3030 τέλων
563 2956 872 3026 πονηρῶν·
911 2957 979 3011 τὰ
1029 2959 1085 3011 δὲ
1113 2958 1450 3031 χρηστότερα
1494 2957 1560 3010 δι’
1581 2955 1770 3010 αἰσίων
1799 2956 1892 3008 καὶ

303 3047 502 3114 δεξιῶν
527 3049 772 3118 ἀγγέλων
801 3048 1152 3119 γεγενῆσθαι.
1189 3049 1279 3100 Διὸ
1308 3046 1556 3100 λέλεκται
1581 3064 1592 3076 ·
1626 3046 1735 3100 Kal
1767 3047 1892 3099 ὲνε⁸

305 3143 557 3198 τείλατο
582 3139 864 3209 νεφέλαις
896 3139 1294 3208 ὑπεράνωθεν,
1312 3139 1606 3208 καὶθύρας
1630 3136 1890 3207 οὐρανοῦ

1984 1940 2101 1994 ait:
2140 1934 2208 1990 Et
2240 1932 2465 1988 nubibus
2507 1925 2772 1983 mandabo
2807 1938 2868 1977 ne
2891 1919 3077 1992 pluunt
3117 1932 3274 1986 super
3301 1929 3418 1969 eam
3457 1913 3562 1966 im-

1985 2034 2126 2087 brem
2165 2030 2208 2061 ²¹
2238 2047 2252 2084 :
2284 2027 2359 2082 ita
2387 2030 2448 2080 ut
2477 2020 2651 2092 angeli
2672 2018 2848 2072 nubes
2872 2029 2996 2070 esse
3015 2010 3408 2079 intelligantur,
3434 2019 3563 2076 per-

1984 2123 2113 2179 inde
2166 2129 2330 2191 atque
2360 2117 2414 2172 in
2438 2115 2543 2170 hoc
2570 2115 2692 2167 loco
2721 2129 2734 2164 :
2766 2123 2830 2162 ac
2853 2121 2950 2178 par
2976 2110 3094 2160 erat
3122 2118 3152 2156 a
3179 2098 3432 2171 malignis
3455 2096 3565 2151 vir-

1985 2216 2192 2271 tutibus
2229 2189 2418 2283 plagas
2444 2205 2719 2278 Egyptiis
2760 2197 2953 2268 indigi,
2981 2203 3040 2251 ut
3073 2195 3161 2248 his
3204 2189 3562 2249 enuntiatur:

1986 2308 2138 2365 Misit
2172 2308 2225 2360 in
2246 2321 2331 2360 eos
2364 2304 2502 2356 iram
2531 2308 2579 2353 et
2611 2297 2843 2367 furorem
2869 2300 2917 2345 et
2953 2286 3370 2346 tribulationem,
3395 2291 3441 2335 et
3464 2281 3566 2334 im-

1987 2402 2286 2457 missionem
2320 2412 2412 2468 per
2440 2391 2654 2463 angelos
2682 2387 2887 2451 malos;
2915 2390 3104 2438 contra
3147 2393 3279 2435 vero
3307 2391 3428 2447 quae
3458 2388 3570 2427 me-

1987 2496 2127 2551 liora
2156 2467 2327 2548 erant
2354 2503 2452 2559 per
2481 2485 2690 2540 faustos
2717 2481 3032 2553 probosque
3053 2472 3274 2545 angelos
3296 2467 3566 2541 praestari.

1990 2585 2170 2652 Quare
2207 2556 2428 2642 dicitur,
2461 2575 2531 2630 Et
2565 2572 2834 2629 mandauit
2883 2566 3107 2624 nubibus
3141 2562 3380 2630 desuper,
3411 2567 3460 2612 et
3487 2556 3573 2628 ja-

1991 2695 2126 2734 nuas
2173 2675 2290 2730 caeli
2345 2670 2572 2741 aperuit.
2629 2665 2838 2721 Januas
2889 2660 3013 2718 coeli
3069 2665 3287 2728 apertas
3325 2649 3572 2707 coelestia

1990 2783 2158 2841 opera
2187 2781 2309 2822 esse
2337 2737 2675 2819 esistimato.
2707 2752 2904 2812 Omnia
2943 2749 3144 2820 quippe
3171 2758 3294 2816 quae
3330 2737 3566 2795 mirabili

1991 2835 2154 2918 modo
2180 2875 2211 2913 a
2227 2858 2347 2913 Deo
2369 2851 2823 2926 perpetrabantur
2837 2843 3022 2902 divina
3044 2847 3099 2896 et
3123 2835 3367 2894 cmlestia
3389 2836 3592 2894 erant,

1993 2969 2113 3025 qua:
2142 2965 2264 3007 cum
2290 2964 2399 3002 non
2428 2946 2640 3009 tierent,
2665 2938 2981 2996 hominibus
3004 2930 3577 3007 claudebanturicum

1994 2998 2113 3025 ,μη
2145 2998 2264 3007 __---
2539 2998 2546 2999 ,
2627 2998 2640 3009 ,

1994 3052 2174 3097 autem
2207 3035 2479 3108 stupenda
2526 3033 2737 3087 ratione
2769 3028 2915 3084 edita
2947 3030 3111 3087 sunt,
3148 3020 3230 3077 sic
3263 3031 3363 3074 ceu
3407 2998 3576 3084 quas.

1995 3133 2120 3188 dam
2169 3107 2423 3185 caelestes
2452 3126 2653 3196 ianuas
2688 3120 2823 3192 ipsis
2855 3115 3156 3174 reserabat.
3185 3109 3296 3164 Pro
3333 3107 3428 3162 illo
3474 3117 3577 3156 au-

305 3234 558 3301 ἁνέῳξε.
607 3233 788 3304 Θύρας
827 3197 884 3285 δὲ
907 3197 1136 3304 οὐρανοῦ
1168 3197 1559 3303 ἀνοιξνυμένας
1581 3197 1716 3295 ’τὰςῠ
1739 3231 1799 3285 οὐ

2103 3248 2130 3287 ι,
2177 3222 2381 3277 Panem
2411 3218 2719 3289 angelorum
2762 3208 3098 3266 manducavit
3149 3204 3324 3269 homo,
3356 3197 3603 3269 Aquila,._

307 3323 462 3388 νίους
487 3324 597 3377 νόει
630 3321 874 3395 πράξεις.
902 3323 1086 3376 Πάντα
1102 3323 1210 3395 γὰρ
1234 3322 1302 3376 τὰ
1331 3321 1645 3394 παραδόξως
1674 3320 1778 3374 ὑπὸ
1800 3319 1893 3373 τοῦ

308 3416 452 3471 Θεοῦ
505 3417 866 3489 πεπραγμένα
909 3415 1028 3468 θεῖα
1066 3415 1160 3468 καὶ
1209 3413 1434 3485 οὐράνια
1493 3410 1561 3486 ἦν
1587 3428 1599 3441 °
1626 3412 1662 3467 ἃ
1707 3411 1896 3485 δήκαὶ

310 3507 627 3580 ἀνθρώποις
682 3507 1091 3572 ἀποκέκλειστο,
1139 3507 1228 3559 ὅτε
1265 3505 1341 3576 μὴ
1398 3506 1679 3574 ἐγίγνετο·
1719 3507 1808 3559 ὅτε
1840 3504 1896 3557 δὲ

310 3599 636 3672 παραδόξως
678 3601 942 3669 ἐγίγνετο,
972 3597 1160 3668 ὥσπερ
1193 3596 1363 3668 θύρας
1415 3597 1568 3660 τινὰς
1615 3596 1898 3668 οὐρανίους

312 3695 558 3764 ἀνέῳγεν
609 3693 811 3756 αὐτοῖς,
873 3691 1020 3744 Ἀντλ⁹
1063 3689 1119 3742 δὲ
1174 3689 1268 3742 τοῦ
1291 3729 1306 3754 ,
1363 3690 1572 3756 ’Ἄρτον
1629 3687 1899 3758 ἀγγέλων

312 3786 544 3855 ἔφαγεν
589 3785 916 3853 ἅνθρωπος,
962 3785 990 3836 ὁ
1033 3781 1282 3846 Ἀκύλας,
1319 3782 1525 3848 Ἄρτον
1582 3778 1899 3834 δυναστῶν

315 3879 545 3948 ἔφαγεν
564 3876 743 3945 ἀνὴρ,
775 3875 1120 3947 ἡρμήνευσεν
1178 3875 1205 3926 ὁ
1231 3873 1287 3925 δὲ
1307 3871 1621 3943 Σύμμαχος,
1647 3872 1757 3925 Καὶ
1789 3888 1899 3926 πυ-

308 3971 432 4042 ρον
474 3969 757 4038 οὐράνιον
805 3965 1113 4035 παρέσχεν
1151 3963 1376 4030 αὐτοῖς,
1413 3963 1593 4031 ἄρτον
1623 3963 1900 4034 μεγάλων

315 4063 551 4132 ἔφαγεν
613 4061 941 4130 ἅνθρωπος.
994 4059 1103 4112 Καὶ
1159 4059 1312 4130 τήρει
1361 4058 1508 4120 ὅπως
1551 4059 1584 4128 ή
1637 4056 1898 4129 Ἐϐραῖκὴ

320 4154 481 4226 φωνὴ
517 4156 578 4208 οὐ
639 4153 880 4225 περιέχει
921 4152 1005 4218 τὸ,
1045 4153 1263 4220 Ἀρτον
1298 4148 1603 4219 ἀγγέλων·
1644 4148 1754 4202 ἀλλ’
1783 4149 1899 4220 ἦτοι

321 4247 469 4302 κατὰ
505 4247 596 4300 τὸν
662 4245 913 4310 Ἀκύλαν,
945 4245 1128 4313 ἄρτον
1157 4241 1506 4296 δυναστῶν·
1563 4241 1597 4312 ἢ
1629 4239 1771 4293 κατὰ
1809 4239 1900 4292 τὸν

320 4337 641 4408 Σύμμαχον,
671 4335 853 4406 ἄρτον
867 4333 1172 4406 μεγάλωνο
1206 4333 1239 4404 ἢ
1267 4333 1407 4385 κατὰ
1427 4332 1519 4385 τὸν
1551 4330 1898 4396 Θεοδοτίωνα,

319 4428 511 4498 ἄρτον
562 4427 878 4484 δυναστῶν
905 4447 920 4460 -
970 4425 1174 4498 ἢκατὰ
1219 4423 1316 4496 τὴν
1367 4425 1626 4496 πέμπτην
1670 4423 1898 4488 ἔκδοσιν,

320 4520 512 4589 ἄρτον
538 4519 876 4575 δυναστῶν.
920 4519 1206 4589 Ἆγγέλων
1231 4517 1510 4582 δὲ,ὀύδε“ις
1535 4517 1898 4588 ήρμήνευσεν.

2002 3316 2205 3372 Panem
2262 3312 2555 3383 potentium
2609 3303 2954 3361 manducavit
3007 3301 3117 3364 vir,
3181 3296 3576 3364 interpretatus

1996 3416 2113 3475 est;
2150 3403 2514 3479 Symmachus
2553 3415 2707 3464 vero,
2739 3395 2809 3450 Et
2845 3396 3166 3465 frumentum
3197 3387 3399 3447 caeleste
3430 3395 3578 3451 pra:-

1999 3503 2108 3556 buit
2129 3503 2226 3567 eis,
2254 3514 2443 3569 panem
2468 3508 2778 3566 magnorum
2810 3485 3147 3543 manducavit:
3177 3481 3346 3536 homo.
3372 3475 3578 3531 Notan-

1996 3595 2126 3650 dum
2155 3568 2327 3648 auteu.
2357 3587 2687 3643 Hebraicam
2718 3596 2905 3638 vocem
2931 3593 3040 3633 non
3064 3575 3266 3629 habere
3292 3568 3446 3631 illud,
3480 3581 3576 3634 pas

1997 3705 2114 3743 nem
2162 3684 2500 3754 angelorum;
2531 3676 2632 3732 sed
2656 3675 2772 3730 sive
2818 3668 3116 3726 secundum
3175 3660 3447 3730 Aquilam,
3481 3671 3578 3724 pa-

1997 3797 2114 3834 nem
2134 3753 2460 3845 potentium;
2484 3770 2599 3824 sive
2631 3763 2932 3822 secundum
2963 3753 3371 3829 Symmachum,
3391 3761 3604 3817 panem,

1999 3879 2346 3936 magnorum;
2380 3862 2495 3916 sive
2542 3853 2844 3912 secundum
2893 3844 3349 3904 Theodotionem,
3389 3851 3580 3907 panem

1997 3935 2286 4028 potentium
2307 3967 2325 4018 ;
2343 3951 2425 4007 vel
2458 3945 2756 4004 secundum
2779 3943 3024 4016 quintam
3050 3935 3364 3995 editionem,
3392 3943 3581 3998 panem

1999 4047 2304 4120 potentium.
2347 4040 2668 4113 Angelorum
2709 4049 2841 4090 vero
2871 4031 3012 4085 alius
3058 4040 3220 4083 nemo
3254 4024 3593 4091 interpreta-

2002 4111 2093 4196 tus
2125 4147 2229 4203 est,
2264 4136 2394 4207 quia
2434 4111 2762 4187 Hebraicum
2790 4123 3068 4192 exemplar
3114 4131 3224 4172 non
3259 4115 3339 4169 sic
3386 4111 3606 4176 habet;~

2001 4241 2062 4287 ut
2087 4246 2156 4287 ne
2184 4231 2308 4301 quis
2341 4226 2639 4282 arbitretur
2669 4219 2944 4292 angelicas
2983 4214 3146 4270 etiam
3177 4210 3411 4265 virtutes
3451 4219 3592 4259 sen-.

2003 4325 2090 4379 sili
2115 4325 2195 4378 uti
2245 4322 2522 4382 alimento.
2562 4317 2618 4372 in
2653 4310 2964 4384 Evangeliis
3015 4314 3197 4361 autem
3228 4302 3487 4357 Servator
3527 4305 3588 4355 et

2003 4416 2276 4471 Dominus
2299 4421 2486 4470 noster
2526 4427 2634 4466 eos.
2660 4392 2930 4480 coarguit',
2953 4401 3045 4473 qui
3089 4402 3362 4468 putarent.
3383 4405 3585 4449 manna

2007 4511 2210 4582 populo
2259 4508 2318 4563 in
2367 4504 2668 4563 solitudine
2714 4486 3586 4557 subministratum,_angelorum

338 4613 494 4665 Ἐπεὶ
549 4612 685 4684 μηδὲ
735 4611 796 4664 τὸ
831 4577 1118 4683 Ἐὅραῖκὸν
1167 4577 1352 4664 τοῦτον
1392 4577 1504 4681 ἔχει
1675 4577 1838 4680 ’τράπε

2085 4577 2129 4658 ie
2154 4602 2370 4666 cibum;
2394 4613 2565 4669 quare
2592 4595 2792 4651 dicit“
2823 4611 2836 4647 :
2869 4590 3053 4651 Amen,
3085 4600 3240 4640 amen
3273 4581 3390 4634 dico
3422 4577 3585 4643 vobis,

327 4704 418 4756 ἵνα
446 4704 629 4773 μήτις
679 4703 878 4773 νομίσῃ
917 4703 1011 4756 καὶ
1062 4702 1161 4766 τὰς
1195 4700 1489 4770 ἀγγελικὰς
1528 4701 1784 4770 δυνάμεις
1817 4699 1904 4752 αῖ-

328 4794 504 4866 σθητῇ
525 4794 759 4865 χρῆσθαι
783 4796 975 4866 τροφῇ.
1001 4794 1292 4865 Μέμφεται
1323 4793 1378 4846 δὲ
1411 4795 1505 4846 καὶ
1537 4795 1564 4846 ὁ
1593 4792 1783 4862 Σωτὴρ
1817 4791 1910 4844 καὶ

326 4886 537 4956 Κύριος
587 4885 743 4956 ἡμῶν
777 4886 834 4938 ὲν
868 4885 1218 4954 Εὐαγγελίοις
1266 4887 1380 4948 τοῖς
1437 4881 1766 4954 νομίζουσιν,
1826 4884 1909 4936 ὅτι

329 4977 580 5046 ἀγγέλων
617 4971 685 5046 ἦν
735 4974 909 5046 τροφὴ
965 4975 1024 5027 τὸ
1067 4975 1124 5027 ὲν
1151 4977 1218 5045 τῇ
1268 4974 1458 5045 ἐρήμῳ
1501 4971 1806 5044 χορηγηθὲν
1830 4971 1909 5042 τῷ

327 5068 446 5140 λαῷ
484 5068 658 5140 μάννα
687 5081 702 5098 ⁸
744 5067 824 5120 διὸ
857 5066 1040 5136 ἔλεγεν
1067 5086 1075 5093 ·
1130 5064 1335 5134 Ἀμὴν,
1365 5063 1526 5134 ἀμὴν
1544 5063 1696 5134 λέγω
1721 5063 1864 5132 ὑμῖν
1889 5080 1904 5094 ·

330 5161 407 5213 οὐ
437 5156 660 5225 Μωσῆς
705 5155 964 5210 δέδωκεν
993 5155 1135 5224 ὑμῖν
1155 5155 1260 5207 τὸν
1296 5154 1476 5222 ἄρτον
1513 5155 1581 5208 ἐκ
1602 5152 1710 5207 τοῦ
1733 5155 1910 5222 οὐρα-

329 5249 446 5305 νοῦ
486 5248 595 5303 τὸν
647 5249 939 5314 ἀληθινόν
959 5263 979 5280 ι
1009 5246 1102 5302 καὶ
1129 5245 1288 5299 πάλιν
1315 5263 1328 5275 ·
1376 5248 1437 5300 Οἱ
1475 5245 1723 5314 πατέρες
1746 5243 1912 5315 ὑμῶν

329 5339 646 5410 ἕφαγονὲν
667 5337 742 5406 τῇ
774 5337 969 5406 ἐρήμῳ
993 5336 1058 5390 τὸ
1083 5334 1305 5408 μάννα,
1332 5335 1429 5388 καὶ
1460 5333 1782 5389 ἀπέθανον.
1809 5329 1914 5390 Οὗ-

330 5434 440 5499 τός
469 5432 641 5485 ἐστιν
671 5433 703 5484 ὁ
729 5430 906 5497 ἄρτος
935 5431 971 5482 ο⁸
993 5427 1060 5480 ἐκ
1093 5425 1198 5480 τοῦ
1229 5426 1490 5494 οὐρανοῦ
1521 5426 1911 5492 καταϐαίνων,

330 5527 439 5579 ἵνα
462 5541 550 5590 τις
572 5522 641 5586 ἐξ
662 5519 850 5575 αὑτοῦ
877 5519 1038 5588 φάγῃ
1072 5519 1169 5572 καὶ
1205 5517 1288 5587 μὴ
1314 5516 1688 5585 ἀποθνήσκῃ.
1720 5519 1784 5572 Εἰ
1815 5518 1917 5589 μὲν

330 5613 453 5681 οὖν,
485 5615 666 5685 φησὶν,
682 5613 928 5684 οὐράνιος
959 5608 1022 5681 ἦν
1055 5611 1238 5682 ἄρτος,
1272 5603 1317 5679 ᾧ
1342 5611 1718 5682 χρῆσθαιτοὺς
1751 5611 1915 5680 ἀγγέὲ

411 5799 454 5829 ²¹
486 5794 590 5850 lsa.
619 5813 674 5859 ν,
701 5796 750 5850 0.
827 5797 870 5828 ³⁸
900 5794 1054 5850 loan.
1090 5813 1160 5860 vt,
1193 5793 1278 5850 52.
1355 5796 1400 5827 ’³
1423 5795 1551 5850 ibid.
1580 5789 1669 5861 49,
1704 5792 1793 5847 50.

2011 4713 2114 4750 ηοη
2133 4694 2342 4766 Moyses
2375 4691 2518 4746 dedit
2535 4690 2675 4745 vobis
2686 4701 2873 4758 panem
2896 4681 2958 4736 de
2974 4680 3099 4735 caelo
3116 4695 3173 4732 ve
3184 4691 3336 4740 rum;
3373 4689 3437 4729 ac
3463 4683 3591 4726 rur—

2013 4803 2134 4842 sum
2169 4786 2252 4841 ²³ι
2286 4783 2477 4838 Patres
2513 4782 2670 4837 vestri
2698 4777 3145 4834 manducaverunt
3191 4784 3388 4824 manna
3415 4767 3467 4819 in
3495 4763 3589 4818 de-

2011 4885 2172 4948 seftQ,
2205 4884 2255 4929 et
2296 4875 2494 4934 mortui
2526 4881 2672 4928 sunt.
2713 4870 2819 4926 Hic.
2851 4877 2931 4923 est
2970 4866 3122 4937 panis
3154 4863 3244 4934 qui
3272 4861 3335 4914 de
3355 4857 3480 4913 caalo
3501 4855 3592 4910 de-

2012 4968 2235 5034 scendit,
2271 4979 2329 5029 ut
2356 4969 2406 5023 si
2432 4969 2548 5038 quis
2589 4981 2654 5021 ea:
2690 4966 2804 5034 ipso
2838 4959 3138 5020 manducet,
3173 4971 3277 5009 non
3307 4951 3591 5006 moriatur.

2016 5060 2073 5116 Si
2118 5061 2325 5131 itaque,
2360 5060 2456 5126 ait,
2487 5055 2728 5113 caelestis
2764 5059 2910 5109 esset
2945 5049 3103 5120 panis
3131 5061 3239 5117 quo
3265 5042 3345 5098 uti
3371 5041 3592 5111 angelos

2013 5152 2313 5208 verisimile
2333 5159 2438 5212 est,
2475 5161 2816 5219 nequaquam
2843 5141 3048 5199 mortui
3072 5145 3255 5196 essent
3283 5133 3377 5205 qui
3413 5147 3480 5187 ex
3501 5130 3594 5184 illo

2015 5260 2156 5322 pane
2185 5244 2238 5301 in
2278 5245 2497 5298 deserto
2530 5243 2886 5311 gustaverant
2914 5255 2925 5289 :
2959 5241 3013 5288 at
3042 5232 3170 5304 quia
3195 5244 3298 5284 nec
3326 5223 3591 5287 caelestis,

2017 5354 2118 5391 nec
2152 5352 2276 5391 vero
2315 5335 2473 5406 panis
2506 5333 2824 5403 angelorum
2857 5335 2996 5393 erat,
3034 5326 3156 5381 ideo
3197 5319 3398 5377 mortui
3445 5323 3591 5372 sunt.

2017 5428 2118 5483 Hic
2148 5443 2274 5483 vere
2319 5426 2565 5482 cmlestis
2609 5425 2769 5494 panis
2801 5430 2906 5484 est,
2952 5419 3112 5489 cujus
3143 5413 3393 5486 quisquis
3427 5408 3598 5474 parti-

2019 5537 2150 5591 ccps
2200 5518 2400 5582 fuerit,
2451 5530 2729 5585 nunquam
2781 5513 3064 5568 morietur.
3115 5508 3249 5574 Quis
3295 5506 3384 5559 hic
3440 5501 3598 5567 panis

2020 5617 2168 5667 esset
2194 5609 2352 5664 docet
2390 5608 2475 5662 his
2505 5606 2684 5662 verbis
2721 5624 2732 5660 :
2772 5604 2936 5660 Panis
2973 5611 3145 5657 autem
3178 5598 3284 5654 Dei"
3306 5605 3382 5653 est
3417 5593 3504 5666 qui
3531 5592 3604 5653 de,
