3798 6282
374 348 480 407 9l9
1042 348 1312 410 EUSEBII
1346 352 1827 412 CESARIENSIS
1862 355 2012 414 OPP.
2055 351 2241 415 PARS
2274 356 2362 415 Ill.
2401 387 2473 401 -—
2510 355 2919 416 EXEGETICA.
3496 366 3581 422 930

376 464 505 521 calo
545 463 832 533 descendit,
863 467 956 538 qui
982 466 1077 523 dat
1105 469 1267 524 vitam
1307 469 1505 527 mundo
1527 474 1594 529 “.
1627 471 1683 527 Id
1706 474 1835 530 item
1868 492 1876 526 ε

2073 474 2193 540 λους
2224 474 2391 541 εἰκὸς,
2421 476 2533 530 οὐδ’
2561 475 2629 531 ἂν
2659 476 2933 531 ἀπέθανον
2963 478 3010 529 οἱ
3040 476 3097 529 ἐν
3126 477 3189 548 τῇ
3227 474 3410 548 ἐρήμῳ
3447 496 3573 549 μετα·

376 557 552 612 clarat
573 556 763 613 dicens
791 577 803 612 ε
839 556 952 629 Ego
979 576 1094 614 sum
1122 560 1276 630 panis
1306 564 1426 616 vita
1449 577 1468 616 :
1502 563 1591 634 qui
1623 565 1757 619 venit
1786 565 1856 619 ad

2083 566 2284 636 πχόντες
2330 566 2495 639 άρτου
2517 583 2531 599 ·
2561 567 2656 621 νῦν
2696 566 2756 620 δὲ
2809 567 2931 620 ἐπεὶ
2954 566 3055 621 οὐκ
3089 562 3157 639 ἦν
3200 568 3458 640 οὐράνιος,
3488 572 3583 625 ιιὐῶ

375 663 482 702 non
502 648 715 713 esuriet,
752 657 801 704 et
820 649 909 720 qui
939 648 1105 704 credit
1126 651 1179 704 in
1205 668 1285 706 me
1308 669 1410 707 non
1437 653 1578 707 sitiet
1607 670 1834 726 unquam
1860 658 1875 688 ²

2084 654 2128 728 ᾖν
2157 657 2370 728 ἀληθῶς
2394 659 2555 730 ἄρτος
2582 658 2848 727 ἀγγέλων,
2869 657 2958 711 διὰ
2978 655 3132 711 τοῦτο
3157 657 3434 713 ἀπέθανον.
3452 656 3584 725 Dina;

376 752 442 793 ac
475 753 697 794 rursum
734 758 748 796 :
782 740 897 811 Ego
935 758 1053 796 sum
1083 744 1235 811 panis
1284 745 1425 799 virus
1456 747 1545 816 qui
1592 746 1657 800 de
1692 747 1822 801 calo
1867 766 1876 800 t

2086 749 2116 802 ῖέ
2150 752 2297 803 ἐστιν
2328 748 2542 819 ἀληθῶς
2555 749 2806 821 οὐράνιος
2833 749 3018 819 ἄρτος,
3048 739 3154 801 οὔὸ
3179 746 3488 819 μεταλαϐὼν.
3509 751 3586 804 οὐκ

344 830 573 889 scandi.
611 830 671 888 St
701 834 817 902 quis
863 833 1259 891 manducauerit
1313 853 1380 892 ex
1417 853 1552 907 pane
1580 855 1713 904 meo,
1745 841 1844 894 vive

2083 839 2125 893 ὶν
2147 839 2407 895 ἀποθάνοι
2449 839 2600 894 ποτέ.
2635 840 2747 893 Καὶ
2766 838 2851 904 τίς
2883 833 3036 902 οὗτος
3059 835 3128 911 ἦν
3154 839 3391 894 διδάσκει
3418 839 3583 910 λέγων·

379 930 629 977 αἰετηιιηι
652 925 717 980 ’⁸.
746 923 931 996 Itaque
947 929 1204 998 angelica:
1218 943 1439 999 quoque
1465 929 1697 986 virtutes
1728 946 1797 986 ex
1829 946 1879 1002 p:

2088 937 2127 987 ο
2172 934 2284 1005 γὰρ
2321 934 2498 1002 ἄρτος
2527 933 2634 989 τοῦ
2683 933 2831 988 Θεοῦ
2892 934 3064 987 ἐστιν
3088 936 3124 988 ό
3154 934 3507 988 καταϐαίνων
3535 936 3588 989 ἐκ

374 1018 691 1090 ticipatione
728 1019 889 1077 Verbi
920 1023 1028 1078 vita
1079 1022 1338 1079 fruuntur
1364 1033 1589 1081 aeterna.
1615 1025 1748 1079 Nam
1775 1027 1874 1081 SOll

2087 1024 2163 1079 ὀὗ
2212 1024 2471 1093 οὐρανοῦ
2518 1024 2617 1078 και
2677 1022 2831 1093 ζωὴν
2882 1024 3089 1091 διδοὺς
3119 1023 3199 1091 τῷ
3222 1025 3424 1095 κόσμῳ
3440 1042 3453 1055 ·
3477 1043 3587 1098 παρ-

374 1108 712 1182 unigenitum
753 1111 845 1168 Dei
882 1111 1143 1178 Verbum,
1200 1115 1543 1172 rationabilis
1590 1118 1769 1173 omnis
1819 1134 1874 1173 su

2094 1117 2248 1189 στησι
2275 1134 2336 1172 τε
2355 1116 2514 1171 αὑτὸν
2532 1116 2732 1186 λέγων·
2751 1115 2895 1187 Ἐγώ
2917 1119 3031 1187 είμι
3056 1120 3088 1171 ό
3106 1116 3282 1185 ἄρτος
3309 1115 3413 1184 τῆς
3444 1115 3587 1185 φῆς

373 1202 591 1257 stantia:
634 1203 952 1259 alimentum
1004 1214 1111 1263 est.
1152 1206 1516 1273 Quamobrem
1560 1210 1808 1281 apposite
1851 1209 1873 1263 Ι

2118 1210 2440 1280 ἐρχόμενος
2473 1208 2621 1278 πρὸς
2645 1207 2725 1279 μὲ
2763 1212 2835 1263 οὐ
2864 1208 2951 1279 μὴ
2994 1207 3288 1272 πεινὰσει,
3327 1209 3421 1262 καί
3460 1212 3489 1262 ό
3527 1225 3592 1264 πι-

376 1292 563 1348 braica
595 1294 757 1349 lectio
801 1295 857 1349 in
888 1299 1140 1366 praesenti
1169 1313 1279 1352 non
1335 1299 1500 1356 habet
1551 1300 1709 1367 illud,
1758 1301 1876 1355 Pan.

2094 1304 2290 1356 ’τεύων
2311 1304 2398 1369 εἷς
2428 1301 2554 1372 ἐμὲ,
2585 1304 2657 1355 οὺ
2696 1300 2783 1371 μὴ
2816 1302 3064 1371 διψήσει
3117 1299 3382 1355 πώποτε·
3416 1302 3501 1354 καὶ
3521 1295 3594 1356 αὖ·

375 1388 684 1459 angelorum
713 1390 1048 1444 manducavit
1079 1390 1256 1445 homo.

2095 1411 2142 1458 ις
2169 1411 2183 1426 °
2236 1392 2383 1464 Ἐγώ
2405 1396 2521 1463 ειμι
2542 1396 2576 1448 ό
2606 1392 2786 1463 ἄρτος
2831 1397 2864 1448 ό
2905 1392 3017 1455 ζῶν
3044 1397 3079 1447 ό
3110 1393 3180 1448 ἐκ
3221 1393 3331 1447 τοῦ
3376 1392 3595 1460 οὐρανοῦ

372 1468 651 1552 καταϐάς.
691 1484 832 1540 Ἐάν
877 1504 966 1553 τις
995 1486 1155 1557 φάγῃ
1196 1487 1266 1541 ἐκ
1298 1486 1406 1541 τοῦ
1439 1487 1585 1558 ἐμοῦ
1606 1489 1787 1557 ἄρτου
1807 1528 1823 1556 ,
1853 1489 2090 1558 ζήσεται
2115 1493 2203 1557 είς
2229 1490 2338 1545 τὸν
2359 1488 2562 1544 αίῶνα.
2585 1489 2794 1544 Οὐκοῦν
2819 1490 2913 1546 καὶ
2936 1492 2992 1544 αἱ
3044 1490 3335 1561 ἀγγελικαὶ
3383 1488 3597 1560 δυνάμεις

371 1580 436 1632 ἐκ
452 1580 548 1651 τῆς
574 1579 666 1637 τοῦ
700 1581 870 1651 Λόγου
901 1581 1254 1654 μεταλήψεως
1309 1581 1523 1638 αἰώνιον
1587 1584 1731 1657 ζωὴν
1786 1586 2143 1657 καρποῦνται.
2193 1585 2367 1650 Μόνος
2394 1586 2504 1658 γὰρ
2534 1586 2563 1639 ὁ
2588 1587 2882 1660 μονογενὴς
2925 1586 3019 1640 τοῦ
3047 1585 3184 1640 Θεοῦ
3242 1586 3415 1654 Λόγος
3454 1585 3597 1657 πάσης

371 1674 591 1746 λογικῆς
634 1675 820 1741 οὐσίας
871 1676 1159 1749 θρεπτικὸς
1208 1678 1484 1749 τυγχάνει.
1542 1679 1739 1750 Διόπερ
1796 1682 2040 1753 ἀκριϐῶς
2102 1682 2136 1753 ὴ
2204 1680 2466 1753 Ἐϐραῖκὴ
2519 1681 2825 1750 ἀνάγνωσις
2895 1682 2955 1735 ὲν
2992 1684 3105 1745 τοῖς
3160 1678 3525 1753 προκειμένοις
3551 1679 3597 1733 ob

372 1768 609 1841 περιέχει
626 1767 706 1834 τὸ,
744 1770 951 1839 Ἄρτον
977 1770 1250 1841 ἀγγέλων
1275 1771 1498 1842 ἔφαγεν
1516 1770 1844 1842 ἄνθρωπος.

442 1885 610 1943 Vnus.
657 1886 849 1943 26-51.
890 1887 1110 1944 Cibaria
1162 1890 1309 1945 misit
1356 1890 1431 1945 eis
1486 1890 1556 1945 ad
1598 1893 1932 1947 saturitatem

2141 1893 2552 1964 Ἐπισιτισμὸν
2601 1891 2959 1946 ἀπέστειλεν
3002 1891 3209 1958 αὐτοῖς
3248 1893 3337 1957 είς
3372 1894 3599 1959 πλησμο-

372 1981 670 2037 Transtulit
695 1981 950 2038 Austrum
971 1983 1036 2040 de
1067 1985 1216 2050 calo,
1239 1995 1290 2041 et
1313 1985 1523 2041 induxit
1562 1987 1618 2040 in
1645 1986 1872 2041 uirtute:

2101 1984 2190 2053 ήν.
2263 1986 2512 2056 Ἁπῆρεν
2559 1986 2754 2040 Νότον
2776 1984 2846 2050 ἐξ
2893 1984 3176 2054 οὐρανοῦ,
3207 1984 3310 2038 καὶ
3343 1983 3601 2054 ἐπήγαγεν

371 2074 635 2143 Africum.
675 2072 745 2128 Et
769 2076 902 2144 pluit
945 2092 1101 2146 super
1143 2093 1231 2132 eos
1278 2079 1417 2133 sicut
1451 2077 1714 2148 pulverem
1745 2095 1871 2133 cnrn

2101 2095 2124 2125 ν·
2157 2076 2231 2147 τῇ
2267 2077 2518 2150 δυνάμει
2551 2077 2738 2132 αὑτοῦ
2773 2077 2945 2133 Λίϐα.
2974 2076 3086 2131 Kal
3128 2076 3376 2145 ἔϐρεξεν
3412 2076 3496 2130 ἐπ’
3517 2076 3601 2130 αὐ-

371 2175 422 2220 et
452 2166 588 2220 sicut
614 2182 835 2221 arenam
857 2169 1090 2223 marium
1108 2170 1353 2225 volatilia
1378 2181 1609 2240 pennata
1636 2186 1655 2225 :
1679 2180 1728 2226 et
1755 2172 1871 2226 cecil

2102 2168 2196 2234 οὺς
2225 2167 2368 2223 ὡσεὶ
2414 2169 2568 2238 χοῦν
2598 2166 2852 2236 σάρκας,
2885 2167 2985 2223 καὶ
3010 2168 3152 2222 ὡσεὶ
3193 2168 3395 2238 ἅμμον
3417 2169 3602 2223 θαλασ-

369 2267 494 2312 rnnt
529 2259 581 2311 in
633 2257 805 2313 medio
837 2268 1137 2314 castrorum
1186 2276 1390 2323 eorum,
1432 2261 1575 2315 circa
1611 2261 1869 2314 tabernae:

2102 2259 2184 2314 ῶν
2211 2261 2449 2315 πετεινὰ
2478 2258 2743 2329 πτερωτὰ
2759 2276 2774 2291 ο
2802 2262 2899 2315 καὶ
2920 2261 3221 2315 ἐπέπεσεν
3249 2261 3321 2315 ἐν
3340 2259 3498 2331 μέσῳ
3518 2259 3602 2328 τῆς

368 2364 569 2402 eorum.
608 2346 674 2401 Et
713 2348 1161 2404 manducauerunt
1191 2361 1241 2405 et
1267 2352 1500 2406 saturati
1540 2361 1661 2406 sunt
1702 2350 1868 2406 nimis.

2102 2350 2433 2423 αρεμϐολῆς
2464 2349 2682 2416 αὐτῶν,
2714 2353 2919 2420 κύκλῳ
2947 2352 3067 2407 τῶν
3095 2352 3498 2423 σκηνωμάτων
3524 2355 3602 2408 αὖ·

369 2439 689 2494 desiderium
734 2458 915 2513 eorum
949 2446 1133 2500 attulit
1175 2446 1251 2501 eis
1274 2486 1290 2509 ,
1342 2463 1446 2501 non
1484 2456 1608 2502 sunt
1645 2446 1867 2517 fraudat

2103 2444 2191 2501 ὒν.
2216 2446 2327 2500 Kal
2346 2445 2573 2515 ἔφαγον
2602 2444 2702 2499 καὶ
2730 2444 3209 2514 ἐνεπλήσθησαν
3247 2445 3497 2515 σφόδρα,
3530 2446 3603 2499 καὶ

370 2530 627 2587 desiderio
661 2550 778 2589 suo.
795 2534 978 2590 Adhuc
997 2553 1119 2591 esca
1152 2553 1333 2592 eorum
1358 2546 1472 2593 erat
1493 2540 1547 2592 in
1570 2555 1658 2594 ore
1694 2540 1870 2607 ipsoru

2102 2538 2170 2606 ὴν
2193 2538 2512 2608 ἐπιθυμίαν
2554 2536 2753 2593 αὐτῶν
2789 2538 3042 2607 ἤνεγκεν
3075 2538 3306 2605 αὐτοῖς,
3337 2541 3445 2592 οὐκ
3471 2539 3602 2592 ἐστε-

371 2633 421 2679 et
460 2624 542 2677 ira
577 2623 672 2679 Dei
716 2626 950 2683 ascendit
981 2642 1137 2695 super
1165 2643 1291 2683 eos:
1332 2637 1380 2683 et
1415 2627 1607 2683 occidit
1647 2629 1825 2698 plures
1865 2656 1871 2682 ι

2103 2627 2332 2696 ήθησαν
2396 2627 2515 2683 ἀπὸ
2568 2626 2680 2696 τῆς
2731 2627 3048 2697 ἐπιθυμίας
3090 2626 3316 2682 αὐτῶν.
3360 2629 3476 2681 Ἔτι
3518 2625 3603 2694 τῆς

371 2730 512 2779 rum,
549 2724 598 2768 et
645 2715 834 2771 electos
880 2714 1055 2772 Israel
1103 2717 1389 2789 impedivit.
1423 2717 1581 2785 Quod
1631 2734 1740 2774 non
1792 2734 1871 2774 mo

2100 2719 2332 2788 ρώσεως
2357 2720 2549 2788 οὔσης
2574 2719 2644 2772 ἐν
2668 2718 2750 2784 τῷ
2780 2719 3031 2789 στόματι
3054 2716 3255 2771 αὐτῶν
3284 2718 3385 2773 καὶ
3411 2720 3447 2787 ἡ
3486 2718 3600 2788 ὀργὴ

370 2819 589 2880 panem,
625 2809 724 2866 sed
749 2810 914 2865 etiam
943 2811 1233 2881 opsonium
1263 2812 1644 2883 procuraverit
1675 2811 1757 2867 eis
1795 2810 1870 2866 dot

2103 2812 2160 2868 νῦ
2214 2811 2362 2868 Θεοῦ
2420 2812 2604 2879 ἀνέϐη
2649 2812 2744 2866 ἐπ’
2786 2811 3037 2879 αὐτούς’
3064 2811 3161 2865 καὶ
3188 2812 3532 2865 ἀπέκτεινεν
3550 2810 3603 2865 ἐν

334 2916 339 2933 π
369 2901 574 2975 Moysis
615 2902 929 2974 Scriptura,
962 2903 1019 2958 in
1052 2902 1241 2965 Exodo
1282 2904 1503 2974 quidem
1533 2903 1724 2960 dicens
1754 2905 1800 2936 "’

2103 2904 2180 2972 οἷς
2226 2905 2509 2960 πλείοσιν
2571 2902 2791 2968 αὐτῶν,
2827 2903 2928 2957 καὶ
2968 2902 3110 2970 τοὺς
3164 2901 3482 2969 ἐκλεκτοὺς
3519 2900 3603 2955 τοῦ

364 2993 614 3048 dixerunt
651 2992 860 3065 Moyses
897 3004 947 3049 et
979 2996 1160 3050 Aaron
1189 2995 1258 3050 ad
1292 3004 1460 3050 totum
1489 3005 1684 3051 catum
1714 2995 1861 3067 ﬁlior

2103 2998 2317 3068 ίσραὴλ
2351 2997 2778 3053 συνεπόδισεν.
2816 2997 2938 3050 Ὄτι
2972 2997 3049 3068 μὴ
3081 2995 3243 3068 μόνου
3290 2997 3473 3067 ἄρτου,
3497 2993 3603 3048 ἀλλὰ

368 3082 578 3140 Israel:
609 3085 824 3155 Vespere
852 3087 1028 3142 scietis
1054 3088 1191 3157 quod
1224 3086 1480 3140 Dominus
1507 3086 1746 3141 eduxerit
1779 3102 1866 3141 vos

2104 3093 2149 3146 tt
2175 3092 2304 3162 ὕψου
2326 3092 2654 3164 προενόησεν
2686 3092 2887 3154 αὐτοῖς,
2919 3090 3159 3145 διδάσκει
3175 3091 3271 3145 καὶ
3310 3092 3343 3161 ἡ
3401 3090 3604 3153 Μωσέως

370 3185 439 3229 ιον
452 3192 513 3228 ra
540 3174 791 3246 Ai'ggpti;
820 3193 973 3232 mane
996 3187 1172 3232 autem
1198 3176 1438 3231 uidebitis
1461 3177 1689 3249 gloriam
1717 3176 1870 3231 Domi

2102 3184 2338 3258 ραφὴ,ὲν
2366 3183 2462 3254 μὲν
2490 3183 2684 3254 Ἐξὸδῳ
2711 3182 2962 3251 λέγουσα·
2999 3183 3112 3238 Kal
3146 3179 3281 3237 εἷπε
3295 3179 3507 3249 Μωσῆς
3526 3182 3602 3237 και

367 3267 495 3337 quia
528 3239 732 3321 audivit
771 3239 922 3322 omne
971 3284 1213 3322 murmur
1255 3239 1504 3324 vestrum.
1559 3268 1719 3323 Dabit
1766 3269 1867 3338 qui]

2312 3239 2454 3344 πρὸς
2510 3239 2719 3330 πξῖσαν
2748 3239 3109 3347 συναγωγὴν
3162 3274 3316 3330 υἱῶν
3368 3239 3598 3344 Ἰσραήλ·

369 3357 514 3412 oobis
562 3357 816 3413 Dominus
859 3373 1062 3427 vespere
1102 3374 1285 3413 carnes
1322 3359 1390 3413 ad
1430 3358 1869 3424 manducandum,

2101 3366 2363 3435 ῖσπέραν
2403 3364 2728 3436 γνώσεσθε,
2762 3366 2853 3420 ὅτι
2889 3367 3103 3435 Κύριος
3154 3365 3453 3437 ἐξήγαγεν
3475 3361 3601 3433 ὑμᾶς

376 3464 529 3503 mane
556 3463 716 3517 panes
738 3448 807 3503 ad
827 3450 1185 3504 saturitatem.
1211 3448 1406 3505 Postea
1425 3464 1556 3504 vero
1572 3449 1876 3520 subjungit’

2102 3477 2125 3513 ι
2154 3457 2262 3530 γῆς
2285 3459 2590 3528 Αἰγύπτου
2606 3475 2620 3490 ’
2646 3458 2795 3527 πρωῒ
2818 3457 2887 3512 δέ
2909 3458 3135 3528 ὄψεσθε
3164 3458 3284 3528 τὴν
3308 3457 3490 3521 δόξαν
3515 3458 3602 3509 Ku-

373 3540 443 3594 Et
467 3541 669 3609 factum
710 3550 789 3597 est
821 3556 1045 3610 vespere,
1077 3549 1128 3596 et
1153 3540 1389 3595 ascendit
1434 3541 1699 3606 coturnix,
1739 3549 1787 3594 et
1836 3557 1873 3611 ολ

2102 3550 2206 3615 ἴου,
2228 3554 2299 3606 ἐν
2325 3549 2405 3617 τῷ
2433 3550 2790 3606 εἰσακοῦσαι
2825 3550 3013 3606 αὐτὸν
3037 3549 3237 3606 πάντα
3285 3550 3396 3604 τὸν
3436 3564 3602 3618 γογγυ-

372 3634 480 3686 ruit
508 3644 690 3687 castra
719 3647 738 3686 :
761 3650 913 3687 mane
940 3648 1055 3688 vero
1094 3649 1183 3688 ros
1204 3632 1376 3702 jacuit
1404 3633 1460 3686 in
1499 3632 1721 3686 circuitu
1748 3643 1872 3686 cast:

2100 3642 2213 3712 μὸν
2237 3642 2427 3713 ὑμῶν,
2450 3645 2520 3697 ἐν
2542 3641 2622 3708 τῷ
2646 3641 2877 3697 διδόναι
2904 3640 3011 3697 τὸν
3043 3642 3267 3710 Κύριον
3290 3641 3431 3712 ὑμῖν
3454 3636 3600 3695 ἐσπό-

367 3736 595 3782 rum:et
623 3742 739 3782 ecce
763 3727 820 3781 in
864 3725 998 3797 facie
1012 3724 1336 3789 solitudinis,
1382 3725 1552 3778 tenuis
1592 3724 1729 3778 sicut
1759 3724 1867 3793 puli

2100 3751 2163 3801 ας
2192 3734 2338 3804 κρέα
2371 3733 2603 3805 φαγεῖν,
2659 3732 2759 3787 καὶ
2804 3731 3025 3802 ἄρτους
3072 3732 3137 3786 τὸ
3161 3733 3321 3801 πρωῒ
3363 3734 3447 3795 είς
3480 3733 3600 3795 πλη-

368 3817 523 3872 albus
551 3817 687 3871 sicut
736 3816 930 3887 pruina
952 3831 1110 3887 super
1132 3824 1348 3871 terram.
1384 3812 1490 3869 Sed
1523 3813 1651 3885 quia
1674 3823 1864 3885 postea

2100 3828 2313 3899 μονήν.
2329 3828 2438 3883 Καὶ
2460 3826 2699 3895 ἐπιλέγει
2717 3826 2861 3896 ἑξῆς·
2890 3825 3000 3880 Καὶ
3020 3824 3259 3896 ἐγένετο
3288 3820 3600 3892 ἑσπέρα,κώ

365 3910 619 3966 Numeris
646 3910 851 3967 dictum
879 3909 1019 3966 est"
1037 3929 1125 3964 :---
1138 3908 1334 3980 Vulgus
1361 3922 1561 3978 quoque
1599 3908 1861 3976 promiscu

2099 3918 2235 3988 νέϐη
2261 3918 2684 3989 ὀρτυγομήτρα,
2700 3919 2797 3972 καὶ
2811 3917 3080 3986 ἐκάλυψε
3098 3915 3214 3985 τὴν
3228 3912 3599 3986 παρεμϐολήν·

367 4003 612 4072 ﬂagravit
631 4001 931 4065 desiderio;
961 4009 1012 4055 et
1045 4000 1280 4056 sedentes
1309 3998 1508 4069 ﬂebant
1534 3998 1638 4068 ﬁlii
1676 3996 1867 4064 Israel,

2098 4009 2121 4064 ὸ
2144 4008 2373 4078 πρωῒδέ
2390 4008 2628 4080 ἐγένετο
2644 4006 3136 4076 καταπαυομένης
3151 4004 3262 4075 τῆς
3284 4007 3501 4075 δρόσου
3520 4002 3598 4057 κύ-

366 4093 612 4146 dicerunt
644 4108 662 4147 :
698 4092 830 4159 Quis
850 4092 1000 4146 dabit
1029 4093 1177 4148 nobis
1209 4094 1438 4147 carnes?
1482 4089 1842 4146 Recordamur

2099 4106 2180 4171 λῳ
2198 4102 2309 4171 τῆς
2340 4100 2744 4172 παρεμϐολῆς·
2783 4103 2881 4156 καὶ
2908 4101 3034 4156 ἰδοὺ
3049 4102 3145 4155 ἐπὶ
3170 4100 3490 4169 προσώπου
3515 4096 3599 4164 τῆς

367 4185 540 4238 scium
574 4200 703 4254 quos
732 4182 1130 4238 comedebamus
1156 4185 1213 4237 in
1238 4180 1471 4254 Egypte
1499 4183 1693 4255 gratis,
1720 4193 1768 4238 et
1793 4201 1867 4237 cui

2098 4193 2296 4263 unum),
2324 4193 2555 4248 ,λεπτὸν
2579 4193 2719 4247 ὡσεὶ
2751 4194 2977 4255 κόνιον.
3016 4192 3245 4248 λευκὸν
3270 4193 3414 4246 ὡσεί
3442 4188 3598 4260 πάγος

366 4292 534 4330 meres
555 4284 603 4329 et
632 4289 849 4344 pepones
874 4284 924 4329 et
945 4290 1131 4344 porros
1161 4285 1210 4329 et
1229 4290 1367 4344 cepe.
1394 4273 1553 4328 Nunc
1574 4284 1746 4329 autem
1770 4276 1866 4327 ani:

2098 4286 2152 4340 al
2180 4284 2289 4354 τῆς
2345 4286 2478 4356 γῆς.
2527 4285 2663 4340 Ἀλλ’
2693 4288 2880 4359 ἐπειδὴ
2922 4285 3061 4357 μετὰ
3102 4285 3277 4339 ταῦτα
3311 4285 3514 4358 εἴρηται
3555 4284 3598 4334 ὲν

365 4375 552 4419 ιιοςινα
578 4362 829 4434 pet-arida
880 4362 1086 4419 Deinde
1115 4364 1408 4436 subjicitur
1431 4366 1475 4396 ³⁰
1509 4384 1522 4419 :
1553 4364 1617 4418 Et
1644 4365 1777 4419 abiit
1803 4364 1856 4418 Μ

2097 4380 2124 4431 Λ
2135 4378 2218 4451 ριο
2227 4380 2555 4450 μοῖς-Καὶ
2571 4384 2604 4434 ό
2618 4380 2718 4434 ἐπί
2715 4397 2924 4450 μικτος
2945 4380 3015 4435 ἐν
3036 4382 3113 4433 αὐ
3121 4378 3242 4445 τοῖς
3255 4378 3597 4446 ἐπεθύμησεν

366 4471 448 4509 ses
480 4455 534 4508 in
558 4464 735 4509 castra
759 4455 867 4523 ipse
895 4464 942 4509 et
965 4456 1193 4509 seniores
1217 4453 1410 4509 Israel.
1438 4453 1504 4507 Et
1530 4456 1750 4526 spiritus
1776 4473 1865 4527 egr

2096 4468 2389 4537 πιθυμίαν,
2422 4468 2519 4522 καὶ
2533 4470 2890 4536 καθίσαντες
2916 4469 3141 4527 ἔκλαον
3168 4473 3219 4523 οὶ
3236 4469 3349 4523 vlol
3369 4464 3596 4535 Ἰσραὴλ,

369 4564 459 4603 sus
489 4557 567 4602 est
615 4566 649 4602 a
683 4547 933 4614 Domino,
964 4556 1014 4602 et
1061 4549 1237 4603 emisit
1273 4549 1594 4602 coturnicem
1631 4565 1662 4602 a
1709 4550 1864 4615 mari,

2095 4559 2152 4613 al
2174 4555 2372 4624 εἶπαν,
2411 4560 2504 4627 Τίς
2536 4562 2794 4631 ψωμίσει
2822 4561 2965 4631 ἡμῖν
2987 4560 3169 4629 κρέα;
3214 4559 3595 4631 Ἐμνήσθημετ

356 4641 547 4709 injecit
576 4640 633 4694 in
662 4650 843 4695 castra
872 4641 1058 4695 itinere
1083 4641 1240 4696 unius
1267 4642 1373 4696 diei
1408 4642 1463 4695 in
1486 4642 1709 4696 circuitu
1738 4652 1850 4696 cast

2093 4648 2193 4714 οὺς
2222 4650 2451 4718 ίχθύας,
2499 4649 2607 4716 οὓς
2642 4649 2935 4719 ήσθίομεν
2965 4649 3035 4703 ἐν
3065 4650 3343 4719 Αἰγύπτῳ
3382 4644 3593 4714 δωρεὰν,

364 4748 506 4795 rum,
537 4734 691 4802 quasi
717 4731 927 4799 duobus
966 4732 1155 4787 cubitis
1185 4748 1342 4803 super
1370 4743 1588 4789 terram.
1615 4733 1683 4788 Et
1726 4752 1864 4807 surge

2092 4740 2149 4793 al
2177 4739 2320 4807 τοὺς
2343 4740 2615 4807 σικυοὺς,
2632 4741 2730 4795 καὶ
2758 4741 2901 4808 τοὺς
2939 4740 3228 4807 πέπονας,
3251 4740 3351 4794 καὶ
3382 4740 3449 4794 τὰ
3479 4732 3592 4804 πρά-

363 4824 585 4894 populus
609 4833 716 4878 toto
740 4824 826 4878 die
851 4824 945 4879 illo
968 4834 1019 4880 et
1042 4836 1212 4888 nocte,
1235 4827 1566 4897 congregavit
1593 4828 1863 4897 unusquist

2093 4847 2151 4895 a,
2181 4832 2280 4886 καὶ
2309 4834 2383 4886 τὰ
2403 4834 2648 4902 κρόμυα.
2664 4832 2818 4887 Νυνὶ
2841 4833 2908 4886 δὲ
2934 4835 2971 4903 ἠ
2989 4832 3161 4903 ψυχὴ
3191 4832 3363 4903 ήμῶν
3375 4828 3592 4893 κατάξη-

364 4913 502 4984 qnod
529 4914 812 4992 sufficiebat
843 4931 862 4969 .'
897 4915 986 4986 qui
1032 4916 1278 4977 multum,
1324 4933 1428 4971 non
1455 4917 1864 4986 superabundaw

2092 4942 2166 4990 ος.
2195 4921 2328 4977 Εἶτα
2345 4924 2653 4994 ὲπιλέγεται
2687 4927 2839 4998 ἑξῆς’
2872 4927 2982 4981 Kal
3014 4925 3250 4995 ἀπῆλθε
3269 4921 3485 4990 Μωσῆς
3524 4921 3592 4984 εις

358 5014 412 5061 et
431 5006 520 5076 qui
548 5020 760 5074 parum,
778 5023 881 5060 non
907 5007 1152 5077 indiguit.
1171 5008 1275 5075 Qui
1305 5025 1515 5078 parum,
1535 5010 1739 5080 collegit
1766 5010 1857 5063 dec

2090 5017 2162 5086 ὴν
2190 5018 2595 5087 παρεμϐολὴν,
2633 5019 2816 5086 αὐτὸς
2854 5020 2953 5074 καὶ
3002 5022 3057 5073 οί
3102 5020 3478 5087 πρεσϐύτεροι
3504 5009 3590 5067 τοῦ

352 5115 534 5159 ,τοῖσι
560 5098 628 5152 Et
650 5099 863 5153 siccata:
895 5109 1016 5154 sunt
1042 5102 1096 5153 in
1114 5101 1251 5155 vasis
1287 5102 1339 5154 in
1372 5102 1595 5155 circuitu
1621 5113 1852 5156 castroru

2089 5109 2326 5178 ῐσραήλ.
2345 5110 2453 5165 Kal
2468 5112 2702 5181 πνεῦμα
2727 5112 2946 5181 ἐξῆλθε
2957 5111 3115 5182 παρὰ
3130 5114 3372 5182 Κυρίου,
3387 5109 3478 5165 καὶ
3489 5106 3589 5172 ἐξέ-

290 5240 294 5245 .
362 5207 480 5259 qua:
508 5191 730 5246 aderant
762 5207 968 5257 carnes,
1021 5203 1296 5263 antequam
1326 5193 1628 5264 deﬁcerent.
1652 5194 1722 5248 Et
1768 5196 1787 5249 i

2086 5208 2272 5268 ρασεν
2287 5201 2729 5272 όρτυγομήτραν
2741 5203 2859 5258 ἀπὸ
2877 5202 2986 5273 τῆς
3004 5202 3342 5271 θαλάσσης,
3375 5199 3466 5255 καὶ
3477 5194 3586 5251 ἐπέ-

361 5286 441 5331 est
473 5277 731 5335 Dominus
756 5295 775 5334 :
804 5290 855 5334 et
904 5290 1143 5335 vocatum
1181 5291 1260 5336 est
1297 5299 1483 5338 nomen
1515 5284 1615 5338 loci
1646 5283 1813 5349 illius,
1846 5285 1861 5339 Δ

2086 5295 2232 5346 αλεν
2257 5292 2352 5346 ἐπὶ
2378 5293 2493 5363 τὴν
2511 5294 2898 5364 παρεμϐολὴν
2907 5294 3050 5349 ὁδὸν
3079 5294 3324 5365 ἡμέρας,
3344 5291 3586 5348 ἐντεῦθεν

360 5369 548 5436 pulcra
588 5373 1043 5442 concupiscentia,
1066 5375 1193 5443 quia
1229 5375 1305 5428 ibi
1349 5376 1661 5445 sepelierunt
1689 5379 1860 5448 populi

2078 5383 2251 5448 εύκλῳ
2280 5382 2389 5453 τῆς
2416 5386 2794 5456 παρεμϐολῆς
2812 5386 2954 5441 ὡσεὶ
2969 5386 3195 5456 δίπηχυ
3222 5387 3336 5442 ἀπὸ
3352 5384 3457 5453 τῆς
3475 5381 3578 5453 ﬂc-

360 5463 449 5530 qui
495 5467 1272 5538 concupiverat;—-opportuue
1299 5468 1463 5540 igitur
1480 5470 1746 5535 clausula,
1774 5487 1860 5542 qu:

2078 5474 2155 5528 {al
2181 5475 2448 5543 ἀναστὰς
2472 5480 2505 5530 ό
2523 5477 2670 5543 λαὸς
2704 5478 2859 5546 ὅλην
2873 5476 2989 5546 τὴν
3007 5478 3234 5547 ἡμέραν
3263 5477 3487 5542 ἐκείνην
3501 5468 3578 5525 καὶ

364 5563 687 5621 tractamus,
719 5558 834 5614 haec
866 5557 1024 5615 docet
1046 5560 1134 5616 his
1170 5562 1353 5618 verbis
1385 5581 1397 5615 :
1434 5562 1655 5618 Cibaria
1684 5565 1831 5618 misit
1863 5602 1864 5610 η

2075 5566 2200 5632 ἴλην
2223 5565 2337 5635 τὴν
2362 5568 2574 5636 νύκτα,
2611 5569 2711 5624 καὶ
2753 5567 3099 5640 συνήγαγεν
3130 5570 3383 5636 ἕκαστος
3413 5568 3470 5621 τὸ
3493 5565 3575 5632 dp-

363 5646 433 5699 ad
460 5650 820 5716 saturitatem,
847 5659 902 5707 et
928 5662 1143 5709 cratera.
1176 5652 1346 5711 Docet
1366 5664 1550 5711 autem
1575 5657 1812 5713 volatilia
1845 5658 1859 5712 i

2075 5658 2223 5713 ιοῦν·
2258 5663 2291 5715 ό
2321 5659 2389 5714 τὸ
2414 5661 2572 5715 πολὺ
2599 5663 2708 5715 οὐκ
2739 5661 3098 5729 ἐπλεόνασε,
3127 5662 3286 5716 nr-“d
3317 5660 3376 5715 τὸ
3404 5658 3575 5724 ὀλίγον

434 5769 479 5843 τ’
501 5766 656 5819 Jonn.
691 5783 765 5828 Vl,
790 5768 878 5822 35.
956 5773 1000 5805 "
1035 5772 1260 5829 ibid.35.
1367 5777 1411 5807 "
1436 5775 1567 5832 ibid.
1599 5773 1793 5846 51,52.

365 5834 407 5867 ³ο
438 5835 567 5893 tbtd.
594 5838 683 5897 30.
714 5839 803 5894 54.

2066 5779 2142 5834 3d.
2175 5795 2287 5847 XVI,
2329 5778 2446 5837 6-8.
2552 5780 2774 5850 "ibidr.,
2811 5780 2896 5845 l5,
2937 5780 3092 5835 14-6.
3206 5778 3419 5835 "Num.
3444 5770 3566 5837 1ῃό-
