  <div class='ocr_page' id='page_1' title='image "/cluster/home/n/w/nwhite01/storage/ocr_20150623/23/mdp.39015078384396/468.png"; bbox 0 0 3798 6282; ppageno 0'>
   <div class='ocr_carea' id='block_1_1' title="bbox 110 355 1630 438">
    <p class='ocr_par' dir='ltr' id='par_1_1' title="bbox 110 362 1627 438">
     <span class='ocr_line' id='line_1_1' title="bbox 110 362 1627 438; baseline -0.012 -3"><span class='ocrx_word' id='word_1_1' title='bbox 110 383 191 438; x_wconf 69' lang='lat' dir='ltr'><strong><em>est</em></strong></span> <span class='ocrx_word' id='word_1_2' title='bbox 1169 362 1627 421; x_wconf 79' lang='lat' dir='ltr'><strong><em>COMMENTARI</em></strong></span> 
     </span>
    </p>
   </div>
   <div class='ocr_carea' id='block_1_2' title="bbox 1730 355 3331 438">
    <p class='ocr_par' dir='ltr' id='par_1_2' title="bbox 1730 355 3331 417">
     <span class='ocr_line' id='line_1_2' title="bbox 1730 355 3331 417; baseline -0.003 0"><span class='ocrx_word' id='word_1_3' title='bbox 1730 359 1785 417; x_wconf 76' lang='grc' dir='ltr'><strong><em>[Ν</em></strong></span> <span class='ocrx_word' id='word_1_4' title='bbox 1824 357 1951 416; x_wconf 84' lang='lat' dir='ltr'><strong><em>PSA</em></strong></span> <span class='ocrx_word' id='word_1_5' title='bbox 1960 357 2163 417; x_wconf 73' lang='grc' dir='ltr'><em>ωιοε.</em></span> <span class='ocrx_word' id='word_1_6' title='bbox 3220 355 3331 413; x_wconf 65' lang='grc' dir='ltr'><strong><em>θὶὶ</em></strong></span> 
     </span>
    </p>
   </div>
   <div class='ocr_carea' id='block_1_3' title="bbox 106 475 1630 562">
    <p class='ocr_par' dir='ltr' id='par_1_3' title="bbox 106 481 1630 562">
     <span class='ocr_line' id='line_1_3' title="bbox 106 481 1630 562; baseline -0.007 -13"><span class='ocrx_word' id='word_1_7' title='bbox 106 500 198 555; x_wconf 77' lang='grc' dir='ltr'><strong><em>οὐκ</em></strong></span> <span class='ocrx_word' id='word_1_8' title='bbox 214 487 603 562; x_wconf 75' lang='grc' dir='ltr'><strong><em>ἠλαττόνησεν</em></strong></span> <span class='ocrx_word' id='word_1_9' title='bbox 618 497 633 513; x_wconf 88' lang='grc'><strong>·</strong></span> <span class='ocrx_word' id='word_1_10' title='bbox 659 483 693 537; x_wconf 85' lang='grc' dir='ltr'><strong><em>ό</em></strong></span> <span class='ocrx_word' id='word_1_11' title='bbox 709 481 779 537; x_wconf 87' lang='grc' dir='ltr'><em>τὸ</em></span> <span class='ocrx_word' id='word_1_12' title='bbox 808 482 1345 555; x_wconf 60' lang='grc' dir='ltr'><em>όλίγονβυνήγαγε</em></span> <span class='ocrx_word' id='word_1_13' title='bbox 1368 485 1513 539; x_wconf 78' lang='grc' dir='ltr'><em>δέκα</em></span> <span class='ocrx_word' id='word_1_14' title='bbox 1536 487 1630 539; x_wconf 82' lang='grc' dir='ltr'><strong><em>κό-</em></strong></span> 
     </span>
    </p>
   </div>
   <div class='ocr_carea' id='block_1_4' title="bbox 1730 475 3329 562">
    <p class='ocr_par' dir='ltr' id='par_1_4' title="bbox 1735 475 3329 553">
     <span class='ocr_line' id='line_1_4' title="bbox 1735 475 3329 553; baseline -0.005 -15"><span class='ocrx_word' id='word_1_15' title='bbox 1735 493 1898 538; x_wconf 80' lang='lat' dir='ltr'><strong><em>vento</em></strong></span> <span class='ocrx_word' id='word_1_16' title='bbox 1914 482 2167 553; x_wconf 83' lang='lat' dir='ltr'><strong><em>impulsa,</em></strong></span> <span class='ocrx_word' id='word_1_17' title='bbox 2187 477 2437 548; x_wconf 65' lang='lat' dir='ltr'><strong><em>injcastra</em></strong></span> <span class='ocrx_word' id='word_1_18' title='bbox 2452 477 2620 534; x_wconf 86' lang='lat' dir='ltr'><strong><em>fuisse</em></strong></span> <span class='ocrx_word' id='word_1_19' title='bbox 2635 478 2831 535; x_wconf 84' lang='lat' dir='ltr'><strong><em>delata.</em></strong></span> <span class='ocrx_word' id='word_1_20' title='bbox 2851 475 3162 533; x_wconf 80' lang='lat' dir='ltr'><strong><em>Secundum</em></strong></span> <span class='ocrx_word' id='word_1_21' title='bbox 3176 476 3329 548; x_wconf 80' lang='lat' dir='ltr'><strong><em>Sym-</em></strong></span> 
     </span>
    </p>
   </div>
   <div class='ocr_carea' id='block_1_5' title="bbox 103 568 1630 663">
    <p class='ocr_par' dir='ltr' id='par_1_5' title="bbox 103 578 1630 663">
     <span class='ocr_line' id='line_1_5' title="bbox 103 578 1630 663; baseline -0.004 -24"><span class='ocrx_word' id='word_1_22' title='bbox 103 608 239 663; x_wconf 82' lang='grc' dir='ltr'><em>ρους.</em></span> <span class='ocrx_word' id='word_1_23' title='bbox 293 584 393 637; x_wconf 88' lang='lat' dir='ltr'><strong><em>Kal</em></strong></span> <span class='ocrx_word' id='word_1_24' title='bbox 444 579 670 648; x_wconf 67' lang='grc' dir='ltr'><em>ἔψυξεν</em></span> <span class='ocrx_word' id='word_1_25' title='bbox 700 578 770 631; x_wconf 83' lang='grc' dir='ltr'><strong><em>ἐν</em></strong></span> <span class='ocrx_word' id='word_1_26' title='bbox 799 578 921 644; x_wconf 80' lang='grc' dir='ltr'><em>τοῖς</em></span> <span class='ocrx_word' id='word_1_27' title='bbox 950 578 1256 647; x_wconf 66' lang='grc' dir='ltr'><em>ψυκτῆρσι</em></span> <span class='ocrx_word' id='word_1_28' title='bbox 1291 580 1495 642; x_wconf 71' lang='grc' dir='ltr'><em>κύκλῳ</em></span> <span class='ocrx_word' id='word_1_29' title='bbox 1529 578 1630 646; x_wconf 80' lang='grc' dir='ltr'><em>τῆς</em></span> 
     </span>
    </p>
   </div>
   <div class='ocr_carea' id='block_1_6' title="bbox 1730 568 3327 663">
    <p class='ocr_par' dir='ltr' id='par_1_6' title="bbox 1742 568 3327 636">
     <span class='ocr_line' id='line_1_6' title="bbox 1742 568 3327 636; baseline -0.004 -8"><span class='ocrx_word' id='word_1_30' title='bbox 1742 575 1997 629; x_wconf 88' lang='lat' dir='ltr'><strong><em>machum</em></strong></span> <span class='ocrx_word' id='word_1_31' title='bbox 2012 588 2139 628; x_wconf 90' lang='lat' dir='ltr'><strong><em>vero</em></strong></span> <span class='ocrx_word' id='word_1_32' title='bbox 2155 571 2359 626; x_wconf 88' lang='lat' dir='ltr'><strong><em>dicitur</em></strong></span> <span class='ocrx_word' id='word_1_33' title='bbox 2388 569 2523 636; x_wconf 84' lang='lat' dir='ltr'><strong><em>:Qui</em></strong></span> <span class='ocrx_word' id='word_1_34' title='bbox 2551 572 2671 624; x_wconf 84' lang='lat' dir='ltr'><strong><em>tulit</em></strong></span> <span class='ocrx_word' id='word_1_35' title='bbox 2695 568 2896 624; x_wconf 85' lang='lat' dir='ltr'><strong><em>Eurum</em></strong></span> <span class='ocrx_word' id='word_1_36' title='bbox 2914 569 2978 624; x_wconf 85' lang='lat' dir='ltr'><strong><em>de</em></strong></span> <span class='ocrx_word' id='word_1_37' title='bbox 2994 570 3141 633; x_wconf 68' lang='lat' dir='ltr'><strong><em>caelo,</em></strong></span> <span class='ocrx_word' id='word_1_38' title='bbox 3172 579 3218 623; x_wconf 76' lang='lat' dir='ltr'><strong><em>et</em></strong></span> <span class='ocrx_word' id='word_1_39' title='bbox 3242 571 3327 622; x_wconf 85' lang='lat' dir='ltr'><strong><em>iu-</em></strong></span> 
     </span>
    </p>
   </div>
   <div class='ocr_carea' id='block_1_7' title="bbox 107 661 1630 749">
    <p class='ocr_par' dir='ltr' id='par_1_7' title="bbox 107 661 1630 749">
     <span class='ocr_line' id='line_1_7' title="bbox 107 661 1630 749; baseline -0.008 -14"><span class='ocrx_word' id='word_1_40' title='bbox 107 661 444 749; x_wconf 68' lang='grc' dir='ltr'><em>παρεμὸολῆς</em></span> <span class='ocrx_word' id='word_1_41' title='bbox 485 668 554 723; x_wconf 88' lang='grc' dir='ltr'><em>τὰ</em></span> <span class='ocrx_word' id='word_1_42' title='bbox 577 668 721 738; x_wconf 82' lang='grc' dir='ltr'><em>κρέα</em></span> <span class='ocrx_word' id='word_1_43' title='bbox 760 666 841 739; x_wconf 79' lang='grc' dir='ltr'><strong><em>ἦν</em></strong></span> <span class='ocrx_word' id='word_1_44' title='bbox 874 670 1005 737; x_wconf 65' lang='grc' dir='ltr'><em>πρὶν</em></span> <span class='ocrx_word' id='word_1_45' title='bbox 1044 670 1083 737; x_wconf 79' lang='grc' dir='ltr'><strong>ἢ</strong></span> <span class='ocrx_word' id='word_1_46' title='bbox 1111 670 1381 724; x_wconf 73' lang='grc' dir='ltr'><strong><em>ἐκλιπεῖν</em></strong></span> <span class='ocrx_word' id='word_1_47' title='bbox 1409 670 1507 741; x_wconf 80' lang='grc'><strong><em>(1).</em></strong></span> <span class='ocrx_word' id='word_1_48' title='bbox 1532 669 1630 723; x_wconf 79' lang='lat' dir='ltr'><strong><em>Kal</em></strong></span> 
     </span>
    </p>
   </div>
   <div class='ocr_carea' id='block_1_8' title="bbox 1730 661 3324 749">
    <p class='ocr_par' dir='ltr' id='par_1_8' title="bbox 1739 661 3324 732">
     <span class='ocr_line' id='line_1_8' title="bbox 1739 661 3324 732; baseline -0.001 -14"><span class='ocrx_word' id='word_1_49' title='bbox 1739 666 1893 719; x_wconf 75' lang='lat' dir='ltr'><strong><em>duxit</em></strong></span> <span class='ocrx_word' id='word_1_50' title='bbox 1942 666 1997 717; x_wconf 90' lang='lat' dir='ltr'><strong><em>in</em></strong></span> <span class='ocrx_word' id='word_1_51' title='bbox 2028 665 2218 718; x_wconf 87' lang='lat' dir='ltr'><strong><em>virtute</em></strong></span> <span class='ocrx_word' id='word_1_52' title='bbox 2266 679 2364 716; x_wconf 89' lang='lat' dir='ltr'><strong><em>sua</em></strong></span> <span class='ocrx_word' id='word_1_53' title='bbox 2410 661 2634 727; x_wconf 85' lang='lat' dir='ltr'><strong><em>Notum,</em></strong></span> <span class='ocrx_word' id='word_1_54' title='bbox 2670 663 2824 732; x_wconf 86' lang='lat' dir='ltr'><strong><em>quasi</em></strong></span> <span class='ocrx_word' id='word_1_55' title='bbox 2850 680 3063 717; x_wconf 88' lang='lat' dir='ltr'><strong><em>arenam</em></strong></span> <span class='ocrx_word' id='word_1_56' title='bbox 3097 664 3324 716; x_wconf 68' lang='lat' dir='ltr'><strong><em>iniurium</em></strong></span> 
     </span>
    </p>
   </div>
   <div class='ocr_carea' id='block_1_9' title="bbox 108 756 1630 839">
    <p class='ocr_par' dir='ltr' id='par_1_9' title="bbox 108 758 1630 839">
     <span class='ocr_line' id='line_1_9' title="bbox 108 758 1630 839; baseline -0.003 -22"><span class='ocrx_word' id='word_1_57' title='bbox 108 771 333 839; x_wconf 67' lang='grc' dir='ltr'><em>ὠργίσθη</em></span> <span class='ocrx_word' id='word_1_58' title='bbox 362 764 590 829; x_wconf 78' lang='grc' dir='ltr'><em>Κύριος.</em></span> <span class='ocrx_word' id='word_1_59' title='bbox 622 760 727 813; x_wconf 84' lang='lat' dir='ltr'><strong><em>Kal</em></strong></span> <span class='ocrx_word' id='word_1_60' title='bbox 757 758 983 829; x_wconf 69' lang='grc' dir='ltr'><em>ἐκλήθη</em></span> <span class='ocrx_word' id='word_1_61' title='bbox 1018 758 1084 813; x_wconf 86' lang='grc' dir='ltr'><em>τὸ</em></span> <span class='ocrx_word' id='word_1_62' title='bbox 1114 759 1298 829; x_wconf 81' lang='grc' dir='ltr'><em>ὄνομα</em></span> <span class='ocrx_word' id='word_1_63' title='bbox 1332 760 1438 813; x_wconf 89' lang='grc' dir='ltr'><strong><em>τοῦ</em></strong></span> <span class='ocrx_word' id='word_1_64' title='bbox 1457 760 1630 814; x_wconf 76' lang='grc' dir='ltr'><em>τόποι</em></span> 
     </span>
    </p>
   </div>
   <div class='ocr_carea' id='block_1_10' title="bbox 1730 756 3321 839">
    <p class='ocr_par' dir='ltr' id='par_1_10' title="bbox 1741 756 3321 828">
     <span class='ocr_line' id='line_1_10' title="bbox 1741 756 3321 828; baseline -0.003 -14"><span class='ocrx_word' id='word_1_65' title='bbox 1741 759 1981 815; x_wconf 76' lang='lat' dir='ltr'><strong><em>volatilia</em></strong></span> <span class='ocrx_word' id='word_1_66' title='bbox 2022 768 2273 828; x_wconf 82' lang='lat' dir='ltr'><strong><em>pennata.</em></strong></span> <span class='ocrx_word' id='word_1_67' title='bbox 2312 757 2381 811; x_wconf 86' lang='lat' dir='ltr'><strong><em>Et</em></strong></span> <span class='ocrx_word' id='word_1_68' title='bbox 2411 758 2586 826; x_wconf 85' lang='lat' dir='ltr'><strong><em>injecit</em></strong></span> <span class='ocrx_word' id='word_1_69' title='bbox 2634 756 2774 810; x_wconf 88' lang='lat' dir='ltr'><strong><em>intus</em></strong></span> <span class='ocrx_word' id='word_1_70' title='bbox 2806 757 2859 809; x_wconf 88' lang='lat' dir='ltr'><strong><em>in</em></strong></span> <span class='ocrx_word' id='word_1_71' title='bbox 2889 766 3070 811; x_wconf 88' lang='lat' dir='ltr'><strong><em>castra</em></strong></span> <span class='ocrx_word' id='word_1_72' title='bbox 3120 774 3321 821; x_wconf 87' lang='lat' dir='ltr'><strong><em>eorum,</em></strong></span> 
     </span>
    </p>
   </div>
   <div class='ocr_carea' id='block_1_11' title="bbox 102 848 1630 923">
    <p class='ocr_par' dir='ltr' id='par_1_11' title="bbox 102 851 1630 923">
     <span class='ocr_line' id='line_1_11' title="bbox 102 851 1630 923; baseline -0.011 -6"><span class='ocrx_word' id='word_1_73' title='bbox 102 863 321 921; x_wconf 75' lang='grc' dir='ltr'><em>ἐκείνου,</em></span> <span class='ocrx_word' id='word_1_74' title='bbox 353 854 638 922; x_wconf 66' lang='grc' dir='ltr'><em>Μινὴματα</em></span> <span class='ocrx_word' id='word_1_75' title='bbox 656 855 991 923; x_wconf 76' lang='grc' dir='ltr'><strong><em>ἐπιθυμίας,</em></strong></span> <span class='ocrx_word' id='word_1_76' title='bbox 1021 851 1496 921; x_wconf 60' lang='grc' dir='ltr'><em>ὄτιέκεῐέθαψαν</em></span> <span class='ocrx_word' id='word_1_77' title='bbox 1535 851 1630 905; x_wconf 67' lang='grc' dir='ltr'><em>τὸν</em></span> 
     </span>
    </p>
   </div>
   <div class='ocr_carea' id='block_1_12' title="bbox 1730 848 3324 923">
    <p class='ocr_par' dir='ltr' id='par_1_12' title="bbox 1739 848 3324 907">
     <span class='ocr_line' id='line_1_12' title="bbox 1739 848 3324 907; baseline -0.002 0"><span class='ocrx_word' id='word_1_78' title='bbox 1739 853 1795 907; x_wconf 88' lang='lat' dir='ltr'><strong><em>in</em></strong></span> <span class='ocrx_word' id='word_1_79' title='bbox 1826 852 2048 906; x_wconf 79' lang='lat' dir='ltr'><strong><em>circuitu</em></strong></span> <span class='ocrx_word' id='word_1_80' title='bbox 2086 851 2567 906; x_wconf 86' lang='lat' dir='ltr'><strong><em>tabernaculorum.</em></strong></span> <span class='ocrx_word' id='word_1_81' title='bbox 2596 848 2663 903; x_wconf 85' lang='lat' dir='ltr'><strong><em>Et</em></strong></span> <span class='ocrx_word' id='word_1_82' title='bbox 2686 848 3062 905; x_wconf 85' lang='lat' dir='ltr'><strong><em>manducantes</em></strong></span> <span class='ocrx_word' id='word_1_83' title='bbox 3094 852 3324 905; x_wconf 82' lang='lat' dir='ltr'><strong><em>saturati</em></strong></span> 
     </span>
    </p>
   </div>
   <div class='ocr_carea' id='block_1_13' title="bbox 100 939 1630 1016">
    <p class='ocr_par' dir='ltr' id='par_1_13' title="bbox 100 939 1630 1016">
     <span class='ocr_line' id='line_1_13' title="bbox 100 939 1630 1016; baseline -0.006 -11"><span class='ocrx_word' id='word_1_84' title='bbox 100 954 228 1006; x_wconf 65' lang='grc' dir='ltr'><em>λαόν</em></span> <span class='ocrx_word' id='word_1_85' title='bbox 252 949 348 1003; x_wconf 63' lang='grc' dir='ltr'><strong><em>τδν</em></strong></span> <span class='ocrx_word' id='word_1_86' title='bbox 373 944 1058 1014; x_wconf 62' lang='grc' dir='ltr'><em>ἐπιθυμητήν-εἰκότως</em></span> <span class='ocrx_word' id='word_1_87' title='bbox 1089 939 1181 997; x_wconf 83' lang='grc' dir='ltr'><em>οὖν</em></span> <span class='ocrx_word' id='word_1_88' title='bbox 1198 945 1292 998; x_wconf 70' lang='grc' dir='ltr'><strong><em>καὶ</em></strong></span> <span class='ocrx_word' id='word_1_89' title='bbox 1321 945 1353 1016; x_wconf 87' lang='grc' dir='ltr'>ἠ</span> <span class='ocrx_word' id='word_1_90' title='bbox 1380 943 1518 1015; x_wconf 84' lang='grc' dir='ltr'><em>μετὰ</em></span> <span class='ocrx_word' id='word_1_91' title='bbox 1542 945 1630 1014; x_wconf 83' lang='grc' dir='ltr'><em>χεῖ-</em></span> 
     </span>
    </p>
   </div>
   <div class='ocr_carea' id='block_1_14' title="bbox 1730 939 3324 1016">
    <p class='ocr_par' dir='ltr' id='par_1_14' title="bbox 1740 940 3324 1011">
     <span class='ocr_line' id='line_1_14' title="bbox 1740 940 3324 1011; baseline -0.002 -13"><span class='ocrx_word' id='word_1_92' title='bbox 1740 954 1863 999; x_wconf 83' lang='lat' dir='ltr'><strong><em>sunt</em></strong></span> <span class='ocrx_word' id='word_1_93' title='bbox 1885 942 2035 998; x_wconf 91' lang='lat' dir='ltr'><strong><em>valde</em></strong></span> <span class='ocrx_word' id='word_1_94' title='bbox 2063 959 2079 995; x_wconf 89' lang='lat'><strong><em>:</em></strong></span> <span class='ocrx_word' id='word_1_95' title='bbox 2105 953 2155 997; x_wconf 91' lang='lat' dir='ltr'><strong><em>et</em></strong></span> <span class='ocrx_word' id='word_1_96' title='bbox 2177 941 2650 1011; x_wconf 76' lang='lat' dir='ltr'><strong><em>concupiscentiam</em></strong></span> <span class='ocrx_word' id='word_1_97' title='bbox 2678 956 2859 995; x_wconf 88' lang='lat' dir='ltr'><strong><em>eorum</em></strong></span> <span class='ocrx_word' id='word_1_98' title='bbox 2887 940 3067 994; x_wconf 87' lang='lat' dir='ltr'><strong><em>attulit</em></strong></span> <span class='ocrx_word' id='word_1_99' title='bbox 3092 942 3188 1004; x_wconf 86' lang='lat' dir='ltr'><strong><em>eis,</em></strong></span> <span class='ocrx_word' id='word_1_100' title='bbox 3220 958 3324 995; x_wconf 88' lang='lat' dir='ltr'><strong><em>non</em></strong></span> 
     </span>
    </p>
   </div>
   <div class='ocr_carea' id='block_1_15' title="bbox 105 1031 1630 1115">
    <p class='ocr_par' dir='ltr' id='par_1_15' title="bbox 105 1035 1630 1115">
     <span class='ocr_line' id='line_1_15' title="bbox 105 1035 1630 1115; baseline -0.007 -17"><span class='ocrx_word' id='word_1_101' title='bbox 105 1061 183 1115; x_wconf 72' lang='grc' dir='ltr'><strong><em>ρας</em></strong></span> <span class='ocrx_word' id='word_1_102' title='bbox 229 1038 485 1111; x_wconf 80' lang='grc' dir='ltr'><em>περικοπὴ</em></span> <span class='ocrx_word' id='word_1_103' title='bbox 555 1036 793 1091; x_wconf 84' lang='grc' dir='ltr'><strong><em>διδάσκει</em></strong></span> <span class='ocrx_word' id='word_1_104' title='bbox 852 1035 1025 1089; x_wconf 86' lang='grc' dir='ltr'><em>ταῦτα</em></span> <span class='ocrx_word' id='word_1_105' title='bbox 1091 1035 1356 1105; x_wconf 80' lang='grc' dir='ltr'><strong><em>λέγουσα·</em></strong></span> <span class='ocrx_word' id='word_1_106' title='bbox 1427 1036 1630 1088; x_wconf 85' lang='grc' dir='ltr'><em>Ἐπισι·</em></span> 
     </span>
    </p>
   </div>
   <div class='ocr_carea' id='block_1_16' title="bbox 1730 1031 3324 1115">
    <p class='ocr_par' dir='ltr' id='par_1_16' title="bbox 1741 1031 3324 1104">
     <span class='ocr_line' id='line_1_16' title="bbox 1741 1031 3324 1104; baseline -0.001 -13"><span class='ocrx_word' id='word_1_107' title='bbox 1741 1036 2053 1091; x_wconf 85' lang='lat' dir='ltr'><strong><em>abstiterunt</em></strong></span> <span class='ocrx_word' id='word_1_108' title='bbox 2096 1054 2129 1089; x_wconf 93' lang='lat' dir='ltr'><strong><em>a</em></strong></span> <span class='ocrx_word' id='word_1_109' title='bbox 2183 1035 2603 1104; x_wconf 74' lang='lat' dir='ltr'><strong><em>concupiscentia</em></strong></span> <span class='ocrx_word' id='word_1_110' title='bbox 2650 1050 2769 1088; x_wconf 87' lang='lat' dir='ltr'><strong><em>sua.</em></strong></span> <span class='ocrx_word' id='word_1_111' title='bbox 2804 1031 2938 1089; x_wconf 86' lang='lat' dir='ltr'><strong><em>Cum</em></strong></span> <span class='ocrx_word' id='word_1_112' title='bbox 2989 1034 3159 1088; x_wconf 82' lang='lat' dir='ltr'><strong><em>adhuc</em></strong></span> <span class='ocrx_word' id='word_1_113' title='bbox 3203 1051 3324 1090; x_wconf 86' lang='lat' dir='ltr'><strong><em>esca</em></strong></span> 
     </span>
    </p>
   </div>
   <div class='ocr_carea' id='block_1_17' title="bbox 102 1125 1630 1203">
    <p class='ocr_par' dir='ltr' id='par_1_17' title="bbox 102 1126 1630 1203">
     <span class='ocr_line' id='line_1_17' title="bbox 102 1126 1630 1203; baseline -0.004 -16"><span class='ocrx_word' id='word_1_114' title='bbox 102 1132 280 1203; x_wconf 79' lang='grc' dir='ltr'><em>τισμύν</em></span> <span class='ocrx_word' id='word_1_115' title='bbox 303 1129 655 1186; x_wconf 80' lang='grc' dir='ltr'><em>ἀπέστειλεν</em></span> <span class='ocrx_word' id='word_1_116' title='bbox 688 1128 893 1195; x_wconf 82' lang='grc' dir='ltr'><em>αὐτοῖς</em></span> <span class='ocrx_word' id='word_1_117' title='bbox 914 1130 1001 1194; x_wconf 81' lang='grc' dir='ltr'><strong><em>εις</em></strong></span> <span class='ocrx_word' id='word_1_118' title='bbox 1033 1126 1427 1197; x_wconf 79' lang='grc' dir='ltr'><em>πλησμονὴν,</em></span> <span class='ocrx_word' id='word_1_119' title='bbox 1462 1128 1556 1182; x_wconf 74' lang='grc' dir='ltr'><em>καὶ</em></span> <span class='ocrx_word' id='word_1_120' title='bbox 1576 1127 1630 1181; x_wconf 75' lang='grc' dir='ltr'><strong><em>τὰ</em></strong></span> 
     </span>
    </p>
   </div>
   <div class='ocr_carea' id='block_1_18' title="bbox 1730 1125 3325 1203">
    <p class='ocr_par' dir='ltr' id='par_1_18' title="bbox 1740 1125 3325 1197">
     <span class='ocr_line' id='line_1_18' title="bbox 1740 1125 3325 1197; baseline -0.003 -12"><span class='ocrx_word' id='word_1_121' title='bbox 1740 1147 1919 1185; x_wconf 87' lang='lat' dir='ltr'><strong><em>eorum</em></strong></span> <span class='ocrx_word' id='word_1_122' title='bbox 1942 1138 2074 1184; x_wconf 84' lang='lat' dir='ltr'><strong><em>esset</em></strong></span> <span class='ocrx_word' id='word_1_123' title='bbox 2109 1146 2160 1182; x_wconf 85' lang='grc' dir='ltr'><strong><em>ιη</em></strong></span> <span class='ocrx_word' id='word_1_124' title='bbox 2192 1128 2432 1182; x_wconf 76' lang='lat' dir='ltr'><strong><em>dentibus</em></strong></span> <span class='ocrx_word' id='word_1_125' title='bbox 2464 1145 2668 1193; x_wconf 87' lang='lat' dir='ltr'><strong><em>eorum,</em></strong></span> <span class='ocrx_word' id='word_1_126' title='bbox 2692 1127 2775 1180; x_wconf 88' lang='lat' dir='ltr'><strong><em>ira</em></strong></span> <span class='ocrx_word' id='word_1_127' title='bbox 2811 1126 2975 1197; x_wconf 87' lang='lat' dir='ltr'><strong><em>igitur</em></strong></span> <span class='ocrx_word' id='word_1_128' title='bbox 3003 1125 3101 1180; x_wconf 89' lang='lat' dir='ltr'><strong><em>Dei</em></strong></span> <span class='ocrx_word' id='word_1_129' title='bbox 3130 1127 3325 1181; x_wconf 82' lang='lat' dir='ltr'><strong><em>invasit</em></strong></span> 
     </span>
    </p>
   </div>
   <div class='ocr_carea' id='block_1_19' title="bbox 99 1217 1630 1294">
    <p class='ocr_par' dir='ltr' id='par_1_19' title="bbox 99 1220 1630 1294">
     <span class='ocr_line' id='line_1_19' title="bbox 99 1220 1630 1294; baseline -0.001 -16"><span class='ocrx_word' id='word_1_130' title='bbox 99 1226 219 1294; x_wconf 73' lang='grc' dir='ltr'><em>ἑξῆς.</em></span> <span class='ocrx_word' id='word_1_131' title='bbox 272 1221 622 1284; x_wconf 77' lang='grc' dir='ltr'><em>Διδάσκειοδὲ,</em></span> <span class='ocrx_word' id='word_1_132' title='bbox 655 1221 730 1285; x_wconf 88' lang='grc' dir='ltr'><em>ὡς</em></span> <span class='ocrx_word' id='word_1_133' title='bbox 756 1220 865 1293; x_wconf 75' lang='grc' dir='ltr'><em>ἄρα</em></span> <span class='ocrx_word' id='word_1_134' title='bbox 911 1221 1000 1273; x_wconf 83' lang='grc' dir='ltr'><strong><em>ὑπ’</em></strong></span> <span class='ocrx_word' id='word_1_135' title='bbox 1032 1220 1251 1292; x_wconf 84' lang='grc' dir='ltr'><em>ἀνέμων</em></span> <span class='ocrx_word' id='word_1_136' title='bbox 1308 1222 1630 1293; x_wconf 77' lang='grc' dir='ltr'><strong><em>ἐλαυνόμενα</em></strong></span> 
     </span>
    </p>
   </div>
   <div class='ocr_carea' id='block_1_20' title="bbox 1730 1217 3323 1294">
    <p class='ocr_par' dir='ltr' id='par_1_20' title="bbox 1739 1217 3323 1289">
     <span class='ocr_line' id='line_1_20' title="bbox 1739 1217 3323 1289; baseline -0.002 -14"><span class='ocrx_word' id='word_1_137' title='bbox 1739 1221 1883 1289; x_wconf 84' lang='lat' dir='ltr'><strong><em>illos,</em></strong></span> <span class='ocrx_word' id='word_1_138' title='bbox 1916 1230 1965 1275; x_wconf 92' lang='lat' dir='ltr'><strong><em>et</em></strong></span> <span class='ocrx_word' id='word_1_139' title='bbox 1998 1219 2192 1273; x_wconf 86' lang='lat' dir='ltr'><strong><em>occidit</em></strong></span> <span class='ocrx_word' id='word_1_140' title='bbox 2221 1220 2521 1289; x_wconf 84' lang='lat' dir='ltr'><strong><em>pinguiores</em></strong></span> <span class='ocrx_word' id='word_1_141' title='bbox 2549 1235 2751 1283; x_wconf 86' lang='lat' dir='ltr'><strong><em>eorum,</em></strong></span> <span class='ocrx_word' id='word_1_142' title='bbox 2775 1229 2823 1272; x_wconf 86' lang='lat' dir='ltr'><strong><em>et</em></strong></span> <span class='ocrx_word' id='word_1_143' title='bbox 2838 1217 3081 1286; x_wconf 86' lang='lat' dir='ltr'><strong><em>juniores</em></strong></span> <span class='ocrx_word' id='word_1_144' title='bbox 3104 1217 3323 1273; x_wconf 77' lang='lat' dir='ltr'><strong><em>lsraelis</em></strong></span> 
     </span>
    </p>
   </div>
   <div class='ocr_carea' id='block_1_21' title="bbox 98 1309 1630 1384">
    <p class='ocr_par' dir='ltr' id='par_1_21' title="bbox 98 1311 1630 1384">
     <span class='ocr_line' id='line_1_21' title="bbox 98 1311 1630 1384; baseline -0.001 -16"><span class='ocrx_word' id='word_1_145' title='bbox 98 1316 151 1368; x_wconf 71' lang='grc' dir='ltr'><strong><em>τὰ</em></strong></span> <span class='ocrx_word' id='word_1_146' title='bbox 179 1314 335 1384; x_wconf 84' lang='grc' dir='ltr'><em>πτηνά</em></span> <span class='ocrx_word' id='word_1_147' title='bbox 368 1311 697 1383; x_wconf 75' lang='grc' dir='ltr'><strong><em>κατεφέρετο</em></strong></span> <span class='ocrx_word' id='word_1_148' title='bbox 723 1313 803 1374; x_wconf 81' lang='grc' dir='ltr'><em>εἰς</em></span> <span class='ocrx_word' id='word_1_149' title='bbox 823 1311 922 1383; x_wconf 84' lang='grc' dir='ltr'><em>τὴν</em></span> <span class='ocrx_word' id='word_1_150' title='bbox 950 1312 1323 1383; x_wconf 75' lang='grc' dir='ltr'><em>παρεμϐολήν.</em></span> <span class='ocrx_word' id='word_1_151' title='bbox 1357 1314 1467 1366; x_wconf 73' lang='grc' dir='ltr'><strong><em>Καὶ</em></strong></span> <span class='ocrx_word' id='word_1_152' title='bbox 1501 1314 1630 1367; x_wconf 84' lang='grc' dir='ltr'><strong><em>κατᾶ</em></strong></span> 
     </span>
    </p>
   </div>
   <div class='ocr_carea' id='block_1_22' title="bbox 1730 1309 3325 1384">
    <p class='ocr_par' dir='ltr' id='par_1_22' title="bbox 1741 1309 3325 1384">
     <span class='ocr_line' id='line_1_22' title="bbox 1741 1309 3325 1384; baseline -0.002 -17"><span class='ocrx_word' id='word_1_153' title='bbox 1741 1316 2049 1382; x_wconf 78' lang='lat' dir='ltr'><strong><em>prostravit.</em></strong></span> <span class='ocrx_word' id='word_1_154' title='bbox 2083 1311 2209 1368; x_wconf 62' lang='lat' dir='ltr'><strong><em>Haec</em></strong></span> <span class='ocrx_word' id='word_1_155' title='bbox 2230 1329 2393 1383; x_wconf 89' lang='lat' dir='ltr'><strong><em>porro</em></strong></span> <span class='ocrx_word' id='word_1_156' title='bbox 2417 1314 2541 1382; x_wconf 84' lang='lat' dir='ltr'><strong><em>jure</em></strong></span> <span class='ocrx_word' id='word_1_157' title='bbox 2573 1314 2722 1384; x_wconf 82' lang='lat' dir='ltr'><strong><em>passi</em></strong></span> <span class='ocrx_word' id='word_1_158' title='bbox 2744 1320 2893 1367; x_wconf 89' lang='lat' dir='ltr'><strong><em>sunt.</em></strong></span> <span class='ocrx_word' id='word_1_159' title='bbox 2924 1309 3059 1365; x_wconf 84' lang='lat' dir='ltr'><strong><em>Nam</em></strong></span> <span class='ocrx_word' id='word_1_160' title='bbox 3095 1312 3186 1365; x_wconf 85' lang='lat' dir='ltr'><strong><em>ille</em></strong></span> <span class='ocrx_word' id='word_1_161' title='bbox 3209 1312 3325 1381; x_wconf 88' lang='lat' dir='ltr'><strong><em>qui-</em></strong></span> 
     </span>
    </p>
   </div>
   <div class='ocr_carea' id='block_1_23' title="bbox 96 1400 1630 1477">
    <p class='ocr_par' dir='ltr' id='par_1_23' title="bbox 96 1400 1630 1476">
     <span class='ocr_line' id='line_1_23' title="bbox 96 1400 1630 1476; baseline 0.001 -18"><span class='ocrx_word' id='word_1_162' title='bbox 96 1406 168 1458; x_wconf 84' lang='grc' dir='ltr'><strong><em>τὸν</em></strong></span> <span class='ocrx_word' id='word_1_163' title='bbox 189 1407 461 1475; x_wconf 76' lang='grc' dir='ltr'><strong><em>Σύμμαχον</em></strong></span> <span class='ocrx_word' id='word_1_164' title='bbox 496 1404 555 1457; x_wconf 84' lang='grc' dir='ltr'><em>δὲ</em></span> <span class='ocrx_word' id='word_1_165' title='bbox 598 1403 841 1476; x_wconf 80' lang='grc' dir='ltr'><em>εἴρηταιο</em></span> <span class='ocrx_word' id='word_1_166' title='bbox 882 1406 985 1469; x_wconf 86' lang='grc' dir='ltr'><strong><em>ὐς</em></strong></span> <span class='ocrx_word' id='word_1_167' title='bbox 1030 1400 1179 1473; x_wconf 86' lang='grc' dir='ltr'><em>ἦρεν</em></span> <span class='ocrx_word' id='word_1_168' title='bbox 1206 1401 1405 1472; x_wconf 82' lang='grc' dir='ltr'><strong><em>Εὗρον</em></strong></span> <span class='ocrx_word' id='word_1_169' title='bbox 1445 1405 1515 1469; x_wconf 77' lang='grc' dir='ltr'><strong><em>ἐξ</em></strong></span> <span class='ocrx_word' id='word_1_170' title='bbox 1544 1408 1630 1460; x_wconf 73' lang='grc' dir='ltr'><strong><em>οὐε</em></strong></span> 
     </span>
    </p>
   </div>
   <div class='ocr_carea' id='block_1_24' title="bbox 1730 1400 3325 1477">
    <p class='ocr_par' dir='ltr' id='par_1_24' title="bbox 1743 1402 3325 1477">
     <span class='ocr_line' id='line_1_24' title="bbox 1743 1402 3325 1477; baseline -0.002 -16"><span class='ocrx_word' id='word_1_171' title='bbox 1743 1406 1865 1461; x_wconf 89' lang='lat' dir='ltr'><strong><em>dem</em></strong></span> <span class='ocrx_word' id='word_1_172' title='bbox 1900 1406 1967 1459; x_wconf 88' lang='lat' dir='ltr'><strong><em>ad</em></strong></span> <span class='ocrx_word' id='word_1_173' title='bbox 1995 1407 2247 1477; x_wconf 70' lang='lat' dir='ltr'><strong><em>potentia:</em></strong></span> <span class='ocrx_word' id='word_1_174' title='bbox 2277 1421 2391 1461; x_wconf 66' lang='lat' dir='ltr'><strong><em>sua:</em></strong></span> <span class='ocrx_word' id='word_1_175' title='bbox 2418 1406 2683 1459; x_wconf 88' lang='lat' dir='ltr'><strong><em>indicium</em></strong></span> <span class='ocrx_word' id='word_1_176' title='bbox 2713 1402 3036 1458; x_wconf 80' lang='lat' dir='ltr'><strong><em>mirabiliter</em></strong></span> <span class='ocrx_word' id='word_1_177' title='bbox 3069 1404 3158 1458; x_wconf 86' lang='lat' dir='ltr'><strong><em>illa</em></strong></span> <span class='ocrx_word' id='word_1_178' title='bbox 3194 1420 3325 1474; x_wconf 78' lang='lat' dir='ltr'><strong><em>sup-</em></strong></span> 
     </span>
    </p>
   </div>
   <div class='ocr_carea' id='block_1_25' title="bbox 92 1494 1630 1567">
    <p class='ocr_par' dir='ltr' id='par_1_25' title="bbox 92 1494 1630 1567">
     <span class='ocr_line' id='line_1_25' title="bbox 92 1494 1630 1567; baseline 0 -16"><span class='ocrx_word' id='word_1_179' title='bbox 92 1497 267 1565; x_wconf 82' lang='grc' dir='ltr'><em>ρανοῦ,</em></span> <span class='ocrx_word' id='word_1_180' title='bbox 293 1496 381 1549; x_wconf 79' lang='grc' dir='ltr'><em>καὶ</em></span> <span class='ocrx_word' id='word_1_181' title='bbox 410 1495 712 1567; x_wconf 72' lang='grc' dir='ltr'><strong><em>ἐπήγαγεν</em></strong></span> <span class='ocrx_word' id='word_1_182' title='bbox 740 1496 811 1548; x_wconf 80' lang='grc' dir='ltr'><strong><em>ὲν</em></strong></span> <span class='ocrx_word' id='word_1_183' title='bbox 848 1494 922 1565; x_wconf 79' lang='grc' dir='ltr'><em>τῇ</em></span> <span class='ocrx_word' id='word_1_184' title='bbox 960 1496 1287 1562; x_wconf 79' lang='grc' dir='ltr'><strong><em>δυναστείᾳ</em></strong></span> <span class='ocrx_word' id='word_1_185' title='bbox 1326 1498 1512 1553; x_wconf 83' lang='grc' dir='ltr'><em>αὐτοῦ</em></span> <span class='ocrx_word' id='word_1_186' title='bbox 1541 1499 1630 1551; x_wconf 80' lang='grc' dir='ltr'><strong><em>Νό</em></strong></span> 
     </span>
    </p>
   </div>
   <div class='ocr_carea' id='block_1_26' title="bbox 1730 1494 3325 1567">
    <p class='ocr_par' dir='ltr' id='par_1_26' title="bbox 1743 1496 3325 1567">
     <span class='ocr_line' id='line_1_26' title="bbox 1743 1496 3325 1567; baseline -0.002 -16"><span class='ocrx_word' id='word_1_187' title='bbox 1743 1497 2005 1567; x_wconf 87' lang='lat' dir='ltr'><strong><em>peditavit</em></strong></span> <span class='ocrx_word' id='word_1_188' title='bbox 2025 1514 2041 1565; x_wconf 86' lang='lat'><strong><em>_:</em></strong></span> <span class='ocrx_word' id='word_1_189' title='bbox 2065 1496 2168 1565; x_wconf 87' lang='lat' dir='ltr'><strong><em>ipsi</em></strong></span> <span class='ocrx_word' id='word_1_190' title='bbox 2195 1512 2323 1552; x_wconf 89' lang='lat' dir='ltr'><strong><em>vero</em></strong></span> <span class='ocrx_word' id='word_1_191' title='bbox 2344 1496 2684 1551; x_wconf 88' lang='lat' dir='ltr'><strong><em>insaturabili</em></strong></span> <span class='ocrx_word' id='word_1_192' title='bbox 2711 1498 2959 1553; x_wconf 86' lang='lat' dir='ltr'><strong><em>carnium</em></strong></span> <span class='ocrx_word' id='word_1_193' title='bbox 2987 1496 3325 1550; x_wconf 82' lang='lat' dir='ltr'><strong><em>comestione</em></strong></span> 
     </span>
    </p>
   </div>
   <div class='ocr_carea' id='block_1_27' title="bbox 1745 1588 3323 1660">
    <p class='ocr_par' dir='ltr' id='par_1_27' title="bbox 1745 1588 3323 1660">
     <span class='ocr_line' id='line_1_27' title="bbox 1745 1588 3323 1660; baseline -0.004 -15"><span class='ocrx_word' id='word_1_194' title='bbox 1745 1590 1850 1653; x_wconf 91' lang='lat' dir='ltr'><strong><em>usi,</em></strong></span> <span class='ocrx_word' id='word_1_195' title='bbox 1891 1590 2277 1646; x_wconf 85' lang='lat' dir='ltr'><strong><em>intestinorum</em></strong></span> <span class='ocrx_word' id='word_1_196' title='bbox 2317 1590 2509 1643; x_wconf 87' lang='lat' dir='ltr'><strong><em>morbo</em></strong></span> <span class='ocrx_word' id='word_1_197' title='bbox 2543 1591 2856 1660; x_wconf 87' lang='lat' dir='ltr'><strong><em>perierunt:</em></strong></span> <span class='ocrx_word' id='word_1_198' title='bbox 2895 1589 3098 1660; x_wconf 74' lang='lat' dir='ltr'><strong><em>ingenti</em></strong></span> <span class='ocrx_word' id='word_1_199' title='bbox 3153 1588 3323 1641; x_wconf 90' lang='lat' dir='ltr'><strong><em>mira-</em></strong></span> 
     </span>
    </p>
   </div>
   <div class='ocr_carea' id='block_1_28' title="bbox 1742 1678 3322 1750">
    <p class='ocr_par' dir='ltr' id='par_1_28' title="bbox 1742 1678 3322 1750">
     <span class='ocr_line' id='line_1_28' title="bbox 1742 1678 3322 1750; baseline -0.004 -11"><span class='ocrx_word' id='word_1_200' title='bbox 1742 1685 1868 1739; x_wconf 89' lang='lat' dir='ltr'><strong><em>culo</em></strong></span> <span class='ocrx_word' id='word_1_201' title='bbox 1904 1698 2013 1738; x_wconf 89' lang='lat' dir='ltr'><strong><em>non</em></strong></span> <span class='ocrx_word' id='word_1_202' title='bbox 2061 1682 2305 1737; x_wconf 91' lang='lat' dir='ltr'><strong><em>animum</em></strong></span> <span class='ocrx_word' id='word_1_203' title='bbox 2360 1680 2704 1742; x_wconf 78' lang='lat' dir='ltr'><strong><em>adhibentes.</em></strong></span> <span class='ocrx_word' id='word_1_204' title='bbox 2748 1695 2850 1735; x_wconf 82' lang='lat' dir='ltr'><strong><em>nec</em></strong></span> <span class='ocrx_word' id='word_1_205' title='bbox 2905 1678 3133 1750; x_wconf 74' lang='lat' dir='ltr'><strong><em>gloriam</em></strong></span> <span class='ocrx_word' id='word_1_206' title='bbox 3187 1679 3322 1732; x_wconf 81' lang='lat' dir='ltr'><strong><em>tanti</em></strong></span> 
     </span>
    </p>
   </div>
   <div class='ocr_carea' id='block_1_29' title="bbox 93 1769 1630 1843">
    <p class='ocr_par' dir='ltr' id='par_1_29' title="bbox 93 1770 1630 1840">
     <span class='ocr_line' id='line_1_29' title="bbox 93 1770 1630 1840; baseline 0.003 -18"><span class='ocrx_word' id='word_1_207' title='bbox 93 1770 187 1823; x_wconf 87' lang='grc' dir='ltr'><strong><em>τῶν</em></strong></span> <span class='ocrx_word' id='word_1_208' title='bbox 208 1770 454 1838; x_wconf 82' lang='grc' dir='ltr'><em>σκηνῶν.</em></span> <span class='ocrx_word' id='word_1_209' title='bbox 493 1772 604 1825; x_wconf 89' lang='lat' dir='ltr'><strong><em>Kal</em></strong></span> <span class='ocrx_word' id='word_1_210' title='bbox 629 1771 947 1840; x_wconf 71' lang='grc' dir='ltr'><em>φαγόντες.</em></span> <span class='ocrx_word' id='word_1_211' title='bbox 983 1772 1457 1840; x_wconf 77' lang='grc' dir='ltr'><em>ἐνεπλήσθησαν</em></span> <span class='ocrx_word' id='word_1_212' title='bbox 1487 1774 1630 1840; x_wconf 71' lang='grc' dir='ltr'><em>σφό-</em></span> 
     </span>
    </p>
   </div>
   <div class='ocr_carea' id='block_1_30' title="bbox 1730 1769 3326 1843">
    <p class='ocr_par' dir='ltr' id='par_1_30' title="bbox 1743 1769 3326 1843">
     <span class='ocr_line' id='line_1_30' title="bbox 1743 1769 3326 1843; baseline -0.001 -17"><span class='ocrx_word' id='word_1_213' title='bbox 1743 1771 1975 1843; x_wconf 77' lang='lat' dir='ltr'><strong><em>prodigii</em></strong></span> <span class='ocrx_word' id='word_1_214' title='bbox 2027 1772 2237 1828; x_wconf 84' lang='lat' dir='ltr'><strong><em>auctori</em></strong></span> <span class='ocrx_word' id='word_1_215' title='bbox 2280 1770 2622 1838; x_wconf 88' lang='lat' dir='ltr'><strong><em>referentes;</em></strong></span> <span class='ocrx_word' id='word_1_216' title='bbox 2655 1772 2750 1827; x_wconf 89' lang='lat' dir='ltr'><strong><em>sed</em></strong></span> <span class='ocrx_word' id='word_1_217' title='bbox 2797 1771 2894 1825; x_wconf 84' lang='lat' dir='ltr'><strong><em>toti</em></strong></span> <span class='ocrx_word' id='word_1_218' title='bbox 2926 1769 3186 1825; x_wconf 79' lang='lat' dir='ltr'><strong><em>carnibus</em></strong></span> <span class='ocrx_word' id='word_1_219' title='bbox 3230 1770 3326 1824; x_wconf 81' lang='lat' dir='ltr'><strong><em>de-</em></strong></span> 
     </span>
    </p>
   </div>
   <div class='ocr_carea' id='block_1_31' title="bbox 92 1852 1630 1935">
    <p class='ocr_par' dir='ltr' id='par_1_31' title="bbox 92 1852 1630 1933">
     <span class='ocr_line' id='line_1_31' title="bbox 92 1852 1630 1933; baseline 0.003 -20"><span class='ocrx_word' id='word_1_220' title='bbox 92 1861 325 1929; x_wconf 74' lang='lat' dir='ltr'><strong><em>6pu°xal</em></strong></span> <span class='ocrx_word' id='word_1_221' title='bbox 374 1852 487 1929; x_wconf 50' lang='grc' dir='ltr'><em>τήν</em></span> <span class='ocrx_word' id='word_1_222' title='bbox 520 1862 839 1930; x_wconf 77' lang='grc' dir='ltr'><strong><em>ἐπιθυμίαν</em></strong></span> <span class='ocrx_word' id='word_1_223' title='bbox 874 1861 1073 1916; x_wconf 87' lang='grc' dir='ltr'><em>αὐτῶν</em></span> <span class='ocrx_word' id='word_1_224' title='bbox 1118 1862 1372 1933; x_wconf 78' lang='grc' dir='ltr'><strong><em>ἤνεγκεν</em></strong></span> <span class='ocrx_word' id='word_1_225' title='bbox 1415 1862 1630 1930; x_wconf 81' lang='grc' dir='ltr'><strong><em>αὐτοῖς1</em></strong></span> 
     </span>
    </p>
   </div>
   <div class='ocr_carea' id='block_1_32' title="bbox 1730 1852 2928 1935">
    <p class='ocr_par' dir='ltr' id='par_1_32' title="bbox 1747 1862 2928 1935">
     <span class='ocr_line' id='line_1_32' title="bbox 1747 1862 2928 1935; baseline -0.003 -16"><span class='ocrx_word' id='word_1_226' title='bbox 1747 1862 1869 1928; x_wconf 90' lang='lat' dir='ltr'><strong><em>diti,</em></strong></span> <span class='ocrx_word' id='word_1_227' title='bbox 1895 1880 2053 1919; x_wconf 87' lang='lat' dir='ltr'><strong><em>suam</em></strong></span> <span class='ocrx_word' id='word_1_228' title='bbox 2081 1864 2185 1919; x_wconf 83' lang='lat' dir='ltr'><strong><em>sibi</em></strong></span> <span class='ocrx_word' id='word_1_229' title='bbox 2215 1864 2509 1935; x_wconf 84' lang='lat' dir='ltr'><strong><em>perniciem</em></strong></span> <span class='ocrx_word' id='word_1_230' title='bbox 2541 1871 2928 1935; x_wconf 81' lang='lat' dir='ltr'><strong><em>procurarunt.</em></strong></span> 
     </span>
    </p>
   </div>
   <div class='ocr_carea' id='block_1_33' title="bbox 91 1952 3321 2026">
    <p class='ocr_par' dir='ltr' id='par_1_33' title="bbox 91 1952 3321 2026">
     <span class='ocr_line' id='line_1_33' title="bbox 91 1952 3321 2026; baseline 0.002 -20"><span class='ocrx_word' id='word_1_231' title='bbox 91 1957 181 2007; x_wconf 77' lang='grc' dir='ltr'><strong><em>οὐκ</em></strong></span> <span class='ocrx_word' id='word_1_232' title='bbox 213 1952 564 2022; x_wconf 79' lang='grc' dir='ltr'><em>ἀπέστησαν</em></span> <span class='ocrx_word' id='word_1_233' title='bbox 618 1953 729 2023; x_wconf 78' lang='grc' dir='ltr'><em>τῆς</em></span> <span class='ocrx_word' id='word_1_234' title='bbox 777 1955 1092 2025; x_wconf 79' lang='grc' dir='ltr'><strong><em>ἐπιθυμίας</em></strong></span> <span class='ocrx_word' id='word_1_235' title='bbox 1120 1956 1338 2013; x_wconf 79' lang='grc' dir='ltr'><em>αὐτῶν.</em></span> <span class='ocrx_word' id='word_1_236' title='bbox 1381 1958 1501 2011; x_wconf 83' lang='grc' dir='ltr'><em>Ἔτι</em></span> <span class='ocrx_word' id='word_1_237' title='bbox 1527 1956 1638 2025; x_wconf 82' lang='grc' dir='ltr'><em>τῆς</em></span> <span class='ocrx_word' id='word_1_238' title='bbox 1668 1957 1953 2025; x_wconf 79' lang='grc' dir='ltr'><strong><em>βρώσεως</em></strong></span> <span class='ocrx_word' id='word_1_239' title='bbox 2013 1956 2212 2011; x_wconf 86' lang='grc' dir='ltr'><em>αὐτῶν</em></span> <span class='ocrx_word' id='word_1_240' title='bbox 2256 1957 2450 2026; x_wconf 87' lang='grc' dir='ltr'><strong><em>οὔσης</em></strong></span> <span class='ocrx_word' id='word_1_241' title='bbox 2484 1958 2554 2011; x_wconf 77' lang='grc' dir='ltr'><strong><em>ἐν</em></strong></span> <span class='ocrx_word' id='word_1_242' title='bbox 2598 1956 2723 2024; x_wconf 85' lang='grc' dir='ltr'><em>τοῖς</em></span> <span class='ocrx_word' id='word_1_243' title='bbox 2792 1958 3044 2014; x_wconf 83' lang='grc' dir='ltr'><strong><em>ὀδοῦσιν</em></strong></span> <span class='ocrx_word' id='word_1_244' title='bbox 3102 1958 3321 2021; x_wconf 86' lang='grc' dir='ltr'><em>αὐτῶν,</em></span> 
     </span>
    </p>
   </div>
   <div class='ocr_carea' id='block_1_34' title="bbox 89 2046 3324 2122">
    <p class='ocr_par' dir='ltr' id='par_1_34' title="bbox 89 2046 3324 2122">
     <span class='ocr_line' id='line_1_34' title="bbox 89 2046 3324 2122; baseline 0.002 -18"><span class='ocrx_word' id='word_1_245' title='bbox 89 2050 209 2119; x_wconf 71' lang='grc' dir='ltr'><strong><em>ὀργὴ</em></strong></span> <span class='ocrx_word' id='word_1_246' title='bbox 255 2046 361 2105; x_wconf 80' lang='grc' dir='ltr'><strong><em>οὖν</em></strong></span> <span class='ocrx_word' id='word_1_247' title='bbox 410 2051 562 2105; x_wconf 84' lang='grc' dir='ltr'><strong><em>Θεοῦ</em></strong></span> <span class='ocrx_word' id='word_1_248' title='bbox 617 2051 883 2120; x_wconf 77' lang='grc' dir='ltr'><strong><em>ἐπῆλθεν</em></strong></span> <span class='ocrx_word' id='word_1_249' title='bbox 927 2052 1151 2120; x_wconf 84' lang='grc' dir='ltr'><em>αὐτοῖς,</em></span> <span class='ocrx_word' id='word_1_250' title='bbox 1193 2054 1291 2107; x_wconf 76' lang='grc' dir='ltr'><em>καὶ</em></span> <span class='ocrx_word' id='word_1_251' title='bbox 1323 2053 1638 2110; x_wconf 80' lang='grc' dir='ltr'><em>ἀπέκτεινε</em></span> <span class='ocrx_word' id='word_1_252' title='bbox 1672 2054 1815 2120; x_wconf 86' lang='grc' dir='ltr'><em>τοὺς</em></span> <span class='ocrx_word' id='word_1_253' title='bbox 1870 2054 2313 2122; x_wconf 76' lang='grc' dir='ltr'><em>λιπαρωτέρους</em></span> <span class='ocrx_word' id='word_1_254' title='bbox 2355 2053 2556 2108; x_wconf 84' lang='grc' dir='ltr'><em>αὐτῶν</em></span> <span class='ocrx_word' id='word_1_255' title='bbox 2588 2056 2685 2109; x_wconf 74' lang='grc' dir='ltr'><em>καὶ</em></span> <span class='ocrx_word' id='word_1_256' title='bbox 2754 2054 2897 2121; x_wconf 86' lang='grc' dir='ltr'><em>τοὺς</em></span> <span class='ocrx_word' id='word_1_257' title='bbox 2958 2056 3324 2121; x_wconf 81' lang='grc' dir='ltr'><strong><em>νεανίσκους</em></strong></span> 
     </span>
    </p>
   </div>
   <div class='ocr_carea' id='block_1_35' title="bbox 86 2143 3323 2219">
    <p class='ocr_par' dir='ltr' id='par_1_35' title="bbox 86 2143 3323 2219">
     <span class='ocr_line' id='line_1_35' title="bbox 86 2143 3323 2219; baseline 0.001 -21"><span class='ocrx_word' id='word_1_258' title='bbox 86 2143 173 2198; x_wconf 88' lang='grc' dir='ltr'><strong><em>τοῦ</em></strong></span> <span class='ocrx_word' id='word_1_259' title='bbox 208 2143 427 2213; x_wconf 76' lang='grc' dir='ltr'><em>Ἰσραὴλ</em></span> <span class='ocrx_word' id='word_1_260' title='bbox 465 2144 732 2200; x_wconf 71' lang='grc' dir='ltr'><em>ὤκλασε.</em></span> <span class='ocrx_word' id='word_1_261' title='bbox 769 2147 877 2199; x_wconf 73' lang='grc' dir='ltr'><strong><em>Καὶ</em></strong></span> <span class='ocrx_word' id='word_1_262' title='bbox 904 2145 1058 2200; x_wconf 87' lang='grc' dir='ltr'><em>ταῦτ’</em></span> <span class='ocrx_word' id='word_1_263' title='bbox 1083 2145 1321 2219; x_wconf 74' lang='grc' dir='ltr'><em>ἔπασχον</em></span> <span class='ocrx_word' id='word_1_264' title='bbox 1388 2147 1623 2216; x_wconf 80' lang='grc' dir='ltr'><strong><em>εὐλόγως</em></strong></span> <span class='ocrx_word' id='word_1_265' title='bbox 1646 2162 1660 2177; x_wconf 77' lang='grc' dir='ltr'><strong>ο</strong></span> <span class='ocrx_word' id='word_1_266' title='bbox 1700 2148 1729 2196; x_wconf 86' lang='lat'><strong><em>6</em></strong></span> <span class='ocrx_word' id='word_1_267' title='bbox 1765 2148 1862 2218; x_wconf 80' lang='grc' dir='ltr'><strong><em>μὲν</em></strong></span> <span class='ocrx_word' id='word_1_268' title='bbox 1910 2147 2016 2219; x_wconf 89' lang='grc' dir='ltr'><strong><em>γάρ</em></strong></span> <span class='ocrx_word' id='word_1_269' title='bbox 2059 2147 2241 2210; x_wconf 76' lang='grc' dir='ltr'><em>αὐτοῖς</em></span> <span class='ocrx_word' id='word_1_270' title='bbox 2286 2149 2366 2210; x_wconf 80' lang='grc' dir='ltr'><strong><em>είς</em></strong></span> <span class='ocrx_word' id='word_1_271' title='bbox 2404 2146 2625 2211; x_wconf 75' lang='grc' dir='ltr'><strong><em>ἔνδειξιν</em></strong></span> <span class='ocrx_word' id='word_1_272' title='bbox 2671 2147 2768 2218; x_wconf 81' lang='grc' dir='ltr'><em>τῆς</em></span> <span class='ocrx_word' id='word_1_273' title='bbox 2812 2146 2976 2201; x_wconf 77' lang='grc' dir='ltr'><em>αὑτοῦ</em></span> <span class='ocrx_word' id='word_1_274' title='bbox 3042 2147 3323 2218; x_wconf 77' lang='grc' dir='ltr'><em>δυνάμεως</em></span> 
     </span>
    </p>
   </div>
   <div class='ocr_carea' id='block_1_36' title="bbox 87 2235 3321 2313">
    <p class='ocr_par' dir='ltr' id='par_1_36' title="bbox 87 2235 3321 2313">
     <span class='ocr_line' id='line_1_36' title="bbox 87 2235 3321 2313; baseline 0.002 -26"><span class='ocrx_word' id='word_1_275' title='bbox 87 2235 363 2307; x_wconf 72' lang='grc' dir='ltr'><strong><em>παραδόξως</em></strong></span> <span class='ocrx_word' id='word_1_276' title='bbox 388 2240 483 2291; x_wconf 72' lang='grc' dir='ltr'><strong><em>καὶ</em></strong></span> <span class='ocrx_word' id='word_1_277' title='bbox 510 2237 684 2292; x_wconf 86' lang='grc' dir='ltr'><em>ταῦτα</em></span> <span class='ocrx_word' id='word_1_278' title='bbox 702 2242 992 2311; x_wconf 70' lang='grc' dir='ltr'><em>παρεῖχεν*</em></span> <span class='ocrx_word' id='word_1_279' title='bbox 1060 2242 1108 2294; x_wconf 89' lang='grc' dir='ltr'><strong><em>οἱ</em></strong></span> <span class='ocrx_word' id='word_1_280' title='bbox 1175 2241 1233 2294; x_wconf 76' lang='grc' dir='ltr'><em>δὲ</em></span> <span class='ocrx_word' id='word_1_281' title='bbox 1296 2241 1559 2312; x_wconf 80' lang='grc' dir='ltr'><strong><em>ἀπλήστῳ</em></strong></span> <span class='ocrx_word' id='word_1_282' title='bbox 1620 2240 1893 2313; x_wconf 81' lang='grc' dir='ltr'><em>χρώμενοι</em></span> <span class='ocrx_word' id='word_1_283' title='bbox 1936 2244 2003 2313; x_wconf 77' lang='grc' dir='ltr'><strong><em>τῇ</em></strong></span> <span class='ocrx_word' id='word_1_284' title='bbox 2052 2240 2395 2313; x_wconf 72' lang='grc' dir='ltr'><em>κρεωφαγία,</em></span> <span class='ocrx_word' id='word_1_285' title='bbox 2432 2241 2699 2312; x_wconf 86' lang='grc' dir='ltr'><em>χολερικῷ</em></span> <span class='ocrx_word' id='word_1_286' title='bbox 2740 2240 2900 2295; x_wconf 83' lang='grc' dir='ltr'><strong><em>πάθει</em></strong></span> <span class='ocrx_word' id='word_1_287' title='bbox 2934 2240 3321 2309; x_wconf 73' lang='grc' dir='ltr'><strong><em>διεφθείροντο,</em></strong></span> 
     </span>
    </p>
   </div>
   <div class='ocr_carea' id='block_1_37' title="bbox 89 2332 3323 2411">
    <p class='ocr_par' dir='ltr' id='par_1_37' title="bbox 89 2332 3323 2411">
     <span class='ocr_line' id='line_1_37' title="bbox 89 2332 3323 2411; baseline 0.001 -25"><span class='ocrx_word' id='word_1_288' title='bbox 89 2332 148 2403; x_wconf 79' lang='grc' dir='ltr'><em>μὴ</em></span> <span class='ocrx_word' id='word_1_289' title='bbox 181 2335 523 2404; x_wconf 76' lang='grc' dir='ltr'><strong><em>προσέχοντες</em></strong></span> <span class='ocrx_word' id='word_1_290' title='bbox 569 2337 668 2407; x_wconf 85' lang='grc' dir='ltr'><em>μὲν</em></span> <span class='ocrx_word' id='word_1_291' title='bbox 726 2337 805 2407; x_wconf 85' lang='grc' dir='ltr'><em>τῷ</em></span> <span class='ocrx_word' id='word_1_292' title='bbox 861 2336 954 2391; x_wconf 91' lang='grc' dir='ltr'><strong><em>τοῦ</em></strong></span> <span class='ocrx_word' id='word_1_293' title='bbox 1012 2338 1316 2408; x_wconf 76' lang='grc' dir='ltr'><strong><em>παραδόξου</em></strong></span> <span class='ocrx_word' id='word_1_294' title='bbox 1359 2338 1615 2409; x_wconf 75' lang='grc' dir='ltr'><strong><em>θαύματι,</em></strong></span> <span class='ocrx_word' id='word_1_295' title='bbox 1697 2340 1831 2411; x_wconf 82' lang='grc' dir='ltr'><em>μηδὲ</em></span> <span class='ocrx_word' id='word_1_296' title='bbox 1887 2336 2199 2403; x_wconf 70' lang='grc' dir='ltr'><strong><em>δοξάζοντες</em></strong></span> <span class='ocrx_word' id='word_1_297' title='bbox 2277 2337 2369 2391; x_wconf 85' lang='grc' dir='ltr'><em>τὸν</em></span> <span class='ocrx_word' id='word_1_298' title='bbox 2422 2335 2850 2405; x_wconf 81' lang='grc' dir='ltr'><em>παραδοξοποιὸν</em></span> <span class='ocrx_word' id='word_1_299' title='bbox 2874 2352 2889 2366; x_wconf 74' lang='grc' dir='ltr'><strong>ο</strong></span> <span class='ocrx_word' id='word_1_300' title='bbox 2946 2334 3058 2390; x_wconf 84' lang='grc' dir='ltr'><strong><em>ὅλοι</em></strong></span> <span class='ocrx_word' id='word_1_301' title='bbox 3107 2335 3164 2389; x_wconf 76' lang='grc' dir='ltr'><em>δὲ</em></span> <span class='ocrx_word' id='word_1_302' title='bbox 3212 2332 3323 2388; x_wconf 83' lang='grc' dir='ltr'><em>τῶν</em></span> 
     </span>
    </p>
   </div>
   <div class='ocr_carea' id='block_1_38' title="bbox 97 1589 1642 1659">
    <p class='ocr_par' dir='ltr' id='par_1_38' title="bbox 97 1589 1642 1659">
     <span class='ocr_line' id='line_1_38' title="bbox 97 1589 1642 1659; baseline 0 -16"><span class='ocrx_word' id='word_1_303' title='bbox 97 1607 197 1653; x_wconf 77' lang='lat' dir='ltr'><strong><em>rer,</em></strong></span> <span class='ocrx_word' id='word_1_304' title='bbox 228 1590 358 1643; x_wconf 77' lang='grc' dir='ltr'><em>ὡσεὶ</em></span> <span class='ocrx_word' id='word_1_305' title='bbox 383 1589 580 1658; x_wconf 79' lang='grc' dir='ltr'><em>ἅμμον</em></span> <span class='ocrx_word' id='word_1_306' title='bbox 595 1591 925 1645; x_wconf 79' lang='grc' dir='ltr'><em>θαλασσῶν</em></span> <span class='ocrx_word' id='word_1_307' title='bbox 948 1589 1189 1644; x_wconf 85' lang='grc' dir='ltr'><em>πετεινὰ</em></span> <span class='ocrx_word' id='word_1_308' title='bbox 1219 1590 1501 1659; x_wconf 82' lang='grc' dir='ltr'><em>πτερωτά.</em></span> <span class='ocrx_word' id='word_1_309' title='bbox 1531 1590 1642 1646; x_wconf 77' lang='grc' dir='ltr'><strong><em>Καὶ</em></strong></span> 
     </span>
    </p>
   </div>
   <div class='ocr_carea' id='block_1_39' title="bbox 93 1674 1645 1749">
    <p class='ocr_par' dir='ltr' id='par_1_39' title="bbox 93 1674 1645 1749">
     <span class='ocr_line' id='line_1_39' title="bbox 93 1674 1645 1749; baseline 0.002 -16"><span class='ocrx_word' id='word_1_310' title='bbox 93 1674 344 1733; x_wconf 59' lang='grc' dir='ltr'><em>ἐπέϐαλεν</em></span> <span class='ocrx_word' id='word_1_311' title='bbox 363 1678 544 1733; x_wconf 78' lang='grc' dir='ltr'><em>ἔνδον</em></span> <span class='ocrx_word' id='word_1_312' title='bbox 567 1681 653 1745; x_wconf 83' lang='grc' dir='ltr'><em>εὶς</em></span> <span class='ocrx_word' id='word_1_313' title='bbox 671 1678 786 1747; x_wconf 79' lang='grc' dir='ltr'><em>τὴν</em></span> <span class='ocrx_word' id='word_1_314' title='bbox 813 1679 1203 1749; x_wconf 75' lang='grc' dir='ltr'><em>παρεμϐολὴν</em></span> <span class='ocrx_word' id='word_1_315' title='bbox 1216 1678 1414 1734; x_wconf 85' lang='grc' dir='ltr'><em>αὐτῶν</em></span> <span class='ocrx_word' id='word_1_316' title='bbox 1440 1681 1645 1748; x_wconf 72' lang='grc' dir='ltr'><em>κύκλῳ</em></span> 
     </span>
    </p>
   </div>
   <div class='ocr_carea' id='block_1_40' title="bbox 86 2428 1739 2503">
    <p class='ocr_par' dir='ltr' id='par_1_40' title="bbox 86 2428 1739 2503">
     <span class='ocr_line' id='line_1_40' title="bbox 86 2428 1739 2503; baseline 0.003 -23"><span class='ocrx_word' id='word_1_317' title='bbox 86 2428 268 2499; x_wconf 64' lang='grc' dir='ltr'><em>σαρκῶν</em></span> <span class='ocrx_word' id='word_1_318' title='bbox 298 2430 628 2501; x_wconf 79' lang='grc' dir='ltr'><strong><em>γιγνόμενοι,</em></strong></span> <span class='ocrx_word' id='word_1_319' title='bbox 663 2431 744 2485; x_wconf 84' lang='grc' dir='ltr'><em>διὸ</em></span> <span class='ocrx_word' id='word_1_320' title='bbox 778 2432 871 2485; x_wconf 74' lang='grc' dir='ltr'><strong><em>καὶ</em></strong></span> <span class='ocrx_word' id='word_1_321' title='bbox 900 2434 1217 2487; x_wconf 78' lang='grc' dir='ltr'><strong><em>ἐπεσπῶντο</em></strong></span> <span class='ocrx_word' id='word_1_322' title='bbox 1257 2435 1467 2496; x_wconf 78' lang='grc' dir='ltr'><strong><em>ἑαυτοῖς</em></strong></span> <span class='ocrx_word' id='word_1_323' title='bbox 1500 2431 1739 2503; x_wconf 79' lang='grc' dir='ltr'><em>ὄλεθρον.</em></span> 
     </span>
    </p>
   </div>
   <div class='ocr_carea' id='block_1_41' title="bbox 151 2546 1630 2620">
    <p class='ocr_par' dir='ltr' id='par_1_41' title="bbox 151 2546 1629 2620">
     <span class='ocr_line' id='line_1_41' title="bbox 151 2546 1629 2620; baseline 0.007 -22"><span class='ocrx_word' id='word_1_324' title='bbox 151 2547 232 2599; x_wconf 84' lang='grc' dir='ltr'><em>Ἐν</em></span> <span class='ocrx_word' id='word_1_325' title='bbox 270 2546 410 2602; x_wconf 80' lang='grc' dir='ltr'><em>πᾶσι</em></span> <span class='ocrx_word' id='word_1_326' title='bbox 464 2550 701 2616; x_wconf 84' lang='grc' dir='ltr'><em>τούτοις</em></span> <span class='ocrx_word' id='word_1_327' title='bbox 754 2549 1021 2620; x_wconf 78' lang='grc' dir='ltr'><em>ἥμαρτον</em></span> <span class='ocrx_word' id='word_1_328' title='bbox 1074 2552 1183 2617; x_wconf 76' lang='grc' dir='ltr'><em>ἔτι,</em></span> <span class='ocrx_word' id='word_1_329' title='bbox 1225 2554 1322 2607; x_wconf 73' lang='grc' dir='ltr'><em>καὶ</em></span> <span class='ocrx_word' id='word_1_330' title='bbox 1363 2557 1471 2609; x_wconf 83' lang='grc' dir='ltr'><strong><em>οὐκ</em></strong></span> <span class='ocrx_word' id='word_1_331' title='bbox 1503 2556 1629 2609; x_wconf 79' lang='grc' dir='ltr'><em>ἐπί-</em></span> 
     </span>
    </p>
   </div>
   <div class='ocr_carea' id='block_1_42' title="bbox 1730 2546 3377 2620">
    <p class='ocr_par' dir='ltr' id='par_1_42' title="bbox 1804 2547 3377 2619">
     <span class='ocr_line' id='line_1_42' title="bbox 1804 2547 3377 2619; baseline -0.003 -14"><span class='ocrx_word' id='word_1_332' title='bbox 1804 2550 1972 2609; x_wconf 72' lang='lat' dir='ltr'><strong><em>Vens.</em></strong></span> <span class='ocrx_word' id='word_1_333' title='bbox 2005 2551 2097 2617; x_wconf 75' lang='lat'><strong><em>52,</em></strong></span> <span class='ocrx_word' id='word_1_334' title='bbox 2123 2553 2214 2609; x_wconf 81' lang='grc'><strong><em>55.</em></strong></span> <span class='ocrx_word' id='word_1_335' title='bbox 2248 2550 2315 2605; x_wconf 84' lang='lat' dir='ltr'><strong><em>In</em></strong></span> <span class='ocrx_word' id='word_1_336' title='bbox 2360 2551 2601 2606; x_wconf 86' lang='lat' dir='ltr'><strong><em>omnibus</em></strong></span> <span class='ocrx_word' id='word_1_337' title='bbox 2632 2552 2712 2604; x_wconf 84' lang='lat' dir='ltr'><strong><em>Itis</em></strong></span> <span class='ocrx_word' id='word_1_338' title='bbox 2748 2558 3091 2619; x_wconf 81' lang='lat' dir='ltr'><strong><em>peccaverunt</em></strong></span> <span class='ocrx_word' id='word_1_339' title='bbox 3128 2547 3319 2609; x_wconf 84' lang='lat' dir='ltr'><strong><em>adhuc,</em></strong></span> <span class='ocrx_word' id='word_1_340' title='bbox 3372 2596 3377 2601; x_wconf 83' lang='lat'><strong><em>.</em></strong></span> 
     </span>
    </p>
   </div>
   <div class='ocr_carea' id='block_1_43' title="bbox 83 2634 1631 2707">
    <p class='ocr_par' dir='ltr' id='par_1_43' title="bbox 83 2634 1631 2707">
     <span class='ocr_line' id='line_1_43' title="bbox 83 2634 1631 2707; baseline 0.01 -25"><span class='ocrx_word' id='word_1_341' title='bbox 83 2647 314 2687; x_wconf 84' lang='grc' dir='ltr'><em>στευσαν</em></span> <span class='ocrx_word' id='word_1_342' title='bbox 340 2634 408 2687; x_wconf 86' lang='grc' dir='ltr'><strong><em>ἐν</em></strong></span> <span class='ocrx_word' id='word_1_343' title='bbox 426 2635 552 2701; x_wconf 83' lang='grc' dir='ltr'><em>τοῖς</em></span> <span class='ocrx_word' id='word_1_344' title='bbox 581 2638 933 2705; x_wconf 83' lang='grc' dir='ltr'><em>θαυμασίοις</em></span> <span class='ocrx_word' id='word_1_345' title='bbox 962 2640 1166 2694; x_wconf 83' lang='grc' dir='ltr'><em>αὑτοῦ.</em></span> <span class='ocrx_word' id='word_1_346' title='bbox 1199 2642 1307 2694; x_wconf 89' lang='lat' dir='ltr'><strong><em>Kal</em></strong></span> <span class='ocrx_word' id='word_1_347' title='bbox 1346 2642 1631 2707; x_wconf 77' lang='grc' dir='ltr'><strong><em>ἐξέλιπον</em></strong></span> 
     </span>
    </p>
   </div>
   <div class='ocr_carea' id='block_1_44' title="bbox 81 2724 1631 2804">
    <p class='ocr_par' dir='ltr' id='par_1_44' title="bbox 81 2724 1631 2804">
     <span class='ocr_line' id='line_1_44' title="bbox 81 2724 1631 2804; baseline 0.01 -29"><span class='ocrx_word' id='word_1_348' title='bbox 81 2724 136 2775; x_wconf 81' lang='grc' dir='ltr'><strong><em>ἐν</em></strong></span> <span class='ocrx_word' id='word_1_349' title='bbox 151 2729 476 2794; x_wconf 79' lang='grc' dir='ltr'><em>ματαιότητι</em></span> <span class='ocrx_word' id='word_1_350' title='bbox 499 2732 555 2782; x_wconf 80' lang='lat' dir='ltr'><strong><em>al</em></strong></span> <span class='ocrx_word' id='word_1_351' title='bbox 584 2728 789 2798; x_wconf 80' lang='grc' dir='ltr'><em>ἡμέραι</em></span> <span class='ocrx_word' id='word_1_352' title='bbox 822 2731 1019 2784; x_wconf 72' lang='grc' dir='ltr'><em>αὐτῶν</em></span> <span class='ocrx_word' id='word_1_353' title='bbox 1045 2732 1139 2785; x_wconf 77' lang='grc' dir='ltr'><em>καὶ</em></span> <span class='ocrx_word' id='word_1_354' title='bbox 1172 2731 1244 2786; x_wconf 86' lang='grc' dir='ltr'><em>τὰ</em></span> <span class='ocrx_word' id='word_1_355' title='bbox 1294 2733 1401 2804; x_wconf 85' lang='grc' dir='ltr'><em>ἐτη</em></span> <span class='ocrx_word' id='word_1_356' title='bbox 1434 2735 1631 2790; x_wconf 86' lang='grc' dir='ltr'><em>αὐτῶν</em></span> 
     </span>
    </p>
   </div>
   <div class='ocr_carea' id='block_1_45' title="bbox 79 2819 1629 2899">
    <p class='ocr_par' dir='ltr' id='par_1_45' title="bbox 79 2819 1629 2899">
     <span class='ocr_line' id='line_1_45' title="bbox 79 2819 1629 2899; baseline 0.009 -32"><span class='ocrx_word' id='word_1_357' title='bbox 79 2822 200 2884; x_wconf 80' lang='grc' dir='ltr'><em>μετὰ</em></span> <span class='ocrx_word' id='word_1_358' title='bbox 226 2819 520 2889; x_wconf 82' lang='grc' dir='ltr'><em>σπουδῆς.</em></span> <span class='ocrx_word' id='word_1_359' title='bbox 565 2822 909 2891; x_wconf 81' lang='grc' dir='ltr'><em>Ἐλεγκτικδς</em></span> <span class='ocrx_word' id='word_1_360' title='bbox 950 2823 1024 2876; x_wconf 82' lang='grc' dir='ltr'><strong><em>ὣν</em></strong></span> <span class='ocrx_word' id='word_1_361' title='bbox 1070 2825 1164 2877; x_wconf 77' lang='grc' dir='ltr'><em>καὶ</em></span> <span class='ocrx_word' id='word_1_362' title='bbox 1198 2828 1629 2899; x_wconf 82' lang='grc' dir='ltr'><em>κατηγορητικδς</em></span> 
     </span>
    </p>
   </div>
   <div class='ocr_carea' id='block_1_46' title="bbox 81 2908 1631 2986">
    <p class='ocr_par' dir='ltr' id='par_1_46' title="bbox 81 2908 1631 2986">
     <span class='ocr_line' id='line_1_46' title="bbox 81 2908 1631 2986; baseline 0.007 -28"><span class='ocrx_word' id='word_1_363' title='bbox 81 2910 160 2976; x_wconf 80' lang='grc' dir='ltr'><em>τῆς</em></span> <span class='ocrx_word' id='word_1_364' title='bbox 192 2908 443 2963; x_wconf 74' lang='grc' dir='ltr'><em>Ἰουδαίων</em></span> <span class='ocrx_word' id='word_1_365' title='bbox 471 2912 776 2983; x_wconf 80' lang='grc' dir='ltr'><em>μοχθηρίας</em></span> <span class='ocrx_word' id='word_1_366' title='bbox 798 2913 825 2964; x_wconf 96' lang='lat'><strong><em>6</em></strong></span> <span class='ocrx_word' id='word_1_367' title='bbox 855 2913 1029 2982; x_wconf 83' lang='grc' dir='ltr'><strong><em>λόγος,</em></strong></span> <span class='ocrx_word' id='word_1_368' title='bbox 1061 2915 1463 2986; x_wconf 81' lang='grc' dir='ltr'><em>καταρίθμησιν</em></span> <span class='ocrx_word' id='word_1_369' title='bbox 1488 2919 1631 2971; x_wconf 82' lang='grc' dir='ltr'><em>ποιεῖ</em></span> 
     </span>
    </p>
   </div>
   <div class='ocr_carea' id='block_1_47' title="bbox 81 2997 1629 3079">
    <p class='ocr_par' dir='ltr' id='par_1_47' title="bbox 81 2997 1629 3079">
     <span class='ocr_line' id='line_1_47' title="bbox 81 2997 1629 3079; baseline 0.009 -32"><span class='ocrx_word' id='word_1_370' title='bbox 81 2997 155 3049; x_wconf 71' lang='lat' dir='ltr'><strong><em>xxi.</em></strong></span> <span class='ocrx_word' id='word_1_371' title='bbox 178 2999 275 3051; x_wconf 80' lang='grc' dir='ltr'><em>τῶν</em></span> <span class='ocrx_word' id='word_1_372' title='bbox 305 3001 855 3074; x_wconf 78' lang='grc' dir='ltr'><em>πεπλημμελημένων</em></span> <span class='ocrx_word' id='word_1_373' title='bbox 883 3004 1085 3068; x_wconf 80' lang='grc' dir='ltr'><em>αὐτοῖς,</em></span> <span class='ocrx_word' id='word_1_374' title='bbox 1126 3006 1424 3076; x_wconf 85' lang='grc' dir='ltr'><em>παριστῶν,</em></span> <span class='ocrx_word' id='word_1_375' title='bbox 1455 3008 1536 3060; x_wconf 85' lang='grc' dir='ltr'><strong><em>ὅτι</em></strong></span> <span class='ocrx_word' id='word_1_376' title='bbox 1555 3007 1629 3079; x_wconf 78' lang='grc' dir='ltr'><em>μὴ</em></span> 
     </span>
    </p>
   </div>
   <div class='ocr_carea' id='block_1_48' title="bbox 83 3089 1628 3173">
    <p class='ocr_par' dir='ltr' id='par_1_48' title="bbox 83 3089 1628 3173">
     <span class='ocr_line' id='line_1_48' title="bbox 83 3089 1628 3173; baseline 0.009 -32"><span class='ocrx_word' id='word_1_377' title='bbox 83 3089 229 3160; x_wconf 70' lang='grc' dir='ltr'><em>μάτην</em></span> <span class='ocrx_word' id='word_1_378' title='bbox 255 3093 443 3157; x_wconf 74' lang='grc' dir='ltr'><em>αὐτοὺς</em></span> <span class='ocrx_word' id='word_1_379' title='bbox 458 3094 529 3147; x_wconf 71' lang='grc' dir='ltr'><em>τὰ</em></span> <span class='ocrx_word' id='word_1_380' title='bbox 548 3096 645 3165; x_wconf 86' lang='grc' dir='ltr'><strong><em>τῆς</em></strong></span> <span class='ocrx_word' id='word_1_381' title='bbox 676 3096 842 3167; x_wconf 77' lang='grc' dir='ltr'><em>ὀργῆς</em></span> <span class='ocrx_word' id='word_1_382' title='bbox 857 3096 947 3149; x_wconf 85' lang='grc' dir='ltr'><strong><em>τοῦ</em></strong></span> <span class='ocrx_word' id='word_1_383' title='bbox 966 3096 1099 3150; x_wconf 85' lang='grc' dir='ltr'><em>Θεοῦ</em></span> <span class='ocrx_word' id='word_1_384' title='bbox 1120 3098 1403 3170; x_wconf 81' lang='grc' dir='ltr'><strong><em>μετῆλθεν.</em></strong></span> <span class='ocrx_word' id='word_1_385' title='bbox 1431 3099 1533 3154; x_wconf 73' lang='grc' dir='ltr'><strong><em>Καὶ</em></strong></span> <span class='ocrx_word' id='word_1_386' title='bbox 1564 3102 1628 3173; x_wconf 88' lang='grc' dir='ltr'><em>δὴ</em></span> 
     </span>
    </p>
   </div>
   <div class='ocr_carea' id='block_1_49' title="bbox 78 3177 1631 3259">
    <p class='ocr_par' dir='ltr' id='par_1_49' title="bbox 78 3177 1631 3259">
     <span class='ocr_line' id='line_1_49' title="bbox 78 3177 1631 3259; baseline 0.011 -30"><span class='ocrx_word' id='word_1_387' title='bbox 78 3177 300 3243; x_wconf 76' lang='grc' dir='ltr'><em>διδάσκει,</em></span> <span class='ocrx_word' id='word_1_388' title='bbox 333 3183 405 3246; x_wconf 82' lang='grc' dir='ltr'><em>ὡς</em></span> <span class='ocrx_word' id='word_1_389' title='bbox 437 3185 535 3237; x_wconf 76' lang='grc' dir='ltr'><em>καὶ</em></span> <span class='ocrx_word' id='word_1_390' title='bbox 574 3186 709 3255; x_wconf 82' lang='grc' dir='ltr'><em>μετὰ</em></span> <span class='ocrx_word' id='word_1_391' title='bbox 736 3186 803 3239; x_wconf 80' lang='grc' dir='ltr'><em>τὰ</em></span> <span class='ocrx_word' id='word_1_392' title='bbox 817 3186 1177 3258; x_wconf 82' lang='grc' dir='ltr'><em>προλεχθέντα</em></span> <span class='ocrx_word' id='word_1_393' title='bbox 1210 3189 1409 3259; x_wconf 85' lang='grc' dir='ltr'><em>πάντα,</em></span> <span class='ocrx_word' id='word_1_394' title='bbox 1443 3192 1631 3259; x_wconf 72' lang='grc' dir='ltr'><em>αὔξον-</em></span> 
     </span>
    </p>
   </div>
   <div class='ocr_carea' id='block_1_50' title="bbox 77 3274 1632 3355">
    <p class='ocr_par' dir='ltr' id='par_1_50' title="bbox 77 3274 1632 3355">
     <span class='ocr_line' id='line_1_50' title="bbox 77 3274 1632 3355; baseline 0.01 -34"><span class='ocrx_word' id='word_1_395' title='bbox 77 3286 150 3332; x_wconf 81' lang='grc' dir='ltr'><strong><em>τες</em></strong></span> <span class='ocrx_word' id='word_1_396' title='bbox 176 3274 365 3327; x_wconf 76' lang='grc' dir='ltr'><em>ἑαυτῶν</em></span> <span class='ocrx_word' id='word_1_397' title='bbox 400 3277 471 3330; x_wconf 74' lang='grc' dir='ltr'><em>τὰ</em></span> <span class='ocrx_word' id='word_1_398' title='bbox 504 3278 665 3340; x_wconf 77' lang='grc' dir='ltr'><em>κακὰ,</em></span> <span class='ocrx_word' id='word_1_399' title='bbox 688 3279 934 3349; x_wconf 80' lang='grc' dir='ltr'><em>ἥμαρτον</em></span> <span class='ocrx_word' id='word_1_400' title='bbox 963 3279 1069 3333; x_wconf 77' lang='grc' dir='ltr'><em>ἔτι·</em></span> <span class='ocrx_word' id='word_1_401' title='bbox 1107 3281 1201 3334; x_wconf 76' lang='grc' dir='ltr'><em>καὶ</em></span> <span class='ocrx_word' id='word_1_402' title='bbox 1225 3283 1492 3355; x_wconf 78' lang='grc' dir='ltr'><em>ἥμαρτον,</em></span> <span class='ocrx_word' id='word_1_403' title='bbox 1510 3286 1632 3338; x_wconf 75' lang='grc' dir='ltr'>ἐπεὶ</span> 
     </span>
    </p>
   </div>
   <div class='ocr_carea' id='block_1_51' title="bbox 78 3363 1630 3447">
    <p class='ocr_par' dir='ltr' id='par_1_51' title="bbox 78 3363 1630 3447">
     <span class='ocr_line' id='line_1_51' title="bbox 78 3363 1630 3447; baseline 0.012 -35"><span class='ocrx_word' id='word_1_404' title='bbox 78 3363 158 3414; x_wconf 65' lang='grc' dir='ltr'><strong><em>οὒκ</em></strong></span> <span class='ocrx_word' id='word_1_405' title='bbox 196 3367 514 3422; x_wconf 71' lang='grc' dir='ltr'><em>ἐπίστευσαν</em></span> <span class='ocrx_word' id='word_1_406' title='bbox 544 3373 655 3433; x_wconf 79' lang='grc' dir='ltr'><em>τοῖς</em></span> <span class='ocrx_word' id='word_1_407' title='bbox 685 3371 1009 3442; x_wconf 77' lang='grc' dir='ltr'><em>Θαυμασίοις</em></span> <span class='ocrx_word' id='word_1_408' title='bbox 1038 3373 1225 3431; x_wconf 78' lang='grc' dir='ltr'><em>αὐτοῦ.</em></span> <span class='ocrx_word' id='word_1_409' title='bbox 1255 3376 1490 3430; x_wconf 85' lang='grc' dir='ltr'><em>Τοιαῦτα</em></span> <span class='ocrx_word' id='word_1_410' title='bbox 1521 3377 1630 3447; x_wconf 89' lang='grc' dir='ltr'><strong><em>γάρ</em></strong></span> 
     </span>
    </p>
   </div>
   <div class='ocr_carea' id='block_1_52' title="bbox 76 3454 1628 3538">
    <p class='ocr_par' dir='ltr' id='par_1_52' title="bbox 76 3454 1628 3538">
     <span class='ocr_line' id='line_1_52' title="bbox 76 3454 1628 3538; baseline 0.012 -34"><span class='ocrx_word' id='word_1_411' title='bbox 76 3454 333 3527; x_wconf 57' lang='grc' dir='ltr'><em>ὀφθαλμοῖς</em></span> <span class='ocrx_word' id='word_1_412' title='bbox 372 3460 630 3531; x_wconf 79' lang='grc' dir='ltr'><em>δρῶντες,</em></span> <span class='ocrx_word' id='word_1_413' title='bbox 657 3462 913 3515; x_wconf 80' lang='grc' dir='ltr'><strong><em>ἐνικῶντο</em></strong></span> <span class='ocrx_word' id='word_1_414' title='bbox 934 3463 1036 3516; x_wconf 84' lang='grc' dir='ltr'><strong><em>ὑπὸ</em></strong></span> <span class='ocrx_word' id='word_1_415' title='bbox 1057 3464 1158 3534; x_wconf 82' lang='grc' dir='ltr'><em>τῆς</em></span> <span class='ocrx_word' id='word_1_416' title='bbox 1191 3466 1486 3538; x_wconf 78' lang='grc' dir='ltr'><em>ἐπιθυμίας</em></span> <span class='ocrx_word' id='word_1_417' title='bbox 1530 3468 1628 3538; x_wconf 71' lang='grc'><strong><em>(2).</em></strong></span> 
     </span>
    </p>
   </div>
   <div class='ocr_carea' id='block_1_53' title="bbox 78 3540 1631 3627">
    <p class='ocr_par' dir='ltr' id='par_1_53' title="bbox 78 3540 1631 3627">
     <span class='ocr_line' id='line_1_53' title="bbox 78 3540 1631 3627; baseline 0.01 -31"><span class='ocrx_word' id='word_1_418' title='bbox 78 3540 205 3611; x_wconf 63' lang='grc' dir='ltr'><em>Εῗτα,</em></span> <span class='ocrx_word' id='word_1_419' title='bbox 242 3552 331 3603; x_wconf 77' lang='grc' dir='ltr'><em>καὶ</em></span> <span class='ocrx_word' id='word_1_420' title='bbox 362 3552 651 3617; x_wconf 74' lang='grc' dir='ltr'><em>ἐξέλιπον</em></span> <span class='ocrx_word' id='word_1_421' title='bbox 679 3554 749 3606; x_wconf 86' lang='grc' dir='ltr'><strong><em>ὲν</em></strong></span> <span class='ocrx_word' id='word_1_422' title='bbox 776 3556 1121 3624; x_wconf 84' lang='grc' dir='ltr'><em>ματαιότητι</em></span> <span class='ocrx_word' id='word_1_423' title='bbox 1168 3559 1230 3611; x_wconf 82' lang='lat' dir='ltr'><strong><em>al</em></strong></span> <span class='ocrx_word' id='word_1_424' title='bbox 1269 3557 1479 3627; x_wconf 83' lang='grc' dir='ltr'><em>ἡμέραι</em></span> <span class='ocrx_word' id='word_1_425' title='bbox 1527 3561 1631 3612; x_wconf 83' lang='grc' dir='ltr'><strong><em>αὐ-</em></strong></span> 
     </span>
    </p>
   </div>
   <div class='ocr_carea' id='block_1_54' title="bbox 76 3635 1632 3714">
    <p class='ocr_par' dir='ltr' id='par_1_54' title="bbox 76 3635 1632 3714">
     <span class='ocr_line' id='line_1_54' title="bbox 76 3635 1632 3714; baseline 0.006 -27"><span class='ocrx_word' id='word_1_426' title='bbox 76 3635 191 3691; x_wconf 77' lang='grc' dir='ltr'><em>τῶν.</em></span> <span class='ocrx_word' id='word_1_427' title='bbox 220 3640 339 3693; x_wconf 80' lang='grc' dir='ltr'><em>Δέον</em></span> <span class='ocrx_word' id='word_1_428' title='bbox 360 3641 471 3713; x_wconf 78' lang='grc' dir='ltr'><em>γὰρ</em></span> <span class='ocrx_word' id='word_1_429' title='bbox 508 3640 745 3714; x_wconf 65' lang='grc' dir='ltr'><em>θεωροὺς</em></span> <span class='ocrx_word' id='word_1_430' title='bbox 772 3642 1097 3713; x_wconf 82' lang='grc' dir='ltr'><em>γενομένους</em></span> <span class='ocrx_word' id='word_1_431' title='bbox 1126 3643 1234 3697; x_wconf 85' lang='grc' dir='ltr'><em>τῶν</em></span> <span class='ocrx_word' id='word_1_432' title='bbox 1256 3643 1350 3696; x_wconf 88' lang='grc' dir='ltr'><strong><em>τοῦ</em></strong></span> <span class='ocrx_word' id='word_1_433' title='bbox 1374 3643 1510 3697; x_wconf 87' lang='grc' dir='ltr'><em>Θεοῦ</em></span> <span class='ocrx_word' id='word_1_434' title='bbox 1537 3660 1632 3714; x_wconf 90' lang='grc' dir='ltr'><em>με-</em></span> 
     </span>
    </p>
   </div>
   <div class='ocr_carea' id='block_1_55' title="bbox 76 3729 1632 3807">
    <p class='ocr_par' dir='ltr' id='par_1_55' title="bbox 76 3729 1632 3807">
     <span class='ocr_line' id='line_1_55' title="bbox 76 3729 1632 3807; baseline 0.006 -28"><span class='ocrx_word' id='word_1_435' title='bbox 76 3729 535 3803; x_wconf 77' lang='grc' dir='ltr'><em>γαλουργημάτων,</em></span> <span class='ocrx_word' id='word_1_436' title='bbox 566 3734 717 3797; x_wconf 83' lang='grc' dir='ltr'><em>ὅλους</em></span> <span class='ocrx_word' id='word_1_437' title='bbox 752 3735 947 3798; x_wconf 81' lang='grc' dir='ltr'><em>αὐτοὺς</em></span> <span class='ocrx_word' id='word_1_438' title='bbox 974 3735 1250 3789; x_wconf 81' lang='grc' dir='ltr'><em>ἀναθεῖναι</em></span> <span class='ocrx_word' id='word_1_439' title='bbox 1281 3735 1431 3807; x_wconf 79' lang='grc' dir='ltr'><em>αὐτῷ</em></span> <span class='ocrx_word' id='word_1_440' title='bbox 1450 3754 1463 3767; x_wconf 67' lang='grc' dir='ltr'><strong><em>υ</em></strong></span> <span class='ocrx_word' id='word_1_441' title='bbox 1495 3738 1542 3789; x_wconf 83' lang='grc' dir='ltr'><strong><em>οἱ</em></strong></span> <span class='ocrx_word' id='word_1_442' title='bbox 1575 3735 1632 3789; x_wconf 84' lang='grc' dir='ltr'><em>δὲ</em></span> 
     </span>
    </p>
   </div>
   <div class='ocr_carea' id='block_1_56' title="bbox 76 3816 1632 3899">
    <p class='ocr_par' dir='ltr' id='par_1_56' title="bbox 76 3816 1632 3899">
     <span class='ocr_line' id='line_1_56' title="bbox 76 3816 1632 3899; baseline 0.002 -22"><span class='ocrx_word' id='word_1_443' title='bbox 76 3816 372 3892; x_wconf 74' lang='grc' dir='ltr'><em>θρεμμάτων</em></span> <span class='ocrx_word' id='word_1_444' title='bbox 406 3826 619 3895; x_wconf 81' lang='grc' dir='ltr'><em>ἀλόγων</em></span> <span class='ocrx_word' id='word_1_445' title='bbox 657 3826 811 3897; x_wconf 82' lang='grc' dir='ltr'><em>δίκην</em></span> <span class='ocrx_word' id='word_1_446' title='bbox 851 3830 917 3899; x_wconf 78' lang='grc' dir='ltr'><em>τῇ</em></span> <span class='ocrx_word' id='word_1_447' title='bbox 954 3829 1060 3881; x_wconf 86' lang='grc' dir='ltr'><strong><em>τῶν</em></strong></span> <span class='ocrx_word' id='word_1_448' title='bbox 1097 3829 1366 3899; x_wconf 84' lang='grc' dir='ltr'><em>σωμάτων</em></span> <span class='ocrx_word' id='word_1_449' title='bbox 1410 3830 1632 3899; x_wconf 87' lang='grc' dir='ltr'><em>προσεῖ-</em></span> 
     </span>
    </p>
   </div>
   <div class='ocr_carea' id='block_1_57' title="bbox 1731 2639 3321 2712">
    <p class='ocr_par' dir='ltr' id='par_1_57' title="bbox 1731 2639 3321 2712">
     <span class='ocr_line' id='line_1_57' title="bbox 1731 2639 3321 2712; baseline -0.005 -11"><span class='ocrx_word' id='word_1_450' title='bbox 1731 2656 1779 2701; x_wconf 93' lang='lat' dir='ltr'><strong><em>et</em></strong></span> <span class='ocrx_word' id='word_1_451' title='bbox 1803 2664 1906 2701; x_wconf 89' lang='lat' dir='ltr'><strong><em>non</em></strong></span> <span class='ocrx_word' id='word_1_452' title='bbox 1932 2646 2270 2700; x_wconf 84' lang='lat' dir='ltr'><strong><em>crediderunt</em></strong></span> <span class='ocrx_word' id='word_1_453' title='bbox 2302 2647 2354 2698; x_wconf 89' lang='lat' dir='ltr'><strong><em>in</em></strong></span> <span class='ocrx_word' id='word_1_454' title='bbox 2389 2643 2724 2698; x_wconf 75' lang='lat' dir='ltr'><strong><em>mirabilibus</em></strong></span> <span class='ocrx_word' id='word_1_455' title='bbox 2749 2643 2883 2712; x_wconf 83' lang='lat' dir='ltr'><strong><em>ejus.</em></strong></span> <span class='ocrx_word' id='word_1_456' title='bbox 2920 2641 2988 2695; x_wconf 85' lang='lat' dir='ltr'><strong><em>Et</em></strong></span> <span class='ocrx_word' id='word_1_457' title='bbox 3021 2639 3321 2710; x_wconf 81' lang='lat' dir='ltr'><strong><em>defecerunt</em></strong></span> 
     </span>
    </p>
   </div>
   <div class='ocr_carea' id='block_1_58' title="bbox 1730 2733 3316 2803">
    <p class='ocr_par' dir='ltr' id='par_1_58' title="bbox 1730 2733 3316 2803">
     <span class='ocr_line' id='line_1_58' title="bbox 1730 2733 3316 2803; baseline -0.004 -10"><span class='ocrx_word' id='word_1_458' title='bbox 1730 2740 1784 2793; x_wconf 93' lang='lat' dir='ltr'><strong><em>in</em></strong></span> <span class='ocrx_word' id='word_1_459' title='bbox 1800 2740 2031 2793; x_wconf 85' lang='lat' dir='ltr'><strong><em>vanitate</em></strong></span> <span class='ocrx_word' id='word_1_460' title='bbox 2051 2739 2162 2793; x_wconf 86' lang='lat' dir='ltr'><strong><em>dies</em></strong></span> <span class='ocrx_word' id='word_1_461' title='bbox 2189 2754 2390 2803; x_wconf 88' lang='lat' dir='ltr'><strong><em>eorum,</em></strong></span> <span class='ocrx_word' id='word_1_462' title='bbox 2408 2745 2457 2789; x_wconf 86' lang='lat' dir='ltr'><strong><em>et</em></strong></span> <span class='ocrx_word' id='word_1_463' title='bbox 2472 2736 2599 2787; x_wconf 85' lang='lat' dir='ltr'><strong><em>anni</em></strong></span> <span class='ocrx_word' id='word_1_464' title='bbox 2623 2750 2803 2787; x_wconf 88' lang='lat' dir='ltr'><strong><em>eorum</em></strong></span> <span class='ocrx_word' id='word_1_465' title='bbox 2821 2750 2938 2786; x_wconf 89' lang='lat' dir='ltr'><strong><em>cum</em></strong></span> <span class='ocrx_word' id='word_1_466' title='bbox 2961 2733 3316 2797; x_wconf 75' lang='lat' dir='ltr'><strong><em>festinatione.</em></strong></span> 
     </span>
    </p>
   </div>
   <div class='ocr_carea' id='block_1_59' title="bbox 1729 2824 3321 2900">
    <p class='ocr_par' dir='ltr' id='par_1_59' title="bbox 1729 2824 3321 2900">
     <span class='ocr_line' id='line_1_59' title="bbox 1729 2824 3321 2900; baseline -0.007 -13"><span class='ocrx_word' id='word_1_467' title='bbox 1729 2832 1863 2887; x_wconf 90' lang='lat' dir='ltr'><strong><em>Cum</em></strong></span> <span class='ocrx_word' id='word_1_468' title='bbox 1887 2846 2067 2887; x_wconf 88' lang='lat' dir='ltr'><strong><em>sermo</em></strong></span> <span class='ocrx_word' id='word_1_469' title='bbox 2090 2831 2144 2885; x_wconf 89' lang='lat' dir='ltr'><strong><em>in</em></strong></span> <span class='ocrx_word' id='word_1_470' title='bbox 2181 2828 2455 2900; x_wconf 79' lang='lat' dir='ltr'><strong><em>arguenda</em></strong></span> <span class='ocrx_word' id='word_1_471' title='bbox 2471 2836 2526 2882; x_wconf 88' lang='lat' dir='ltr'><strong><em>et</em></strong></span> <span class='ocrx_word' id='word_1_472' title='bbox 2554 2826 2854 2881; x_wconf 81' lang='lat' dir='ltr'><strong><em>incusanda</em></strong></span> <span class='ocrx_word' id='word_1_473' title='bbox 2879 2824 3187 2879; x_wconf 81' lang='lat' dir='ltr'><strong><em>Judaeorum</em></strong></span> <span class='ocrx_word' id='word_1_474' title='bbox 3218 2825 3321 2876; x_wconf 89' lang='lat' dir='ltr'><strong><em>im-</em></strong></span> 
     </span>
    </p>
   </div>
   <div class='ocr_carea' id='block_1_60' title="bbox 1729 2917 3321 2994">
    <p class='ocr_par' dir='ltr' id='par_1_60' title="bbox 1729 2917 3321 2994">
     <span class='ocr_line' id='line_1_60' title="bbox 1729 2917 3321 2994; baseline -0.004 -16"><span class='ocrx_word' id='word_1_475' title='bbox 1729 2926 1997 2994; x_wconf 88' lang='lat' dir='ltr'><strong><em>probitate</em></strong></span> <span class='ocrx_word' id='word_1_476' title='bbox 2015 2923 2264 2985; x_wconf 90' lang='lat' dir='ltr'><strong><em>totussit,</em></strong></span> <span class='ocrx_word' id='word_1_477' title='bbox 2291 2936 2478 2975; x_wconf 87' lang='lat' dir='ltr'><strong><em>eorum</em></strong></span> <span class='ocrx_word' id='word_1_478' title='bbox 2511 2919 2714 2974; x_wconf 85' lang='lat' dir='ltr'><strong><em>scelera</em></strong></span> <span class='ocrx_word' id='word_1_479' title='bbox 2733 2923 3036 2979; x_wconf 85' lang='lat' dir='ltr'><strong><em>enumerat,</em></strong></span> <span class='ocrx_word' id='word_1_480' title='bbox 3054 2917 3321 2971; x_wconf 77' lang='lat' dir='ltr'><strong><em>declarat—</em></strong></span> 
     </span>
    </p>
   </div>
   <div class='ocr_carea' id='block_1_61' title="bbox 1728 3008 3318 3086">
    <p class='ocr_par' dir='ltr' id='par_1_61' title="bbox 1728 3008 3318 3086">
     <span class='ocr_line' id='line_1_61' title="bbox 1728 3008 3318 3086; baseline -0.005 -15"><span class='ocrx_word' id='word_1_481' title='bbox 1728 3032 1834 3086; x_wconf 92' lang='lat' dir='ltr'><strong><em>que</em></strong></span> <span class='ocrx_word' id='word_1_482' title='bbox 1856 3032 1963 3071; x_wconf 88' lang='lat' dir='ltr'><strong><em>non</em></strong></span> <span class='ocrx_word' id='word_1_483' title='bbox 1981 3017 2098 3071; x_wconf 90' lang='lat' dir='ltr'><strong><em>sine</em></strong></span> <span class='ocrx_word' id='word_1_484' title='bbox 2115 3029 2281 3069; x_wconf 87' lang='lat' dir='ltr'><strong><em>causa</em></strong></span> <span class='ocrx_word' id='word_1_485' title='bbox 2305 3014 2455 3084; x_wconf 89' lang='lat' dir='ltr'><strong><em>ipsos</em></strong></span> <span class='ocrx_word' id='word_1_486' title='bbox 2477 3011 2611 3065; x_wconf 91' lang='lat' dir='ltr'><strong><em>iram</em></strong></span> <span class='ocrx_word' id='word_1_487' title='bbox 2636 3011 2726 3065; x_wconf 86' lang='lat' dir='ltr'><strong><em>Dei</em></strong></span> <span class='ocrx_word' id='word_1_488' title='bbox 2754 3009 3121 3065; x_wconf 80' lang='lat' dir='ltr'><strong><em>invasisse.Ac</em></strong></span> <span class='ocrx_word' id='word_1_489' title='bbox 3140 3008 3318 3073; x_wconf 91' lang='lat' dir='ltr'><strong><em>docet,</em></strong></span> 
     </span>
    </p>
   </div>
   <div class='ocr_carea' id='block_1_62' title="bbox 1728 3102 3320 3179">
    <p class='ocr_par' dir='ltr' id='par_1_62' title="bbox 1728 3102 3320 3179">
     <span class='ocr_line' id='line_1_62' title="bbox 1728 3102 3320 3179; baseline -0.004 -16"><span class='ocrx_word' id='word_1_490' title='bbox 1728 3122 1823 3163; x_wconf 91' lang='lat' dir='ltr'><strong><em>eos</em></strong></span> <span class='ocrx_word' id='word_1_491' title='bbox 1842 3117 1963 3179; x_wconf 89' lang='lat' dir='ltr'><strong><em>post</em></strong></span> <span class='ocrx_word' id='word_1_492' title='bbox 1977 3108 2231 3178; x_wconf 78' lang='lat' dir='ltr'><strong><em>praedicta</em></strong></span> <span class='ocrx_word' id='word_1_493' title='bbox 2250 3107 2338 3159; x_wconf 91' lang='lat' dir='ltr'><strong><em>illa</em></strong></span> <span class='ocrx_word' id='word_1_494' title='bbox 2352 3106 2554 3168; x_wconf 89' lang='lat' dir='ltr'><strong><em>omnia,</em></strong></span> <span class='ocrx_word' id='word_1_495' title='bbox 2572 3103 2711 3157; x_wconf 88' lang='lat' dir='ltr'><strong><em>mala</em></strong></span> <span class='ocrx_word' id='word_1_496' title='bbox 2730 3111 2990 3174; x_wconf 75' lang='lat' dir='ltr'><strong><em>augentes</em></strong></span> <span class='ocrx_word' id='word_1_497' title='bbox 3008 3118 3125 3164; x_wconf 85' lang='lat' dir='ltr'><strong><em>sua,</em></strong></span> <span class='ocrx_word' id='word_1_498' title='bbox 3143 3102 3320 3157; x_wconf 88' lang='lat' dir='ltr'><strong><em>adhuc</em></strong></span> 
     </span>
    </p>
   </div>
   <div class='ocr_carea' id='block_1_63' title="bbox 1729 3196 3320 3272">
    <p class='ocr_par' dir='ltr' id='par_1_63' title="bbox 1729 3196 3320 3272">
     <span class='ocr_line' id='line_1_63' title="bbox 1729 3196 3320 3272; baseline -0.004 -17"><span class='ocrx_word' id='word_1_499' title='bbox 1729 3215 1985 3272; x_wconf 85' lang='lat' dir='ltr'><strong><em>peccasse</em></strong></span> <span class='ocrx_word' id='word_1_500' title='bbox 2009 3219 2021 3254; x_wconf 74' lang='grc' dir='ltr'><strong><em>ι</em></strong></span> <span class='ocrx_word' id='word_1_501' title='bbox 2054 3215 2309 3271; x_wconf 88' lang='lat' dir='ltr'><strong><em>peccasse</em></strong></span> <span class='ocrx_word' id='word_1_502' title='bbox 2331 3198 2540 3254; x_wconf 87' lang='lat' dir='ltr'><strong><em>scilicet</em></strong></span> <span class='ocrx_word' id='word_1_503' title='bbox 2558 3198 2685 3267; x_wconf 88' lang='lat' dir='ltr'><strong><em>quia</em></strong></span> <span class='ocrx_word' id='word_1_504' title='bbox 2707 3212 2812 3251; x_wconf 90' lang='lat' dir='ltr'><strong><em>non</em></strong></span> <span class='ocrx_word' id='word_1_505' title='bbox 2839 3196 3180 3252; x_wconf 87' lang='lat' dir='ltr'><strong><em>crediderunt</em></strong></span> <span class='ocrx_word' id='word_1_506' title='bbox 3213 3196 3320 3249; x_wconf 80' lang='lat' dir='ltr'><strong><em>mi-</em></strong></span> 
     </span>
    </p>
   </div>
   <div class='ocr_carea' id='block_1_64' title="bbox 1728 3284 3320 3359">
    <p class='ocr_par' dir='ltr' id='par_1_64' title="bbox 1728 3284 3320 3359">
     <span class='ocr_line' id='line_1_64' title="bbox 1728 3284 3320 3359; baseline -0.003 -14"><span class='ocrx_word' id='word_1_507' title='bbox 1728 3290 1921 3345; x_wconf 86' lang='lat' dir='ltr'><strong><em>rabilia</em></strong></span> <span class='ocrx_word' id='word_1_508' title='bbox 1950 3289 2091 3359; x_wconf 86' lang='lat' dir='ltr'><strong><em>ejus.</em></strong></span> <span class='ocrx_word' id='word_1_509' title='bbox 2126 3289 2261 3344; x_wconf 90' lang='lat' dir='ltr'><strong><em>Cum</em></strong></span> <span class='ocrx_word' id='word_1_510' title='bbox 2298 3288 2430 3343; x_wconf 84' lang='lat' dir='ltr'><strong><em>talia</em></strong></span> <span class='ocrx_word' id='word_1_511' title='bbox 2484 3302 2719 3356; x_wconf 90' lang='lat' dir='ltr'><strong><em>namque</em></strong></span> <span class='ocrx_word' id='word_1_512' title='bbox 2769 3285 2905 3355; x_wconf 90' lang='lat' dir='ltr'><strong><em>ipsis</em></strong></span> <span class='ocrx_word' id='word_1_513' title='bbox 2953 3286 3127 3340; x_wconf 91' lang='lat' dir='ltr'><strong><em>oculis</em></strong></span> <span class='ocrx_word' id='word_1_514' title='bbox 3166 3284 3320 3340; x_wconf 86' lang='lat' dir='ltr'><strong><em>vide-</em></strong></span> 
     </span>
    </p>
   </div>
   <div class='ocr_carea' id='block_1_65' title="bbox 1728 3375 3314 3452">
    <p class='ocr_par' dir='ltr' id='par_1_65' title="bbox 1728 3375 3314 3452">
     <span class='ocr_line' id='line_1_65' title="bbox 1728 3375 3314 3452; baseline -0.002 -17"><span class='ocrx_word' id='word_1_515' title='bbox 1728 3388 1870 3443; x_wconf 89' lang='lat' dir='ltr'><strong><em>rent,</em></strong></span> <span class='ocrx_word' id='word_1_516' title='bbox 1904 3396 1934 3435; x_wconf 91' lang='lat' dir='ltr'><strong><em>a</em></strong></span> <span class='ocrx_word' id='word_1_517' title='bbox 1967 3378 2415 3452; x_wconf 89' lang='lat' dir='ltr'><strong><em>concupiscentia</em></strong></span> <span class='ocrx_word' id='word_1_518' title='bbox 2470 3394 2568 3433; x_wconf 91' lang='lat' dir='ltr'><strong><em>sua</em></strong></span> <span class='ocrx_word' id='word_1_519' title='bbox 2609 3378 3030 3448; x_wconf 82' lang='lat' dir='ltr'><strong><em>superabantur.</em></strong></span> <span class='ocrx_word' id='word_1_520' title='bbox 3089 3375 3314 3441; x_wconf 84' lang='lat' dir='ltr'><strong><em>Deinde,</em></strong></span> 
     </span>
    </p>
   </div>
   <div class='ocr_carea' id='block_1_66' title="bbox 1728 3468 3319 3542">
    <p class='ocr_par' dir='ltr' id='par_1_66' title="bbox 1728 3468 3319 3542">
     <span class='ocr_line' id='line_1_66' title="bbox 1728 3468 3319 3542; baseline -0.002 -15"><span class='ocrx_word' id='word_1_521' title='bbox 1728 3482 1778 3529; x_wconf 90' lang='lat' dir='ltr'><strong><em>et</em></strong></span> <span class='ocrx_word' id='word_1_522' title='bbox 1827 3472 2125 3542; x_wconf 80' lang='lat' dir='ltr'><strong><em>defecerunt</em></strong></span> <span class='ocrx_word' id='word_1_523' title='bbox 2152 3474 2207 3525; x_wconf 88' lang='lat' dir='ltr'><strong><em>in</em></strong></span> <span class='ocrx_word' id='word_1_524' title='bbox 2238 3472 2470 3526; x_wconf 85' lang='lat' dir='ltr'><strong><em>vanitate</em></strong></span> <span class='ocrx_word' id='word_1_525' title='bbox 2502 3469 2614 3524; x_wconf 87' lang='lat' dir='ltr'><strong><em>dies</em></strong></span> <span class='ocrx_word' id='word_1_526' title='bbox 2644 3486 2845 3525; x_wconf 90' lang='lat' dir='ltr'><strong><em>eorum.</em></strong></span> <span class='ocrx_word' id='word_1_527' title='bbox 2872 3470 3010 3524; x_wconf 80' lang='lat' dir='ltr'><strong><em>Cum</em></strong></span> <span class='ocrx_word' id='word_1_528' title='bbox 3042 3468 3319 3538; x_wconf 83' lang='lat' dir='ltr'><strong><em>oportuis-</em></strong></span> 
     </span>
    </p>
   </div>
   <div class='ocr_carea' id='block_1_67' title="bbox 1730 3556 3313 3636">
    <p class='ocr_par' dir='ltr' id='par_1_67' title="bbox 1730 3556 3313 3636">
     <span class='ocr_line' id='line_1_67' title="bbox 1730 3556 3313 3636; baseline -0.007 -12"><span class='ocrx_word' id='word_1_529' title='bbox 1730 3577 1812 3624; x_wconf 89' lang='lat' dir='ltr'><strong><em>set</em></strong></span> <span class='ocrx_word' id='word_1_530' title='bbox 1845 3567 1989 3623; x_wconf 91' lang='lat' dir='ltr'><strong><em>enim</em></strong></span> <span class='ocrx_word' id='word_1_531' title='bbox 2027 3566 2171 3627; x_wconf 91' lang='lat' dir='ltr'><strong><em>illos,</em></strong></span> <span class='ocrx_word' id='word_1_532' title='bbox 2206 3571 2549 3636; x_wconf 88' lang='lat' dir='ltr'><strong><em>spectatores</em></strong></span> <span class='ocrx_word' id='word_1_533' title='bbox 2572 3577 2767 3633; x_wconf 88' lang='lat' dir='ltr'><strong><em>nempe</em></strong></span> <span class='ocrx_word' id='word_1_534' title='bbox 2794 3560 3171 3632; x_wconf 84' lang='lat' dir='ltr'><strong><em>prodigiorum</em></strong></span> <span class='ocrx_word' id='word_1_535' title='bbox 3196 3556 3313 3622; x_wconf 85' lang='lat' dir='ltr'><strong><em>Dei,</em></strong></span> 
     </span>
    </p>
   </div>
   <div class='ocr_carea' id='block_1_68' title="bbox 1729 3650 3313 3726">
    <p class='ocr_par' dir='ltr' id='par_1_68' title="bbox 1729 3650 3313 3726">
     <span class='ocr_line' id='line_1_68' title="bbox 1729 3650 3313 3726; baseline -0.005 -15"><span class='ocrx_word' id='word_1_536' title='bbox 1729 3664 1876 3712; x_wconf 90' lang='lat' dir='ltr'><strong><em>totos</em></strong></span> <span class='ocrx_word' id='word_1_537' title='bbox 1927 3672 2049 3712; x_wconf 87' lang='lat' dir='ltr'><strong><em>sese</em></strong></span> <span class='ocrx_word' id='word_1_538' title='bbox 2096 3656 2201 3726; x_wconf 84' lang='lat' dir='ltr'><strong><em>ipsi</em></strong></span> <span class='ocrx_word' id='word_1_539' title='bbox 2232 3654 2630 3723; x_wconf 39' lang='lat' dir='ltr'><strong><em>“committere;</em></strong></span> <span class='ocrx_word' id='word_1_540' title='bbox 2662 3653 2739 3707; x_wconf 91' lang='lat' dir='ltr'><strong><em>illi</em></strong></span> <span class='ocrx_word' id='word_1_541' title='bbox 2784 3659 2974 3707; x_wconf 89' lang='lat' dir='ltr'><strong><em>contra</em></strong></span> <span class='ocrx_word' id='word_1_542' title='bbox 3028 3650 3313 3705; x_wconf 86' lang='lat' dir='ltr'><strong><em>hrutorum</em></strong></span> 
     </span>
    </p>
   </div>
   <div class='ocr_carea' id='block_1_69' title="bbox 1731 3742 3312 3819">
    <p class='ocr_par' dir='ltr' id='par_1_69' title="bbox 1731 3742 3312 3819">
     <span class='ocr_line' id='line_1_69' title="bbox 1731 3742 3312 3819; baseline -0.006 -15"><span class='ocrx_word' id='word_1_543' title='bbox 1731 3750 1905 3805; x_wconf 89' lang='lat' dir='ltr'><strong><em>instar</em></strong></span> <span class='ocrx_word' id='word_1_544' title='bbox 1953 3747 2202 3819; x_wconf 88' lang='lat' dir='ltr'><strong><em>corporis</em></strong></span> <span class='ocrx_word' id='word_1_545' title='bbox 2252 3745 2479 3803; x_wconf 78' lang='lat' dir='ltr'><strong><em>vanitati</em></strong></span> <span class='ocrx_word' id='word_1_546' title='bbox 2532 3745 2772 3799; x_wconf 90' lang='lat' dir='ltr'><strong><em>animum</em></strong></span> <span class='ocrx_word' id='word_1_547' title='bbox 2823 3742 3130 3807; x_wconf 85' lang='lat' dir='ltr'><strong><em>habebant,</em></strong></span> <span class='ocrx_word' id='word_1_548' title='bbox 3188 3756 3312 3796; x_wconf 90' lang='lat' dir='ltr'><strong><em>cum</em></strong></span> 
     </span>
    </p>
   </div>
   <div class='ocr_carea' id='block_1_70' title="bbox 1732 3833 3312 3909">
    <p class='ocr_par' dir='ltr' id='par_1_70' title="bbox 1732 3833 3312 3909">
     <span class='ocr_line' id='line_1_70' title="bbox 1732 3833 3312 3909; baseline -0.007 -11"><span class='ocrx_word' id='word_1_549' title='bbox 1732 3843 1965 3898; x_wconf 86' lang='lat' dir='ltr'><strong><em>stultitia</em></strong></span> <span class='ocrx_word' id='word_1_550' title='bbox 2012 3849 2067 3897; x_wconf 89' lang='lat' dir='ltr'><strong><em>et</em></strong></span> <span class='ocrx_word' id='word_1_551' title='bbox 2113 3837 2426 3909; x_wconf 88' lang='lat' dir='ltr'><strong><em>insipientia</em></strong></span> <span class='ocrx_word' id='word_1_552' title='bbox 2477 3841 2908 3905; x_wconf 77' lang='lat' dir='ltr'><strong><em>conquerentes,</em></strong></span> <span class='ocrx_word' id='word_1_553' title='bbox 2956 3833 3203 3902; x_wconf 87' lang='lat' dir='ltr'><strong><em>nihilque</em></strong></span> <span class='ocrx_word' id='word_1_554' title='bbox 3245 3848 3312 3888; x_wconf 78' lang='lat' dir='ltr'><strong><em>ex</em></strong></span> 
     </span>
    </p>
   </div>
   <div class='ocr_carea' id='block_1_71' title="bbox 76 3908 1630 3997">
    <p class='ocr_par' dir='ltr' id='par_1_71' title="bbox 76 3919 1627 3994">
     <span class='ocr_line' id='line_1_71' title="bbox 76 3919 1627 3994; baseline 0.004 -25"><span class='ocrx_word' id='word_1_555' title='bbox 76 3929 151 3980; x_wconf 80' lang='grc' dir='ltr'><strong><em>χον</em></strong></span> <span class='ocrx_word' id='word_1_556' title='bbox 197 3920 529 3990; x_wconf 76' lang='grc' dir='ltr'><em>ματαιότητι,</em></span> <span class='ocrx_word' id='word_1_557' title='bbox 554 3921 611 3973; x_wconf 84' lang='grc' dir='ltr'><strong><em>ὲν</em></strong></span> <span class='ocrx_word' id='word_1_558' title='bbox 636 3919 827 3992; x_wconf 80' lang='grc' dir='ltr'><em>ἀλογίᾳ</em></span> <span class='ocrx_word' id='word_1_559' title='bbox 848 3921 943 3974; x_wconf 77' lang='grc' dir='ltr'><strong><em>καὶ</em></strong></span> <span class='ocrx_word' id='word_1_560' title='bbox 967 3922 1122 3993; x_wconf 78' lang='grc' dir='ltr'><em>ἀνοίᾳ</em></span> <span class='ocrx_word' id='word_1_561' title='bbox 1176 3922 1627 3994; x_wconf 77' lang='grc' dir='ltr'><em>κατηγοροῦντες,</em></span> 
     </span>
    </p>
   </div>
   <div class='ocr_carea' id='block_1_72' title="bbox 1730 3908 3315 3997">
    <p class='ocr_par' dir='ltr' id='par_1_72' title="bbox 1733 3908 3315 3997">
     <span class='ocr_line' id='line_1_72' title="bbox 1733 3908 3315 3997; baseline -0.006 -6"><span class='ocrx_word' id='word_1_562' title='bbox 1733 3936 1891 3991; x_wconf 90' lang='lat' dir='ltr'><strong><em>bonis</em></strong></span> <span class='ocrx_word' id='word_1_563' title='bbox 1936 3934 2042 3990; x_wconf 89' lang='lat' dir='ltr'><strong><em>sibi</em></strong></span> <span class='ocrx_word' id='word_1_564' title='bbox 2090 3908 2524 3987; x_wconf 86' lang='lat' dir='ltr'><strong><em>subministratis</em></strong></span> <span class='ocrx_word' id='word_1_565' title='bbox 2570 3927 2640 3982; x_wconf 90' lang='lat' dir='ltr'><strong><em>ad</em></strong></span> <span class='ocrx_word' id='word_1_566' title='bbox 2690 3925 2786 3982; x_wconf 89' lang='lat' dir='ltr'><strong><em>Dei</em></strong></span> <span class='ocrx_word' id='word_1_567' title='bbox 2840 3925 3207 3997; x_wconf 77' lang='lat' dir='ltr'><strong><em>cognitionem</em></strong></span> <span class='ocrx_word' id='word_1_568' title='bbox 3260 3936 3315 3982; x_wconf 91' lang='lat' dir='ltr'><strong><em>et</em></strong></span> 
     </span>
    </p>
   </div>
   <div class='ocr_carea' id='block_1_73' title="bbox 74 4005 1630 4087">
    <p class='ocr_par' dir='ltr' id='par_1_73' title="bbox 74 4005 1630 4087">
     <span class='ocr_line' id='line_1_73' title="bbox 74 4005 1630 4087; baseline 0.014 -30"><span class='ocrx_word' id='word_1_569' title='bbox 74 4005 152 4058; x_wconf 71' lang='grc' dir='ltr'><strong><em>ναὶ</em></strong></span> <span class='ocrx_word' id='word_1_570' title='bbox 200 4009 358 4077; x_wconf 73' lang='grc' dir='ltr'><em>μηδὲν</em></span> <span class='ocrx_word' id='word_1_571' title='bbox 411 4011 574 4064; x_wconf 82' lang='grc' dir='ltr'><em>πλέον</em></span> <span class='ocrx_word' id='word_1_572' title='bbox 622 4013 686 4066; x_wconf 84' lang='grc' dir='ltr'><strong>ὲκ</strong></span> <span class='ocrx_word' id='word_1_573' title='bbox 732 4012 841 4067; x_wconf 85' lang='grc' dir='ltr'><em>τῶν</em></span> <span class='ocrx_word' id='word_1_574' title='bbox 873 4015 953 4077; x_wconf 83' lang='grc' dir='ltr'><strong><em>είς</em></strong></span> <span class='ocrx_word' id='word_1_575' title='bbox 982 4014 1177 4080; x_wconf 74' lang='grc' dir='ltr'><em>αὐτοὺς</em></span> <span class='ocrx_word' id='word_1_576' title='bbox 1206 4014 1630 4087; x_wconf 79' lang='grc' dir='ltr'><em>χορηγουμένων</em></span> 
     </span>
    </p>
   </div>
   <div class='ocr_carea' id='block_1_74' title="bbox 74 4098 1629 4179">
    <p class='ocr_par' dir='ltr' id='par_1_74' title="bbox 74 4098 1629 4179">
     <span class='ocr_line' id='line_1_74' title="bbox 74 4098 1629 4179; baseline 0.006 -27"><span class='ocrx_word' id='word_1_577' title='bbox 74 4098 139 4159; x_wconf 74' lang='grc' dir='ltr'><em>εἰς</em></span> <span class='ocrx_word' id='word_1_578' title='bbox 168 4100 354 4166; x_wconf 83' lang='grc' dir='ltr'><em>γνῶσιν</em></span> <span class='ocrx_word' id='word_1_579' title='bbox 385 4104 523 4157; x_wconf 88' lang='grc' dir='ltr'><em>Θεοῦ</em></span> <span class='ocrx_word' id='word_1_580' title='bbox 572 4105 667 4158; x_wconf 75' lang='grc' dir='ltr'><strong><em>καὶ</em></strong></span> <span class='ocrx_word' id='word_1_581' title='bbox 708 4104 885 4178; x_wconf 78' lang='grc' dir='ltr'><em>ψυχῆς</em></span> <span class='ocrx_word' id='word_1_582' title='bbox 939 4107 1210 4179; x_wconf 79' lang='grc' dir='ltr'><em>σωτηρίαν</em></span> <span class='ocrx_word' id='word_1_583' title='bbox 1264 4107 1629 4179; x_wconf 74' lang='grc' dir='ltr'><em>ποριζόμενοι.</em></span> 
     </span>
    </p>
   </div>
   <div class='ocr_carea' id='block_1_75' title="bbox 73 4184 1631 4267">
    <p class='ocr_par' dir='ltr' id='par_1_75' title="bbox 73 4184 1631 4267">
     <span class='ocr_line' id='line_1_75' title="bbox 73 4184 1631 4267; baseline 0.01 -30"><span class='ocrx_word' id='word_1_584' title='bbox 73 4184 235 4252; x_wconf 73' lang='grc' dir='ltr'><em>Οὕτως</em></span> <span class='ocrx_word' id='word_1_585' title='bbox 264 4187 354 4244; x_wconf 76' lang='grc' dir='ltr'><strong><em>οὖν</em></strong></span> <span class='ocrx_word' id='word_1_586' title='bbox 381 4193 671 4258; x_wconf 75' lang='grc' dir='ltr'><em>ἐξέλιπον</em></span> <span class='ocrx_word' id='word_1_587' title='bbox 708 4195 779 4249; x_wconf 86' lang='grc' dir='ltr'><strong><em>ἐν</em></strong></span> <span class='ocrx_word' id='word_1_588' title='bbox 800 4198 1162 4267; x_wconf 66' lang='grc' dir='ltr'><em>ματαιότητιξ</em></span> <span class='ocrx_word' id='word_1_589' title='bbox 1188 4201 1248 4252; x_wconf 83' lang='grc' dir='ltr'><em>αἱ</em></span> <span class='ocrx_word' id='word_1_590' title='bbox 1280 4196 1492 4267; x_wconf 84' lang='grc' dir='ltr'><em>ἡμέραι</em></span> <span class='ocrx_word' id='word_1_591' title='bbox 1522 4200 1631 4252; x_wconf 79' lang='grc' dir='ltr'><strong><em>αὐ-</em></strong></span> 
     </span>
    </p>
   </div>
   <div class='ocr_carea' id='block_1_76' title="bbox 72 4276 1632 4360">
    <p class='ocr_par' dir='ltr' id='par_1_76' title="bbox 72 4276 1632 4360">
     <span class='ocr_line' id='line_1_76' title="bbox 72 4276 1632 4360; baseline 0.01 -32"><span class='ocrx_word' id='word_1_592' title='bbox 72 4276 198 4329; x_wconf 82' lang='grc' dir='ltr'><em>τῶν·</em></span> <span class='ocrx_word' id='word_1_593' title='bbox 230 4282 287 4333; x_wconf 77' lang='grc' dir='ltr'><strong><em>οὐ</em></strong></span> <span class='ocrx_word' id='word_1_594' title='bbox 323 4283 506 4352; x_wconf 89' lang='grc' dir='ltr'><em>μόνον,</em></span> <span class='ocrx_word' id='word_1_595' title='bbox 535 4286 670 4341; x_wconf 86' lang='grc' dir='ltr'><strong><em>ἀλλά</em></strong></span> <span class='ocrx_word' id='word_1_596' title='bbox 692 4288 786 4340; x_wconf 76' lang='grc' dir='ltr'><em>καὶ</em></span> <span class='ocrx_word' id='word_1_597' title='bbox 814 4288 884 4342; x_wconf 87' lang='grc' dir='ltr'><em>τὰ</em></span> <span class='ocrx_word' id='word_1_598' title='bbox 910 4289 1013 4357; x_wconf 77' lang='grc' dir='ltr'><em>ἔτη</em></span> <span class='ocrx_word' id='word_1_599' title='bbox 1043 4287 1243 4343; x_wconf 85' lang='grc' dir='ltr'><em>αὐτῶν</em></span> <span class='ocrx_word' id='word_1_600' title='bbox 1261 4290 1412 4360; x_wconf 83' lang='grc' dir='ltr'><em>μετὰ</em></span> <span class='ocrx_word' id='word_1_601' title='bbox 1440 4305 1632 4344; x_wconf 86' lang='grc' dir='ltr'><em>σπου-</em></span> 
     </span>
    </p>
   </div>
   <div class='ocr_carea' id='block_1_77' title="bbox 71 4366 1630 4453">
    <p class='ocr_par' dir='ltr' id='par_1_77' title="bbox 71 4366 1630 4453">
     <span class='ocr_line' id='line_1_77' title="bbox 71 4366 1630 4453; baseline 0.007 -28"><span class='ocrx_word' id='word_1_602' title='bbox 71 4366 166 4435; x_wconf 82' lang='grc' dir='ltr'><em>δῆς</em></span> <span class='ocrx_word' id='word_1_603' title='bbox 196 4371 434 4437; x_wconf 77' lang='grc' dir='ltr'><em>ἐξέλιπον</em></span> <span class='ocrx_word' id='word_1_604' title='bbox 459 4394 472 4408; x_wconf 89' lang='grc'><strong>·</strong></span> <span class='ocrx_word' id='word_1_605' title='bbox 511 4379 653 4432; x_wconf 79' lang='grc' dir='ltr'><em>κατὰ</em></span> <span class='ocrx_word' id='word_1_606' title='bbox 700 4380 878 4433; x_wconf 87' lang='grc' dir='ltr'><em>κοινοῦ</em></span> <span class='ocrx_word' id='word_1_607' title='bbox 906 4380 1013 4453; x_wconf 89' lang='grc' dir='ltr'><strong><em>γάρ</em></strong></span> <span class='ocrx_word' id='word_1_608' title='bbox 1044 4381 1335 4435; x_wconf 82' lang='grc' dir='ltr'><em>ἀκουστέον</em></span> <span class='ocrx_word' id='word_1_609' title='bbox 1363 4382 1477 4447; x_wconf 87' lang='grc' dir='ltr'><em>τοῦ,</em></span> <span class='ocrx_word' id='word_1_610' title='bbox 1502 4383 1630 4447; x_wconf 78' lang='grc' dir='ltr'><strong><em>ἐξέ-</em></strong></span> 
     </span>
    </p>
   </div>
   <div class='ocr_carea' id='block_1_78' title="bbox 72 4460 1633 4540">
    <p class='ocr_par' dir='ltr' id='par_1_78' title="bbox 72 4460 1633 4540">
     <span class='ocr_line' id='line_1_78' title="bbox 72 4460 1633 4540; baseline 0.013 -35"><span class='ocrx_word' id='word_1_611' title='bbox 72 4460 253 4513; x_wconf 71' lang='grc' dir='ltr'><em>λιπον·</em></span> <span class='ocrx_word' id='word_1_612' title='bbox 283 4460 476 4520; x_wconf 78' lang='grc' dir='ltr'><em>ἀνθ’οῦ</em></span> <span class='ocrx_word' id='word_1_613' title='bbox 506 4469 803 4540; x_wconf 72' lang='grc' dir='ltr'><em>πεποίηκεν</em></span> <span class='ocrx_word' id='word_1_614' title='bbox 830 4473 858 4524; x_wconf 91' lang='lat'><strong><em>6</em></strong></span> <span class='ocrx_word' id='word_1_615' title='bbox 886 4471 1141 4535; x_wconf 72' lang='grc' dir='ltr'><em>Ἀκύλας·</em></span> <span class='ocrx_word' id='word_1_616' title='bbox 1171 4473 1279 4524; x_wconf 83' lang='grc' dir='ltr'><strong><em>Καὶ</em></strong></span> <span class='ocrx_word' id='word_1_617' title='bbox 1313 4471 1633 4525; x_wconf 74' lang='grc' dir='ltr'><em>συνετέλε-</em></span> 
     </span>
    </p>
   </div>
   <div class='ocr_carea' id='block_1_79' title="bbox 70 4553 1633 4630">
    <p class='ocr_par' dir='ltr' id='par_1_79' title="bbox 70 4553 1633 4630">
     <span class='ocr_line' id='line_1_79' title="bbox 70 4553 1633 4630; baseline 0.007 -24"><span class='ocrx_word' id='word_1_618' title='bbox 70 4564 167 4601; x_wconf 81' lang='grc' dir='ltr'><em>σεν</em></span> <span class='ocrx_word' id='word_1_619' title='bbox 187 4553 263 4619; x_wconf 87' lang='grc' dir='ltr'><em>ὡς</em></span> <span class='ocrx_word' id='word_1_620' title='bbox 288 4556 481 4627; x_wconf 81' lang='grc' dir='ltr'><em>ἀτμὸν</em></span> <span class='ocrx_word' id='word_1_621' title='bbox 511 4558 618 4625; x_wconf 85' lang='grc' dir='ltr'><em>τὰς</em></span> <span class='ocrx_word' id='word_1_622' title='bbox 644 4559 868 4629; x_wconf 76' lang='grc' dir='ltr'><em>ἡμέρας</em></span> <span class='ocrx_word' id='word_1_623' title='bbox 907 4561 1123 4625; x_wconf 77' lang='grc' dir='ltr'><em>αὐτῶν,</em></span> <span class='ocrx_word' id='word_1_624' title='bbox 1157 4561 1253 4615; x_wconf 75' lang='grc' dir='ltr'><em>καὶ</em></span> <span class='ocrx_word' id='word_1_625' title='bbox 1292 4564 1363 4616; x_wconf 85' lang='grc' dir='ltr'><strong><em>τὰ</em></strong></span> <span class='ocrx_word' id='word_1_626' title='bbox 1390 4562 1494 4630; x_wconf 78' lang='grc' dir='ltr'><em>ἐτη</em></span> <span class='ocrx_word' id='word_1_627' title='bbox 1526 4565 1633 4617; x_wconf 78' lang='grc' dir='ltr'><strong><em>αὑ·</em></strong></span> 
     </span>
    </p>
   </div>
   <div class='ocr_carea' id='block_1_80' title="bbox 69 4640 1631 4724">
    <p class='ocr_par' dir='ltr' id='par_1_80' title="bbox 69 4640 1631 4724">
     <span class='ocr_line' id='line_1_80' title="bbox 69 4640 1631 4724; baseline 0.008 -30"><span class='ocrx_word' id='word_1_628' title='bbox 69 4640 171 4693; x_wconf 83' lang='grc' dir='ltr'><strong><em>τῶν</em></strong></span> <span class='ocrx_word' id='word_1_629' title='bbox 211 4648 608 4705; x_wconf 79' lang='grc' dir='ltr'><em>κατέσπευσε.</em></span> <span class='ocrx_word' id='word_1_630' title='bbox 639 4650 745 4704; x_wconf 81' lang='grc' dir='ltr'><em>Τοῦ</em></span> <span class='ocrx_word' id='word_1_631' title='bbox 799 4653 897 4723; x_wconf 79' lang='grc' dir='ltr'><em>μὲν</em></span> <span class='ocrx_word' id='word_1_632' title='bbox 946 4652 1053 4723; x_wconf 80' lang='grc' dir='ltr'><em>γὰρ</em></span> <span class='ocrx_word' id='word_1_633' title='bbox 1085 4655 1141 4705; x_wconf 82' lang='grc' dir='ltr'><strong><em>ὲν</em></strong></span> <span class='ocrx_word' id='word_1_634' title='bbox 1172 4653 1491 4724; x_wconf 85' lang='grc' dir='ltr'><em>ματαιότητι</em></span> <span class='ocrx_word' id='word_1_635' title='bbox 1532 4653 1631 4718; x_wconf 88' lang='grc' dir='ltr'><strong><em>τάς</em></strong></span> 
     </span>
    </p>
   </div>
   <div class='ocr_carea' id='block_1_81' title="bbox 67 4731 1633 4816">
    <p class='ocr_par' dir='ltr' id='par_1_81' title="bbox 67 4731 1633 4816">
     <span class='ocr_line' id='line_1_81' title="bbox 67 4731 1633 4816; baseline 0.005 -27"><span class='ocrx_word' id='word_1_636' title='bbox 67 4731 257 4805; x_wconf 74' lang='grc' dir='ltr'><em>ἡμέρας</em></span> <span class='ocrx_word' id='word_1_637' title='bbox 290 4742 777 4806; x_wconf 74' lang='grc' dir='ltr'><em>κατ-ἀναλίσκοντος</em></span> <span class='ocrx_word' id='word_1_638' title='bbox 814 4745 908 4797; x_wconf 73' lang='grc' dir='ltr'><em>καὶ</em></span> <span class='ocrx_word' id='word_1_639' title='bbox 937 4744 1003 4797; x_wconf 84' lang='grc' dir='ltr'><strong><em>τά</em></strong></span> <span class='ocrx_word' id='word_1_640' title='bbox 1032 4743 1124 4816; x_wconf 81' lang='grc' dir='ltr'><em>ἔτη</em></span> <span class='ocrx_word' id='word_1_641' title='bbox 1156 4744 1633 4816; x_wconf 77' lang='grc' dir='ltr'><em>παρατρέχεικατσ</em></span> 
     </span>
    </p>
   </div>
   <div class='ocr_carea' id='block_1_82' title="bbox 65 4830 1629 4907">
    <p class='ocr_par' dir='ltr' id='par_1_82' title="bbox 65 4830 1629 4907">
     <span class='ocr_line' id='line_1_82' title="bbox 65 4830 1629 4907; baseline 0.01 -35"><span class='ocrx_word' id='word_1_642' title='bbox 65 4830 464 4899; x_wconf 78' lang='grc' dir='ltr'><strong><em>εσπευσμένως⁹</em></strong></span> <span class='ocrx_word' id='word_1_643' title='bbox 491 4833 585 4887; x_wconf 87' lang='grc' dir='ltr'><strong><em>τοῦ</em></strong></span> <span class='ocrx_word' id='word_1_644' title='bbox 616 4834 673 4887; x_wconf 78' lang='grc' dir='ltr'><em>δὲ</em></span> <span class='ocrx_word' id='word_1_645' title='bbox 722 4834 820 4898; x_wconf 85' lang='grc' dir='ltr'><em>τὰς</em></span> <span class='ocrx_word' id='word_1_646' title='bbox 850 4835 1065 4907; x_wconf 81' lang='grc' dir='ltr'><em>ἡμέρας</em></span> <span class='ocrx_word' id='word_1_647' title='bbox 1093 4837 1151 4888; x_wconf 83' lang='grc' dir='ltr'><em>ὲν</em></span> <span class='ocrx_word' id='word_1_648' title='bbox 1182 4836 1319 4906; x_wconf 68' lang='grc' dir='ltr'><em>φωτὶ</em></span> <span class='ocrx_word' id='word_1_649' title='bbox 1342 4836 1433 4889; x_wconf 77' lang='grc' dir='ltr'><strong><em>καὶ</em></strong></span> <span class='ocrx_word' id='word_1_650' title='bbox 1461 4836 1517 4889; x_wconf 82' lang='grc' dir='ltr'><em>ὲν</em></span> <span class='ocrx_word' id='word_1_651' title='bbox 1537 4834 1629 4904; x_wconf 78' lang='grc' dir='ltr'><strong><em>ἔρ-</em></strong></span> 
     </span>
    </p>
   </div>
   <div class='ocr_carea' id='block_1_83' title="bbox 65 4918 1628 4998">
    <p class='ocr_par' dir='ltr' id='par_1_83' title="bbox 65 4918 1628 4998">
     <span class='ocr_line' id='line_1_83' title="bbox 65 4918 1628 4998; baseline 0.003 -20"><span class='ocrx_word' id='word_1_652' title='bbox 65 4927 166 4978; x_wconf 77' lang='grc' dir='ltr'><strong><em>γοις</em></strong></span> <span class='ocrx_word' id='word_1_653' title='bbox 190 4918 412 4986; x_wconf 81' lang='grc' dir='ltr'><em>ἀγαθοῖς</em></span> <span class='ocrx_word' id='word_1_654' title='bbox 438 4925 781 4989; x_wconf 83' lang='grc' dir='ltr'><em>ὲκτελυῦντος</em></span> <span class='ocrx_word' id='word_1_655' title='bbox 815 4928 870 4979; x_wconf 81' lang='grc' dir='ltr'><em>αἱ</em></span> <span class='ocrx_word' id='word_1_656' title='bbox 904 4927 1103 4998; x_wconf 77' lang='grc' dir='ltr'><em>ἡμέραι</em></span> <span class='ocrx_word' id='word_1_657' title='bbox 1133 4929 1232 4980; x_wconf 77' lang='grc' dir='ltr'><strong><em>οὐκ</em></strong></span> <span class='ocrx_word' id='word_1_658' title='bbox 1265 4927 1628 4993; x_wconf 78' lang='grc' dir='ltr'><em>ἐκλείπουσιν,</em></span> 
     </span>
    </p>
   </div>
   <div class='ocr_carea' id='block_1_84' title="bbox 64 5002 1629 5088">
    <p class='ocr_par' dir='ltr' id='par_1_84' title="bbox 64 5002 1629 5088">
     <span class='ocr_line' id='line_1_84' title="bbox 64 5002 1629 5088; baseline 0.011 -33"><span class='ocrx_word' id='word_1_659' title='bbox 64 5002 183 5079; x_wconf 48' lang='grc' dir='ltr'><em>ἀλλὰ</em></span> <span class='ocrx_word' id='word_1_660' title='bbox 202 5008 424 5081; x_wconf 74' lang='grc' dir='ltr'><em>πλήρεις</em></span> <span class='ocrx_word' id='word_1_661' title='bbox 439 5016 697 5083; x_wconf 88' lang='grc' dir='ltr'><em>γίνονται,</em></span> <span class='ocrx_word' id='word_1_662' title='bbox 714 5016 808 5069; x_wconf 72' lang='grc' dir='ltr'><strong><em>καὶ</em></strong></span> <span class='ocrx_word' id='word_1_663' title='bbox 823 5017 891 5070; x_wconf 78' lang='grc' dir='ltr'><em>τὰ</em></span> <span class='ocrx_word' id='word_1_664' title='bbox 913 5017 1007 5088; x_wconf 70' lang='grc' dir='ltr'><em>ἔτη</em></span> <span class='ocrx_word' id='word_1_665' title='bbox 1032 5017 1196 5071; x_wconf 77' lang='grc' dir='ltr'><em>αὑτοῦ</em></span> <span class='ocrx_word' id='word_1_666' title='bbox 1218 5018 1406 5087; x_wconf 78' lang='grc' dir='ltr'><em>ἐντελῆ</em></span> <span class='ocrx_word' id='word_1_667' title='bbox 1428 5018 1629 5087; x_wconf 87' lang='grc' dir='ltr'><em>τυγχά-</em></span> 
     </span>
    </p>
   </div>
   <div class='ocr_carea' id='block_1_85' title="bbox 64 5100 1628 5181">
    <p class='ocr_par' dir='ltr' id='par_1_85' title="bbox 64 5100 1628 5181">
     <span class='ocr_line' id='line_1_85' title="bbox 64 5100 1628 5181; baseline 0.013 -38"><span class='ocrx_word' id='word_1_668' title='bbox 64 5108 132 5145; x_wconf 85' lang='grc' dir='ltr'><strong><em>νει</em></strong></span> <span class='ocrx_word' id='word_1_669' title='bbox 170 5100 256 5151; x_wconf 66' lang='grc' dir='ltr'><em>καὶ</em></span> <span class='ocrx_word' id='word_1_670' title='bbox 286 5108 749 5179; x_wconf 80' lang='grc' dir='ltr'><em>μεμακρυμμένα.</em></span> <span class='ocrx_word' id='word_1_671' title='bbox 783 5108 873 5162; x_wconf 88' lang='grc' dir='ltr'><strong><em>Διό</em></strong></span> <span class='ocrx_word' id='word_1_672' title='bbox 906 5109 1179 5174; x_wconf 83' lang='grc' dir='ltr'><em>κάκείνοις</em></span> <span class='ocrx_word' id='word_1_673' title='bbox 1210 5113 1321 5174; x_wconf 88' lang='grc' dir='ltr'><em>τοῖς</em></span> <span class='ocrx_word' id='word_1_674' title='bbox 1353 5110 1489 5181; x_wconf 86' lang='grc' dir='ltr'><strong><em>μετά</em></strong></span> <span class='ocrx_word' id='word_1_675' title='bbox 1516 5128 1628 5163; x_wconf 88' lang='grc' dir='ltr'><em>τοι-</em></span> 
     </span>
    </p>
   </div>
   <div class='ocr_carea' id='block_1_86' title="bbox 1733 4018 3311 4091">
    <p class='ocr_par' dir='ltr' id='par_1_86' title="bbox 1733 4018 3311 4091">
     <span class='ocr_line' id='line_1_86' title="bbox 1733 4018 3311 4091; baseline -0.006 -8"><span class='ocrx_word' id='word_1_676' title='bbox 1733 4028 1927 4083; x_wconf 72' lang='grc' dir='ltr'><em>οηίιηιε</em></span> <span class='ocrx_word' id='word_1_677' title='bbox 1974 4027 2208 4081; x_wconf 86' lang='lat' dir='ltr'><strong><em>salutem</em></strong></span> <span class='ocrx_word' id='word_1_678' title='bbox 2257 4019 2627 4076; x_wconf 81' lang='lat' dir='ltr'><strong><em>conferentes.</em></strong></span> <span class='ocrx_word' id='word_1_679' title='bbox 2659 4018 2751 4075; x_wconf 90' lang='lat' dir='ltr'><strong><em>Sic</em></strong></span> <span class='ocrx_word' id='word_1_680' title='bbox 2782 4018 2967 4091; x_wconf 88' lang='lat' dir='ltr'><strong><em>itaque</em></strong></span> <span class='ocrx_word' id='word_1_681' title='bbox 3016 4019 3311 4088; x_wconf 78' lang='lat' dir='ltr'><strong><em>defecerunt</em></strong></span> 
     </span>
    </p>
   </div>
   <div class='ocr_carea' id='block_1_87' title="bbox 1732 4110 3310 4184">
    <p class='ocr_par' dir='ltr' id='par_1_87' title="bbox 1732 4110 3310 4184">
     <span class='ocr_line' id='line_1_87' title="bbox 1732 4110 3310 4184; baseline -0.007 -8"><span class='ocrx_word' id='word_1_682' title='bbox 1732 4122 1789 4176; x_wconf 86' lang='lat' dir='ltr'><strong><em>in</em></strong></span> <span class='ocrx_word' id='word_1_683' title='bbox 1812 4122 2044 4176; x_wconf 82' lang='lat' dir='ltr'><strong><em>vanitate</em></strong></span> <span class='ocrx_word' id='word_1_684' title='bbox 2078 4118 2189 4172; x_wconf 87' lang='lat' dir='ltr'><strong><em>dies</em></strong></span> <span class='ocrx_word' id='word_1_685' title='bbox 2222 4130 2438 4179; x_wconf 85' lang='lat' dir='ltr'><strong><em>eorum;</em></strong></span> <span class='ocrx_word' id='word_1_686' title='bbox 2463 4127 2639 4184; x_wconf 89' lang='lat' dir='ltr'><strong><em>neque</em></strong></span> <span class='ocrx_word' id='word_1_687' title='bbox 2666 4111 2720 4167; x_wconf 92' lang='lat' dir='ltr'><strong><em>id</em></strong></span> <span class='ocrx_word' id='word_1_688' title='bbox 2754 4117 2989 4175; x_wconf 87' lang='lat' dir='ltr'><strong><em>tantum,</em></strong></span> <span class='ocrx_word' id='word_1_689' title='bbox 3023 4110 3119 4166; x_wconf 88' lang='lat' dir='ltr'><strong><em>sed</em></strong></span> <span class='ocrx_word' id='word_1_690' title='bbox 3150 4112 3310 4167; x_wconf 90' lang='lat' dir='ltr'><strong><em>etiam</em></strong></span> 
     </span>
    </p>
   </div>
   <div class='ocr_carea' id='block_1_88' title="bbox 1732 4204 3309 4280">
    <p class='ocr_par' dir='ltr' id='par_1_88' title="bbox 1732 4204 3309 4280">
     <span class='ocr_line' id='line_1_88' title="bbox 1732 4204 3309 4280; baseline -0.006 -12"><span class='ocrx_word' id='word_1_691' title='bbox 1732 4216 1859 4269; x_wconf 83' lang='lat' dir='ltr'><strong><em>anni</em></strong></span> <span class='ocrx_word' id='word_1_692' title='bbox 1888 4229 2068 4268; x_wconf 90' lang='lat' dir='ltr'><strong><em>eorum</em></strong></span> <span class='ocrx_word' id='word_1_693' title='bbox 2089 4228 2208 4265; x_wconf 90' lang='lat' dir='ltr'><strong><em>cum</em></strong></span> <span class='ocrx_word' id='word_1_694' title='bbox 2237 4208 2576 4280; x_wconf 77' lang='lat' dir='ltr'><strong><em>festinatione</em></strong></span> <span class='ocrx_word' id='word_1_695' title='bbox 2601 4204 2957 4262; x_wconf 88' lang='lat' dir='ltr'><strong><em>defecerunt:</em></strong></span> <span class='ocrx_word' id='word_1_696' title='bbox 2982 4220 3107 4259; x_wconf 91' lang='lat' dir='ltr'><strong><em>nam</em></strong></span> <span class='ocrx_word' id='word_1_697' title='bbox 3138 4205 3271 4259; x_wconf 90' lang='lat' dir='ltr'><strong><em>illud</em></strong></span> <span class='ocrx_word' id='word_1_698' title='bbox 3296 4245 3309 4271; x_wconf 94' lang='lat'><strong><em>,</em></strong></span> 
     </span>
    </p>
   </div>
   <div class='ocr_carea' id='block_1_89' title="bbox 1731 4298 3309 4379">
    <p class='ocr_par' dir='ltr' id='par_1_89' title="bbox 1731 4298 3309 4379">
     <span class='ocr_line' id='line_1_89' title="bbox 1731 4298 3309 4379; baseline -0.006 -17"><span class='ocrx_word' id='word_1_699' title='bbox 1731 4308 2051 4379; x_wconf 83' lang='lat' dir='ltr'><strong><em>defecerunt,</em></strong></span> <span class='ocrx_word' id='word_1_700' title='bbox 2084 4307 2141 4361; x_wconf 91' lang='lat' dir='ltr'><strong><em>in</em></strong></span> <span class='ocrx_word' id='word_1_701' title='bbox 2183 4302 2459 4359; x_wconf 89' lang='lat' dir='ltr'><strong><em>communi</em></strong></span> <span class='ocrx_word' id='word_1_702' title='bbox 2498 4316 2599 4372; x_wconf 90' lang='lat' dir='ltr'><strong><em>pro</em></strong></span> <span class='ocrx_word' id='word_1_703' title='bbox 2636 4306 2871 4370; x_wconf 88' lang='lat' dir='ltr'><strong><em>utroque</em></strong></span> <span class='ocrx_word' id='word_1_704' title='bbox 2912 4298 3309 4369; x_wconf 85' lang='lat' dir='ltr'><strong><em>accipiendum.</em></strong></span> 
     </span>
    </p>
   </div>
   <div class='ocr_carea' id='block_1_90' title="bbox 1731 4390 3313 4471">
    <p class='ocr_par' dir='ltr' id='par_1_90' title="bbox 1731 4390 3313 4471">
     <span class='ocr_line' id='line_1_90' title="bbox 1731 4390 3313 4471; baseline -0.009 -16"><span class='ocrx_word' id='word_1_705' title='bbox 1731 4399 1837 4455; x_wconf 90' lang='lat' dir='ltr'><strong><em>Pro</em></strong></span> <span class='ocrx_word' id='word_1_706' title='bbox 1871 4415 1979 4471; x_wconf 93' lang='lat' dir='ltr'><strong><em>quo</em></strong></span> <span class='ocrx_word' id='word_1_707' title='bbox 2010 4397 2205 4468; x_wconf 83' lang='lat' dir='ltr'><strong><em>Aquila</em></strong></span> <span class='ocrx_word' id='word_1_708' title='bbox 2243 4394 2413 4451; x_wconf 88' lang='lat' dir='ltr'><strong><em>edidit</em></strong></span> <span class='ocrx_word' id='word_1_709' title='bbox 2444 4414 2458 4449; x_wconf 87' lang='lat'><strong>:</strong></span> <span class='ocrx_word' id='word_1_710' title='bbox 2490 4392 2562 4448; x_wconf 86' lang='lat' dir='ltr'><strong><em>Et</em></strong></span> <span class='ocrx_word' id='word_1_711' title='bbox 2603 4390 2984 4448; x_wconf 87' lang='lat' dir='ltr'><strong><em>consummavit</em></strong></span> <span class='ocrx_word' id='word_1_712' title='bbox 3022 4390 3177 4460; x_wconf 83' lang='lat' dir='ltr'><strong><em>quasi</em></strong></span> <span class='ocrx_word' id='word_1_713' title='bbox 3222 4406 3313 4442; x_wconf 63' lang='grc' dir='ltr'><strong><em>ινα-ο</em></strong></span> 
     </span>
    </p>
   </div>
   <div class='ocr_carea' id='block_1_91' title="bbox 1730 4482 3307 4565">
    <p class='ocr_par' dir='ltr' id='par_1_91' title="bbox 1730 4482 3307 4565">
     <span class='ocr_line' id='line_1_91' title="bbox 1730 4482 3307 4565; baseline -0.009 -17"><span class='ocrx_word' id='word_1_714' title='bbox 1730 4511 1907 4565; x_wconf 79' lang='lat' dir='ltr'><strong><em>parem</em></strong></span> <span class='ocrx_word' id='word_1_715' title='bbox 1939 4493 2051 4547; x_wconf 87' lang='lat' dir='ltr'><strong><em>dies</em></strong></span> <span class='ocrx_word' id='word_1_716' title='bbox 2081 4507 2281 4556; x_wconf 87' lang='lat' dir='ltr'><strong><em>eorum,</em></strong></span> <span class='ocrx_word' id='word_1_717' title='bbox 2317 4498 2366 4544; x_wconf 77' lang='lat' dir='ltr'><strong><em>et</em></strong></span> <span class='ocrx_word' id='word_1_718' title='bbox 2419 4504 2586 4543; x_wconf 88' lang='lat' dir='ltr'><strong><em>annos</em></strong></span> <span class='ocrx_word' id='word_1_719' title='bbox 2638 4502 2820 4541; x_wconf 89' lang='lat' dir='ltr'><strong><em>eorum</em></strong></span> <span class='ocrx_word' id='word_1_720' title='bbox 2870 4484 3119 4555; x_wconf 80' lang='lat' dir='ltr'><strong><em>festinare</em></strong></span> <span class='ocrx_word' id='word_1_721' title='bbox 3165 4482 3307 4552; x_wconf 76' lang='lat' dir='ltr'><strong><em>fecit.</em></strong></span> 
     </span>
    </p>
   </div>
   <div class='ocr_carea' id='block_1_92' title="bbox 1732 4572 3308 4656">
    <p class='ocr_par' dir='ltr' id='par_1_92' title="bbox 1732 4572 3308 4656">
     <span class='ocr_line' id='line_1_92' title="bbox 1732 4572 3308 4656; baseline -0.009 -17"><span class='ocrx_word' id='word_1_722' title='bbox 1732 4585 1863 4656; x_wconf 89' lang='lat' dir='ltr'><strong><em>Ejus</em></strong></span> <span class='ocrx_word' id='word_1_723' title='bbox 1890 4585 2091 4655; x_wconf 80' lang='lat' dir='ltr'><strong><em>quippe</em></strong></span> <span class='ocrx_word' id='word_1_724' title='bbox 2118 4582 2209 4653; x_wconf 91' lang='lat' dir='ltr'><strong><em>qui</em></strong></span> <span class='ocrx_word' id='word_1_725' title='bbox 2244 4582 2299 4636; x_wconf 90' lang='lat' dir='ltr'><strong><em>in</em></strong></span> <span class='ocrx_word' id='word_1_726' title='bbox 2326 4580 2566 4636; x_wconf 86' lang='lat' dir='ltr'><strong><em>vanitate</em></strong></span> <span class='ocrx_word' id='word_1_727' title='bbox 2594 4578 2711 4634; x_wconf 90' lang='lat' dir='ltr'><strong><em>dies</em></strong></span> <span class='ocrx_word' id='word_1_728' title='bbox 2740 4592 2871 4633; x_wconf 89' lang='lat' dir='ltr'><strong><em>suos</em></strong></span> <span class='ocrx_word' id='word_1_729' title='bbox 2902 4572 3177 4645; x_wconf 75' lang='lat' dir='ltr'><strong><em>transigit,</em></strong></span> <span class='ocrx_word' id='word_1_730' title='bbox 3208 4589 3308 4626; x_wconf 88' lang='lat' dir='ltr'><strong><em>an-</em></strong></span> 
     </span>
    </p>
   </div>
   <div class='ocr_carea' id='block_1_93' title="bbox 1732 4664 3308 4739">
    <p class='ocr_par' dir='ltr' id='par_1_93' title="bbox 1732 4664 3308 4739">
     <span class='ocr_line' id='line_1_93' title="bbox 1732 4664 3308 4739; baseline -0.007 -9"><span class='ocrx_word' id='word_1_731' title='bbox 1732 4676 1787 4731; x_wconf 89' lang='lat' dir='ltr'><strong><em>ni</em></strong></span> <span class='ocrx_word' id='word_1_732' title='bbox 1823 4676 2147 4731; x_wconf 85' lang='lat' dir='ltr'><strong><em>festinanter</em></strong></span> <span class='ocrx_word' id='word_1_733' title='bbox 2178 4672 2517 4737; x_wconf 89' lang='lat' dir='ltr'><strong><em>decurrunt;</em></strong></span> <span class='ocrx_word' id='word_1_734' title='bbox 2552 4670 2674 4739; x_wconf 90' lang='lat' dir='ltr'><strong><em>ejus</em></strong></span> <span class='ocrx_word' id='word_1_735' title='bbox 2721 4674 2916 4723; x_wconf 89' lang='lat' dir='ltr'><strong><em>contra</em></strong></span> <span class='ocrx_word' id='word_1_736' title='bbox 2959 4666 3053 4737; x_wconf 90' lang='lat' dir='ltr'><strong><em>qui</em></strong></span> <span class='ocrx_word' id='word_1_737' title='bbox 3102 4664 3220 4721; x_wconf 88' lang='lat' dir='ltr'><strong><em>dies</em></strong></span> <span class='ocrx_word' id='word_1_738' title='bbox 3252 4666 3308 4721; x_wconf 91' lang='lat' dir='ltr'><strong><em>in</em></strong></span> 
     </span>
    </p>
   </div>
   <div class='ocr_carea' id='block_1_94' title="bbox 1731 4755 3306 4836">
    <p class='ocr_par' dir='ltr' id='par_1_94' title="bbox 1731 4755 3306 4836">
     <span class='ocr_line' id='line_1_94' title="bbox 1731 4755 3306 4836; baseline -0.008 -15"><span class='ocrx_word' id='word_1_739' title='bbox 1731 4768 1853 4822; x_wconf 92' lang='lat' dir='ltr'><strong><em>luce</em></strong></span> <span class='ocrx_word' id='word_1_740' title='bbox 1880 4778 1933 4822; x_wconf 91' lang='lat' dir='ltr'><strong><em>et</em></strong></span> <span class='ocrx_word' id='word_1_741' title='bbox 1955 4765 2112 4822; x_wconf 91' lang='lat' dir='ltr'><strong><em>bonis</em></strong></span> <span class='ocrx_word' id='word_1_742' title='bbox 2137 4764 2397 4836; x_wconf 85' lang='lat' dir='ltr'><strong><em>Operibus</em></strong></span> <span class='ocrx_word' id='word_1_743' title='bbox 2432 4761 2680 4824; x_wconf 90' lang='lat' dir='ltr'><strong><em>insumit,</em></strong></span> <span class='ocrx_word' id='word_1_744' title='bbox 2714 4758 2834 4815; x_wconf 89' lang='lat' dir='ltr'><strong><em>dies</em></strong></span> <span class='ocrx_word' id='word_1_745' title='bbox 2864 4773 2973 4813; x_wconf 91' lang='lat' dir='ltr'><strong><em>non</em></strong></span> <span class='ocrx_word' id='word_1_746' title='bbox 3007 4755 3306 4820; x_wconf 83' lang='lat' dir='ltr'><strong><em>deﬁciunt;</em></strong></span> 
     </span>
    </p>
   </div>
   <div class='ocr_carea' id='block_1_95' title="bbox 1733 4848 3306 4928">
    <p class='ocr_par' dir='ltr' id='par_1_95' title="bbox 1733 4848 3306 4928">
     <span class='ocr_line' id='line_1_95' title="bbox 1733 4848 3306 4928; baseline -0.006 -16"><span class='ocrx_word' id='word_1_747' title='bbox 1733 4856 1825 4913; x_wconf 87' lang='lat' dir='ltr'><strong><em>sed</em></strong></span> <span class='ocrx_word' id='word_1_748' title='bbox 1860 4856 2004 4928; x_wconf 88' lang='lat' dir='ltr'><strong><em>pleni</em></strong></span> <span class='ocrx_word' id='word_1_749' title='bbox 2036 4855 2296 4919; x_wconf 89' lang='lat' dir='ltr'><strong><em>evadunt,</em></strong></span> <span class='ocrx_word' id='word_1_750' title='bbox 2332 4861 2386 4910; x_wconf 91' lang='lat' dir='ltr'><strong><em>et</em></strong></span> <span class='ocrx_word' id='word_1_751' title='bbox 2411 4852 2539 4907; x_wconf 87' lang='lat' dir='ltr'><strong><em>anni</em></strong></span> <span class='ocrx_word' id='word_1_752' title='bbox 2572 4852 2693 4921; x_wconf 90' lang='lat' dir='ltr'><strong><em>ejus</em></strong></span> <span class='ocrx_word' id='word_1_753' title='bbox 2724 4848 2949 4921; x_wconf 86' lang='lat' dir='ltr'><strong><em>perfecti</em></strong></span> <span class='ocrx_word' id='word_1_754' title='bbox 2980 4856 3034 4903; x_wconf 88' lang='lat' dir='ltr'><strong><em>et</em></strong></span> <span class='ocrx_word' id='word_1_755' title='bbox 3065 4848 3306 4903; x_wconf 90' lang='lat' dir='ltr'><strong><em>diuturni</em></strong></span> 
     </span>
    </p>
   </div>
   <div class='ocr_carea' id='block_1_96' title="bbox 1732 4940 3303 5015">
    <p class='ocr_par' dir='ltr' id='par_1_96' title="bbox 1732 4940 3303 5015">
     <span class='ocr_line' id='line_1_96' title="bbox 1732 4940 3303 5015; baseline -0.006 -14"><span class='ocrx_word' id='word_1_756' title='bbox 1732 4957 1880 5003; x_wconf 90' lang='lat' dir='ltr'><strong><em>sunt.</em></strong></span> <span class='ocrx_word' id='word_1_757' title='bbox 1905 4948 2271 5013; x_wconf 87' lang='lat' dir='ltr'><strong><em>Quamobrem</em></strong></span> <span class='ocrx_word' id='word_1_758' title='bbox 2304 4947 2371 5003; x_wconf 90' lang='lat' dir='ltr'><strong><em>iis</em></strong></span> <span class='ocrx_word' id='word_1_759' title='bbox 2398 4946 2492 5015; x_wconf 86' lang='lat' dir='ltr'><strong><em>qui</em></strong></span> <span class='ocrx_word' id='word_1_760' title='bbox 2522 4951 2645 5013; x_wconf 88' lang='lat' dir='ltr'><strong><em>post</em></strong></span> <span class='ocrx_word' id='word_1_761' title='bbox 2678 4950 2759 4996; x_wconf 91' lang='lat' dir='ltr'><strong><em>tot</em></strong></span> <span class='ocrx_word' id='word_1_762' title='bbox 2789 4949 2996 5012; x_wconf 88' lang='lat' dir='ltr'><strong><em>patrata</em></strong></span> <span class='ocrx_word' id='word_1_763' title='bbox 3017 4940 3303 5004; x_wconf 82' lang='lat' dir='ltr'><strong><em>miracula,</em></strong></span> 
     </span>
    </p>
   </div>
   <div class='ocr_carea' id='block_1_97' title="bbox 1732 5035 3303 5103">
    <p class='ocr_par' dir='ltr' id='par_1_97' title="bbox 1732 5035 3303 5103">
     <span class='ocr_line' id='line_1_97' title="bbox 1732 5035 3303 5103; baseline -0.007 -8"><span class='ocrx_word' id='word_1_764' title='bbox 1732 5042 1785 5095; x_wconf 90' lang='lat' dir='ltr'><strong><em>in</em></strong></span> <span class='ocrx_word' id='word_1_765' title='bbox 1831 5040 2210 5095; x_wconf 87' lang='lat' dir='ltr'><strong><em>incredulitate</em></strong></span> <span class='ocrx_word' id='word_1_766' title='bbox 2254 5043 2679 5100; x_wconf 85' lang='lat' dir='ltr'><strong><em>consenuerunt,</em></strong></span> <span class='ocrx_word' id='word_1_767' title='bbox 2713 5035 2837 5089; x_wconf 69' lang='lat' dir='ltr'><strong><em>vita:</em></strong></span> <span class='ocrx_word' id='word_1_768' title='bbox 2862 5042 3075 5103; x_wconf 85' lang='lat' dir='ltr'><strong><em>tempus</em></strong></span> <span class='ocrx_word' id='word_1_769' title='bbox 3105 5047 3303 5085; x_wconf 88' lang='lat' dir='ltr'><strong><em>vanum</em></strong></span> 
     </span>
    </p>
   </div>
   <div class='ocr_carea' id='block_1_98' title="bbox 1730 5123 3300 5195">
    <p class='ocr_par' dir='ltr' id='par_1_98' title="bbox 1730 5123 3300 5195">
     <span class='ocr_line' id='line_1_98' title="bbox 1730 5123 3300 5195; baseline -0.008 -7"><span class='ocrx_word' id='word_1_770' title='bbox 1730 5141 1812 5188; x_wconf 88' lang='lat' dir='ltr'><strong><em>est</em></strong></span> <span class='ocrx_word' id='word_1_771' title='bbox 1842 5141 1897 5188; x_wconf 90' lang='lat' dir='ltr'><strong><em>et</em></strong></span> <span class='ocrx_word' id='word_1_772' title='bbox 1928 5133 2252 5189; x_wconf 86' lang='lat' dir='ltr'><strong><em>festinanter</em></strong></span> <span class='ocrx_word' id='word_1_773' title='bbox 2294 5130 2551 5185; x_wconf 88' lang='lat' dir='ltr'><strong><em>decurrit.</em></strong></span> <span class='ocrx_word' id='word_1_774' title='bbox 2581 5129 2625 5180; x_wconf 85' lang='lat' dir='ltr'><strong>A</strong></span> <span class='ocrx_word' id='word_1_775' title='bbox 2657 5126 2936 5181; x_wconf 83' lang='lat' dir='ltr'><strong><em>miraculis</em></strong></span> <span class='ocrx_word' id='word_1_776' title='bbox 2961 5126 3141 5195; x_wconf 89' lang='lat' dir='ltr'><strong><em>itaque</em></strong></span> <span class='ocrx_word' id='word_1_777' title='bbox 3172 5123 3300 5187; x_wconf 89' lang='lat' dir='ltr'><strong><em>illis,</em></strong></span> 
     </span>
    </p>
   </div>
   <div class='ocr_carea' id='block_1_99' title="bbox 63 5196 1630 5307">
    <p class='ocr_par' dir='ltr' id='par_1_99' title="bbox 63 5196 1629 5307">
     <span class='ocr_line' id='line_1_99' title="bbox 64 5196 1629 5273; baseline 0.002 -21"><span class='ocrx_word' id='word_1_778' title='bbox 64 5201 216 5252; x_wconf 73' lang='grc' dir='ltr'><strong><em>αυτας</em></strong></span> <span class='ocrx_word' id='word_1_779' title='bbox 238 5196 689 5264; x_wconf 81' lang='grc' dir='ltr'><em>παραδοξοποιίας</em></span> <span class='ocrx_word' id='word_1_780' title='bbox 720 5204 776 5253; x_wconf 77' lang='grc' dir='ltr'><em>ἐν</em></span> <span class='ocrx_word' id='word_1_781' title='bbox 804 5201 1028 5271; x_wconf 72' lang='grc' dir='ltr'><em>ἀπιστίᾳ</em></span> <span class='ocrx_word' id='word_1_782' title='bbox 1057 5218 1264 5272; x_wconf 76' lang='grc' dir='ltr'><em>καταγη</em></span> <span class='ocrx_word' id='word_1_783' title='bbox 1276 5202 1499 5273; x_wconf 84' lang='grc' dir='ltr'><em>ράσασιν</em></span> <span class='ocrx_word' id='word_1_784' title='bbox 1528 5202 1629 5273; x_wconf 85' lang='grc' dir='ltr'><strong><em>μά-</em></strong></span> 
     </span>
     <span class='ocr_line' id='line_1_100' title="bbox 63 5284 1550 5307; baseline 0 0"><span class='ocrx_word' id='word_1_785' title='bbox 63 5284 465 5307; x_wconf 56' lang='lat' dir='ltr'><strong><em>~nnn-....\1-,,</em></strong></span> <span class='ocrx_word' id='word_1_786' title='bbox 602 5291 612 5307; x_wconf 71' lang='grc' dir='ltr'><em>ν</em></span> <span class='ocrx_word' id='word_1_787' title='bbox 981 5292 991 5307; x_wconf 75' lang='grc' dir='ltr'><strong><em>ι</em></strong></span> <span class='ocrx_word' id='word_1_788' title='bbox 1140 5294 1151 5307; x_wconf 76' lang='grc' dir='ltr'><em>ο</em></span> <span class='ocrx_word' id='word_1_789' title='bbox 1265 5294 1277 5307; x_wconf 74' lang='grc' dir='ltr'><em>ι</em></span> <span class='ocrx_word' id='word_1_790' title='bbox 1434 5295 1488 5307; x_wconf 68' lang='grc' dir='ltr'><strong><em>Α.</em></strong></span> <span class='ocrx_word' id='word_1_791' title='bbox 1539 5295 1550 5307; x_wconf 75' lang='grc'><strong><em>1</em></strong></span> 
     </span>
    </p>
   </div>
   <div class='ocr_carea' id='block_1_100' title="bbox 1730 5196 3302 5307">
    <p class='ocr_par' dir='ltr' id='par_1_100' title="bbox 1733 5218 3302 5287">
     <span class='ocr_line' id='line_1_101' title="bbox 1733 5218 3302 5287; baseline -0.007 -7"><span class='ocrx_word' id='word_1_792' title='bbox 1733 5234 1785 5280; x_wconf 88' lang='lat' dir='ltr'><strong><em>et</em></strong></span> <span class='ocrx_word' id='word_1_793' title='bbox 1820 5242 1850 5280; x_wconf 92' lang='lat' dir='ltr'><strong><em>a</em></strong></span> <span class='ocrx_word' id='word_1_794' title='bbox 1879 5225 2094 5280; x_wconf 89' lang='lat' dir='ltr'><strong><em>collatis</em></strong></span> <span class='ocrx_word' id='word_1_795' title='bbox 2124 5224 2226 5280; x_wconf 91' lang='lat' dir='ltr'><strong><em>sibi</em></strong></span> <span class='ocrx_word' id='word_1_796' title='bbox 2258 5221 2536 5277; x_wconf 84' lang='lat' dir='ltr'><strong><em>beneficiis</em></strong></span> <span class='ocrx_word' id='word_1_797' title='bbox 2566 5218 2701 5274; x_wconf 87' lang='lat' dir='ltr'><strong><em>nihil</em></strong></span> <span class='ocrx_word' id='word_1_798' title='bbox 2728 5220 2910 5274; x_wconf 88' lang='lat' dir='ltr'><strong><em>statim</em></strong></span> <span class='ocrx_word' id='word_1_799' title='bbox 2944 5218 3155 5273; x_wconf 88' lang='lat' dir='ltr'><strong><em>fruetus</em></strong></span> <span class='ocrx_word' id='word_1_800' title='bbox 3180 5233 3302 5287; x_wconf 90' lang='lat' dir='ltr'><strong><em>per-</em></strong></span> 
     </span>
    </p>
   </div>
   <div class='ocr_carea' id='block_1_101' title="bbox 72 5284 1630 5389">
    <p class='ocr_par' dir='ltr' id='par_1_101' title="bbox 72 5284 1625 5389">
     <span class='ocr_line' id='line_1_102' title="bbox 72 5284 1625 5389; baseline 0.008 -56"><span class='ocrx_word' id='word_1_801' title='bbox 72 5288 198 5383; x_wconf 45' lang='lat' dir='ltr'><strong><em>ime;</em></strong></span> <span class='ocrx_word' id='word_1_802' title='bbox 222 5284 314 5389; x_wconf 48' lang='lat' dir='ltr'><strong><em>Ital;</em></strong></span> <span class='ocrx_word' id='word_1_803' title='bbox 341 5286 725 5361; x_wconf 81' lang='grc' dir='ltr'><em>ἐσπευσμένως</em></span> <span class='ocrx_word' id='word_1_804' title='bbox 752 5292 1106 5364; x_wconf 80' lang='grc' dir='ltr'><em>παρατρέχων</em></span> <span class='ocrx_word' id='word_1_805' title='bbox 1131 5294 1158 5345; x_wconf 91' lang='lat'><strong><em>6</em></strong></span> <span class='ocrx_word' id='word_1_806' title='bbox 1182 5294 1389 5365; x_wconf 82' lang='grc' dir='ltr'><em>χρόνος.</em></span> <span class='ocrx_word' id='word_1_807' title='bbox 1420 5295 1625 5347; x_wconf 82' lang='grc' dir='ltr'><em>Αὐτίκα</em></span> 
     </span>
    </p>
   </div>
   <div class='ocr_carea' id='block_1_102' title="bbox 1730 5284 3301 5389">
    <p class='ocr_par' dir='ltr' id='par_1_102' title="bbox 1730 5284 3301 5389">
     <span class='ocr_line' id='line_1_103' title="bbox 1730 5284 3301 5389; baseline -0.004 -20"><span class='ocrx_word' id='word_1_808' title='bbox 1730 5317 2045 5389; x_wconf 85' lang='lat' dir='ltr'><strong><em>cipiebant;</em></strong></span> <span class='ocrx_word' id='word_1_809' title='bbox 2082 5319 2176 5371; x_wconf 88' lang='lat' dir='ltr'><strong><em>sed</em></strong></span> <span class='ocrx_word' id='word_1_810' title='bbox 2224 5330 2320 5385; x_wconf 87' lang='lat' dir='ltr'><strong><em>per</em></strong></span> <span class='ocrx_word' id='word_1_811' title='bbox 2370 5313 2576 5367; x_wconf 83' lang='lat' dir='ltr'><strong><em>illatam</em></strong></span> <span class='ocrx_word' id='word_1_812' title='bbox 2626 5312 2729 5367; x_wconf 89' lang='lat' dir='ltr'><strong><em>sibi</em></strong></span> <span class='ocrx_word' id='word_1_813' title='bbox 2756 5310 3014 5365; x_wconf 88' lang='lat' dir='ltr'><strong><em>ultionem</em></strong></span> <span class='ocrx_word' id='word_1_814' title='bbox 3046 5284 3301 5365; x_wconf 79' lang='lat' dir='ltr'><strong><em>meliores</em></strong></span> 
     </span>
    </p>
   </div>
   <div class='ocr_carea' id='block_1_103' title="bbox 62 5361 1628 5455">
    <p class='ocr_par' dir='ltr' id='par_1_103' title="bbox 62 5361 1628 5455">
     <span class='ocr_line' id='line_1_104' title="bbox 62 5361 1628 5455; baseline 0.013 -38"><span class='ocrx_word' id='word_1_815' title='bbox 62 5361 99 5413; x_wconf 82' lang='grc' dir='ltr'><em>δ’</em></span> <span class='ocrx_word' id='word_1_816' title='bbox 122 5362 211 5422; x_wconf 75' lang='grc' dir='ltr'><em>οὖν</em></span> <span class='ocrx_word' id='word_1_817' title='bbox 236 5370 327 5425; x_wconf 84' lang='grc' dir='ltr'><strong><em>διά</em></strong></span> <span class='ocrx_word' id='word_1_818' title='bbox 357 5375 455 5444; x_wconf 84' lang='grc' dir='ltr'><em>μὲν</em></span> <span class='ocrx_word' id='word_1_819' title='bbox 480 5378 587 5431; x_wconf 83' lang='grc' dir='ltr'><strong><em>τῶν</em></strong></span> <span class='ocrx_word' id='word_1_820' title='bbox 616 5381 905 5452; x_wconf 78' lang='grc' dir='ltr'><em>θαυμάτων</em></span> <span class='ocrx_word' id='word_1_821' title='bbox 928 5382 1021 5436; x_wconf 79' lang='grc' dir='ltr'><strong><em>καί</em></strong></span> <span class='ocrx_word' id='word_1_822' title='bbox 1042 5382 1149 5436; x_wconf 85' lang='grc' dir='ltr'><em>τῶν</em></span> <span class='ocrx_word' id='word_1_823' title='bbox 1170 5386 1247 5447; x_wconf 83' lang='grc' dir='ltr'><em>εἰς</em></span> <span class='ocrx_word' id='word_1_824' title='bbox 1268 5385 1461 5448; x_wconf 75' lang='grc' dir='ltr'><em>αὐτοὺς</em></span> <span class='ocrx_word' id='word_1_825' title='bbox 1482 5385 1628 5455; x_wconf 81' lang='grc' dir='ltr'><em>εὐερ-</em></span> 
     </span>
    </p>
   </div>
   <div class='ocr_carea' id='block_1_104' title="bbox 127 5569 1626 5651">
    <p class='ocr_par' dir='ltr' id='par_1_104' title="bbox 127 5569 1626 5651">
     <span class='ocr_line' id='line_1_105' title="bbox 127 5569 1626 5651; baseline 0.012 -32"><span class='ocrx_word' id='word_1_826' title='bbox 127 5569 198 5637; x_wconf 88' lang='lat' dir='ltr'><strong><em>(l)</em></strong></span> <span class='ocrx_word' id='word_1_827' title='bbox 230 5574 340 5651; x_wconf 76' lang='lat' dir='ltr'><strong><em>Kal</em></strong></span> <span class='ocrx_word' id='word_1_828' title='bbox 370 5574 664 5651; x_wconf 63' lang='grc' dir='ltr'><em>ἔψυξεν...</em></span> <span class='ocrx_word' id='word_1_829' title='bbox 692 5580 762 5632; x_wconf 82' lang='grc' dir='ltr'><em>τὰ</em></span> <span class='ocrx_word' id='word_1_830' title='bbox 786 5578 927 5651; x_wconf 73' lang='grc' dir='ltr'><em>κρέα</em></span> <span class='ocrx_word' id='word_1_831' title='bbox 958 5580 1035 5651; x_wconf 76' lang='grc' dir='ltr'><strong><em>ἦν</em></strong></span> <span class='ocrx_word' id='word_1_832' title='bbox 1062 5581 1204 5649; x_wconf 78' lang='grc' dir='ltr'><em>πρὶν</em></span> <span class='ocrx_word' id='word_1_833' title='bbox 1240 5583 1277 5650; x_wconf 77' lang='grc' dir='ltr'>ἢ</span> <span class='ocrx_word' id='word_1_834' title='bbox 1304 5582 1626 5651; x_wconf 49' lang='grc' dir='ltr'><em>ἐναλίείπειν.</em></span> 
     </span>
    </p>
   </div>
   <div class='ocr_carea' id='block_1_105' title="bbox 64 5632 1623 5723">
    <p class='ocr_par' dir='ltr' id='par_1_105' title="bbox 64 5632 1623 5723">
     <span class='ocr_line' id='line_1_106' title="bbox 64 5632 1623 5723; baseline 0.004 -23"><span class='ocrx_word' id='word_1_835' title='bbox 64 5632 281 5723; x_wconf 49' lang='lat' dir='ltr'><strong><em>mimis</em></strong></span> <span class='ocrx_word' id='word_1_836' title='bbox 348 5632 571 5723; x_wconf 42' lang='lat' dir='ltr'><strong><em>(minim)</em></strong></span> <span class='ocrx_word' id='word_1_837' title='bbox 632 5632 924 5723; x_wconf 14' lang='grc' dir='ltr'><strong><em>Διιιυινιιίῷδιι.</em></strong></span> <span class='ocrx_word' id='word_1_838' title='bbox 970 5632 1277 5723; x_wconf 30' lang='lat' dir='ltr'><strong><em>Exemplar:</em></strong></span> <span class='ocrx_word' id='word_1_839' title='bbox 1303 5632 1623 5707; x_wconf 66' lang='lat' dir='ltr'><strong><em>Vaticanum</em></strong></span> 
     </span>
    </p>
   </div>
   <div class='ocr_carea' id='block_1_106' title="bbox 62 5713 1625 5797">
    <p class='ocr_par' dir='ltr' id='par_1_106' title="bbox 62 5713 1625 5797">
     <span class='ocr_line' id='line_1_107' title="bbox 62 5713 1625 5797; baseline 0.008 -34"><span class='ocrx_word' id='word_1_840' title='bbox 62 5713 317 5797; x_wconf 41' lang='lat' dir='ltr'><strong><em>femininis</em></strong></span> <span class='ocrx_word' id='word_1_841' title='bbox 371 5713 697 5797; x_wconf 42' lang='lat' dir='ltr'><strong><em>lflinitlalis</em></strong></span> <span class='ocrx_word' id='word_1_842' title='bbox 746 5721 905 5797; x_wconf 66' lang='lat' dir='ltr'><strong><em>habet</em></strong></span> <span class='ocrx_word' id='word_1_843' title='bbox 938 5713 1360 5797; x_wconf 48' lang='lat' dir='ltr'><strong><em>_:_Kal._:é&#39;.&#39;pu51v</em></strong></span> <span class='ocrx_word' id='word_1_844' title='bbox 1415 5726 1625 5797; x_wconf 58' lang='grc' dir='ltr'><em>ἑαυτοῖς</em></span> 
     </span>
    </p>
   </div>
   <div class='ocr_carea' id='block_1_107' title="bbox 62 5786 1620 5861">
    <p class='ocr_par' dir='ltr' id='par_1_107' title="bbox 62 5786 1620 5861">
     <span class='ocr_line' id='line_1_108' title="bbox 62 5786 1620 5861; baseline 0.003 -20"><span class='ocrx_word' id='word_1_845' title='bbox 62 5786 301 5849; x_wconf 50' lang='grc' dir='ltr'><strong><em>ἓυῒμεδῶ</em></strong></span> <span class='ocrx_word' id='word_1_846' title='bbox 336 5786 515 5856; x_wconf 72' lang='grc' dir='ltr'><em>κύκλῳ</em></span> <span class='ocrx_word' id='word_1_847' title='bbox 547 5789 641 5857; x_wconf 77' lang='grc' dir='ltr'><em>τῆς</em></span> <span class='ocrx_word' id='word_1_848' title='bbox 688 5790 1055 5861; x_wconf 76' lang='grc' dir='ltr'><em>παρεμδολῆς.</em></span> <span class='ocrx_word' id='word_1_849' title='bbox 1088 5790 1165 5845; x_wconf 76' lang='grc' dir='ltr'><strong><em>Τὰ</em></strong></span> <span class='ocrx_word' id='word_1_850' title='bbox 1200 5786 1334 5861; x_wconf 69' lang='grc' dir='ltr'><em>κρέα</em></span> <span class='ocrx_word' id='word_1_851' title='bbox 1366 5792 1440 5846; x_wconf 77' lang='grc' dir='ltr'><em>ἑτι</em></span> <span class='ocrx_word' id='word_1_852' title='bbox 1469 5788 1535 5857; x_wconf 75' lang='grc' dir='ltr'><strong><em>ἦν</em></strong></span> <span class='ocrx_word' id='word_1_853' title='bbox 1564 5794 1620 5846; x_wconf 79' lang='grc' dir='ltr'><em>ὲν</em></span> 
     </span>
    </p>
   </div>
   <div class='ocr_carea' id='block_1_108' title="bbox 1729 5400 3300 5476">
    <p class='ocr_par' dir='ltr' id='par_1_108' title="bbox 1729 5400 3300 5476">
     <span class='ocr_line' id='line_1_109' title="bbox 1729 5400 3300 5476; baseline -0.008 -9"><span class='ocrx_word' id='word_1_854' title='bbox 1729 5412 2050 5467; x_wconf 88' lang='lat' dir='ltr'><strong><em>evadebant.</em></strong></span> <span class='ocrx_word' id='word_1_855' title='bbox 2082 5409 2261 5476; x_wconf 85' lang='lat' dir='ltr'><strong><em>Quare</em></strong></span> <span class='ocrx_word' id='word_1_856' title='bbox 2285 5405 2482 5461; x_wconf 85' lang='lat' dir='ltr'><strong><em>deinde</em></strong></span> <span class='ocrx_word' id='word_1_857' title='bbox 2521 5404 2707 5460; x_wconf 87' lang='lat' dir='ltr'><strong><em>subdit</em></strong></span> <span class='ocrx_word' id='word_1_858' title='bbox 2740 5402 2977 5459; x_wconf 72' lang='lat' dir='ltr'><strong><em>:—Vens</em></strong></span> <span class='ocrx_word' id='word_1_859' title='bbox 3030 5402 3117 5457; x_wconf 77' lang='grc'><strong><em>54.</em></strong></span> <span class='ocrx_word' id='word_1_860' title='bbox 3164 5400 3300 5457; x_wconf 85' lang='lat' dir='ltr'><strong><em>Cum</em></strong></span> 
     </span>
    </p>
   </div>
   <div class='ocr_carea' id='block_1_109' title="bbox 1727 5556 3297 5652">
    <p class='ocr_par' dir='ltr' id='par_1_109' title="bbox 1727 5574 3297 5652">
     <span class='ocr_line' id='line_1_110' title="bbox 1727 5574 3297 5652; baseline -0.01 -14"><span class='ocrx_word' id='word_1_861' title='bbox 1727 5588 1839 5647; x_wconf 83' lang='grc' dir='ltr'><em>τοῖς</em></span> <span class='ocrx_word' id='word_1_862' title='bbox 1861 5583 2069 5636; x_wconf 84' lang='grc' dir='ltr'><em>ὀδοῦσιν</em></span> <span class='ocrx_word' id='word_1_863' title='bbox 2100 5581 2274 5652; x_wconf 69' lang='grc' dir='ltr'><em>αὐτῶν</em></span> <span class='ocrx_word' id='word_1_864' title='bbox 2302 5578 2466 5652; x_wconf 87' lang='grc' dir='ltr'><em>πρινὴ</em></span> <span class='ocrx_word' id='word_1_865' title='bbox 2498 5578 2791 5639; x_wconf 80' lang='grc' dir='ltr'><em>ἐκλείπειν,</em></span> <span class='ocrx_word' id='word_1_866' title='bbox 2826 5579 2918 5632; x_wconf 75' lang='grc' dir='ltr'><strong><em>καὶ</em></strong></span> <span class='ocrx_word' id='word_1_867' title='bbox 2945 5574 3145 5647; x_wconf 72' lang='grc' dir='ltr'><em>Κύριος</em></span> <span class='ocrx_word' id='word_1_868' title='bbox 3170 5576 3297 5639; x_wconf 72' lang='grc' dir='ltr'><em>ὲθι)-</em></span> 
     </span>
    </p>
   </div>
   <div class='ocr_carea' id='block_1_110' title="bbox 1733 5651 2334 5725">
    <p class='ocr_par' dir='ltr' id='par_1_110' title="bbox 1733 5651 2334 5725">
     <span class='ocr_line' id='line_1_111' title="bbox 1733 5651 2334 5725; baseline -0.005 -18"><span class='ocrx_word' id='word_1_869' title='bbox 1733 5654 1907 5725; x_wconf 84' lang='grc' dir='ltr'><em>μώθη,</em></span> <span class='ocrx_word' id='word_1_870' title='bbox 1928 5670 1988 5725; x_wconf 78' lang='grc' dir='ltr'><strong><em>κ.</em></strong></span> <span class='ocrx_word' id='word_1_871' title='bbox 2012 5669 2073 5725; x_wconf 64' lang='grc' dir='ltr'><strong><em>τ.Δ</em></strong></span> <span class='ocrx_word' id='word_1_872' title='bbox 2094 5652 2143 5706; x_wconf 95' lang='grc' dir='ltr'><em>λ.</em></span> <span class='ocrx_word' id='word_1_873' title='bbox 2177 5651 2334 5704; x_wconf 76' lang='lat' dir='ltr'><strong><em>Enn.</em></strong></span> 
     </span>
    </p>
   </div>
   <div class='ocr_carea' id='block_1_111' title="bbox 1803 5722 2833 5793">
    <p class='ocr_par' dir='ltr' id='par_1_111' title="bbox 1803 5722 2833 5793">
     <span class='ocr_line' id='line_1_112' title="bbox 1803 5722 2833 5793; baseline -0.001 -16"><span class='ocrx_word' id='word_1_874' title='bbox 1803 5722 1881 5793; x_wconf 74' lang='grc'><strong><em>(2)</em></strong></span> <span class='ocrx_word' id='word_1_875' title='bbox 1924 5724 2024 5778; x_wconf 77' lang='lat' dir='ltr'><strong><em>Ms.</em></strong></span> <span class='ocrx_word' id='word_1_876' title='bbox 2064 5723 2118 5777; x_wconf 83' lang='lat' dir='ltr'><strong><em>in</em></strong></span> <span class='ocrx_word' id='word_1_877' title='bbox 2150 5736 2322 5793; x_wconf 74' lang='lat' dir='ltr'><strong><em>marg.</em></strong></span> <span class='ocrx_word' id='word_1_878' title='bbox 2370 5740 2381 5776; x_wconf 92' lang='lat'><strong>:</strong></span> <span class='ocrx_word' id='word_1_879' title='bbox 2418 5724 2523 5790; x_wconf 81' lang='grc' dir='ltr'><strong><em>Γρ.</em></strong></span> <span class='ocrx_word' id='word_1_880' title='bbox 2563 5722 2833 5785; x_wconf 78' lang='grc' dir='ltr'><em>ἀπιστίας.</em></span> 
     </span>
    </p>
   </div>
  </div>
