3798 6282
131 351 234 410 935

1205 350 1708 409 COMMENTARIA
1739 349 1804 406 IN
1844 349 2184 408 PSALMOS.

3255 358 3359 411 926

129 469 334 540 πνεῦμα
364 470 722 541 περευόμενον
766 472 858 524 καὶ
903 471 1002 524 οὐκ
1046 471 1684 544 ὲπιστρέφον.’ονομάζει

1802 488 1852 527 ro
1888 473 2017 527 facti
2051 470 2366 542 sunt,quod
2398 487 2600 542 corpus
2632 473 3039 544 diligerent;ut
3062 473 3364 544 iustissime

127 562 184 614 δὲ
207 561 330 614 αὐτὸ
357 562 540 633 οἰκείῳ
567 563 788 634 ὀνόματι
819 567 847 617 ὁ
882 563 1220 631 Ἀπόστολος,
1248 567 1519 635 φρόνημα
1545 582 1690 635 σαρ-

129 655 326 719 κτλς,ὲν
367 648 449 716 οἷς
492 671 653 724 φησι·
714 659 782 709 Τὸ
835 657 945 726 γὰρ
994 657 1270 725 φρόνημα
1319 656 1428 726 τῆς
1468 661 1692 726 σαρκὸς

127 747 305 814 ἐχθρα
326 748 412 811 εὶς
441 747 588 800 Θεόν
607 765 620 779 ·
652 746 731 810 τῷ
766 749 875 815 γὰρ
904 749 1063 817 νόμῳ
1087 749 1194 803 τοῦ
1229 749 1376 803 Θεοῦ
1401 751 1515 820 οὐχ
1543 752 1691 805 ὑπο-

1791 564 1858 618 de
1891 565 1999 620 illis
2026 563 2240 617 dicatur
2267 582 2279 617 :
2308 561 2480 616 Homo
2509 579 2625 615 cum
2655 564 2708 616 in
2738 564 2929 618 honore
2953 574 3107 627 esset,
3143 581 3245 618 non
3275 564 3362 615 in—

1795 657 2012 719 tellexit,
2039 664 2374 724 comparatus
2403 664 2480 707 est
2501 655 2754 723 jumentis
2782 654 3168 723 insipientibus,
3202 663 3252 709 et
3284 653 3362 706 si—

1796 751 1936 804 milis
1969 749 2142 817 factus
2169 756 2247 801 est
2277 747 2462 817 illis”.

127 837 424 904 τάσσεται,
454 839 596 893 οὐδὲ
631 840 738 909 γὰρ
771 813 1018 895 δύναται
1033 813 1052 871 Ἴ·
1086 841 1152 895 τὸ
1190 842 1258 894 δὲ
1590 844 1697 899 τοῦ
1729 813 2071 916 ,πνεύματος
2103 841 2213 910 ζωὴ
2253 842 2348 895 καὶ
2379 813 2609 910 εἰρήνη.
2639 839 2792 893 Οὖτω
2818 839 2875 893 δὲ
2905 839 3104 912 σάρκες
3139 841 3188 894 οἱ
3242 857 3366 893 κατ-

125 931 473 1004 ηγορούμενοι
517 933 828 1002 γεγόνεισαν
875 937 938 988 ὲκ
983 935 1075 988 τοῦ
1125 935 1554 1006 φιλοσωματεῖνο
1583 938 1658 1001 ὡς
1695 938 1788 990 xui.
1847 936 1973 1007 περ).
2027 933 2204 989 αὐτῶν
2271 933 2580 986 δικαιότατα
2607 931 2672 985 ἂν
2700 931 2950 1002 εἰρῆσθαι
2981 932 3073 983 τό·
3113 933 3362 1000 Ἀνθρω-

125 1037 237 1088 πος
269 1024 338 1076 ἐν
369 1023 505 1094 τιμῇ
541 1022 626 1077 ὢν
653 1027 720 1078 οὐ
749 1026 1000 1094 συνῆκε,
1027 1028 1534 1097 παρασυνεϐλήθη
1563 1027 1690 1095 τοῖς
1725 1028 1972 1098 κτήνεσι
1999 1027 2120 1093 τοῖς
2149 1025 2444 1094 ἀνοήτοις,
2481 1024 2578 1078 καὶ
2609 1023 2870 1093 ὡμοιώθη
2896 1020 3117 1087 αὐτοῖς.

202 1135 459 1203 Ποσὰκις
504 1139 954 1208 παρεπίκραναν
1005 1142 1190 1195 αὑτὸν
1238 1142 1308 1195 ἐν
1352 1140 1428 1210 τῇ
1474 1141 1691 1212 ἐρήμῳ,

122 1227 501 1298 παρώρτισαν
530 1229 717 1283 αὑτὸν
746 1231 816 1284 ἐν
841 1231 915 1302 τῇ
955 1232 1192 1301 ἀνύδρῳ
1220 1234 1240 1287 .'
1278 1234 1386 1287 Kal
1415 1233 1695 1303 ἐπέστρε-

121 1320 250 1384 ψαν
269 1318 364 1370 καὶ
395 1318 722 1389 ἐπείρασαν
750 1321 856 1376 τὸν
889 1323 1056 1390 Θεὸν,
1085 1325 1184 1378 καὶ
1214 1323 1322 1378 τὸν
1354 1326 1559 1395 ’Ἄτιον
1586 1325 1692 1379 τοῦ

135 1408 372 1477 Ἰσραὴλ
400 1410 781 1479 παρώξυναν.
820 1415 940 1467 Οὐκ
982 1413 1378 1484 ἐμνήσθησαν
1426 1414 1534 1484 τῆς
1574 1432 1694 1485 χει-

118 1501 227 1568 ρὸς
255 1501 460 1564 αὐτοῦ,
490 1501 714 1571 ἡμέρας
738 1499 815 1574 ἧς
839 1505 1214 1576 ὲλυτρώσατο
1246 1505 1466 1572 αὐτοὺς
1490 1506 1558 1560 ἐκ
1581 1525 1697 1576 χει-

121 1592 227 1660 ρός
254 1595 696 1662 θλίϐοντος.”Ως
736 1599 901 1652 ἔθετο
937 1599 1007 1652 ἐν
1036 1600 1312 1669 Αἰγύπτῳ
1354 1599 1424 1653 τὰ
1471 1599 1694 1668 σημεῖα

123 1687 328 1751 αὐτοῦ,
363 1687 463 1742 καὶ
516 1689 586 1744 τὰ
625 1689 839 1757 τέρατα
883 1692 1068 1744 αὐτοῦ
1113 1691 1172 1744 ἐν
1237 1691 1419 1756 πεδίῳ
1450 1689 1693 1756 Τάνεως.

123 1781 537 1849 Μετέστρεψεν
567 1784 653 1847 εἰς
683 1778 826 1852 αἷμα
853 1783 991 1849 τοὺς
1019 1784 1323 1853 ποταμοὺς
1350 1782 1564 1844 αὐτῶν.
1596 1783 1693 1837 καὶ

125 1872 202 1926 τὰ
243 1873 582 1942 ὀμϐρήματα
631 1873 826 1928 αὐτῶν
863 1875 1022 1941 ὅπως
1059 1875 1140 1943 μὴ
1187 1877 1427 1929 πίωσιν.
1457 1874 1697 1940 Ἐξαπέοι

1867 1140 2032 1196 Vsus.
2060 1139 2128 1194 40
2152 1169 2176 1180 ο
2195 1139 2284 1194 48.
2329 1138 2545 1204 Quoties
2572 1136 3008 1190 exacerbaverunt
3047 1151 3163 1188 eum
3198 1136 3251 1188 in
3275 1135 3364 1188 de-

1795 1245 1956 1299 serto,
1988 1236 2040 1288 in
2068 1235 2203 1286 iram
2239 1233 2629 1286 concitaverunt
2658 1247 2773 1282 eum
2804 1231 2856 1282 in
2891 1240 3029 1282 terra
3065 1228 3366 1297 inaquosa!

1797 1329 1864 1382 Et
1911 1329 2147 1383 conversi
2197 1336 2318 1380 sunt
2365 1336 2415 1380 et
2461 1333 2787 1378 tentaverunt
2819 1323 3007 1387 Deum,
3036 1333 3084 1376 et
3112 1321 3366 1377 Sanctitas

1796 1419 1972 1474 Israel
2010 1417 2474 1473 exacerbaverant.
2518 1412 2641 1469 Non
2687 1423 2808 1468 sunt
2861 1415 3124 1468 recordati
3178 1429 3366 1465 manus

1791 1513 1925 1582 ejus,
1959 1511 2064 1564 diei
2091 1527 2193 1580 qua
2225 1507 2439 1562 redemit
2464 1525 2550 1562 eos
2582 1505 2644 1560 de
2673 1522 2833 1559 manu
2861 1504 3188 1558 tribulan'tis.
3221 1503 3367 1558 Sient

1793 1605 1966 1675 posuit
1992 1604 2048 1656 in
2074 1600 2306 1671 zEgypto
2336 1601 2489 1670 signa
2517 1616 2638 1662 sua,
2661 1607 2710 1652 et
2736 1596 2980 1666 prodigia
3007 1613 3104 1649 sua
3140 1596 3195 1649 in
3225 1613 3370 1648 cant-

1793 1713 1860 1768 po
1886 1697 2109 1750 Tantos.
2143 1693 2408 1749 Convertit
2447 1694 2502 1746 in
2537 1692 2847 1762 sanguinem
2892 1690 3117 1760 ﬂumina
3164 1705 3366 1750 eorum,

1794 1797 1844 1842 et
1869 1786 2058 1841 imbres
2086 1802 2266 1840 eorum
2296 1802 2358 1839 ne
2380 1783 2631 1838 biberent.
2664 1782 2814 1835 Misit
2841 1782 2893 1834 in
2918 1797 3003 1834 eos
3028 1780 3370 1849 caenomgiam

1796 1889 1845 1934 et
1880 1879 2100 1933 comedit
2132 1895 2241 1942 eos,
2269 1887 2316 1932 et
2346 1893 2537 1930 ranam
2567 1885 2617 1930 et
2639 1872 2955 1945 disperdidit
2984 1889 3092 1928 eos.
3126 1870 3193 1924 Et
3227 1871 3370 1925 dedit

123 1968 366 2020 στειλεν
392 1968 472 2032 εἰς
504 1966 725 2032 αὐτοὺς
754 1969 1087 2036 κυνόμυιαν
1113 1967 1210 2021 καὶ
1235 1968 1567 2038 κατέφαγεν
1590 1967 1693 2020 αὐ-

1802 1973 2021 2042 terugini
2064 1971 2294 2040 fructum
2325 1985 2528 2034 eorum,
2564 1976 2614 2022 et
2655 1967 2860 2022 labores
2902 1983 3084 2021 eorum
3134 1966 3370 2018 locustw.

124 2057 292 2122 τοὺς,
321 2057 416 2110 καὶ
460 2057 771 2128 ,ϐάτραχον
803 2059 900 2112 καὶ
934 2058 1261 2129 διέφθειρεν
1306 2061 1547 2126 αὐτούς.
1585 2059 1696 2116 Kal

121 2149 307 2203 ἔδωκε
353 2147 430 2216 τῇ
477 2149 725 2219 ἐρυσίϐῃ
769 2149 875 2203 τὸν
916 2151 1146 2219 καρπὸν
1174 2148 1390 2216 αὐτῶν,
1418 2149 1517 2206 καὶ
1556 2149 1699 2217 τοὺς

121 2242 348 2306 πόνους
378 2239 575 2293 αὐτῶν
607 2239 682 2310 τῇ
717 2241 936 2310 ἁκρίδι,
968 2242 1078 2297 Καὶ
1105 2241 1455 2297 ἀπέκτεινεν
1493 2243 1564 2298 ἐν
1592 2261 1700 2312 χα-

122 2331 270 2402 λάζῃ
313 2332 426 2400 τὴν
465 2331 736 2401 ἄμπελον
773 2332 1001 2400 αὐτῶν,
1037 2335 1132 2389 καὶ
1175 2335 1282 2402 τὰς
1327 2337 1700 2406 συκαμίνους

122 2416 322 2482 αὐτῶν
348 2424 417 2477 ἐν
445 2422 518 2493 τῇ
543 2424 765 2494 πάχνη.
810 2426 917 2481 Καὶ
949 2425 1289 2493 παρέδωκεν
1323 2429 1410 2493 εἰς
1435 2427 1701 2497 χάλαζαν

122 2523 202 2576 tit
226 2523 412 2590 κτήνη
434 2525 650 2589 αὐτῶν,
671 2525 770 2579 καὶ
796 2524 909 2592 τὴν
927 2525 1184 2594 ὕπαρξιν
1209 2525 1407 2581 αὐτῶν
1430 2525 1509 2593 τῷ
1534 2528 1696 2596 πυρί.

120 2613 281 2670 Μετὰ
312 2615 381 2670 τὰ
407 2616 766 2687 προλεχθέντα
797 2619 974 2671 πάντα
993 2617 1295 2689 παρέμενον
1325 2620 1700 2691 παραπικραί-

119 2722 324 2770 νοντες,
359 2706 599 2758 τουτέστι
636 2708 830 2779 πικρὸν
856 2710 1065 2772 ἑαυτοῖς
1094 2710 1184 2762 τὸν
1230 2709 1362 2763 Θεὸν
1407 2708 1704 2763 καθιστῶν-

119 2815 237 2864 τες,
273 2798 506 2869 χρηστὸν
534 2799 662 2854 ὄντα
701 2803 768 2872 τῇ
801 2799 957 2870 φύσει
993 2801 1086 2854 καὶ
1130 2801 1331 2870 ἀγαθὸν
1360 2801 1452 2855 καὶ
1479 2801 1700 2869 γλυκὺν,

119 2892 238 2952 τοῖς
288 2889 343 2942 δὲ
383 2891 651 2962 τιμωρίας
691 2890 860 2956 ἀξίοις
905 2892 1099 2962 πικρὸν
1143 2891 1514 2964 νομιζόμενον.
1545 2887 1702 2947 Οὗτοι

119 2973 257 3042 γοῦν
291 2976 338 3032 οἱ
377 2977 429 3029 ὲν
455 2980 520 3048 τῇ
555 2980 746 3050 ἐρήμῳ
779 2978 1133 3050 παρώργισαν
1163 2981 1342 3045 αὑτὸν,
1369 2983 1582 3046 ἑαυτοῖς
1606 2982 1704 3054 τὴν

118 3067 296 3138 ὀργὴν
327 3066 716 3147 ἐπισπώμενοι.
746 3073 854 3125 Καὶ
878 3073 1036 3128 πάλιν
1070 3073 1404 3143 ἐπέστρεφον
1436 3074 1530 3127 καὶ
1552 3074 1702 3127 ἐπεί-

121 3161 293 3232 ραζον
324 3162 413 3214 τὸν
445 3162 595 3226 Θεὸν,
635 3164 728 3218 καὶ
763 3165 853 3217 τὸν
880 3167 1062 3236 Ἅγιον
1096 3166 1188 3220 τοῦ
1207 3167 1419 3239 Ἰσραὴλ
1449 3164 1704 3239 παρώξυ-

117 3269 236 3304 νον.
258 3252 367 3304 Kal.
387 3251 558 3308 ταῦτα
581 3254 757 3310 πάντα
783 3257 1100 3328 διέπραττον
1132 3259 1205 3330 μὴ
1237 3258 1704 3330 ἀναλαμϐάνοντες

117 3347 194 3414 τῇ
242 3347 429 3416 μνήμῃ
459 3345 556 3409 τὰς
604 3347 767 3401 πάλαι
795 3349 1098 3421 δειχθείσας
1141 3352 1322 3414 αὐτοῖς
1369 3350 1703 3423 παραδόξους

117 3437 414 3508 δυνάμειςο
439 3438 559 3491 καθ’
587 3437 644 3494 ὃν
675 3441 865 3512 καιρὸν
885 3441 1247 3514 λυτρούμενος
1275 3443 1471 3506 αὐτοὺς
1501 3445 1566 3495 ὲκ
1588 3460 1702 3512 χει-

118 3530 222 3603 ρὸς
267 3529 538 3595 θλίϐοντος
581 3532 673 3585 τοῦ
724 3533 942 3605 Φαραὼ,
970 3535 1260 3606 ἠλευθέρου
1284 3536 1384 3605 τῆς
1412 3533 1520 3587 τῶν
1545 3535 1707 3605 Αἰγυ-

116 3623 301 3675 πτίων
333 3623 671 3688 δυναστείας,
701 3625 971 3698 διαφόρως
998 3628 1123 3690 τοὺς
1163 3627 1393 3698 ἐχθροὺς
1419 3626 1596 3680 αὐτῶν
1624 3628 1707 3680 αξ-

113 3713 244 3780 κιζό
253 3733 410 3786 μενος
434 3719 490 3770 ὲν
514 3718 592 3788 τῲ
615 3719 830 3783 Τάνεως
858 3720 1022 3791 πεδίῳ
1043 3739 1055 3752 ο
1082 3721 1139 3772 ὲν
1159 3713 1202 3788 ᾧ
1228 3719 1444 3791 πρῶτον
1464 3720 1708 3789 ἐγίγνετο

111 3810 151 3878 ἡ
203 3807 303 3860 τοῦ
343 3810 587 3880 ποταμοῦ
620 3812 699 3875 εἰς
735 3806 872 3882 αἷμα
903 3811 1189 3882 μεταϐολὴ,
1229 3811 1545 3880 Αἰγυπτίοις
1573 3807 1708 3866 οὖσα

110 3899 374 3972 τοιαύτη,
401 3902 459 3954 οὺ
492 3901 596 3973 μὴν
635 3903 728 3956 καὶ
755 3906 866 3967 τοῖς
899 3901 1471 3974 βοηθουμένοις.“06εν
1498 3903 1597 3955 ’καὶ
1637 3901 1708 3956 τὰ

108 3991 461 4065 ὀμϐρήματα
499 3994 757 4066 αὐτῶν,ἢ
807 3994 947 4048 κατὰ
992 3995 1082 4048 τὸν
1119 3994 1368 4059 Ἀκύλαν,
1400 3997 1460 4047 al
1489 3992 1708 4061 κατάρ-

107 4085 285 4150 ﬁctas
309 4082 524 4149 αὐτῶν,
555 4085 586 4154 ἢ
614 4087 754 4140 κατὰ
782 4086 872 4140 τὸν
899 4085 1214 4158 Σύμμαχον,
1249 4086 1320 4140 τὰ
1354 4085 1559 4154 ¹ῥεῖθρα
1605 4086 1709 4140 αὺ-

108 4171 288 4236 τῶν,
336 4175 690 4244 μετεϐάλλετο
739 4178 820 4241 εἰς
874 4172 1031 4249 αἷμα.
1091 4169 1249 4230 Πᾶσα
1296 4175 1406 4249 γὰρ
1453 4176 1708 4239 σύστασις

109 4265 342 4319 ὑδάτων
373 4267 441 4319 τὰ
477 4269 635 4339 ὃμοια
664 4268 739 4340 τῷ
767 4269 993 4340 ποταμῷ
1036 4269 1291 4340 ἔπασχεν.
1312 4268 1474 4322 Ἀλλὰ
1505 4268 1708 4322 τούτων

106 4360 384 4430 οὐδεμίαν
427 4361 704 4415 ἐποιοῦντο
738 4364 954 4434 μνήμην
997 4364 1044 4415 οἱ
1072 4360 1554 4432 κατηγορούμενον
1590 4359 1708 4416 οὐδὲ

105 4453 185 4521 τῇ
213 4450 309 4503 διὰ
335 4451 432 4522 τῆς
464 4453 759 4523 κυνομυίας
787 4454 907 4506 κατ’
933 4455 1244 4522 Αἰγυπτίων
1276 4455 1456 4526 πληγῇ
1497 4457 1707 4526 προσεῖ-

105 4560 216 4613 χον
246 4541 340 4594 τὸν
365 4543 510 4609 νοῦν,
533 4545 651 4597 οὐδὲ
676 4548 740 4616 τῇ
762 4545 849 4600 διὰ
879 4545 986 4600 τῶν
1009 4545 1291 4618 βατράχων
1321 4547 1563 4617 μάστιγι,
1586 4547 1707 4600 οὐδὲ

102 4637 186 4706 τῇ
209 4633 307 4687 διὰ
334 4635 434 4705 τῆς
461 4637 718 4710 ἐρυσίϐης
755 4638 852 4710 (1)*
889 4637 1002 4691 ἀλλ’
1035 4639 1142 4691 οὐδ’
1175 4640 1320 4702 ὅπως
1353 4639 1421 4692 δι’
1444 4639 1638 4702 αὐτοὺς
1657 4640 1706 4692 οἱ

1798 2063 1868 2117 Ει
1911 2063 2102 2118 occidit
2143 2063 2198 2116 in
2227 2060 2485 2133 grandine
2528 2062 2731 2114 vineam
2763 2077 2965 2124 eorum,
3002 2069 3050 2113 et
3080 2075 3254 2112 moros
3283 2074 3374 2111 eo»

1797 2172 1915 2210 rum
1943 2157 1998 2208 in
2019 2157 2234 2226 pruina.
2271 2154 2338 2208 Et
2370 2153 2590 2207 tradidit
2629 2153 2878 2224 grandini
2898 2152 3141 2222 jum'enta
3168 2168 3370 2215 eorum,

1797 2261 1843 2306 et
1883 2249 2262 2320 possessionem
2311 2261 2492 2299 eorum
2539 2245 2666 2314 igni.
2701 2242 2828 2298 Post
2880 2243 3138 2313 praedicta
3163 2243 3371 2303 omnia,

1797 2342 2209 2402 exacerbantes,
2247 2338 2442 2408 inquit,
2481 2343 2922 2407 permanserunt,
2957 2336 3010 2389 id
3061 2344 3166 2410 est,
3202 2332 3371 2388 Deum

1799 2437 1905 2493 sibi
1954 2434 2210 2490 acerbum
2257 2421 2674 2493 Constituentes,
2709 2429 2802 2497 qui
2839 2435 3021 2481 tamen
3056 2433 3376 2480 mansuetus

1798 2539 2016 2592 natura,
2052 2529 2229 2583 bonus
2271 2533 2324 2581 et
2350 2523 2527 2579 dulcis
2559 2532 2680 2589 est;
2715 2522 2810 2577 sed
2838 2523 2906 2576 ab
2941 2522 3007 2576 iis
3041 2520 3134 2590 qui
3167 2520 3376 2588 suppli-

1799 2625 1883 2678 cio
1908 2621 2059 2693 digni
2091 2627 2221 2675 sunt
2251 2617 2482 2672 acerbus
2509 2615 2877 2671 existimatur.
2912 2613 2976 2666 Hi
3010 2613 3174 2682 igitur
3200 2612 3291 2681 qui
3321 2612 3375 2664 iu

1799 2712 2017 2767 deserto
2063 2709 2419 2763 irritaverunt
2463 2721 2611 2772 eum,
2657 2703 2763 2760 sibi
2814 2705 2949 2758 iram
3005 2711 3370 2755 atlraxerunt.

1800 2804 2148 2873 Rursumque
2177 2801 2529 2856 vertebantur
2565 2805 2623 2866 ut
2650 2803 2924 2853 tentarent
2947 2794 3136 2857 Deum,
3163 2805 3216 2849 et
3239 2792 3380 2848 San-

1801 2895 2142 2951 ctum'lsrael
2167 2893 2578 2948 exacerbarent.
2604 2889 2732 2945 Haec
2755 2903 2921 2959 porro
2937 2887 3121 2942 omnia
3144 2886 3381 2956 agebant

1800 2988 1946 3060 quod
1977 2986 2255 3042 mirabiles
2275 2985 2396 3038 illas
2426 2983 2530 3038 sibi
2552 2982 2683 3037 olim
2712 2978 2986 3035 exhibitas
3013 2977 3242 3030 virtutes
3263 2991 3379 3030 me-

1803 3081 1973 3135 moria
2001 3094 2109 3133 non
2141 3083 2449 3148 repeterent
2478 3093 2494 3130 :
2527 3089 2637 3144 quo
2671 3083 2916 3145 tempore
2946 3069 3015 3125 de
3050 3083 3214 3123 manu
3239 3066 3380 3121 Pha-

1802 3173 1988 3227 raonis
2020 3186 2080 3226 se
2103 3169 2463 3241 opprimentis
2493 3166 2726 3223 redemit
2753 3180 2870 3230 eos,
2904 3173 2959 3220 et
2990 3163 3058 3217 ab
3091 3160 3379 3233 Egyptia-

1805 3279 1922 3317 rum
1956 3262 2237 3317 dominatu
2272 3260 2539 3324 liberavit,
2571 3258 2864 3326 variasque
2907 3253 3145 3309 inimicis
3190 3267 3382 3307 eorum

1803 3359 2002 3414 inﬂixit
2028 3358 2217 3430 plagas
2246 3361 2301 3411 in
2335 3369 2530 3426 campo
2562 3353 2776 3408 Tancos
2807 3370 2820 3406 :
2861 3350 2951 3405 ubi
2992 3349 3169 3420 primo
3202 3347 3383 3402 conti-

1805 3454 1883 3525 git
1931 3453 2172 3507 ﬂuminis
2221 3451 2275 3505 in
2331 3449 2652 3520 sanguinem
2705 3445 2957 3507 mutatio,
2989 3458 3110 3514 quae
3161 3440 3381 3512 quidem

1807 3544 2079 3618 Egyptiis
2125 3544 2252 3599 talis
2299 3553 2437 3608 erat,
2465 3557 2575 3594 non
2596 3547 2778 3594 autem
2809 3538 2878 3592 iis
2907 3535 2999 3606 qui
3023 3535 3380 3604 juvabantur.

1807 3637 1987 3704 Quare
2021 3637 2226 3691 imbres
2256 3649 2477 3705 quoque
2505 3647 2715 3698 eorum,
2748 3630 2863 3686 sive
2889 3626 3190 3683 secundum
3213 3625 3386 3694 Aqui-o

1806 3725 1936 3790 lam,
1970 3725 2148 3794 fluxus
2169 3738 2381 3787 eorum;
2403 3723 2515 3777 sive
2540 3719 2840 3776 secundum
2867 3714 3277 3788 Symmachum,
3301 3713 3386 3766 al-

1808 3819 1885 3873 vei
1913 3834 2114 3882 eorum,
2146 3816 2199 3870 in
2230 3817 2549 3886 sanguinem
2585 3806 3160 3868 vertebantur.0mnis
3187 3806 3385 3876 quippe

1808 3925 2073 3980 aquarum
2123 3908 2397 3970 collectio,
2432 3905 2582 3975 paria
2624 3903 2834 3959 ﬂumini
2883 3915 3047 3972 passa
3093 3906 3198 3955 est.
3230 3897 3301 3954 At
3346 3898 3385 3953 ii

1806 4003 1900 4072 qui
1947 4007 2296 4063 accusantur,
2317 3999 2522 4053 nullam
2573 4010 2762 4051 eorum
2817 3993 3135 4050 memoriam
3182 3992 3386 4048 retine—

1807 4092 1960 4154 bant,
1991 4107 2168 4160 neque
2218 4089 2398 4144 animo
2452 4086 2771 4158 repetebant
2806 4085 3129 4156 caenomyia:
3171 4084 3385 4154 plagam

1807 4183 2080 4256 ngyptiis
2115 4182 2441 4245 immissum,
2478 4196 2586 4236 non
2617 4193 2876 4233 ranarum
2907 4192 3086 4247 neque
3127 4175 3386 4247 teruginis

1808 4275 2115 4343 ﬂagellum;
2166 4273 2260 4330 sed
2323 4287 2499 4342 neque
2547 4285 2656 4341 qua
2706 4269 2921 4323 ratione
2965 4267 3181 4321 illorum
3212 4265 3386 4337 gratia

1809 4365 2049 4439 Egyptii
2099 4366 2342 4427 locustae,
2376 4361 2652 4433 grandini,
2675 4359 2885 4431 pruinae
2935 4366 2992 4412 et
3039 4357 3150 4427 igni
3204 4355 3386 4410 traditi

1807 4459 2242 4530 castigabantur.
2262 4455 2466 4510 Horum
2501 4454 2931 4524 experimentum
2954 4464 3079 4505 cum
3100 4463 3264 4518 opere
3293 4463 3386 4502 ce-

1810 4553 2039 4623 pissent,
2074 4552 2421 4605 immemores
2473 4560 2654 4603 tamen
2703 4543 2945 4600 omnium
2993 4548 3170 4596 erant.
3207 4539 3388 4605 Quare

1814 4641 2114 4698 secundum
2154 4637 2544 4710 Symmachum
2591 4635 2800 4690 dictum
2831 4643 2914 4688 est
2949 4651 2962 4686 :
3003 4629 3126 4684 Non
3156 4638 3277 4684 sunt
3305 4645 3391 4683 re-

101 4727 418 4796 Αἰγύπτιοι
459 4729 638 4802 ἁκρίδι
685 4731 778 4784 καὶ
828 4730 1058 4804 χαλάζῃ,
1091 4733 1184 4786 καὶ
1224 4732 1404 4804 πάχνῃ
1433 4734 1528 4785 καὶ
1573 4733 1693 4804 πυρΊ

1813 4732 2020 4788 cordati
2063 4748 2250 4786 manus
2295 4731 2431 4799 ejus,
2466 4730 2570 4783 diei
2592 4746 2697 4800 qua
2726 4727 2964 4781 liberavit
3007 4741 3092 4778 eos
3123 4723 3186 4777 de
3214 4721 3388 4776 tribu-

102 4821 528 4892 παραδοθέντες
559 4823 891 4888 ἐκολάζοντο.
926 4825 1143 4879 Τούτων
1174 4826 1218 4880 δ’
1248 4825 1428 4897 ἔργοις
1463 4825 1560 4896 τὴν
1591 4826 1708 4876 πεῖ-

102 4929 228 4986 ραν
285 4912 584 4984 εἰληφότες,
616 4917 924 4988 ἀμνήμονες
963 4917 1220 4972 ἁπάντων
1273 4918 1566 4988 ἐγίγνοντο.
1617 4917 1708 4970 Διὸ

102 5004 273 5063 κατὰ
301 5003 391 5058 τὸν
421 5006 713 5078 Σύμμαχον
756 5008 1001 5080 εἴρηται’
1041 5012 1161 5064 Οὐκ
1195 5008 1707 5081 ἀνεμιμνήσκοντο

102 5097 243 5164 τὴν
294 5097 463 5167 χεῷα
503 5099 704 5164 αὐτοῦ,
729 5100 840 5169 τὴν
866 5100 1092 5171 ἡμέραν
1117 5102 1186 5157 ἐν
1211 5098 1250 5174 ᾖ
1280 5103 1574 5171 ἐρρύσατο
1603 5103 1709 5156 αὐ-

99 5187 274 5252 τοὺς
305 5189 376 5241 ἐκ
412 5190 516 5243 τοῦ
545 5192 886 5259 θλίϐοντος·
928 5191 1033 5246 τοῦ
1076 5193 1440 5260 ποιήσαντος
1485 5193 1556 5248 τὰ
1595 5208 1708 5261 ση-

100 5278 265 5345 “sia
301 5280 488 5333 αὑτοῦ
522 5280 622 5334 και
652 5282 724 5338 τὰ
755 5282 966 5352 τέρατα
995 5285 1181 5340 αὐτοῦ
1209 5285 1279 5338 ἐν
1299 5288 1596 5356 Αἰγύπτῳ,
1640 5287 1710 5340 ἐν

97 5369 314 5435 πεδίῳ
370 5371 622 5440 Τάνεως·
656 5375 759 5429 τοῦ
800 5378 1238 5448 μεταϐαλόντος
1278 5381 1365 5444 εὶς
1403 5374 1546 5449 αἷμα
1571 5379 1712 5445 τοὺς

95 5463 439 5531 ποταμοὺς
489 5466 707 5533 αὐτῶν,
734 5468 832 5523 καὶ
881 5470 952 5524 τὰ
991 5470 1196 5538 ῥεῖθρα
1241 5469 1457 5537 αὐτῶν,
1487 5471 1588 5527 ἵνα
1620 5470 1708 5541 μὴ

96 5557 313 5610 πίωσι
339 5573 354 5586 ο
384 5555 491 5609 τοῦ
519 5557 964 5628 ἐπιπέμψαντος
1000 5558 1204 5629 αὐτοῖς
1235 5562 1565 5632 κυνόμυιαν
1597 5577 1710 5630 φα·-

184 5673 241 5703 3‘
271 5671 422 5725 Psal.
452 5687 644 5737 XLVI“,
668 5673 756 5730 21.

184 5785 277 5856 (1)
314 5783 418 5840 Ms.
453 5782 730 5856 ὲρισύὸης.

1813 4829 1980 4890 laute,
2007 4827 2120 4896 ejus
2173 4825 2263 4894 qui
2317 4824 2438 4893 fecit
2489 4824 2642 4892 signa
2687 4837 2787 4875 sua
2828 4827 2878 4873 et
2925 4817 3166 4887 prodigia
3195 4832 3293 4870 sua
3335 4815 3391 4867 in

1813 4920 2067 4991 Egypto,
2103 4918 2158 4971 in
2185 4933 2368 4986 campo
2389 4915 2625 4976 Taneos;
2650 4914 2738 4984 qui
2767 4909 3062 4964 immutavit
3095 4909 3148 4961 in
3182 4905 3393 4976 sangui-

1813 5029 1929 5067 nem
1957 5011 2182 5080 ﬂumina
2213 5026 2414 5074 eorum,
2447 5018 2494 5061 et
2526 5007 2697 5060 alveos
2731 5020 2912 5060 earum
2935 5012 3111 5055 utnon
3130 4998 3388 5062 biberent;

1813 5102 1903 5173 qui
1944 5103 2087 5155 misit
2116 5101 2243 5170 ipsis
2289 5097 2633 5168 ctrnomyiam
2683 5095 2750 5148 ad
2784 5090 3156 5148 comedendum
3198 5105 3308 5151 eos,
3341 5099 3390 5141 et

1814 5208 2004 5246 ranam
2039 5192 2106 5244 ad
2142 5188 2544 5260 disperdendum
2573 5202 2696 5250 eos;
2743 5185 2831 5254 qui
2858 5181 3001 5236 dedit
3029 5178 3249 5249 wrugini
3274 5177 3392 5246 fru-

1812 5293 1928 5337 ctus
1958 5297 2140 5337 eorum
2169 5291 2219 5336 et
2252 5281 2456 5334 labores
2485 5293 2666 5331 eorum
2697 5276 2945 5336 locusttc;
2976 5271 3066 5342 qui
3119 5267 3305 5323 occidit
3336 5269 3392 5319 in

1810 5376 2067 5446 grandine
2107 5375 2310 5429 vineam
2356 5387 2556 5436 eorum,
2590 5381 2638 5424 et
2662 5384 2960 5439 sycomoros
2987 5380 3166 5419 eorum
3194 5364 3247 5415 in
3275 5377 3392 5414 ver-

1814 5483 1929 5532 me;
1958 5467 2047 5536 qui
2078 5464 2299 5519 tradidit
2321 5461 2716 5532 pestijumenta
2745 5473 2945 5520 eorum,
2970 5465 3018 5510 et
3041 5455 3391 5524 possessiones

1813 5577 1990 5616 eorum
2024 5557 2226 5614 avibus.
2262 5557 2363 5612 Pro
2387 5556 2480 5611 illo
2522 5563 2726 5619 autem,
2758 5550 3000 5621 azrugini,
3033 5546 3394 5621 Symmachus
