3798 6282
140 356 227 414 929
1181 340 1660 399 COMMENTABL

1764 340 1789 394 ι
1830 340 2163 397 ΡδΛῙιΜΟδ.

3234 350 3339 405 050

140 468 299 539 φυγεῖν
324 459 412 531 τὴν
428 456 591 529 ὀργὴν
618 454 780 508 αὐτοῦ
802 470 814 484 ⁸
851 454 958 508 τῶν
983 454 1039 509 δὲ
1060 455 1371 523 Αἰγυπτίων
1395 458 1491 511 ούκ
1519 457 1660 527 ἐφεί-

1774 472 1926 512 suam
1954 476 1967 512 :
2006 456 2276 528 Egyptiis
2302 472 2430 514 vero
2452 473 2559 514 non
2584 462 2857 532 pepercit;
2886 479 3067 517 verum
3109 464 3160 517 in
3198 479 3343 517 mor-

140 575 275 615 σατο·
306 548 575 623 παρεδίδου
625 548 682 601 δὲ
728 548 807 611 είς
862 546 1087 601 θάνατον
1120 547 1218 611 τὰς
1263 546 1437 617 ψυχὰς
1466 548 1664 612 αὐτῶν,

137 652 274 719 ἀξίων
301 646 457 698 ὄντων
481 641 577 712 τῆς
604 640 856 711 τοιαύτης
878 640 1145 712 τιμωρίας
1166 658 1180 672 ο
1215 641 1527 713 ἐπειδήπερ,
1552 643 1670 695 ἀσε-

136 745 281 803 6είαις
317 732 648 804 ὲκδεδομένοι
688 732 779 785 καὶ
835 735 900 803 τῇ
932 733 1175 803 πολυθέῳ
1202 734 1294 787 καί
1330 735 1665 805 Αἰγυπτιακῇ

132 828 495 900 δεισιδαιμονίᾳ,
547 823 689 895 ἄλλῳ
735 824 946 890 θανάτῳ
1004 825 1103 889 τὰς
1155 825 1331 895 ψυχὰς
1377 826 1667 896 ἐτύγχανον

133 920 531 999 βεϐαπτισμένοι.
560 918 759 989 Διόπερ
785 919 812 970 6
842 917 1029 989 παρὼν
1070 919 1225 986 λόγος
1253 919 1313 970 ού
1345 920 1520 973 κοινὸν
1573 919 1668 972 θά-

129 1038 260 1074 νατον
294 1012 671 1087 ἐπεληλυθέναι
703 1014 882 1077 αὐτοῖς
914 1012 1170 1078 διδάσκει,
1205 1012 1336 1065 ἀλλὰ
1360 1013 1543 1083 ψυχῶν
1573 1012 1667 1065 θά-

132 1110 347 1166 νατον.’0
387 1106 493 1178 γὰρ
540 1105 880 1177 ὀλοθρευτὴς,
918 1097 961 1173 ᾧ
1014 1105 1406 1175 παρεδόθησαν,
1443 1106 1555 1175 ἅμα
1602 1107 1664 1175 τῇ

129 1204 208 1257 τού
236 1200 468 1271 σώματος
501 1197 758 1261 διαλύσει,
784 1198 881 1260 τὰς
910 1195 1085 1267 ψυχὰς
1111 1196 1289 1249 αὐτῶν
1312 1197 1665 1269 παρελάμϐα-

129 1313 220 1355 νεν,
244 1294 313 1356 είς
341 1289 554 1361 ὄλεθρον
587 1289 753 1352 αὑτὰς
777 1288 1023 1356 ἀπάγων.
1054 1288 1142 1341 Διὸ
1173 1289 1266 1342 καὶ
1294 1284 1446 1351 αὖθις
1469 1289 1668 1359 γέγρα-

128 1403 268 1439 πται·
300 1386 413 1437 Οὐκ
469 1382 752 1450 ἐρείσατο
806 1381 924 1435 ἀπὸ
984 1380 1243 1436 θανάτου
1294 1379 1411 1434 τῶν
1453 1380 1667 1450 ψυχῶν

124 1477 309 1531 αὐτῶν.
351 1470 480 1527 Εἶτα
525 1475 775 1541 διασαφεῖ
820 1473 992 1542 λέγων
1043 1473 1206 1545 ἐξῆςο
1248 1473 1361 1530 Kal
1408 1472 1666 1537 ἐπάταξε

123 1570 223 1624 πᾶν
264 1568 631 1638 πρωτότοκον
674 1568 742 1619 ἐν
774 1565 851 1636 γῇ
894 1567 1186 1635 Αἰγύπτῳ,
1230 1564 1508 1635 ἀπαρχὴν
1548 1564 1666 1619 τῶν

123 1666 293 1717 πόνων
339 1657 553 1713 αὐτῶν.
589 1658 733 1712 Ἀντὶ
782 1659 837 1712 δὲ
886 1657 1001 1723 τοῦ,
1053 1657 1335 1725 ἀπαρχὴν
1398 1656 1514 1711 τῶν
1559 1658 1665 1711 πό-

121 1774 221 1809 νων
266 1751 453 1811 αὐτῶν
526 1752 596 1805 ὲν
658 1751 781 1818 τοῖς
832 1748 1183 1820 σκηνώμασι
1235 1749 1390 1819 Χάμο
1440 1753 1468 1803 6
1517 1750 1661 1822 Σύμ-

124 1862 297 1916 μαχος·
346 1842 641 1911 Πρωτεῖον
689 1841 1003 1911 δυνάμεων
1067 1840 1284 1904 αὐτῶν,
1332 1842 1659 1911 ἡρμήνευσε.

124 1938 190 1991 Τὰ
242 1936 341 2008 γὰρ
392 1935 716 2007 πρωτότοκα
778 1934 873 1988 καὶ
932 1936 1194 2006 πρωτεῖον
1243 1928 1310 2003 ἦν
1364 1933 1461 2003 τῆς
1509 1933 1665 1987 δυνά-

122 2048 243 2102 μεως
299 2029 400 2081 τῶν
454 2027 853 2098 γεννησάντων.
916 2025 1015 2079 Διὰ
1077 2024 1174 2097 μὲν
1213 2020 1305 2078 οὖν
1344 2024 1450 2077 τῶν
1512 2025 1655 2097 πρώ-

116 2140 205 2175 των
229 2120 457 2191 πληγῶν,
480 2119 669 2192 ὥσπερ
694 2121 773 2181 εἰς
801 2119 1087 2190 μετάνοιαν
1111 2118 1307 2181 αὐτοὺς
1330 2117 1666 2189 προσκαλού-

121 2232 253 2285 μενος
275 2214 355 2267 διᾰ
374 2215 474 2285 τῆς
506 2212 705 2282 ἀνοχῆς
732 2213 826 2264 καὶ.
856 2210 1256 2283 μακροθυμίας,
1290 2211 1664 2282 πεφεισμένως

115 2307 270 2369 αὐτοῖς
299 2306 468 2376 ἐπῆγε
498 2303 598 2367 τὰς
623 2302 910 2375 τιμωρίας.
929 2303 1051 2355 Ἐπὶ
1087 2303 1230 2356 τέλει
1274 2303 1330 2355 δὲ
1374 2304 1473 2357 ούκ
1514 2304 1662 2373 ἐφεί-

117 2414 225 2450 σατο
273 2398 374 2451 ἀπὸ
422 2396 657 2474 θανάτου
703 2394 809 2448 τῶν
846 2394 1035 2465 ψυχῶν
1076 2394 1283 2449 αὐτῶν⁸
1314 2393 1449 2448 ἀλλὰ
1476 2394 1569 2449 καὶ
1595 2394 1665 2448 τὰ

116 2494 262 2563 κτήνη
291 2490 464 2545 αὐτῶν
497 2492 577 2555 είς
608 2491 836 2544 θάνατον
878 2488 1235 2543 συνέκλεισεν.
1256 2489 1408 2541 Ἐπεὶ
1437 2489 1530 2542 καὶ
1555 2490 1663 2542 πᾶν

115 2583 420 2655 πρωτότοκον
454 2584 517 2637 ὲν
541 2584 612 2654 γῇ
640 2582 901 2652 Αἰγύπτῳ
934 2583 1205 2654 ἀνῃρεῖτο,
1241 2581 1451 2653 κτηνῶν
1477 2600 1535 2635 τε
1568 2583 1661 2635 καὶ

113 2676 307 2746 ἀνδρῶν.
335 2675 548 2747 Σφόδρα
593 2674 649 2728 δὲ
696 2674 935 2746 ἀκριϐῶς
970 2675 1061 2727 ἐπὶ
1098 2676 1195 2745 μὲν
1224 2674 1333 2727 τῶν
1362 2673 1664 2747 ἀνθρώπων

112 2767 298 2839 θανάτῳ
328 2769 461 2840 φησὶ
482 2769 581 2832 τὰς
611 2766 787 2838 ψυχὰς
810 2766 985 2819 αὐτῶν
1016 2767 1438 2838 παραδεδόσθαι·
1468 2764 1536 2840 ἦν
1556 2768 1664 2840 γὰρ

108 2862 134 2911 6
158 2860 455 2936 όλοθρευτὴς
487 2861 719 2932 δαίμων,
754 2864 782 2915 6
822 2863 919 2926 τὰς
951 2861 1128 2933 ψυχὰς
1160 2861 1339 2915 αὐτῶν
1390 2862 1483 2916 καὶ
1526 2862 1663 2934 μετὰ

114 2951 311 3006 θάνατον
358 2954 835 3025 παραλαμϐάνωνο
870 2955 962 3008 ἐπὶ
993 2954 1047 3006 δὲ
1080 2954 1187 3007 τῶν
1227 2954 1438 3023 κτηνῶν
1483 2955 1662 3009 οὐκέτι

110 3043 269 3115 ψυχῶν
302 3046 727 3117 ἐμνημόνευσεν,
761 3044 895 3099 ἀλλὰ
924 3046 1083 3116 μόνου
1118 3045 1208 3099 τοῦ
1239 3046 1414 3100 κοινοῦ
1445 3047 1537 3100 καὶ
1561 3065 1664 3101 σω-

113 3136 311 3203 ματικοῦ
344 3137 576 3191 θανάτου
603 3150 615 3163 '
657 3139 716 3192 ού
761 3137 869 3211 γὰρ
916 3138 1129 3209 μετέχει
1178 3139 1357 3209 ψυχῆς
1396 3138 1466 3192 τὰ
1495 3140 1661 3212 κτήνη

110 3222 193 3292 τῆς
252 3226 383 3296 μετὰ
449 3226 549 3299 τὴν
602 3226 695 3280 τοῦ
746 3226 994 3298 σώματος
1044 3226 1195 3281 λύσιν
1242 3228 1731 3314 παραμενούσηςο

108 3316 281 3385 ὁμοίως
328 3323 450 3383 ταῖς
485 3319 591 3373 τῶν
642 3319 944 3391 ἀνθρώπων
976 3319 1194 3391 ψυχαῖς.
1227 3320 1336 3391 Τὴν
1385 3322 1440 3374 δὲ
1494 3321 1661 3393 αὐτὴν

112 3406 326 3479 ἱστορίαν
376 3411 654 3482 διαφόρως
702 3410 909 3481 Μωσῆς
955 3428 1014 3463 τε
1066 3412 1219 3465 καὶὸ
1266 3410 1457 3483 παρὼν
1506 3410 1662 3479 λόγος

106 3498 419 3572 ήρμήνευσεν
442 3519 456 3533 ·
483 3503 511 3554 6
546 3502 643 3573 μὲν
671 3501 991 3574 ὀλοθρευτὴν
1023 3500 1192 3555 είπὼν
1228 3502 1540 3574 διακονῆσαι
1572 3503 1661 3556 τὸν

110 3590 309 3646 θάνατον
340 3594 449 3649 τῶν
498 3596 856 3667 πρωτοτόκων
878 3613 889 3625 ·
928 3597 954 3648 ὀ
982 3594 1036 3648 δὲ
1070 3594 1260 3667 παρὼν
1291 3594 1447 3664 λόγος
1470 3596 1537 3649 δι’
1565 3597 1661 3665 ἁγ-

106 3681 255 3747 γέλων
284 3686 535 3758 πονηρῶν
566 3684 739 3739 ταῦτα
770 3686 1067 3755 γεγονέναι.
1096 3688 1273 3740 Κάκεῖ
1320 3688 1415 3759 μὲν
1458 3689 1486 3739 6
1534 3688 1663 3741 Μω-

109 3773 191 3842 σῆς
227 3774 298 3845 τῷ
339 3778 533 3849 αἵματι
568 3777 849 3847 κεχρῖσθαι
882 3777 981 3841 τὰς
1013 3777 1192 3847 φλιὰς,
1227 3778 1501 3831 καὶτοῦτο
1562 3796 1662 3848 φυο

104 3860 367 3937 λακτήριον
402 3867 684 3937 γεγονέναι
733 3868 843 3920 τῶν
885 3867 1255 3937 διαφυγόντων
1285 3869 1376 3921 τὸν
1408 3868 1649 3940 ὀλοθρευ-

104 3954 217 4023 τήν’
248 3957 480 4011 ἐνταῦθα
510 3957 565 4010 δὲ
598 3956 987 4030 ὡδοποιηκέναι
1020 3958 1204 4030 τρίϐον
1234 3960 1447 4030 εἴρηται
1476 3961 1504 4012 6
1530 3958 1662 4022 Θεὸς

104 4044 222 4115 πρὸς
250 4048 309 4101 τὸ
348 4049 653 4118 ἀποφυγεῖν
686 4048 783 4121 τὴν
814 4049 981 4123 ὀργὴν
1011 4049 1195 4103 αὑτοῦ.
1233 4049 1418 4103 Ταῦτα
1448 4050 1522 4116 δὲ,
1559 4068 1662 4121 φη-

105 4136 168 4198 σὶ,
198 4140 522 4193 συνετελεῖτο
553 4142 609 4194 ἐν
643 4144 755 4205 τοῖς
795 4141 1115 4213 σκηνώμασι
1162 4142 1290 4213 Χάμ
1314 4160 1326 4172 ⁸
1357 4142 1411 4213 ἢ,
1435 4142 1504 4195 ἐν
1532 4141 1660 4208 ταῖς

99 4231 431 4295 σκηνώσεσι
463 4233 609 4304 Χὰμ,
656 4233 798 4287 κατὰ
843 4235 931 4287 τὸν
980 4234 1271 4306 Σύμμαχον
1293 4252 1305 4265 ·
1346 4233 1401 4305 ἦ,
1431 4234 1500 4287 ἐν
1531 4232 1660 4299 ταῖς

100 4319 340 4389 σκέπαις
387 4326 536 4395 Χὰμ,
585 4325 727 4379 κατὰ
775 4327 864 4379 τὸν
908 4328 1152 4380 Ἀκύλαν.
1191 4330 1271 4380 Δι’
1296 4322 1370 4381 ὧν
1417 4328 1661 4382 διδασκό-

104 4410 226 4477 μεθα
257 4414 352 4486 τὴν
385 4415 658 4485 Αἴγυπτον
688 4418 963 4485 γεγονέναι
1001 4418 1329 4490 σκηνώματα
1373 4417 1466 4472 τοῦ
1509 4420 1654 4489 Χάμ.

100 4502 264 4572 Τριῶν
301 4509 410 4579 γὰρ
453 4502 667 4562 παίδων
690 4509 781 4562 τοῦ
812 4510 934 4562 Νῶε
971 4512 1296 4582 γενομένων,
1330 4510 1471 4582 Σὴμ,
1504 4511 1654 4581 Χὲιμ,

1775 557 1881 601 tem
1939 548 2160 603 tradidit
2210 550 2420 606 animas
2474 567 2687 620 eorum,
2742 555 3029 623 dignorum
3084 571 3215 611 sane
3247 556 3342 609 tali

1772 641 2061 710 supplicio,
2108 641 2236 712 quia
2274 641 2649 711 impietatibus
2678 654 2731 698 ct
2762 646 3094 717 Aigyptiaca:
3138 649 3343 702 multo-

1769 748 1889 787 rum
1936 733 2159 787 deorum
2202 734 2580 805 superstitioni
2625 736 2789 791 dediti
2818 778 2832 801 ,
2882 739 2986 793 alia
3037 739 3091 794 in
3143 748 3340 805 morte,

1769 825 1965 881 anima:
1985 826 2216 890 scilicet,
2250 827 2483 883 demersi
2519 835 2695 883 erant.
2729 828 2909 895 Quare
2934 831 3021 884 hic
3052 847 3159 886 non
3190 850 3341 888 com-

1768 933 1987 972 munem
2034 924 2264 971 mortem
2319 917 2456 989 ipsis
2504 919 2713 973 illatam
2762 936 2886 977 esse
2936 922 3202 992 docetur;
3247 927 3339 981 scd

1768 1018 1998 1063 mortem
2034 1011 2359 1065 animarum.
2387 1010 2519 1065 Nam
2554 1014 2946 1068 exterminator
2973 1017 3080 1081 illc,
3113 1019 3198 1073 cui
3230 1029 3341 1071 tra-

1768 1095 1868 1151 diti
1905 1105 2053 1164 sunt,
2084 1100 2267 1154 statim
2292 1108 2454 1171 atque
2487 1117 2715 1173 corpora
2746 1105 3011 1159 dissoluta
3041 1116 3189 1174 sunt,
3224 1110 3345 1163 ani-

1768 1204 1885 1244 mas
1923 1191 2185 1262 abripuit,
2225 1193 2279 1246 in
2333 1194 2631 1263 perniciem
2694 1195 2972 1253 abducens
3006 1214 3117 1253 eas.
3164 1199 3343 1265 Quare

1766 1298 1983 1339 rursum
2024 1284 2302 1349 scribitur,
2339 1285 2462 1341 Non
2510 1288 2736 1357 pepercit
2782 1307 2814 1342 a
2855 1300 3019 1344 morte
3065 1293 3341 1347 animabus

1765 1392 1965 1431 eorum.
1998 1374 2192 1432 Postea
2221 1393 2351 1433 vero
2376 1379 2491 1435 hzec
2516 1380 2757 1436 declarat
2784 1399 2795 1434 :
2832 1381 2897 1435 Et
2933 1385 3191 1452 percussit
3227 1402 3340 1439 om-

1766 1482 1828 1519 ne
1857 1468 2261 1538 primogenitum
2292 1470 2345 1523 in
2389 1480 2529 1525 terra
2579 1471 2821 1543 ﬁgypti,
2862 1475 3126 1541 primitias
3170 1477 3345 1532 omnis

1766 1558 1963 1613 laboris
1991 1577 2193 1614 eorunt.
2226 1559 2333 1615 Pro
2364 1562 2456 1616 illo
2495 1571 2697 1627 autem,
2725 1566 2989 1633 primitias
3024 1566 3217 1620 laboris
3248 1583 3335 1622 eor

1764 1666 1881 1703 rum
1912 1652 1967 1705 in
1994 1652 2369 1717 gubernaculis
2420 1652 2606 1719 Cham.
2642 1654 3032 1727 Symmachus,
3075 1660 3341 1727 primitias

1763 1746 1969 1799 virtutis
2003 1763 2203 1809 eorum,
2231 1748 2623 1817 interpretatus
2652 1756 2754 1804 est.
2788 1748 2921 1804 Nam
2956 1751 3338 1823 primogenita,

1764 1838 2018 1905 primitiae
2040 1838 2257 1895 virtutis
2291 1839 2629 1911 gignentium
2658 1851 2835 1896 erant.
2869 1844 2975 1899 Per
3003 1844 3208 1914 primas
3238 1846 3343 1898 ita-

1699 1912 1738 1965 Β
1766 1945 1873 1999 que
1914 1931 2100 2002 plagas
2142 1932 2301 2003 quasi
2341 1932 2409 1986 ad
2454 1933 2833 2003 paenitentiam
2879 1912 3026 2006 ipsos
3067 1953 3338 2001 evocans,

1766 2038 1860 2093 per
1898 2023 2302 2092 patientiam'et
2330 2024 2673 2080 tolerantiam
2710 2042 2887 2091 suam,
2916 2028 3176 2097 paulatim
3207 2028 3344 2098 ipsis

1766 2120 2031 2190 supplicia
2090 2119 2378 2176 inferebat.
2428 2120 2487 2175 ln
2520 2121 2627 2177 line
2668 2138 2799 2177 vero
2848 2138 2958 2177 non
3011 2124 3252 2194 pepercit
3309 2138 3340 2177 a

1765 2218 1939 2264 morte
1991 2209 2280 2266 animabus
2327 2225 2548 2277 eorum;
2592 2212 2687 2267 sed
2732 2211 2895 2267 etiam
2945 2212 3193 2282 jumenta
3244 2230 3342 2268 eo-

1765 2316 1886 2355 rum
1928 2301 1982 2355 in
2021 2311 2196 2356 morte
2246 2302 2539 2359 conclusit.
2596 2302 2730 2357 Nam
2784 2319 2945 2360 omne
3005 2306 3342 2376 primogeni-

1767 2400 1880 2446 tum
1921 2393 1978 2446 in
2026 2400 2171 2447 terra
2225 2392 2444 2465 Egypti
2490 2392 2863 2457 occidebatur,
2913 2405 3021 2449 tam
3060 2396 3342 2465 jumento-

1766 2499 1910 2548 rum,
1962 2499 2123 2554 quam
2161 2484 2465 2540 hominum.
2516 2483 2622 2539 Sed
2670 2496 2923 2539 accurate
2953 2486 3245 2541 admodum
3278 2488 3347 2543 de

1765 2575 2079 2631 hominibus
2102 2576 2322 2646 quidem
2358 2576 2433 2629 ait
2459 2577 2672 2631 animas
2701 2592 2889 2632 eorum
2917 2578 3076 2631 morti
3110 2577 3344 2635 traditas

1765 2666 1937 2722 fuisse
1976 2684 1989 2720 :
2036 2666 2223 2722 aderat
2270 2668 2471 2738 quippe
2518 2666 2731 2722 daemon
2780 2669 3194 2734 extcrminator,
3246 2672 3342 2741 qui

1765 2760 1975 2813 animas
2000 2760 2161 2813 etiam
2191 2775 2378 2813 eorum
2428 2768 2548 2828 post
2593 2770 2822 2814 mortem
2871 2762 3166 2831 abriperet.
3204 2762 3343 2819 Cum

1764 2852 1832 2906 de
1857 2851 2123 2922 jumentis
2156 2866 2321 2922 porro
2356 2853 2555 2922 agitur,
2605 2868 2715 2906 non
2764 2854 2906 2906 ultra
2952 2854 3161 2909 animas
3189 2870 3342 2908 com-

1765 2952 2061 3011 memorat;
2122 2946 2215 2998 sed
2270 2944 2446 2998 solum
2496 2959 2840 2999 communem
2896 2953 2951 3001 et
3000 2948 3338 3017 corporalem

1765 3044 1998 3091 mortem
2031 3055 2044 3091 :
2077 3035 2329 3106 jumenta
2384 3037 2652 3107 siquidem
2702 3053 2809 3091 non
2858 3040 3071 3095 animas
3118 3041 3339 3106 habent,

1764 3144 1885 3198 qua:
1922 3136 2049 3198 post
2096 3130 2343 3199 corporis
2397 3130 2722 3185 solutionem
2785 3139 3062 3196 maneant,
3116 3133 3345 3202 perinde

1766 3230 1926 3290 atque
1967 3222 2250 3277 hominum
2300 3222 2513 3277 animae.
2565 3220 2716 3277 Hanc
2768 3238 2899 3279 vero
2951 3225 3125 3293 ipsam
3168 3226 3343 3281 histo-

1764 3313 1901 3367 riam
1948 3312 2166 3369 diverso
2209 3314 2374 3369 modo
2415 3313 2628 3386 Moyses
2680 3324 2734 3369 et
2771 3315 2860 3370 hic
2904 3318 3147 3387 psalmus
3180 3334 3343 3374 enar-

1763 3412 1908 3460 raut.
1932 3403 2066 3459 Nam
2095 3405 2187 3461 ille
2208 3407 2424 3477 quidem
2460 3406 2598 3461 dixit
2627 3409 3109 3465 exterminatorem
3135 3411 3343 3481 prime-

1761 3499 2070 3567 genitorum
2110 3499 2273 3553 morti
2321 3499 2709 3566 ministrasse;
2751 3500 2840 3555 hic
2879 3517 3009 3556 vero
3039 3517 3219 3559 sermo
3247 3520 3343 3574 per

1762 3590 1987 3661 angelos
2017 3590 2190 3645 malos
2227 3591 2341 3645 haec
2374 3591 2521 3647 facta
2556 3594 2731 3649 fuisse
2770 3602 2975 3648 narrat.
3025 3595 3200 3665 Atque
3230 3595 3340 3650 illic

1761 3683 1979 3753 quidem
2031 3683 2246 3755 Moyses
2316 3685 2585 3756 sanguine
2669 3687 3107 3755 superliminaria
3172 3694 3338 3740 uncta

1761 3770 1935 3827 fuisse
1953 3781 2161 3839 narrat,
2186 3774 2354 3829 ethoc
2381 3778 2593 3844 signum
2614 3776 2782 3829 fuisse
2806 3776 2873 3828 ad
2909 3776 3127 3829 tutelam
3149 3790 3336 3829 eorum

1760 3861 1851 3929 qui
1886 3862 1954 3916 ab
2000 3863 2423 3918 exterminatore
2481 3863 2821 3934 effugerunt;
2873 3865 2959 3919 hic
3017 3880 3144 3920 vero
3192 3864 3337 3921 Deus

1758 3950 1901 4003 viam
1933 3948 2129 4007 iecisse
2162 3951 2364 4005 dicitur
2393 3960 2445 4007 et
2476 3953 2748 4017 semitam,
2788 3963 2844 4007 ut
2874 3954 3170 4025 cllugerent
3200 3954 3335 4009 iram

1761 4056 1938 4096 suam.
1976 4041 2103 4097 Haec
2133 4058 2319 4113 porro,
2348 4043 2545 4114 inquit,
2572 4044 2626 4097 in
2660 4045 3027 4101 tabernaculis
3055 4044 3225 4100 Cbam
3256 4046 3336 4101 ef-

1762 4135 1901 4190 fecta
1929 4144 2077 4203 sunt,
2124 4137 2239 4191 sive
2265 4136 2564 4192 secundum
2604 4135 3014 4208 Symmachum,
3045 4143 3100 4192 in
3128 4138 3336 4193 habita-

1761 4228 1992 4283 tionibus
2029 4228 2233 4290 Citam;
2265 4230 2379 4285 sive
2425 4230 2727 4285 secundum
2773 4230 3045 4301 Aquilam,
3098 4232 3151 4285 in
3188 4234 3332 4286 tectis

1760 4320 1945 4376 Cham.
1988 4321 2155 4389 Queis
2203 4322 2495 4377 edocemur
2540 4321 2833 4395 {Egyptum
2878 4323 3047 4379 fuisse
3080 4325 3332 4379 taberna-

1759 4412 1882 4465 cula
1919 4411 2109 4467 Cham.
2143 4412 2280 4467 Cum
2312 4415 2455 4469 enim
2486 4413 2612 4469 Noae
2644 4422 2756 4469 tres
2787 4413 2880 4467 lilii
2917 4415 3139 4477 fuerint,
3178 4413 3327 4480 Sem,

1759 4504 1951 4567 Cham.
1976 4505 2201 4575 Japhet;
2230 4506 2399 4561 Cham
2434 4506 2537 4562 fuit
2567 4515 2718 4577 pater
2747 4506 3041 4571 Chanaan;
3070 4506 3329 4561 Chanaan

108 4594 295 4665 Ἰάφεθ,
320 4603 349 4653 6
382 4601 511 4672 Χὰμ
540 4603 727 4671 γέγονε
758 4603 938 4673 πατὴρ
966 4602 1056 4656 τοῦ
1087 4603 1327 4669 Χαναὰν,
1354 4605 1573 4656 Χαναὰν
1602 4604 1657 4656 δὲ

1764 4614 1891 4653 vero
1951 4608 2101 4668 pater
2144 4598 2418 4663 Mesraim,
2473 4599 2567 4669 qui
2629 4606 2747 4653 erat
2792 4597 3092 4668 AEgyptus;
3144 4612 3174 4652 a
3220 4614 3328 4668 quo

99 4690 269 4762 πατὴρ
320 4692 415 4745 τοῦ
446 4694 724 4765 Μεσραῖμ,
754 4694 811 4758 ὃς
851 4690 918 4766 ἦν
958 4694 1250 4765 Αἴγυπτος,
1284 4695 1377 4765 ἀφ’
1412 4689 1472 4749 οὗ
1497 4693 1661 4763 Αἰγύ-

96 4795 230 4834 πτιοι
259 4784 458 4849 πάντες
477 4803 491 4815 ο
526 4785 655 4838 ὥστ’
688 4786 911 4849 εἰκότως
943 4786 1040 4858 τὴν
1080 4785 1187 4839 τῶν
1220 4785 1525 4854 Αἰγυπτίων
1550 4784 1660 4855 χώ-

100 4888 189 4941 ραν
235 4877 568 4949 σκηνώματα
618 4877 711 4931 τοῦ
759 4878 1105 4950 προπάτορος
1159 4877 1252 4931 τοῦ
1288 4876 1546 4949 Μεσραῒμ
1579 4878 1660 4928 εἰ·

1758 4688 1995 4761 }Egyptii
2028 4705 2251 4757 omnes;
2298 4692 2370 4745 ita
2401 4698 2460 4745 ut
2486 4692 2610 4760 jure
2648 4689 3022 4761 Egyptiorum
3064 4690 3212 4762 regio
3240 4698 3328 4743 ta-

1755 4783 2049 4838 bernacula
2105 4784 2189 4838 avi
2239 4783 2490 4839 Mesraim
2542 4798 2666 4838 esse
2715 4782 2949 4837 dicatur.
3013 4780 3113 4837 Hic
3159 4798 3323 4852 porro

1755 4873 1927 4928 Cham
1956 4884 2093 4941 erat,
2130 4876 2221 4946 qui
2252 4877 2457 4947 primus
2491 4874 2781 4947 Egyptum
2812 4873 3059 4928 incoluit.

99 4969 304 5038 ρῆσθαι.
337 4970 502 5039 Οὗτος
546 4974 601 5028 δὲ
651 4970 719 5047 ἦν
748 4977 777 5029 6
808 4974 940 5045 Χὰμ
986 4974 1082 5046 τὴν
1137 4974 1404 5045 Αἴγυπτον
1454 4972 1667 5044 πρῶτος
1692 4969 1937 5039 οἰκήσας-

158 5070 261 5122 Kal
296 5071 531 5140 ἀπῆρεν
556 5074 628 5139 ὡς
686 5074 945 5141 πρόϐατα
984 5072 1089 5125 τὸν
1126 5072 1279 5127 λαὸν
1316 5070 1521 5134 αὐτοῦ,
1562 5069 1657 5123 καὶ

94 5160 155 5212 τὰ
199 5160 343 5233 ἑξῆς.
398 5164 550 5217 Μετὰ
590 5166 691 5237 τὴν
726 5164 868 5219 κατὰ
918 5184 1025 5219 των
1075 5166 1386 5235 Αἰγυπτίων
1426 5164 1657 5235 δεκάτην

98 5250 318 5323 πληγὴν,
349 5255 496 5320 ὅπως
521 5258 619 5328 τὴν
655 5258 751 5311 ἀπ’
779 5258 1053 5328 Αίγύπτου
1083 5258 1303 5329 πορείαν
1336 5256 1656 5327 πεποίηνται

90 5338 320 5396 διδάσκει
366 5348 624 5414 φάσκωνο
678 5350 787 5403 Kal
841 5349 1073 5419 ἀπῆρεν
1116 5350 1197 5414 ὡς
1240 5349 1501 5417 πρόϐατα
1549 5347 1655 5401 τὸν

94 5432 235 5486 ,ζωὸν
282 5438 469 5493 αὐτοῦ
494 5481 510 5505 ,
572 5440 668 5493 και
725 5440 1025 5516 ἀνήγαγεν
1077 5438 1296 5505 αὐτοὺς
1352 5438 1451 5491 καὶ
1508 5437 1651 5492 ὡσεὶ

92 5527 367 5596 ποίμνιον
410 5532 477 5585 ἐν
521 5532 732 5603 ἐρήμῳ.
784 5534 897 5587 Kal
947 5532 1262 5602 ὡδήγησεν
1307 5533 1527 5598 αὐτοὺς
1582 5532 1653 5584 έν

93 5614 303 5683 ἐλπίδι,
349 5623 445 5675 καὶ
500 5626 608 5677 οὐκ
653 5624 1015 5679 ὲδειλίασαν.
1072 5623 1227 5678 Κατὰ
1258 5623 1315 5677 δὲ
1364 5623 1457 5677 τὸν
1490 5621 1650 5682 ’Δκύ-

94 5716 206 5759 Λαν·
256 5711 371 5765 Καὶ
411 5714 835 5785 καθωδήτησεν
873 5717 1093 5783 αὐτοὺς
1138 5720 1225 5784 εις
1270 5717 1647 5785 πεποίθησιν,

93 5802 182 5855 καὶ
210 5805 321 5858 οὐκ
348 5805 754 5875 ἐπενοήθησαν·
790 5811 927 5865 κατὰ
955 5810 1009 5863 δὲ
1034 5810 1123 5865 τὸν
1151 5808 1646 5880 Σύμμαχον,Ὡδιξ-

1829 5065 2001 5124 'Vaas.
2037 5067 2129 5134 52,
2166 5067 2253 5123 55.
2302 5066 2371 5120 Et
2432 5065 2651 5121 abstulit
2712 5064 2849 5117 sicut
2914 5080 3028 5117 oves
3075 5063 3320 5131 populum

1756 5178 1932 5227 suum,
1976 5169 2083 5218 etc.
2144 5160 2277 5217 Post
2336 5160 2601 5215 decimam
2641 5156 3022 5229 Egyptiorum
3083 5157 3316 5227 plagam,

1755 5256 2028 5325 quomodo
2073 5255 2252 5310 exitus
2292 5268 2359 5308 ex
2394 5251 2629 5322 Egypto
2673 5250 2959 5321 contigerit
3012 5249 3095 5304 his
3138 5248 3323 5302 verbis

1755 5332 1913 5402 docet
1966 5366 1977 5400 :
2027 5346 2098 5400 Et
2150 5345 2367 5400 abstulit
2414 5345 2551 5397 sicut
2590 5359 2705 5397 oves
2753 5341 2999 5410 populum
3050 5358 3224 5406 suum,
3269 5353 3318 5395 et

1756 5440 1999 5508 perduxit
2026 5456 2113 5505 eos
2149 5450 2400 5508 tanquam
2425 5452 2629 5507 gregem
2664 5437 2717 5490 iu
2743 5434 2949 5489 deserto
2976 5452 2994 5488 :
3022 5444 3070 5489 et
3101 5434 3319 5490 deduxit

1755 5548 1842 5587 eos
1887 5533 1941 5585 in
1995 5540 2157 5598 speet
2190 5546 2294 5585 non
2343 5530 2661 5592 timuerunt;
2714 5528 3009 5583 secundum
3066 5526 3316 5597 Aquilam

1755 5639 1884 5679 vero
1917 5643 1929 5677 :
1956 5621 2025 5676 Et
2050 5621 2265 5676 deduxit
2291 5637 2377 5675 eos
2406 5622 2459 5674 in
2492 5620 2710 5690 fiducia,
2740 5625 2789 5673 et
2828 5636 2927 5672 non
2962 5620 3131 5673 territi
3158 5629 3315 5680 sunt;

1756 5718 2055 5772 secundum
2110 5713 2515 5786 Symmachum,
2571 5710 2799 5765 Deduxit
2848 5728 2934 5765 eos
2979 5712 3089 5766 sine
3129 5712 3318 5764 timore

1756 5820 1803 5862 et
1834 5816 2070 5871 terrore;
2106 5816 2155 5861 et
2189 5804 2428 5860 inimicos
2459 5819 2635 5860 eorum
2668 5801 2869 5871 operuit
2902 5818 3065 5857 mare.
3103 5798 3166 5855 Et
3200 5799 3315 5853 lure
