3798 6282
482 304 583 364 931

1154 308 1421 365 EUSEBII
1457 310 1933 369 CAESARlENSlS
1969 311 2121 368 OPP.
2162 310 2341 368 PARS
2380 311 2472 369 111.
2510 344 2578 356 --
2619 311 3032 368 EXEGETICA.
3561 315 3637 371 93!

483 417 703 490 quidem
761 426 887 475 ante
942 433 1128 475 eorum
1187 422 1243 476 in
1297 421 1513 480 deserto
1570 424 2045 479 commorationem

2154 438 2345 497 γησεν
2382 424 2602 492 αὐτοὺς
2623 424 2884 494 ἀφόϐους
2912 423 3011 477 καὶ
3041 421 3396 489 ἁπτοήτους·
3424 425 3510 478 καί
3534 429 3638 496 τοὺς

483 518 635 582 gesta
661 519 819 577 sunt;
853 526 1029 581 neque
1058 513 1203 568 enim
1234 530 1414 570 sermo
1442 516 1582 570 serie
1624 532 1803 571 rerum
1840 517 2041 585 utitur;

485 600 581 656 sed
630 609 818 671 utpote
872 602 928 657 in
985 603 1187 674 hymno
1232 613 1287 660 et
1330 608 1544 662 cantico
1579 615 1906 678 praepostere
1957 625 2044 665 res

482 700 723 748 enarrat.
767 692 946 761 Quare
974 709 1099 749 cum
1128 710 1192 750 ea
1215 712 1335 766 quae
1378 698 1511 769 ipsis
1541 699 1595 752 in
1629 700 1845 755 deserto
1873 700 2047 756 conti-

483 794 695 854 gerant,
742 793 796 839 et
848 794 1071 857 peccata
1117 803 1238 858 quae
1279 790 1332 843 in
1371 792 1664 848 solitudine
1691 793 2042 858 admiserant,

481 878 804 948 quotiesque
834 877 1012 950 ipsum
1047 882 1504 938 exacerbaverant
1531 894 1876 954 enarrasset;
1906 898 2049 958 post-

480 981 544 1021 ea
573 967 817 1037 priorum
845 968 1176 1026 mentionem
1208 971 1360 1037 facit,
1393 983 1452 1028 ut
1480 991 1782 1033 sermonem
1814 994 1921 1034 non
1954 980 2043 1034 tri-

482 1058 678 1125 stibus,
703 1060 794 1116 sed
826 1059 920 1117 Dei
945 1061 1222 1120 beneﬁciis
1245 1065 1686 1124 circumscribat.
1709 1070 2047 1142 Quapropter

482 1149 583 1204 sub
611 1149 728 1204 huic
763 1151 926 1206 rebus
972 1167 1002 1206 a
1050 1151 1159 1207 Deo
1202 1155 1256 1207 in
1297 1155 1530 1227 Egypto
1561 1159 1754 1228 gestis,
1792 1169 1847 1215 et
1878 1163 2045 1218 maris

484 1239 919 1299 Rubritransitui
940 1243 1090 1299 addit
1110 1245 1241 1301 illud
1266 1246 1523 1305 :—Vens.
1550 1250 1816 1316 54,5513
1840 1252 2046 1307 induxit

483 1348 566 1387 eos
619 1334 674 1387 in
716 1345 944 1390 montem
984 1338 1421 1408 sanctiﬁcationis
1465 1357 1597 1406 sure,
1635 1353 1861 1398 montem
1909 1345 2045 1399 hunc

483 1441 633 1495 quem
656 1427 934 1498 acquisivit
969 1428 1191 1484 dextera
1214 1430 1349 1499 ejus.
1384 1431 1483 1488 Hic
1509 1449 1572 1489 ea
1600 1450 1722 1505 quae
1748 1436 1802 1490 in
1830 1436 2045 1495 deserto

481 1518 823 1589 contigerant
840 1520 1055 1576 silentio
1082 1522 1273 1589 mittit,
1305 1526 1431 1596 quia
1458 1542 1646 1583 eorum
1672 1531 2043 1587 recensionem

480 1611 836 1678 praemiserat.
887 1610 1041 1668 Mons
1091 1622 1268 1669 autem
1307 1619 1554 1686 quinam,
1605 1619 1713 1673 nisi
1760 1617 1966 1684 Sionis,
1989 1621 2043 1676 in

482 1716 591 1772 quo
636 1700 936 1757 Jerusalem
991 1704 1095 1759 sub
1139 1705 1254 1761 hinc
1302 1714 1427 1776 post
1472 1709 1675 1780 Asaphi
1722 1717 1778 1765 et
1824 1708 2045 1768 Davidis

2148 517 2396 587 ἐχθροὺς
2429 516 2626 571 αὐτῶν
2659 515 2966 585 ἐκάλυψεν
2992 515 3030 581 ή
3065 513 3359 568 θάλασσα.
3395 516 3494 568 Καὶ
3516 518 3639 574 ταῦτα

2154 609 2253 680 μὲν
2298 607 2535 682 πρότερα
2575 604 2642 679 ἦν
2665 607 2766 679 τῆς
2815 608 2955 662 κατά
2996 607 3096 679 τὴν
3128 606 3329 678 ἔρημον
3385 605 3638 682 διατριϐῆς·

2150 701 2210 754 ού
2243 701 2346 772 μήν
2386 702 2481 754 καὶ⁵
2527 702 2555 754 ὁ
2588 700 2741 770 λόγος
2770 703 2837 773 τῇ
2869 700 3017 765 τάξει
3049 699 3310 771 κέχρηται
3341 698 3442 751 τῶν
3482 718 3641 774 ηπρα-

2151 794 2365 864 γμένων
2386 810 2397 823 ·
2443 792 2517 858 ὡς
2545 795 2601 847 ἐν
2629 793 2781 865 ὕμνῳ
2814 793 2871 846 δὲ
2899 793 2992 847 καὶ
3022 792 3134 863 ᾠδῇ
3162 791 3227 845 τά
3256 790 3475 863 δεύτερα
3501 795 3642 866 πρῶτα

2149 886 2329 958 τίθησι
2368 887 2460 941 καὶ
2489 885 2558 940 τὰ
2587 886 2775 959 πρῶτα
2801 886 3044 958 δεύτερα.
3073 884 3163 939 Διὸ
3189 885 3257 939 τά
3286 885 3422 939 κατά
3447 885 3529 957 τὴν
3552 886 3642 957 ἐρη-

2155 997 2252 1050 μον
2296 980 2592 1050 συμϐάντα,
2626 980 2720 1034 καί
2749 980 2848 1034 ὅσα
2878 981 3119 1051 ἥμαρτον
3160 979 3217 1032 ἐν
3248 981 3315 1050 τῇ
3362 978 3550 1049 ἐρήμῳ,
3582 981 3646 1033 καὶ

2150 1072 2338 1136 ὁσάκις
2371 1074 2791 1144 παρεπίκραινον
2826 1071 3348 1144 προδιηγησάμενος,
3376 1070 3501 1140 μετά
3524 1071 3645 1125 ταῦτα

2151 1164 2247 1237 τὴν
2287 1165 2395 1218 τῶν
2429 1167 2658 1238 πρώτων
2695 1166 2910 1236 μνήμην
2940 1167 3190 1228 ποιεῖται,
3228 1162 3307 1226 ὡς
3338 1162 3400 1216 ἂν
3430 1163 3510 1214 τὸν
3537 1162 3647 1230 λόγον

2152 1255 2506 1328 περιγράψειε
2539 1257 2612 1329 μή
2638 1258 2717 1321 είς
2744 1256 2980 1329 λυπηρὰ,
3009 1256 3123 1310 ἀλλ’
3152 1256 3245 1309 ἐπὶ
3288 1257 3401 1318 ταῖς
3437 1254 3520 1307 τοῦ
3554 1254 3647 1307 Θεοῦ

2151 1347 2508 1418 εὐεργεσίαις.
2541 1348 2736 1420 Διόπερ
2768 1346 2893 1417 ἑξῆς
2925 1348 3277 1401 ἑπισυνάπτει
3305 1349 3414 1409 τοῖς
3443 1346 3563 1399 κατὰ
3582 1346 3649 1416 τήν

2151 1434 2420 1505 Αἴγυπτον
2449 1437 2552 1489 ὑπὸ
2577 1437 2670 1489 τοῦ
2714 1436 2847 1490 Θεοῦ
2875 1438 3300 1509 πεπραγμένοις,
3344 1436 3436 1489 καὶ
3461 1438 3518 1504 τῇ
3541 1435 3649 1504 διόδῳ

2155 1528 2535 1600 τῆςἙρυθρᾶς
2567 1528 2861 1599 θαλάσσης,
2886 1528 3090 1591 “ciuitati
3131 1526 3451 1596 εισήγαγεν
3490 1525 3651 1591 αὐτοὺς

2150 1626 2237 1692 εὶς
2275 1622 2411 1691 ὅρος
2446 1622 2807 1693 ἁγιάσματος
2860 1621 3065 1686 αὑτοῦ,
3095 1619 3232 1690 ὄρος
3276 1619 3449 1673 τοῦτο
3476 1617 3504 1671 ὅ
3530 1619 3653 1683 ἐκτή-

2150 1732 2299 1771 σατο
2326 1716 2364 1783 ὴ
2398 1714 2564 1780 δεξιὰ
2600 1713 2815 1767 αὐτοῦ·
2844 1713 2913 1768 τά
2955 1712 3097 1768 κατά
3119 1713 3219 1784 τὴν
3243 1711 3447 1784 ἔρημον
3479 1710 3652 1764 ἐνταῦθα

481 1801 723 1864 tempora
767 1800 978 1849 structa
1022 1795 1143 1850 est?
1203 1794 1410 1854 Deinde
1475 1801 1844 1857 narrationem
1886 1818 2042 1858 resu-

2149 1808 2560 1879 ἀποσιωπήσας,
2587 1808 2675 1862 διὰ
2695 1807 2756 1860 τὸ
2782 1806 3164 1879 προειληφέναι
3191 1804 3379 1859 αὐτῶν
3406 1805 3494 1876 τὴν
3515 1804 3653 1875 διήγη-

484 1885 583 1938 mit
611 1885 684 1938 ita
746 1885 974 1956 loquens
1010 1905 1024 1941 :
1077 1885 1147 1941 Et
1196 1887 1347 1958 ejecit
1387 1905 1422 1944 ο
1456 1890 1590 1958 facie
1619 1906 1797 1946 eorum
1852 1904 2046 1963 gentes.

482 1987 537 2032 et
606 1989 746 2033 sorte
798 1980 975 2034 divisit
1023 1981 1099 2035 eis
1167 1990 1359 2037 terram
1398 1984 1450 2037 in
1506 1984 1742 2054 funiculo
1798 1984 2049 2041 distribu-

481 2071 659 2125 tionis.
715 2068 783 2124 Et
828 2070 1070 2127 habitare
1098 2074 1222 2143 fecit
1276 2076 1329 2129 in
1364 2076 1719 2132 tabernaculis
1745 2094 1926 2132 eorum
1951 2080 2048 2133 tri-

481 2160 576 2218 bus
613 2161 808 2220 Israel.
839 2164 1131 2238 Postquam
1166 2168 1472 2239 ingressum
1499 2170 1554 2223 in
1587 2179 1785 2225 terram
1816 2171 2047 2242 promis-

481 2256 655 2312 sionis
696 2259 1042 2325 memoravit,
1085 2266 1141 2314 et
1166 2260 1442 2331 quomodo
1476 2262 1863 2333 occupaverint
1894 2278 2050 2317 mon-

480 2354 591 2403 tem
636 2345 790 2407 Sion.
833 2364 993 2419 quem
1027 2350 1206 2421 longis
1249 2358 1439 2421 postea
1479 2352 1815 2423 temporibus
1853 2351 2045 2418 David,

479 2439 653 2509 pulsis
684 2440 865 2511 gladio
891 2440 1156 2498 Jebusaais
1185 2443 1457 2511 obtinuit;
1491 2444 1775 2501 historiam
1799 2445 2046 2513 resumit,

480 2532 805 2602 compendio
832 2548 1088 2599 narrans,
1119 2535 1396 2606 quomodo
1423 2544 1548 2605 post
1571 2546 1802 2592 mortem
1823 2537 2046 2609 Moysis,

479 2624 619 2680 duce
641 2622 772 2680 Jesu
805 2625 915 2681 filio
937 2624 1103 2692 Nave,
1135 2627 1457 2683 transierint
1494 2628 1549 2683 in
1578 2636 1779 2684 terram
1815 2633 2047 2700 promis-

478 2717 675 2784 sionis,
704 2725 761 2772 et
789 2717 1124 2788 alienigenas
1146 2717 1290 2774 bello
1311 2719 1380 2774 ab
1408 2735 1468 2775 se
1498 2719 1741 2777 devictos
1778 2736 1808 2775 a
1831 2722 2049 2791 regione

482 2808 782 2880 exegerint,
809 2816 863 2864 et
896 2808 1142 2865 funiculo
1167 2810 1468 2865 dimensam
1500 2819 1699 2867 terram
1729 2819 1878 2868 sorte
1905 2813 2047 2867 divi-

478 2900 666 2956 serint.
697 2899 901 2956 Deinde
920 2900 1070 2972 ipsos
1099 2902 1293 2958 iterum
1311 2906 1558 2975 coarguit
1611 2901 1798 2975 (Vens.
1833 2903 2044 2976 56-58),

480 2993 672 3050 dicens
725 3009 821 3049 eos
857 2995 1134 3064 prioribus
1168 2995 1226 3049 in
1259 2994 1477 3052 deserto
1508 2995 1766 3052 admissis
1810 2997 2049 3067 peccatis

478 3100 616 3140 nova
662 3085 801 3139 mala
855 3085 1130 3142 addidisse
1181 3104 1195 3140 :

2151 1917 2255 1954 σιν.
2288 1901 2448 1971 Ὄρος
2474 1899 2531 1952 δὲ
2566 1902 2715 1952 ποῖον
2745 1898 2778 1971 ἢ
2809 1899 2869 1952 τὸ
2892 1896 3047 1961 Σιὼν,
3080 1898 3164 1967 ἐφ’
3184 1891 3229 1965 ᾧ
3262 1895 3582 1969 Ἰερουσαλὴμ
3602 1895 3654 1969 (l)

2149 1994 2370 2066 ὕστερον
2399 1991 2537 2065 μετά
2567 1993 2693 2056 τοὺς
2713 1990 2933 2064 χρόνους
2966 1990 3058 2044 τοῦ
3098 1991 3271 2059 Ἀσὰφ
3313 1991 3408 2042 καὶ
3434 1988 3517 2041 τού
3540 1988 3655 2041 Anii

2147 2082 2496 2155 ιξ›κοδομήθη;
2548 2078 2646 2137 εἶτ’
2690 2080 3129 2153 ἐπαναλαμϐάνει
3179 2078 3282 2152 τὴν
3336 2079 3562 2151 διήγησιν
3596 2078 3654 2132 διὰ

2145 2176 2252 2231 τῶν
2280 2177 2403 2249 ἑξῆς
2429 2176 2602 2245 λέγων
2619 2192 2633 2206 '
2672 2174 2783 2230 Kal
2808 2174 3094 2240 ἐξέϐαλεν
3114 2172 3234 2228 ἀπὸ
3264 2169 3566 2240 προσώπου
3583 2173 3656 2225 at-

2145 2267 2265 2323 τῶν
2287 2269 2454 2337 ἔθνη,
2483 2268 2581 2321 καί
2614 2265 3091 2334 ἐκληροδότησεν
3114 2252 3340 2330 αὐτοῦς
3368 2263 3436 2316 ἐν
3468 2263 3655 2331 σχοιγὶῳ

2148 2359 2567 2428 κληροδοσίας.
2614 2359 2723 2414 Καὶ
2768 2356 3226 2425 κατεσκήνωσεν
3277 2357 3352 2409 ἐν
3393 2354 3509 2421 τοῖς
3548 2369 3655 2421 σκη-

2145 2448 2413 2520 νώμασιν
2437 2449 2635 2504 αὐτῶν
2676 2450 2782 2516 τὰς
2817 2449 3015 2519 φυλὰς
3045 2445 3152 2501 τοῦ
3194 2446 3462 2515 Ἰσραήλ.
3488 2446 3655 2515 Μνημο-

2147 2542 2340 2606 νεύσας
2384 2542 2482 2613 τῆς
2536 2540 2738 2594 εἰσόδου
2779 2540 2878 2611 τῆς
2922 2540 3000 2603 είς
3032 2536 3130 2610 τὴν
3182 2537 3293 2608 γῆν
3340 2536 3439 2607 τῆς
3475 2539 3655 2604 ἐπαγγε-

2146 2633 2284 2701 λίας,
2314 2636 2407 2689 καὶ
2439 2634 2515 2697 ὡς
2551 2631 2878 2701 ἀπειλήφασι
2902 2630 2962 2684 τὸ
2987 2629 3110 2702 ὅρος
3160 2630 3213 2683 τὸ
3256 2622 3417 2692 Σιὼν,
3442 2629 3560 2699 ὅπερ
3591 2644 3659 2697 με·

2147 2730 2298 2800 κροῖς
2347 2726 2569 2797 ὕστερον
2614 2724 2825 2796 χρόνοις
2848 2723 3129 2793 ,ἐκτήσατο
3172 2720 3339 2775 Δαυῖδ
3380 2721 3436 2773 ἐν
3469 2719 3656 2793 ῥομφαίᾳ

2144 2820 2235 2873 τὸν
2280 2818 2596 2872 Ἰεϐουσαῖον
2627 2816 2843 2881 ἐλάσας,
2872 2813 3317 2885 ἐπαναλαμϐάνει
3346 2814 3443 2886 τὴν
3471 2810 3655 2884 ἱστορίαν

2146 2913 2297 2966 ἐπιτε
2306 2912 2586 2984 μνόμενος,
2610 2909 2685 2973 ὡς
2713 2908 2849 2981 μετά
2871 2906 2967 2980 τὴν
2990 2906 3247 2978 τελευτὴν
3271 2905 3522 2969 Μωσέως,
3540 2904 3658 2973 ήγθνο

2150 2999 2312 3073 μένου
2339 2997 2515 3051 αὐτῶν
2550 2995 2724 3069 Ἰησοῦ
2761 2995 2853 3049 τοῦ
2879 2995 3059 3065 Ναυῆ,
3084 2993 3367 3067 παρῆλθον
3394 2995 3469 3055 εἰς
3487 2992 3568 3063 τήν
3586 2991 3657 3060 γῆν

1251 3100 1315 3141 ac
1343 3093 1632 3157 postquam
1670 3092 1870 3142 terram
1904 3089 2045 3143 oliti-

2148 3091 2247 3162 τῆς
2288 3088 2638 3160 ἐπαγγελίας,
2682 3089 2775 3144 καὶ
2821 3088 2896 3153 ὡς
2935 3086 3183 3153 ἐξέϐαλον
3224 3087 3361 3151 τοὺς
3394 3084 3658 3153 ἀλλοφύλους

483 3177 755 3241 nuissent,
787 3175 954 3232 Deum
1007 3178 1285 3232 excelsum
1332 3178 1408 3235 ibi
1455 3178 1650 3233 iterum
1703 3186 1945 3235 tentasse
1991 3187 2045 3233 et

2149 3184 2367 3257 πολέμῳ
2392 3183 2756 3255 κρατήσαντες
2795 3183 2895 3254 τῆς
2923 3181 3124 3253 χώρας,
3150 3181 3243 3235 καὶ
3267 3180 3345 3246 ὡς
3376 3180 3546 3252 κλήρῳ
3570 3177 3658 3231 atel-

477 3265 853 3330 exacerbasse,
902 3274 956 3321 et
1005 3267 1320 3323 testimonia
1373 3269 1494 3337 ejus
1541 3284 1640 3339 per
1670 3266 1907 3339 Moysem
1938 3269 2045 3325 sibi

478 3354 684 3409 tradita
717 3369 827 3408 non
850 3354 1192 3423 custodisse;
1229 3354 1324 3412 sed
1342 3372 1461 3412 sese
1478 3357 1741 3414 avertisse
1778 3373 1842 3412 ac
1856 3360 2048 3429 despe-

479 3446 628 3502 xisse
653 3447 1109 3518 quemadmodum
1134 3456 1316 3519 patres
1343 3464 1554 3516 eorum,
1586 3458 1639 3504 et
1661 3465 1849 3506 versos
1879 3452 2049 3508 fuisse

480 3539 537 3594 in
567 3554 755 3595 arcum
789 3555 1040 3611 pravum.
1078 3538 1215 3595 Nam
1256 3557 1379 3596 cum
1414 3543 1748 3612 oportuisset
1793 3545 2047 3601 inimicos

478 3631 577 3690 Dei
605 3642 659 3690 et
690 3634 1035 3691 adversaries
1074 3635 1178 3689 sibi
1220 3643 1519 3706 potestates
1554 3636 1674 3693 telis
1708 3637 1969 3708 impetere
1992 3645 2047 3694 et

479 3727 805 3795 confodere;
853 3726 960 3799 ipsi
1003 3727 1164 3783 idolis
1206 3728 1372 3783 dediti
1424 3728 1591 3784 Deum
1624 3730 1960 3800 blasphemis
1994 3738 2048 3786 et

480 3820 708 3876 nefariis
735 3821 916 3877 verbis
949 3821 1289 3892 impetivere.
1330 3821 1511 3888 Quare
1548 3823 1678 3877 facti
1713 3832 1841 3878 sunt
1874 3822 1929 3901 in
1958 3839 2048 3877 ar-

479 3926 605 3968 cum
659 3929 884 3985 pravum
919 3934 933 3970 :
964 3915 1109 3986 quod
1158 3914 1261 3970 sub
1312 3916 1526 3971 initium
1576 3915 1908 3971 declaratum
1958 3916 2045 3972 his

478 4007 671 4062 verbis
694 4015 778 4062 est
815 4026 829 4062 :
864 4005 997 4061 Filii
1042 4006 1296 4076 Ephraim
1338 4007 1660 4062 intendentes
1701 4017 1751 4063 et
1782 4008 2043 4063 mittentes

482 4098 733 4164 arcubus,
759 4100 992 4153 conuersi
1021 4108 1145 4155 sunt
1171 4101 1228 4154 in
1253 4098 1338 4154 die
1370 4099 1513 4155 belli.
1545 4100 1829 4167 Quomodo
1860 4109 2042 4154 autem

480 4190 735 4246 conversi
771 4189 973 4246 fuerint
1013 4191 1069 4246 in
1126 4207 1314 4246 arcum
1373 4207 1600 4262 pravum
1660 4192 1900 4247 declarat
1952 4206 2047 4262 po-

482 4288 599 4337 stea
626 4282 814 4338 dicens
856 4300 871 4337 :
918 4281 987 4336 Et
1037 4283 1377 4338 irritaverant
1426 4299 1545 4337 eum
1592 4283 1648 4337 in
1698 4283 1940 4350 collibus,
1994 4292 2044 4335 et

479 4377 536 4432 in
558 4377 884 4449 sculptilibus
949 4379 1059 4433 suis
1088 4377 1156 4433 ad
1214 4379 1602 4434 simulationem
1635 4385 2044 4448 prouocauerunt

478 4485 620 4526 eum.

2147 3277 2304 3331 λαντο
2336 3276 2530 3347 σχοίνῳ
2561 3276 2923 3347 μετρήσαντες
2944 3275 3042 3345 τὴν
3071 3276 3192 3346 γῆν.
3219 3270 3338 3328 Εἶτ’
3364 3270 3509 3337 αὖθις
3529 3270 3657 3325 aliain

2148 3370 2467 3441 κατηγορεῖ,
2522 3367 2808 3430 διδάσκων,
2840 3366 2915 3430 ὡς
2972 3366 3109 3438 πρὸς
3150 3368 3265 3431 τοῖς
3314 3361 3657 3438 ἡμαρτημένοις

2147 3458 2289 3513 κατά
2325 3457 2422 3529 τὴν
2453 3457 2657 3531 ἔρημον
2687 3456 3002 3529 προσθήκας
3034 3454 3212 3509 κακῶν
3244 3456 3574 3528 ἐποιήσαπο’
3596 3455 3659 3508 καὶ

2151 3550 2287 3622 μετά
2331 3550 2394 3603 τὸ
2434 3548 2734 3622 κτήσασθαι
2782 3548 2879 3619 τὴν
2915 3549 3040 3618 γῆν,
3085 3549 3384 3620 ἐπείρασαν
3430 3549 3569 3602 πάλιν
3603 3548 3659 3599 ἑν-

2144 3642 2318 3696 ταῦθα
2346 3641 2440 3695 καὶ
2478 3640 2886 3713 παρεπίκραναν
2913 3640 3004 3696 τὸν
3050 3641 3180 3695 Θεὸν
3208 3642 3305 3696 τὸν
3339 3642 3563 3713 ὕψιστον,
3594 3641 3659 3693 ssi

2145 3733 2213 3787 τὰ
2239 3731 2511 3807 μαρτύρια
2538 3734 2700 3787 αὑτοῦ
2738 3736 2808 3789 τά
2835 3734 2922 3788 διὰ
2946 3735 3189 3798 Μωσέως
3214 3736 3401 3799 αὐτοῖς
3426 3733 3659 3807 παραδεδο-

2148 3824 2286 3897 μένα
2310 3825 2408 3878 οὐκ
2439 3824 2741 3895 ἐφύλαξαν
2778 3826 2889 3880 ἀλλ’
2916 3826 3265 3898 ἀπέστρεψαν
3299 3828 3395 3881 καὶ
3424 3826 3656 3898 ἠθέτησαν,

2145 3918 2326 3983 καθὼς
2349 3921 2398 3974 oi
2426 3921 2656 3993 πατέρες
2680 3919 2877 3986 αὐτῶν,
2919 3920 3015 3974 καὶ
3051 3919 3425 3992 μετετέθησαν
3453 3922 3525 3984 είς
3547 3918 3658 3982 τόξον

2147 4011 2419 4084 στρεϐλόν.
2463 4012 2589 4065 Δέον
2613 4013 2722 4084 γὰρ
2759 4012 2885 4074 τοὺς
2909 4011 3135 4083 ἐχθροὺς
3176 4011 3273 4064 τοῦ
3308 4011 3443 4065 Θεοῦ
3482 4010 3562 4073 καὶ
3589 4008 3657 4071 ’τὰς

2145 4104 2433 4174 πολεμίους
2463 4104 2639 4158 αὐτῶν
2667 4104 2920 4174 δυνάμεις
2946 4103 3044 4166 τὰς
3073 4104 3451 4175 ἀντικειμένας
3477 4100 3658 4165 τοξεύειν

2144 4198 2238 4250 καὶ
2272 4195 2500 4266 βάλλειν,
2525 4196 2575 4248 οἱ
2601 4194 2659 4248 δὲ
2685 4193 3238 4266 είδωλολατρήσαντες
3271 4193 3366 4248 τὸν
3404 4193 3524 4246 Θεὸν
3552 4188 3658 4243 E641-

2143 4287 2233 4341 λον
2264 4287 2600 4358 βλασφήμοις
2643 4286 2736 4339 καὶ
2766 4283 3042 4357 ἀθεμίτοις
3071 4284 3265 4352 λόγοις.
3302 4283 3395 4337 Διὸ
3430 4282 3657 4352 γεγόνασιν

2145 4382 2224 4445 εἰς
2249 4379 2398 4445 τόξον
2425 4377 2677 4450 στρεϐλόν
2701 4394 2715 4408 ’
2743 4376 2771 4431 ὃ
2802 4376 2864 4447 δή
2898 4377 3015 4430 κατ’
3046 4374 3216 4446 ἀρχὰς
3244 4374 3432 4446 ἐδήλου
3452 4374 3508 4427 τὸ
3524 4373 3656 4440 λόγων

2150 4466 2326 4537 φῆσαν
2347 4483 2361 4497 ·
2399 4466 2517 4520 Υἱοὶ
2557 4466 2798 4535 Ἐφραῒμ
2839 4466 3206 4532 ἐντείνοντες
3231 4467 3332 4521 καὶ
3375 4465 3656 4551 ,βάλλοντες

478 4565 697 4632 τόξοις,
732 4564 1121 4636 ἐστράφησαν
1161 4565 1231 4619 ἐν
1258 4565 1448 4636 ἡμέρᾳ
1478 4567 1764 4637 πολέμου.
1811 4567 1935 4629 Πῶς
1979 4566 2035 4618 δὲ
2072 4563 2416 4636 ἐστράφησαν
2440 4563 2519 4626 εἰς
2542 4562 2692 4627 τόξον
2723 4561 2977 4632 στρεϐλὸν
3035 4562 3288 4630 διασαφεῖ
3323 4561 3490 4631 λέγων
3541 4557 3652 4628 ἑξῆς·

476 4660 589 4717 Καὶ
630 4658 1008 4730 παρώργισαν
1033 4660 1219 4715 αὐτὸν
1252 4661 1322 4714 ἐν
1363 4659 1486 4728 τοῖς
1513 4661 1764 4727 βουνοῖς
1791 4659 1869 4732 (2)
1908 4659 2006 4713 καὶ
2044 4658 2114 4712 ὲν
2148 4657 2270 4722 τοῖς
2297 4658 2582 4723 γλυπτοῖς
2617 4654 2814 4710 αὐτῶν
2845 4652 3273 4724 παρεζήλωσαν
3301 4656 3502 4709 αὐτόν.

549 4773 713 4830 Vsus.
749 4775 837 4830 59.
870 4775 1084 4830 Audiuit
1120 4775 1254 4831 Deus
1294 4784 1344 4831 et
1372 4777 1584 4846 spreuit,
1623 4785 1672 4830 et
1710 4776 1777 4830 ad
1816 4775 2039 4829 nihilum

2216 4761 2513 4827 Ἤκουσεν
2538 4773 2571 4826 ὁ
2601 4768 2748 4836 Θεὸς
2770 4769 2868 4823 καὶ
2916 4768 3178 4837 ὑπεριδε,
3207 4769 3308 4823 καὶ
3338 4764 3653 4831 ἐξουδένωσι

479 4863 674 4937 redegit
707 4864 853 4920 valde
886 4864 1078 4921 Israel.
1109 4864 1405 4936 Postquam
1435 4866 1575 4921 mala
1612 4865 1680 4921 ab
1708 4864 1842 4936 ipsis
1875 4866 2035 4920 etiam

2148 4867 2376 4937 σφόδρα
2408 4864 2516 4918 τὸν
2558 4860 2812 4930 Ἰσραήλ.
2860 4859 3175 4925 Καταλέξας
3204 4860 3298 4914 καὶ
3342 4861 3411 4913 τά
3444 4861 3497 4912 ἐν
3520 4858 3575 4927 τῇ
3601 4851 3651 4920 γῇ

479 4957 539 5013 in
571 4965 714 5013 terra
757 4958 1137 5028 promissionis
1167 4966 1474 5029 perpetrata
1499 4958 1799 5024 recensuit,
1826 4956 2036 5027 justum

2148 4965 2234 5035 τῆς
2256 4957 2581 5028 ἐπαγγελίας
2605 4953 2968 5026 πεπραγμένα
2993 4954 3176 5017 αὐτοῖς
3193 4952 3358 5015 κακὰ,
3380 4950 3650 5022 παρίστησιν

480 5046 577 5104 Dei
600 5048 866 5118 judicium
910 5057 1098 5120 postea
1142 5047 1401 5113 declarat,
1446 5047 1871 5119 cemprobatque
1912 5047 2036 5117 jure

2148 5056 2264 5127 ἑξῆς
2289 5053 2387 5124 τὴν
2415 5048 2804 5120 δικαιοκρισίαν
2845 5045 2938 5100 τοῦ
2980 5045 3136 5112 Θεοῦ,
3180 5045 3411 5109 δεικνὺς,
3440 5044 3508 5106 ὡς
3536 5036 3647 5094 εὐλό-

480 5153 577 5194 cos
623 5147 746 5209 post
785 5139 1044 5209 praedicta
1090 5139 1271 5193 omnia
1316 5139 1400 5193 ira
1442 5137 1538 5193 Dei
1582 5139 1802 5194 invasos
1845 5137 2033 5194 fuisse.

2148 5164 2250 5218 γως
2286 5142 2423 5216 μετά
2468 5141 2643 5195 πάντα
2673 5138 2740 5192 τὰ
2779 5136 3177 5210 προλελεγμένα
3212 5134 3466 5207 μετῆλθεν
3501 5128 3647 5189 αὐτοὺς

480 5230 615 5286 Nam
643 5246 767 5287 cum
803 5232 949 5289 versi
983 5238 1110 5289 sunt
1145 5233 1202 5287 in
1234 5247 1419 5288 arcum
1449 5248 1699 5304 pravum,
1728 5240 1783 5289 et
1811 5248 1934 5288 cum
1960 5235 2037 5287 ir-

2148 5217 2175 5306 ή
2198 5236 2355 5308 ὀργή.
2378 5233 2505 5286 Ὅτε
2526 5231 2635 5304 γὰρ
2664 5230 3010 5300 ἐστράφησαν
3039 5230 3117 5292 εἰς
3138 5227 3290 5294 τόξον
3320 5224 3567 5297 στρεϐλὸν.
3581 5217 3647 5272 καὶ

400 5384 405 5387 _
479 5326 770 5381 ritauerunt
801 5342 920 5381 eum
947 5327 1002 5380 in
1028 5324 1247 5379 collibus
1268 5326 1401 5391 suis,
1425 5335 1475 5380 et
1495 5325 1550 5380 in
1568 5325 1896 5395 sculptilibus
1921 5321 2031 5380 suis

2148 5330 2226 5383 ὅτε
2250 5324 2629 5395 παρώργισαν
2648 5322 2835 5378 αὑτὸν
2855 5323 2927 5376 ἐν
2946 5321 3071 5388 τοῖς
3089 5321 3333 5387 βουνοις
3360 5316 3555 5374 αὐτῶν.
3574 5308 3643 5365 sui

482 5417 551 5470 ad
585 5417 970 5473 emulationem
996 5428 1403 5488 prouocauerunt
1424 5433 1579 5484 eum;
1612 5428 1742 5474 tunc
1769 5416 1913 5474 Deus
1935 5431 2038 5473 nec

2148 5420 2214 5472 ἐν
2240 5417 2362 5482 τοῖς
2400 5413 2687 5487 γλυπτοῖς
2711 5409 2909 5467 αὐτῶν
2942 5409 3368 5480 παρεζήλωσαν
3400 5406 3579 5473 αὐτάς,
3602 5397 3643 5451 τὸ

482 5508 630 5577 ipsos
661 5510 893 5573 intueri,
917 5509 1053 5565 tales
1086 5510 1301 5566 scilicet
1327 5525 1450 5566 cum
1483 5518 1688 5580 essent,
1724 5525 1825 5567 nec
1853 5511 1908 5565 in
1941 5524 2035 5566 eos

2148 5508 2442 5580 τηνικαῦτα
2484 5506 2604 5561 οὐδὲ
2648 5504 2937 5576 ἐμϐλέπειν
2964 5503 3157 5566 αὐτοὺς
3201 5506 3230 5557 ὁ
3263 5502 3391 5566 Θεὸς
3415 5496 3640 5593 concivit;

482 5600 782 5670 respicere;
821 5601 930 5655 imo
972 5616 1102 5658 vero
1151 5617 1328 5674 neque
1367 5603 1591 5676 impiam
1627 5619 1815 5662 eorum
1841 5618 2033 5660 vocem

2148 5601 2314 5666 ὸντας,
2341 5600 2453 5654 ἀλλ’
2479 5598 2599 5651 οὐδὲ
2623 5599 2753 5669 όρᾷν
2776 5593 2924 5665 ἠξίου
2951 5615 2962 5628 ·
2994 5593 3109 5650 ἀλλ’
3133 5594 3253 5650 οὐδὲ
3280 5594 3482 5649 ἀκούειν
3504 5588 3638 5643 αὐτῶν

566 5747 733 5823 (1)17.
773 5751 835 5805 τὸ
868 5751 1028 5823 ἱερόν.
2205 5754 2280 5827 (2)
2318 5758 2422 5823 Γρ.
2461 5753 2679 5827 βωμοῖς.
