3798 6282
130 317 217 375 953
1213 301 1713 359 COMMENTABIA
1752 302 1821 357 IN
1860 302 2198 363 PSALMOS.

3225 307 3328 362 954

127 436 208 505 τῆς
231 426 439 489 ἀσεϐοῦς
470 423 673 495 φωνῆς.
704 424 795 478 Διὸ
828 422 1102 492 ἐπιλέγει·
1135 423 1430 479 Ἤκουσεν
1451 426 1483 478 ὁ
1512 422 1655 488 Θεὸς

1764 424 1947 479 audire
1999 426 2352 496 dignabatur.
2410 424 2773 491 Quamobrem
2843 426 3047 491 subdit,
3107 425 3329 478 Audiuit

128 528 206 582 καὶ
271 518 518 589 ὑπεριδε,
568 516 710 573 κατὰ
750 518 841 571 τὸν
885 516 1139 579 Ἀκύλαν,
1187 516 1287 570 καὶ
1340 513 1663 584 ἁνυπερθέ-

126 632 277 686 τησε³
313 611 496 685 μηκέτι
543 610 807 681 ἀναϐολὴν
840 610 973 681 μηδὲ
1018 608 1309 680 ὑπέρθεσιν
1348 609 1531 671 αὐτοῖς
1571 609 1660 660 ὲν-

126 711 255 773 δηύς’
291 705 420 761 κατά
468 703 524 756 δὲ
577 703 668 756 τὸν
726 702 1037 773 Σύμμαχον,
1088 703 1196 757 Kal
1249 701 1662 771 ἀπεδοκίμασε

124 800 326 871 σφόδρα
356 795 457 849 τὸν
500 791 750 863 Ἰσραήλ.
784 793 969 857 Οὕτως
992 794 1049 847 δὲ
1076 795 1305 865 ἤκουσεν
1346 796 1375 847 ὁ
1406 792 1558 857 Θεὸς,
1586 793 1661 856 ὡς

125 894 202 948 καὶ
226 890 307 944 ἐπὶ
328 886 625 957 Σοδομιτῶν
654 886 839 958 είρητο
859 903 873 916 ·
911 885 1083 955 Φωνὴ
1113 885 1394 955 Σοδόμων
1425 885 1521 939 καὶ
1550 887 1662 938 Γο-

121 986 314 1057 μόρρας
337 977 455 1046 βοᾷ
498 978 649 1047 πρὸς
681 978 779 1049 μέ.
822 979 943 1032 Τῶν
977 979 1087 1052 γὰρ
1123 978 1336 1034 ἀσεϐῶν
1384 979 1522 1032 αύτά
1569 978 1662 1032 κέ-

121 1093 265 1149 κραγε
294 1074 379 1127 καὶ
412 1072 508 1143 βοᾷ
536 1071 606 1125 τά
640 1073 739 1143 τῆς
764 1071 1015 1135 ἀσεϐείας
1037 1072 1364 1143 πράγματα·
1398 1066 1474 1125 ὧν
1499 1070 1662 1125 ἀκού-

121 1189 203 1234 σας
217 1172 242 1223 ό
260 1167 381 1229 Θεὸς
404 1164 687 1220 ἀπώσατο
712 1165 826 1234 τὴν
849 1164 1091 1233 σκηνὴν
1115 1164 1349 1234 Σηλὼμ,
1374 1164 1662 1233 σκήνωμα

124 1256 184 1315 οὗ
209 1253 657 1321 κατεσκήνωσεν
686 1254 755 1307 ἐν
787 1254 1135 1321 ἀνθρώποις.
1186 1254 1272 1307 Ἐν
1305 1254 1413 1325 γὰρ
1459 1257 1524 1324 τῇ
1560 1254 1662 1324 Ση-

118 1347 221 1418 λὼμ
261 1344 463 1416 πρῶτον
497 1344 625 1415 ἔστη
669 1346 701 1414 ἡ
746 1342 936 1415 σκηνὴ,
988 1343 1115 1397 ἔνθα
1152 1345 1334 1415 ἱερᾶτο
1371 1344 1519 1396 Ἠλεὶ
1570 1344 1662 1396 καὶ

118 1437 358 1509 Σαμουὴλ,
400 1435 477 1499 ὡς
526 1436 850 1507 παρίστησιν
894 1438 926 1506 ἡ
970 1436 1160 1507 Γραφὴ
1200 1435 1307 1489 τῶν
1342 1434 1657 1489 Βασιλειῶν.

116 1530 301 1597 Ταύτην
324 1523 411 1581 οὖν
440 1525 700 1581 ἀπώσατο
740 1525 962 1598 πρώτην
987 1527 1085 1598 τὴν
1128 1528 1185 1578 ὲν
1213 1525 1412 1597 Σηλὼμ
1454 1526 1662 1597 σκήνω-

118 1641 184 1676 σιν
205 1621 281 1675 διὰ
309 1619 405 1683 τάς
426 1619 683 1683 ἀσεϐείας
709 1619 908 1673 αὐτῶν.
938 1620 1030 1673 Διὸ
1059 1619 1200 1672 κατὰ
1236 1620 1327 1673 τὸν
1366 1620 1660 1691 Σύμμαχον

115 1714 298 1785 εἴρηται
318 1730 331 1743 ο
356 1712 467 1765 Kal
493 1711 784 1780 ἀπέρριψε
811 1710 926 1778 τὴν
949 1710 1264 1779 σκήνωσιν
1286 1711 1401 1779 τὴν
1423 1712 1656 1780 Σηλὼμ,

113 1804 194 1858 καὶ
218 1804 322 1872 τὴν
355 1802 671 1869 σκήνωσιν
695 1802 815 1871 τὴν
847 1802 1191 1871 ἱδρυθεῖσαν
1216 1802 1288 1855 ἐν
1308 1801 1655 1871 ἀνθρώποις.

114 1898 274 1959 Ὅπως
310 1896 365 1949 δὲ
408 1898 524 1958 τοῖς
567 1893 875 1966 ἀνθρώποις
906 1894 1177 1966 παρεδόθη
1223 1896 1256 1964 ή
1303 1894 1536 1958 κιϐωτὸς
1575 1895 1662 1948 διὰ

110 1988 166 2041 τὰ
192 1987 502 2058 ἀσεϐήματα
524 1985 617 2040 τοῦ
658 1986 809 2050 λαοῦ,
836 1987 929 2040 καὶ¹
953 1987 1029 2049 ὡς
1063 1985 1372 2057 ἐκράτησαν
1400 1986 1568 2057 αὐτῆς
1611 1989 1661 2039 οἱ

110 2079 347 2150 πολέμιοι,
377 2080 667 2152 ἀπήγαγον
698 2096 757 2134 τε
799 2081 929 2149 παρ’
973 2080 1203 2142 ἑαυτοῖς,
1232 2079 1326 2132 καὶ
1369 2078 1444 2141 ὡς
1467 2079 1517 2130 οἱ
1557 2079 1663 2131 υἱοὶ

118 2171 304 2245 Ἰσραὴλ
336 2172 748 2244 ὲτροπώθησαν,
784 2173 878 2225 καὶ
921 2172 995 2235 ὡς
1030 2172 1078 2224 οἱ
1117 2172 1222 2225 υἱοὶ
1255 2171 1401 2224 Ἡλεὶ
1447 2170 1663 2224 πεπτώ-

107 2283 261 2330 κασιν,
285 2267 331 2319 οἱ
359 2268 527 2338 ἱερεῖς
554 2266 726 2330 ὅντες,
755 2267 783 2319 ὅ
806 2282 866 2318 τε
887 2264 1091 2317 τούτων
1119 2263 1302 2334 πατὴρ
1324 2262 1398 2325 ὡς
1418 2261 1664 2316 ἀπώλετο

106 2359 183 2411 ἐπὶ
204 2361 264 2429 τῇ
294 2358 401 2413 τῶν
425 2359 636 2412 παίδων
668 2357 915 2428 ἀγγελίᾳ,
947 2359 979 2427 ἡ
1013 2354 1203 2427 πρώτη
1236 2354 1530 2427 παρίστησι
1556 2354 1662 2408 τῶν

105 2449 389 2502 Βασιλειῶν.
422 2449 517 2502 Διὸ
542 2450 755 2519 εἴρηται
788 2446 1050 2501 ἐνταῦθα·
1085 2448 1195 2500 Kal
1234 2447 1516 2501 ἀπώσατο
1548 2446 1663 2514 τὴν

103 2542 319 2611 σκηνὴν
366 2541 566 2611 Σηλῶ,
613 2541 905 2611 σκήνωμα
957 2536 1029 2596 οὗ
1084 2540 1550 2609 κατεσκήνωσεν
1595 2541 1664 2594 ἐν

104 2633 430 2701 ἀνθρώποις.
476 2632 588 2687 Καὶ
617 2632 961 2701 παρέδωκεν
988 2633 1074 2699 είς
1106 2633 1520 2701 αἰχμαλωσίαν
1549 2632 1664 2701 τὴν

104 2726 265 2794 ἰσχὺν
302 2726 525 2781 αὐτῶν.
570 2726 716 2779 Ἀντὶ
752 2725 807 2778 δὲ
834 2723 949 2787 τοῦ,
985 2724 1101 2791 τὴν
1139 2724 1316 2794 ἰσχὺν
1348 2722 1565 2789 αὐτῶν,
1596 2724 1663 2778 τὸ

103 2818 296 2885 κράτος
339 2819 545 2872 αὐτῶν
602 2819 945 2891 ήρμήνευσεν
988 2819 1015 2870 ὁ
1052 2816 1302 2882 ’Δκύλας.
1344 2819 1560 2890 Κράτος
1606 2819 1663 2871 δὲ

100 2910 257 2963 αὐτῶν
287 2914 380 2964 καὶ¹
412 2912 569 2981 ἰσχὺν
612 2912 706 2963 καὶ
737 2910 1019 2981 καλλονὴν,
1047 2914 1127 2975 εἰς
1158 2911 1529 2981 αἰχμαλωσίαν
1571 2913 1664 2965 καὶ

99 3003 167 3065 εἷς
202 3006 383 3075 χεῖρας
432 3002 709 3066 θλίϐοντος
754 3004 1129 3076 παραδοθέντα
1164 3004 1285 3057 τίνα
1321 3003 1387 3057 ἂν
1428 3004 1659 3075 εἴποιςῆ

96 3094 180 3164 τήν
206 3095 458 3158 κιϐωτὸν,
499 3095 565 3167 ἢν
606 3097 636 3149 ὁ
673 3095 863 3168 παρὼν
895 3097 1188 3149 αἰνίττεται
1220 3096 1377 3164 λόγος
1406 3097 1658 3166 φάσκωνο
1691 3133 1733 3190 C

97 3183 189 3235 Kal
234 3185 583 3253 παρέδωκεν
620 3188 707 3251 εἰς
742 3186 1159 3254 αἰχμαλωσίαν
1202 3184 1315 3253 τὴν
1344 3184 1528 3254 ἰσχὺν
1557 3186 1664 3237 αὐ-

94 3273 216 3338 τῶν,
240 3276 337 3329 καὶ
366 3275 489 3345 τὴν
512 3275 824 3345 καλλονὴν
849 3275 1047 3329 αὐτῶν
1071 3278 1157 3342 εἰς
1183 3275 1384 3346 χεῖρας
1411 3276 1664 3345 ἐχθραῖς

104 3367 249 3421 Ἀλλά
276 3368 452 3423 ταῦτα
502 3370 602 3440 μὲν
645 3368 961 3440 παρέδωκεν
996 3371 1074 3432 εἰς
1103 3373 1289 3440 χεῖρας
1323 3368 1539 3441 ἐχθροῦ,
1573 3369 1664 3423 τὸν

91 3459 139 3512 δὲ
166 3460 284 3513 λαὸν
333 3462 656 3533 συνέτριψεν
696 3463 752 3514 ὲν
797 3461 1061 3532 ῥομφαίᾳ.
1111 3460 1202 3514 Διό
1234 3460 1479 3515 λέλεκται
1527 3463 1667 3516 κατά

90 3551 170 3603 τδν
216 3554 546 3625 Σύμμαχον’
598 3552 709 3607 Kal
746 3552 1037 3619 ἐξέδωκεν
1082 3555 1169 3620 είς
1216 3553 1521 3624 μάχαιραν
1560 3554 1666 3608 τὸν

87 3644 227 3697 λαὸν
249 3647 465 3711 αὐτοῦ,
497 3646 593 3699 καὶ
627 3644 742 3712 τὴν
796 3646 1200 3715 κληρονομίαν
1237 3647 1423 3701 αὐτοῦ
1460 3649 1665 3716 ὑπερί-

90 3736 213 3790 δεν·
247 3741 341 3792 καλ¹
383 3740 450 3811 δὴ
492 3737 839 3809 ὑπεριδόντος
879 3738 1076 3802 αὐτοὺς
1122 3737 1217 3791 τοῦ
1252 3738 1408 3804 Θεοῦ,
1439 3740 1507 3793 τὰ
1541 3740 1666 3810 ἑξῆς

87 3828 303 3896 ἐγίνετο.
350 3831 494 3885 Τίνα
538 3830 596 3883 δὲ
637 3831 846 3896 ταῦτα;
894 3828 1037 3895 Τοὺς
1074 3831 1437 3898 νεανίσκους
1470 3834 1668 3887 αὐτῶν

88 3922 374 3993 κατέφαγε
399 3924 545 3992 πῦρ,
590 3925 686 3977 καὶ
733 3926 793 3977 αἱ
820 3922 1103 3990 παρθένοι
1134 3923 1333 3977 αὐτῶν
1362 3926 1471 3978 οὐκ
1496 3925 1668 3978 ἐπεν-

86 4014 371 4085 θήθησαν.
416 4015 579 4069 Κατά
599 4017 655 4069 δὲ
693 4016 785 4069 τὸν
824 4015 1078 4080 Ἀκύλαν,
1115 4018 1239 4084 Οὐχ
1277 4016 1667 4085 ὑπεμνήσθη-

86 4121 227 4159 σαν·
280 4107 429 4162 κατά
471 4108 530 4160 δὲ
572 4107 661 4160 τὸν
712 4106 1028 4177 Σύμμαχον,
1091 4109 1211 4160 Οὐκ
1258 4107 1663 4177 ἐπῃνέθησαν.

83 4197 269 4251 Οὐκέτι
299 4197 415 4269 γὰρ
463 4196 604 4267 μετὰ
648 4195 832 4267 ὓμνων
872 4199 967 4250 καὶ
1005 4197 1241 4251 ἐπαίνων
1279 4197 1522 4270 συνήθως
1547 4203 1667 4264 ταῖς

82 4290 458 4360 γαμουμέναις
484 4289 832 4359 παρεδίδοντο
855 4289 1103 4359 ἀνδράσι,
1131 4289 1271 4343 κατὰ
1290 4289 1387 4362 τὴν
1414 4291 1523 4345 τῶν
1555 4292 1664 4347 λοι-

82 4379 189 4432 πῶν
210 4381 542 4452 ἑρμηνείαν,
570 4380 658 4433 διὰ
677 4381 774 4452 τὴν
798 4380 1208 4434 καταλαϐοῦσαν
1233 4382 1417 4447 αὐτοῖς
1440 4382 1516 4454 (l)
1546 4384 1667 4438 τότε

1763 515 1905 570 Deus
1934 527 1982 571 et
2012 520 2225 588 sprevit,
2279 519 2579 573 secundum
2636 520 2886 590 Aquilam
2931 536 3080 585 vero,
3116 518 3185 573 Et
3226 536 3330 575 non

1762 607 1992 673 distulit,
2018 610 2226 664 nullum
2255 610 2495 681 spatium
2526 626 2701 681 neque
2722 613 3039 673 dilationem
3066 612 3174 667 illis
3199 628 3330 667 con-

1761 700 1998 767 cedens;
2046 701 2345 756 secundum
2382 701 2766 773 Symmachum
2797 720 2949 771 vero,
2982 704 3049 758 Et
3078 705 3331 774 reproba-

1761 792 1833 844 vit
1863 792 2013 846 valde
2043 792 2235 849 Israel.
2270 793 2360 849 Sic
2391 804 2573 850 autem
2608 796 2818 851 audivit
2843 795 3008 861 Deus,
3040 806 3100 851 ut
3131 799 3198 854 de
3228 798 3330 853 So-

1760 881 1984 938 domitis
2027 884 2229 940 dicitur
2276 904 2287 939 :
2349 885 2463 940 Vox
2524 885 2876 941 Sodomorum
2929 896 2976 940 et
3027 886 3331 942 Gomorrha:

1760 973 1959 1027 clamat
2007 974 2075 1027 ad
2124 992 2205 1029 me
2227 976 2293 1031 ³⁸.
2353 975 2641 1046 Iutpiorum
2695 978 2842 1031 enim
2887 979 2970 1032 vel
3014 978 3129 1047 ipsa
3168 979 3330 1049 impia

1759 1076 1909 1136 gesta
1959 1066 2197 1122 clamant
2236 1077 2290 1123 et
2327 1069 2717 1125 vociferantur.
2750 1101 2819 1111 —-—
2848 1070 3015 1128 Vsns.
3060 1072 3150 1127 60.
3203 1072 3331 1137 Quae

1761 1158 1988 1212 audiens
2022 1158 2161 1214 Deus
2191 1161 2381 1228 repulit
2411 1160 2809 1214 tabernaculum
2845 1160 3037 1226 Silom,
3090 1162 3331 1215 taberna-

1759 1252 1935 1305 culum
1981 1250 2071 1304 ubi
2120 1252 2374 1306 habitavit
2421 1253 2475 1305 in
2522 1251 2842 1306 hominibus.
2891 1252 3029 1307 Nam
3074 1253 3127 1307 in
3164 1253 3333 1307 Silom

1760 1346 1995 1413 primum
2028 1343 2180 1398 stetit
2217 1343 2653 1406 tabernaculum,
2699 1344 2757 1399 in
2783 1360 2890 1414 qua
2919 1360 3201 1399 sacrorum
3236 1359 3331 1398 an-

1761 1438 1961 1493 tistites
1991 1444 2149 1490 erant
2176 1434 2291 1490 l'leli
2322 1443 2375 1489 et
2408 1434 2648 1496 Samuel.
2684 1444 2742 1489 ut
2776 1437 3018 1491 declarat
3048 1435 3332 1507 Scriptura

1761 1529 2071 1600 Regnorum
2085 1530 2149 1582 ³⁸.
2174 1529 2287 1584 Hoc
2314 1531 2495 1601 itaque
2516 1531 2751 1599 primum
2782 1529 2834 1583 in
2863 1528 3033 1583 Silom
3066 1537 3332 1584 statutum

1762 1624 2176 1678 tabernaculum
2228 1631 2452 1694 propter
2507 1623 2815 1694 impietates
2875 1637 3063 1677 eorum
3116 1621 3333 1691 repulit.

1763 1713 1940 1779 Quare
1986 1714 2283 1769 secundum
2326 1712 2708 1785 Symmachum
2758 1713 3001 1768 dicitur:
3036 1711 3105 1766 Et
3144 1713 3333 1782 abjecit

1766 1803 2161 1858 tabernaculum
2207 1803 2401 1867 Silom,
2444 1812 2493 1857 et
2532 1802 2932 1858 tabernaculum
2971 1803 3245 1872 ﬁrmatum
3283 1802 3334 1855 in

1760 1897 2080 1952 hominibus.
2111 1897 2395 1965 Quomodo
2428 1905 2608 1953 autem
2638 1896 2954 1955 hominibus
2988 1896 3185 1950 tradita
3216 1895 3306 1950 lue

1762 1990 1834 2043 rit
1870 2005 1997 2044 arca
2042 1990 2110 2045 ob
2148 1990 2455 2061 impietates
2490 1990 2698 2061 populi,
2730 1997 2783 2044 et
2816 1989 3092 2060 quomodo
3122 1988 3332 2043 inimici

1762 2079 2009 2149 ceperint
2065 2080 2236 2144 illam,
2291 2081 2729 2149 abduxerintque
2783 2094 3010 2158 secum;
3066 2078 3161 2133 ﬁlii
3206 2093 3335 2132 vero

1762 2172 1931 2228 Israel
1956 2173 2010 2226 in
2036 2171 2220 2242 fugam
2247 2173 2391 2228 versi
2433 2173 2565 2238 sint,
2597 2172 2692 2226 ﬁlii
2733 2170 2853 2226 Heli
2897 2171 2990 2241 qui
3027 2169 3334 2225 sacerdotes

1761 2272 1917 2319 erant
1960 2265 2278 2331 ceciderint,
2327 2280 2626 2336 eorumque
2669 2274 2841 2335 pater,
2865 2271 3091 2333 accepto
3118 2263 3183 2317 de
3214 2262 3335 2318 ﬁliis

1762 2356 1974 2423 nuntio,
2022 2356 2266 2426 perierit,
2325 2363 2513 2410 narrat
2562 2355 2776 2427 primus
2824 2354 3137 2426 Regnorum
3179 2354 3335 2408 liber.

1763 2448 2108 2519 Quapropter
2145 2448 2231 2502 hic
2279 2448 2522 2503 dicitur:
2575 2447 2645 2501 Et
2697 2447 2886 2516 repulit
2938 2445 3335 2500 tabernaculum

1764 2539 1899 2605 Silo,
1945 2538 2344 2593 tabernaculum
2392 2538 2481 2592 ubi
2525 2538 2781 2592 habitavit
2821 2538 2876 2592 in
2920 2538 3239 2591 hominibus.
3270 2567 3325 2577 —
3386 2580 3389 2581 ν

1763 2632 1931 2688 Vsus.
1959 2632 2049 2687 61.
2076 2631 2145 2686 Et
2171 2632 2394 2686 tradidit
2418 2633 2471 2686 in
2500 2633 2856 2701 captivitatem
2874 2632 3113 2685 virtutem
3135 2646 3336 2684 eorum.

1763 2725 1868 2779 Pro
1903 2726 1997 2779 illo
2032 2733 2237 2791 autem,
2263 2726 2509 2779 virtutem
2552 2742 2754 2789 eorum,
2800 2724 3017 2795 Aquila,
3059 2722 3218 2776 robur
3253 2739 3334 2776 eo-

1763 2829 1901 2877 rum,
1948 2814 2334 2883 interpretatus
2382 2822 2485 2870 est.
2510 2812 2702 2869 Robur
2742 2823 2950 2881 autem,
2988 2814 3240 2868 virtutem
3285 2823 3334 2867 et

1763 2906 2246 2977 pulchritudinem,
2296 2907 2350 2961 in
2399 2907 2767 2977 captivitatem
2811 2916 2865 2963 et
2910 2907 2967 2962 in
3002 2923 3198 2962 manus
3230 2906 3335 2960 ini-

1762 3000 1891 3054 mici
1931 3000 2156 3066 tradita,
2187 3015 2309 3072 qum
2336 3000 2541 3057 dixeris
2579 3017 2725 3066 esse,
2772 3002 2879 3055 nisi
2923 3016 3128 3065 arcam,
3174 3017 3336 3071 quam

1764 3080 1865 3147 hic.
1899 3108 2080 3149 sermo
2131 3094 2447 3149 subindicat
2484 3096 2694 3159 dicens,
2731 3094 2797 3147 Et
2830 3093 3049 3148 tradidit
3085 3095 3141 3146 in
3172 3095 3327 3163 capti-
3366 3166 3373 3175 κ

1766 3187 1977 3240 vitatem
2008 3187 2250 3241 virtutem
2293 3204 2496 3253 eorum,
2530 3196 2579 3242 et
2607 3188 3047 3257 pulchritudinem
3076 3204 3257 3241 eorum
3287 3188 3339 3240 in

1765 3298 1956 3335 manus
1978 3282 2179 3336 inimici
2196 3281 2459 3338 ?—Vnns.
2486 3283 2666 3337 62-64.
2685 3282 2787 3337 Sed
2809 3284 2923 3337 haec
2939 3282 3156 3353 quidem
3178 3281 3320 3335 tradi

1766 3376 1916 3430 ditin
1931 3392 2129 3431 manus
2155 3376 2388 3442 inimici,
2407 3379 2665 3448 populum
2686 3394 2816 3432 vero
2843 3378 3099 3432 contrivit
3135 3376 3337 3447 gladio.

1766 3465 1892 3522 ldeo
1919 3468 2219 3522 secundum
2254 3465 2641 3538 Symmachum
2675 3467 2876 3521 dicitur
2901 3484 2916 3521 :
2946 3464 3017 3518 Et
3041 3464 3265 3518 tradidit
3288 3465 3339 3518 in

1767 3559 2086 3613 mae/ueram
2133 3559 2383 3628 populum
2443 3576 2598 3613 suum
2658 3568 2706 3612 et
2767 3558 3129 3612 hwreditatem
3187 3572 3339 3609 suam

1767 3652 1978 3721 sprevit.
2043 3650 2155 3705 Deo
2211 3660 2392 3706 autem
2459 3650 2609 3720 ipsos
2645 3658 2959 3719 spernente,
2992 3664 3054 3703 ea
3089 3664 3211 3718 quae
3243 3664 3333 3702 se-

1765 3751 2013 3812 quuntur
2063 3750 2383 3797 evenerunt.
2428 3740 2560 3807 Qua:
2586 3741 2712 3794 illa?
2738 3738 2961 3793 Juvenes
2984 3754 3165 3792 eorum
3197 3753 3337 3790 com-

1730 3831 1872 3887 -edit
1926 3832 2084 3900 ignis,
2141 3840 2191 3884 et
2239 3830 2462 3899 virgines
2493 3846 2675 3884 eorum
2716 3846 2820 3882 non
2854 3839 2976 3882 sunt
3005 3831 3305 3882 lamentata:
3319 3841 3338 3892 ;

1769 3924 2067 3981 secundum
2102 3924 2352 3993 Aquilam
2386 3932 2555 3988 vero,
2585 3941 2685 3977 non
2712 3933 2835 3977 sunt
2861 3923 3223 3991 desponsata;
3256 3940 3335 3979 se-

1767 4015 2004 4071 cundum
2059 4011 2445 4085 Symmachum
2496 4022 2702 4077 autem,
2753 4031 2859 4067 non
2908 4024 3030 4068 sunt
3085 4014 3337 4072 laudata.

1768 4106 1885 4162 Non
1911 4108 2053 4161 ultra
2084 4107 2566 4169 enim,secundum
2594 4106 2836 4176 reliquos
2854 4106 3340 4176 interpretes,cum

1769 4198 1986 4271 hymnis
2020 4206 2074 4253 et
2100 4196 2378 4263 laudibus,
2415 4204 2476 4252 ut
2499 4204 2825 4252 consuetum
2856 4195 3205 4266 desponsatis
3235 4204 3339 4261 est,

1767 4291 1902 4346 viris
1937 4291 2317 4355 tradebantur,
2349 4292 2419 4345 ob
2454 4290 2757 4345 immissam
2789 4296 2921 4343 tunc
2957 4289 3090 4359 ipsis
3121 4289 3333 4342 calami-

1771 4388 1958 4437 tatem.
1994 4379 2303 4436 Secundum
2332 4379 2475 4434 LXX
2497 4379 2828 4451 Interpretes
2854 4386 3055 4445 autem,
3090 4379 3146 4431 in
3167 4379 3339 4448 capti»

83 4473 385 4544 συμφοράν.
432 4470 590 4525 Κατὰ
618 4472 676 4525 δὲ
708 4471 804 4543 τὴν
836 4471 943 4525 τῶν
987 4472 1385 4543 Ἐϐδομήκοντα
1431 4474 1659 4538 ἔκδοσιν,

1768 4473 1984 4528 vitatem
2010 4481 2163 4537 actae,
2188 4488 2313 4526 cum
2336 4481 2700 4537 morerentur,
2719 4490 2829 4527 non
2857 4480 2974 4527 erat
3000 4472 3091 4541 qui
3110 4471 3336 4539 lugeret,

78 4565 419 4635 αἰχμάλωτοι
452 4564 799 4636 ἀπαχθεῖσαι,
834 4566 893 4619 ὲν
929 4565 1007 4636 τῷ
1050 4565 1301 4637 θνήσκειν
1346 4568 1515 4631 αὐτὰς
1560 4571 1664 4623 οὐκ

79 4651 213 4726 εἶχον
254 4660 389 4723 τοὺς
437 4657 788 4723 πενθοῦντας,
830 4658 918 4712 διὰ
950 4658 1011 4712 τὺ
1065 4659 1139 4730 μὴ
1187 4662 1440 4731 παρεῖναι
1480 4662 1663 4725 αὐτοῖς

74 4748 196 4812 τοὺς
240 4751 627 4821 προσήκοντας
650 4767 665 4782 ο
715 4750 850 4805 ἀλλὰ
893 4750 987 4805 καὶ
1042 4754 1095 4806 οἱ
1133 4753 1308 4821 ἱερεῖς
1352 4752 1551 4807 αὐτῶν
1593 4754 1662 4809 ἐν

71 4840 335 4908 ῥομφαίᾳ
368 4842 604 4895 ἔπεσαν
645 4833 811 4912 (οὗτοι
843 4842 887 4895 δ’
922 4837 1061 4913 ἦσαν
1098 4844 1148 4896 οἱ
1182 4843 1274 4897 τοῦ
1317 4844 1465 4897 Ἠλεὶ
1500 4844 1658 4914 υἱοί),

71 4931 165 4985 καὶ
204 4935 268 4988 al
313 4930 499 5003 χῆραι
532 4932 601 4986 δὲ
637 4933 833 4987 αὐτῶν
873 4936 944 4987 οὐ
992 4934 1503 5005 κλαυσθήσονται.
1551 4936 1663 4989 Καὶ

73 5024 215 5077 ἔστιν
246 5026 442 5097 εὑρεῖν
465 5027 521 5078 ἐν
544 5029 609 5098 τῇ
642 5025 833 5099 πρώτῃ
864 5026 972 5080 τῶν
998 5027 1311 5094 Βασιλειῶν,
1346 5029 1513 5095 ὅπως,
1552 5029 1662 5085 τῶν

72 5116 198 5169 υἱῶν
235 5118 397 5173 Ἠλεὶ
433 5121 705 5174 πεσόντων
733 5122 790 5172 ὲν
830 5120 908 5190 τῷ
948 5120 1188 5191 πολέμῳ,
1233 5122 1288 5174 αἱ
1325 5121 1529 5175 τούτων
1561 5139 1659 5189 γυ-

72 5210 275 5274 ναῖκες,
308 5210 486 5280 χῆραι
534 5210 996 5280 καταλειφθεῖσαι,
1024 5210 1194 5264 δεινὸν
1234 5211 1531 5282 ὑπέμειναν
1569 5210 1665 5266 θά-

70 5317 249 5357 νατον.
306 5303 409 5356 Διὸ
447 5303 692 5357 λέλεκται
743 5303 885 5356 κατὰ
936 5302 1026 5356 τὸν
1079 5301 1396 5374 Σύμμαχον,
1447 5304 1559 5359 Kal
1604 5307 1666 5360 al

69 5392 469 5459 znpevﬂeiaat
495 5393 695 5448 αὐτῶν
722 5397 832 5447 οὐκ
857 5395 1170 5448 ἔκλαυσαν
1195 5410 1207 5425 ο
1240 5394 1360 5449 οὐδὲ
1396 5396 1503 5467 γὰρ
1530 5396 1664 5450 ὑπέ-

70 5500 302 5556 στησαν,
349 5484 495 5539 ὥστε
534 5485 796 5540 κλαῦσαι·
850 5484 1226 5538 συναπώλοντο
1271 5485 1327 5539 δὲ
1373 5487 1466 5540 καὶ
1506 5479 1665 5542 αὗται

66 5580 178 5640 τοῖς
232 5579 592 5649 τικτομένοις
654 5577 793 5631 κατά
852 5577 949 5649 τὴν
1010 5576 1322 5647 φάσκουσαν
1380 5579 1659 5652 ἱστορίαν·

1767 4565 1913 4636 quod
1946 4580 2055 4620 non
2095 4564 2345 4621 adessent
2395 4566 2684 4636 propinqui
2740 4581 2962 4631 earum;
3018 4565 3128 4618 imo
3171 4562 3333 4617 etiam

1768 4658 2066 4713 sacerdotes
2122 4675 2303 4712 eorum
2369 4660 2423 4713 in
2468 4659 2646 4731 gladio
2692 4658 2986 4713 ceciderunt
3039 4656 3115 4727 (hi
3170 4670 3334 4727 porro

1768 4759 1929 4806 erant
1984 4750 2082 4805 ﬁlii
2144 4750 2307 4820 Heli),
2343 4762 2392 4805 et
2446 4752 2619 4807 vidua:
2654 4769 2833 4807 eorum
2879 4768 2983 4806 non
3047 4751 3339 4821 plorabun-

1772 4854 1875 4899 tur.
1910 4842 1970 4898 In
2027 4845 2200 4915 primo
2252 4843 2565 4917 Regnorum
2621 4846 2764 4900 libro
2815 4847 3030 4917 legitur,
3070 4860 3193 4900 cum
3242 4844 3337 4898 lilii

1772 4936 1889 4993 Heli
1923 4940 1979 4993 in
2016 4940 2159 4995 bello
2186 4940 2537 5007 cecidissent,
2579 4955 2767 4996 eorum
2802 4955 3001 4994 uxores
3034 4940 3227 4995 viduas
3255 4955 3338 4993 re-

1771 5030 1952 5093 lictas,
1982 5046 2201 5101 gravem
2254 5034 2587 5089 sustinuisse
2633 5047 2889 5089 mortem.
2929 5034 3109 5101 Quare
3137 5034 3337 5087 dicitur

1773 5122 2073 5178 secundum
2102 5122 2511 5196 Symmachum,
2546 5124 2615 5179 Et
2641 5125 2872 5181 viduatae
2898 5144 3077 5181 eorum
3098 5144 3201 5181 non
3222 5128 3338 5196 plo-

1772 5224 2020 5269 raverunt
2046 5231 2065 5269 :
2095 5231 2272 5287 neque
2300 5218 2442 5272 enim
2478 5218 2817 5273 exsistebant
2843 5230 2900 5273 ut
2926 5218 3054 5275 ﬂere
3082 5228 3336 5290 possent;

1769 5322 1895 5360 nam
1920 5321 2027 5361 una
2059 5323 2182 5361 cum
2212 5314 2368 5377 partu
2399 5323 2501 5362 suo
2529 5309 2814 5363 exstinctae
2846 5319 2993 5372 sunt,
3021 5318 3080 5364 ut
3104 5295 3337 5365 ferthaec

1768 5397 2037 5454 historia:
2068 5396 2138 5453 Et
2180 5399 2381 5468 factum
2421 5410 2499 5454 est
2540 5402 2594 5454 in
2632 5400 2813 5456 diebus
2853 5402 2961 5457 illis
2993 5415 3339 5458 convenerunt

1768 5490 2025 5561 allophyli
2072 5491 2127 5545 in
2178 5490 2371 5545 bellum
2415 5502 2603 5547 contra
2651 5491 2829 5548 Israel
2852 5496 2930 5561 a'°;
2969 5495 3166 5551 deinde
3209 5512 3337 5551 vero

1770 5597 1894 5636 cum
1927 5584 2127 5640 exisset
2154 5584 2386 5654 populus
2414 5584 2480 5640 ad
2512 5602 2768 5657 pugnam,
2805 5588 2985 5643 Ca‘sus
3015 5599 3110 5663 est,
3137 5590 3334 5660 inquit,

136 5699 182 5730 ³⁸
212 5697 363 5755 Gen.
399 5715 555 5765 xw",
584 5699 673 5753 20.
750 5698 791 5733 ³⁸
820 5698 837 5751 1
872 5699 1003 5768 Reg.
1038 5715 1112 5762 tv,
1137 5715 1236 5753 vn.
1314 5700 1358 5732 ⁸⁸
1397 5703 1416 5755 1
1447 5699 1579 5776 Reg.
1611 5718 1686 5771 tv,
1715 5703 1767 5759 1.

138 5794 216 5864 (ι)
256 5792 535 5864 Syntaxis
563 5795 797 5864 postulat
824 5793 1040 5858 αὐτούς.
1086 5793 1243 5849 Ευιτ.
