3798 6282
431 323 537 383 935

1092 322 1357 382 EUSEBII
1391 322 1872 380 CASSARIENSIS
1909 322 2059 381 OPP.
2100 322 2281 379 PARS
2320 321 2405 380 III.
2438 354 2507 365 -
2543 322 2947 380 EXEGETICA.

3562 326 3651 385 936

433 444 610 501 Israel
637 460 654 499 :
681 453 730 499 et
762 443 908 514 facta
950 452 1028 499 est
1061 444 1220 515 plaga
1260 459 1453 514 magna
1483 441 1634 497 ralde
1664 457 1683 496 :
1714 452 1765 498 et
1801 443 1988 498 cecide-

2098 441 2209 497 Kal
2248 439 2502 512 ἐγενήθη
2535 439 2606 495 ἐν
2631 440 2760 507 ταῖς
2799 439 3047 511 ἡμέραις
3074 442 3355 506 ἐκείναις.
3391 442 3487 493 καὶ
3521 456 3655 495 συν..

427 548 555 592 runt
582 537 648 593 de
675 537 848 592 Israel
881 538 1101 609 triginta
1130 536 1301 592 millia
1329 553 1395 591 ea:
1428 536 1702 591 ordinibus
1738 552 1756 589 :
1787 545 1835 588 et
1874 552 2001 590 arca

433 630 530 686 Dei
558 640 714 700 capta
749 640 850 695 est,
880 639 931 685 et
959 630 1115 684 ambo
1151 630 1252 694 ﬁlii
1282 629 1406 685 lleli
1431 630 1628 685 mortui
1655 638 1799 694 sunt,
1827 628 1999 700 Opimi

428 732 489 776 et
514 722 757 778 Phinees.
795 721 862 776 Et
900 720 1134 776 cucurrit
1163 722 1244 775 vir
1282 719 1572 776 Jeminwus
1614 736 1679 775 ex
1706 722 1918 785 castris,
1949 730 2001 775 et

425 814 565 869 venit
593 815 652 869 in
677 813 848 870 Silam
877 815 931 868 in
959 813 1058 867 illa
1084 812 1192 877 die,
1224 813 1395 867 scissa
1423 821 1581 874 veste,
1610 822 1662 867 et
1690 829 1998 883 conspersus

424 904 632 975 pulvere
653 914 829 974 caput.
861 904 929 959 Et
957 921 1072 960 ecce
1103 904 1225 959 Heli
1256 905 1310 958 in
1333 904 1471 958 sella
1487 904 1559 957 ad
1578 915 1785 975 portam
1814 915 1999 961 contra

429 996 624 1053 bivium
662 1008 926 1069 spectans.
959 996 1094 1052 Erat
1116 998 1256 1052 enim
1289 1013 1381 1051 cor
1407 995 1521 1067 ejus
1547 1013 1735 1067 pauens
1755 1014 1851 1067 pro
1870 1015 1999 1053 arca

427 1087 545 1145 Dei.
581 1088 696 1146 Sub
738 1090 854 1145 haec
897 1089 1101 1145 dicitur
1133 1107 1148 1143 :
1186 1086 1320 1142 Erat
1360 1099 1536 1143 autem
1572 1088 1693 1144 Heli
1719 1091 1874 1160 quasi
1902 1107 1997 1145 no-

426 1180 646 1251 naginta
677 1190 791 1235 octo
822 1196 1101 1243 annorum,
1134 1188 1186 1235 et
1214 1179 1357 1235 oculi
1393 1180 1507 1250 ejus
1540 1180 1915 1250 caligaverant.
1945 1191 1997 1236 et

425 1286 529 1325 non
561 1270 788 1327 uidebat.
835 1269 900 1325 Et
932 1272 1012 1325 vir
1039 1271 1132 1326 ille
1158 1270 1409 1327 accedens
1429 1271 1604 1325 dixit:
1628 1270 1740 1342 Ege
1767 1290 1885 1327 sum
1908 1275 2000 1343 qui

425 1365 537 1419 veni
564 1380 630 1419 ea:
650 1364 861 1427 castris,
882 1372 932 1419 et
953 1380 1046 1435 ego
1072 1378 1137 1419 ea:
1159 1364 1270 1418 acie
1294 1364 1409 1435 fugi
1429 1362 1602 1418 hodie.
1626 1362 1695 1417 Et
1726 1364 1824 1430 ait,
1856 1365 1995 1432 Quid

425 1467 602 1512 actum
631 1467 729 1523 est,
774 1457 855 1527 ﬁli
892 1457 1008 1513 mi?
1053 1456 1124 1510 Et
1148 1457 1415 1526 respondit
1440 1471 1569 1525 puer
1599 1465 1649 1511 et
1674 1456 1809 1511 dixit
1834 1473 1852 1510 :
1885 1456 1997 1511 Fu-

422 1543 519 1613 git,
552 1544 748 1614 inquit,
781 1542 954 1599 Israel
987 1562 1020 1598 a
1046 1544 1186 1613 [acie
1228 1544 1640 1615 allophylorum,
1667 1555 1717 1600 et
1745 1546 1891 1615 facta
1917 1556 1997 1601 est

422 1632 581 1702 plaga
603 1648 795 1702 magna
824 1633 880 1686 in
905 1633 1121 1703 populo,
1146 1643 1196 1688 et
1219 1632 1376 1688 ambo
1399 1632 1502 1702 ﬁlii
1526 1633 1605 1686 tui
1632 1636 1828 1690 mortui
1849 1644 1992 1699 sunt,

419 1731 472 1776 et
498 1739 626 1778 arca
653 1724 753 1779 Dei
785 1734 941 1795 capta
970 1734 1071 1782 est.
1110 1725 1181 1779 Et
1207 1726 1411 1796 factum
1444 1737 1522 1782 est
1553 1744 1673 1783 cum
1702 1743 1993 1782 memoras-

2100 535 2460 604 αθροίζονται
2486 535 2821 603 ἀλλόφυλοι
2847 535 2934 599 εὶς
2964 534 3231 602 πόλεμον
3266 533 3367 585 ἐπὶ
3400 532 3653 601 Ἰσραήλ·

2101 623 2199 681 εἷθ’
2243 626 2368 701 ἑξῆς
2405 627 2752 701 προελθόντος
2798 626 2893 679 τοῦ
2948 625 3078 680 λαοῦ
3128 628 3208 690 εἰς
3256 625 3352 679 τὸν
3401 625 3657 694 πόλεμον,

2098 721 2318 784 Πταίει,
2350 700 2532 792 ἑρηάιν,
2561 718 2717 788 ἀνὴρ
2752 717 3021 786 Ἰσραήλ’
3059 718 3157 771 και
3189 717 3430 786 ἐγένετο
3465 718 3658 784 πληγὴ

2091 812 2324 884 μεγάλη
2357 813 2622 882 σφόδραθ
2655 812 2753 865 και
2778 811 3010 864 ἔπεσαν
3029 809 3100 875 ἐξ
3139 811 3389 879 Ἰσραὴλ
3404 811 3661 879 τριακονο

2096 920 2171 957 τα
2217 903 2482 974 χιλιάδες
2531 901 2840 973 ταγμάτων
2862 919 2877 933 ·
2926 902 3025 956 καὶ
3082 902 3122 970 ἠ
3170 903 3419 967 κιϐωτὸς
3453 899 3526 954 δέ
3562 901 3660 955 τοῦ

2098 994 2247 1049 Θεοῦ
2270 994 2523 1063 ἐλήφθη,
2548 994 2648 1049 καὶ
2682 994 3002 1063 ἀμφότεροι
3036 996 3091 1049 οι
3112 993 3229 1048 vlal
3266 992 3424 1047 Ἠλεὶ
3450 990 3660 1047 ἀπέθα-

2095 1104 2226 1150 νον,
2268 1087 2459 1155 Ὀφνεὶ
2497 1086 2594 1140 καὶ
2631 1085 2855 1152 Φινεές.
2881 1086 2991 1140 Kal
3022 1085 3276 1156 ἔδραμεν
3315 1085 3476 1155 ἀνὴρ
3516 1086 3663 1154 Ἰεμιρ

2094 1177 2262 1244 ναῒος
2287 1179 2356 1232 ἐκ
2396 1176 2505 1245 τῆς
2551 1177 2952 1246 παρατάξεως,
2989 1178 3088 1232 καὶ
3116 1177 3304 1246 ἦλθεν
3339 1180 3427 1243 είς
3451 1176 3694 1253 Σηλάν.
3796 1176 3798 1265 Ῐ

2092 1270 2165 1324 ἐν
2196 1269 2271 1339 τῇ
2300 1267 2489 1338 ἡμέρῃ
2510 1268 2732 1338 ἐκείνῃ,
2757 1270 2831 1324 τὰ
2855 1268 3051 1338 ἱμάτια
3078 1269 3263 1326 αὐτοῦ
3287 1269 3659 1338 διερρωγότα,

2095 1361 2192 1415 καὶ
2227 1361 2301 1431 γῆ
2345 1361 2444 1415 ἐπὶ
2486 1359 2596 1429 τῆς
2642 1359 2912 1430 κεφαλῆς
2941 1359 3148 1416 αὐτοῦ.
3191 1360 3299 1416 Kal
3346 1360 3480 1415 ιδοὺ
3515 1360 3664 1415 Ἠλεὶ

2093 1452 2192 1506 ἐπὶ
2222 1452 2327 1507 τοῦ
2357 1452 2569 1523 δίφρου
2597 1453 2758 1522 παρὰ
2796 1453 2913 1522 τὴν
2943 1454 3149 1523 πύλην
3188 1454 3514 1510 σκοπεύων
3562 1451 3665 1519 τὴν

2093 1544 2298 1599 δίοδον
2316 1561 2331 1575 ·
2368 1544 2457 1599 ὅτι
2491 1540 2570 1615 ἦν
2608 1544 2648 1612 η
2681 1544 2892 1613 καρδία
2929 1545 3116 1600 αὐτοῦ
3137 1546 3503 1615 ἐξεστηκυῖα
3538 1546 3662 1613 περὶ

2092 1633 2204 1704 τῆς
2234 1633 2481 1690 κιϐωτοῦ
2526 1634 2634 1690 τοῦ
2687 1635 2856 1689 Θεοῦ.
2903 1630 3020 1689 Εἶθ’
3072 1634 3200 1707 ἑξῆς
3249 1636 3462 1709 εἴρηται
3486 1654 3504 1667 ’
3560 1638 3665 1691 Kal

2106 1727 2257 1784 Ἠλεὶ
2287 1727 2365 1794 ὡς
2387 1731 2475 1798 κη’
2507 1727 2657 1782 ἐτῶν
2679 1743 2695 1759 ο
2731 1726 2831 1783 καὶ
2867 1731 2921 1783 ol
2946 1727 3236 1798 ὀφθαλμοὶ
3266 1728 3451 1783 αὐτοῦ
3480 1729 3669 1783 ἐπαν-

420 1824 499 1871 set
542 1833 724 1872 arcam
784 1816 899 1881 Dei,
958 1819 1145 1874 cecidit
1199 1818 1265 1874 de
1311 1819 1447 1875 sella
1494 1830 1785 1876 retrorsum
1825 1819 1988 1890 juxta

2088 1822 2377 1893 ἔστησαν,
2409 1824 2508 1881 καὶ
2548 1825 2659 1878 οὐκ
2699 1824 2936 1879 ἐϐλεπε.
2983 1824 3092 1878 Kal
3130 1827 3165 1878 ό
3200 1824 3353 1893 ἀνὴρ
3401 1828 3668 1893 προσελ-

419 1910 634 1976 ostium,
660 1922 708 1967 et
732 1913 1016 1967 contritum
1044 1921 1125 1969 est
1151 1912 1370 1970 dorsum
1394 1914 1532 1982 ejus,
1555 1925 1606 1970 et
1631 1924 1869 1971 mortuus
1892 1924 1989 1982 est,

418 2006 544 2075 quia
587 2021 747 2060 senes:
785 2005 939 2062 homo
967 2017 1083 2061 erat
1122 2016 1173 2062 et
1200 2009 1399 2079 gravis.
1432 2006 1617 2062 Nurus
1658 2017 1832 2062 autem
1877 2007 1992 2077 ejus

417 2111 555 2151 uxor
579 2096 798 2153 Phinees
820 2115 1099 2170 praegnans
1123 2108 1239 2153 erat
1269 2100 1541 2171 vicinaque
1569 2101 1788 2168 partui:
1815 2109 1865 2155 et
1897 2117 1993 2154 au-

419 2185 535 2242 dito
564 2189 749 2243 nuntio
777 2189 916 2259 quod
946 2199 1103 2259 capta
1136 2199 1271 2245 esset
1316 2207 1445 2245 arca
1493 2189 1613 2257 Dei,
1658 2198 1709 2246 et
1755 2201 1992 2246 mortuus

417 2290 555 2338 esset
583 2298 732 2336 socer
759 2298 909 2348 suus,
951 2291 1002 2337 et
1041 2283 1120 2337 vir
1149 2298 1300 2347 suus,
1333 2282 1475 2353 ﬂevit
1512 2291 1562 2338 et
1603 2284 1820 2352 peperit,
1868 2283 1993 2353 quia

418 2375 689 2429 irruerant
716 2375 925 2430 dolores
954 2378 1011 2430 in
1035 2392 1173 2444 eam,
1208 2385 1258 2430 et
1287 2377 1344 2431 in
1375 2385 1602 2446 tempore
1629 2395 1725 2433 suo
1751 2378 1826 2450 (l)
1851 2394 1995 2431 mor-

419 2476 513 2521 tua
535 2475 631 2521 est.
667 2466 735 2520 Et
772 2467 1024 2521 dixerunt
1056 2467 1302 2523 mulieres
1350 2485 1467 2540 qua
1512 2470 1759 2524 astabant
1801 2471 1869 2532 ei,
1916 2467 1993 2524 Ne

417 2557 637 2626 timeas,
685 2558 810 2628 quia
853 2559 1027 2628 filium
1070 2559 1317 2628 peperisti
1353 2575 1372 2613 :
1408 2575 1525 2630 qua:
1560 2577 1663 2614 non
1701 2560 1989 2630 respondit,

419 2665 579 2718 neque
607 2648 999 2705 animadvertit.
1034 2649 1229 2705 Postea
1271 2650 1594 2722 subiungit:
1628 2649 1699 2705 Et
1738 2650 1993 2722 allophyli

418 2752 727 2813 acceperunt
758 2759 938 2798 arcam
968 2742 1086 2807 Dei,
1114 2753 1165 2798 et
1194 2753 1596 2814 asportaverunt
1628 2760 1743 2798 eam
1774 2746 1827 2799 in
1858 2746 1993 2797 Azo-

420 2839 552 2885 tum.
588 2831 655 2886 Et
687 2843 997 2902 acceperunt
1029 2834 1294 2904 allopliyli
1321 2850 1503 2888 arcam
1542 2832 1781 2899 Domini,
1824 2844 1872 2889 et
1901 2838 1989 2889 in-

419 2925 649 2980 tulerunt
675 2943 793 2980 eam
821 2928 875 2981 in
911 2927 1126 2981 domum
1157 2925 1346 2996 Dagon
1367 2925 1433 2981 “.
1470 2924 1596 2980 Haec
1619 2940 1786 2996 porro
1808 2926 1989 2982 omnia

417 3016 507 3072 hic
533 3016 856 3087 compendio
893 3024 1266 3072 memorantur
1299 3035 1313 3072 :
1343 3031 1469 3071 nam
1504 3015 1854 3087 subiungitur
1879 3035 1891 3070 :
1921 3048 1990 3058 —

415 3105 581 3165 Vnus.
600 3107 689 3164 65.
711 3107 775 3161 Et
790 3109 1050 3163 excitatus
1067 3117 1145 3164 est
1166 3119 1414 3181 tanquam
1428 3109 1695 3164 dormiens
1710 3109 1984 3174 Dominus,

2090 1915 2211 1972 θὼν
2251 1906 2449 1970 εἶπεν·
2493 1914 2634 1985 Ἐγώ
2665 1918 2784 1985 ειμι
2829 1919 2863 1971 ό
2912 1916 3079 1984 ἥκων
3111 1917 3180 1971 ἐκ
3218 1915 3322 1985 τῆς
3362 1918 3666 1987 παρεμϐο-

2089 2007 2226 2078 λῆς,
2265 2007 2363 2061 καὶ
2392 2007 2505 2076 ἐγὼ
2535 2008 2603 2061 ἐκ
2633 2006 2735 2075 τῆς
2765 2008 3147 2076 παρατάξεως
3181 2010 3447 2079 πέφευγα
3470 2010 3665 2079 amu-

2081 2115 2214 2167 ρον.
2242 2098 2350 2152 Kal
2379 2095 2508 2152 εἶπε
2531 2113 2547 2129 ο
2584 2099 2644 2152 Τί
2660 2099 2790 2151 ἐστι
2820 2098 2889 2152 τὸ
2921 2099 3168 2170 γεγονὸς
3182 2097 3363 2168 ῥῆμα,
3394 2100 3668 2163 τέκνονς

2088 2192 2199 2248 Καὶ
2232 2193 2518 2262 ἀπεκρίθη
2552 2192 2614 2248 τὸ
2640 2191 2973 2261 παιδάριον,
3022 2192 3118 2248 real
3149 2186 3308 2247 εἷπε·
3348 2193 3667 2263 Dessau-rer

2088 2284 2244 2354 ἀνὴρ
2305 2284 2549 2353 Ἰσραὴλ
2601 2285 2670 2339 ἐκ
2726 2284 3046 2353 προσώπου
3089 2286 3461 2355 ἀλλοφύλων
3486 2326 3506 2349 ,
3574 2286 3665 2339 καὶ

2090 2375 2291 2447 πληγὴ
2320 2376 2553 2446 μεγάλη
2584 2376 2829 2448 γέγονεν
2846 2377 2917 2430 ἐν
2936 2377 3016 2444 τῷ
3041 2376 3187 2443 λαῷ,
3214 2377 3310 2431 καὶ
3332 2378 3665 2447 ἀμφότερα

2089 2471 2143 2522 ol
2168 2469 2429 2533 υίοίσου
2458 2467 2801 2535 τεθνήκασι,
2849 2469 2946 2523 καὶ
2995 2470 3033 2538 ἠ
3068 2469 3305 2536 κιϐωτὸς
3343 2469 3453 2524 τοῦ
3519 2470 3668 2525 Θεοῦ

2088 2561 2340 2629 ἐλήφθη.
2380 2559 2491 2614 Καὶ
2539 2560 2796 2630 ἐγένετο,
2822 2560 2903 2627 ὠς
2945 2560 3214 2630 ἐμνήσθη
3254 2560 3362 2630 τῆς
3398 2562 3667 2617 κιϐωτοῦ

2086 2653 2195 2707 τοῦ
2224 2651 2392 2716 Θεοῦ,
2432 2646 2531 2706 καὶ
2573 2651 2795 2707 ἔπεσεν
2821 2652 2939 2706 ἀπὸ
2979 2652 3087 2707 τοῦ
3120 2652 3329 2721 δίφρου
3365 2654 3668 2722 ὀπισθίοις

2086 2742 2370 2812 ἐχόμενος
2394 2742 2504 2811 τῆς
2534 2743 2751 2811 πύλης,
2796 2742 2893 2797 καὶ
2920 2744 3236 2813 συνετρίϐη
3274 2747 3306 2798 ό
3334 2742 3545 2811 νῶτος
3569 2745 3669 2800 αὑ-

2088 2830 2214 2896 τοῦ,
2261 2830 2358 2884 καὶ
2398 2830 2725 2887 ἀπέθανεν
2757 2831 2847 2885 ὅτι
2892 2834 3232 2901 πρεσϐύτης
3276 2836 3309 2887 ό
3341 2834 3665 2903 ἄνθρωπος

2086 2921 2184 2975 καὶ
2210 2921 2425 2990 βαρύς.
2454 2921 2566 2975 Kal
2601 2923 2805 2992 νύμφη
2837 2923 3021 2977 αὐτοῦ
3060 2923 3214 2992 γυνὴ
3262 2925 3466 2992 Φινεὲς
3510 2944 3663 2984 συν-

2087 3014 2368 3084 ειληςουῖα
2409 3013 2515 3068 τοῦ
2556 3016 2751 3069 τεκεῖν
2772 3026 2788 3046 δ
2833 3015 2931 3070 καὶ
2969 3014 3201 3084 ἤκουσε
3247 3015 3360 3086 τὴν
3387 3018 3663 3092 ἅπαντα-

2063 3108 2249 3172 λίαν,
2294 3106 2385 3162 ὅτι
2428 3107 2664 3178 ἐλήφθη
2690 3111 2730 3179 ἠ
2773 3110 3014 3177 κιϐωτὸς
3050 3110 3156 3165 τοῦ
3204 3110 3379 3176 Θεοῦ,
3414 3115 3538 3167 καὶ
3587 3116 3662 3169 ὅτι

417 3209 669 3271 tanquam
701 3210 881 3271 potens
897 3210 946 3255 et
963 3176 1279 3269 crapulatus'
1301 3219 1334 3255 a
1360 3203 1498 3258 vino.
1531 3201 1825 3270 Postquam
1856 3219 1984 3258 arca

2088 3197 2374 3266 τέθνηκεν
2416 3201 2450 3252 δ
2497 3176 2781 3268 πενθερὰ
2810 3176 3002 3268 αὐτῆς
3040 3200 3138 3254 καὶ
3171 3204 3204 3256 ό
3246 3201 3397 3270 ἀνὴρ
3435 3205 3661 3274 αὐτῆς,

415 3299 576 3362 capta
617 3291 721 3346 fuit
769 3293 840 3347 ab
879 3291 1186 3363 allophylis,
1220 3303 1275 3347 et
1310 3301 1601 3364 postquam
1643 3309 1807 3365 supra
1839 3295 1985 3350 dicta

414 3389 606 3438 contra
636 3383 894 3453 pupulum
934 3392 1086 3455 gesta
1131 3390 1282 3449 sunt,
1323 3399 1479 3439 suam
1513 3382 1658 3439 Deus
1696 3385 1986 3456 providen-

415 3474 547 3529 tiam
592 3482 1071 3542 commonstrans,
1117 3476 1378 3532 invisibili
1430 3478 1632 3534 virtute
1686 3479 1986 3550 allophyios

415 3568 645 3625 incessit
678 3574 732 3623 et
764 3567 1067 3623 ulciscitur.
1117 3568 1299 3635 Quare
1332 3567 1537 3643 dictum
1577 3576 1661 3624 est
1691 3587 1704 3623 :
1747 3567 1815 3622 Et
1847 3570 1987 3624 exci-

416 3670 557 3716 tatus
585 3671 662 3716 est
705 3670 955 3732 tanquam
992 3660 1260 3716 dormiens
1286 3659 1569 3723 Dominus,
1607 3669 1858 3730 tanquam
1886 3676 1985 3729 po-

415 3763 525 3809 tens
551 3765 602 3809 et
635 3753 941 3823 crapulatus
985 3769 1018 3806 a
1063 3753 1213 3815 vino;
1250 3752 1552 3809 secundum
1600 3749 1983 3822 Symmachum

413 3861 563 3912 vero,
601 3846 875 3916 Tanquam
918 3856 1100 3915 potens
1152 3845 1366 3914 loquens
1398 3859 1465 3899 ea:
1503 3844 1653 3907 vino;
1687 3843 1985 3899 secundum

416 3938 687 4008 Aquilam,
743 3938 1017 4010 Tanquam
1065 3948 1247 4007 potens
1276 3935 1580 4006 crapulatus
1604 3951 1670 3990 ea:
1697 3935 1836 3989 vino.
1881 3934 1984 3990 De-

416 4024 543 4080 inde
576 4026 815 4095 seipsum
849 4027 1118 4092 excitans,
1155 4025 1409 4082 inimicos
1443 4041 1575 4081 suos
1603 4025 1862 4094 percutit,
1902 4023 1986 4078 vi-

415 4116 610 4171 delicet
644 4118 736 4186 qui
767 4132 949 4172 arcam
991 4117 1302 4174 testamenti
1336 4124 1594 4188 ceperant
1643 4113 1830 4185 (Vnus.
1869 4114 1982 4185 66),

414 4216 470 4263 et
494 4208 727 4277 percutit
748 4223 843 4264 eos
864 4208 918 4263 in
948 4211 1270 4279 posteriora,
1295 4208 1498 4278 datque
1525 4207 1606 4263 eis
1632 4207 1984 4279 opprobrium

414 4299 827 4370 sempiternum.
875 4298 1158 4365 Quomodo
1191 4299 1522 4370 percusserit
1560 4313 1657 4355 eos
1697 4298 1771 4354 in'
1795 4306 1980 4370 poste-

416 4391 564 4445 riora
602 4390 830 4445 historia
860 4389 1122 4454 declarat,
1157 4405 1279 4461 quae
1311 4391 1393 4445 sic
1439 4390 1602 4445 habet
1629 4389 1685 4443 in
1715 4390 1893 4459 primo
1922 4389 1985 4443 li—

415 4482 515 4538 bro
564 4481 875 4553 Regnorum
896 4482 942 4513 “
971 4500 986 4536 :
1023 4481 1093 4535 Et
1123 4491 1411 4553 aggravata
1439 4490 1516 4536 est
1547 4497 1734 4535 manus
1767 4480 1982 4535 Domini
2013 4523 2058 4579 Β

415 4590 571 4645 super
598 4577 834 4640 Azotios,
872 4587 921 4632 et
956 4577 1142 4650 afﬂixit
1167 4593 1278 4642 eos,
1307 4586 1356 4632 ct
1391 4577 1650 4646 percussit
1681 4592 1769 4630 eos
1802 4576 1859 4629 in
1887 4591 1983 4643 po-

411 4668 617 4724 llicibus
639 4685 842 4735 eorum,
872 4670 1100 4724 Azotum
1125 4678 1176 4725 et
1202 4660 1331 4740 [iises
1360 4652 1506 4738 ejus;
1531 4675 1586 4724 et
1613 4683 1834 4723 rursum
1864 4686 1878 4722 :
1909 4667 1980 4722 Et

413 4762 678 4817 translata
725 4772 825 4826 est,
875 4763 1074 4833 inquit,
1124 4776 1251 4815 arca
1300 4760 1515 4815 Domini
1544 4777 1600 4814 ιιι
1631 4759 1894 4823 Gettham,
1928 4767 1978 4813 et

412 4853 613 4924 factum
638 4863 715 4908 est
748 4862 1024 4925 postquam
1066 4852 1335 4908 translata
1376 4861 1476 4917 est,
1509 4852 1654 4921 facta
1682 4861 1759 4906 est
1787 4867 1977 4905 manus

412 4947 632 5003 Domini
665 4948 718 5002 in
746 4947 892 5011 urbe,
924 4947 1231 5017 fortitudine
1256 4963 1449 5016 magna
1469 4942 1640 5000 valde.
1674 4942 1741 4998 Et
1765 4960 1977 5014 percus-

415 5044 483 5098 sit
513 5042 650 5097 viros
680 5040 827 5096 urbis
858 5059 891 5096 a
916 5056 1075 5111 parvo
1100 5057 1262 5112 usque
1291 5038 1360 5094 ad
1389 5055 1659 5109 magnum,
1687 5048 1738 5094 et
1764 5054 1978 5108 percus-

414 5137 485 5191 sit
510 5153 598 5192 eos
624 5137 684 5191 in
708 5135 980 5205 podicibus
1006 5150 1210 5190 eorum.
1243 5132 1314 5188 Et
1342 5133 1556 5187 mittunt
1587 5147 1767 5184 arcam
1794 5130 1892 5187 Dei
1921 5132 1978 5185 in

415 5227 727 5285 Ascalonem
768 5242 787 5281 :
825 5236 876 5282 et
919 5227 1278 5282 clamauerunt
1325 5223 1651 5278 Ascalonita
1699 5221 1927 5277 dicentes
1957 5237 1977 5276 :

418 5320 560 5386 Quid
611 5319 874 5375 avertistis
916 5332 1097 5371 arcam
1141 5315 1241 5371 Dei
1286 5314 1354 5371 ad
1395 5310 1811 5385 interﬁciendum
1838 5329 1931 5367 nos
1943 5312 1975 5368 7

418 5409 557 5483 hinc
596 5409 874 5482 subjungit
896 5429 916 5463 ιι
954 5408 1094 5475 Quia
1124 5406 1268 5477 facta
1315 5415 1392 5461 est
1432 5405 1672 5476 confusio
1708 5405 1891 5460 mortis
1920 5404 1975 5461 in

489 5566 528 5596 ιι
558 5563 575 5617 ι
604 5565 736 5636 Reg.
765 5581 817 5629 ν,
856 5563 979 5633 1,2.
1055 5562 1101 5594 ιι
1132 5560 1288 5626 ibid.,
1319 5559 1372 5615 s.

495 5743 572 5814 (l)
610 5740 670 5794 Id
701 5748 785 5795 est
816 5740 901 5795 sui
927 5745 1133 5806 partus.

2087 3290 2186 3344 καὶ
2233 3290 2499 3345 ἐκλαυσε
2553 3290 2651 3345 καὶ
2692 3290 2916 3354 ἔτεκεν,
2958 3291 3047 3345 ὅτι
3091 3292 3581 3364 ἐπεστράφησαν
3612 3301 3662 3351 al

2083 3378 2291 3445 ὠδῖνες
2317 3378 2505 3448 αὐτῆς
2534 3381 2627 3434 ἐπ’
2654 3380 2875 3448 αὐτήν·
2910 3381 3009 3437 καὶ
3044 3383 3115 3437 ἐν
3142 3379 3221 3448 τῷ
3258 3384 3436 3453 καιρῷ
3463 3386 3663 3458 αὐτῆς

2084 3471 2472 3539 ἀποθνήσκει.
2495 3473 2607 3527 Kal
2631 3469 2810 3528 εἶπαν
2836 3473 2992 3544 αὐτῇ
3019 3479 3078 3528 al
3103 3475 3381 3543 γυναῖκες
3400 3479 3463 3530 al
3513 3494 3661 3549 παρ-

2083 3562 2394 3631 εστηκυῖαι
2435 3561 2622 3632 αὐτῇ·
2662 3563 2759 3633 Μὴ
2800 3564 3009 3632 φοϐοῦ,
3056 3564 3145 3618 ὅτι
3194 3564 3325 3619 υἱὸν
3370 3565 3659 3634 τέτοκαςο

2085 3653 2183 3707 καὶ
2227 3656 2339 3708 οὐκ
2386 3654 2673 3722 ἀπεκρίθη
2692 3695 2708 3720 ,
2753 3654 2854 3709 καὶ
2897 3657 3010 3710 οὐκ
3051 3655 3310 3724 ἐνόησεν
3349 3655 3391 3724 ἠ
3438 3659 3663 3727 καρδία

2084 3748 2292 3817 αὐτῆς.
2325 3748 2434 3802 Καὶ
2465 3748 2591 3820 ἑξῆς
2622 3748 2929 3818 ὲπιλέγεται
2959 3748 3167 3814 τούτοις
3186 3765 3201 3778 ·
3233 3749 3343 3804 Kal
3387 3750 3662 3822 ἀλλόφυ-

2083 3845 2180 3896 λοι
2219 3842 2440 3896 ἕλαϐον
2475 3841 2589 3909 τὴν
2632 3842 2878 3896 κιϐωτὸν
2908 3841 3014 3896 τοῦ
3060 3842 3228 3908 Θεοῦ,
3251 3842 3351 3896 καὶ
3381 3844 3661 3917 εἰσήγετ-

2085 3952 2202 3992 καν
2250 3935 2445 4003 αὐτὴν
2482 3937 2571 4001 εις
2599 3934 2862 3995 Ἄζωτον.
2901 3933 3014 3988 Kal
3041 3933 3259 3989 ἔλαϐον
3294 3938 3349 3990 ol
3378 3936 3657 4006 ἀλλόφυ-

2083 4029 2182 4081 λοι
2216 4025 2331 4093 τὴν
2374 4025 2620 4080 κιϐωτὸν
2652 4025 2893 4094 Κυρίου,
2933 4024 3032 4079 καὶ
3067 4024 3429 4096 εἰσήνεγκαν
3454 4027 3658 4095 αὐτὴν

2083 4121 2171 4187 εὶς
2211 4115 2381 4173 οἷκον
2418 4118 2638 4189 Δαγὼν.
2683 4117 2898 4172 Τούτων
2942 4118 3008 4189 δὴ
3057 4120 3273 4173 πάντων
3302 4119 3655 4193 ἐπιτέμνεται

2083 4211 2184 4283 τὴν
2215 4212 2429 4283 μνήμην
2455 4213 2484 4264 ὁ
2517 4209 2707 4283 παρὼν
2729 4209 2903 4278 λόγος,
2936 4210 3029 4263 καὶ
3066 4209 3337 4279 ἐπιλέγει-
3373 4212 3487 4266 Kal
3529 4213 3653 4279 ἐξη-

2082 4303 2260 4374 γέρθη
2302 4304 2384 4370 ὡς
2423 4306 2457 4358 ό
2494 4301 2703 4357 ὑπνῶν
2743 4303 2977 4371 Κύριος,
3017 4303 3097 4370 ὡς
3127 4302 3385 4372 δυνατὸς
3418 4305 3525 4359 καὶ
3570 4321 3654 4359 κε-

2083 4393 2502 4463 κραιπαληκὼς
2527 4394 2596 4460 ἐξ
2627 4395 2813 4449 οἴνου.
2847 4395 3000 4449 Μετά
3043 4395 3103 4448 τὸ
3135 4394 3403 4466 ληφθῆναι
3438 4399 3546 4468 τὴν
3574 4416 3653 4451 κι-

2083 4486 2254 4541 ϐωτὸν
2285 4485 2390 4540 ὑπὸ
2430 4486 2538 4540 τῶν
2569 4485 2899 4554 ἀλλοφύλων,
2930 4487 3025 4539 καὶ
3059 4487 3194 4558 μετὰ
3237 4487 3298 4540 τὸ
3339 4488 3651 4559 πραχθῆναι

2085 4579 2156 4633 τὰ
2186 4579 2592 4652 προλελεγμένα
2618 4579 2759 4634 κατὰ
2783 4578 2877 4632 τοῦ
2904 4578 3056 4642 λαοῦ,
3083 4577 3180 4646 τὴν
3209 4579 3518 4651 ἐπισκοπὴν
3558 4580 3650 4632 αὐ-

2083 4673 2179 4728 τοῦ
2224 4673 2436 4738 δεικνὺς
2482 4673 2512 4725 ὁ
2563 4670 2694 4735 Θεὸς
2714 4712 2728 4735 ,
2781 4670 3097 4743 μετέρχεται
3146 4673 3269 4734 τοὺς
3323 4670 3650 4741 samem;

2083 4765 2298 4837 ἀοράτῳ
2328 4763 2551 4835 δυνάμει
2580 4764 2820 4829 κολάζων
2850 4762 3065 4827 αὐτούς.
3101 4763 3191 4816 Διὸ
3224 4762 3474 4817 λέλεκται
3494 4782 3508 4794 ι
3544 4763 3646 4818 Kal

2082 4855 2368 4926 ἐξηγέρθη
2393 4855 2473 4921 ὡς
2497 4859 2531 4909 d
2554 4854 2762 4910 ὑπνῶν
2785 4855 3019 4923 Κύριος,
3038 4855 3120 4920 ὡς
3141 4854 3401 4920 δυνατὸς
3426 4870 3647 4923 κεκραι·

2083 4943 2366 5013 παληκὼς
2414 4943 2486 5008 ἐξ
2528 4943 2732 4998 οἴνου·
2769 4945 2910 4999 κατὰ
2952 4942 3011 4998 δὲ
3053 4944 3145 4999 τὸν
3192 4944 3507 5016 Σύμμαχον,
3557 4944 3645 5009 Ὡς

2080 5037 2338 5103 δυνατὸς
2357 5036 2658 5092 διαλαλῶν
2688 5037 2759 5102 ἐξ
2780 5037 2979 5092 οινου’
3006 5035 3152 5092 κατά
3177 5037 3234 5092 δὲ
3267 5039 3359 5092 τὸν
3399 5037 3642 5102 Ἀκύλαν,

2091 5126 2187 5197 Ὦς
2222 5128 2479 5196 δυνατὸς
2521 5128 3012 5198 κεκραιπαληκὼς
3053 5131 3125 5196 ἐξ
3155 5131 3345 5186 οινου.
3374 5127 3501 5186 Εἶτα
3541 5130 3646 5184 διε-

2081 5223 2273 5295 γείρας
2314 5223 2474 5286 αὐτὸς
2506 5222 2718 5286 ἑαυτὸν,
2753 5222 3020 5277 πατάσσει
3048 5225 3175 5288 τοὺς
3207 5223 3431 5297 ἑχθροὺς
3456 5221 3639 5285 αὐτοῦ,

2079 5312 2278 5385 δηλαδὴ
2311 5312 2434 5376 τοὺς
2476 5312 2577 5384 τὴν
2623 5312 2851 5367 κιβωτὸν
2889 5313 2992 5383 τῆς
3033 5313 3307 5384 Διαθήκης
3347 5309 3640 5366 ἀπολαῦόν-

2078 5420 2208 5469 ear
2262 5402 2357 5457 καὶ
2389 5405 2653 5460 πατάσσει
2700 5404 2896 5470 αὐτοὺς
2923 5403 3003 5468 εἰς
3036 5403 3107 5458 τὰ
3134 5403 3327 5472 ὀπίσω,
3366 5400 3545 5458 δίδωσί
3580 5415 3637 5452 τι
