3798 6282
216 308 308 364 957

1314 301 1814 359 COMMENTARIA
1855 299 1923 356 IN
1963 299 2302 357 PSALMOS.

3333 303 3444 362 938

211 423 375 484 αὐτοῖς
403 418 595 483 ὄνειδος
626 418 860 475 αἰώνιον.
897 421 1018 484 Πῶς
1048 421 1104 474 δὲ
1146 421 1222 484 είς
1254 423 1322 475 τὰ
1347 422 1521 474 ὀπίσω
1563 421 1758 476 ὲπὰτα-

1862 429 1972 473 tota
1995 425 2122 473 urbe
2143 421 2320 489 gravis
2360 419 2531 484 ualde,
2573 431 2626 474 ut
2663 421 2879 475 intravit
2905 437 3030 474 arca
3069 419 3165 472 Dei
3198 418 3360 473 illuc:
3391 431 3442 475 et

212 514 290 580 ξεν
317 510 522 573 αὐτοὺς,
557 508 796 564 διδάσκει
841 512 876 580 ἡ
915 510 1126 581 ἱστορία
1167 509 1357 565 τοῦτον
1391 514 1448 563 ὲν
1476 513 1543 581 τῇ
1572 509 1766 581 πρώτῃ

208 604 306 658 τῶν
344 601 631 656 Βασιλειῶν
679 601 876 672 ἔχουσα
919 601 1011 656 τδν
1059 602 1257 674 τρόπον
1277 619 1290 633 ·
1332 602 1440 655 Kal
1472 602 1764 670 ἐϐαρύνθη

207 695 322 766 χεὶρ
351 693 563 761 Κυρίου
587 693 688 746 ἐπὶ
727 694 870 761 τοὺς
911 692 1228 761 Ἀζωτιους,
1258 694 1356 747 καί
1402 692 1767 748 ἐϐασάνισεν

203 784 426 849 αὐτοὺς,
465 783 563 837 καί
604 783 903 848 ἐπάταξεν
931 783 1154 850 αὐτοὺς
1184 786 1272 850 είς
1304 784 1411 850 τὰς
1441 783 1618 852 ἕδρας
1654 785 1764 837 αὐ-

202 875 325 939 τῶν,
359 873 471 941 τὴν
500 873 743 934 Ἄζωτον
772 875 872 930 καὶ
904 875 978 930 τὰ
1009 875 1142 944 ὅρια
1183 874 1373 944 αὐτῆς
1394 892 1408 906 ο
1447 875 1541 929 καὶ
1574 870 1728 937 αὖθις
1748 890 1762 904 ο

197 965 302 1023 Kal
337 962 614 1034 μετῆλθε,
659 967 844 1036 φησὶν,
882 966 921 1034 ἡ
965 966 1212 1032 κιϐωτὸς
1254 966 1360 1020 τοῦ
1403 966 1627 1033 Κυρίου
1677 967 1765 1030 είς

197 1057 392 1114 Γεθθά.
426 1056 539 1112 Kal
568 1057 802 1125 ἐγένετο
818 1059 970 1128 μετὰ
998 1058 1065 1111 τὸ
1088 1058 1399 1128 μετελθεῖν
1425 1057 1640 1126 αὐτὴν,
1666 1057 1764 1110 καὶ

195 1150 403 1220 γίνεται
453 1148 585 1216 χείρ
632 1150 851 1217 Κυρίου
896 1150 967 1203 ἐν
1013 1148 1090 1219 τῇ
1133 1152 1305 1204 πόλει
1358 1149 1573 1218 κράτος
1609 1149 1765 1219 μέγα

194 1240 435 1310 σφόδρα.
483 1239 594 1292 Kal
632 1240 892 1304 ἐπάταξε
933 1241 1076 1306 τοὺς
1115 1242 1340 1309 ἄνδρας
1377 1240 1489 1310 τῆς
1531 1243 1763 1308 πόλεως

193 1330 301 1385 ἀπὸ
338 1328 553 1399 μικροῦ
580 1329 691 1395 ἕως
726 1329 1015 1400 μεγάλου.
1066 1330 1164 1384 καί
1199 1330 1498 1394 ἐπάταξεν
1541 1331 1764 1398 αὐτοὺς

190 1426 270 1488 εἰς
306 1421 409 1486 τὰς
456 1421 635 1489 ἕδρας
677 1422 893 1476 αὐτῶν.
928 1423 1037 1477 Kal
1076 1422 1602 1487 ἐξαποστέλλουσι
1647 1421 1765 1490 τὴν

1867 508 2088 562 viventes
2139 517 2188 560 et
2229 508 2424 560 mortui
2467 509 2703 576 percussi
2751 518 2902 561 erant
2944 509 2997 560 in
3043 507 3348 576 podicibus;
3391 515 3443 562 et

1867 600 2101 656 ascendit
2154 601 2358 655 clamor
2396 599 2544 654 urbis
2590 603 2646 653 in
2687 601 2894 654 caelum.
2941 599 3066 656 Ideo
3103 601 3156 655 in
3189 601 3444 672 praesenti

1866 692 2076 760 psalmo
2122 692 2328 746 dictum
2375 697 2505 745 est:
2537 689 2605 743 Et
2642 692 2899 758 percussit
2942 692 3184 746 inimicos
3230 708 3355 745 suos
3390 691 3445 745 in

1865 784 2180 850 posteriora,
2229 783 2565 850 opprobrium
2613 782 2986 850 sempiternum
3034 782 3176 836 dedit
3203 784 3300 840 eis.
3329 781 3458 853 0pm

1867 874 2146 944 probrium
2180 875 2382 945 quippe
2417 880 2538 930 erat
2580 875 2636 928 in
2672 873 2960 943 podicibus
2998 889 3292 944 percussos
3319 875 3443 930 illos

1866 965 2058 1030 fuisse,
2111 975 2299 1036 utpote
2342 965 2436 1036 qui
2475 965 2542 1021 iis
2582 965 2636 1020 in
2673 965 2922 1034 partibus
2959 965 3146 1020 lascivi
3181 965 3440 1022 fuissent.

1865 1057 2120 1114 Inimicos
2153 1061 2374 1130 quidem
2406 1074 2536 1114 suos
2584 1059 2666 1114 sic
2706 1059 2854 1114 ultus
2881 1067 3000 1125 est;
3037 1060 3287 1128 proprios
3313 1075 3444 1116 vero

1865 1153 1971 1208 sibi
2006 1153 2115 1207 alio
2166 1154 2331 1208 modo
2365 1153 2677 1222 castigavit.
2728 1136 2912 1218 Quare
2960 1153 3168 1207 dictum
3220 1163 3444 1210 est:—

1868 1244 2030 1300 Vens.
2057 1246 2149 1298 67.
2185 1244 2250 1297 Et
2277 1246 2468 1313 repulit
2502 1244 2898 1298 tabernaculum
2919 1235 3134 1312 Joseplt.
3156 1243 3442 1309 Quodnam

1866 1337 1997 1391 illud
2031 1337 2134 1394 nisi
2168 1336 2380 1391 Silom?
2417 1336 2547 1392 Erat
2577 1337 2721 1391 enim
2756 1351 2818 1391 ea
2855 1351 2922 1391 ex
2953 1345 3103 1392 sorte
3141 1331 3397 1407 Ephraim
3427 1356 3440 1390 :

1869 1428 2127 1499 Ephraim
2156 1439 2336 1485 autem
2374 1430 2516 1485 [ilius
2546 1428 2744 1497 Ioseph
2779 1437 2914 1483 erat.
2951 1428 3078 1483 Ideo
3112 1429 3339 1486 subdit:
3373 1428 3444 1482 Et

191 1512 428 1568 κιϐωτὸν
469 1513 576 1566 τοῦ
618 1514 766 1569 Θεοῦ
798 1517 886 1581 είς
933 1514 1274 1568 Ἀσκάλωνα
1296 1530 1307 1542 ·
1357 1514 1458 1568 καί
1498 1515 1762 1582 ἐϐόησαν

187 1608 236 1660 οί
276 1605 693 1660 Ἀσκαλωνῖται
737 1607 1019 1676 λέγοντες
1038 1623 1051 1635 ⁶
1094 1608 1154 1662 Τί
1186 1607 1604 1674 ἀπεστρέψατε
1647 1605 1761 1674 τὴν

187 1699 420 1751 κιϐωτὸν
458 1697 567 1752 τοῦ
598 1699 745 1754 Θεοῦ
789 1701 1126 1756 θανατῶσαι
1157 1697 1346 1769 ἡμᾶς;
1379 1702 1488 1754 Καὶ
1519 1700 1758 1768 ἐπιλέγει

1861 1705 2042 1758 culum
2066 1702 2267 1772 .loseph
2294 1703 2447 1772 prius
2477 1701 2753 1760 alfecisset
2777 1704 3012 1760 honore.
3041 1703 3220 1771 Quare
3270 1705 3439 1760 Silom

183 1791 327 1860 ἑξῆς·
369 1792 492 1845 Ὅτι
527 1791 780 1861 ἐγενήθη
815 1792 1118 1862 σύγχυσις
1147 1793 1406 1846 θανάτου
1441 1793 1511 1846 ἐν
1541 1791 1655 1860 ὅλῃ
1680 1791 1755 1860 τῇ

1860 1797 1914 1849 in
1948 1803 2246 1850 extremam
2277 1794 2626 1849 solitudinem
2659 1795 2880 1850 redacta
2907 1804 3014 1851 est.
3040 1793 3110 1850 Iis
3128 1811 3259 1851 vero
3281 1797 3444 1852 docet

183 1884 343 1936 πόλει
363 1882 581 1950 βαρεῖα
605 1883 862 1952 σφόδρα,
887 1884 968 1950 ὠς
994 1883 1284 1952 εἰσῆλθεν
1314 1885 1354 1952 η
1384 1885 1628 1950 κιϐωτὸς
1649 1883 1756 1936 τοῦ

1861 1887 2110 1956 exemplo
2164 1886 2311 1941 illius
2360 1885 2554 1950 Silnm,
2603 1893 2663 1940 ut
2709 1902 2778 1942 ne
2807 1887 2976 1941 altum
3015 1888 3231 1957 sapiant
3257 1889 3352 1958 qui
3383 1890 3440 1943 in

181 1974 321 2028 Θεοῦ
366 1975 527 2028 ἐκεῖ·
581 1975 682 2029 καὶ
733 1979 787 2030 οἱ
834 1975 1043 2044 ζῶντες
1092 1975 1192 2030 καὶ
1241 1980 1296 2031 οἱ
1349 1977 1758 2044 ἀποθανόντες

1859 1973 2161 2030 Jerusalem
2207 1976 2477 2042 habitant,
2523 1977 2669 2048 quod
2715 1978 3128 2034 tabernaculum
3160 1987 3216 2033 et
3254 1993 3436 2032 arcem

177 2064 573 2134 ἑπλήχθησαν
603 2070 690 2132 είς
716 2069 821 2132 τὰς
843 2066 1021 2135 ἕδρας
1042 2084 1056 2096 ·
1097 2068 1197 2121 καὶ
1236 2068 1420 2136 ἀνέϐη
1454 2069 1493 2135 ἡ
1526 2067 1756 2135 κραυγὴ

1860 2068 2172 2137 acceperint
2203 2085 2216 2122 :
2247 2067 2450 2136 quippe
2480 2067 2678 2122 similia
2709 2069 2903 2138 primis
2928 2068 3296 2140 passuri,-nisi
3329 2069 3440 2124 Deo

180 2152 285 2221 τῆς
299 2156 535 2222 πόλεως
550 2159 637 2223 είς
662 2158 768 2211 τὸν
794 2159 1076 2226 οὐρανόν.
1101 2159 1199 2212 Διὰ
1222 2159 1287 2229 δὴ
1313 2158 1484 2214 ταῦτα
1512 2159 1760 2214 λέλεκται

1861 2158 2011 2228 digni
2037 2157 2364 2223 eﬂiciantur,
2403 2159 2548 2230 quod
2588 2175 2722 2214 sane
2751 2161 3001 2230 sequenti
3031 2169 3275 2230 tempore
3307 2177 3442 2215 con-

177 2246 230 2296 ἐν
257 2245 334 2314 τῷ
368 2246 601 2319 παρόντι
630 2247 858 2320 ψαλμῷ·
896 2250 1005 2303 Καὶ
1045 2249 1306 2314 ἐπάταξε
1335 2249 1477 2317 τοὺς
1508 2250 1760 2319 ἐχθροὺς
1864 2251 2005 2320 tigit.

173 2337 348 2391 αὐτοῦ
385 2340 477 2404 εις
515 2340 588 2392 τὰ
613 2341 837 2394 ὀπίσω’
868 2340 1098 2407 ὄνειδος
1157 2342 1399 2396 αἰώνιον
1458 2341 1683 2396 ἔδωκεν
1741 2341 1964 2408 αὐτοῖς.
2006 2343 2246 2405 Ὄνειδος
2296 2343 2403 2414 γὰρ
2438 2340 2507 2414 ἦν
2573 2343 2634 2396 τὸ
2681 2346 2738 2396 ἐν
2771 2361 2892 2407 ταις
2939 2349 3124 2416 εδΡαις
3166 2345 3441 2418 πληγῆναι

173 2433 381 2497 αὐτοὺς,
417 2435 499 2498 ὡς
563 2435 630 2490 ἂν
664 2437 1145 2503 ἀκολασταίνοντας
1190 2441 1248 2492 ἐν
1311 2439 1538 2502 ἐκείνοις
1573 2441 1686 2502 τοῖς
1725 2439 1936 2512 μέρεσι.
2006 2440 2146 2503 Τοὺς
2195 2440 2296 2509 μὲν
2344 2439 2570 2511 ἐχθροὺς
2611 2438 2786 2503 οὕτως
2835 2442 3245 2512 ἐτιμωρήσατοο
3314 2444 3442 2505 τοὺς

169 2525 224 2577 δὲ
259 2528 495 2592 οἰκείους
565 2529 736 2602 ἑτέρῳ
772 2532 1090 2603 μετήρχετο.
1124 2533 1216 2586 Διὸ
1262 2534 1475 2607 εἴρητο’
1502 2533 1613 2588 Καὶ
1675 2532 1957 2588 ἀπώσατο
2005 2533 2072 2588 τὸ
2111 2533 2403 2603 σκήνωμα
2475 2532 2705 2600 Ἰωσήφ.
2755 2533 2929 2586 Ποῖον
2949 2533 3007 2586 δὲ
3047 2531 3206 2586 τοῦτο
3256 2533 3372 2587 ἀλλ’
3404 2535 3440 2604 ἢ

169 2619 263 2690 τὴν
288 2620 494 2699 Σηὶ-ώμ
516 2639 532 2688 ;
555 2619 662 2676 Ἦν
683 2625 791 2696 γὰρ
817 2625 952 2697 αὑτὴ
977 2627 1077 2696 τῆς
1104 2627 1466 2698 κληρονομίας
1515 2626 1785 2698 Ἐφραῒμ·
1836 2627 2074 2701 Ἐφραῒμ
2106 2627 2161 2681 δὲ
2211 2627 2304 2680 τοῦ
2345 2627 2543 2697 Ἰωσὴφ
2610 2625 2723 2689 υἱὸς
2752 2621 2842 2698 ἦν.
2877 2625 2969 2679 Διὸ
3013 2625 3292 2696 ἐπιλέγει·
3328 2625 3443 2679 Kal

166 2715 449 2771 ἀπώσατο
527 2719 595 2772 τὸ
634 2719 922 2790 σκήνωμα
967 2722 1186 2791 Ἰωσὴφ
1208 2761 1224 2784 ,
1275 2722 1372 2776 καὶ
1423 2721 1539 2791 τὴν
1579 2723 1786 2792 φυλὴν
1835 2724 2079 2793 Ἐφραῖμ
2129 2725 2240 2776 οὐκ
2330 2721 2650 2787 ἐξελέξατο
2673 2737 2688 2753 ο
2739 2720 2944 2791 καίπερ
2997 2719 3168 2789 αὐτὴν
3215 2719 3444 2790 πρώτην

168 2807 550 2878 ἐκλεξάμενος,
585 2813 676 2864 καὶ
718 2811 778 2864 τὸ
815 2815 1074 2883 σκήνωμα
1112 2813 1312 2884 Ἰωσὴφ
1342 2814 1558 2885 πρῶτον
1616 2818 1875 2886 τιμήσας.
1897 2815 1988 2868 Διὸ
2021 2817 2116 2869 καὶ
2144 2816 2178 2885 ἡ
2208 2813 2408 2885 Σηλὼμ
2465 2815 2546 2876 είς
2582 2811 2819 2883 ἐσχάτην
2880 2811 3116 2882 ἐρημίαν
3175 2811 3436 2882 κατέστη.

167 2898 419 2953 Παιδεύει
440 2901 501 2953 δὲ
523 2901 613 2955 διὰ
648 2903 852 2958 τούτων
879 2907 908 2958 ό
936 2905 1091 2974 λόγος
1153 2905 1240 2959 διὰ
1272 2905 1365 2959 τοῦ
1432 2907 1878 2978 παραδείγματος
1937 2909 2036 2979 τῆς
2080 2907 2279 2979 Σηλὼμ
2327 2907 2403 2978 μὴ
2475 2906 2616 2976 μέγα
2648 2907 2864 2975 φρονεῖν
2895 2903 3021 2966 τοὺς
3049 2905 3107 2956 ὲν
3135 2905 3203 2973 τῇ
3242 2903 3443 2972 Ἰερου-

167 2992 364 3064 σαλὴμ,
394 2995 500 3066 τὴν
527 2998 731 3069 σκηνὴν
761 2999 854 3052 καὶ
887 3001 986 3070 τὴν
1022 3000 1250 3053 κιϐωτὸν
1314 2999 1772 3072 ὑποδεξαμένους·
1814 3002 2096 3057 πείσεσθαι
2140 3003 2250 3074 γὰρ
2297 3001 2366 3055 τὰ
2407 3001 2569 3071 ὃμοια
2608 3000 2720 3060 τοῖς
2761 2995 3020 3067 πρώτοις,
3064 2996 3114 3048 εἰ
3161 2993 3236 3065 μὴ
3299 2992 3440 3057 ἄξιοι

162 3084 395 3153 γίνοιντο
445 3089 546 3142 τοῦ
597 3090 732 3143 Θεοῦ
753 3108 778 3127 σ
801 3091 831 3144 ὃ
871 3093 935 3164 δὴ
982 3095 1075 3146 καὶ
1125 3093 1305 3163 ἀπέϐη
1349 3095 1406 3146 ὲν
1438 3097 1550 3156 τοῖς
1607 3095 1746 3165 μετὰ
1782 3095 1953 3150 ταῦτα
1986 3095 2217 3167 χρόνοις,

227 3209 337 3261 Kal
372 3207 700 3273 ἐξελέξατο
729 3209 844 3278 τὴν
874 3211 1081 3280 φυλὴν
1107 3211 1314 3276 Ἰούδα,
1340 3213 1406 3265 τὸ
1436 3212 1571 3281 ὄρος
1604 3213 1754 3266 Σιὼν

1926 3213 2093 3269 Vens.
2141 3212 2231 3275 68,
2279 3211 2369 3266 G9.
2429 3209 2498 3263 Et
2537 3209 2690 3279 elegit
2741 3206 2935 3260 tribum
2976 3203 3157 3268 Juda,
3207 3211 3437 3255 montem

159 3296 191 3349 ὃ
215 3297 530 3368 ἠγάπησε.
565 3302 674 3355 Kal
712 3302 1098 3372 ᾠκοδόμησεν
1126 3307 1206 3372 ὠς
1227 3305 1649 3374 μονοκερώτων
1684 3307 1750 3358 τὸ

1858 3306 2010 3367 Sion,
2061 3323 2214 3370 quem
2257 3303 2462 3358 dilexit.
2511 3300 2580 3354 Et
2611 3299 2898 3368 a'diﬁcavit
2935 3297 3071 3350 sicut
3102 3295 3439 3348 unicornium

1863 1521 2054 1589 repulit
2081 1519 2479 1574 tabernaculum
2506 1518 2720 1588 Joseplt.
2751 1527 2800 1573 et
2832 1519 3023 1573 tribum
3057 1519 3310 1586 Ephraim
3339 1536 3444 1574 non

1862 1612 2052 1680 elegit;
2099 1611 2314 1665 etiamsi
2355 1611 2591 1681 primum
2635 1625 2756 1665 eam
2800 1611 3073 1682 elegisset,
3106 1621 3162 1667 et
3187 1610 3428 1666 taberna-

160 3387 430 3458 ἁγίασμα
470 3391 659 3445 αὐτοῦ
683 3393 754 3445 ἐν
778 3392 853 3465 τῇ
885 3393 983 3464 γῇ,
1023 3396 1419 3464 ἐθεμελίωσεν
1443 3394 1638 3463 αὐτὴν
1665 3398 1754 3461 εις

154 3480 262 3534 τὸν
292 3483 513 3538 αἰῶνα.
547 3483 723 3554 Φυλὴν
765 3485 862 3555 μὲν
904 3485 1075 3556 φυλῆς
1109 3485 1622 3557 ἀντικατηλΜξατο,
1654 3486 1752 3558 τὴν

156 3573 330 3644 φυλὴν
347 3576 615 3646 Βενιαμὶν
638 3577 758 3630 ἀντὶ
783 3576 882 3646 τῆς
907 3577 1078 3648 φυλῆς
1111 3579 1308 3649 Ἰωσήφ
1324 3597 1337 3609 ·
1373 3579 1470 3631 καὶ
1498 3578 1661 3631 τόπον
1693 3579 1750 3631 δὲ

151 3665 274 3718 ἀντὶ
296 3665 475 3720 τόπου
512 3666 714 3730 εἵλατο,
749 3667 847 3737 τῆς
869 3668 1067 3739 Σηλὼμ
1103 3669 1202 3740 τὴν
1236 3671 1300 3723 ἰε
1312 3669 1590 3740 ρουσαλὴμ
1617 3687 1751 3741 προ-

152 3759 349 3828 κρίνας
373 3777 390 3790 ’
424 3760 565 3813 ἀλλὰ
592 3761 686 3814 καὶ
723 3760 847 3832 ὅρος
881 3762 999 3814 ἀντὶ
1031 3762 1190 3832 ὄρους
1213 3763 1488 3831 ἠγάπησε,
1525 3761 1587 3814 τὸ
1614 3760 1750 3814 Σιὼν

145 3848 354 3920 δηλαδὴ
399 3851 528 3904 ἀντὶ
579 3850 670 3903 τοῦ
704 3851 864 3923 ὅρους
912 3851 1006 3903 τοῦ
1055 3853 1112 3904 ὲν
1146 3851 1364 3923 Σηλώμ.
1414 3849 1552 3905 Εἶτά
1584 3868 1748 3921 φησι·

149 3941 256 3993 Kal
297 3941 701 4011 ᾠκοδόμησεν
749 3943 832 4008 ὡς
882 3941 1305 4010 μονοκερώτων
1359 3943 1426 3996 τὸ
1489 3943 1754 4011 ἁγίασμα

145 4033 340 4086 αὑτοῦ
362 4050 377 4062 ·
421 4032 566 4086 κατὰ
612 4032 670 4086 δὲ
718 4033 810 4085 τὸν
868 4032 1096 4085 Ἀκύλαν
1121 4072 1136 4096 ,
1198 4033 1306 4087 Kal
1361 4031 1753 4100 ᾠκοδόμησεν

145 4125 372 4192 ὁμοίως
395 4124 667 4193 ὑψηλοῖς
695 4125 962 4195 ἀγίασμα
987 4123 1173 4178 αὐτοῦ
1191 4142 1205 4154 '
1238 4123 1380 4178 κατὰ
1409 4123 1466 4176 δὲ
1489 4124 1579 4176 τὸν
1602 4123 1749 4192 Σύμ-

145 4233 350 4286 μαχον,
386 4214 505 4269 Kal
532 4215 922 4285 ᾠκοδόμησεν
949 4216 1031 4281 ὠς
1052 4213 1124 4268 τὰ
1153 4214 1365 4282 ὑψηλὰ
1395 4212 1463 4267 τὸ
1485 4213 1753 4282 ἁγίασμα

143 4307 364 4360 αὐτοῦ.
419 4307 654 4377 Ὁμοίως
685 4303 778 4361 οὖν
812 4307 1036 4379 ὑψηλοῖς
1069 4307 1164 4360 καὶ
1203 4307 1281 4370 ὡς
1302 4305 1373 4359 τὰ
1405 4305 1514 4378 ὕψη
1546 4305 1749 4376 ᾠκοδό-

143 4411 291 4465 μησε
317 4395 389 4449 τὸ
417 4397 668 4468 ἁγίασμα
697 4395 886 4451 αὑτοῦ.
925 4396 1261 4466 Ἀναπέμπει
1294 4397 1338 4450 δ’
1362 4398 1508 4467 ἡμᾶς
1539 4399 1567 4449 ό
1593 4395 1751 4464 λόγος

141 4487 223 4549 είς
257 4489 409 4557 βαθὺ
445 4489 538 4542 καὶ
571 4490 882 4562 ἀπόρρητον
920 4488 1066 4556 νοῦν,
1109 4488 1402 4553 διδάσκων,
1429 4488 1505 4552 ὡς
1554 4487 1617 4541 τὸ
1654 4487 1750 4541 ἐπὶ

1854 3401 2208 3470 sancti/icium
2249 3415 2404 3453 suum
2442 3399 2496 3452 iu
2531 3407 2695 3457 terra,
2739 3394 2982 3464 fundavit
3010 3410 3126 3447 eam
3164 3392 3220 3445 in
3263 3406 3438 3444 sa'cu-

1854 3493 1988 3549 lum.
2013 3491 2240 3546 Tribum
2287 3506 2388 3561 pro
2423 3490 2567 3545 tribu
2600 3487 2978 3550 commutavit,
3004 3485 3208 3539 tribum
3237 3482 3436 3548 Benja-

1854 3587 1966 3640 min
1991 3601 2089 3657 pro
2112 3585 2256 3638 tribu
2278 3582 2478 3653 .Ioseph
2504 3602 2517 3636 :
2541 3589 2595 3637 et
2629 3581 2806 3634 locum
2833 3592 2932 3647 pro
2950 3577 3069 3630 loco
3085 3573 3282 3644 elegit;
3305 3573 3436 3627 Hie-

1853 3679 2188 3748 rosolymam
2235 3673 2350 3729 Silo
2398 3684 2772 3742 anteponens;
2819 3670 2928 3722 imo
2976 3667 3139 3721 etiam
3193 3672 3430 3718 montem

1854 3785 1954 3840 pro
1988 3776 2173 3822 monte
2197 3765 2408 3828 dilexit,
2443 3763 2574 3818 Sion
2606 3760 2880 3822 videlicet,
2909 3772 3008 3827 pro
3033 3762 3219 3810 monte
3252 3755 3346 3840 qui
3376 3755 3431 3808 in

1855 3839 1971 3906 Silo
2007 3859 2146 3906 erat.
2197 3849 2399 3903 Deinde
2456 3844 2667 3900 aitzEt
2707 3841 2991 3910 cedi/ienuit
3038 3840 3173 3893 sicut
3220 3839 3436 3890 unicor-

1855 3945 2002 3997 nium
2047 3940 2404 4010 sancti/icium
2437 3951 2631 3998 suum;
2661 3931 2962 3990 secundum
3005 3929 3254 4000 Aquilam
3280 3943 3433 3991 vero,

1855 4035 1924 4090 Et
1955 4033 2236 4103 wdiﬁcavit
2277 4030 2450 4084 simile
2492 4027 2714 4082 excelsis
2745 4023 3100 4093 sanctiﬁcium
3125 4014 3316 4084 suum;
3345 4035 3437 4075 se-

1854 4127 2094 4182 cundum
2145 4120 2536 4194 Symmachum
2587 4128 2791 4180 autem,
2836 4114 2903 4168 Et
2935 4113 3216 4178 a'dilicbvit
3246 4121 3301 4164 ut
3333 4127 3433 4167 ex—

1855 4219 1995 4273 celsa
2024 4213 2380 4284 sanctiﬁcium
2413 4226 2590 4265 suum.
2636 4207 3013 4262 Sanctiﬁcium
3045 4206 3230 4273 itaque
3265 4214 3428 4257 Suum

1855 4309 2034 4365 simile
2071 4303 2328 4364 excelsis,
2363 4312 2458 4355 aut
2491 4307 2552 4354 ut
2581 4299 2798 4353 excelsa
2845 4293 3155 4350 aediﬁcavit.
3189 4291 3300 4346 Nos
3333 4305 3430 4343 au-

1853 4409 1962 4455 tem
1991 4398 2059 4452 ad
2093 4395 2424 4468 profundum
2457 4399 2511 4448 et
2551 4404 2813 4444 arcanum
2860 4401 3081 4442 sensum
3131 4397 3312 4437 sermo
3344 4396 3432 4435 re-
3516 4419 3524 4425 .

1853 4491 2044 4552 mittit,
2085 4488 2291 4544 docens
2319 4483 2685 4541 sanctillcium
2722 4479 2854 4533 illud
2889 4478 2942 4531 in
2972 4486 3138 4538 terra,
3175 4474 3228 4527 in
3265 4472 3429 4526 Jerno

136 4577 248 4648 τῆς
294 4580 558 4650 ἁγίασμα
598 4579 660 4634 τὺ
691 4581 783 4632 ἐπὶ
825 4582 924 4650 τῆς
960 4579 1314 4650 Ἰερουσαλὴμ
1361 4580 1456 4633 καὶ
1505 4579 1584 4651 τῷ
1633 4580 1750 4650 ὄρει

1858 4582 2026 4638 salem
2049 4587 2104 4634 et
2133 4580 2188 4633 in
2218 4586 2400 4632 monte
2427 4574 2558 4628 Sion
2589 4571 2975 4630 constitutum,
3013 4564 3427 4622 similitudinem

139 4670 287 4722 Σιὼν
316 4671 609 4725 καταστὰν
656 4673 918 4742 ὁμοίωσιν
963 4666 1079 4742 εἶχε
1106 4670 1215 4724 τῶν
1258 4672 1316 4724 ὲν
1358 4672 1473 4733 τοῖς
1509 4670 1752 4741 ὑψηλοῖς,

136 4763 237 4815 καὶ
262 4763 598 4834 ᾠκοδόμητο
627 4763 702 4825 ὡς
734 4764 804 4817 τὰ
832 4765 942 4835 ὕψη
967 4765 1089 4818 κατ’
1118 4764 1302 4817 εἰκόνα
1330 4763 1424 4816 καὶ
1457 4763 1582 4816 καθ’
1605 4761 1755 4832 ὁμοί-

135 4869 282 4904 ωσιν
314 4853 620 4923 γενόμενον
647 4853 753 4906 τῶν
781 4854 839 4907 ὲν
878 4854 1128 4926 οὐρανοῖς
1169 4852 1417 4923 ὑψηλῶνο
1446 4852 1482 4906 ἃ
1508 4853 1574 4924 δὴ
1607 4851 1702 4906 καὶ
1723 4852 1754 4904 ὁ

151 4945 502 5008 ’Λπόστολος
523 4946 760 5018 παρίστη
786 4945 960 5014 λέγων
978 4963 993 4977 ο
1025 4947 1087 5001 Ἠ
1105 4945 1173 4998 δὲ
1203 4946 1325 4998 ἄνω
1361 4943 1752 5013 Ἰερουσαλὴμ

135 5037 455 5103 ἐλευθέρα
503 5036 708 5090 ἐστίν·
749 5039 862 5101 καὶ,
911 5037 1412 5105 Προσεληλύθατε
1452 5035 1605 5090 Etim-
1629 5035 1752 5104 ὄρει

135 5128 242 5180 καί
280 5129 476 5182 πόλει
512 5129 662 5183 Θεοῦ
709 5127 924 5195 {iisnec
971 5126 1359 5197 Ἰερουσαλὴμ
1391 5127 1747 5194 ἐπουρανίῳ.

137 5219 234 5270 Διὸ
284 5217 447 5271 κατὰ
491 5219 582 5271 τὸν
632 5220 862 5273 Ἀκύλαν
910 5221 1120 5290 εἴρηται
1142 5259 1157 5283 ,
1205 5220 1311 5274 Kal
1360 5217 1750 5286 ᾠκοδόμησεν

134 5309 377 5377 ὁμοίως
408 5309 673 5377 ὑψηλοῖς
701 5312 966 5379 ἁγιάσμα
996 5310 1214 5365 αὐτοῦ’
1237 5311 1379 5364 κατὰ
1404 5311 1461 5364 δὲ
1491 5310 1581 5363 τὸν
1607 5309 1752 5378 Σύμ-

139 5416 356 5468 μαχον,
389 5401 503 5453 Kal
531 5400 915 5469 ᾠκοδόμησεν
948 5403 1028 5468 ὠς
1056 5403 1130 5456 τὰ
1157 5403 1366 5470 ὑψηλὰ
1387 5403 1452 5456 τὸ
1487 5402 1750 5472 ἁγίασμα

132 5487 348 5541 αὐτοῦ
369 5503 385 5516 ο
425 5488 568 5540 κατὰ
590 5488 648 5540 δὲ
684 5492 808 5554 τοὺς
841 5491 1261 5562 Ἐσδομήκοντα,
1297 5492 1391 5557 Ὠς
1418 5489 1748 5560 μονοκερώ-

134 5593 266 5629 των
286 5574 661 5645 ᾠκοδόμησε
685 5577 752 5630 τὸ
774 5579 1034 5647 ἁγίασμα
1062 5580 1247 5634 αὐτοῦ
1263 5597 1274 5609 ·
1306 5581 1566 5634 νοούντων
1593 5580 1749 5650 ἡμῶν

214 5731 266 5761 ⁸³
303 5728 448 5782 Gal.
477 5747 548 5792 iv,
583 5729 676 5782 26.
749 5731 793 5761 δ’*
827 5729 958 5784 IIeb.
994 5747 1091 5794 xu,
1121 5732 1210 5788 ‘22.

465 5826 732 5884 ιἈτιιοι..
767 5827 881 5885 Gn.
920 5825 1153 5886 XXIII.

1857 4670 2116 4726 habuisse
2147 4682 2273 4721 cum
2298 4681 2364 4721 eo
2389 4662 2536 4735 quod
2570 4663 2625 4716 in
2658 4658 2892 4716 excelsis
2920 4664 3025 4719 est,
3073 4663 3129 4709 et
3153 4654 3223 4708 ad
3249 4653 3429 4708 excel-

1857 4777 2045 4818 sorum
2077 4759 2297 4814 modtun
2326 4762 2705 4812 constructum
2729 4751 2924 4812 fuisse,
2961 4748 3029 4802 ad
3055 4747 3342 4818 imaginem
3374 4751 3432 4800 et

1857 4850 2270 4907 similitudinem
2325 4849 2668 4902 excelsorum
2725 4841 3068 4905 caelestium;
3117 4853 3239 4908 qua:
3299 4836 3427 4889 item

1853 4943 2150 5014 Apostolus
2181 4938 2479 4996 declaravit
2509 4938 2702 4992 dicens
2727 4953 2740 4989 :
2769 4933 2878 4986 Illa
2907 4948 3025 4986 vero
3063 4946 3182 5000 qua:
3215 4944 3426 4983 sursum

1853 5044 1930 5089 est
1968 5032 2266 5088 Jerusalem
2318 5031 2484 5084 libera
2513 5037 2592 5082 est
2617 5027 2696 5093 ⁶³;
2722 5035 2797 5088 et,
2832 5023 3137 5078 Accessistis
3190 5021 3259 5074 ad
3297 5018 3428 5074 Sion

1853 5135 2082 5178 montem
2125 5133 2175 5176 et
2224 5122 2486 5176 civitatem
2527 5118 2624 5172 Dei
2661 5117 2900 5179 viventis,
2931 5112 3228 5168 Jerusalem
3275 5110 3428 5163 crete--

1854 5224 1985 5269 stem
2005 5214 2071 5267 ⁸⁵.
2105 5215 2285 5279 Quare
2312 5210 2614 5267 secundum
2643 5207 2897 5278 Aquilam
2926 5205 3150 5263 dicitur,
3191 5201 3261 5255 Et
3288 5199 3425 5254 tedi-

1857 5307 2036 5375 ﬁcavit
2069 5305 2241 5359 simile
2269 5301 2489 5356 excelsis
2518 5299 2874 5369 sanctiﬁcium
2896 5311 3086 5359 suum;
3122 5292 3424 5350 secundum

1859 5395 2244 5467 Symmachum
2269 5407 2420 5453 vero,
2458 5391 2526 5444 Et
2553 5389 2834 5458 ardi/icavit
2860 5396 2917 5441 ut
2939 5385 3148 5440 excelsa
3185 5383 3425 5448 sancti/i-

1857 5491 1993 5543 cium
2017 5502 2203 5548 suum;
2229 5483 2528 5540 secundum
2563 5480 2700 5534 LXX
2733 5494 2862 5532 vero
2889 5478 3238 5545 Interpretes,
3265 5471 3425 5526 ΛῖσΙὶ-

1858 5580 2030 5650 ﬁcarit
2087 5577 2218 5631 sicut
2280 5574 2612 5629 unicornium
2662 5569 3014 5638 sancti/icium
3083 5583 3256 5621 suum.
3314 5563 3426 5618 Nos

3093 5816 3172 5875 30
