3798 6282
387 239 499 300 939

1069 234 1342 292 EUSEBII
1379 234 1866 293 CAESABIENSIS
1899 236 2055 295 OPP.
2098 236 2282 294 PARS
2318 239 2408 296 lll.
2436 272 2508 283 ——
2536 241 2951 301 EXEGETICA.

3489 252 3567 310 950

392 379 564 438 porro
613 360 968 432 intelligimus
1025 359 1321 415 unicornes
1384 374 1507 415 esse
1556 375 1675 425 eos,
1738 375 1946 431 quoruu

2078 365 2456 435 μονοκέρωτας
2477 358 2615 419 εἶναι
2642 364 2770 428 τοὺς
2799 364 2861 417 τὸ
2884 363 2941 417 ἓν
2973 363 3139 435 κέρας
3170 365 3567 441 ἐπιγραφομένους

393 471 567 512 unum
592 469 762 510 cornu
803 451 1139 521 descriptum
1171 451 1229 505 in
1253 450 1395 505 casio
1426 459 1533 516 est,
1560 467 1701 522 quos
1729 452 1967 522 Aposto-

393 550 480 605 lus
505 549 589 603 bis
619 545 802 601 verbis
836 544 1152 598 declarabat
1181 562 1197 598 :
1235 541 1304 596 Et
1331 543 1400 596 ad
1426 544 1716 597 multorum
1742 543 1970 598 millium

392 641 698 712 angelorum
742 637 1121 702 celebritatem,
1162 646 1215 692 et
1255 634 1552 690 Ecclesium
1594 636 1972 707 primogenita—

389 752 532 800 rum,
573 734 663 806 qui
693 731 941 802 descripti
987 738 1110 788 sunt
1138 730 1195 784 ia
1245 730 1389 784 caelis
1414 729 1483 785 “.
1518 728 1624 786 Sed
1665 730 1853 796 etiam,
1886 731 1971 786 in-

388 829 529 899 quit,
569 828 624 880 in
655 835 799 879 terra
836 821 1075 892 fundarit
1108 837 1224 876 eam
1247 822 1303 875 in
1341 821 1618 876 saeculum.
1657 820 1967 877 Secundum

390 917 780 991 Symmachum
811 922 1016 977 autem,
1049 914 1182 968 sicut
1213 922 1431 978 terram,
1462 930 1620 983 quam
1639 912 1880 983 [undavit
1912 914 1968 968 in

390 1012 666 1066 saxulum.
701 1007 837 1063 Nam
868 1006 1234 1087 sanctificium
1270 1006 1403 1061 illud
1448 1006 1594 1077 quod
1624 1007 1678 1062 in
1719 1006 1966 1063 sensibili

387 1114 443 1161 et
474 1114 693 1160 terrena
722 1101 1032 1157 Jerdsale’m
1085 1108 1189 1164 est,
1232 1101 1313 1156 sic
1356 1100 1646 1156 aediﬁcavit
1689 1101 1745 1155 in
1796 1110 1963 1156 terra.

389 1196 544 1251 Sicut
571 1196 719 1251 enim
752 1202 896 1249 terra
952 1190 1130 1246 media
1164 1191 1306 1247 inter
1335 1206 1506 1262 aquas
1549 1191 1966 1262 comprehendi-

386 1297 479 1342 tur
512 1286 812 1343 secundum
859 1282 1223 1354 Scripturam,
1257 1283 1331 1337 ita
1360 1290 1414 1338 et
1441 1281 1741 1339 Jerusalem
1785 1283 1964 1340 media

386 1381 531 1433 inter
561 1378 896 1447 alienigenas
925 1382 1118 1446 gentes
1159 1373 1339 1444 posita
1377 1381 1517 1429 erat.
1548 1372 1729 1439 Quare
1755 1374 1961 1430 dictum

385 1479 470 1526 est
502 1472 558 1525 in
580 1469 884 1541 prophetiis
912 1487 926 1523 :
958 1467 1087 1521 Hac
1113 1476 1191 1521 est
1214 1463 1538 1533 Jerusalem,
1564 1468 1618 1523 in
1647 1467 1818 1522 medio
1840 1484 1962 1538 gen-

384 1566 517 1618 tium
542 1563 695 1632 posui
710 1561 869 1615 illam
889 1561 955 1616 “.
978 1559 1094 1616 Sub
1115 1561 1230 1616 hare
1245 1568 1428 1615 autem
1455 1559 1559 1615 ait:
1578 1589 1648 1600 -—
1678 1558 1840 1615 Vsus.
1872 1561 1959 1615 70.

384 1654 560 1726 Elegit
586 1653 756 1709 David
788 1669 995 1708 servum
1016 1669 1197 1719 suum,
1226 1651 1296 1708 de
1323 1667 1436 1723 quo
1463 1652 1670 1708 dictum
1708 1660 1794 1707 est
1821 1671 1834 1707 :
1863 1652 1960 1706 In-

2071 457 2192 510 κατ’
2219 457 2448 529 οὐρανὸν
2466 496 2482 521 ,
2511 457 2605 522 οὓς
2634 457 2820 528 ἐδήλου
2860 457 3031 525 λέγων
3067 459 3097 509 ὁ
3134 458 3450 523 Ἀπόστολος·
3490 464 3571 518 Καὶ

2063 549 2353 621 μυριάσιν
2413 551 2685 621 ἀγγέλων
2732 553 3062 620 πανηγύρει
3084 590 3102 614 ,
3154 552 3249 605 καὶ
3311 552 3572 623 Ἐκκλησία

2070 646 2457 713 πρωτοτόκων
2492 643 3030 715 ἀπογεγραμμένων
3059 643 3130 697 ἐν
3152 645 3426 713 οὐρανοῖς.
3453 647 3574 703 Ἀλλὰ

2070 737 2253 790 καὶέν
2274 734 2349 804 τῇ
2388 735 2486 807 τῇ,
2536 736 2722 807 φησὶν,
2767 735 3167 805 ἐθεμελίωσεν
3190 735 3372 804 αὐτὴν
3400 739 3474 803 εὶς
3496 738 3575 792 τὸν

2066 821 2271 877 αίῶνα.
2307 824 2466 878 Κατὰ
2501 823 2560 877 δὲ
2593 822 2685 877 τὸν
2732 823 3048 895 Σύμμαχον,
3097 823 3191 890 Ὠς
3230 824 3339 893 τὴν
3367 823 3483 895 γῆν,
3519 826 3578 896 ἣν

2067 916 2460 985 ἐθεμελίωσεν
2485 918 2580 983 είς.
2610 916 2718 970 τὸν
2743 916 2947 971 αἰῶνα.
2986 918 3032 971 Τ
3032 917 3061 970 ὸ
3088 918 3195 988 γὰρ
3219 918 3448 989 ἁγίασμα
3468 919 3516 972 τὸ
3534 922 3576 975 ὲν

2066 1012 2131 1081 τῇ
2172 1009 2402 1080 αίσθητῇ
2448 1010 2543 1063 καὶ
2583 1011 2810 1080 ἐπιγείῳ
2857 1010 3210 1083 Ἰερουσαλὴμ
3244 1012 3404 1075 οὕτως
3423 1012 3577 1083 ᾠκοδό-

2070 1118 2241 1173 μησεν
2288 1104 2369 1166 είς
2395 1102 2494 1173 τὴν
2530 1103 2656 1172 γῆν.
2688 1103 2898 1174 Ὠσπερ
2925 1105 3034 1175 γὰρ
3077 1106 3112 1174 ἡ
3136 1103 3210 1174 γῆ
3244 1104 3375 1174 μέση
3399 1105 3578 1176 ἀπείλη-

2066 1211 2198 1249 πται
2226 1194 2436 1249 ὑδάτων
2463 1195 2603 1253 κατὰ
2634 1195 2733 1267 τὴν
2765 1196 3018 1268 Γραφήν·
3053 1195 3196 1249 οὕτω
3236 1197 3328 1249 καὶ
3370 1200 3400 1268 ἠ
3430 1198 3582 1270 Ἰερου-

2066 1286 2251 1359 σαλὴμ
2286 1288 2425 1360 μέση
2453 1288 2562 1342 τῶν
2594 1287 2908 1357 ἀλλοφύλων
2942 1287 3111 1342 ἐθνῶν
3142 1291 3481 1361 συνειστήκει.
3514 1293 3582 1344 Διὸ

2064 1378 2311 1433 λέλεκται
2344 1381 2406 1434 ὲν
2437 1380 2826 1453 προφητείαιςο
2861 1380 3022 1448 Αὕτη
3050 1380 3090 1448 ή
3123 1381 3510 1450 Ἰερουσαλὴμ,
3532 1385 3584 1436 ἐν

2057 1473 2226 1542 μέσῳ
2258 1472 2377 1526 τῶν
2403 1472 2596 1528 ἐθνῶν
2628 1475 2864 1528 τέθεικα
2891 1473 3105 1540 αὐτήν.
3131 1473 3243 1527 Εἶτ’
3268 1475 3359 1529 ἐπὶ
3385 1475 3580 1538 τούτοις

2074 1565 2442 1633 Ἑξελέξατο,
2474 1566 2630 1638 φησι,
2658 1566 2840 1621 Δαυῒδ
2866 1565 2975 1621 τὸν
3008 1565 3237 1620 δοῦλον
3255 1566 3463 1631 αὐτοῦ,
3486 1569 3583 1638 περὶ

2061 1654 2122 1715 οὗ
2158 1658 2375 1732 εἴρηται
2394 1676 2408 1690 ·
2452 1655 2651 1728 Εὗρον
2679 1657 2862 1714 Δαυῒδ
2885 1658 2994 1712 τὸν
3018 1656 3246 1713 δοῦλόν
3278 1675 3411 1727 μου,
3435 1658 3585 1727 ἄνδρα

381 1753 495 1807 veni
556 1750 730 1805 David
786 1767 992 1805 servum
1047 1766 1251 1815 meum,
1300 1751 1471 1804 virum
1528 1751 1815 1804 secundum
1866 1765 1946 1805 σοι

2060 1750 2211 1807 κατὰ
2256 1750 2373 1819 τὴν
2410 1749 2662 1819 καρδίαν
2698 1767 2817 1819 μου
2840 1764 2854 1777 ·
2904 1749 2965 1803 ὃν
3001 1748 3317 1817 ἐξελέξατο,
3353 1750 3442 1820 οὐχ
3475 1752 3585 1805 ὥστε

380 1858 586 1906 meum;
607 1856 768 1912 quem
793 1841 979 1912 elegit,
1008 1856 1118 1896 non
1144 1848 1358 1896 tantum
1388 1849 1448 1894 ut
1474 1840 1690 1912 primus
1711 1856 1779 1896 ex
1810 1841 1954 1896 tribu

378 1933 518 1990 Juda
551 1941 843 2005 regnaret,
894 1934 990 1989 sed
1033 1933 1106 1987 ita
1138 1940 1198 1987 ut
1241 1931 1441 2003 dignus
1487 1931 1846 2004 judicaretur,
1889 1948 1957 1987 ex

378 2025 539 2093 cujus
583 2024 792 2080 semine
832 2024 1087 2079 Christus
1116 2023 1212 2079 Dei
1262 2024 1525 2095 prodiret.
1559 2022 1732 2095 Elegit
1775 2032 1957 2079 autem

377 2134 502 2173 eum
532 2118 780 2189 pluribus
809 2118 986 2188 ipsum
1020 2117 1285 2173 fratribus
1310 2118 1429 2174 suis
1452 2124 1817 2187 anteponens.
1853 2116 1957 2171 Ac-

376 2211 632 2280 cepitque
661 2226 785 2265 eum
816 2225 883 2264 ex
925 2210 1182 2281 gregibus
1215 2210 1411 2276 ovium,
1452 2219 1503 2263 et
1543 2209 1606 2262 de
1634 2218 1750 2277 post
1781 2208 1957 2278 [etan-

375 2311 475 2357 tes.
505 2302 640 2357 Nam
674 2302 768 2372 qui
802 2303 1034 2357 suscitat
1076 2302 1143 2357 de
1177 2311 1323 2357 terra
1362 2302 1605 2373 inapem,
1640 2313 1694 2359 et
1719 2304 1786 2358 de
1815 2311 1956 2359 ster-

375 2409 507 2448 core
541 2394 701 2464 erigit
739 2406 1056 2463 pauperem,
1107 2391 1368 2448 Davidem
1412 2393 1674 2448 humilem
1705 2402 1760 2448 et
1806 2393 1956 2463 abje-

376 2491 552 2550 ctum,
583 2485 658 2537 ita
700 2491 758 2537 ut
784 2496 885 2537 nec
922 2497 1049 2537 cum
1085 2481 1349 2538 fratribus
1380 2484 1497 2538 suis
1534 2499 1955 2539 conuumerare-

376 2588 497 2643 tur,
547 2592 726 2646 neque
764 2590 865 2646 pro
899 2575 1021 2631 viro
1079 2575 1393 2641 haberetur,
1450 2577 1648 2648 elegit,
1691 2577 1843 2647 prius
1897 2577 1953 2630 in

376 2670 639 2741 pastorali
678 2670 1012 2735 institutum,
1050 2677 1107 2725 et
1133 2684 1198 2723 ex
1226 2683 1359 2722 cura
1382 2668 1617 2723 fetarum
1646 2685 1808 2741 quam
1831 2685 1954 2739 ges-

375 2772 547 2828 serat,
582 2763 836 2818 edoctum
877 2777 1043 2833 quam
1086 2772 1348 2817 accurata
1396 2763 1711 2817 sollicitudo
1737 2762 1951 2832 egenti-

374 2855 478 2910 bus
511 2855 817 2910 adhibenda
850 2861 1019 2910 esset.
1054 2852 1186 2909 Inde
1227 2862 1546 2925 susceptum
1580 2856 1732 2909 illum
1765 2870 1832 2909 ex
1876 2855 1952 2908 ir-

374 2947 783 3002 rationabilium
825 2945 1009 3002 ovium
1034 2947 1299 3016 pastorali
1335 2961 1490 3011 cura,
1523 2946 1780 3015 produxit
1806 2945 1949 3001 Deus

2057 1843 2274 1916 πρῶτον
2300 1844 2365 1897 ὲκ
2398 1842 2571 1913 φυλῆς
2606 1841 2777 1895 ’ἰούδα
2809 1840 3126 1912 βασιλεῦσαι
3159 1842 3340 1912 μόνον,
3369 1841 3488 1895 ἀλλὰ
3514 1842 3585 1895 καὶ

2056 1936 2198 1990 ὥστε
2240 1937 2390 2003 ἀξιον
2430 1935 2684 2008 κριθῆναι
2728 1934 2824 1988 τοῦ
2882 1933 3166 2006 προελθεῖν
3206 1935 3272 1987 ὲκ
3321 1934 3587 2006 σπέρματις

2055 2028 2224 2085 αὐτοῦ
2253 2028 2346 2082 τὸν
2368 2027 2602 2099 Χριστὸν
2625 2024 2721 2080 τοῦ
2743 2023 2899 2079 Θεοῦ.
2930 2022 3243 2091 Ἐξελέξατο
3266 2023 3324 2078 δὲ
3346 2025 3490 2076 αὑτὸν
3506 2022 3588 2076 τῶν

2056 2122 2303 2193 ἀδελφῶν
2361 2122 2621 2176 πλειόνων
2674 2120 2843 2174 ὄντων
2899 2117 3220 2190 προκρίνας.
3281 2117 3513 2171 ’Δνέλαδέ
3545 2134 3589 2169 τε

2055 2217 2218 2270 αὐτὸν
2246 2217 2312 2270 ὲκ
2347 2214 2456 2269 τῶν
2486 2214 2750 2287 ποιμνίων
2780 2210 2900 2267 τῶν
2922 2212 3255 2281 προϐάτων,
3289 2213 3385 2266 καὶ
3426 2212 3587 2277 ἐξόπι-

2054 2312 2205 2362 σθεν
2232 2305 2351 2361 τῶν
2387 2307 2825 2377 λοχευομένων.
2875 2307 2935 2360 '0
2968 2304 3079 2375 γὰρ
3122 2306 3359 2378 ἐγείρων
3392 2306 3488 2360 ἀπὸ
3512 2304 3591 2374 γῆς

2055 2400 2270 2470 πτωχὸν
2318 2401 2412 2455 καὶ
2443 2401 2552 2454 ἀπὸ
2601 2401 2832 2471 κοπρίας
2858 2398 3091 2454 ἀνιστῶν
3136 2399 3366 2469 πένητα,
3406 2399 3489 2451 καὶ
3519 2398 3589 2450 τὸν

2054 2491 2214 2544 Δαυῒδ
2259 2491 2514 2544 ταπεινὸν
2574 2490 2701 2544 ὄντα
2752 2490 2847 2543 καὶ
2880 2489 3298 2561 ἀπερριμμένον
3320 2529 3336 2553 ,
3380 2489 3452 2553 ὡς
3484 2489 3590 2559 μηδὲ

2056 2580 2616 2653 συγκαταριθμετσθαι
2664 2584 2778 2646 τοῖς
2820 2581 2988 2635 αὑτοῦ
3033 2580 3317 2651 ἀδελφοῖς,
3364 2580 3487 2659 μηδὲ
3531 2581 3592 2643 εἰς

2052 2674 2222 2747 ἄνδρα
2246 2673 2575 2742 λογίζεσθαι,
2610 2672 2890 2741 ἐξελέξατο
2920 2672 3528 2746 προπαιδαγωγούμενον
3548 2673 3593 2724 ὲν

2051 2770 2118 2839 τῇ
2157 2768 2518 2838 ποιμαντικῇ,
2552 2766 2647 2819 καὶ
2676 2766 2764 2820 διὰ
2790 2766 2890 2838 τῆς
2923 2766 3031 2820 τῶν
3068 2765 3438 2836 λοχευομένων
3460 2764 3594 2834 θρεμ-

2055 2858 2239 2929 μάτων
2273 2856 2527 2926 προνοίας
2564 2856 2626 2909 τὺ
2660 2856 2921 2924 ἐπιμελὲς
2951 2855 3059 2908 τῶν
3091 2855 3369 2925 δεομένων
3405 2853 3597 2926 κηδεμο-

2050 2951 2170 3015 νίας
2191 2947 2659 3019 ὲκδιδασκόμενον.
2696 2948 2889 3002 Ἔνθεν
2921 2949 3082 3003 αὐτὸν
3118 2947 3409 3003 ἀναλαϐὼν
3432 2949 3490 3000 ἐκ
3518 2946 3594 3015 τῆς

370 3049 427 3095 et
474 3040 758 3095 constituit
802 3045 864 3093 ut
890 3037 1082 3110 (Vens.
1109 3038 1198 3107 ’11)
1249 3046 1484 3107 pasceret
1525 3038 1694 3093 Jacob
1743 3054 1946 3093 servum

2055 3042 2160 3095 τῶν
2203 3040 2413 3110 ἀλόγων
2458 3041 2746 3114 προϐάτων
2795 3040 3187 3111 ποιμαντικῆς,
3255 3038 3597 3112 προήγαγενὸ

371 3147 551 3194 suum,
573 3141 623 3185 et
658 3129 832 3184 Israel
863 3129 1222 3184 liwreditatem
1238 3146 1412 3185 suam.
1449 3128 1517 3184 Ut
1554 3131 1697 3184 enim
1735 3130 1950 3200 experi-

371 3228 617 3277 mentum
674 3223 758 3277 sui
806 3220 1032 3276 dederat
1082 3221 1138 3275 in
1179 3222 1440 3292 pastorali
1487 3222 1947 3276 irrationabilium

370 3316 556 3370 ovium
587 3329 741 3378 cura,
776 3314 1176 3369 rationabiliori
1209 3314 1337 3369 ovili
1377 3312 1666 3383 praefectus
1690 3321 1793 3368 est.
1825 3312 1946 3380 Quo

370 3414 532 3477 pacto
565 3415 746 3462 autem
784 3421 983 3477 pecora
1020 3413 1270 3477 pasceret
1301 3403 1600 3461 declaravit
1628 3405 1745 3476 ipse
1797 3403 1948 3459 Sauli

369 3500 559 3575 dicens
582 3521 594 3555 :
619 3499 817 3555 Pastor
843 3499 1028 3570 agebat
1059 3515 1237 3553 servus
1262 3508 1383 3552 tuus
1407 3498 1548 3567 patri
1575 3514 1671 3551 suo
1692 3498 1749 3550 in
1786 3497 1946 3551 ovili:

369 3603 421 3648 et
453 3592 665 3664 quando
694 3592 929 3647 veniebat
965 3591 1043 3646 leo
1073 3600 1165 3644 aut
1197 3608 1376 3657 ursus,
1404 3601 1452 3645 et
1483 3589 1774 3660 arripiebat
1803 3607 1947 3644 ovem

368 3699 434 3740 ea:
455 3699 635 3756 grege,
655 3694 773 3754 post
801 3684 957 3738 illum
981 3682 1217 3747 adibant,
1247 3692 1294 3737 et
1326 3683 1565 3752 percussi
1594 3682 1747 3736 illum
1776 3690 1827 3735 et
1853 3695 1947 3736 ea:-

368 3779 514 3832 traxi
552 3792 618 3832 ea:
646 3792 736 3832 ore
773 3777 910 3846 ejus.
955 3773 1024 3830 Et
1053 3775 1342 3829 insurrexit
1379 3776 1437 3828 in
1480 3791 1582 3838 me,
1615 3783 1665 3829 et
1705 3789 1945 3843 compre-

369 3870 527 3925 hendi
551 3871 729 3941 fauces
772 3870 909 3940 ejus,
941 3876 990 3923 et
1022 3870 1260 3938 percussi
1290 3867 1557 3941 occidique
1586 3868 1765 3940 illum.
1803 3866 1944 3922 Leo-

370 3979 486 4017 nem
522 3973 575 4017 et
614 3979 799 4017 ursum
840 3963 1102 4031 percussit
1132 3980 1311 4018 seruus
1347 3972 1488 4017 tuus.
1521 3960 1591 4015 Et
1617 3963 1718 4017 erit
1757 3962 1946 4016 alieni-

366 4072 499 4127 gena
512 4064 561 4109 et
591 4055 990 4108 incircumcisus
1019 4065 1076 4108 ut
1098 4071 1234 4109 unus
1254 4070 1319 4109 ea:
1338 4054 1469 4116 illis,
1491 4056 1581 4124 qui
1610 4053 1945 4122 exprobravit

368 4148 502 4202 aciei
525 4146 622 4202 Dei
649 4147 884 4204 viventis.
920 4145 987 4200 Et
1013 4147 1092 4200 ait
1115 4146 1320 4201 David:
1344 4145 1723 4217 Dominus-qui
1752 4146 1944 4216 eripuit

368 4255 448 4293 me
470 4238 536 4293 de
563 4255 725 4293 manu
748 4238 913 4293 leonis
940 4248 992 4293 et
1017 4239 1083 4295 de
1107 4255 1271 4293 manu
1290 4239 1427 4305 ursi,
1452 4238 1541 4293 ille
1564 4254 1645 4292 me
1671 4238 1854 4307 eripiet
1878 4238 1943 4292 de

365 4347 528 4385 manu
586 4331 893 4401 alienigenae
938 4330 1299 4385 incircumcisi
1344 4330 1501 4384 istius
1522 4330 1589 4386 ⁸⁷.
1649 4329 1747 4383 His
1794 4330 1939 4384 enim

2057 3131 2190 3196 Θεὸς
2220 3133 2314 3186 καὶ⁵
2346 3132 2646 3203 κατέστησε
2685 3133 3019 3202 ποιμαίνειν
3056 3130 3267 3186 Ἰακὼϐ
3285 3131 3391 3186 τὸν
3411 3129 3597 3183 δοῦλον

2054 3224 2241 3279 αὑτοῦ
2280 3225 2379 3279 καὶ
2413 3223 2651 3294 Ἰσραὴλ
2691 3223 2805 3292 τὴν
2838 3222 3259 3292 ’κληρονομίαν
3297 3221 3495 3277 αὐτοῦ.
3529 3218 3597 3284 Ὦς

2053 3318 2163 3391 γὰρ
2191 3317 2419 3390 δοκιμὴν
2451 3317 2721 3371 δεδωκότα
2744 3317 2802 3370 ὲν
2831 3318 2898 3387 τῇ
2922 3315 3030 3368 τῶν
3062 3315 3279 3385 ἀλόγων
3304 3313 3596 3385 θρεμμάτων

2055 3412 2406 3483 ποιμαντικῇ,
2446 3409 2540 3463 ἐπὶ
2566 3409 2666 3480 τὴν
2704 3407 3071 3483 λογικωτέραν
3099 3407 3338 3480 καθίστη
3376 3407 3596 3478 ποίμνην.

2056 3502 2244 3566 Ὅπως
2290 3502 2333 3555 δ’
2373 3500 2657 3571 ἐποίμαινε
2702 3498 2773 3553 τὰ
2819 3497 3112 3570 θρέμματα
3166 3499 3412 3570 παρίστη
3455 3497 3598 3563 λέγων

2053 3592 2213 3656 αὐτὸς
2236 3591 2368 3663 πρὸς
2389 3591 2479 3644 τδν
2507 3590 2680 3645 Σαούλ
2703 3607 2718 3621 ·
2745 3589 3081 3660 Ποιμαίνων
3099 3585 3179 3661 ἦν
3206 3593 3246 3644 o'
3268 3588 3485 3653 δοῦλός
3506 3601 3597 3640 σου

2052 3683 2134 3750 τῷ
2164 3684 2341 3751 πατρὶ
2368 3680 2554 3739 αὑτοῦ
2579 3683 2649 3735 ἐν
2681 3680 2761 3747 τῷ
2792 3682 3045 3750 ποιμνίῳ
3064 3696 3077 3709 °
3111 3680 3210 3734 καὶ
3246 3680 3398 3734 ὅταν
3415 3680 3597 3748 ἤρχετο

2053 3778 2088 3830 ό
2108 3775 2264 3830 λέων
2284 3776 2323 3845 ἡ
2353 3772 2646 3844 ἀρκοςβ),
2663 3770 2761 3825 καὶ
2785 3769 3080 3840 ἐλάμϐανε
3101 3771 3408 3838 πρόϐατον
3429 3769 3491 3822 ἐκ
3511 3766 3597 3834 τῆς

2051 3866 2295 3938 ἀγέλης,
2324 3866 2420 3920 καὶ
2446 3864 2890 3934 ἐξεπορευόμην
2907 3863 3099 3917 ὀπίσω
3118 3861 3336 3929 αὐτοῦ,
3362 3860 3457 3915 καὶ
3479 3858 3577 3913 ead

2050 3958 2203 4023 ταξα
2219 3956 2426 4021 αὐτὸν,
2442 3956 2540 4011 καὶ
2561 3956 2876 4022 ἐξέσπασα
2893 3953 2960 4008 ἐκ
2984 3952 3089 4007 τοῦ
3104 3953 3408 4023 στόματος
3420 3947 3596 4004 αὑτοῦ.

2049 4052 2161 4107 Καὶ
2189 4051 2553 4104 ἐπανίστατο
2582 4048 2675 4102 ἐπ’
2712 4047 2838 4118 ἐμὲ,
2864 4046 2963 4101 καί
3012 4046 3328 4115 ἐκράτησα
3371 4044 3473 4099 τοῦ
3508 4040 3596 4112 φά-

2042 4161 2269 4215 ρυγγος
2290 4141 2499 4205 αὐτοῦ,
2516 4140 2614 4195 καί
2634 4138 2903 4203 ἐπάταξα
2924 4137 3019 4191 καὶ
3048 4135 3404 4191 ἐθανάτωσα
3422 4131 3597 4189 αὐτόν,

2049 4234 2281 4290 καὶτὸν
2307 4234 2526 4287 λέοντα
2556 4230 2655 4286 καὶ
2693 4229 2809 4299 τὴν
2845 4228 3032 4299 ἄρκον
3055 4227 3320 4280 ἔτυπτεν
3346 4229 3380 4280 ό
3411 4222 3599 4285 δοῦλός

2049 4340 2193 4393 σου.
2213 4322 2323 4377 Kal
2353 4323 2525 4377 ἔσται
2547 4323 2579 4376 ό
2599 4320 2948 4388 ἀλλόφυλος
2968 4318 3002 4370 ό
3016 4314 3420 4382 ἀπερίτμητος
3442 4310 3515 4374 ὡς
3531 4299 3599 4370 εἷς

364 4436 494 4478 cum
523 4420 646 4477 ﬁdei
683 4396 993 4491 et'pietatis
1034 4434 1149 4475 suta
1201 4419 1638 4490 experimentum
1675 4417 1938 4484 dedisset,

2055 4418 2292 4482 τούτων,
2331 4416 2400 4481 ὃς
2419 4413 2694 4469 ὠνείδισε
2717 4407 3041 4480 παρατάξει
3072 4405 3222 4462 Θεοῦ
3259 4405 3493 4469 ζῶντος.
3512 4396 3598 4491 Kal

365 4529 582 4571 necnon
623 4513 981 4583 providentiae
1016 4526 1181 4583 quam
1213 4511 1283 4566 de
1325 4510 1618 4581 pecoribus
1652 4509 1755 4564 sibi
1791 4524 1943 4563 com-

367 4606 552 4662 missis
577 4605 818 4676 gerebat,
852 4604 996 4661 Deus
1029 4604 1194 4674 elegit
1220 4618 1345 4658 eum
1376 4612 1431 4657 et
1471 4601 1540 4656 ad
1571 4601 1856 4672 imperium
1884 4600 1941 4654 in

366 4697 1009 4768 rationabiliorapecora
1040 4695 1308 4767 provexit.
1341 4694 1439 4749 Ille
1474 4708 1603 4749 vero
1642 4693 1745 4748 sibi
1788 4706 1942 4749 com-

364 4791 564 4845 missos
592 4789 825 4861 populos
862 4805 970 4844 non
1003 4788 1321 4851 crudeliter,
1369 4802 1478 4841 non
1505 4786 1660 4850 dure,
1702 4801 1813 4842 non
1846 4800 1943 4841 su-

367 4881 573 4951 perbe,
640 4881 738 4936 sed
794 4881 850 4935 in
920 4880 1236 4936 innocentia
1300 4878 1486 4934 cordis
1543 4877 1629 4934 sui
1686 4877 1944 4947 pascebat

368 4972 559 5044 (Vens.
591 4973 711 5043 7‘2);
756 4974 896 5039 sive,
920 4974 1225 5028 secundum
1282 4970 1534 5041 Aquilam
1571 4977 1646 5026 .et
1689 4968 1942 5041 Symma-

366 5066 551 5130 chum,
587 5065 873 5119 secundum
904 5065 1297 5134 simplicitatem
1329 5062 1504 5117 cordis
1539 5062 1646 5117 sui.
1680 5060 1749 5114 Et
1780 5062 1833 5114 in
1858 5061 1943 5114 in-

367 5160 657 5216 tellectibus
686 5177 939 5215 manuum
978 5176 1203 5215 suarum
1241 5159 1457 5215 deduxit
1483 5175 1594 5214 eos.
1629 5156 1942 5213 Secundum

366 5253 630 5321 Aquilam
660 5267 811 5318 vero,
847 5251 917 5306 Et
956 5252 1011 5307 in
1057 5252 1339 5320 prudentia
1376 5252 1675 5321 palmarum
1718 5263 1939 5304 suarum

364 5338 580 5395 deduxit
612 5357 736 5406 eos;
767 5341 1068 5397 secundum
1093 5341 1504 5413 Symmachum,
1540 5341 1608 5394 Et
1650 5337 1937 5395 secundum

364 5428 648 5497 puritatem
696 5449 952 5487 manuum
996 5450 1218 5488 suarum
1248 5433 1466 5489 deduxit
1511 5449 1620 5489 eos.
1670 5431 1936 5487 Pascebat

365 5522 548 5591 itaque
592 5523 760 5577 David
796 5525 1094 5578 humanum
1150 5526 1584 5596 rationabileque
1623 5525 1802 5589 ovile;
1838 5522 1937 5578 sed

435 5616 479 5648 α
510 5616 644 5671 Heh.
683 5632 781 5679 xu,
808 5615 895 5669 2‘2.
939 5616 984 5648 "
1010 5616 1206 5674 Ezech.
1244 5634 1295 5684 ν,
1329 5618 1381 5671 5.
1461 5618 1504 5651 "
1536 5618 1553 5672 l
1585 5615 1720 5687 Reg.
1761 5631 1897 5681 xvu,
1928 5614 2018 5669 54.

440 5713 514 5784 (Ι)
557 5714 810 5787 Ἄρκτος.

2049 4506 2178 4564 εἶπε
2203 4505 2384 4562 Δαυΐδ
2402 4523 2415 4537 '
2444 4506 2679 4574 Κύριος,
2708 4502 2778 4569 ὃς
2802 4499 3076 4567 ἐξείλατό
3096 4514 3174 4568 με
3202 4499 3274 4551 ἐκ
3301 4494 3495 4566 χειρὸς
3514 4485 3598 4543 τοῦ

2047 4599 2296 4665 λέοντος
2321 4597 2422 4652 καὶ
2443 4597 2514 4651 ἐκ
2535 4593 2734 4667 χειρὸς
2762 4591 2873 4662 τῆς
2895 4590 3106 4660 ἄρκου,
3129 4584 3316 4654 οὗτος
3338 4578 3601 4652 ἐξελεῐτσί

2042 4705 2121 4759 με
2151 4688 2221 4742 ἐκ
2267 4686 2466 4757 χειρὸς
2510 4684 2616 4740 τοῦ
2663 4683 3021 4751 ἀλλοφύλου
3066 4678 3176 4733 τοῦ
3221 4673 3598 4747 ἀπεριτμήτου

2047 4780 2284 4835 τούτου.
2314 4778 2414 4832 Διὰ
2442 4776 2552 4849 γὰρ
2587 4773 2792 4828 τούτων
2822 4772 3050 4844 δοκιμὴν
3084 4769 3366 4825 δεδωκότα
3396 4766 3600 4822 πίστεως

2048 4872 2144 4926 καὶ
2164 4869 2465 4935 εὐσεϐείας,
2495 4868 2594 4939 τῆς
2615 4884 2677 4920 τε
2704 4865 2812 4919 τῶν
2839 4864 2929 4917 ὑπ’
2956 4863 3116 4915 αὐτὸν
3134 4860 3478 4933 θρεμμάτων
3500 4851 3600 4908 ὀ.λὸ-

2048 4982 2161 5036 γων
2188 4964 2467 5036 προνοίας,
2488 4960 2772 5028 ἐξελέξατο
2792 4957 2925 5021 Θεὸς
2948 4956 3041 5010 καὶ
3067 4956 3389 5027 προήγαγεν
3413 4948 3500 5003 ἐπὶ
3518 4946 3598 5017 τὴν

2046 5059 2154 5113 τῶν
2184 5055 2559 5127 λογικωτέρων
2592 5051 2923 5125 θρεμμάτων
2967 5049 3164 5121 ἀρχήν.
3205 5047 3264 5099 '0
3310 5046 3401 5108 δὲ,
3433 5038 3598 5096 ὑποδε-

2051 5151 2279 5221 ξάμενος
2298 5149 2425 5212 τοὺς
2453 5144 2856 5217 παραδοθέντας
2889 5139 3059 5210 αὐτῷ,
3082 5142 3184 5194 οὐκ
3216 5135 3466 5208 ἀπηνῶς,
3497 5127 3597 5184 οὐδὲ

2049 5242 2319 5317 σκληρῶς,
2344 5241 2465 5296 οὐδὲ
2491 5237 2878 5311 ὑπερηφάνως,
2905 5233 3018 5288 ἀλλ’
3043 5235 3102 5287 ὲν
3123 5230 3334 5301 ἀκακία
3357 5229 3455 5297 τῆς
3486 5236 3595 5317 καθ’·

2046 5312 2350 5401 δίαςναύτοῦ
2372 5333 2689 5404 ἐποίμαινεν
2709 5327 2925 5392 αὐτούς’
2943 5326 2978 5398 ἢ
2994 5325 3137 5380 κατὰ
3159 5326 3248 5378 τὸν
3264 5321 3494 5377 Ἀκύλαν
3520 5312 3595 5404 καὶ

2043 5430 2115 5484 Σύ
2122 5424 2657 5503 μμαχον,κατὰτὴν
2676 5423 2986 5489 ἁπλότητα
3008 5417 3118 5488 τῆς
3138 5415 3390 5485 καρδίας
3408 5403 3590 5503 αυτοῦ.

2044 5497 2151 5579 Kal
2168 5497 2406 5585 euig-
2442 5515 2735 5573 συνέσεσι
2767 5512 2885 5568 τῶν
2916 5509 3134 5584 χειρῶν
3166 5505 3357 5564 αὑτοῦ
3387 5497 3591 5570 ὡδήγη-
