3798 6282
231 317 316 374 941
1332 301 1837 361 COMMENTARIA
1878 300 1943 355 IN
1984 298 2323 354 PSALMOS.

3343 305 3449 358 949.

226 443 327 484 aer
348 421 576 485 αὐτούς.
611 421 766 474 Κατὰ
795 421 848 474 δὲ
877 420 965 472 τὸν
1003 419 1256 482 Ἀκύλαν,
1300 420 1408 473 Kal
1444 419 1512 471 ἐν
1553 416 1773 485 φρονή-

1886 429 1990 468 non
2025 414 2080 468 in
2126 413 2394 482 sapientia
2422 412 2684 480 humana,
2728 432 2836 470 non
2877 417 3162 486 prudentia
3195 421 3412 489 propria
3435 463 3449 482 ,

227 530 348 571 σεσι
379 510 611 578 ταρσῶν
650 511 836 564 αὑτοῦ
877 511 1307 580 καθωδήγησεν
1349 511 1590 575 αὐτούς.
1620 509 1774 561 Κατά

223 609 272 662 δὲ
293 607 375 657 τὸν
409 604 721 673 Σύμμαχον,
745 605 852 657 Kal
883 603 1033 656 κατὰ
1079 603 1194 669 τὴν
1223 604 1618 670 καθαριότητα
1659 600 1778 654 τῶν

223 697 414 771 χειρῶν
438 696 622 750 αὑτοῦ
649 695 967 765 ὡδήγησεν
987 695 1226 760 αὐτούς.
1258 694 1572 764 Ἑποίμαινε
1600 691 1777 746 τοίνυν

223 793 249 843 ό
272 787 418 842 Δαυτδ
449 788 546 859 τὴν
581 787 928 858 ἀνθρωπίνην
975 786 1068 840 καὶ
1104 787 1326 857 λογικὴν
1361 785 1628 856 ποίμνην·
1662 783 1778 837 ἀλλ’

219 886 307 937 οὑκ
335 884 388 935 ἐν
422 880 585 951 σοφία
623 879 961 952 ἀνθρωπίνῃ,
989 879 1109 932 οὑδὲ
1134 879 1192 930 ὲν
1215 881 1280 948 τῇ
1315 876 1508 931 ἑαυτοῦ
1546 875 1779 936 συνέσει,

219 974 319 1029 ἀλλ’
342 975 394 1025 ἐν
421 970 622 1042 ἀκακία
652 971 746 1024 καί⁵
776 971 1061 1041 ἁπλότητι,
1099 969 1196 1040 τὴν
1233 969 1410 1022 πᾶσαν
1453 966 1773 1038 ἐγχειρίζων

214 1064 284 1135 τῷ
309 1062 421 1134 θεῷ
456 1063 730 1134 φροντίδα.
781 1063 892 1133 Τήν
921 1079 984 1130 γε
1022 1061 1127 1132 μὴν
1179 1059 1374 1113 ἑαυτοῦ
1423 1059 1638 1113 σύνεσιν
1685 1056 1774 1111 διὰ

215 1157 312 1208 τῶν
346 1152 542 1224 χειρῶν
570 1153 936 1218 ἐπεδείκνυτο,
971 1152 1218 1206 τουτέστι
1257 1150 1344 1204 διά
1380 1150 1488 1205 τῶν
1522 1150 1774 1224 πράξεων

214 1247 297 1299 καί
316 1245 399 1297 διὰ
422 1245 516 1298 τοῦ
543 1245 681 1314 βίου,
706 1246 800 1298 καὶ
825 1243 923 1314 τῆς
949 1243 1141 1313 λοιπῆς
1165 1241 1458 1305 πολιτείας.
1479 1243 1588 1294 Καὶ
1614 1242 1774 1313 μέχρι

212 1335 384 1388 τούτου
428 1335 642 1386 ἵσταται
689 1335 757 1387 τὰ
795 1335 894 1405 τῆς
925 1333 1206 1403 παρούσης
1247 1330 1575 1395 ὑποθέσεως,
1608 1348 1775 1401 κατη-

211 1428 386 1498 γορίαν
408 1428 734 1498 περιέχοντα
753 1427 851 1496 τῆς
871 1425 965 1479 τοῦ
1004 1424 1269 1479 Ἰουδαίων
1294 1423 1424 1478 λαοῦ
1449 1423 1768 1495 μοχθηρίας,

206 1519 538 1573 διδασκαλίαν
568 1537 626 1572 τε
656 1520 754 1591 τῆς
786 1520 880 1572 τοῦ
907 1519 1041 1572 Θεοῦ
1071 1518 1450 1590 μακροθυμίας
1475 1517 1564 1571 διὰ
1588 1517 1688 1580 τὰς
1711 1517 1769 1568 ἐν

1884 504 1977 558 sed
2015 505 2068 558 in
2105 502 2416 556 innocentia
2451 512 2507 556 et
2536 505 2902 572 simplicit:.te,
2941 515 3109 560 totam
3134 524 3321 561 curam
3344 508 3455 562 Deo

1884 595 2254 658 committens,
2297 609 2450 646 suam
2475 609 2604 647 vero
2634 595 3046 666 intelligentiam
3078 601 3364 665 manibus,
3399 602 3454 654 id

1884 695 1969 744 est
2006 687 2287 756 operibus.
2316 687 2440 740 vitae
2480 702 2678 754 genere
2702 695 2756 741 et
2781 689 2992 758 reliquo
3033 691 3282 746 instituto
3306 708 3456 746 com-

1881 780 2242 834 monstrabat.
2278 777 2343 830 Et
2375 779 2480 832 huc
2511 777 2713 833 desinit
2757 795 2994 849 praesens
3048 788 3450 852 argumentum,

1883 871 2251 940 improbitatis
2295 869 2508 924 Judaici
2555 871 2741 940 populi
2783 873 3188 928 accusationem
3227 876 3455 931 divina:-

1881 978 1985 1033 que
2017 963 2288 1032 patientiae
2318 962 2621 1016 doctrinam
2645 965 3034 1033 complectens,
3067 969 3452 1023 concinnatum

1883 1058 1948 1106 aut
1982 1054 2302 1123 praepositas
2338 1053 2603 1121 quasdam
2650 1054 2848 1126 dubias
2877 1071 3061 1120 voces,
3087 1059 3151 1111 ad
3186 1075 3324 1128 quas
3352 1075 3453 1114 ceu

1877 1144 2124 1200 defensio
2155 1145 2401 1214 quredam
2429 1146 2562 1214 justi
2598 1146 2688 1201 Dei
2713 1147 2906 1217 judicii
2944 1151 3259 1221 necessario
3297 1152 3454 1206 insti-

1879 1240 2069 1292 tuitur.
2112 1237 2236 1292 Ilaec
2266 1251 2427 1309 porro
2453 1240 2636 1292 omnia
2687 1254 2809 1300 nos.
2841 1241 2933 1310 qui
2964 1257 3030 1296 ex
3069 1243 3322 1312 gentibus
3362 1260 3455 1298 sn-

1881 1347 2024 1393 mus,
2052 1331 2305 1388 Christus
2341 1331 2434 1385 Dei
2476 1332 2687 1396 edocet,
2715 1332 2910 1401 priscis
2947 1335 3213 1404 exemplis
3255 1351 3354 1391 nos
3385 1337 3454 1390 ad

1881 1421 2088 1492 frugem
2121 1438 2408 1487 revocans,
2442 1429 2501 1475 ut
2533 1423 2688 1476 initio
2719 1424 2991 1478 sermonis
3019 1424 3228 1478 dictum
3275 1441 3307 1478 a
3350 1441 3452 1482 no-

1878 1516 1963 1571 bis
1995 1523 2097 1571 est.

206 1612 310 1673 τοῖς
347 1611 658 1682 ἔμπροσθεν
697 1610 1128 1683 ὲπηπορημὲνας
1168 1612 1372 1680 φωνὰς,
1409 1609 1544 1681 1:90;
1575 1608 1641 1674 ἃς
1663 1609 1851 1682 ὥσπερ
1889 1608 2151 1678 ἀπολογία
2183 1625 2268 1672 τις
2333 1609 2643 1678 ἀναγκαίως
2677 1610 3032 1680 ὲπενὴνεκται
3063 1613 3162 1682 τῆς
3192 1611 3286 1666 τοῦ
3317 1612 3454 1667 Θεοῦ

207 1705 611 1777 δικαιοκρισίας.
645 1704 829 1759 Ταῦτα
863 1705 918 1758 δὲ
959 1706 1137 1760 πάντα
1172 1707 1318 1777 ἡμᾶς
1363 1705 1491 1767 τοὺς
1538 1703 1596 1770 ἐξ
1637 1704 1807 1758 ἐθνῶν
1843 1708 1871 1758 ὁ
1914 1704 2150 1777 Χριστὸς
2193 1703 2289 1756 τοῦ
2324 1705 2458 1757 Θεοῦ
2499 1703 2758 1768 παιδεύει,
2809 1704 3155 1775 σωφρονίζων
3190 1706 3338 1776 ἡμᾶς
3367 1706 3456 1761 διὰ

203 1798 303 1850 τῶν
334 1798 579 1852 παλαιῶν
611 1797 1091 1870 παραδειγμάτων,
1125 1797 1312 1867 ὥσπερ
1334 1792 1426 1850 οὖν
1452 1796 1774 1867 ἀρχομένοις
1812 1798 1943 1867 ἡμῖν
1975 1795 2191 1866 εἴρηται
2218 1796 2308 1848 τοῦ
2344 1796 2524 1864 λόγου.

570 1911 862 1964 ΨΛΛΜΟΣ
898 1912 985 1982 Τῼ
1024 1911 1218 1963 amo.
1260 1912 1388 1965 θην.

275 2001 335 2056 '0
378 2003 546 2068 Θεὸς,
579 2003 854 2071 ῆλθοσαν
893 2002 1038 2071 ἔθνη
1077 2005 1164 2069 εἰς
1208 2001 1324 2070 τὴν
1367 2003 1774 2071 κληρονομίαν

197 2110 326 2161 σου,
365 2095 622 2164 ἐμίαναν
670 2095 778 2148 τὸν
825 2094 978 2148 ναόν
1021 2095 1127 2148 τὸν
1157 2095 1328 2165 ἅγιόν
1381 2111 1498 2148 σου
1523 2135 1538 2158 ,
1571 2094 1776 2148 ἔθεντο

206 2183 594 2252 Ἰερουσαλὴμ
618 2186 705 2249 είς
729 2185 1243 2253 ὀπωρορυλάκιον.
1274 2186 1396 2239 Ὅτι
1422 2185 1528 2258 πρὸ
1561 2185 1655 2238 τοῦ
1683 2185 1774 2238 τὸν

195 2275 313 2329 ναὸν
355 2275 777 2348 οἰκοδομηθῆναι
834 2276 924 2329 τὸν
970 2278 1027 2332 ὲν
1068 2277 1441 2350 Ἰερουσαλὴμ,
1476 2278 1697 2347 γέγονεν
1747 2279 1776 2332 ό

205 2366 369 2436 Ἀσάφ
402 2367 484 2437 τῷ
514 2366 675 2420 Δαυῖδ
705 2368 1077 2438 συνακμάσας,
1110 2368 1264 2440 δῆλον
1296 2373 1360 2423 ὲκ
1380 2370 1479 2440 τῆς
1515 2369 1771 2440 ἱστορίας.

195 2457 550 2528 ΙΙροφητικῶς
583 2455 675 2512 οὖν
713 2458 782 2512 τά
817 2459 1076 2531 μέλλοντα
1121 2463 1348 2531 μακροῖς
1396 2459 1618 2532 ὕστερον
1651 2461 1774 2532 χρό-

191 2565 294 2609 νοις
341 2549 722 2619 συμϐήσεσθαι
766 2551 860 2602 καὶ
902 2549 991 2604 διά
1043 2549 1152 2604 τῶν
1189 2553 1473 2624 παρόντων
1505 2552 1768 2618 θεσπίζει.

202 2639 356 2692 Ἀλλά
375 2639 467 2693 διὰ
503 2641 599 2710 μὲν
631 2640 724 2693 τοῦ
762 2647 804 2692 o'
840 2641 933 2693 καὶ
965 2639 1012 2710 γ’
1046 2642 1144 2713 τὴν
1170 2642 1406 2713 ὑστάτην
1435 2643 1534 2712 τῆς
1567 2643 1773 2708 πόλεως

187 2730 383 2785 ἅλωσιν
412 2734 513 2786 καὶ
535 2734 624 2786 τὸν
655 2733 880 2804 ἔσχατον
915 2735 1224 2808 ἀφανισμὸν
1258 2735 1350 2789 τοῦ
1383 2737 1533 2801 ναοῦ,
1564 2737 1654 2790 τὸν
1679 2738 1772 2791 ἐπὶ

199 2821 488 2895 Ῥωμαίων
518 2825 807 2896 γενόμενον
863 2827 1002 2894 μετὰ
1052 2828 1150 2897 τὴν
1193 2827 1332 2881 κατά
1380 2829 1474 2881 τοῦ
1523 2830 1772 2902 Σωτῆρος

186 2913 338 2983 ἡμῶν
367 2917 576 2987 τόλμαν
613 2917 720 2971 τῶν
749 2919 1069 2991 οἰκητόρων,
1102 2921 1496 2991 προανεφώνει,
1527 2922 1602 2986 ὡς
1635 2941 1770 2994 προ-

187 3008 563 3063 αποδέδεικται
585 3027 598 3040 ·
625 3009 713 3064 διὰ
757 3011 813 3065 δὲ
843 3011 952 3066 τῶν
986 3011 1124 3082 μετὰ
1166 3015 1351 3084 χεῖρας
1385 3014 1770 3086 ἐπεληλυθέναι

187 3104 281 3173 μὲν
312 3102 442 3174 ἔθνη
493 3105 559 3174 τῇ
590 3104 923 3177 κληρονομία
961 3104 1056 3158 τοῦ
1100 3105 1255 3171 Θεοῦ,
1295 3108 1388 3160 καὶ
1427 3109 1517 3162 τὸν
1543 3110 1600 3160 ἐν
1631 3110 1766 3181 αὑτῇ

185 3193 316 3246 νεὼν
344 3196 740 3266 μεμιαγκέναι,
779 3198 949 3268 αὑτήν
979 3215 1039 3250 τε
1071 3199 1170 3269 τὴν
1199 3198 1350 3252 πόλιν
1383 3201 1462 3264 είς
1485 3199 1770 3272 όπωροφυ-

2065 1909 2114 1964 1.
2156 1907 2480 1963 PSALMUS
2519 1906 2649 1962 IPSI
2688 1907 2938 1964 ASAPH.
2976 1907 3264 1965 LXXVIII.

1954 1997 2120 2064 Deus,
2147 2009 2392 2052 venerunt
2431 2009 2607 2070 gentes
2640 2001 2693 2053 in
2720 2000 3079 2054 Itwreditatem
3121 2000 3456 2070 tuam,'pol-

1881 2089 2090 2144 luerunt
2121 2090 2370 2160 templum
2405 2101 2649 2145 sanctum
2682 2102 2860 2156 tuum,
2893 2104 3179 2163 posuerunt
3226 2092 3454 2146 Jerusa-

1879 2182 1978 2234 lem
2028 2183 2081 2236 in
2126 2199 2401 2252 pomorum
2452 2183 2776 2239 custodiam.
2830 2185 2987 2250 Quod
3025 2197 3152 2240 ante
3182 2185 3366 2255 templi
3401 2187 3454 2237 in

1876 2268 2218 2342 Jerosolyma
2263 2273 2732 2328 constrm:tionem
2762 2273 2945 2344 Asaph
2975 2275 3200 2347 aequalis
3233 2283 3287 2328 et
3317 2288 3456 2328 eoa:-

1877 2368 2077 2416 taneus
2111 2361 2296 2417 Davidi
2331 2361 2495 2418 fuerit
2517 2404 2532 2426 ,
2566 2380 2631 2419 ex
2665 2366 2893 2419 historia
2930 2365 3153 2435 planum
3182 2375 3286 2420 est.
3320 2364 3455 2418 Pro-

1878 2453 2092 2522 phetice
2143 2468 2275 2524 ergo
2316 2471 2438 2525 quae
2468 2455 2733 2510 diuturno
2764 2465 2888 2526 post
2916 2468 3161 2526 tempore
3189 2463 3456 2510 eventura

1874 2553 2032 2597 erant
2076 2545 2130 2598 in
2179 2546 2434 2614 prensi-nti
2481 2547 2834 2603 vaticinatur.
2883 2548 2989 2602 Sed
3027 2549 3081 2602 in
3118 2563 3290 2602 uxnl
3325 2548 3471 2617 qui-'

1875 2635 2028 2700 dem,
2059 2645 2398 2707 postremum
2433 2638 2588 2694 urbis
2617 2640 2891 2694 excidium
2915 2680 2930 2704 ,
2962 2649 3015 2694 et
3047 2641 3292 2694 ultimam
3325 2649 3458 2695 tem-

1874 2728 1947 2798 pli
1995 2731 2208 2782 ruinam
2237 2746 2358 2800 qua:
2387 2731 2490 2785 sub
2531 2730 2793 2786 Romanis
2842 2743 2965 2802 post
3015 2733 3215 2788 civium
3248 2733 3370 2801 ejus
3399 2733 3453 2785 in

1885 2819 2223 2875 Salvatorem
2258 2830 2508 2877 nostrum
2539 2839 2707 2877 ausus
2732 2824 2962 2894 contigit
2983 2863 2996 2888 ,
3025 2824 3455 2893 praenuntiabat,

1874 2920 1933 2966 ut
1960 2915 2218 2983 superius
2248 2917 2662 2986 comprobatum
2691 2928 2793 2970 est.
2827 2916 2884 2970 In
2915 2919 3169 2986 praesenti
3203 2932 3333 2972 vero
3362 2933 3457 2971 ve-

1872 3005 2022 3060 nisse
2047 3006 2265 3076 quidem
2298 3017 2488 3076 gentes
2521 3009 2575 3060 in
2610 3008 2985 3063 luereditatcm
3021 3007 3153 3073 Dei,
3188 3010 3455 3078 templum

1872 3099 2015 3168 quod
2043 3099 2097 3151 in
2125 3113 2187 3152 ea
2211 3106 2328 3152 erat
2355 3099 2638 3168 polluisse,
2668 3101 2952 3170 ipsamque
2973 3102 3162 3156 urbem
3191 3103 3246 3156 in
3276 3116 3460 3171 pomo-

1871 3204 1994 3242 rum
2015 3189 2320 3244 custodiam
2346 3190 2598 3260 posuisse
2622 3190 2897 3261 signiticat
2921 3209 2935 3256 ;
2965 3207 3140 3262 neque
3167 3199 3350 3246 tamen
3381 3193 3457 3245 ait

178 3285 364 3339 λάκιον
397 3285 708 3340 τεθεικέναι
738 3289 1030 3359 σημαίνει·
1067 3291 1126 3342 ού
1173 3289 1276 3361 μὴν
1307 3291 1442 3362 πυρί
1484 3292 1773 3363 παραδεδό-

1886 3280 1986 3353 igni
2039 3282 2300 3336 traditum
2347 3286 2528 3336 locum
2583 3282 2784 3351 fuisse,
2818 3300 2996 3354 neque
3037 3285 3164 3337 talia
3195 3300 3453 3354 passum,

183 3375 304 3429 σθαι
326 3377 422 3432 τὸν
451 3379 641 3442 τόπον,
659 3379 780 3433 οὐδὲ
806 3379 1028 3434 τοιαῦτα
1051 3381 1377 3436 πεπονθέναι
1400 3385 1560 3435 ὁποῖα
1588 3383 1774 3455 ἐδήλου

176 3467 261 3520 διὰ
283 3468 380 3521 τοῦ
408 3469 950 3541 προλεχθέντος.Ἕτι
970 3472 1025 3526 δὲ
1049 3471 1136 3526 διά
1156 3474 1250 3527 τοῦ
1271 3474 1536 3546 παρόντος
1557 3475 1776 3546 προστί-

179 3556 358 3625 θησιν,
379 3560 462 3624 ὡς
492 3561 602 3632 ἄρα
623 3564 670 3614 οἰ
698 3562 786 3615 τὸν
805 3563 970 3616 τόπον
998 3566 1285 3635 μιάναντες
1316 3567 1542 3630 πολλοὺς
1567 3567 1774 3622 ἀνεῖλον

172 3647 356 3714 ὁσίους
377 3650 584 3722 ἄνδρας
608 3652 701 3704 καὶ
721 3651 854 3704 Θεοῦ
878 3652 1095 3718 δούλους
1114 3673 1127 3685 ·
1152 3648 1227 3709 ὧν
1255 3655 1324 3709 τά
1347 3656 1516 3728 νεκρά
1546 3657 1774 3728 σώματα

177 3739 252 3810 μὴ
275 3743 746 3813 συγχωρήσαντες
764 3746 829 3814 τῇ
863 3743 1004 3796 κατά
1027 3744 1188 3814 φύσιν
1211 3746 1583 3818 παραδοθῆναι
1605 3751 1770 3820 ταφῇ,

168 3833 283 3894 τοῖς
317 3837 598 3896 πετεινοῖς
649 3834 743 3887 τοῦ
786 3835 1016 3906 ούρανοῦ
1052 3835 1216 3907 βορὰν
1261 3836 1461 3893 ἔθεντο.
1489 3841 1672 3893 Ταῦτα
1716 3840 1774 3893 δὲ

170 3921 274 3973 οὑκ
320 3923 391 3976 ἀν
427 3923 616 3994 εὕροις
671 3925 984 3997 πραχθέντα
1030 3929 1154 3981 οὔτε
1202 3929 1343 3982 κατά
1389 3931 1491 4002 τὴν
1537 3932 1774 4003 ὑστάτην

169 4013 508 4086 πολιορκίαν
547 4014 640 4068 τοῦ
669 4017 835 4070 τόπου
857 4035 870 4048 θ
904 4019 1028 4072 ἐπεὶ
1065 4020 1200 4091 μηδὲ
1240 4023 1483 4095 ὑπῆρχεν
1513 4027 1624 4087 τοῖς
1653 4025 1772 4078 τότε

171 4105 305 4175 παρ’
329 4107 526 4169 αὐτοῖς
553 4107 740 4172 όσίοις,
772 4109 880 4163 τῶν
907 4111 1002 4183 τὴν
1037 4113 1189 4166 πόλιν
1212 4115 1522 4180 οἰκούντων,
1547 4118 1773 4172 ἀνοσίων

166 4195 262 4247 καὶ
293 4195 524 4250 ἀσεϐῶν
557 4197 810 4252 ἀπάντων
841 4203 1140 4270 γεγονότων
1168 4203 1254 4256 διὰ
1285 4204 1352 4258 τά
1377 4205 1517 4259 κατὰ
1541 4207 1633 4259 τοῦ
1662 4208 1774 4260 Σω-

167 4284 341 4356 τῆρος
379 4289 414 4357 ή
424 4288 546 4358 μῶν
598 4289 738 4343 κατά
781 4308 839 4344 τε
870 4292 979 4346 τῶν
1028 4294 1340 4348 ἀποστόλων
1385 4297 1549 4351 αὐτοῦ
1590 4299 1771 4352 τετολ-

167 4380 402 4449 μημένα
465 4382 669 4445 αὑτοῖς.
712 4383 848 4436 Ἀλλ’
884 4386 1004 4439 οὐδὲ
1057 4387 1151 4440 ἐπὶ
1192 4390 1289 4460 τῆς
1341 4391 1421 4454 εἰς
1475 4392 1771 4446 Βαϐυλῶνα

163 4468 568 4538 αἰχμαλωσίας
618 4471 801 4544 εὕροις
829 4475 896 4528 ἂν
940 4476 1008 4530 τά
1059 4477 1195 4548 μετὰ
1244 4482 1432 4550 χεῖρας
1469 4484 1767 4553 γενόμενα·

1879 3375 2062 3444 qualia
2098 3375 2152 3427 in
2191 3374 2454 3443 pracdicto
2487 3375 2701 3444 psalmo
2733 3376 3010 3430 narrabat.
3042 3373 3207 3430 Addit
3233 3378 3460 3448 insuper

1880 3464 1933 3518 in
1965 3467 2251 3534 praesenti,
2285 3480 2381 3520 eos
2413 3466 2506 3535 qui
2538 3466 2720 3519 locum
2752 3466 3096 3535 polluerunt,
3133 3469 3334 3523 multos
3364 3482 3460 3524 oc-

1878 3556 2080 3629 cidisse
2118 3557 2265 3611 viros
2297 3565 2520 3612 sanctos
2552 3564 2605 3611 et
2639 3556 2732 3612 Dei
2762 3573 2988 3612 servos:
3029 3574 3263 3629 quorum
3308 3573 3456 3615 mor-

1878 3657 1971 3702 tua
2000 3663 2226 3718 corpora
2259 3664 2368 3701 non
2397 3648 2642 3704 sinentes
2674 3651 2916 3702 naturali
2948 3652 3244 3720 sepulturae
3271 3651 3452 3716 tradi,

1877 3741 1933 3796 in
1958 3756 2140 3796 escam
2167 3740 2481 3795 volatilibus
2509 3742 2633 3795 coeli
2667 3751 2990 3811 posuerunt.
3025 3741 3148 3797 Haec
3171 3759 3334 3813 porro
3362 3761 3458 3814 ge-

1877 3841 1962 3890 sta
2005 3849 2114 3886 non
2154 3833 2543 3901 deprehendas
2584 3835 2638 3888 in
2672 3842 2951 3903 postrema
2986 3836 3090 3890 loci
3124 3838 3409 3893 obsidione
3437 3860 3449 3893 :

1877 3925 2010 3996 quia
2052 3926 2165 3980 bzec
2196 3941 2301 3978 non
2329 3925 2582 3981 accidere
2606 3929 2738 3982 viris
2772 3928 2984 3984 sanctis
3010 3930 3102 4000 qui
3135 3947 3301 4000 penes
3331 3933 3453 3987 illos

1874 4025 2052 4073 erant.
2113 4017 2151 4070 Ii
2209 4033 2448 4088 namque
2501 4020 2594 4088 qui
2623 4021 2810 4075 urbem
2867 4022 3180 4078 incolebant
3236 4025 3453 4080 scelesti

1874 4124 2064 4165 omnes
2094 4118 2148 4164 et
2183 4110 2334 4180 impii
2376 4119 2570 4173 erant,
2605 4112 2676 4166 ob
2721 4129 2850 4169 suos
2881 4115 2933 4169 in
2975 4113 3318 4172 Servatorem
3356 4135 3456 4173 no-

1875 4210 2047 4258 strum
2079 4210 2132 4256 et
2162 4203 2216 4256 in
2247 4203 2367 4271 ejus
2394 4207 2670 4273 apostolos
2702 4223 2889 4264 ausus.
2926 4206 3032 4264 Sed
3066 4226 3242 4280 neque
3273 4213 3327 4266 in
3353 4212 3456 4265 Ba-

1874 4289 2125 4361 bylonica
2175 4291 2494 4360 captivitate
2541 4293 2657 4349 haec
2705 4295 2844 4350 facta
2889 4301 3169 4368 reperias,
3219 4304 3347 4371 quia
3386 4318 3454 4356 ne

1873 4389 2005 4436 tunc
2045 4383 2264 4451 quidem
2305 4385 2486 4438 sancti
2528 4393 2582 4441 et
2627 4389 2872 4458 religiosi
2912 4391 3013 4444 viri
3067 4407 3096 4444 a
3141 4392 3455 4464 Babyloniis

1873 4471 2134 4525 trucidati
2180 4473 2235 4527 in
2283 4474 2514 4530 historia
2564 4478 2836 4534 feruntur.
2885 4479 3244 4546 Quandonam
3285 4485 3454 4554 igitur

161 4559 288 4659 ius).
321 4561 473 4631 μηδὲ
512 4563 632 4615 τότε
663 4566 841 4629 ὁσίους
868 4567 1068 4638 ἄνδρας
1098 4569 1190 4622 καὶ
1231 4570 1497 4640 θεοφιλεῖς
1525 4574 1629 4627 ὑπὸ
1661 4575 1770 4628 τῶν

1886 4563 1990 4616 haec
2023 4563 2243 4633 impleta
2280 4566 2475 4622 fuere?
2515 4567 2633 4622 Non
2666 4580 2840 4640 potest
2879 4572 3026 4626 aliud
3055 4574 3283 4629 indicari
3317 4585 3453 4631 tem-

161 4645 546 4706 Βαὸυλωνίων
590 4655 956 4729 ἀνῃρῆσθαιή
993 4659 1203 4731 ἱστορία
1245 4663 1599 4734 παραδίδωσι.
1635 4667 1770 4720 Πότε
1807 4645 1844 4659 ν
1876 4668 2007 4723 Pus,
2061 4656 2164 4709 ηίδί
2208 4655 2504 4723 Αηίίοθίιίν
2549 4661 2652 4715 sub
2676 4678 2785 4732 (1υο
2826 4662 3267 4729 ,Μίὶοιιηῧδῖοτυηι
3315 4667 3454 4722 SGH-

153 4738 352 4794 τοίνυν
410 4741 953 4815 ἐπληροῦτοταῦτα;
1008 4749 1122 4802 Οὑκ
1177 4749 1322 4804 ἔστιν
1363 4751 1548 4825 ἕτερον
1599 4757 1772 4808 εἰπεῖν

1886 4754 2030 4812 )tura
2059 4786 2074 4809 ,
2126 4762 2247 4816 qua:
2294 4748 2382 4803 hic
2431 4756 2871 4819 przenuntiantur
2912 4757 3211 4827 contigisse
3242 4768 3448 4815 narrat.

157 4830 393 4899 χρόνον,
429 4833 466 4901 ἢ
504 4834 596 4887 τὸν
619 4836 713 4888 ἐπὶ
749 4838 1041 4910 Ἀντιόχου,
1076 4841 1197 4895 καθ’
1235 4844 1351 4914 ὃνή
1397 4845 1504 4899 τῶν
1546 4847 1773 4901 Μακκα-

1886 4836 2146 4909 Scriptum
2180 4841 2366 4911 itaque
2397 4844 2471 4897 ibi
2503 4846 2738 4916 legitur:
2778 4851 2849 4902 Et
2881 4866 3118 4906 reversus
3150 4863 3228 4906 est
3255 4854 3451 4906 Antio-

156 4920 340 4975 δαίων
373 4925 573 4997 γραφὴ
606 4929 674 4982 τὰ
698 4930 836 4999 μετά
873 4936 1060 5002 χεῖρας
1097 4934 1471 5007 προλεγόμενα
1501 4937 1567 4990 δι’
1595 4939 1772 5010 ἔργων

1886 4933 2028 4998 :lzus,
2071 4944 2351 5003 postquam
2402 4941 2663 5006 percussit
2697 4939 3025 5012 :Egyptum,
3059 4947 3113 4999 in
3160 4949 3450 5002 centesimo

153 5015 546 5084 κεχωρηκότα
571 5017 830 5075 δείκνυσι.
850 5021 1164 5091 Γέγραπται
1189 5025 1318 5093 γοῦν
1349 5028 1406 5078 ἐν
1427 5028 1562 5099 αὐτῇ
1585 5030 1771 5082 τοῦτον

1886 5035 1921 5076 at
1949 5025 2362 5098 quadragesimo
2412 5033 2563 5084 tertio
2600 5051 2773 5096 anno;
2824 5045 2874 5089 et
2913 5039 3148 5096 ascendit
3192 5041 3247 5094 in
3281 5040 3456 5096 Israel

148 5103 247 5156 τὸν
293 5106 550 5176 τρόπον·
585 5111 696 5163 Kal
744 5112 1130 5182 ὑπέστρεψεν
1187 5118 1482 5188 Ἀντίοχος
1514 5122 1666 5189 μετὰ
1704 5126 1770 5174 τὸ

1886 5133 1992 5169 :um
2023 5119 2361 5175 multitudine
2392 5125 2584 5190 gravi;
2616 5134 2664 5178 et
2695 5127 2968 5196 ingressus
3005 5143 3082 5184 est
3106 5133 3158 5185 in
3200 5146 3454 5187 sanctua-

147 5196 440 5261 πατάξαι
481 5200 598 5269 τὴν
629 5203 933 5271 Αἴγυπτον
957 5206 1028 5258 ἐν
1052 5207 1132 5272 τῷ
1147 5206 1202 5276 ρ’
1227 5210 1326 5264 καί
1351 5219 1410 5280 μ’
1435 5213 1533 5266 καί
1560 5221 1608 5281 γ’
1630 5215 1769 5280 ἔτει,

1886 5209 2015 5260 rium
2063 5227 2181 5263 cum
2234 5212 2503 5278 superbia,
2555 5225 2605 5268 et
2654 5221 2854 5287 accepit
2899 5223 3074 5276 altare
3110 5241 3372 5290 aureum,
3402 5234 3454 5282 et

145 5287 250 5340 καὶ
284 5287 501 5357 ἀνέϐη
523 5291 623 5344 ἐπί
654 5294 894 5363 Ἰσραὴλ
919 5297 988 5350 ἐν
1014 5299 1176 5366 ὄχλῳ
1195 5300 1404 5370 ,βαρεΐ
1435 5303 1536 5357 καὶ
1564 5303 1772 5373 εἰσῆλ-

1886 5300 2253 5356 :andelabrum
2285 5306 2524 5371 luminis,
2567 5318 2618 5362 et
2644 5312 2888 5367 uniuersa
2918 5331 3043 5369 vasa
3077 5318 3212 5386 ejus,
3238 5328 3287 5372 et
3318 5333 3458 5373 meri-

145 5379 258 5429 θεν
289 5382 390 5445 εἰς
418 5382 506 5475 ’τὸ
541 5385 804 5454 ἁγίασμα
830 5387 902 5440 ἐν
928 5391 1328 5460 ὑπερηφανίᾳ.
1356 5396 1464 5448 Kal
1497 5396 1676 5451 ἔλαϐε
1706 5397 1773 5451 τὸ

1886 5409 1990 5446 sam
2021 5395 2434 5462 propositionis,
2467 5410 2516 5452 et
2549 5401 2838 5468 libatoria,
2872 5416 2922 5460 et
2955 5379 3164 5474 pltial'as
3185 5452 3199 5475 ,
3231 5420 3280 5462 et
3312 5427 3458 5463 mor-

145 5468 576 5537 θυμιατήριον
627 5475 695 5527 τὸ
738 5479 1034 5545 χρυσοῦν,
1060 5481 1158 5534 καὶ
1207 5482 1324 5550 τὴν
1360 5487 1623 5553 λυχνίαν
1663 5488 1772 5543 τοῦ

1886 5485 2072 5537 tariola
2107 5503 2305 5550 aurea,
2339 5497 2389 5541 et
2443 5490 2646 5557 velum,
2699 5505 2748 5548 et
2805 5513 3063 5564 coronas,
3111 5511 3162 5554 et
3203 5512 3455 5556 ornatum

143 5561 387 5625 φωτὸς.
429 5562 539 5614 καί
572 5565 770 5619 πάντα
805 5569 876 5623 τὰ
899 5573 1088 5640 σκεύη
1112 5574 1322 5642 αὐτῆς,
1364 5577 1463 5629 καί
1489 5578 1602 5646 τὴν
1630 5580 1765 5648 τρά-

1886 5578 1968 5644 yui
2007 5579 2060 5630 in
2101 5579 2236 5646 facie
2277 5582 2454 5650 templi
2497 5595 2634 5640 erat.
2681 5587 2750 5641 Et
2790 5595 3101 5647 comminuit
3146 5596 3366 5648 omnia:
3400 5605 3453 5650 ct

140 5650 350 5755 πεςαν
386 5653 513 5721 τῆς
545 5658 910 5727 προθέσεως,
942 5665 1039 5718 καὶ
1073 5666 1147 5719 τὰ
1193 5668 1455 5722 σπονδιά
1475 5710 1488 5732 ,
1523 5670 1621 5723 καὶ
1653 5671 1759 5736 τὰς

1886 5675 2070 5742 accepit
2104 5674 2381 5732 thesauros
2411 5683 2644 5738 occultos
2663 5725 2678 5750 ,
2705 5703 2836 5755 quos
2866 5690 3080 5743 invenit.
3117 5688 3184 5744 Et
3221 5691 3450 5745 sublatis

139 5741 432 5810 φιάλας,
498 5747 592 5800 καὶ
645 5750 750 5817 τὰς
804 5755 1057 5821 θυΐσκας
1087 5756 1192 5824 τὰς
1237 5758 1509 5828 χρυσᾶς,
1561 5760 1658 5815 καὶ
1699 5761 1766 5816 τὸ

1886 5766 2137 5836 amnibus,
2164 5785 2396 5826 reversus
2420 5773 2551 5829 abiit
2577 5778 2628 5831 in
2656 5787 2851 5835 terram
2881 5799 3053 5839 suam.
3092 5783 3158 5837 Et
3189 5784 3312 5853 fecit
3343 5800 3448 5836 cu:-
