3798 6282
234 361 262 412 9
275 358 324 409 '85
1331 354 1838 412 COMMENTARIA
1878 355 1947 410 IN
1989 350 2324 410 PSALMOS.

3349 352 3454 408 946

124 446 127 448 ί
233 468 533 544 cmmode"
560 471 648 534 εἰς
687 469 892 535 τέ..ίος;
921 471 1012 522 καὶ
1056 469 1197 523 κατὰ
1225 471 1348 536 τοὺς
1381 473 1506 543 ἑξῆς
1542 471 1785 540 ἐπιλεγο-

1897 481 2019 524 tuus
2044 473 2068 526 ?
2093 469 2174 525 sic
2207 467 2517 536 intelligas:
2554 467 2852 538 Quousque
2885 467 2999 522 haec
3029 470 3222 524 erunt?
3251 468 3461 524 Dicitur

235 568 425 639 μένους,
465 559 924 627 Ἐκκαυθήσεται
948 561 1028 626 ὡς
1051 560 1170 627 πῦρ
1200 563 1232 613 ὀ
1259 558 1436 627 (ﬁ.qu
1458 577 1610 624 σονς
1643 562 1788 625 Ἕως

230 657 345 711 πότε
373 652 474 724 γὰρ
507 653 597 706 καὶ
622 650 779 705 τοῦτο
805 651 987 717 Eatur;
1022 652 1283 706 Λέλεκται
1311 653 1368 706 δὲ
1401 656 1429 708 ό
1454 653 1612 724 ζῆλος
1647 653 1788 706 κατὰ

229 744 518 818 παραϐολὴν
556 743 664 796 τῶν
708 744 776 796 δι’
806 743 1111 815 ὑπερϐολὴν
1149 744 1436 809 διαθέσεως
1486 745 1788 814 ζηλούντων

224 839 313 903 τὰς
340 835 536 890 ἑαυτῶν
568 835 831 906 γαμετὰς,
856 837 904 889 εἰ
931 835 1246 908 προσέχοιεν
1268 837 1472 906 ἑτέροις
1497 835 1750 906 ἀνδράσιν
1769 851 1782 864 °

225 930 355 984 οὕτω
379 928 501 997 γοῦν
533 927 628 980 καὶ
659 927 754 980 ἐπὶ
790 928 884 980 τοῦ
925 927 1058 980 Θεοῦ
1112 928 1211 997 τὴν
1249 926 1527 999 ἐκδίκησιν
1557 927 1665 981 τῶν
1691 927 1787 991 τὰς

226 1022 351 1093 πρὸς
388 1019 546 1072 αὑτὸν
615 1018 890 1090 συνθήκας
936 1018 1378 1091 παραϐαινόντων
1423 1016 1586 1089 ζῆλον
1631 1018 1786 1072 εἴωθε

225 1112 392 1167 καλεῖν
441 1111 471 1164 ό
517 1109 694 1179 λόγος.
741 1111 996 1164 Ἰκετεύει
1039 1111 1217 1164 τοίνυν
1263 1113 1290 1163 ό
1335 1111 1626 1182 Προφήτης
1670 1111 1788 1180 ἦτοι

221 1203 273 1269 ἐξ
307 1200 430 1255 ίδίου
462 1200 775 1272 προσώπου,
805 1201 839 1273 ἢ
871 1202 964 1255 καὶ
996 1200 1070 1265 ὡς
1110 1203 1174 1254 ἑκ
1201 1201 1308 1254 τῶν
1335 1201 1476 1254 κατὰ
1502 1203 1629 1265 τοὺς
1668 1203 1788 1256 Ἀν-

220 1295 384 1364 τιόχου
433 1293 656 1366 χρόνους
711 1293 1104 1359 διασωθέντων,
1155 1294 1292 1364 μετὰ
1334 1294 1434 1366 τὴν
1486 1295 1790 1366 πρόρρησιν

216 1385 316 1440 τῶν
345 1385 643 1456 μελλόντων
677 1385 893 1439 ἔσεσθαι
933 1387 1073 1440 κατὰ
1114 1386 1378 1457 Ἀντίοχον
1414 1387 1506 1441 τὸν
1543 1387 1643 1457 τῆς
1687 1388 1789 1440 Συ-

220 1476 328 1548 ρίας
351 1476 590 1548 βασιλέα,
627 1476 745 1531 καθ’
774 1478 832 1530 ὃν
861 1479 910 1530 οἱ
937 1479 1074 1532 ὅσιοι
1110 1478 1204 1532 τοῦ
1231 1478 1364 1531 Θεοῦ
1401 1479 1491 1532 τὸν
1532 1479 1671 1550 ὑπὲρ
1698 1479 1789 1532 εύ-

216 1569 416 1632 σεϐείας
461 1569 692 1623 θάνατον
725 1570 1196 1642 ὑπομεμενήκασι,
1238 1570 1548 1625 παύσασθαι
1589 1571 1689 1640 μὲν
1720 1573 1788 1626 τὰ

213 1660 301 1729 τῆς
331 1660 498 1731 ὀργῆς
526 1661 625 1732 τῆς
662 1660 805 1714 κατὰ
833 1661 927 1714 τοῦ
967 1662 1119 1727 λαοῦ,
1154 1662 1428 1734 μετελθεῖν
1456 1663 1513 1717 δὲ
1567 1663 1691 1728 τοὺς
1739 1665 1793 1716 ἑ-

213 1749 395 1818 χθροὺς
419 1749 711 1806 αὐτοῦ.Διό
736 1768 920 1822 φησιν·
952 1754 1200 1823 Ἕκχεον
1222 1753 1336 1822 τὴν
1357 1755 1541 1825 ὀργήν
1560 1773 1676 1810 σου
1695 1756 1793 1811 ἐπὶ

1890 571 2071 616 autem
2103 563 2275 627 zelus,
2301 560 2368 615 ad
2399 561 2710 630 exemplum
2743 575 2932 616 eorum
2965 562 3057 631 qui
3091 562 3273 616 nimia:
3316 565 3462 617 zelo-

1890 655 2049 726 typi:e
2078 654 2269 708 all'ectu
2303 659 2559 709 tenentur
2577 666 2706 722 erga
2727 669 2948 719 uxores,
2973 654 3019 710 si
3052 655 3118 710 ad
3149 656 3286 711 alios
3315 655 3463 712 viros

1891 745 2187 812 accedant;
2223 746 2305 799 sic
2337 744 2482 801 enim
2512 753 2566 798 et
2598 744 2653 798 in
2679 743 2790 799 Deo
2822 747 3086 801 ultionem
3142 763 3332 802 eorum
3367 747 3461 818 qui

1891 847 2048 910 pacta
2073 855 2198 894 cum
2231 854 2298 894 eo
2333 838 2469 893 inita
2504 838 2833 908 transgressi
2890 849 3042 899 sunt,
3080 841 3256 895 zelum
3313 840 3464 895 Scri-

1890 940 2048 1002 ptura
2073 931 2212 985 solet
2243 930 2536 1000 appellare.
2567 928 2854 1000 Supplicat
2871 946 3002 1000 ergo
3026 930 3322 1001 Propheta,
3346 934 3463 987 sive

1890 1039 1954 1078 ex
1985 1023 2204 1092 prepria
2236 1037 2490 1092 persona,
2511 1021 2626 1077 sive
2650 1036 2838 1076 eorum
2868 1022 3086 1076 nomine
3104 1023 3195 1092 qui
3220 1031 3464 1093 tempore

1893 1112 2150 1167 Antiochi
2181 1112 2318 1168 salvi
2354 1111 2484 1166 iacti
2506 1117 2657 1174 sunt,
2693 1120 2816 1180 post
2846 1110 3253 1181 praedictionem
3271 1127 3464 1166 eorum

1891 1222 2011 1277 quae
2038 1214 2283 1276 tempore
2317 1205 2574 1260 Antiochi
2606 1204 2777 1276 Syriae
2813 1204 2960 1273 regis
2990 1211 3254 1258 eventura
3281 1214 3460 1268 erant,

1891 1297 2114 1368 quando
2138 1297 2314 1351 sancti
2347 1294 2438 1350 Dei
2477 1311 2576 1366 pro
2605 1295 2808 1364 pietate
2841 1302 3076 1349 mortem
3109 1293 3362 1357 subiere,
3403 1300 3464 1348 ut

1891 1398 2071 1445 cesset
2124 1389 2205 1442 ira
2269 1387 2472 1458 populo
2527 1386 2797 1450 immissa,
2834 1393 2888 1440 et
2941 1383 3163 1439 invadat
3215 1384 3468 1439 inimicos

1891 1477 2032 1546 ejus.
2065 1476 2431 1543 Quamobrem
2455 1477 2531 1530 ait
2562 1496 2576 1532 :
2608 1507 2679 1516 —
2698 1474 2863 1531 Vens.
2899 1474 2955 1537 6,
2985 1475 3035 1530 7.
3071 1473 3300 1543 E/l'unde
3328 1475 3467 1529 iram

1895 1580 2042 1623 tuam
2070 1571 2124 1623 in
2145 1579 2320 1639 gentes
2351 1585 2468 1639 quae
2492 1579 2542 1623 te
2568 1585 2671 1622 non
2705 1577 2983 1631 noverunt,
3006 1576 3054 1622 et
3085 1569 3136 1620 in
3163 1584 3323 1638 regna
3349 1582 3466 1638 quo:

1895 1679 2082 1716 nomen
2142 1671 2288 1714 tuum
2339 1677 2443 1715 non
2499 1662 2886 1716 invocaverunt.
2945 1661 3084 1726 Quia
3133 1659 3468 1714 comederunt

1893 1753 2083 1818 Jacob,
2118 1763 2167 1807 et
2190 1753 2362 1808 locum
2391 1754 2505 1823 ejus
2561 1753 2950 1808 desolaverunt.
2982 1753 3299 1822 Opportune
3349 1752 3469 1807 exi-

213 1840 276 1892 τὰ
305 1840 444 1908 ἔθνη
480 1841 554 1894 τὰ
577 1841 664 1910 μὴ
697 1841 1066 1910 γινώσκοντά
1091 1859 1187 1908 σε,
1218 1845 1316 1899 καὶ
1348 1846 1448 1899 ἐπὶ
1467 1847 1785 1915 βασιλείας

1892 1846 2055 1902 stimo
2083 1847 2173 1900 hic
2232 1845 2419 1900 Jacobi
2476 1846 2811 1901 mentionem
2867 1845 3006 1910 ﬁeri,
3040 1845 3110 1901 ob
3143 1846 3467 1914 religionem

208 1929 265 1985 at
307 1929 367 1983 τό
416 1930 608 2000 ὄνομά
644 1948 761 1986 σου
801 1935 911 1986 οὐκ
946 1933 1416 1992 ἐπεκαλέσαντο.
1461 1938 1579 1991 Ὅτι
1623 1937 1790 1990 κατέ-

209 2038 390 2090 φαγον
427 2023 540 2075 τὸν
577 2023 793 2089 Ἰακὼϐ,
828 2025 926 2078 καὶ
967 2025 1074 2079 τὸν
1111 2029 1298 2080 τόπον
1329 2029 1516 2083 αὑτοῦ
1559 2029 1790 2099 ἠρήμω-

207 2129 337 2166 car.
370 2115 532 2168 Κατὰ
576 2115 768 2186 καιρόν
815 2116 869 2169 δὲ
917 2119 974 2170 ἑν
1017 2119 1227 2183 τούτοις
1263 2119 1357 2173 τοῦ
1405 2120 1598 2174 Ἰακὼϐ
1635 2117 1788 2192 οἶμαι

208 2206 527 2278 πεποιῆσθαι
556 2208 654 2278 τὴν
689 2209 908 2280 μνήμην
933 2210 1032 2282 τῆς
1057 2210 1151 2263 τοῦ
1181 2211 1410 2264 παλαιοῦ
1445 2213 1788 2285 προπάτορος

161 2361 169 2370 ,
208 2296 511 2363 θεοσεϐείας
552 2300 733 2352 ἕνεκα.
771 2301 857 2365 Ὠς
890 2301 999 2374 γὰρ
1045 2304 1476 2375 ὑπομιμνήσκων
1525 2306 1614 2360 τὸν
1657 2307 1788 2359 Θεὸν

205 2387 293 2440 τοῦ
330 2388 613 2460 θεοφιλοῦς
641 2393 833 2465 ἀνδρὸς
864 2395 958 2447 καὶ
989 2395 1088 2465 τῆς
1117 2396 1325 2450 ἐκείνου
1357 2397 1575 2470 ἀρετῆς,
1617 2399 1788 2453 δυσω-

211 2481 296 2532 πεῖ
337 2481 422 2536 διὰ
479 2483 580 2553 τῆς
629 2485 836 2538 ἑκείνου
874 2487 1113 2558 μνήμης,
1163 2488 1258 2541 κοιλ⁸
1311 2488 1542 2543 ίλεοῦται
1585 2491 1652 2544 τὰ
1685 2509 1788 2544 πα-

209 2571 373 2642 ρόντα.
419 2575 514 2628 Ἐν
543 2577 639 2645 μὲν
681 2577 759 2649 τῷ
796 2579 902 2650 πρὸ
945 2580 1135 2634 τούτου
1175 2581 1394 2653 ψαλμῷ,
1428 2585 1664 2655 ὁπηνίκα
1692 2585 1786 2638 τοῦ

216 2661 398 2736 Ἰωσὴφ
431 2668 842 2738 ἐμνημόνευεν,
881 2672 941 2724 ού
992 2672 1082 2725 τὸν
1127 2673 1343 2744 Ἰωσὴφ,
1373 2673 1509 2728 ἀλλὰ
1548 2676 1608 2729 τὸ
1655 2678 1786 2747 σκή-

205 2769 354 2823 νωμα
384 2756 554 2810 αὐτοῦ
585 2759 986 2832 ἀποϐεϐλῆσθαι
1019 2762 1168 2832 ἔλεγε
1213 2763 1299 2818 διὰ
1327 2765 1419 2819 τοῦ
1440 2783 1453 2796 ο
1483 2767 1593 2819 Καὶ
1625 2767 1784 2821 ἀπώ-

206 2857 346 2898 σατο
373 2848 440 2899 τὸ
471 2848 764 2920 σκήνωμα
791 2853 1033 2923 Ἰωσὴφ,
1059 2855 1154 2908 καί
1186 2857 1300 2924 τὴν
1317 2859 1523 2927 φυλὴν
1547 2861 1786 2931 Ἑφραῒμ

206 2939 307 3028 οῦκ
345 2938 691 3007 ἐξελέξατο,
726 2943 818 2996 τοῦ
863 2944 1020 3014 λόγου
1074 2948 1427 3017 σημαίνοντος
1462 2951 1554 3003 τόν
1589 2953 1646 3004 ἑν
1685 2953 1787 3024 Ση-
1829 3022 1835 3028 _

205 3024 317 3097 λὼμ
362 3030 564 3084 τόπονο
602 3034 830 3106 ἑπείπερ
879 3037 936 3088 ἑν
989 3036 1172 3108 κλήρῳ
1213 3035 1330 3109 τῆς
1362 3041 1536 3110 φυλῆς
1591 3041 1786 3116 Ἰωσὴφ

206 3116 372 3171 ἔκειτο
402 3123 434 3192 ὴ
471 3122 671 3193 Σηλὼμ
691 3141 705 3155 ·
734 3125 792 3177 ἑν
825 3126 1032 3192 τούτοις
1059 3129 1116 3182 δὲ
1147 3129 1240 3183 τοῦ
1287 3130 1480 3184 Ἰακὼϐ
1513 3133 1784 3205 μέμνηται

1891 1937 2055 2008 prisci
2091 1938 2236 1992 illius
2270 1937 2434 1992 atavi.
2483 1935 2617 1990 Nam
2662 1937 2823 1992 talem
2859 1937 3036 1991 virum
3067 1935 3178 1990 Deo
3207 1935 3466 1991 dilectum

1889 2031 2121 2100 ejusque
2143 2029 2404 2083 virtutem
2447 2027 2552 2098 ipsi
2606 2027 2719 2082 Deo
2754 2041 3218 2090 commemorans,
3248 2025 3467 2082 videtur

1889 2121 2010 2190 ejus
2039 2121 2314 2176 mentione
2347 2119 2487 2173 facta
2519 2119 2698 2189 ipsum
2731 2119 3114 2188 deprecari,et
3139 2119 3192 2172 in
3209 2118 3465 2188 praesenti

1889 2230 2022 2270 casu
2077 2214 2373 2284 prepitium
2438 2211 2689 2268 reddere.
2745 2211 2801 2265 In
2858 2210 3189 2282 praecedenti
3225 2210 3464 2282 quidem

1889 2307 2121 2376 psalmo,
2160 2305 2384 2375 quando
2417 2303 2717 2375 Josephum
2745 2305 3093 2369 memoravit,
3124 2321 3234 2359 non
3286 2305 3464 2374 ipsum

1887 2399 2208 2469 Josephum,
2233 2399 2330 2454 sed
2360 2397 2780 2454 tabernaculum
2810 2397 2931 2466 ejus
2982 2399 3262 2468 repulsum
3295 2397 3466 2451 fuisse

1889 2492 2028 2547 dixit
2060 2492 2147 2546 his
2178 2491 2360 2546 verbis
2393 2511 2406 2545 :
2456 2490 2524 2544 Et
2560 2489 2751 2558 repulit
2797 2489 3194 2543 tabernaculum
3242 2487 3460 2557 Joseph,

1889 2593 1936 2638 et
1975 2584 2169 2637 tribum
2201 2583 2456 2652 Ephraim
2488 2600 2591 2636 non
2638 2582 2790 2654 elegit
2826 2582 2897 2647 ⁵³,
2941 2581 3140 2650 hisque
3188 2580 3465 2652 signiﬁcat

1891 2676 2068 2731 locum
2105 2675 2257 2729 illum
2291 2676 2346 2729 in
2393 2674 2507 2728 Silo
2537 2675 2746 2741 situm;
2776 2673 2906 2744 quia
2954 2675 3008 2727 in
3062 2674 3207 2727 tribu
3263 2670 3465 2744 Joseph

1891 2768 2004 2823 Silo
2029 2768 2267 2838 jacebat.
2303 2767 2401 2821 llic
2429 2783 2562 2822 vero
2591 2765 2856 2820 Iacobum
2891 2765 3140 2821 meminit
3173 2773 3230 2819 et
3278 2765 3459 2819 locum

1888 2857 2010 2926 ejus
2041 2875 2055 2911 :
2092 2872 2187 2927 per
2216 2856 2502 2920 Jacobum,
2528 2856 2766 2927 religiosi
2803 2855 2951 2910 illius
2975 2855 3076 2908 viri
3101 2864 3349 2925 posteros
3375 2854 3460 2908 in-

1887 2951 2107 3016 dicans;
2140 2966 2234 3020 per
2260 2951 2438 3004 locum
2463 2965 2592 3004 vero
2612 2948 2754 3018 ejus,
2788 2947 3250 3018 Hierosolymam,
3295 2961 3462 3016 quam

1888 3043 1942 3096 in
1976 3043 2326 3098 solitudinem
2356 3043 2492 3096 verti
2525 3050 2770 3112 tempore
2793 3041 3050 3094 Antiochi
3071 3041 3321 3110 contigit.
3349 3040 3464 3095 Sub

1890 3135 2003 3188 haec.
2034 3133 2220 3202 adjicit
2254 3153 2266 3188 :
2294 3164 2361 3172 —
2396 3132 2557 3188 Vens.
2595 3133 2653 3186 8.
2682 3132 2763 3188 Ne
2791 3132 3088 3187 memineris
3117 3132 3458 3202 iniquitatum

205 3207 292 3258 καὶ
317 3208 409 3262 τοῦ
442 3211 616 3263 τόπου
666 3213 858 3266 αὐτοῦ’
895 3215 980 3268 διὰ
1017 3218 1114 3287 μὲν
1150 3219 1244 3272 τοῦ
1285 3221 1478 3275 Ἰακὼϐ
1499 3222 1625 3286 τοὺς
1656 3223 1785 3276 ἀπο-

1891 3234 2195 3279 noslrarum
2241 3225 2601 3293 antiquarum.
2650 3223 2757 3278 Eos
2803 3222 2897 3293 qui
2934 3237 3034 3293 pro
3073 3221 3322 3292 pristinis
3353 3223 3463 3277 illis

203 3297 380 3364 γόνους
421 3300 523 3353 τοῦ
562 3301 837 3371 θεοφιλοῦς
890 3307 1081 3380 ἀνδρὸς
1120 3309 1315 3381 δηλῶν,
1350 3311 1436 3366 διὰ
1474 3313 1531 3366 δὲ
1571 3313 1662 3366 τοῦ
1691 3316 1781 3368 τό-

204 3407 298 3444 που
325 3393 495 3447 αὑτοῦ
527 3396 625 3466 τὴν
658 3397 1010 3470 Ἰερουσαλήμ
1038 3402 1339 3472 σημαίνων,
1362 3404 1428 3475 ἢν
1470 3406 1550 3469 εἰς
1582 3405 1787 3478 ἔρημον

202 3483 368 3540 ἑλθεῖν
392 3487 540 3540 κατὰ
564 3492 688 3552 τοὺς
730 3489 998 3562 Ἀντιόχου
1029 3493 1227 3565 συνέϐη
1253 3496 1494 3567 χρόνους.
1520 3492 1634 3550 Εἶθ’
1658 3497 1786 3569 ἑξῆς

201 3577 464 3647 ἐπιλέγει·
521 3579 617 3648 Μὴ
665 3583 945 3652 μνησθῇς
988 3585 1158 3653 ήμῶν
1201 3587 1461 3655 ἀνομιῶν
1501 3590 1780 3657 ἀρχαίων.

201 3669 261 3721 0i.
291 3670 334 3722 δ’
373 3671 520 3742 ὑπὲρ
567 3673 807 3744 ἀρχαίων
853 3676 1264 3748 ἁμαρτημάτων
1307 3681 1586 3752 εὐχόμενοι
1635 3681 1781 3752 δῆλοι

201 3757 262 3813 ἂν
299 3757 406 3832 εἷεν
447 3763 527 3834 μὴ
573 3766 854 3837 νεωτέροις
899 3769 1204 3838 ἑνεχόμενοι
1246 3771 1594 3842 πταίσμασιν.
1643 3775 1784 3826 Ἀντὶ

200 3845 254 3902 ἑὲ
283 3852 398 3919 τοῦ,
431 3853 592 3921 Ταχὺ
630 3858 1244 3922 προκατανῑαϐέτωσαν
1275 3860 1432 3929 ἡμᾶς
1471 3866 1525 3915 οι
1571 3866 1784 3931 οἰκτιρ-

201 3942 293 4009 μοί
319 3959 466 4008 σου,
500 3945 590 3998 ὅτι
622 3947 1086 4017 ἐπτωχεύσαμεν
1111 3951 1367 4018 σφόδρα,
1393 3955 1422 4004 ό
1453 3953 1780 4024 Σύμμαχος,

203 4035 495 4104 Τάχυνον,
523 4040 1018 4106 προκαταλαϐἐτω
1050 4042 1207 4111 ἡμᾶς
1237 4045 1307 4096 τὰ
1347 4044 1487 4112 ἐλέη
1518 4060 1656 4104 σου.
1693 4047 1780 4100 ὅτι

199 4125 582 4200 ἠτονήσαμεν
608 4134 862 4202 σφόδρα,
893 4136 1254 4206 ήρμήνευσεν.
1283 4140 1491 4210 Ὥσπερ
1527 4140 1583 4192 δὲ
1617 4141 1782 4213 ἀθλη-

197 4217 313 4288 τὴς,
344 4221 576 4287 πολλοὺς
611 4225 850 4289 ὑποστὰς
875 4227 1089 4294 ἀγῶνας
1132 4229 1226 4280 καὶ¹
1257 4229 1450 4293 ἄθλους
1484 4231 1780 4302 ὑπομείνας

199 4309 425 4377 πολλοὺς
471 4315 528 4367 ἑν
567 4317 805 4386 φροντίδι
852 4317 1174 4390 καθέστηκε,
1217 4322 1290 4392 μή
1337 4339 1412 4393 πη
1458 4323 1782 4398 ἑξατονήσας

128 4453 133 4457 ,
199 4399 338 4474 πέσῃ
357 4419 370 4432 ·
403 4403 501 4456 τὸν
531 4405 692 4459 αὐτὸν
715 4407 914 4477 τρόπον
954 4409 1047 4462 καὶ
1076 4410 1184 4462 οἵδε
1249 4411 1547 4466 ἱκετεύουσι
1573 4431 1780 4485 προκα-

197 4490 541 4564 ταληφθῆναι
585 4498 680 4550 καὶ
727 4497 978 4568 βοηθείας
1021 4502 1222 4570 τυχεῖν.
1273 4503 1362 4555 Διό
1406 4521 1568 4572 φασι·
1624 4505 1780 4573 Ταχὺ

1888 3319 2131 3386 peccatis
2187 3317 2519 3386 supplicant,
2567 3318 2745 3386 palam
2786 3325 2870 3371 est
2913 3331 3023 3370 non
3058 3331 3183 3372 esse
3236 3315 3464 3394 nuperis

1886 3409 2098 3466 delictis
2141 3409 2431 3464 obnoxios.
2484 3408 2590 3462 Pro
2628 3409 2719 3463 illo
2749 3416 2930 3464 autem
2965 3448 2980 3474 ,
3020 3407 3140 3463 Cito
3181 3409 3464 3476 anticipent

1887 3519 1981 3556 nos
2029 3500 2408 3556 misericordia:
2467 3508 2591 3566 tute,
2633 3501 2760 3569 quia
2794 3515 3046 3568 pauperes
3097 3499 3230 3568 facti
3280 3515 3464 3554 sumus

1886 3594 2043 3647 nimis
2062 3633 2077 3658 ,
2117 3593 2502 3664 Symmachus,
2529 3591 2800 3656 Accelera,
2822 3592 3143 3660 prwveniant
3179 3607 3272 3644 nos
3309 3590 3464 3642 mise-

1889 3683 2136 3736 ric0rdiw
2163 3692 2287 3745 tua',
2322 3683 2448 3751 quia
2485 3681 2746 3750 inﬁrmati
2777 3696 2960 3733 sumus
2989 3679 3160 3742 valde,
3195 3680 3461 3746 interpre-

1886 3779 2033 3826 tatus
2067 3779 2170 3824 est.
2206 3769 2675 3836 Quemadmodum
2707 3769 2850 3822 enim
2884 3768 3089 3824 athleta
3139 3767 3234 3836 qui
3291 3767 3460 3820 multa

1886 3863 2055 3915 subiit
2088 3861 2412 3924 certamina,
2453 3869 2506 3914 et
2562 3874 2773 3929 pugnas
2823 3859 3026 3913 multas
3073 3859 3364 3922 sustinuit,
3405 3858 3463 3911 in

1885 3952 2261 4007 sollicitudine
2289 3950 2454 4022 degit,
2492 3967 2560 4005 ne
2587 3951 2820 4005 debilior
2867 3949 3046 4004 factus
3099 3950 3354 4016 labatur;
3388 3950 3462 4003 ita

1887 4042 1940 4094 hi
1979 4056 2197 4110 quoque
2255 4047 2550 4109 precantur
2607 4055 2666 4094 se
2716 4039 3030 4108 praemuniri
3089 4045 3145 4093 et
3196 4038 3460 4092 auxilium

1884 4134 2173 4203 consequi.
2205 4132 2386 4198 Quare
2417 4133 2571 4186 aiunt
2600 4150 2616 4188 :
2648 4130 2768 4186 Cito
2802 4131 3091 4200 anticipent
3124 4149 3224 4186 nos
3252 4115 3461 4186 miseri-

1884 4226 2080 4278 cordia:
2133 4234 2258 4287 tute,
2314 4241 2440 4292 quia
2482 4237 2739 4292 pauperes
2794 4222 2925 4290 facti
2972 4239 3154 4276 sumus
3182 4223 3360 4276 nimis.
3388 4252 3456 4260 —

1885 4315 2052 4372 Vens.
2088 4315 2141 4371 9.
2187 4315 2400 4383 Adjuva
2428 4330 2546 4379 nos,
2577 4312 2717 4367 Deus
2746 4315 2981 4368 salvator
3013 4324 3210 4378 noster,
3243 4323 3457 4382 propter

1884 4408 2111 4479 gloriam
2141 4406 2370 4460 nominis
2404 4405 2481 4457 tui
2507 4420 2528 4468 ;
2554 4403 2798 4469 Domine,
2837 4403 3001 4457 libera
3031 4420 3147 4464 nos,
3198 4412 3246 4455 et
3277 4403 3460 4468 propi-

1886 4501 1992 4552 tius
2021 4507 2133 4552 esto
2162 4497 2390 4567 peccatis
2423 4495 2623 4548 nostris
2655 4504 2869 4562 propter
2901 4509 3088 4547 nomen
3130 4501 3298 4546 tuum.
3333 4491 3459 4545 llaec

197 4588 810 4650 προκαταλαϐἐτωσαν
859 4589 1016 4660 ἡμᾶς
1065 4595 1120 4646 οἱ
1179 4595 1466 4662 οἰκτιρμοί
1517 4613 1654 4659 σου,
1689 4599 1778 4652 ὅτι

1888 4589 2154 4658 Propheta
2194 4605 2260 4642 ex
2291 4602 2524 4657 persona
2564 4601 2754 4639 eorum
2787 4585 2880 4654 qui
2917 4591 3159 4652 tempore
3205 4583 3457 4637 Antiochi

196 4670 657 4746 ἐπτωχεύσαμεν
684 4681 936 4750 σφόδρα.
976 4683 1288 4752 Βοήθησον
1314 4687 1476 4756 ἡμῖν,
1508 4692 1540 4742 ό
1570 4688 1714 4756 Θεὸς
1747 4694 1780 4745 ὀ

197 4767 398 4836 σωτὴρ
450 4769 638 4839 ἡμῶν,
693 4773 901 4828 ἕνεκεν
947 4773 1054 4843 τῆς
1102 4776 1286 4846 δοξῆς
1333 4780 1438 4834 τοῦ
1487 4782 1778 4851 ὀνόματός

196 4872 311 4912 σου
337 4879 349 4890 ·
382 4863 581 4930 Κύριε,
604 4864 788 4931 ῥῦσαι
810 4867 985 4936 ἡμᾶς,
1018 4869 1117 4922 καὶ
1142 4871 1417 4941 ἱλάσθητι
1439 4873 1565 4940 ταῖς
1591 4877 1778 4944 ἁμαρ-

197 4951 350 5018 τίαις
393 4953 562 5022 ἡμῶν·
603 4955 811 5010 ἕνεκεν
844 4960 948 5014 τοῦ
987 4962 1274 5030 ὀνόματός
1296 4979 1432 5018 σου.
1467 4967 1577 5020 Καὶ
1605 4967 1778 5022 ταῦτα

195 5039 224 5090 ὁ
261 5041 555 5114 Προφήτης
579 5045 642 5098 ἑκ
672 5045 965 5117 προσώπου
1009 5050 1118 5102 τῶν
1150 5051 1290 5105 κατὰ
1330 5054 1596 5124 Ἀντίοχον
1631 5056 1784 5125 βασι-

196 5127 290 5182 λέα
315 5130 690 5204 δεδιωγμένων
718 5137 1048 5208 προφέρεται
1073 5156 1086 5169 ·
1120 5142 1470 5212 προφητικῶς
1497 5143 1598 5214 τήν
1623 5145 1785 5217 εὐχὴν

194 5219 284 5276 διὰ
311 5223 414 5293 τῆς
447 5227 666 5297 γραφῆς
696 5231 810 5291 τοῖς
833 5229 1084 5299 μέλλουσι
1112 5231 1400 5286 διώκεσθαι
1440 5235 1774 5304 καταλιπὼν,

192 5310 270 5376 ὡς
313 5311 384 5366 ἂν
425 5314 594 5386 ἔχοιεν
633 5317 691 5384 ἑξ
743 5319 958 5389 ἑτοίμου
999 5319 1218 5387 εἰδέναι,
1265 5323 1467 5387 ὁποίοις
1513 5327 1778 5396 προσήκει

194 5403 498 5474 κεχρῆσθαι
541 5406 735 5471 αὐτοὺς
771 5408 949 5479 λόγοις
988 5411 1044 5463 ἑν
1089 5414 1208 5475 ταῖς
1238 5412 1371 5485 πρὸς
1399 5412 1490 5466 τὸν
1523 5414 1654 5469 Θεὸν
1685 5416 1776 5468 εύ-

198 5494 335 5561 χαῖς.
371 5494 449 5547 Οὐ
499 5497 612 5567 μὴν
645 5499 725 5561 είς
767 5499 1007 5564 ἑκείνους
1061 5501 1254 5572 μόνους
1289 5503 1503 5558 ἵσταται
1533 5505 1601 5558 τὰ
1627 5505 1782 5575 λεγόα

201 5600 376 5653 μεναο·
428 5587 686 5658 ἁρμόσειε
730 5591 790 5645 δὲ
843 5594 934 5646 καὶ
981 5595 1114 5647 πᾶσι
1163 5598 1276 5660 τοῖς
1306 5595 1376 5650 τὰ
1423 5597 1776 5669 παραπλήσια

203 5674 532 5744 Ιπεπονθόσι,
558 5681 678 5732 ἐπεὶ
702 5682 793 5735 καὶ
825 5685 881 5735 ἑν
907 5689 1016 5750 τοῖς
1044 5687 1162 5741 καθ’
1193 5689 1335 5759 ἡμᾶς
1365 5688 1638 5760 διωγμοῖς,
1678 5707 1776 5760 μυ-

269 5831 314 5861 ⁵³
358 5831 505 5888 Psal.
539 5851 718 5890 nxvn
749 5879 760 5900 ,
795 5841 884 5896 G'l.

1887 4681 2032 4751 regis
2086 4679 2449 4744 vexabantur,
2495 4675 2846 4746 pronuntiat;
2899 4676 3202 4728 orationem
3263 4673 3330 4727 iis
3365 4673 3459 4742 qui

1887 4773 2326 4844 persecutionem
2367 4773 2584 4842 passuri
2631 4778 2788 4826 erant
2844 4769 3105 4837 scriptam
3145 4767 3461 4836 prephetice

1886 4866 2238 4934 relinquens,
2295 4873 2356 4918 ut
2409 4864 2464 4917 in
2526 4872 2778 4933 promptu
2827 4875 3162 4930 cognoscere
3211 4867 3456 4928 possent,

1887 4957 2089 5027 quibus
2116 4956 2192 5010 uti
2229 4955 2411 5010 verbis
2446 4955 2500 5008 in
2554 4955 2672 5010 suis
2720 4953 2788 5006 ad
2828 4952 2997 5007 Deum
3029 4950 3286 5020 precibus
3318 4965 3458 5020 opus

1886 5055 2053 5104 esset.
2084 5045 2273 5117 Neque
2306 5046 2374 5100 iis
2404 5045 2581 5099 solum
2620 5045 2736 5099 haec
2763 5043 2978 5098 tradita
3001 5051 3164 5108 sunt;
3201 5041 3458 5096 omnibus

1883 5139 2086 5209 quippe
2109 5138 2310 5194 similia
2336 5135 2672 5206 patientibus
2710 5141 3048 5204 competunt,
3083 5133 3211 5202 quia
3251 5132 3303 5184 in
3337 5147 3460 5200 pcr-

1884 5233 2259 5289 secutionibus
2276 5246 2397 5301 quae
2429 5237 2616 5284 nostra
2643 5237 2801 5284 aetate
2819 5227 3191 5295 contigerunt,
3214 5226 3456 5281 sexcenti

1883 5339 2050 5395 supra
2081 5322 2364 5378 recensitis
2398 5320 2598 5376 similia
2630 5328 2759 5375 sunt
2790 5319 3059 5389 perpessi,
3113 5318 3207 5388 qui
3254 5331 3458 5386 Oppor-

1884 5422 2015 5470 tune
2046 5415 2234 5484 utique
2256 5412 2458 5467 talibus
2488 5411 2652 5468 dictis
2685 5412 2772 5466 usi
2803 5411 3030 5474 fuerint,
3068 5409 3226 5479 queis
3273 5408 3340 5462 ad
3377 5408 3451 5460 ita

1884 5505 2212 5576 loquendum
2254 5503 2596 5560 instituimur
2628 5522 2640 5558 :
2692 5502 3169 5573 Propter-gloriam
3208 5500 3454 5555 nominis

1886 5597 1983 5658 tui,
2014 5593 2258 5659 Domine,
2303 5592 2470 5646 libera
2515 5609 2627 5647 nos.
2661 5591 2902 5646 Etiamsi
2932 5593 3075 5647 enim
3109 5607 3211 5648 nos
3241 5591 3451 5646 auxilio

1847 5688 2030 5760 digni
2061 5702 2171 5743 non
2217 5686 2422 5753 simus,
2456 5694 2508 5741 at
2558 5700 2755 5742 nomen
2809 5661 2997 5758 gloria:
3048 5693 3155 5741 tuae
3202 5699 3269 5740 ne
3309 5683 3452 5754 apud
