3798 6282
385 326 490 383 θοἹ

1059 329 1328 387 EUSEBII
1367 320 1848 385 CZESAIKIENSIS
1887 326 2039 383 OPP.
2082 327 2263 383 PARS
2295 328 2381 384 HI.
2413 357 2485 368 —
2507 325 2918 384 EXEGETICA.
3491 328 3577 385 9i8

380 447 570 510 gentes
601 442 1030 513 blaspliemetur,
1055 460 1120 501 ac
1143 449 1188 501 si
1215 461 1323 500 non
1351 445 1528 500 valeat
1544 460 1646 500 nos
1672 445 1906 499 liberare

2011 481 2019 505 ι
2053 445 2158 514 ρίοι
2193 443 2263 498 τὰ
2301 447 2460 517 ὃμοια
2489 448 2601 509 τοῖς
2633 441 3002 515 προλεχθεῖσιν
3047 441 3578 512 ὑπομεμενήκασινοοῖ

380 533 452 587 Et
491 537 771 604 propitius,
809 537 1008 608 inquit,
1047 547 1158 592 esto
1211 541 1437 606 peccatis
1489 538 1684 592 nostris
1731 547 1906 606 propte

2044 536 2135 588 καὶ
2156 537 2424 609 εὐκαίρως
2459 538 2753 610 χρήσαιντο
2772 534 2891 596 ταῖς
2916 531 3296 603 προκειμέναις
3321 535 3515 599 φωναῖς,
3535 533 3581 584 ἐν

376 639 560 678 nomen
593 634 760 681 tuum.
790 623 1057 697 Superius
1091 627 1310 696 quidem
1335 627 1619 681 dicebatur
1657 644 1672 680 :
1709 625 1790 679 Ne
1830 641 1938 679 nte-

1843 720 1937 772 sed

373 805 483 860 iliic
515 808 756 878 quidem,
781 810 1146 880 iniquitatem,
1184 811 1406 865 dicitur.
1459 809 1778 881 lniquitates
1806 826 1938 866 sane

369 900 498 953 olim
533 901 930 959 admiseramus
961 915 1254 976 antequam
1279 906 1482 962 divinis
1523 907 1734 977 legibus
1775 907 1936 963 obse-

368 1005 663 1058 queremur
686 1011 700 1060 ;
735 1009 865 1064 quae
879 995 1075 1049 merito
1089 997 1325 1064 antiqua:
1347 996 1627 1052 dicuntur.
1652 997 1786 1052 Nam
1809 1005 1935 1053 ante

375 716 589 770 mineris
646 719 988 788 iniquitatum
1043 729 1350 773 nostrarum
1393 723 1733 788 antiquarunt
1781 735 1798 772 :

369 1079 462 1136 Dei
496 1085 862 1154 cognitionem
895 1085 1101 1140 scelera
1133 1095 1322 1139 nostra
1353 1086 1667 1156 iniquitates
1696 1089 1933 1159 antiquae

364 1180 550 1238 erant;
588 1190 734 1228 nunc
768 1191 897 1230 vero
921 1191 1043 1230 cum
1069 1177 1181 1231 haec
1210 1191 1499 1246 precamur
1527 1193 1635 1232 non
1672 1179 1932 1249 iniquita-

365 1266 479 1317 tuin
507 1265 759 1330 ulterius,
789 1267 882 1320 sed
910 1275 1258 1336 peccatorum
1294 1267 1452 1322 nobis
1474 1269 1684 1323 conscii
1707 1285 1926 1336 sumus;

362 1363 418 1408 at
453 1357 520 1411 iis
544 1372 762 1427 quoque
793 1358 1062 1426 propitius
1088 1365 1208 1414 esto
1240 1373 1520 1428 rogamus,
1556 1369 1778 1430 propter
1830 1376 1930 1414 no-

359 1463 485 1502 men
519 1458 670 1501 tuum
701 1447 844 1518 quod
881 1448 1194 1501 invocatum
1243 1457 1328 1503 est
1373 1465 1540 1519 super
1575 1465 1695 1505 nos.
1745 1451 1927 1520 Siqui-

356 1537 478 1594 dem
514 1539 720 1592 nomini
773 1538 1068 1594 consulens
1116 1547 1211 1593 tuo
1259 1556 1369 1610 quo
1423 1557 1524 1595 nos
1571 1556 1922 1605 exornamur,

356 1631 630 1699 propitius
658 1638 778 1685 esto
809 1630 1051 1699 peccatis
1073 1631 1282 1687 nostris
1319 1650 1332 1685 :
1363 1647 1430 1685 ne
1456 1630 1594 1686 forte
1616 1632 1773 1686 nobis
1794 1633 1923 1686 sub-

348 1721 574 1791 iugatis,
631 1720 839 1776 inimici
884 1721 1201 1790 blasphema
1244 1722 1389 1777 dicta
1423 1723 1477 1776 in
1519 1737 1716 1777 nomen
1767 1731 1918 1776 tuum

2041 622 2128 691 αἷς
2174 628 2534 701 διδασκόμεθα
2581 627 2790 695 λέγειν’
2849 626 3094 678 Ἕνεκεν
3133 622 3239 691 τῆς
3292 621 3462 688 δόξης
3496 621 3580 677 τοῦ

2039 719 2330 787 ὀνόματός
2353 735 2489 784 σου,
2510 719 2706 788 Κύριε,
2719 715 2898 784 ῥῦσαι
2921 713 3096 784 ἡμᾶς·
3117 712 3231 766 Κᾶν
3250 713 3501 784 γὰρὴμεῑς
3524 713 3582 786 μὴ

2036 809 2175 878 ἄξιοι
2205 805 2354 882 ὦμεν
2384 811 2652 882 βοηθείας,
2682 808 2815 863 ἀλλὰ
2839 807 2900 861 τό
2929 824 2992 876 γε
3026 807 3192 876 ὄνομα
3212 805 3309 875 τῆς
3334 804 3427 874 σῆς
3454 805 3581 876 5657.»:

2039 903 2113 974 μὴ
2149 902 2572 974 βλασφημείσθω
2602 900 2754 970 παρὰ
2783 902 2897 964 τοῖς
2928 898 3156 961 ἔθνεσιν,
3190 896 3264 960 ὡς
3287 897 3362 967 μὴ
3393 897 3582 966 ἰσχῦσαν

2035 997 2184 1066 ἡμᾶς
2211 995 2478 1067 ῥύσασθαι
2499 1013 2511 1026 ³
2543 995 2650 1050 Καὶ
2684 993 2981 1060 ἱλάσθητί,
3015 990 3072 1044 δέ
3103 1007 3253 1061 φησι,
3283 988 3408 1053 ταῖς
3431 990 3584 1057 ἀμαρ-

2033 1085 2184 1150 τίαις
2217 1083 2385 1153 ἡμῶν
2419 1084 2626 1138 ἕνεκεν
2667 1084 2774 1137 τοῦ
2823 1080 3113 1150 ὀνόματός
3156 1096 3290 1134 σου.
3340 1079 3582 1150 ’Δνωτὲρω

2035 1176 2133 1245 μὲν
2169 1172 2262 1229 οῦν
2293 1175 2537 1244 ἐλέγετοο
2571 1176 2668 1243 Μὴ
2701 1171 2982 1244 μνησθῇς
3017 1170 3184 1241 ἡμῶν
3218 1169 3467 1240 ἀνομιῶν
3494 1172 3581 1237 ἀρ-

2031 1267 2248 1335 χαίων·
2281 1266 2395 1320 ἀλλ’
2429 1267 2545 1320 ἐκεῖ
2575 1265 2674 1337 μὲν
2703 1261 2991 1334 ἀνομιῶν·
3021 1261 3239 1332 ἀνομίαι
3264 1261 3320 1313 δὲ
3345 1257 3475 1331 ἦσαν
3493 1262 3580 1313 πά-

2029 1357 2116 1411 λαι
2144 1360 2272 1428 ἡμῖν
2306 1357 2690 1430 πεπραγμέναι
2723 1355 2830 1428 πρὸ
2855 1355 2954 1424 τῆς
3005 1353 3100 1406 τοῦ
3148 1353 3294 1406 θείου
3324 1351 3478 1423 νόμου
3500 1354 3582 1405 ὑπο

2031 1452 2224 1522 ακοῆς,
2257 1453 2462 1515 αἵτινες
2514 1451 2740 1514 εἰκότως
2777 1450 3000 1522 ἀρχαῖαι
3043 1449 3306 1519 εἴρηνται.
3328 1445 3463 1517 Πρὸς
3495 1447 3583 1518 γὰρ

2024 1543 2128 1612 τῆς
2161 1542 2253 1596 τοῦ
2286 1543 2421 1597 Θεοῦ
2456 1542 2708 1612 γνώσεως
2740 1543 2810 1597 τὰ
2849 1541 3316 1612 πλημμελούμενα
3343 1540 3465 1609 ἡμῖν
3486 1539 3582 1591 ἀνο-

2029 1637 2252 1706 μήματα
2278 1634 2345 1708 ῆν
2377 1638 2606 1708 ἀρχαῖα·
2651 1635 2745 1689 νῦν
2791 1635 2867 1698 δὲ,
2903 1635 2991 1687 ὅτε
3037 1633 3105 1687 τὰ
3149 1636 3250 1704 τῆς
3283 1633 3441 1702 εὐχῆς
3470 1633 3577 1684 ἀνα-

2024 1728 2336 1800 πέμπομεν,
2366 1728 2548 1782 οὐκέτι
2583 1729 2680 1800 μὲν
2720 1728 2970 1799 ἀνομίας,
3007 1724 3284 1798 ἁμαρτίας
3313 1724 3370 1778 δὲ
3401 1725 3580 1787 ἑαυτοῖς

353 1811 630 1882 proferant
659 1811 906 1867 dicentes
941 1828 1049 1865 :—
1073 1811 1240 1868 Vens.
1285 1814 1372 1869 10.
1412 1813 1512 1868 Ubi
1546 1824 1623 1869 est
1654 1813 1795 1868 Deus
1833 1832 1906 1869 eo-

2026 1820 2372 1890 συνοίδαμεν·
2427 1820 2561 1874 ἀλλὰ
2613 1820 2704 1873 καὶ
2763 1817 2964 1882 ταύτας
3016 1816 3298 1888 ἱλασθῆναι
3353 1814 3577 1884 ἀξιοῦμεν

349 1908 510 1962 rum?
538 1906 607 1958 At
640 1905 796 1969 illud,
823 1904 933 1968 ubi,
977 1905 1163 1960 dicere
1184 1921 1463 1977 nunquam
1493 1907 1914 1976 permittantur;

346 1998 442 2054 sed
465 2009 520 2053 tu
545 1997 804 2054 Servator
823 2005 1009 2054 noster
1034 1999 1370 2068 conspicuus
1382 1997 1630 2060 eﬂ'ectus,
1651 1999 1918 2054 ulcisci-re

348 2091 671 2162 sanguinem
704 2106 988 2146 servorum
1030 2099 1274 2158 tuorum,
1309 2093 1404 2163 qui
1443 2091 1651 2148 eil‘usus
1692 2102 1798 2148 est.
1835 2093 1914 2147 Ad

346 2184 462 2238 haec
484 2185 540 2238 in
573 2183 826 2253 precibus
853 2193 1101 2255 tempore
1135 2185 1537 2255 persecutionis
1566 2185 1798 2241 dicenda
1827 2187 1910 2239 in-

343 2274 658 2340 stituimur,
690 2274 994 2329 hostiarum
1045 2284 1100 2330 et
1159 2275 1608 2332 holocaustorum
1646 2279 1765 2333 loco
1794 2294 1916 2334 san-

340 2366 558 2434 guinem
597 2373 916 2420 sanctorum
947 2375 1250 2438 martyrum
1282 2380 1672 2438 proponentcs,
1719 2386 1784 2425 ac
1819 2371 1913 2424 bu-

339 2478 584 2548 jusmodi
637 2479 1070 2549 siipplicationes
1110 2482 1444 2538 emittentes.
1509 2483 1634 2539 llaec
1693 2500 1913 2554 quoque

340 2581 465 2626 ante
487 2587 590 2627 nos
624 2573 716 2641 qui
765 2575 818 2626 in
847 2571 1080 2628 Iudaico
1133 2576 1337 2646 populo
1379 2577 1577 2630 similia
1637 2585 1764 2631 sunt
1802 2594 1914 2646 per-

338 2665 504 2732 pessi,
540 2673 845 2720 memorato
876 2676 1120 2736 tempore
1147 2668 1330 2724 dicere
1354 2669 1728 2724 edocebantur
1761 2693 1774 2726 :
1803 2687 1913 2740 quo

332 2765 387 2810 ‹·ι
420 2759 562 2828 apud
587 2759 712 2814 illos
734 2760 989 2830 generosi
1022 2770 1290 2832 martyres
1319 2763 1736 2818 commonstrati
1761 2775 1908 2821 sunt.

333 2848 539 2903 llorum
581 2853 828 2906 meminit
889 2851 1325 2909 Machabaeorum
1381 2857 1654 2926 scriptura
1705 2858 1799 2914 ’δε
1854 2859 1909 2913 in

325 2941 506 3012 iisque
527 2952 647 2998 erat
679 2944 976 3002 Eleazarus
1005 2948 1091 3001 vir
1113 2948 1370 3012 illustris,
1403 2957 1562 3004 aetate
1592 2961 1907 3020 provectus,

327 3035 418 3102 qui
448 3051 768 3106 generosam
797 3046 1028 3093 mortem
1060 3055 1162 3110 pro
1194 3042 1394 3112 pietate
1426 3058 1555 3114 erga
1593 3045 1760 3098 Deum
1783 3049 1908 3102 vitae

325 3131 580 3198 praetulit.
616 3129 721 3186 Sed
744 3133 906 3188 etiam
937 3135 1183 3204 quaadam
1209 3137 1474 3193 mirabilis
1508 3148 1712 3208 septem
1749 3139 1903 3193 ﬁlio-
1932 3139 1978 3200 C

325 3237 448 3275 rum
483 3231 678 3287 mater,
712 3227 1012 3281 certamine
1059 3230 1306 3300 martyrii
1351 3231 1498 3284 omni
1531 3233 1691 3288 laude
1722 3249 1899 3304 supe—

325 3316 440 3369 rior
491 3317 776 3386 perfuncta
809 3329 922 3386 est;
981 3321 1076 3375 filii
1125 3339 1344 3393 quoque
1393 3325 1540 3380 illius
1572 3335 1779 3396 septem
1808 3343 1899 3381 va-

324 3407 438 3462 rias
469 3424 680 3479 pugnas
707 3411 1030 3476 subeuntes,
1062 3413 1296 3470 faustam
1321 3421 1741 3488 perseverantia:
1787 3422 1898 3475 vir-

322 3507 490 3557 tutem
523 3502 818 3560 exhibuere
845 3507 912 3559 ⁸⁸.
949 3504 1053 3560 Alii
1087 3523 1307 3578 quoque
1337 3511 1557 3579 plurimi
1591 3513 1771 3566 sancti
1795 3513 1895 3566 viri

320 3595 490 3657 fuere.
505 3612 736 3666 quorum
755 3607 980 3654 mortem
996 3608 1050 3654 et
1066 3602 1351 3670 sanguinis
1368 3602 1687 3659 ell'usionem
1707 3605 1760 3659 in
1779 3620 1896 3659 ora-

318 3690 468 3744 tione
498 3705 679 3745 sermo
700 3701 1095 3746 commemorat
1127 3694 1218 3750 his
1245 3695 1427 3750 verbis
1465 3714 1478 3751 :
1511 3695 1577 3748 Et
1602 3698 1894 3754 innotescat

319 3783 372 3834 in
398 3782 700 3837 nationibus
728 3800 908 3837 coram
928 3786 1098 3840 oculis
1124 3789 1320 3844 nostris
1342 3789 1476 3842 ultio
1491 3792 1766 3860 sanguinis
1782 3809 1894 3846 ser-

319 3891 498 3928 vorum
515 3885 746 3942 tuorum,
769 3877 859 3948 qui
874 3878 1074 3948 elfusns
1089 3889 1189 3934 est.
1209 3881 1315 3939 Alii
1331 3881 1549 3953 quidem
1572 3885 1893 3954 sanguinem

319 3983 480 4022 suum
509 3970 666 4038 quasi
701 3970 960 4025 libamina
992 3988 1092 4043 pro
1124 3981 1236 4028 tota
1261 3984 1422 4045 gente
1449 3976 1754 4044 tradidere;
1799 3978 1892 4032 alii

317 4073 446 4113 vero
476 4074 586 4113 non
623 4060 823 4115 similia
857 4064 1028 4132 passi,
1060 4066 1169 4120 alio
1209 4067 1373 4123 modo
1405 4085 1504 4138 pro
1550 4070 1750 4140 pietate
1778 4085 1892 4126 cer-

323 4157 503 4205 tamen
542 4152 787 4208 inierunt
836 4158 1149 4214 carceribus
1204 4161 1526 4232 mancipati,
1564 4171 1618 4220 ct
1657 4165 1890 4221 vinculis

313 4265 621 4320 constricti.
655 4266 898 4332 Quorum
932 4269 1063 4324 item
1113 4274 1352 4342 gemitus
1385 4284 1438 4330 et
1477 4277 1694 4332 dolores
1724 4279 1892 4334 labo-

312 4371 512 4427 resque
537 4368 845 4429 opportune
871 4361 927 4415 in
957 4363 1209 4418 oratione
1240 4379 1632 4423 commemorat
1659 4369 1884 4427 dicens:

310 4477 379 4490 ~
410 4450 576 4507 Vens.
607 4454 693 4508 Η.
731 4453 972 4510 Ιηινοεαι
995 4457 1049 4510 in
1069 4469 1347 4526 conspectu
1376 4471 1468 4515 tuo
1487 4464 1711 4531 gemitus
1743 4482 1887 4520 com-

309 4543 626 4610 peditornm.
653 4546 1007 4618 Compeditos
1027 4566 1179 4618 vero,
1212 4569 1320 4606 non
1347 4554 1528 4609 labere
1551 4557 1596 4612 si
1621 4557 1776 4615 dicas
1789 4576 1886 4618 eos

310 4651 433 4693 csse
464 4639 555 4708 qui
613 4640 668 4694 in
717 4642 1043 4699 mortalibus
1093 4646 1421 4714 corporibus
1468 4656 1585 4701 toto
1614 4650 1739 4706 vitai
1771 4669 1884 4708 suae

311 4737 558 4800 tempore
583 4733 843 4788 macerati
878 4742 1026 4790 sunt.
1060 4735 1250 4801 Qualis
1271 4747 1389 4792 erat
1417 4737 1623 4796 Paulus
1654 4742 1879 4799 dicens:

312 4817 426 4874 Nos
477 4833 655 4877 autem
697 4826 921 4882 viventes
975 4827 1030 4881 in
1077 4828 1442 4898 tabernaculo,
1491 4834 1882 4904 ingemiscimus

305 4916 514 4981 gravati
537 4918 618 4983 5°;
654 4924 708 4972 et
730 4935 986 4974 rursum:
1023 4920 1221 4991 Infelix
1242 4940 1332 4994 ego
1366 4926 1540 4989 homo,
1569 4931 1684 4998 quis
1717 4948 1797 4985 me
1818 4932 1884 4985 li-

307 5008 508 5064 berabit
527 5009 591 5064 de
618 5026 836 5079 corpore
865 5015 1051 5069 mortis
1081 5015 1238 5086 hujus
1261 5019 1308 5048 ⁵⁷
1331 5019 1355 5070 ?
1403 5018 1565 5076 Tales
1591 5031 1750 5078 erant
1783 5023 1879 5080 Dei

2019 1913 2107 1966 διὰ
2137 1913 2198 1966 τὸ
2229 1911 2488 1982 ὲπικεκλη
2499 1911 2656 1983 μένον
2687 1912 2818 1982 ἡμῖν
2852 1911 2944 1964 σὺν
2973 1910 3163 1980 ὄνομα.
3193 1907 3300 1960 Τοῦ
3339 1905 3443 1976 γὰρ
3469 1923 3578 1959 σαυ-

2017 2003 2111 2057 τοῦ
2142 2003 2454 2074 φειδόμενος
2493 2004 2756 2075 ὀνόματος
2799 2001 2892 2055 τοῦ
2925 2002 3260 2072 κοσμοῦντος
3292 2001 3452 2071 ἡμᾶς,
3488 1998 3578 2052 ἱλά-

2021 2096 2174 2168 σθητι
2206 2100 2325 2161 ταῖς
2357 2096 2656 2168 ἁμαρτίαις
2695 2094 2875 2167 ἡμῶν,
2909 2096 3138 2165 μήποτε,
3181 2091 3433 2155 λαϐόντες
3457 2093 3579 2162 ἡμᾶς

2019 2187 2363 2258 ὑποχειρίους
2399 2189 2448 2241 οἱ
2482 2186 2685 2258 ἐχθροὶ,
2717 2185 3152 2256 βλασφημήσωσι
3193 2183 3257 2236 τὸ
3310 2183 3397 2236 σὺν
3437 2182 3581 2252 ὖνομα

2016 2280 2293 2348 λέγοντες·
2348 2279 2476 2334 Ποῦ
2519 2281 2690 2333 ἐστιν
2735 2281 2767 2333 ό
2809 2265 2960 2344 ’Θεὸς
3007 2274 3247 2341 αὺτῶν;
3295 2275 3449 2329 Ἀλλὰ
3489 2275 3576 2344 γὰρ

2015 2370 2171 2422 τοῦτο
2207 2370 2326 2439 μὲν,
2359 2368 2498 2434 ποῦ,
2527 2369 2702 2422 εἰπεῖν
2731 2368 2914 2431 αὐτοῖς
2947 2367 3020 2437 μὴ
3055 2364 3462 2437 συγχωρηθείη·
3499 2367 3576 2434 ἐμ-

2017 2459 2187 2531 φανὴς
2214 2460 2271 2513 δὲ
2299 2461 2588 2530 γενόμενος
2622 2461 2685 2512 σὺ
2718 2459 2880 2522 αὐτὸς
2912 2461 2940 2512 ό
2975 2458 3165 2529 Σωτὴρ
3193 2460 3225 2529 ἡ
3236 2457 3354 2528 μῶν
3393 2456 3483 2527 τὴν
3505 2457 3576 2507 ὲκ·

2012 2549 2225 2620 δίκησιν
2255 2549 2476 2618 ποίησαι
2508 2547 2599 2601 τοῦ
2633 2548 2862 2620 αἵματος
2908 2548 3014 2601 τῶν
3039 2547 3242 2600 δούλων
3276 2564 3368 2599 σου
3396 2545 3482 2598 τοῦ
3503 2547 3576 2596 ὲκ-

2015 2639 2328 2710 κεχυμένου.
2357 2639 2542 2693 Ταῦτα
2561 2638 2740 2706 λέγειν
2778 2640 2836 2692 ὲν
2861 2639 3045 2708 εὐχαῖς
3068 2636 3436 2708 παιδευόμεθα
3459 2634 3574 2689 κατὰ

2013 2731 2138 2795 τοὺς
2173 2731 2279 2783 τῶν
2306 2731 2560 2802 διωγμῶν
2588 2730 2831 2802 καιροὺς,
2867 2731 2987 2783 ἀντὶ
3021 2728 3214 2793 θυσίας
3249 2732 3345 2783 καὶ
3387 2729 3575 2782 ὁλοκαυ-

2011 2824 2280 2895 τωμάτων
2323 2823 2392 2878 τὰ
2437 2823 2643 2894 αἵματα
2679 2822 2786 2877 τῶν
2827 2822 2995 2890 ἁγίων
3031 2821 3328 2893 μαρτύρων
3370 2820 3575 2892 προϐαλ-

2013 2914 2225 2985 λόμενοι
2255 2955 2270 2976 ,
2339 2916 2432 2969 καὶ
2493 2915 2748 2978 τοιαύτας
2807 2913 3227 2984 ἀναπέμποντες
3303 2912 3568 2984 ἱκετηρίας.

2013 3006 2199 3061 Ταῦτα
2226 3007 2283 3060 δὲ
2317 3008 2408 3060 καὶ
2441 3007 2548 3078 πρὸ
2574 3007 2731 3078 ἡμῶν
2772 3009 2820 3060 οἱ
2863 3009 2920 3060 ὲν
2952 3007 3032 3078 τῷ
3068 3007 3340 3060 Ἰουδαίων
3365 3007 3493 3060 ἔθνει
3520 3007 3571 3060 τὰ

2012 3101 2172 3170 ὅμοια
2201 3100 2528 3163 πεπονθότες
2555 3101 2694 3154 κατὰ
2733 3101 2824 3155 τὸν
2863 3099 3172 3172 δηλωθέντα
3204 3101 3394 3172 καιρὸν
3423 3099 3570 3168 λέγειν

2007 3190 2378 3244 ἐδιδάσκοντο·
2424 3191 2546 3244 καθ’
2587 3192 2646 3246 ὃν
2683 3193 2812 3263 παρ’
2853 3193 3035 3255 αὐτοῖς
3063 3195 3304 3260 γενναῖοι
3333 3191 3570 3264 μάρτυρες

2005 3283 2424 3355 ἀπεδείχθησαν.
2449 3277 2549 3337 Ὦν
2581 3283 2853 3355 μέμνηται
2893 3287 2926 3355 ὴ
2967 3285 3153 3356 γραφὴ
3192 3285 3304 3338 τῶν
3334 3283 3569 3353 καλουμέ-

2004 3376 2109 3430 νῶν
2136 3375 2510 3431 Μακκαϐαίων
2530 3393 2543 3406 ·
2579 3380 2637 3431 ὲν
2669 3373 2750 3442 οἷς
2790 3374 2858 3450 ἦν
2895 3378 3221 3449 Ἐλεάζαρός
3259 3396 3364 3442 τις,
3398 3380 3569 3445 ἐπιφα-

2003 3466 2098 3538 νὴς
2142 3468 2302 3540 ἀνὴρ,
2343 3467 2697 3538 προϐεϐηκὼς
2743 3471 2840 3540 μὲν
2885 3469 2982 3541 τὴν
3016 3469 3256 3541 ἠλικίαν,
3295 3469 3355 3523 τὸ
3394 3469 3447 3522 δὲ
3471 3467 3565 3539 μετ’

2002 3560 2247 3624 εὐκλείας
2296 3559 2522 3614 θάνατον
2561 3565 2659 3633 τῆς
2692 3562 2837 3634 ζωῆς
2868 3563 3035 3634 αὐτῆς
3077 3563 3424 3634 προτιμήσας
3449 3560 3565 3630 ὑπὲρ

2001 3651 2098 3723 τῆς
2126 3655 2205 3716 εἰς
2236 3653 2326 3705 τὸν
2364 3654 2496 3706 Θεὸν
2539 3653 2839 3718 εὐσεϐείας.
2883 3654 3044 3707 Ἀλλὰ
3090 3655 3186 3708 καὶ
3231 3657 3412 3726 μήτηρ
3452 3650 3566 3705 ἑπτὰ

2001 3746 2206 3800 παίδων
2239 3747 2517 3819 θαυμασία
2563 3767 2646 3813 τις
2679 3751 2772 3803 καὶ
2803 3750 2943 3822 ὑπὲρ
2978 3750 3155 3804 πάντα
3183 3750 3342 3817 λόγον
3371 3747 3565 3833 ἐναθλήο

2001 3857 2142 3894 σασα
2159 3839 2237 3911 τῷ
2265 3842 2559 3914 μαρτυρίῳ
2579 3859 2594 3873 ·
2625 3843 2810 3906 παῖδές
2839 3860 2897 3895 τε
2920 3842 3124 3913 ταύτης
3145 3843 3290 3896 ἑπτὰ
3316 3841 3561 3912 διαφόροις

2000 3932 2332 3997 ὑποστάντες
2371 3933 2586 3998 ἄθλοις,
2634 3933 2870 4000 ἐξαίσιον
2913 3935 3115 4006 ἀρετὴν
3158 3934 3452 4006 καρτερίας
3489 3934 3558 3983 ἐν·

1999 4021 2286 4086 εδείξαντο.
2319 4022 2502 4076 ’Ἄλλοι
2533 4041 2592 4076 τε
2632 4023 2784 4096 παρὰ
2813 4024 3018 4088 τούτοις
3055 4024 3300 4078 πλεῖστοι
3329 4026 3474 4085 ὅσιοι,
3497 4015 3557 4074 ὧν

1997 4113 2098 4183 τῆς
2118 4114 2376 4183 τελευτῆς
2408 4115 2501 4168 καὶ
2525 4115 2632 4168 τῶν
2663 4116 2907 4186 αἱμάτων
2934 4117 3034 4186 τῆς
3074 4116 3352 4187 ἐκχύσεως
3382 4115 3460 4169 διὰ
3479 4113 3555 4181 τῆς

1997 4207 2158 4276 εὐχῆς
2189 4207 2538 4277 μνημονεύων
2571 4209 2600 4260 ὁ
2624 4208 2779 4276 λόγος
2819 4208 2980 4279 φησί’
3010 4209 3118 4262 Καὶ
3162 4209 3477 4277 γνωσθήτω
3499 4205 3556 4257 ἐν

1995 4296 2118 4362 τοῖς
2146 4297 2389 4351 ἔθνεσιν
2415 4297 2672 4352 ἐνώπιον
2704 4298 2823 4352 τῶν
2855 4298 3182 4369 ὀφθαλμῶν
3214 4300 3384 4370 ἡμῶν
3407 4300 3442 4366 ή
3471 4299 3550 4350 ἑκ-

1995 4387 2236 4455 δίκησις
2264 4389 2370 4443 τοῦ
2397 4390 2646 4456 αἵματος
2679 4389 2798 4443 τῶν
2834 4389 3072 4444 δούλων
3104 4405 3223 4444 σου
3283 4389 3388 4444 τοῦ
3421 4389 3551 4442 ἐκκε-

1922 4504 1964 4558 D
1996 4478 2276 4548 γυμένου.
2307 4481 2368 4534 Οἱ
2397 4482 2496 4551 μὲν
2528 4481 2597 4536 τὰ
2641 4483 2848 4552 αἵματα
2883 4481 3088 4536 ἑαυτῶν
3126 4482 3317 4555 ὥσπερ
3352 4480 3551 4539 σπονδᾶς

1994 4573 2136 4642 ὑπὶτρ
2177 4571 2272 4626 τοῦ
2305 4574 2506 4637 παντὸς
2545 4573 2728 4639 ἔθνους
2770 4573 3162 4630 ἐκδεδώκασιν·
3208 4577 3258 4628 οἱ
3299 4575 3374 4638 δὲ,
3407 4571 3472 4643 μὴ
3496 4568 3548 4620 τὰ

1999 4666 2151 4734 ἱμοια
2181 4663 2388 4729 τούτοις
2408 4665 2752 4732 πεπονθότες,
2770 4667 2913 4738 ἄλλῳ
2930 4667 3115 4739 τρόπῳ
3138 4667 3231 4720 τὸν
3265 4667 3404 4734 ὑπὲρ
3420 4665 3547 4717 εὐσε-

1994 4747 2146 4819 ὀέίας
2168 4756 2464 4827 ὑπέμειναν
2488 4757 2695 4826 ἀγῶνα,
2713 4758 2895 4830 ἔργοις
2917 4759 2992 4829 (Ι)
3021 4759 3114 4813 καὶ
3137 4759 3356 4830 δεσμοῖς
3385 4751 3544 4808 πεόοὑ-

1996 4862 2168 4914 μενοι.
2203 4839 2302 4899 Ὧν
2333 4847 2426 4900 καὶ
2457 4847 2640 4900 αὐτῶν
2670 4849 2796 4912 τοὺς
2838 4851 3172 4920 στεναγμοὺς
3211 4851 3307 4904 καὶ
3335 4849 3426 4911 τὰς
3454 4843 3544 4898 ὀδύ-

1991 4953 2088 5001 νας
2119 4937 2212 4991 καὶ
2241 4939 2369 5002 τοὺς
2405 4939 2601 5003 πόνους
2628 4939 2898 5012 εὐκαίρως
2934 4940 3022 4994 διὰ
3047 4941 3147 5011 τῆς
3187 4941 3351 5011 εὐχῆς
3372 4941 3541 5007 ἀναμι-

1992 5032 2219 5100 μνήσκει
2253 5030 2459 5101 λέγων·
2507 5033 2841 5090 Εωελθέτω
2886 5032 3140 5087 ἐνώπιόν
3197 5051 3313 5088 σου
3350 5036 3382 5086 ὀ
3425 5045 3537 5085 στε-

308 5103 608 5172 pr0phetaa,
655 5119 959 5175 omnesque
1014 5107 1108 5177 qui
1157 5109 1213 5162 in
1247 5111 1578 5180 corporibus
1629 5115 1746 5172 suis
1779 5133 1882 5172 nec

2011 5122 2208 5190 ἀτμὸς
2247 5121 2366 5176 τῶν
2397 5123 2841 5194 πεπεδημένων.
2913 5125 3125 5196 Πεπεδη
3133 5126 3326 5195 μένους
3364 5123 3416 5176 δὲ
3456 5120 3535 5174 οὐκ

306 5188 518 5244 deliciis
549 5205 652 5244 nec
675 5191 1048 5262 voluptatibus
1078 5195 1248 5250 dediti
1285 5197 1525 5257 luerunt.
1571 5203 1666 5258 sed
1692 5215 1884 5260 contra

2011 5229 2049 5265 ιν
2083 5213 2348 5284 ἁμάρτοις
2378 5213 2546 5272 εἰπὼν
2574 5216 2667 5271 καὶ
2696 5217 2824 5279 τοὺς
2859 5218 2917 5268 ὲν
2961 5219 3073 5280 τοῖς
3107 5215 3318 5288 θνητοῖς
3350 5213 3532 5281 σώμασι

309 5278 469 5334 Vitam
511 5292 668 5338 suam
707 5283 947 5340 aﬂlixere
995 5287 1248 5357 jejuniis,
1298 5291 1604 5357 laboribus,
1649 5296 1881 5366 aliisque

307 5373 560 5429 aseeticis
588 5377 1088 5445 macerationibus;
1128 5382 1220 5451 qui
1268 5398 1376 5437 non
1406 5400 1504 5454 pro
1535 5402 1595 5441 se
1640 5397 1877 5454 tantum,

305 5461 400 5514 sed
428 5465 594 5517 etiam
617 5482 718 5534 pro
747 5475 864 5522 toto
894 5472 1096 5540 populo
1133 5473 1242 5526 imo
1264 5483 1485 5542 pectore
1504 5477 1571 5532 ad
1598 5477 1765 5534 Deum
1793 5480 1878 5533 in-

309 5554 694 5620 gemiscebant.
724 5559 905 5624 Quare
947 5563 1149 5618 dicitur
1187 5585 1197 5618 :
1240 5564 1476 5622 Introeat
1512 5570 1566 5623 in
1599 5583 1876 5640 conspectu

1989 5303 2164 5357 πάντα
2211 5296 2304 5356 τὸν
2332 5303 2430 5373 τῆς
2475 5305 2620 5376 ζωῆς
2654 5305 2834 5358 αὐτῶν
2879 5305 2992 5376 βίον
3042 5305 3528 5377 κατατρυχομένους.

1996 5391 2209 5454 Ὀποῖος
2234 5388 2301 5461 ἦν
2329 5393 2537 5457 Παῦλος
2581 5394 2780 5462 λέγων·
2813 5396 3009 5465 Ἡμεῖς
3045 5399 3100 5451 οὶ
3123 5395 3331 5461 ζῶντες
3365 5395 3429 5447 ἐν
3464 5389 3529 5455 τῷ

1988 5484 2203 5551 σκήνει
2249 5485 2607 5556 στενάζομεν
2629 5489 2992 5559 βαρούμενοι
3011 5505 3026 5519 ο
3083 5490 3177 5543 καὶ⁵
3221 5489 3400 5542 πάλιν
3441 5487 3523 5538 Ta-

1984 5576 2282 5643 λιιίπωρος
2325 5577 2438 5646 ἐγὼ
2483 5577 2807 5647 ἄνθρωπος,
2850 5581 2938 5646 τίς
2970 5598 3044 5650 με
3075 5582 3318 5649 ῥύσεται
3352 5577 3412 5630 ἑκ
3436 5568 3520 5628 τθῦ

368 5707 416 5738 ⁵⁵
455 5707 496 5761 ll
525 5709 702 5764 Maeli.
745 5729 827 5770 vi.
868 5716 954 5767 l8.
1033 5722 1076 5751 ⁵⁵
1121 5720 1161 5774 ll
1197 5718 1346 5780 Maeli
1406 5739 1502 5779 vn.
1580 5728 1624 5758 “‘3
1666 5726 1708 5782 ll
1743 5727 1871 5784 Cor.
1906 5748 1958 5793 γ,
1996 5731 2047 5788 4.
2127 5733 2168 5764 ⁸⁷
2211 5731 2364 5790 Rom.
2408 5750 2513 5789 vu.
2553 5735 2639 5790 ‘25.

377 5800 456 5872 εἰ)
493 5806 600 5873 Γρ.
638 5807 901 5876 εἱργμοίς.
