3798 6282
157 401 189 455 9
205 401 262 455 19
1299 391 1804 448 COMMENTARIA
1845 391 1910 444 IN
1951 389 2287 446 PSALMOS.
3318 401 3422 456 950

151 515 432 584 σώματος
481 513 584 566 τοῦ
629 512 888 566 θανάτου
928 511 1174 573 τούτου;
1223 509 1464 562 Τοιοῦτοι
1508 505 1564 560 δὲ
1613 503 1648 578 ἦ

1923 495 1960 560 θ’
1995 505 2216 576 gemitus
2258 503 2687 570 compeditorum.
2723 505 2956 572 Quinam
2997 523 3161 579 porro
3190 511 3298 565 sint
3327 515 3419 582 qui

150 605 242 657 xui
279 605 328 655 oi
355 602 456 655 τοῦ
491 601 623 656 Θεοῦ
653 603 945 674 προφῆται,
979 601 1070 653 xui
1100 599 1300 662 πάντες
1329 601 1377 651 οἱ
1414 599 1487 672 μὴ
1517 597 1650 667 καθη

1921 599 1924 650 ἱ
1961 597 2076 650 haec
2112 595 2341 650 dicenda
2383 595 2610 650 instituti
2649 606 2776 651 sunt
2809 599 2914 653 sub
2967 599 3083 653 haec
3132 603 3304 670 aperit
3336 601 3421 659 his

149 681 458 758 παθούντες
491 695 548 746 ὲν
579 695 691 755 τοῖς
731 693 934 745 ἑαυτῶν
967 691 1218 762 σώμασι,
1265 691 1398 762 μηδὲ
1437 693 1616 762 τρυφῇ

1915 687 2080 740 :rbis:
2119 685 2462 738 Patrocinare
2491 685 2619 754 [iiiis
2655 689 2968 742 occisorum.
2999 689 3108 746 Nos
3143 693 3415 761 siquidem

145 785 309 856 ἡδονῇ
346 785 730 855 σχολάζον-τες’
786 783 1087 855 τοῦμπαλιν
1135 783 1192 836 δὲ
1233 783 1511 846 πιέζοντες
1540 784 1645 835 ὲαυ·

1920 793 1962 830 ιη
1994 777 2140 846 digni
2173 777 2340 830 habiti
2364 792 2555 832 sumus
2583 777 2677 847 qui
2702 777 2766 830 ad
2797 789 3022 832 mortem
3051 797 3222 850 usque
3243 793 3420 837 certa-

145 879 242 949 τὴν
277 877 432 948 ζωὴν
465 877 699 940 ἀσιτίαις
739 879 832 930 καί
875 877 1056 940 πόνοις
1084 879 1178 930 xui
1208 879 1325 939 ταῖς
1356 876 1542 939 ἄλλαις
1569 877 1645 928 ἀστ

1917 884 2058 930 mus,
2104 881 2168 920 ac
2213 883 2310 938 pro
2361 866 2472 922 Deo
2515 867 2839 937 sanguinem
2877 867 3268 938 funderemus;
3323 871 3417 928 sed

145 973 324 1033 τικαῖς
355 969 780 1032 κακοπαθείαις·
812 969 860 1022 οἳ
893 969 984 1023 xui
1017 969 1114 1040 οὐχ
1147 967 1288 1040 ὑπὲρ
1322 967 1528 1020 ἑαυτῶν
1559 967 1645 1038 μόι

1915 961 1978 1013 tia
2012 959 2103 1013 ﬁlii
2131 975 2321 1014 sumus
2347 975 2534 1014 eorum
2559 959 2652 1030 qui
2687 959 2799 1014 haec
2833 969 2961 1014 sunt
3001 965 3264 1032 perpessi,
3305 965 3415 1018 vir.-

145 1061 280 1114 ἀλλά
323 1063 423 1114 xui
474 1061 612 1132 ὑπὲρ
655 1060 748 1113 τοῦ
795 1061 991 1124 παντὸς
1015 1059 1143 1112 λαοῦ
1186 1061 1250 1112 ἐκ
1293 1059 1487 1130 βάθους
1520 1058 1645 1130 καρδ

1919 1061 1967 1106 te
1995 1059 2209 1120 patrum
2241 1058 2552 1105 nostrorum
2576 1051 2778 1114 ornati,
2813 1067 3098 1120 precamur
3118 1061 3177 1106 ut
3205 1055 3418 1109 illorum

147 1151 284 1222 πρὸς
311 1151 408 1203 τὸν
435 1150 568 1202 Θεὸν
593 1149 824 1202 ἔστενον.
861 1149 952 1201 Διὺ
973 1148 1246 1201 λέλεκται·
1283 1147 1616 1200 Εἰσελσέτω
1644 1180 1647 1192 ς

1917 1143 2024 1196 alia
2043 1143 2478 1198 misericordiam
2499 1157 2925 1213 consequamur.
2954 1142 3134 1210 Quare
3155 1144 3415 1201 dicimus:

144 1243 333 1296 ώπιὸν
371 1259 494 1296 σου
531 1245 564 1296 ὀ
592 1241 926 1310 στεναγμὸς
962 1239 1080 1294 τῶν
1111 1239 1553 1308 πεπεδημένων.
1589 1239 1644 1290 Ti

1201 1239 1553 1308 πεδημένων.
1589 1237 1744 1298 Τίνες
1856 1233 2208 1287 Patrocinare
2237 1233 2367 1302 ﬁliis
2390 1232 2701 1285 occisorum.

145 1337 200 1389 δέ
231 1339 339 1389 εἱσι
369 1327 626 1388 οῖ’ταῦτα
668 1335 1040 1406 διδασκόμενοι
1083 1335 1283 1402 λέγειν,
1335 1333 1459 1404 ἑξῆς
1489 1331 1778 1403 παρίστησι
1843 1327 2100 1396 φάσκων·
2143 1327 2530 1395 Περιποίησαι
2563 1326 2710 1392 τοὺς
2753 1325 2920 1392 υίοὺς
2949 1326 3068 1380 τῶν
3099 1329 3422 1381 τεθανατω-

141 1427 360 1497 μένων.
409 1428 604 1498 Ἡμεῖς
636 1427 732 1498 μὲν
782 1427 890 1498 γὰρ
950 1426 1011 1478 οὐ
1070 1425 1452 1496 κατηξιώμεθα
1489 1424 1648 1496 μέχρι
1713 1421 1941 1474 θανάτου
1975 1418 2366 1486 ἀγωνίσασθαι,
2405 1417 2526 1470 οὐδὲ
2568 1418 2706 1489 ὑπὲρ
2749 1417 2884 1470 Θεοῦ
2923 1419 3256 1472 κενῶσαιτά
3294 1421 3422 1473 ἑαυ-

147 1523 252 1576 τῶν
279 1525 494 1594 αἵματα
515 1543 527 1556 ·
559 1524 671 1577 ἀλλ’
703 1522 886 1594 ἐπειδὴ
915 1521 1020 1575 τῶν
1041 1521 1211 1574 ταῦτα
1240 1521 1582 1574 πεπονθότων
1611 1517 1777 1588 ἐσμὲν
1815 1517 1939 1578 uici,
1973 1513 2356 1584 σεμνυνόμενοι
2401 1513 2492 1564 ἐπὶ
2526 1515 2591 1582 τῇ
2637 1511 2746 1564 τῶν
2789 1511 3038 1566 πατέοων
3094 1512 3423 1584 ἀρετῇ,-δεό..

151 1617 288 1686 μεθα
315 1615 386 1669 δι’
423 1616 666 1678 ἐκείνους
719 1613 1023 1685 ἐλεηθῆναι.
1073 1612 1164 1664 Διό
1197 1629 1376 1682 φαμεν
1397 1631 1408 1642 ·
1443 1609 1829 1678 Περιποίησαι
1857 1603 1998 1668 τοὺς
2019 1603 2190 1668 υίοὺς
2221 1602 2339 1655 τῶν
2365 1600 2872 1670 τεθανατωμένων.

212 1707 462 1773 Ἀπόδος
477 1709 598 1773 τοῖς
611 1707 874 1776 γείτοσιν
889 1709 924 1774 ή
925 1707 1056 1777 μῶν
1070 1705 1524 1762 ἑπταπλασίονα
1537 1705 1586 1756 εἱ
1591 1723 1624 1768 ς
1639 1701 1712 1754 rd:

1923 1694 2087 1749 Vsus.
2135 1693 2320 1748 12-14.
2364 1693 2536 1748 Redde
2571 1694 2752 1746 vicinis
2790 1693 2984 1746 nostris
3027 1696 3320 1763 septuplum
3365 1697 3423 1750 in

151 1803 384 1856 κόλπον
399 1800 622 1862 αὐτῶν,
637 1797 742 1853 τὸν
753 1800 1095 1870 ὀνειδισμὸν
1105 1818 1142 1852 α
1151 1799 1322 1862 ὺτῶν,
1343 1799 1415 1850 ὃν
1427 1797 1600 1850 ὡνείδ
1603 1813 1651 1848 ιο

1924 1805 1970 1841 tu
1998 1803 2200 1850 eorum,
2228 1787 2604 1856 improperium
2647 1785 2898 1852 ipsorum,
2923 1784 3060 1855 quod
3084 1787 3424 1855 exprobrave-

151 1913 242 1962 σε,
273 1899 479 1966 Κύριε.
510 1897 699 1968 Ἡμεῖς
725 1897 793 1950 δὲ
821 1900 972 1964 λαός
1001 1915 1116 1951 σου
1139 1897 1238 1952 καὶ
1269 1895 1531 1963 πρόϐατα
1556 1911 1650 1962 ro;

1923 1889 1970 1934 nt
1999 1881 2113 1944 tibi,
2157 1879 2397 1933 Domine.
2437 1877 2552 1932 Nos
2589 1887 2762 1930 autem
2802 1877 3024 1945 populus
3064 1889 3182 1932 tuus
3227 1889 3276 1934 et
3306 1899 3423 1936 oves

153 2004 283 2052 σου,
301 1987 914 2058 ἁνθομολογησόμεοά
937 2005 1035 2043 σοι
1062 1991 1148 2054 είς
1169 1987 1272 2041 τὸν
1295 1985 1497 2040 αἰῶνα.
1525 1989 1628 2053 Εἰς
1651 2013 1653 2022 ι

1923 1989 2062 2028 seua:
2085 1981 2206 2036 tute,
2235 1971 2600 2041 conﬁtebimur
2625 1970 2718 2024 tibi
2739 1971 2792 2024 in
2820 1971 3093 2024 circulum.
3113 1971 3178 2026 In
3206 1989 3423 2043 genera-

153 2081 294 2134 νεὰν
324 2080 427 2134 καὶ
465 2081 680 2150 γενεὰν
714 2081 1158 2150 ἐξαγγελοῦμεν
1183 2081 1296 2148 τὴν
1323 2080 1565 2134 αἵνεσίν
1601 2095 1653 2133 σε

1919 2083 2044 2119 mem
2063 2075 2112 2120 et
2135 2065 2524 2135 generationem
2553 2061 2988 2118 annuntiabimus
3013 2063 3222 2118 laudem
3253 2075 3419 2122 luant.

166 2171 338 2242 Ἦμιὶς
357 2170 464 2240 μὲν
509 2169 880 2241 περιποίησαι,
907 2170 955 2222 εἰ
988 2171 1082 2224 xui
1117 2169 1190 2241 μὴ
1226 2169 1291 2222 δι’
1321 2169 1486 2240 ἡμᾶς,
1512 2169 1666 2222 ἀλλὰὲ

1923 2157 2016 2212 ibis
2047 2157 2410 2228 patrocinare,
2444 2155 2548 2210 etsi
2581 2171 2686 2209 non
2727 2157 2901 2208 nostri
2943 2171 3134 2220 causa,
3171 2157 3266 2211 sed
3296 2173 3423 2228 pro-

155 2264 276 2324 τοὺς
305 2261 574 2333 πατέρας.
607 2263 732 2324 Τοῖς
773 2261 830 2315 δὲ
870 2261 1106 2330 γείτοσιν
1149 2261 1326 2332 ἡμῶν,
1368 2261 1608 2314 τουτέστι
1633 2280 1655 2314 τ

1921 2265 1972 2304 er
2002 2257 2186 2321 patres
2219 2257 2460 2304 nostros.
2489 2247 2693 2303 Vieinis
2724 2265 2851 2303 vero
2877 2249 3105 2312 nostris,
3143 2249 3196 2303 id
3221 2257 3305 2305 est
3351 2249 3421 2305 iis

161 2354 614 2424 ἐπανισταμένοις
636 2355 764 2424 ἡμῖν
781 2353 979 2408 καὶτὸν
996 2353 1114 2408 καθ’
1131 2353 1286 2426 ἡμῶν
1305 2353 1536 2426 πόλεμον
1553 2355 1661 2426 διεγ

1927 2343 1942 2396 i
1973 2343 2263 2412 insurgunt
2290 2343 2342 2395 in
2376 2357 2497 2405 nos,
2531 2341 2798 2411 nobisque
2829 2341 3027 2396 bellum
3062 2351 3304 2409 movent,
3339 2343 3423 2396 vi-

160 2461 358 2515 ρουσιν,
409 2445 612 2509 ἀπόδος
669 2445 734 2499 τὰ
790 2447 1084 2516 ἀμοιϐαῖα,
1134 2447 1581 2512 πολυπλασιάζων
1647 2466 1660 2499 ι

1923 2453 1940 2489 s
1979 2435 2272 2494 relribuas,
2309 2433 2678 2504 multiplicans
2732 2434 2862 2486 illud
2893 2435 3196 2490 sceleribus
3236 2451 3423 2488 eorum

158 2538 514 2610 ὀφειλομένην
539 2539 721 2602 αὐτοῖς
771 2539 912 2610 ὑπὲρ
963 2533 1038 2592 ὧν
1070 2539 1304 2610 ἔδρασαν
1335 2541 1624 2611 τιμωρίαν,

1924 2528 2091 2580 hilum
2133 2527 2484 2596 supplicium.
2533 2525 2652 2580 Non
2703 2535 2787 2581 sat
2843 2527 2951 2581 illis
3009 2529 3107 2580 l'uit
3155 2529 3294 2582 mala
3340 2529 3424 2582 in-

159 2633 264 2694 τοῖς
293 2630 415 2684 καθ’
449 2631 608 2702 ἡμῶν
638 2631 999 2704 ἀρκεσθέντες
1029 2635 1238 2696 κακοῖς,
1274 2631 1388 2686 ἀλλ’
1419 2633 1518 2705 ἤδη
1557 2634 1653 2687 καὶ

1925 2621 2058 2675 tisse
2103 2620 2296 2686 nobis;
2331 2618 2425 2674 sed
2472 2629 2523 2673 te
2564 2635 2783 2690 quoque
2815 2621 3196 2674 universorum
3253 2619 3425 2674 Domi-

161 2721 246 2775 τὸν
275 2722 365 2775 ἐπὶ
395 2723 619 2776 πάντων
642 2721 846 2794 Κύριον
876 2723 1216 2794 βλασφήμοις
1248 2725 1343 2776 xui.
1376 2725 1661 2778 ὁνειδιστικ

1931 2728 1982 2766 m
2015 2711 2349 2781 blasphemis
2395 2719 2447 2766 ct
2493 2711 2906 2766 contumeliosis
2935 2711 3100 2767 dictis
3145 2713 3428 2782 impetive-

163 2815 575 2886 πριόάλλοντες
607 2815 806 2884 λόγοις.
845 2815 984 2870 Ἀλλ’
1015 2816 1240 2880 ἐκείνοις
1263 2817 1384 2888 μὲν,
1415 2819 1599 2888 φησιν,
1623 2819 1663 2870 ἀι

1925 2813 2000 2858 ιιι.
2033 2803 2230 2858 Verum
2275 2803 2382 2858 illis
2430 2803 2498 2856 ad
2541 2804 2830 2858 utilitatem
2883 2819 3036 2857 suam
3071 2803 3425 2873 promeritam

163 2906 243 2970 δος
282 2909 376 2978 τὴν
410 2908 571 2974 ἀξίαν
614 2909 882 2980 τιμωρίαν
913 2905 1048 2978 πρὸς
1076 2907 1341 2976 ὡφελείας
1383 2908 1561 2961 αὐτῶν
1589 2926 1663 2978 γε·

1925 2899 2017 2954 ide
2069 2897 2439 2967 supplicium;
2491 2897 2564 2950 ila
2613 2905 2674 2950 ut
2717 2913 2784 2951 eo
2826 2905 3220 2952 convertantur
3260 2907 3313 2951 et
3359 2897 3425 2950 ad

166 2997 408 3069 σομένην,
429 2999 909 3070 ἐπιστρεφομένων
935 2999 1028 3052 xui
1065 2998 1543 3070 σωφρονιζομένων
1566 3001 1632 3053 δι’
1658 3021 1666 3053 ι

1927 2991 2131 3044 :liorem
2174 3005 2232 3043 se
2272 2989 2479 3056 frugem
2511 2989 2814 3059 recipiant;
2849 3005 2948 3045 nos
2988 2997 3164 3046 autem
3214 2991 3427 3044 occiso-

165 3087 272 3160 τῆς·
303 3091 454 3159 ἡμᾶς
481 3090 534 3144 δὲ
567 3089 726 3154 σῶζε,
764 3092 888 3152 τοὺς
919 3091 1068 3154 υἱοὺς
1105 3091 1213 3143 τῶν
1242 3091 1665 3162 τεθανατωμένω

1927 3099 1967 3136 rn
2011 3082 2170 3148 ﬁlios,
2197 3083 2370 3138 salute
2411 3083 2573 3145 dona,
2616 3082 2733 3151 qui,
2772 3081 2985 3138 etiamsi
3023 3097 3130 3136 non
3179 3081 3427 3152 patribus

167 3179 230 3243 οἳ,
275 3183 322 3233 εί
365 3181 464 3234 xui
507 3182 582 3252 μὴ
624 3184 734 3244 τοῖς
779 3182 1016 3252 πατράσι
1050 3182 1350 3253 γεγόναμεν
1392 3183 1588 3253 ὅμοιοι,
1629 3184 1667 3236 ai

1927 3178 2058 3232 niles
2095 3175 2380 3241 fuerimus,
2429 3184 2670 3231 attamen
2703 3178 2937 3247 populus
2979 3185 3108 3232 tuus
3151 3193 3341 3232 sumus
3375 3185 3427 3230 et

174 3227 230 3243 ’Ἴ
278 3227 321 3233 ’⁷
367 3227 464 3234 ”“⁹’⁷
507 3227 582 3252 ΓἹ
635 3227 734 3244 ⁷’”⁸
787 3227 1016 3252 ”’““Γ“’“’
1061 3227 1345 3253 0'6""b""
1394 3227 1588 3253 'r'""'
1629 3227 1664 3236 "

166 3271 302 3340 ὅμως
333 3290 425 3326 σου
482 3273 819 3344 τυγχάνομεν
851 3275 978 3338 λαὸς
1011 3276 1105 3328 xui
1144 3275 1244 3345 τῆς
1283 3275 1381 3346 σῆς
1409 3275 1580 3346 νομῆς
1613 3293 1666 3346 πη

1927 3227 2057 3232 ----,-
2095 3227 2380 3241 ηννρη,
2703 3227 2935 3247 Γρη-
2984 3227 3106 3232 ψη
3152 3227 3337 3232 μμ---
3382 3227 3425 3230 _-

1927 3289 1982 3328 es
2015 3289 2231 3343 pascuae
2267 3279 2406 3338 tua};
2437 3287 2604 3342 quare
2648 3271 3015 3340 conﬁtebimur
3049 3272 3142 3324 tibi
3177 3271 3230 3323 in
3257 3285 3427 3324 soccu-

169 3360 322 3415 6ατα·
369 3361 453 3415 διὸ
499 3363 1106 3433 ἀνθομολογησόμεθά
1143 3379 1239 3418 σοι
1277 3368 1363 3430 είς
1395 3365 1498 3417 τὸν
1529 3363 1669 3417 αίῶν

1931 3381 1992 3427 n,
2037 3366 2242 3434 gratias
2300 3365 2510 3417 scilicet
2563 3373 2788 3434 agentes
2825 3363 3148 3433 debilesque
3201 3364 3431 3434 hymnos

169 3451 608 3524 εὐχαριστοῦντες
625 3455 820 3527 δηλαδὴ
844 3455 1080 3518 καὶτοὺς
1104 3457 1408 3528 πρέποντας
1435 3455 1634 3526 ὕμνους
1651 3474 1669 3507 ι

1931 3455 2118 3510 laudes
2149 3470 2246 3524 pro
2276 3455 2516 3524 acceptis
2541 3455 2824 3510 beneﬁciis
2855 3455 2954 3528 tibi
2981 3455 3226 3508 omnium
3261 3454 3431 3507 bono-

169 3543 462 3614 δοξολογίας
483 3548 622 3618 ὑπὲρ
639 3541 712 3600 ὧν
731 3543 788 3600 εὖ
815 3547 1160 3618 πεπόνθαμεν
1179 3548 1260 3600 σοὶ
1281 3546 1356 3618 τῷ
1373 3547 1588 3599 πάντων
1607 3549 1669 3614 ἀγ

1929 3565 1974 3600 rn
2007 3547 2252 3617 largitori
2293 3545 2402 3602 Deo
2437 3548 2771 3602 emittentes.
2812 3527 3080 3616 Deinceps
3111 3561 3238 3600 vero
3269 3547 3323 3598 in
3349 3563 3429 3615 ge-

171 3636 270 3690 θῶν
302 3639 490 3712 δοτῆρι
529 3639 648 3708 Θεῷ
670 3639 1103 3710 ἀναπέμποντες.
1137 3639 1364 3709 Ἐφεξῆς
1395 3656 1452 3691 τε
1474 3640 1622 3692 κατὰ
1651 3659 1671 3709 γ

1929 3641 2175 3692 rationem
2218 3649 2268 3692 et
2307 3640 2694 3709 generationem
2747 3639 3185 3694 annuntiabimus
3220 3637 3429 3691 laudent

173 3730 304 3784 νεὰν
335 3733 433 3786 καὶ
475 3731 688 3802 γενεὰν
720 3732 1164 3801 ἐξαγγελοῦμεν
1209 3731 1321 3798 τὴν
1357 3731 1596 3786 αἵνεσίν
1628 3749 1670 3785 σ

1925 3751 1996 3786 πηι
2035 3733 2158 3788 ﬁliis
2187 3734 2416 3796 nostris,
2449 3733 2572 3788 ﬁliis
2599 3733 2833 3786 ﬁliorum
2869 3743 2922 3785 et
2945 3747 3135 3786 eorum
3170 3731 3425 3800 posteris,

175 3821 346 3874 παισὶν
363 3823 660 3894 ἡμετέροις
677 3823 768 3875 καὶ
790 3822 992 3876 παίδων
1011 3823 1187 3885 παισὶ,
1205 3821 1466 3892 διαδόχοις
1487 3841 1546 3874 τε
1565 3824 1675 3875 αύτε

1928 3826 2148 3878 lutarem
2204 3823 2382 3879 laudis
2435 3832 2541 3878 tua:
2595 3823 2964 3894 disciplinam,
3015 3839 3116 3878 ceu
3170 3824 3428 3900 optimam

175 3913 274 3974 τοῖς
301 3915 439 3982 μετὰ
478 3913 648 3965 ταῦτα
671 3913 1074 3984 γενησομένοις,
1099 3912 1288 3984 ὥσπερ
1310 3913 1510 3980 ἀγαθὸν
1545 3913 1675 3985 κλῆρ

909 3913 1074 3976 ένοις,
1099 3912 1288 3984 ὥσπερ
1310 3913 1510 3980 ἀγαθὸν
1545 3913 1744 3985 κλῆρον
1853 3927 2079 3981 sortem,
2112 3917 2409 3971 tradentes.

177 4001 578 4070 παραδώσοντες
609 4001 709 4072 τῆς
743 4002 1002 4065 αἰνέσεως
1041 4001 1110 4054 τὰ
1150 4003 1392 4072 σωτήρια
1426 4003 1738 4073 μαθήματα.

177 4111 274 4166 ΕΙΣ
301 4115 385 4168 ΤΟ
411 4116 652 4176 ΤΕΛΟΣ,
680 4115 861 4167 ΥΠΕΡ
889 4117 1023 4167 ΤΩΝ
1047 4117 1677 4172 ΛΛΛΟΙΩΘΗΣΟΜΕΝΩ.

1943 4113 2008 4168 ΙΝ
2055 4113 2284 4176 FINEM,
2325 4113 2460 4167 PRO
2498 4112 2583 4166 IIS
2617 4113 2734 4178 QUI
2777 4111 3427 4180 COMMUTABUNTUR,

610 4185 1016 4238 ΜΛΡΤΥΡΙΟΝ
1047 4187 1132 4256 το
1160 4187 1352 4238 ante.

2255 4183 2738 4240 TESTIMONIUM
2769 4185 3015 4238 ASAPII.

926 4281 1044 4332 08’.
2525 4275 2762 4330 LXXIX.

253 4386 304 4440 '0
327 4392 654 4462 ποιμαίνων
689 4393 794 4446 τὸν
834 4393 1093 4462 Ἰσραὴλ,
1129 4395 1413 4462 πρόσχες,
1449 4397 1480 4447 ὁ
1516 4393 1748 4463 ὁδηγῶν

1929 4393 2094 4448 Vens.
2131 4393 2186 4446 2.
2230 4393 2334 4458 Qui
2359 4393 2535 4460 pascis
2579 4391 2775 4457 Israel,
2811 4393 3042 4457 intende,
3083 4395 3173 4464 qui
3217 4395 3429 4448 deducis

179 4473 310 4532 ὡσεί
339 4485 636 4550 πρόϐατον
661 4484 766 4538 τὸν
807 4484 1038 4555 Ἰωσήφ.
1070 4485 1344 4556 Τέσσαρές
1375 4487 1511 4538 εἰσιν
1543 4489 1589 4540 οἱ
1629 4489 1679 4539 ές

1929 4487 1990 4538 ‘ut
2035 4501 2177 4538 ovem
2207 4483 2424 4554 Joseplt.
2455 4485 2698 4552 Quatuor
2740 4495 2870 4540 sunt
2901 4485 3173 4556 inscripti,
3206 4485 3314 4542 Pro
3364 4489 3429 4540 iis

183 4575 572 4646 γεγραμμένοι,
614 4576 780 4644 Ὑπὲρ
839 4573 953 4629 τῶν
997 4577 1604 4646 ἀλλοιωθησομένωνο
1658 4579 1683 4630 δ

1933 4577 2482 4642 icommutabuntur;
2532 4579 2641 4633 duo
2679 4579 2898 4649 quidem
2951 4577 3194 4642 Davidis,
3246 4596 3336 4632 ιιι
3380 4587 3433 4632 ιιι

187 4659 274 4726 μὲν
301 4665 390 4718 τοῦ
415 4665 598 4730 Δαυῒδ,
625 4670 654 4721 ὁ
677 4668 752 4722 νϐ’
781 4670 874 4722 καὶ
904 4671 932 4720 ό
957 4669 1058 4740 ξη’,
1082 4669 1188 4722 τῶν
1228 4669 1284 4722 δὲ
1313 4669 1444 4723 υίιῖιν
1476 4671 1622 4742 Κορὲ
1649 4667 1687 4724 εἳ

1932 4685 2046 4734 VIII,
2089 4669 2321 4724 ﬁliorqu
2353 4669 2493 4724 Core
2545 4687 2707 4733 unus,
2743 4687 2890 4732 κων,
2929 4669 3133 4740 Asaphi
3171 4671 3298 4724 item
3345 4669 3432 4724 hic

186 4753 210 4802 ὁ
243 4754 337 4822 μδ,
371 4759 464 4812 xui
509 4759 606 4812 τοῦ
652 4761 822 4830 Ἀσὰφ
873 4761 1132 4824 ὡσαύτως
1163 4763 1192 4814 ὁ
1261 4762 1398 4832 μετὰ
1452 4765 1654 4835 χεῖρας.

1933 4779 2014 4818 em
2063 4769 2386 4818 tractamus.
2435 4763 2932 4834 Quinquagesimus
2989 4779 3167 4818 nonus
3221 4763 3433 4831 lapsunl

191 4841 277 4908 μὲν
306 4841 393 4899 οὖν
421 4849 494 4902 νθ¹
537 4850 852 4904 ἀπόπτωσιν
882 4851 974 4905 τοῦ
1023 4853 1289 4906 Ἰουδαίων
1333 4852 1518 4918 ἔθνους
1565 4855 1690 4926 ἐδήλ

1931 4855 2064 4909 daici
2103 4857 2284 4926 populi
2315 4864 2370 4910 et
2400 4857 2737 4910 vocationem
2777 4854 3022 4924 gentium
3057 4853 3431 4924 signiﬁcabat,

191 4936 272 4988 καὶ
315 4941 498 5014 κλῆσιν
535 4943 728 4996 ὲθνῶψ
766 4943 917 5012 ἔλεγε
948 4945 992 4996 δ’
1022 4943 1114 4998 οὗν
1148 4947 1467 5017 ἀρχόμενος,
1507 4946 1560 4999 ’0
1587 4947 1691 5000 Θεό

1935 4966 1944 5001 ι
1975 4949 2154 5002 verbis
2195 4963 2358 5002 orsus
2388 4967 2400 5002 :
2438 4947 2596 5010 Deus,
2640 4946 2879 5014 repulisti
2922 4962 3016 5000 nos
3040 4957 3089 4999 et
3123 4943 3435 5000 destruxisti

191 5028 391 5087 ἀπώσω
427 5036 602 5105 ἡμᾶς,
651 5037 748 5090 καὶ
788 5037 1060 5104 καθεῖλες
1092 5039 1270 5108 ἡμᾶς,
1309 5039 1636 5108 ὼργίσθης,
1661 5057 1691 5091 κ

1935 5059 1974 5103 ,
2011 5042 2180 5094 iratus
2221 5057 2296 5102 es,
2334 5049 2388 5094 cl
2420 5049 2614 5094 cmtera
2641 5055 2760 5109 quae
2795 5047 3119 5110 sequuntur.
3160 5038 3274 5092 Sub
3317 5037 3435 5091 haec

191 5119 254 5172 τὰ
280 5127 480 5192 τούτοις
505 5128 648 5199 ἑξῆς.
685 5125 816 5181 Εἶτα
865 5129 1088 5200 προῖὼν,
1135 5131 1337 5202 ἐπῆγεο
1368 5129 1547 5184 Μωάϐ
1574 5129 1691 5184 λέϐι

1936 5147 2038 5188 tum
2075 5151 2088 5186 :
2127 5131 2287 5186 Moab
2328 5133 2462 5186 lebes
2494 5133 2600 5200 spei
2627 5149 2770 5186 mew.
2813 5133 2880 5186 In
2915 5131 3212 5186 Idumwam
3255 5140 3436 5184 exten-

195 5211 292 5280 τῆς
327 5217 567 5288 ἐλπίδος
593 5239 734 5290 μου.
773 5222 898 5276 Ἐπὶ
931 5221 1046 5290 τὴν
1087 5222 1415 5292 Ἰδουμαίαν
1437 5223 1655 5278 ἐκτενῶ
1689 5243 1695 5273 ς

1933 5243 1980 5278 m
2024 5225 2432 5277 calceamenlum
2467 5239 2634 5275 meum
2655 5237 2673 5284 ;
2711 5223 2838 5274 mihi
2863 5221 3116 5290 allopltyli
3154 5221 3315 5274 amici
3347 5221 3433 5288 fa-

195 5303 453 5379 ὑπὸδημά
471 5332 612 5382 μου,
634 5313 763 5382 ἐμοὶ
789 5313 1130 5383 ἀλλόφυλοι
1159 5313 1483 5382 ἐφιλίασαν
1501 5333 1516 5346 ·
1543 5315 1598 5385 ἢ,
1622 5318 1695 5370 ὑπ

1951 5319 2104 5372 sunt,
2135 5309 2268 5370 sive,
2303 5307 2500 5360 subditi
2523 5318 2665 5362 sunt.
2701 5306 2962 5360 Similiter
2989 5321 3184 5370 vam,
3217 5305 3324 5358 Pro
3365 5305 3435 5358 iis

199 5397 464 5466 τάτησαν.
484 5407 756 5470 Ὡσαύτως
789 5408 882 5459 xui
914 5407 942 5458 ὁ
971 5405 1072 5478 ξη’,
1091 5407 1270 5474 Ὑπὲρ
1296 5407 1410 5460 τῶν
1423 5409 1699 5462 ἀλλοιωθι

1931 5400 2440 5455 icommutabuntur
2475 5401 2790 5469 inscriptus,
2842 5399 3121 5454 cruciatus
3172 5395 3431 5451 Servato-

199 5492 451 5556 σομένων
479 5499 974 5570 ἐπιγεγραμμένος,
995 5497 1062 5550 τὰ
1094 5499 1240 5569 πάθη
1267 5498 1636 5571 τοῦ-Σωτῆρος
1664 5519 1698 5553 κ

1927 5511 1938 5550 5
1990 5505 2043 5549 et
2101 5491 2317 5548 lsraelis
2363 5491 2722 5562 abjeclionem
2775 5491 3022 5545 declarat
3074 5489 3158 5544 his
3205 5488 3427 5543 verbis;

201 5573 285 5646 τὴν
317 5581 405 5636 τοῦ
441 5587 656 5659 Ἰσραὴλ
685 5589 952 5661 ἀποϐολὴν
989 5589 1284 5660 παρίστησι
1323 5589 1526 5660 λέγων·
1571 5594 1701 5644 Γειί

1935 5599 1986 5642 ιιι
2019 5605 2196 5641 mensa
2225 5603 2406 5640 eorum
2439 5603 2617 5639 coram
2648 5587 2776 5654 ipsis
2812 5587 2862 5639 in
2897 5585 3164 5654 laqueum,
3195 5593 3244 5636 et
3277 5583 3332 5636 in
3363 5599 3435 5636 re-

204 5666 344 5732 θῆτω
371 5677 406 5742 ἠ
435 5679 684 5747 τράπεζα
707 5681 905 5734 αὐτῶν
928 5680 1182 5735 ἐνώπιον
1206 5680 1404 5735 αὐτῶν
1427 5685 1512 5747 εἰς
1540 5682 1704 5750 παγίέ

1935 5681 2196 5733 butionem
2235 5689 2284 5732 et
2311 5679 2364 5732 in
2410 5677 2744 5733 scandalum.
2787 5677 3146 5732 Ubscurentur
3171 5675 3309 5727 oculi
3347 5689 3435 5727 eo-

209 5759 294 5811 καὶ
327 5767 406 5832 εὶς
444 5771 844 5824 ἀνταπόδοσιν
876 5773 972 5826 καὶ
1013 5775 1098 5837 εὶς
1141 5771 1512 5828 σκάνδαλον.
1567 5777 1709 5826 Σκοτ

1935 5789 1976 5826 in
2021 5789 2082 5826 ne
2125 5773 2353 5836 videant,
2393 5782 2442 5826 et
2489 5771 2708 5824 dorsum
2738 5785 2920 5824 eorum
2960 5783 3159 5836 semper
3197 5767 3435 5820 incurva.

209 5849 506 5918 συνίτωσαν
558 5864 612 5914 ol.
649 5864 936 5933 ὀφθαλμοὶ
986 5863 1182 5918 αὐτῶν
1221 5863 1322 5917 τοῦ
1353 5863 1438 5933 μὴ
1479 5861 1709 5926 βλέπειι

1931 5863 2088 5935 funde
2111 5879 2262 5931 super
2291 5881 2375 5920 eos
2407 5866 2543 5919 iram
2579 5873 2744 5928 tuam,
2780 5873 2828 5917 et.
2861 5863 3010 5932 furor
3035 5863 3128 5915 ira:
3161 5871 3263 5914 ture
3291 5874 3431 5912 eam
