3798 6282
337 335 436 394 951

1016 334 1286 390 EUSEBII
1336 331 1824 390 CESARIENSIS
1860 328 2012 386 OPP.
2061 329 2238 386 PARS
2276 331 2363 389 Ill.
2403 367 2472 376 —
2511 333 2916 392 EXEGETICA.

3491 340 3582 393 952

332 448 620 520 prehendat
669 467 776 505 eos.
813 448 937 505 Fiat
977 450 1239 505 habitatio
1277 466 1457 505 eorum
1500 449 1731 514 deserta,
1766 457 1818 503 et
1849 447 1879 500 i1

1969 445 2105 505 ικαὶ
2158 446 2266 500 τόν
2326 449 2519 504 νῶτον
2571 450 2759 505 αὐτὸν
2820 452 3143 519 διαπαντὸς
3205 455 3582 524 cursurus-or.

333 542 692 597 tabernaculis
735 560 915 599 eorum
953 561 1058 598 non
1103 547 1174 599 sit
1202 546 1293 616 qui
1332 544 1608 599 inhabitet.
1643 543 1908 610 Quoniam

327 649 482 706 quem
515 644 572 688 tu
596 638 904 706 percussisti
929 638 1188 705 persecuti
1217 648 1362 701 sunt,
1407 646 1456 692 et
1486 654 1642 707 super
1670 637 1906 690 dolorem

328 727 609 780 rulnerum
659 745 895 782 meorum
934 729 1274 784 addiderunt.
1311 729 1375 784 Hi
1420 731 1640 802 quidem
1687 729 1906 786 Davidts

327 827 479 875 sunt.
512 819 776 876 Filiorum
806 838 936 878 vero
977 823 1119 878 Core
1161 839 1308 888 xuv,
1341 823 1431 878 cui
1464 824 1674 886 titulus,
1707 822 1814 878 Pro
1838 824 1902 878 iis

326 912 418 976 qui
470 915 976 984 commutabuntur,
1031 917 1306 972 canticum
1359 932 1461 988 pro
1517 915 1724 972 Dilecto
1767 917 1904 972 emi-

327 1001 421 1066 sit,
475 1005 635 1074 cujus
691 1005 983 1062 adventum
1037 1008 1363 1078 vaticiuans,
1412 1010 1751 1065 vocationem
1802 1009 1904 1062 Eo-

325 1093 509 1150 clesia:
544 1112 609 1150 ex
644 1098 900 1167 gentibus
943 1098 1172 1166 addidit,
1202 1100 1304 1155 hoc
1326 1116 1445 1155 eam
1471 1099 1634 1156 modo
1661 1100 1905 1156 subindi-

323 1200 460 1241 cans
491 1208 502 1241 :
529 1190 692 1254 Audi,
737 1190 877 1259 lilia,
913 1200 962 1245 et
994 1191 1127 1257 vide,
1177 1203 1226 1247 et
1262 1194 1463 1247 inclina
1517 1211 1699 1249 aurem
1731 1205 1898 1257 tuum,

320 1287 371 1331 et
401 1277 706 1336 obliviscere
722 1284 975 1353 populum
1007 1294 1152 1338 tuum
1178 1295 1226 1340 et
1259 1285 1474 1340 domum
1495 1289 1663 1357 patris
1694 1289 1789 1343 tui.
1832 1287 1898 1342 Et

320 1375 650 1442 concupiscet
683 1391 775 1428 rea:
801 1375 1040 1431 decorem
1067 1388 1236 1444 tuum,
1259 1382 1508 1450 quoniam
1544 1383 1654 1450 ipse
1680 1391 1757 1437 est
1786 1381 1899 1436 Do-

317 1468 492 1523 minus
523 1477 666 1532 tuus,
697 1477 745 1521 et
784 1469 1083 1523 adorabunt
1103 1487 1242 1536 eum,
1273 1473 1389 1537 lilia
1427 1472 1554 1542 Tyri
1579 1474 1634 1527 in
1667 1475 1898 1527 muneri-

317 1561 434 1616 bus.
465 1561 668 1617 Eodem
699 1563 882 1632 itaque
922 1563 1085 1617 modo
1116 1563 1205 1618 hic
1243 1581 1407 1635 quem
1432 1573 1757 1632 tractamus,
1786 1567 1893 1622 Pro

313 1654 382 1710 iis
417 1655 509 1724 qui
545 1653 1010 1708 commutabuntur
1055 1655 1378 1726 inscriptus,
1417 1671 1482 1712 ac
1512 1658 1567 1712 in
1608 1657 1768 1712 linem
1810 1675 1894 1715 re-

313 1748 556 1809 mittens,
594 1746 800 1802 Christi
831 1749 1148 1811 adventum,
1177 1747 1392 1804 Judaici
1441 1752 1628 1821 populi
1659 1753 1886 1823 captivi-

313 1845 479 1891 tatem
517 1845 572 1892 et
607 1836 1110 1908 Hierosolymorum
1153 1839 1467 1895 incendium
1491 1842 1685 1912 quoda
1719 1843 1886 1915 Baby-

310 1927 477 1985 loniis
507 1929 710 1984 factum
744 1940 828 1987 est
876 1933 1226 2000 praenuntiat.
1261 1931 1445 1988 Primo
1472 1933 1692 2005 quidem
1739 1935 1888 1990 ordi-

310 2028 401 2074 tur
430 2021 498 2076 ab
525 2022 674 2077 exitu
709 2021 1026 2079 Iudaeorum
1064 2041 1131 2080 ex
1168 2024 1426 2096 Egypto,
1465 2039 1518 2082 et
1553 2027 1887 2085 habitatione

305 2129 497 2169 eorum
544 2115 600 2169 in
656 2115 940 2174 Palzestina
989 2137 1003 2173 :
1049 2117 1247 2174 deinde
1300 2119 1487 2189 adjicit
1545 2121 1885 2177 obsidionem

306 2213 430 2274 post
489 2205 605 2262 haec
659 2208 728 2262 ab
775 2208 1016 2280 Assyriis
1064 2218 1119 2264 et
1167 2209 1481 2281 Babyloniis
1533 2210 1730 2266 factam
1770 2215 1884 2268 :ad

304 2297 423 2352 hac
483 2307 664 2354 autem
723 2301 1181 2371 supplicationem
1234 2300 1466 2358 eﬂ'undit
1521 2318 1620 2372 pro
1679 2303 1882 2360 Christi

303 2389 541 2445 adventu
594 2408 611 2446 :
663 2406 784 2462 quae
841 2391 1156 2462 singulatim
1219 2392 1277 2448 in
1345 2393 1510 2464 hujus
1585 2397 1883 2466 prophetiae

301 2481 756 2551 interpretatione
812 2483 1256 2554 explicabuntur.
1311 2483 1472 2542 Initio
1521 2496 1702 2542 autem
1755 2504 1879 2544 eum

301 2571 396 2641 qui
441 2573 613 2640 pascit
658 2571 820 2628 Israel
867 2574 1111 2644 psalmus
1157 2582 1347 2630 evocat
1377 2594 1391 2632 :
1417 2576 1508 2632 hic
1555 2592 1718 2648 porro
1763 2587 1880 2633 erat

300 2662 399 2717 Dei
437 2661 700 2729 Verbum,
752 2665 832 2720 uti
870 2667 1190 2737 plerumque
1237 2668 1734 2740 comprobavimus,
1786 2671 1880 2725 de-

298 2754 576 2812 clarantes
629 2770 739 2811 non
788 2755 957 2812 Deum
1009 2759 1103 2829 qui
1157 2775 1324 2831 super
1369 2761 1553 2814 omnia
1595 2769 1723 2824 est,
1774 2763 1879 2818 sub

298 2846 538 2902 hominis
599 2847 768 2919 ﬁgura
826 2851 1004 2905 visum
1065 2850 1378 2906 Abrahamo
1435 2852 1645 2920 fuisse;
1701 2871 1878 2926 neque

297 2936 470 3008 Moysi
514 2941 738 2994 oracula
778 2941 1005 3008 fudisse,
1045 2959 1147 2999 nec
1197 2944 1252 2998 in
1285 2943 1498 3002 deserto
1527 2949 1876 3017 praecessisse

295 3031 593 3099 populum;
620 3032 714 3088 sed
748 3032 896 3089 hunc
929 3051 1040 3090 non
1069 3036 1233 3090 alium
1258 3052 1401 3102 esse,
1425 3053 1589 3108 quam
1619 3054 1743 3094 eum
1778 3041 1873 3111 qui

293 3121 348 3175 iu
378 3117 668 3193 Evangelio
710 3123 844 3178 dicit
875 3141 888 3176 :
928 3128 1219 3198 Antequam
1265 3128 1537 3184 Abraham
1563 3133 1741 3200 ﬁeret,
1779 3150 1872 3204 ego
1901 3149 1942 3206 ο

293 3225 412 3266 sum
428 3211 510 3276 ⁸⁸;
541 3223 614 3279 et,
649 3213 917 3268 Abraham
939 3225 1090 3285 pater
1129 3228 1295 3272 vester
1323 3221 1606 3275 exsultavit
1641 3233 1698 3276 ut
1727 3225 1872 3281 vide-

292 3311 371 3356 ret
393 3302 534 3357 diem
563 3321 758 3370 meum,
783 3315 833 3362 et
862 3307 1075 3370 vidit,et
1098 3311 1308 3380 gavisus
1338 3323 1415 3366 est
1433 3315 1522 3368 5".
1543 3316 1720 3384 Ipsum
1743 3332 1872 3388 ergo

285 3395 402 3461 jam
433 3405 626 3449 evocat
650 3397 842 3454 dicens
876 3418 889 3452 :
926 3399 1030 3466 Qui
1047 3403 1222 3469 pascis
1258 3401 1454 3472 Israel,
1472 3406 1700 3471 intende,
1735 3417 1868 3476 etc.,

291 3493 557 3558 rogatque
591 3498 650 3544 ut
702 3489 954 3547 ostendat
992 3491 1186 3548 faciem
1231 3510 1386 3550 suam
1439 3513 1538 3568 pro
1593 3503 1870 3558 communi

291 3579 538 3636 omnium
585 3582 794 3649 salute,
845 3584 1250 3658 adventumque
1299 3588 1421 3657 ejus
1463 3593 1866 3662 quamprimum

289 3670 608 3742 contingere
646 3674 930 3745 supplicat
964 3677 1049 3733 his
1085 3679 1268 3735 verbis
1300 3696 1314 3731 :
1348 3680 1540 3736 Excita
1579 3687 1868 3754 potentiam

287 3771 457 3828 tuam,
491 3775 540 3820 et
592 3768 707 3822 veni
737 3779 793 3822 ut
841 3769 1017 3825 salvos
1069 3770 1242 3842 facias
1275 3791 1412 3837 nos;
1443 3789 1508 3830 ac
1540 3778 1703 3832 tertio
1740 3793 1865 3835 cum

284 3853 440 3918 dicit,
469 3854 702 3911 Ostende
732 3859 923 3928 [aciem
953 3871 1100 3916 tuam
1123 3903 1139 3928 ,
1168 3873 1219 3919 et
1243 3866 1378 3919 salvi
1405 3868 1624 3925 erimus.
1666 3869 1868 3927 Deinde

283 3959 418 4000 vero
451 3946 720 4004 adventus
748 3952 969 4006 modum
997 3952 1240 4009 declarat
1263 3956 1454 4015 dicens
1480 3975 1494 4011 :
1529 3960 1656 4014 Fiat
1676 3979 1865 4018 manus

285 4045 382 4090 tua
425 4053 581 4107 super
621 4041 790 4100 virum
818 4041 1048 4100 dextera:
1077 4056 1200 4112 tute,
1232 4058 1282 4101 et
1303 4066 1462 4119 super
1491 4052 1664 4122 ﬁlium
1694 4053 1868 4109 homi-

284 4129 390 4193 nis,
416 4145 566 4198 quem
605 4133 935 4202 conﬁrmasti
965 4137 1082 4196 tibi.
1107 4139 1487 4212 lncorporeum
1520 4159 1755 4216 namque
1772 4146 1864 4201 Dei

284 4217 524 4274 Verbum
570 4236 748 4293 rogat,
786 4233 845 4279 ut
879 4242 975 4297 per
1021 4230 1200 4284 virum
1233 4232 1474 4290 dextera:
1507 4251 1642 4301 suae,
1687 4246 1740 4292 et
1768 4255 1864 4308 per

280 4310 481 4374 Filium
510 4317 747 4377 hominis
780 4321 1078 4380 beneﬁcam
1116 4326 1372 4384 virtutem
1415 4347 1570 4389 suam
1603 4336 1860 4395 omnibus

279 4407 562 4478 largiatur.
611 4409 792 4472 Divini
842 4416 1027 4488 itaque
1063 4427 1117 4474 et
1145 4421 1405 4478 salutaris
1459 4425 1730 4485 adventus
1759 4428 1861 4483 hac

277 4499 490 4556 ratione
538 4505 870 4563 mentionem
906 4507 1068 4577 fecit;
1105 4510 1323 4569 lsraelis
1356 4531 1487 4571 vero
1535 4518 1749 4574 ruinam
1782 4520 1856 4576 ita

273 4592 607 4654 vaticinatur
642 4612 656 4649 :
687 4595 881 4670 thuid
908 4600 1221 4658 destruxisti
1251 4609 1538 4663 maceriam
1561 4611 1719 4679 ejus?
1749 4615 1857 4668 sci-

276 4683 403 4738 licet
425 4686 616 4749 vineae,
650 4705 813 4764 quam
858 4708 924 4747 ex
974 4693 1209 4768 JEgypto
1241 4701 1543 4766 transtulit,
1580 4714 1630 4757 et
1679 4705 1858 4761 vinde-

275 4775 444 4830 miant
475 4795 590 4833 eam
623 4797 801 4836 omnes
820 4785 911 4854 qui
938 4789 1442 4858 praztergrediuntur
1471 4793 1629 4849 viam.
1657 4794 1853 4851 Exter-

273 4869 496 4923 minavit
518 4889 634 4926 eam
660 4889 786 4945 aper
822 4875 887 4934 de
912 4879 1045 4932 silva
1070 4919 1086 4943 ,
1114 4890 1164 4934 et
1193 4881 1482 4952 singularis
1513 4886 1655 4958 ferus
1693 4887 1854 4958 depa-

271 4968 386 5012 stus
421 4969 498 5013 est
525 4977 662 5017 eam.
691 4961 917 5019 Incensa
945 4967 1056 5036 igni
1083 4978 1133 5021 et
1158 4971 1411 5040 suffossa.
1446 4972 1571 5029 Haec
1598 4976 1665 5032 de
1697 4978 1852 5034 vinea

271 5065 623 5121 percurrens,
647 5053 887 5115 Iudaica:
910 5062 1088 5129 gentis
1117 5065 1479 5125 vastationem
1513 5071 1850 5137 praenuntia-

268 5145 380 5199 bat.
411 5145 542 5202 Jure
585 5149 771 5219 itaque
813 5151 869 5205 in
925 5153 1085 5207 titulo
1121 5154 1236 5210 haec
1285 5156 1430 5210 dicta
1475 5160 1850 5217 testimonium

271 5249 537 5295 vocantur
571 5261 583 5295 :
610 5258 735 5297 nam
784 5245 1156 5306 testimonium
1189 5251 1304 5306 haec
1339 5251 1521 5310 futura
1547 5270 1669 5311 esse
1689 5256 1846 5316 dixit.

270 5329 428 5389 Unde
470 5334 612 5402 apud
663 5333 1053 5406 Symmachum
1096 5350 1150 5396 et
1210 5344 1501 5414 Aquilam,
1543 5349 1848 5415 testiﬁcatio

268 5420 494 5477 dicitur.
529 5425 682 5480 Illius
713 5435 894 5482 autem
919 5429 1062 5494 loco,
1090 5447 1185 5500 pro
1233 5434 1301 5487 iis
1325 5437 1416 5506 qui
1447 5439 1848 5494 commutaban-

265 5519 386 5578 tur,
429 5512 813 5586 Symmachus,
841 5536 935 5588 pro
968 5522 1228 5590 ﬂoribus;
1259 5527 1456 5597 Aquila
1486 5547 1634 5600 vero,
1664 5548 1759 5602 pro
1781 5534 1846 5587 li-

287 5603 376 5671 iis,
413 5605 758 5677 interpretati
792 5621 938 5668 sunt.
990 5613 1418 5687 Prosperitatem
1449 5623 1716 5696 siquidem
1746 5625 1843 5683 Ju-

308 5737 384 5794 ἠ
423 5761 576 5818 Joan.
615 5780 744 5832 viti,
785 5769 871 5823 58.
951 5772 1017 5803 ⁵⁸·
1063 5773 1192 5830 ibid.
1225 5776 1313 5831 56.

2015 539 2265 609 Ἕκχεον
2289 543 2380 596 ἐπ’
2405 545 2628 612 αὐτοὺς
2673 545 2787 612 τὴν
2821 546 3009 617 ὀργήν
3039 563 3176 611 σου,
3213 549 3314 601 καὶ
3344 553 3378 603 ὀ
3411 549 3584 618 aqua,

2008 631 2118 700 τῆς
2159 633 2342 705 ὀργῆς
2382 650 2500 691 σου
2545 637 2865 692 καταλάϐοι
2913 641 3153 706 αὐτούς.
3195 640 3519 709 Γενηθήτω
3550 646 3583 712 ἡ

2006 723 2262 792 ἔπαυλις
2287 725 2486 780 αὐτῶν
2514 728 2892 799 ὴρημωμένη,
2940 731 3037 785 καί
3075 733 3143 785 ἐν
3188 732 3316 799 τοῖς
3350 733 3581 801 σκηνώ-

1999 829 2191 884 μασιν
2213 815 2412 869 αὐτῶν
2427 816 2513 886 μὴ
2534 818 2688 872 ἔστω
2721 823 2755 874 ό
2776 820 3066 876 κατοικῶν
3086 841 3102 856 ι
3123 822 3214 876 ὅτι
3239 823 3315 876 ὃν
3340 824 3426 877 σὺ
3451 825 3585 879 ἐπά-

2005 905 2190 972 ταξας
2219 907 2606 975 κατεδίωξαν,
2639 912 2736 966 καί
2777 913 2876 966 ἐπὶ
2920 913 2988 968 τὸ
3031 913 3218 986 ἄλγος
3248 915 3371 969 τῶν
3413 933 3582 984 τραυ-

1997 996 2202 1067 μάτων
2255 1017 2375 1068 μου
2423 1001 2822 1071 προσέθηκαν.
2877 999 3035 1060 Οὗτοι
3087 1006 3184 1077 μὲν
3237 1002 3332 1060 οὖν
3393 1009 3446 1060 οἱ
3496 1007 3581 1061 τοῦ

2002 1090 2181 1144 Δαυϊδ,
2200 1090 2321 1146 Τῶν
2347 1091 2404 1146 δὲ
2435 1092 2564 1146 υἱῶν
2580 1095 2723 1166 Κορὲ
2747 1097 2776 1148 ό
2798 1097 2900 1167 μδ¹,
2917 1097 3094 1166 ’Υπὲρ
3122 1097 3238 1152 τῶν
3259 1101 3585 1167 calamari-

2001 1180 2274 1250 σομένων
2301 1182 2398 1254 τὴν
2426 1185 2733 1257 ἐπιγραφὴν
2765 1187 2923 1257 ἔχων,
2955 1187 3096 1260 ᾠδὴν
3131 1189 3419 1260 ἀνέπεμπε
3446 1190 3584 1261 ὑπὲρ

1997 1273 2094 1326 τοῦ
2133 1274 2463 1344 Ἀγαπητοῦ,
2490 1272 2550 1331 οὗ
2588 1277 2686 1349 τὴν
2727 1278 3024 1348 παρουσίαν
3057 1279 3318 1344 θεσπίσας
3363 1281 3586 1333 ἑπισυν-

1997 1366 2137 1436 ῆπτε
2185 1366 2283 1438 τὴν
2325 1366 2515 1437 κλῆσιν
2561 1369 2659 1439 τῆς
2707 1368 2766 1434 ἑξ
2807 1369 2974 1423 ἑθνῶν
3020 1371 3346 1442 Ἐκκλησίας
3395 1371 3585 1426 τοῦτον

1998 1458 2366 1529 αἰνιττόμενος
2415 1460 2504 1514 τὸν
2555 1463 2786 1532 τρόπον’
2817 1463 3126 1528 Ἄκουσον,
3174 1465 3447 1534 θύγατερ,
3483 1466 3583 1518 καὶ

1995 1550 2209 1604 κλῖνον
2250 1551 2316 1606 τὸ
2358 1547 2468 1620 οὖς
2503 1569 2640 1618 σου,
2683 1554 2783 1608 καὶ
2813 1555 3100 1611 ἐπιλάθου
3134 1557 3239 1610 τοῦ
3275 1556 3430 1610 λαοῦ
3461 1573 3584 1611 σου

1996 1643 2093 1697 καὶ
2118 1644 2223 1697 τοῦ
2246 1645 2418 1698 οἴκου
2444 1645 2551 1698 τοῦ
2579 1648 2801 1715 πατρός
2827 1661 2965 1702 σου.
3010 1649 3118 1703 Kal
3163 1648 3518 1718 ἐπιθυμήσει
3549 1652 3586 1704 d

1988 1735 2289 1802 ,ϐασιλεὺς
2327 1736 2434 1791 τοῦ
2474 1736 2742 1804 κάλλους
2777 1753 2916 1804 σου,
2951 1739 3040 1792 ὅτι
3071 1740 3253 1805 αὐτός
3283 1740 3413 1793 ἐστι
3458 1741 3584 1792 Κύ-

1983 1828 2115 1896 ριός
2161 1843 2301 1892 σου,
2341 1830 2440 1882 καὶ
2485 1829 3030 1898 προσκυνήσουσιν
3077 1831 3267 1897 αὐτῷ,
3313 1831 3585 1901 θυγάτηρ

1995 1921 2182 1988 Τύρου
2213 1921 2284 1974 ἐν
2313 1920 2539 1989 δώροις.
2574 1921 2730 1976 Κατὰ
2774 1923 2865 1976 τὸν
2911 1923 3071 1976 αὑτὸν
3109 1919 3200 1978 οὖν
3235 1923 3430 1995 τρόπον
3480 1923 3588 1976 καὶ

1987 2014 2015 2064 ό
2045 2012 2182 2083 μετὰ
2207 2013 2589 2086 χείραςΎπὲρ
2628 2013 2745 2069 τῶν
2765 2015 3336 2085 ἀλλοιωθησομὲνων
3381 2020 3585 2085 ἐπιγε-

1985 2105 2324 2176 γραμμένος,
2375 2107 2471 2160 καὶ
2515 2109 2594 2170 εἰς
2644 2107 2706 2162 τὸ
2743 2108 2894 2172 τέλος
2937 2109 3293 2180 ἀναπέμπων,
3331 2108 3586 2180 Χριστοῦ

1985 2197 2305 2267 παρουσίαν,
2337 2198 2430 2251 τοῦ
2458 2215 2517 2251 τε
2560 2199 2822 2253 Ἰουδαίων
2846 2201 3029 2264 ἑθνους
3068 2202 3167 2271 τὴν
3198 2201 3585 2271 αἰχμαλωσίαν

1984 2290 2077 2343 καὶ
2106 2289 2196 2342 τὸν
2225 2291 2549 2363 ἐμπρησμὸν
2575 2293 2672 2364 τῆς
2710 2293 3058 2364 Ἰερουσαλὴμ
3082 2293 3139 2346 ὃν
3167 2293 3424 2346 πέπονθεν
3461 2293 3586 2345 ὑπὸ

1983 2380 2336 2436 Βαϐυλωνίων
2378 2387 2771 2456 προαναφωνεῖ.
2826 2385 3047 2457 Πρῶτον
3080 2387 3176 2456 μὲν
3218 2381 3306 2439 οὖν
3355 2385 3584 2457 διεξέρ-

1981 2491 2134 2545 χεται
2181 2475 2280 2548 τὴν
2333 2477 2428 2530 ἀπ’
2469 2477 2746 2548 Αἰγύπτου
2789 2478 2896 2532 τῶν
2936 2479 3204 2532 Ἰουδαίων
3239 2477 3430 2542 ἔξοδον,
3472 2477 3583 2529 καὶ

1979 2568 2078 2640 τὴν
2110 2568 2424 2641 κατοίκησιν
2451 2568 2632 2623 αὐτῶν
2659 2569 2753 2639 τὴν
2778 2569 2872 2622 ἐπὶ
2916 2569 3015 2640 τῆς
3043 2569 3150 2622 τῶν
3178 2567 3582 2638 ,Παλαιστίνων

1979 2663 2116 2734 γῆς’
2156 2662 2348 2717 ἔπειτα
2395 2663 2657 2718 συνάπτει
2687 2664 2784 2734 τὴν
2821 2663 2958 2734 μετὰ
2999 2663 3172 2716 ταῦτα
3214 2660 3580 2714 εἰσελθοῦσαν

1979 2755 2160 2818 αὐτοῖς
2180 2755 2494 2823 πολιορκίαν
2510 2755 2617 2808 ὑπὸ
2643 2755 2940 2826 Ἀσσυρίων
2964 2755 3058 2808 καὶ
3075 2753 3420 2807 Βαϐυλωνίων
3468 2755 3579 2806 καὶ

1980 2843 2116 2915 πρὸς
2144 2843 2353 2908 τούτοις
2379 2845 2658 2916 ἱκετηρίαν
2694 2845 2967 2899 ἐκτίθεται
2995 2845 3134 2915 ὑπὲρ
3165 2848 3259 2916 τῆς
3292 2843 3384 2896 τοῦ
3417 2845 3576 2915 Χρι-

1979 2935 2105 2988 στοῦ
2131 2936 2477 3006 ἐπιφανείαςο
2502 2936 2674 2991 ταῦτα
2699 2937 2755 2991 δὲ
2782 2938 2923 2991 κατὰ
2949 2937 3113 3008 μέρος
3136 2936 3476 3007 δειχθήσεται
3517 2940 3576 2990 ἐν

1975 3032 2041 3101 τῇ
2063 3031 2169 3084 τῶν
2189 3032 2681 3105 προφητευομένων
2713 3032 2976 3105 ἑρμηνείᾳ
2991 3050 3004 3062 ·
3029 3031 3168 3085 κατὰ
3193 3032 3246 3085 δὲ
3263 3031 3356 3102 τὴν
3378 3031 3576 3102 ἀρὴν

1977 3123 2322 3177 ἀνακαλεῖται
2368 3127 2396 3178 δ
2429 3124 2640 3195 ψαλμὺς
2678 3125 2770 3177 τὸν
2808 3123 3160 3194 ποιμαίνοντα
3192 3123 3277 3176 τὸν
3311 3123 3571 3193 Ἰσραήλ·

1977 3209 2129 3282 οὗτος
2156 3217 2212 3270 δὲ
2239 3213 2308 3288 ῆν
2341 3218 2368 3271 ὁ
2396 3217 2491 3270 τοῦ
2520 3217 2653 3270 Θεοῦ
2676 3217 2865 3286 Λόγος,
2892 3217 2968 3280 ὡς
3003 3217 3253 3279 πολλάκις
3273 3215 3576 3279 ἀπδείξαο

1977 3325 2074 3379 μεν
2096 3308 2488 3380 παριστῶντες,
2508 3308 2582 3380 μὴ
2604 3309 2694 3362 τὸν
2719 3309 2975 3362 ἐπέκεινα
2998 3308 3090 3362 τὸν
3114 3308 3246 3362 ὅλων
3259 3307 3389 3359 Θεὸν
3410 3307 3572 3364 εἶναι

1971 3402 2062 3455 τὸν
2082 3395 2261 3471 ὦφθαι
2281 3400 2360 3473 τῷ
2392 3401 2640 3473 Ἀϐραὰμ
2657 3405 2716 3456 ἐν
2738 3402 2928 3474 ἀνδρὸς
2960 3403 3194 3472 σχήματι
3214 3401 3571 3474 ἀναγεγραμ-

1975 3493 2155 3564 μένον,
2178 3492 2365 3564 καὶτῷ
2386 3494 2610 3546 Μωῦσεῖ
2631 3493 3109 3564 κεχρηματικέναι,
3139 3491 3230 3544 καὶ
3257 3494 3311 3545 ἑν
3335 3493 3402 3561 τῇ
3425 3493 3570 3562 cpi;-

1974 3603 2060 3658 μῳ
2093 3585 2491 3659 προωδευκέναι
2515 3584 2610 3638 τοῦ
2629 3585 2777 3638 λαοῦ·
2809 3579 2948 3639 εἶναι
2978 3585 3035 3638 δὲ
3065 3583 3245 3638 τοῦτον
3270 3583 3566 3654 οὐδέτερον

1970 3677 2064 3731 τοῦ
2109 3679 2168 3730 ἑν
2222 3676 2579 3746 Εὑαγγελίοις
2631 3676 2940 3748 εἰρηκότος·
2985 3675 3134 3743 Πρὶν
3173 3675 3422 3743 Ἀϐραὰμ
3451 3693 3563 3743 τε-

1969 3769 2179 3824 νέσθαι
2202 3769 2316 3838 ἐγώ
2335 3772 2450 3838 εἰμι
2471 3786 2484 3799 ο
2506 3769 2621 3833 καὶ,
2649 3768 2905 3839 Ἀϐραὰμ
2926 3771 2958 3822 ὀ
2975 3767 3169 3836 πατὴρ
3188 3767 3348 3836 ὑμῶν
3367 3767 3562 3836 ἠγαλ-

1967 3861 2222 3917 λιάσατο
2242 3863 2342 3916 ἵνα
2366 3862 2462 3931 ἴδῃ
2487 3861 2602 3930 τὴν
2626 3861 2852 3932 ἡμέραν
2878 3861 2993 3930 τὴν
3016 3861 3189 3930 ἐμὴν,
3214 3860 3308 3913 καὶ
3330 3855 3423 3912 ἴδε
3447 3861 3559 3913 καὶ

1967 3954 2173 4024 ἐχάρη.
2234 3955 2406 4008 Αὐτὸν
2433 3954 2496 4026 δὴ
2526 3950 2618 4009 οὗν
2649 3955 2743 4008 ἐπὶ
2773 3953 2868 4007 τοῦ
2899 3955 3166 4026 παρόντος
3195 3951 3555 4007 ἀνακαλεῖται

1968 4046 2193 4115 φάσκων
2210 4063 2223 4076 ’
2241 4047 2303 4100 '0
2319 4048 2648 4116 ποιμαίνων
2662 4045 2768 4099 τὸν
2791 4045 3051 4114 Ἰσραὴλ,
3069 4047 3352 4114 πρόσχες,
3373 4045 3472 4097 καὶ
3485 4046 3554 4096 τὰ

1967 4139 2094 4211 ἑξῆς
2112 4177 2127 4203 ,
2155 4138 2418 4207 ἑπιφάναι
2435 4156 2494 4192 τε
2518 4138 2580 4191 τὸ
2597 4139 2885 4209 πρόσωπον
2908 4136 3072 4191 αὐτοῦ
3091 4137 3227 4208 ὑπὲρ
3248 4137 3342 4206 τῆς
3363 4139 3553 4208 κοινῆς

1966 4233 2221 4286 ἁπάντων
2241 4232 2513 4303 σωτηρίας
2527 4231 2812 4299 ἀντιϐολεῖ,
2825 4233 2924 4302 τήν
2939 4248 2998 4284 τε
3017 4231 3316 4302 παρουσίαν
3330 4231 3502 4284 αὑτοῦ

1965 4323 2129 4396 τάχος
2171 4321 2422 4392 γενέσθαι
2463 4323 2606 4390 ἀξιοῖ
2632 4322 2802 4390 λέ,ων
2822 4341 2836 4354 ’
2867 4322 3197 4392 Ἑξέτειρον
3221 4321 3335 4391 τὴν
3361 4323 3548 4376 δυνα-

1966 4416 2177 4469 στείαν
2196 4432 2312 4469 σου
2326 4453 2342 4480 ,
2363 4415 2460 4468 καὶ
2480 4414 2619 4468 ἐλθὲ
2636 4455 2650 4480 ,
2667 4417 2754 4481 εὶς
2773 4413 2840 4468 τὸ
2857 4414 3053 4468 σῶσαι
3071 4412 3247 4484 ἡμᾶς.
3273 4415 3471 4485 Τρίτον
3487 4415 3547 4468 δὲ

1895 4497 1938 4551 D
1965 4506 2157 4572 εἰπὼν,
2185 4509 2515 4578 Ἐπίφανον
2542 4506 2607 4560 τὸ
2634 4509 2958 4577 πρόσωπόν
2978 4524 3094 4561 σου
3113 4547 3128 4572 ,
3159 4507 3255 4560 καὶ
3273 4509 3543 4574 σωθησό-

1962 4604 2135 4668 μεθα,
2156 4600 2248 4655 τὸν
2265 4601 2462 4673 τρόπον
2477 4601 2576 4671 τῆς
2597 4599 2915 4674 ἐπιφανείας
2935 4599 3264 4671 παρίστησιν
3283 4598 3412 4669 ἑξῆς
3432 4601 3543 4651 ἐπι-

1962 4691 2137 4762 λέγων
2158 4709 2170 4726 '
2189 4692 2508 4761 Γενηθήτω
2524 4694 2562 4763 ἡ
2588 4693 2718 4763 χείρ
2733 4710 2850 4748 σου
2867 4693 2958 4748 ἐπ’
2980 4691 3168 4760 ἄνδρα
3182 4692 3387 4758 δεξιᾶς
3402 4707 3536 4755 σου,

1961 4787 2058 4839 καὶ
2087 4787 2186 4839 ἐπὶ
2212 4785 2349 4840 υἱόν
2376 4786 2712 4854 ἀνθρώπου,
2747 4785 2820 4840 ὃν
2847 4785 3253 4856 ἐκραταίωσας
3283 4781 3532 4846 σεαυτῷ.

1961 4877 2064 4930 Τὸν
2107 4877 2216 4952 γὰρ
2243 4878 2533 4952 ἀσώματον
2564 4878 2658 4930 τοῦ
2700 4877 2834 4935 Θεοῦ
2877 4878 3046 4944 Λόγον
3073 4877 3215 4942 ἀξιοῖ
3246 4878 3315 4930 δι’
3343 4875 3534 4946 sapt,-

1958 4967 2136 5042 δεξιᾶς
2160 4970 2325 5024 αὑτοῦ
2355 4971 2447 5023 καὶ
2473 4969 2560 5024 διὰ
2585 4969 2714 5030 Υἰοῦ
2746 4969 3032 5041 ἀνθρώπου
3063 4969 3162 5040 τὴν
3187 4967 3530 5041 εὐεργετικῆν

1960 5061 2134 5115 αὑτοῦ
2162 5062 2390 5135 δύναμιν
2429 5063 2774 5142 δωρήσασθαι
2803 5067 2916 5126 τοῖς
2956 5065 3108 5117 πᾶσι.
3165 5063 3280 5132 Τῆς
3317 5063 3410 5136 μὲν
3437 5055 3529 5112 οὖν

1961 5155 2227 5227 σωτηρίου
2276 5155 2595 5226 θεοφανείας
2626 5156 2725 5230 τὴν
2761 5158 2982 5229 μνήμην
3021 5154 3208 5210 τοῦτον
3239 5156 3526 5226 ἐποιήσατο

1955 5248 2047 5303 τὸν
2076 5249 2298 5320 τρόπον,
2330 5250 2428 5324 τὴν
2454 5250 2509 5303 δὲ
2531 5251 2623 5306 τοῦ
2661 5251 2875 5322 Ἰσραὴλ
2896 5251 3214 5309 ἀπόπτωσιν
3244 5250 3420 5318 ὼδέπη
3441 5245 3525 5299 Bs-

1958 5343 2137 5409 σπίζει
2161 5344 2333 5414 λέγων
2353 5363 2367 5375 ·
2401 5345 2575 5400 Ἰνατί
2609 5345 2878 5412 καθεῖλες
2893 5345 3000 5399 τὸν
3018 5344 3288 5419 φραγμὸν
3309 5339 3520 5408 αὐτῆς

1954 5437 2191 5511 δηλονότι
2209 5439 2309 5510 τῆς
2339 5438 2603 5511 ἀμπέλου,
2630 5439 2697 5510 ἢν
2725 5437 3071 5508 ἑξΑίγύπτου
3097 5441 3393 5514 μετήγαγε,
3418 5437 3514 5487 καὶ

1954 5533 2248 5603 τρυγῶσιν
2276 5535 2470 5602 αὐτὴν
2493 5533 2714 5600 πάντες
2747 5537 2801 5587 οὶ
2839 5537 3380 5604 παραπορευόμενοι
3403 5533 3513 5596 τὴν

1954 5626 2112 5681 ὀδόν.
2165 5627 2535 5697 Ἐλινμήνατο
2571 5629 2760 5697 αὐτὴν
2811 5625 2882 5695 ὗς
2917 5629 2982 5684 ἐκ
3013 5627 3255 5700 δρυμοῦ,
3289 5628 3377 5682 καὶ
3401 5642 3506 5697 μο-
