3798 6282
137 361 227 419 953

1256 348 1766 411 COMMENTARIA
1808 351 1874 405 IN
1913 324 2248 412 esuries.

3245 358 3350 412 954

135 478 243 542 νιὸς
256 475 442 543 dumo:-
456 467 892 540 κατενεμήσατο
910 468 1121 536 αὑτήν.
1169 469 1225 519 Ἐ
1223 468 1668 537 μπεπυρισμένη

1785 466 2027 521 daeorum
2065 469 2282 524 brevem
2329 475 2383 523 et
2414 477 2841 539 temporaneam,
2879 470 3103 525 floribus
3134 480 3187 525 et
3224 473 3353 533 liliis

134 571 193 624 ἐν
215 565 342 633 πυρὶ
370 565 465 617 καὶ
497 562 973 631 κατεσκαμμένη.
1005 558 1191 614 Ταῦτα
1211 559 1340 630 περὶ
1365 560 1463 630 τῆς
1486 558 1668 629 ἀμπέ-

135 661 213 714 λου
234 655 459 718 διελθὼν,
479 655 576 724 τὴν
596 653 690 707 τοῦ
724 653 994 707 Ἰουδαίων
1018 652 1203 715 ἔθνους
1236 651 1519 716 ὲθέσπιξεν
1548 652 1670 721 ἐρη-

137 750 263 821 μίαν.
314 744 544 808 Εἰκότως
583 740 675 799 οὖν
710 745 768 797 ἐν
798 746 865 814 τῇ
912 744 1203 814 προγραφῇ
1248 740 1340 794 καὶ
1374 739 1669 811 μαρτύριον

132 842 361 911 κέκληται
378 838 445 891 τὰ
467 836 758 907 λεγόμενα’
788 835 1083 908 μαρτύριον
1103 833 1210 905 γὰρ
1238 832 1408 886 ταῦτα
1428 830 1666 897 ἔσεσθαι,

133 928 209 982 καὶ
227 924 626 997 διεμαρτύρατο.
653 924 811 979 Ὅθεν
840 924 990 995 παρὰ
1008 923 1083 994 τῷ
1102 925 1173 976 Συ
1180 922 1382 994 μμάχῳ
1406 922 1501 976 καὶ
1520 922 1671 993 παρὰ

133 1015 195 1086 τῷ
220 1013 403 1085 ’Δκύλᾳ
416 1014 710 1083 μαρτυρία
728 1013 963 1085 εἴρηται.
1002 1014 1146 1067 Ἀντί
1164 1014 1220 1067 δὲ
1238 1014 1354 1079 τοῦ,
1382 1012 1533 1081 ὑπὲρ
1551 1011 1671 1066 τῶν

131 1105 691 1174 αιλοιωθησομένων,
720 1107 747 1159 6
780 1105 878 1175 μὲν
908 1106 1222 1177 Σύμμαχος,
1250 1105 1402 1174 ὑπὲρ
1428 1104 1548 1159 τῶν
1574 1105 1671 1159 ἁν-

132 1198 250 1263 θῶν,
277 1198 303 1250 6
322 1198 376 1251 δὲ
413 1197 657 1263 Ἀκύλας,
692 1197 843 1267 ὑπὲρ
867 1197 986 1252 τῶν
1013 1199 1249 1267 κρίνων,
1289 1199 1666 1271 ήρμήνευσαν’

131 1291 289 1346 ἄνθεσι
316 1290 404 1343 καὶ
428 1287 632 1361 κρίνοις
657 1288 754 1360 τὴν
783 1290 1113 1362 πρόσκαιρον
1144 1290 1350 1361 βραχὺν
1371 1289 1670 1361 γενομένην

131 1384 241 1437 ποτὲ
274 1381 362 1435 τοῦ
394 1380 658 1436 Ἰουδαίων
682 1380 867 1444 ἔθνους
900 1381 1204 1452 εὐπραγίαν
1230 1378 1669 1451 παραϐάλλοντος

128 1476 206 1530 τοῦ
239 1475 405 1543 λόγου.
453 1476 792 1545 Ἀναπέμπει
822 1474 958 1545 δῆτα
998 1476 1026 1527 6
1067 1475 1359 1545 Προφήτης
1390 1473 1670 1544 ἱκετηρίαν

129 1567 243 1639 πρὸς
268 1567 355 1619 τὸν
386 1565 552 1619 πάλαι
584 1564 863 1636 ἐφορῶντα
891 1566 985 1619 καὶ
1018 1565 1417 1619 ἐπισκοποῦντα
1443 1564 1533 1617 τὸν
1572 1566 1671 1616 Ἰσ-

130 1658 249 1730 ραὴλ
264 1657 352 1710 τοῦ
367 1657 498 1710 Θεοῦ
527 1658 699 1726 Λόγον
721 1698 735 1719 ,
762 1659 857 1711 καὶ
885 1656 1073 1711 τοῦτον
1102 1657 1538 1728 ἀνακαλούμενός
1568 1674 1670 1728 φη-

128 1768 226 1804 σιν’
260 1751 308 1803 '0
336 1750 661 1819 ποιμαίνων
684 1750 789 1803 τὸν
818 1751 1086 1818 Ἰσραὴλ,
1110 1750 1405 1818 πρόσχες·
1442 1748 1583 1801 οῦτω
1612 1748 1669 1801 δὲ

124 1844 332 1897 δυσωπεῖ
363 1844 790 1914 ὑπομιμνήσκων
820 1843 917 1913 τῆς
952 1844 1117 1895 πάλαι
1150 1842 1311 1896 αὐτοῦ
1342 1842 1665 1911 ἐπισκοπῆς.

126 1935 229 1998 Τοῖς
251 1934 351 2003 γὰρ
385 1936 518 2001 σοῖς,
543 1934 710 2006 φησὶ,
744 1933 1025 2006 θρέμμασι
1054 1935 1148 1988 καὶ
1174 1937 1286 1998 τοῖς
1319 1936 1432 1997 σοῖς
1464 1933 1671 2005 προϐά-

124 2045 217 2091 τοις
244 2028 487 2099 πρόσχες,
518 2028 549 2080 6
572 2027 700 2079 ποτὲ
722 2027 992 2096 ποιμάνας
1017 2027 1175 2081 αὐτά.
1207 2029 1270 2081 El
1293 2027 1402 2097 γὰρ
1424 2026 1517 2081 καί
1540 2043 1669 2079 ποτε

123 2119 284 2173 ἄλλοτε
311 2120 405 2191 τὴν
437 2120 801 2190 ποιμαντικὴν
831 2118 1129 2190 ὑπέμεινας
1170 2118 1473 2190 ἀνθρώπων
1504 2134 1669 2189 φρον-

121 2211 220 2264 τίδα
241 2253 254 2276 ,
284 2211 567 2283 ὡδήγησάς
602 2230 663 2266 τε
703 2212 795 2266 τὸν
837 2214 894 2267 ὲν
921 2210 1228 2283 ἀνθρώποις
1259 2211 1548 2283 γενόμενόν
1575 2227 1668 2263 σου

120 2302 255 2366 λαὸν,
283 2304 479 2357 τούτων
526 2304 706 2358 αὐτῶν
741 2304 1041 2376 μνήσθητιο
1079 2304 1173 2358 καὶ
1210 2304 1284 2376 μὴ
1308 2304 1548 2378 ,παρίδῃς
1576 2303 1669 2369 οὒς

118 2394 358 2465 τοσαύτης
383 2395 624 2466 ἠξίωσας
652 2397 927 2468 προνοίας.
955 2397 1199 2469 Πρόσχες
1227 2392 1319 2451 οῦν
1338 2438 1353 2463 ,
1386 2397 1546 2467 φησὶ,
1578 2397 1670 2449 καὶ

120 2488 419 2559 κατανόησον
447 2490 611 2544 ὁποῖα
645 2490 910 2544 πέπονθεν
935 2490 968 2561 ή
993 2490 1059 2561 σὴ
1082 2489 1304 2560 ποίμνη,
1336 2490 1429 2541 καὶ
1450 2487 1525 2552 ὡς
1551 2488 1670 2543 ἐλυ-

119 2580 297 2650 μήνατο
331 2583 532 2646 αὐτοὺς
558 2578 620 2647 ὗς
657 2585 720 2636 ἐκ
752 2583 979 2655 δρυμοῦ,
1007 2583 1102 2635 καὶ
1133 2582 1313 2653 μονιὸς
1342 2581 1532 2651 ἄγριος
1564 2598 1665 2633 κα-

113 2674 415 2743 τενεμήσατο
460 2673 668 2745 αὐτὴν,
704 2674 796 2727 καὶ
833 2673 910 2737 ὡς
948 2673 1169 2742 γέγονεν
1211 2673 1664 2745 ὲμπεπυρισμένη

115 2764 229 2835 πυρὶ
256 2766 344 2817 καὶ
371 2765 768 2838 ἀνεσκαμμένη
801 2765 910 2818 ἀπὸ
943 2766 1312 2836 ἐπιτιμήσεως
1340 2763 1433 2818 τοῦ
1461 2765 1670 2837 προσώ-

114 2868 202 2908 που
234 2873 340 2911 σου.
372 2856 629 2909 Διδάσκει
653 2856 709 2908 δὲ
730 2855 903 2908 ταῦτα
930 2856 988 2907 ὲν
1012 2852 1290 2924 Πνεύματι
1318 2854 1459 2925 ἁγίῳ
1487 2856 1516 2906 6
1536 2856 1668 2925 [lpo-

117 2946 268 3015 φήτης
294 2946 351 2999 τὸ
392 2946 667 3000 Ἰουδαίων
698 2946 849 3010 ἔθνος
871 2989 885 3015 ,
924 2946 1150 3017 μελετᾷν
1179 2947 1274 3000 καὶ
1304 2947 1667 3015 ἀπαγγέλλειν

116 3035 369 3106 προλαϐὼν
389 3039 520 3101 τοὺς
542 3038 764 3109 χρόνους
787 3038 880 3091 καὶ
907 3037 977 3091 τὰ
1004 3039 1305 3109 πράγματα
1324 3054 1339 3070 ο
1365 3038 1431 3091 ἵν’
1448 3039 1667 3094 ἐπειδὰν

114 3126 281 3227 tmarii
323 3129 413 3181 καὶ
445 3127 518 3181 δι’
550 3128 726 3198 ἔργων
768 3127 991 3199 χωρήσῃ
1033 3127 1102 3181 τὰ
1148 3127 1663 3199 προπεφητευμένα,
1693 3169 1737 3227 c

113 3213 289 3285 δέχοιεν
318 3218 375 3285 ἐξ
412 3218 637 3287 ἑτοίμου
679 3218 778 3289 τῆς
812 3218 947 3289 πρὸς
975 3218 1066 3272 τὸν
1092 3216 1225 3271 Θεὸν
1256 3219 1538 3290 ἱκετηρίας
1567 3220 1667 3289 τὴν

111 3308 304 3376 γνῶσιν.
339 3310 432 3369 Τίς
467 3311 525 3364 δέ
554 3313 699 3364 ἐστιν
732 3312 760 3364 6
785 3312 1086 3381 ποιμαίνων
1113 3310 1206 3364 τὸν
1243 3310 1477 3382 Ἰσραὴλ,
1507 3312 1669 3375 αὐτὸς

112 3403 412 3475 παρίστησιν
436 3405 470 3457 6
501 3403 701 3457 εἰπών·
774 3404 914 3473 Ἐγώ
936 3407 1052 3473 ειμι
1084 3406 1118 3458 ό
1147 3403 1371 3473 ποιμὴν
1400 3407 1433 3457 ὁ
1462 3403 1665 3469 καλὸς,

111 3489 194 3541 καὶ
216 3492 485 3559 γινώσκω
520 3493 593 3546 τὰ
610 3492 743 3561 ἐμὰ,
781 3492 882 3547 καὶ
915 3491 1285 3564 γινώσκουσί
1309 3510 1386 3563 με
1414 3493 1486 3546 τὰ
1523 3492 1664 3563 ἐμά·

112 3577 192 3630 καὶ
217 3576 394 3645 αὖθιςο
460 3582 607 3653 Ἐγώ
631 3586 748 3653 ειμι
781 3587 813 3638 ό
845 3584 1070 3653 ποιμὴν
1099 3588 1132 3639 d
1160 3585 1347 3651 καλός
1366 3626 1380 3651 ,
1426 3585 1524 3638 καὶ
1555 3584 1670 3653 τὴν

111 3671 298 3739 ψυχήν
321 3691 440 3743 μου
474 3674 668 3743 τίθημι
700 3673 854 3742 ὑπὲρ
875 3675 993 3728 τῶν
1018 3676 1344 3744 προϐάτων.
1411 3676 1581 3739 Αὐτὸς
1611 3676 1667 3729 δὲ

110 3753 168 3829 ἦν
195 3762 281 3814 καὶ
305 3764 332 3815 6
363 3764 457 3818 τὸν
493 3763 687 3834 Ἰωσὴφ
721 3763 853 3818 ὡσεὶ
880 3766 1150 3837 πρόϐατον
1178 3766 1388 3837 ὁδηγῶν
1421 3768 1541 3838 ἦτοι
1568 3768 1668 3839 τὴν

110 3853 294 3925 φυλήν,
347 3855 380 3926 ἢ
408 3855 474 3909 τὸ
506 3858 615 3909 πᾶν
658 3856 925 3910 Ἰουδαίων
959 3857 1110 3922 ἔθνος
1145 3858 1528 3929 μεταφορικῶς
1560 3859 1668 3912 ἀπὸ

112 3949 226 4016 μιᾶς
255 3950 535 4019 ὀνομάζων
569 3950 741 4021 φυλῆς
762 3951 861 4021 τῆς
882 3951 977 4004 τοῦ
1018 3952 1241 4021 Ἰωσήφ·
1287 3950 1320 4021 ἢ
1345 3952 1438 4005 καὶ
1470 3952 1668 4021 μᾶλλον

107 4038 251 4091 αὑτὸν
276 4042 365 4093 τὸν
397 4041 567 4113 ἄνδρα
598 4042 688 4095 τὸν
715 4042 817 4111 τῆς
844 4042 1017 4112 φυλῆς
1047 4041 1389 4113 προπάτορα.
1452 4042 1666 4112 Ἐπειδὴ

109 4132 256 4201 συνῆν
287 4132 434 4204 αὐτῷ
482 4132 951 4205 ὲπιϐουλευομένῳ
983 4134 1089 4186 ὑπὸ
1127 4132 1234 4185 τῶν
1264 4132 1507 4203 ἀδελφῶν
1531 4173 1544 4196 ,
1576 4135 1668 4187 καὶ

106 4226 519 4296 πιπρασκομένῳ
560 4229 673 4288 τοῖς
710 4225 1104 4297 Ἰσμαηλίταις,
1148 4227 1243 4279 καὶ⁴
1279 4227 1359 4290 είς
1398 4227 1667 4296 Αἴγυπτον

106 4316 469 4388 καταγομένῳ,
499 4318 592 4371 καὶ
620 4316 696 4388 τῷ
716 4319 966 4388 Πετεφρῇ
992 4316 1315 4383 δουλεύοντι,
1340 4320 1437 4390 τήν
1458 4336 1518 4372 τε
1547 4320 1668 4373 ἀκό-

104 4402 279 4459 λαστον
292 4409 579 4464 δέσποιναν
608 4409 1086 4481 ἀποστρεφομένῳ,
1106 4410 1182 4473 ὡς
1203 4413 1282 4474 εἰς
1301 4412 1667 4483 δεσμωτήριόν

1771 570 2077 628 comparat.
2132 560 2598 631 Supplicationem
2630 563 2797 632 igitur
2840 564 3039 617 emittit
3079 562 3349 634 Propheta

1771 654 1837 706 ad
1880 668 2002 706 eum
2044 652 2137 723 qui
2169 655 2299 708 olim
2341 653 2596 709 lsraelem
2645 656 2869 708 curabat
2910 664 2964 709 et
3005 657 3347 727 inspiciebat,

1772 742 1866 798 Dei
1897 744 2110 799 scilicet
2134 743 2396 811 Verbum,
2421 746 2568 815 quod
2602 746 2864 800 invocans
2889 747 2965 800 ait
3002 762 3016 799 :
3049 747 3153 813 Qui
3172 750 3348 817 pascis

1773 834 1968 902 Israel,
1998 837 2226 894 intende.
2260 836 2353 892 Sic
2394 846 2576 892 autem
2617 837 2794 907 ipsum
2841 837 3058 893 flectere
3095 850 3345 904 conatur,

1771 932 2048 1001 antiquam
2074 934 2195 1003 ejus
2230 934 2282 987 in
2312 934 2570 1005 pepulum
2596 932 2991 1001 inspectionem
3016 947 3350 988 commemo-

1769 1037 1922 1079 rans.
1955 1024 2094 1089 Tua,
2127 1027 2327 1096 inquit,
2362 1041 2582 1096 pecora,
2609 1040 2850 1094 ovesque
2882 1032 3004 1079 tuas
3042 1040 3223 1089 cures,
3256 1026 3347 1095 qui

1770 1115 1899 1169 olim
1938 1118 2201 1186 pascebas
2244 1118 2388 1173 illas.
2439 1117 2572 1171 Nam
2616 1117 2663 1171 si
2697 1116 2972 1186 quondam
3021 1118 3348 1185 pastoralem

1772 1205 2053 1259 hominum
2096 1206 2520 1262 sollicitudinem
2569 1206 2810 1270 subiisti,
2844 1206 2892 1261 si
2938 1206 3220 1274 populum,
3254 1207 3347 1275 qui

1770 1295 1916 1351 inter
1933 1296 2184 1353 homines
2204 1298 2341 1351 alios
2359 1306 2486 1352 tuus
2515 1296 2820 1359 dicebatur,
2837 1295 3137 1359 deduxisti,
3155 1297 3346 1350 horum

1772 1395 2067 1452 memento,
2089 1405 2265 1459 neque
2292 1388 2566 1459 despicias
2589 1403 2683 1443 eos
2711 1403 2850 1459 quos
2889 1397 3041 1442 tanta
3065 1389 3349 1457 providen-

1772 1478 1846 1531 tia
1877 1479 2131 1550 dignatus
2160 1495 2243 1535 es.
2274 1478 2500 1534 Intende
2530 1480 2715 1549 igitur,
2749 1478 2947 1548 inquit,
2972 1486 3026 1532 ct
3060 1479 3346 1534 considera

1771 1579 1976 1638 quanta
2025 1586 2156 1641 grex
2188 1571 2279 1625 ille
2331 1578 2461 1625 tuus
2508 1572 2771 1640 patiatur,
2813 1569 3088 1639 quomodo
3130 1571 3345 1625 vineam

1773 1662 1920 1717 illam
1979 1664 2421 1720 exterminaverit
2482 1679 2614 1734 aper
2641 1664 2709 1718 de
2754 1664 2912 1727 silva,
2957 1672 3013 1718 et
3054 1665 3347 1734 singularis

1774 1754 1926 1811 ferus
1970 1756 2233 1826 depastus
2270 1757 2342 1812 sit
2393 1771 2536 1820 eam,
2581 1757 2857 1827 quomodo
2911 1754 3076 1809 fuerit
3124 1756 3345 1810 incensa

1772 1847 1886 1918 igni
1913 1856 1967 1904 et
2009 1847 2243 1904 suffossa
2302 1850 2371 1903 ab
2421 1849 2797 1917 increpatione
2845 1848 3031 1902 vultus
3078 1847 3177 1901 tui.
3222 1846 3348 1901 Ηωο

1769 1953 1934 2008 porro
1966 1939 2020 1993 in
2049 1940 2257 2009 Spiritu
2287 1947 2478 1994 saneto
2514 1938 2793 1993 Judaieam
2826 1947 3036 2008 gentem
3077 1936 3347 2007 Propheta

1770 2032 1949 2096 docet,
1983 2041 2230 2102 tempora
2257 2040 2311 2087 et
2337 2039 2567 2087 eventus
2606 2047 2791 2086 rerum
2828 2028 3082 2085 meditari
3107 2044 3170 2082 ac
3209 2044 3348 2099 pra:-

1769 2125 2025 2180 nuntiare
2076 2139 2389 2193 occupans;
2417 2130 2476 2177 ut
2504 2139 2626 2178 cum
2675 2137 2762 2177 res
2790 2136 2911 2191 quae
2946 2121 3001 2174 in
3064 2118 3347 2189 prophetia

1769 2215 2025 2270 feruntur
2055 2216 2400 2281 advenerint,
2438 2215 2493 2269 in
2534 2221 2788 2285 promptu
2821 2194 3085 2266 notitiam
3108 2212 3255 2266 illius
3279 2212 3347 2266 ad

1770 2307 1938 2364 Deum
1976 2310 2192 2364 emissa:
2225 2308 2643 2378 supplicationis
2692 2306 3029 2375 exciperent.
3060 2303 3196 2369 Quis
3216 2320 3348 2359 vero

1770 2399 1842 2454 sit
1866 2400 1959 2470 qui
1986 2400 2161 2470 pascit
2194 2398 2381 2465 lsrael,
2407 2400 2651 2454 declarat
2680 2398 2797 2468 ipse
2820 2398 2910 2467 qui
2942 2398 3017 2450 ait
3046 2416 3060 2450 :
3089 2396 3199 2467 Ego
3229 2414 3346 2451 sum

1767 2503 1955 2562 pastor
1998 2492 2185 2556 bonus,
2232 2501 2281 2546 et
2318 2508 2574 2561 cognosco
2610 2508 2776 2553 meas,
2806 2499 2855 2544 et
2895 2499 3214 2559 cognoscunt
3266 2506 3348 2544 me.

1769 2603 1898 2641 mea:
1924 2588 2002 2654 ⁸⁹ς
2030 2592 2085 2641 et
2114 2600 2333 2640 rursum
2368 2602 2381 2638 :
2416 2583 2527 2653 Ego
2570 2599 2686 2638 sum
2728 2592 2912 2652 pastor
2929 2580 3114 2645 bonus,
3144 2590 3191 2634 et
3229 2582 3346 2634 ani-

1766 2696 1909 2733 mam
1942 2695 2112 2732 meam
2138 2693 2274 2745 pono
2295 2692 2389 2745 pro
2418 2675 2597 2729 ovibus
2619 2675 2684 2728 σθ.
2715 2674 2833 2743 Ipse
2855 2688 2982 2727 vero
3004 2672 3227 2743 eratqui
3254 2670 3347 2727 Jo-

1768 2771 2022 2841 sephum,
2051 2770 2135 2824 vel
2164 2768 2364 2822 tribum
2392 2767 2535 2837 ejus,
2571 2774 2629 2820 ut
2660 2780 2815 2819 ovem
2856 2763 3191 2830 deducebat;
3230 2764 3346 2818 sive

1768 2863 1933 2918 etiam
1964 2868 2134 2914 totam
2161 2859 2446 2914 Judaicam
2484 2864 2698 2928 gentem
2738 2856 3111 2925 melaphorice
3135 2855 3204 2909 ab
3238 2870 3345 2909 una

1767 2953 1912 3007 tribu
1938 2950 2137 3021 Joseph
2170 2950 2565 3015 subindicans;
2602 2948 2715 3001 sive
2746 2946 2930 3015 potius
2952 2946 3132 3015 ipsum
3168 2946 3345 2999 virum

1770 3042 1948 3096 tribus
1975 3039 2395 3110 progenitor-em.
2428 3037 2700 3103 Quoniam
2734 3035 2841 3106 ipsi
2865 3033 3082 3088 insidiis
3114 3033 3347 3086 fratrum

1771 3134 2040 3205 impetito,
2075 3131 2365 3187 lsmaelitis
2396 3129 2640 3191 vendito,
2673 3127 2727 3180 in
2759 3124 3051 3196 IEgyptum
3087 3125 3343 3187 deducto,

1768 3225 2053 3296 Petephrze
2083 3216 2362 3289 servienti,
2388 3219 2717 3289 impudicam
2748 3219 3025 3273 dominam
3048 3218 3343 3280 aversanti,

1769 3319 1826 3373 in
1855 3332 2131 3372 carcerem
2169 3316 2297 3370 item
2347 3312 2619 3382 conjecto,
2648 3310 2859 3365 aderat.
2895 3307 3031 3362 Nam
3078 3308 3132 3361 in
3166 3308 3346 3362 omni-

1767 3410 1870 3464 bus
1901 3409 1986 3463 his
2022 3407 2266 3462 adfuisse
2287 3405 2490 3477 Moysis
2528 3404 2805 3474 scriptura
2843 3409 3239 3456 commemorat
3263 3400 3342 3454 di-

1768 3516 1899 3556 cens
1928 3517 1941 3551 :
1975 3499 2042 3553 Et
2074 3508 2189 3554 erat
2219 3497 2479 3552 Dominus
2528 3513 2645 3550 cum
2687 3494 2882 3562 Joseph
2902 3496 2966 3548 6‘.
3005 3491 3161 3547 Unde
3191 3507 3345 3546 com-

1768 3592 1986 3649 modius
2034 3592 2266 3647 vertisse
2288 3590 2422 3643 mihi
2460 3589 2676 3644 videtur
2730 3587 3055 3648 Theodotio,
3089 3587 3181 3655 qui
3214 3586 3291 3638 ait
3326 3604 3340 3639 ε

1770 3684 1876 3750 Qui
1901 3683 2113 3739 deducis
2142 3683 2295 3752 quasi
2328 3699 2471 3736 ovem
2514 3681 2728 3749 Joseph.
2763 3679 2839 3733 lta
2872 3694 3090 3750 quoque
3140 3677 3345 3739 dixeris

1769 3776 1952 3846 ipsum
1979 3764 2260 3838 Israelem,
2284 3776 2376 3844 qui
2412 3775 2624 3844 primus
2655 3773 2759 3827 hoc
2788 3772 3009 3826 nomine
3040 3769 3345 3839 appellatus

1768 3877 1875 3932 est,
1903 3884 1932 3921 a
1970 3876 2189 3936 pastore
2228 3867 2452 3921 ductum
2484 3865 2677 3920 fuisse.
2712 3862 2813 3917 llic
2843 3876 2970 3917 vero
2998 3858 3166 3913 Jacob
3201 3865 3341 3919 erat,

1769 3960 1914 4015 filius
1962 3960 2133 4013 Isaac.
2177 3957 2313 4011 Nam
2342 3958 2433 4011 ille
2463 3968 2587 4009 cum
2619 3955 2769 4009 solus
2808 3954 2865 4007 in
2896 3948 3344 4021 Mesopotamiam

1770 4067 1865 4121 spe
1887 4052 1942 4105 in
1970 4050 2138 4104 Deum
2164 4050 2333 4103 fultus
2362 4046 2742 4110 descenderet,
2766 4050 3041 4115 pastorem
3070 4055 3232 4095 suum
3262 4040 3349 4092 in-

1768 4143 1919 4198 venit
1961 4142 2055 4213 qui
2105 4142 2295 4196 aderat
2321 4140 2446 4203 sibi,
2491 4138 2729 4193 Verbum
2774 4136 2984 4193 scilicet
3032 4133 3149 4198 Dei,
3200 4130 3345 4203 quod

1770 4233 1871 4302 ipsi
1897 4247 2161 4302 apparere
2185 4232 2414 4287 solebat.
2447 4229 2769 4298 Opportune
2791 4228 2976 4297 itaque
3006 4224 3116 4279 Deo
3139 4221 3347 4291 suppli-

1769 4338 1925 4387 cans,
1950 4340 2059 4377 non
2110 4322 2324 4376 turbam
2375 4321 2667 4390 impiorum
2720 4324 3007 4382 memorat,
3046 4317 3139 4372 sed
3179 4314 3344 4369 unius

1770 4424 1982 4470 tantum
2014 4424 2068 4470 et
2097 4415 2324 4469 alterius
2348 4429 2410 4468 ex
2436 4413 2711 4481 religiosis
2730 4413 2839 4466 illis
2868 4411 2996 4465 olim
3028 4408 3163 4463 viris
3194 4422 3346 4461 men—

103 4511 156 4548 τε
176 4498 569 4573 καθειργμένῳ.
608 4501 693 4553 Ἐν
719 4502 852 4553 πᾶσι
873 4500 1002 4569 γοῦν
1022 4500 1233 4564 τούτοις
1252 4502 1666 4573 ἐπισημαίνεται

1773 4508 1974 4561 tionem
2010 4506 2164 4570 facit,
2207 4520 2271 4559 ex
2305 4504 2716 4574 progenitorum
2764 4503 2965 4555 virtute
3002 4506 3056 4552 ct
3086 4496 3347 4565 religione

101 4584 133 4654 ἡ
164 4587 437 4652 Μωῦσέως
475 4588 660 4660 γραφὴ
697 4588 960 4657 λέγουσα’
1000 4590 1111 4643 Καὶ
1147 4586 1225 4660 ἦν
1267 4591 1486 4659 Κύριος
1515 4595 1668 4661 μετὰ

114 4677 343 4749 Ἰωσήφ.
360 4682 519 4735 Ὅθεν
557 4699 644 4753 μοι
661 4682 807 4735 δοκεῖ
837 4680 1169 4752 κυριώτερον
1203 4684 1604 4753 ήρμηνευκέναι
1638 4686 1667 4737 6

100 4765 379 4822 Θεοδοτίων
421 4772 618 4840 φήσας·
677 4771 739 4823 '0
773 4770 1121 4840 καθοδηγῶν
1162 4772 1306 4825 ὡσεὶ
1370 4774 1668 4840 πρόϐατον

101 4862 197 4909 ter
236 4861 466 4932 Ἰωσήφ.
502 4862 659 4916 Οὕτω
687 4864 731 4917 δ’
758 4865 823 4917 ἂν
852 4863 1025 4927 εἴποις
1054 4864 1149 4918 καὶ
1178 4864 1545 4935 πεποιμάνθαι
1572 4868 1669 4920 αύ-

98 4951 182 5005 τὸν
209 4954 301 5007 τὸν
350 4957 565 5028 Ἰσραὴλ
592 4957 683 5013 τὸν
713 4957 927 5029 πρῶτον
955 4976 1059 5029 χρη
1070 4958 1371 5028 ματίσαντα
1397 4959 1570 5030 ταύτῃ
1600 4962 1666 5031 τῇ

100 5049 446 5120 προσηγορίᾳ.
475 5046 583 5103 ’Ἦν
609 5050 666 5103 δὲ
697 5043 851 5114 οὗτος
891 5049 1105 5115 Ἰακὼϐ,
1128 5053 1156 5104 6
1182 5053 1308 5115 παῖς
1329 5050 1422 5104 τοῦ
1458 5051 1659 5105 Ἰσαάκ.

111 5136 253 5192 Ἐπεὶ
278 5142 526 5207 κάκεῖνος
552 5145 709 5218 μόνος
730 5146 808 5208 είς
834 5144 932 5215 τὴν
961 5146 1129 5218 μέσην
1146 5146 1253 5199 τῶν
1281 5146 1541 5216 ποταμῶν
1568 5164 1665 5199 κα-

98 5229 260 5293 ταϐὰς
297 5232 433 5301 μετὰ
472 5236 571 5309 τῆς
612 5236 692 5299 εἰς
718 5236 810 5289 τὸν
841 5236 971 5289 Θεὸν
1004 5236 1214 5299 ἐλπίδος
1234 5277 1247 5301 ,
1280 5236 1441 5289 αὐτὸν
1467 5236 1665 5310 εῦρατο

98 5322 325 5391 ποιμένα
361 5324 448 5378 τὸν
488 5326 713 5381 συνόντα
744 5326 893 5396 αὐτῷ
919 5326 1012 5380 τοῦ
1053 5324 1188 5380 Θεοῦ
1215 5327 1413 5395 Λόγον,
1443 5327 1535 5379 τὸν
1565 5326 1664 5391 τὰς

98 5411 410 5480 ἐπιφανείας
436 5417 582 5497 αὐτῷ
616 5420 999 5490 πεποιημένον.
1061 5418 1347 5491 Εύκαίρως
1374 5414 1466 5473 οῦν
1493 5420 1665 5473 δυσω-

99 5501 212 5555 πῶν
242 5504 271 5556 6
298 5505 449 5572 λόγος
488 5509 577 5565 τὸν
605 5509 736 5564 Θεὸν
754 5551 767 5575 ,
812 5510 873 5563 οὐ
903 5509 1148 5581 βούλεται
1184 5510 1280 5581 μὲν
1310 5511 1400 5563 τοῦ
1433 5510 1665 5581 πλήθους

166 5754 210 5787 ³9
250 5755 408 5813 Joan.
446 5776 508 5825 κ,
552 5762 631 5816 ll.
708 5762 749 5793 ⁸ο
790 5761 945 5827 ibid.,
986 5762 1068 5817 lt.
1149 5764 1187 5795 ει
1229 5760 1361 5820 Gen.
1402 5776 1601 5829 xxxix,
1638 5764 1689 5815 2.

1770 4608 2019 4669 posteros
2052 4612 2241 4651 eorum
2269 4594 2696 4651 misericordiam
2728 4590 2989 4660 consequi
3021 4588 3341 4658 deprecans.

1769 4720 1839 4732 —
1878 4688 2039 4744 Vens.
2090 4689 2144 4743 5.
2206 4686 2303 4740 llic
2356 4701 2487 4741 vero
2535 4686 2653 4755 ipse
2691 4684 2783 4753 qui
2843 4689 3157 4737 sanctorum
3215 4678 3344 4732 olim

1772 4780 2016 4835 virorum
2050 4788 2234 4849 pastor
2260 4778 2383 4842 fuit,
2420 4779 2465 4832 is
2487 4779 2579 4847 qui
2612 4774 2929 4831 cherubinis
2961 4771 3175 4826 vehitur
3203 4777 3343 4824 erat.

1772 4874 2113 4939 Quibusnam
2176 4870 2518 4931 cherubinis,
2568 4866 2674 4922 nisi
2711 4867 2778 4920 iis
2814 4864 2905 4934 qui
2959 4863 3026 4915 ab
3065 4859 3349 4913 Ezechiele

1770 4965 1874 5020 visi
1925 4974 2085 5027 sunt,
2136 4977 2370 5033 quorum
2425 4959 2688 5028 imagines
2733 4964 2788 5008 et
2853 4953 3099 5025 symbola
3158 4951 3349 5020 jussus

1770 5055 1982 5127 Moyses
2022 5051 2183 5124 supra
2214 5068 2398 5107 arcam
2431 5067 2494 5105 ex
2522 5065 2655 5103 auro
2678 5048 2890 5118 posuit?
2919 5044 3212 5100 Cherubim
3247 5056 3346 5094 auo

1770 5153 1879 5200 tem
1919 5146 2165 5201 meminit
2198 5144 2447 5200 Ezechiel
2474 5143 2578 5195 hoc
2619 5148 2780 5210 pacto
2809 5140 3037 5206 loquens
3066 5154 3078 5188 :
3118 5133 3185 5186 Et
3215 5132 3346 5196 vidi,

1770 5246 1820 5291 et
1843 5254 1956 5292 ecce
1997 5253 2151 5305 super
2186 5238 2612 5306 ﬁrmamentum,
2651 5231 2788 5301 quod
2830 5239 2945 5283 erat
2992 5242 3163 5295 super.
3191 5234 3346 5291 caput

1773 5328 2062 5392 cherubim,
2093 5330 2247 5399 quasi
2279 5327 2415 5394 lapis
2461 5324 2718 5393 sapphiri,
2755 5321 3053 5375 similitudo
3087 5317 3262 5370 throni
3290 5316 3348 5369 in

1771 5421 1883 5490 ipso
1899 5422 1963 5473 ⁶².
1996 5421 2189 5476 Postea
2222 5434 2350 5473 vero
2384 5416 2460 5469 ait
2494 5431 2507 5467 :
2547 5414 2613 5467 Et
2647 5430 2855 5484 egressa
2896 5419 2973 5464 est
3010 5408 3185 5478 gloria
3231 5405 3346 5460 Dr-

1774 5514 1905 5566 mini
1947 5531 1977 5565 a
2018 5513 2197 5564 limine
2260 5511 2467 5573 domus,
2508 5519 2554 5563 et
2590 5505 2827 5561 ascendit
2852 5513 3003 5573 Super
3035 5500 3299 5555 cherubim
3324 5516 3345 5556 .‘

1771 5761 1812 5792 “
1856 5759 2047 5815 Ezech.
2090 5756 2260 5821 1,26.
