  <div class='ocr_page' id='page_1' title='image "/cluster/home/n/w/nwhite01/storage/ocr_20150623/23/mdp.39015078384396/485.png"; bbox 0 0 3798 6282; ppageno 0'>
   <div class='ocr_carea' id='block_1_1' title="bbox 401 305 510 359">
    <p class='ocr_par' dir='ltr' id='par_1_1' title="bbox 401 305 510 359">
     <span class='ocr_line' id='line_1_1' title="bbox 401 305 510 359; baseline 0.009 -1"><span class='ocrx_word' id='word_1_1' title='bbox 401 305 510 359; x_wconf 76' lang='lat'>935</span> 
     </span>
    </p>
   </div>
   <div class='ocr_carea' id='block_1_2' title="bbox 1078 293 2932 372">
    <p class='ocr_par' dir='ltr' id='par_1_2' title="bbox 1078 293 2932 372">
     <span class='ocr_line' id='line_1_2' title="bbox 1078 293 2932 372; baseline 0.008 -14"><span class='ocrx_word' id='word_1_2' title='bbox 1078 303 1347 359; x_wconf 85' lang='lat' dir='ltr'>EUSEBIl</span> <span class='ocrx_word' id='word_1_3' title='bbox 1383 293 1863 364; x_wconf 61' lang='lat' dir='ltr'><strong><em>cmsa&#39;nmusns</em></strong></span> <span class='ocrx_word' id='word_1_4' title='bbox 1899 309 2050 366; x_wconf 71' lang='lat' dir='ltr'><strong><em>ore.</em></strong></span> <span class='ocrx_word' id='word_1_5' title='bbox 2091 312 2274 368; x_wconf 71' lang='lat' dir='ltr'>mus</span> <span class='ocrx_word' id='word_1_6' title='bbox 2311 311 2400 368; x_wconf 89' lang='lat' dir='ltr'>In.</span> <span class='ocrx_word' id='word_1_7' title='bbox 2431 343 2500 354; x_wconf 89' lang='lat'><em>—</em></span> <span class='ocrx_word' id='word_1_8' title='bbox 2522 312 2932 372; x_wconf 76' lang='lat' dir='ltr'>EXEGETICA.</span> 
     </span>
    </p>
   </div>
   <div class='ocr_carea' id='block_1_3' title="bbox 3532 319 3626 376">
    <p class='ocr_par' dir='ltr' id='par_1_3' title="bbox 3532 319 3626 376">
     <span class='ocr_line' id='line_1_3' title="bbox 3532 319 3626 376; baseline 0.021 -2"><span class='ocrx_word' id='word_1_9' title='bbox 3532 319 3626 376; x_wconf 71' lang='lat'>956</span> 
     </span>
    </p>
   </div>
   <div class='ocr_carea' id='block_1_4' title="bbox 401 418 1949 508">
    <p class='ocr_par' dir='ltr' id='par_1_4' title="bbox 401 418 1949 485">
     <span class='ocr_line' id='line_1_4' title="bbox 401 418 1949 485; baseline 0.005 -15"><span class='ocrx_word' id='word_1_10' title='bbox 401 427 448 470; x_wconf 86' lang='lat' dir='ltr'><strong><em>et</em></strong></span> <span class='ocrx_word' id='word_1_11' title='bbox 476 428 871 485; x_wconf 85' lang='lat' dir='ltr'><strong><em>assumpserunt</em></strong></span> <span class='ocrx_word' id='word_1_12' title='bbox 894 418 1158 473; x_wconf 77' lang='lat' dir='ltr'>cherubim</span> <span class='ocrx_word' id='word_1_13' title='bbox 1185 422 1302 474; x_wconf 87' lang='lat' dir='ltr'><strong><em>alas</em></strong></span> <span class='ocrx_word' id='word_1_14' title='bbox 1328 438 1476 485; x_wconf 82' lang='lat' dir='ltr'><strong><em>suas,</em></strong></span> <span class='ocrx_word' id='word_1_15' title='bbox 1496 431 1545 475; x_wconf 85' lang='lat' dir='ltr'><strong><em>et</em></strong></span> <span class='ocrx_word' id='word_1_16' title='bbox 1565 422 1763 477; x_wconf 83' lang='lat' dir='ltr'><strong><em>elevata</em></strong></span> <span class='ocrx_word' id='word_1_17' title='bbox 1783 434 1904 478; x_wconf 85' lang='lat' dir='ltr'><strong><em>sunt</em></strong></span> <span class='ocrx_word' id='word_1_18' title='bbox 1933 443 1949 478; x_wconf 83' lang='lat' dir='ltr'><strong><em>t</em></strong></span> 
     </span>
    </p>
   </div>
   <div class='ocr_carea' id='block_1_5' title="bbox 2055 418 3630 508">
    <p class='ocr_par' dir='ltr' id='par_1_5' title="bbox 2071 426 3630 508">
     <span class='ocr_line' id='line_1_5' title="bbox 2071 426 3630 508; baseline 0.004 -28"><span class='ocrx_word' id='word_1_19' title='bbox 2071 427 2179 481; x_wconf 83' lang='grc' dir='ltr'>τῶν</span> <span class='ocrx_word' id='word_1_20' title='bbox 2205 426 2419 508; x_wconf 28' lang='grc' dir='ltr'>ιάσεϐὦν</span> <span class='ocrx_word' id='word_1_21' title='bbox 2451 429 2805 498; x_wconf 74' lang='grc' dir='ltr'>μνημονεύειν</span> <span class='ocrx_word' id='word_1_22' title='bbox 2825 447 2838 460; x_wconf 70' lang='grc'><strong>⁸</strong></span> <span class='ocrx_word' id='word_1_23' title='bbox 2899 431 3015 494; x_wconf 82' lang='grc' dir='ltr'>ἐνὸς</span> <span class='ocrx_word' id='word_1_24' title='bbox 3040 433 3098 485; x_wconf 81' lang='grc' dir='ltr'>δὲ</span> <span class='ocrx_word' id='word_1_25' title='bbox 3127 436 3221 487; x_wconf 76' lang='grc' dir='ltr'>καὶ</span> <span class='ocrx_word' id='word_1_26' title='bbox 3250 433 3503 505; x_wconf 81' lang='grc' dir='ltr'>δευτέρου</span> <span class='ocrx_word' id='word_1_27' title='bbox 3530 435 3630 487; x_wconf 77' lang='grc' dir='ltr'>τῶν</span> 
     </span>
    </p>
   </div>
   <div class='ocr_carea' id='block_1_6' title="bbox 404 508 1969 575">
    <p class='ocr_par' dir='ltr' id='par_1_6' title="bbox 404 508 1969 575">
     <span class='ocr_line' id='line_1_6' title="bbox 404 508 1969 575; baseline 0.007 -18"><span class='ocrx_word' id='word_1_28' title='bbox 404 516 542 558; x_wconf 85' lang='lat' dir='ltr'><strong><em>terra</em></strong></span> <span class='ocrx_word' id='word_1_29' title='bbox 571 508 622 560; x_wconf 91' lang='lat' dir='ltr'>in</span> <span class='ocrx_word' id='word_1_30' title='bbox 649 517 926 575; x_wconf 85' lang='lat' dir='ltr'><strong><em>conspectu</em></strong></span> <span class='ocrx_word' id='word_1_31' title='bbox 973 525 1086 563; x_wconf 87' lang='lat' dir='ltr'>meo</span> <span class='ocrx_word' id='word_1_32' title='bbox 1114 509 1240 563; x_wconf 88' lang='lat' dir='ltr'>dum</span> <span class='ocrx_word' id='word_1_33' title='bbox 1268 511 1505 566; x_wconf 74' lang='lat' dir='ltr'><strong><em>exirent:</em></strong></span> <span class='ocrx_word' id='word_1_34' title='bbox 1549 521 1598 565; x_wconf 86' lang='lat' dir='ltr'>et</span> <span class='ocrx_word' id='word_1_35' title='bbox 1635 521 1770 567; x_wconf 80' lang='lat' dir='ltr'><strong>rota:</strong></span> <span class='ocrx_word' id='word_1_36' title='bbox 1805 513 1969 568; x_wconf 80' lang='lat' dir='ltr'><strong><em>lucre-</em></strong></span> 
     </span>
    </p>
   </div>
   <div class='ocr_carea' id='block_1_7' title="bbox 402 595 1968 667">
    <p class='ocr_par' dir='ltr' id='par_1_7' title="bbox 402 595 1968 667">
     <span class='ocr_line' id='line_1_7' title="bbox 402 595 1968 667; baseline 0.006 -21"><span class='ocrx_word' id='word_1_37' title='bbox 402 595 526 647; x_wconf 85' lang='lat' dir='ltr'><strong><em>bant</em></strong></span> <span class='ocrx_word' id='word_1_38' title='bbox 552 597 701 663; x_wconf 84' lang='lat' dir='ltr'><strong><em>ipsis.</em></strong></span> <span class='ocrx_word' id='word_1_39' title='bbox 725 595 791 648; x_wconf 86' lang='lat' dir='ltr'>Et</span> <span class='ocrx_word' id='word_1_40' title='bbox 808 607 1061 650; x_wconf 86' lang='lat' dir='ltr'><strong><em>steterunt</em></strong></span> <span class='ocrx_word' id='word_1_41' title='bbox 1089 599 1156 650; x_wconf 87' lang='lat' dir='ltr'>ad</span> <span class='ocrx_word' id='word_1_42' title='bbox 1171 600 1558 667; x_wconf 76' lang='lat' dir='ltr'><strong><em>prwliminaria</em></strong></span> <span class='ocrx_word' id='word_1_43' title='bbox 1587 611 1754 667; x_wconf 80' lang='lat' dir='ltr'><strong><em>porta:</em></strong></span> <span class='ocrx_word' id='word_1_44' title='bbox 1779 601 1968 656; x_wconf 85' lang='lat' dir='ltr'><strong><em>domus</em></strong></span> 
     </span>
    </p>
   </div>
   <div class='ocr_carea' id='block_1_8' title="bbox 398 688 1970 760">
    <p class='ocr_par' dir='ltr' id='par_1_8' title="bbox 398 688 1970 760">
     <span class='ocr_line' id='line_1_8' title="bbox 398 688 1970 760; baseline 0.003 -21"><span class='ocrx_word' id='word_1_45' title='bbox 398 702 427 739; x_wconf 76' lang='grc' dir='ltr'>ο</span> <span class='ocrx_word' id='word_1_46' title='bbox 473 688 679 756; x_wconf 77' lang='lat' dir='ltr'>regione</span> <span class='ocrx_word' id='word_1_47' title='bbox 728 689 938 757; x_wconf 81' lang='lat' dir='ltr'><strong><em>positw,</em></strong></span> <span class='ocrx_word' id='word_1_48' title='bbox 985 700 1033 743; x_wconf 89' lang='lat' dir='ltr'>et</span> <span class='ocrx_word' id='word_1_49' title='bbox 1077 690 1249 759; x_wconf 80' lang='lat' dir='ltr'>gloria</span> <span class='ocrx_word' id='word_1_50' title='bbox 1294 689 1390 743; x_wconf 86' lang='lat' dir='ltr'>Dei</span> <span class='ocrx_word' id='word_1_51' title='bbox 1435 689 1608 744; x_wconf 87' lang='lat' dir='ltr'><strong><em>Israel</em></strong></span> <span class='ocrx_word' id='word_1_52' title='bbox 1648 700 1763 744; x_wconf 88' lang='lat' dir='ltr'><strong><em>erat</em></strong></span> <span class='ocrx_word' id='word_1_53' title='bbox 1807 707 1970 760; x_wconf 87' lang='lat' dir='ltr'><strong><em>supra</em></strong></span> 
     </span>
    </p>
   </div>
   <div class='ocr_carea' id='block_1_9' title="bbox 399 775 1967 848">
    <p class='ocr_par' dir='ltr' id='par_1_9' title="bbox 399 775 1967 848">
     <span class='ocr_line' id='line_1_9' title="bbox 399 775 1967 848; baseline 0.004 -19"><span class='ocrx_word' id='word_1_54' title='bbox 399 791 485 829; x_wconf 87' lang='lat' dir='ltr'>eos</span> <span class='ocrx_word' id='word_1_55' title='bbox 504 778 569 829; x_wconf 75' lang='grc'>⁸³.</span> <span class='ocrx_word' id='word_1_56' title='bbox 598 775 789 832; x_wconf 84' lang='lat' dir='ltr'><strong><em>Viden&#39;</em></strong></span> <span class='ocrx_word' id='word_1_57' title='bbox 813 793 919 848; x_wconf 91' lang='lat' dir='ltr'><strong>quo</strong></span> <span class='ocrx_word' id='word_1_58' title='bbox 951 787 1109 848; x_wconf 87' lang='lat' dir='ltr'><strong><em>pacto</em></strong></span> <span class='ocrx_word' id='word_1_59' title='bbox 1153 780 1239 833; x_wconf 88' lang='lat' dir='ltr'><strong><em>hic</em></strong></span> <span class='ocrx_word' id='word_1_60' title='bbox 1265 795 1463 834; x_wconf 90' lang='lat' dir='ltr'><strong><em>currus</em></strong></span> <span class='ocrx_word' id='word_1_61' title='bbox 1496 778 1591 834; x_wconf 87' lang='lat' dir='ltr'>Dei</span> <span class='ocrx_word' id='word_1_62' title='bbox 1622 780 1967 836; x_wconf 73' lang='lat' dir='ltr'>describatur</span> 
     </span>
    </p>
   </div>
   <div class='ocr_carea' id='block_1_10' title="bbox 400 869 1964 940">
    <p class='ocr_par' dir='ltr' id='par_1_10' title="bbox 400 869 1964 940">
     <span class='ocr_line' id='line_1_10' title="bbox 400 869 1964 940; baseline 0.004 -18"><span class='ocrx_word' id='word_1_63' title='bbox 400 869 468 924; x_wconf 90' lang='lat' dir='ltr'>de</span> <span class='ocrx_word' id='word_1_64' title='bbox 508 886 617 940; x_wconf 86' lang='lat' dir='ltr'><strong><em>quo</em></strong></span> <span class='ocrx_word' id='word_1_65' title='bbox 666 872 794 926; x_wconf 87' lang='lat' dir='ltr'><strong>alibi</strong></span> <span class='ocrx_word' id='word_1_66' title='bbox 846 872 1069 936; x_wconf 88' lang='lat' dir='ltr'><strong><em>dicitur,</em></strong></span> <span class='ocrx_word' id='word_1_67' title='bbox 1121 871 1322 927; x_wconf 86' lang='lat' dir='ltr'><strong><em>Currus</em></strong></span> <span class='ocrx_word' id='word_1_68' title='bbox 1367 871 1466 927; x_wconf 85' lang='lat' dir='ltr'>Dei</span> <span class='ocrx_word' id='word_1_69' title='bbox 1516 872 1690 928; x_wconf 80' lang='lat' dir='ltr'><strong><em>decem</em></strong></span> <span class='ocrx_word' id='word_1_70' title='bbox 1730 873 1964 929; x_wconf 76' lang='lat' dir='ltr'>millibus</span> 
     </span>
    </p>
   </div>
   <div class='ocr_carea' id='block_1_11' title="bbox 401 962 1974 1032">
    <p class='ocr_par' dir='ltr' id='par_1_11' title="bbox 401 962 1974 1032">
     <span class='ocr_line' id='line_1_11' title="bbox 401 962 1974 1032; baseline 0.004 -17"><span class='ocrx_word' id='word_1_71' title='bbox 401 962 675 1032; x_wconf 71' lang='lat' dir='ltr'>multiplex</span> <span class='ocrx_word' id='word_1_72' title='bbox 716 965 889 1017; x_wconf 77' lang='lat' dir='ltr'><strong><em>millia</em></strong></span> <span class='ocrx_word' id='word_1_73' title='bbox 923 963 1257 1018; x_wconf 66' lang='lat' dir='ltr'><strong><em>latentium?</em></strong></span> <span class='ocrx_word' id='word_1_74' title='bbox 1287 963 1580 1019; x_wconf 81' lang='lat' dir='ltr'><strong><em>Cherubim</em></strong></span> <span class='ocrx_word' id='word_1_75' title='bbox 1614 980 1744 1020; x_wconf 85' lang='lat' dir='ltr'><strong><em>vero</em></strong></span> <span class='ocrx_word' id='word_1_76' title='bbox 1768 980 1974 1022; x_wconf 75' lang='lat' dir='ltr'><strong><em>currus</em></strong></span> 
     </span>
    </p>
   </div>
   <div class='ocr_carea' id='block_1_12' title="bbox 398 1056 1964 1127">
    <p class='ocr_par' dir='ltr' id='par_1_12' title="bbox 398 1056 1964 1127">
     <span class='ocr_line' id='line_1_12' title="bbox 398 1056 1964 1127; baseline 0.003 -20"><span class='ocrx_word' id='word_1_77' title='bbox 398 1064 554 1108; x_wconf 86' lang='lat' dir='ltr'><strong><em>erant</em></strong></span> <span class='ocrx_word' id='word_1_78' title='bbox 575 1095 590 1120; x_wconf 90' lang='lat'>,</span> <span class='ocrx_word' id='word_1_79' title='bbox 619 1056 690 1108; x_wconf 88' lang='lat' dir='ltr'><strong>ita</strong></span> <span class='ocrx_word' id='word_1_80' title='bbox 709 1063 767 1108; x_wconf 91' lang='lat' dir='ltr'><strong>ut</strong></span> <span class='ocrx_word' id='word_1_81' title='bbox 794 1071 960 1127; x_wconf 86' lang='lat' dir='ltr'><strong><em>supra</em></strong></span> <span class='ocrx_word' id='word_1_82' title='bbox 992 1063 1154 1126; x_wconf 89' lang='lat' dir='ltr'><strong><em>caput</em></strong></span> <span class='ocrx_word' id='word_1_83' title='bbox 1184 1056 1425 1125; x_wconf 91' lang='lat' dir='ltr'><strong><em>ipsorum</em></strong></span> <span class='ocrx_word' id='word_1_84' title='bbox 1450 1057 1634 1111; x_wconf 79' lang='lat' dir='ltr'>throni</span> <span class='ocrx_word' id='word_1_85' title='bbox 1666 1057 1964 1113; x_wconf 75' lang='lat' dir='ltr'><strong><em>similitudo</em></strong></span> 
     </span>
    </p>
   </div>
   <div class='ocr_carea' id='block_1_13' title="bbox 397 1147 1963 1217">
    <p class='ocr_par' dir='ltr' id='par_1_13' title="bbox 397 1147 1963 1217">
     <span class='ocr_line' id='line_1_13' title="bbox 397 1147 1963 1217; baseline 0.001 -17"><span class='ocrx_word' id='word_1_86' title='bbox 397 1155 565 1209; x_wconf 78' lang='lat' dir='ltr'><strong><em>esset,</em></strong></span> <span class='ocrx_word' id='word_1_87' title='bbox 620 1157 674 1202; x_wconf 87' lang='lat' dir='ltr'><strong><em>et</em></strong></span> <span class='ocrx_word' id='word_1_88' title='bbox 715 1164 881 1217; x_wconf 82' lang='lat' dir='ltr'><strong><em>supra</em></strong></span> <span class='ocrx_word' id='word_1_89' title='bbox 930 1149 1187 1201; x_wconf 78' lang='lat' dir='ltr'>thronum</span> <span class='ocrx_word' id='word_1_90' title='bbox 1218 1148 1388 1216; x_wconf 78' lang='lat' dir='ltr'>gloria</span> <span class='ocrx_word' id='word_1_91' title='bbox 1434 1147 1668 1203; x_wconf 89' lang='lat' dir='ltr'><strong><em>Domini.</em></strong></span> <span class='ocrx_word' id='word_1_92' title='bbox 1705 1147 1963 1214; x_wconf 73' lang='lat' dir='ltr'><strong><em>Quaenam</em></strong></span> 
     </span>
    </p>
   </div>
   <div class='ocr_carea' id='block_1_14' title="bbox 396 1238 1964 1308">
    <p class='ocr_par' dir='ltr' id='par_1_14' title="bbox 396 1238 1964 1308">
     <span class='ocr_line' id='line_1_14' title="bbox 396 1238 1964 1308; baseline 0.002 -16"><span class='ocrx_word' id='word_1_93' title='bbox 396 1245 545 1293; x_wconf 87' lang='lat' dir='ltr'><strong><em>esset</em></strong></span> <span class='ocrx_word' id='word_1_94' title='bbox 576 1239 750 1308; x_wconf 78' lang='lat' dir='ltr'>gloria</span> <span class='ocrx_word' id='word_1_95' title='bbox 783 1238 992 1292; x_wconf 90' lang='lat' dir='ltr'><strong><em>Domini</em></strong></span> <span class='ocrx_word' id='word_1_96' title='bbox 1027 1239 1182 1292; x_wconf 86' lang='lat' dir='ltr'><strong>initio</strong></span> <span class='ocrx_word' id='word_1_97' title='bbox 1228 1238 1352 1294; x_wconf 84' lang='lat' dir='ltr'><strong>libri</strong></span> <span class='ocrx_word' id='word_1_98' title='bbox 1381 1239 1714 1304; x_wconf 78' lang='lat' dir='ltr'>declaratur,</span> <span class='ocrx_word' id='word_1_99' title='bbox 1744 1240 1834 1294; x_wconf 92' lang='lat' dir='ltr'><strong>ubi</strong></span> <span class='ocrx_word' id='word_1_100' title='bbox 1880 1241 1964 1295; x_wconf 82' lang='lat' dir='ltr'>di-</span> 
     </span>
    </p>
   </div>
   <div class='ocr_carea' id='block_1_15' title="bbox 396 1328 1964 1400">
    <p class='ocr_par' dir='ltr' id='par_1_15' title="bbox 396 1328 1964 1400">
     <span class='ocr_line' id='line_1_15' title="bbox 396 1328 1964 1400; baseline 0 -17"><span class='ocrx_word' id='word_1_101' title='bbox 396 1330 540 1383; x_wconf 91' lang='lat' dir='ltr'><strong><em>citur</em></strong></span> <span class='ocrx_word' id='word_1_102' title='bbox 570 1347 582 1380; x_wconf 90' lang='lat'><strong>:</strong></span> <span class='ocrx_word' id='word_1_103' title='bbox 605 1328 776 1398; x_wconf 82' lang='lat' dir='ltr'><strong>Super</strong></span> <span class='ocrx_word' id='word_1_104' title='bbox 798 1330 1060 1384; x_wconf 82' lang='lat' dir='ltr'>cherubim</span> <span class='ocrx_word' id='word_1_105' title='bbox 1088 1333 1241 1400; x_wconf 86' lang='lat' dir='ltr'><strong><em>quasi</em></strong></span> <span class='ocrx_word' id='word_1_106' title='bbox 1266 1331 1458 1399; x_wconf 77' lang='lat' dir='ltr'>species</span> <span class='ocrx_word' id='word_1_107' title='bbox 1481 1339 1596 1384; x_wconf 89' lang='lat' dir='ltr'><strong><em>erat</em></strong></span> <span class='ocrx_word' id='word_1_108' title='bbox 1621 1330 1812 1399; x_wconf 77' lang='lat' dir='ltr'>lapidis</span> <span class='ocrx_word' id='word_1_109' title='bbox 1842 1347 1964 1399; x_wconf 88' lang='lat' dir='ltr'><strong><em>sap-</em></strong></span> 
     </span>
    </p>
   </div>
   <div class='ocr_carea' id='block_1_16' title="bbox 394 1422 1964 1492">
    <p class='ocr_par' dir='ltr' id='par_1_16' title="bbox 394 1422 1964 1492">
     <span class='ocr_line' id='line_1_16' title="bbox 394 1422 1964 1492; baseline 0.001 -18"><span class='ocrx_word' id='word_1_110' title='bbox 394 1423 555 1486; x_wconf 86' lang='lat' dir='ltr'><strong><em>phiri,</em></strong></span> <span class='ocrx_word' id='word_1_111' title='bbox 586 1422 879 1476; x_wconf 78' lang='lat' dir='ltr'><strong><em>similitudo</em></strong></span> <span class='ocrx_word' id='word_1_112' title='bbox 915 1423 1086 1476; x_wconf 81' lang='lat' dir='ltr'><strong>throni</strong></span> <span class='ocrx_word' id='word_1_113' title='bbox 1119 1439 1270 1492; x_wconf 72' lang='lat' dir='ltr'><strong><em>super</em></strong></span> <span class='ocrx_word' id='word_1_114' title='bbox 1300 1424 1472 1491; x_wconf 86' lang='lat' dir='ltr'><strong><em>ipsum</em></strong></span> <span class='ocrx_word' id='word_1_115' title='bbox 1500 1436 1517 1476; x_wconf 89' lang='lat'><strong><em>:</em></strong></span> <span class='ocrx_word' id='word_1_116' title='bbox 1547 1430 1597 1477; x_wconf 85' lang='lat' dir='ltr'><strong><em>et</em></strong></span> <span class='ocrx_word' id='word_1_117' title='bbox 1633 1437 1786 1490; x_wconf 85' lang='lat' dir='ltr'><strong><em>super</em></strong></span> <span class='ocrx_word' id='word_1_118' title='bbox 1815 1423 1964 1476; x_wconf 88' lang='lat' dir='ltr'><strong><em>simi-</em></strong></span> 
     </span>
    </p>
   </div>
   <div class='ocr_carea' id='block_1_17' title="bbox 397 1513 1965 1584">
    <p class='ocr_par' dir='ltr' id='par_1_17' title="bbox 397 1513 1965 1584">
     <span class='ocr_line' id='line_1_17' title="bbox 397 1513 1965 1584; baseline 0.002 -19"><span class='ocrx_word' id='word_1_119' title='bbox 397 1513 667 1566; x_wconf 88' lang='lat' dir='ltr'><strong><em>litudinem</em></strong></span> <span class='ocrx_word' id='word_1_120' title='bbox 703 1514 875 1567; x_wconf 78' lang='lat' dir='ltr'><strong><em>tlironi</em></strong></span> <span class='ocrx_word' id='word_1_121' title='bbox 913 1515 1206 1568; x_wconf 83' lang='lat' dir='ltr'><strong><em>similitudo</em></strong></span> <span class='ocrx_word' id='word_1_122' title='bbox 1230 1514 1382 1584; x_wconf 85' lang='lat' dir='ltr'><strong><em>quasi</em></strong></span> <span class='ocrx_word' id='word_1_123' title='bbox 1412 1515 1602 1581; x_wconf 84' lang='lat' dir='ltr'><strong><em>species</em></strong></span> <span class='ocrx_word' id='word_1_124' title='bbox 1635 1513 1857 1568; x_wconf 77' lang='lat' dir='ltr'><strong><em>hominis</em></strong></span> <span class='ocrx_word' id='word_1_125' title='bbox 1874 1514 1965 1568; x_wconf 85' lang='lat' dir='ltr'><strong><em>de-</em></strong></span> 
     </span>
    </p>
   </div>
   <div class='ocr_carea' id='block_1_18' title="bbox 394 1605 1964 1677">
    <p class='ocr_par' dir='ltr' id='par_1_18' title="bbox 394 1605 1964 1677">
     <span class='ocr_line' id='line_1_18' title="bbox 394 1605 1964 1677; baseline 0.002 -18"><span class='ocrx_word' id='word_1_126' title='bbox 394 1622 566 1674; x_wconf 81' lang='lat' dir='ltr'><strong><em>super.</em></strong></span> <span class='ocrx_word' id='word_1_127' title='bbox 601 1605 667 1659; x_wconf 82' lang='lat' dir='ltr'>Et</span> <span class='ocrx_word' id='word_1_128' title='bbox 705 1607 812 1660; x_wconf 84' lang='lat' dir='ltr'><strong><em>vidi</em></strong></span> <span class='ocrx_word' id='word_1_129' title='bbox 838 1609 993 1677; x_wconf 86' lang='lat' dir='ltr'><strong><em>quasi</em></strong></span> <span class='ocrx_word' id='word_1_130' title='bbox 1026 1608 1254 1676; x_wconf 80' lang='lat' dir='ltr'><strong><em>formam</em></strong></span> <span class='ocrx_word' id='word_1_131' title='bbox 1283 1607 1465 1661; x_wconf 87' lang='lat' dir='ltr'><strong><em>electri</em></strong></span> <span class='ocrx_word' id='word_1_132' title='bbox 1495 1624 1527 1660; x_wconf 91' lang='lat' dir='ltr'>a</span> <span class='ocrx_word' id='word_1_133' title='bbox 1569 1608 1734 1676; x_wconf 78' lang='lat' dir='ltr'><strong><em>specie</em></strong></span> <span class='ocrx_word' id='word_1_134' title='bbox 1763 1608 1964 1662; x_wconf 86' lang='lat' dir='ltr'><strong><em>lumbo-</em></strong></span> 
     </span>
    </p>
   </div>
   <div class='ocr_carea' id='block_1_19' title="bbox 395 1697 1964 1768">
    <p class='ocr_par' dir='ltr' id='par_1_19' title="bbox 395 1697 1964 1768">
     <span class='ocr_line' id='line_1_19' title="bbox 395 1697 1964 1768; baseline 0.002 -19"><span class='ocrx_word' id='word_1_135' title='bbox 395 1715 511 1751; x_wconf 87' lang='lat' dir='ltr'>rum</span> <span class='ocrx_word' id='word_1_136' title='bbox 536 1708 585 1752; x_wconf 84' lang='lat' dir='ltr'>et</span> <span class='ocrx_word' id='word_1_137' title='bbox 611 1697 870 1768; x_wconf 75' lang='lat' dir='ltr'><strong><em>desuper;</em></strong></span> <span class='ocrx_word' id='word_1_138' title='bbox 913 1708 962 1752; x_wconf 89' lang='lat' dir='ltr'><strong><em>et</em></strong></span> <span class='ocrx_word' id='word_1_139' title='bbox 1008 1716 1040 1752; x_wconf 88' lang='lat' dir='ltr'><strong><em>a</em></strong></span> <span class='ocrx_word' id='word_1_140' title='bbox 1083 1701 1246 1768; x_wconf 83' lang='lat' dir='ltr'><strong><em>specie</em></strong></span> <span class='ocrx_word' id='word_1_141' title='bbox 1279 1699 1577 1752; x_wconf 86' lang='lat' dir='ltr'><strong><em>lumborum</em></strong></span> <span class='ocrx_word' id='word_1_142' title='bbox 1617 1699 1964 1768; x_wconf 77' lang='lat' dir='ltr'><strong><em>usquetdeor-</em></strong></span> 
     </span>
    </p>
   </div>
   <div class='ocr_carea' id='block_1_20' title="bbox 2070 517 3631 596">
    <p class='ocr_par' dir='ltr' id='par_1_20' title="bbox 2070 517 3631 596">
     <span class='ocr_line' id='line_1_20' title="bbox 2070 517 3631 596; baseline 0.007 -26"><span class='ocrx_word' id='word_1_143' title='bbox 2070 517 2235 571; x_wconf 80' lang='grc' dir='ltr'>πάλαι</span> <span class='ocrx_word' id='word_1_144' title='bbox 2264 517 2524 588; x_wconf 80' lang='grc' dir='ltr'>θεοφιλῶν</span> <span class='ocrx_word' id='word_1_145' title='bbox 2550 521 2757 592; x_wconf 86' lang='grc' dir='ltr'>ἀνδρῶν</span> <span class='ocrx_word' id='word_1_146' title='bbox 2786 525 3001 594; x_wconf 80' lang='grc' dir='ltr'>μνήμην</span> <span class='ocrx_word' id='word_1_147' title='bbox 3023 529 3278 590; x_wconf 87' lang='grc' dir='ltr'>ποιεῖται,</span> <span class='ocrx_word' id='word_1_148' title='bbox 3300 527 3390 580; x_wconf 74' lang='grc' dir='ltr'>διὰ</span> <span class='ocrx_word' id='word_1_149' title='bbox 3411 528 3514 596; x_wconf 74' lang='grc' dir='ltr'>τῆς</span> <span class='ocrx_word' id='word_1_150' title='bbox 3534 527 3631 581; x_wconf 77' lang='grc' dir='ltr'>τῶν</span> 
     </span>
    </p>
   </div>
   <div class='ocr_carea' id='block_1_21' title="bbox 2069 608 3634 682">
    <p class='ocr_par' dir='ltr' id='par_1_21' title="bbox 2069 608 3634 682">
     <span class='ocr_line' id='line_1_21' title="bbox 2069 608 3634 682; baseline 0.006 -23"><span class='ocrx_word' id='word_1_151' title='bbox 2069 608 2423 678; x_wconf 83' lang='grc' dir='ltr'>προπατόρων</span> <span class='ocrx_word' id='word_1_152' title='bbox 2445 609 2646 680; x_wconf 79' lang='grc' dir='ltr'>ἀρετῆς</span> <span class='ocrx_word' id='word_1_153' title='bbox 2673 612 2764 664; x_wconf 76' lang='grc' dir='ltr'>καὶ</span> <span class='ocrx_word' id='word_1_154' title='bbox 2785 611 3086 677; x_wconf 85' lang='grc' dir='ltr'>θεοσεϐείας</span> <span class='ocrx_word' id='word_1_155' title='bbox 3105 615 3234 678; x_wconf 79' lang='grc' dir='ltr'>τοὺς</span> <span class='ocrx_word' id='word_1_156' title='bbox 3259 614 3320 678; x_wconf 79' lang='grc' dir='ltr'>ἐξ</span> <span class='ocrx_word' id='word_1_157' title='bbox 3344 615 3522 668; x_wconf 81' lang='grc' dir='ltr'>αὐτῶν</span> <span class='ocrx_word' id='word_1_158' title='bbox 3548 632 3634 682; x_wconf 77' lang='grc' dir='ltr'>γε-</span> 
     </span>
    </p>
   </div>
   <div class='ocr_carea' id='block_1_22' title="bbox 2066 697 3633 772">
    <p class='ocr_par' dir='ltr' id='par_1_22' title="bbox 2066 697 3633 772">
     <span class='ocr_line' id='line_1_22' title="bbox 2066 697 3633 772; baseline 0.004 -24"><span class='ocrx_word' id='word_1_159' title='bbox 2066 697 2322 766; x_wconf 88' lang='grc' dir='ltr'>νομένους</span> <span class='ocrx_word' id='word_1_160' title='bbox 2344 698 2490 752; x_wconf 89' lang='grc' dir='ltr'>ἐλέου</span> <span class='ocrx_word' id='word_1_161' title='bbox 2513 701 2694 769; x_wconf 84' lang='grc' dir='ltr'>τυχεῖν</span> <span class='ocrx_word' id='word_1_162' title='bbox 2717 701 3096 772; x_wconf 86' lang='grc' dir='ltr'>ποτνιώμενος.</span> <span class='ocrx_word' id='word_1_163' title='bbox 3133 705 3191 757; x_wconf 84' lang='grc'>’0</span> <span class='ocrx_word' id='word_1_164' title='bbox 3215 705 3273 757; x_wconf 84' lang='grc' dir='ltr'>δὲ</span> <span class='ocrx_word' id='word_1_165' title='bbox 3299 704 3460 768; x_wconf 72' lang='grc' dir='ltr'>αὐτὸς</span> <span class='ocrx_word' id='word_1_166' title='bbox 3486 697 3633 767; x_wconf 75' lang='grc' dir='ltr'>οὗτος</span> 
     </span>
    </p>
   </div>
   <div class='ocr_carea' id='block_1_23' title="bbox 2063 789 3634 867">
    <p class='ocr_par' dir='ltr' id='par_1_23' title="bbox 2063 789 3634 867">
     <span class='ocr_line' id='line_1_23' title="bbox 2063 789 3634 867; baseline 0.003 -25"><span class='ocrx_word' id='word_1_167' title='bbox 2063 789 2094 841; x_wconf 84' lang='grc' dir='ltr'>ὀ</span> <span class='ocrx_word' id='word_1_168' title='bbox 2117 789 2227 844; x_wconf 85' lang='grc' dir='ltr'>τῶν</span> <span class='ocrx_word' id='word_1_169' title='bbox 2255 791 2424 860; x_wconf 83' lang='grc' dir='ltr'>ἁγίων</span> <span class='ocrx_word' id='word_1_170' title='bbox 2446 792 2654 864; x_wconf 81' lang='grc' dir='ltr'>ἀνδρῶν</span> <span class='ocrx_word' id='word_1_171' title='bbox 2683 811 2812 847; x_wconf 88' lang='grc' dir='ltr'>ποτε</span> <span class='ocrx_word' id='word_1_172' title='bbox 2839 794 3124 864; x_wconf 86' lang='grc' dir='ltr'>γενόμενος</span> <span class='ocrx_word' id='word_1_173' title='bbox 3152 796 3378 867; x_wconf 80' lang='grc' dir='ltr'>ποιμὴν,</span> <span class='ocrx_word' id='word_1_174' title='bbox 3406 796 3502 848; x_wconf 71' lang='grc' dir='ltr'>καὶ</span> <span class='ocrx_word' id='word_1_175' title='bbox 3528 798 3634 856; x_wconf 78' lang='grc' dir='ltr'>τοῖς</span> 
     </span>
    </p>
   </div>
   <div class='ocr_carea' id='block_1_24' title="bbox 2064 880 3635 958">
    <p class='ocr_par' dir='ltr' id='par_1_24' title="bbox 2064 880 3635 958">
     <span class='ocr_line' id='line_1_24' title="bbox 2064 880 3635 958; baseline 0.003 -25"><span class='ocrx_word' id='word_1_176' title='bbox 2064 881 2328 953; x_wconf 74' lang='grc' dir='ltr'>χερουϐὶμ</span> <span class='ocrx_word' id='word_1_177' title='bbox 2358 883 2714 954; x_wconf 76' lang='grc' dir='ltr'>ἐποχούμενος</span> <span class='ocrx_word' id='word_1_178' title='bbox 2745 880 2831 954; x_wconf 88' lang='grc' dir='ltr'>ἦν.</span> <span class='ocrx_word' id='word_1_179' title='bbox 2871 886 3050 949; x_wconf 90' lang='grc' dir='ltr'>Ποίοις</span> <span class='ocrx_word' id='word_1_180' title='bbox 3081 886 3136 939; x_wconf 85' lang='grc' dir='ltr'>δὲ</span> <span class='ocrx_word' id='word_1_181' title='bbox 3169 887 3434 958; x_wconf 68' lang='grc' dir='ltr'>χερουϐὶμ</span> <span class='ocrx_word' id='word_1_182' title='bbox 3463 885 3497 955; x_wconf 79' lang='grc' dir='ltr'><strong>ἧ</strong></span> <span class='ocrx_word' id='word_1_183' title='bbox 3525 890 3635 949; x_wconf 86' lang='grc' dir='ltr'>τοῖς</span> 
     </span>
    </p>
   </div>
   <div class='ocr_carea' id='block_1_25' title="bbox 2065 971 3636 1048">
    <p class='ocr_par' dir='ltr' id='par_1_25' title="bbox 2065 971 3636 1048">
     <span class='ocr_line' id='line_1_25' title="bbox 2065 971 3636 1048; baseline 0.003 -25"><span class='ocrx_word' id='word_1_184' title='bbox 2065 973 2215 1042; x_wconf 80' lang='grc' dir='ltr'>παρὰ</span> <span class='ocrx_word' id='word_1_185' title='bbox 2229 972 2306 1043; x_wconf 80' lang='grc' dir='ltr'>τῷ</span> <span class='ocrx_word' id='word_1_186' title='bbox 2334 974 2579 1046; x_wconf 76' lang='grc' dir='ltr'>Ἐζεκιὴλ</span> <span class='ocrx_word' id='word_1_187' title='bbox 2601 975 3045 1048; x_wconf 81' lang='grc' dir='ltr'>τεθεωρημένοις,</span> <span class='ocrx_word' id='word_1_188' title='bbox 3067 971 3143 1030; x_wconf 83' lang='grc' dir='ltr'>ὧν</span> <span class='ocrx_word' id='word_1_189' title='bbox 3160 978 3370 1040; x_wconf 76' lang='grc' dir='ltr'>εἰκόνας</span> <span class='ocrx_word' id='word_1_190' title='bbox 3394 977 3490 1029; x_wconf 73' lang='grc' dir='ltr'>καὶ</span> <span class='ocrx_word' id='word_1_191' title='bbox 3510 976 3636 1046; x_wconf 78' lang='grc' dir='ltr'>σύμ-</span> 
     </span>
    </p>
   </div>
   <div class='ocr_carea' id='block_1_26' title="bbox 2063 1061 3637 1137">
    <p class='ocr_par' dir='ltr' id='par_1_26' title="bbox 2063 1061 3637 1137">
     <span class='ocr_line' id='line_1_26' title="bbox 2063 1061 3637 1137; baseline 0.001 -23"><span class='ocrx_word' id='word_1_192' title='bbox 2063 1061 2199 1115; x_wconf 91' lang='grc' dir='ltr'>ϐολα</span> <span class='ocrx_word' id='word_1_193' title='bbox 2220 1063 2354 1116; x_wconf 83' lang='grc' dir='ltr'>Μωῦ</span> <span class='ocrx_word' id='word_1_194' title='bbox 2364 1063 2462 1134; x_wconf 85' lang='grc' dir='ltr'>σῆς</span> <span class='ocrx_word' id='word_1_195' title='bbox 2483 1063 2570 1116; x_wconf 82' lang='grc' dir='ltr'>διὰ</span> <span class='ocrx_word' id='word_1_196' title='bbox 2593 1065 2791 1137; x_wconf 80' lang='grc' dir='ltr'>χρυσοῦ</span> <span class='ocrx_word' id='word_1_197' title='bbox 2815 1066 3066 1136; x_wconf 82' lang='grc' dir='ltr'>ὑπεράνω</span> <span class='ocrx_word' id='word_1_198' title='bbox 3087 1067 3184 1137; x_wconf 87' lang='grc' dir='ltr'>τῆς</span> <span class='ocrx_word' id='word_1_199' title='bbox 3199 1065 3428 1119; x_wconf 86' lang='grc' dir='ltr'>κιϐωτοῦ</span> <span class='ocrx_word' id='word_1_200' title='bbox 3449 1064 3637 1117; x_wconf 78' lang='grc' dir='ltr'>κελευο</span> 
     </span>
    </p>
   </div>
   <div class='ocr_carea' id='block_1_27' title="bbox 2065 1150 3636 1226">
    <p class='ocr_par' dir='ltr' id='par_1_27' title="bbox 2065 1150 3636 1226">
     <span class='ocr_line' id='line_1_27' title="bbox 2065 1150 3636 1226; baseline 0.003 -24"><span class='ocrx_word' id='word_1_201' title='bbox 2065 1150 2210 1213; x_wconf 75' lang='grc' dir='ltr'>σθεὶς</span> <span class='ocrx_word' id='word_1_202' title='bbox 2240 1152 2448 1218; x_wconf 88' lang='grc' dir='ltr'>ἐποίει;</span> <span class='ocrx_word' id='word_1_203' title='bbox 2480 1154 2768 1226; x_wconf 78' lang='grc' dir='ltr'>Μέμνηται</span> <span class='ocrx_word' id='word_1_204' title='bbox 2797 1155 2855 1208; x_wconf 86' lang='grc' dir='ltr'>δὲ</span> <span class='ocrx_word' id='word_1_205' title='bbox 2881 1155 2989 1208; x_wconf 86' lang='grc' dir='ltr'>τῶν</span> <span class='ocrx_word' id='word_1_206' title='bbox 3019 1155 3324 1226; x_wconf 70' lang='grc' dir='ltr'>χερουϐὶμό</span> <span class='ocrx_word' id='word_1_207' title='bbox 3361 1153 3636 1222; x_wconf 74' lang='grc' dir='ltr'>Ἑζεκιὴλ,</span> 
     </span>
    </p>
   </div>
   <div class='ocr_carea' id='block_1_28' title="bbox 2060 1239 3639 1314">
    <p class='ocr_par' dir='ltr' id='par_1_28' title="bbox 2060 1239 3639 1314">
     <span class='ocr_line' id='line_1_28' title="bbox 2060 1239 3639 1314; baseline 0.003 -23"><span class='ocrx_word' id='word_1_208' title='bbox 2060 1239 2252 1293; x_wconf 88' lang='grc' dir='ltr'>τοῦτον</span> <span class='ocrx_word' id='word_1_209' title='bbox 2280 1239 2450 1310; x_wconf 88' lang='grc' dir='ltr'>λέγων</span> <span class='ocrx_word' id='word_1_210' title='bbox 2472 1243 2560 1297; x_wconf 80' lang='grc' dir='ltr'>τὸν</span> <span class='ocrx_word' id='word_1_211' title='bbox 2580 1245 2796 1314; x_wconf 87' lang='grc' dir='ltr'>τρόπον·</span> <span class='ocrx_word' id='word_1_212' title='bbox 2823 1245 2930 1298; x_wconf 81' lang='grc' dir='ltr'>Καί</span> <span class='ocrx_word' id='word_1_213' title='bbox 2953 1241 3134 1306; x_wconf 74' lang='grc' dir='ltr'>εἶδον.</span> <span class='ocrx_word' id='word_1_214' title='bbox 3161 1247 3256 1301; x_wconf 78' lang='grc' dir='ltr'>καὶ</span> <span class='ocrx_word' id='word_1_215' title='bbox 3273 1245 3398 1298; x_wconf 78' lang='grc' dir='ltr'>ἰδοὺ</span> <span class='ocrx_word' id='word_1_216' title='bbox 3425 1243 3639 1297; x_wconf 73' lang='grc' dir='ltr'>ἐπάνω</span> 
     </span>
    </p>
   </div>
   <div class='ocr_carea' id='block_1_29' title="bbox 2060 1331 3638 1406">
    <p class='ocr_par' dir='ltr' id='par_1_29' title="bbox 2060 1331 3638 1406">
     <span class='ocr_line' id='line_1_29' title="bbox 2060 1331 3638 1406; baseline 0.002 -22"><span class='ocrx_word' id='word_1_217' title='bbox 2060 1331 2166 1385; x_wconf 85' lang='grc' dir='ltr'>τοῦ</span> <span class='ocrx_word' id='word_1_218' title='bbox 2195 1332 2598 1401; x_wconf 82' lang='grc' dir='ltr'>στερεώματος</span> <span class='ocrx_word' id='word_1_219' title='bbox 2619 1335 2722 1389; x_wconf 89' lang='grc' dir='ltr'>τοῦ</span> <span class='ocrx_word' id='word_1_220' title='bbox 2743 1337 2893 1404; x_wconf 79' lang='grc' dir='ltr'>ὑπὲρ</span> <span class='ocrx_word' id='word_1_221' title='bbox 2923 1335 3193 1406; x_wconf 70' lang='grc' dir='ltr'>κεφαλῆς</span> <span class='ocrx_word' id='word_1_222' title='bbox 3225 1336 3326 1388; x_wconf 87' lang='grc' dir='ltr'>τοῦ</span> <span class='ocrx_word' id='word_1_223' title='bbox 3347 1335 3638 1404; x_wconf 77' lang='grc' dir='ltr'>χερουϐίμ</span> 
     </span>
    </p>
   </div>
   <div class='ocr_carea' id='block_1_30' title="bbox 2060 1423 3639 1497">
    <p class='ocr_par' dir='ltr' id='par_1_30' title="bbox 2060 1423 3639 1497">
     <span class='ocr_line' id='line_1_30' title="bbox 2060 1423 3639 1497; baseline 0.001 -20"><span class='ocrx_word' id='word_1_224' title='bbox 2060 1423 2142 1490; x_wconf 86' lang='grc' dir='ltr'>ὡς</span> <span class='ocrx_word' id='word_1_225' title='bbox 2159 1426 2328 1490; x_wconf 69' lang='grc' dir='ltr'>λίθος</span> <span class='ocrx_word' id='word_1_226' title='bbox 2349 1427 2684 1494; x_wconf 59' lang='grc' dir='ltr'>σαπρείρου</span> <span class='ocrx_word' id='word_1_227' title='bbox 2704 1429 2961 1497; x_wconf 78' lang='grc' dir='ltr'>ὁμοίωμα</span> <span class='ocrx_word' id='word_1_228' title='bbox 2981 1429 3194 1496; x_wconf 81' lang='grc' dir='ltr'>θρόνου</span> <span class='ocrx_word' id='word_1_229' title='bbox 3211 1428 3297 1480; x_wconf 76' lang='grc' dir='ltr'>ἐπ’</span> <span class='ocrx_word' id='word_1_230' title='bbox 3314 1426 3505 1492; x_wconf 81' lang='grc' dir='ltr'>αὐτῷ.</span> <span class='ocrx_word' id='word_1_231' title='bbox 3531 1428 3639 1479; x_wconf 68' lang='grc' dir='ltr'>Καὶ</span> 
     </span>
    </p>
   </div>
   <div class='ocr_carea' id='block_1_31' title="bbox 2065 1517 3640 1591">
    <p class='ocr_par' dir='ltr' id='par_1_31' title="bbox 2065 1517 3640 1591">
     <span class='ocr_line' id='line_1_31' title="bbox 2065 1517 3640 1591; baseline 0.002 -21"><span class='ocrx_word' id='word_1_232' title='bbox 2065 1517 2182 1588; x_wconf 82' lang='grc' dir='ltr'>μεθ’</span> <span class='ocrx_word' id='word_1_233' title='bbox 2214 1518 2375 1590; x_wconf 74' lang='grc' dir='ltr'>ἕτερά</span> <span class='ocrx_word' id='word_1_234' title='bbox 2406 1536 2567 1591; x_wconf 81' lang='grc' dir='ltr'>φησι·</span> <span class='ocrx_word' id='word_1_235' title='bbox 2591 1521 2700 1575; x_wconf 76' lang='grc' dir='ltr'>Καὶ</span> <span class='ocrx_word' id='word_1_236' title='bbox 2722 1519 2939 1590; x_wconf 79' lang='grc' dir='ltr'>ἐξῆλθε</span> <span class='ocrx_word' id='word_1_237' title='bbox 2958 1520 3105 1586; x_wconf 82' lang='grc' dir='ltr'>δόξα</span> <span class='ocrx_word' id='word_1_238' title='bbox 3129 1521 3341 1587; x_wconf 81' lang='grc' dir='ltr'>Κυρίου</span> <span class='ocrx_word' id='word_1_239' title='bbox 3371 1519 3501 1574; x_wconf 72' lang='grc' dir='ltr'>ἀπὸ</span> <span class='ocrx_word' id='word_1_240' title='bbox 3533 1519 3640 1573; x_wconf 80' lang='grc' dir='ltr'>τοῦ</span> 
     </span>
    </p>
   </div>
   <div class='ocr_carea' id='block_1_32' title="bbox 2060 1612 3636 1683">
    <p class='ocr_par' dir='ltr' id='par_1_32' title="bbox 2060 1612 3636 1683">
     <span class='ocr_line' id='line_1_32' title="bbox 2060 1612 3636 1683; baseline 0.003 -19"><span class='ocrx_word' id='word_1_241' title='bbox 2060 1612 2286 1679; x_wconf 83' lang='grc' dir='ltr'>αἰθρίου</span> <span class='ocrx_word' id='word_1_242' title='bbox 2333 1613 2439 1667; x_wconf 86' lang='grc' dir='ltr'>τοῦ</span> <span class='ocrx_word' id='word_1_243' title='bbox 2473 1614 2640 1668; x_wconf 79' lang='grc' dir='ltr'>οἴκου</span> <span class='ocrx_word' id='word_1_244' title='bbox 2663 1653 2680 1680; x_wconf 92' lang='grc'>,</span> <span class='ocrx_word' id='word_1_245' title='bbox 2733 1615 2829 1668; x_wconf 83' lang='grc' dir='ltr'>καί</span> <span class='ocrx_word' id='word_1_246' title='bbox 2869 1615 3049 1683; x_wconf 78' lang='grc' dir='ltr'>ἐπέϐη</span> <span class='ocrx_word' id='word_1_247' title='bbox 3081 1615 3178 1668; x_wconf 82' lang='grc' dir='ltr'>ἐπὶ</span> <span class='ocrx_word' id='word_1_248' title='bbox 3210 1615 3279 1666; x_wconf 85' lang='grc' dir='ltr'>τὰ</span> <span class='ocrx_word' id='word_1_249' title='bbox 3306 1614 3636 1683; x_wconf 77' lang='grc' dir='ltr'>χερΟυὸἰμ·</span> 
     </span>
    </p>
   </div>
   <div class='ocr_carea' id='block_1_33' title="bbox 2062 1700 3640 1776">
    <p class='ocr_par' dir='ltr' id='par_1_33' title="bbox 2062 1700 3640 1776">
     <span class='ocr_line' id='line_1_33' title="bbox 2062 1700 3640 1776; baseline 0.001 -22"><span class='ocrx_word' id='word_1_250' title='bbox 2062 1700 2158 1770; x_wconf 80' lang='grc' dir='ltr'>καί</span> <span class='ocrx_word' id='word_1_251' title='bbox 2181 1703 2435 1757; x_wconf 79' lang='grc' dir='ltr'>ἀνέλαϐε</span> <span class='ocrx_word' id='word_1_252' title='bbox 2455 1705 2525 1758; x_wconf 86' lang='grc' dir='ltr'>τὰ</span> <span class='ocrx_word' id='word_1_253' title='bbox 2543 1706 2824 1776; x_wconf 81' lang='grc' dir='ltr'>χερουϐίμ</span> <span class='ocrx_word' id='word_1_254' title='bbox 2852 1705 2956 1771; x_wconf 84' lang='grc' dir='ltr'>τὰς</span> <span class='ocrx_word' id='word_1_255' title='bbox 2974 1703 3263 1774; x_wconf 80' lang='grc' dir='ltr'>πτέρυγας</span> <span class='ocrx_word' id='word_1_256' title='bbox 3284 1703 3514 1763; x_wconf 72' lang='grc' dir='ltr'>αὐτῶν,</span> <span class='ocrx_word' id='word_1_257' title='bbox 3539 1703 3640 1756; x_wconf 79' lang='grc' dir='ltr'>καί</span> 
     </span>
    </p>
   </div>
   <div class='ocr_carea' id='block_1_34' title="bbox 393 1790 1949 1866">
    <p class='ocr_par' dir='ltr' id='par_1_34' title="bbox 393 1790 1949 1860">
     <span class='ocr_line' id='line_1_34' title="bbox 393 1790 1949 1860; baseline 0.002 -18"><span class='ocrx_word' id='word_1_258' title='bbox 393 1807 530 1854; x_wconf 84' lang='lat' dir='ltr'><strong><em>sum,</em></strong></span> <span class='ocrx_word' id='word_1_259' title='bbox 567 1792 720 1860; x_wconf 86' lang='lat' dir='ltr'><strong><em>quasi</em></strong></span> <span class='ocrx_word' id='word_1_260' title='bbox 755 1791 950 1859; x_wconf 82' lang='lat' dir='ltr'><strong><em>species</em></strong></span> <span class='ocrx_word' id='word_1_261' title='bbox 973 1792 1134 1860; x_wconf 84' lang='lat' dir='ltr'><strong><em>ignis,</em></strong></span> <span class='ocrx_word' id='word_1_262' title='bbox 1165 1800 1213 1845; x_wconf 86' lang='lat' dir='ltr'>et</span> <span class='ocrx_word' id='word_1_263' title='bbox 1241 1791 1332 1844; x_wconf 72' lang='lat' dir='ltr'><strong><em>lux</em></strong></span> <span class='ocrx_word' id='word_1_264' title='bbox 1367 1790 1479 1859; x_wconf 87' lang='lat' dir='ltr'><strong><em>ejus</em></strong></span> <span class='ocrx_word' id='word_1_265' title='bbox 1507 1792 1560 1843; x_wconf 91' lang='lat' dir='ltr'>in</span> <span class='ocrx_word' id='word_1_266' title='bbox 1587 1790 1841 1854; x_wconf 86' lang='lat' dir='ltr'><strong><em>circuitu;</em></strong></span> <span class='ocrx_word' id='word_1_267' title='bbox 1869 1791 1949 1846; x_wconf 89' lang='lat' dir='ltr'><strong><em>ad-</em></strong></span> 
     </span>
    </p>
   </div>
   <div class='ocr_carea' id='block_1_35' title="bbox 2055 1790 3641 1866">
    <p class='ocr_par' dir='ltr' id='par_1_35' title="bbox 2062 1791 3641 1866">
     <span class='ocr_line' id='line_1_35' title="bbox 2062 1791 3641 1866; baseline -0.001 -20"><span class='ocrx_word' id='word_1_268' title='bbox 2062 1791 2571 1866; x_wconf 79' lang='grc' dir='ltr'>ἐμετεωρίσθησαν</span> <span class='ocrx_word' id='word_1_269' title='bbox 2596 1796 2715 1850; x_wconf 81' lang='grc' dir='ltr'>ἀπὸ</span> <span class='ocrx_word' id='word_1_270' title='bbox 2746 1796 2858 1864; x_wconf 83' lang='grc' dir='ltr'>τῆς</span> <span class='ocrx_word' id='word_1_271' title='bbox 2881 1796 2994 1866; x_wconf 79' lang='grc' dir='ltr'>γῆς</span> <span class='ocrx_word' id='word_1_272' title='bbox 3012 1795 3263 1849; x_wconf 84' lang='grc' dir='ltr'>ἐνώπιον</span> <span class='ocrx_word' id='word_1_273' title='bbox 3285 1795 3429 1864; x_wconf 85' lang='grc' dir='ltr'>ἐμοῦ</span> <span class='ocrx_word' id='word_1_274' title='bbox 3454 1795 3539 1845; x_wconf 73' lang='grc' dir='ltr'>ἐν</span> <span class='ocrx_word' id='word_1_275' title='bbox 3565 1794 3641 1859; x_wconf 74' lang='grc' dir='ltr'>τῷ</span> 
     </span>
    </p>
   </div>
   <div class='ocr_carea' id='block_1_36' title="bbox 389 1881 1953 1954">
    <p class='ocr_par' dir='ltr' id='par_1_36' title="bbox 389 1881 1953 1954">
     <span class='ocr_line' id='line_1_36' title="bbox 389 1881 1953 1954; baseline 0.006 -23"><span class='ocrx_word' id='word_1_276' title='bbox 389 1881 655 1951; x_wconf 85' lang='lat' dir='ltr'><strong><em>jicitque:</em></strong></span> <span class='ocrx_word' id='word_1_277' title='bbox 694 1882 822 1935; x_wconf 79' lang='lat' dir='ltr'><strong><em>Ilwc</em></strong></span> <span class='ocrx_word' id='word_1_278' title='bbox 866 1884 996 1936; x_wconf 81' lang='lat' dir='ltr'><strong><em>visio</em></strong></span> <span class='ocrx_word' id='word_1_279' title='bbox 1032 1883 1399 1938; x_wconf 86' lang='lat' dir='ltr'><strong><em>similitudinis</em></strong></span> <span class='ocrx_word' id='word_1_280' title='bbox 1434 1884 1622 1954; x_wconf 66' lang='lat' dir='ltr'><strong><em>gloria:</em></strong></span> <span class='ocrx_word' id='word_1_281' title='bbox 1659 1885 1953 1940; x_wconf 79' lang='lat' dir='ltr'>Domini“.</span> 
     </span>
    </p>
   </div>
   <div class='ocr_carea' id='block_1_37' title="bbox 2062 1882 3639 1954">
    <p class='ocr_par' dir='ltr' id='par_1_37' title="bbox 2062 1882 3639 1954">
     <span class='ocr_line' id='line_1_37' title="bbox 2062 1882 3639 1954; baseline 0 -16"><span class='ocrx_word' id='word_1_282' title='bbox 2062 1885 2330 1948; x_wconf 78' lang='grc' dir='ltr'>ἐξελθεῖν</span> <span class='ocrx_word' id='word_1_283' title='bbox 2350 1883 2522 1948; x_wconf 86' lang='grc' dir='ltr'>αὐτὰ,</span> <span class='ocrx_word' id='word_1_284' title='bbox 2549 1885 2648 1937; x_wconf 82' lang='grc' dir='ltr'>καί</span> <span class='ocrx_word' id='word_1_285' title='bbox 2673 1887 2725 1938; x_wconf 86' lang='grc' dir='ltr'>οί</span> <span class='ocrx_word' id='word_1_286' title='bbox 2749 1885 2946 1953; x_wconf 80' lang='grc' dir='ltr'>τροχοὶ</span> <span class='ocrx_word' id='word_1_287' title='bbox 2967 1885 3236 1954; x_wconf 83' lang='grc' dir='ltr'>ἐχόμενοι</span> <span class='ocrx_word' id='word_1_288' title='bbox 3257 1882 3482 1937; x_wconf 78' lang='grc' dir='ltr'>αὐτῶν.</span> <span class='ocrx_word' id='word_1_289' title='bbox 3531 1887 3639 1938; x_wconf 85' lang='grc' dir='ltr'>Καί</span> 
     </span>
    </p>
   </div>
   <div class='ocr_carea' id='block_1_38' title="bbox 389 1972 3643 2046">
    <p class='ocr_par' dir='ltr' id='par_1_38' title="bbox 389 1972 3643 2046">
     <span class='ocr_line' id='line_1_38' title="bbox 389 1972 3643 2046; baseline 0 -19"><span class='ocrx_word' id='word_1_290' title='bbox 389 1975 662 2042; x_wconf 77' lang='grc' dir='ltr'>ἔστησαν</span> <span class='ocrx_word' id='word_1_291' title='bbox 681 1976 779 2028; x_wconf 84' lang='grc' dir='ltr'>ἐπί</span> <span class='ocrx_word' id='word_1_292' title='bbox 805 1977 875 2030; x_wconf 80' lang='grc' dir='ltr'>τὰ</span> <span class='ocrx_word' id='word_1_293' title='bbox 895 1979 1157 2045; x_wconf 79' lang='grc' dir='ltr'>πρόθυρα</span> <span class='ocrx_word' id='word_1_294' title='bbox 1186 1977 1292 2046; x_wconf 80' lang='grc' dir='ltr'>τῆς</span> <span class='ocrx_word' id='word_1_295' title='bbox 1315 1979 1514 2045; x_wconf 79' lang='grc' dir='ltr'>πύλης</span> <span class='ocrx_word' id='word_1_296' title='bbox 1535 1978 1639 2032; x_wconf 86' lang='grc' dir='ltr'>τοῦ</span> <span class='ocrx_word' id='word_1_297' title='bbox 1698 1979 1868 2033; x_wconf 79' lang='grc' dir='ltr'>οἴκου</span> <span class='ocrx_word' id='word_1_298' title='bbox 1924 1978 2034 2046; x_wconf 79' lang='grc' dir='ltr'>τῆς</span> <span class='ocrx_word' id='word_1_299' title='bbox 2069 1978 2354 2033; x_wconf 79' lang='grc' dir='ltr'>ἀπέναντι</span> <span class='ocrx_word' id='word_1_300' title='bbox 2374 2018 2389 2043; x_wconf 91' lang='grc'>,</span> <span class='ocrx_word' id='word_1_301' title='bbox 2425 1977 2523 2032; x_wconf 84' lang='grc' dir='ltr'>καί</span> <span class='ocrx_word' id='word_1_302' title='bbox 2559 1977 2708 2042; x_wconf 78' lang='grc' dir='ltr'>δόξα</span> <span class='ocrx_word' id='word_1_303' title='bbox 2737 1977 2883 2032; x_wconf 85' lang='grc' dir='ltr'>Θεοῦ</span> <span class='ocrx_word' id='word_1_304' title='bbox 2928 1977 3171 2046; x_wconf 74' lang='grc' dir='ltr'>Ἰσραὴλ</span> <span class='ocrx_word' id='word_1_305' title='bbox 3201 1972 3277 2046; x_wconf 84' lang='grc' dir='ltr'>ἦν</span> <span class='ocrx_word' id='word_1_306' title='bbox 3300 1976 3392 2028; x_wconf 73' lang='grc' dir='ltr'>ἐπ’</span> <span class='ocrx_word' id='word_1_307' title='bbox 3426 1974 3643 2029; x_wconf 79' lang='grc' dir='ltr'>αὐτῶν</span> 
     </span>
    </p>
   </div>
   <div class='ocr_carea' id='block_1_39' title="bbox 389 2061 3641 2140">
    <p class='ocr_par' dir='ltr' id='par_1_39' title="bbox 389 2061 3641 2140">
     <span class='ocr_line' id='line_1_39' title="bbox 389 2061 3641 2140; baseline -0.001 -19"><span class='ocrx_word' id='word_1_308' title='bbox 389 2067 682 2134; x_wconf 79' lang='grc' dir='ltr'>ὑπεράνω.</span> <span class='ocrx_word' id='word_1_309' title='bbox 727 2067 889 2138; x_wconf 76' lang='grc' dir='ltr'>Ὁρᾷς</span> <span class='ocrx_word' id='word_1_310' title='bbox 921 2068 1068 2130; x_wconf 85' lang='grc' dir='ltr'>ὅπως</span> <span class='ocrx_word' id='word_1_311' title='bbox 1099 2071 1156 2122; x_wconf 83' lang='grc' dir='ltr'>ἐν</span> <span class='ocrx_word' id='word_1_312' title='bbox 1185 2068 1394 2133; x_wconf 80' lang='grc' dir='ltr'>τούτοις</span> <span class='ocrx_word' id='word_1_313' title='bbox 1425 2070 1484 2122; x_wconf 85' lang='grc' dir='ltr'>τὸ</span> <span class='ocrx_word' id='word_1_314' title='bbox 1523 2069 1673 2140; x_wconf 80' lang='grc' dir='ltr'>ἆρμα</span> <span class='ocrx_word' id='word_1_315' title='bbox 1699 2067 1793 2120; x_wconf 91' lang='grc' dir='ltr'>τοῦ</span> <span class='ocrx_word' id='word_1_316' title='bbox 1825 2067 1958 2121; x_wconf 81' lang='grc' dir='ltr'>Θεοῦ</span> <span class='ocrx_word' id='word_1_317' title='bbox 1996 2068 2368 2138; x_wconf 83' lang='grc' dir='ltr'>διαγράφεται,</span> <span class='ocrx_word' id='word_1_318' title='bbox 2429 2067 2554 2140; x_wconf 79' lang='grc' dir='ltr'>περὶ</span> <span class='ocrx_word' id='word_1_319' title='bbox 2577 2061 2637 2120; x_wconf 73' lang='grc' dir='ltr'>οὗ</span> <span class='ocrx_word' id='word_1_320' title='bbox 2665 2067 2907 2121; x_wconf 88' lang='grc' dir='ltr'>λέλεκται</span> <span class='ocrx_word' id='word_1_321' title='bbox 2940 2071 2996 2121; x_wconf 83' lang='grc' dir='ltr'>ἐν</span> <span class='ocrx_word' id='word_1_322' title='bbox 3025 2067 3222 2138; x_wconf 78' lang='grc' dir='ltr'>ἑτέρῳ,</span> <span class='ocrx_word' id='word_1_323' title='bbox 3251 2066 3315 2120; x_wconf 78' lang='grc' dir='ltr'>Τὸ</span> <span class='ocrx_word' id='word_1_324' title='bbox 3340 2065 3512 2135; x_wconf 84' lang='grc' dir='ltr'>ἅρμα</span> <span class='ocrx_word' id='word_1_325' title='bbox 3535 2065 3641 2119; x_wconf 80' lang='grc' dir='ltr'>τοῦ</span> 
     </span>
    </p>
   </div>
   <div class='ocr_carea' id='block_1_40' title="bbox 392 2159 3639 2235">
    <p class='ocr_par' dir='ltr' id='par_1_40' title="bbox 392 2159 3639 2235">
     <span class='ocr_line' id='line_1_40' title="bbox 392 2159 3639 2235; baseline -0.002 -21"><span class='ocrx_word' id='word_1_326' title='bbox 392 2160 537 2215; x_wconf 87' lang='grc' dir='ltr'>Θεοῦ</span> <span class='ocrx_word' id='word_1_327' title='bbox 552 2162 998 2230; x_wconf 81' lang='grc' dir='ltr'>μυριοπλάσιον</span> <span class='ocrx_word' id='word_1_328' title='bbox 1043 2163 1309 2232; x_wconf 64' lang='grc' dir='ltr'>χιλιάδες</span> <span class='ocrx_word' id='word_1_329' title='bbox 1355 2165 1801 2230; x_wconf 80' lang='grc' dir='ltr'>εὐθηνούντων;</span> <span class='ocrx_word' id='word_1_330' title='bbox 1823 2164 2098 2234; x_wconf 78' lang='grc' dir='ltr'>Χερουϐὶμ</span> <span class='ocrx_word' id='word_1_331' title='bbox 2137 2163 2194 2216; x_wconf 78' lang='grc' dir='ltr'>δὲ</span> <span class='ocrx_word' id='word_1_332' title='bbox 2218 2159 2285 2235; x_wconf 83' lang='grc' dir='ltr'>ἦν</span> <span class='ocrx_word' id='word_1_333' title='bbox 2312 2161 2374 2215; x_wconf 83' lang='grc' dir='ltr'>τὸ</span> <span class='ocrx_word' id='word_1_334' title='bbox 2401 2163 2551 2234; x_wconf 80' lang='grc' dir='ltr'>ἆρμα</span> <span class='ocrx_word' id='word_1_335' title='bbox 2569 2203 2584 2228; x_wconf 87' lang='grc'>,</span> <span class='ocrx_word' id='word_1_336' title='bbox 2618 2161 2692 2225; x_wconf 83' lang='grc' dir='ltr'>ὡς</span> <span class='ocrx_word' id='word_1_337' title='bbox 2719 2161 2856 2232; x_wconf 82' lang='grc' dir='ltr'>ὑπὲρ</span> <span class='ocrx_word' id='word_1_338' title='bbox 2909 2161 3145 2232; x_wconf 82' lang='grc' dir='ltr'>κεφαλῆς</span> <span class='ocrx_word' id='word_1_339' title='bbox 3175 2159 3357 2232; x_wconf 78' lang='grc' dir='ltr'>θρόνου</span> <span class='ocrx_word' id='word_1_340' title='bbox 3419 2159 3639 2228; x_wconf 77' lang='grc' dir='ltr'>ὁμοίω-</span> 
     </span>
    </p>
   </div>
   <div class='ocr_carea' id='block_1_41' title="bbox 391 2250 3638 2329">
    <p class='ocr_par' dir='ltr' id='par_1_41' title="bbox 391 2250 3638 2329">
     <span class='ocr_line' id='line_1_41' title="bbox 391 2250 3638 2329; baseline -0.001 -23"><span class='ocrx_word' id='word_1_341' title='bbox 391 2271 486 2323; x_wconf 90' lang='grc' dir='ltr'>μα,</span> <span class='ocrx_word' id='word_1_342' title='bbox 518 2257 609 2307; x_wconf 80' lang='grc' dir='ltr'>καὶ</span> <span class='ocrx_word' id='word_1_343' title='bbox 631 2255 722 2307; x_wconf 71' lang='grc' dir='ltr'>ἐπὶ</span> <span class='ocrx_word' id='word_1_344' title='bbox 743 2254 913 2326; x_wconf 82' lang='grc' dir='ltr'>τούτῳ</span> <span class='ocrx_word' id='word_1_345' title='bbox 934 2255 1057 2320; x_wconf 83' lang='grc' dir='ltr'>δόξα</span> <span class='ocrx_word' id='word_1_346' title='bbox 1087 2257 1314 2329; x_wconf 79' lang='grc' dir='ltr'>Κυρίου.</span> <span class='ocrx_word' id='word_1_347' title='bbox 1347 2259 1442 2321; x_wconf 90' lang='grc' dir='ltr'>Τίς</span> <span class='ocrx_word' id='word_1_348' title='bbox 1495 2259 1552 2312; x_wconf 81' lang='grc' dir='ltr'>δὲ</span> <span class='ocrx_word' id='word_1_349' title='bbox 1611 2261 1643 2329; x_wconf 86' lang='grc' dir='ltr'>ή</span> <span class='ocrx_word' id='word_1_350' title='bbox 1671 2257 1796 2323; x_wconf 82' lang='grc' dir='ltr'>δόξα</span> <span class='ocrx_word' id='word_1_351' title='bbox 1821 2257 2025 2328; x_wconf 81' lang='grc' dir='ltr'>Κυρίου</span> <span class='ocrx_word' id='word_1_352' title='bbox 2061 2252 2128 2328; x_wconf 78' lang='grc' dir='ltr'>ἦν</span> <span class='ocrx_word' id='word_1_353' title='bbox 2181 2257 2298 2309; x_wconf 86' lang='grc' dir='ltr'>κατ’</span> <span class='ocrx_word' id='word_1_354' title='bbox 2332 2255 2502 2327; x_wconf 84' lang='grc' dir='ltr'>ἀρχὰς</span> <span class='ocrx_word' id='word_1_355' title='bbox 2539 2255 2635 2326; x_wconf 79' lang='grc' dir='ltr'>τῆς</span> <span class='ocrx_word' id='word_1_356' title='bbox 2682 2253 2861 2325; x_wconf 82' lang='grc' dir='ltr'>βίϐλου</span> <span class='ocrx_word' id='word_1_357' title='bbox 2893 2253 3144 2322; x_wconf 79' lang='grc' dir='ltr'>δηλοῦται</span> <span class='ocrx_word' id='word_1_358' title='bbox 3169 2292 3184 2317; x_wconf 87' lang='grc'>,</span> <span class='ocrx_word' id='word_1_359' title='bbox 3211 2250 3335 2304; x_wconf 76' lang='grc' dir='ltr'>ἔνθα</span> <span class='ocrx_word' id='word_1_360' title='bbox 3372 2252 3638 2322; x_wconf 73' lang='grc' dir='ltr'>εἴρηται·</span> 
     </span>
    </p>
   </div>
   <div class='ocr_carea' id='block_1_42' title="bbox 401 2343 3640 2420">
    <p class='ocr_par' dir='ltr' id='par_1_42' title="bbox 401 2343 3640 2420">
     <span class='ocr_line' id='line_1_42' title="bbox 401 2343 3640 2420; baseline -0.001 -21"><span class='ocrx_word' id='word_1_361' title='bbox 401 2347 688 2411; x_wconf 77' lang='grc' dir='ltr'>Ὑπεράνω</span> <span class='ocrx_word' id='word_1_362' title='bbox 714 2347 832 2401; x_wconf 84' lang='grc' dir='ltr'>τῶν</span> <span class='ocrx_word' id='word_1_363' title='bbox 858 2349 1138 2417; x_wconf 78' lang='grc' dir='ltr'>χερουϐίμ</span> <span class='ocrx_word' id='word_1_364' title='bbox 1178 2350 1257 2414; x_wconf 89' lang='grc' dir='ltr'>ὼς</span> <span class='ocrx_word' id='word_1_365' title='bbox 1285 2349 1486 2417; x_wconf 81' lang='grc' dir='ltr'>ὅρασις</span> <span class='ocrx_word' id='word_1_366' title='bbox 1516 2345 1595 2420; x_wconf 85' lang='grc' dir='ltr'>ἦν</span> <span class='ocrx_word' id='word_1_367' title='bbox 1641 2351 1814 2405; x_wconf 77' lang='grc' dir='ltr'>λίθου</span> <span class='ocrx_word' id='word_1_368' title='bbox 1867 2350 2199 2418; x_wconf 77' lang='grc' dir='ltr'>σαπερείρου</span> <span class='ocrx_word' id='word_1_369' title='bbox 2219 2386 2236 2412; x_wconf 88' lang='grc'>,</span> <span class='ocrx_word' id='word_1_370' title='bbox 2270 2344 2530 2416; x_wconf 76' lang='grc' dir='ltr'>ὁμοίωμα</span> <span class='ocrx_word' id='word_1_371' title='bbox 2590 2348 2805 2414; x_wconf 79' lang='grc' dir='ltr'>θρόνου</span> <span class='ocrx_word' id='word_1_372' title='bbox 2834 2346 2926 2399; x_wconf 75' lang='grc' dir='ltr'>ἐπ’</span> <span class='ocrx_word' id='word_1_373' title='bbox 2960 2345 3143 2400; x_wconf 85' lang='grc' dir='ltr'>αὐτοῦ</span> <span class='ocrx_word' id='word_1_374' title='bbox 3163 2360 3176 2374; x_wconf 83' lang='lat'><strong><em>°</em></strong></span> <span class='ocrx_word' id='word_1_375' title='bbox 3212 2343 3308 2397; x_wconf 83' lang='grc' dir='ltr'>καί</span> <span class='ocrx_word' id='word_1_376' title='bbox 3344 2343 3446 2396; x_wconf 76' lang='grc' dir='ltr'>ἐπὶ</span> <span class='ocrx_word' id='word_1_377' title='bbox 3536 2343 3640 2396; x_wconf 74' lang='grc' dir='ltr'>τοῦ</span> 
     </span>
    </p>
   </div>
   <div class='ocr_carea' id='block_1_43' title="bbox 387 2433 3641 2510">
    <p class='ocr_par' dir='ltr' id='par_1_43' title="bbox 387 2433 3641 2510">
     <span class='ocr_line' id='line_1_43' title="bbox 387 2433 3641 2510; baseline -0.002 -19"><span class='ocrx_word' id='word_1_378' title='bbox 387 2437 748 2506; x_wconf 78' lang='grc' dir='ltr'>όμοιώματος</span> <span class='ocrx_word' id='word_1_379' title='bbox 774 2438 881 2492; x_wconf 87' lang='grc' dir='ltr'>τοῦ</span> <span class='ocrx_word' id='word_1_380' title='bbox 915 2441 1129 2507; x_wconf 85' lang='grc' dir='ltr'>θρόνου</span> <span class='ocrx_word' id='word_1_381' title='bbox 1156 2441 1414 2510; x_wconf 73' lang='grc' dir='ltr'>ὁμοίωμα</span> <span class='ocrx_word' id='word_1_382' title='bbox 1450 2443 1528 2506; x_wconf 87' lang='grc' dir='ltr'>ὡς</span> <span class='ocrx_word' id='word_1_383' title='bbox 1589 2437 1747 2508; x_wconf 75' lang='grc' dir='ltr'>εἶδος</span> <span class='ocrx_word' id='word_1_384' title='bbox 1775 2440 2087 2510; x_wconf 81' lang='grc' dir='ltr'>ἀνθρώπου</span> <span class='ocrx_word' id='word_1_385' title='bbox 2139 2440 2383 2493; x_wconf 80' lang='grc' dir='ltr'>ἄνωθεν.</span> <span class='ocrx_word' id='word_1_386' title='bbox 2409 2438 2518 2492; x_wconf 85' lang='grc' dir='ltr'>Καί</span> <span class='ocrx_word' id='word_1_387' title='bbox 2537 2435 2700 2492; x_wconf 82' lang='grc' dir='ltr'>εἶδον</span> <span class='ocrx_word' id='word_1_388' title='bbox 2721 2438 2801 2504; x_wconf 86' lang='grc' dir='ltr'>ὡς</span> <span class='ocrx_word' id='word_1_389' title='bbox 2821 2437 2963 2506; x_wconf 67' lang='grc' dir='ltr'>ὄψιν</span> <span class='ocrx_word' id='word_1_390' title='bbox 3017 2437 3301 2505; x_wconf 76' lang='grc' dir='ltr'>ἠλέκτρου</span> <span class='ocrx_word' id='word_1_391' title='bbox 3327 2434 3451 2488; x_wconf 83' lang='grc' dir='ltr'>ἀ.τύ</span> <span class='ocrx_word' id='word_1_392' title='bbox 3512 2433 3641 2502; x_wconf 69' lang='grc' dir='ltr'>ἀρά,</span> 
     </span>
    </p>
   </div>
   <div class='ocr_carea' id='block_1_44' title="bbox 387 2527 3639 2605">
    <p class='ocr_par' dir='ltr' id='par_1_44' title="bbox 387 2527 3639 2605">
     <span class='ocr_line' id='line_1_44' title="bbox 387 2527 3639 2605; baseline 0 -23"><span class='ocrx_word' id='word_1_393' title='bbox 387 2547 542 2596; x_wconf 86' lang='grc' dir='ltr'>σεως</span> <span class='ocrx_word' id='word_1_394' title='bbox 570 2532 798 2598; x_wconf 68' lang='grc' dir='ltr'>ὀσφύος</span> <span class='ocrx_word' id='word_1_395' title='bbox 833 2531 944 2598; x_wconf 79' lang='grc' dir='ltr'>ἕως</span> <span class='ocrx_word' id='word_1_396' title='bbox 999 2532 1121 2586; x_wconf 83' lang='grc' dir='ltr'>ἅνω</span> <span class='ocrx_word' id='word_1_397' title='bbox 1141 2550 1156 2566; x_wconf 78' lang='grc' dir='ltr'><strong>ο</strong></span> <span class='ocrx_word' id='word_1_398' title='bbox 1201 2533 1301 2587; x_wconf 78' lang='grc' dir='ltr'>καί</span> <span class='ocrx_word' id='word_1_399' title='bbox 1333 2535 1450 2589; x_wconf 81' lang='grc' dir='ltr'>ἀπὸ</span> <span class='ocrx_word' id='word_1_400' title='bbox 1477 2534 1740 2604; x_wconf 76' lang='grc' dir='ltr'>ὁράσεως</span> <span class='ocrx_word' id='word_1_401' title='bbox 1791 2535 2021 2605; x_wconf 72' lang='grc' dir='ltr'>ὀσφύος</span> <span class='ocrx_word' id='word_1_402' title='bbox 2058 2534 2168 2600; x_wconf 77' lang='grc' dir='ltr'>ἕως</span> <span class='ocrx_word' id='word_1_403' title='bbox 2200 2531 2391 2598; x_wconf 81' lang='grc' dir='ltr'>κάτω,</span> <span class='ocrx_word' id='word_1_404' title='bbox 2443 2532 2523 2599; x_wconf 89' lang='grc' dir='ltr'>ὡς</span> <span class='ocrx_word' id='word_1_405' title='bbox 2554 2533 2764 2600; x_wconf 85' lang='grc' dir='ltr'>ὅρασις</span> <span class='ocrx_word' id='word_1_406' title='bbox 2799 2529 3020 2600; x_wconf 83' lang='grc' dir='ltr'>πυρὸς,</span> <span class='ocrx_word' id='word_1_407' title='bbox 3055 2530 3152 2584; x_wconf 81' lang='grc' dir='ltr'>καί</span> <span class='ocrx_word' id='word_1_408' title='bbox 3194 2529 3407 2599; x_wconf 69' lang='grc' dir='ltr'>φέγγος</span> <span class='ocrx_word' id='word_1_409' title='bbox 3435 2527 3639 2581; x_wconf 80' lang='grc' dir='ltr'>αὑτοῦ</span> 
     </span>
    </p>
   </div>
   <div class='ocr_carea' id='block_1_45' title="bbox 387 2627 2416 2699">
    <p class='ocr_par' dir='ltr' id='par_1_45' title="bbox 387 2627 2416 2699">
     <span class='ocr_line' id='line_1_45' title="bbox 387 2627 2416 2699; baseline 0.002 -21"><span class='ocrx_word' id='word_1_410' title='bbox 387 2627 623 2692; x_wconf 73' lang='grc' dir='ltr'>κύκλῳ·</span> <span class='ocrx_word' id='word_1_411' title='bbox 653 2627 747 2679; x_wconf 78' lang='grc' dir='ltr'>καὶ</span> <span class='ocrx_word' id='word_1_412' title='bbox 779 2627 1048 2695; x_wconf 84' lang='grc' dir='ltr'>ἐπιλέγει·</span> <span class='ocrx_word' id='word_1_413' title='bbox 1074 2628 1235 2697; x_wconf 84' lang='grc' dir='ltr'>Αὕτη</span> <span class='ocrx_word' id='word_1_414' title='bbox 1267 2629 1304 2697; x_wconf 75' lang='grc' dir='ltr'><strong><em>ἡ</em></strong></span> <span class='ocrx_word' id='word_1_415' title='bbox 1331 2629 1540 2696; x_wconf 88' lang='grc' dir='ltr'>ὅρασις</span> <span class='ocrx_word' id='word_1_416' title='bbox 1569 2629 1931 2699; x_wconf 82' lang='grc' dir='ltr'>όμοιώματος</span> <span class='ocrx_word' id='word_1_417' title='bbox 1967 2629 2152 2696; x_wconf 79' lang='grc' dir='ltr'>δόξης</span> <span class='ocrx_word' id='word_1_418' title='bbox 2176 2627 2416 2696; x_wconf 79' lang='grc' dir='ltr'>Κυρίου.</span> 
     </span>
    </p>
   </div>
   <div class='ocr_carea' id='block_1_46' title="bbox 462 2717 1951 2789">
    <p class='ocr_par' dir='ltr' id='par_1_46' title="bbox 462 2717 1951 2789">
     <span class='ocr_line' id='line_1_46' title="bbox 462 2717 1951 2789; baseline 0.003 -18"><span class='ocrx_word' id='word_1_419' title='bbox 462 2717 623 2772; x_wconf 86' lang='lat' dir='ltr'><strong><em>Vides</em></strong></span> <span class='ocrx_word' id='word_1_420' title='bbox 680 2719 953 2787; x_wconf 85' lang='lat' dir='ltr'><strong><em>quomodo</em></strong></span> <span class='ocrx_word' id='word_1_421' title='bbox 1001 2719 1230 2789; x_wconf 77' lang='lat' dir='ltr'><strong>gloriam</strong></span> <span class='ocrx_word' id='word_1_422' title='bbox 1291 2719 1384 2774; x_wconf 87' lang='lat' dir='ltr'>Dei</span> <span class='ocrx_word' id='word_1_423' title='bbox 1441 2721 1496 2774; x_wconf 92' lang='lat' dir='ltr'><strong><em>in</em></strong></span> <span class='ocrx_word' id='word_1_424' title='bbox 1531 2722 1726 2776; x_wconf 87' lang='lat' dir='ltr'><strong>throno</strong></span> <span class='ocrx_word' id='word_1_425' title='bbox 1757 2721 1951 2776; x_wconf 89' lang='lat' dir='ltr'><strong><em>seden-</em></strong></span> 
     </span>
    </p>
   </div>
   <div class='ocr_carea' id='block_1_47' title="bbox 386 2811 1953 2884">
    <p class='ocr_par' dir='ltr' id='par_1_47' title="bbox 386 2811 1953 2884">
     <span class='ocr_line' id='line_1_47' title="bbox 386 2811 1953 2884; baseline 0.003 -21"><span class='ocrx_word' id='word_1_426' title='bbox 386 2820 492 2864; x_wconf 87' lang='lat' dir='ltr'>tem</span> <span class='ocrx_word' id='word_1_427' title='bbox 516 2811 816 2879; x_wconf 83' lang='lat' dir='ltr'><strong><em>explicans,</em></strong></span> <span class='ocrx_word' id='word_1_428' title='bbox 848 2811 1074 2866; x_wconf 84' lang='lat' dir='ltr'><strong><em>formam</em></strong></span> <span class='ocrx_word' id='word_1_429' title='bbox 1111 2811 1347 2866; x_wconf 83' lang='lat' dir='ltr'><strong><em>hominis</em></strong></span> <span class='ocrx_word' id='word_1_430' title='bbox 1377 2813 1769 2884; x_wconf 83' lang='lat' dir='ltr'><strong><em>descripserit?</em></strong></span> <span class='ocrx_word' id='word_1_431' title='bbox 1795 2812 1953 2880; x_wconf 68' lang='lat' dir='ltr'>Quaa-</span> 
     </span>
    </p>
   </div>
   <div class='ocr_carea' id='block_1_48' title="bbox 388 2899 1951 2972">
    <p class='ocr_par' dir='ltr' id='par_1_48' title="bbox 388 2899 1951 2972">
     <span class='ocr_line' id='line_1_48' title="bbox 388 2899 1951 2972; baseline 0.004 -20"><span class='ocrx_word' id='word_1_432' title='bbox 388 2914 512 2952; x_wconf 90' lang='lat' dir='ltr'><strong><em>nam</em></strong></span> <span class='ocrx_word' id='word_1_433' title='bbox 577 2899 680 2953; x_wconf 86' lang='lat' dir='ltr'><strong>alia</strong></span> <span class='ocrx_word' id='word_1_434' title='bbox 743 2900 908 2955; x_wconf 83' lang='lat' dir='ltr'><strong><em>fuerit</em></strong></span> <span class='ocrx_word' id='word_1_435' title='bbox 956 2900 1046 2955; x_wconf 87' lang='lat' dir='ltr'><strong><em>illa</em></strong></span> <span class='ocrx_word' id='word_1_436' title='bbox 1099 2901 1336 2956; x_wconf 86' lang='lat' dir='ltr'><strong><em>hominis</em></strong></span> <span class='ocrx_word' id='word_1_437' title='bbox 1389 2903 1602 2969; x_wconf 82' lang='lat' dir='ltr'><strong>forma,</strong></span> <span class='ocrx_word' id='word_1_438' title='bbox 1657 2918 1778 2972; x_wconf 73' lang='lat' dir='ltr'><strong><em>quae</em></strong></span> <span class='ocrx_word' id='word_1_439' title='bbox 1840 2917 1951 2958; x_wconf 88' lang='lat' dir='ltr'><strong>non</strong></span> 
     </span>
    </p>
   </div>
   <div class='ocr_carea' id='block_1_49' title="bbox 387 2988 1953 3063">
    <p class='ocr_par' dir='ltr' id='par_1_49' title="bbox 387 2988 1953 3063">
     <span class='ocr_line' id='line_1_49' title="bbox 387 2988 1953 3063; baseline 0.003 -20"><span class='ocrx_word' id='word_1_440' title='bbox 387 2991 503 3061; x_wconf 90' lang='lat' dir='ltr'><strong><em>ipse</em></strong></span> <span class='ocrx_word' id='word_1_441' title='bbox 546 2988 720 3054; x_wconf 89' lang='lat' dir='ltr'><strong><em>Deus,</em></strong></span> <span class='ocrx_word' id='word_1_442' title='bbox 773 2992 869 3046; x_wconf 89' lang='lat' dir='ltr'>sed</span> <span class='ocrx_word' id='word_1_443' title='bbox 911 2992 1084 3062; x_wconf 82' lang='lat' dir='ltr'><strong>gloria</strong></span> <span class='ocrx_word' id='word_1_444' title='bbox 1137 2995 1229 3048; x_wconf 88' lang='lat' dir='ltr'>Dei</span> <span class='ocrx_word' id='word_1_445' title='bbox 1276 2993 1420 3049; x_wconf 82' lang='lat' dir='ltr'><strong><em>dicta</em></strong></span> <span class='ocrx_word' id='word_1_446' title='bbox 1463 3001 1570 3058; x_wconf 90' lang='lat' dir='ltr'><strong><em>est,</em></strong></span> <span class='ocrx_word' id='word_1_447' title='bbox 1621 3009 1785 3063; x_wconf 90' lang='lat' dir='ltr'><strong><em>quam</em></strong></span> <span class='ocrx_word' id='word_1_448' title='bbox 1829 2994 1953 3048; x_wconf 88' lang='lat' dir='ltr'><strong>uni-</strong></span> 
     </span>
    </p>
   </div>
   <div class='ocr_carea' id='block_1_50' title="bbox 385 3082 1949 3157">
    <p class='ocr_par' dir='ltr' id='par_1_50' title="bbox 385 3082 1949 3157">
     <span class='ocr_line' id='line_1_50' title="bbox 385 3082 1949 3157; baseline 0.003 -21"><span class='ocrx_word' id='word_1_449' title='bbox 385 3083 626 3152; x_wconf 81' lang='lat' dir='ltr'><strong><em>genitum</em></strong></span> <span class='ocrx_word' id='word_1_450' title='bbox 664 3082 759 3137; x_wconf 89' lang='lat' dir='ltr'>Dei</span> <span class='ocrx_word' id='word_1_451' title='bbox 790 3082 1026 3138; x_wconf 87' lang='lat' dir='ltr'><strong><em>Verbum</em></strong></span> <span class='ocrx_word' id='word_1_452' title='bbox 1053 3125 1067 3149; x_wconf 93' lang='lat'>,</span> <span class='ocrx_word' id='word_1_453' title='bbox 1103 3085 1249 3154; x_wconf 89' lang='lat' dir='ltr'><strong><em>quod</em></strong></span> <span class='ocrx_word' id='word_1_454' title='bbox 1280 3086 1574 3156; x_wconf 87' lang='lat' dir='ltr'><strong>aliquando</strong></span> <span class='ocrx_word' id='word_1_455' title='bbox 1603 3087 1831 3157; x_wconf 84' lang='lat' dir='ltr'><strong>gloriam</strong></span> <span class='ocrx_word' id='word_1_456' title='bbox 1855 3085 1949 3141; x_wconf 91' lang='lat' dir='ltr'>Dei</span> 
     </span>
    </p>
   </div>
   <div class='ocr_carea' id='block_1_51' title="bbox 385 3173 1952 3249">
    <p class='ocr_par' dir='ltr' id='par_1_51' title="bbox 385 3173 1952 3249">
     <span class='ocr_line' id='line_1_51' title="bbox 385 3173 1952 3249; baseline 0.004 -24"><span class='ocrx_word' id='word_1_457' title='bbox 385 3173 584 3236; x_wconf 79' lang='lat' dir='ltr'><strong><em>Patris,</em></strong></span> <span class='ocrx_word' id='word_1_458' title='bbox 616 3175 912 3244; x_wconf 79' lang='lat' dir='ltr'><strong>aliquando</strong></span> <span class='ocrx_word' id='word_1_459' title='bbox 959 3177 1196 3244; x_wconf 86' lang='lat' dir='ltr'><strong><em>speciem</em></strong></span> <span class='ocrx_word' id='word_1_460' title='bbox 1242 3177 1479 3234; x_wconf 88' lang='lat' dir='ltr'><strong>hominis</strong></span> <span class='ocrx_word' id='word_1_461' title='bbox 1524 3187 1744 3249; x_wconf 87' lang='lat' dir='ltr'><strong><em>propter</em></strong></span> <span class='ocrx_word' id='word_1_462' title='bbox 1775 3178 1952 3234; x_wconf 87' lang='lat' dir='ltr'><strong><em>homi-</em></strong></span> 
     </span>
    </p>
   </div>
   <div class='ocr_carea' id='block_1_52' title="bbox 2138 2712 3640 2791">
    <p class='ocr_par' dir='ltr' id='par_1_52' title="bbox 2138 2712 3640 2791">
     <span class='ocr_line' id='line_1_52' title="bbox 2138 2712 3640 2791; baseline -0.007 -18"><span class='ocrx_word' id='word_1_463' title='bbox 2138 2721 2300 2791; x_wconf 76' lang='grc' dir='ltr'>Ὁρᾷς</span> <span class='ocrx_word' id='word_1_464' title='bbox 2331 2719 2477 2781; x_wconf 86' lang='grc' dir='ltr'>ὅπως</span> <span class='ocrx_word' id='word_1_465' title='bbox 2499 2718 2528 2770; x_wconf 90' lang='grc' dir='ltr'>ὁ</span> <span class='ocrx_word' id='word_1_466' title='bbox 2555 2716 2710 2786; x_wconf 84' lang='grc' dir='ltr'>λόγος</span> <span class='ocrx_word' id='word_1_467' title='bbox 2739 2715 2836 2788; x_wconf 84' lang='grc' dir='ltr'>τὴν</span> <span class='ocrx_word' id='word_1_468' title='bbox 2863 2713 2956 2768; x_wconf 77' lang='grc' dir='ltr'>ἐπὶ</span> <span class='ocrx_word' id='word_1_469' title='bbox 2981 2713 3073 2767; x_wconf 91' lang='grc' dir='ltr'>τοῦ</span> <span class='ocrx_word' id='word_1_470' title='bbox 3105 2713 3288 2785; x_wconf 83' lang='grc' dir='ltr'>θρόνου</span> <span class='ocrx_word' id='word_1_471' title='bbox 3316 2712 3640 2783; x_wconf 76' lang='grc' dir='ltr'>ὀχουμένην</span> 
     </span>
    </p>
   </div>
   <div class='ocr_carea' id='block_1_53' title="bbox 2055 2807 3636 2886">
    <p class='ocr_par' dir='ltr' id='par_1_53' title="bbox 2055 2807 3636 2886">
     <span class='ocr_line' id='line_1_53' title="bbox 2055 2807 3636 2886; baseline -0.007 -17"><span class='ocrx_word' id='word_1_472' title='bbox 2055 2815 2208 2880; x_wconf 86' lang='grc' dir='ltr'>δόξαν</span> <span class='ocrx_word' id='word_1_473' title='bbox 2253 2814 2388 2868; x_wconf 89' lang='grc' dir='ltr'>Θεοῦ</span> <span class='ocrx_word' id='word_1_474' title='bbox 2422 2813 2792 2886; x_wconf 83' lang='grc' dir='ltr'>διερμηνεύων</span> <span class='ocrx_word' id='word_1_475' title='bbox 2829 2807 2964 2875; x_wconf 76' lang='grc' dir='ltr'>εἰδος</span> <span class='ocrx_word' id='word_1_476' title='bbox 3003 2808 3283 2880; x_wconf 80' lang='grc' dir='ltr'>ἀνθρώπου</span> <span class='ocrx_word' id='word_1_477' title='bbox 3325 2807 3636 2877; x_wconf 50' lang='lat' dir='ltr'><strong><em>serenas;</em></strong></span> 
     </span>
    </p>
   </div>
   <div class='ocr_carea' id='block_1_54' title="bbox 2056 2898 3638 2974">
    <p class='ocr_par' dir='ltr' id='par_1_54' title="bbox 2056 2898 3638 2974">
     <span class='ocr_line' id='line_1_54' title="bbox 2056 2898 3638 2974; baseline -0.005 -14"><span class='ocrx_word' id='word_1_478' title='bbox 2056 2907 2121 2959; x_wconf 92' lang='grc' dir='ltr'>Τί</span> <span class='ocrx_word' id='word_1_479' title='bbox 2152 2906 2196 2960; x_wconf 88' lang='grc' dir='ltr'>δ’</span> <span class='ocrx_word' id='word_1_480' title='bbox 2224 2905 2289 2959; x_wconf 85' lang='grc' dir='ltr'>ἂν</span> <span class='ocrx_word' id='word_1_481' title='bbox 2315 2907 2524 2974; x_wconf 84' lang='grc' dir='ltr'>γένοιτο</span> <span class='ocrx_word' id='word_1_482' title='bbox 2553 2904 2710 2958; x_wconf 89' lang='grc' dir='ltr'>τοῦτο</span> <span class='ocrx_word' id='word_1_483' title='bbox 2732 2903 2792 2956; x_wconf 88' lang='grc' dir='ltr'>τὸ</span> <span class='ocrx_word' id='word_1_484' title='bbox 2824 2898 2960 2965; x_wconf 80' lang='grc' dir='ltr'>εἶδος</span> <span class='ocrx_word' id='word_1_485' title='bbox 2985 2901 3077 2954; x_wconf 89' lang='grc' dir='ltr'>τοῦ</span> <span class='ocrx_word' id='word_1_486' title='bbox 3111 2899 3390 2970; x_wconf 73' lang='grc' dir='ltr'>ἀνθρώπου</span> <span class='ocrx_word' id='word_1_487' title='bbox 3414 2940 3431 2962; x_wconf 88' lang='grc'>,</span> <span class='ocrx_word' id='word_1_488' title='bbox 3496 2900 3638 2969; x_wconf 80' lang='grc' dir='ltr'>ὅπερ</span> 
     </span>
    </p>
   </div>
   <div class='ocr_carea' id='block_1_55' title="bbox 2053 2989 3639 3061">
    <p class='ocr_par' dir='ltr' id='par_1_55' title="bbox 2053 2989 3639 3061">
     <span class='ocr_line' id='line_1_55' title="bbox 2053 2989 3639 3061; baseline -0.003 -13"><span class='ocrx_word' id='word_1_489' title='bbox 2053 2996 2154 3049; x_wconf 83' lang='grc' dir='ltr'>οὐκ</span> <span class='ocrx_word' id='word_1_490' title='bbox 2183 2995 2344 3059; x_wconf 79' lang='grc' dir='ltr'>αὐτὸς</span> <span class='ocrx_word' id='word_1_491' title='bbox 2398 2997 2427 3049; x_wconf 90' lang='grc' dir='ltr'>ὀ</span> <span class='ocrx_word' id='word_1_492' title='bbox 2456 2995 2608 3058; x_wconf 78' lang='grc' dir='ltr'>Θεὸς,</span> <span class='ocrx_word' id='word_1_493' title='bbox 2641 2993 2776 3047; x_wconf 83' lang='grc' dir='ltr'>ἀλλὰ</span> <span class='ocrx_word' id='word_1_494' title='bbox 2801 2991 2924 3056; x_wconf 78' lang='grc' dir='ltr'>δόξα</span> <span class='ocrx_word' id='word_1_495' title='bbox 2954 2992 3048 3046; x_wconf 88' lang='grc' dir='ltr'>τοῦ</span> <span class='ocrx_word' id='word_1_496' title='bbox 3076 2991 3208 3044; x_wconf 86' lang='grc' dir='ltr'>Θεοῦ</span> <span class='ocrx_word' id='word_1_497' title='bbox 3243 2989 3457 3061; x_wconf 71' lang='grc' dir='ltr'>εἴρηται</span> <span class='ocrx_word' id='word_1_498' title='bbox 3480 3031 3499 3054; x_wconf 91' lang='grc'>,</span> <span class='ocrx_word' id='word_1_499' title='bbox 3536 2992 3576 3061; x_wconf 77' lang='grc' dir='ltr'><strong>ἦ</strong></span> <span class='ocrx_word' id='word_1_500' title='bbox 3612 2994 3639 3044; x_wconf 84' lang='grc' dir='ltr'>ὀ</span> 
     </span>
    </p>
   </div>
   <div class='ocr_carea' id='block_1_56' title="bbox 2057 3079 3635 3156">
    <p class='ocr_par' dir='ltr' id='par_1_56' title="bbox 2057 3079 3635 3156">
     <span class='ocr_line' id='line_1_56' title="bbox 2057 3079 3635 3156; baseline -0.003 -19"><span class='ocrx_word' id='word_1_501' title='bbox 2057 3083 2347 3156; x_wconf 81' lang='grc' dir='ltr'>μονογενὴς</span> <span class='ocrx_word' id='word_1_502' title='bbox 2386 3082 2479 3137; x_wconf 88' lang='grc' dir='ltr'>τοῦ</span> <span class='ocrx_word' id='word_1_503' title='bbox 2520 3081 2652 3136; x_wconf 90' lang='grc' dir='ltr'>Θεοῦ</span> <span class='ocrx_word' id='word_1_504' title='bbox 2689 3083 2888 3150; x_wconf 78' lang='grc' dir='ltr'>Δόγος’</span> <span class='ocrx_word' id='word_1_505' title='bbox 2930 3081 2989 3135; x_wconf 85' lang='grc' dir='ltr'>ὃν</span> <span class='ocrx_word' id='word_1_506' title='bbox 3018 3081 3144 3134; x_wconf 80' lang='grc' dir='ltr'>ποτὲ</span> <span class='ocrx_word' id='word_1_507' title='bbox 3178 3082 3272 3150; x_wconf 83' lang='grc' dir='ltr'>μὲν</span> <span class='ocrx_word' id='word_1_508' title='bbox 3296 3079 3460 3145; x_wconf 79' lang='grc' dir='ltr'>δόξαν</span> <span class='ocrx_word' id='word_1_509' title='bbox 3497 3080 3635 3133; x_wconf 80' lang='grc' dir='ltr'>Θεοῦ</span> 
     </span>
    </p>
   </div>
   <div class='ocr_carea' id='block_1_57' title="bbox 2052 3165 3637 3245">
    <p class='ocr_par' dir='ltr' id='par_1_57' title="bbox 2052 3165 3637 3245">
     <span class='ocr_line' id='line_1_57' title="bbox 2052 3165 3637 3245; baseline -0.004 -18"><span class='ocrx_word' id='word_1_510' title='bbox 2052 3173 2146 3227; x_wconf 84' lang='grc' dir='ltr'>τοῦ</span> <span class='ocrx_word' id='word_1_511' title='bbox 2190 3173 2400 3245; x_wconf 77' lang='grc' dir='ltr'>[ἰατρὸς</span> <span class='ocrx_word' id='word_1_512' title='bbox 2426 3173 2714 3242; x_wconf 78' lang='grc' dir='ltr'>ὀνομάζει,</span> <span class='ocrx_word' id='word_1_513' title='bbox 2761 3169 2890 3224; x_wconf 88' lang='grc' dir='ltr'>ποτέ</span> <span class='ocrx_word' id='word_1_514' title='bbox 2914 3169 2969 3222; x_wconf 79' lang='grc' dir='ltr'>δὲ</span> <span class='ocrx_word' id='word_1_515' title='bbox 2997 3165 3132 3232; x_wconf 78' lang='grc' dir='ltr'>εῐδος</span> <span class='ocrx_word' id='word_1_516' title='bbox 3163 3167 3449 3239; x_wconf 80' lang='grc' dir='ltr'>ἀνθρώπου</span> <span class='ocrx_word' id='word_1_517' title='bbox 3483 3170 3562 3222; x_wconf 76' lang='grc' dir='ltr'>δι’</span> <span class='ocrx_word' id='word_1_518' title='bbox 3583 3169 3637 3221; x_wconf 73' lang='grc' dir='ltr'>ὃν</span> 
     </span>
    </p>
   </div>
   <div class='ocr_carea' id='block_1_58' title="bbox 383 3255 1949 3339">
    <p class='ocr_par' dir='ltr' id='par_1_58' title="bbox 383 3267 1949 3339">
     <span class='ocr_line' id='line_1_58' title="bbox 383 3267 1949 3339; baseline 0.004 -22"><span class='ocrx_word' id='word_1_519' title='bbox 383 3278 506 3318; x_wconf 91' lang='lat' dir='ltr'><strong><em>nem</em></strong></span> <span class='ocrx_word' id='word_1_520' title='bbox 539 3279 701 3334; x_wconf 90' lang='lat' dir='ltr'><strong><em>quem</em></strong></span> <span class='ocrx_word' id='word_1_521' title='bbox 732 3267 1052 3335; x_wconf 83' lang='lat' dir='ltr'><strong><em>assumpsit,</em></strong></span> <span class='ocrx_word' id='word_1_522' title='bbox 1073 3269 1388 3338; x_wconf 79' lang='lat' dir='ltr'><strong>nuncupat?</strong></span> <span class='ocrx_word' id='word_1_523' title='bbox 1417 3269 1576 3338; x_wconf 90' lang='lat' dir='ltr'><strong><em>cujus</em></strong></span> <span class='ocrx_word' id='word_1_524' title='bbox 1603 3284 1722 3339; x_wconf 62' lang='lat' dir='ltr'><strong><em>qua:</em></strong></span> <span class='ocrx_word' id='word_1_525' title='bbox 1743 3269 1808 3323; x_wconf 89' lang='lat' dir='ltr'><strong><em>ad</em></strong></span> <span class='ocrx_word' id='word_1_526' title='bbox 1837 3268 1949 3324; x_wconf 89' lang='lat' dir='ltr'><strong><em>dei-</em></strong></span> 
     </span>
    </p>
   </div>
   <div class='ocr_carea' id='block_1_59' title="bbox 2055 3255 3635 3339">
    <p class='ocr_par' dir='ltr' id='par_1_59' title="bbox 2055 3255 3635 3336">
     <span class='ocr_line' id='line_1_59' title="bbox 2055 3255 3635 3336; baseline -0.003 -18"><span class='ocrx_word' id='word_1_527' title='bbox 2055 3265 2335 3336; x_wconf 83' lang='grc' dir='ltr'>ἀνείληφεν</span> <span class='ocrx_word' id='word_1_528' title='bbox 2352 3263 2634 3335; x_wconf 80' lang='grc' dir='ltr'>ἄνθρωπον</span> <span class='ocrx_word' id='word_1_529' title='bbox 2654 3279 2668 3328; x_wconf 89' lang='grc'>;</span> <span class='ocrx_word' id='word_1_530' title='bbox 2693 3255 2752 3317; x_wconf 75' lang='grc' dir='ltr'>οὗ</span> <span class='ocrx_word' id='word_1_531' title='bbox 2766 3263 2834 3315; x_wconf 81' lang='grc' dir='ltr'>τὰ</span> <span class='ocrx_word' id='word_1_532' title='bbox 2857 3263 2952 3333; x_wconf 87' lang='grc' dir='ltr'>μὲν</span> <span class='ocrx_word' id='word_1_533' title='bbox 2967 3262 3065 3330; x_wconf 85' lang='grc' dir='ltr'>τῆς</span> <span class='ocrx_word' id='word_1_534' title='bbox 3087 3259 3356 3328; x_wconf 86' lang='grc' dir='ltr'>θεολογίας</span> <span class='ocrx_word' id='word_1_535' title='bbox 3371 3259 3635 3331; x_wconf 77' lang='grc' dir='ltr'>ἠλέκτρῳ</span> 
     </span>
    </p>
   </div>
   <div class='ocr_carea' id='block_1_60' title="bbox 383 3359 1953 3430">
    <p class='ocr_par' dir='ltr' id='par_1_60' title="bbox 383 3359 1953 3430">
     <span class='ocr_line' id='line_1_60' title="bbox 383 3359 1953 3430; baseline 0.004 -20"><span class='ocrx_word' id='word_1_536' title='bbox 383 3366 550 3413; x_wconf 85' lang='lat' dir='ltr'><strong>tatem</strong></span> <span class='ocrx_word' id='word_1_537' title='bbox 581 3359 902 3428; x_wconf 88' lang='lat' dir='ltr'><strong><em>spectabant</em></strong></span> <span class='ocrx_word' id='word_1_538' title='bbox 924 3359 1150 3425; x_wconf 89' lang='lat' dir='ltr'><strong><em>electro,</em></strong></span> <span class='ocrx_word' id='word_1_539' title='bbox 1187 3361 1365 3416; x_wconf 90' lang='lat' dir='ltr'><strong><em>omnis</em></strong></span> <span class='ocrx_word' id='word_1_540' title='bbox 1397 3361 1638 3416; x_wconf 81' lang='lat' dir='ltr'><strong>materiae</strong></span> <span class='ocrx_word' id='word_1_541' title='bbox 1665 3361 1953 3430; x_wconf 80' lang='lat' dir='ltr'><strong><em>pretiosis-</em></strong></span> 
     </span>
    </p>
   </div>
   <div class='ocr_carea' id='block_1_61' title="bbox 381 3448 1951 3522">
    <p class='ocr_par' dir='ltr' id='par_1_61' title="bbox 381 3448 1951 3522">
     <span class='ocr_line' id='line_1_61' title="bbox 381 3448 1951 3522; baseline 0.004 -21"><span class='ocrx_word' id='word_1_542' title='bbox 381 3448 540 3512; x_wconf 79' lang='lat' dir='ltr'><strong><em>simo,</em></strong></span> <span class='ocrx_word' id='word_1_543' title='bbox 570 3449 748 3504; x_wconf 87' lang='lat' dir='ltr'><strong><em>simile</em></strong></span> <span class='ocrx_word' id='word_1_544' title='bbox 791 3449 1107 3518; x_wconf 85' lang='lat' dir='ltr'><strong><em>dicebatur;</em></strong></span> <span class='ocrx_word' id='word_1_545' title='bbox 1136 3466 1257 3521; x_wconf 75' lang='lat' dir='ltr'><strong>qua:</strong></span> <span class='ocrx_word' id='word_1_546' title='bbox 1299 3467 1432 3508; x_wconf 79' lang='lat' dir='ltr'><strong><em>vero</em></strong></span> <span class='ocrx_word' id='word_1_547' title='bbox 1477 3467 1508 3506; x_wconf 88' lang='lat' dir='ltr'><strong>a</strong></span> <span class='ocrx_word' id='word_1_548' title='bbox 1538 3452 1738 3507; x_wconf 88' lang='lat' dir='ltr'><strong><em>lumbis</em></strong></span> <span class='ocrx_word' id='word_1_549' title='bbox 1783 3467 1951 3522; x_wconf 92' lang='lat' dir='ltr'><strong><em>usque</em></strong></span> 
     </span>
    </p>
   </div>
   <div class='ocr_carea' id='block_1_62' title="bbox 381 3541 1950 3614">
    <p class='ocr_par' dir='ltr' id='par_1_62' title="bbox 381 3541 1950 3614">
     <span class='ocr_line' id='line_1_62' title="bbox 381 3541 1950 3614; baseline 0.003 -20"><span class='ocrx_word' id='word_1_550' title='bbox 381 3541 635 3598; x_wconf 86' lang='lat' dir='ltr'><strong><em>deorsum</em></strong></span> <span class='ocrx_word' id='word_1_551' title='bbox 692 3549 869 3607; x_wconf 90' lang='lat' dir='ltr'><strong><em>erant,</em></strong></span> <span class='ocrx_word' id='word_1_552' title='bbox 923 3541 1088 3597; x_wconf 92' lang='lat' dir='ltr'><strong><em>modo</em></strong></span> <span class='ocrx_word' id='word_1_553' title='bbox 1144 3543 1343 3612; x_wconf 84' lang='lat' dir='ltr'><strong><em>speciei</em></strong></span> <span class='ocrx_word' id='word_1_554' title='bbox 1385 3543 1549 3614; x_wconf 82' lang='lat' dir='ltr'><strong><em>ignis,</em></strong></span> <span class='ocrx_word' id='word_1_555' title='bbox 1605 3543 1767 3598; x_wconf 89' lang='lat' dir='ltr'><strong><em>modo</em></strong></span> <span class='ocrx_word' id='word_1_556' title='bbox 1812 3542 1950 3598; x_wconf 91' lang='lat' dir='ltr'><strong><em>lucis</em></strong></span> 
     </span>
    </p>
   </div>
   <div class='ocr_carea' id='block_1_63' title="bbox 379 3634 1946 3704">
    <p class='ocr_par' dir='ltr' id='par_1_63' title="bbox 379 3634 1946 3704">
     <span class='ocr_line' id='line_1_63' title="bbox 379 3634 1946 3704; baseline -0.001 -15"><span class='ocrx_word' id='word_1_557' title='bbox 379 3634 689 3704; x_wconf 88' lang='lat' dir='ltr'><strong><em>splendori;</em></strong></span> <span class='ocrx_word' id='word_1_558' title='bbox 714 3634 843 3704; x_wconf 88' lang='lat' dir='ltr'><strong>quia</strong></span> <span class='ocrx_word' id='word_1_559' title='bbox 878 3651 1000 3704; x_wconf 74' lang='lat' dir='ltr'><strong><em>qua:</em></strong></span> <span class='ocrx_word' id='word_1_560' title='bbox 1017 3634 1074 3689; x_wconf 91' lang='lat' dir='ltr'><strong><em>in</em></strong></span> <span class='ocrx_word' id='word_1_561' title='bbox 1101 3643 1312 3689; x_wconf 74' lang='lat' dir='ltr'><strong>natura:</strong></span> <span class='ocrx_word' id='word_1_562' title='bbox 1339 3634 1676 3689; x_wconf 88' lang='lat' dir='ltr'><strong><em>consortium</em></strong></span> <span class='ocrx_word' id='word_1_563' title='bbox 1701 3635 1946 3701; x_wconf 77' lang='lat' dir='ltr'><strong><em>veniunt,</em></strong></span> 
     </span>
    </p>
   </div>
   <div class='ocr_carea' id='block_1_64' title="bbox 379 3727 1949 3794">
    <p class='ocr_par' dir='ltr' id='par_1_64' title="bbox 379 3727 1949 3794">
     <span class='ocr_line' id='line_1_64' title="bbox 379 3727 1949 3794; baseline 0 -12"><span class='ocrx_word' id='word_1_564' title='bbox 379 3729 628 3784; x_wconf 90' lang='lat' dir='ltr'><strong><em>homines</em></strong></span> <span class='ocrx_word' id='word_1_565' title='bbox 684 3729 897 3783; x_wconf 89' lang='lat' dir='ltr'><strong><em>scilicet</em></strong></span> <span class='ocrx_word' id='word_1_566' title='bbox 940 3729 997 3782; x_wconf 92' lang='lat' dir='ltr'><strong>in</strong></span> <span class='ocrx_word' id='word_1_567' title='bbox 1047 3735 1196 3782; x_wconf 88' lang='lat' dir='ltr'><strong>terra</strong></span> <span class='ocrx_word' id='word_1_568' title='bbox 1251 3727 1557 3794; x_wconf 89' lang='lat' dir='ltr'><strong><em>constituti,</em></strong></span> <span class='ocrx_word' id='word_1_569' title='bbox 1590 3727 1741 3782; x_wconf 87' lang='lat' dir='ltr'><strong>vario</strong></span> <span class='ocrx_word' id='word_1_570' title='bbox 1788 3727 1949 3782; x_wconf 90' lang='lat' dir='ltr'><strong><em>modo</em></strong></span> 
     </span>
    </p>
   </div>
   <div class='ocr_carea' id='block_1_65' title="bbox 377 3819 1947 3892">
    <p class='ocr_par' dir='ltr' id='par_1_65' title="bbox 377 3819 1947 3892">
     <span class='ocr_line' id='line_1_65' title="bbox 377 3819 1947 3892; baseline -0.001 -17"><span class='ocrx_word' id='word_1_571' title='bbox 377 3821 498 3889; x_wconf 84' lang='lat' dir='ltr'><strong><em>ejus</em></strong></span> <span class='ocrx_word' id='word_1_572' title='bbox 520 3822 813 3878; x_wconf 87' lang='lat' dir='ltr'><strong>virtutibus</strong></span> <span class='ocrx_word' id='word_1_573' title='bbox 845 3838 982 3892; x_wconf 91' lang='lat' dir='ltr'><strong><em>opus</em></strong></span> <span class='ocrx_word' id='word_1_574' title='bbox 1006 3822 1210 3875; x_wconf 88' lang='lat' dir='ltr'><strong>habent</strong></span> <span class='ocrx_word' id='word_1_575' title='bbox 1240 3838 1252 3872; x_wconf 92' lang='lat'><strong>:</strong></span> <span class='ocrx_word' id='word_1_576' title='bbox 1295 3835 1419 3874; x_wconf 89' lang='lat' dir='ltr'><strong>nam</strong></span> <span class='ocrx_word' id='word_1_577' title='bbox 1451 3821 1488 3874; x_wconf 91' lang='lat' dir='ltr'><strong>ii</strong></span> <span class='ocrx_word' id='word_1_578' title='bbox 1522 3821 1615 3891; x_wconf 91' lang='lat' dir='ltr'><strong><em>qui</em></strong></span> <span class='ocrx_word' id='word_1_579' title='bbox 1648 3821 1767 3874; x_wconf 91' lang='lat' dir='ltr'><strong><em>luce</em></strong></span> <span class='ocrx_word' id='word_1_580' title='bbox 1785 3819 1947 3890; x_wconf 85' lang='lat' dir='ltr'><strong><em>digna</em></strong></span> 
     </span>
    </p>
   </div>
   <div class='ocr_carea' id='block_1_66' title="bbox 378 3910 1948 3981">
    <p class='ocr_par' dir='ltr' id='par_1_66' title="bbox 378 3910 1948 3981">
     <span class='ocr_line' id='line_1_66' title="bbox 378 3910 1948 3981; baseline 0 -19"><span class='ocrx_word' id='word_1_581' title='bbox 378 3911 606 3977; x_wconf 74' lang='lat' dir='ltr'><strong><em>faciunt,</em></strong></span> <span class='ocrx_word' id='word_1_582' title='bbox 627 3912 966 3966; x_wconf 87' lang='lat' dir='ltr'><strong><em>illuminante</em></strong></span> <span class='ocrx_word' id='word_1_583' title='bbox 988 3911 1040 3964; x_wconf 85' lang='lat' dir='ltr'><strong>vi</strong></span> <span class='ocrx_word' id='word_1_584' title='bbox 1070 3910 1342 3981; x_wconf 78' lang='lat' dir='ltr'><strong><em>indigent;</em></strong></span> <span class='ocrx_word' id='word_1_585' title='bbox 1375 3910 1468 3980; x_wconf 93' lang='lat' dir='ltr'><strong>qui</strong></span> <span class='ocrx_word' id='word_1_586' title='bbox 1495 3925 1626 3964; x_wconf 84' lang='lat' dir='ltr'><strong><em>vero</em></strong></span> <span class='ocrx_word' id='word_1_587' title='bbox 1646 3910 1768 3979; x_wconf 83' lang='lat' dir='ltr'><strong><em>igne</em></strong></span> <span class='ocrx_word' id='word_1_588' title='bbox 1784 3911 1948 3980; x_wconf 87' lang='lat' dir='ltr'><strong><em>digna</em></strong></span> 
     </span>
    </p>
   </div>
   <div class='ocr_carea' id='block_1_67' title="bbox 377 3985 1948 4071">
    <p class='ocr_par' dir='ltr' id='par_1_67' title="bbox 377 3985 1948 4071">
     <span class='ocr_line' id='line_1_67' title="bbox 377 3985 1948 4071; baseline 0 -19"><span class='ocrx_word' id='word_1_589' title='bbox 377 4007 712 4071; x_wconf 82' lang='lat' dir='ltr'><strong><em>perpetrant,</em></strong></span> <span class='ocrx_word' id='word_1_590' title='bbox 745 4001 1100 4055; x_wconf 89' lang='lat' dir='ltr'><strong><em>comburente</em></strong></span> <span class='ocrx_word' id='word_1_591' title='bbox 1148 4008 1202 4053; x_wconf 90' lang='lat' dir='ltr'><strong><em>et</em></strong></span> <span class='ocrx_word' id='word_1_592' title='bbox 1250 3999 1448 4054; x_wconf 88' lang='lat' dir='ltr'><strong><em>ultrice</em></strong></span> <span class='ocrx_word' id='word_1_593' title='bbox 1499 3999 1722 4054; x_wconf 79' lang='lat' dir='ltr'><strong><em>virtute.</em></strong></span> <span class='ocrx_word' id='word_1_594' title='bbox 1774 3985 1948 4053; x_wconf 50' lang='lat' dir='ltr'><strong><em>Calle-</em></strong></span> 
     </span>
    </p>
   </div>
   <div class='ocr_carea' id='block_1_68' title="bbox 376 4088 1945 4161">
    <p class='ocr_par' dir='ltr' id='par_1_68' title="bbox 376 4088 1945 4161">
     <span class='ocr_line' id='line_1_68' title="bbox 376 4088 1945 4161; baseline 0.001 -17"><span class='ocrx_word' id='word_1_595' title='bbox 376 4091 542 4144; x_wconf 81' lang='lat' dir='ltr'><strong><em>stium</em></strong></span> <span class='ocrx_word' id='word_1_596' title='bbox 576 4104 738 4158; x_wconf 89' lang='lat' dir='ltr'><strong><em>porro</em></strong></span> <span class='ocrx_word' id='word_1_597' title='bbox 783 4089 1044 4159; x_wconf 82' lang='lat' dir='ltr'><strong><em>imagines</em></strong></span> <span class='ocrx_word' id='word_1_598' title='bbox 1085 4097 1138 4144; x_wconf 91' lang='lat' dir='ltr'><strong><em>et</em></strong></span> <span class='ocrx_word' id='word_1_599' title='bbox 1171 4091 1413 4161; x_wconf 88' lang='lat' dir='ltr'><strong><em>symbola</em></strong></span> <span class='ocrx_word' id='word_1_600' title='bbox 1462 4088 1731 4144; x_wconf 89' lang='lat' dir='ltr'><strong><em>adornare</em></strong></span> <span class='ocrx_word' id='word_1_601' title='bbox 1753 4089 1945 4158; x_wconf 87' lang='lat' dir='ltr'><strong><em>jussus</em></strong></span> 
     </span>
    </p>
   </div>
   <div class='ocr_carea' id='block_1_69' title="bbox 376 4179 1945 4249">
    <p class='ocr_par' dir='ltr' id='par_1_69' title="bbox 376 4179 1945 4249">
     <span class='ocr_line' id='line_1_69' title="bbox 376 4179 1945 4249; baseline 0.001 -17"><span class='ocrx_word' id='word_1_602' title='bbox 376 4179 612 4249; x_wconf 85' lang='lat' dir='ltr'><strong><em>Moyses,</em></strong></span> <span class='ocrx_word' id='word_1_603' title='bbox 635 4179 916 4234; x_wconf 89' lang='lat' dir='ltr'><strong>cherubim</strong></span> <span class='ocrx_word' id='word_1_604' title='bbox 943 4195 1008 4234; x_wconf 84' lang='lat' dir='ltr'><strong><em>ex</em></strong></span> <span class='ocrx_word' id='word_1_605' title='bbox 1041 4195 1176 4234; x_wconf 91' lang='lat' dir='ltr'><strong><em>auro</em></strong></span> <span class='ocrx_word' id='word_1_606' title='bbox 1209 4180 1446 4236; x_wconf 79' lang='lat' dir='ltr'><strong><em>confecit</em></strong></span> <span class='ocrx_word' id='word_1_607' title='bbox 1479 4199 1492 4234; x_wconf 93' lang='lat'><strong>:</strong></span> <span class='ocrx_word' id='word_1_608' title='bbox 1520 4180 1635 4234; x_wconf 66' lang='lat' dir='ltr'><strong><em>haec</em></strong></span> <span class='ocrx_word' id='word_1_609' title='bbox 1656 4195 1784 4236; x_wconf 84' lang='lat' dir='ltr'><strong><em>vero</em></strong></span> <span class='ocrx_word' id='word_1_610' title='bbox 1805 4195 1945 4234; x_wconf 72' lang='lat' dir='ltr'><strong><em>arcte</em></strong></span> 
     </span>
    </p>
   </div>
   <div class='ocr_carea' id='block_1_70' title="bbox 374 4269 1944 4340">
    <p class='ocr_par' dir='ltr' id='par_1_70' title="bbox 374 4269 1944 4340">
     <span class='ocr_line' id='line_1_70' title="bbox 374 4269 1944 4340; baseline 0.001 -15"><span class='ocrx_word' id='word_1_611' title='bbox 374 4271 707 4333; x_wconf 91' lang='lat' dir='ltr'><strong><em>insidebant,</em></strong></span> <span class='ocrx_word' id='word_1_612' title='bbox 762 4271 818 4324; x_wconf 91' lang='lat' dir='ltr'><strong><em>in</em></strong></span> <span class='ocrx_word' id='word_1_613' title='bbox 856 4285 1091 4340; x_wconf 90' lang='lat' dir='ltr'><strong><em>quorum</em></strong></span> <span class='ocrx_word' id='word_1_614' title='bbox 1151 4269 1331 4325; x_wconf 89' lang='lat' dir='ltr'><strong><em>medio</em></strong></span> <span class='ocrx_word' id='word_1_615' title='bbox 1383 4270 1824 4340; x_wconf 82' lang='lat' dir='ltr'><strong><em>prOpitiatorium</em></strong></span> <span class='ocrx_word' id='word_1_616' title='bbox 1875 4286 1944 4326; x_wconf 80' lang='lat' dir='ltr'>ex</span> 
     </span>
    </p>
   </div>
   <div class='ocr_carea' id='block_1_71' title="bbox 372 4361 1941 4431">
    <p class='ocr_par' dir='ltr' id='par_1_71' title="bbox 372 4361 1941 4431">
     <span class='ocr_line' id='line_1_71' title="bbox 372 4361 1941 4431; baseline 0.001 -16"><span class='ocrx_word' id='word_1_617' title='bbox 372 4377 510 4416; x_wconf 87' lang='lat' dir='ltr'><strong>auro</strong></span> <span class='ocrx_word' id='word_1_618' title='bbox 567 4361 769 4416; x_wconf 76' lang='lat' dir='ltr'><strong>factum</strong></span> <span class='ocrx_word' id='word_1_619' title='bbox 822 4361 1198 4416; x_wconf 86' lang='lat' dir='ltr'><strong><em>consistebat:</em></strong></span> <span class='ocrx_word' id='word_1_620' title='bbox 1230 4369 1454 4430; x_wconf 88' lang='lat' dir='ltr'><strong>eratque</strong></span> <span class='ocrx_word' id='word_1_621' title='bbox 1505 4361 1941 4431; x_wconf 88' lang='lat' dir='ltr'><strong><em>propitiatorium</em></strong></span> 
     </span>
    </p>
   </div>
   <div class='ocr_carea' id='block_1_72' title="bbox 373 4452 1938 4523">
    <p class='ocr_par' dir='ltr' id='par_1_72' title="bbox 373 4452 1938 4523">
     <span class='ocr_line' id='line_1_72' title="bbox 373 4452 1938 4523; baseline -0.001 -17"><span class='ocrx_word' id='word_1_622' title='bbox 373 4453 429 4506; x_wconf 88' lang='lat' dir='ltr'><strong><em>in</em></strong></span> <span class='ocrx_word' id='word_1_623' title='bbox 461 4452 638 4508; x_wconf 86' lang='lat' dir='ltr'><strong><em>medio</em></strong></span> <span class='ocrx_word' id='word_1_624' title='bbox 664 4453 946 4508; x_wconf 88' lang='lat' dir='ltr'><strong><em>cherubim</em></strong></span> <span class='ocrx_word' id='word_1_625' title='bbox 981 4452 1182 4521; x_wconf 69' lang='lat' dir='ltr'><strong><em>aurigae</em></strong></span> <span class='ocrx_word' id='word_1_626' title='bbox 1210 4453 1386 4507; x_wconf 91' lang='lat' dir='ltr'><strong><em>instar</em></strong></span> <span class='ocrx_word' id='word_1_627' title='bbox 1420 4453 1554 4523; x_wconf 88' lang='lat' dir='ltr'><strong><em>ipsis</em></strong></span> <span class='ocrx_word' id='word_1_628' title='bbox 1585 4452 1897 4522; x_wconf 90' lang='lat' dir='ltr'><strong><em>impositum</em></strong></span> <span class='ocrx_word' id='word_1_629' title='bbox 1923 4470 1938 4518; x_wconf 90' lang='lat'><strong>;</strong></span> 
     </span>
    </p>
   </div>
   <div class='ocr_carea' id='block_1_73' title="bbox 373 4543 1940 4616">
    <p class='ocr_par' dir='ltr' id='par_1_73' title="bbox 373 4543 1940 4616">
     <span class='ocr_line' id='line_1_73' title="bbox 373 4543 1940 4616; baseline 0.001 -19"><span class='ocrx_word' id='word_1_630' title='bbox 373 4545 447 4598; x_wconf 88' lang='lat' dir='ltr'><strong><em>ita</em></strong></span> <span class='ocrx_word' id='word_1_631' title='bbox 501 4554 562 4598; x_wconf 93' lang='lat' dir='ltr'><strong><em>ut</em></strong></span> <span class='ocrx_word' id='word_1_632' title='bbox 592 4544 1033 4616; x_wconf 89' lang='lat' dir='ltr'><strong><em>propitiatorium</em></strong></span> <span class='ocrx_word' id='word_1_633' title='bbox 1065 4543 1198 4598; x_wconf 91' lang='lat' dir='ltr'><strong><em>illud</em></strong></span> <span class='ocrx_word' id='word_1_634' title='bbox 1239 4561 1304 4599; x_wconf 85' lang='lat' dir='ltr'><strong><em>ex</em></strong></span> <span class='ocrx_word' id='word_1_635' title='bbox 1337 4559 1470 4599; x_wconf 88' lang='lat' dir='ltr'><strong><em>auro</em></strong></span> <span class='ocrx_word' id='word_1_636' title='bbox 1499 4543 1724 4610; x_wconf 79' lang='lat' dir='ltr'><strong><em>factum,</em></strong></span> <span class='ocrx_word' id='word_1_637' title='bbox 1761 4544 1940 4614; x_wconf 89' lang='lat' dir='ltr'><strong><em>imago</em></strong></span> 
     </span>
    </p>
   </div>
   <div class='ocr_carea' id='block_1_74' title="bbox 370 4633 1939 4706">
    <p class='ocr_par' dir='ltr' id='par_1_74' title="bbox 370 4633 1939 4706">
     <span class='ocr_line' id='line_1_74' title="bbox 370 4633 1939 4706; baseline 0 -16"><span class='ocrx_word' id='word_1_638' title='bbox 370 4644 425 4690; x_wconf 90' lang='lat' dir='ltr'><strong><em>et</em></strong></span> <span class='ocrx_word' id='word_1_639' title='bbox 454 4637 732 4706; x_wconf 83' lang='lat' dir='ltr'><strong><em>exemplar</em></strong></span> <span class='ocrx_word' id='word_1_640' title='bbox 763 4643 911 4691; x_wconf 90' lang='lat' dir='ltr'><strong><em>esset</em></strong></span> <span class='ocrx_word' id='word_1_641' title='bbox 939 4636 1059 4704; x_wconf 89' lang='lat' dir='ltr'><strong><em>ejus</em></strong></span> <span class='ocrx_word' id='word_1_642' title='bbox 1088 4636 1181 4705; x_wconf 92' lang='lat' dir='ltr'>qui</span> <span class='ocrx_word' id='word_1_643' title='bbox 1214 4651 1380 4706; x_wconf 86' lang='lat' dir='ltr'><strong><em>super</em></strong></span> <span class='ocrx_word' id='word_1_644' title='bbox 1408 4635 1691 4691; x_wconf 87' lang='lat' dir='ltr'><strong><em>cherubim</em></strong></span> <span class='ocrx_word' id='word_1_645' title='bbox 1728 4635 1784 4690; x_wconf 92' lang='lat' dir='ltr'><strong><em>in</em></strong></span> <span class='ocrx_word' id='word_1_646' title='bbox 1812 4633 1939 4690; x_wconf 87' lang='lat' dir='ltr'>Eze-</span> 
     </span>
    </p>
   </div>
   <div class='ocr_carea' id='block_1_75' title="bbox 369 4726 1932 4798">
    <p class='ocr_par' dir='ltr' id='par_1_75' title="bbox 369 4726 1932 4798">
     <span class='ocr_line' id='line_1_75' title="bbox 369 4726 1932 4798; baseline 0 -17"><span class='ocrx_word' id='word_1_647' title='bbox 369 4727 544 4782; x_wconf 89' lang='lat' dir='ltr'><strong><em>chiele</em></strong></span> <span class='ocrx_word' id='word_1_648' title='bbox 583 4727 845 4797; x_wconf 85' lang='lat' dir='ltr'><strong><em>propheta</em></strong></span> <span class='ocrx_word' id='word_1_649' title='bbox 877 4727 1028 4784; x_wconf 91' lang='lat' dir='ltr'><strong><em>visus</em></strong></span> <span class='ocrx_word' id='word_1_650' title='bbox 1059 4735 1174 4794; x_wconf 90' lang='lat' dir='ltr'><strong><em>est;</em></strong></span> <span class='ocrx_word' id='word_1_651' title='bbox 1205 4743 1365 4798; x_wconf 91' lang='lat' dir='ltr'><strong><em>quem</em></strong></span> <span class='ocrx_word' id='word_1_652' title='bbox 1399 4727 1638 4782; x_wconf 82' lang='lat' dir='ltr'><strong><em>Verbum</em></strong></span> <span class='ocrx_word' id='word_1_653' title='bbox 1672 4743 1795 4783; x_wconf 89' lang='lat' dir='ltr'><strong><em>esse</em></strong></span> <span class='ocrx_word' id='word_1_654' title='bbox 1839 4726 1932 4781; x_wconf 90' lang='lat' dir='ltr'><strong><em>Dei</em></strong></span> 
     </span>
    </p>
   </div>
   <div class='ocr_carea' id='block_1_76' title="bbox 369 4817 1933 4890">
    <p class='ocr_par' dir='ltr' id='par_1_76' title="bbox 369 4817 1933 4890">
     <span class='ocr_line' id='line_1_76' title="bbox 369 4817 1933 4890; baseline 0 -21"><span class='ocrx_word' id='word_1_655' title='bbox 369 4818 940 4872; x_wconf 87' lang='lat' dir='ltr'><strong><em>commonstravimus.</em></strong></span> <span class='ocrx_word' id='word_1_656' title='bbox 971 4817 1152 4883; x_wconf 85' lang='lat' dir='ltr'><strong><em>Quare</em></strong></span> <span class='ocrx_word' id='word_1_657' title='bbox 1189 4819 1407 4873; x_wconf 86' lang='lat' dir='ltr'><strong><em>divinus</em></strong></span> <span class='ocrx_word' id='word_1_658' title='bbox 1429 4818 1725 4890; x_wconf 89' lang='lat' dir='ltr'><strong><em>Apostolus</em></strong></span> <span class='ocrx_word' id='word_1_659' title='bbox 1756 4817 1933 4886; x_wconf 89' lang='lat' dir='ltr'><strong><em>ipsum</em></strong></span> 
     </span>
    </p>
   </div>
   <div class='ocr_carea' id='block_1_77' title="bbox 368 4908 1936 4980">
    <p class='ocr_par' dir='ltr' id='par_1_77' title="bbox 368 4908 1936 4980">
     <span class='ocr_line' id='line_1_77' title="bbox 368 4908 1936 4980; baseline -0.002 -16"><span class='ocrx_word' id='word_1_660' title='bbox 368 4908 606 4964; x_wconf 79' lang='lat' dir='ltr'><strong><em>Verbum</em></strong></span> <span class='ocrx_word' id='word_1_661' title='bbox 655 4909 1094 4979; x_wconf 88' lang='lat' dir='ltr'><strong><em>propitiatorium</em></strong></span> <span class='ocrx_word' id='word_1_662' title='bbox 1140 4920 1317 4975; x_wconf 86' lang='lat' dir='ltr'><strong><em>vocat,</em></strong></span> <span class='ocrx_word' id='word_1_663' title='bbox 1348 4910 1539 4965; x_wconf 91' lang='lat' dir='ltr'><strong><em>dicens</em></strong></span> <span class='ocrx_word' id='word_1_664' title='bbox 1575 4927 1587 4962; x_wconf 93' lang='lat'><strong>:</strong></span> <span class='ocrx_word' id='word_1_665' title='bbox 1620 4909 1785 4975; x_wconf 83' lang='lat' dir='ltr'><strong><em>Quem</em></strong></span> <span class='ocrx_word' id='word_1_666' title='bbox 1818 4923 1936 4980; x_wconf 66' lang='lat' dir='ltr'><strong><em>pro-</em></strong></span> 
     </span>
    </p>
   </div>
   <div class='ocr_carea' id='block_1_78' title="bbox 365 4998 1933 5069">
    <p class='ocr_par' dir='ltr' id='par_1_78' title="bbox 365 4998 1933 5069">
     <span class='ocr_line' id='line_1_78' title="bbox 365 4998 1933 5069; baseline -0.003 -14"><span class='ocrx_word' id='word_1_667' title='bbox 365 5000 539 5068; x_wconf 85' lang='lat' dir='ltr'><strong><em>posuit</em></strong></span> <span class='ocrx_word' id='word_1_668' title='bbox 589 4998 726 5052; x_wconf 87' lang='lat' dir='ltr'><strong><em>Deus</em></strong></span> <span class='ocrx_word' id='word_1_669' title='bbox 774 4999 1199 5068; x_wconf 87' lang='lat' dir='ltr'><strong><em>propitiatorium</em></strong></span> <span class='ocrx_word' id='word_1_670' title='bbox 1246 5015 1336 5068; x_wconf 90' lang='lat' dir='ltr'>per</span> <span class='ocrx_word' id='word_1_671' title='bbox 1380 5000 1536 5069; x_wconf 83' lang='lat' dir='ltr'><strong><em>ﬁdem</em></strong></span> <span class='ocrx_word' id='word_1_672' title='bbox 1586 4999 1641 5051; x_wconf 88' lang='lat' dir='ltr'>in</span> <span class='ocrx_word' id='word_1_673' title='bbox 1682 4999 1933 5068; x_wconf 87' lang='lat' dir='ltr'><strong><em>sanguine</em></strong></span> 
     </span>
    </p>
   </div>
   <div class='ocr_carea' id='block_1_79' title="bbox 365 5089 1933 5160">
    <p class='ocr_par' dir='ltr' id='par_1_79' title="bbox 365 5089 1933 5160">
     <span class='ocr_line' id='line_1_79' title="bbox 365 5089 1933 5160; baseline -0.003 -15"><span class='ocrx_word' id='word_1_674' title='bbox 365 5092 477 5160; x_wconf 85' lang='lat' dir='ltr'><strong><em>ejus</em></strong></span> <span class='ocrx_word' id='word_1_675' title='bbox 510 5091 576 5144; x_wconf 78' lang='grc'>⁸⁸.</span> <span class='ocrx_word' id='word_1_676' title='bbox 619 5089 745 5144; x_wconf 64' lang='lat' dir='ltr'><strong><em>Haec</em></strong></span> <span class='ocrx_word' id='word_1_677' title='bbox 776 5097 954 5143; x_wconf 86' lang='lat' dir='ltr'><strong>autem</strong></span> <span class='ocrx_word' id='word_1_678' title='bbox 1003 5105 1034 5142; x_wconf 90' lang='lat' dir='ltr'><strong><em>a</em></strong></span> <span class='ocrx_word' id='word_1_679' title='bbox 1065 5089 1246 5160; x_wconf 82' lang='lat' dir='ltr'><strong><em>Moyse</em></strong></span> <span class='ocrx_word' id='word_1_680' title='bbox 1291 5105 1357 5144; x_wconf 77' lang='lat' dir='ltr'><strong><em>cx</em></strong></span> <span class='ocrx_word' id='word_1_681' title='bbox 1387 5105 1520 5144; x_wconf 87' lang='lat' dir='ltr'><strong>auro</strong></span> <span class='ocrx_word' id='word_1_682' title='bbox 1553 5089 1780 5160; x_wconf 76' lang='lat' dir='ltr'><strong><em>figurate</em></strong></span> <span class='ocrx_word' id='word_1_683' title='bbox 1807 5104 1933 5143; x_wconf 91' lang='lat' dir='ltr'><strong><em>con-</em></strong></span> 
     </span>
    </p>
   </div>
   <div class='ocr_carea' id='block_1_80' title="bbox 368 5182 1930 5254">
    <p class='ocr_par' dir='ltr' id='par_1_80' title="bbox 368 5182 1930 5254">
     <span class='ocr_line' id='line_1_80' title="bbox 368 5182 1930 5254; baseline 0.001 -18"><span class='ocrx_word' id='word_1_684' title='bbox 368 5184 544 5249; x_wconf 80' lang='lat' dir='ltr'><strong><em>fecta,</em></strong></span> <span class='ocrx_word' id='word_1_685' title='bbox 598 5183 882 5237; x_wconf 91' lang='lat' dir='ltr'><strong><em>cherubim</em></strong></span> <span class='ocrx_word' id='word_1_686' title='bbox 935 5182 1057 5237; x_wconf 90' lang='lat' dir='ltr'><strong><em>dico</em></strong></span> <span class='ocrx_word' id='word_1_687' title='bbox 1095 5193 1149 5237; x_wconf 88' lang='lat' dir='ltr'>et</span> <span class='ocrx_word' id='word_1_688' title='bbox 1193 5183 1675 5254; x_wconf 82' lang='lat' dir='ltr'><strong><em>propitiatorium,</em></strong></span> <span class='ocrx_word' id='word_1_689' title='bbox 1729 5183 1930 5252; x_wconf 89' lang='lat' dir='ltr'><strong><em>populo</em></strong></span> 
     </span>
    </p>
   </div>
   <div class='ocr_carea' id='block_1_81' title="bbox 366 5274 1928 5346">
    <p class='ocr_par' dir='ltr' id='par_1_81' title="bbox 366 5274 1928 5346">
     <span class='ocr_line' id='line_1_81' title="bbox 366 5274 1928 5346; baseline -0.001 -16"><span class='ocrx_word' id='word_1_690' title='bbox 366 5276 628 5344; x_wconf 65' lang='lat' dir='ltr'><strong><em>praeibam</em></strong></span> <span class='ocrx_word' id='word_1_691' title='bbox 661 5275 715 5328; x_wconf 91' lang='lat' dir='ltr'><strong>in</strong></span> <span class='ocrx_word' id='word_1_692' title='bbox 755 5274 1071 5339; x_wconf 89' lang='lat' dir='ltr'><strong><em>solitudine,</em></strong></span> <span class='ocrx_word' id='word_1_693' title='bbox 1107 5291 1292 5330; x_wconf 88' lang='lat' dir='ltr'><strong><em>coram</em></strong></span> <span class='ocrx_word' id='word_1_694' title='bbox 1325 5274 1604 5345; x_wconf 88' lang='lat' dir='ltr'><strong><em>Ephraim,</em></strong></span> <span class='ocrx_word' id='word_1_695' title='bbox 1646 5274 1928 5346; x_wconf 86' lang='lat' dir='ltr'><strong><em>Benjamin</em></strong></span> 
     </span>
    </p>
   </div>
   <div class='ocr_carea' id='block_1_82' title="bbox 367 5366 1931 5431">
    <p class='ocr_par' dir='ltr' id='par_1_82' title="bbox 367 5366 1931 5431">
     <span class='ocr_line' id='line_1_82' title="bbox 367 5366 1931 5431; baseline 0.001 -11"><span class='ocrx_word' id='word_1_696' title='bbox 367 5374 421 5421; x_wconf 89' lang='lat' dir='ltr'><strong><em>et</em></strong></span> <span class='ocrx_word' id='word_1_697' title='bbox 453 5366 722 5423; x_wconf 82' lang='lat' dir='ltr'><strong><em>Manasse.</em></strong></span> <span class='ocrx_word' id='word_1_698' title='bbox 753 5366 890 5421; x_wconf 89' lang='lat' dir='ltr'><strong><em>Nam</em></strong></span> <span class='ocrx_word' id='word_1_699' title='bbox 914 5367 970 5421; x_wconf 87' lang='lat' dir='ltr'><strong>in</strong></span> <span class='ocrx_word' id='word_1_700' title='bbox 1011 5367 1160 5422; x_wconf 80' lang='lat' dir='ltr'><strong><em>exitu</em></strong></span> <span class='ocrx_word' id='word_1_701' title='bbox 1192 5367 1478 5422; x_wconf 90' lang='lat' dir='ltr'><strong><em>duodecim</em></strong></span> <span class='ocrx_word' id='word_1_702' title='bbox 1507 5366 1770 5431; x_wconf 91' lang='lat' dir='ltr'><strong><em>tribuum,</em></strong></span> <span class='ocrx_word' id='word_1_703' title='bbox 1805 5374 1931 5422; x_wconf 89' lang='lat' dir='ltr'><strong>ante</strong></span> 
     </span>
    </p>
   </div>
   <div class='ocr_carea' id='block_1_83' title="bbox 366 5451 1926 5522">
    <p class='ocr_par' dir='ltr' id='par_1_83' title="bbox 366 5451 1926 5522">
     <span class='ocr_line' id='line_1_83' title="bbox 366 5451 1926 5522; baseline 0.001 -16"><span class='ocrx_word' id='word_1_704' title='bbox 366 5469 547 5508; x_wconf 87' lang='lat' dir='ltr'><strong><em>arcam</em></strong></span> <span class='ocrx_word' id='word_1_705' title='bbox 585 5463 697 5511; x_wconf 90' lang='lat' dir='ltr'><strong><em>tres</em></strong></span> <span class='ocrx_word' id='word_1_706' title='bbox 726 5457 905 5512; x_wconf 89' lang='lat' dir='ltr'><strong><em>tribus</em></strong></span> <span class='ocrx_word' id='word_1_707' title='bbox 948 5455 1513 5518; x_wconf 86' lang='lat' dir='ltr'><strong><em>castrametabantur,</em></strong></span> <span class='ocrx_word' id='word_1_708' title='bbox 1547 5469 1740 5522; x_wconf 88' lang='lat' dir='ltr'><strong><em>nempe</em></strong></span> <span class='ocrx_word' id='word_1_709' title='bbox 1766 5451 1926 5518; x_wconf 88' lang='lat' dir='ltr'><strong><em>Juda,</em></strong></span> 
     </span>
    </p>
   </div>
   <div class='ocr_carea' id='block_1_84' title="bbox 369 5545 1930 5614">
    <p class='ocr_par' dir='ltr' id='par_1_84' title="bbox 369 5545 1930 5614">
     <span class='ocr_line' id='line_1_84' title="bbox 369 5545 1930 5614; baseline 0.001 -15"><span class='ocrx_word' id='word_1_710' title='bbox 369 5546 614 5600; x_wconf 82' lang='lat' dir='ltr'><strong><em>lssachar</em></strong></span> <span class='ocrx_word' id='word_1_711' title='bbox 643 5555 696 5602; x_wconf 91' lang='lat' dir='ltr'>et</span> <span class='ocrx_word' id='word_1_712' title='bbox 717 5547 998 5614; x_wconf 85' lang='lat' dir='ltr'>Zabulon;</span> <span class='ocrx_word' id='word_1_713' title='bbox 1029 5562 1210 5600; x_wconf 89' lang='lat' dir='ltr'><strong>arcam</strong></span> <span class='ocrx_word' id='word_1_714' title='bbox 1241 5547 1367 5601; x_wconf 89' lang='lat' dir='ltr'><strong><em>item</em></strong></span> <span class='ocrx_word' id='word_1_715' title='bbox 1397 5555 1507 5600; x_wconf 90' lang='lat' dir='ltr'><strong><em>tres</em></strong></span> <span class='ocrx_word' id='word_1_716' title='bbox 1533 5545 1706 5600; x_wconf 90' lang='lat' dir='ltr'><strong><em>tribus</em></strong></span> <span class='ocrx_word' id='word_1_717' title='bbox 1736 5561 1930 5614; x_wconf 86' lang='lat' dir='ltr'><strong><em>seque-</em></strong></span> 
     </span>
    </p>
   </div>
   <div class='ocr_carea' id='block_1_85' title="bbox 2049 3351 3635 3427">
    <p class='ocr_par' dir='ltr' id='par_1_85' title="bbox 2049 3351 3635 3427">
     <span class='ocr_line' id='line_1_85' title="bbox 2049 3351 3635 3427; baseline -0.002 -18"><span class='ocrx_word' id='word_1_718' title='bbox 2049 3357 2127 3427; x_wconf 87' lang='grc' dir='ltr'>τῷ</span> <span class='ocrx_word' id='word_1_719' title='bbox 2147 3357 2324 3427; x_wconf 82' lang='grc' dir='ltr'>πάσης</span> <span class='ocrx_word' id='word_1_720' title='bbox 2349 3355 2478 3424; x_wconf 80' lang='grc' dir='ltr'>ὕλης</span> <span class='ocrx_word' id='word_1_721' title='bbox 2495 3353 2909 3427; x_wconf 84' lang='grc' dir='ltr'>τιμαλφεστέρῳ</span> <span class='ocrx_word' id='word_1_722' title='bbox 2929 3352 3302 3424; x_wconf 61' lang='grc' dir='ltr'>παρεικάζετα</span> <span class='ocrx_word' id='word_1_723' title='bbox 3333 3351 3402 3404; x_wconf 80' lang='grc' dir='ltr'>τὰ</span> <span class='ocrx_word' id='word_1_724' title='bbox 3423 3351 3496 3404; x_wconf 79' lang='grc' dir='ltr'>δὲ</span> <span class='ocrx_word' id='word_1_725' title='bbox 3529 3353 3635 3406; x_wconf 76' lang='grc' dir='ltr'>ἀπὸ</span> 
     </span>
    </p>
   </div>
   <div class='ocr_carea' id='block_1_86' title="bbox 2048 3442 3634 3517">
    <p class='ocr_par' dir='ltr' id='par_1_86' title="bbox 2048 3442 3634 3517">
     <span class='ocr_line' id='line_1_86' title="bbox 2048 3442 3634 3517; baseline -0.003 -19"><span class='ocrx_word' id='word_1_726' title='bbox 2048 3445 2246 3515; x_wconf 80' lang='grc' dir='ltr'>ὀσφύος</span> <span class='ocrx_word' id='word_1_727' title='bbox 2273 3446 2366 3499; x_wconf 76' lang='grc' dir='ltr'>καὶ</span> <span class='ocrx_word' id='word_1_728' title='bbox 2396 3445 2564 3510; x_wconf 86' lang='grc' dir='ltr'>κάτω,</span> <span class='ocrx_word' id='word_1_729' title='bbox 2597 3443 2671 3516; x_wconf 80' lang='grc' dir='ltr'><strong>πῆ</strong></span> <span class='ocrx_word' id='word_1_730' title='bbox 2696 3444 2792 3514; x_wconf 86' lang='grc' dir='ltr'>μὲν</span> <span class='ocrx_word' id='word_1_731' title='bbox 2819 3443 3007 3517; x_wconf 80' lang='grc' dir='ltr'>ὁράσει</span> <span class='ocrx_word' id='word_1_732' title='bbox 3034 3443 3221 3515; x_wconf 81' lang='grc' dir='ltr'>πυρὸς,</span> <span class='ocrx_word' id='word_1_733' title='bbox 3253 3443 3327 3513; x_wconf 78' lang='grc' dir='ltr'>πὴ</span> <span class='ocrx_word' id='word_1_734' title='bbox 3353 3442 3408 3495; x_wconf 82' lang='grc' dir='ltr'>δὲ</span> <span class='ocrx_word' id='word_1_735' title='bbox 3440 3445 3634 3511; x_wconf 71' lang='grc' dir='ltr'>φωτὸς</span> 
     </span>
    </p>
   </div>
   <div class='ocr_carea' id='block_1_87' title="bbox 2049 3535 3633 3607">
    <p class='ocr_par' dir='ltr' id='par_1_87' title="bbox 2049 3535 3633 3607">
     <span class='ocr_line' id='line_1_87' title="bbox 2049 3535 3633 3607; baseline -0.002 -18"><span class='ocrx_word' id='word_1_736' title='bbox 2049 3537 2273 3606; x_wconf 87' lang='grc' dir='ltr'>φέγγει·</span> <span class='ocrx_word' id='word_1_737' title='bbox 2297 3536 2480 3606; x_wconf 82' lang='grc' dir='ltr'>ἐπειδὴ</span> <span class='ocrx_word' id='word_1_738' title='bbox 2507 3536 2574 3588; x_wconf 82' lang='grc' dir='ltr'>τὰ</span> <span class='ocrx_word' id='word_1_739' title='bbox 2597 3537 2660 3589; x_wconf 89' lang='grc' dir='ltr'>ἐκ</span> <span class='ocrx_word' id='word_1_740' title='bbox 2689 3537 2953 3605; x_wconf 87' lang='grc' dir='ltr'>γενέσεως</span> <span class='ocrx_word' id='word_1_741' title='bbox 2980 3536 3200 3607; x_wconf 80' lang='grc' dir='ltr'>μέτοχα,</span> <span class='ocrx_word' id='word_1_742' title='bbox 3221 3535 3310 3588; x_wconf 85' lang='grc' dir='ltr'>καὶ</span> <span class='ocrx_word' id='word_1_743' title='bbox 3331 3535 3382 3586; x_wconf 82' lang='grc' dir='ltr'>οἱ</span> <span class='ocrx_word' id='word_1_744' title='bbox 3400 3535 3507 3588; x_wconf 78' lang='grc' dir='ltr'>ἐπὶ</span> <span class='ocrx_word' id='word_1_745' title='bbox 3535 3535 3633 3606; x_wconf 72' lang='grc' dir='ltr'>γῆς</span> 
     </span>
    </p>
   </div>
   <div class='ocr_carea' id='block_1_88' title="bbox 2047 3627 3631 3701">
    <p class='ocr_par' dir='ltr' id='par_1_88' title="bbox 2047 3627 3631 3701">
     <span class='ocr_line' id='line_1_88' title="bbox 2047 3627 3631 3701; baseline -0.004 -17"><span class='ocrx_word' id='word_1_746' title='bbox 2047 3628 2322 3701; x_wconf 75' lang='grc' dir='ltr'>ἄνθρωποι</span> <span class='ocrx_word' id='word_1_747' title='bbox 2357 3629 2627 3700; x_wconf 90' lang='grc' dir='ltr'>διαφόρων</span> <span class='ocrx_word' id='word_1_748' title='bbox 2671 3629 2836 3682; x_wconf 83' lang='grc' dir='ltr'>αὐτοῦ</span> <span class='ocrx_word' id='word_1_749' title='bbox 2868 3628 3144 3700; x_wconf 86' lang='grc' dir='ltr'>δυνάμεως</span> <span class='ocrx_word' id='word_1_750' title='bbox 3179 3627 3483 3679; x_wconf 79' lang='grc' dir='ltr'>ἐπιδέονται</span> <span class='ocrx_word' id='word_1_751' title='bbox 3510 3645 3528 3657; x_wconf 72' lang='grc' dir='ltr'><strong>ο</strong></span> <span class='ocrx_word' id='word_1_752' title='bbox 3587 3627 3631 3679; x_wconf 72' lang='lat' dir='ltr'><strong><em>ei</em></strong></span> 
     </span>
    </p>
   </div>
   <div class='ocr_carea' id='block_1_89' title="bbox 2051 3718 3628 3792">
    <p class='ocr_par' dir='ltr' id='par_1_89' title="bbox 2051 3718 3628 3792">
     <span class='ocr_line' id='line_1_89' title="bbox 2051 3718 3628 3792; baseline 0 -21"><span class='ocrx_word' id='word_1_753' title='bbox 2051 3721 2148 3792; x_wconf 82' lang='grc' dir='ltr'>μὲν</span> <span class='ocrx_word' id='word_1_754' title='bbox 2171 3720 2347 3790; x_wconf 73' lang='grc' dir='ltr'>φωτὸς</span> <span class='ocrx_word' id='word_1_755' title='bbox 2371 3719 2495 3784; x_wconf 81' lang='grc' dir='ltr'>ἄξια</span> <span class='ocrx_word' id='word_1_756' title='bbox 2522 3718 2825 3790; x_wconf 85' lang='grc' dir='ltr'>πράξαντες</span> <span class='ocrx_word' id='word_1_757' title='bbox 2846 3720 2945 3790; x_wconf 82' lang='grc' dir='ltr'>τῆς</span> <span class='ocrx_word' id='word_1_758' title='bbox 2973 3719 3295 3789; x_wconf 83' lang='grc' dir='ltr'>φωτιστικῆς</span> <span class='ocrx_word' id='word_1_759' title='bbox 3314 3720 3628 3790; x_wconf 78' lang='grc' dir='ltr'>ἐνεργείας,</span> 
     </span>
    </p>
   </div>
   <div class='ocr_carea' id='block_1_90' title="bbox 2046 3807 3631 3881">
    <p class='ocr_par' dir='ltr' id='par_1_90' title="bbox 2046 3807 3631 3881">
     <span class='ocr_line' id='line_1_90' title="bbox 2046 3807 3631 3881; baseline -0.001 -18"><span class='ocrx_word' id='word_1_760' title='bbox 2046 3812 2094 3863; x_wconf 89' lang='grc' dir='ltr'>οί</span> <span class='ocrx_word' id='word_1_761' title='bbox 2115 3810 2171 3864; x_wconf 87' lang='grc' dir='ltr'>δὲ</span> <span class='ocrx_word' id='word_1_762' title='bbox 2191 3811 2259 3864; x_wconf 79' lang='grc' dir='ltr'>τὰ</span> <span class='ocrx_word' id='word_1_763' title='bbox 2284 3810 2454 3881; x_wconf 82' lang='grc' dir='ltr'>πυρὸς</span> <span class='ocrx_word' id='word_1_764' title='bbox 2483 3811 2609 3875; x_wconf 79' lang='grc' dir='ltr'>ἄξια</span> <span class='ocrx_word' id='word_1_765' title='bbox 2631 3810 2730 3880; x_wconf 81' lang='grc' dir='ltr'>τῆς</span> <span class='ocrx_word' id='word_1_766' title='bbox 2755 3810 3054 3881; x_wconf 85' lang='grc' dir='ltr'>καυστικῆς</span> <span class='ocrx_word' id='word_1_767' title='bbox 3073 3809 3168 3862; x_wconf 78' lang='grc' dir='ltr'>καὶ</span> <span class='ocrx_word' id='word_1_768' title='bbox 3193 3807 3434 3881; x_wconf 84' lang='grc' dir='ltr'>τιμωροῦ</span> <span class='ocrx_word' id='word_1_769' title='bbox 3461 3810 3631 3863; x_wconf 77' lang='grc' dir='ltr'>δυνά-</span> 
     </span>
    </p>
   </div>
   <div class='ocr_carea' id='block_1_91' title="bbox 2049 3899 3626 3974">
    <p class='ocr_par' dir='ltr' id='par_1_91' title="bbox 2049 3899 3626 3974">
     <span class='ocr_line' id='line_1_91' title="bbox 2049 3899 3626 3974; baseline -0.001 -20"><span class='ocrx_word' id='word_1_770' title='bbox 2049 3917 2210 3971; x_wconf 83' lang='grc' dir='ltr'>μεως.</span> <span class='ocrx_word' id='word_1_771' title='bbox 2278 3902 2397 3955; x_wconf 88' lang='grc' dir='ltr'>Τῶν</span> <span class='ocrx_word' id='word_1_772' title='bbox 2429 3901 2475 3955; x_wconf 83' lang='grc' dir='ltr'>δ’</span> <span class='ocrx_word' id='word_1_773' title='bbox 2509 3901 2778 3974; x_wconf 79' lang='grc' dir='ltr'>οὐρανίων</span> <span class='ocrx_word' id='word_1_774' title='bbox 2805 3900 3018 3963; x_wconf 82' lang='grc' dir='ltr'>εἰκόνας</span> <span class='ocrx_word' id='word_1_775' title='bbox 3049 3901 3142 3954; x_wconf 79' lang='grc' dir='ltr'>καὶ</span> <span class='ocrx_word' id='word_1_776' title='bbox 3173 3899 3415 3970; x_wconf 89' lang='grc' dir='ltr'>σύμϐολα</span> <span class='ocrx_word' id='word_1_777' title='bbox 3443 3917 3626 3954; x_wconf 75' lang='grc' dir='ltr'>κοιτα-</span> 
     </span>
    </p>
   </div>
   <div class='ocr_carea' id='block_1_92' title="bbox 2048 3991 3626 4064">
    <p class='ocr_par' dir='ltr' id='par_1_92' title="bbox 2048 3991 3626 4064">
     <span class='ocr_line' id='line_1_92' title="bbox 2048 3991 3626 4064; baseline -0.001 -17"><span class='ocrx_word' id='word_1_778' title='bbox 2048 3993 2306 4047; x_wconf 85' lang='grc' dir='ltr'>σκευάσαι</span> <span class='ocrx_word' id='word_1_779' title='bbox 2323 3994 2560 4064; x_wconf 83' lang='grc' dir='ltr'>Μωῦσῆς</span> <span class='ocrx_word' id='word_1_780' title='bbox 2576 3992 2905 4058; x_wconf 75' lang='grc' dir='ltr'>κελευσθεὶς,</span> <span class='ocrx_word' id='word_1_781' title='bbox 2919 3992 2985 4046; x_wconf 82' lang='grc' dir='ltr'>τὰ</span> <span class='ocrx_word' id='word_1_782' title='bbox 3006 3991 3267 4064; x_wconf 73' lang='grc' dir='ltr'>χερουϐὶμ</span> <span class='ocrx_word' id='word_1_783' title='bbox 3280 3991 3390 4044; x_wconf 78' lang='grc' dir='ltr'>ἀπὸ</span> <span class='ocrx_word' id='word_1_784' title='bbox 3411 3992 3626 4062; x_wconf 75' lang='grc' dir='ltr'>χρυσοῦ</span> 
     </span>
    </p>
   </div>
   <div class='ocr_carea' id='block_1_93' title="bbox 2045 4079 3626 4152">
    <p class='ocr_par' dir='ltr' id='par_1_93' title="bbox 2045 4079 3626 4152">
     <span class='ocr_line' id='line_1_93' title="bbox 2045 4079 3626 4152; baseline -0.001 -17"><span class='ocrx_word' id='word_1_785' title='bbox 2045 4081 2443 4136; x_wconf 85' lang='grc' dir='ltr'>κατεσκεύασεν</span> <span class='ocrx_word' id='word_1_786' title='bbox 2463 4100 2476 4112; x_wconf 87' lang='grc'><strong>·</strong></span> <span class='ocrx_word' id='word_1_787' title='bbox 2510 4080 2761 4135; x_wconf 82' lang='grc' dir='ltr'>ἐπέκειτό</span> <span class='ocrx_word' id='word_1_788' title='bbox 2784 4098 2844 4133; x_wconf 89' lang='grc' dir='ltr'>τε</span> <span class='ocrx_word' id='word_1_789' title='bbox 2867 4079 3039 4136; x_wconf 87' lang='grc' dir='ltr'>ταῦτα</span> <span class='ocrx_word' id='word_1_790' title='bbox 3071 4085 3134 4152; x_wconf 77' lang='grc' dir='ltr'>τῇ</span> <span class='ocrx_word' id='word_1_791' title='bbox 3167 4079 3383 4151; x_wconf 76' lang='grc' dir='ltr'>κιϐωτῷ</span> <span class='ocrx_word' id='word_1_792' title='bbox 3402 4121 3416 4146; x_wconf 93' lang='grc'>,</span> <span class='ocrx_word' id='word_1_793' title='bbox 3451 4083 3626 4151; x_wconf 75' lang='grc' dir='ltr'>μέσον</span> 
     </span>
    </p>
   </div>
   <div class='ocr_carea' id='block_1_94' title="bbox 2042 4169 3624 4246">
    <p class='ocr_par' dir='ltr' id='par_1_94' title="bbox 2042 4169 3624 4246">
     <span class='ocr_line' id='line_1_94' title="bbox 2042 4169 3624 4246; baseline -0.001 -19"><span class='ocrx_word' id='word_1_794' title='bbox 2042 4174 2232 4244; x_wconf 78' lang='grc' dir='ltr'>ἔχοντα</span> <span class='ocrx_word' id='word_1_795' title='bbox 2258 4173 2320 4227; x_wconf 81' lang='grc' dir='ltr'>τὺ</span> <span class='ocrx_word' id='word_1_796' title='bbox 2349 4174 2655 4246; x_wconf 89' lang='grc' dir='ltr'>ἰλαστήριον</span> <span class='ocrx_word' id='word_1_797' title='bbox 2676 4176 2742 4228; x_wconf 83' lang='grc' dir='ltr'>ἐκ</span> <span class='ocrx_word' id='word_1_798' title='bbox 2762 4173 2963 4246; x_wconf 88' lang='grc' dir='ltr'>χρυσοῦ</span> <span class='ocrx_word' id='word_1_799' title='bbox 2990 4174 3348 4245; x_wconf 84' lang='grc' dir='ltr'>πεποιημένον</span> <span class='ocrx_word' id='word_1_800' title='bbox 3371 4189 3384 4203; x_wconf 91' lang='grc'><strong>·</strong></span> <span class='ocrx_word' id='word_1_801' title='bbox 3423 4174 3527 4226; x_wconf 77' lang='grc' dir='ltr'>καὶ</span> <span class='ocrx_word' id='word_1_802' title='bbox 3559 4169 3624 4244; x_wconf 83' lang='grc' dir='ltr'>ἦν</span> 
     </span>
    </p>
   </div>
   <div class='ocr_carea' id='block_1_95' title="bbox 2041 4264 3622 4339">
    <p class='ocr_par' dir='ltr' id='par_1_95' title="bbox 2041 4264 3622 4339">
     <span class='ocr_line' id='line_1_95' title="bbox 2041 4264 3622 4339; baseline -0.001 -19"><span class='ocrx_word' id='word_1_803' title='bbox 2041 4268 2102 4320; x_wconf 89' lang='grc' dir='ltr'>τὸ</span> <span class='ocrx_word' id='word_1_804' title='bbox 2127 4267 2434 4339; x_wconf 88' lang='grc' dir='ltr'>ἰλαστήριον</span> <span class='ocrx_word' id='word_1_805' title='bbox 2462 4267 2627 4338; x_wconf 84' lang='grc' dir='ltr'>μέσον</span> <span class='ocrx_word' id='word_1_806' title='bbox 2657 4267 2763 4321; x_wconf 85' lang='grc' dir='ltr'>τῶν</span> <span class='ocrx_word' id='word_1_807' title='bbox 2787 4265 3051 4339; x_wconf 78' lang='grc' dir='ltr'>χερουϐἰμ</span> <span class='ocrx_word' id='word_1_808' title='bbox 3079 4266 3286 4338; x_wconf 79' lang='grc' dir='ltr'>ἡνιόχου</span> <span class='ocrx_word' id='word_1_809' title='bbox 3309 4264 3470 4335; x_wconf 76' lang='grc' dir='ltr'>δίκην</span> <span class='ocrx_word' id='word_1_810' title='bbox 3497 4267 3622 4318; x_wconf 79' lang='grc' dir='ltr'>ἐπι-</span> 
     </span>
    </p>
   </div>
   <div class='ocr_carea' id='block_1_96' title="bbox 2042 4359 3622 4430">
    <p class='ocr_par' dir='ltr' id='par_1_96' title="bbox 2042 4359 3622 4430">
     <span class='ocr_line' id='line_1_96' title="bbox 2042 4359 3622 4430; baseline -0.001 -18"><span class='ocrx_word' id='word_1_811' title='bbox 2042 4360 2292 4430; x_wconf 86' lang='grc' dir='ltr'>κείμενον</span> <span class='ocrx_word' id='word_1_812' title='bbox 2324 4359 2504 4422; x_wconf 83' lang='grc' dir='ltr'>αύτοῖς</span> <span class='ocrx_word' id='word_1_813' title='bbox 2522 4377 2536 4390; x_wconf 73' lang='grc'><strong><em>⁸</em></strong></span> <span class='ocrx_word' id='word_1_814' title='bbox 2571 4359 2698 4413; x_wconf 83' lang='grc' dir='ltr'>ὥστ’</span> <span class='ocrx_word' id='word_1_815' title='bbox 2725 4359 2863 4415; x_wconf 75' lang='grc' dir='ltr'>εἶναι</span> <span class='ocrx_word' id='word_1_816' title='bbox 2897 4362 3081 4415; x_wconf 82' lang='grc' dir='ltr'>εἰκόνα</span> <span class='ocrx_word' id='word_1_817' title='bbox 3107 4361 3197 4414; x_wconf 72' lang='grc' dir='ltr'>καὶ</span> <span class='ocrx_word' id='word_1_818' title='bbox 3224 4359 3397 4412; x_wconf 85' lang='grc' dir='ltr'>τύπον</span> <span class='ocrx_word' id='word_1_819' title='bbox 3420 4360 3485 4411; x_wconf 72' lang='grc' dir='ltr'>τὸ</span> <span class='ocrx_word' id='word_1_820' title='bbox 3513 4360 3622 4412; x_wconf 72' lang='grc' dir='ltr'>ἀπὸ</span> 
     </span>
    </p>
   </div>
   <div class='ocr_carea' id='block_1_97' title="bbox 2041 4449 3617 4525">
    <p class='ocr_par' dir='ltr' id='par_1_97' title="bbox 2041 4449 3617 4525">
     <span class='ocr_line' id='line_1_97' title="bbox 2041 4449 3617 4525; baseline 0.003 -24"><span class='ocrx_word' id='word_1_821' title='bbox 2041 4449 2242 4522; x_wconf 87' lang='grc' dir='ltr'>χρυσοῦ</span> <span class='ocrx_word' id='word_1_822' title='bbox 2280 4451 2641 4524; x_wconf 80' lang='grc' dir='ltr'>πεποιημένον</span> <span class='ocrx_word' id='word_1_823' title='bbox 2674 4454 2983 4525; x_wconf 78' lang='grc' dir='ltr'>ἱλαστήριον</span> <span class='ocrx_word' id='word_1_824' title='bbox 3027 4451 3124 4507; x_wconf 88' lang='grc' dir='ltr'>τοῦ</span> <span class='ocrx_word' id='word_1_825' title='bbox 3160 4453 3217 4505; x_wconf 78' lang='grc' dir='ltr'>ἐν</span> <span class='ocrx_word' id='word_1_826' title='bbox 3249 4450 3327 4520; x_wconf 86' lang='grc' dir='ltr'>τῷ</span> <span class='ocrx_word' id='word_1_827' title='bbox 3357 4452 3617 4521; x_wconf 69' lang='grc' dir='ltr'>προφήτῃ</span> 
     </span>
    </p>
   </div>
   <div class='ocr_carea' id='block_1_98' title="bbox 2054 4539 3620 4614">
    <p class='ocr_par' dir='ltr' id='par_1_98' title="bbox 2054 4539 3620 4614">
     <span class='ocr_line' id='line_1_98' title="bbox 2054 4539 3620 4614; baseline -0.002 -22"><span class='ocrx_word' id='word_1_828' title='bbox 2054 4539 2301 4611; x_wconf 76' lang='grc' dir='ltr'>Ἐζεκιὴλ</span> <span class='ocrx_word' id='word_1_829' title='bbox 2328 4542 2466 4611; x_wconf 82' lang='grc' dir='ltr'>ὑπὲρ</span> <span class='ocrx_word' id='word_1_830' title='bbox 2491 4540 2558 4594; x_wconf 78' lang='grc' dir='ltr'>τὰ</span> <span class='ocrx_word' id='word_1_831' title='bbox 2593 4543 2860 4614; x_wconf 79' lang='grc' dir='ltr'>χερουϐὶμ</span> <span class='ocrx_word' id='word_1_832' title='bbox 2890 4542 3172 4612; x_wconf 84' lang='grc' dir='ltr'>ὀφθέντος·</span> <span class='ocrx_word' id='word_1_833' title='bbox 3203 4539 3262 4593; x_wconf 86' lang='grc' dir='ltr'>ὃν</span> <span class='ocrx_word' id='word_1_834' title='bbox 3296 4539 3620 4594; x_wconf 74' lang='grc' dir='ltr'>ἀποδείκνυ-</span> 
     </span>
    </p>
   </div>
   <div class='ocr_carea' id='block_1_99' title="bbox 2043 4627 3614 4703">
    <p class='ocr_par' dir='ltr' id='par_1_99' title="bbox 2043 4627 3614 4703">
     <span class='ocr_line' id='line_1_99' title="bbox 2043 4627 3614 4703; baseline 0.001 -21"><span class='ocrx_word' id='word_1_835' title='bbox 2043 4649 2141 4702; x_wconf 88' lang='grc' dir='ltr'>μεν</span> <span class='ocrx_word' id='word_1_836' title='bbox 2168 4627 2304 4684; x_wconf 79' lang='grc' dir='ltr'>εἶναι</span> <span class='ocrx_word' id='word_1_837' title='bbox 2331 4632 2422 4685; x_wconf 87' lang='grc' dir='ltr'>τὸν</span> <span class='ocrx_word' id='word_1_838' title='bbox 2448 4633 2618 4703; x_wconf 88' lang='grc' dir='ltr'>Λόγον</span> <span class='ocrx_word' id='word_1_839' title='bbox 2648 4634 2740 4688; x_wconf 90' lang='grc' dir='ltr'>τοῦ</span> <span class='ocrx_word' id='word_1_840' title='bbox 2769 4634 2924 4688; x_wconf 90' lang='grc' dir='ltr'>Θεοῦ.</span> <span class='ocrx_word' id='word_1_841' title='bbox 2944 4633 3104 4688; x_wconf 88' lang='grc' dir='ltr'>Ὅθεν</span> <span class='ocrx_word' id='word_1_842' title='bbox 3127 4635 3156 4686; x_wconf 89' lang='grc' dir='ltr'>ὀ</span> <span class='ocrx_word' id='word_1_843' title='bbox 3175 4632 3316 4696; x_wconf 85' lang='grc' dir='ltr'>θεῖος</span> <span class='ocrx_word' id='word_1_844' title='bbox 3352 4634 3614 4685; x_wconf 75' lang='grc' dir='ltr'>Ἀπόστο-</span> 
     </span>
    </p>
   </div>
   <div class='ocr_carea' id='block_1_100' title="bbox 2038 4721 3614 4794">
    <p class='ocr_par' dir='ltr' id='par_1_100' title="bbox 2038 4721 3614 4794">
     <span class='ocr_line' id='line_1_100' title="bbox 2038 4721 3614 4794; baseline 0.001 -21"><span class='ocrx_word' id='word_1_845' title='bbox 2038 4721 2127 4784; x_wconf 88' lang='grc' dir='ltr'>λος</span> <span class='ocrx_word' id='word_1_846' title='bbox 2163 4721 2466 4794; x_wconf 85' lang='grc' dir='ltr'>ἱλαστήριον</span> <span class='ocrx_word' id='word_1_847' title='bbox 2494 4725 2653 4778; x_wconf 83' lang='grc' dir='ltr'>αὐτὸν</span> <span class='ocrx_word' id='word_1_848' title='bbox 2683 4725 2842 4780; x_wconf 88' lang='grc' dir='ltr'>καλεῖ</span> <span class='ocrx_word' id='word_1_849' title='bbox 2866 4724 3036 4793; x_wconf 86' lang='grc' dir='ltr'>λέγων</span> <span class='ocrx_word' id='word_1_850' title='bbox 3054 4740 3068 4754; x_wconf 86' lang='grc'><strong>·</strong></span> <span class='ocrx_word' id='word_1_851' title='bbox 3115 4725 3224 4776; x_wconf 88' lang='grc' dir='ltr'>Ὃν</span> <span class='ocrx_word' id='word_1_852' title='bbox 3268 4723 3554 4790; x_wconf 80' lang='grc' dir='ltr'>προέθετο</span> <span class='ocrx_word' id='word_1_853' title='bbox 3581 4724 3614 4774; x_wconf 85' lang='grc' dir='ltr'>ό</span> 
     </span>
    </p>
   </div>
   <div class='ocr_carea' id='block_1_101' title="bbox 2042 4813 3609 4888">
    <p class='ocr_par' dir='ltr' id='par_1_101' title="bbox 2042 4813 3609 4888">
     <span class='ocr_line' id='line_1_101' title="bbox 2042 4813 3609 4888; baseline -0.001 -20"><span class='ocrx_word' id='word_1_854' title='bbox 2042 4815 2186 4880; x_wconf 88' lang='grc' dir='ltr'>Θεὸς</span> <span class='ocrx_word' id='word_1_855' title='bbox 2213 4817 2564 4884; x_wconf 79' lang='grc' dir='ltr'>ἱλαστήριον</span> <span class='ocrx_word' id='word_1_856' title='bbox 2586 4816 2684 4871; x_wconf 84' lang='grc' dir='ltr'>διὰ</span> <span class='ocrx_word' id='word_1_857' title='bbox 2705 4817 2963 4883; x_wconf 82' lang='grc' dir='ltr'>πίστεως</span> <span class='ocrx_word' id='word_1_858' title='bbox 2982 4816 3050 4868; x_wconf 78' lang='grc' dir='ltr'>ἐν</span> <span class='ocrx_word' id='word_1_859' title='bbox 3073 4813 3152 4880; x_wconf 84' lang='grc' dir='ltr'>τῷ</span> <span class='ocrx_word' id='word_1_860' title='bbox 3175 4814 3363 4868; x_wconf 84' lang='grc' dir='ltr'>αὐτοῦ</span> <span class='ocrx_word' id='word_1_861' title='bbox 3389 4816 3609 4888; x_wconf 79' lang='grc' dir='ltr'>αἵματι.</span> 
     </span>
    </p>
   </div>
   <div class='ocr_carea' id='block_1_102' title="bbox 2039 4904 3611 4980">
    <p class='ocr_par' dir='ltr' id='par_1_102' title="bbox 2039 4904 3611 4980">
     <span class='ocr_line' id='line_1_102' title="bbox 2039 4904 3611 4980; baseline 0 -23"><span class='ocrx_word' id='word_1_862' title='bbox 2039 4904 2220 4959; x_wconf 84' lang='grc' dir='ltr'>Ταῦτα</span> <span class='ocrx_word' id='word_1_863' title='bbox 2258 4906 2314 4960; x_wconf 83' lang='grc' dir='ltr'>δὲ</span> <span class='ocrx_word' id='word_1_864' title='bbox 2345 4907 2586 4972; x_wconf 80' lang='grc' dir='ltr'>τυπικῶς</span> <span class='ocrx_word' id='word_1_865' title='bbox 2610 4907 2759 4980; x_wconf 88' lang='grc' dir='ltr'>παρὰ</span> <span class='ocrx_word' id='word_1_866' title='bbox 2783 4909 3007 4962; x_wconf 84' lang='grc' dir='ltr'>Μωῡσεῖ</span> <span class='ocrx_word' id='word_1_867' title='bbox 3023 4906 3109 4960; x_wconf 76' lang='grc' dir='ltr'>διὰ</span> <span class='ocrx_word' id='word_1_868' title='bbox 3139 4906 3343 4978; x_wconf 85' lang='grc' dir='ltr'>χρυσοῦ</span> <span class='ocrx_word' id='word_1_869' title='bbox 3379 4924 3611 4975; x_wconf 75' lang='grc' dir='ltr'>πεποιη-</span> 
     </span>
    </p>
   </div>
   <div class='ocr_carea' id='block_1_103' title="bbox 2041 4994 3607 5070">
    <p class='ocr_par' dir='ltr' id='par_1_103' title="bbox 2041 4994 3607 5070">
     <span class='ocr_line' id='line_1_103' title="bbox 2041 4994 3607 5070; baseline 0.003 -24"><span class='ocrx_word' id='word_1_870' title='bbox 2041 4994 2197 5064; x_wconf 79' lang='grc' dir='ltr'>μένα,</span> <span class='ocrx_word' id='word_1_871' title='bbox 2225 4994 2366 5066; x_wconf 90' lang='grc' dir='ltr'>λέγω</span> <span class='ocrx_word' id='word_1_872' title='bbox 2393 4997 2450 5050; x_wconf 82' lang='grc' dir='ltr'>δὲ</span> <span class='ocrx_word' id='word_1_873' title='bbox 2474 4997 2544 5050; x_wconf 79' lang='grc' dir='ltr'>τὰ</span> <span class='ocrx_word' id='word_1_874' title='bbox 2573 4997 2836 5070; x_wconf 76' lang='grc' dir='ltr'>χερουϐὶμ</span> <span class='ocrx_word' id='word_1_875' title='bbox 2861 4998 2954 5051; x_wconf 81' lang='grc' dir='ltr'>καὶ</span> <span class='ocrx_word' id='word_1_876' title='bbox 2981 4996 3042 5050; x_wconf 81' lang='grc' dir='ltr'>τὸ</span> <span class='ocrx_word' id='word_1_877' title='bbox 3071 4997 3400 5069; x_wconf 82' lang='grc' dir='ltr'>ἱλαστήριον,</span> <span class='ocrx_word' id='word_1_878' title='bbox 3434 5013 3607 5068; x_wconf 69' lang='grc' dir='ltr'>προή-</span> 
     </span>
    </p>
   </div>
   <div class='ocr_carea' id='block_1_104' title="bbox 2036 5088 3609 5162">
    <p class='ocr_par' dir='ltr' id='par_1_104' title="bbox 2036 5088 3609 5162">
     <span class='ocr_line' id='line_1_104' title="bbox 2036 5088 3609 5162; baseline 0.001 -22"><span class='ocrx_word' id='word_1_879' title='bbox 2036 5091 2183 5155; x_wconf 85' lang='grc' dir='ltr'>γεῖτο</span> <span class='ocrx_word' id='word_1_880' title='bbox 2209 5089 2300 5142; x_wconf 90' lang='grc' dir='ltr'>τοῦ</span> <span class='ocrx_word' id='word_1_881' title='bbox 2326 5091 2383 5142; x_wconf 91' lang='grc' dir='ltr'>ἐν</span> <span class='ocrx_word' id='word_1_882' title='bbox 2414 5093 2480 5161; x_wconf 82' lang='grc' dir='ltr'>τῇ</span> <span class='ocrx_word' id='word_1_883' title='bbox 2513 5092 2704 5162; x_wconf 82' lang='grc' dir='ltr'>ἐρήμῳ</span> <span class='ocrx_word' id='word_1_884' title='bbox 2730 5090 2862 5145; x_wconf 89' lang='grc' dir='ltr'>λαοῦ</span> <span class='ocrx_word' id='word_1_885' title='bbox 2889 5089 3029 5144; x_wconf 85' lang='grc' dir='ltr'>κατὰ</span> <span class='ocrx_word' id='word_1_886' title='bbox 3054 5091 3342 5162; x_wconf 85' lang='grc' dir='ltr'>πρόσωπον</span> <span class='ocrx_word' id='word_1_887' title='bbox 3375 5088 3609 5160; x_wconf 78' lang='grc' dir='ltr'>Ἐφραῖμ</span> 
     </span>
    </p>
   </div>
   <div class='ocr_carea' id='block_1_105' title="bbox 2036 5181 3606 5255">
    <p class='ocr_par' dir='ltr' id='par_1_105' title="bbox 2036 5181 3606 5255">
     <span class='ocr_line' id='line_1_105' title="bbox 2036 5181 3606 5255; baseline 0 -22"><span class='ocrx_word' id='word_1_888' title='bbox 2036 5181 2129 5234; x_wconf 79' lang='grc' dir='ltr'>καὶ</span> <span class='ocrx_word' id='word_1_889' title='bbox 2160 5181 2416 5252; x_wconf 72' lang='grc' dir='ltr'>Βενιαμὶν</span> <span class='ocrx_word' id='word_1_890' title='bbox 2449 5184 2542 5236; x_wconf 72' lang='grc' dir='ltr'>καὶ</span> <span class='ocrx_word' id='word_1_891' title='bbox 2570 5183 2854 5255; x_wconf 86' lang='grc' dir='ltr'>Μανασσῆ.</span> <span class='ocrx_word' id='word_1_892' title='bbox 2923 5184 3010 5237; x_wconf 89' lang='grc' dir='ltr'>Ἐν</span> <span class='ocrx_word' id='word_1_893' title='bbox 3039 5183 3146 5253; x_wconf 89' lang='grc' dir='ltr'>γὰρ</span> <span class='ocrx_word' id='word_1_894' title='bbox 3174 5185 3237 5254; x_wconf 80' lang='grc' dir='ltr'>τῇ</span> <span class='ocrx_word' id='word_1_895' title='bbox 3274 5183 3462 5253; x_wconf 71' lang='grc' dir='ltr'>πορείᾳ</span> <span class='ocrx_word' id='word_1_896' title='bbox 3490 5181 3606 5233; x_wconf 74' lang='grc' dir='ltr'>τῶν</span> 
     </span>
    </p>
   </div>
   <div class='ocr_carea' id='block_1_106' title="bbox 2037 5271 3604 5347">
    <p class='ocr_par' dir='ltr' id='par_1_106' title="bbox 2037 5271 3604 5347">
     <span class='ocr_line' id='line_1_106' title="bbox 2037 5271 3604 5347; baseline 0.001 -24"><span class='ocrx_word' id='word_1_897' title='bbox 2037 5271 2114 5324; x_wconf 86' lang='grc' dir='ltr'>ιϐ’</span> <span class='ocrx_word' id='word_1_898' title='bbox 2139 5272 2319 5341; x_wconf 87' lang='grc' dir='ltr'>φυλῶν</span> <span class='ocrx_word' id='word_1_899' title='bbox 2349 5273 2653 5346; x_wconf 81' lang='grc' dir='ltr'>ἔμπροσθεν</span> <span class='ocrx_word' id='word_1_900' title='bbox 2687 5275 2787 5346; x_wconf 81' lang='grc' dir='ltr'>μὲν</span> <span class='ocrx_word' id='word_1_901' title='bbox 2811 5276 2912 5347; x_wconf 84' lang='grc' dir='ltr'>τῆς</span> <span class='ocrx_word' id='word_1_902' title='bbox 2957 5276 3190 5329; x_wconf 88' lang='grc' dir='ltr'>κιϐωτοῦ</span> <span class='ocrx_word' id='word_1_903' title='bbox 3233 5274 3604 5346; x_wconf 75' lang='grc' dir='ltr'>παρενέϐαλον</span> 
     </span>
    </p>
   </div>
   <div class='ocr_carea' id='block_1_107' title="bbox 2035 5364 3598 5439">
    <p class='ocr_par' dir='ltr' id='par_1_107' title="bbox 2035 5364 3598 5439">
     <span class='ocr_line' id='line_1_107' title="bbox 2035 5364 3598 5439; baseline 0 -22"><span class='ocrx_word' id='word_1_904' title='bbox 2035 5364 2197 5435; x_wconf 80' lang='grc' dir='ltr'>φυλαὶ</span> <span class='ocrx_word' id='word_1_905' title='bbox 2223 5369 2390 5434; x_wconf 88' lang='grc' dir='ltr'>τρεῖς,</span> <span class='ocrx_word' id='word_1_906' title='bbox 2440 5367 2628 5432; x_wconf 87' lang='grc' dir='ltr'>Ἰούδα,</span> <span class='ocrx_word' id='word_1_907' title='bbox 2657 5369 2752 5422; x_wconf 81' lang='grc' dir='ltr'>καὶ</span> <span class='ocrx_word' id='word_1_908' title='bbox 2790 5368 3032 5439; x_wconf 82' lang='grc' dir='ltr'>Ἰσάχαρ,</span> <span class='ocrx_word' id='word_1_909' title='bbox 3059 5368 3152 5421; x_wconf 78' lang='grc' dir='ltr'>καὶ</span> <span class='ocrx_word' id='word_1_910' title='bbox 3177 5365 3450 5420; x_wconf 76' lang='grc' dir='ltr'>Ζαϐουλὼν</span> <span class='ocrx_word' id='word_1_911' title='bbox 3470 5382 3483 5394; x_wconf 84' lang='grc'><em>’</em></span> <span class='ocrx_word' id='word_1_912' title='bbox 3514 5366 3598 5418; x_wconf 75' lang='grc' dir='ltr'>εἷ-</span> 
     </span>
    </p>
   </div>
   <div class='ocr_carea' id='block_1_108' title="bbox 2033 5455 3598 5530">
    <p class='ocr_par' dir='ltr' id='par_1_108' title="bbox 2033 5455 3598 5530">
     <span class='ocr_line' id='line_1_108' title="bbox 2033 5455 3598 5530; baseline 0.001 -20"><span class='ocrx_word' id='word_1_913' title='bbox 2033 5474 2196 5510; x_wconf 90' lang='grc' dir='ltr'>ποντο</span> <span class='ocrx_word' id='word_1_914' title='bbox 2215 5456 2273 5511; x_wconf 81' lang='grc' dir='ltr'>δὲ</span> <span class='ocrx_word' id='word_1_915' title='bbox 2292 5461 2356 5529; x_wconf 86' lang='grc' dir='ltr'>τῇ</span> <span class='ocrx_word' id='word_1_916' title='bbox 2382 5458 2599 5530; x_wconf 81' lang='grc' dir='ltr'>κιϐωτῷ</span> <span class='ocrx_word' id='word_1_917' title='bbox 2619 5458 2819 5530; x_wconf 86' lang='grc' dir='ltr'>ὁμοίως</span> <span class='ocrx_word' id='word_1_918' title='bbox 2842 5459 3003 5529; x_wconf 78' lang='grc' dir='ltr'>φυλαὶ</span> <span class='ocrx_word' id='word_1_919' title='bbox 3022 5461 3192 5530; x_wconf 87' lang='grc' dir='ltr'>τρεῖς,</span> <span class='ocrx_word' id='word_1_920' title='bbox 3227 5457 3470 5527; x_wconf 77' lang='grc' dir='ltr'>Ἐφραῖμ,</span> <span class='ocrx_word' id='word_1_921' title='bbox 3497 5455 3598 5508; x_wconf 75' lang='grc' dir='ltr'>καὶ</span> 
     </span>
    </p>
   </div>
   <div class='ocr_carea' id='block_1_109' title="bbox 2031 5549 3592 5624">
    <p class='ocr_par' dir='ltr' id='par_1_109' title="bbox 2031 5549 3592 5624">
     <span class='ocr_line' id='line_1_109' title="bbox 2031 5549 3592 5624; baseline 0.001 -23"><span class='ocrx_word' id='word_1_922' title='bbox 2031 5549 2318 5621; x_wconf 71' lang='grc' dir='ltr'>Βενιαμὶν,</span> <span class='ocrx_word' id='word_1_923' title='bbox 2365 5551 2458 5606; x_wconf 80' lang='grc' dir='ltr'>καὶ</span> <span class='ocrx_word' id='word_1_924' title='bbox 2502 5553 2768 5624; x_wconf 85' lang='grc' dir='ltr'>Μανασσῆ</span> <span class='ocrx_word' id='word_1_925' title='bbox 2789 5593 2804 5619; x_wconf 88' lang='grc'>,</span> <span class='ocrx_word' id='word_1_926' title='bbox 2840 5553 2980 5607; x_wconf 84' lang='grc' dir='ltr'>κατὰ</span> <span class='ocrx_word' id='word_1_927' title='bbox 3012 5554 3180 5607; x_wconf 87' lang='grc' dir='ltr'>νώτου</span> <span class='ocrx_word' id='word_1_928' title='bbox 3213 5550 3592 5607; x_wconf 72' lang='grc' dir='ltr'>ἀκολουθοῦσαι</span> 
     </span>
    </p>
   </div>
   <div class='ocr_carea' id='block_1_110' title="bbox 367 5635 1949 5714">
    <p class='ocr_par' dir='ltr' id='par_1_110' title="bbox 367 5635 1926 5707">
     <span class='ocr_line' id='line_1_110' title="bbox 367 5635 1926 5707; baseline 0.001 -16"><span class='ocrx_word' id='word_1_929' title='bbox 367 5635 584 5700; x_wconf 79' lang='lat' dir='ltr'><strong><em>bantur,</em></strong></span> <span class='ocrx_word' id='word_1_930' title='bbox 627 5654 816 5706; x_wconf 89' lang='lat' dir='ltr'><strong><em>nempe</em></strong></span> <span class='ocrx_word' id='word_1_931' title='bbox 846 5639 1121 5707; x_wconf 84' lang='lat' dir='ltr'><strong><em>Ephraim,</em></strong></span> <span class='ocrx_word' id='word_1_932' title='bbox 1162 5637 1442 5706; x_wconf 87' lang='lat' dir='ltr'><strong><em>Bcnjamin</em></strong></span> <span class='ocrx_word' id='word_1_933' title='bbox 1481 5643 1535 5692; x_wconf 90' lang='lat' dir='ltr'><strong><em>ct</em></strong></span> <span class='ocrx_word' id='word_1_934' title='bbox 1583 5636 1852 5702; x_wconf 83' lang='lat' dir='ltr'><strong><em>Manasse,</em></strong></span> <span class='ocrx_word' id='word_1_935' title='bbox 1896 5654 1926 5692; x_wconf 73' lang='grc' dir='ltr'>ιι</span> 
     </span>
    </p>
   </div>
   <div class='ocr_carea' id='block_1_111' title="bbox 2055 5635 3590 5714">
    <p class='ocr_par' dir='ltr' id='par_1_111' title="bbox 2055 5643 3590 5714">
     <span class='ocr_line' id='line_1_111' title="bbox 2055 5643 3590 5714; baseline -0.001 -20"><span class='ocrx_word' id='word_1_936' title='bbox 2055 5643 2136 5705; x_wconf 83' lang='grc' dir='ltr'>ὀῖς</span> <span class='ocrx_word' id='word_1_937' title='bbox 2163 5643 2442 5714; x_wconf 86' lang='grc' dir='ltr'>χερουϐίμ.</span> <span class='ocrx_word' id='word_1_938' title='bbox 2459 5644 2547 5697; x_wconf 83' lang='grc' dir='ltr'>Διὸ</span> <span class='ocrx_word' id='word_1_939' title='bbox 2569 5643 2811 5698; x_wconf 83' lang='grc' dir='ltr'>λέλεκται</span> <span class='ocrx_word' id='word_1_940' title='bbox 2835 5643 3065 5698; x_wconf 86' lang='grc' dir='ltr'>ἐνταῦθα</span> <span class='ocrx_word' id='word_1_941' title='bbox 3080 5662 3092 5676; x_wconf 91' lang='grc'><strong>·</strong></span> <span class='ocrx_word' id='word_1_942' title='bbox 3113 5643 3423 5714; x_wconf 68' lang='grc' dir='ltr'>Ἐμφιίνηθι</span> <span class='ocrx_word' id='word_1_943' title='bbox 3445 5645 3590 5694; x_wconf 77' lang='grc' dir='ltr'>καθ-</span> 
     </span>
    </p>
   </div>
   <div class='ocr_carea' id='block_1_112' title="bbox 444 5747 2020 5826">
    <p class='ocr_par' dir='ltr' id='par_1_112' title="bbox 444 5747 2020 5826">
     <span class='ocr_line' id='line_1_112' title="bbox 444 5747 2020 5826; baseline 0.005 -24"><span class='ocrx_word' id='word_1_944' title='bbox 444 5747 486 5779; x_wconf 76' lang='grc'>⁶³</span> <span class='ocrx_word' id='word_1_945' title='bbox 521 5749 716 5806; x_wconf 86' lang='lat' dir='ltr'><strong><em>Ezech.</em></strong></span> <span class='ocrx_word' id='word_1_946' title='bbox 750 5769 800 5817; x_wconf 70' lang='grc' dir='ltr'>κ,</span> <span class='ocrx_word' id='word_1_947' title='bbox 830 5752 895 5805; x_wconf 84' lang='lat' dir='ltr'>l8</span> <span class='ocrx_word' id='word_1_948' title='bbox 993 5753 1036 5785; x_wconf 68' lang='grc'>⁸⁸</span> <span class='ocrx_word' id='word_1_949' title='bbox 1075 5753 1267 5809; x_wconf 82' lang='lat' dir='ltr'><strong><em>Ezech.</em></strong></span> <span class='ocrx_word' id='word_1_950' title='bbox 1304 5770 1349 5818; x_wconf 87' lang='grc' dir='ltr'>ι,</span> <span class='ocrx_word' id='word_1_951' title='bbox 1383 5754 1470 5810; x_wconf 80' lang='grc'>26.</span> <span class='ocrx_word' id='word_1_952' title='bbox 1551 5757 1593 5788; x_wconf 75' lang='grc'>⁸⁵</span> <span class='ocrx_word' id='word_1_953' title='bbox 1621 5754 1776 5811; x_wconf 81' lang='lat' dir='ltr'><strong><em>Rom.</em></strong></span> <span class='ocrx_word' id='word_1_954' title='bbox 1816 5772 1896 5826; x_wconf 90' lang='grc' dir='ltr'>ιιι,</span> <span class='ocrx_word' id='word_1_955' title='bbox 1933 5757 2020 5816; x_wconf 72' lang='grc'>25.</span> 
     </span>
    </p>
   </div>
  </div>
