  <div class='ocr_page' id='page_1' title='image "/cluster/home/n/w/nwhite01/storage/ocr_20150623/23/mdp.39015078384396/486.png"; bbox 0 0 3798 6282; ppageno 0'>
   <div class='ocr_carea' id='block_1_1' title="bbox 67 353 156 411">
    <p class='ocr_par' dir='ltr' id='par_1_1' title="bbox 67 353 156 411">
     <span class='ocr_line' id='line_1_1' title="bbox 67 353 156 411; baseline -0.067 1"><span class='ocrx_word' id='word_1_1' title='bbox 67 353 156 411; x_wconf 80' lang='lat'><strong>957</strong></span> 
     </span>
    </p>
   </div>
   <div class='ocr_carea' id='block_1_2' title="bbox 1195 345 2181 404">
    <p class='ocr_par' dir='ltr' id='par_1_2' title="bbox 1195 345 2181 404">
     <span class='ocr_line' id='line_1_2' title="bbox 1195 345 2181 404; baseline -0.002 0"><span class='ocrx_word' id='word_1_2' title='bbox 1195 347 1698 404; x_wconf 72' lang='lat' dir='ltr'><strong>COMMENTABIA</strong></span> <span class='ocrx_word' id='word_1_3' title='bbox 1735 346 1804 402; x_wconf 80' lang='lat' dir='ltr'><strong>1N</strong></span> <span class='ocrx_word' id='word_1_4' title='bbox 1843 345 2181 402; x_wconf 79' lang='lat' dir='ltr'><strong>PSALMOS.</strong></span> 
     </span>
    </p>
   </div>
   <div class='ocr_carea' id='block_1_3' title="bbox 3185 355 3293 414">
    <p class='ocr_par' dir='ltr' id='par_1_3' title="bbox 3185 355 3293 414">
     <span class='ocr_line' id='line_1_3' title="bbox 3185 355 3293 414; baseline 0.019 -2"><span class='ocrx_word' id='word_1_5' title='bbox 3185 355 3293 414; x_wconf 81' lang='lat'><strong>958</strong></span> 
     </span>
    </p>
   </div>
   <div class='ocr_carea' id='block_1_4' title="bbox 67 460 1600 544">
    <p class='ocr_par' dir='ltr' id='par_1_4' title="bbox 67 460 1600 544">
     <span class='ocr_line' id='line_1_4' title="bbox 67 460 1600 544; baseline -0.025 3"><span class='ocrx_word' id='word_1_6' title='bbox 67 462 379 544; x_wconf 59' lang='grc' dir='ltr'><strong>⁷ἳμεν⁰ς,έπλ</strong></span> <span class='ocrx_word' id='word_1_7' title='bbox 410 460 528 515; x_wconf 73' lang='grc' dir='ltr'><strong>τῶν</strong></span> <span class='ocrx_word' id='word_1_8' title='bbox 582 461 863 533; x_wconf 69' lang='grc' dir='ltr'><strong>χερουϐὶμ</strong></span> <span class='ocrx_word' id='word_1_9' title='bbox 903 472 1184 519; x_wconf 63' lang='lat' dir='ltr'><strong>arar-rion</strong></span> <span class='ocrx_word' id='word_1_10' title='bbox 1221 465 1484 534; x_wconf 66' lang='lat' dir='ltr'><strong>&#39;Egppatp,</strong></span> <span class='ocrx_word' id='word_1_11' title='bbox 1518 467 1600 519; x_wconf 66' lang='grc' dir='ltr'><strong>καλ</strong></span> 
     </span>
    </p>
   </div>
   <div class='ocr_carea' id='block_1_5' title="bbox 1703 460 3288 544">
    <p class='ocr_par' dir='ltr' id='par_1_5' title="bbox 1722 462 3288 532">
     <span class='ocr_line' id='line_1_5' title="bbox 1722 462 3288 532; baseline 0.004 -16"><span class='ocrx_word' id='word_1_12' title='bbox 1722 471 1877 532; x_wconf 78' lang='lat' dir='ltr'><strong>tergo</strong></span> <span class='ocrx_word' id='word_1_13' title='bbox 1898 463 2183 519; x_wconf 81' lang='lat' dir='ltr'><strong>cherubim</strong></span> <span class='ocrx_word' id='word_1_14' title='bbox 2209 471 2526 532; x_wconf 77' lang='lat' dir='ltr'><strong>sequentes.</strong></span> <span class='ocrx_word' id='word_1_15' title='bbox 2552 462 2915 530; x_wconf 78' lang='lat' dir='ltr'><strong>Quamobrem</strong></span> <span class='ocrx_word' id='word_1_16' title='bbox 2938 467 3027 522; x_wconf 90' lang='lat' dir='ltr'><strong>hic</strong></span> <span class='ocrx_word' id='word_1_17' title='bbox 3047 467 3250 523; x_wconf 87' lang='lat' dir='ltr'><strong>dicitur</strong></span> <span class='ocrx_word' id='word_1_18' title='bbox 3277 489 3288 523; x_wconf 96' lang='lat'>:</span> 
     </span>
    </p>
   </div>
   <div class='ocr_carea' id='block_1_6' title="bbox 70 553 1616 624">
    <p class='ocr_par' dir='ltr' id='par_1_6' title="bbox 70 553 1616 624">
     <span class='ocr_line' id='line_1_6' title="bbox 70 553 1616 624; baseline 0.001 -15"><span class='ocrx_word' id='word_1_19' title='bbox 70 555 342 624; x_wconf 75' lang='grc' dir='ltr'>Βενιαμὶν,</span> <span class='ocrx_word' id='word_1_20' title='bbox 377 553 471 607; x_wconf 77' lang='grc' dir='ltr'>καὶ</span> <span class='ocrx_word' id='word_1_21' title='bbox 497 553 822 624; x_wconf 77' lang='grc' dir='ltr'>Μανασσῆ.</span> <span class='ocrx_word' id='word_1_22' title='bbox 859 555 951 608; x_wconf 89' lang='grc' dir='ltr'><strong>Διὸ</strong></span> <span class='ocrx_word' id='word_1_23' title='bbox 985 555 1128 610; x_wconf 79' lang='grc' dir='ltr'>κατὰ</span> <span class='ocrx_word' id='word_1_24' title='bbox 1153 557 1245 610; x_wconf 81' lang='grc' dir='ltr'>τὸν</span> <span class='ocrx_word' id='word_1_25' title='bbox 1287 558 1515 610; x_wconf 81' lang='grc' dir='ltr'><strong>Ἀκύλαν</strong></span> <span class='ocrx_word' id='word_1_26' title='bbox 1540 560 1616 612; x_wconf 80' lang='grc' dir='ltr'>εῖ-</span> 
     </span>
    </p>
   </div>
   <div class='ocr_carea' id='block_1_7' title="bbox 70 645 1614 725">
    <p class='ocr_par' dir='ltr' id='par_1_7' title="bbox 70 645 1614 725">
     <span class='ocr_line' id='line_1_7' title="bbox 70 645 1614 725; baseline -0.003 -22"><span class='ocrx_word' id='word_1_27' title='bbox 70 663 239 725; x_wconf 69' lang='grc' dir='ltr'>ρηταν</span> <span class='ocrx_word' id='word_1_28' title='bbox 285 645 587 715; x_wconf 79' lang='grc' dir='ltr'>Καθήμενε</span> <span class='ocrx_word' id='word_1_29' title='bbox 630 646 754 712; x_wconf 84' lang='grc' dir='ltr'>τοῖς</span> <span class='ocrx_word' id='word_1_30' title='bbox 789 647 1071 716; x_wconf 79' lang='grc' dir='ltr'>χερουϐὶμ</span> <span class='ocrx_word' id='word_1_31' title='bbox 1095 686 1110 711; x_wconf 91' lang='grc'><strong>,</strong></span> <span class='ocrx_word' id='word_1_32' title='bbox 1157 646 1479 716; x_wconf 70' lang='grc' dir='ltr'><strong>ἐπιφάνηθι</strong></span> <span class='ocrx_word' id='word_1_33' title='bbox 1527 648 1614 714; x_wconf 76' lang='grc' dir='ltr'><strong>είς</strong></span> 
     </span>
    </p>
   </div>
   <div class='ocr_carea' id='block_1_8' title="bbox 67 737 1610 812">
    <p class='ocr_par' dir='ltr' id='par_1_8' title="bbox 67 737 1610 812">
     <span class='ocr_line' id='line_1_8' title="bbox 67 737 1610 812; baseline -0.003 -15"><span class='ocrx_word' id='word_1_34' title='bbox 67 745 360 812; x_wconf 71' lang='grc' dir='ltr'>πρόσωπον</span> <span class='ocrx_word' id='word_1_35' title='bbox 395 739 663 807; x_wconf 72' lang='grc' dir='ltr'>Ἐφραῒμ,</span> <span class='ocrx_word' id='word_1_36' title='bbox 696 737 796 792; x_wconf 76' lang='grc' dir='ltr'>καὶ</span> <span class='ocrx_word' id='word_1_37' title='bbox 826 737 1129 808; x_wconf 80' lang='grc' dir='ltr'>Βενιαμὶν,</span> <span class='ocrx_word' id='word_1_38' title='bbox 1158 738 1256 793; x_wconf 70' lang='grc' dir='ltr'>καὶ</span> <span class='ocrx_word' id='word_1_39' title='bbox 1288 737 1610 809; x_wconf 74' lang='grc' dir='ltr'>Μανασσῆ.</span> 
     </span>
    </p>
   </div>
   <div class='ocr_carea' id='block_1_9' title="bbox 64 829 1609 904">
    <p class='ocr_par' dir='ltr' id='par_1_9' title="bbox 64 829 1609 904">
     <span class='ocr_line' id='line_1_9' title="bbox 64 829 1609 904; baseline -0.003 -16"><span class='ocrx_word' id='word_1_40' title='bbox 64 836 124 888; x_wconf 80' lang='grc' dir='ltr'>Σὺ</span> <span class='ocrx_word' id='word_1_41' title='bbox 147 832 264 904; x_wconf 81' lang='grc' dir='ltr'>γὰρ,</span> <span class='ocrx_word' id='word_1_42' title='bbox 291 830 472 900; x_wconf 77' lang='grc' dir='ltr'>φησὶν,</span> <span class='ocrx_word' id='word_1_43' title='bbox 503 830 531 882; x_wconf 86' lang='grc' dir='ltr'><strong>ό</strong></span> <span class='ocrx_word' id='word_1_44' title='bbox 553 832 633 894; x_wconf 71' lang='grc' dir='ltr'><strong>εἰς</strong></span> <span class='ocrx_word' id='word_1_45' title='bbox 654 830 946 902; x_wconf 86' lang='grc' dir='ltr'>πρόσωπον</span> <span class='ocrx_word' id='word_1_46' title='bbox 971 830 1066 885; x_wconf 80' lang='grc' dir='ltr'>καὶ</span> <span class='ocrx_word' id='word_1_47' title='bbox 1087 829 1318 884; x_wconf 73' lang='grc' dir='ltr'>ἐνώπιον</span> <span class='ocrx_word' id='word_1_48' title='bbox 1351 831 1609 904; x_wconf 80' lang='grc' dir='ltr'>Ἐφραῒμ,</span> 
     </span>
    </p>
   </div>
   <div class='ocr_carea' id='block_1_10' title="bbox 65 922 1610 996">
    <p class='ocr_par' dir='ltr' id='par_1_10' title="bbox 65 922 1610 996">
     <span class='ocr_line' id='line_1_10' title="bbox 65 922 1610 996; baseline -0.001 -17"><span class='ocrx_word' id='word_1_49' title='bbox 65 925 142 980; x_wconf 79' lang='grc' dir='ltr'>καὶ</span> <span class='ocrx_word' id='word_1_50' title='bbox 157 924 418 993; x_wconf 76' lang='grc' dir='ltr'>Βενιαμὶν,</span> <span class='ocrx_word' id='word_1_51' title='bbox 449 922 543 976; x_wconf 80' lang='grc' dir='ltr'>καὶ</span> <span class='ocrx_word' id='word_1_52' title='bbox 566 923 834 993; x_wconf 85' lang='grc' dir='ltr'>Μανασσῆ</span> <span class='ocrx_word' id='word_1_53' title='bbox 864 922 1336 995; x_wconf 81' lang='grc' dir='ltr'>προπορευόμενος</span> <span class='ocrx_word' id='word_1_54' title='bbox 1362 924 1610 996; x_wconf 79' lang='grc' dir='ltr'><strong>ὲμφάνη-</strong></span> 
     </span>
    </p>
   </div>
   <div class='ocr_carea' id='block_1_11' title="bbox 64 1012 1613 1084">
    <p class='ocr_par' dir='ltr' id='par_1_11' title="bbox 64 1012 1613 1084">
     <span class='ocr_line' id='line_1_11' title="bbox 64 1012 1613 1084; baseline 0.001 -16"><span class='ocrx_word' id='word_1_55' title='bbox 64 1015 123 1069; x_wconf 84' lang='grc' dir='ltr'><strong>Θι.</strong></span> <span class='ocrx_word' id='word_1_56' title='bbox 165 1012 524 1068; x_wconf 83' lang='grc' dir='ltr'>Ἀνακαλεῖται</span> <span class='ocrx_word' id='word_1_57' title='bbox 561 1013 617 1066; x_wconf 83' lang='grc' dir='ltr'><strong>δὲ</strong></span> <span class='ocrx_word' id='word_1_58' title='bbox 649 1014 706 1066; x_wconf 79' lang='grc' dir='ltr'><strong>ἐν</strong></span> <span class='ocrx_word' id='word_1_59' title='bbox 737 1013 948 1078; x_wconf 81' lang='grc' dir='ltr'><strong>τούτοις</strong></span> <span class='ocrx_word' id='word_1_60' title='bbox 972 1015 1066 1068; x_wconf 86' lang='grc' dir='ltr'>τὸν</span> <span class='ocrx_word' id='word_1_61' title='bbox 1101 1013 1196 1068; x_wconf 80' lang='grc' dir='ltr'>τοῦ</span> <span class='ocrx_word' id='word_1_62' title='bbox 1225 1014 1360 1068; x_wconf 82' lang='grc' dir='ltr'><strong>Θεοῦ</strong></span> <span class='ocrx_word' id='word_1_63' title='bbox 1389 1015 1560 1084; x_wconf 81' lang='grc' dir='ltr'><strong>Λόγον</strong></span> <span class='ocrx_word' id='word_1_64' title='bbox 1584 1018 1613 1070; x_wconf 84' lang='grc' dir='ltr'><strong>ό</strong></span> 
     </span>
    </p>
   </div>
   <div class='ocr_carea' id='block_1_12' title="bbox 64 1103 1612 1179">
    <p class='ocr_par' dir='ltr' id='par_1_12' title="bbox 64 1103 1612 1179">
     <span class='ocr_line' id='line_1_12' title="bbox 64 1103 1612 1179; baseline -0.016 -7"><span class='ocrx_word' id='word_1_65' title='bbox 64 1106 321 1177; x_wconf 79' lang='grc' dir='ltr'><strong>Προφήτης</strong></span> <span class='ocrx_word' id='word_1_66' title='bbox 346 1103 452 1172; x_wconf 66' lang='grc' dir='ltr'><strong>ἀπὸ</strong></span> <span class='ocrx_word' id='word_1_67' title='bbox 470 1103 580 1158; x_wconf 83' lang='grc' dir='ltr'>τῶν</span> <span class='ocrx_word' id='word_1_68' title='bbox 597 1105 1010 1177; x_wconf 73' lang='grc' dir='ltr'><strong>γνωριζομένων</strong></span> <span class='ocrx_word' id='word_1_69' title='bbox 1031 1107 1107 1178; x_wconf 82' lang='grc' dir='ltr'>τῷ</span> <span class='ocrx_word' id='word_1_70' title='bbox 1130 1105 1242 1177; x_wconf 78' lang='grc' dir='ltr'><strong>λαῷ</strong></span> <span class='ocrx_word' id='word_1_71' title='bbox 1263 1106 1363 1178; x_wconf 82' lang='grc' dir='ltr'><strong>τὴν</strong></span> <span class='ocrx_word' id='word_1_72' title='bbox 1387 1108 1612 1179; x_wconf 76' lang='grc' dir='ltr'><strong>ἐπίκλη..</strong></span> 
     </span>
    </p>
   </div>
   <div class='ocr_carea' id='block_1_13' title="bbox 62 1195 1612 1272">
    <p class='ocr_par' dir='ltr' id='par_1_13' title="bbox 62 1195 1612 1272">
     <span class='ocr_line' id='line_1_13' title="bbox 62 1195 1612 1272; baseline 0.001 -22"><span class='ocrx_word' id='word_1_73' title='bbox 62 1214 133 1250; x_wconf 86' lang='grc' dir='ltr'><strong>σιν</strong></span> <span class='ocrx_word' id='word_1_74' title='bbox 156 1197 497 1268; x_wconf 85' lang='grc' dir='ltr'>ποιούμενος·</span> <span class='ocrx_word' id='word_1_75' title='bbox 528 1195 644 1250; x_wconf 83' lang='grc' dir='ltr'>ἀλλ’</span> <span class='ocrx_word' id='word_1_76' title='bbox 677 1199 779 1250; x_wconf 79' lang='grc' dir='ltr'><strong>οὐκ</strong></span> <span class='ocrx_word' id='word_1_77' title='bbox 821 1197 930 1253; x_wconf 81' lang='grc' dir='ltr'>ἀπὸ</span> <span class='ocrx_word' id='word_1_78' title='bbox 955 1197 1057 1269; x_wconf 83' lang='grc' dir='ltr'>τῆς</span> <span class='ocrx_word' id='word_1_79' title='bbox 1087 1197 1362 1264; x_wconf 79' lang='grc' dir='ltr'>Θεοπτίας,</span> <span class='ocrx_word' id='word_1_80' title='bbox 1396 1200 1503 1268; x_wconf 81' lang='grc' dir='ltr'>τῆς</span> <span class='ocrx_word' id='word_1_81' title='bbox 1535 1200 1612 1272; x_wconf 80' lang='grc' dir='ltr'><strong>τῷ</strong></span> 
     </span>
    </p>
   </div>
   <div class='ocr_carea' id='block_1_14' title="bbox 61 1288 1612 1364">
    <p class='ocr_par' dir='ltr' id='par_1_14' title="bbox 61 1288 1612 1364">
     <span class='ocr_line' id='line_1_14' title="bbox 61 1288 1612 1364; baseline 0.002 -21"><span class='ocrx_word' id='word_1_82' title='bbox 61 1292 292 1361; x_wconf 79' lang='grc' dir='ltr'>ιιροφήτῃ</span> <span class='ocrx_word' id='word_1_83' title='bbox 323 1288 574 1360; x_wconf 78' lang='grc' dir='ltr'>Ἐζεκιὴλ</span> <span class='ocrx_word' id='word_1_84' title='bbox 594 1289 950 1360; x_wconf 82' lang='grc' dir='ltr'>τεθεαμένης.</span> <span class='ocrx_word' id='word_1_85' title='bbox 973 1292 1224 1344; x_wconf 88' lang='grc' dir='ltr'>Δυσωπεῖ</span> <span class='ocrx_word' id='word_1_86' title='bbox 1244 1290 1301 1344; x_wconf 82' lang='grc' dir='ltr'>δὲ</span> <span class='ocrx_word' id='word_1_87' title='bbox 1329 1291 1418 1346; x_wconf 89' lang='grc' dir='ltr'><strong>τὸν</strong></span> <span class='ocrx_word' id='word_1_88' title='bbox 1441 1309 1612 1364; x_wconf 85' lang='grc' dir='ltr'>παρα-</span> 
     </span>
    </p>
   </div>
   <div class='ocr_carea' id='block_1_15' title="bbox 57 1379 1606 1455">
    <p class='ocr_par' dir='ltr' id='par_1_15' title="bbox 57 1379 1606 1455">
     <span class='ocr_line' id='line_1_15' title="bbox 57 1379 1606 1455; baseline 0.004 -23"><span class='ocrx_word' id='word_1_89' title='bbox 57 1379 357 1451; x_wconf 86' lang='grc' dir='ltr'>καλούμενον</span> <span class='ocrx_word' id='word_1_90' title='bbox 384 1379 474 1434; x_wconf 83' lang='grc' dir='ltr'><strong>διὰ</strong></span> <span class='ocrx_word' id='word_1_91' title='bbox 499 1380 601 1451; x_wconf 85' lang='grc' dir='ltr'>τῆς</span> <span class='ocrx_word' id='word_1_92' title='bbox 626 1381 822 1452; x_wconf 81' lang='grc' dir='ltr'><strong>εὐχῆς·</strong></span> <span class='ocrx_word' id='word_1_93' title='bbox 869 1382 932 1436; x_wconf 79' lang='grc' dir='ltr'><strong>Εἰ</strong></span> <span class='ocrx_word' id='word_1_94' title='bbox 956 1381 1064 1454; x_wconf 85' lang='grc' dir='ltr'><strong>γὰρ</strong></span> <span class='ocrx_word' id='word_1_95' title='bbox 1095 1383 1417 1454; x_wconf 79' lang='grc' dir='ltr'><strong>ὑπέμεινας,</strong></span> <span class='ocrx_word' id='word_1_96' title='bbox 1454 1386 1606 1455; x_wconf 74' lang='grc' dir='ltr'>φησὶ,</span> 
     </span>
    </p>
   </div>
   <div class='ocr_carea' id='block_1_16' title="bbox 58 1471 1610 1548">
    <p class='ocr_par' dir='ltr' id='par_1_16' title="bbox 58 1471 1610 1548">
     <span class='ocr_line' id='line_1_16' title="bbox 58 1471 1610 1548; baseline 0.003 -23"><span class='ocrx_word' id='word_1_97' title='bbox 58 1471 210 1543; x_wconf 77' lang='grc' dir='ltr'>καιρῷ</span> <span class='ocrx_word' id='word_1_98' title='bbox 227 1489 328 1525; x_wconf 90' lang='grc' dir='ltr'>τινι</span> <span class='ocrx_word' id='word_1_99' title='bbox 351 1473 675 1545; x_wconf 79' lang='grc' dir='ltr'>πρωδεῦσαι</span> <span class='ocrx_word' id='word_1_100' title='bbox 700 1473 1022 1546; x_wconf 85' lang='grc' dir='ltr'>ἀνθρώπων,</span> <span class='ocrx_word' id='word_1_101' title='bbox 1049 1475 1270 1529; x_wconf 76' lang='grc' dir='ltr'>καὶτῶν</span> <span class='ocrx_word' id='word_1_102' title='bbox 1294 1475 1610 1548; x_wconf 85' lang='grc' dir='ltr'>προλεχοει-</span> 
     </span>
    </p>
   </div>
   <div class='ocr_carea' id='block_1_17' title="bbox 59 1564 1607 1640">
    <p class='ocr_par' dir='ltr' id='par_1_17' title="bbox 59 1564 1607 1640">
     <span class='ocr_line' id='line_1_17' title="bbox 59 1564 1607 1640; baseline 0.001 -20"><span class='ocrx_word' id='word_1_103' title='bbox 59 1566 148 1620; x_wconf 70' lang='grc' dir='ltr'><strong>σῶν</strong></span> <span class='ocrx_word' id='word_1_104' title='bbox 177 1564 476 1636; x_wconf 74' lang='grc' dir='ltr'>ἡγήσασθαι</span> <span class='ocrx_word' id='word_1_105' title='bbox 506 1566 687 1636; x_wconf 82' lang='grc' dir='ltr'>φυλῶν</span> <span class='ocrx_word' id='word_1_106' title='bbox 709 1607 724 1631; x_wconf 93' lang='grc'><strong>,</strong></span> <span class='ocrx_word' id='word_1_107' title='bbox 750 1567 845 1620; x_wconf 76' lang='grc' dir='ltr'>καὶ</span> <span class='ocrx_word' id='word_1_108' title='bbox 873 1567 968 1621; x_wconf 83' lang='grc' dir='ltr'><strong>νῦν</strong></span> <span class='ocrx_word' id='word_1_109' title='bbox 1001 1570 1114 1632; x_wconf 86' lang='grc' dir='ltr'>τοῖς</span> <span class='ocrx_word' id='word_1_110' title='bbox 1141 1568 1324 1632; x_wconf 79' lang='grc' dir='ltr'>αὐτοῖς</span> <span class='ocrx_word' id='word_1_111' title='bbox 1354 1568 1607 1640; x_wconf 77' lang='grc' dir='ltr'>χειμαζο-</span> 
     </span>
    </p>
   </div>
   <div class='ocr_carea' id='block_1_18' title="bbox 58 1652 1606 1729">
    <p class='ocr_par' dir='ltr' id='par_1_18' title="bbox 58 1652 1606 1729">
     <span class='ocr_line' id='line_1_18' title="bbox 58 1652 1606 1729; baseline 0.003 -21"><span class='ocrx_word' id='word_1_112' title='bbox 58 1656 212 1726; x_wconf 79' lang='grc' dir='ltr'><strong>μένοις</strong></span> <span class='ocrx_word' id='word_1_113' title='bbox 241 1652 330 1710; x_wconf 70' lang='grc' dir='ltr'>καἸ.</span> <span class='ocrx_word' id='word_1_114' title='bbox 351 1657 747 1729; x_wconf 82' lang='grc' dir='ltr'><strong>ἀπολλυμένοις</strong></span> <span class='ocrx_word' id='word_1_115' title='bbox 777 1657 1054 1729; x_wconf 79' lang='grc' dir='ltr'><strong>ὲμφὰνηθι</strong></span> <span class='ocrx_word' id='word_1_116' title='bbox 1077 1677 1090 1690; x_wconf 91' lang='grc'><strong>·</strong></span> <span class='ocrx_word' id='word_1_117' title='bbox 1113 1659 1208 1712; x_wconf 67' lang='grc' dir='ltr'>καὶ</span> <span class='ocrx_word' id='word_1_118' title='bbox 1237 1659 1301 1713; x_wconf 90' lang='grc' dir='ltr'><strong>σύ</strong></span> <span class='ocrx_word' id='word_1_119' title='bbox 1325 1675 1390 1728; x_wconf 88' lang='grc' dir='ltr'>γε</span> <span class='ocrx_word' id='word_1_120' title='bbox 1423 1659 1606 1725; x_wconf 79' lang='grc' dir='ltr'>αὐτὸς,</span> 
     </span>
    </p>
   </div>
   <div class='ocr_carea' id='block_1_19' title="bbox 55 1747 1604 1824">
    <p class='ocr_par' dir='ltr' id='par_1_19' title="bbox 55 1747 1604 1824">
     <span class='ocr_line' id='line_1_19' title="bbox 55 1747 1604 1824; baseline 0.003 -23"><span class='ocrx_word' id='word_1_121' title='bbox 55 1747 185 1802; x_wconf 75' lang='grc' dir='ltr'>ὁκαὶ</span> <span class='ocrx_word' id='word_1_122' title='bbox 213 1748 328 1802; x_wconf 86' lang='grc' dir='ltr'>τότε</span> <span class='ocrx_word' id='word_1_123' title='bbox 372 1751 649 1820; x_wconf 80' lang='grc' dir='ltr'>ποιμάνας</span> <span class='ocrx_word' id='word_1_124' title='bbox 685 1751 778 1803; x_wconf 79' lang='grc' dir='ltr'><strong>καὶ</strong></span> <span class='ocrx_word' id='word_1_125' title='bbox 825 1753 1281 1824; x_wconf 83' lang='grc' dir='ltr'>προηγησάμενος</span> <span class='ocrx_word' id='word_1_126' title='bbox 1318 1752 1412 1806; x_wconf 79' lang='grc' dir='ltr'><strong>τοῦ</strong></span> <span class='ocrx_word' id='word_1_127' title='bbox 1454 1753 1604 1818; x_wconf 81' lang='grc' dir='ltr'>λαοῦ,</span> 
     </span>
    </p>
   </div>
   <div class='ocr_carea' id='block_1_20' title="bbox 54 1809 1682 1912">
    <p class='ocr_par' dir='ltr' id='par_1_20' title="bbox 54 1809 1682 1912">
     <span class='ocr_line' id='line_1_20' title="bbox 54 1809 1682 1912; baseline 0.004 -20"><span class='ocrx_word' id='word_1_128' title='bbox 54 1840 320 1909; x_wconf 77' lang='grc' dir='ltr'>ἐξέγειρον</span> <span class='ocrx_word' id='word_1_129' title='bbox 355 1809 484 1911; x_wconf 48' lang='grc' dir='ltr'>τὴν·</span> <span class='ocrx_word' id='word_1_130' title='bbox 516 1809 884 1898; x_wconf 65' lang='grc' dir='ltr'>δυναστείαν</span> <span class='ocrx_word' id='word_1_131' title='bbox 1062 1886 1077 1908; x_wconf 89' lang='grc'><strong>,</strong></span> <span class='ocrx_word' id='word_1_132' title='bbox 1108 1809 1205 1898; x_wconf 61' lang='grc' dir='ltr'>καὶ</span> <span class='ocrx_word' id='word_1_133' title='bbox 1244 1809 1384 1901; x_wconf 57' lang='grc' dir='ltr'><strong>ἐλθὲ</strong></span> <span class='ocrx_word' id='word_1_134' title='bbox 1421 1849 1506 1912; x_wconf 77' lang='grc' dir='ltr'><strong>εις</strong></span> <span class='ocrx_word' id='word_1_135' title='bbox 1537 1809 1604 1899; x_wconf 76' lang='grc' dir='ltr'><strong>τό</strong></span> <span class='ocrx_word' id='word_1_136' title='bbox 1639 1809 1682 1870; x_wconf 66' lang='lat' dir='ltr'><strong>b</strong></span> 
     </span>
    </p>
   </div>
   <div class='ocr_carea' id='block_1_21' title="bbox 54 1929 1606 2008">
    <p class='ocr_par' dir='ltr' id='par_1_21' title="bbox 54 1929 1606 2008">
     <span class='ocr_line' id='line_1_21' title="bbox 54 1929 1606 2008; baseline 0.006 -28"><span class='ocrx_word' id='word_1_137' title='bbox 54 1929 218 1984; x_wconf 80' lang='grc' dir='ltr'>σῶσαι</span> <span class='ocrx_word' id='word_1_138' title='bbox 247 1929 422 2000; x_wconf 79' lang='grc' dir='ltr'>ἡμᾶς.</span> <span class='ocrx_word' id='word_1_139' title='bbox 473 1931 725 1986; x_wconf 85' lang='grc' dir='ltr'>Ἱκετεύει</span> <span class='ocrx_word' id='word_1_140' title='bbox 752 1951 811 1986; x_wconf 89' lang='grc' dir='ltr'><strong>τε</strong></span> <span class='ocrx_word' id='word_1_141' title='bbox 850 1936 908 1987; x_wconf 84' lang='grc' dir='ltr'>ὲν</span> <span class='ocrx_word' id='word_1_142' title='bbox 936 1935 1147 1998; x_wconf 79' lang='grc' dir='ltr'><strong>τούτοις</strong></span> <span class='ocrx_word' id='word_1_143' title='bbox 1168 1935 1266 2007; x_wconf 73' lang='grc' dir='ltr'><strong>τὴν</strong></span> <span class='ocrx_word' id='word_1_144' title='bbox 1294 1937 1373 1999; x_wconf 77' lang='grc' dir='ltr'>εἰς</span> <span class='ocrx_word' id='word_1_145' title='bbox 1395 1936 1606 2008; x_wconf 84' lang='grc' dir='ltr'><strong>ἀνθρώ-</strong></span> 
     </span>
    </p>
   </div>
   <div class='ocr_carea' id='block_1_22' title="bbox 52 2023 1603 2101">
    <p class='ocr_par' dir='ltr' id='par_1_22' title="bbox 52 2023 1603 2101">
     <span class='ocr_line' id='line_1_22' title="bbox 52 2023 1603 2101; baseline 0.006 -27"><span class='ocrx_word' id='word_1_146' title='bbox 52 2038 166 2086; x_wconf 84' lang='grc' dir='ltr'>πους</span> <span class='ocrx_word' id='word_1_147' title='bbox 193 2023 349 2077; x_wconf 84' lang='grc' dir='ltr'><strong>αὐτοῦ</strong></span> <span class='ocrx_word' id='word_1_148' title='bbox 375 2024 561 2094; x_wconf 80' lang='grc' dir='ltr'>ἄφιξιν</span> <span class='ocrx_word' id='word_1_149' title='bbox 594 2027 922 2098; x_wconf 78' lang='grc' dir='ltr'>ποιήσασθαι</span> <span class='ocrx_word' id='word_1_150' title='bbox 954 2028 1050 2082; x_wconf 78' lang='grc' dir='ltr'>καὶ</span> <span class='ocrx_word' id='word_1_151' title='bbox 1074 2030 1199 2093; x_wconf 88' lang='grc' dir='ltr'>τοὺς</span> <span class='ocrx_word' id='word_1_152' title='bbox 1224 2030 1603 2101; x_wconf 78' lang='grc' dir='ltr'>ἀποστραφένο</span> 
     </span>
    </p>
   </div>
   <div class='ocr_carea' id='block_1_23' title="bbox 49 2115 1599 2190">
    <p class='ocr_par' dir='ltr' id='par_1_23' title="bbox 49 2115 1599 2190">
     <span class='ocr_line' id='line_1_23' title="bbox 49 2115 1599 2190; baseline 0.007 -25"><span class='ocrx_word' id='word_1_153' title='bbox 49 2131 132 2178; x_wconf 86' lang='grc' dir='ltr'><strong>τας</strong></span> <span class='ocrx_word' id='word_1_154' title='bbox 160 2115 246 2168; x_wconf 78' lang='grc' dir='ltr'>καὶ</span> <span class='ocrx_word' id='word_1_155' title='bbox 293 2117 350 2169; x_wconf 80' lang='grc' dir='ltr'><strong>ὲν</strong></span> <span class='ocrx_word' id='word_1_156' title='bbox 383 2117 702 2172; x_wconf 83' lang='grc' dir='ltr'><strong>ἀποπτὼσει</strong></span> <span class='ocrx_word' id='word_1_157' title='bbox 732 2121 1058 2190; x_wconf 83' lang='grc' dir='ltr'>γενομένους</span> <span class='ocrx_word' id='word_1_158' title='bbox 1089 2121 1251 2175; x_wconf 84' lang='grc' dir='ltr'>πάλιν</span> <span class='ocrx_word' id='word_1_159' title='bbox 1293 2121 1599 2188; x_wconf 82' lang='grc' dir='ltr'>ἀναλαϐεῖν,</span> 
     </span>
    </p>
   </div>
   <div class='ocr_carea' id='block_1_24' title="bbox 50 2208 1597 2290">
    <p class='ocr_par' dir='ltr' id='par_1_24' title="bbox 50 2208 1597 2290">
     <span class='ocr_line' id='line_1_24' title="bbox 50 2208 1597 2290; baseline 0.006 -32"><span class='ocrx_word' id='word_1_160' title='bbox 50 2208 190 2290; x_wconf 21' lang='grc' dir='ltr'>πάλιν,</span> <span class='ocrx_word' id='word_1_161' title='bbox 211 2208 300 2262; x_wconf 80' lang='grc' dir='ltr'>καὶ</span> <span class='ocrx_word' id='word_1_162' title='bbox 332 2209 414 2270; x_wconf 80' lang='grc' dir='ltr'><strong>εἰς</strong></span> <span class='ocrx_word' id='word_1_163' title='bbox 449 2210 610 2263; x_wconf 81' lang='grc' dir='ltr'>αὐτὸν</span> <span class='ocrx_word' id='word_1_164' title='bbox 635 2211 960 2284; x_wconf 79' lang='grc' dir='ltr'><strong>ἐπιστρέψαι</strong></span> <span class='ocrx_word' id='word_1_165' title='bbox 995 2213 1238 2284; x_wconf 86' lang='grc' dir='ltr'>ποιῆσαι.</span> <span class='ocrx_word' id='word_1_166' title='bbox 1296 2214 1388 2266; x_wconf 81' lang='grc' dir='ltr'><strong>Διὸ</strong></span> <span class='ocrx_word' id='word_1_167' title='bbox 1413 2214 1558 2283; x_wconf 80' lang='grc' dir='ltr'>λέγει</span> <span class='ocrx_word' id='word_1_168' title='bbox 1583 2232 1597 2245; x_wconf 75' lang='grc' dir='ltr'><strong>ο</strong></span> 
     </span>
    </p>
   </div>
   <div class='ocr_carea' id='block_1_25' title="bbox 59 2299 1602 2376">
    <p class='ocr_par' dir='ltr' id='par_1_25' title="bbox 59 2299 1602 2376">
     <span class='ocr_line' id='line_1_25' title="bbox 59 2299 1602 2376; baseline 0.005 -24"><span class='ocrx_word' id='word_1_169' title='bbox 59 2299 103 2351; x_wconf 86' lang='grc' dir='ltr'>Ὁ</span> <span class='ocrx_word' id='word_1_170' title='bbox 138 2302 288 2367; x_wconf 86' lang='grc' dir='ltr'><strong>Θεὸς,</strong></span> <span class='ocrx_word' id='word_1_171' title='bbox 321 2302 696 2372; x_wconf 72' lang='grc' dir='ltr'>ἐπίστρεψον</span> <span class='ocrx_word' id='word_1_172' title='bbox 728 2302 888 2374; x_wconf 81' lang='grc' dir='ltr'><strong>ἡμᾶς</strong></span> <span class='ocrx_word' id='word_1_173' title='bbox 912 2303 1010 2358; x_wconf 80' lang='grc' dir='ltr'>καὶ</span> <span class='ocrx_word' id='word_1_174' title='bbox 1038 2305 1338 2374; x_wconf 69' lang='grc' dir='ltr'>ὲπίφανον</span> <span class='ocrx_word' id='word_1_175' title='bbox 1365 2305 1432 2359; x_wconf 87' lang='grc' dir='ltr'>τὸ</span> <span class='ocrx_word' id='word_1_176' title='bbox 1462 2308 1602 2376; x_wconf 82' lang='grc' dir='ltr'>πρό-</span> 
     </span>
    </p>
   </div>
   <div class='ocr_carea' id='block_1_26' title="bbox 47 2392 1602 2466">
    <p class='ocr_par' dir='ltr' id='par_1_26' title="bbox 47 2392 1602 2466">
     <span class='ocr_line' id='line_1_26' title="bbox 47 2392 1602 2466; baseline 0.005 -22"><span class='ocrx_word' id='word_1_177' title='bbox 47 2392 226 2444; x_wconf 82' lang='grc' dir='ltr'>σωπόν</span> <span class='ocrx_word' id='word_1_178' title='bbox 259 2407 373 2448; x_wconf 83' lang='grc' dir='ltr'>σου</span> <span class='ocrx_word' id='word_1_179' title='bbox 393 2433 408 2457; x_wconf 89' lang='grc'><strong>,</strong></span> <span class='ocrx_word' id='word_1_180' title='bbox 446 2394 544 2447; x_wconf 79' lang='grc' dir='ltr'>καὶ</span> <span class='ocrx_word' id='word_1_181' title='bbox 573 2396 990 2464; x_wconf 80' lang='grc' dir='ltr'><strong>σωθησόμεθα.</strong></span> <span class='ocrx_word' id='word_1_182' title='bbox 1039 2397 1218 2466; x_wconf 85' lang='grc' dir='ltr'>Κύριε</span> <span class='ocrx_word' id='word_1_183' title='bbox 1245 2401 1278 2452; x_wconf 84' lang='grc' dir='ltr'><strong>ό</strong></span> <span class='ocrx_word' id='word_1_184' title='bbox 1309 2397 1452 2464; x_wconf 83' lang='grc' dir='ltr'><strong>Θεὸς</strong></span> <span class='ocrx_word' id='word_1_185' title='bbox 1483 2398 1602 2451; x_wconf 86' lang='grc' dir='ltr'>τῶν</span> 
     </span>
    </p>
   </div>
   <div class='ocr_carea' id='block_1_27' title="bbox 49 2479 1595 2559">
    <p class='ocr_par' dir='ltr' id='par_1_27' title="bbox 49 2479 1595 2559">
     <span class='ocr_line' id='line_1_27' title="bbox 49 2479 1595 2559; baseline 0.007 -26"><span class='ocrx_word' id='word_1_186' title='bbox 49 2479 328 2551; x_wconf 72' lang='grc' dir='ltr'>δυνάμεων</span> <span class='ocrx_word' id='word_1_187' title='bbox 348 2525 362 2549; x_wconf 92' lang='grc'><strong>,</strong></span> <span class='ocrx_word' id='word_1_188' title='bbox 421 2485 534 2552; x_wconf 79' lang='grc' dir='ltr'>ἕως</span> <span class='ocrx_word' id='word_1_189' title='bbox 573 2487 717 2539; x_wconf 82' lang='grc' dir='ltr'>πότε</span> <span class='ocrx_word' id='word_1_190' title='bbox 749 2486 945 2556; x_wconf 59' lang='lat' dir='ltr'><strong>(pr-[Cp</strong></span> <span class='ocrx_word' id='word_1_191' title='bbox 971 2488 1069 2541; x_wconf 81' lang='grc' dir='ltr'><strong>ἐπὶ</strong></span> <span class='ocrx_word' id='word_1_192' title='bbox 1098 2488 1212 2557; x_wconf 83' lang='grc' dir='ltr'>τὴν</span> <span class='ocrx_word' id='word_1_193' title='bbox 1247 2490 1595 2559; x_wconf 74' lang='grc' dir='ltr'>προσευχὴν</span> 
     </span>
    </p>
   </div>
   <div class='ocr_carea' id='block_1_28' title="bbox 48 2574 1600 2653">
    <p class='ocr_par' dir='ltr' id='par_1_28' title="bbox 48 2574 1600 2653">
     <span class='ocr_line' id='line_1_28' title="bbox 48 2574 1600 2653; baseline 0.007 -28"><span class='ocrx_word' id='word_1_194' title='bbox 48 2574 144 2627; x_wconf 77' lang='grc' dir='ltr'>τῶν</span> <span class='ocrx_word' id='word_1_195' title='bbox 180 2575 411 2633; x_wconf 73' lang='grc' dir='ltr'>δούλων</span> <span class='ocrx_word' id='word_1_196' title='bbox 455 2578 609 2644; x_wconf 86' lang='grc' dir='ltr'>σοῦ;</span> <span class='ocrx_word' id='word_1_197' title='bbox 670 2579 726 2631; x_wconf 89' lang='lat'><strong>&#39;0</strong></span> <span class='ocrx_word' id='word_1_198' title='bbox 757 2578 1048 2651; x_wconf 86' lang='grc' dir='ltr'>λεγόμενος</span> <span class='ocrx_word' id='word_1_199' title='bbox 1077 2581 1170 2634; x_wconf 71' lang='grc' dir='ltr'><strong>ἐπὶ</strong></span> <span class='ocrx_word' id='word_1_200' title='bbox 1198 2581 1293 2635; x_wconf 83' lang='grc' dir='ltr'><strong>τοῦ</strong></span> <span class='ocrx_word' id='word_1_201' title='bbox 1334 2583 1600 2653; x_wconf 77' lang='grc' dir='ltr'>παρόντος</span> 
     </span>
    </p>
   </div>
   <div class='ocr_carea' id='block_1_29' title="bbox 48 2668 1597 2745">
    <p class='ocr_par' dir='ltr' id='par_1_29' title="bbox 48 2668 1597 2745">
     <span class='ocr_line' id='line_1_29' title="bbox 48 2668 1597 2745; baseline 0.005 -25"><span class='ocrx_word' id='word_1_202' title='bbox 48 2668 220 2739; x_wconf 81' lang='grc' dir='ltr'>Κύριος</span> <span class='ocrx_word' id='word_1_203' title='bbox 250 2671 342 2723; x_wconf 81' lang='grc' dir='ltr'>καὶ</span> <span class='ocrx_word' id='word_1_204' title='bbox 372 2670 510 2735; x_wconf 81' lang='grc' dir='ltr'>Θεὸς</span> <span class='ocrx_word' id='word_1_205' title='bbox 534 2671 643 2724; x_wconf 83' lang='grc' dir='ltr'>τῶν</span> <span class='ocrx_word' id='word_1_206' title='bbox 672 2672 983 2744; x_wconf 81' lang='grc' dir='ltr'><strong>δυνάμεων,</strong></span> <span class='ocrx_word' id='word_1_207' title='bbox 1019 2675 1179 2738; x_wconf 87' lang='grc' dir='ltr'>αὐτὸς</span> <span class='ocrx_word' id='word_1_208' title='bbox 1221 2671 1290 2745; x_wconf 81' lang='grc' dir='ltr'><strong>ἦν</strong></span> <span class='ocrx_word' id='word_1_209' title='bbox 1333 2677 1538 2739; x_wconf 78' lang='grc' dir='ltr'>ἐκεῖνος</span> <span class='ocrx_word' id='word_1_210' title='bbox 1568 2677 1597 2728; x_wconf 85' lang='grc' dir='ltr'>ὁ</span> 
     </span>
    </p>
   </div>
   <div class='ocr_carea' id='block_1_30' title="bbox 48 2761 1599 2839">
    <p class='ocr_par' dir='ltr' id='par_1_30' title="bbox 48 2761 1599 2839">
     <span class='ocr_line' id='line_1_30' title="bbox 48 2761 1599 2839; baseline 0.007 -27"><span class='ocrx_word' id='word_1_211' title='bbox 48 2761 314 2829; x_wconf 80' lang='grc' dir='ltr'>ποιμαίνων</span> <span class='ocrx_word' id='word_1_212' title='bbox 341 2763 437 2816; x_wconf 75' lang='grc' dir='ltr'>τὸν</span> <span class='ocrx_word' id='word_1_213' title='bbox 469 2763 722 2834; x_wconf 82' lang='grc' dir='ltr'><strong>ἀληθινὸν</strong></span> <span class='ocrx_word' id='word_1_214' title='bbox 767 2766 982 2838; x_wconf 83' lang='grc' dir='ltr'>Ἰσραὴλ</span> <span class='ocrx_word' id='word_1_215' title='bbox 1001 2805 1014 2830; x_wconf 94' lang='grc'><strong>,</strong></span> <span class='ocrx_word' id='word_1_216' title='bbox 1051 2768 1145 2820; x_wconf 81' lang='grc' dir='ltr'>καὶ</span> <span class='ocrx_word' id='word_1_217' title='bbox 1169 2768 1442 2839; x_wconf 80' lang='grc' dir='ltr'>ὁδηγήσας</span> <span class='ocrx_word' id='word_1_218' title='bbox 1467 2770 1599 2823; x_wconf 71' lang='grc' dir='ltr'>ὡσεὶ</span> 
     </span>
    </p>
   </div>
   <div class='ocr_carea' id='block_1_31' title="bbox 48 2853 1600 2933">
    <p class='ocr_par' dir='ltr' id='par_1_31' title="bbox 48 2853 1600 2933">
     <span class='ocr_line' id='line_1_31' title="bbox 48 2853 1600 2933; baseline 0.006 -28"><span class='ocrx_word' id='word_1_219' title='bbox 48 2853 279 2922; x_wconf 70' lang='grc' dir='ltr'>πρόϐατον</span> <span class='ocrx_word' id='word_1_220' title='bbox 300 2856 390 2910; x_wconf 73' lang='grc' dir='ltr'>τὸν</span> <span class='ocrx_word' id='word_1_221' title='bbox 424 2857 642 2928; x_wconf 79' lang='grc' dir='ltr'>Ἰωσὴφ,</span> <span class='ocrx_word' id='word_1_222' title='bbox 670 2860 763 2912; x_wconf 74' lang='grc' dir='ltr'>καὶ</span> <span class='ocrx_word' id='word_1_223' title='bbox 785 2860 815 2911; x_wconf 83' lang='grc' dir='ltr'>ὁ</span> <span class='ocrx_word' id='word_1_224' title='bbox 837 2859 1142 2931; x_wconf 83' lang='grc' dir='ltr'>καθήμενος</span> <span class='ocrx_word' id='word_1_225' title='bbox 1165 2861 1256 2914; x_wconf 77' lang='grc' dir='ltr'>ἐπὶ</span> <span class='ocrx_word' id='word_1_226' title='bbox 1281 2861 1389 2915; x_wconf 83' lang='grc' dir='ltr'><strong>τῶν</strong></span> <span class='ocrx_word' id='word_1_227' title='bbox 1411 2879 1600 2933; x_wconf 85' lang='grc' dir='ltr'>χερου-</span> 
     </span>
    </p>
   </div>
   <div class='ocr_carea' id='block_1_32' title="bbox 47 2942 1597 3022">
    <p class='ocr_par' dir='ltr' id='par_1_32' title="bbox 47 2942 1597 3022">
     <span class='ocr_line' id='line_1_32' title="bbox 47 2942 1597 3022; baseline 0.01 -32"><span class='ocrx_word' id='word_1_228' title='bbox 47 2942 126 3010; x_wconf 67' lang='grc' dir='ltr'><strong>δεμ</strong></span> <span class='ocrx_word' id='word_1_229' title='bbox 141 2959 154 2973; x_wconf 80' lang='grc'><em>’</em></span> <span class='ocrx_word' id='word_1_230' title='bbox 176 2943 478 3014; x_wconf 82' lang='grc' dir='ltr'>προοδεύων</span> <span class='ocrx_word' id='word_1_231' title='bbox 496 2963 554 2999; x_wconf 91' lang='grc' dir='ltr'><strong>τε</strong></span> <span class='ocrx_word' id='word_1_232' title='bbox 580 2947 818 3002; x_wconf 79' lang='grc' dir='ltr'>ἐναντίον</span> <span class='ocrx_word' id='word_1_233' title='bbox 847 2948 1086 3021; x_wconf 81' lang='grc' dir='ltr'>Ἐφραῖμ</span> <span class='ocrx_word' id='word_1_234' title='bbox 1109 2950 1201 3004; x_wconf 79' lang='grc' dir='ltr'><strong>καὶ</strong></span> <span class='ocrx_word' id='word_1_235' title='bbox 1226 2951 1481 3022; x_wconf 78' lang='grc' dir='ltr'>Βενιαμὶν</span> <span class='ocrx_word' id='word_1_236' title='bbox 1503 2954 1597 3006; x_wconf 80' lang='grc' dir='ltr'>καὶ</span> 
     </span>
    </p>
   </div>
   <div class='ocr_carea' id='block_1_33' title="bbox 47 3033 1594 3116">
    <p class='ocr_par' dir='ltr' id='par_1_33' title="bbox 47 3033 1594 3116">
     <span class='ocr_line' id='line_1_33' title="bbox 47 3033 1594 3116; baseline 0.01 -33"><span class='ocrx_word' id='word_1_237' title='bbox 47 3033 300 3105; x_wconf 83' lang='grc' dir='ltr'>Μανασσῆ.</span> <span class='ocrx_word' id='word_1_238' title='bbox 331 3037 543 3107; x_wconf 83' lang='grc' dir='ltr'>Κύριος</span> <span class='ocrx_word' id='word_1_239' title='bbox 571 3038 625 3092; x_wconf 84' lang='grc' dir='ltr'><strong>δὲ</strong></span> <span class='ocrx_word' id='word_1_240' title='bbox 649 3042 743 3095; x_wconf 73' lang='grc' dir='ltr'>καὶ</span> <span class='ocrx_word' id='word_1_241' title='bbox 776 3041 908 3107; x_wconf 84' lang='grc' dir='ltr'>Θεὸς</span> <span class='ocrx_word' id='word_1_242' title='bbox 931 3042 1036 3096; x_wconf 84' lang='grc' dir='ltr'>τῶν</span> <span class='ocrx_word' id='word_1_243' title='bbox 1055 3043 1336 3114; x_wconf 83' lang='grc' dir='ltr'>δυνάμεων</span> <span class='ocrx_word' id='word_1_244' title='bbox 1358 3044 1594 3116; x_wconf 83' lang='grc' dir='ltr'>εἴρηται,</span> 
     </span>
    </p>
   </div>
   <div class='ocr_carea' id='block_1_34' title="bbox 1716 553 3292 626">
    <p class='ocr_par' dir='ltr' id='par_1_34' title="bbox 1716 553 3292 626">
     <span class='ocr_line' id='line_1_34' title="bbox 1716 553 3292 626; baseline 0.003 -19"><span class='ocrx_word' id='word_1_245' title='bbox 1716 553 2115 620; x_wconf 76' lang='lat' dir='ltr'><strong>Manifestare,</strong></span> <span class='ocrx_word' id='word_1_246' title='bbox 2181 557 2269 626; x_wconf 88' lang='lat' dir='ltr'><strong>qui</strong></span> <span class='ocrx_word' id='word_1_247' title='bbox 2337 555 2482 609; x_wconf 83' lang='lat' dir='ltr'><strong>sedes</strong></span> <span class='ocrx_word' id='word_1_248' title='bbox 2539 573 2693 624; x_wconf 85' lang='lat' dir='ltr'><strong>super</strong></span> <span class='ocrx_word' id='word_1_249' title='bbox 2752 558 3014 612; x_wconf 78' lang='lat' dir='ltr'><strong>cherubim</strong></span> <span class='ocrx_word' id='word_1_250' title='bbox 3046 599 3061 623; x_wconf 94' lang='lat'><strong>,</strong></span> <span class='ocrx_word' id='word_1_251' title='bbox 3114 575 3292 612; x_wconf 85' lang='lat' dir='ltr'><strong>coram</strong></span> 
     </span>
    </p>
   </div>
   <div class='ocr_carea' id='block_1_35' title="bbox 1717 646 3299 715">
    <p class='ocr_par' dir='ltr' id='par_1_35' title="bbox 1717 646 3299 715">
     <span class='ocr_line' id='line_1_35' title="bbox 1717 646 3299 715; baseline 0 -15"><span class='ocrx_word' id='word_1_252' title='bbox 1717 646 1999 715; x_wconf 83' lang='lat' dir='ltr'><strong>Ephraim,</strong></span> <span class='ocrx_word' id='word_1_253' title='bbox 2042 646 2325 715; x_wconf 84' lang='lat' dir='ltr'><strong>Benjamin</strong></span> <span class='ocrx_word' id='word_1_254' title='bbox 2374 657 2423 702; x_wconf 89' lang='lat' dir='ltr'><strong>et</strong></span> <span class='ocrx_word' id='word_1_255' title='bbox 2478 647 2746 702; x_wconf 81' lang='lat' dir='ltr'><strong>Manasse.</strong></span> <span class='ocrx_word' id='word_1_256' title='bbox 2812 649 2937 704; x_wconf 86' lang='lat' dir='ltr'><strong>Ideo</strong></span> <span class='ocrx_word' id='word_1_257' title='bbox 2993 650 3299 706; x_wconf 59' lang='lat' dir='ltr'><strong>secundum.</strong></span> 
     </span>
    </p>
   </div>
   <div class='ocr_carea' id='block_1_36' title="bbox 1713 737 3292 808">
    <p class='ocr_par' dir='ltr' id='par_1_36' title="bbox 1713 737 3292 808">
     <span class='ocr_line' id='line_1_36' title="bbox 1713 737 3292 808; baseline 0.003 -16"><span class='ocrx_word' id='word_1_258' title='bbox 1713 737 1969 808; x_wconf 81' lang='lat' dir='ltr'><strong>Aquilam</strong></span> <span class='ocrx_word' id='word_1_259' title='bbox 2017 737 2224 793; x_wconf 90' lang='lat' dir='ltr'><strong>dicitur</strong></span> <span class='ocrx_word' id='word_1_260' title='bbox 2261 758 2274 793; x_wconf 92' lang='lat'><strong>:</strong></span> <span class='ocrx_word' id='word_1_261' title='bbox 2311 738 2559 794; x_wconf 73' lang='lat' dir='ltr'><strong>Insidens</strong></span> <span class='ocrx_word' id='word_1_262' title='bbox 2604 755 2756 808; x_wconf 80' lang='lat' dir='ltr'><strong>super</strong></span> <span class='ocrx_word' id='word_1_263' title='bbox 2793 741 3079 807; x_wconf 80' lang='lat' dir='ltr'><strong>cherubim,</strong></span> <span class='ocrx_word' id='word_1_264' title='bbox 3116 746 3292 798; x_wconf 79' lang='lat' dir='ltr'><strong>inani-</strong></span> 
     </span>
    </p>
   </div>
   <div class='ocr_carea' id='block_1_37' title="bbox 1714 830 3290 902">
    <p class='ocr_par' dir='ltr' id='par_1_37' title="bbox 1714 830 3290 902">
     <span class='ocr_line' id='line_1_37' title="bbox 1714 830 3290 902; baseline 0.001 -15"><span class='ocrx_word' id='word_1_265' title='bbox 1714 832 1912 901; x_wconf 69' lang='lat' dir='ltr'><strong>{astare</strong></span> <span class='ocrx_word' id='word_1_266' title='bbox 1941 833 1996 886; x_wconf 90' lang='lat' dir='ltr'><strong>in</strong></span> <span class='ocrx_word' id='word_1_267' title='bbox 2025 832 2165 902; x_wconf 77' lang='lat' dir='ltr'><strong>[acie</strong></span> <span class='ocrx_word' id='word_1_268' title='bbox 2199 831 2478 902; x_wconf 76' lang='lat' dir='ltr'><strong>Epitraim,</strong></span> <span class='ocrx_word' id='word_1_269' title='bbox 2512 830 2792 899; x_wconf 73' lang='lat' dir='ltr'><strong>Beniamin</strong></span> <span class='ocrx_word' id='word_1_270' title='bbox 2823 841 2872 886; x_wconf 91' lang='lat' dir='ltr'><strong>et</strong></span> <span class='ocrx_word' id='word_1_271' title='bbox 2915 831 3184 888; x_wconf 82' lang='lat' dir='ltr'><strong>Manasse.</strong></span> <span class='ocrx_word' id='word_1_272' title='bbox 3208 832 3290 888; x_wconf 91' lang='grc' dir='ltr'>Τιι</span> 
     </span>
    </p>
   </div>
   <div class='ocr_carea' id='block_1_38' title="bbox 1712 922 3292 994">
    <p class='ocr_par' dir='ltr' id='par_1_38' title="bbox 1712 922 3292 994">
     <span class='ocr_line' id='line_1_38' title="bbox 1712 922 3292 994; baseline 0.001 -15"><span class='ocrx_word' id='word_1_273' title='bbox 1712 925 1881 991; x_wconf 89' lang='lat' dir='ltr'><strong>enim,</strong></span> <span class='ocrx_word' id='word_1_274' title='bbox 1919 925 2117 994; x_wconf 90' lang='lat' dir='ltr'><strong>inquit,</strong></span> <span class='ocrx_word' id='word_1_275' title='bbox 2157 925 2252 994; x_wconf 91' lang='lat' dir='ltr'><strong>qui</strong></span> <span class='ocrx_word' id='word_1_276' title='bbox 2292 924 2345 978; x_wconf 93' lang='lat' dir='ltr'><strong>in</strong></span> <span class='ocrx_word' id='word_1_277' title='bbox 2389 922 2528 978; x_wconf 80' lang='lat' dir='ltr'><strong>facie</strong></span> <span class='ocrx_word' id='word_1_278' title='bbox 2569 923 2846 994; x_wconf 77' lang='lat' dir='ltr'><strong>Ephraim,</strong></span> <span class='ocrx_word' id='word_1_279' title='bbox 2901 922 3180 993; x_wconf 85' lang='lat' dir='ltr'><strong>Benjamin</strong></span> <span class='ocrx_word' id='word_1_280' title='bbox 3239 935 3292 980; x_wconf 89' lang='lat' dir='ltr'><strong>ct</strong></span> 
     </span>
    </p>
   </div>
   <div class='ocr_carea' id='block_1_39' title="bbox 1713 1010 3291 1084">
    <p class='ocr_par' dir='ltr' id='par_1_39' title="bbox 1713 1010 3291 1084">
     <span class='ocr_line' id='line_1_39' title="bbox 1713 1010 3291 1084; baseline -0.003 -16"><span class='ocrx_word' id='word_1_281' title='bbox 1713 1013 1967 1070; x_wconf 83' lang='lat' dir='ltr'><strong>Manasse</strong></span> <span class='ocrx_word' id='word_1_282' title='bbox 2014 1013 2289 1084; x_wconf 85' lang='lat' dir='ltr'><strong>procedis,</strong></span> <span class='ocrx_word' id='word_1_283' title='bbox 2323 1011 2699 1066; x_wconf 75' lang='lat' dir='ltr'><strong>manifestare.</strong></span> <span class='ocrx_word' id='word_1_284' title='bbox 2746 1010 2800 1064; x_wconf 91' lang='lat' dir='ltr'><strong>ln</strong></span> <span class='ocrx_word' id='word_1_285' title='bbox 2837 1011 2924 1066; x_wconf 87' lang='lat' dir='ltr'><strong>his</strong></span> <span class='ocrx_word' id='word_1_286' title='bbox 2944 1021 3124 1065; x_wconf 83' lang='lat' dir='ltr'><strong>autem</strong></span> <span class='ocrx_word' id='word_1_287' title='bbox 3155 1010 3291 1064; x_wconf 86' lang='lat' dir='ltr'><strong>Pro-</strong></span> 
     </span>
    </p>
   </div>
   <div class='ocr_carea' id='block_1_40' title="bbox 1713 1103 3290 1177">
    <p class='ocr_par' dir='ltr' id='par_1_40' title="bbox 1713 1103 3290 1177">
     <span class='ocr_line' id='line_1_40' title="bbox 1713 1103 3290 1177; baseline -0.001 -19"><span class='ocrx_word' id='word_1_288' title='bbox 1713 1105 1873 1177; x_wconf 87' lang='lat' dir='ltr'><strong>pheta</strong></span> <span class='ocrx_word' id='word_1_289' title='bbox 1908 1104 2002 1159; x_wconf 87' lang='lat' dir='ltr'><strong>Dei</strong></span> <span class='ocrx_word' id='word_1_290' title='bbox 2033 1103 2270 1159; x_wconf 86' lang='lat' dir='ltr'><strong>Verbum</strong></span> <span class='ocrx_word' id='word_1_291' title='bbox 2318 1111 2532 1167; x_wconf 84' lang='lat' dir='ltr'><strong>evocat,</strong></span> <span class='ocrx_word' id='word_1_292' title='bbox 2555 1104 2625 1157; x_wconf 89' lang='lat' dir='ltr'><strong>ab</strong></span> <span class='ocrx_word' id='word_1_293' title='bbox 2665 1104 2734 1156; x_wconf 92' lang='lat' dir='ltr'><strong>iis</strong></span> <span class='ocrx_word' id='word_1_294' title='bbox 2774 1119 2896 1172; x_wconf 71' lang='lat' dir='ltr'><strong>qum</strong></span> <span class='ocrx_word' id='word_1_295' title='bbox 2935 1103 3132 1171; x_wconf 77' lang='lat' dir='ltr'><strong>populo</strong></span> <span class='ocrx_word' id='word_1_296' title='bbox 3163 1110 3290 1156; x_wconf 82' lang='lat' dir='ltr'><strong>nota</strong></span> 
     </span>
    </p>
   </div>
   <div class='ocr_carea' id='block_1_41' title="bbox 1711 1193 3289 1265">
    <p class='ocr_par' dir='ltr' id='par_1_41' title="bbox 1711 1193 3289 1265">
     <span class='ocr_line' id='line_1_41' title="bbox 1711 1193 3289 1265; baseline -0.003 -13"><span class='ocrx_word' id='word_1_297' title='bbox 1711 1205 1870 1252; x_wconf 89' lang='lat' dir='ltr'><strong>erant</strong></span> <span class='ocrx_word' id='word_1_298' title='bbox 1898 1211 2096 1250; x_wconf 86' lang='lat' dir='ltr'><strong>nomen</strong></span> <span class='ocrx_word' id='word_1_299' title='bbox 2131 1195 2250 1265; x_wconf 83' lang='lat' dir='ltr'><strong>ejus</strong></span> <span class='ocrx_word' id='word_1_300' title='bbox 2279 1204 2562 1258; x_wconf 89' lang='lat' dir='ltr'><strong>mutuans,</strong></span> <span class='ocrx_word' id='word_1_301' title='bbox 2599 1198 2691 1248; x_wconf 84' lang='lat' dir='ltr'><strong>sed</strong></span> <span class='ocrx_word' id='word_1_302' title='bbox 2728 1209 2834 1248; x_wconf 90' lang='lat' dir='ltr'><strong>non</strong></span> <span class='ocrx_word' id='word_1_303' title='bbox 2866 1210 2896 1247; x_wconf 86' lang='lat' dir='ltr'><strong>a</strong></span> <span class='ocrx_word' id='word_1_304' title='bbox 2947 1194 3129 1247; x_wconf 88' lang='lat' dir='ltr'><strong>divina</strong></span> <span class='ocrx_word' id='word_1_305' title='bbox 3160 1193 3289 1247; x_wconf 82' lang='lat' dir='ltr'><strong>Eze-</strong></span> 
     </span>
    </p>
   </div>
   <div class='ocr_carea' id='block_1_42' title="bbox 1712 1285 3290 1357">
    <p class='ocr_par' dir='ltr' id='par_1_42' title="bbox 1712 1285 3290 1357">
     <span class='ocr_line' id='line_1_42' title="bbox 1712 1285 3290 1357; baseline -0.004 -13"><span class='ocrx_word' id='word_1_306' title='bbox 1712 1290 1903 1345; x_wconf 89' lang='lat' dir='ltr'><strong>chielis</strong></span> <span class='ocrx_word' id='word_1_307' title='bbox 1927 1289 2161 1343; x_wconf 75' lang='lat' dir='ltr'><strong>visione.</strong></span> <span class='ocrx_word' id='word_1_308' title='bbox 2194 1286 2375 1357; x_wconf 87' lang='lat' dir='ltr'><strong>Ipsum</strong></span> <span class='ocrx_word' id='word_1_309' title='bbox 2410 1294 2592 1340; x_wconf 86' lang='lat' dir='ltr'><strong>autem</strong></span> <span class='ocrx_word' id='word_1_310' title='bbox 2623 1287 2707 1340; x_wconf 89' lang='lat' dir='ltr'><strong>bis</strong></span> <span class='ocrx_word' id='word_1_311' title='bbox 2727 1286 2906 1341; x_wconf 85' lang='lat' dir='ltr'><strong>verbis</strong></span> <span class='ocrx_word' id='word_1_312' title='bbox 2935 1285 3290 1354; x_wconf 87' lang='lat' dir='ltr'><strong>supplicando</strong></span> 
     </span>
    </p>
   </div>
   <div class='ocr_carea' id='block_1_43' title="bbox 1711 1379 3290 1452">
    <p class='ocr_par' dir='ltr' id='par_1_43' title="bbox 1711 1379 3290 1452">
     <span class='ocr_line' id='line_1_43' title="bbox 1711 1379 3290 1452; baseline -0.002 -16"><span class='ocrx_word' id='word_1_313' title='bbox 1711 1382 2004 1452; x_wconf 81' lang='lat' dir='ltr'><strong>compellat</strong></span> <span class='ocrx_word' id='word_1_314' title='bbox 2046 1399 2060 1436; x_wconf 91' lang='lat'>:</span> <span class='ocrx_word' id='word_1_315' title='bbox 2094 1379 2149 1434; x_wconf 92' lang='lat' dir='ltr'><strong>Si</strong></span> <span class='ocrx_word' id='word_1_316' title='bbox 2175 1380 2413 1450; x_wconf 87' lang='lat' dir='ltr'><strong>quodam</strong></span> <span class='ocrx_word' id='word_1_317' title='bbox 2447 1389 2711 1450; x_wconf 87' lang='lat' dir='ltr'><strong>tempore,</strong></span> <span class='ocrx_word' id='word_1_318' title='bbox 2738 1380 2934 1450; x_wconf 86' lang='lat' dir='ltr'><strong>inquit,</strong></span> <span class='ocrx_word' id='word_1_319' title='bbox 2978 1379 3290 1434; x_wconf 88' lang='lat' dir='ltr'><strong>hominibus</strong></span> 
     </span>
    </p>
   </div>
   <div class='ocr_carea' id='block_1_44' title="bbox 1712 1472 3286 1545">
    <p class='ocr_par' dir='ltr' id='par_1_44' title="bbox 1712 1472 3286 1545">
     <span class='ocr_line' id='line_1_44' title="bbox 1712 1472 3286 1545; baseline -0.004 -16"><span class='ocrx_word' id='word_1_320' title='bbox 1712 1476 1922 1530; x_wconf 84' lang='lat' dir='ltr'><strong>anteire</strong></span> <span class='ocrx_word' id='word_1_321' title='bbox 1970 1475 2228 1545; x_wconf 80' lang='lat' dir='ltr'><strong>dignatus</strong></span> <span class='ocrx_word' id='word_1_322' title='bbox 2273 1489 2356 1538; x_wconf 88' lang='lat' dir='ltr'><strong>es,</strong></span> <span class='ocrx_word' id='word_1_323' title='bbox 2389 1480 2830 1541; x_wconf 64' lang='lat' dir='ltr'><strong>memoi&#39;atasque</strong></span> <span class='ocrx_word' id='word_1_324' title='bbox 2855 1472 3030 1527; x_wconf 88' lang='lat' dir='ltr'><strong>tribus</strong></span> <span class='ocrx_word' id='word_1_325' title='bbox 3067 1472 3286 1536; x_wconf 88' lang='lat' dir='ltr'><strong>ducere,</strong></span> 
     </span>
    </p>
   </div>
   <div class='ocr_carea' id='block_1_45' title="bbox 1711 1564 3285 1638">
    <p class='ocr_par' dir='ltr' id='par_1_45' title="bbox 1711 1564 3285 1638">
     <span class='ocr_line' id='line_1_45' title="bbox 1711 1564 3285 1638; baseline -0.003 -18"><span class='ocrx_word' id='word_1_326' title='bbox 1711 1582 1860 1621; x_wconf 92' lang='lat' dir='ltr'><strong>nunc</strong></span> <span class='ocrx_word' id='word_1_327' title='bbox 1892 1567 2027 1638; x_wconf 88' lang='lat' dir='ltr'><strong>ipsis</strong></span> <span class='ocrx_word' id='word_1_328' title='bbox 2049 1565 2450 1620; x_wconf 78' lang='lat' dir='ltr'><strong>ﬂuctuantibus</strong></span> <span class='ocrx_word' id='word_1_329' title='bbox 2473 1572 2532 1619; x_wconf 91' lang='lat' dir='ltr'><strong>et</strong></span> <span class='ocrx_word' id='word_1_330' title='bbox 2567 1564 2926 1635; x_wconf 84' lang='lat' dir='ltr'><strong>pereuntibus</strong></span> <span class='ocrx_word' id='word_1_331' title='bbox 2955 1579 3182 1633; x_wconf 91' lang='lat' dir='ltr'><strong>appare;</strong></span> <span class='ocrx_word' id='word_1_332' title='bbox 3206 1571 3285 1628; x_wconf 94' lang='lat' dir='ltr'><strong>tu,</strong></span> 
     </span>
    </p>
   </div>
   <div class='ocr_carea' id='block_1_46' title="bbox 1710 1654 3287 1730">
    <p class='ocr_par' dir='ltr' id='par_1_46' title="bbox 1710 1654 3287 1730">
     <span class='ocr_line' id='line_1_46' title="bbox 1710 1654 3287 1730; baseline -0.003 -17"><span class='ocrx_word' id='word_1_333' title='bbox 1710 1659 1955 1730; x_wconf 87' lang='lat' dir='ltr'><strong>inquam,</strong></span> <span class='ocrx_word' id='word_1_334' title='bbox 1991 1659 2110 1729; x_wconf 89' lang='lat' dir='ltr'><strong>ipse</strong></span> <span class='ocrx_word' id='word_1_335' title='bbox 2151 1657 2245 1728; x_wconf 91' lang='lat' dir='ltr'><strong>qui</strong></span> <span class='ocrx_word' id='word_1_336' title='bbox 2279 1657 2408 1711; x_wconf 89' lang='lat' dir='ltr'><strong>olim</strong></span> <span class='ocrx_word' id='word_1_337' title='bbox 2460 1657 2720 1726; x_wconf 88' lang='lat' dir='ltr'><strong>populum</strong></span> <span class='ocrx_word' id='word_1_338' title='bbox 2765 1655 3027 1725; x_wconf 88' lang='lat' dir='ltr'><strong>pascebas</strong></span> <span class='ocrx_word' id='word_1_339' title='bbox 3075 1654 3287 1725; x_wconf 79' lang='lat' dir='ltr'><strong>ipsique</strong></span> 
     </span>
    </p>
   </div>
   <div class='ocr_carea' id='block_1_47' title="bbox 1710 1747 3286 1821">
    <p class='ocr_par' dir='ltr' id='par_1_47' title="bbox 1710 1747 3286 1821">
     <span class='ocr_line' id='line_1_47' title="bbox 1710 1747 3286 1821; baseline -0.004 -13"><span class='ocrx_word' id='word_1_340' title='bbox 1710 1752 1979 1818; x_wconf 88' lang='lat' dir='ltr'><strong>anteibas,</strong></span> <span class='ocrx_word' id='word_1_341' title='bbox 2014 1752 2190 1805; x_wconf 68' lang='lat' dir='ltr'><strong>excita</strong></span> <span class='ocrx_word' id='word_1_342' title='bbox 2216 1751 2508 1821; x_wconf 80' lang='lat' dir='ltr'><strong>potentiam</strong></span> <span class='ocrx_word' id='word_1_343' title='bbox 2543 1759 2690 1802; x_wconf 87' lang='lat' dir='ltr'><strong>tuam</strong></span> <span class='ocrx_word' id='word_1_344' title='bbox 2734 1758 2782 1802; x_wconf 89' lang='lat' dir='ltr'><strong>et</strong></span> <span class='ocrx_word' id='word_1_345' title='bbox 2830 1748 2965 1813; x_wconf 81' lang='lat' dir='ltr'><strong>veni,</strong></span> <span class='ocrx_word' id='word_1_346' title='bbox 3013 1757 3070 1800; x_wconf 88' lang='lat' dir='ltr'><strong>ut</strong></span> <span class='ocrx_word' id='word_1_347' title='bbox 3115 1747 3286 1802; x_wconf 90' lang='lat' dir='ltr'><strong>salvos</strong></span> 
     </span>
    </p>
   </div>
   <div class='ocr_carea' id='block_1_48' title="bbox 1709 1835 3290 1911">
    <p class='ocr_par' dir='ltr' id='par_1_48' title="bbox 1709 1835 3290 1911">
     <span class='ocr_line' id='line_1_48' title="bbox 1709 1835 3290 1911; baseline -0.003 -15"><span class='ocrx_word' id='word_1_348' title='bbox 1709 1842 1880 1911; x_wconf 82' lang='lat' dir='ltr'><strong>facias</strong></span> <span class='ocrx_word' id='word_1_349' title='bbox 1915 1858 2030 1897; x_wconf 88' lang='lat' dir='ltr'><strong>nos.</strong></span> <span class='ocrx_word' id='word_1_350' title='bbox 2067 1839 2164 1895; x_wconf 81' lang='lat' dir='ltr'><strong>llis</strong></span> <span class='ocrx_word' id='word_1_351' title='bbox 2193 1853 2325 1894; x_wconf 87' lang='lat' dir='ltr'><strong>vero</strong></span> <span class='ocrx_word' id='word_1_352' title='bbox 2368 1838 2640 1908; x_wconf 87' lang='lat' dir='ltr'><strong>supplicat</strong></span> <span class='ocrx_word' id='word_1_353' title='bbox 2669 1844 2728 1891; x_wconf 94' lang='lat' dir='ltr'><strong>ut</strong></span> <span class='ocrx_word' id='word_1_354' title='bbox 2760 1837 2827 1892; x_wconf 88' lang='lat' dir='ltr'><strong>ad</strong></span> <span class='ocrx_word' id='word_1_355' title='bbox 2861 1835 3112 1892; x_wconf 87' lang='lat' dir='ltr'><strong>homines</strong></span> <span class='ocrx_word' id='word_1_356' title='bbox 3142 1850 3290 1891; x_wconf 86' lang='lat' dir='ltr'><strong>acce-</strong></span> 
     </span>
    </p>
   </div>
   <div class='ocr_carea' id='block_1_49' title="bbox 1705 1926 3288 2001">
    <p class='ocr_par' dir='ltr' id='par_1_49' title="bbox 1705 1926 3288 2001">
     <span class='ocr_line' id='line_1_49' title="bbox 1705 1926 3288 2001; baseline -0.004 -15"><span class='ocrx_word' id='word_1_357' title='bbox 1705 1933 1819 1996; x_wconf 89' lang='lat' dir='ltr'><strong>dat,</strong></span> <span class='ocrx_word' id='word_1_358' title='bbox 1843 1939 1899 1986; x_wconf 88' lang='lat' dir='ltr'><strong>et</strong></span> <span class='ocrx_word' id='word_1_359' title='bbox 1949 1947 2047 1986; x_wconf 90' lang='lat' dir='ltr'><strong>eos</strong></span> <span class='ocrx_word' id='word_1_360' title='bbox 2074 1930 2169 2001; x_wconf 90' lang='lat' dir='ltr'><strong>qui</strong></span> <span class='ocrx_word' id='word_1_361' title='bbox 2209 1929 2387 1984; x_wconf 89' lang='lat' dir='ltr'><strong>aversi</strong></span> <span class='ocrx_word' id='word_1_362' title='bbox 2421 1935 2476 1983; x_wconf 88' lang='lat' dir='ltr'><strong>et</strong></span> <span class='ocrx_word' id='word_1_363' title='bbox 2520 1928 2656 1997; x_wconf 89' lang='lat' dir='ltr'><strong>lapsi</strong></span> <span class='ocrx_word' id='word_1_364' title='bbox 2694 1938 2870 1990; x_wconf 88' lang='lat' dir='ltr'><strong>erant,</strong></span> <span class='ocrx_word' id='word_1_365' title='bbox 2905 1926 3101 1980; x_wconf 88' lang='lat' dir='ltr'><strong>iterum</strong></span> <span class='ocrx_word' id='word_1_366' title='bbox 3133 1941 3288 1981; x_wconf 91' lang='lat' dir='ltr'><strong>resu-</strong></span> 
     </span>
    </p>
   </div>
   <div class='ocr_carea' id='block_1_50' title="bbox 1706 2015 3284 2087">
    <p class='ocr_par' dir='ltr' id='par_1_50' title="bbox 1706 2015 3284 2087">
     <span class='ocr_line' id='line_1_50' title="bbox 1706 2015 3284 2087; baseline -0.003 -11"><span class='ocrx_word' id='word_1_367' title='bbox 1706 2028 1842 2087; x_wconf 87' lang='lat' dir='ltr'><strong>mat,</strong></span> <span class='ocrx_word' id='word_1_368' title='bbox 1876 2021 2074 2076; x_wconf 83' lang='lat' dir='ltr'><strong>iterum</strong></span> <span class='ocrx_word' id='word_1_369' title='bbox 2108 2019 2176 2074; x_wconf 85' lang='lat' dir='ltr'><strong>ad</strong></span> <span class='ocrx_word' id='word_1_370' title='bbox 2232 2033 2292 2075; x_wconf 85' lang='lat' dir='ltr'><strong>se</strong></span> <span class='ocrx_word' id='word_1_371' title='bbox 2345 2025 2654 2073; x_wconf 87' lang='lat' dir='ltr'><strong>convertat.</strong></span> <span class='ocrx_word' id='word_1_372' title='bbox 2707 2015 3054 2086; x_wconf 84' lang='lat' dir='ltr'><strong>OuaprOpter</strong></span> <span class='ocrx_word' id='word_1_373' title='bbox 3099 2016 3232 2070; x_wconf 89' lang='lat' dir='ltr'><strong>dicit</strong></span> <span class='ocrx_word' id='word_1_374' title='bbox 3271 2035 3284 2071; x_wconf 89' lang='lat'><strong>:</strong></span> 
     </span>
    </p>
   </div>
   <div class='ocr_carea' id='block_1_51' title="bbox 1705 2110 3288 2178">
    <p class='ocr_par' dir='ltr' id='par_1_51' title="bbox 1705 2110 3288 2178">
     <span class='ocr_line' id='line_1_51' title="bbox 1705 2110 3288 2178; baseline -0.002 -11"><span class='ocrx_word' id='word_1_375' title='bbox 1705 2113 1868 2178; x_wconf 88' lang='lat' dir='ltr'><strong>Deus,</strong></span> <span class='ocrx_word' id='word_1_376' title='bbox 1893 2123 2133 2167; x_wconf 77' lang='lat' dir='ltr'><strong>converte</strong></span> <span class='ocrx_word' id='word_1_377' title='bbox 2159 2129 2275 2176; x_wconf 89' lang='lat' dir='ltr'><strong>nos,</strong></span> <span class='ocrx_word' id='word_1_378' title='bbox 2305 2120 2356 2165; x_wconf 91' lang='lat' dir='ltr'><strong>et</strong></span> <span class='ocrx_word' id='word_1_379' title='bbox 2409 2114 2623 2165; x_wconf 83' lang='lat' dir='ltr'><strong>ostende</strong></span> <span class='ocrx_word' id='word_1_380' title='bbox 2652 2110 2844 2178; x_wconf 79' lang='lat' dir='ltr'><strong>faciem</strong></span> <span class='ocrx_word' id='word_1_381' title='bbox 2874 2119 3039 2174; x_wconf 89' lang='lat' dir='ltr'><strong>tuam,</strong></span> <span class='ocrx_word' id='word_1_382' title='bbox 3073 2120 3122 2162; x_wconf 85' lang='lat' dir='ltr'><strong>et</strong></span> <span class='ocrx_word' id='word_1_383' title='bbox 3153 2110 3288 2164; x_wconf 86' lang='lat' dir='ltr'><strong>salvi</strong></span> 
     </span>
    </p>
   </div>
   <div class='ocr_carea' id='block_1_52' title="bbox 1702 2199 3290 2270">
    <p class='ocr_par' dir='ltr' id='par_1_52' title="bbox 1702 2199 3290 2270">
     <span class='ocr_line' id='line_1_52' title="bbox 1702 2199 3290 2270; baseline -0.003 -13"><span class='ocrx_word' id='word_1_384' title='bbox 1702 2205 1997 2257; x_wconf 87' lang='lat' dir='ltr'><strong>erimus.—</strong></span> <span class='ocrx_word' id='word_1_385' title='bbox 2013 2202 2178 2258; x_wconf 76' lang='lat' dir='ltr'><strong>Vens.</strong></span> <span class='ocrx_word' id='word_1_386' title='bbox 2214 2201 2265 2256; x_wconf 81' lang='lat'><strong>5.</strong></span> <span class='ocrx_word' id='word_1_387' title='bbox 2293 2200 2516 2253; x_wconf 86' lang='lat' dir='ltr'><strong>Domine</strong></span> <span class='ocrx_word' id='word_1_388' title='bbox 2537 2199 2678 2253; x_wconf 86' lang='lat' dir='ltr'><strong>Deus</strong></span> <span class='ocrx_word' id='word_1_389' title='bbox 2721 2199 2998 2264; x_wconf 78' lang='lat' dir='ltr'><strong>virtutum,</strong></span> <span class='ocrx_word' id='word_1_390' title='bbox 3025 2215 3290 2270; x_wconf 74' lang='lat' dir='ltr'><strong>quousque</strong></span> 
     </span>
    </p>
   </div>
   <div class='ocr_carea' id='block_1_53' title="bbox 1703 2287 3288 2361">
    <p class='ocr_par' dir='ltr' id='par_1_53' title="bbox 1703 2287 3288 2361">
     <span class='ocr_line' id='line_1_53' title="bbox 1703 2287 3288 2361; baseline -0.003 -15"><span class='ocrx_word' id='word_1_391' title='bbox 1703 2294 1953 2346; x_wconf 86' lang='lat' dir='ltr'><strong>irasceris</strong></span> <span class='ocrx_word' id='word_1_392' title='bbox 1989 2307 2145 2361; x_wconf 85' lang='lat' dir='ltr'><strong>super</strong></span> <span class='ocrx_word' id='word_1_393' title='bbox 2177 2291 2472 2344; x_wconf 87' lang='lat' dir='ltr'><strong>orationem</strong></span> <span class='ocrx_word' id='word_1_394' title='bbox 2512 2304 2783 2344; x_wconf 72' lang='lat' dir='ltr'><strong>seruorum</strong></span> <span class='ocrx_word' id='word_1_395' title='bbox 2814 2291 3070 2343; x_wconf 86' lang='lat' dir='ltr'><strong>tuorum?</strong></span> <span class='ocrx_word' id='word_1_396' title='bbox 3100 2287 3202 2354; x_wconf 85' lang='lat' dir='ltr'><strong>Qui</strong></span> <span class='ocrx_word' id='word_1_397' title='bbox 3232 2290 3288 2343; x_wconf 89' lang='lat' dir='ltr'><strong>in</strong></span> 
     </span>
    </p>
   </div>
   <div class='ocr_carea' id='block_1_54' title="bbox 1703 2379 3290 2458">
    <p class='ocr_par' dir='ltr' id='par_1_54' title="bbox 1703 2379 3290 2458">
     <span class='ocr_line' id='line_1_54' title="bbox 1703 2379 3290 2458; baseline -0.003 -18"><span class='ocrx_word' id='word_1_398' title='bbox 1703 2386 1959 2458; x_wconf 80' lang='lat' dir='ltr'><strong>praesenti</strong></span> <span class='ocrx_word' id='word_1_399' title='bbox 1981 2385 2186 2439; x_wconf 87' lang='lat' dir='ltr'><strong>dicitur</strong></span> <span class='ocrx_word' id='word_1_400' title='bbox 2236 2381 2500 2437; x_wconf 87' lang='lat' dir='ltr'><strong>Dominus</strong></span> <span class='ocrx_word' id='word_1_401' title='bbox 2533 2388 2587 2436; x_wconf 90' lang='lat' dir='ltr'><strong>et</strong></span> <span class='ocrx_word' id='word_1_402' title='bbox 2613 2379 2758 2435; x_wconf 86' lang='lat' dir='ltr'><strong>Deus</strong></span> <span class='ocrx_word' id='word_1_403' title='bbox 2783 2381 3072 2445; x_wconf 83' lang='lat' dir='ltr'><strong>virtutum,</strong></span> <span class='ocrx_word' id='word_1_404' title='bbox 3106 2381 3290 2450; x_wconf 87' lang='lat' dir='ltr'><strong>isipse</strong></span> 
     </span>
    </p>
   </div>
   <div class='ocr_carea' id='block_1_55' title="bbox 1700 2471 3264 2550">
    <p class='ocr_par' dir='ltr' id='par_1_55' title="bbox 1700 2471 3264 2550">
     <span class='ocr_line' id='line_1_55' title="bbox 1700 2471 3264 2550; baseline -0.006 -14"><span class='ocrx_word' id='word_1_405' title='bbox 1700 2489 1819 2536; x_wconf 87' lang='lat' dir='ltr'><strong>erat</strong></span> <span class='ocrx_word' id='word_1_406' title='bbox 1864 2478 1960 2550; x_wconf 90' lang='lat' dir='ltr'><strong>qui</strong></span> <span class='ocrx_word' id='word_1_407' title='bbox 2023 2477 2286 2548; x_wconf 86' lang='lat' dir='ltr'><strong>pascebat</strong></span> <span class='ocrx_word' id='word_1_408' title='bbox 2340 2489 2530 2530; x_wconf 81' lang='lat' dir='ltr'><strong>verum</strong></span> <span class='ocrx_word' id='word_1_409' title='bbox 2567 2471 2851 2537; x_wconf 89' lang='lat' dir='ltr'><strong>lsraelem,</strong></span> <span class='ocrx_word' id='word_1_410' title='bbox 2903 2481 2958 2526; x_wconf 91' lang='lat' dir='ltr'><strong>et</strong></span> <span class='ocrx_word' id='word_1_411' title='bbox 2987 2472 3264 2532; x_wconf 81' lang='lat' dir='ltr'><strong>dedm-eba</strong></span> 
     </span>
    </p>
   </div>
   <div class='ocr_carea' id='block_1_56' title="bbox 1701 2564 3287 2639">
    <p class='ocr_par' dir='ltr' id='par_1_56' title="bbox 1701 2564 3287 2639">
     <span class='ocr_line' id='line_1_56' title="bbox 1701 2564 3287 2639; baseline -0.006 -11"><span class='ocrx_word' id='word_1_412' title='bbox 1701 2573 1848 2628; x_wconf 90' lang='lat' dir='ltr'><strong>sicut</strong></span> <span class='ocrx_word' id='word_1_413' title='bbox 1883 2585 2038 2624; x_wconf 83' lang='lat' dir='ltr'><strong>ovem</strong></span> <span class='ocrx_word' id='word_1_414' title='bbox 2063 2567 2288 2639; x_wconf 75' lang='lat' dir='ltr'><strong>Ioseph,</strong></span> <span class='ocrx_word' id='word_1_415' title='bbox 2313 2575 2367 2622; x_wconf 90' lang='lat' dir='ltr'><strong>et</strong></span> <span class='ocrx_word' id='word_1_416' title='bbox 2396 2565 2490 2636; x_wconf 92' lang='lat' dir='ltr'><strong>qui</strong></span> <span class='ocrx_word' id='word_1_417' title='bbox 2523 2565 2749 2621; x_wconf 87' lang='lat' dir='ltr'><strong>sedebat</strong></span> <span class='ocrx_word' id='word_1_418' title='bbox 2781 2579 2948 2634; x_wconf 88' lang='lat' dir='ltr'><strong>super</strong></span> <span class='ocrx_word' id='word_1_419' title='bbox 2979 2564 3287 2632; x_wconf 87' lang='lat' dir='ltr'><strong>cherubim,</strong></span> 
     </span>
    </p>
   </div>
   <div class='ocr_carea' id='block_1_57' title="bbox 1699 2656 3286 2736">
    <p class='ocr_par' dir='ltr' id='par_1_57' title="bbox 1699 2656 3286 2736">
     <span class='ocr_line' id='line_1_57' title="bbox 1699 2656 3286 2736; baseline -0.006 -16"><span class='ocrx_word' id='word_1_420' title='bbox 1699 2673 1754 2721; x_wconf 86' lang='lat' dir='ltr'><strong>et</strong></span> <span class='ocrx_word' id='word_1_421' title='bbox 1783 2666 1877 2736; x_wconf 91' lang='lat' dir='ltr'><strong>qui</strong></span> <span class='ocrx_word' id='word_1_422' title='bbox 1906 2661 2193 2718; x_wconf 88' lang='lat' dir='ltr'><strong>incedebat</strong></span> <span class='ocrx_word' id='word_1_423' title='bbox 2223 2675 2409 2715; x_wconf 88' lang='lat' dir='ltr'><strong>coram</strong></span> <span class='ocrx_word' id='word_1_424' title='bbox 2437 2658 2722 2728; x_wconf 87' lang='lat' dir='ltr'><strong>Ephraim,</strong></span> <span class='ocrx_word' id='word_1_425' title='bbox 2761 2656 3046 2726; x_wconf 85' lang='lat' dir='ltr'><strong>Benjamin</strong></span> <span class='ocrx_word' id='word_1_426' title='bbox 3084 2666 3139 2711; x_wconf 91' lang='lat' dir='ltr'><strong>et</strong></span> <span class='ocrx_word' id='word_1_427' title='bbox 3167 2656 3286 2711; x_wconf 82' lang='lat' dir='ltr'><strong>Ma-</strong></span> 
     </span>
    </p>
   </div>
   <div class='ocr_carea' id='block_1_58' title="bbox 1700 2750 3284 2816">
    <p class='ocr_par' dir='ltr' id='par_1_58' title="bbox 1700 2750 3284 2816">
     <span class='ocr_line' id='line_1_58' title="bbox 1700 2750 3284 2816; baseline -0.007 -1"><span class='ocrx_word' id='word_1_428' title='bbox 1700 2775 1881 2814; x_wconf 90' lang='lat' dir='ltr'><strong>nasse.</strong></span> <span class='ocrx_word' id='word_1_429' title='bbox 1928 2756 2195 2811; x_wconf 90' lang='lat' dir='ltr'><strong>Dominus</strong></span> <span class='ocrx_word' id='word_1_430' title='bbox 2227 2761 2406 2807; x_wconf 89' lang='lat' dir='ltr'><strong>autem</strong></span> <span class='ocrx_word' id='word_1_431' title='bbox 2452 2760 2505 2808; x_wconf 90' lang='lat' dir='ltr'><strong>ct</strong></span> <span class='ocrx_word' id='word_1_432' title='bbox 2565 2750 2708 2806; x_wconf 89' lang='lat' dir='ltr'><strong>Deus</strong></span> <span class='ocrx_word' id='word_1_433' title='bbox 2748 2751 3010 2806; x_wconf 80' lang='lat' dir='ltr'><strong>virtutum</strong></span> <span class='ocrx_word' id='word_1_434' title='bbox 3061 2750 3284 2816; x_wconf 88' lang='lat' dir='ltr'><strong>dicitur,</strong></span> 
     </span>
    </p>
   </div>
   <div class='ocr_carea' id='block_1_59' title="bbox 1700 2841 3285 2912">
    <p class='ocr_par' dir='ltr' id='par_1_59' title="bbox 1700 2841 3285 2912">
     <span class='ocr_line' id='line_1_59' title="bbox 1700 2841 3285 2912; baseline -0.005 -6"><span class='ocrx_word' id='word_1_435' title='bbox 1700 2860 1760 2906; x_wconf 91' lang='lat' dir='ltr'><strong>ut</strong></span> <span class='ocrx_word' id='word_1_436' title='bbox 1788 2851 1917 2905; x_wconf 89' lang='lat' dir='ltr'><strong>alibi</strong></span> <span class='ocrx_word' id='word_1_437' title='bbox 1958 2849 2068 2904; x_wconf 83' lang='lat' dir='ltr'><strong>dux</strong></span> <span class='ocrx_word' id='word_1_438' title='bbox 2097 2847 2373 2904; x_wconf 77' lang='lat' dir='ltr'><strong>exercitus</strong></span> <span class='ocrx_word' id='word_1_439' title='bbox 2403 2853 2458 2899; x_wconf 89' lang='lat' dir='ltr'><strong>et</strong></span> <span class='ocrx_word' id='word_1_440' title='bbox 2495 2844 2716 2899; x_wconf 91' lang='lat' dir='ltr'><strong>virtutis</strong></span> <span class='ocrx_word' id='word_1_441' title='bbox 2743 2841 2982 2903; x_wconf 86' lang='lat' dir='ltr'><strong>Domini.</strong></span> <span class='ocrx_word' id='word_1_442' title='bbox 3006 2857 3070 2897; x_wconf 89' lang='lat' dir='ltr'><strong>ac</strong></span> <span class='ocrx_word' id='word_1_443' title='bbox 3101 2843 3285 2912; x_wconf 77' lang='lat' dir='ltr'><strong>magni</strong></span> 
     </span>
    </p>
   </div>
   <div class='ocr_carea' id='block_1_60' title="bbox 1702 2935 3286 3013">
    <p class='ocr_par' dir='ltr' id='par_1_60' title="bbox 1702 2935 3286 3013">
     <span class='ocr_line' id='line_1_60' title="bbox 1702 2935 3286 3013; baseline -0.006 -14"><span class='ocrx_word' id='word_1_444' title='bbox 1702 2943 1920 2999; x_wconf 78' lang='lat' dir='ltr'><strong>consilii</strong></span> <span class='ocrx_word' id='word_1_445' title='bbox 1953 2940 2216 3013; x_wconf 82' lang='lat' dir='ltr'><strong>Angelus.</strong></span> <span class='ocrx_word' id='word_1_446' title='bbox 2243 2937 2371 2994; x_wconf 85' lang='lat' dir='ltr'><strong>Jesu</strong></span> <span class='ocrx_word' id='word_1_447' title='bbox 2403 2937 2589 3006; x_wconf 86' lang='lat' dir='ltr'><strong>itaque</strong></span> <span class='ocrx_word' id='word_1_448' title='bbox 2636 2935 2842 3007; x_wconf 81' lang='lat' dir='ltr'><strong>Moysis</strong></span> <span class='ocrx_word' id='word_1_449' title='bbox 2863 2935 3196 2999; x_wconf 88' lang='lat' dir='ltr'><strong>successori,</strong></span> <span class='ocrx_word' id='word_1_450' title='bbox 3230 2936 3286 2990; x_wconf 91' lang='lat' dir='ltr'><strong>in</strong></span> 
     </span>
    </p>
   </div>
   <div class='ocr_carea' id='block_1_61' title="bbox 1700 3025 3286 3102">
    <p class='ocr_par' dir='ltr' id='par_1_61' title="bbox 1700 3025 3286 3102">
     <span class='ocr_line' id='line_1_61' title="bbox 1700 3025 3286 3102; baseline -0.006 -12"><span class='ocrx_word' id='word_1_451' title='bbox 1700 3035 1876 3091; x_wconf 84' lang='lat' dir='ltr'><strong>forma</strong></span> <span class='ocrx_word' id='word_1_452' title='bbox 1919 3032 2160 3089; x_wconf 89' lang='lat' dir='ltr'><strong>hominis</strong></span> <span class='ocrx_word' id='word_1_453' title='bbox 2190 3044 2461 3102; x_wconf 84' lang='lat' dir='ltr'><strong>apparens</strong></span> <span class='ocrx_word' id='word_1_454' title='bbox 2502 3029 2628 3099; x_wconf 89' lang='lat' dir='ltr'><strong>quis</strong></span> <span class='ocrx_word' id='word_1_455' title='bbox 2662 3029 2780 3098; x_wconf 86' lang='lat' dir='ltr'><strong>ipse</strong></span> <span class='ocrx_word' id='word_1_456' title='bbox 2808 3034 2955 3082; x_wconf 88' lang='lat' dir='ltr'><strong>esset</strong></span> <span class='ocrx_word' id='word_1_457' title='bbox 2985 3025 3286 3081; x_wconf 84' lang='lat' dir='ltr'><strong>conﬁteba-</strong></span> 
     </span>
    </p>
   </div>
   <div class='ocr_carea' id='block_1_62' title="bbox 47 3121 1600 3212">
    <p class='ocr_par' dir='ltr' id='par_1_62' title="bbox 47 3125 1600 3208">
     <span class='ocr_line' id='line_1_62' title="bbox 47 3125 1600 3208; baseline 0.008 -31"><span class='ocrx_word' id='word_1_458' title='bbox 47 3125 105 3188; x_wconf 79' lang='grc' dir='ltr'>ὡς</span> <span class='ocrx_word' id='word_1_459' title='bbox 129 3128 180 3180; x_wconf 84' lang='grc' dir='ltr'><strong>ὲν</strong></span> <span class='ocrx_word' id='word_1_460' title='bbox 219 3129 428 3201; x_wconf 82' lang='grc' dir='ltr'>ἑτέροις</span> <span class='ocrx_word' id='word_1_461' title='bbox 460 3131 898 3204; x_wconf 78' lang='grc' dir='ltr'><strong>ἀρχιστράτηγος</strong></span> <span class='ocrx_word' id='word_1_462' title='bbox 937 3136 1218 3208; x_wconf 84' lang='grc' dir='ltr'>δυνάμεως</span> <span class='ocrx_word' id='word_1_463' title='bbox 1253 3137 1458 3208; x_wconf 77' lang='grc' dir='ltr'>Κυρίου</span> <span class='ocrx_word' id='word_1_464' title='bbox 1505 3137 1600 3190; x_wconf 75' lang='grc' dir='ltr'>καὶ</span> 
     </span>
    </p>
   </div>
   <div class='ocr_carea' id='block_1_63' title="bbox 1703 3121 3290 3212">
    <p class='ocr_par' dir='ltr' id='par_1_63' title="bbox 1704 3121 3290 3195">
     <span class='ocr_line' id='line_1_63' title="bbox 1704 3121 3290 3195; baseline -0.006 -12"><span class='ocrx_word' id='word_1_465' title='bbox 1704 3137 1815 3190; x_wconf 88' lang='lat' dir='ltr'><strong>tur.</strong></span> <span class='ocrx_word' id='word_1_466' title='bbox 1858 3129 2048 3183; x_wconf 85' lang='lat' dir='ltr'><strong>dicens</strong></span> <span class='ocrx_word' id='word_1_467' title='bbox 2082 3145 2094 3180; x_wconf 93' lang='lat'>:</span> <span class='ocrx_word' id='word_1_468' title='bbox 2133 3123 2246 3195; x_wconf 85' lang='lat' dir='ltr'><strong>Ego</strong></span> <span class='ocrx_word' id='word_1_469' title='bbox 2277 3140 2396 3178; x_wconf 87' lang='lat' dir='ltr'><strong>sum</strong></span> <span class='ocrx_word' id='word_1_470' title='bbox 2443 3123 2554 3175; x_wconf 78' lang='lat' dir='ltr'><strong>dua:</strong></span> <span class='ocrx_word' id='word_1_471' title='bbox 2597 3121 2923 3175; x_wconf 63' lang='lat' dir='ltr'><strong>exercituum</strong></span> <span class='ocrx_word' id='word_1_472' title='bbox 2979 3129 3028 3174; x_wconf 88' lang='lat' dir='ltr'><strong>et</strong></span> <span class='ocrx_word' id='word_1_473' title='bbox 3075 3121 3290 3178; x_wconf 74' lang='lat' dir='ltr'><strong>virtutis</strong></span> 
     </span>
    </p>
   </div>
   <div class='ocr_carea' id='block_1_64' title="bbox 47 3211 1600 3298">
    <p class='ocr_par' dir='ltr' id='par_1_64' title="bbox 47 3219 1600 3298">
     <span class='ocr_line' id='line_1_64' title="bbox 47 3219 1600 3298; baseline 0.008 -28"><span class='ocrx_word' id='word_1_474' title='bbox 47 3219 256 3292; x_wconf 80' lang='grc' dir='ltr'><strong>μεγάλης</strong></span> <span class='ocrx_word' id='word_1_475' title='bbox 268 3221 755 3293; x_wconf 77' lang='grc' dir='ltr'>βουλῆςἊγγελος.</span> <span class='ocrx_word' id='word_1_476' title='bbox 769 3227 858 3298; x_wconf 83' lang='grc' dir='ltr'><strong>Τῷ</strong></span> <span class='ocrx_word' id='word_1_477' title='bbox 879 3228 974 3298; x_wconf 84' lang='grc' dir='ltr'>μὲν</span> <span class='ocrx_word' id='word_1_478' title='bbox 990 3223 1082 3282; x_wconf 73' lang='grc' dir='ltr'><strong>οὖν</strong></span> <span class='ocrx_word' id='word_1_479' title='bbox 1096 3229 1600 3298; x_wconf 83' lang='grc' dir='ltr'>διαδόχῳΜωῦσὲως</span> 
     </span>
    </p>
   </div>
   <div class='ocr_carea' id='block_1_65' title="bbox 1703 3211 3287 3298">
    <p class='ocr_par' dir='ltr' id='par_1_65' title="bbox 1704 3211 3287 3276">
     <span class='ocr_line' id='line_1_65' title="bbox 1704 3211 3287 3276; baseline -0.006 0"><span class='ocrx_word' id='word_1_480' title='bbox 1704 3221 1920 3276; x_wconf 79' lang='lat' dir='ltr'><strong>Domini</strong></span> <span class='ocrx_word' id='word_1_481' title='bbox 1948 3220 2014 3273; x_wconf 76' lang='lat'><strong>“.</strong></span> <span class='ocrx_word' id='word_1_482' title='bbox 2052 3217 2110 3272; x_wconf 84' lang='lat' dir='ltr'><strong>ln</strong></span> <span class='ocrx_word' id='word_1_483' title='bbox 2130 3217 2268 3272; x_wconf 86' lang='lat' dir='ltr'><strong>lsaia</strong></span> <span class='ocrx_word' id='word_1_484' title='bbox 2293 3231 2421 3271; x_wconf 89' lang='lat' dir='ltr'><strong>vero</strong></span> <span class='ocrx_word' id='word_1_485' title='bbox 2450 3214 2656 3268; x_wconf 86' lang='lat' dir='ltr'><strong>dictum</strong></span> <span class='ocrx_word' id='word_1_486' title='bbox 2683 3223 2769 3268; x_wconf 90' lang='lat' dir='ltr'><strong>est</strong></span> <span class='ocrx_word' id='word_1_487' title='bbox 2795 3231 2807 3268; x_wconf 94' lang='lat'><strong>:</strong></span> <span class='ocrx_word' id='word_1_488' title='bbox 2851 3211 2994 3266; x_wconf 87' lang='lat' dir='ltr'><strong>Puer</strong></span> <span class='ocrx_word' id='word_1_489' title='bbox 3021 3223 3175 3266; x_wconf 86' lang='lat' dir='ltr'><strong>natus</strong></span> <span class='ocrx_word' id='word_1_490' title='bbox 3207 3222 3287 3266; x_wconf 86' lang='lat' dir='ltr'><strong>est</strong></span> 
     </span>
    </p>
   </div>
   <div class='ocr_carea' id='block_1_66' title="bbox 53 3310 1600 3392">
    <p class='ocr_par' dir='ltr' id='par_1_66' title="bbox 53 3310 1600 3392">
     <span class='ocr_line' id='line_1_66' title="bbox 53 3310 1600 3392; baseline 0.008 -30"><span class='ocrx_word' id='word_1_491' title='bbox 53 3310 234 3381; x_wconf 81' lang='grc' dir='ltr'><strong>Ἰησοῦ,</strong></span> <span class='ocrx_word' id='word_1_492' title='bbox 267 3315 323 3367; x_wconf 83' lang='grc' dir='ltr'>ὲν</span> <span class='ocrx_word' id='word_1_493' title='bbox 360 3316 604 3386; x_wconf 82' lang='grc' dir='ltr'>σχήματι</span> <span class='ocrx_word' id='word_1_494' title='bbox 638 3317 829 3388; x_wconf 83' lang='grc' dir='ltr'>ἀνδρὸς</span> <span class='ocrx_word' id='word_1_495' title='bbox 863 3320 1086 3389; x_wconf 80' lang='grc' dir='ltr'>φανεὶς,</span> <span class='ocrx_word' id='word_1_496' title='bbox 1121 3321 1310 3374; x_wconf 80' lang='grc' dir='ltr'>ἑαυτὸν</span> <span class='ocrx_word' id='word_1_497' title='bbox 1333 3320 1600 3392; x_wconf 78' lang='grc' dir='ltr'><strong>ὡμολόγει</strong></span> 
     </span>
    </p>
   </div>
   <div class='ocr_carea' id='block_1_67' title="bbox 47 3399 1601 3483">
    <p class='ocr_par' dir='ltr' id='par_1_67' title="bbox 47 3399 1601 3483">
     <span class='ocr_line' id='line_1_67' title="bbox 47 3399 1601 3483; baseline 0.011 -31"><span class='ocrx_word' id='word_1_498' title='bbox 47 3403 164 3466; x_wconf 69' lang='grc' dir='ltr'>ὅστις</span> <span class='ocrx_word' id='word_1_499' title='bbox 175 3399 238 3476; x_wconf 77' lang='grc' dir='ltr'><strong>ἦν</strong></span> <span class='ocrx_word' id='word_1_500' title='bbox 257 3405 435 3476; x_wconf 78' lang='grc' dir='ltr'>λέγων</span> <span class='ocrx_word' id='word_1_501' title='bbox 453 3423 464 3435; x_wconf 76' lang='grc'><strong><em>⁸</em></strong></span> <span class='ocrx_word' id='word_1_502' title='bbox 502 3406 647 3476; x_wconf 74' lang='grc' dir='ltr'><strong>Ἐγώ</strong></span> <span class='ocrx_word' id='word_1_503' title='bbox 667 3411 784 3479; x_wconf 76' lang='grc' dir='ltr'>εἰμι</span> <span class='ocrx_word' id='word_1_504' title='bbox 799 3410 1274 3480; x_wconf 77' lang='grc' dir='ltr'><strong>ἀρχιστράτηγος</strong></span> <span class='ocrx_word' id='word_1_505' title='bbox 1297 3411 1601 3483; x_wconf 82' lang='grc' dir='ltr'>δυνάμεως</span> 
     </span>
    </p>
   </div>
   <div class='ocr_carea' id='block_1_68' title="bbox 47 3497 1601 3572">
    <p class='ocr_par' dir='ltr' id='par_1_68' title="bbox 47 3497 1601 3572">
     <span class='ocr_line' id='line_1_68' title="bbox 47 3497 1601 3572; baseline 0.006 -25"><span class='ocrx_word' id='word_1_506' title='bbox 47 3497 253 3563; x_wconf 76' lang='grc' dir='ltr'>Κυρίου.</span> <span class='ocrx_word' id='word_1_507' title='bbox 286 3499 371 3552; x_wconf 90' lang='grc' dir='ltr'><strong>Ἐν</strong></span> <span class='ocrx_word' id='word_1_508' title='bbox 399 3498 459 3553; x_wconf 85' lang='grc' dir='ltr'><strong>δὲ</strong></span> <span class='ocrx_word' id='word_1_509' title='bbox 481 3497 557 3569; x_wconf 80' lang='grc' dir='ltr'><strong>τῷ</strong></span> <span class='ocrx_word' id='word_1_510' title='bbox 584 3499 783 3571; x_wconf 72' lang='grc' dir='ltr'>Ἡσαΐᾳ</span> <span class='ocrx_word' id='word_1_511' title='bbox 805 3499 1090 3568; x_wconf 84' lang='grc' dir='ltr'>λέλεκται,</span> <span class='ocrx_word' id='word_1_512' title='bbox 1107 3503 1188 3556; x_wconf 82' lang='grc' dir='ltr'><strong>ὅτι</strong></span> <span class='ocrx_word' id='word_1_513' title='bbox 1210 3503 1454 3557; x_wconf 76' lang='grc' dir='ltr'><strong>Παιδίον</strong></span> <span class='ocrx_word' id='word_1_514' title='bbox 1476 3504 1601 3572; x_wconf 79' lang='grc' dir='ltr'>ἐγε-</span> 
     </span>
    </p>
   </div>
   <div class='ocr_carea' id='block_1_69' title="bbox 47 3587 1598 3667">
    <p class='ocr_par' dir='ltr' id='par_1_69' title="bbox 47 3587 1598 3667">
     <span class='ocr_line' id='line_1_69' title="bbox 47 3587 1598 3667; baseline 0.009 -29"><span class='ocrx_word' id='word_1_515' title='bbox 47 3587 171 3656; x_wconf 75' lang='grc' dir='ltr'><strong>νήθη</strong></span> <span class='ocrx_word' id='word_1_516' title='bbox 200 3590 342 3662; x_wconf 72' lang='grc' dir='ltr'>ἡμῖν</span> <span class='ocrx_word' id='word_1_517' title='bbox 365 3631 382 3657; x_wconf 93' lang='grc'><strong>,</strong></span> <span class='ocrx_word' id='word_1_518' title='bbox 415 3591 548 3658; x_wconf 86' lang='grc' dir='ltr'><strong>υἱὸς</strong></span> <span class='ocrx_word' id='word_1_519' title='bbox 572 3594 672 3648; x_wconf 79' lang='grc' dir='ltr'>καὶ</span> <span class='ocrx_word' id='word_1_520' title='bbox 702 3594 879 3663; x_wconf 78' lang='grc' dir='ltr'><em>ἐδόθη</em></span> <span class='ocrx_word' id='word_1_521' title='bbox 912 3595 1076 3666; x_wconf 75' lang='grc' dir='ltr'>ἡμῖν.</span> <span class='ocrx_word' id='word_1_522' title='bbox 1134 3592 1217 3652; x_wconf 85' lang='grc' dir='ltr'><strong><em>υῦ</em></strong></span> <span class='ocrx_word' id='word_1_523' title='bbox 1246 3597 1285 3663; x_wconf 72' lang='grc' dir='ltr'><strong><em>ἡ</em></strong></span> <span class='ocrx_word' id='word_1_524' title='bbox 1318 3596 1473 3667; x_wconf 79' lang='grc' dir='ltr'><strong>ἀρχὴ</strong></span> <span class='ocrx_word' id='word_1_525' title='bbox 1499 3598 1598 3652; x_wconf 77' lang='grc' dir='ltr'><strong>ἐπὶ</strong></span> 
     </span>
    </p>
   </div>
   <div class='ocr_carea' id='block_1_70' title="bbox 47 3682 1600 3761">
    <p class='ocr_par' dir='ltr' id='par_1_70' title="bbox 47 3682 1600 3761">
     <span class='ocr_line' id='line_1_70' title="bbox 47 3682 1600 3761; baseline 0.008 -28"><span class='ocrx_word' id='word_1_526' title='bbox 47 3682 130 3734; x_wconf 82' lang='grc' dir='ltr'>τοῦ</span> <span class='ocrx_word' id='word_1_527' title='bbox 149 3682 301 3752; x_wconf 83' lang='grc' dir='ltr'>ὤμου</span> <span class='ocrx_word' id='word_1_528' title='bbox 322 3686 538 3752; x_wconf 82' lang='grc' dir='ltr'>αὑτοῦ,</span> <span class='ocrx_word' id='word_1_529' title='bbox 569 3687 666 3742; x_wconf 80' lang='grc' dir='ltr'>καὶ</span> <span class='ocrx_word' id='word_1_530' title='bbox 691 3687 958 3743; x_wconf 79' lang='grc' dir='ltr'>καλεῖται</span> <span class='ocrx_word' id='word_1_531' title='bbox 989 3688 1057 3742; x_wconf 85' lang='grc' dir='ltr'>τὸ</span> <span class='ocrx_word' id='word_1_532' title='bbox 1081 3688 1273 3757; x_wconf 82' lang='grc' dir='ltr'>ὄνομα</span> <span class='ocrx_word' id='word_1_533' title='bbox 1304 3691 1488 3744; x_wconf 86' lang='grc' dir='ltr'>αὐτοῦ</span> <span class='ocrx_word' id='word_1_534' title='bbox 1505 3709 1600 3761; x_wconf 67' lang='grc' dir='ltr'>μευ</span> 
     </span>
    </p>
   </div>
   <div class='ocr_carea' id='block_1_71' title="bbox 47 3772 1600 3855">
    <p class='ocr_par' dir='ltr' id='par_1_71' title="bbox 47 3772 1600 3855">
     <span class='ocr_line' id='line_1_71' title="bbox 47 3772 1600 3855; baseline 0.008 -30"><span class='ocrx_word' id='word_1_535' title='bbox 47 3772 206 3841; x_wconf 65' lang='grc' dir='ltr'>πάλης</span> <span class='ocrx_word' id='word_1_536' title='bbox 221 3775 766 3849; x_wconf 74' lang='grc' dir='ltr'>βουλῆςᾌττελος.</span> <span class='ocrx_word' id='word_1_537' title='bbox 792 3779 952 3833; x_wconf 80' lang='grc' dir='ltr'>Κατὰ</span> <span class='ocrx_word' id='word_1_538' title='bbox 971 3780 1027 3834; x_wconf 81' lang='grc' dir='ltr'><em>δὲ</em></span> <span class='ocrx_word' id='word_1_539' title='bbox 1041 3783 1167 3844; x_wconf 84' lang='grc' dir='ltr'>τοὺς</span> <span class='ocrx_word' id='word_1_540' title='bbox 1190 3781 1407 3847; x_wconf 80' lang='grc' dir='ltr'>λοιποὺς</span> <span class='ocrx_word' id='word_1_541' title='bbox 1430 3784 1600 3855; x_wconf 77' lang='grc' dir='ltr'>ἑρμη-</span> 
     </span>
    </p>
   </div>
   <div class='ocr_carea' id='block_1_72' title="bbox 47 3866 1596 3947">
    <p class='ocr_par' dir='ltr' id='par_1_72' title="bbox 47 3866 1596 3947">
     <span class='ocr_line' id='line_1_72' title="bbox 47 3866 1596 3947; baseline 0.011 -32"><span class='ocrx_word' id='word_1_542' title='bbox 47 3866 233 3930; x_wconf 68' lang='grc' dir='ltr'>κευτάςο</span> <span class='ocrx_word' id='word_1_543' title='bbox 264 3869 413 3936; x_wconf 85' lang='grc' dir='ltr'><strong>Θεὸς</strong></span> <span class='ocrx_word' id='word_1_544' title='bbox 448 3869 724 3938; x_wconf 82' lang='grc' dir='ltr'>δυνατὸς,</span> <span class='ocrx_word' id='word_1_545' title='bbox 747 3871 1182 3942; x_wconf 79' lang='grc' dir='ltr'>ἐξουσιαστὴς,</span> <span class='ocrx_word' id='word_1_546' title='bbox 1217 3877 1417 3945; x_wconf 73' lang='grc' dir='ltr'>ἅρχων</span> <span class='ocrx_word' id='word_1_547' title='bbox 1437 3878 1596 3947; x_wconf 74' lang='grc' dir='ltr'>εἰρή-</span> 
     </span>
    </p>
   </div>
   <div class='ocr_carea' id='block_1_73' title="bbox 47 3960 1597 4030">
    <p class='ocr_par' dir='ltr' id='par_1_73' title="bbox 47 3960 1597 4030">
     <span class='ocr_line' id='line_1_73' title="bbox 47 3960 1597 4030; baseline 0.012 -25"><span class='ocrx_word' id='word_1_548' title='bbox 47 3971 136 4022; x_wconf 66' lang='grc' dir='ltr'>νης</span> <span class='ocrx_word' id='word_1_549' title='bbox 159 3998 173 4022; x_wconf 89' lang='grc'><strong>,</strong></span> <span class='ocrx_word' id='word_1_550' title='bbox 204 3960 402 4030; x_wconf 79' lang='grc' dir='ltr'>πατὴρ</span> <span class='ocrx_word' id='word_1_551' title='bbox 441 3961 674 4030; x_wconf 67' lang='grc' dir='ltr'>αἰῶνος.</span> <span class='ocrx_word' id='word_1_552' title='bbox 744 3962 916 4017; x_wconf 83' lang='grc' dir='ltr'>Τοῦτο</span> <span class='ocrx_word' id='word_1_553' title='bbox 945 3965 1122 4019; x_wconf 80' lang='grc' dir='ltr'>τοίνυν</span> <span class='ocrx_word' id='word_1_554' title='bbox 1151 3966 1458 4022; x_wconf 86' lang='grc' dir='ltr'>διδάσκεται</span> <span class='ocrx_word' id='word_1_555' title='bbox 1493 3970 1597 4023; x_wconf 85' lang='grc' dir='ltr'><strong>ὑπὸ</strong></span> 
     </span>
    </p>
   </div>
   <div class='ocr_carea' id='block_1_74' title="bbox 47 4048 1597 4130">
    <p class='ocr_par' dir='ltr' id='par_1_74' title="bbox 47 4048 1597 4130">
     <span class='ocr_line' id='line_1_74' title="bbox 47 4048 1597 4130; baseline 0.01 -32"><span class='ocrx_word' id='word_1_556' title='bbox 47 4048 116 4099; x_wconf 76' lang='grc' dir='ltr'><strong>τοῦ</strong></span> <span class='ocrx_word' id='word_1_557' title='bbox 146 4050 460 4121; x_wconf 83' lang='grc' dir='ltr'>Πνεύματος</span> <span class='ocrx_word' id='word_1_558' title='bbox 493 4052 592 4106; x_wconf 80' lang='grc' dir='ltr'>τοῦ</span> <span class='ocrx_word' id='word_1_559' title='bbox 629 4054 970 4126; x_wconf 80' lang='grc' dir='ltr'>προφητικοῦ</span> <span class='ocrx_word' id='word_1_560' title='bbox 1002 4057 1166 4128; x_wconf 84' lang='grc' dir='ltr'>εὐχὴν</span> <span class='ocrx_word' id='word_1_561' title='bbox 1197 4058 1537 4130; x_wconf 78' lang='grc' dir='ltr'><strong>ἀναπέμπειν</strong></span> <span class='ocrx_word' id='word_1_562' title='bbox 1569 4064 1597 4115; x_wconf 84' lang='grc' dir='ltr'><strong>ὁ</strong></span> 
     </span>
    </p>
   </div>
   <div class='ocr_carea' id='block_1_75' title="bbox 47 4141 1596 4221">
    <p class='ocr_par' dir='ltr' id='par_1_75' title="bbox 47 4141 1596 4221">
     <span class='ocr_line' id='line_1_75' title="bbox 47 4141 1596 4221; baseline 0.012 -31"><span class='ocrx_word' id='word_1_563' title='bbox 47 4141 392 4211; x_wconf 78' lang='grc' dir='ltr'>καταλειφθεὶς</span> <span class='ocrx_word' id='word_1_564' title='bbox 431 4144 635 4216; x_wconf 78' lang='grc' dir='ltr'>ἔρημος</span> <span class='ocrx_word' id='word_1_565' title='bbox 665 4146 791 4212; x_wconf 85' lang='grc' dir='ltr'>λαὸς</span> <span class='ocrx_word' id='word_1_566' title='bbox 813 4189 827 4212; x_wconf 94' lang='grc'><strong>,</strong></span> <span class='ocrx_word' id='word_1_567' title='bbox 864 4149 958 4202; x_wconf 79' lang='grc' dir='ltr'><strong>καὶ</strong></span> <span class='ocrx_word' id='word_1_568' title='bbox 984 4149 1133 4220; x_wconf 78' lang='grc' dir='ltr'>αὐτῷ</span> <span class='ocrx_word' id='word_1_569' title='bbox 1164 4149 1370 4218; x_wconf 79' lang='grc' dir='ltr'>λέγειν’</span> <span class='ocrx_word' id='word_1_570' title='bbox 1419 4153 1596 4221; x_wconf 84' lang='grc' dir='ltr'>Κύριε</span> 
     </span>
    </p>
   </div>
   <div class='ocr_carea' id='block_1_76' title="bbox 47 4232 1598 4312">
    <p class='ocr_par' dir='ltr' id='par_1_76' title="bbox 47 4232 1598 4312">
     <span class='ocr_line' id='line_1_76' title="bbox 47 4232 1598 4312; baseline 0.008 -28"><span class='ocrx_word' id='word_1_571' title='bbox 47 4233 64 4282; x_wconf 71' lang='lat'><em>5</em></span> <span class='ocrx_word' id='word_1_572' title='bbox 93 4232 224 4300; x_wconf 80' lang='grc' dir='ltr'>Θεὸς</span> <span class='ocrx_word' id='word_1_573' title='bbox 249 4235 368 4288; x_wconf 85' lang='grc' dir='ltr'>τῶν</span> <span class='ocrx_word' id='word_1_574' title='bbox 401 4234 715 4306; x_wconf 76' lang='grc' dir='ltr'><strong>δυνάμεων</strong></span> <span class='ocrx_word' id='word_1_575' title='bbox 734 4278 749 4302; x_wconf 95' lang='grc'><strong>,</strong></span> <span class='ocrx_word' id='word_1_576' title='bbox 803 4239 913 4306; x_wconf 84' lang='grc' dir='ltr'>ἓως</span> <span class='ocrx_word' id='word_1_577' title='bbox 946 4241 1090 4294; x_wconf 84' lang='grc' dir='ltr'>πότε</span> <span class='ocrx_word' id='word_1_578' title='bbox 1126 4241 1324 4312; x_wconf 77' lang='grc' dir='ltr'><strong>ὀργίζῃ</strong></span> <span class='ocrx_word' id='word_1_579' title='bbox 1355 4243 1455 4295; x_wconf 82' lang='grc' dir='ltr'><strong>ἐπὶ</strong></span> <span class='ocrx_word' id='word_1_580' title='bbox 1483 4243 1598 4311; x_wconf 78' lang='grc' dir='ltr'>τὴν</span> 
     </span>
    </p>
   </div>
   <div class='ocr_carea' id='block_1_77' title="bbox 47 4327 1594 4396">
    <p class='ocr_par' dir='ltr' id='par_1_77' title="bbox 47 4327 1594 4396">
     <span class='ocr_line' id='line_1_77' title="bbox 47 4327 1594 4396; baseline 0.01 -21"><span class='ocrx_word' id='word_1_581' title='bbox 47 4327 366 4396; x_wconf 72' lang='grc' dir='ltr'>προσευχὴν</span> <span class='ocrx_word' id='word_1_582' title='bbox 382 4329 493 4382; x_wconf 87' lang='grc' dir='ltr'>τοῦ</span> <span class='ocrx_word' id='word_1_583' title='bbox 518 4329 744 4384; x_wconf 82' lang='grc' dir='ltr'>δούλου</span> <span class='ocrx_word' id='word_1_584' title='bbox 769 4346 885 4386; x_wconf 83' lang='grc' dir='ltr'><strong>σου</strong></span> <span class='ocrx_word' id='word_1_585' title='bbox 898 4348 918 4396; x_wconf 87' lang='grc'><em>;</em></span> <span class='ocrx_word' id='word_1_586' title='bbox 957 4332 1094 4388; x_wconf 84' lang='grc' dir='ltr'><strong>Ἀνθ’</strong></span> <span class='ocrx_word' id='word_1_587' title='bbox 1110 4328 1172 4386; x_wconf 74' lang='grc' dir='ltr'>οὗ</span> <span class='ocrx_word' id='word_1_588' title='bbox 1195 4335 1244 4386; x_wconf 82' lang='grc' dir='ltr'><strong>οἱ</strong></span> <span class='ocrx_word' id='word_1_589' title='bbox 1267 4334 1444 4389; x_wconf 78' lang='grc' dir='ltr'>λοιποὶ</span> <span class='ocrx_word' id='word_1_590' title='bbox 1469 4336 1594 4391; x_wconf 84' lang='grc' dir='ltr'><strong>πάν-</strong></span> 
     </span>
    </p>
   </div>
   <div class='ocr_carea' id='block_1_78' title="bbox 47 4419 1594 4498">
    <p class='ocr_par' dir='ltr' id='par_1_78' title="bbox 47 4419 1594 4498">
     <span class='ocr_line' id='line_1_78' title="bbox 47 4419 1594 4498; baseline 0.008 -30"><span class='ocrx_word' id='word_1_591' title='bbox 47 4432 112 4478; x_wconf 75' lang='grc' dir='ltr'><strong>τες</strong></span> <span class='ocrx_word' id='word_1_592' title='bbox 146 4419 478 4492; x_wconf 76' lang='grc' dir='ltr'>ἑρμηνευταὶ</span> <span class='ocrx_word' id='word_1_593' title='bbox 500 4460 516 4485; x_wconf 86' lang='grc'><strong>,</strong></span> <span class='ocrx_word' id='word_1_594' title='bbox 549 4422 656 4477; x_wconf 87' lang='grc' dir='ltr'>τοῦ</span> <span class='ocrx_word' id='word_1_595' title='bbox 687 4423 843 4477; x_wconf 79' lang='grc' dir='ltr'>λαοῦ</span> <span class='ocrx_word' id='word_1_596' title='bbox 891 4441 1038 4492; x_wconf 89' lang='grc' dir='ltr'>σου,</span> <span class='ocrx_word' id='word_1_597' title='bbox 1067 4426 1440 4498; x_wconf 82' lang='grc' dir='ltr'>ἡρμήνευσαν.</span> <span class='ocrx_word' id='word_1_598' title='bbox 1503 4430 1594 4482; x_wconf 86' lang='grc' dir='ltr'><strong>Δι-</strong></span> 
     </span>
    </p>
   </div>
   <div class='ocr_carea' id='block_1_79' title="bbox 1703 3304 3285 3382">
    <p class='ocr_par' dir='ltr' id='par_1_79' title="bbox 1703 3304 3285 3382">
     <span class='ocr_line' id='line_1_79' title="bbox 1703 3304 3285 3382; baseline -0.006 -14"><span class='ocrx_word' id='word_1_599' title='bbox 1703 3315 1875 3377; x_wconf 86' lang='lat' dir='ltr'><strong>nobis,</strong></span> <span class='ocrx_word' id='word_1_600' title='bbox 1927 3323 1978 3366; x_wconf 83' lang='lat' dir='ltr'><strong>et</strong></span> <span class='ocrx_word' id='word_1_601' title='bbox 2017 3311 2162 3382; x_wconf 80' lang='lat' dir='ltr'><strong>ﬁlius</strong></span> <span class='ocrx_word' id='word_1_602' title='bbox 2212 3309 2370 3363; x_wconf 82' lang='lat' dir='ltr'><strong>datus</strong></span> <span class='ocrx_word' id='word_1_603' title='bbox 2415 3317 2493 3362; x_wconf 87' lang='lat' dir='ltr'><strong>est</strong></span> <span class='ocrx_word' id='word_1_604' title='bbox 2538 3306 2707 3361; x_wconf 87' lang='lat' dir='ltr'><strong>nobis.</strong></span> <span class='ocrx_word' id='word_1_605' title='bbox 2742 3304 2909 3374; x_wconf 85' lang='lat' dir='ltr'><strong>Cujus</strong></span> <span class='ocrx_word' id='word_1_606' title='bbox 2957 3307 3285 3376; x_wconf 84' lang='lat' dir='ltr'><strong>principatus</strong></span> 
     </span>
    </p>
   </div>
   <div class='ocr_carea' id='block_1_80' title="bbox 1701 3398 3287 3476">
    <p class='ocr_par' dir='ltr' id='par_1_80' title="bbox 1701 3398 3287 3476">
     <span class='ocr_line' id='line_1_80' title="bbox 1701 3398 3287 3476; baseline -0.006 -15"><span class='ocrx_word' id='word_1_607' title='bbox 1701 3423 1858 3476; x_wconf 85' lang='lat' dir='ltr'><strong>super</strong></span> <span class='ocrx_word' id='word_1_608' title='bbox 1894 3404 2167 3459; x_wconf 85' lang='lat' dir='ltr'><strong>humerum</strong></span> <span class='ocrx_word' id='word_1_609' title='bbox 2195 3403 2332 3472; x_wconf 83' lang='lat' dir='ltr'><strong>ejus,</strong></span> <span class='ocrx_word' id='word_1_610' title='bbox 2358 3410 2410 3455; x_wconf 82' lang='lat' dir='ltr'><strong>et</strong></span> <span class='ocrx_word' id='word_1_611' title='bbox 2435 3398 2708 3455; x_wconf 79' lang='lat' dir='ltr'><strong>vocabitur</strong></span> <span class='ocrx_word' id='word_1_612' title='bbox 2735 3414 2921 3452; x_wconf 88' lang='lat' dir='ltr'><strong>nomen</strong></span> <span class='ocrx_word' id='word_1_613' title='bbox 2948 3398 3062 3467; x_wconf 85' lang='lat' dir='ltr'><strong>ejus</strong></span> <span class='ocrx_word' id='word_1_614' title='bbox 3106 3399 3287 3468; x_wconf 88' lang='lat' dir='ltr'><strong>magni</strong></span> 
     </span>
    </p>
   </div>
   <div class='ocr_carea' id='block_1_81' title="bbox 1702 3490 3281 3569">
    <p class='ocr_par' dir='ltr' id='par_1_81' title="bbox 1702 3490 3281 3569">
     <span class='ocr_line' id='line_1_81' title="bbox 1702 3490 3281 3569; baseline -0.004 -14"><span class='ocrx_word' id='word_1_615' title='bbox 1702 3499 1908 3555; x_wconf 84' lang='lat' dir='ltr'><strong>consilii</strong></span> <span class='ocrx_word' id='word_1_616' title='bbox 1940 3498 2154 3569; x_wconf 85' lang='lat' dir='ltr'><strong>angelus</strong></span> <span class='ocrx_word' id='word_1_617' title='bbox 2177 3498 2242 3550; x_wconf 76' lang='grc'><strong>⁸⁷.</strong></span> <span class='ocrx_word' id='word_1_618' title='bbox 2279 3493 2590 3550; x_wconf 88' lang='lat' dir='ltr'><strong>Secundum</strong></span> <span class='ocrx_word' id='word_1_619' title='bbox 2618 3490 2862 3562; x_wconf 89' lang='lat' dir='ltr'><strong>reliquos</strong></span> <span class='ocrx_word' id='word_1_620' title='bbox 2909 3491 3232 3561; x_wconf 84' lang='lat' dir='ltr'><strong>interpretes</strong></span> <span class='ocrx_word' id='word_1_621' title='bbox 3266 3511 3281 3548; x_wconf 88' lang='lat'>:</span> 
     </span>
    </p>
   </div>
   <div class='ocr_carea' id='block_1_82' title="bbox 1700 3585 3280 3661">
    <p class='ocr_par' dir='ltr' id='par_1_82' title="bbox 1700 3585 3280 3661">
     <span class='ocr_line' id='line_1_82' title="bbox 1700 3585 3280 3661; baseline -0.004 -15"><span class='ocrx_word' id='word_1_622' title='bbox 1700 3592 1844 3648; x_wconf 88' lang='lat' dir='ltr'><strong>Deus</strong></span> <span class='ocrx_word' id='word_1_623' title='bbox 1892 3591 2072 3661; x_wconf 76' lang='lat' dir='ltr'><strong>fortis,</strong></span> <span class='ocrx_word' id='word_1_624' title='bbox 2115 3601 2324 3659; x_wconf 82' lang='lat' dir='ltr'><strong>potens,</strong></span> <span class='ocrx_word' id='word_1_625' title='bbox 2368 3588 2609 3656; x_wconf 83' lang='lat' dir='ltr'><strong>princeps</strong></span> <span class='ocrx_word' id='word_1_626' title='bbox 2665 3585 2837 3654; x_wconf 87' lang='lat' dir='ltr'><strong>pacis,</strong></span> <span class='ocrx_word' id='word_1_627' title='bbox 2888 3594 3040 3652; x_wconf 89' lang='lat' dir='ltr'><strong>pater</strong></span> <span class='ocrx_word' id='word_1_628' title='bbox 3079 3585 3280 3640; x_wconf 65' lang='lat' dir='ltr'><strong>saeculi.</strong></span> 
     </span>
    </p>
   </div>
   <div class='ocr_carea' id='block_1_83' title="bbox 1701 3676 3284 3754">
    <p class='ocr_par' dir='ltr' id='par_1_83' title="bbox 1701 3676 3284 3754">
     <span class='ocr_line' id='line_1_83' title="bbox 1701 3676 3284 3754; baseline -0.005 -15"><span class='ocrx_word' id='word_1_629' title='bbox 1701 3684 1817 3741; x_wconf 88' lang='lat' dir='ltr'><strong>Iloc</strong></span> <span class='ocrx_word' id='word_1_630' title='bbox 1849 3686 2035 3754; x_wconf 91' lang='lat' dir='ltr'><strong>itaque</strong></span> <span class='ocrx_word' id='word_1_631' title='bbox 2069 3683 2298 3738; x_wconf 90' lang='lat' dir='ltr'><strong>docetur</strong></span> <span class='ocrx_word' id='word_1_632' title='bbox 2354 3696 2386 3735; x_wconf 87' lang='lat' dir='ltr'><strong>a</strong></span> <span class='ocrx_word' id='word_1_633' title='bbox 2445 3679 2650 3748; x_wconf 89' lang='lat' dir='ltr'><strong>Spiritu</strong></span> <span class='ocrx_word' id='word_1_634' title='bbox 2701 3676 3022 3747; x_wconf 87' lang='lat' dir='ltr'><strong>prophetico</strong></span> <span class='ocrx_word' id='word_1_635' title='bbox 3051 3677 3284 3745; x_wconf 90' lang='lat' dir='ltr'><strong>populus</strong></span> 
     </span>
    </p>
   </div>
   <div class='ocr_carea' id='block_1_84' title="bbox 1699 3769 3283 3848">
    <p class='ocr_par' dir='ltr' id='par_1_84' title="bbox 1699 3769 3283 3848">
     <span class='ocr_line' id='line_1_84' title="bbox 1699 3769 3283 3848; baseline -0.007 -15"><span class='ocrx_word' id='word_1_636' title='bbox 1699 3778 1794 3848; x_wconf 90' lang='lat' dir='ltr'><strong>qui</strong></span> <span class='ocrx_word' id='word_1_637' title='bbox 1851 3776 2150 3832; x_wconf 90' lang='lat' dir='ltr'><strong>derelictus</strong></span> <span class='ocrx_word' id='word_1_638' title='bbox 2201 3783 2304 3836; x_wconf 84' lang='lat' dir='ltr'><strong>est,</strong></span> <span class='ocrx_word' id='word_1_639' title='bbox 2336 3783 2396 3827; x_wconf 91' lang='lat' dir='ltr'><strong>ut</strong></span> <span class='ocrx_word' id='word_1_640' title='bbox 2419 3772 2638 3827; x_wconf 87' lang='lat' dir='ltr'><strong>emittat</strong></span> <span class='ocrx_word' id='word_1_641' title='bbox 2679 3771 2985 3823; x_wconf 90' lang='lat' dir='ltr'><strong>orationem</strong></span> <span class='ocrx_word' id='word_1_642' title='bbox 3033 3782 3086 3822; x_wconf 88' lang='lat' dir='ltr'><strong>et</strong></span> <span class='ocrx_word' id='word_1_643' title='bbox 3135 3769 3283 3822; x_wconf 88' lang='lat' dir='ltr'><strong>dicat</strong></span> 
     </span>
    </p>
   </div>
   <div class='ocr_carea' id='block_1_85' title="bbox 1701 3862 3283 3939">
    <p class='ocr_par' dir='ltr' id='par_1_85' title="bbox 1701 3862 3283 3939">
     <span class='ocr_line' id='line_1_85' title="bbox 1701 3862 3283 3939; baseline -0.005 -17"><span class='ocrx_word' id='word_1_644' title='bbox 1701 3869 1835 3939; x_wconf 89' lang='lat' dir='ltr'><strong>ipsi:</strong></span> <span class='ocrx_word' id='word_1_645' title='bbox 1863 3867 2085 3921; x_wconf 87' lang='lat' dir='ltr'><strong>Domine</strong></span> <span class='ocrx_word' id='word_1_646' title='bbox 2115 3867 2250 3920; x_wconf 89' lang='lat' dir='ltr'><strong>Deus</strong></span> <span class='ocrx_word' id='word_1_647' title='bbox 2277 3867 2553 3930; x_wconf 73' lang='lat' dir='ltr'><strong>virtutum,</strong></span> <span class='ocrx_word' id='word_1_648' title='bbox 2571 3878 2840 3933; x_wconf 87' lang='lat' dir='ltr'><strong>quousque</strong></span> <span class='ocrx_word' id='word_1_649' title='bbox 2862 3862 3110 3915; x_wconf 85' lang='lat' dir='ltr'><strong>irasceris</strong></span> <span class='ocrx_word' id='word_1_650' title='bbox 3127 3877 3283 3929; x_wconf 85' lang='lat' dir='ltr'><strong>super</strong></span> 
     </span>
    </p>
   </div>
   <div class='ocr_carea' id='block_1_86' title="bbox 1701 3955 3280 4025">
    <p class='ocr_par' dir='ltr' id='par_1_86' title="bbox 1701 3955 3280 4025">
     <span class='ocr_line' id='line_1_86' title="bbox 1701 3955 3280 4025; baseline -0.003 -11"><span class='ocrx_word' id='word_1_651' title='bbox 1701 3961 1991 4014; x_wconf 86' lang='lat' dir='ltr'><strong>orationem</strong></span> <span class='ocrx_word' id='word_1_652' title='bbox 2037 3960 2170 4012; x_wconf 84' lang='lat' dir='ltr'><strong>servi</strong></span> <span class='ocrx_word' id='word_1_653' title='bbox 2211 3959 2326 4013; x_wconf 88' lang='lat' dir='ltr'><strong>tui?</strong></span> <span class='ocrx_word' id='word_1_654' title='bbox 2368 3955 2476 4010; x_wconf 90' lang='lat' dir='ltr'><strong>Pro</strong></span> <span class='ocrx_word' id='word_1_655' title='bbox 2501 3971 2609 4025; x_wconf 93' lang='lat' dir='ltr'><strong>quo</strong></span> <span class='ocrx_word' id='word_1_656' title='bbox 2641 3955 2839 4024; x_wconf 89' lang='lat' dir='ltr'><strong>reliqui</strong></span> <span class='ocrx_word' id='word_1_657' title='bbox 2881 3970 3073 4009; x_wconf 90' lang='lat' dir='ltr'><strong>omnes</strong></span> <span class='ocrx_word' id='word_1_658' title='bbox 3108 3955 3280 4010; x_wconf 88' lang='lat' dir='ltr'><strong>inter-</strong></span> 
     </span>
    </p>
   </div>
   <div class='ocr_carea' id='block_1_87' title="bbox 1700 4047 3280 4124">
    <p class='ocr_par' dir='ltr' id='par_1_87' title="bbox 1700 4047 3280 4124">
     <span class='ocr_line' id='line_1_87' title="bbox 1700 4047 3280 4124; baseline -0.001 -17"><span class='ocrx_word' id='word_1_659' title='bbox 1700 4060 1902 4124; x_wconf 87' lang='lat' dir='ltr'><strong>pretes,</strong></span> <span class='ocrx_word' id='word_1_660' title='bbox 1923 4053 2104 4122; x_wconf 84' lang='lat' dir='ltr'><strong>populi</strong></span> <span class='ocrx_word' id='word_1_661' title='bbox 2136 4052 2234 4115; x_wconf 85' lang='lat' dir='ltr'><strong>tui,</strong></span> <span class='ocrx_word' id='word_1_662' title='bbox 2272 4049 2612 4120; x_wconf 85' lang='lat' dir='ltr'><strong>interpretati</strong></span> <span class='ocrx_word' id='word_1_663' title='bbox 2637 4055 2787 4102; x_wconf 91' lang='lat' dir='ltr'><strong>sunt.</strong></span> <span class='ocrx_word' id='word_1_664' title='bbox 2812 4047 3089 4102; x_wconf 86' lang='lat' dir='ltr'><strong>Ducentur</strong></span> <span class='ocrx_word' id='word_1_665' title='bbox 3116 4065 3280 4118; x_wconf 88' lang='lat' dir='ltr'><strong>porro</strong></span> 
     </span>
    </p>
   </div>
   <div class='ocr_carea' id='block_1_88' title="bbox 1699 4140 3281 4216">
    <p class='ocr_par' dir='ltr' id='par_1_88' title="bbox 1699 4140 3281 4216">
     <span class='ocr_line' id='line_1_88' title="bbox 1699 4140 3281 4216; baseline -0.001 -18"><span class='ocrx_word' id='word_1_666' title='bbox 1699 4160 1892 4216; x_wconf 87' lang='lat' dir='ltr'><strong>panem</strong></span> <span class='ocrx_word' id='word_1_667' title='bbox 1922 4147 2282 4216; x_wconf 82' lang='lat' dir='ltr'><strong>lacrymarum</strong></span> <span class='ocrx_word' id='word_1_668' title='bbox 2315 4142 2604 4197; x_wconf 89' lang='lat' dir='ltr'><strong>comedere</strong></span> <span class='ocrx_word' id='word_1_669' title='bbox 2637 4155 2737 4210; x_wconf 89' lang='lat' dir='ltr'><strong>pro</strong></span> <span class='ocrx_word' id='word_1_670' title='bbox 2767 4140 2994 4195; x_wconf 90' lang='lat' dir='ltr'><strong>ausibus</strong></span> <span class='ocrx_word' id='word_1_671' title='bbox 3031 4142 3180 4205; x_wconf 86' lang='lat' dir='ltr'><strong>suis,</strong></span> <span class='ocrx_word' id='word_1_672' title='bbox 3220 4150 3281 4197; x_wconf 89' lang='lat' dir='ltr'><strong>ut</strong></span> 
     </span>
    </p>
   </div>
   <div class='ocr_carea' id='block_1_89' title="bbox 1698 4233 3276 4305">
    <p class='ocr_par' dir='ltr' id='par_1_89' title="bbox 1698 4233 3276 4305">
     <span class='ocr_line' id='line_1_89' title="bbox 1698 4233 3276 4305; baseline -0.002 -13"><span class='ocrx_word' id='word_1_673' title='bbox 1698 4237 1841 4292; x_wconf 87' lang='lat' dir='ltr'><strong>mala</strong></span> <span class='ocrx_word' id='word_1_674' title='bbox 1876 4252 1976 4293; x_wconf 90' lang='lat' dir='ltr'><strong>sua</strong></span> <span class='ocrx_word' id='word_1_675' title='bbox 2026 4236 2221 4291; x_wconf 83' lang='lat' dir='ltr'><strong>ﬂentes</strong></span> <span class='ocrx_word' id='word_1_676' title='bbox 2256 4250 2319 4289; x_wconf 87' lang='lat' dir='ltr'><strong>ac</strong></span> <span class='ocrx_word' id='word_1_677' title='bbox 2374 4234 2641 4305; x_wconf 80' lang='lat' dir='ltr'><strong>lugentes,</strong></span> <span class='ocrx_word' id='word_1_678' title='bbox 2678 4233 3111 4288; x_wconf 88' lang='lat' dir='ltr'><strong>consolationem</strong></span> <span class='ocrx_word' id='word_1_679' title='bbox 3133 4234 3276 4289; x_wconf 80' lang='lat' dir='ltr'><strong>obti-</strong></span> 
     </span>
    </p>
   </div>
   <div class='ocr_carea' id='block_1_90' title="bbox 1697 4325 3275 4396">
    <p class='ocr_par' dir='ltr' id='par_1_90' title="bbox 1697 4325 3275 4396">
     <span class='ocr_line' id='line_1_90' title="bbox 1697 4325 3275 4396; baseline -0.003 -12"><span class='ocrx_word' id='word_1_680' title='bbox 1697 4338 1882 4393; x_wconf 86' lang='lat' dir='ltr'><strong>neant,</strong></span> <span class='ocrx_word' id='word_1_681' title='bbox 1915 4337 1974 4382; x_wconf 93' lang='lat' dir='ltr'><strong>ut</strong></span> <span class='ocrx_word' id='word_1_682' title='bbox 2004 4330 2059 4383; x_wconf 92' lang='lat' dir='ltr'><strong>in</strong></span> <span class='ocrx_word' id='word_1_683' title='bbox 2093 4327 2526 4383; x_wconf 88' lang='lat' dir='ltr'><strong>beatitudinibus</strong></span> <span class='ocrx_word' id='word_1_684' title='bbox 2547 4326 2752 4380; x_wconf 87' lang='lat' dir='ltr'><strong>dicitur</strong></span> <span class='ocrx_word' id='word_1_685' title='bbox 2782 4344 2795 4379; x_wconf 91' lang='lat'>:</span> <span class='ocrx_word' id='word_1_686' title='bbox 2833 4325 2987 4379; x_wconf 83' lang='lat' dir='ltr'><strong>Beati</strong></span> <span class='ocrx_word' id='word_1_687' title='bbox 3007 4328 3098 4396; x_wconf 85' lang='lat' dir='ltr'><strong>qui</strong></span> <span class='ocrx_word' id='word_1_688' title='bbox 3125 4327 3275 4395; x_wconf 81' lang='lat' dir='ltr'><strong>ﬂent,</strong></span> 
     </span>
    </p>
   </div>
   <div class='ocr_carea' id='block_1_91' title="bbox 1695 4405 3276 4492">
    <p class='ocr_par' dir='ltr' id='par_1_91' title="bbox 1695 4405 3276 4492">
     <span class='ocr_line' id='line_1_91' title="bbox 1695 4405 3276 4492; baseline -0.002 -17"><span class='ocrx_word' id='word_1_689' title='bbox 1695 4425 1946 4492; x_wconf 88' lang='lat' dir='ltr'><strong>quoniam</strong></span> <span class='ocrx_word' id='word_1_690' title='bbox 1967 4420 2230 4475; x_wconf 84' lang='lat' dir='ltr'><strong>ridebunt.</strong></span> <span class='ocrx_word' id='word_1_691' title='bbox 2269 4420 2422 4474; x_wconf 85' lang='lat' dir='ltr'><strong>Beati</strong></span> <span class='ocrx_word' id='word_1_692' title='bbox 2445 4421 2535 4485; x_wconf 85' lang='lat' dir='ltr'><strong>qui</strong></span> <span class='ocrx_word' id='word_1_693' title='bbox 2579 4420 2771 4490; x_wconf 83' lang='lat' dir='ltr'><strong>lugent,</strong></span> <span class='ocrx_word' id='word_1_694' title='bbox 2801 4420 3051 4489; x_wconf 86' lang='lat' dir='ltr'><strong>quoniam</strong></span> <span class='ocrx_word' id='word_1_695' title='bbox 3091 4405 3276 4474; x_wconf 56' lang='lat' dir='ltr'><strong>conso:</strong></span> 
     </span>
    </p>
   </div>
   <div class='ocr_carea' id='block_1_92' title="bbox 47 4496 1600 4590">
    <p class='ocr_par' dir='ltr' id='par_1_92' title="bbox 47 4496 1596 4590">
     <span class='ocr_line' id='line_1_92' title="bbox 47 4496 1596 4590; baseline 0.012 -33"><span class='ocrx_word' id='word_1_696' title='bbox 47 4505 298 4566; x_wconf 71' lang='grc' dir='ltr'>Ξὲιςκονται</span> <span class='ocrx_word' id='word_1_697' title='bbox 341 4514 403 4567; x_wconf 80' lang='grc' dir='ltr'><strong>δὲ</strong></span> <span class='ocrx_word' id='word_1_698' title='bbox 434 4515 528 4568; x_wconf 79' lang='grc' dir='ltr'>καὶ</span> <span class='ocrx_word' id='word_1_699' title='bbox 557 4515 720 4586; x_wconf 78' lang='grc' dir='ltr'>ἄρτον</span> <span class='ocrx_word' id='word_1_700' title='bbox 751 4515 1001 4588; x_wconf 86' lang='grc' dir='ltr'>δακρύων</span> <span class='ocrx_word' id='word_1_701' title='bbox 1041 4496 1243 4573; x_wconf 78' lang='grc' dir='ltr'>ἐσθιειν</span> <span class='ocrx_word' id='word_1_702' title='bbox 1273 4521 1358 4590; x_wconf 78' lang='grc' dir='ltr'><strong>ἐφ’</strong></span> <span class='ocrx_word' id='word_1_703' title='bbox 1397 4517 1476 4586; x_wconf 72' lang='grc' dir='ltr'><strong>οἷς</strong></span> <span class='ocrx_word' id='word_1_704' title='bbox 1507 4539 1596 4575; x_wconf 82' lang='grc' dir='ltr'><strong>τε-</strong></span> 
     </span>
    </p>
   </div>
   <div class='ocr_carea' id='block_1_93' title="bbox 1703 4496 3272 4590">
    <p class='ocr_par' dir='ltr' id='par_1_93' title="bbox 1703 4512 3272 4584">
     <span class='ocr_line' id='line_1_93' title="bbox 1703 4512 3272 4584; baseline -0.001 -16"><span class='ocrx_word' id='word_1_705' title='bbox 1703 4514 1949 4569; x_wconf 88' lang='lat' dir='ltr'><strong>labuntur</strong></span> <span class='ocrx_word' id='word_1_706' title='bbox 1993 4515 2058 4568; x_wconf 75' lang='grc'><strong>⁸⁸.</strong></span> <span class='ocrx_word' id='word_1_707' title='bbox 2121 4513 2432 4569; x_wconf 89' lang='lat' dir='ltr'><strong>Secundum</strong></span> <span class='ocrx_word' id='word_1_708' title='bbox 2504 4512 2890 4584; x_wconf 83' lang='lat' dir='ltr'><strong>Symmachum</strong></span> <span class='ocrx_word' id='word_1_709' title='bbox 2945 4519 3124 4566; x_wconf 88' lang='lat' dir='ltr'><strong>autem</strong></span> <span class='ocrx_word' id='word_1_710' title='bbox 3159 4530 3172 4566; x_wconf 91' lang='lat'>:</span> <span class='ocrx_word' id='word_1_711' title='bbox 3207 4544 3272 4558; x_wconf 80' lang='grc'><strong>-</strong></span> 
     </span>
    </p>
   </div>
   <div class='ocr_carea' id='block_1_94' title="bbox 47 4598 1596 4679">
    <p class='ocr_par' dir='ltr' id='par_1_94' title="bbox 47 4598 1596 4679">
     <span class='ocr_line' id='line_1_94' title="bbox 47 4598 1596 4679; baseline 0.012 -30"><span class='ocrx_word' id='word_1_712' title='bbox 47 4598 347 4672; x_wconf 68' lang='grc' dir='ltr'>τολμήκασιν</span> <span class='ocrx_word' id='word_1_713' title='bbox 370 4622 384 4636; x_wconf 75' lang='grc' dir='ltr'>ο</span> <span class='ocrx_word' id='word_1_714' title='bbox 431 4605 521 4670; x_wconf 81' lang='grc' dir='ltr'>ἵν’,</span> <span class='ocrx_word' id='word_1_715' title='bbox 569 4605 1046 4679; x_wconf 84' lang='grc' dir='ltr'>ἀποκλαυσάμενοι</span> <span class='ocrx_word' id='word_1_716' title='bbox 1095 4609 1165 4663; x_wconf 80' lang='grc' dir='ltr'>τὰ</span> <span class='ocrx_word' id='word_1_717' title='bbox 1210 4610 1418 4664; x_wconf 80' lang='grc' dir='ltr'>ἑαυτῶν</span> <span class='ocrx_word' id='word_1_718' title='bbox 1450 4612 1596 4667; x_wconf 79' lang='grc' dir='ltr'>κακὰ</span> 
     </span>
    </p>
   </div>
   <div class='ocr_carea' id='block_1_95' title="bbox 47 4689 1598 4776">
    <p class='ocr_par' dir='ltr' id='par_1_95' title="bbox 47 4689 1598 4776">
     <span class='ocr_line' id='line_1_95' title="bbox 47 4689 1598 4776; baseline 0.012 -35"><span class='ocrx_word' id='word_1_719' title='bbox 47 4689 118 4741; x_wconf 70' lang='grc' dir='ltr'><strong>(αἱ</strong></span> <span class='ocrx_word' id='word_1_720' title='bbox 144 4693 529 4767; x_wconf 82' lang='grc' dir='ltr'>πενθήσαντες,</span> <span class='ocrx_word' id='word_1_721' title='bbox 554 4695 769 4769; x_wconf 87' lang='grc' dir='ltr'>τύχοιεν</span> <span class='ocrx_word' id='word_1_722' title='bbox 791 4700 1188 4772; x_wconf 85' lang='grc' dir='ltr'>παρακλήσεως</span> <span class='ocrx_word' id='word_1_723' title='bbox 1214 4703 1356 4757; x_wconf 82' lang='grc' dir='ltr'>κατὰ</span> <span class='ocrx_word' id='word_1_724' title='bbox 1381 4705 1473 4756; x_wconf 78' lang='grc' dir='ltr'>τὸν</span> <span class='ocrx_word' id='word_1_725' title='bbox 1494 4705 1598 4776; x_wconf 79' lang='grc' dir='ltr'><strong>φή-</strong></span> 
     </span>
    </p>
   </div>
   <div class='ocr_carea' id='block_1_96' title="bbox 47 4791 1597 4867">
    <p class='ocr_par' dir='ltr' id='par_1_96' title="bbox 47 4791 1597 4867">
     <span class='ocr_line' id='line_1_96' title="bbox 47 4791 1597 4867; baseline 0.011 -33"><span class='ocrx_word' id='word_1_726' title='bbox 47 4799 186 4839; x_wconf 64' lang='grc' dir='ltr'>ναντα</span> <span class='ocrx_word' id='word_1_727' title='bbox 217 4791 594 4861; x_wconf 83' lang='grc' dir='ltr'>μακαρισμόν·</span> <span class='ocrx_word' id='word_1_728' title='bbox 624 4793 914 4860; x_wconf 80' lang='grc' dir='ltr'>Μακάριοι</span> <span class='ocrx_word' id='word_1_729' title='bbox 942 4797 995 4848; x_wconf 82' lang='lat' dir='ltr'><strong>oi</strong></span> <span class='ocrx_word' id='word_1_730' title='bbox 1027 4795 1359 4863; x_wconf 74' lang='grc' dir='ltr'><strong>κλαίοντες,</strong></span> <span class='ocrx_word' id='word_1_731' title='bbox 1394 4796 1483 4850; x_wconf 86' lang='grc' dir='ltr'>ὅτι</span> <span class='ocrx_word' id='word_1_732' title='bbox 1503 4814 1597 4867; x_wconf 81' lang='grc' dir='ltr'>γε·</span> 
     </span>
    </p>
   </div>
   <div class='ocr_carea' id='block_1_97' title="bbox 48 4872 1596 4956">
    <p class='ocr_par' dir='ltr' id='par_1_97' title="bbox 48 4872 1596 4956">
     <span class='ocr_line' id='line_1_97' title="bbox 48 4872 1596 4956; baseline 0.011 -31"><span class='ocrx_word' id='word_1_733' title='bbox 48 4872 330 4932; x_wconf 64' lang='grc' dir='ltr'>ἰάσονται·</span> <span class='ocrx_word' id='word_1_734' title='bbox 358 4881 642 4949; x_wconf 83' lang='grc' dir='ltr'>μακάριοι</span> <span class='ocrx_word' id='word_1_735' title='bbox 665 4885 718 4936; x_wconf 83' lang='grc' dir='ltr'><strong>οὶ</strong></span> <span class='ocrx_word' id='word_1_736' title='bbox 753 4885 1116 4953; x_wconf 73' lang='grc' dir='ltr'><strong>πενθοῦντες</strong></span> <span class='ocrx_word' id='word_1_737' title='bbox 1134 4928 1148 4952; x_wconf 91' lang='grc'><strong>,</strong></span> <span class='ocrx_word' id='word_1_738' title='bbox 1173 4887 1262 4942; x_wconf 84' lang='grc' dir='ltr'>ὅτι</span> <span class='ocrx_word' id='word_1_739' title='bbox 1288 4892 1596 4956; x_wconf 75' lang='grc' dir='ltr'>παρακλη-</span> 
     </span>
    </p>
   </div>
   <div class='ocr_carea' id='block_1_98' title="bbox 48 4964 1592 5050">
    <p class='ocr_par' dir='ltr' id='par_1_98' title="bbox 48 4964 1592 5050">
     <span class='ocr_line' id='line_1_98' title="bbox 48 4964 1592 5050; baseline 0.02 -33"><span class='ocrx_word' id='word_1_740' title='bbox 48 4964 323 5032; x_wconf 69' lang='lat' dir='ltr'><strong>Macr-tat.</strong></span> <span class='ocrx_word' id='word_1_741' title='bbox 345 4973 504 5028; x_wconf 83' lang='grc' dir='ltr'><strong>Κατὰ</strong></span> <span class='ocrx_word' id='word_1_742' title='bbox 523 4974 581 5028; x_wconf 79' lang='grc' dir='ltr'>δὲ</span> <span class='ocrx_word' id='word_1_743' title='bbox 599 4974 692 5028; x_wconf 80' lang='grc' dir='ltr'>τὸν</span> <span class='ocrx_word' id='word_1_744' title='bbox 713 4975 1007 5048; x_wconf 85' lang='grc' dir='ltr'>Σύμμαχον</span> <span class='ocrx_word' id='word_1_745' title='bbox 1025 4995 1038 5009; x_wconf 74' lang='grc' dir='ltr'><strong>ο</strong></span> <span class='ocrx_word' id='word_1_746' title='bbox 1069 4979 1402 5049; x_wconf 70' lang='grc' dir='ltr'><strong>Ἐψώμισας</strong></span> <span class='ocrx_word' id='word_1_747' title='bbox 1415 4980 1592 5050; x_wconf 70' lang='grc' dir='ltr'><strong>ἡμᾶς,</strong></span> 
     </span>
    </p>
   </div>
   <div class='ocr_carea' id='block_1_99' title="bbox 47 5060 1598 5144">
    <p class='ocr_par' dir='ltr' id='par_1_99' title="bbox 47 5060 1598 5144">
     <span class='ocr_line' id='line_1_99' title="bbox 47 5060 1598 5144; baseline 0.012 -33"><span class='ocrx_word' id='word_1_748' title='bbox 47 5060 183 5126; x_wconf 61' lang='grc' dir='ltr'>μησὶν</span> <span class='ocrx_word' id='word_1_749' title='bbox 201 5101 216 5125; x_wconf 90' lang='grc'><strong>,</strong></span> <span class='ocrx_word' id='word_1_750' title='bbox 254 5062 439 5132; x_wconf 79' lang='grc' dir='ltr'>ἄρτον</span> <span class='ocrx_word' id='word_1_751' title='bbox 478 5065 752 5136; x_wconf 83' lang='grc' dir='ltr'>δακρύων</span> <span class='ocrx_word' id='word_1_752' title='bbox 771 5109 789 5133; x_wconf 88' lang='grc'><strong>,</strong></span> <span class='ocrx_word' id='word_1_753' title='bbox 836 5071 934 5123; x_wconf 82' lang='grc' dir='ltr'>καὶ</span> <span class='ocrx_word' id='word_1_754' title='bbox 957 5071 1244 5140; x_wconf 78' lang='grc' dir='ltr'>ἐπότισας</span> <span class='ocrx_word' id='word_1_755' title='bbox 1269 5073 1426 5144; x_wconf 77' lang='grc' dir='ltr'>ἡμᾶς</span> <span class='ocrx_word' id='word_1_756' title='bbox 1446 5075 1598 5143; x_wconf 80' lang='grc' dir='ltr'>μετὰ</span> 
     </span>
    </p>
   </div>
   <div class='ocr_carea' id='block_1_100' title="bbox 47 5145 1595 5236">
    <p class='ocr_par' dir='ltr' id='par_1_100' title="bbox 47 5145 1595 5236">
     <span class='ocr_line' id='line_1_100' title="bbox 47 5145 1595 5236; baseline 0.011 -34"><span class='ocrx_word' id='word_1_757' title='bbox 47 5145 288 5216; x_wconf 56' lang='lat' dir='ltr'><strong>laicqu</strong></span> <span class='ocrx_word' id='word_1_758' title='bbox 318 5156 531 5225; x_wconf 83' lang='grc' dir='ltr'>μέτρῳ.</span> <span class='ocrx_word' id='word_1_759' title='bbox 602 5159 666 5212; x_wconf 88' lang='grc' dir='ltr'><strong>Εἰ</strong></span> <span class='ocrx_word' id='word_1_760' title='bbox 697 5160 806 5232; x_wconf 84' lang='grc' dir='ltr'><strong>γὰρ</strong></span> <span class='ocrx_word' id='word_1_761' title='bbox 834 5163 928 5214; x_wconf 76' lang='grc' dir='ltr'>καὶ</span> <span class='ocrx_word' id='word_1_762' title='bbox 958 5161 1026 5216; x_wconf 81' lang='grc' dir='ltr'>τὰ</span> <span class='ocrx_word' id='word_1_763' title='bbox 1061 5163 1292 5234; x_wconf 86' lang='grc' dir='ltr'>μάλιστα</span> <span class='ocrx_word' id='word_1_764' title='bbox 1321 5165 1595 5236; x_wconf 81' lang='grc' dir='ltr'>κλαυθμοῦ</span> 
     </span>
    </p>
   </div>
   <div class='ocr_carea' id='block_1_101' title="bbox 47 5240 1595 5327">
    <p class='ocr_par' dir='ltr' id='par_1_101' title="bbox 47 5240 1595 5327">
     <span class='ocr_line' id='line_1_101' title="bbox 47 5240 1595 5327; baseline 0.013 -37"><span class='ocrx_word' id='word_1_765' title='bbox 47 5240 117 5292; x_wconf 77' lang='grc' dir='ltr'>ιαί</span> <span class='ocrx_word' id='word_1_766' title='bbox 145 5243 395 5317; x_wconf 86' lang='grc' dir='ltr'>δακρύων</span> <span class='ocrx_word' id='word_1_767' title='bbox 417 5248 554 5314; x_wconf 81' lang='grc' dir='ltr'>ἄξιοι</span> <span class='ocrx_word' id='word_1_768' title='bbox 582 5252 915 5324; x_wconf 80' lang='grc' dir='ltr'>γεγόναμεν,</span> <span class='ocrx_word' id='word_1_769' title='bbox 961 5253 1100 5311; x_wconf 80' lang='grc' dir='ltr'>ὥστε</span> <span class='ocrx_word' id='word_1_770' title='bbox 1126 5255 1247 5309; x_wconf 73' lang='grc' dir='ltr'>ἀντὶ</span> <span class='ocrx_word' id='word_1_771' title='bbox 1270 5257 1435 5326; x_wconf 85' lang='grc' dir='ltr'>ἄρτου</span> <span class='ocrx_word' id='word_1_772' title='bbox 1470 5257 1595 5327; x_wconf 79' lang='grc' dir='ltr'>τρέ-</span> 
     </span>
    </p>
   </div>
   <div class='ocr_carea' id='block_1_102' title="bbox 47 5331 1591 5415">
    <p class='ocr_par' dir='ltr' id='par_1_102' title="bbox 47 5331 1591 5415">
     <span class='ocr_line' id='line_1_102' title="bbox 47 5331 1591 5415; baseline 0.009 -29"><span class='ocrx_word' id='word_1_773' title='bbox 47 5331 215 5394; x_wconf 68' lang='grc' dir='ltr'>ρεσοαι</span> <span class='ocrx_word' id='word_1_774' title='bbox 261 5336 558 5410; x_wconf 81' lang='grc' dir='ltr'>κλαυθμοῖς</span> <span class='ocrx_word' id='word_1_775' title='bbox 608 5344 703 5396; x_wconf 71' lang='grc' dir='ltr'>καὶ</span> <span class='ocrx_word' id='word_1_776' title='bbox 756 5347 1118 5415; x_wconf 81' lang='grc' dir='ltr'>στεναγμοῖς,</span> <span class='ocrx_word' id='word_1_777' title='bbox 1153 5346 1247 5399; x_wconf 78' lang='grc' dir='ltr'>καὶ</span> <span class='ocrx_word' id='word_1_778' title='bbox 1282 5346 1591 5412; x_wconf 72' lang='grc' dir='ltr'>ποτ-ἱξεσθαι</span> 
     </span>
    </p>
   </div>
   <div class='ocr_carea' id='block_1_103' title="bbox 47 5419 1593 5509">
    <p class='ocr_par' dir='ltr' id='par_1_103' title="bbox 47 5419 1593 5509">
     <span class='ocr_line' id='line_1_103' title="bbox 47 5419 1593 5509; baseline 0.019 -37"><span class='ocrx_word' id='word_1_779' title='bbox 47 5419 247 5509; x_wconf 53' lang='grc' dir='ltr'>ξάκρυσι</span> <span class='ocrx_word' id='word_1_780' title='bbox 291 5427 386 5480; x_wconf 66' lang='grc' dir='ltr'><strong>καὶ¹</strong></span> <span class='ocrx_word' id='word_1_781' title='bbox 431 5431 608 5498; x_wconf 83' lang='grc' dir='ltr'>γόοις·</span> <span class='ocrx_word' id='word_1_782' title='bbox 666 5433 780 5486; x_wconf 75' lang='grc' dir='ltr'>ἀλλ’</span> <span class='ocrx_word' id='word_1_783' title='bbox 823 5435 961 5489; x_wconf 81' lang='grc' dir='ltr'>αὐτὰ</span> <span class='ocrx_word' id='word_1_784' title='bbox 999 5435 1170 5489; x_wconf 78' lang='grc' dir='ltr'>ταῦτα</span> <span class='ocrx_word' id='word_1_785' title='bbox 1204 5439 1593 5509; x_wconf 81' lang='grc' dir='ltr'>μεμετρημένα</span> 
     </span>
    </p>
   </div>
   <div class='ocr_carea' id='block_1_104' title="bbox 47 5508 1593 5600">
    <p class='ocr_par' dir='ltr' id='par_1_104' title="bbox 47 5508 1593 5600">
     <span class='ocr_line' id='line_1_104' title="bbox 47 5508 1593 5600; baseline 0.011 -36"><span class='ocrx_word' id='word_1_786' title='bbox 47 5508 152 5578; x_wconf 62' lang='grc' dir='ltr'>ῆμῑν</span> <span class='ocrx_word' id='word_1_787' title='bbox 179 5514 432 5584; x_wconf 80' lang='grc' dir='ltr'>γινέσθω,</span> <span class='ocrx_word' id='word_1_788' title='bbox 465 5518 605 5574; x_wconf 84' lang='grc' dir='ltr'>ὥστε</span> <span class='ocrx_word' id='word_1_789' title='bbox 639 5522 714 5594; x_wconf 86' lang='grc' dir='ltr'>μὴ</span> <span class='ocrx_word' id='word_1_790' title='bbox 748 5525 828 5587; x_wconf 81' lang='grc' dir='ltr'>εις</span> <span class='ocrx_word' id='word_1_791' title='bbox 860 5524 1084 5594; x_wconf 80' lang='grc' dir='ltr'>ἄπειρον</span> <span class='ocrx_word' id='word_1_792' title='bbox 1116 5528 1245 5596; x_wconf 84' lang='grc' dir='ltr'>ἡμῖν</span> <span class='ocrx_word' id='word_1_793' title='bbox 1279 5508 1593 5600; x_wconf 59' lang='grc' dir='ltr'>παραταοῆ-</span> 
     </span>
    </p>
   </div>
   <div class='ocr_carea' id='block_1_105' title="bbox 47 5609 1594 5689">
    <p class='ocr_par' dir='ltr' id='par_1_105' title="bbox 47 5609 1594 5689">
     <span class='ocr_line' id='line_1_105' title="bbox 47 5609 1594 5689; baseline 0.01 -31"><span class='ocrx_word' id='word_1_794' title='bbox 47 5620 113 5658; x_wconf 76' lang='lat' dir='ltr'><strong>m</strong></span> <span class='ocrx_word' id='word_1_795' title='bbox 135 5623 148 5636; x_wconf 87' lang='grc'><strong>·</strong></span> <span class='ocrx_word' id='word_1_796' title='bbox 176 5609 336 5680; x_wconf 77' lang='grc' dir='ltr'>λῆξαι</span> <span class='ocrx_word' id='word_1_797' title='bbox 367 5611 423 5665; x_wconf 83' lang='grc' dir='ltr'><strong>δέ</strong></span> <span class='ocrx_word' id='word_1_798' title='bbox 457 5632 606 5680; x_wconf 89' lang='grc' dir='ltr'>ποτε,</span> <span class='ocrx_word' id='word_1_799' title='bbox 641 5618 731 5670; x_wconf 70' lang='grc' dir='ltr'>καὶ</span> <span class='ocrx_word' id='word_1_800' title='bbox 761 5618 1082 5689; x_wconf 76' lang='grc' dir='ltr'>μεταϐαλεῖν</span> <span class='ocrx_word' id='word_1_801' title='bbox 1114 5620 1206 5672; x_wconf 79' lang='grc' dir='ltr'><strong>ἐπὶ</strong></span> <span class='ocrx_word' id='word_1_802' title='bbox 1229 5618 1290 5671; x_wconf 85' lang='grc' dir='ltr'>τὸ</span> <span class='ocrx_word' id='word_1_803' title='bbox 1319 5619 1594 5688; x_wconf 78' lang='grc' dir='ltr'>φαιδρότε-</span> 
     </span>
    </p>
   </div>
   <div class='ocr_carea' id='block_1_106' title="bbox 103 5763 1512 5841">
    <p class='ocr_par' dir='ltr' id='par_1_106' title="bbox 103 5763 1512 5841">
     <span class='ocr_line' id='line_1_106' title="bbox 103 5763 1512 5841; baseline 0.009 -23"><span class='ocrx_word' id='word_1_804' title='bbox 103 5763 145 5794; x_wconf 82' lang='grc'><strong><em>⁶⁶</em></strong></span> <span class='ocrx_word' id='word_1_805' title='bbox 181 5764 294 5821; x_wconf 82' lang='lat' dir='ltr'><strong>Jos.</strong></span> <span class='ocrx_word' id='word_1_806' title='bbox 329 5784 383 5834; x_wconf 81' lang='grc' dir='ltr'><strong>ν,</strong></span> <span class='ocrx_word' id='word_1_807' title='bbox 421 5769 500 5824; x_wconf 71' lang='grc'><strong>14.</strong></span> <span class='ocrx_word' id='word_1_808' title='bbox 579 5771 620 5802; x_wconf 81' lang='grc'><strong>⁶¹⁹</strong></span> <span class='ocrx_word' id='word_1_809' title='bbox 659 5771 761 5829; x_wconf 84' lang='lat' dir='ltr'><strong>lsa.</strong></span> <span class='ocrx_word' id='word_1_810' title='bbox 801 5791 853 5828; x_wconf 77' lang='lat' dir='ltr'><strong>Ix</strong></span> <span class='ocrx_word' id='word_1_811' title='bbox 880 5813 894 5839; x_wconf 93' lang='lat'><strong>,</strong></span> <span class='ocrx_word' id='word_1_812' title='bbox 929 5773 981 5830; x_wconf 84' lang='grc'><strong>6.</strong></span> <span class='ocrx_word' id='word_1_813' title='bbox 1061 5776 1102 5806; x_wconf 68' lang='grc' dir='ltr'><strong>σε</strong></span> <span class='ocrx_word' id='word_1_814' title='bbox 1143 5773 1331 5831; x_wconf 81' lang='lat' dir='ltr'><strong>Matth.</strong></span> <span class='ocrx_word' id='word_1_815' title='bbox 1373 5794 1422 5841; x_wconf 82' lang='grc' dir='ltr'>ν,</span> <span class='ocrx_word' id='word_1_816' title='bbox 1456 5777 1512 5831; x_wconf 82' lang='grc'><strong>5.</strong></span> 
     </span>
    </p>
   </div>
   <div class='ocr_carea' id='block_1_107' title="bbox 1695 4605 3275 4676">
    <p class='ocr_par' dir='ltr' id='par_1_107' title="bbox 1695 4605 3275 4676">
     <span class='ocr_line' id='line_1_107' title="bbox 1695 4605 3275 4676; baseline -0.003 -14"><span class='ocrx_word' id='word_1_817' title='bbox 1695 4605 1864 4664; x_wconf 72' lang='lat' dir='ltr'><strong>Vens.</strong></span> <span class='ocrx_word' id='word_1_818' title='bbox 1919 4607 1973 4663; x_wconf 86' lang='lat'><strong>6.</strong></span> <span class='ocrx_word' id='word_1_819' title='bbox 2019 4606 2225 4663; x_wconf 86' lang='lat' dir='ltr'><strong>Cibasti</strong></span> <span class='ocrx_word' id='word_1_820' title='bbox 2257 4623 2373 4670; x_wconf 87' lang='lat' dir='ltr'><strong>nos,</strong></span> <span class='ocrx_word' id='word_1_821' title='bbox 2409 4605 2606 4676; x_wconf 77' lang='lat' dir='ltr'><strong>inquit,</strong></span> <span class='ocrx_word' id='word_1_822' title='bbox 2640 4620 2774 4674; x_wconf 89' lang='lat' dir='ltr'><strong>pane</strong></span> <span class='ocrx_word' id='word_1_823' title='bbox 2806 4605 3192 4674; x_wconf 76' lang='lat' dir='ltr'><strong>lacrymarum,</strong></span> <span class='ocrx_word' id='word_1_824' title='bbox 3224 4616 3275 4658; x_wconf 85' lang='lat' dir='ltr'><strong>et</strong></span> 
     </span>
    </p>
   </div>
   <div class='ocr_carea' id='block_1_108' title="bbox 1692 4695 3272 4770">
    <p class='ocr_par' dir='ltr' id='par_1_108' title="bbox 1692 4695 3272 4770">
     <span class='ocr_line' id='line_1_108' title="bbox 1692 4695 3272 4770; baseline -0.002 -16"><span class='ocrx_word' id='word_1_825' title='bbox 1692 4701 1887 4769; x_wconf 86' lang='lat' dir='ltr'><strong>potasti</strong></span> <span class='ocrx_word' id='word_1_826' title='bbox 1919 4717 2012 4754; x_wconf 88' lang='lat' dir='ltr'><strong>nos</strong></span> <span class='ocrx_word' id='word_1_827' title='bbox 2041 4716 2157 4754; x_wconf 89' lang='lat' dir='ltr'><strong>cum</strong></span> <span class='ocrx_word' id='word_1_828' title='bbox 2179 4699 2428 4770; x_wconf 85' lang='lat' dir='ltr'><strong>lacrymis</strong></span> <span class='ocrx_word' id='word_1_829' title='bbox 2445 4714 2712 4752; x_wconf 85' lang='lat' dir='ltr'><strong>mensura.</strong></span> <span class='ocrx_word' id='word_1_830' title='bbox 2737 4695 2850 4752; x_wconf 85' lang='lat' dir='ltr'><strong>Etsi</strong></span> <span class='ocrx_word' id='word_1_831' title='bbox 2879 4711 3113 4766; x_wconf 90' lang='lat' dir='ltr'><strong>namque</strong></span> <span class='ocrx_word' id='word_1_832' title='bbox 3145 4697 3272 4751; x_wconf 90' lang='lat' dir='ltr'><strong>lletu</strong></span> 
     </span>
    </p>
   </div>
   <div class='ocr_carea' id='block_1_109' title="bbox 1693 4789 3273 4864">
    <p class='ocr_par' dir='ltr' id='par_1_109' title="bbox 1693 4789 3273 4864">
     <span class='ocr_line' id='line_1_109' title="bbox 1693 4789 3273 4864; baseline -0.001 -18"><span class='ocrx_word' id='word_1_833' title='bbox 1693 4800 1748 4847; x_wconf 86' lang='lat' dir='ltr'><strong>et</strong></span> <span class='ocrx_word' id='word_1_834' title='bbox 1781 4793 2038 4864; x_wconf 89' lang='lat' dir='ltr'><strong>lacrymis</strong></span> <span class='ocrx_word' id='word_1_835' title='bbox 2064 4792 2212 4864; x_wconf 82' lang='lat' dir='ltr'><strong>digni</strong></span> <span class='ocrx_word' id='word_1_836' title='bbox 2244 4792 2419 4848; x_wconf 90' lang='lat' dir='ltr'><strong>simus</strong></span> <span class='ocrx_word' id='word_1_837' title='bbox 2444 4833 2459 4858; x_wconf 94' lang='lat'><strong>,</strong></span> <span class='ocrx_word' id='word_1_838' title='bbox 2495 4799 2554 4844; x_wconf 93' lang='lat' dir='ltr'><strong>ut</strong></span> <span class='ocrx_word' id='word_1_839' title='bbox 2584 4791 2704 4844; x_wconf 89' lang='lat' dir='ltr'><strong>loco</strong></span> <span class='ocrx_word' id='word_1_840' title='bbox 2731 4789 2915 4859; x_wconf 88' lang='lat' dir='ltr'><strong>panis,</strong></span> <span class='ocrx_word' id='word_1_841' title='bbox 2958 4789 3175 4845; x_wconf 86' lang='lat' dir='ltr'><strong>ﬂetibus</strong></span> <span class='ocrx_word' id='word_1_842' title='bbox 3209 4805 3273 4845; x_wconf 88' lang='lat' dir='ltr'><strong>ac</strong></span> 
     </span>
    </p>
   </div>
   <div class='ocr_carea' id='block_1_110' title="bbox 1693 4882 3275 4955">
    <p class='ocr_par' dir='ltr' id='par_1_110' title="bbox 1693 4882 3275 4955">
     <span class='ocr_line' id='line_1_110' title="bbox 1693 4882 3275 4955; baseline -0.003 -15"><span class='ocrx_word' id='word_1_843' title='bbox 1693 4885 1987 4955; x_wconf 80' lang='lat' dir='ltr'><strong>gemitibus</strong></span> <span class='ocrx_word' id='word_1_844' title='bbox 2013 4885 2248 4951; x_wconf 88' lang='lat' dir='ltr'><strong>alamur,</strong></span> <span class='ocrx_word' id='word_1_845' title='bbox 2284 4884 2546 4955; x_wconf 80' lang='lat' dir='ltr'><strong>lacrymis</strong></span> <span class='ocrx_word' id='word_1_846' title='bbox 2572 4892 2626 4937; x_wconf 88' lang='lat' dir='ltr'><strong>et</strong></span> <span class='ocrx_word' id='word_1_847' title='bbox 2659 4882 3146 4937; x_wconf 88' lang='lat' dir='ltr'><strong>lamentationibus</strong></span> <span class='ocrx_word' id='word_1_848' title='bbox 3177 4898 3275 4953; x_wconf 86' lang='lat' dir='ltr'><strong>po-</strong></span> 
     </span>
    </p>
   </div>
   <div class='ocr_carea' id='block_1_111' title="bbox 1698 4973 3273 5048">
    <p class='ocr_par' dir='ltr' id='par_1_111' title="bbox 1698 4973 3273 5048">
     <span class='ocr_line' id='line_1_111' title="bbox 1698 4973 3273 5048; baseline -0.001 -18"><span class='ocrx_word' id='word_1_849' title='bbox 1698 4985 1878 5031; x_wconf 87' lang='lat' dir='ltr'><strong>temur</strong></span> <span class='ocrx_word' id='word_1_850' title='bbox 1903 4994 1919 5045; x_wconf 89' lang='lat'>;</span> <span class='ocrx_word' id='word_1_851' title='bbox 1951 4985 2007 5031; x_wconf 86' lang='lat' dir='ltr'><strong>at</strong></span> <span class='ocrx_word' id='word_1_852' title='bbox 2030 4977 2144 5032; x_wconf 64' lang='lat' dir='ltr'><strong>hinc</strong></span> <span class='ocrx_word' id='word_1_853' title='bbox 2174 4977 2292 5048; x_wconf 88' lang='lat' dir='ltr'><strong>ipsa</strong></span> <span class='ocrx_word' id='word_1_854' title='bbox 2321 4985 2635 5032; x_wconf 88' lang='lat' dir='ltr'><strong>mensurate</strong></span> <span class='ocrx_word' id='word_1_855' title='bbox 2665 4974 2826 5029; x_wconf 90' lang='lat' dir='ltr'><strong>nobis</strong></span> <span class='ocrx_word' id='word_1_856' title='bbox 2854 4973 3158 5039; x_wconf 86' lang='lat' dir='ltr'><strong>tradantur,</strong></span> <span class='ocrx_word' id='word_1_857' title='bbox 3198 4976 3273 5029; x_wconf 87' lang='lat' dir='ltr'><strong>ita</strong></span> 
     </span>
    </p>
   </div>
   <div class='ocr_carea' id='block_1_112' title="bbox 1698 5066 3271 5139">
    <p class='ocr_par' dir='ltr' id='par_1_112' title="bbox 1698 5066 3271 5139">
     <span class='ocr_line' id='line_1_112' title="bbox 1698 5066 3271 5139; baseline -0.001 -15"><span class='ocrx_word' id='word_1_858' title='bbox 1698 5077 1758 5124; x_wconf 92' lang='lat' dir='ltr'><strong>ut</strong></span> <span class='ocrx_word' id='word_1_859' title='bbox 1789 5085 1900 5124; x_wconf 93' lang='lat' dir='ltr'><strong>non</strong></span> <span class='ocrx_word' id='word_1_860' title='bbox 1923 5074 1977 5125; x_wconf 91' lang='lat' dir='ltr'><strong>in</strong></span> <span class='ocrx_word' id='word_1_861' title='bbox 2019 5071 2294 5126; x_wconf 84' lang='lat' dir='ltr'><strong>inﬁnitum</strong></span> <span class='ocrx_word' id='word_1_862' title='bbox 2335 5067 2674 5139; x_wconf 88' lang='lat' dir='ltr'><strong>procedant,</strong></span> <span class='ocrx_word' id='word_1_863' title='bbox 2711 5066 2806 5122; x_wconf 89' lang='lat' dir='ltr'><strong>sed</strong></span> <span class='ocrx_word' id='word_1_864' title='bbox 2836 5067 3128 5137; x_wconf 88' lang='lat' dir='ltr'><strong>aliquando</strong></span> <span class='ocrx_word' id='word_1_865' title='bbox 3150 5081 3271 5122; x_wconf 80' lang='lat' dir='ltr'><strong>ces-</strong></span> 
     </span>
    </p>
   </div>
   <div class='ocr_carea' id='block_1_113' title="bbox 1696 5157 3272 5234">
    <p class='ocr_par' dir='ltr' id='par_1_113' title="bbox 1696 5157 3272 5234">
     <span class='ocr_line' id='line_1_113' title="bbox 1696 5157 3272 5234; baseline -0.003 -17"><span class='ocrx_word' id='word_1_866' title='bbox 1696 5170 1840 5223; x_wconf 77' lang='lat' dir='ltr'><strong>Sent.</strong></span> <span class='ocrx_word' id='word_1_867' title='bbox 1873 5177 1937 5216; x_wconf 88' lang='lat' dir='ltr'><strong>ac</strong></span> <span class='ocrx_word' id='word_1_868' title='bbox 1958 5165 2013 5218; x_wconf 90' lang='lat' dir='ltr'><strong>in</strong></span> <span class='ocrx_word' id='word_1_869' title='bbox 2040 5163 2367 5234; x_wconf 88' lang='lat' dir='ltr'><strong>jucundiora</strong></span> <span class='ocrx_word' id='word_1_870' title='bbox 2401 5165 2703 5214; x_wconf 86' lang='lat' dir='ltr'><strong>mutentur.</strong></span> <span class='ocrx_word' id='word_1_871' title='bbox 2733 5157 2813 5212; x_wconf 89' lang='lat' dir='ltr'><strong>Tu</strong></span> <span class='ocrx_word' id='word_1_872' title='bbox 2837 5158 2983 5213; x_wconf 86' lang='lat' dir='ltr'><strong>enim</strong></span> <span class='ocrx_word' id='word_1_873' title='bbox 3011 5157 3199 5229; x_wconf 77' lang='lat' dir='ltr'><strong>(Vens.</strong></span> <span class='ocrx_word' id='word_1_874' title='bbox 3219 5159 3272 5230; x_wconf 85' lang='lat'><strong>7)</strong></span> 
     </span>
    </p>
   </div>
   <div class='ocr_carea' id='block_1_114' title="bbox 1696 5252 3273 5323">
    <p class='ocr_par' dir='ltr' id='par_1_114' title="bbox 1696 5252 3273 5323">
     <span class='ocr_line' id='line_1_114' title="bbox 1696 5252 3273 5323; baseline -0.003 -14"><span class='ocrx_word' id='word_1_875' title='bbox 1696 5257 1922 5323; x_wconf 82' lang='lat' dir='ltr'><strong>posuisti</strong></span> <span class='ocrx_word' id='word_1_876' title='bbox 1970 5273 2064 5310; x_wconf 89' lang='lat' dir='ltr'><strong>nos</strong></span> <span class='ocrx_word' id='word_1_877' title='bbox 2106 5257 2158 5311; x_wconf 91' lang='lat' dir='ltr'><strong>in</strong></span> <span class='ocrx_word' id='word_1_878' title='bbox 2205 5253 2676 5309; x_wconf 87' lang='lat' dir='ltr'><strong>contradictionem</strong></span> <span class='ocrx_word' id='word_1_879' title='bbox 2712 5252 2897 5306; x_wconf 80' lang='lat' dir='ltr'><strong>cicinis</strong></span> <span class='ocrx_word' id='word_1_880' title='bbox 2943 5253 3160 5314; x_wconf 87' lang='lat' dir='ltr'><strong>nostris,</strong></span> <span class='ocrx_word' id='word_1_881' title='bbox 3223 5261 3273 5306; x_wconf 87' lang='lat' dir='ltr'><strong>et</strong></span> 
     </span>
    </p>
   </div>
   <div class='ocr_carea' id='block_1_115' title="bbox 1697 5345 3274 5415">
    <p class='ocr_par' dir='ltr' id='par_1_115' title="bbox 1697 5345 3274 5415">
     <span class='ocr_line' id='line_1_115' title="bbox 1697 5345 3274 5415; baseline -0.001 -14"><span class='ocrx_word' id='word_1_882' title='bbox 1697 5348 1900 5402; x_wconf 84' lang='lat' dir='ltr'><strong>inimici</strong></span> <span class='ocrx_word' id='word_1_883' title='bbox 1928 5349 2096 5403; x_wconf 85' lang='lat' dir='ltr'><strong>nostri</strong></span> <span class='ocrx_word' id='word_1_884' title='bbox 2125 5347 2580 5402; x_wconf 85' lang='lat' dir='ltr'><strong>subsannaverunt</strong></span> <span class='ocrx_word' id='word_1_885' title='bbox 2611 5362 2705 5399; x_wconf 85' lang='lat' dir='ltr'><strong>nos</strong></span> <span class='ocrx_word' id='word_1_886' title='bbox 2736 5361 2755 5399; x_wconf 93' lang='lat'><strong><em>:</em></strong></span> <span class='ocrx_word' id='word_1_887' title='bbox 2781 5345 2877 5415; x_wconf 89' lang='lat' dir='ltr'><strong>qui</strong></span> <span class='ocrx_word' id='word_1_888' title='bbox 2933 5360 3044 5398; x_wconf 92' lang='lat' dir='ltr'><strong>non</strong></span> <span class='ocrx_word' id='word_1_889' title='bbox 3095 5345 3274 5400; x_wconf 78' lang='lat' dir='ltr'><strong>simile</strong></span> 
     </span>
    </p>
   </div>
   <div class='ocr_carea' id='block_1_116' title="bbox 1698 5439 3280 5512">
    <p class='ocr_par' dir='ltr' id='par_1_116' title="bbox 1698 5439 3280 5512">
     <span class='ocr_line' id='line_1_116' title="bbox 1698 5439 3280 5512; baseline -0.002 -17"><span class='ocrx_word' id='word_1_890' title='bbox 1698 5442 1975 5512; x_wconf 87' lang='lat' dir='ltr'><strong>quidpiam</strong></span> <span class='ocrx_word' id='word_1_891' title='bbox 2006 5442 2133 5495; x_wconf 92' lang='lat' dir='ltr'><strong>olim</strong></span> <span class='ocrx_word' id='word_1_892' title='bbox 2157 5439 2276 5494; x_wconf 91' lang='lat' dir='ltr'><strong>ausi</strong></span> <span class='ocrx_word' id='word_1_893' title='bbox 2315 5449 2502 5493; x_wconf 88' lang='lat' dir='ltr'><strong>contra</strong></span> <span class='ocrx_word' id='word_1_894' title='bbox 2542 5453 2642 5492; x_wconf 93' lang='lat' dir='ltr'><strong>nos</strong></span> <span class='ocrx_word' id='word_1_895' title='bbox 2665 5445 2813 5504; x_wconf 87' lang='lat' dir='ltr'><strong>sunt,</strong></span> <span class='ocrx_word' id='word_1_896' title='bbox 2838 5452 2962 5490; x_wconf 89' lang='lat' dir='ltr'><strong>cum</strong></span> <span class='ocrx_word' id='word_1_897' title='bbox 3006 5443 3058 5491; x_wconf 91' lang='lat' dir='ltr'><strong>te</strong></span> <span class='ocrx_word' id='word_1_898' title='bbox 3096 5443 3280 5505; x_wconf 81' lang='lat' dir='ltr'><strong>patro-</strong></span> 
     </span>
    </p>
   </div>
   <div class='ocr_carea' id='block_1_117' title="bbox 1699 5530 3270 5600">
    <p class='ocr_par' dir='ltr' id='par_1_117' title="bbox 1699 5530 3270 5600">
     <span class='ocr_line' id='line_1_117' title="bbox 1699 5530 3270 5600; baseline -0.002 -14"><span class='ocrx_word' id='word_1_899' title='bbox 1699 5548 1830 5586; x_wconf 93' lang='lat' dir='ltr'><strong>num</strong></span> <span class='ocrx_word' id='word_1_900' title='bbox 1864 5533 2207 5587; x_wconf 88' lang='lat' dir='ltr'><strong>haberemus.</strong></span> <span class='ocrx_word' id='word_1_901' title='bbox 2237 5531 2600 5596; x_wconf 86' lang='lat' dir='ltr'><strong>Quamobrem</strong></span> <span class='ocrx_word' id='word_1_902' title='bbox 2649 5531 2838 5600; x_wconf 74' lang='lat' dir='ltr'><strong>(Vens.</strong></span> <span class='ocrx_word' id='word_1_903' title='bbox 2868 5530 2923 5598; x_wconf 88' lang='lat'>8)</span> <span class='ocrx_word' id='word_1_904' title='bbox 2959 5543 3270 5600; x_wconf 68' lang='lat' dir='ltr'><strong>precamur,</strong></span> 
     </span>
    </p>
   </div>
   <div class='ocr_carea' id='block_1_118' title="bbox 1699 5624 3276 5692">
    <p class='ocr_par' dir='ltr' id='par_1_118' title="bbox 1699 5624 3276 5692">
     <span class='ocr_line' id='line_1_118' title="bbox 1699 5624 3276 5692; baseline -0.003 -13"><span class='ocrx_word' id='word_1_905' title='bbox 1699 5633 1754 5680; x_wconf 87' lang='lat' dir='ltr'><strong>et</strong></span> <span class='ocrx_word' id='word_1_906' title='bbox 1794 5636 1845 5681; x_wconf 88' lang='lat' dir='ltr'><strong>te</strong></span> <span class='ocrx_word' id='word_1_907' title='bbox 1887 5625 2051 5681; x_wconf 86' lang='lat' dir='ltr'><strong>Deum</strong></span> <span class='ocrx_word' id='word_1_908' title='bbox 2105 5624 2366 5680; x_wconf 83' lang='lat' dir='ltr'><strong>virtutum</strong></span> <span class='ocrx_word' id='word_1_909' title='bbox 2410 5624 2748 5688; x_wconf 85' lang='lat' dir='ltr'><strong>invocamus,</strong></span> <span class='ocrx_word' id='word_1_910' title='bbox 2787 5624 3158 5692; x_wconf 83' lang='lat' dir='ltr'><strong>supplicantes</strong></span> <span class='ocrx_word' id='word_1_911' title='bbox 3209 5626 3276 5678; x_wconf 75' lang='lat' dir='ltr'><strong>ut</strong></span> 
     </span>
    </p>
   </div>
  </div>
