3798 6282
500 341 610 400 959
1176 339 1447 396 EUSEBII
1486 297 1973 397 CESARIENSIS,
2005 339 2158 397 OPP.
2199 340 2381 398 PARS
2418 341 2509 397 Ill.
2540 371 2605 383 —-
2634 338 3044 397 EXEGETICA.
3590 350 3664 408 πθ

504 475 604 517 nos
633 465 937 517 convertas.
994 455 1151 524 Quod
1200 473 1334 513 sane
1384 457 1599 513 eveniet
1644 457 1692 513 si
1749 456 2078 528 conspicuus

2185 477 2294 531 ρον.
2334 460 2407 513 Σὺ
2434 459 2543 531 γὰρ
2574 460 2715 514 ἔθου
2746 457 2903 529 ἡμᾶς
2926 460 3015 523 εἰς
3040 457 3375 527 ἀντιλογίαν
3400 459 3511 528 τοῖς
3535 463 3667 532 τείτο.

503 556 603 608 llas
633 560 686 607 et
707 552 916 606 vultum
943 559 1096 605 tuum
1125 548 1387 605 ostendas
1409 549 1590 604 nobis.
1615 546 1750 603 Nam
1780 550 1829 605 si
1858 549 1911 604 id
1941 565 2075 604 con-

2185 566 2290 606 σιν
2312 550 2498 621 ἡμῶν,
2534 551 2631 605 καί
2656 553 2711 604 οἰ
2736 551 2935 620 ἐχθροί
2961 550 3130 620 ήμῶν
3150 549 3528 620 ἐμυκτήρισαγ
3542 556 3667 625 ἡμᾶς,

503 645 756 707 cedatur,
795 645 931 699 salvi
976 643 1204 704 erimus,
1257 656 1322 697 ac
1373 657 1474 699 nos
1529 656 1749 713 quoque
1783 641 2076 699 dicemus:

2188 644 2354 716 μηδὲν
2395 642 2601 698 τούτων
2637 645 2804 699 πάλαι
2831 644 2953 698 καθ’
2992 642 3148 714 ἡμῶν
3184 643 3500 715 τολμῶντες,
3525 646 3594 701 ὅτε
3630 668 3669 705 π

504 737 785 807 Signatunt
842 750 922 791 est
974 752 1130 805 super
1162 752 1258 791 nos
1309 736 1484 790 lumen
1536 734 1711 790 vultus
1760 735 1862 801 tui,
1891 734 2078 790 Domi-

2185 736 2495 808 προστάτην
2521 736 2761 808 εἴχομεν.
2789 736 2879 790 Διδ
2896 736 3149 807 δεόμεθα,
3169 737 3260 791 καὶ
3280 736 3370 791 τὸν
3389 737 3507 793 Θεὸν
3524 740 3667 794 τῶνδυ

502 846 566 884 ne
601 832 667 882 ".
2188 826 2407 899 νάμεων
2417 827 2689 881 ἀνακαλού
2698 827 2857 898 μεθα,
2870 828 3198 901 ἐπιπρέψαι
3209 830 3242 897 ἡ
3250 829 3353 899 μᾶς
3376 828 3672 885 καθικετεύου-

500 937 610 985 τες.
648 921 816 974 Τοῦτο
833 920 891 974 δὲ
912 920 1065 975 ἔσται
1089 921 1137 972 εἰ
1159 920 1428 992 ἐπιφανὴς
1450 920 1648 989 γένοιο,
1678 921 1774 976 καὶ
1793 921 1855 975 τὸ
1914 918 2110 974 σαυτοῦ
2149 919 2440 991 πρόσωπον
2472 919 2793 984 ἐπιδείξεως
2831 922 2982 991 ἡμῖν.
3044 919 3244 973 Τούτου
3301 919 3406 989 γὰρ
3435 921 3669 991 γενομένου,

501 1011 858 1083 σωθησόμεθα
883 1011 1124 1079 λέξοντες
1146 1011 1212 1066 ἂν
1243 1013 1337 1065 καὶ
1364 1013 1524 1083 ἡμεῖς
1542 1030 1558 1046 ·
1597 1012 1956 1084 Ἐ’σημειὼθη
1986 1012 2079 1083 ἐφ’
2118 1011 2278 1083 ἡμᾶς
2308 1011 2376 1066 τὸ
2407 1011 2535 1082 φῶς
2562 1011 2671 1067 τοῦ
2700 1012 3023 1082 προσώπου
3055 1026 3194 1077 σου,
3220 1013 3413 1080 Κύριε.
3490 1030 3496 1037 ·

572 1122 736 1178 Vens.
769 1125 822 1180 9.
862 1123 1077 1178 Vineam
1110 1124 1174 1178 de
1194 1123 1428 1195 Egypto
1478 1127 1803 1182 transtulisti
1831 1144 1848 1182 :
1881 1128 2078 1199 ejecisti

2253 1128 2560 1197 ’Ἄμπελον
2572 1128 2643 1195 ἐξ
2662 1130 2962 1199 Αἰγύπτου
2975 1128 3237 1200 μετῆρας
3253 1145 3268 1158 ’
3288 1127 3548 1194 ἐξέϐαλες
3561 1129 3672 1198 ἔθνη,

500 1226 676 1288 gentes
712 1224 761 1269 et
797 1215 1059 1285 plantasti
1085 1234 1223 1271 eam.
1268 1216 1393 1271 Dux
1437 1219 1642 1273 itineris
1682 1220 1833 1289 fuisti
1866 1219 1920 1273 in
1958 1236 2078 1273 cou-

2185 1219 2277 1272 καί
2295 1221 2745 1289 κατεφύτευσας
2764 1218 2978 1288 αὐτήν.
3009 1219 3402 1287 Ὠδοποίησας
3418 1218 3674 1288 ἔμπροσθεν

500 1317 678 1377 spectu
703 1306 838 1377 ejus,
867 1317 914 1361 et
944 1308 1203 1376 plantasti
1234 1309 1439 1364 radices
1471 1309 1609 1380 ejus,
1633 1319 1683 1365 et
1718 1311 1951 1379 implevit
1984 1320 2078 1363 ter;

2185 1308 2489 1379 αὐτῆς,Μί
2506 1313 2955 1383 κατεφύτευσας
2972 1312 3080 1373 τὰς
3085 1310 3252 1381 ρἰις
3266 1310 3674 1378 αὐτῆς,καίὲι.ἰή

500 1417 638 1455 ram.
658 1399 1122 1471 Supplicationem
1152 1401 1375 1457 ordiens
1401 1402 1693 1474 Pr0pheta,
1716 1418 1841 1459 eum
1869 1401 1962 1473 qui
1987 1417 2078 1472 pa-

2185 1414 2331 1462 βωσε
2351 1400 2466 1470 τὴν
2481 1402 2616 1473 γῆν.
2637 1404 2959 1475 Ἀρχόμενος
2978 1403 3077 1475 τῆς
3100 1402 3380 1473 ἱκετηρίας
3397 1403 3423 1454 ὁ
3441 1400 3675 1471 Προφήτης,

499 1497 605 1551 scit
635 1495 802 1550 Israel
824 1495 1110 1552 evocabat.
1144 1494 1275 1550 Erat
1306 1505 1489 1551 autem
1520 1496 1685 1553 Israel
1715 1512 1746 1551 a
1777 1504 2077 1550 memorata

2185 1491 2266 1545 τὸν
2282 1494 2634 1565 ποιμαίνοντα
2649 1496 2738 1549 τὸν
2749 1495 2966 1568 Ἰσραὴλ
2979 1490 3421 1550 ἀνεκαλεῖτοῘΗν
3433 1492 3676 1562 eum)

500 1587 589 1641 hic
614 1589 771 1642 vinea
805 1586 1079 1643 diversus.
1111 1586 1248 1642 Nam
1291 1590 1382 1646 ille
1409 1590 1629 1660 quidem
1664 1604 1879 1660 semper
1907 1605 1937 1642 a
1970 1588 2076 1643 Do-

2185 1583 2368 1657 ἒτερος
2396 1587 2491 1658 τῆς
2525 1587 2758 1642 ἐνταῦθα
2795 1586 3094 1660 λεγομένης
3130 1587 3394 1659 ἀμπέλου.
3442 1587 3495 1639 '0
3515 1589 3591 1657 μὲν
3608 1589 3676 1657 γὰρ

500 1681 651 1734 mino
680 1680 961 1751 pascitur;
998 1681 1112 1736 haec
1142 1693 1323 1738 autem
1357 1683 1515 1739 vinea
1546 1684 1601 1737 in
1639 1682 1877 1752 pejorem
1906 1682 2076 1736 multo

2185 1675 2269 1729 ἀεὶ
2291 1676 2633 1747 ποιμαίνεται
2650 1678 2754 1733 ὑπὸ
2768 1679 2861 1733 τοῦ
2876 1681 3082 1751 Κυρίου
3104 1698 3118 1712 ·
3135 1683 3168 1753 ἡ
3188 1680 3246 1732 δὲ
3262 1678 3498 1751 παροῦσα
3509 1680 3678 1749 ἄμπελος

500 1774 870 1828 conditionem
937 1773 1257 1830 declinavit.
1338 1773 1443 1829 Per
1509 1776 1831 1843 religiosum
1895 1781 2077 1828 autem

2185 1771 2380 1844 πολλὴν
2403 1772 2661 1844 ὑπέμεινε
2685 1773 2783 1846 τὴν
2814 1775 2906 1828 ἐπὶ
2928 1774 2997 1827 τὰ
3017 1774 3183 1845 χείρῳ
3206 1775 3400 1846 ῥοπήν.
3429 1777 3628 1827 Δυσωπεί
3644 1775 3678 1828 δὲ

500 1867 712 1932 vinum,
768 1866 921 1921 illum
974 1882 1170 1937 nempe
1228 1867 1360 1922 olim
1411 1864 1668 1922 lsraelem
1700 1907 1716 1933 ,
1776 1864 1885 1921 Deo
1951 1881 2078 1936 sup-

2185 1863 2272 1918 διὰ
2294 1864 2389 1919 τοῦ
2414 1865 2695 1937 θεοφιλοῦς
2714 1867 2904 1939 ἀνδρὸς
2929 1867 3023 1921 τοῦ
3066 1867 3233 1920 πάλαι
3276 1867 3484 1940 Ἰσραὴλ
3505 1869 3578 1920 τὸν
3593 1866 3678 1920 Θεὸν

499 1959 666 2028 plicat
702 1965 758 2012 ut
793 1958 1031 2029 posteris
1067 1959 1185 2014 suis
1225 1960 1367 2015 male
1412 1960 1701 2031 agentibus
1754 1959 2077 2030 prospiciat.

498 2048 689 2105 Fuerit
723 2065 854 2105 vero
894 2048 1083 2115 Israel,
1112 2052 1400 2123 perspicax
1441 2052 1622 2106 omnis
1659 2052 1864 2116 anima,
1893 2068 2017 2123 quae
2051 2065 2083 2104 a

498 2142 643 2197 bono
686 2152 906 2214 pastore
949 2159 1166 2215 semper
1218 2145 1484 2216 pascitur.
1540 2143 1710 2199 Vinea
1763 2152 1943 2198 autem
1987 2140 2081 2197 Dei

502 2234 741 2299 dicatur,
794 2250 915 2305 quae
954 2236 1249 2308 imaginem
1276 2246 1460 2294 servat
1486 2238 1606 2308 ejus
1631 2238 1721 2308 qui
1755 2239 1811 2293 in
1841 2236 2084 2305 Evange-

502 2326 575 2381 lio
614 2325 799 2380 dixit:
845 2325 955 2397 Ego
1008 2345 1126 2381 sum
1176 2327 1298 2382 vitis
1355 2330 1580 2396 vera";
1639 2331 1795 2383 vinea
1847 2343 1975 2382 vero
2014 2342 2083 2383 ex

499 2412 734 2485 Egypto
766 2417 1055 2482 translata,
1083 2424 1168 2473 est
1200 2419 1381 2473 anima
1414 2419 1830 2474 subversionem
1865 2433 2025 2488 passa
2063 2438 2075 2474 :

500 2511 677 2580 qualis
732 2510 833 2566 fuit
882 2510 1148 2568 Judaicus
1199 2514 1435 2585 populus
1486 2515 1581 2585 qui
1632 2512 1765 2567 olim
1814 2512 2081 2569 diuturno

500 2606 745 2670 tempore
778 2601 921 2656 idola
953 2601 1009 2656 in
1045 2600 1282 2675 Egypto
1316 2603 1511 2667 coluit,
1545 2619 1610 2658 ac
1661 2618 1786 2658 cum
1832 2602 2081 2659 modicos

502 2689 715 2747 fructus
746 2692 1091 2762 protulisset,
1121 2701 1181 2747 ut
1204 2692 1272 2749 de
1298 2693 1406 2749 illis
1432 2694 1761 2748 testiﬁcatur
1788 2692 2004 2766 Moyses
2027 2695 2081 2750 in

502 2796 700 2853 magno
730 2782 947 2838 cantico
982 2782 1096 2838 hac
1130 2783 1381 2840 scribens
1412 2803 1425 2838 :
1458 2782 1600 2836 Nunt
1632 2799 1696 2837 ex
1726 2786 1877 2837 vinea
1909 2781 2083 2838 Sodo-

504 2889 711 2927 morum
739 2874 890 2929 viuea
914 2891 1119 2938 eorum,
1151 2885 1201 2930 et
1231 2876 1432 2945 palntes
1459 2892 1639 2930 eorum
1668 2892 1733 2931 ea:
1765 2875 2079 2933 Eontorrha.

509 2961 622 3017 Uva
647 2980 827 3018 eorum
858 2982 959 3020 uva
1006 2965 1170 3036 fellis,
1218 2966 1401 3021 botrus
1451 2966 1828 3021 amaritudinis
1874 2984 2079 3023 eorum.

505 3054 685 3110 Furor
713 3057 1008 3114 draconum
1036 3061 1213 3115 vinum
1245 3078 1446 3123 eorum,
1476 3062 1525 3115 et
1557 3061 1709 3129 furor
1730 3062 1973 3131 aspidum
2002 3063 2084 3115 in-

491 3148 765 3205 ‘sanabilis
787 3150 866 3217 ἰς
899 3152 1114 3207 etiamsi
1144 3152 1460 3222 bujusmodi
1484 3163 1690 3217 essent,
1717 3153 1852 3224 ipsis
1876 3153 2085 3224 prospi-

504 3241 656 3297 ciens
701 3240 846 3299 Deus
887 3245 1313 3314 transplantavit
1354 3261 1472 3308 eos,
1522 3246 1737 3301 radices
1783 3261 1971 3301 eorum
2015 3262 2083 3301 ex

506 3331 831 3402 Egyptiaco
859 3341 985 3389 satu
1014 3336 1251 3390 evellens
1271 3376 1285 3400 ,
1325 3336 1379 3389 in
1412 3337 1683 3407 aliamque
1728 3344 1933 3392 terram
1965 3337 2086 3407 pin-

505 3441 773 3496 guemque
826 3427 1002 3481 locum
1063 3427 1430 3493 transferens,
1481 3436 1541 3483 ut
1585 3430 1744 3484 docet
1787 3428 1961 3484 Isaias
1998 3429 2085 3485 his

505 3517 688 3572 verbis
722 3537 735 3572 :
780 3517 944 3572 Vinea
975 3518 1121 3589 facta
1149 3528 1228 3574 est
1264 3519 1453 3575 dilecto
1475 3522 1534 3573 iu
1564 3537 1728 3574 cornu
1753 3521 1809 3575 in
1836 3520 1948 3575 loco
1967 3522 2087 3591 pitt-

504 3612 614 3681 gui.
662 3609 730 3665 Et
777 3627 948 3679 sepem
991 3612 1374 3681 circumposui,
1414 3621 1464 3666 et
1502 3611 1717 3679 vallavi,
1759 3620 1809 3667 et
1846 3612 2086 3681 plautavi

507 3705 711 3758 vineam
758 3703 973 3760 Soreclt.
1025 3703 1095 3759 Et
1127 3704 1385 3774 aediﬁcavi
1428 3707 1617 3759 turrim
1660 3707 1715 3760 in
1751 3706 1922 3760 medio
1947 3706 2083 3776 ejus,

505 3807 556 3850 et
593 3796 928 3866 protorcular
959 3797 1073 3867 fodi
1101 3799 1155 3852 in
1180 3814 1243 3852 ea
1260 3799 1325 3852 ".
1351 3798 1415 3852 Et
1439 3814 1571 3854 sane
1600 3816 1725 3854 cum
1756 3801 1810 3855 in
1834 3800 2086 3871 pinguio-

506 3905 621 3944 rem
662 3901 717 3945 et
750 3891 921 3945 multo
952 3892 1232 3946 meliorem
1279 3890 1517 3965 Aigypto
1560 3893 1838 3963 regionem
1889 3892 2087 3963 praedi-

507 3986 651 4033 ctam
693 3981 909 4036 vineam
960 3983 1362 4049 transtulisset,
1399 3999 1520 4040 eam
1553 3983 1627 4039 ibi
1661 3985 1948 4055 plantavit.
1982 3983 2084 4038 De-

508 4069 656 4132 inde.
684 4077 872 4140 utpote
919 4073 1160 4142 optimus
1191 4074 1454 4142 agritcla,
1499 4085 1622 4145 post
1663 4075 1897 4146 primam
1938 4076 2083 4128 illam

510 4161 950 4228 translationem,
990 4164 1100 4219 dux
1131 4165 1344 4222 itineris
1374 4165 1477 4219 fuit
1507 4183 1562 4220 tn
1600 4175 1899 4237 conspectu
1940 4166 2081 4236 ejus,

508 4249 802 4309 fruticibus
843 4255 1062 4322 amotis,
1101 4257 1359 4327 omnique
1396 4258 1572 4313 aliena
1610 4260 1836 4313 materia
1876 4259 2081 4321 excisa,

507 4350 570 4401 ut
598 4343 703 4415 ipsi
739 4346 924 4403 nullus
967 4347 1106 4403 obex
1132 4347 1198 4403 ad
1231 4348 1507 4403 fructuum
1541 4352 1891 4407 emissionem
1922 4351 2084 4407 ades-

507 4445 611 4493 set.
657 4437 763 4493 Pro
793 4439 885 4494 illo
910 4448 1113 4506 autem,
1144 4440 1265 4495 Dux
1296 4443 1500 4497 itineris
1533 4443 1686 4513 fuisti
1723 4445 1777 4497 in
1809 4453 2085 4512 conspectu

2184 1960 2264 2022 εἰς
2295 1958 2355 2012 τὸ
2387 1959 2677 2029 ἐπιϐλέψαι
2707 1960 2890 2024 κακῶς
2923 1960 3220 2031 πράττουσι
3252 1962 3366 2023 τοῖς
3399 1959 3677 2014 ὲκείνουὰπο

2183 2053 2378 2122 γόνοις.
2415 2052 2512 2124 Εἴη
2545 2054 2591 2107 δ’
2618 2053 2684 2107 ἂν
2724 2053 2938 2124 Ἰσραὴλ
2983 2054 3076 2107 καί¹
3105 2054 3255 2106 πᾶσα
3296 2051 3553 2124 διορατικὴ
3585 2051 3678 2121 ψυχὴ

2184 2143 2289 2196 ὑπὸ
2332 2142 2425 2195 τοῦ
2470 2142 2634 2196 καλοῦ
2673 2141 2928 2213 ποιμένος
2968 2142 3056 2196 διὰ
3096 2143 3300 2206 παντὸς
3347 2140 3675 2212 ποιμαινομένη.

2184 2233 2411 2305 Λεχθείη
2444 2234 2489 2287 δ’
2529 2233 2596 2287 ἂν
2629 2234 2721 2287 καὶ
2753 2233 2996 2304 ἄμπελος
3037 2233 3172 2287 Θεοῦ
3216 2235 3253 2304 ἡ
3306 2233 3402 2303 τὴν
3438 2232 3589 2285 εἰκόνα
3615 2232 3677 2283 σῶ-

2186 2323 2351 2389 ζουσα
2393 2323 2487 2377 τοῦ
2518 2325 2789 2396 φήσαντος
2831 2326 2887 2379 ὲν
2935 2326 3326 2395 Εὐαγγελίοιςο
3377 2324 3507 2394 Ἐ’τώ
3540 2323 3676 2393 εἰμιή

2185 2411 2453 2481 ἄμπελος
2486 2414 2524 2481 ἡ
2572 2415 2847 2484 ἀληθινή.
2895 2416 2961 2469 Ἡ
2992 2415 3036 2469 δ’
3065 2415 3125 2481 ἐξ
3156 2414 3433 2485 Αἰγύπτου
3477 2430 3678 2486 μετενηνε-

2185 2502 2360 2577 γμένη
2414 2506 2655 2577 ἄμπελος
2722 2511 2755 2581 ἠ
2812 2508 3059 2563 παθοῦσα
3114 2508 3448 2582 διαστροφὴν
3499 2509 3679 2578 τυγχᾱνει

2184 2597 2328 2671 ψυχή
2360 2616 2373 2629 ·
2415 2600 2597 2664 ὁποῖος
2636 2600 2857 2670 γέγονεν
2908 2604 2938 2656 ό
2996 2602 3268 2657 Ἰουδαίων
3320 2602 3443 2668 λαὸς
3480 2600 3676 2655 εἰδωλολα-

2185 2692 2396 2762 τρήσας
2446 2695 2503 2746 ὲν
2549 2692 2809 2764 Αἰγύπτῳ
2860 2697 3088 2767 μακροῖς
3136 2693 3374 2767 χρόνοις,
3422 2693 3609 2768 μικρούς
3641 2707 3677 2745 τε

2186 2784 2653 2856 προενεγκάμενος
2698 2787 2941 2858 καρποὺς
2980 2786 3055 2851 ὡς
3104 2790 3379 2860 μαρτυρεῖ
3420 2786 3617 2855 Minuci};
3644 2785 3677 2837 ἐι
3762 2804 3763 2860 γ

2189 2877 2397 2949 μεγάλῃ
2421 2878 2530 2949 ᾠδῇ
2546 2878 2772 2950 γράφων
2795 2879 2968 2934 ταῦτα
2987 2880 3115 2951 περὶ
3136 2879 3319 2934 αὐτῶν
3337 2898 3351 2910 ·
3391 2878 3484 2934 Ἐκ
3506 2878 3591 2948 γὰρ
3609 2878 3679 2946 ἀμ-

2188 2970 2377 3024 πέλου
2410 2971 2686 3040 Σοδόμων
2712 2972 2751 3038 ή
2782 2972 3047 3042 ἄμπελος
3072 2971 3296 3037 αὐτῶν,
3327 2973 3425 3028 καί
3463 2974 3498 3040 ή
3520 2975 3678 3039 κλημα-

2189 3061 2280 3127 τίς
2309 3061 2509 3116 αὐτῶν
2531 3063 2600 3116 ἐκ
2631 3065 2955 3134 Γομόῤῥας.
3000 3065 3062 3120 Ἡ
3088 3065 3379 3134 σταφυλὴ
3406 3063 3575 3119 αὐτῶν
3590 3076 3679 3115 στα-

2189 3153 2355 3221 φυλή
2391 3152 2600 3223 χολῆς,
2630 3153 2857 3222 βότρυς
2887 3156 3130 3223 πικρίας
3166 3154 3389 3211 αὐτῶν.
3415 3153 3580 3223 eum
3592 3151 3678 3218 διο-

2189 3246 2419 3298 κόντων
2450 3248 2483 3299 ό
2515 3241 2676 3312 οἶνος
2706 3245 2923 3311 αὐτῶν,
2958 3246 3055 3299 καὶ
3084 3246 3271 3315 θυμὸς
3293 3244 3545 3301 ἀσπίδων
3568 3243 3676 3297 aria-

2187 3354 2289 3403 τος
2311 3352 2325 3366 .
2362 3336 2495 3389 ἀλλὰ
2520 3337 2626 3409 γὰρ
2656 3337 2749 3390 καὶ
2779 3336 2952 3401 οὕτως
2980 3336 3201 3408 ἔχοντας
3232 3338 3431 3401 αὐτοὺς
3456 3333 3674 3401 semesi.

2190 3447 2349 3501 μενος
2403 3430 2431 3483 ό
2485 3429 2617 3492 Θεὸς
2674 3428 3087 3500 μετεφύτευσεν,
3141 3428 3446 3502 ὲκριζώσας
3496 3428 3574 3499 μὲν
3616 3426 3675 3494 τῆς

2188 3519 2563 3590 Αἰγυπτιακῆς
2608 3520 2914 3590 συμφυΐας,
2955 3520 3370 3591 μεταφυτεύσας
3406 3520 3459 3573 δὲ
3494 3521 3543 3572 ὲν
3573 3517 3677 3585 ἑτέρᾳ
3760 3526 3761 3553 ι

2186 3608 2340 3681 χώρᾳ
2372 3608 2467 3662 καὶ
2503 3608 2654 3678 τόπῳ
2687 3607 2853 3672 πίονι,
2882 3607 2959 3673 ὡς
3002 3607 3239 3662 διδάσκει
3286 3607 3455 3677 λέγων
3491 3603 3674 3665 Ἠσαίας·

2199 3700 2497 3770 Ἆμπελὼν
2527 3699 2777 3771 ἐγενήθη
2814 3699 2895 3767 τῷ
2926 3699 3291 3771 ἠγαπημένῳ
3337 3702 3405 3755 ἐν
3444 3698 3601 3767 κέρατι
3632 3694 3675 3746 ἐι·

2186 3796 2345 3856 τόπῳ
2382 3794 2565 3847 alam.
2599 3790 2708 3847 Kal
2740 3792 3014 3863 φραγμὸν
3039 3792 3384 3861 περιέθηκα,
3418 3791 3508 3847 καί
3531 3782 3675 3857 ἐχαρά-

2186 3902 2372 3951 κωσα,
2407 3886 2505 3940 καὶ
2542 3886 2846 3955 ἐφύτευσα
2872 3884 3145 3955 ἄμπελον
3187 3884 3417 3953 Σωρήχ.
3454 3882 3544 3937 Kal
3579 3880 3672 3944 ὠκυ-

2184 3977 2422 4045 δόμησα
2465 3978 2696 4047 πύργον
2730 3976 2802 4030 ἐν
2835 3976 3004 4047 μέσῳ
3034 3975 3241 4043 αὐτοῦ,
3286 3977 3384 4031 καί
3432 3970 3674 4044 πρωήνιον
3758 3958 3759 3983 ‘

2184 4068 2384 4137 ῶρυξα
2427 4068 2498 4122 ἐν
2535 4067 2716 4133 αὐτῷ.
2745 4068 2855 4123 Καὶ
2896 4067 2961 4140 δὴ
3008 4069 3066 4122 ἐν
3097 4069 3248 4138 τόπῳ
3305 4067 3444 4121 πίονι
3490 4063 3565 4118 καὶ
3588 4057 3672 4112 πολῦ

2186 4161 2452 4232 κρείττονι
2474 4162 2573 4232 τῆς
2617 4159 2893 4229 Αἰγύπτου
2927 4158 3109 4232 χώρας
3140 4159 3461 4232 μεταγαγὼν
3486 4156 3565 4227 τὴν
3590 4167 3673 4221 προ-

2185 4252 2463 4322 λεχθεῖσαν
2495 4252 2737 4324 ἄμπελον
2765 4252 3183 4321 κατεφύτευσεν.
3214 4249 3353 4317 Εἶθ’,
3387 4246 3469 4305 οἷα
3502 4244 3673 4318 resumi:

2184 4345 2424 4417 ἄριστος,
2458 4345 2596 4417 μετὰ
2624 4345 2721 4418 τὴν
2739 4345 2960 4419 πρώτην
2991 4346 3438 4418 μεταμόσχευσιν,
3453 4339 3670 4406 ὡδοποίησε
3756 4390 3757 4415 η

2185 4437 2494 4509 ἔμπροσθεν
2539 4437 2729 4508 αὐτῆς,
2771 4438 2880 4491 πᾶν
2921 4437 2982 4491 τὸ
3026 4436 3313 4507 βλαστικὸν
3353 4430 3669 4491 smmum.

435 4585 453 4596 ,
504 4531 643 4600 ejus,
676 4530 1059 4604 Symmachus,
1089 4536 1347 4589 Amovisti
1375 4537 1429 4589 in
1452 4545 1730 4605 conspectu
1746 4535 1883 4605 ejus,
1908 4536 2078 4590 inter-

2186 4531 2279 4585 καὶ
2303 4532 2483 4585 πᾶσαν
2511 4529 2792 4602 ἀλλοτρίαν
2813 4528 2946 4601 ὓλην
2963 4528 3230 4601 ἐκτεμὼν,
3255 4529 3333 4594 ὡς
3363 4529 3432 4599 μή
3453 4542 3497 4579 τι
3516 4521 3669 4588 κώλυμα

507 4629 753 4694 pretatus
785 4631 890 4681 est.
936 4624 1141 4681 Deinde
1175 4626 1478 4697 subjungit,
1513 4626 1757 4682 radicare
1787 4627 1959 4696 fecisti
1990 4644 2080 4681 ra-

506 4715 646 4771 dices
666 4716 804 4783 eius.
844 4716 983 4772 Cum
1009 4725 1163 4773 tanta
1197 4717 1291 4773 Dei
1316 4714 1478 4772 Verbi
1511 4733 1644 4773 cura
1677 4728 1975 4773 memorata
1996 4717 2080 4772 vi-

510 4821 612 4860 nea
660 4807 879 4878 dignata
931 4807 1117 4874 fuerit,
1163 4809 1291 4879 jure
1340 4809 1582 4880 implevit
1627 4818 1848 4872 terram,
1896 4809 1971 4862 ita
2021 4817 2076 4864 ut

506 4906 720 4955 montes
754 4899 971 4972 quidem
1019 4900 1381 4965 inumbraret,
1424 4901 1620 4956 cedros
1661 4916 1790 4955 vero
1839 4900 2079 4955 arbustis

506 4991 624 5047 suis
652 4992 889 5062 operiret
920 4991 1108 5064 (Vens.
1144 4992 1252 5066 Il),
1276 4993 1528 5063 palmites
1558 4993 1875 5049 extenderet
1906 5008 2081 5063 usque

506 5084 575 5138 ad
596 5099 767 5150 mare,
790 5093 845 5140 et
864 5101 1038 5155 usque
1057 5085 1125 5140 ad
1147 5084 1373 5141 [lumina
1394 5085 1725 5156 propagines
1748 5084 1939 5154 (Vens.
1964 5084 2074 5143 12).

507 5175 645 5241 llaec.
672 5178 854 5232 omnia
896 5178 998 5249 ipsi
1046 5186 1367 5233 evenerunt.
1416 5178 1481 5232 Et
1524 5177 1653 5247 quia
1685 5186 1766 5232 tot
1802 5180 2079 5249 tantisque

507 5268 708 5323 donata
740 5274 854 5332 est,
885 5268 1011 5339 jure
1041 5285 1223 5324 sermo
1251 5269 1511 5341 precandi
1541 5269 1650 5324 ritu
1682 5268 1828 5322 hunc
1860 5268 2078 5339 agrico-

506 5357 615 5411 lam
647 5374 985 5425 memorans,
1020 5360 1108 5415 his
1134 5377 1257 5417 eum
1290 5371 1450 5431 rogat
1476 5367 1531 5415 et
1573 5358 1861 5430 compellat
1892 5378 1904 5414 :
1942 5358 2079 5426 Quia

506 5455 660 5505 tanta
693 5452 1037 5522 providentia
1066 5461 1121 5509 et
1140 5470 1272 5509 cura
1297 5454 1611 5524 praedictam
1643 5452 1862 5508 vineam
1888 5451 2080 5523 digna-

507 5547 599 5595 tus
627 5558 709 5604 es,
740 5559 839 5613 pro
863 5545 1206 5601 humanitate
1235 5554 1289 5602 et
1318 5547 1492 5617 gratia
1532 5553 1624 5600 tua
1666 5545 1779 5600 haec
1806 5546 1988 5600 omnia
2022 5545 2077 5601 in

511 5628 608 5687 illa
633 5642 922 5702 operatus;
958 5636 1083 5706 quis
1116 5652 1221 5691 non
1255 5634 1310 5689 in
1356 5635 1750 5693 haesitationem
1776 5642 1832 5691 et
1852 5634 2075 5690 dubium

2185 4621 2433 4694 ἐμποδὼν
2465 4623 2603 4694 αὐτῇ
2628 4622 2837 4691 γένοιτο
2864 4621 3000 4693 πρὸς
3021 4621 3118 4694 τὴν
3142 4620 3250 4675 τῶν
3273 4620 3491 4693 καρπῶν
3510 4612 3665 4682 Emi”-

2197 4716 2343 4769 Ἀντὶ
2381 4715 2438 4768 δὲ
2481 4713 2577 4767 τοῦ
2594 4732 2608 4746 ·
2652 4714 3045 4782 Ὠδοποίησας
3087 4714 3425 4783 ἔμπροσθεν
3461 4699 3667 4773 αὐτῆς,ὖ

2186 4806 2477 4877 Σύμμαχος
2496 4823 2510 4837 ·
2551 4805 2992 4870 Ἀπεσκεύασας
3036 4804 3376 4874 ἔμπροσθεν
3413 4795 3663 4865 antiit-J2?

2184 4900 2471 4970 μήνευσεν.
2507 4894 2620 4952 Εἶτ’
2642 4898 2910 4969 ἐπήγαγε,
2960 4896 3059 4950 καὶ
3092 4894 3497 4965 ἐριζοόόλησας
3519 4888 3597 4952 τὰς
3607 4883 3663 4951 ῥεί-

2179 4989 2281 5057 ξας
2311 4989 2522 5059 αὐτῆς.
2553 4990 2818 5061 Τοιαύτης
2848 4990 2894 5043 δ’
2935 4988 3252 5061 ἐπιμελείας
3299 4987 3442 5059 παρὰ
3477 4981 3553 5036 τοῦ
3576 4972 3661 5030 Θεσῦ

2178 5085 2352 5152 Λόγου
2379 5083 2616 5155 τυχοῦσα
2645 5085 2679 5153 ἡ
2711 5082 3010 5155 δηλωθεῖσα
3036 5082 3297 5154 ἄμπελος,
3330 5079 3529 5139 εἰκότως
3553 5068 3661 5134 Et“:

2181 5193 2322 5248 ρωσε
2353 5154 2608 5248 τὴνίγῆν,
2650 5176 2726 5240 ὼς
2757 5154 2859 5249 ὅρη
2909 5175 3007 5246 μὲν
3057 5174 3387 5233 ὲπισκιάσαι,
3431 5154 3657 5249 κέδρουςέ

2179 5247 2417 5338 ίαλύψαί
2452 5270 2572 5332 ταῖς
2617 5247 2799 5339 αὐτῆς
2836 5266 3242 5338 ἁναδενδράσιν.
3296 5264 3507 5319 ἐκτεῖναι
3545 5253 3585 5306 δὲ
3618 5247 3657 5298 τά
3752 5256 3753 5273 ‘

2180 5359 2435 5432 κλήματα
2465 5359 2570 5425 ἕως
2603 5359 2897 5430 θαλάσσης,
2925 5357 3019 5412 καὶ
3042 5357 3140 5422 τὰς
3169 5356 3370 5427 φυάδας
3394 5351 3656 5432 μέχρι

2342 5453 2528 5509 Ταῦτα
2553 5453 2730 5508 πάντα
2767 5451 3009 5525 ὑπῆρξεν
3035 5451 3193 5522 αὐτῇ.
3220 5450 3327 5503 Καὶ
3351 5443 3511 5511 ἐπειδὴ
3529 5430 3655 5490 τοσθῦ

2177 5560 2285 5597 των
2307 5543 2534 5615 ἠξιώθη,
2564 5544 2787 5606 εἰκότως
2817 5546 2846 5599 ό
2876 5543 3033 5613 λόγος
3056 5542 3131 5607 ὡς
3160 5542 3220 5596 ὲν
3246 5541 3369 5611 εὐχῇ
3399 5534 3551 5588 τοῦτον
3569 5526 3651 5625 itm"

2181 5638 2387 5709 μνήσας
2421 5637 2508 5692 τὸν
2539 5638 2801 5710 γεωργὸν,
2827 5637 3065 5693 δυσωπεῖ
3093 5634 3179 5690 διὰ
3210 5635 3306 5706 τῆς
3338 5624 3566 5697 ἱκετηρίας
3592 5630 3649 5669 καί

579 5802 623 5839 ⁸³
661 5801 804 5859 Psal.
849 5822 919 5861 tv.
958 5808 1007 5861 7.
1087 5810 1130 5842 7°
1170 5807 1324 5867 Joan.
1367 5828 1452 5881 xv,
1493 5814 1539 5870 1.
1619 5816 1658 5849 ⁷¹
1704 5814 1859 5873 Deut.
1900 5833 2078 5887 um,

2185 5827 2208 5873 ι.
2244 5819 2331 5894 __"
2374 5814 2475 5875 1η.
2522 5836 2571 5885 v,
2616 5818 2660 5871 ι.
