3798 6282
60 348 152 403 961

1227 335 1727 393 COMMENTABIA
1768 333 1834 389 IN
1873 331 2212 388 PSALMOS.

3214 332 3318 388 962

65 484 190 536 φησι
247 465 389 536 πρὸς
439 462 635 518 αὐτόν’
692 462 907 533 Ἐπειδὴ
966 462 1234 532 τοσαύτης
1298 461 1638 532 κατηξίωσας

1756 456 1991 511 ηηοὶιίθηε
2037 455 2141 508 hoc
2174 454 2477 522 perquirat,
2516 454 2703 525 (Vens.
2748 451 2837 523 l5)
2872 449 3065 521 thuid
3101 451 3313 505 destru-

66 558 317 631 προνοίας
354 559 450 610 καὶ
475 556 787 626 ἐπιμελείας
811 557 908 626 τὴν
938 555 1234 626 εἰρημένην
1262 555 1523 625 ἄμπελον,
1558 572 1637 622 φι-

67 650 381 721 λανθρωπία
412 650 502 701 καὶ
525 649 706 719 χάριτι
746 649 921 702 πάντα
952 648 1125 702 ταῦτα
1164 649 1243 710 είς
1269 648 1439 717 αὐτὴν
1471 647 1636 700 ἐνδει-

70 744 310 812 ξάμενος,
343 742 433 804 τίς
452 741 550 793 οὐκ
574 740 638 793 ἂν
665 742 1035 811 ἀμηχανήσειε
1063 741 1157 793 καὶ
1179 742 1257 803 είς
1284 740 1513 811 ἀπορίαν
1542 742 1638 809 ἐμ-

70 836 215 888 πέσοι
241 832 446 904 ζητῶν,
476 833 651 885 Ἰνατί
698 832 971 897 καθεῖλες
1000 833 1109 885 τὸν
1132 830 1402 899 φραγμὸν
1428 830 1637 899 αὐτῆς,

68 926 397 980 καταπατεῖν
428 942 487 978 τε
515 924 683 993 αὐτὴν
718 925 889 977 ἆπασι
921 926 1032 985 τοῖς
1064 922 1302 976 ἐθέλουσι
1342 921 1641 993 συνεχώρη-

74 1037 161 1081 σας
185 1037 197 1049 ο
229 1018 305 1082 ὼς
329 1018 540 1088 τρυγᾷν
566 1016 735 1087 αὐτὴν
766 1018 891 1078 τοὺς
920 1015 1291 1086 βουλομένους,
1326 1014 1550 1086 μηδενός
1580 1031 1639 1065 τε

72 1105 545 1180 περιφράττοντος,
575 1106 704 1158 ποτέ
737 1105 834 1176 μὲν
866 1099 929 1158 ’ὗν
957 1106 1019 1158 ἐκ
1047 1104 1253 1175 δρυμοῦ
1286 1103 1639 1173 λυμαίνεσθαι

73 1200 247 1271 αὐτὴν,
277 1199 468 1253 ἄλλοτε
494 1198 548 1251 δὲ
581 1198 759 1268 μονιὸν
782 1197 970 1268 ἄγριον
992 1196 1424 1250 καταϐόσκεσθαι
1449 1196 1639 1265 αύτήν;

84 1290 229 1343 Ἀλλά
261 1289 371 1361 γὰρ
408 1289 542 1360 πρὸς
574 1289 778 1359 ταύτην
798 1288 895 1358 τὴν
922 1288 1260 1359 ἐπαπόρησιν
1289 1287 1641 1359 ἀποκρίνεται

73 1380 153 1433 διὰ
185 1380 411 1433 Ἡσαΐου
461 1378 555 1431 τοῦ
597 1378 898 1449 προφήτου,
934 1376 1120 1446 ὥσπερ
1151 1375 1584 1445 ἀπολογούμενος
1614 1376 1643 1427 ὁ

74 1473 324 1544 γεωργὸς,
379 1471 477 1524 καὶ
526 1469 624 1540 τὴν
674 1468 852 1522 αἰτίαν
906 1468 1204 1540 παρίστησι
1247 1468 1450 1537 λέγων’
1487 1470 1642 1522 Διότι

79 1568 267 1635 ἔμεινα
299 1565 402 1616 ἵνα
435 1562 663 1631 ποιήσῃ
711 1563 1059 1631 σταφυλὴν,
1090 1562 1340 1629 ἐποίησε
1367 1560 1435 1613 δὲ
1462 1560 1643 1614 ἀκάν-

80 1661 203 1721 θας·
238 1655 335 1708 καί
376 1656 451 1708 οὐ
485 1653 900 1721 δικαιοσύνην,
936 1652 1097 1706 ἀλλὰ
1130 1652 1420 1722 κραυγήν.
1459 1652 1643 1705 Ταῦτα

1736 549 1866 602 misti
1899 547 2185 600 maceriam
2217 546 2352 615 ejus,
2389 554 2441 600 et
2480 561 2598 601 eam
2631 545 2886 599 omnibus
2920 544 3172 613 gentibus
3204 543 3318 597 calé

1738 638 1971 694 candam
2002 638 2316 707 przebuisti;
2350 638 2425 691 ita
2455 645 2515 691 ut
2551 639 2765 692 nemine
2801 637 3312 697 circummuniente,

1739 730 1940 799 cuique
1964 729 2169 782 volenti
2203 728 2377 796 ipsam
2421 726 2761 780 vindemiare
2801 726 2998 791 liceat;
3045 741 3110 781 ac
3150 725 3318 780 modo

1741 836 1873 892 aper
1898 820 1966 874 de
1995 819 2132 874 Silva
2158 818 2494 889 pessumdet,
2524 816 2686 870 modo
2716 818 3012 886 singularis
3039 816 3192 873 ferus
3220 819 3317 872 de-

1741 921 1931 984 pascat
1963 913 2146 967 illam?
2197 911 2396 967 Verum
2453 913 2583 966 huic
2626 912 2792 965 dubio
2823 926 2920 981 per
2958 912 3154 966 Isaiam
3189 928 3316 983 pro-

1742 1007 1960 1075 phetam
1985 1004 2279 1074 respondet
2309 1004 2574 1073 agricola,
2602 1003 2759 1072 quasi
2783 1005 2870 1057 sui
2899 1004 3165 1072 purgandi
3192 1020 3318 1073 gra-

1743 1100 1838 1161 tia,
1890 1097 2160 1166 hujusque
2204 1097 2282 1150 rei
2316 1112 2535 1151 causam
2570 1097 2654 1150 his
2684 1096 2865 1150 verbis
2894 1096 3099 1165 profert
3132 1116 3143 1149 :
3179 1096 3317 1160 Quia

1741 1188 2033 1255 exspectavi
2072 1196 2130 1239 ut
2180 1187 2371 1255 faceret
2413 1202 2588 1250 uvam,
2635 1184 2754 1253 fecit
2792 1194 2964 1237 autem
3013 1184 3219 1252 spinas,
3268 1194 3317 1237 et

1743 1297 1847 1334 non
1880 1279 2175 1348 justitiam,
2221 1277 2309 1333 sed
2350 1278 2633 1333 clamorem
2656 1278 2721 1329 ⁷³.
2771 1276 2897 1330 Haec
2927 1291 3093 1346 porro
3122 1275 3190 1329 de
3224 1273 3321 1326 Juo

1743 1368 1901 1423 daico
1949 1370 2151 1439 popqu
2197 1370 2341 1423 dicta
2389 1384 2511 1423 esse
2562 1383 2722 1423 nemo
2772 1367 3122 1423 dubitaverit.
3170 1364 3319 1431 Quo-

1746 1460 1909 1514 modo
1935 1468 2115 1514 autem
2147 1461 2339 1515 umbra
2367 1460 2539 1514 vineae
2572 1467 2789 1514 montes
2835 1459 3115 1528 operuerit
3158 1457 3319 1510 intel-

1746 1550 1902 1619 liges,
1953 1550 2000 1604 si
2049 1549 2355 1618 perpendas
2399 1565 2522 1603 cum
2570 1550 2658 1605 lex
2705 1549 3013 1603 futurorum
3048 1548 3316 1603 bonorum

1748 1644 2019 1707 umbram,
2068 1657 2177 1697 non
2222 1650 2403 1697 autem
2451 1642 2623 1712 ipsam
2673 1656 2855 1695 rerum
2889 1640 3180 1709 imaginem
3222 1641 3318 1692 ha—

79 1748 117 1801 6‘
162 1748 238 1799 ὅτι
277 1744 411 1814 περὶ
458 1745 553 1797 τοῦ
598 1744 864 1797 Ἰουδαίων
898 1744 1146 1797 λέλεκται
1176 1742 1328 1806 λαοῦ,
1370 1742 1539 1807 οὐδεὶς
1577 1741 1643 1795 ἂν

1756 1731 1909 1798 beat;
1937 1747 2058 1787 eam
2091 1734 2255 1787 modo
2292 1732 2349 1786 in
2389 1740 2574 1787 monte
2609 1732 2744 1795 Silo,
2776 1731 2868 1785 ubi
2894 1733 3047 1800 prius
3075 1739 3315 1785 erectum

82 1807 381 1908 ἀμφιὸάλοι.
428 1836 663 1906 Νοήσεις
710 1835 767 1888 δὲ
818 1835 966 1899 ὅπως
997 1835 1263 1905 ἐκάλυψεν
1304 1835 1472 1908 δρηή
1518 1835 1641 1888 σκιὰ

1756 1825 1923 1880 luerat
1967 1825 2417 1892 tabernaculum;
2464 1824 2627 1879 modo
2670 1825 2726 1878 in
2769 1831 2954 1879 monte
3003 1821 3135 1877 Sion
3180 1824 3318 1877 etin

83 1932 167 2000 τῆς
192 1928 457 1999 ἀμπέλου,
496 1926 812 1996 ἐπιστήσας,
841 1927 918 1990 ὡς
952 1927 1110 1981 σκιὰν
1134 1927 1271 1998 ἔχων
1295 1930 1323 1980 ὁ
1349 1928 1511 1998 νόμος
1538 1928 1644 1981 τῶν

87 2019 366 2090 μελλόντων
398 2016 640 2085 ἀγαθῶν,
686 2017 787 2070 οὐκ
815 2017 984 2088 αὐτὴν
1023 2018 1123 2089 τὴν
1154 2019 1333 2071 εἰκόνα
1365 2018 1475 2071 τῶν
1505 2035 1646 2089 πρα-

87 2112 312 2180 γμάτων,
345 2110 480 2163 ποτέ
517 2108 615 2179 μὲν
644 2109 735 2160 ἐπὶ
761 2108 855 2161 τοῦ
896 2108 1056 2180 ὅρους
1093 2109 1423 2163 συνετελεῖτο
1459 2110 1552 2162 τοῦ
1587 2109 1647 2162 ἐν

89 2202 285 2272 Σηλὼμ,
318 2203 448 2254 ἔνθα
492 2204 551 2256 τὸ
594 2203 854 2274 πρότερον
900 2202 1078 2274 ἵδρυτο
1110 2206 1143 2274 ή
1193 2202 1384 2273 σκηνὴ,
1432 2202 1646 2256 ποτέδέ

89 2294 169 2345 ἐπὶ
202 2294 291 2347 τοῦ
316 2294 455 2348 Σιὼν
484 2296 642 2368 δρους
670 2296 764 2349 καὶ
789 2296 889 2365 τῆς
922 2296 1293 2367 Ἰερουσαλὴμ,
1319 2297 1412 2350 καὶ
1437 2297 1493 2349 αί
1521 2297 1649 2350 ἀνα-

89 2383 346 2455 δενδράδες
382 2386 441 2438 δὲ
473 2386 640 2456 αὐτῆς
673 2385 945 2455 ἐκάλυψαν
974 2385 1071 2447 τὰς
1103 2385 1324 2456 κέδρους
1363 2385 1457 2439 τοῦ
1488 2386 1644 2441 Θεοῦ.

92 2474 239 2538 Τίνας
263 2475 305 2527 δ’
339 2475 405 2529 ἂν
441 2475 616 2540 εἴποις
644 2475 743 2539 τάς
768 2476 1160 2547 ἀναδενδράδας
1187 2476 1287 2546 τῆς
1317 2477 1579 2547 ἀμπέλου,
1613 2478 1646 2549 ἢ

94 2564 179 2628 τὰς
202 2568 542 2637 προφητικάς
572 2568 749 2638 ψυχὰς
779 2568 874 2621 καὶ
903 2570 1030 2631 τοὺς
1064 2570 1120 2620 ἐν
1148 2568 1227 2638 τῷ
1254 2569 1649 2649 προτέρῳλαῷ

95 2660 163 2721 είς
185 2658 310 2727 ὕψος
334 2662 699 2731 ἐπηρμένους,
721 2659 854 2713 Θεοῦ
877 2677 937 2713 τε
958 2659 1121 2725 ἀξίως
1142 2660 1646 2731 πολιτευσαμένους,

98 2751 138 2802 οἶ
164 2752 246 2803 καὶ
271 2754 361 2805 ἐπὶ
405 2753 506 2816 τὰς
550 2753 774 2824 κέδρους
817 2753 907 2805 τοῦ
941 2752 1075 2804 Θεοῦ
1122 2751 1523 2815 διανεπαύοντο,
1554 2753 1651 2816 τὰς

98 2841 331 2912 δυνάμεις
362 2844 427 2914 δὴ
455 2844 552 2906 τὰς
578 2845 841 2914 ἀοράτους
870 2845 962 2897 καὶ
991 2845 1171 2908 θείας;
1198 2846 1373 2915 Μέχρι
1396 2844 1503 2916 γάρ
1531 2845 1652 2898 τού-

101 2948 192 2984 των
220 2934 545 3005 ἐξετάθησαν
572 2934 627 2986 αἱ
656 2934 1024 3005 διαπρέψασαι
1058 2937 1115 2988 ἐν
1157 2934 1233 3004 τῷ
1263 2937 1510 3007 προτέρῳ
1540 2937 1652 3008 λαῷ

101 3022 267 3093 ψυχαὶ,
292 3025 365 3087 ὡς
406 3026 503 3078 καὶ
535 3026 849 3097 Πνεύματος
883 3027 1037 3095 ἁγίου
1085 3028 1353 3098 μετέχειν,
1399 3028 1493 3081 καὶ
1528 3031 1653 3092 τοὺς

102 3119 322 3186 καρποὺς
369 3118 630 3171 ἐκτείνειν
672 3120 832 3189 μέχρι
875 3122 974 3190 τῆς
1005 3121 1299 3191 ἀγγελικῆς
1342 3122 1648 3192 δυνάμεως.

103 3207 171 3259 Τὰ
196 3208 248 3260 δὲ
274 3210 529 3280 κλήματα
557 3212 655 3281 τῆς
680 3211 946 3282 ἀμπέλου,
976 3212 1141 3283 ἐτερα
1183 3213 1313 3267 ὄντα
1361 3215 1511 3284 παρὰ
1550 3216 1651 3286 τὴν

107 3300 241 3351 σκιὰν
271 3303 360 3354 καὶ
394 3303 548 3373 παρά
574 3303 671 3366 τὰς
715 3304 1127 3376 ἀναδενδράδας,
1164 3307 1390 3378 ἐξετάθη
1424 3309 1526 3372 ἕως
1556 3308 1650 3363 θα-

105 3390 303 3462 λάσσης.
341 3394 397 3445 '0
428 3393 485 3445 δέ
517 3393 811 3463 Σύμμαχος
844 3395 964 3448 ἀντὶ
998 3395 1111 3462 τοῦ,
1138 3398 1208 3451 τὰ
1232 3397 1523 3466 κλήματα,
1544 3399 1651 3464 τὰς

106 3482 291 3547 χαίτας
334 3483 547 3551 αὐτῆς,
598 3485 781 3555 φησιν,
833 3485 1127 3550 ἐξέτεινεν
1162 3487 1270 3553 ἕως
1313 3488 1648 3555 θαλάσσης.

109 3566 213 3624 Εἶεν
239 3573 280 3627 δ’
304 3575 367 3627 ἂν
390 3578 576 3646 χαῖται
609 3577 701 3629 καὶ
730 3578 915 3646 κόμαι,
943 3578 1127 3650 ὥσπερ
1154 3580 1508 3651 ἀναρίθμητοι
1537 3581 1653 3651 τρί-

110 3680 206 3732 χες,
237 3666 267 3736 ή
294 3668 385 3720 καὶ
414 3668 666 3738 κλήματα
699 3668 1054 3739 πληθύνοντα,
1088 3671 1229 3723 κατά
1261 3671 1322 3723 τὸ
1347 3675 1443 3743 τῆς
1473 3673 1653 3742 ἀμπέ-

110 3750 187 3804 λου
221 3757 582 3827 παράδειγμα,
609 3759 637 3810 ὀ
665 3757 830 3821 πολὺς
871 3759 964 3810 τοῦ
1008 3759 1275 3811 Ἰουδαίων
1310 3758 1494 3822 ἔθνους
1530 3761 1653 3830 ἀρι-

112 3843 245 3914 θμὸς,
268 3848 322 3911 ὃς
345 3849 407 3920 δὴ
433 3848 632 3917 ἔφθασε
661 3850 820 3921 μέχρι
844 3848 1136 3920 θαλάσσης,
1164 3849 1452 3921 πληρώσας
1477 3850 1652 3903 πάντα

112 3934 189 3986 τὸν
221 3937 322 3990 τῶν
358 3939 658 4011 ἀνθρώπων
697 3940 831 4010 βίον.
877 3942 967 3993 Διὸ
999 3940 1247 3994 λέλεκται
1288 3942 1346 3993 ἐν
1386 3942 1543 4011 Ὠσηὲ
1575 3942 1654 4011 τῷ

114 4032 373 4104 προφήτῃ⁸
424 4034 531 4086 Καὶ
571 4029 649 4103 ἦν
692 4037 725 4086 ὀ
766 4034 1007 4102 ἀριθμὸς
1057 4034 1175 4086 τῶν
1223 4032 1369 4087 υἱῶν
1417 4034 1654 4103 Ἰσραὴλ

114 4117 235 4172 ὡσεί
267 4123 452 4192 ἄμμος
480 4123 590 4191 τῆς
635 4124 972 4191 θαλάσσης,
1005 4123 1043 4191 ἢ
1083 4126 1195 4178 οὐκ
1225 4126 1655 4194 ἐκμετρηθήσε-

118 4225 214 4273 ται,
245 4215 379 4269 οὐδὲ
408 4217 960 4286 ἐξαριθμηθήσεται.
996 4218 1352 4289 Παραφυάδες
1398 4219 1455 4271 δὲ
1500 4219 1655 4273 ἄλλαι

117 4302 241 4367 τινὲς
278 4309 423 4377 παρὰ
452 4310 519 4363 τὰ
551 4309 805 4379 κλήματα
833 4308 1091 4380 νεώτεραι
1122 4310 1214 4363 καὶ
1244 4312 1526 4382 ἀρτιφυεῖς
1553 4311 1658 4373 ἓως

120 4396 336 4464 ποταμοῦ
368 4400 768 4469 παρετάθησαν,
786 4400 834 4451 οί
856 4400 953 4469 τῆς
978 4401 1182 4471 Καινῆς
1208 4400 1477 4472 Διαθήκης
1500 4402 1566 4472 κῆ
1577 4417 1660 4471 ρυ-

121 4498 227 4546 κες·
256 4487 392 4556 λέγω
416 4491 472 4543 δέ
496 4493 545 4543 οἱ
570 4491 853 4543 ἀπόστολοι
877 4492 970 4543 καὶ
998 4493 1047 4543 οἱ
1080 4492 1315 4563 μαθηταὶ
1344 4494 1437 4546 τοῦ
1472 4494 1657 4563 Σωτῆ-
1698 4522 1735 4574 υ

127 4589 203 4640 ρος
226 4580 398 4649 ἡμῶν·
428 4583 527 4655 τήν
563 4584 661 4653 μὲν
695 4583 835 4654 φυήν
874 4584 968 4635 καὶ
998 4584 1097 4653 τήν
1131 4584 1343 4651 γένεσιν
1372 4586 1663 4656 ἐσχηκότες

125 4663 178 4717 ἐκ
194 4669 282 4739 τῆς
306 4674 691 4745 προλεχθείσης
715 4675 980 4745 ἀμπέλου,
1005 4676 1098 4727 καὶ
1121 4674 1309 4746 ὥσπερ
1328 4676 1473 4739 τινὲς
1494 4694 1643 4749 παρα

126 4758 300 4823 φυάδες
332 4766 496 4834 αὐτῆς
537 4767 837 4835 γενόμενοι,
864 4766 1043 4819 οὐκέτι
1074 4766 1130 4818 δέ
1162 4767 1363 4837 ὁμοίως
1393 4771 1508 4831 ταῖς
1540 4768 1662 4838 χαί-

124 4858 229 4909 ταις
272 4852 361 4904 καὶ
399 4858 510 4918 τοῖς
546 4856 785 4926 κλήμασι
835 4857 938 4919 ἕως
979 4855 1252 4926 θαλάσσης
1290 4856 1659 4926 προελθόντες,

128 4934 224 4988 ἀλλ’
252 4940 349 5006 ἕως
379 4947 618 5017 ποταμοῦ
657 4947 746 5001 διὰ
786 4949 848 5000 τὸ
893 4950 1187 5019 μυστήριον
1232 4948 1328 5019 τῆς
1369 4948 1435 5001 δι’
1484 4949 1663 5002 αὐτῶν

128 5037 504 5109 Χορηγουμένης
541 5040 599 5091 ἐν
635 5038 855 5110 Χριστῷ
883 5039 1315 5108 παλιγγενεσίας.
1354 5041 1543 5094 Ἔνθεν
1572 5044 1661 5095 κα“·

130 5118 154 5166 ὁ
181 5120 350 5196 Σωτὴρ
390 5131 549 5194 αὐτὸς
584 5132 641 5183 ἐν
689 5137 766 5183 οα¹
802 5130 999 5201 ψαλμῷ
1028 5132 1272 5184 λέλεκται
1290 5151 1312 5169 ·σ
1334 5133 1444 5187 Καὶ
1487 5150 1664 5187 κατα-

134 5214 402 5273 κυριεύσει
432 5219 547 5271 ἀπὸ
575 5217 890 5284 θαλάσσης
923 5218 1033 5284 ἕως
1054 5216 1390 5284 θαλάσσης,
1427 5218 1523 5271 καί
1546 5218 1665 5272 ἀπὸ

135 5304 374 5380 ποταμοῦ
399 5307 505 5372 ἕως
538 5307 656 5361 τῶν
694 5307 961 5375 περάτων
996 5307 1105 5374 τῆς
1134 5308 1505 5376 οἰκουμένης.
1545 5310 1667 5380 Ἀρ-

140 5379 341 5455 ξαμένου
386 5398 490 5469 γὰρ
522 5400 628 5451 ἀπὸ
658 5398 753 5451 τοῦ
796 5399 935 5451 κατά
975 5398 1065 5450 τὸν
1108 5399 1375 5469 Ἰορδάνην
1416 5379 1662 5470 ποταμοῦ

137 5477 217 5528 τοῦ
254 5485 631 5561 βαπτίσματος,
664 5492 763 5562 τὴν
809 5490 1099 5559 σύμπασαν
1134 5490 1448 5561 ἐπλήρωσεν
1489 5493 1665 5545 οἰκου-

145 5569 305 5643 μένην.
335 5580 577 5636 Τέσσαοα
608 5584 662 5635 δὲ
693 5584 946 5650 τάγματα
979 5582 1076 5651 τῆς
1101 5583 1395 5653 εἰρημένης
1423 5583 1667 5653 ἀμπέλου

207 5748 246 5778 ⁷³
280 5751 371 5809 lsa.
409 5777 457 5822 v,
491 5761 540 5814 5.

618 5763 661 5793 ⁷⁸
701 5760 827 5816 Ose.
868 5760 1040 5827 ι,10.

1744 1916 2050 1972 Jerusalem
2099 1917 2423 1987 completam
2464 1932 2607 1980 esse,
2639 1925 2693 1970 et
2722 1916 2945 1971 arbusta
2975 1917 3095 1985 ejus
3124 1916 3320 1972 cedi-os

1744 2008 1838 2063 Dei
1864 2009 2170 2079 operuisse.
2196 2008 2453 2074 Quaenam
2482 2023 2604 2063 esse
2632 2009 2802 2063 vinea:
2831 2008 3054 2064 arbusta
3086 2009 3317 2071 dixeris,

1744 2102 1852 2157 nisi
1883 2102 2095 2155 animas
2124 2100 2493 2170 propheticas,
2533 2114 2596 2153 ac
2637 2115 2733 2154 eos
2767 2100 2861 2169 qui
2887 2100 3014 2153 olim
3048 2101 3102 2153 in
3136 2101 3319 2169 priore

1750 2193 1955 2263 populo
1984 2190 2354 2260 erigebantur,
2384 2198 2437 2245 et
2479 2190 2573 2259 qui
2619 2190 2781 2259 digne
2822 2190 2930 2245 Deo
2958 2190 3122 2244 vitam
3164 2191 3321 2245 insti-

1744 2293 1991 2349 tuerunt,
2023 2286 2117 2354 qui
2147 2285 2312 2339 etiam
2355 2284 2411 2337 in
2444 2284 2623 2338 cedris
2652 2284 2765 2349 Dei,
2799 2285 2851 2338 id
2878 2292 2983 2348 est,
3025 2285 3081 2337 in
3127 2285 3319 2340 invisi-

1745 2378 1946 2433 bilibus
1965 2376 2270 2445 divinisque
2289 2376 2602 2440 virtutibus,
2620 2377 3072 2446 requiescebant?
3099 2375 3235 2430 Nam
3254 2393 3321 2432 eo

1747 2486 1922 2540 usque
1953 2476 2221 2539 provectae
2253 2476 2381 2523 sunt
2425 2471 2619 2522 animae
2655 2484 2777 2540 qua:
2805 2469 2858 2522 in
2892 2470 3073 2538 priore
3102 2470 3195 2522 illo
3222 2485 3317 2539 po—

1748 2563 1877 2634 pulo
1908 2568 2103 2616 ornate
2126 2568 2179 2616 et
2208 2561 2375 2630 probe
2398 2560 2672 2627 vixerunt,
2705 2570 2765 2615 ut
2793 2569 2845 2615 et
2874 2562 3112 2631 Spiritus
3144 2568 3319 2617 sancti

1749 2656 2043 2726 participes
2071 2660 2277 2716 essent,
2321 2662 2375 2708 et
2417 2669 2591 2723 usque
2618 2653 2686 2707 ad
2718 2656 2995 2726 angelicas
3025 2662 3320 2725 potestates

1750 2748 1965 2803 fructus
1997 2762 2129 2801 suos
2158 2744 2532 2800 extenderent.
2564 2745 2823 2802 Palmites
2851 2763 3012 2816 porro
3042 2748 3230 2814 vineae,
3253 2749 3322 2800 ab

1751 2840 1941 2894 umbra
1988 2855 2122 2895 sane
2166 2853 2378 2892 necnon
2423 2839 2492 2893 ab
2537 2839 2776 2894 arbustis
2826 2839 3048 2902 diversi,
3108 2843 3319 2893 extensi

1752 2940 1881 2988 sunt
1911 2947 2084 3002 usque
2115 2930 2181 2983 ad
2213 2946 2382 2984 mare.
2425 2929 2785 3000 Symmachus
2832 2938 3011 2987 autem
3057 2946 3157 2999 pro
3203 2932 3318 2996 illo,

1751 3028 2015 3097 palmites,
2058 3026 2219 3095 jubas
2259 3041 2406 3088 suas,
2452 3024 2548 3088 ait,
2586 3026 2816 3078 extendit
2855 3042 3016 3095 usque
3055 3025 3124 3076 ad
3154 3043 3317 3081 mare.

1753 3117 1905 3171 Juba)
1935 3123 2115 3171 autem
2147 3123 2202 3167 et
2233 3129 2424 3177 couue,
2471 3129 2571 3168 ceu
2617 3115 2890 3168 innumeri
2939 3116 3116 3183 capilli
3166 3128 3319 3182 sunt;

1757 3215 1873 3265 sive
1904 3208 2068 3263 etiam
2102 3207 2352 3277 palmites
2384 3207 2459 3260 illi
2506 3207 2852 3276 multiplicati
2898 3208 3197 3262 secundum
3242 3212 3322 3264 vi-

1757 3316 1871 3355 neae
1904 3301 2236 3368 exemplum,
2277 3313 2507 3368 magnus
2542 3299 2631 3353 ille
2658 3298 2901 3353 Iudaicae
2927 3302 3104 3368 gentis
3132 3318 3324 3355 nume-

1756 3408 1853 3447 rus
1884 3398 1990 3456 est,
2026 3391 2118 3460 qui
2158 3406 2291 3445 sane
2334 3401 2509 3445 totum
2560 3391 2839 3445 hominum
2889 3408 3061 3462 genus
3108 3395 3325 3463 replens

1759 3483 2002 3554 pervenit
2042 3498 2215 3552 usque
2248 3484 2316 3537 ad
2350 3498 2518 3537 mare.
2551 3483 2912 3549 Quamobrem
2942 3486 2995 3539 in
3030 3484 3166 3541 Osea
3198 3504 3325 3556 pro-

1758 3577 1919 3646 pheta
1947 3577 2151 3630 dictum
2181 3584 2263 3631 est
2296 3594 2310 3631 ε
2344 3575 2413 3629 Et
2445 3586 2558 3630 erat
2593 3594 2841 3631 numerus
2885 3578 3121 3645 ﬁliorum
3154 3578 3325 3633 Israel

1756 3668 1910 3737 quasi
1939 3684 2100 3723 arena
2132 3669 2319 3735 maris,
2345 3685 2461 3738 quae
2479 3686 2582 3722 non
2610 3672 3001 3723 mensurabitur
3027 3680 3074 3724 et
3101 3688 3202 3724 non
3230 3689 3325 3724 nu-

1760 3760 2049 3814 merabitur
2069 3761 2135 3814 7”.
2169 3759 2500 3830 Propagines
2531 3777 2660 3816 vero
2689 3763 2805 3815 aliae
2839 3762 3068 3826 adnatat,
3092 3764 3326 3831 palmiti-

1759 3853 1861 3909 bus
1893 3853 2225 3907 recentiores
2263 3868 2326 3905 ac
2357 3868 2529 3921 nuper
2561 3861 2781 3917 exortae,
2815 3868 2989 3922 usque
3021 3854 3087 3906 ad
3125 3854 3323 3909 ﬂumen

1759 3953 1997 4000 extensae
2023 3953 2171 4008 sunt,
2205 3944 2456 3999 videlicet
2487 3943 2621 3997 Novi
2654 3943 2988 3999 Testamenti
3025 3961 3322 4015 praecones,

1761 4038 2036 4106 apostolos
2078 4036 2203 4090 dico
2236 4046 2289 4089 et
2316 4034 2616 4105 discipulos
2654 4034 2965 4091 Servatoris
3005 4038 3201 4102 nostri,
3233 4040 3324 4107 qui

1761 4144 1932 4198 genus
1960 4137 2015 4182 et
2036 4128 2298 4197 originem
2332 4143 2398 4182 ex
2427 4128 2681 4197 praedicta
2710 4130 2866 4183 vinea
2895 4129 3121 4193 ducunt,
3151 4140 3204 4184 et
3227 4147 3326 4185 ceu

1764 4222 2089 4291 propagines
2112 4221 2359 4291 quaedam
2384 4221 2504 4290 ejus
2528 4228 2676 4277 sunt.
2699 4220 2884 4292 Neque
2904 4229 3083 4277 tamen
3106 4223 3329 4292 perinde

1764 4322 1927 4383 atque
1966 4314 2113 4383 jubae
2147 4324 2202 4368 et
2242 4314 2490 4383 palmites
2521 4312 2589 4368 ad
2615 4330 2787 4385 usque
2816 4328 2967 4369 mare
2996 4316 3329 4384 protendun-

1766 4411 1874 4465 tur,
1906 4404 2002 4459 sed
2036 4420 2211 4472 usque
2243 4403 2309 4457 ad
2343 4402 2565 4467 flumen,
2601 4405 2671 4458 ob
2700 4404 3017 4474 mysterium
3050 4418 3330 4472 regenera-

1766 4495 1931 4549 tionis
1981 4495 2035 4549 in
2074 4495 2296 4551 Christo
2345 4496 2413 4550 ab
2454 4496 2522 4551 iis
2560 4496 3003 4551 subministrata.
3049 4495 3227 4560 Quare
3262 4496 3329 4549 de

1768 4586 2047 4640 Salvatore
2078 4586 2198 4656 ipso
2230 4587 2285 4641 in
2318 4588 2527 4656 psalmo
2556 4603 2683 4640 Lxxi
2716 4586 2919 4641 dicitur
2944 4604 2957 4640 :
2984 4584 3052 4637 Et
3085 4585 3331 4638 domina-

1765 4677 1905 4729 bitur
1935 4694 1967 4730 a
1997 4679 2134 4731 mari
2163 4695 2323 4750 usque
2370 4678 2438 4732 ad
2472 4696 2637 4740 mare,
2677 4687 2728 4733 et
2752 4696 2784 4732 a
2811 4678 3028 4747 ﬂumine
3067 4693 3229 4746 usque
3262 4677 3330 4729 ad

1766 4769 2013 4822 terminos
2037 4769 2177 4823 orbis
2210 4780 2497 4824 terrarum.
2520 4770 2655 4825 Nam
2680 4786 2803 4825 cum
2826 4770 3133 4839 baptismus
3162 4784 3189 4821 a
3217 4769 3333 4823 Jor-

1764 4859 1904 4914 dane
1946 4860 2111 4915 fluvio
2149 4862 2362 4917 initium
2395 4864 2634 4927 duxerit,
2664 4871 2837 4916 totum
2868 4862 3094 4932 replevit
3119 4863 3329 4915 orbem.

1765 4950 2012 5016 Quatuor
2057 4967 2220 5021 porro
2274 4954 2544 5023 praedictae
2592 4954 2762 5007 vineae
2820 4954 3042 5008 ordines
3094 4968 3333 5022 prmsens

1766 5058 1945 5097 sermo
1975 5044 2270 5109 describit,
2304 5046 2551 5099 umbram
2577 5045 2787 5100 scilicet
2817 5045 2938 5114 ejus
2965 5053 3178 5100 montes
3205 5060 3334 5113 ope-

1764 5134 2028 5201 rientem‘;
2083 5138 2305 5192 arbusta
2356 5138 2475 5206 ejus
2517 5138 2572 5191 in
2613 5138 2782 5191 altum
2829 5138 2991 5203 elata,
3028 5138 3101 5191 ita
3132 5145 3334 5190 utnon

1767 5226 2090 5297 simpliciter
2137 5230 2352 5295 cedros,
2407 5230 2502 5284 sed
2552 5230 2746 5285 cedros
2788 5229 2882 5283 Dei
2929 5230 3209 5298 operiant;
3267 5230 3334 5283 ad

1770 5319 1883 5373 haue
1927 5319 2176 5387 palmites
2223 5321 2343 5389 ejus
2390 5336 2565 5391 usque
2601 5321 2668 5375 ad
2708 5337 2859 5376 mare
2891 5330 3175 5382 extensos;
3202 5337 3336 5390 pra:—

1768 5414 1853 5461 ter
1895 5406 2009 5461 haec
2046 5409 2227 5462 omnia
2257 5418 2436 5463 autem
2468 5410 2791 5481 propagines
2824 5412 2964 5480 ejus,
2990 5428 3108 5481 quze
3134 5413 3200 5465 ad
3223 5413 3334 5465 ilu-

1775 5514 1897 5552 men
1938 5514 2110 5566 usque
2146 5500 2478 5569 pertingunt.
2534 5502 2778 5566 Quorum
2834 5504 3333 5572 interpretationem

1776 5602 1873 5656 pro
1903 5587 2098 5641 collata
2128 5589 2285 5644 nobis
2318 5590 2491 5659 gratia
2519 5590 2796 5657 dedimus,
2829 5592 3074 5648 umbram
3113 5591 3335 5663 quidem
