3798 6282
509 321 612 377 963

1185 316 1454 375 EUSEBII
1492 315 1973 374 CIESAIHENSIS
2008 316 2164 374 OPP.
2205 316 2393 373 PARS
2428 316 2517 373 ill.
2548 348 2619 360 —
2644 318 3058 377 EXEGETICA.
3594 334 3665 390 9m

506 450 609 507 pro
639 434 868 506 ﬁgurato
911 434 1007 489 illo
1048 442 1105 491 et
1153 435 1413 490 umbroso
1458 435 1611 489 cultu
1659 434 1957 497 tradentes,
1993 436 2071 504 qu‘

2188 435 2218 488 6
2243 433 2381 506 μετὰ
2408 437 2595 507 χεῖρας
2621 421 2909 509 ﬁta-{piget
2933 436 3117 506 λόγος·
3145 437 3302 492 σκιὰν
3334 441 3423 511 μὲν
3450 445 3584 517 αὐτῆς
3603 467 3667 504 χι.

508 545 567 584 ιιι
610 528 965 585 sensibilibus
1005 539 1062 584 et
1109 528 1393 598 corporeis
1436 527 1716 581 montibus
1766 526 2087 596 perﬁcieba-

509 633 628 688 tur;
670 623 926 686 arbusta,
968 636 1071 692 pro
1118 621 1406 675 animabus
1453 618 1808 689 propheticis,
1859 634 1982 688 qua:
2031 618 2086 673 in

504 716 689 771 cedris
734 713 867 779 Dei,
912 714 1176 785 angelicis
1232 711 1488 767 videlicet
1536 726 1600 766 ac
1649 711 1852 766 divinis
1911 714 2088 765 virtu-

504 807 659 865 tibus
712 808 1114 873 ﬁrmabantur;
1149 805 1407 878 palmites
1469 814 1564 858 aut
1610 818 1819 868 comas,
1868 818 1964 858 seu
1997 803 2091 873 ju-

509 903 631 967 bas,
676 918 776 974 pro
824 909 939 958 tota
979 900 1295 957 Judaeorum
1336 895 1719 961 multitudine,
1755 895 1826 950 ob
1854 892 2083 951 instabi-

510 996 617 1051 lem
643 1005 699 1050 et
728 993 1079 1049 ﬂuctuantem
1106 991 1389 1047 hominum
1431 989 1601 1043 vitam
1641 1003 1814 1060 usque
1835 988 1903 1043 ad
1938 1001 2090 1043 mare

503 1094 771 1153 extensa;
806 1086 1026 1140 demum
1071 1082 1403 1154 propagines
1449 1095 1552 1151 pro
1596 1081 1861 1152 apostolis
1891 1078 2089 1135 Serva-

506 1178 645 1234 toris
677 1177 849 1232 nostri
870 1175 965 1246 qui
997 1174 1053 1229 in
1078 1173 1302 1230 ﬂumine
1339 1181 1631 1229 versantur
1659 1173 1728 1229 de
1749 1188 1858 1244 quo
1879 1172 2087 1227 dictum

504 1277 590 1325 est
619 1288 632 1324 :
667 1266 935 1322 Fluminis
984 1267 1208 1335 impetus
1243 1265 1525 1335 laetiﬁcum
1569 1265 1837 1319 civitatem
1887 1264 1987 1319 Dei
2015 1264 2083 1318 ⁷⁸.

503 1358 704 1417 Verum
736 1361 865 1431 quia
901 1366 1202 1415 memorata
1241 1358 1402 1413 vinea
1442 1366 1522 1411 tot
1555 1359 1831 1429 tantisque
1863 1357 2023 1413 bonis
2055 1371 2087 1411 a

504 1452 615 1509 Deo
646 1451 843 1517 Verbo,
873 1451 969 1523 qui
1002 1451 1155 1521 prius
1176 1450 1281 1521 ipsi
1311 1450 1703 1522 prospiciebat,
1740 1451 1941 1505 donata
1977 1457 2085 1515 est,

502 1551 904 1613 consequenter
952 1557 1079 1599 eum
1132 1543 1227 1614 qui
1288 1544 1459 1599 tantis
1502 1558 1624 1598 eam
1660 1541 1822 1597 donis
1847 1543 2086 1608 ornavit,

500 1636 658 1706 quasi
713 1635 1018 1691 dubitando
1084 1635 1380 1706 compellat
1427 1634 1619 1690 dicens
1657 1653 1670 1688 :
1733 1632 1931 1705 thuid
1977 1634 2071 1687 de-

500 1727 747 1783 struxiin
765 1727 1050 1781 maceriam
1070 1727 1185 1796 ejus
1204 1727 1231 1782 .’
1257 1724 1352 1782 Ille
1370 1741 1499 1782 vero
1527 1725 1821 1798 respondet
1848 1725 1934 1782 his
1961 1739 2086 1781 ver-

2190 527 2494 582 λύπτουσαν
2526 529 2659 600 ὅρη·
2692 529 3085 601 ἀναδενδράδας
3110 530 3166 584 δὲ
3193 532 3362 602 αὐτῆς
3388 536 3458 597 εἰς
3478 536 3584 605 ὕψος
3607 559 3668 610 με.

2189 618 2609 692 τεωριςομένας,
2652 621 2730 684 ὡς
2780 621 3074 676 καλύπτειν
3121 625 3220 695 οὐχ
3274 624 3451 690 ἁπλῶς
3493 630 3668 703 κέδρως,

2188 711 2327 765 ἀλλὰ
2350 713 2449 775 τὰς
2477 711 2701 784 κέδρους
2725 712 2821 766 τοῦ
2845 710 2980 767 Θεοῦ
2998 730 3014 746 ·
3042 714 3137 768 καὶ
3163 717 3257 768 ἐπὶ
3277 716 3473 780 τούτοις
3491 719 3669 792 κλήματι

2188 805 2536 875 ἐκτεινόμενα
2565 805 2669 868 ἕως
2703 806 3008 878 θαλάσσης·
3054 808 3148 860 καὶ
3187 809 3327 881 μετὰ
3360 811 3517 865 πάντα
3548 831 3669 886 παρα-

2189 897 2395 968 φυάδας
2422 897 2520 962 τὰς
2555 899 2717 971 μέχρι
2759 899 3008 969 ποταμοῦ
3049 900 3362 972 διηκούσας.
3390 898 3482 956 Ὧν
3504 906 3581 977 τὴν
3598 908 3670 962 διὰ-

2186 1007 2335 1045 νοιαν
2367 990 2509 1045 κατὰ
2540 991 2638 1062 τὴν
2667 991 2908 1046 δοθεῖσαν
2937 993 3362 1065 ήρμηνεύσαμεν
3391 996 3546 1069 χάριν,
3569 1003 3670 1058 σκιὰν

2191 1080 2290 1153 μὲν
2310 1081 2597 1146 ἀποδόντες
2620 1083 2720 1154 τὴν
2744 1086 2980 1157 τυπικὴν
3001 1085 3095 1139 καὶ
3117 1085 3319 1159 σκιώδη
3342 1087 3581 1161 λατρείαν,
3595 1095 3671 1163 ἣτις

2186 1174 2247 1226 ἐν
2288 1176 2403 1238 τοῖς
2441 1174 2720 1247 αἰσθητοῖς
2764 1179 2859 1230 καὶ
2899 1180 3231 1249 σωματικοῖς
3273 1178 3450 1250 ὄρεσιν
3485 1183 3669 1239 ἐτελεῖτο·

2184 1267 2579 1339 ἀναδενδράδας
2605 1268 2662 1320 δὲ
2693 1268 2794 1332 τὰς
2820 1272 3163 1342 προφητικὰς
3201 1270 3400 1342 ψυχάς,
3436 1275 3599 1339 αἵτινες
3615 1280 3672 1332 ἐπὶ

2184 1357 2284 1424 τὰς
2309 1359 2533 1432 κέδρους
2559 1361 2654 1414 τοῦ
2686 1360 2844 1427 Θεοῦ,
2878 1362 2978 1424 τάς
3009 1362 3309 1431 άγγελικὰς
3347 1362 3437 1417 καὶ
3478 1363 3596 1430 θείας
3620 1368 3670 1421 δυ

2186 1452 2378 1523 νάμεις
2406 1452 2856 1525 ὲπεστηρίζοντο·
2888 1453 3145 1525 κλήματα
3175 1454 3233 1507 δὲ
3266 1455 3301 1526 ἢ
3345 1455 3524 1525 κόμας,
3547 1459 3575 1528 ἢ
3601 1461 3673 1527 χαί-

2183 1560 2282 1607 τας
2304 1544 2367 1598 τὸ
2398 1545 2507 1598 πᾶν
2540 1544 2807 1599 Ἰουδαίων
2840 1545 3045 1615 πλῆθος
3068 1546 3172 1610 ἕως
3214 1544 3485 1616 Θαλάσσης
3513 1548 3674 1604 ἐκτειὼ-

2187 1653 2346 1708 μενον
2368 1635 2455 1690 sta:
2477 1636 2569 1691 τὸν
2600 1638 2833 1692 ἄστατον
2862 1639 2957 1692 καὶ
2984 1638 3389 1710 κυμαινόμενον
3416 1639 3511 1693 τῶν
3533 1640 3676 1711 ἀνθρὼ-

2184 1744 2302 1781 πων
2331 1726 2479 1798 βίον·
2508 1729 2605 1782 καὶ
2646 1728 2798 1793 τέλος
2835 1730 3216 1801 παραφυάδας,
3256 1732 3384 1794 τοὺς
3427 1732 3675 1797 ἀπωστόλιυς

503 1817 626 1873 bis:
661 1816 802 1882 Quia
855 1817 1153 1886 exspectavi
1195 1826 1256 1870 ut
1297 1818 1496 1886 faceret
1536 1797 1716 1881 usam,
1751 1816 1873 1886 fecit
1904 1825 2071 1871 autent

2184 1818 2279 1872 τοῦ
2593 1820 2748 1891 ἡμῶν
2771 1820 2848 1892 τῷ
3136 1822 3414 1886 συνόντας,
3440 1824 3548 1893 περὶ
3567 1819 3676 1878 cini.

500 1912 681 1980 spinas
701 1912 777 1978 "-;
797 1927 863 1967 ac
889 1926 1114 1967 rursum
1135 1909 1483 1980 πεπροοιαυί
1496 1920 1551 1965 ut
1580 1910 1775 1980 faceret
1793 1910 2071 1980 judicium,

2187 1928 2377 1984 ρηται·
2418 1912 2530 1967 Τοῦ
2579 1913 2850 1983 ποταμοῦ
2892 1914 2967 1968 τὰ
3014 1914 3328 1985 όρμήματα
3369 1916 3674 1983 εὔφρων-οισι

503 2006 624 2075 fecit
675 2015 853 2059 autem
907 2003 1276 2074 iniquitatem;
1320 2018 1427 2057 non
1441 2001 1738 2069 justitiam,
1764 1999 1854 2056 sed
1891 2003 2071 2056 clamo

2182 2003 2298 2071 τὴν
2319 2002 2500 2057 πόλιν
2526 2002 2632 2058 τοῦ
2655 2003 2824 2058 Θεοῦ.
2876 2003 3014 2057 Ἀλλ’
3039 2006 3227 2077 ἐπειδὴ
3255 2005 3513 2058 τοσούτων
3535 2005 3675 2075 ἠξιώθη

500 2114 612 2154 rem
641 2098 707 2152 ⁷⁷.
762 2095 821 2151 In
875 2094 1110 2151 Ieremia
1134 2108 1353 2164 quoque
1374 2095 1590 2148 vineam
1649 2093 1767 2163 ipse
1799 2093 2079 2164 coarguit,

499 2188 851 2245 rationabilis
907 2186 1110 2259 quippe
1168 2193 1311 2252 erat,
1365 2184 1453 2241 his
1499 2186 1723 2241 verbis:
1760 2185 1872 2257 Ego
1905 2195 2081 2240 autem

498 2274 739 2351 plantavi
770 2282 976 2335 vineam
1001 2277 1359 2349 fructiferam,
1390 2287 1554 2332 totam
1582 2294 1778 2332 veram.
1803 2278 2080 2344 Quomodo

498 2391 748 2431 conversa
776 2383 853 2429 est
878 2373 936 2428 in
961 2371 1373 2426 amaritudinem
1397 2372 1517 2426 vitis
1556 2371 1731 2426 aliena
1763 2372 1848 2426 ἐτ
1876 2371 2081 2441 Adjicit

500 2475 684 2521 autem
722 2479 822 2536 per
852 2463 1050 2520 Isaiam
1079 2481 1093 2518 :
1128 2462 1386 2532 Auferen:
1432 2476 1603 2531 sepem
1628 2461 1765 2530 ejus,
1808 2468 1858 2515 et
1902 2463 2004 2516 erit
2024 2463 2079 2516 in

497 2557 885 2626 direptionem;
919 2564 969 2610 et
998 2553 1242 2623 auferam
1269 2569 1480 2606 murum
1505 2552 1643 2622 ejus,
1672 2561 1721 2606 et
1750 2553 1850 2605 erit
1879 2552 1933 2605 in
1955 2569 2079 2607 con-

497 2650 866 2704 culcationem.
897 2646 967 2703 Et
1012 2645 1280 2701 dimittam
1301 2646 1509 2700 oineam
1550 2660 1741 2707 meam,
1773 2654 1821 2698 et
1862 2661 1965 2699 non
1994 2644 2072 2714 fo-

496 2743 694 2804 dietur,
719 2756 881 2812 neque
921 2737 1218 2809 putabitur.
1268 2736 1339 2791 Et
1384 2736 1628 2791 ascendet
1661 2737 1717 2789 in
1755 2753 1871 2790 eam
1922 2737 2076 2807 quasi

497 2835 708 2891 aridam
749 2837 928 2905 spina,
960 2844 1011 2890 et
1058 2832 1284 2889 nubibus
1318 2829 1584 2884 mandabo
1607 2845 1671 2883 ne
1700 2829 1891 2899 pluunt
1920 2844 2077 2898 super

494 2945 613 2985 eam
639 2928 857 2982 imbrem
881 2928 949 2981 ".
981 2926 1176 2981 Ablata
1209 2933 1394 2979 autem
1438 2938 1589 3007 sepe,
1619 2922 1823 2976 virtute
1865 2922 2076 2977 scilicet

2182 2094 2217 2165 ἡ
2261 2094 2600 2166 δεδηλωμένη
2640 2094 2882 2165 ἄμπελος
2928 2095 3035 2149 ὑπὸ
3076 2094 3170 2148 τού
3218 2096 3484 2168 πρότερον
3524 2098 3675 2150 ἐπισπω-

2181 2184 2413 2250 ποῦντος
2449 2186 2618 2259 αὐτὴν
2643 2186 2780 2239 Θεοῦ
2810 2186 3006 2255 Λάγου,
3048 2187 3363 2251 ἀκολούθως
3387 2187 3417 2237 ὁ
3445 2187 3577 2256 λόγος
3595 2189 3675 2259 ἑξῆς

2179 2279 2256 2344 ὡς
2280 2280 2417 2352 πρὸς
2442 2278 2606 2333 αὑτὸν
2625 2279 2715 2332 τὸν
2739 2277 2809 2332 τὰ
2831 2278 3070 2335 τοσαῦτα
3093 2279 3464 2352 δεδωρημένον
3483 2282 3678 2352 sumpsi

2180 2373 2354 2443 λέγων
2379 2390 2393 2405 ⁸
2444 2372 2627 2428 Ἰνατι
2682 2372 2955 2440 καθεῖλες
2985 2373 3093 2429 τὸν
3117 2374 3395 2444 φραγμὸν
3434 2374 3615 2442 αὐτῆςς
3641 2377 3676 2428 '0

2177 2465 2235 2520 δὲ
2275 2466 2625 2538 ἀποκρίνεται
2671 2465 2845 2535 λέγων
2867 2483 2882 2499 ·
2932 2467 3089 2520 Διότι
3126 2469 3337 2537 ἔμεινα
3376 2469 3472 2523 ἵνα
3518 2468 3675 2537 ποιήσῃ

2179 2559 2505 2644 quem»
2528 2598 2546 2625 ,
2595 2559 2847 2627 ἐποίησε
2901 2559 2972 2613 δὲ
3014 2559 3286 2627 ἀκάνθας
3314 2578 3331 2594 ο
3386 2562 3478 2616 καὶ
3531 2562 3674 2615 πάλιν·

2183 2651 2423 2720 Ἕμεινα
2459 2651 2562 2704 ἵνα
2593 2653 2821 2720 ποιήσῃ
2851 2652 3077 2720 κρίσιν,
3104 2652 3365 2721 ἐποίησε
3389 2653 3455 2707 δὲ
3472 2654 3675 2723 ἀνομία,

2176 2743 2275 2797 καὶ
2302 2744 2373 2797 οὐ
2397 2743 2809 2810 δικαιοσύνην,
2831 2743 2989 2798 ἀλλὰ
3015 2743 3310 2814 κραυγήν.
3335 2746 3444 2798 Καὶ
3471 2746 3523 2798 ἐν
3546 2745 3677 2816 τῷΊερ

2181 2833 2345 2905 ρεμία
2379 2832 2437 2886 δὲ
2465 2834 2495 2887 6
2527 2833 2691 2896 αὐτὸς
2732 2832 2945 2904 ἐλέγχει
2978 2834 3079 2907 τὴν
3112 2835 3383 2905 ἄμπελον,
3418 2835 3580 2907 λοτιιή
3606 2834 3675 2905 γὰρ

2174 2920 2262 2996 ἦν,
2293 2925 2515 2995 φάσκων
2533 2942 2549 2957 ·
2585 2925 2727 2996 Ἐγὼ
2749 2925 2819 2979 δὲ
2838 2925 3143 2995 ἐφύτευσι
3163 2925 3439 2996 ἄμπελον
3457 2929 3676 2997 καρποφό-

496 3035 621 3092 quae
648 3020 891 3076 custodit
912 3025 967 3074 et
994 3015 1389 3073 circummunit
1428 3016 1637 3086 ipsam;
1673 3022 2071 3085 consequenter

2180 3033 2284 3083 ρον
2319 3015 2526 3070 πᾶσαν
2560 3014 2875 3085 ἀληθινήν.
2906 3014 3041 3083 Πῶς
3079 3016 3357 3087 ἐστράφη
3388 3021 3471 3083 εὶς
3505 3018 3677 3086 παρίω

496 3128 688 3169 omnes
742 3110 939 3167 deinde
963 3109 1172 3165 inimici
1213 3108 1517 3164 invisibiles
1573 3114 1628 3163 et
1667 3106 1896 3167 occulti,
1943 3105 2071 3161 feris

2180 3108 2215 3175 ἡ
2268 3105 2535 3176 ἄμπελος
2576 3106 2615 3174 ἡ
2667 3107 2991 3174 ἁλλοτρία;
3040 3107 3379 3181 Προστίθησι
3425 3109 3477 3163 δὲ
3513 3110 3588 3163 καὶ
3621 3110 3675 3162 διὰ

497 3203 806 3272 agrestibus
828 3200 1180 3255 immaniores
1205 3196 1398 3269 (Vens.
1428 3197 1543 3267 Η),
1565 3198 2074 3252 cxterminaveruut

494 3306 614 3356 eos,
669 3291 921 3345 videlicet
969 3289 1061 3359 qui
1118 3302 1149 3343 a
1201 3284 1488 3357 Scriptura
1539 3286 1961 3341 accusabantur.
2009 3284 2074 3338 Et

495 3379 719 3454 quidam
751 3381 1000 3450 impurus
1033 3393 1188 3449 aper,
1218 3392 1416 3448 nempe
1446 3377 1729 3448 Assyrius,
1763 3378 1917 3447 prior
1945 3392 2070 3432 cum

499 3469 816 3525 fortitudine
846 3468 1130 3532 invadens,
1178 3466 1460 3537 praefatam
1507 3467 1723 3521 vineam
1755 3468 2075 3537 pessumde-

493 3561 603 3627 dit,
630 3562 704 3614 ita
726 3568 787 3615 ut
820 3558 1226 3615 multitudinem
1268 3560 1454 3631 pupuli
1489 3558 1761 3630 captivam
1800 3560 1857 3614 in
1905 3559 2065 3631 Assy-

494 3654 610 3710 rios
633 3652 950 3709 abduceret.
1003 3651 1210 3708 Deinde
1235 3667 1367 3711 vero
1400 3652 1540 3707 alter
1570 3651 1828 3707 inimicus
1863 3652 2074 3722 ingres-

493 3762 612 3811 sus,
637 3762 759 3817 quae
791 3761 822 3800 a
857 3746 1040 3816 priore
1074 3745 1269 3801 relicta
1322 3745 1542 3800 fuerant
1584 3745 1843 3809 vastavit,
1883 3744 2072 3799 Nabu-

493 3837 842 3895 chodonosor
863 3839 1134 3904 videlicet,
1161 3839 1254 3910 qui
1287 3839 1548 3906 templum
1576 3837 1841 3901 incendit,
1877 3845 1933 3891 et
1954 3837 2073 3892 solo

490 3931 747 4002 mquavit.
772 3930 954 3997 Quare
998 3932 1300 3986 secundum
1355 3929 1744 4002 Symmachum
1779 3929 1946 3984 etiam
1989 3928 2074 3983 di-

492 4031 642 4079 c'.um
667 4031 752 4079 est
785 4040 798 4075 :
840 4023 1077 4078 Vastavit
1096 4041 1214 4079 eam
1256 4040 1383 4094 aper
1404 4022 1470 4078 de
1503 4023 1663 4087 silva,
1711 4031 1761 4078 et
1783 4022 2071 4092 singularis

495 4115 637 4178 ferus
657 4116 908 4185 depastus
962 4127 1040 4171 est
1072 4115 1344 4171 eam.Pro
1397 4116 1494 4171 illo
1543 4123 1751 4178 autem,
1782 4113 2073 4185 singularis

493 4207 663 4272 ferus,
687 4206 907 4276 Aquila,
940 4208 1274 4278 amnigenam
1299 4217 1518 4272 terram,
1551 4207 1939 4277 interpretatus
1963 4215 2068 4261 est.

496 4299 809 4356 Secundum
844 4300 1007 4354 aliam
1036 4314 1167 4354 vero
1203 4299 1731 4369 interpretationem,
1770 4296 2072 4368 pessumda-

492 4392 573 4447 dit
597 4409 715 4448 eam
740 4407 760 4457 ;
787 4391 840 4446 id
869 4400 976 4460 est,
1029 4400 1386 4447 memoratam
1418 4391 1653 4456 vineam,
1692 4389 1869 4461 primo
1898 4372 2071 4461 Baby-

2188 3198 2410 3252 Ἢσαῖου
2443 3198 2616 3268 λέγων
2634 3215 2648 3229 ⁸
2682 3196 2928 3254 Καθελῶ
2954 3199 3062 3253 τὸν
3092 3201 3372 3270 φραγμὸν
3404 3201 3585 3270 αὐτῆς,
3611 3202 3672 3253 sai

2171 3292 2344 3346 ἔσται
2376 3293 2465 3357 εὶς
2487 3289 2822 3361 διαρπαγήν
2843 3307 2855 3319 ·
2884 3290 2983 3345 καὶ
3008 3290 3241 3347 καθελῶ
3271 3292 3383 3347 τὸν
3417 3292 3668 3362 τοῖχοναὺ-

2172 3383 2301 3453 τῆς,
2331 3385 2428 3438 καὶ
2451 3384 2620 3438 ἔσται
2651 3386 2738 3451 εις
2776 3384 3211 3453 καταπάτησιν.
3267 3387 3377 3441 Καὶ
3411 3385 3589 3455 ἀνήσω
3610 3386 3675 3438 τὸν

2170 3475 2495 3547 ἀμπελῶνα
2512 3494 2652 3546 μου,
2680 3477 2777 3532 καὶ
2804 3480 2877 3532 οὐ
2894 3478 2982 3549 μὴ
3008 3478 3241 3548 σπαρῇ,
3261 3478 3409 3534 οὐδὲ
3426 3479 3505 3548 μὴ
3524 3476 3674 3548 τμηθῇ.

2171 3568 2282 3624 Καὶ
2320 3566 2686 3635 ἀναϐήσεται
2713 3571 2803 3636 εἰς
2833 3570 3023 3623 αὐτὸν
3053 3570 3196 3624 ὡσεὶ
3223 3568 3452 3639 χέρσον
3490 3569 3673 3627 ἄκανθα,

2171 3661 2271 3716 καὶ
2331 3661 2463 3728 ταῖς
2512 3659 2800 3731 νεφέλαις
2852 3661 3207 3732 ἐντελοῦμαι
3250 3661 3365 3716 τοῦ
3402 3660 3482 3731 μὴ
3524 3656 3675 3726 ,ϐρέξαι

2170 3758 2259 3823 εις
2291 3755 2477 3809 αὐτὸν
2518 3755 2714 3810 ὑετόν.
2753 3753 3184 3826 Καθαιρεθέντος
3225 3754 3288 3808 δὲ
3332 3754 3427 3809 τοῦ
3470 3748 3674 3825 φραγμ.θῆ

2171 3846 2414 3900 τουτέστι
2439 3845 2539 3916 τῆς
2572 3845 2944 3916 φυλαττούσης
2975 3846 3171 3909 αὐτοὺς
3208 3846 3311 3899 καὶ
3353 3839 3674 3918 neptem}-

2174 3955 2274 4010 σης
2303 3937 2604 4009 δυνάμεως,
2629 3937 2852 4001 εἰκότως
2875 3937 3072 4000 πάντες
3103 3936 3291 3994 λοιπὸν
3317 3936 3546 4007 πολέμιοι
3562 3931 3674 3998 ἀόρα-

2171 4031 2254 4085 τοι
2285 4047 2343 4085 τε
2372 4030 2467 4084 καὶ
2490 4030 2734 4099 ἀφανεῖς,
2766 4028 2947 4101 θηρῶν
2975 4028 3182 4100 ἀγρίων
3210 4027 3367 4092 ὄντες
3399 4022 3676 4097 ἀνημερώτε-

2177 4139 2277 4195 ροι,
2306 4122 2646 4193 ἐλυμήναντο
2685 4122 2903 4184 αὐτοὺς,
2934 4119 3131 4191 δηλαδὴ
3174 4120 3307 4184 τοὺς
3331 4119 3435 4173 ὑπὸ
3464 4116 3545 4171 τοῦ
3566 4115 3675 4181 λόγου

2172 4213 2698 4285 κατηγορουμένους.
2736 4212 2845 4265 Καί
2886 4229 2969 4275 τις
3003 4211 3217 4284 πρῶτος
3250 4211 3545 4282 ἀκάθαρτος
3577 4200 3676 4267 imi

2185 4304 2482 4373 Ἀσσύριος,
2508 4301 2761 4357 εἰσελθὼν
2796 4301 3052 4375 ἰσχυρῶς,
3080 4301 3179 4373 τὴν
3210 4301 3530 4373 δηλωθεῖσαν
3548 4298 3673 4368 ἄμπε-

2172 4396 2263 4450 λον
2312 4397 2631 4467 διέφθειρεν,
2677 4395 2754 4459 ὡς
2803 4396 2895 4449 καὶ
2953 4396 3261 4464 ἀπαγαγεῖν
3306 4392 3609 4465 αἰχμάλωτον
3637 4385 3675 4438 τὸ

492 4485 697 4548 ionius,
724 4484 817 4555 qui
845 4484 995 4554 prior
1022 4482 1650 4554 Hierosolymaobsessa,
1674 4480 1879 4536 excidit
1903 4481 2071 4545 illam;

2180 4488 2379 4559 πλῆθος
2410 4490 2489 4551 εἰς
2514 4487 2641 4551 τοὺς
2668 4484 3001 4558 Ἀσσυρίους.
3033 4480 3167 4539 Εἶτα
3197 4485 3445 4559 δεύτερος
3467 4482 3670 4551 πολέμιος,

494 4585 618 4648 post
655 4578 808 4633 illum
831 4592 963 4633 vero
990 4577 1277 4633 Romanus
1305 4578 1637 4642 excercitus,
1660 4577 1753 4646 qui
1786 4584 1910 4647 post
1937 4575 2066 4631 Ser-

2180 4578 2447 4642 εῐσελθὼν,
2468 4578 2540 4630 τὰ
2568 4577 2675 4630 ὑπὸ
2698 4576 2791 4630 τοῦ
2819 4574 3036 4649 πρώτου
3069 4573 3491 4645 καταλειφθέντα
3517 4582 3673 4625 κατενε·

492 4672 701 4727 vatoris
734 4671 910 4727 nostri
958 4670 1277 4735 adventum,
1312 4670 1625 4740 irrumpens
1648 4669 1883 4723 vastavit
1922 4682 2064 4723 eam.

2180 4673 2448 4743 μήσατο,ό
2481 4669 2967 4742 Ναϐουχοδονόσορ,
3000 4671 3030 4723 6
3056 4669 3150 4724 καὶ
3179 4669 3241 4722 τὸ
3274 4669 3418 4741 ἱερὸν
3461 4659 3670 4736 πυρπολῄ

493 4762 619 4819 "ac
669 4777 834 4835 porro
890 4765 1076 4820 omnia
1102 4764 1433 4820 vaticinatur
1461 4763 1668 4835 Asaph,
1695 4764 1788 4834 qui
1822 4771 2068 4832 tempore

2180 4781 2270 4829 σας
2297 4766 2388 4819 καὶ
2420 4767 2499 4829 εἰς
2545 4764 2739 4835 ἔδαφος
2777 4762 3022 4833 ἀγαγών.
3057 4762 3150 4816 Διὸ
3187 4760 3432 4816 λέλεκται
3475 4758 3555 4813 καὶ
3577 4751 3670 4807 κατᾶ

432 4864 435 4865 ⁷
491 4853 713 4910 Davidis
740 4865 866 4912 ante
887 4855 1273 4928 Hierosolyma:
1294 4855 1760 4911 constructionem
1792 4863 2069 4925 erat,qu:e

2180 4858 2262 4911 τὸν
2303 4858 2623 4928 Σύμμαχον·
2658 4856 3118 4927 Κατενεμήσατο
3155 4854 3353 4922 αὐτὴν
3380 4850 3455 4919 ὗς
3493 4853 3551 4904 ἐκ
3585 4847 3671 4912 5P“

492 4947 768 5005 adnotatis
802 4950 1142 5020 temporibus
1169 4955 1434 5005 eventura
1470 4949 1572 5019 ipsi
1615 4954 1774 5004 erant
1806 4962 2066 5017 praenun-

2180 4946 2304 5009 τιοῦ.
2351 4947 2449 5000 καὶ
2489 4946 2699 5017 μονιὸς
2746 4946 2950 5016 cime
2996 4944 3477 5011 κατεϐοσκήσατο
3515 4933 3667 5002 αὐτὴν.

492 5039 657 5095 tians.
692 5038 760 5093 Et
784 5041 1004 5110 quidem
1034 5041 1090 5095 in
1124 5042 1378 5110 praesenti
1413 5040 1630 5095 videtur
1678 5053 1787 5093 una
1834 5039 2065 5108 primam

2182 5038 2327 5091 Ἀντὶ
2369 5038 2426 5091 δὲ
2458 5037 2574 5102 τοῦ,
2626 5038 2725 5091 καὶ
2763 5037 2976 5108 μονιὸς
3021 5038 3242 5109 ἄγριος,
3277 5041 3305 5092 6
3344 5035 3566 5094 Ἀκύλας,
3604 5024 3669 5079 καὶ

489 5129 832 5187 obsidionem
882 5145 915 5184 a
954 5130 1285 5203 Babyloniis,
1331 5140 1386 5188 et
1412 5130 1709 5186 secundam
1742 5143 1772 5181 a
1805 5127 2067 5183 Romanis

2180 5130 2566 5199 παντοδαπὴν
2592 5129 2808 5199 χώραν,
2836 5133 3168 5203 ἡρμήνευσε.
3204 5130 3338 5184 Καθ’
3359 5129 3532 5201 ἑτέραν
3553 5122 3595 5175 δὲ
3616 5119 3670 5186 έρ·

492 5218 693 5275 factam
713 5221 1002 5276 vaticinari
1037 5242 1051 5277 :
1085 5237 1184 5291 per
1216 5221 1611 5294 praecedentem
1642 5234 1773 5275 vero
1797 5219 2065 5289 psalmum

2180 5223 2420 5294 μηνείαν,
2452 5223 2793 5292 ἐλυμήνατο
2838 5222 3055 5291 αὐτὴν,
3084 5223 3281 5296 δηλαδὴ
3324 5223 3423 5291 τὴν
3459 5209 3669 5271 ἀποδοθεῖ-

491 5328 615 5384 quae
641 5314 747 5370 sub
775 5312 1046 5370 Antiocho
1068 5313 1353 5385 Epipliane
1379 5316 1727 5386 contigerunt
1747 5329 1762 5379 ;
1784 5326 1880 5382 per
1895 5326 2070 5365 uxm

2180 5332 2270 5369 παν
2300 5315 2564 5385 ἄμπελον,
2611 5317 2825 5388 πρῶτος
2856 5320 2884 5371 ὁ
2928 5315 3288 5379 Βαϐυλώνιος,
3317 5317 3347 5367 6
3384 5312 3471 5365 καὶ
3509 5303 3667 5377 πρῶτθς

495 5413 676 5463 autem
714 5422 779 5462 ea
807 5409 985 5463 solum
1010 5423 1133 5479 qua:
1176 5407 1244 5462 ad
1272 5418 1601 5479 postremam
1633 5420 1664 5459 a
1700 5403 1963 5459 Romanis
1988 5402 2069 5458 fa-

2180 5408 2268 5479 ιὴν
2324 5407 2682 5479 Ἰερουσαλὴμ
2734 5409 3019 5481 πολιορκίᾳ
3073 5407 3323 5482 δῃώσας·
3373 5405 3543 5458 ἔπειτα
3586 5391 3666 5464 μετ’

494 5501 639 5551 ctam
666 5495 1010 5552 obsidionem
1058 5497 1351 5568 pertinent,
1381 5504 1442 5551 ut
1471 5494 1540 5550 ad
1573 5508 1746 5548 um:
1779 5507 2063 5548 common.

2180 5499 2375 5551 ἐκεῖνον
2396 5497 2425 5549 6
2466 5498 2770 5569 Ῥωμαϊκὸς
2793 5498 3041 5570 στρατὸς,
3074 5498 3210 5570 μετὰ
3247 5498 3343 5567 τὴν
3362 5493 3450 5548 τού
3478 5485 3666 5555 Σωτῆρος

496 5595 728 5643 stratum
759 5600 865 5646 88L

2180 5586 2345 5658 ἡμῶν·
2381 5588 2684 5660 παρουσίαν
2748 5587 3022 5653 ἐπελθὼν,
3081 5588 3472 5658 κατενεμήσατο
3526 5574 3660 5641 αὐτὴν·

495 5679 681 5734 Ταῦτα
706 5681 767 5734 δὲ
817 5682 996 5736 πάντα
1024 5681 1354 5755 προφητεύει
1391 5681 1563 5752 ’Ᾱσᾶφ
1609 5679 1751 5734 κατὰ
1800 5680 1927 5742 τοὺς
1972 5677 2197 5751 χρόνους
2223 5677 2463 5746 γεγονὼς
2494 5677 2586 5731 τοῦ
2616 5678 2797 5745 Δαυῒδ,
2830 5680 2935 5743 πρὸ
2966 5679 3066 5736 τῆς
3096 5678 3374 5750 οἰκοδομῆς
3398 5674 3486 5744 τῆς
3522 5669 3660 5736 Ἱερω·

567 5794 613 5826 ’⁸
654 5791 797 5849 Psal.
830 5810 957 5862 XLV,
989 5796 1043 5852 5.
1116 5798 1162 5830 "
1195 5796 1299 5854 lsa.
1336 5815 1388 5857 v.
1422 5799 1475 5854 5.
1549 5798 1593 5831 ⁷⁷
1635 5797 1771 5857 ibid.
1806 5798 1862 5853 7.
1938 5801 1984 5838 ⁷⁸
2023 5796 2071 5853 Jt

2180 5812 2249 5865 ll,
2286 5796 2378 5852 21.
2453 5797 2499 5829 ¹¹⁹
2540 5795 2711 5863 lsa.v,
2747 5795 2780 5851 5
