3798 6282
128 329 219 389 965

1207 310 1706 367 COMMENTARIA
1739 307 1810 363 ΙΝ
1850 305 2188 363 PSALMOS.

3241 304 3351 360 966

128 442 299 510 σαλὴμ,
337 433 596 496 θεσπίζων
618 431 755 500 αὐτῇ
795 429 863 482 τὰ
904 428 1288 498 συμϐησόμενα
1311 426 1451 480 κατά
1479 428 1604 488 τοὺς
1639 423 1978 496 δηλωθέντας
2003 424 2248 493 χρόνους.
2279 424 2377 477 Διά
2401 425 2500 495 μὲν
2530 423 2622 477 οὖν
2655 423 2762 477 τῶν
2797 422 2936 494 μετά
2965 423 3151 494 χεῖρας
3173 420 3347 472 ἔοικεν

123 537 237 610 ὁμοῦ
273 533 357 587 καὶ
386 528 482 598 τὴν
524 526 748 598 πρώτην
777 523 1091 595 πολιορκίαν
1124 523 1221 592 τὴν
1268 522 1372 574 ὑπὸ
1438 519 1790 574 Βαϐυλωνίων
1823 531 2144 587 γενομένην,
2178 518 2273 569 καὶ
2313 517 2414 588 τὴν
2453 518 2707 589 δευτέραν
2752 519 2852 588 τὴν
2895 517 3000 570 ὑπὸ
3059 513 3345 585 Ῥωμαίων

124 608 449 705 τέροφητεύειν
473 638 488 653 ⁶
523 620 610 675 διά
642 619 699 672 δέ
734 618 827 670 τοῦ
859 616 966 688 πρὸ
995 613 1185 668 τούτου
1217 615 1287 668 τὰ
1329 614 1471 667 κατά
1515 612 1785 705 ’Δντίοχον
1806 611 1897 663 τὸν
1930 610 2198 705 Ἐπιφανῆ
2233 611 2544 681 συμϐάντα’
2581 611 2669 664 διὰ
2711 611 2766 664 δὲ
2798 611 2891 663 τοῦ
2922 610 2962 662 o'
2992 610 3086 662 καὶ
3123 608 3170 678 γ’
3209 608 3348 680 μόνα

122 700 177 780 τὰ
195 723 283 793 τῆς
322 716 548 785 ὑστάτης
580 709 898 781 πολιορκίας
925 708 1025 778 τῆς
1053 706 1158 760 ὑπὸ
1197 706 1482 776 Ῥωμαίων
1515 701 1942 793 γενομένης,-ιὶ›ς
1967 700 2343 793 ἀποδέδεικται
2371 704 2428 755 ἐν
2461 703 2573 764 τοῖς
2603 701 2742 754 κατά
2775 701 2865 754 τὸν
2893 707 2971 769 ογ¹
3009 700 3344 772 εἰρημένοις,

188 790 252 864 '0'
280 807 414 871 θεὸς
450 802 570 856 τῶν
611 799 940 869 δυνάμεων,
993 797 1365 866 ἐπιστρεψον
1391 795 1492 863 δὴ,
1535 795 1651 848 ἐπί-

1841 790 2005 847 Vens.
2043 791 2234 848 lii-l7.
2279 792 2421 846 Deus
2471 793 2745 855 virtutum,
2779 804 3096 858 convertere,
3148 796 3347 864 respice

119 905 318 971 ϐλέψον
356 895 423 959 ἐξ
457 889 869 962 οὐρανοῦ,·καὶ
910 888 1020 954 ἴδε,
1050 889 1149 942 καὶ
1187 889 1511 957 ἐπίσκεψαι
1544 887 1660 955 τὴν

115 994 356 1066 ἀμπελον
382 987 631 1052 ταύτην,
669 983 766 1037 καὶ
792 981 1141 1050 κατάρτισαι
1167 981 1381 1050 αὐτὴν,
1416 981 1497 1048 ἣν
1524 981 1662 1050 ἐρύ-

115 1097 304 1142 τευσεν
339 1079 377 1146 ή
407 1074 574 1140 δεξιά
598 1089 736 1138 σου,
771 1073 870 1127 καὶ
910 1073 1008 1125 ἐπὶ
1043 1071 1179 1126 υἱὸν
1211 1070 1546 1139 ἀνθρώπου,
1587 1070 1660 1122 ὃν

113 1171 487 1244 ἑκραταίωσας
517 1164 771 1230 σεαυτῷ.
816 1161 1334 1232 Ἐμπεπυρισμένη
1372 1163 1512 1229 πυρὶ
1559 1161 1657 1214 καὶ

112 1259 528 1330 ἀνεσκαμμένη,
575 1257 692 1310 ἀπὸ
734 1255 1130 1324 ἐπιτιμήσεως
1179 1254 1286 1308 τοῦ
1333 1255 1657 1322 προσώπου

109 1370 209 1408 σου
249 1347 630 1403 ἀπολοῦνται.
674 1347 763 1409 Ὠς
811 1344 1014 1413 ἀγαθὸν
1055 1344 1300 1414 γεωργὸν
1341 1345 1657 1414 ὑπομνήσας

109 1445 192 1513 τῆς
221 1439 407 1508 πολλῆς
439 1436 606 1492 αὐτοῦ
635 1437 764 1508 περὶ
795 1435 893 1507 τὴν
921 1435 1166 1508 ἄμπελον
1197 1434 1536 1506 ἐπιμελείας,
1563 1435 1658 1490 καὶ

108 1535 190 1602 τῆς
220 1531 347 1602 μετά
389 1527 562 1581 ταῦτα
596 1526 884 1597 συμϐάσης
915 1527 1052 1598 αὐτῇ
1089 1525 1344 1597 ἐρημίας,
1395 1525 1522 1595 ἐξῆς
1564 1525 1658 1579 καὶ

108 1622 382 1684 ἀκολούθως
437 1619 672 1672 ἱκετεύει
715 1619 1042 1690 ἐπιπρέψαι
1087 1619 1164 1682 ὡς
1215 1617 1654 1688 ἀποστραφέντα,

108 1717 185 1768 καὶ
211 1715 290 1766 διὰ
319 1714 413 1783 τῆς
444 1714 792 1784 ἀποστροφῆς
816 1714 928 1774 τοῖς
959 1711 1221 1774 ἐναντίοις
1257 1712 1419 1764 πᾶσιν
1440 1710 1658 1763 ἐκδεδω-

106 1808 218 1860 κότα
247 1805 340 1877 τὴν
385 1803 651 1876 ἄμπελον.
705 1804 1030 1874 Ἐπισκέψαι
1079 1803 1135 1857 δὲ
1187 1803 1348 1857 αὑτὸν
1403 1802 1653 1866 ἱκετεύει,

104 1899 180 1952 καὶ
209 1896 487 1966 ἐπιϐλέψαι
516 1896 720 1950 ἀνωθεν
746 1895 806 1962 ἐξ
833 1895 1063 1968 ούρανοῦ
1083 1913 1097 1926 ·
1137 1895 1438 1966 μνησθῆναί
1468 1912 1549 1958 τε,
1579 1894 1656 1959 ὼς

101 1993 191 2061 ἄρα
221 1989 299 2061 εἴη
325 1988 493 2043 αὑτοῦ
523 1989 736 2059 φυτεία,
771 1989 864 2042 καὶ
891 1989 990 2058 τῆς
1013 1987 1179 2042 αὐτοῦ
1208 1987 1385 2054 δεξιᾶς
1411 1986 1654 2059 γεωργία

102 2081 128 2148 ἡ
165 2078 511 2149 προλεχθεῖσα
557 2078 822 2148 ἄμπελος,
859 2080 953 2132 καὶ
999 2078 1304 2150 μνησθέντα
1354 2077 1654 2146 ἐπισκέψα-

1759 881 1822 936 de
1855 881 2005 946 caelo,
2045 894 2096 936 et
2146 883 2283 948 ride,
2331 894 2380 938 et
2425 885 2582 938 visita
2625 885 2830 939 vineam
2857 886 3038 949 istaut,
3075 898 3124 940 et
3152 889 3346 956 perﬁce

1758 990 1897 1039 eam,
1939 992 2097 1045 quant
2153 976 2416 1044 plantavit
2466 978 2684 1031 dextera
2716 989 2830 1039 tua,
2878 987 2928 1030 et
2979 994 3136 1047 super
3172 981 3343 1048 ﬁlium

1759 1067 2008 1130 hominis,
2042 1083 2194 1134 quem
2224 1068 2555 1136 conﬁrmasti
2600 1069 2716 1122 tibi.
2762 1065 2990 1122 Incensa
3020 1069 3127 1138 igni
3152 1080 3201 1122 et
3231 1070 3345 1140 suf-

1760 1158 1929 1228 fossa,
1955 1157 2020 1210 ab
2052 1158 2409 1226 increpatione
2431 1159 2605 1213 vultus
2635 1161 2712 1213 tui
2743 1160 3006 1229 peribunt.
3043 1158 3342 1230 Postquam

1759 1249 1808 1303 ei
1843 1257 1902 1301 ut
1927 1249 2070 1302 bono
2100 1249 2351 1318 agricola:
2389 1249 2445 1303 in
2489 1251 2808 1304 memoriam
2850 1253 3126 1305 revocavit
3157 1252 3345 1320 iugeti-

1759 1351 1869 1398 tem
1928 1343 2076 1396 illam
2113 1359 2268 1398 suam
2320 1359 2418 1412 pro
2451 1344 2609 1398 vinea
2658 1344 3110 1408 sollicitudinem,
3144 1353 3198 1398 et
3230 1344 3340 1412 ipsi

1760 1435 1964 1490 illatam
1996 1444 2184 1505 postea
2242 1437 2588 1501 vastitatem;
2644 1440 2749 1492 sub
2797 1437 2909 1491 hau-
2941 1445 3346 1506 consequenter

1759 1528 2051 1597 supplicat,
2085 1539 2142 1581 ut
2169 1529 2234 1582 ad
2264 1543 2384 1582 eam
2415 1544 2475 1582 se
2501 1536 2808 1591 convertat,
2835 1529 2927 1598 qui
2948 1529 3156 1598 pridem
3191 1543 3348 1584 aver-

1759 1635 1854 1675 sus
1905 1619 1954 1674 ei
2013 1627 2183 1681 esset,
2241 1633 2305 1673 ac
2355 1634 2450 1688 per
2489 1620 2832 1672 aversionem
2881 1619 3050 1679 illam.
3103 1620 3346 1674 inimicis

1757 1713 2000 1768 eamdem
2031 1714 2245 1768 vineam
2275 1713 2610 1769 tradidisset.
2659 1711 2836 1782 Rogat
2882 1720 3063 1768 autem
3101 1714 3253 1766 illum
3287 1725 3346 1767 rt

1757 1803 2071 1859 consideret
2127 1811 2182 1859 et
2221 1818 2442 1858 sursum
2499 1803 2567 1857 de
2597 1804 2738 1857 cmlo
2785 1803 3061 1872 respiciat,
3087 1804 3344 1859 recorde-

1757 1903 1956 1964 turque
2005 1904 2364 1950 mEmoratam
2416 1894 2654 1960 vineam,
2709 1896 2795 1950 sui
2853 1896 3247 1964 plantationem
3291 1905 3346 1950 et

1756 1986 1996 2042 dextera:
2044 2002 2159 2043 suae
2222 1987 2615 2056 agriculturam
2667 2002 2816 2048 esse.
2862 1986 3093 2056 ejusque
3137 2003 3349 2042 memor

1756 2080 1944 2135 visitet
1965 2079 2136 2141 illam,
2174 2087 2362 2148 utpote
2390 2094 2510 2148 quae
2537 2079 2668 2132 olim
2695 2079 2764 2133 ab
2783 2078 2904 2146 ejus
2934 2079 3161 2133 dextera
3193 2079 3348 2149 plau-

100 2171 204 2224 σθαι
233 2171 416 2240 αὐτὴν,
450 2171 528 2234 ὡς
569 2171 634 2223 ἀν
665 2169 831 2223 πάλαι
861 2171 958 2238 μὲν
992 2170 1095 2223 ὑπὸ
1139 2170 1238 2240 τῆς
1265 2169 1430 2224 αὐτοῦ
1472 2169 1651 2234 δεξιᾶς

1768 2179 1863 2224 ,οιο
1893 2170 2056 2224 fuerit
2082 2189 2094 2224 :
2119 2170 2232 2240 jam
2256 2184 2385 2224 vero
2408 2170 2628 2224 incensa
2653 2171 2762 2242 igni
2791 2180 2844 2224 et
2875 2169 3134 2232 sull'ossa,
3168 2173 3237 2224 ab
3266 2171 3320 2224 iu

97 2262 448 2332 φυτευθεῖσαν,
482 2263 597 2315 νυνὶ
625 2261 683 2314 δὲ
719 2263 1206 2334 ἐμπεπυρισμένην
1239 2261 1374 2332 πυρὶ
1403 2261 1498 2314 καὶ
1529 2261 1652 2314 ἀνε-

95 2354 412 2425 σκαμμένην,
444 2355 540 2407 καὶ
568 2352 677 2406 ἀπὸ
713 2353 1084 2425 ἐπιτιμήσεως
1112 2350 1207 2404 τοῦ
1234 2350 1522 2422 προσώπου
1555 2351 1652 2404 αύ-

93 2447 172 2501 τοῦ
193 2447 546 2502 ἀπολωλυῖαν.
581 2446 748 2512 ’Δξιοί
775 2463 834 2500 τε
863 2445 1294 2517 καταρτίσασθαι
1324 2443 1493 2514 αὐτὴν
1522 2445 1652 2496 ἀνα-

91 2541 296 2594 λαϐόντα
360 2541 462 2594 καὶ
523 2539 974 2612 ἀνακτησάμενον
1021 2536 1178 2608 δίκην
1245 2536 1488 2607 σωτῆρος
1556 2535 1652 2590 καὶ

95 2631 255 2702 ἰατροῦ
273 2649 285 2661 ·
313 2632 407 2685 καὶ
428 2629 604 2684 ταῦτα
631 2630 834 2702 πρᾶξαι
859 2628 947 2683 διὰ
979 2627 1072 2682 τοῦ
1104 2625 1234 2680 Υἱοῦ
1262 2626 1321 2680 ὃν
1345 2626 1650 2698 ἐκραταίωο

92 2741 168 2776 σεν
198 2723 388 2795 ἐαυτῷ.
439 2725 521 2776 Δι’
570 2716 644 2776 ῶν
678 2721 865 2791 σαφῶς
897 2723 926 2774 ὁ
965 2719 1123 2789 λόγος
1161 2717 1400 2772 διδάσκει
1434 2717 1651 2792 πρῶτον

89 2808 210 2866 εἶναι
249 2814 338 2867 τὸν
371 2813 704 2884 ἐμπρησμὸν
742 2811 804 2868 ὃν
833 2811 1050 2884 πρῶτον
1092 2810 1383 2881 ὑπέμεινεν
1415 2811 1444 2862 ό
1487 2809 1653 2872 τόπος

88 2904 178 2957 ὑπὸ
217 2904 596 2958 Βαϐυλωνίων.
640 2904 713 2957 Ού
752 2903 863 2975 γὰρ
889 2903 955 2957 ἂν
991 2902 1129 2974 μετά
1159 2902 1249 2956 τὸν
1275 2901 1527 2974 δεύτερον
1553 2903 1653 2971 ἐμ-

87 2997 316 3068 πρησμὸν
347 2997 442 3050 τὸν
473 2997 578 3050 ὑπὸ
615 2996 900 3066 Ῥωμαίων
944 2994 1237 3065 γενόμενον
1276 2992 1373 3066 τὴν
1404 2991 1500 3045 τοῦ
1535 2993 1649 3045 Σω-

84 3089 229 3159 τῆρος
263 3089 590 3159 θεοφάνειαν
619 3087 874 3158 γενέσθαι
903 3085 1058 3156 ἠξίου
1088 3085 1187 3154 τὴν
1217 3084 1317 3157 ἤδη
1345 3085 1650 3154 γεγενημέ-

85 3199 187 3252 νην.
231 3182 430 3254 Χώραν
476 3181 532 3236 δὲ
579 3181 692 3253 ἔχει
735 3179 874 3252 μετά
908 3181 978 3234 τὰ
1015 3177 1206 3249 πρῶτα
1239 3178 1524 3249 συμϐάντα
1571 3178 1649 3250 τῷ

80 3273 214 3344 τόπῳ
241 3275 509 3328 ἱκετεύειν
529 3274 624 3327 καὶ
648 3271 862 3326 δέεσθαι
891 3270 984 3324 τὸν
1003 3271 1298 3342 Λυτρωτὴν
1328 3271 1644 3341 ἐπιστῆναι·

81 3358 134 3418 οὗ
174 3367 517 3432 ἐπιστάντος,
556 3365 682 3418 ἐπεὶ⁷
725 3363 800 3435 μὴ
849 3362 1215 3434 παρεδέξαντο
1263 3361 1362 3433 τὴν
1412 3362 1648 3433 πρώτοις

1752 2262 2067 2332 crepatione
2123 2263 2308 2318 vultus
2341 2262 2462 2332 ejus
2510 2264 2754 2333 perierit.
2811 2261 3076 2317 Precatur
3122 2263 3252 2316 item
3289 2271 3348 2316 ut

1752 2371 2043 2410 resumens
2073 2363 2504 2425 restauransque
2531 2356 2678 2408 illam
2717 2355 3020 2410 servatoris
3046 2368 3112 2408 ac
3138 2352 3341 2408 medici

1763 2449 1940 2503 instar
1969 2447 2210 2501 reﬁciat:
2232 2457 2285 2502 et
2311 2446 2425 2501 haec
2445 2455 2571 2518 agat
2601 2461 2694 2516 per
2713 2445 2910 2499 Filium
2943 2460 3107 2516 quem
3141 2443 3345 2502 conﬁr-

1754 2541 1923 2594 mavit
1951 2540 2080 2594 sibi.
2100 2539 2269 2604 Queis
2289 2547 2477 2609 aperte
2502 2539 2818 2594 declaratur
2842 2538 2932 2593 hic
2959 2538 3198 2609 primum
3233 2539 3343 2593 loci

1753 2631 2070 2686 incendium
2127 2631 2402 2696 adnotari,
2425 2631 2574 2702 quod
2614 2647 2644 2684 a
2696 2629 3012 2701 Babyloniis
3045 2647 3346 2701 perpessus

1752 2734 1854 2779 est.
1882 2722 2071 2791 Neque
2121 2724 2268 2776 enim
2304 2731 2426 2792 post
2474 2721 2778 2777 secundum
2813 2722 3127 2777 incendium
3163 2739 3194 2776 a
3229 2721 3344 2776 Ro—

1751 2816 1930 2870 manis
1964 2815 2195 2879 illatum,
2249 2814 2496 2870 divinum
2550 2813 2853 2869 Salvatoris
2897 2815 3214 2877 adventum,
3246 2817 3341 2884 qui

1744 2909 1857 2979 jam
1881 2911 2210 2980 contigerat.
2246 2910 2512 2965 maturari
2572 2918 2840 2980 rogasset.
2887 2907 3207 2979 Opportune
3245 2923 3344 2961 au-

1752 3011 1858 3055 tem
1913 3009 2036 3071 post
2108 3003 2344 3072 priorem
2406 3002 2553 3056 illam
2608 3001 2714 3055 loci
2771 3001 3140 3056 calamitatem
3186 3006 3344 3069 rogat

1751 3095 2121 3163 postulatque,
2141 3102 2200 3147 ut
2218 3093 2549 3164 Redemptor
2577 3094 2828 3148 adveniat
2851 3107 2990 3163 :quo
3021 3092 3340 3156 accedente,

1749 3185 1875 3254 quia
1901 3185 2131 3253 gratiam
2157 3185 2291 3254 ipsis
2322 3185 2598 3255 prioribus
2633 3185 3015 3239 annuntiatam
3045 3199 3154 3238 non
3185 3199 3338 3237 recc-

1753 3284 1978 3346 peruut,
2013 3288 2314 3332 extremam
2362 3279 2830 3348 promeritamque
2872 3276 3184 3332 vastitatem
3215 3275 3342 3344 jure

1748 3365 1995 3434 perpessi
2053 3376 2203 3429 sunt,
2233 3383 2396 3437 quam
2433 3367 2549 3436 ipse
2582 3367 2955 3422 comminatus
2987 3366 3098 3423 illis
3139 3374 3223 3421 est
3255 3365 3342 3422 his

79 3457 242 3520 αὐτοῖς
271 3457 338 3510 δι’
369 3457 540 3511 αὑτοῦ
570 3454 1034 3525 καταγγελθεῖσαν
1075 3454 1256 3526 χάριν,
1293 3455 1516 3518 εἰκότως
1547 3456 1646 3526 τὴν

1768 3456 1933 3510 tet-bis
1969 3474 1982 3510 :
2021 3455 2240 3522 Quoties
2281 3459 2421 3512 volui
2469 3474 2786 3529 congregare
2813 3459 2956 3528 ﬁlios
2992 3468 3132 3522 tuos,
3159 3472 3344 3527 quem-

80 3549 297 3622 ὑπάτην
326 3551 631 3620 ὑπέμειναν
653 3547 891 3619 ἐρημίαν
911 3564 924 3578 ο
960 3546 1027 3618 ῆν
1052 3547 1212 3610 αὐτὸς
1243 3546 1644 3617 προσετίμησεν

76 3641 240 3707 αὐτοῖς
289 3642 465 3697 εἰπών
483 3659 496 3673 °
551 3640 820 3706 Ποσάκις
863 3638 1139 3708 ἠθέλησα
1178 3637 1646 3708 ἐπισυναγαγεῖν

77 3734 138 3786 τὰ
181 3735 362 3789 τέκνα
403 3750 546 3799 σου,
578 3734 650 3788 ὃν
696 3734 921 3802 τρόπον
967 3731 1134 3801 ὄρνις
1168 3731 1520 3800 ἐπισυνάγει
1571 3729 1645 3784 τὰ

72 3828 279 3881 νοσσία
309 3829 435 3884 ὑπὸ
483 3827 592 3893 τὰς
630 3825 948 3894 πτέρυγας,
981 3825 1080 3878 καὶ
1123 3825 1235 3878 οὐκ
1264 3823 1643 3892 ἠθελήσατε;

1751 3551 2038 3606 admodum
2075 3555 2279 3625 gallina
2322 3564 2601 3624 congregat
2631 3555 2805 3623 pullos
2831 3573 2956 3609 suos
2990 3555 3088 3610 sub
3115 3553 3257 3614 alas,
3286 3565 3338 3606 et

1753 3646 2204 3702 uoluistis?Ecce
2251 3649 2575 3717 relinquetur
2624 3647 2767 3701 vobis
2809 3648 2996 3701 domus
3045 3656 3218 3700 vestra
3248 3644 3339 3696 dc—

1751 3749 1894 3792 scrta
1917 3741 1962 3772 3°
1988 3756 2003 3792 :
2034 3738 2254 3809 quando
2287 3739 2587 3794 secundum
2629 3737 2976 3808 Apostolum,
3007 3734 3236 3804 pervenit
3265 3748 3332 3786 aa

1751 3843 1838 3882 eos
1861 3831 1946 3882 ira
1969 3830 2024 3882 in
2061 3832 2213 3887 [mem
2241 3830 2310 3882 “.

85 3917 225 3974 Ἰδοὺ
255 3923 499 3991 ἀφίεται
522 3920 665 3992 ὑμῖν
689 3923 721 3974 o'
753 3915 917 3985 οἶκος
949 3916 1118 3988 ὑμῶν
1143 3917 1396 3986 ἕρημος·
1437 3917 1526 3970 ὅτε
1577 3917 1672 3972 καὶ
1711 3921 1851 3974 κατά
1896 3923 1988 3976 τὸν
2031 3922 2372 3986 Ἀπὸστολον,
2405 3920 2670 3989 ἔφθασεν
2715 3922 2803 3986 εις
2840 3917 3060 3972 αὑτοὺο
3104 3915 3143 3984 ἢ
3186 3911 3334 3984 ὀργὴ

69 4017 147 4080 είς
169 4014 358 4081 τέλος.

132 4155 456 4225 Γενηθήτω
481 4154 520 4221 ἠ
570 4153 700 4223 χείρ
744 4167 860 4207 σου
903 4152 996 4205 ἐπ’
1039 4151 1226 4220 ἄνδρα
1261 4149 1463 4216 δεξιᾶς
1503 4166 1641 4217 σου,

68 4248 158 4300 καὶ
187 4248 286 4301 ἐπὶ
312 4249 458 4304 υἱὸν
481 4246 818 4314 ἀνθρώπου,
850 4245 922 4299 ὃν
947 4245 1357 4313 ἐκραταίωσας
1388 4244 1641 4311 σεαυτῷ.

67 4340 170 4394 Καὶ
211 4343 283 4396 οὺ
313 4341 404 4412 μὴ
439 4339 800 4409 ἀποστῶμεν
848 4338 964 4392 ἀπὸ
1000 4339 1136 4401 σοῦ,
1178 4338 1426 4404 ζωώσεις
1463 4336 1643 4407 ἡμᾶς.

65 4433 200 4486 Μίαν
222 4435 335 4487 τῶν
367 4431 777 4507 προλεχθέντων
805 4432 1062 4485 ἁπάντων
1087 4430 1382 4500 θεραπείαν
1407 4430 1644 4484 διδάσκει

63 4525 120 4578 τὸ
157 4526 390 4597 Πνεῦμα
437 4525 498 4578 τὸ
542 4524 716 4592 ἅγιον,
749 4523 848 4594 τὴν
881 4525 962 4587 εἰς
1009 4522 1325 4594 ἀνθρώπους
1372 4521 1467 4575 τοῦ
1514 4525 1647 4593 Χρι-

65 4617 184 4670 στοῦ
209 4618 308 4671 τοῦ
339 4616 479 4671 Θεοῦ
511 4614 828 4687 παρουσίαν.
862 4614 1060 4685 Διόπερ
1088 4613 1224 4683 μετά
1251 4613 1319 4666 τὰ
1347 4630 1648 4683 προφητευ-

62 4708 216 4763 θέντα
245 4711 379 4780 περὶ
406 4709 507 4779 τῆς
533 4709 766 4780 ἐρημίας
790 4706 885 4760 τοῦ
915 4704 1236 4776 ἀμπελῶνος
1263 4705 1358 4758 καὶ
1379 4703 1472 4757 τοῦ
1495 4703 1648 4757 ἐπελ-

1822 4148 1986 4203 Vsus.
2026 4147 2109 4202 18.
2154 4144 2281 4199 Fiat
2311 4161 2502 4199 manus
2553 4154 2644 4196 tua
2693 4159 2852 4210 super
2889 4143 3061 4196 virum
3103 4143 3335 4200 dexteris

1751 4252 1876 4304 tum,
1909 4251 1957 4294 et
1985 4255 2140 4303 super
2170 4238 2341 4307 ﬁlium
2382 4235 2631 4300 hominis,
2668 4251 2818 4304 quem
2854 4235 3184 4301 conﬁrmasti
3215 4235 3329 4288 tibi.

1750 4332 1818 4385 Et
1858 4350 1962 4386 non
1991 4330 2318 4385 discedemus
2353 4346 2385 4382 a
2417 4339 2484 4389 te,
2510 4326 2801 4395 vivificabis
2835 4343 2949 4379 nos.
2985 4325 3157 4380 Unam
3196 4343 3332 4396 pra:-

1748 4425 2022 4480 dictorum
2065 4423 2309 4476 omnium
2355 4420 2696 4475 curationem
2739 4418 2900 4472 docet
2931 4417 3170 4486 Spiritus
3203 4434 3332 4472 san-

1750 4527 1894 4580 ctus,
1954 4531 2149 4586 nempe
2201 4513 2406 4569 Christi
2456 4511 2550 4566 Dei
2599 4510 2667 4564 ad
2726 4509 2974 4564 homines
3015 4510 3328 4563 adventum.

1752 4607 2118 4674 Quamobrem
2178 4614 2305 4677 post
2356 4603 2698 4675 prophetiam
2749 4600 2818 4654 de
2849 4599 3021 4654 vineae
3051 4599 3327 4665 vastitate,

1753 4708 1806 4754 et
1825 4701 1893 4754 de
1923 4699 2107 4753 l'uturo
2137 4699 2257 4767 ejus
2303 4695 2580 4759 incendio,
2616 4695 2700 4748 his
2731 4692 3005 4762 supplicat
3037 4698 3095 4743 ut
3117 4689 3332 4744 redem-

61 4803 238 4868 θόντος
269 4778 428 4874 αύτῷ
469 4778 800 4874 ἐμπρησμοῦ
831 4801 1060 4856 ἱκετεύει
1099 4798 1167 4852 τὰ
1200 4796 1540 4869 προκείμενα
1569 4797 1650 4858 είς

1768 4797 1961 4843 iterem
1998 4797 2316 4858 exspectare
2365 4789 2544 4854 liceat,
2599 4785 2776 4837 virum
2825 4782 3060 4836 dexterae
3111 4778 3229 4846 Dei,
3277 4789 3330 4832 et

59 4897 117 4949 τὸ
159 4898 474 4970 προσδοκᾷν
519 4897 800 4969 λυτρωτὴν
848 4896 939 4948 τὸν
984 4893 1149 4966 ἀνδρα
1196 4891 1293 4961 τῆς
1339 4887 1520 4955 δεξιᾶς
1546 4886 1641 4940 τοῦ

58 4987 210 5052 Θεοῦ,
243 4988 345 5041 καὶ
387 4987 480 5039 τὸν
503 4986 615 5038 υἱὸν
653 4983 747 5038 τοῦ
786 4982 1071 5056 ἀνθρώπου
1107 4981 1197 5034 τὸν
1231 4979 1336 5032 ὑπὸ
1377 4979 1470 5031 τοῦ
1510 4977 1643 5031 Θεοῦ

59 5078 562 5150 κεκραταιωμένον.
600 5071 768 5139 Οὗτος
797 5076 854 5129 δὲ
885 5071 952 5146 ῆν
981 5077 1010 5128 ὁ
1037 5071 1320 5143 ἀγαπητὸς
1360 5068 1455 5123 τοῦ
1488 5068 1644 5133 Θεοῦ,

55 5169 112 5222 ὃν
139 5171 348 5225 εἰδέναι
391 5171 485 5223 καὶ
536 5171 788 5240 παρεῖναι
821 5167 888 5219 δι’
927 5165 1094 5236 εὐχῆς
1125 5162 1366 5217 τίθεσθαι
1417 5160 1647 5233 παραδί-

56 5261 185 5315 δωσι
230 5265 351 5325 τοῖς
405 5260 856 5332 ἐντυγχάνουσιν·
903 5257 978 5319 ὡς
1027 5255 1114 5316 ἂν,
1155 5254 1373 5322 γνόντες
1407 5251 1566 5304 αὑτὸν
1598 5251 1648 5302 οἱ

53 5355 229 5409 ταῦτα
275 5354 768 5426 προδιδασκόμενοι
796 5351 891 5403 καὶ
923 5351 1002 5411 εἰς
1035 5346 1196 5399 αὐτὸν
1238 5343 1645 5405 πιστεύσαντες,

53 5442 116 5495 δι’
138 5444 310 5496 αὐτοῦ
339 5445 525 5513 τυχεῖν
548 5442 647 5512 τῆς
677 5439 785 5492 τῶν
812 5437 999 5491 κακῶν
1027 5435 1324 5506 θεραπείας
1345 5433 1643 5486 ἐλπίσειαν.

55 5535 143 5586 Διὸ
174 5537 241 5587 ἐκ
288 5533 590 5604 προσώπου
629 5531 735 5583 τῶν
765 5527 1058 5598 θεραπείας
1100 5523 1367 5594 δεομένων
1404 5521 1536 5592 φησὶ
1561 5521 1645 5584 τὸ,

1751 4883 1922 4936 lilium
1958 4881 2194 4935 hominis
2221 4896 2252 4934 a
2297 4879 2406 4934 Deo
2433 4877 2837 4932 conﬁrmatum.
2875 4871 2974 4925 llic
3017 4885 3181 4940 porro
3211 4880 3329 4924 erat

1750 4973 1984 5027 dilectus
2021 4970 2111 5026 Dei
2144 4991 2156 5025 :
2180 4986 2339 5040 quem
2361 4985 2420 5023 se
2441 4982 2624 5027 nosse,
2653 4979 2717 5017 ac
2742 4970 2804 5016 ut
2833 4960 3088 5015 adveniat
3113 4960 3167 5012 in
3201 4966 3333 5012 voto

1754 5067 1952 5120 habere
1987 5065 2289 5135 legentibus
2337 5062 2546 5126 tradit;
2602 5056 2776 5126 utqui
2823 5055 2936 5108 haec
2968 5053 3121 5122 prius
3150 5051 3328 5106 edocti

1757 5165 1907 5221 sunt,
1943 5159 2044 5210 hac
2095 5157 2288 5210 notitia
2325 5162 2378 5208 et
2415 5153 2519 5206 ﬁde
2551 5151 2605 5204 in
2647 5149 2797 5201 illum
2846 5142 3123 5206 instructi,
3154 5141 3328 5194 malo-

1755 5265 1876 5304 rqu
1934 5247 2234 5303 remedium
2297 5245 2365 5298 ab
2410 5258 2478 5296 eo
2529 5258 2587 5296 se
2643 5245 3042 5294 consecuturos
3087 5241 3326 5304 sperent.

1750 5341 1928 5407 Quare
1952 5357 2016 5394 ex
2052 5352 2282 5408 persona
2334 5349 2524 5389 eorum
2549 5334 2640 5402 qui
2689 5330 2896 5385 medela
2949 5342 3088 5397 opus
3130 5327 3331 5380 habent

1749 5435 1867 5488 ait:
1905 5431 2030 5484 Fiat
2077 5444 2262 5482 manus
2314 5437 2405 5479 tua
2457 5441 2614 5494 super
2638 5424 2809 5476 virum
2853 5421 3085 5474 dextera!
3128 5432 3252 5479 tum,
3278 5426 3326 5469 et

1745 5537 1902 5590 super
1933 5521 2103 5589 ﬁlium
2150 5517 2399 5578 hominis,
2424 5530 2573 5584 quem
2605 5511 2932 5578 conﬁrmasti
2981 5509 3092 5562 tibi.
3122 5506 3189 5559 Et
3223 5521 3329 5559 non

55 5596 392 5694 Γενηθήτω
424 5627 460 5693 ἠ
490 5626 617 5694 χειγ)
656 5639 771 5677 σου
799 5596 890 5675 ἐπ’
925 5619 1112 5686 ἄνδρα
1135 5615 1338 5682 δεξιᾶς
1378 5607 1514 5681 σοίν,
1545 5615 1644 5669 καὶ

1768 5612 2068 5667 tiscedemus
2091 5626 2122 5662 a
2149 5618 2215 5662 te.
2246 5606 2371 5661 llaec
2404 5622 2564 5678 porro
2595 5603 2746 5659 verbi
2776 5601 3046 5658 sententia
3068 5608 3152 5655 est
3187 5618 3200 5656 :
3234 5596 3331 5654 Ve)

129 5783 177 5816 3°
215 5780 422 5837 Matth.
461 5795 630 5844 xxnt,
665 5778 754 5833 37.
829 5777 872 5808 ⁸¹
916 5775 933 5829 l
969 5774 1162 5829 Thess.
1200 5788 1272 5838 tl,
1310 5773 1376 5827 lli
