3798 6282
478 311 578 364 967

1209 303 1474 359 EUSEBII
1515 299 1989 358 CAESARIENSIS
2026 299 2174 354 OPP.
2215 297 2396 354 PARS
2433 297 2518 352 ΙΙΙ.
2547 331 2614 339 ——-
2643 295 3052 352 EXEGETICA.
3555 303 3627 358 963

477 439 623 482 nunc
653 422 869 477 tandem
914 436 1110 476 manus
1141 429 1234 474 tua
1265 420 1478 475 occulta
1519 419 1609 472 illa
1636 425 1690 472 et
1739 416 2054 478 invisibilis,

2166 417 2257 468 ἐπὶ
2287 415 2419 468 υἱὸν
2445 415 2779 482 ἀνθρώπου,
2807 413 2880 466 ὃν
2897 411 3294 480 ἐκραταίωσας
3325 411 3538 477 σεαυτῷ.
3555 419 3631 473 Kal

477 515 759 570 illucescat
779 514 833 566 in
863 514 978 566 viro
1001 512 1237 567 dexterae
1258 519 1364 565 tuac
1392 511 1666 571 ministro,
1696 517 1751 562 et
1786 509 1840 562 in
1869 523 1934 563 eo
1956 509 2050 578 qui

478 605 650 659 Filius
685 605 922 660 hominis
942 603 1222 658 vocandus
1243 609 1328 657 est
1357 621 1369 656 :
1401 616 1560 671 quem
1597 608 1655 653 tu
1688 601 1783 654 tibi
1823 602 2048 670 parasti,

477 705 642 768 atque
672 708 730 752 ut
768 700 1190 753 instrumentum
1231 697 1453 751 virtutis
1481 702 1588 750 tuae
1617 694 1977 756 conﬁrmasti,
1999 701 2055 748 et

477 791 636 861 quasi
667 791 885 846 deitatis
928 797 1034 844 tua:
1072 789 1427 862 simulacrum
1461 787 1734 843 excitasti.
1769 785 1906 840 Nam
1951 785 2053 842 hoc

479 889 795 952 apparente,
829 897 940 936 non
985 880 1218 935 ulterius
1247 879 1391 934 idola
1420 878 1699 934 colemus:
1751 877 1848 932 sed
1878 893 2054 948 neque

476 975 772 1028 multorum
819 973 1105 1028 numinum
1134 971 1306 1026 errori
1364 970 1684 1036 serviemus,
1721 984 1901 1038 neque
1937 983 2056 1022 am-

479 1068 622 1138 plius
653 1083 682 1120 a
713 1074 767 1122 te
793 1065 1135 1121 recedemus.
1165 1063 1459 1133 Postquam
1479 1069 1661 1116 autem
1685 1062 1754 1117 ab
1772 1076 1838 1116 eo
1862 1060 2051 1123 vitam,

476 1169 530 1213 et
569 1161 799 1214 salutem
828 1175 948 1229 qua:
967 1157 1023 1212 in
1051 1165 1104 1212 te
1136 1167 1221 1211 est
1245 1155 1641 1226 acceperimus,
1671 1168 1869 1208 nomen
1899 1161 2052 1207 tuum

478 1248 892 1304 invocabimus:
955 1262 1132 1317 neque
1181 1246 1414 1301 ulterius
1468 1244 1776 1314 cujuSpiam
1837 1242 2055 1297 nomine

477 1340 892 1410 appellabimur,
949 1353 1059 1392 non
1093 1338 1163 1393 ab
1215 1337 1416 1392 lsraele
1461 1336 1742 1402 Israelita,
1799 1349 1978 1404 neque
2024 1347 2054 1386 a

476 1430 614 1484 Juda
641 1430 845 1495 Judaei;
885 1429 978 1483 sed
1007 1443 1036 1481 a
1069 1435 1187 1491 tuo,
1217 1426 1458 1489 Christe,
1495 1425 1716 1481 nomine
1759 1424 2055 1478 Christiani

476 1525 812 1579 vocabimur.
843 1522 1185 1591 Quapropter
1221 1522 1522 1574 secundum
1555 1516 1942 1588 Symmachum
1972 1515 2057 1568 di-

477 1617 618 1670 citur
643 1634 657 1669 :
703 1612 1005 1682 Viviﬁcabis
1029 1628 1146 1676 nos,
1173 1620 1222 1664 et
1258 1609 1467 1664 nomine
1494 1619 1585 1661 tuo
1612 1606 1934 1660 vocabimur.
1965 1603 2059 1658 Mi-

479 1709 585 1762 rari
611 1722 776 1778 porro
807 1706 973 1768 subit,
999 1719 1100 1759 cur
1131 1701 1301 1757 Judaei
1343 1703 1456 1757 haec
1485 1701 1748 1771 legentes,
1777 1710 1883 1754 et.a
1917 1707 2058 1752 tene-

479 1803 557 1857 ris
583 1801 897 1872 unguiculis
940 1799 1288 1862 meditantes,
1316 1812 1426 1851 non
1462 1803 1710 1866 qumrant
1744 1793 1868 1862 quis
1898 1790 2060 1846 fuerit

480 1896 573 1949 ille
607 1895 693 1949 vir
717 1895 955 1948 dexterae
979 1892 1095 1956 Dei,
1129 1905 1307 1961 neque
1335 1905 1459 1944 eum
1490 1888 1583 1958 qui
1618 1885 1789 1942 Filius
1824 1885 2059 1940 hominis

478 1998 703 2041 vocatur
736 1991 1073 2056 cognoscant
1107 2003 1120 2040 :
1159 1999 1330 2054 quare
1363 1983 1419 2036 in
1449 1982 1763 2036 calamitate
1799 1995 1897 2034 sua
1932 1993 2060 2049 per-

480 2090 751 2137 severant.
785 2080 889 2146 Qui
926 2081 969 2134 si
1016 2081 1194 2149 ipsum
1244 2079 1527 2133 novissent
1573 2090 1636 2130 ac
1680 2075 2058 2139 edidicissent,

478 2177 682 2230 scirent
727 2175 914 2242 utique
947 2172 1042 2228 Dei
1077 2173 1339 2237 Verbum,
1365 2170 1511 2241 quod
1551 2170 1809 2240 praesenti
1855 2167 2062 2239 suppli-

478 2269 694 2322 catione
727 2267 1104 2330 invocabatur,
1132 2266 1186 2320 in
1218 2265 1338 2336 ipso
1377 2264 1673 2318 habitasse.
1709 2261 1813 2317 Sed
1846 2277 1946 2316 nos
1967 2264 2063 2331 qui

477 2360 656 2429 ipsum
706 2359 1091 2428 praaexsistens
1135 2373 1278 2421 esse,
1315 2372 1380 2411 ac
1419 2356 1488 2412 de
1522 2355 1838 2410 hominibus
1879 2354 2064 2425 provi-

478 2451 718 2510 dentiam
761 2452 982 2508 omnino
1013 2465 1200 2522 gerere
1254 2451 1538 2516 novimus;
1590 2464 1713 2502 nam
1751 2447 1817 2501 In
1867 2446 2062 2501 mundo

476 2559 612 2611 erat,
647 2557 695 2601 et
722 2546 947 2600 mundus
982 2561 1073 2614 per
1093 2546 1264 2613 ipsum
1289 2543 1463 2612 factus
1489 2552 1587 2608 est,
1616 2553 1664 2597 et
1697 2541 1922 2597 mundus
1945 2559 2063 2598 eum

478 2660 583 2696 non
620 2641 856 2711 cognovit
885 2638 968 2705 ⁸¹;
1004 2639 1210 2694 scimus
1241 2638 1418 2707 ipsum
1469 2636 1523 2690 in
1570 2636 1787 2706 propria
1826 2637 2061 2700 venisse,

479 2735 700 2805 quando
730 2748 925 2786 manus
951 2731 1073 2801 ejus
1099 2731 1214 2786 sive
1233 2731 1318 2784 vis
1345 2745 1580 2800 operans
1616 2729 1759 2783 facta
1782 2739 1866 2785 est
1901 2744 2066 2799 super

479 2829 657 2882 virum
682 2826 920 2881 dextera:
941 2824 1082 2895 ejus,
1109 2824 1200 2894 qui
1225 2824 1279 2877 in
1299 2823 1606 2894 Evangeliis
1628 2821 1797 2890 Filius
1828 2822 2066 2878 hominis

477 2931 707 2975 vocatur
737 2939 750 2975 :
783 2936 943 2991 quem
991 2919 1096 2974 sibi
1131 2918 1235 2989 ipsi
1280 2917 1398 2987 ipse
1429 2932 1494 2970 ex
1531 2915 1736 2985 Spiritu
1771 2923 1963 2971 sancto
1984 2913 2068 2971 ef-

482 3014 737 3068 formavit
762 3032 775 3068 :
800 3029 960 3084 quem
993 3013 1043 3067 si
1073 3011 1410 3074 noverimus,
1447 3007 1740 3063 defectioni
1785 3021 2065 3077 nunquam

2152 509 2222 560 οῠ
2247 507 2332 574 μὴ
2361 503 2716 573 ἀποστῶμεν
2736 501 2854 557 ἀπὸ
2869 501 3007 555 σοῦ.
3045 501 3109 552 Ἦ
3128 499 3185 552 δὲ
3198 499 3409 569 δύναμις
3425 501 3503 553 τοῦ
3521 503 3631 570 λόγου

2151 598 2338 653 τοῦτον
2367 598 2480 669 ἔχει
2501 600 2593 651 τὸν
2624 597 2778 650 νοῦν·
2813 595 2950 666 Ἤδη
2990 595 3120 648 ποτὲ
3151 593 3331 669 ὴμχείρ
3372 610 3453 645 σου
3489 595 3518 664 ἡ
3545 597 3624 664 (te:

2153 691 2249 762 νὴς
2280 693 2374 745 καὶ
2397 663 2638 763 ἀόρατος
2673 663 3034 758 ἐπιλαμψᾶτω
3070 663 3279 738 ἐπὶίτὸν
3315 663 3552 757 ὑπηρέτην
3570 690 3634 759 τῆς

2155 783 2256 852 σῆς
2280 781 2459 846 δεξιᾶς
2489 782 2675 854 ἄνδρα,
2701 781 2793 836 καὶ
2835 781 2928 834 ἐπὶ
2953 778 3044 832 τὸν
3077 776 3331 847 μέλλοντα
3359 778 3635 848 χρηματίζειν

2153 876 2283 930 Υἱδν
2323 875 2609 947 ἀνθρώπου
2632 893 2643 904 ·
2671 875 2730 928 ὃν
2759 874 2824 927 σὺ
2855 871 3038 942 σαυτῷ
3089 868 3494 932 κατεσκεύασας,
3527 871 3637 940 ἐκρα-

2153 968 2393 1030 ταίωσας
2441 967 2670 1040 ὄργανον
2711 966 2812 1037 τῆς
2871 965 2971 1036 σῆς
3024 962 3303 1032 δυνάμεως
3324 1001 3339 1024 ,
3381 961 3464 1012 καὶ
3507 961 3637 1034 ὥσπερ

2154 1062 2375 1135 ἄγαλμα
2403 1063 2500 1134 τῆς
2541 1060 2736 1113 σαυτοῦ
2783 1058 3036 1128 θεότητος
3075 1057 3263 1109 τοῦτον
3293 1055 3446 1108 αὐτὸν
3472 1056 3638 1125 ἀναστή-

2157 1173 2274 1220 σας.
2303 1154 2505 1208 Τούτου
2547 1152 2656 1223 γὰρ
2695 1150 2974 1221 φανέντος,
3009 1148 3246 1210 εἰδώλοις
3277 1146 3446 1199 οὐκέτι
3478 1145 3639 1216 λατρεὺ-

2158 1265 2322 1319 σομεν
2345 1263 2358 1276 ⁸
2417 1245 2533 1299 ἀλλ’
2581 1244 2700 1298 οὐδὲ
2743 1245 2811 1313 τῇ
2845 1240 3088 1310 πολυθέῳ
3133 1239 3306 1310 πλάνῃ
3349 1237 3641 1306 δουλεύσομεν,

2156 1343 2277 1397 οὐδὲ
2324 1336 2751 1410 ἀναχωρήσομέν
2791 1352 2884 1388 σου
2937 1333 3032 1387 τοῦ
3090 1329 3279 1384 λοιποῦ
3304 1347 3317 1359 ·
3368 1329 3430 1382 δι’
3458 1329 3587 1381 αὑτοῦ

2157 1434 2465 1500 ζωωθέντες
2488 1432 2584 1484 καὶ
2616 1430 2716 1498 τῆς
2755 1427 2906 1499 παρὰ
2942 1427 3025 1479 σοὶ
3055 1423 3326 1495 σωτηρίοις
3355 1423 3580 1490 τυχόντες,
3606 1423 3646 1474 τι

2157 1526 2330 1596 ὄνομά
2354 1542 2446 1578 σου
2478 1519 2934 1590 ἐπικαλεσόμεθα,
2974 1517 3149 1570 οὐκέτ’
3181 1514 3242 1578 ἐξ
3268 1512 3525 1581 ἀνθρώπου
3551 1513 3644 1575 τινος

2159 1615 2616 1689 χρηματίζοντες,
2665 1612 2772 1666 οὐδ’
2828 1608 3153 1681 Ἰσραηλῖται
3197 1606 3308 1658 ἀπὸ
3359 1603 3444 1656 τοῦ
3497 1604 3647 1674 Ἰσραὴλ

2161 1710 2502 1780 καλούμενοι,
2535 1706 2651 1761 ἀλλ’
2680 1704 2802 1758 οὐδὲ
2834 1703 2941 1756 ἀπὸ
2965 1701 3060 1754 τοῦ
3098 1698 3269 1752 Ἰούδα
3310 1697 3552 1750 Ἰουδαῖοι·
3579 1696 3648 1749 ἀπὺ

2161 1803 2217 1856 δέ
2245 1800 2340 1855 τοῦ
2376 1799 2469 1854 σοῦ
2491 1799 2754 1869 ὀνόματος
2783 1793 2877 1849 τοῦ
2912 1791 3147 1865 Χριστοῦ
3178 1789 3480 1861 Χριστιανοὶ
3501 1805 3650 1858 χρημα-

2160 1895 2399 1965 τίσομεν.
2441 1892 2531 1944 Διὸ
2560 1891 2808 1943 λέλεκται
2836 1885 2976 1940 κατὰ
2994 1885 3086 1938 τὸν
3105 1882 3398 1954 Σύμμαχον
3417 1897 3430 1910 ·
3456 1880 3651 1943 Ζωώσεις

2161 1986 2337 2058 ἡμᾶς,
2363 1985 2461 2039 καὶ
2490 1981 2568 2048 τῷ
2607 1979 2848 2050 ὀνόματί
2881 1993 2995 2032 σου
3028 1974 3459 2042 κληθησόμεθα.
3495 1970 3651 2039 Θαυμά-

2165 2096 2253 2133 σαι
2277 2079 2334 2132 δὲ
2366 2078 2477 2130 ἔστι
2506 2076 2628 2128 τίνα
2649 2073 2846 2142 τρόπον
2891 2069 3100 2132 τούτοις
3139 2064 3534 2134 ἐντυγχάνοντες
3569 2063 3652 2113 Ἰου-

2161 2172 2326 2226 δαίων
2357 2169 2563 2232 παῖδες,
2584 2165 2644 2230 ἐξ
2676 2162 2897 2218 ἁπαλῶν
2922 2178 2982 2213 τε
3031 2157 3238 2228 ὀνύχων
3283 2153 3448 2208 ταῦτα
3478 2168 3652 2220 καταμε-

2163 2264 2444 2326 λετῶντες,
2471 2261 2532 2314 οὐ
2575 2256 2796 2329 ζητοῦσι
2819 2254 2910 2307 τὸν
2943 2252 3111 2323 ἄνδρα
3145 2249 3248 2319 τῆς
3274 2247 3444 2313 δεξιᾶς
3471 2243 3548 2297 τοῦ
3565 2241 3652 2294 Θεοῦ

2162 2357 2248 2420 τίς
2279 2371 2410 2408 ποτε
2441 2349 2531 2424 ἦν,
2559 2351 2677 2404 οὐδὲ
2705 2350 2796 2402 τὸν
2829 2345 3118 2414 λεγόμενον
3151 2341 3282 2394 Υἱὸν
3305 2336 3560 2408 ἀνθρώπου
3584 2337 3655 2388 ita-

2164 2451 2487 2521 γινώσκουσι
2507 2465 2519 2476 ·
2539 2446 2618 2500 διὸ
2639 2445 2732 2498 καὶ
2754 2437 3125 2513 παραμένουσι
3148 2437 3214 2505 τῇ
3232 2431 3436 2486 ἐαυτῶν
3454 2427 3653 2499 συμῳρᾷ.

2177 2519 2263 2609 Ὧς
2315 2542 2473 2611 εἴπερ
2549 2537 2866 2605 ἐπέγνωσαν
2917 2532 3013 2586 καὶ
3072 2525 3491 2611 μεμαθήκεισανν
3519 2519 3656 2611 diem,

2166 2637 2405 2706 ἔγνωσαν
2437 2631 2502 2686 ἂν
2531 2628 2626 2683 καὶ
2655 2627 2745 2680 τὸν
2782 2626 2839 2677 ἐν
2878 2619 3024 2691 αὐτῷ
3048 2617 3447 2685 κατοικήσαντα
3471 2607 3577 2662 Θεοῦ
3599 2607 3658 2659 Λό-

2166 2700 2260 2796 γον
2300 2726 2358 2779 ὃν
2401 2727 2434 2795 ή
2485 2720 2732 2792 παροῦσα
2783 2717 2967 2785 δέησις
3009 2709 3345 2765 ἀνεκαλεῖτο.
3399 2701 3518 2756 Ἀλλ’

2167 2823 2327 2876 αὐτὸν
2349 2819 2548 2881 εἰδότες
2580 2813 2835 2886 προόντα,
2873 2807 2967 2860 καὶ
3001 2807 3063 2857 ἐκ
3083 2801 3177 2855 τοῦ
3203 2799 3405 2860 παντὸς
3433 2791 3656 2864 ἀνθρώπων

2167 2909 2556 2982 ἐπιμελόμενον
2581 2921 2596 2934 ’
2627 2885 2721 2955 Ἓν
2735 2900 2842 2970 γὰρ
2857 2898 2937 2964 τῷ
2959 2897 3162 2962 κόσμῳ
3186 2888 3289 2961 ἦν,
3324 2887 3419 2942 καὶ
3499 2885 3659 2982 κόσμος
3758 2885 3759 2942 l

2166 3007 2242 3060 δι’
2265 2975 2456 3059 αὑτοῦ
2487 2997 2741 3070 ἐγένετο,
2770 2992 2864 3046 καὶ
2888 2995 2920 3045 ό
2946 2990 3172 3056 κόσμος
3201 2982 3392 3037 αὑτὸν
3413 2980 3511 3033 οὐκ
3529 2975 3656 3070 ἐγνω·

479 3108 703 3163 obnoxii
745 3108 974 3168 erimus,
1016 3106 1084 3159 ab
1112 3121 1178 3159 eo
1213 3105 1376 3158 vitam
1425 3101 1779 3172 accipientes,
1809 3100 1928 3170 ejus
1965 3115 2063 3154 no—

2166 3099 2325 3168 ἴσμεν
2354 3093 2510 3148 αὐτὸν
2528 3067 2626 3144 καὶ
2660 3089 2738 3151 εἰς
2769 3084 2838 3138 τὰ
2867 3083 2971 3136 ἴδια
3001 3079 3244 3138 ἐλθόντα,
3283 3076 3370 3127 ὅτε
3399 3070 3484 3126 καὶ
3505 3067 3660 3172 γέγονεν

479 3202 628 3255 mine
668 3199 945 3270 appellati.
975 3197 1087 3253 Nos
1130 3199 1312 3267 itaque
1340 3195 1433 3265 qui
1491 3193 1684 3247 Filium
1718 3193 1952 3247 hominis
1980 3207 2067 3247 ex-

483 3305 820 3366 spectamus,
849 3303 903 3349 et
927 3309 1078 3364 spem
1120 3301 1362 3346 nostram
1411 3291 1466 3343 in
1494 3289 1671 3358 ipsum
1707 3287 2062 3356 conjecimus,

484 3392 600 3444 haec
633 3389 700 3442 de
732 3387 888 3441 nobis
921 3385 1056 3457 ipsis
1087 3383 1364 3452 loquimur
1388 3399 1403 3434 :
1425 3395 1524 3450 pro
1540 3378 1798 3433 membris
1826 3392 1956 3432 vero
1975 3393 2069 3430 no-

485 3483 615 3537 stris
663 3481 929 3551 reliquam
995 3477 1300 3531 orationem
1357 3473 1639 3527 fundimus
1690 3470 1776 3524 his
1834 3468 2064 3524 verbis:

485 3607 550 3616 —
579 3574 747 3629 Vens.
786 3573 874 3628 20.
908 3572 1048 3626 Deus
1073 3571 1347 3632 virtutum,
1383 3574 1620 3620 converte
1649 3580 1764 3628 nos,
1786 3571 1834 3616 et
1855 3559 2064 3615 ostende

488 3669 676 3738 faciem
701 3676 846 3719 tuam
873 3675 922 3719 et
950 3665 1084 3721 salvi
1122 3663 1337 3725 erimus,
1380 3671 1685 3715 sermonem
1709 3657 1762 3709 in
1787 3653 2062 3708 communi

486 3761 830 3833 proferentcs
854 3775 956 3829 pro
987 3760 1074 3822 iis,
1102 3757 1196 3828 qui
1224 3753 1464 3809 nondum
1493 3748 1746 3806 conversi
1771 3756 1921 3811 sunt,
1945 3760 2066 3801 nec-

487 3855 617 3909 dum
649 3853 940 3908 adventum
967 3850 1086 3920 ejus
1119 3855 1423 3913 noverunt;
1457 3845 1689 3915 ideoque
1717 3840 1959 3896 nondum
1984 3852 2064 3893 sa-

489 3946 655 4000 lutem
686 3959 716 3996 a
752 3943 859 3998 Deo
889 3953 1018 3996 sunt
1050 3940 1354 3994 consecuti.

2170 3155 2333 3242 αῦτοῦ
2363 3188 2396 3256 ὴ
2423 3183 2562 3254 χεὶρ,
2595 3177 2868 3232 τουτέστιν
2891 3177 2924 3245 ἡ
2957 3167 3234 3242 πρακτικὴ
3262 3166 3478 3256 δύναμις
3505 3155 3660 3256 ini-etv

2169 3280 2337 3351 ἄνδρα
2480 3247 2658 3338 δεξιᾶς
2680 3267 2844 3324 αὐτοῦ
2863 3308 2878 3330 ,
2907 3267 2996 3319 τὸν
3028 3263 3120 3317 καὶ
3147 3258 3234 3314 διὰ
3260 3258 3369 3311 τῶν
3395 3247 3661 3351 Εὑαγγελῑων
3758 3247 3759 3272 λ

2169 3340 2296 3425 Υἱὸν
2324 3340 2612 3438 ἀνθρώπου
2641 3358 3056 3433 χρηματίσαντα
3075 3370 3089 3382 ’
3120 3351 3179 3404 δν
3199 3348 3364 3410 αὐτὸς
3392 3340 3544 3410 ἐαυτῷ
3561 3351 3661 3438 συνε-
3758 3349 3759 3360 ³

2171 3464 2406 3534 στήσατο
2432 3430 2506 3525 ’ἐξ
2540 3430 2695 3526 ἁγίοῦ
2739 3430 3059 3520 ΪΙνεύματος
3108 3441 3468 3512 καταρτίσας’
3508 3434 3555 3487 ὃν

2169 3523 2388 3626 γνόντες
2436 3523 2795 3605 ἀναπόστατοι
2843 3541 3028 3595 λοιπὸν
3072 3531 3413 3606 γενησόμεθα
3460 3523 3662 3626 εἱς-αὺτοῦ

2171 3648 2500 3717 ζωούμενοι,
2551 3641 2629 3712 τῷ
2690 3655 2750 3692 τε
2795 3635 3018 3704 ὀνόματι
3068 3626 3233 3683 αὑτοῦ
3293 3617 3661 3717 χρηματίζοντες
3758 3617 3759 3640 ³

2182 3715 2369 3811 Ἡμεῖς
2421 3736 2518 3806 μὲν
2543 3727 2661 3811 ,οὖν
2693 3730 2742 3782 οἱ
2775 3727 2866 3779 τὸν
2892 3725 3021 3778 Υἱὸν
3055 3719 3148 3774 τοῦ
3181 3715 3464 3787 ἀνθρώπου
3501 3715 3660 3801 προῖὼ-

2169 3803 2370 3890 κῶντες
2391 3803 2485 3879 καὶ
2510 3807 2607 3885 τὰς
2636 3817 2853 3880 ἐλπίδας
2869 3816 2950 3877 εἰς
2965 3813 3125 3866 αὑτὸν
3151 3810 3253 3878 ἁνη
3263 3823 3364 3876 ρτη
3373 3803 3524 3874 μένοι,

2170 3923 2297 3995 περὶ
2337 3883 2544 3972 ἐαυτῶν
2584 3883 2764 3983 ξραμεν
2787 3926 2802 3940 ο
2832 3907 2958 3978 περὶ
2981 3905 3038 3958 δὲ
3078 3902 3184 3956 τῶν
3204 3897 3494 3995 *ἡμετέρων
3520 3883 3661 3995 μελῶν,

487 4040 584 4110 τὴν
606 4038 796 4109 λοιπὴν
835 4037 1113 4108 ἱκετηρίαν
1144 4033 1539 4103 ἀναπέμπομεν
1566 4029 1895 4098 φάσκοντες*
1926 4023 1980 4076 Ὁ
2020 4021 2164 4086 Θεὸς
2191 4017 2310 4071 τῶν
2337 4011 2666 4110 δυνάμεως,
2698 4003 3066 4110 ἐπίίῖξρεῑίςον
3109 3993 3285 4110 τ’ἔμῆςέ
3326 3990 3420 4045 καὶ

489 4103 558 4185 τό
585 4103 908 4198 πρόσωπόν
931 4103 1066 4192 σου,
1099 4126 1194 4180 καὶ
1229 4124 1642 4193 σωθησόμεθα,
1666 4113 2091 4176 κοινοποιοῦντες
2123 4111 2213 4164 τὸν
2239 4109 2394 4176 λόγον
2418 4103 2558 4198 ὑπὲρ

491 4183 808 4290 ἐπιφανειαν
855 4183 1239 4288 ἐπεγνωκότων
1293 4183 1487 4280 αὐτοῦ,
1511 4215 1605 4268 καὶ
1632 4183 1729 4267 διὰ
1751 4210 1908 4264 τοῦτο
1935 4206 2156 4279 μηδέπω
2192 4203 2290 4271 τῆς
2322 4195 2472 4266 παρὰ
2506 4191 2584 4262 τῷ
2611 4188 2729 4259 Θεῷ
2769 4183 3040 4256 σωτηρίας

600 4380 650 4432 1.
689 4377 755 4431 ΙΝ
794 4374 1001 4430 FINEM
1046 4371 1184 4426 Ι)Βο
1235 4367 1772 4426 TORCULARIBCS
1829 4364 1958 4421 lPSl

1020 4441 1267 4497 ASAPH.
1309 4442 1521 4496 LXXX.

564 4586 730 4643 Vens.
762 4585 816 4641 2.
863 4583 1141 4637 Exsultate
1184 4581 1293 4634 Deo
1339 4579 1576 4648 adjutori
1618 4584 1818 4637 nostro,
1843 4571 2069 4643 jubt'late

497 4679 606 4736 Deo
632 4677 819 4733 Jacob.
864 4675 1066 4732 Psalmi
1109 4674 1217 4727 Pro
1258 4669 1610 4725 torcularibus
1651 4665 1899 4735 inscripti
1957 4672 2069 4717 tres

497 4787 728 4827 numero
758 4776 924 4825 sunt:
959 4781 1102 4821 unus
1135 4763 1374 4828 Davidis,
1409 4777 1601 4830 nempe
1633 4768 1889 4823 octavus;
1926 4771 2069 4810 unus

498 4864 722 4934 Asaphi,
751 4877 909 4930 quem
931 4860 1040 4930 jam
1065 4867 1396 4920 tractamus;
1425 4854 1659 4906 ﬁliorum
1694 4859 1875 4905 autem
1909 4849 2071 4911 Core,

500 4970 730 5012 uxxm.
762 4951 999 5008 Octavus
1029 4950 1214 5018 itaque
1244 4946 1585 5000 vocationem
1617 4943 1856 5012 gentium
1892 4949 2076 5008 aperte

502 5045 921 5105 vaticinabatur,
955 5055 1118 5111 quam
1152 5038 1358 5108 Spiritu
1389 5035 1574 5091 divino
1607 5033 1962 5103 praevidentes
1982 5029 2076 5084 Dei

503 5129 782 5208 propheta:
855 5141 1076 5203 stupore
1124 5130 1551 5184 afﬁciebantur:
1605 5140 1776 5195 quare
1826 5122 2078 5177 mirantis

503 5244 656 5284 more
704 5225 1081 5298 exclamabant
1129 5222 1394 5282 dicentes,
1448 5218 1668 5272 Domine
1697 5217 1836 5271 Deus
1876 5227 2071 5277 noster,

505 5338 664 5386 quam
692 5317 1005 5372 admirabile
1023 5325 1101 5371 est
1141 5331 1327 5368 nomen
1359 5321 1507 5366 tuum
1537 5313 1593 5364 in
1619 5313 1864 5364 universa
1895 5309 2075 5363 terra!

508 5411 886 5480 Octogesimus
913 5423 1042 5463 vero
1076 5407 1272 5461 tertius
1301 5405 1470 5459 multa
1507 5404 1880 5467 tabernacula,
1909 5403 2075 5455 multa

512 5503 725 5565 altaria,
781 5504 915 5556 atria
958 5501 1190 5572 plurima
1241 5497 1356 5552 fore
1410 5497 1772 5566 praevidebat;
1827 5493 2078 5548 videlicet

514 5592 784 5647 Ecclesias
813 5593 906 5647 Dei
941 5608 1034 5662 per
1064 5599 1235 5645 totum
1268 5589 1455 5642 orbem
1505 5587 1850 5651 constitutas,
1886 5586 2076 5640 altaria

583 5729 626 5759 ⁸¹
657 5727 812 5780 Joan.
845 5742 896 5795 ι,
928 5727 1012 5780 10.

2589 4099 2697 4152 τῶν
2734 4094 2957 4168 μηδέπω
2981 4085 3438 4156 ἐπιστρεψάντων,
3467 4076 3575 4148 μηδὲ
3601 4070 3663 4138 τὴν

3085 4175 3470 4247 τετυχηκότων.

2314 4311 2420 4365 ΕΙΣ
2461 4308 2548 4360 ΤΟ
2589 4303 2830 4367 ΤΕΛΟΣ,
2871 4298 3047 4352 ΥΠΕΡ
3076 4292 3210 4348 ΤΩΝ
3253 4287 3481 4345 ΔΗΝΩΝ
3502 4284 3572 4353 Τῼ

2792 4459 3000 4514 ἈΣΑΦ.
3023 4457 3083 4508 Π’

2257 4567 2306 4618 Ἀ
2314 4559 2639 4634 γιιιλιᾶσθε
2654 4553 2731 4619 τῷ
2745 4551 2865 4616 Θεῷ
2881 4549 2959 4614 τῷ
2977 4544 3181 4612 ,βοηθῷ
3200 4542 3384 4613 ἡμῶν,
3402 4531 3665 4634 (audienti

2176 4656 2254 4722 τῷ
2275 4619 2395 4718 Θεῷ
2438 4649 2662 4705 Ἰακώϐ.
2681 4647 2743 4699 Οἱ
2775 4637 3238 4712 ἐπιγεγραμμένοι
3272 4635 3378 4687 τῶν
3414 4627 3565 4708 ληνῶν
3579 4619 3665 4716 2:41:

2180 4718 2270 4818 μοὶ
2320 4746 2466 4817 τρεῖς
2503 4741 2594 4794 τὸν
2652 4733 2883 4809 ἀριθμὸν
2923 4731 3308 4801 τυγχάνουσιν⁸
3370 4718 3444 4786 εἷς
3499 4718 3664 4818 μὲν-τω

2176 4809 2367 4900 Deoia;
2397 4838 2425 4888 ό
2459 4833 2663 4902 ὄγδοος,
2723 4823 2801 4891 εἷς
2850 4826 2906 4878 δὲ
2933 4823 3029 4877 τοῦ
3072 4822 3264 4888 Ἀσὰφ,
3301 4819 3329 4870 ό
3364 4814 3491 4887 μετὰ
3520 4809 3662 4902 χεῖρεςς

2177 4932 2273 4987 καὶ
2308 4930 2417 4982 τῶν
2449 4928 2580 4980 υἱῶν
2604 4923 2748 4994 Κορὲ
2779 4923 2807 4974 ό
2837 4926 2890 4973 π’
2925 4918 3019 4972 καὶ
3042 4923 3108 4984 γ’.
3145 4915 3203 4966 ’0
3237 4913 3334 4982 μὲν
3364 4903 3451 4960 οὖν
3474 4910 3514 4973 η’
3540 4907 3662 4990 σαφωξ

2177 5022 2286 5075 τῶν
2313 5019 2480 5073 ἐθνῶν
2502 5017 2599 5089 τὴν
2620 5016 2809 5084 κλῆσιν
2843 5008 3140 5072 ἐθέσπιζεν,
3175 5006 3240 5074 ἣν
3269 5001 3344 5072 τῷ
3367 4995 3601 5062 Πνεῦματι
3619 5001 3665 5048 τίξ³

2181 5111 2311 5180 θείῳ
2369 5103 2805 5178 προθεωροῦντες
2837 5101 2887 5153 οἱ
2929 5097 3023 5151 τοῦ
3062 5093 3198 5148 Θεοῦ
3259 5081 3665 5180 προφῆται,

2183 5199 2587 5269 εξεπλήττοντοο
2611 5193 2689 5246 διὸ
2717 5193 2810 5246 καὶ
2825 5189 3033 5245 ἁποθαυ
3043 5184 3317 5259 μαστικῶς
3335 5175 3596 5246 ἁνεφώνουν
3608 5163 3662 5216 τό·

2179 5260 2422 5359 Κύριε-ό
2455 5287 2597 5353 Θεὸς
2633 5284 2821 5354 ἡμῶν,
2966 5277 3311 5348 θαυμαστὸν
3337 5273 3399 5325 τὸ
3425 5260 3572 5359 ὄνομα
3593 5271 3664 5359 (Ἴτ’

2179 5382 2246 5434 ἐν
2261 5351 2439 5446 ’πάσῃ
2461 5377 2533 5446 τῇ
2653 5351 2806 5428 {Kal
2833 5374 2860 5424 ὁ
2881 5378 2926 5440 γ’
2950 5371 3006 5422 δὲ
3034 5368 3128 5421 καὶ
3149 5373 3201 5418 π’
3227 5363 3388 5417 πολλὰ
3412 5351 3663 5447 σκηνώιξατει

2178 5471 2273 5525 καὶ
2303 5440 2471 5524 πολλὰ
2491 5440 2848 5538 θυσιαστήρια
2879 5464 2972 5516 καὶ
3000 5459 3201 5520 πολλὰς
3245 5454 3405 5514 αὐλὰς
3455 5440 3660 5534 προεώρας

2181 5562 2380 5634 δηλαδὴ
2399 5561 2496 5624 τὰς
2530 5559 2648 5614 καθ’
2667 5559 2790 5629 ὅλης
2820 5557 2914 5626 τῆς
2942 5551 3264 5621 οἰκουμένης
3300 5537 3579 5609 Ἐκκλησίας
3601 5541 3661 5580 του
