3798 6282
133 309 228 368 969

1222 299 1727 357 COMMENTARIA
1766 298 1832 354 IN
1871 297 2200 356 PSALMOS.

3234 299 3339 355 970

132 422 274 487 Θεοῦ,
327 436 420 475 και
462 436 529 474 τα
585 436 644 474 εν
687 420 872 483 αὑταῖς
912 420 1081 474 πολλά
1124 419 1520 491 θυσιαστήρια’
1547 418 1585 473 ἆ
1608 418 1672 489 δὴ

1791 432 1883 487 lue
1922 416 1978 471 in
2009 417 2117 473 illis
2150 418 2287 472 bene
2324 426 2489 471 multa
2516 437 2529 472 :
2571 434 2692 487 quae
2730 417 2816 472 liis
2847 416 3027 471 verbis
3051 416 3292 472 declarat
3323 432 3339 470 :

134 514 353 586 παρίστη
377 511 550 580 λέγων
574 526 587 538 ·
634 511 729 579 Ὠς
752 512 1025 582 ἀγαπητὰ
1061 511 1133 565 τὰ
1153 510 1516 581 σκηνώμωὰ
1544 526 1681 576 σου,

133 608 294 674 Κύριε
338 603 455 657 τῶν
508 602 819 674 δυνάμεων
835 604 856 657 .~'
885 605 980 658 καὶ
1019 601 1207 667 αὖθις·
1254 603 1554 658 Ἐπιποθεῖ
1584 602 1683 656 καὶ

134 697 380 751 ἐκλείπει
398 694 436 761 ἠ
462 695 631 764 ψυχή
656 714 773 763 μου
800 698 886 762 εὶς
922 695 1029 761 τὰς
1068 696 1262 761 αὐλὰς
1287 695 1395 749 τοῦ
1422 696 1643 763 Κυρίου
1665 713 1678 725 ·

136 788 218 841 καὶ
244 786 367 855 ἑξῆς
390 803 404 815 ·
446 786 521 839 Τὰ
560 784 957 854 θυσιαστήριὰ
997 802 1136 852 σου,
1170 788 1346 855 Κύριε
1372 786 1490 839 τῶν
1512 785 1686 840 δυνά-

127 895 289 950 μεων.
334 877 390 929 '0
432 876 487 929 δὲ
531 877 667 947 μετά
694 880 879 950 χεῖρας
907 878 1113 949 ἑτέροις
1147 878 1246 947 μὲν
1292 876 1553 948 ἀγαλλιᾷν
1591 877 1685 929 καὶ

109 967 402 1034 ’ἀλαλάζειν
448 969 542 1023 καὶ
580 968 802 1037 ψάλλειν
834 968 1279 1041 παρακελεύεται,
1316 968 1409 1022 τοῦ
1453 968 1510 1022 δὲ
1552 970 1684 1022 Ἰου-

128 1064 277 1117 δαίων
330 1062 515 1125 ἔθνους
564 1063 664 1131 τὴν
719 1061 987 1132 ἀποϐολὴν
1017 1061 1111 1115 καὶ
1147 1060 1242 1132 τὴν
1276 1062 1483 1133 ταύτης
1509 1059 1685 1114 αἰτίαν

132 1155 430 1227 παρίστησι,
480 1154 573 1207 καὶ
598 1154 778 1224 σφόδρ’
824 1154 1128 1218 ἀκολούθως
1170 1158 1290 1218 ταῖς
1329 1154 1417 1208 διὰ
1448 1153 1555 1206 τῶν
1587 1152 1686 1223 ἔμ-

129 1245 348 1317 προσθεν
374 1244 752 1320 προφητείαις.
792 1244 1005 1316 Ἐπειδὴ
1036 1244 1143 1317 γὰρ
1176 1246 1235 1298 ἐν
1257 1245 1335 1316 τῷ
1366 1245 1473 1316 πρὸ
1494 1244 1682 1298 τούτου

125 1336 298 1409 ἠρώτα
322 1336 516 1405 λέγων’
563 1337 682 1391 Ἵνα
723 1338 780 1390 τί
804 1337 1077 1405 καθεῖλες
1115 1338 1222 1391 τὸν
1268 1337 1539 1407 φραγμὸν
1575 1338 1685 1391 αὐ-

126 1428 243 1496 τῆς,
273 1428 369 1481 καὶ
394 1427 694 1498 τρυγῶσιν
715 1428 909 1498 αὐτὴν
938 1430 1161 1496 πάντες
1198 1433 1252 1484 ol
1282 1429 1687 1497 παραπορευό-

125 1538 277 1592 μενοι
306 1520 420 1587 τὴν
444 1521 621 1586 ὁδόν;
652 1522 928 1576 ὲπιλύεται
960 1523 1058 1594 τὴν
1089 1522 1448 1593 ὲπαπόρησιν,
1475 1521 1562 1575 διά
1590 1519 1684 1575 τοῦ

132 1612 256 1683 μετά
285 1615 474 1683 χεῖρας
504 1613 725 1682 φάσκων
744 1629 757 1642 '
784 1615 855 1667 El
879 1616 913 1668 ό
959 1614 1109 1679 ,λαός
1138 1632 1256 1683 μου
1287 1611 1517 1683 ἤκουσέ
1542 1629 1683 1681 μου,

137 1703 362 1771 Ἰσραὴλ
403 1706 461 1757 ει
500 1705 629 1771 ταῖς
660 1704 821 1771 ὁδοῖς
847 1722 966 1775 μου
1015 1706 1302 1775 ἐπορεύθη
1322 1724 1336 1738 ’
1363 1707 1431 1760 ἐν
1458 1705 1539 1771 τῷ
1568 1722 1684 1772 μη-

127 1759 240 1847 es}:
279 1759 421 1858 ἑοὺς
452 1759 703 1862 ἐχθροὺς
733 1759 1358 1849 αὸτξῖινίέταπὲίρὼὲὶι·
1383 1759 1476 1849 καὶ
1508 1759 1689 1848 Equie-
1716 1759 1760 1814 Β

129 1901 204 1951 γει
222 1900 233 1912 ’
265 1884 372 1937 Kal
391 1886 506 1937 οὐκ
519 1883 785 1952 ἤκουσεν
808 1888 841 1938 ό
868 1888 1019 1952 λαός
1037 1904 1157 1955 μου
1186 1887 1297 1956 τῆς
1318 1886 1525 1955 φωνῆς
1544 1904 1684 1956 μου,

48 1972 51 1977 ’
128 1974 217 2028 καὶ
255 1973 495 2043 Ἰσραὴλ
532 1976 602 2029 οὐ
640 1974 945 2045 προσέσχε
979 1995 1100 2046 μοι.
1136 1976 1250 2031 Καὶ
1292 1977 1688 2042 ἐξαπέστειλα

126 2064 331 2131 αὐτοὺς
362 2068 518 2120 κατὰ
556 2066 632 2120 τὰ
659 2066 1093 2138 ἐπιτηδεύματα
1140 2068 1258 2121 τῶν
1305 2068 1562 2137 καρδιῶν
1590 2072 1690 2123 αὺ-

124 2152 252 2217 τῶν,
282 2154 690 2221 πορεύσονται
719 2155 791 2209 ἐν
816 2155 940 2221 τοῖς
966 2155 1433 2223 ἐπιτηδεύμασιν
1468 2153 1686 2210 αὐτῶν.

134 2244 275 2299 Ἐπεὶ
292 2243 474 2297 τοίνυν
514 2245 575 2299 τὸ
608 2246 835 2318 ἀνήκοον
864 2246 959 2299 καὶ
993 2245 1054 2298 τὸ
1096 2244 1319 2308 ἀπειθὲς
1346 2243 1524 2297 αὐτῶν
1550 2262 1690 2315 παρ-

130 2336 311 2407 εστησι,
357 2336 684 2408 μεταϐάλλει
724 2337 816 2391 τὸν
845 2336 1001 2406 λόγον
1034 2336 1278 2401 εἰκότως,
1314 2336 1407 2389 καὶ
1436 2335 1537 2406 τὴν
1581 2335 1688 2389 τῶν

130 2426 282 2480 ὲθνῶν
340 2428 538 2497 κλῆσιν
593 2426 999 2496 εὐαγγελίζεται
1052 2427 1113 2479 τὸ
1162 2424 1386 2497 Πνεῦμα
1413 2426 1475 2479 τὸ
1513 2426 1687 2494 ἅγιον,

129 2517 279 2569 πᾶσιν
326 2515 643 2588 ἀνθρώποις
701 2514 1052 2587 προσφωνοῢν
1106 2516 1201 2570 καὶ
1246 2515 1432 2584 λέγονο
1493 2516 1689 2586 Ἀγαλ-

128 2604 325 2662 λιᾶσθε
367 2606 451 2672 τῷ
494 2606 614 2672 Θεῷ
647 2605 727 2673 τῷ
762 2606 968 2676 ,ϐοηθῷ
1007 2605 1193 2677 ήμῶν.
1228 2609 1390 2677 Λέγει
1434 2608 1491 2662 δὲ
1519 2609 1689 2663 ταῦτα

128 2698 187 2750 ἐκ
211 2698 498 2769 προσώπου
525 2697 618 2752 τοῦ
641 2696 799 2771 χοροῦ
822 2698 917 2753 τοῦ
942 2700 1309 2771 προφητικοῦ.
1359 2700 1444 2764 Ὡς
1484 2700 1591 2772 γὰρ
1631 2703 1689 2754 ἐν

128 2786 197 2857 τῷ
225 2794 271 2859 η’
315 2786 496 2856 ἔλεγεο
528 2788 702 2855 Κύριε
731 2790 764 2841 ὁ
788 2788 1000 2855 Κύριος
1028 2786 1216 2857 ἡμῶν,
1253 2786 1688 2858 ἰδιοποιουμένων

130 2881 211 2935 τὸν
230 2881 357 2935 Θεὸν
382 2881 501 2934 τῶν
531 2880 702 2934 ταῦτα
729 2879 1015 2948 λεγόντων,
1037 2878 1124 2933 διὰ
1154 2877 1215 2931 τὸ
1244 2877 1475 2952 πρώτων
1508 2878 1688 2931 αὐτῶν

129 2972 389 3039 γεγονέναι
420 2971 515 3024 τὸν
546 2970 676 3024 Θεόν
696 2988 708 3001 ·
741 2970 881 3024 οὕτω
910 2973 1003 3023 καὶ
1035 2969 1267 3023 ἐνταῦθα
1294 2972 1343 3022 οἱ
1365 2970 1539 3037 αὐτοὶ,
1562 2971 1687 3033 τοὺς

1785 509 1958 573 Quam
1985 509 2177 563 dilecta
2207 508 2544 565 tabernacula
2572 519 2685 575 tua,
2723 509 2941 565 Domine
2967 510 3254 563 virtutum!
3278 523 3342 561 ac

1783 612 2002 652 rursum
2034 617 2046 652 :
2080 597 2477 667 Concupiscitet
2505 598 2679 667 deﬁcit
2718 601 2897 653 anima
2944 616 3061 653 mea
3107 599 3165 652 in
3204 597 3344 651 atria

1783 689 2034 753 Domini;
2062 691 2335 747 ctiterum
2361 691 2607 746 :Altaria
2652 700 2761 753 tua,
2808 690 3025 744 Domine
3066 691 3342 745 virtutum.

1782 781 2033 838 Psalmus
2060 798 2192 837 vero
2219 798 2478 852 praesens,
2508 785 2645 837 alios
2677 782 2894 852 quidem
2935 783 3230 850 exsultare,
3256 783 3345 851 ju-

1783 875 1959 929 bilare
1984 883 2040 930 et
2091 875 2323 946 psallere
2360 876 2533 945 jubet,
2563 874 2776 929 Iudaici
2811 890 2938 931 vero
2980 876 3164 945 populi
3197 876 3344 944 abje-

1784 967 2018 1025 ctionem
2060 966 2287 1037 ejusque
2323 982 2544 1022 causam
2576 968 2834 1026 declarat.
2865 975 2920 1023 et
2943 967 3160 1037 quidem
3194 967 3347 1022 valde

1784 1067 2178 1126 consequenter
2221 1058 2286 1113 ad
2322 1059 2532 1128 priores
2570 1057 2904 1129 prOphetias.
2950 1058 3084 1113 Nam
3114 1060 3240 1130 quia
3289 1062 3345 1117 in

1784 1146 2106 1217 pmcedenti
2132 1147 2499 1219 interrogabat
2526 1148 2717 1205 dicens
2755 1169 2766 1203 :
2809 1145 3003 1220 thuid
3033 1151 3348 1207 dcslruxisti

1785 1241 2070 1294 maceriam
2098 1242 2233 1311 ejus,
2260 1250 2310 1295 et
2332 1242 2650 1296 vindemiant
2669 1258 2788 1296 eam
2825 1260 3001 1298 omnes
3034 1244 3125 1313 qui
3143 1254 3350 1312 praeter-

1784 1331 2094 1402 grediuntur
2125 1333 2304 1389 aiam?
2334 1333 2423 1387 hic
2451 1331 2673 1387 dubium
2707 1335 2868 1388 solvit
2907 1333 2993 1389 his
3029 1336 3213 1391 verbis
3244 1355 3258 1391 :
3289 1335 3351 1391 Si

1783 1423 2005 1491 populus
2032 1439 2174 1477 meus
2190 1422 2426 1478 audisset
2447 1440 2546 1487 me,
2581 1421 2753 1478 Israel
2781 1427 2828 1479 si
2859 1427 2913 1479 in
2946 1426 3042 1481 viis
3075 1429 3204 1481 meis
3232 1444 3351 1480 am—

1782 1512 2039 1577 bulasset,
2068 1530 2164 1583 pro
2186 1515 2350 1570 nihilo
2380 1516 2623 1570 inimicos
2662 1533 2842 1571 eorum
2864 1518 3261 1584 Itumiliassem;
3286 1536 3350 1575 ac

1786 1604 2095 1676 subjungit:
2121 1604 2190 1659 Et
2219 1623 2321 1660 non
2339 1607 2540 1660 audivit
2558 1608 2781 1677 populus
2801 1625 2945 1662 meus
2965 1625 3137 1663 vocem
3160 1626 3349 1675 meam,

1786 1708 1837 1753 et
1870 1698 2043 1755 Israel
2071 1717 2176 1755 non
2201 1702 2423 1756 intendit
2450 1702 2599 1756 mihi.
2632 1703 2701 1757 Et
2728 1703 2910 1758 dimisi
2942 1720 3033 1759 eos
3064 1706 3352 1759 secundum

1787 1787 2053 1845 desideria
2100 1793 2277 1848 cordis
2328 1808 2538 1860 eorum,
2587 1792 2737 1847 ibunt
2792 1794 2847 1848 in
2897 1794 3353 1851 adinventionibus

1788 1880 1921 1935 suis.
1949 1880 2086 1947 Quia
2117 1881 2282 1952 igitur
2311 1882 2781 1953 inobsequentiam
2805 1898 2993 1940 eorum
3025 1891 3081 1941 et
3108 1885 3356 1940 immori-

1789 1984 1979 2038 gerum
2026 1971 2268 2026 animum
2302 1971 2570 2039 declarat,
2616 1988 2920 2029 sermonem
2954 1975 3150 2049 merito
3182 1973 3356 2045 Spiri-

1790 2068 1880 2115 tus
1912 2070 2142 2117 sanctus
2181 2062 2461 2130 transfert,
2496 2072 2552 2119 et
2591 2052 2830 2135 gentium
2872 2066 3213 2123 vocationem
3254 2084 3355 2123 an-

1790 2153 2003 2206 nuntiat
2042 2153 2297 2208 omnibus
2351 2153 2689 2219 hominibus,
2740 2156 2821 2211 sic
2861 2172 2961 2213 eos
3012 2157 3297 2228 alloquens
3338 2177 3351 2212 :

1790 2240 2072 2297 bissultatc
2099 2242 2209 2297 Deo
2244 2242 2481 2314 adjutori
2520 2255 2723 2301 nostra.
2759 2246 2873 2304 Hoc
2908 2264 3072 2318 porro
3117 2250 3252 2305 dicit
3286 2267 3356 2305 ex

1789 2347 2023 2403 persona
2065 2333 2219 2387 chori
2254 2334 2576 2404 prophetici.
2609 2334 2680 2391 Ut
2706 2338 2852 2393 enim
2884 2337 2941 2393 in
2991 2346 3185 2394 octavo
3210 2341 3355 2410 psal-

1791 2439 1881 2481 mo
1902 2421 2115 2480 dicebat
2141 2440 2155 2476 :
2184 2424 2407 2481 Domine
2428 2426 2689 2485 Dominus
2721 2440 2918 2495 noster,
2942 2430 3017 2485 ita
3048 2438 3107 2486 ut
3128 2432 3219 2502 qui
3244 2433 3358 2487 haec

1790 2513 2055 2580 dicerent,
2092 2514 2263 2571 Deum
2302 2520 2457 2588 quasi
2500 2519 2604 2575 sibi
2651 2521 2931 2591 proprium
2976 2522 3355 2590 prredicarent,

1790 2605 1917 2674 quia
1949 2620 2140 2661 eorum
2190 2608 2425 2678 primum
2474 2607 2619 2667 Deus
2648 2610 2863 2678 fuerat;
2896 2615 2973 2666 ita
3012 2620 3065 2668 et
3092 2612 3197 2668 hoc
3239 2614 3359 2669 loco

1790 2695 1956 2751 iidem
1987 2712 2106 2760 eos.
2149 2698 2244 2769 qui
2282 2700 2531 2755 extranei
2575 2709 2632 2756 et
2668 2702 2833 2757 alieni
2865 2702 2993 2758 facti
3030 2712 3180 2771 sunt,
3225 2720 3358 2761 evo-

1791 2795 2000 2855 cantes,
2015 2788 2206 2846 dicunt
2229 2808 2243 2843 :
2270 2790 2417 2847 Heus
2440 2808 2556 2857 vos,
2585 2794 2792 2850 relictis
2811 2793 2879 2851 iis
2901 2811 3041 2866 quos
3058 2812 3248 2853 errore
3262 2798 3359 2853 du-

1788 2880 1863 2934 cti
1894 2878 2024 2937 deos
2042 2881 2612 2948 aastimabatis,venite
2632 2884 2952 2943 festinanter
2978 2888 3043 2943 ad
3074 2887 3243 2944 Deum
3259 2905 3361 2944 no-

1792 2979 1987 3037 strum,
2007 2973 2221 3045 ipsique
2234 2976 2538 3044 exsultetis,
2556 2978 2647 3049 qui
2673 2994 2887 3050 semper
2910 2981 3069 3036 nobis
3083 2981 3186 3052 ipsi
3203 2982 3357 3037 addi-

130 3062 562 3135 ἀπεξενωμένους
579 3063 673 3117 καὶ¹
688 3062 996 3135 ἀλλοτρίους
1016 3061 1467 3132 ἀνακαλούμενοι,
1501 3062 1685 3131 φασίν·

1793 3065 1898 3119 etis
1916 3064 2136 3135 adiutor
2158 3065 2280 3121 fuit.
2312 3066 2447 3134 Quis
2464 3084 2626 3139 porro
2654 3070 2742 3124 hic
2759 3070 2943 3136 fuerit,
2959 3072 3155 3129 deinde
3175 3073 3358 3129 decla-

130 3150 192 3207 Ὦ
214 3149 381 3220 οὗτοι,
432 3154 853 3220 καταλείποντες
899 3155 1027 3218 τοὺς
1063 3153 1492 3225 πεπλανημένως
1535 3171 1689 3225 νομι-

132 3246 371 3318 ζομένους
426 3248 559 3318 ὑμῖν
605 3246 780 3310 θεοὺς,
841 3247 1006 3318 ἥκετε
1057 3245 1376 3309 σπεύδοντες
1420 3245 1555 3317 πρὸς
1599 3245 1691 3299 τὸν

132 3340 379 3411 ἡμέτερον
423 3340 582 3406 Θεὸν,
634 3339 731 3393 καὶ
778 3338 951 3410 τούτῳ
981 3337 1310 3407 ἀγαλλιᾶσθε
1352 3336 1431 3408 τῷ
1462 3338 1692 3391 πάντοτε

134 3432 276 3502 ἡμῶν
302 3432 407 3485 τῶν
438 3431 591 3502 αύτῷ
635 3431 1007 3502 ἀνακειμένων
1053 3430 1235 3501 βοηθῷ
1271 3428 1565 3500 γενομένῳ.
1595 3428 1693 3492 Τίς

132 3524 171 3575 δ’
198 3520 260 3594 ἦν
290 3520 467 3589 οὗτος,
496 3524 623 3595 ἑξῆς
670 3524 970 3597 παριστῶσι
1008 3523 1289 3592 λέγοντεςι
1337 3521 1693 3588 Ἀλαλάξατε

133 3614 203 3679 τῷ
220 3615 338 3682 Θεῷ
352 3615 579 3672 Ἰακὼϐο
611 3616 689 3687 τῷ
725 3614 834 3688 γὰρ
876 3616 1045 3670 πάλαι
1082 3614 1298 3685 ὀφθέντι
1330 3614 1408 3686 τῷ
1437 3614 1692 3687 ἡμετέρῳ

132 3710 421 3782 προπάτορι
480 3707 596 3779 Θεῷ
634 3709 897 3773 ἐλθόντες,
936 3708 1257 3774 ἀλαλάξατε,
1288 3706 1430 3761 κατά
1456 3707 1518 3760 τὸ
1548 3708 1694 3778 εἰρη-

134 3799 279 3870 μένον
304 3805 398 3857 καὶ
417 3806 478 3857 ὲν
510 3803 601 3869 is“
650 3799 1009 3865 Ἁλαλὰξατε
1049 3799 1127 3865 τῷ
1161 3798 1302 3864 Θεῷ,
1329 3797 1496 3854 πᾶσα
1523 3799 1562 3867 ἡ
1593 3796 1688 3868 γῆ.

131 3893 219 3958 Τίς
244 3896 300 3949 δὲ
335 3892 403 3967 ἦν
444 3897 480 3967 ἠ
528 3898 677 3950 πᾶσα
698 3896 767 3965 γῆ
806 3895 1101 3962 διασαφεῖὸ
1143 3891 1332 3946 εἰπών’
1375 3891 1579 3946 Πάντα
1620 3892 1695 3946 τὰ

132 3985 283 4057 ἔθνη,
337 3988 671 4058 κροτήσατε
710 3987 943 4057 χεῖρας,
980 3986 1324 4051 ἀλαλάξατε
1352 3984 1431 4051 τῷ
1470 3983 1590 4051 Θεῷ
1627 3985 1696 4039 ἐν

133 4081 289 4149 φωνῇ
340 4081 775 4153 ἀγαλλιάσεως.
828 4083 953 4145 Τοῖς
984 4077 1077 4135 οὖν
1128 4081 1307 4143 αὐτοῖς
1346 4078 1442 4133 καὶ
1473 4078 1561 4132 διὰ
1586 4077 1695 4131 τῶν

136 4166 261 4234 μετά
289 4172 480 4241 χεῖρας
495 4173 805 4239 προσφωνεῖ
825 4170 996 4237 λέγων
1011 4171 1039 4223 ὁ
1065 4169 1221 4242 χορὸς
1242 4169 1349 4221 τῶν
1366 4167 1655 4240 προφητῶν
1675 4183 1690 4198 ο

144 4257 519 4327 Ἆταὰιιιᾶσθε
537 4259 618 4326 τῷ
644 4260 765 4326 Θεῷ
783 4260 863 4327 τῷ
878 4259 1083 4329 βοηθῷ
1118 4258 1306 4330 ἡμῶν,
1352 4258 1694 4323 ἀλαλάξατε

133 4345 206 4411 τῷ
231 4349 349 4415 Θεῷ
388 4350 610 4405 Ἰακώϐ.
641 4351 772 4405 Θεὸν
803 4352 859 4405 δὲ
902 4350 1094 4406 Ἰακὼϐ
1124 4350 1221 4403 τὸν
1241 4351 1470 4421 Σωτῆρα
1494 4348 1695 4419 σημαί-

1796 3164 1922 3212 rant
1942 3157 2188 3214 dicentes
2209 3176 2222 3212 :
2245 3157 2481 3215 Jubilate
2505 3160 2614 3216 Deo
2642 3160 2809 3217 Jacob
2828 3180 2848 3218 :
2866 3163 2932 3218 ad
2958 3163 3127 3221 Deum
3147 3166 3359 3222 scilicet

1792 3249 1886 3321 qui
1911 3250 2042 3305 olim
2069 3258 2229 3309 atavo
2243 3262 2433 3311 nostro
2462 3255 2614 3333 visus
2630 3264 2714 3312 est
2742 3258 3084 3323 accedentes,
3109 3258 3360 3328 jubilate,

1792 3342 2092 3400 secundum
2112 3343 2166 3398 id
2183 3345 2330 3415 quod
2343 3347 2397 3403 in
2411 3363 2514 3402 va
2530 3348 2740 3418 psalmo
2754 3349 2959 3406 dictum
2971 3360 3058 3407 est
3076 3370 3087 3405 :
3102 3353 3358 3420 Jubilate,

1791 3434 1963 3488 omnis
1999 3448 2159 3490 terra.
2220 3434 2352 3503 Quae
2390 3446 2537 3493 esset
2583 3440 2763 3495 omnis
2796 3448 2963 3505 terra,
2994 3441 3231 3512 explicat
3266 3443 3359 3514 qui

1790 3526 1910 3580 ait:
1950 3524 2142 3581 Omnes
2172 3536 2371 3595 gentes,
2406 3527 2645 3597 plaudite
2689 3530 2954 3596 manibus,
2994 3532 3230 3602 jubilate
3251 3531 3361 3588 Deo

1792 3617 1846 3670 in
1875 3633 1993 3671 voce
2025 3618 2396 3673 exsultationis
2413 3619 2480 3672 ⁸³.
2518 3618 2745 3676 Eosdem
2768 3622 2952 3692 itaque
2979 3623 3127 3693 ipsos
3158 3623 3361 3679 chorus

1794 3707 2147 3777 propheticus
2196 3710 2251 3763 in
2284 3713 2537 3779 praesenti
2569 3712 2864 3781 alloquitur
2892 3712 3081 3768 dicens
3111 3732 3125 3768 :
3158 3712 3360 3767 Exsul-

1795 3808 1903 3853 tate
1939 3798 2048 3853 Deo
2096 3799 2333 3869 adjutori
2354 3811 2554 3867 nostro,
2586 3802 2816 3871 jubilate
2832 3803 2939 3858 Deo
2965 3803 3152 3859 Iacob.
3190 3803 3359 3861 Deum

1796 3906 1925 3945 vero
1954 3890 2124 3946 Jacob
2148 3889 2489 3946 Senatorem
2514 3902 2689 3959 vocat,
2723 3896 2894 3963 quiin
2921 3894 3094 3949 forma
3124 3895 3361 3951 hominis

1793 3981 2001 4037 Jacobo
2024 3983 2174 4038 visus
2203 3990 2308 4051 est,
2344 3982 2562 4053 quando
2598 3988 2811 4040 vocavit
2832 3985 3002 4042 Jacob
3026 4002 3222 4041 nomen
3254 3986 3361 4041 loci

1797 4075 1851 4129 iu
1880 4089 1989 4144 quo
2026 4075 2179 4131 visus
2209 4075 2313 4146 ipsi
2339 4083 2425 4131 est
2456 4074 2619 4141 Deus,
2652 4076 2889 4146 Speciem
2918 4078 3015 4133 Dei
3044 4095 3064 4132 :
3091 4094 3218 4133 nam
3246 4078 3363 4134 haec

1796 4166 1948 4220 addit
1979 4185 1992 4219 :
2029 4165 2150 4221 Vidi
2182 4168 2320 4220 enim
2370 4166 2539 4223 Deum
2575 4168 2711 4238 {acie
2756 4171 2826 4225 ad
2864 4171 3076 4241 faciem,
3114 4180 3166 4226 et
3212 4171 3364 4226 salua

1796 4256 1942 4324 facta
1974 4269 2052 4311 est
2108 4258 2290 4311 animo
2336 4273 2470 4312 mea.
2526 4256 2667 4315 Huic
2720 4261 2887 4325 enim,
2925 4268 3112 4331 utpote
3130 4260 3225 4331 qui
3266 4275 3364 4316 rex

1798 4358 1984 4405 noster
2012 4351 2106 4417 sit,
2133 4350 2369 4422 jubilare
2387 4353 2651 4423 praecipit,
2684 4352 3174 4423 triumphalemque
3209 4352 3365 4422 hym-

132 4454 206 4491 νει
237 4440 325 4494 τὸν
372 4442 432 4494 ὲν
487 4439 771 4513 ἀνθρώπου
826 4444 1063 4513 σχήματι
1089 4440 1322 4511 ὀφθέντα
1364 4440 1442 4511 τῷ
1464 4437 1687 4493 Ἰακώϐ·

1798 4457 1927 4495 num
1985 4442 2089 4512 ipsi
2138 4443 2407 4498 emittere.
2455 4442 2738 4509 Quomodo
2768 4453 2948 4499 autem
2988 4460 3080 4499 rex
3129 4459 3161 4498 a
3201 4441 3365 4498 Patre

133 4529 215 4582 ὅτε
272 4530 366 4584 καὶ
412 4531 638 4586 ἐκάλεσε
699 4530 891 4586 Ἰακὼϐ
936 4532 996 4585 τὸ
1038 4531 1209 4603 ὄνομα
1241 4529 1334 4583 τού
1362 4532 1525 4584 τόπου
1561 4530 1620 4583 ὲν
1648 4524 1691 4597 ᾧ

134 4618 280 4693 ὤφθη
305 4623 455 4695 αὐτῷ
480 4628 508 4679 ό
526 4624 675 4690 Θεὸς,
693 4622 871 4691 Εἶδος
895 4624 1064 4693 Θεοῦ,
1093 4623 1334 4678 ἐπειπών
1351 4641 1364 4654 ·
1387 4623 1568 4677 Εἶδον
1583 4621 1692 4693 γὰρ

138 4715 278 4768 Θεὸν
300 4718 624 4785 πρόσωπον
652 4716 806 4785 πρὸς
845 4718 1188 4786 πρόσωπον,
1222 4716 1322 4771 καὶ
1347 4714 1540 4783 ἐσώθη
1569 4732 1690 4784 μου

134 4805 172 4871 ἡ
203 4808 393 4877 ψυχή.
429 4807 613 4881 Τούτῳ
663 4804 776 4875 οὖν,
807 4808 882 4873 ὡς
919 4808 986 4863 ἂν
1022 4808 1169 4879 αὐτῷ
1214 4807 1328 4861 ὄντι
1368 4806 1446 4877 τῷ
1484 4806 1694 4877 βασιλεί

134 4897 302 4967 ἡμῶν,
329 4899 615 4964 ἀλαλάζειν
656 4902 1000 4973 προστάττει,
1036 4901 1345 4973 νικητήριον
1372 4899 1536 4971 ὕμνον
1564 4901 1695 4953 ἀνα-

137 4987 441 5057 πέμποντας
469 4990 637 5063 αὐτῷ.
675 4991 861 5055 Ὅπως
901 4991 958 5044 δὲ
1013 4990 1263 5061 βασιλεὺς
1295 4991 1400 5043 ὑπὸ
1445 4988 1539 5042 τοῦ
1590 4990 1694 5042 Πα-

135 5079 253 5149 ’πρὸς
301 5081 645 5148 καθίσταται,
683 5084 847 5145 αὐτὸς
900 5083 1136 5137 διδάσκει
1187 5083 1389 5152 λέγων·
1439 5082 1579 5152 Ἐγὼ
1626 5080 1693 5135 δὲ

137 5174 500 5244 κατεστάθην
515 5175 815 5242 ,βασιλεὺς
838 5176 937 5229 ὑπ’
964 5176 1149 5230 αὐτοῦ
1173 5175 1273 5229 ἐπὶ
1293 5177 1445 5230 Σιὼν
1467 5175 1602 5243 ὄρος
1625 5175 1692 5229 τὸ

136 5260 297 5333 ἄτιον
333 5268 539 5323 αὑτοῦ.
570 5268 644 5322 Ού
678 5268 836 5338 μόνον
860 5267 916 5320 δὲ
939 5266 1221 5331 ἀλαλάζειν
1235 5266 1313 5338 τῷ
1340 5267 1457 5339 Θεῷ
1500 5267 1693 5321 Ἰακὼϐ

140 5354 379 5423 βούλεται
408 5362 530 5425 τοὺς
562 5359 948 5430 κεκλημένους,
969 5358 1104 5412 ἀλλά
1127 5359 1221 5413 καὶ
1251 5359 1545 5431 λαμϐάνειν
1559 5359 1695 5430 ψαλ-

141 5447 233 5514 μὸν
280 5450 375 5503 καὶ
412 5450 605 5506 διδόναι
649 5451 946 5521 τύμπανον,
993 5450 1084 5503 καὶ
1127 5448 1424 5521 ψαλτήριον
1464 5451 1694 5521 τερπνὸν

144 5538 273 5607 μετά
298 5539 545 5612 κιθᾴρας.
578 5542 734 5596 Κατά
761 5542 818 5594 δε
842 5541 933 5595 τὸν
977 5540 1223 5595 Ἀκύλανο
1261 5543 1482 5609 Ἄρατε,
1536 5543 1691 5610 φησὶ,

208 5715 253 5747 ⁸³
290 5714 435 5772 Psal.
466 5733 621 5774 XLVI.
655 5717 711 5771 2.

498 5806 763 5867 Psrnoc.
797 5806 913 5869 Gn.
961 5808 1195 5871 XXIII.

1798 4535 2185 4601 constituatur,
2223 4535 2340 4606 ipse
2395 4536 2557 4592 docet
2607 4537 2695 4593 his
2745 4536 2929 4593 verbis
2972 4556 2986 4591 :
3030 4535 3144 4606 Ego
3186 4546 3363 4589 autem

1799 4626 2114 4681 constitutus
2134 4643 2251 4681 sum
2278 4643 2371 4683 rex
2396 4628 2461 4682 ab
2488 4645 2548 4683 eo
2567 4644 2721 4697 super
2736 4627 2862 4683 Sion
2878 4636 3108 4701 montem
3121 4637 3366 4681 sanctum

1799 4717 1933 4787 ejus.
1957 4717 2076 4774 Non
2095 4719 2270 4774 solum
2299 4728 2479 4774 autem
2507 4721 2622 4775 vult
2642 4719 3109 4789 vocatosjubilare
3140 4718 3251 4776 Deo
3271 4717 3367 4774 Ja-

1800 4810 1927 4876 cob,
1945 4810 2038 4865 sed
2076 4813 2239 4867 etiam
2253 4813 2506 4884 accipere
2520 4812 2787 4882 psalmum
2803 4818 2858 4866 et
2877 4809 3008 4868 dare
3023 4818 3365 4882 tympanum,

1798 4910 1853 4956 et
1902 4903 2219 4971 psalterium
2264 4905 2569 4975 jucundum
2615 4919 2741 4959 cum
2780 4903 3009 4959 cithara.
3048 4900 3363 4961 Secundum

1798 4992 2050 5064 Aquilam
2073 5011 2234 5051 vero:
2258 4997 2463 5063 Levate,
2488 4995 2692 5066 inquit,
2709 4994 2993 5050 melodiam
3020 5004 3074 5050 et
3093 4995 3217 5051 date
3232 5005 3365 5066 tym-

1801 5100 2019 5153 panum,
2066 5087 2329 5141 citharam
2358 5086 2619 5141 decentem
2646 5101 2765 5140 cum
2816 5084 3011 5149 nabla;
3060 5086 3362 5142 secundum

1801 5174 2187 5247 Symmachum
2240 5188 2418 5235 autem
2461 5176 2769 5245 :Suscipite
2817 5177 3118 5242 canticum,
3161 5186 3211 5230 et
3243 5174 3365 5228 date

1802 5278 2127 5337 tympanum,
2161 5270 2331 5339 lyram
2358 5268 2563 5323 dulcem
2592 5285 2713 5322 cum
2742 5267 2923 5323 nabla.
2951 5267 3170 5348 Aliquid
3201 5267 3366 5338 igitur

1800 5360 2067 5429 accipere,
2100 5359 2304 5430 aliquid
2331 5359 2629 5414 retribuere
2657 5358 2934 5428 praecipit;
2968 5358 3217 5427 accipere
3244 5360 3367 5426 qui-

1801 5452 1944 5517 dem,
1985 5451 2280 5508 secundum
2358 5451 2636 5521 Aquilam,
2674 5450 3003 5515 melodiam;
3062 5453 3362 5507 secundum

1744 5595 1754 5602 .
1802 5543 2185 5614 Symmachum
2244 5558 2404 5610 vero,
2455 5527 2768 5600 canticum:
2825 5542 3129 5599 retribuere
3183 5554 3361 5597 autem

2932 5812 3004 5869 31
