3798 6282
483 322 576 380 971

1176 319 1446 377 EUSEBlI
1484 319 1961 376 CESARIENSIS
1999 319 2150 377 OPP.
2192 319 2370 375 PARS
2411 319 2497 377 Ill.
2539 353 2605 364 —-
2636 320 3049 376 EXEGETICA.
3565 326 3647 381 972

481 451 818 514 tympanum,
867 446 960 494 aut
992 440 1160 510 lyram
1209 438 1422 492 dulcem
1469 452 1594 491 cum
1652 438 1835 494 nabla.
1881 438 2032 504 Quei:

2145 441 2466 512 μελῳδίαν,
2492 439 2590 493 καὶ
2629 438 2763 492 δότε
2801 437 3130 506 τύμπανον,
3162 436 3398 505 κιθάραν
3429 439 3648 510 εὐπρεπῆ

480 536 810 606 ρι’ωοίρὶῑιπ,
851 540 909 586 ut
939 531 1164 585 auribus
1193 528 1411 600 quidem
1439 529 1591 583 verbi
1625 528 1871 582 doctrina
1903 529 2049 584 exci-

478 627 694 697 piatur;
729 624 873 679 actio
916 630 1096 678 autem
1148 635 1376 690 corpore
1433 620 1722 674 tribuatur.
1760 621 2044 674 Canticum

477 717 620 770 enim
650 722 703 769 et
733 711 966 768 melodia
997 709 1221 765 auribus
1237 709 1404 762 verbo
1438 706 1671 760 traditur
1703 725 1715 760 :
1742 721 1911 776 quare
1935 707 2042 761 ait:

479 804 753 875 Suscipite
776 804 1046 858 canticum
1060 810 1113 856 et
1136 799 1443 862 melodiam,
1477 797 1775 852 secundum
1795 797 2045 867 Aquilam

477 906 531 950 et
567 895 971 966 Symmachum.
1005 892 1101 948 llis
1131 907 1257 946 vero
1295 890 1554 960 acceptis,
1579 888 1865 944 retribuite
1890 887 2044 960 'psal-

477 987 676 1042 terium
701 985 1003 1055 jucundum
1037 1000 1161 1038 cum
1209 983 1438 1045 cithara,
1490 983 1602 1037 sive
1638 982 1808 1054 lyram
1833 982 2044 1037 dulcem

476 1095 601 1135 cum
625 1080 806 1134 nabla.
833 1078 1172 1150 Tympanum
1205 1085 1384 1130 autem
1415 1081 1496 1130 est
1531 1075 1952 1130 instrumentum
1977 1090 2045 1130 ex

477 1186 738 1243 corporea
761 1171 900 1242 pelle
924 1170 1346 1233 concinnatum;
1377 1167 1696 1236 psalterium
1730 1177 1931 1232 autem,
1967 1166 2046 1220 ci-

475 1263 648 1318 tharae
695 1262 926 1332 species,
957 1259 1174 1315 chordis
1213 1257 1520 1312 confectum
1553 1267 1657 1325 est,
1692 1258 1894 1330 quibus
1922 1273 2045 1314 cor-

473 1369 580 1427 pus
610 1362 857 1408 nostrum
893 1351 1290 1408 subindicatur.
1328 1347 1457 1404 Vult
1487 1351 1671 1422 itaque
1706 1352 1841 1421 ipsis
1865 1353 2043 1422 operi-

474 1447 580 1503 bus
628 1460 692 1500 ac
719 1444 886 1516 gestis
922 1450 1191 1514 praecepta
1238 1441 1418 1497 verbis
1463 1443 1663 1498 tradita
1706 1443 1958 1513 impleri;
1989 1449 2045 1497 et

473 1536 589 1590 haec
622 1549 781 1605 agere
827 1533 1087 1603 jubentnr
1114 1540 1382 1602 quotquot
1434 1532 1488 1586 in
1524 1533 1774 1588 ecclesiis
1809 1533 1903 1588 Dei
1947 1546 2044 1602 per

471 1636 645 1682 totum
672 1626 858 1680 orbem
891 1623 1208 1695 congregati
1236 1632 1382 1678 sunt.
1417 1623 1756 1693 Quapropter
1787 1622 1853 1677 In
1883 1624 2039 1691 ﬁnem

469 1730 518 1774 et
540 1719 647 1772 Pro
682 1715 1033 1772 torcularibus
1053 1715 1167 1768 haec
1181 1729 1303 1784 qua:
1328 1713 1569 1771 diximus
1591 1714 1850 1784 inscripta
1885 1725 2034 1770 sunt.

2144 532 2294 602 μετὰ
2330 531 2561 597 νάόλης
2582 546 2596 559 ο
2626 528 2764 582 κατά
2807 529 2861 581 δὲ
2889 527 2979 580 τὸν
3027 527 3098 579 Σύ
3108 544 3332 596 μμαχον’
3365 528 3650 584 Ἀναλάεετε

2148 624 2332 692 ᾠδὴν,
2377 623 2476 677 καί
2516 621 2710 675 δίδοτε
2739 622 3067 690 τύμπανον,
3109 621 3296 687 λύραν
3332 619 3519 688 ἡδεῖαν
3538 623 3653 689 μετὰ

2147 716 2395 783 νάόλης.
2424 714 2628 768 Οὐκοῦν
2648 715 2709 766 τὸ
2747 714 2844 784 μέν
2869 730 2922 765 τι
2951 711 3268 785 προστάττει
3299 711 3583 782 λαμϐάνειν,
3605 716 3652 768 τὸ

2147 809 2203 862 δέ
2226 808 2458 862 διδόναι·
2489 807 2786 877 λαμϐάνειν
2818 806 2938 876 μὲν,
2975 804 3116 859 κατά
3148 804 3234 857 τὸν
3249 805 3487 866 Ἀκύλαν,
3518 807 3650 876 μελῳ-

2147 901 2283 965 δίαν,
2322 900 2462 954 κατά
2515 899 2572 953 δὲ
2611 899 2701 951 τὸν
2731 898 3043 970 Σύμμαχον,
3079 895 3251 967 ᾠδήν
3286 896 3574 950 ἀντιδιδόναι
3611 899 3654 952 δὲ

2146 992 2421 1063 τύμπανον
2450 990 2483 1061 ἢ
2510 989 2678 1062 λύραν
2709 991 2892 1060 ἡδεῖαν
2925 988 3065 1060 μετά
3087 987 3304 1058 νάῦλης.
3349 987 3422 1039 Δι’
3452 979 3559 1040 ὧνὸ
3591 987 3654 1040 λό-

2145 1100 2240 1152 γος
2273 1083 2594 1154 προστάττει
2625 1081 2872 1153 δέχεσθαι
2904 1081 3002 1152 μὲν
3043 1081 3232 1143 ἀκοαῖς
3268 1079 3369 1150 τὴν
3396 1079 3495 1133 τῶν
3522 1080 3655 1147 λόγων

2143 1175 2507 1237 διδασκαλίαν,
2529 1173 2727 1228 διδόναι
2750 1173 2806 1226 δὲ
2841 1172 2939 1243 τὴν
2965 1171 3054 1226 διὰ
3081 1170 3176 1224 τοῦ
3207 1170 3451 1242 σώματος
3479 1172 3651 1242 πρᾶξιν·

2158 1267 2280 1338 ᾭδὴ
2314 1266 2411 1337 μὲν
2443 1265 2552 1337 γὰρ
2577 1265 2671 1318 καὶ
2695 1263 2926 1335 μελῳδία
2952 1263 3095 1332 λόγῳ
3115 1263 3304 1325 ἀκοαῖς
3333 1261 3647 1332 παραδίδοταιο

2143 1358 2221 1411 διό
2255 1376 2388 1429 φησι
2407 1375 2420 1388 ·
2444 1358 2648 1412 Λάϐετε
2671 1357 2814 1428 ᾠδὴν
2835 1357 2927 1410 καὶ
2952 1356 3234 1427 μελῳδίαν,
3267 1357 3408 1409 κατὰ
3427 1357 3509 1408 τὸν
3543 1356 3655 1409 ’Δχύο

2143 1447 2238 1502 λαν
2294 1449 2388 1502 καὶ
2445 1447 2755 1520 Σύμμαχον.
2805 1446 2988 1500 Ταῦτα
3024 1446 3080 1498 δὲ
3125 1445 3480 1516 λαμϐάνοντες
3516 1446 3653 1514 ὑμεξ,

2141 1538 2379 1592 ἀντίδοτε
2412 1537 2706 1608 ψαλτήριον
2740 1535 2968 1606 τερπνὸν
3021 1533 3157 1604 μετά
3199 1532 3445 1604 κιθάρας,
3471 1530 3501 1601 ἢ
3527 1531 3652 1601 λύραν

2141 1635 2321 1704 ἡδεῖαν
2350 1631 2485 1704 μετά
2507 1631 2726 1702 νάὸλης.
2766 1630 3055 1699 Τύμπανον
3093 1626 3150 1678 δὲ
3181 1625 3409 1697 ὄργανόν
3456 1625 3578 1676 ἐστιν
3606 1626 3652 1677 ὲκ

2140 1724 2301 1796 δορᾶς
2323 1722 2636 1794 σωματικῆς
2669 1720 3193 1788 κατεσκευασμένον,
3214 1717 3310 1768 καὶ
3332 1715 3391 1768 τὸ
3412 1714 3650 1784 ψαλτήριον

470 1809 786 1866 Torcularia
814 1807 958 1863 enim
976 1821 1042 1862 ne
1068 1803 1213 1859 aliud
1237 1805 1514 1875 quidpiam
1541 1805 1647 1860 dici
1665 1815 1843 1875 putes,
1875 1820 2032 1876 quam

2141 1816 2370 1887 κιθάρας
2398 1810 2536 1876 εἶδος
2555 1806 2656 1868 ὧδέ
2689 1810 2872 1883 πηδιά
2920 1808 3122 1881 χορδῶν
3161 1805 3582 1878 κατηρτισμένον,
3603 1804 3650 1856 δι’

469 1899 734 1956 ecclesias
785 1897 902 1963 Dei,
933 1897 988 1951 in
1034 1897 1234 1968 quibus
1280 1896 1479 1960 coacti,
1521 1897 1874 1966 collectisque
1926 1910 2036 1951 una

468 1992 734 2047 tractibus
755 1991 980 2054 nostris,
1010 2003 1173 2043 unam
1205 1988 1645 2043 commixtionem
1679 1986 1940 2042 eﬂicimus
1968 1987 2036 2041 ad

467 2085 693 2156 gloriam
740 2089 794 2138 et
839 2082 1078 2137 lmtitiam
1128 2078 1289 2134 Verbi
1336 2079 1450 2134 Dei.
1511 2079 1703 2134 Mirum
1738 2093 1900 2148 porro
1927 2093 2036 2148 quo

467 2185 628 2245 pacto
677 2173 987 2244 praecedens
1019 2173 1260 2244 psalmus
1312 2171 1622 2227 incendium
1651 2171 2032 2238 declaraverit,

467 2280 681 2320 necnon
734 2265 907 2318 vinea:
951 2279 1017 2319 ex
1067 2263 1604 2336 Egyptotranslatae
1636 2262 1944 2318 vastitatem
1981 2269 2036 2316 ct

467 2359 680 2413 ruinam
708 2358 1007 2428 integram;
1062 2358 1150 2413 hic
1178 2372 1307 2412 vero
1351 2357 1613 2427 psalmus,
1645 2355 1803 2428 quasi
1825 2357 1929 2410 alia
1955 2357 2036 2411 vi-

468 2451 560 2514 tis,
588 2450 692 2504 alia
722 2449 878 2504 vinea
908 2450 999 2514 sit,
1033 2449 1140 2503 imo
1158 2463 1287 2503 vero
1318 2449 1500 2502 multae
1528 2449 1714 2511 vineae,
1741 2448 2033 2503 toreularia

466 2543 673 2597 inducit
699 2542 930 2612 plurima
963 2561 976 2596 :
1017 2541 1194 2596 fausta
1228 2556 1360 2596 vero
1388 2541 1673 2596 denuntiat
1707 2541 1816 2595 illis
1841 2542 1933 2611 qui
1965 2541 2033 2596 ad

466 2649 529 2688 ea
563 2633 736 2687 vocati
775 2639 923 2686 sunt.
982 2629 1089 2684 Pro
1134 2631 1312 2700 primo
1369 2630 1534 2700 igitur
1579 2629 1780 2700 populo
1818 2629 2030 2685 vineam

468 2740 652 2791 unam,
684 2724 928 2779 torcular
957 2739 1151 2788 unum,
1176 2737 1451 2792 unamque
1491 2723 1653 2777 vitem
1697 2721 1910 2776 induxit
1938 2721 2031 2791 qui

465 2819 540 2870 ait
569 2836 582 2871 :
617 2815 777 2869 Vinea
801 2815 946 2884 facta
969 2823 1046 2870 est
1068 2813 1259 2868 dilecto
1280 2815 1333 2867 in
1357 2830 1539 2877 cornu,
1559 2814 1738 2867 inloco
1760 2815 1942 2883 pingui
1963 2815 2028 2866 ⁸⁸.

466 2905 669 2961 Deinde
701 2905 776 2958 ait
808 2924 822 2959 :
857 2904 925 2957 Et
945 2905 1280 2973 protorcular
1304 2905 1416 2974 [odi
1433 2905 1488 2958 in
1517 2921 1605 2968 ea,
1630 2913 1679 2960 et
1701 2905 1936 2973 plantavi
1959 2905 2033 2959 vi-

465 3014 616 3052 neam
640 2997 816 3052 Sorec.
853 2993 914 3051 In
944 2997 1269 3067 praecedenti
1301 3012 1432 3052 vero
1447 2997 1624 3051 "unam
1668 2997 1833 3052 vitem
1864 2995 2028 3052 deuo.

464 3088 613 3141 tabat
673 3087 897 3142 dicens:
942 3085 1156 3140 Vineam
1197 3085 1261 3141 de
1299 3087 1531 3158 Egypto
1588 3089 1934 3144 transtulisti.
1970 3087 2030 3143 In

2139 1902 2214 1963 ὧν
2245 1907 2305 1960 τὸ
2318 1905 2474 1977 σῶμα
2497 1904 2559 1958 τὸ
2587 1903 2852 1975 ἡμέτερον
2877 1901 3110 1974 ᾐνίξατο.
3144 1898 3400 1952 Βούλεται
3411 1897 3564 1950 τοίνυν
3583 1896 3653 1948 αὒ-

2139 2002 2251 2062 τοῖς
2282 1998 2462 2069 ἔργοις
2509 1996 2605 2049 καὶ
2658 1994 2886 2067 πράξεσι
2921 1993 2987 2046 τὰ
3021 1991 3110 2044 διὰ
3146 1991 3255 2044 τῶν
3299 1989 3464 2058 λόγων
3486 2004 3652 2058 παραγ-

2140 2092 2382 2164 γέλματα
2445 2087 2824 2160 ἀποπληροῦνθ
2861 2087 2954 2139 καὶ
2981 2086 3153 2139 ταῦτα
3193 2083 3447 2156 πράττειν
3485 2084 3510 2134 ὁ
3536 2081 3651 2148 λόγος

2139 2188 2253 2248 τοῖς
2283 2185 2342 2236 ἐν
2377 2185 2496 2246 ταῖς
2518 2179 2830 2251 ἐκκλησίαις
2863 2177 2955 2231 τοῦ
2986 2175 3120 2231 Θεοῦ
3151 2175 3272 2228 καθ’
3325 2173 3448 2244 ὅλης
3485 2171 3567 2240 τῆς
3594 2172 3650 2223 oi-

2140 2275 2410 2347 κουμένης
2479 2270 2962 2344 συγκροτουμένοις
3015 2267 3362 2342 προστάττει.
3394 2267 3476 2319 Διὸ
3501 2267 3584 2330 Εἰς
3603 2264 3648 2315 τὸ

2140 2364 2314 2428 τέλος
2338 2363 2429 2416 καὶ
2498 2360 2667 2430 Ὑπὲρ
2689 2359 2808 2413 τῶν
2825 2356 3029 2427 ληνῶν
3060 2357 3467 2427 προγέγραπται
3504 2354 3560 2406 τὰ
3591 2353 3650 2405 λε-

2138 2457 2394 2528 λεγμένα.
2431 2456 2639 2526 Ληνοὺς
2673 2453 2781 2524 γὰρ
2821 2451 2953 2524 μηδὲ
2996 2451 3120 2504 ἄλλο
3146 2467 3214 2503 τι-
3233 2446 3421 2520 νόμιζε
3454 2443 3650 2513 λέγεσθαι

2138 2550 2170 2620 ἢ
2227 2549 2326 2613 τάς
2369 2547 2659 2618 ἐκκλησίας
2703 2546 2798 2598 τοῦ
2831 2543 2985 2610 Θεοῦ,
3031 2545 3087 2596 ἐν
3130 2537 3216 2606 αἷς
3252 2537 3648 2616 συγκροτούμενοι

2138 2643 2231 2695 καὶ
2257 2643 2380 2704 τοὺς
2405 2639 2607 2693 ἑαυτῶν
2647 2639 2890 2709 καρποὺς
2914 2634 3053 2689 κατὰ
3085 2636 3144 2688 τὸ
3173 2634 3308 2688 αὐτὸ
3334 2631 3646 2704 συμϐαλλόμε-

2137 2753 2238 2802 νοι,
2275 2735 2402 2806 μίαν
2430 2735 2626 2806 κρᾶσιν
2668 2729 2966 2800 ποιούμεθα
3012 2731 3090 2792 εἱς
3124 2727 3280 2792 δόξαν
3329 2727 3421 2779 καὶ
3443 2719 3648 2794 etiam}

2137 2844 2234 2898 νην
2289 2825 2384 2879 τοῦ
2435 2826 2606 2894 Λόγου
2653 2823 2746 2876 τοῦ
2783 2822 2938 2876 Θεοῦ.
2979 2821 3269 2892 Θαυμάσαι
3302 2820 3358 2872 δὲ
3380 2818 3510 2870 ἐστιν
3540 2816 3646 2874 ὅπως

2135 2923 2164 2974 ὁ
2209 2920 2305 2990 μὲν
2363 2919 2469 2990 πρὸ
2525 2917 2716 2972 τούτου
2741 2917 2953 2988 ψαλμδς
2986 2915 3336 2986 ἐμπυρισμὸν
3374 2912 3556 2984 ἐδήλου,
3581 2908 3648 2962 κα).

2135 3011 2653 3084 παντελῆ-ἐρημίαν
2709 3010 2803 3063 καὶ
2848 3009 3151 3079 ἀφανισμὸν
3185 3006 3291 3077 τῆς
3332 3006 3389 3072 ἐξ
3431 3003 3645 3070 Αἰγύπτου

2139 3101 2603 3173 μετενηνεγμένης
2633 3098 2878 3169 ἀμπέλου
2903 3111 2917 3124 ·
2949 3097 2977 3148 ό
3013 3095 3069 3148 δὲ
3107 3093 3244 3165 μετὰ
3287 3096 3482 3164 χεῖρας,
3507 3088 3645 3156 ὥσπερ

465 3176 690 3247 psalmis
743 3185 945 3239 autem,
966 3177 1058 3246 qui
1091 3176 1195 3229 Pro
1225 3178 1576 3232 torcularibus
1611 3178 1862 3249 inscripti
1887 3185 2032 3248 sunt,

2139 3191 2330 3262 ἐτέρας
2356 3187 2664 3258 ὑποστάσης
2711 3186 2952 3257 ἀμπέλου
3007 3185 3099 3238 καὶ
3133 3182 3450 3254 ἀμπελῶνος
3486 3179 3641 3248 ἐτέρου,

464 3267 633 3320 multa
671 3266 913 3321 declarat
945 3266 1261 3333 toreularia,
1311 3269 1670 3338 plurimarum
1708 3271 1918 3326 scilicet
1943 3269 2030 3325 vi-

463 3373 711 3413 nearum.
761 3357 917 3423 Quod
956 3358 1002 3412 si
1049 3373 1243 3412 novam
1292 3359 1503 3414 vineam
1532 3375 1696 3416 nosse
1727 3363 1883 3429 velis,
1912 3377 2033 3433 quae

463 3457 586 3520 post
638 3450 839 3516 prioris
871 3449 1088 3504 ruinam
1144 3449 1201 3504 in
1241 3450 1554 3508 hominibus
1601 3461 1790 3507 exorta
1838 3461 1955 3520 est,
1999 3469 2031 3509 a

461 3540 574 3596 Deo
626 3539 802 3597 Verbo
861 3540 1078 3598 ediscas
1136 3541 1250 3597 haec
1278 3542 1346 3598 de
1381 3558 1440 3598 se
1461 3543 1690 3600 docente
1729 3563 1742 3598 :
1775 3543 1890 3616 Ego
1913 3563 2030 3600 sum

460 3631 580 3684 uitis
611 3647 750 3697 vera,
777 3629 938 3684 Pater
984 3646 1128 3684 meus
1168 3630 1401 3701 agricola
1432 3641 1531 3687 est.
1567 3632 1790 3688 Omnem
1834 3635 2030 3705 palmi-

463 3733 564 3777 tem
584 3739 687 3777 non
716 3723 962 3792 ferentem
991 3722 1221 3791 fructum
1251 3724 1306 3776 in
1336 3741 1437 3790 me,
1465 3724 1603 3778 tollit
1624 3741 1778 3790 eum;
1821 3736 1871 3780 et
1905 3729 2030 3797 {om-

460 3830 578 3869 nem
598 3815 842 3883 ferentem
873 3814 1126 3883 fructum,
1146 3823 1337 3885 purgat
1359 3831 1498 3880 eum,
1528 3827 1584 3869 ut
1613 3815 1880 3886 fructuum
1908 3819 2028 3888 plus

460 3908 619 3976 ferat.
647 3905 774 3961 lam
797 3924 884 3962 vos
912 3906 1094 3961 mundi
1126 3909 1252 3962 estis
1293 3918 1504 3978 propter
1535 3925 1844 3975 sermonem,
1876 3929 2030 3982 quem

463 3997 666 4050 locutus
705 4013 822 4052 sum
857 3998 1043 4052 vobis:
1081 4007 1284 4052 manete
1315 4000 1368 4053 in
1413 4016 1514 4064 me,
1556 4009 1605 4054 et
1646 4018 1740 4073 ego
1770 4004 1825 4056 in
1857 4003 2024 4058 vobis.

461 4088 609 4143 Sicut
647 4089 845 4158 palmes
880 4105 981 4143 non
1015 4099 1182 4159 potest
1232 4091 1366 4159 ferre
1399 4091 1629 4158 fructum
1661 4111 1694 4147 a
1725 4096 2022 4166 semetipso,

458 4181 563 4234 nisi
588 4179 839 4234 manserit
877 4181 931 4234 in
965 4182 1067 4234 vite
1088 4196 1107 4244 ,°
1131 4183 1206 4236 sic
1237 4198 1327 4235 nec
1359 4199 1446 4236 vos
1486 4185 1592 4238 nisi
1618 4186 1674 4239 in
1703 4203 1783 4240 me
1818 4204 2025 4242 manse-

459 4270 601 4324 ritis.
641 4267 754 4340 Ego
784 4285 898 4322 sum
929 4271 1068 4334 vitis,
1096 4287 1184 4324 vos
1218 4272 1483 4339 palmites.
1528 4274 1633 4339 Qui
1658 4285 1830 4329 manet
1869 4278 1922 4329 in
1943 4293 2022 4331 me

456 4369 507 4414 et
535 4376 624 4430 ego
649 4361 704 4413 in
745 4375 826 4424 eo,
860 4369 910 4414 et
937 4360 1020 4413 hic
1060 4361 1161 4429 fert
1192 4361 1426 4429 fructum
1472 4365 1694 4418 multum
1723 4379 1742 4418 :
1763 4369 1888 4436 quia
1909 4368 2022 4422 sine

456 4467 540 4506 me
563 4452 696 4506 nihil
741 4453 958 4521 potestis
999 4452 1136 4521 ferre
1157 4453 1226 4509 ⁸⁵.
1261 4452 1465 4509 Priscae
1503 4471 1633 4526 ergo
1675 4457 1822 4512 illius
1851 4459 2020 4514 vineae

2134 3281 2332 3352 μᾶλλον
2374 3279 2432 3333 δὲ
2484 3279 2747 3332 πλειόνων
2811 3274 3146 3347 ἀμπελώνων
3201 3274 3398 3345 ληνοὺς
3444 3271 3642 3338 opima

2131 3373 2368 3437 πλείους,
2424 3372 2624 3443 φαιδρά
2669 3389 2727 3424 τε
2769 3367 3174 3438 εὐαγγελίζεται
3229 3369 3345 3429 τοῖς
3382 3365 3468 3417 ἐπὶ⁸
3494 3359 3641 3418 ταύτας

2130 3464 2503 3536 κεκλημένοις.
2551 3464 2675 3516 Ἐπὶ
2719 3463 2816 3534 μὲν
2846 3457 2937 3515 οὖν
2973 3460 3065 3513 τοῦ
3110 3460 3378 3532 προτέρου
3421 3455 3532 3510 λαοῦ
3574 3453 3642 3504 ἔνι

2129 3555 2426 3628 ἀμπελῶνα
2454 3555 2545 3609 καὶ
2587 3555 2711 3626 μίαν
2742 3552 2921 3625 ληνὸν,
2949 3553 3074 3624 μίαν
3112 3568 3173 3604 τε
3203 3549 3445 3619 ἄμπελον
3468 3547 3637 3616 εἰσήγα-

2129 3663 2224 3716 γεν
2255 3649 2283 3701 ὁ
2314 3648 2522 3717 φήσας·
2563 3644 2868 3714 Ἀμπελὼν
2903 3642 3155 3712 ἐγενήθη
3214 3640 3300 3706 τῷ
3345 3636 3638 3710 ήταπτυιένψ

2127 3740 2198 3793 ἐν
2233 3739 2453 3808 πέρατι,
2487 3739 2556 3792 ἐν
2580 3739 2739 3803 τόπῳ
2779 3737 2958 3790 πίονι.
2995 3731 3108 3790 Εἶθ’
3142 3735 3301 3805 ἑξῆς·
3336 3733 3437 3787 Kal
3471 3726 3636 3797 προλή-

2126 3849 2277 3894 νιον,
2323 3831 2518 3901 φησιν,
2553 3829 2751 3898 dipan
2785 3829 2854 3882 ἐν
2896 3825 3074 3892 αὐτῷ,
3113 3827 3209 3881 καὶ
3254 3827 3534 3896 ἐφύτευσα
3563 3820 3635 3888 ἆμ-

2127 3926 2317 3977 πελον
2353 3921 2583 3991 Σωρήκ.
2617 3921 2726 3976 Καὶ
2757 3923 2814 3974 ἐν
2843 3919 2921 3992 τῷ
2945 3921 3050 3991 πρὸ
3071 3919 3263 3973 τούτου
3300 3919 3424 3990 μίαν
3449 3915 3633 3987 ἄμπελον

2127 4015 2314 4087 ἐδήλου
2343 4015 2514 4084 λέγων
2531 4031 2544 4044 ⁸
2583 4015 2885 4084 Ἀμπελον
2902 4014 2970 4078 ἐξ
2993 4007 3553 4082 Αίγύπτουμετῆρας.
3575 4005 3632 4055 Ἐν

2125 4106 2182 4160 δὲ
2202 4109 2312 4170 τοῖς
2346 4105 2517 4173 Ὑπὲρ
2545 4104 2662 4159 τῶν
2688 4104 2892 4174 ληνῶν
2925 4105 3139 4168 πλείους
3180 4103 3333 4174 δηλοῖ
3363 4101 3547 4173 ληνοὺς,
3565 4097 3630 4165 δη-

2124 4195 2253 4268 λαδὴ
2285 4197 2543 4250 πλειόνων
2588 4195 2939 4267 ἀμπελώνων.
2972 4197 3034 4249 Ei
3061 4196 3117 4249 δὲ
3163 4197 3260 4251 καὶ
3287 4196 3383 4267 τὴν
3445 4188 3630 4262 ἄμπαλον

2122 4288 2222 4359 τὴν
2250 4289 2443 4358 καινὴν
2483 4288 2680 4356 γνῶναι
2727 4287 3063 4358 βουληθείης,
3114 4288 3212 4358 τὴν
3261 4287 3396 4359 μετὰ
3424 4286 3504 4338 τὸν
3528 4285 3628 4349 de?

2121 4377 2310 4448 νισμὸν
2339 4379 2437 4447 τῆς
2455 4378 2722 4450 προτέρας
2759 4381 2814 4432 ἐν
2841 4377 3145 4449 ἀνθρώποις
3175 4382 3417 4448 (ρυεῖσαν,
3451 4371 3627 4447 μάνθανε

2122 4467 2272 4541 παρὰ
2311 4469 2402 4521 τοῦ
2431 4469 2562 4522 Θεοῦ
2593 4471 2765 4538 Λόγου
2793 4469 3106 4542 περὶαύτοῦ
3132 4469 3304 4523 ταῦτα
3331 4470 3623 4522 διδάσκοντος’

457 4544 620 4600 ﬁnem
651 4543 943 4614 descripsit
996 4544 1309 4613 praecedens
1353 4547 1630 4618 psalmus;
1671 4564 1800 4604 vera
1840 4558 2019 4607 autem

2137 4559 2276 4632 Ἐγώ
2326 4565 2440 4632 εἰμι
2486 4563 2524 4631 ἠ
2567 4563 2834 4631 ἄμπελος
2882 4564 2922 4630 ἡ
2963 4561 3244 4632 ἀληθινὴ,
3285 4566 3317 4616 d
3348 4559 3525 4626 Πατήρ
3543 4570 3622 4624 μου

454 4637 617 4692 vinea
673 4652 835 4707 quem
885 4635 1083 4691 habeat
1125 4638 1391 4693 cultorem
1437 4648 1492 4695 et
1535 4642 1851 4712 agricolam,
1881 4662 2019 4717 quos

455 4728 727 4798 palmites,
767 4742 907 4798 quas
935 4728 1146 4795 botrus,
1180 4731 1441 4786 salutaris
1479 4732 1727 4789 doctrina
1757 4736 2017 4794 declarat.

455 4819 534 4888 Ex
561 4819 726 4888 hujus
774 4818 959 4888 itaque
1007 4820 1322 4889 palmitibus
1351 4836 1445 4890 per
1497 4831 1670 4879 totum
1693 4828 1880 4884 orbem
1911 4829 2024 4884 dis-

455 4912 700 4975 tributis,
729 4911 901 4965 vineae
928 4912 1240 4966 constitutae
1280 4919 1428 4980 sunt,
1459 4930 1690 4985 quarum
1717 4918 1930 4977 fructus
1963 4922 2020 4976 in

455 5019 624 5060 unum
649 5004 864 5059 collecti
897 5004 952 5058 in
974 5004 1226 5061 ecclesiis
1247 5020 1344 5074 per
1365 5007 1552 5063 orbem
1584 5008 1846 5077 fundatis,
1879 5015 2021 5068 mul-

453 5096 741 5151 titudinem
795 5095 1149 5150 torcularium
1201 5095 1540 5152 invexerunt.
1589 5099 1706 5166 Qua
1744 5102 1811 5159 de
1853 5119 2019 5161 causa

455 5297 602 5341 ctum
632 5283 946 5356 prOphetice
977 5282 1317 5352 pronuntiati
1347 5293 1495 5340 sunt.

2128 4657 2162 4708 ό
2188 4657 2457 4724 γεωργός.
2484 4653 2614 4710 Πᾶν
2638 4653 2842 4725 κλῆμα
2867 4655 2952 4724 μὴ
2980 4655 3164 4725 φέρον
3193 4655 3422 4724 καρπὸν
3444 4646 3619 4717 mut.

2127 4745 2276 4814 αίρει
2301 4748 2451 4800 αὐτό
2473 4763 2487 4777 ο
2538 4746 2637 4800 καὶ
2673 4746 2794 4802 πᾶν
2819 4747 2886 4800 τὸ
2928 4747 3158 4816 καρπὸν
3193 4749 3392 4818 φέρον,
3421 4743 3620 4808 καθαίρει

2127 4838 2274 4892 αὐτὸ
2293 4877 2308 4898 ,
2349 4839 2449 4891 ἵνα
2511 4839 2744 4906 καρπὸν
2792 4840 3042 4894 πλείονα
3082 4817 3231 4909 φέρῃ
3305 4837 3445 4902 Ἤδη
3501 4829 3617 4900 ὑμεῖς
3717 4817 3721 4843 ¹

2123 4930 2368 4997 καθαροί
2397 4929 2538 4983 ἐστε
2571 4930 2668 4984 διὰ
2703 4929 2810 4984 τὸν
2860 4932 3046 5001 λόγον
3081 4930 3152 4984 ὃν
3181 4929 3474 4996 λελάληκα
3502 4920 3615 4991 ὑμῖν
3715 4993 3717 4998 ,

2118 5021 2375 5088 μείνατε-
2425 5020 2496 5074 ὲν
2556 5021 2687 5089 ἐμοὶ
2710 5062 2724 5085 ,
2797 5021 2958 5092 κάγὼ
3021 5021 3090 5075 ἐν
3145 5019 3301 5090 ὑμῖν.
3371 5014 3543 5077 Καθὼς
3573 5005 3614 5059 τὸ

2124 5109 2327 5180 κλῆμα
2383 5113 2453 5165 οὐ
2504 5111 2750 5166 δύναται
2795 5111 2999 5181 φέρειν
3020 5113 3252 5181 καρπὸν
3300 5110 3395 5178 ἀφ’
3434 5097 3610 5160 ἑαυτοῧν

454 5191 650 5262 psalmi
681 5189 790 5244 Pro
823 5187 1173 5244 torcularibus
1205 5189 1451 5260 inscripti
1476 5207 1573 5262 per
1595 5192 1861 5265 Spiritum
1889 5212 2020 5253 sana

2135 5201 2231 5255 ἐὰν
2257 5201 2346 5272 μὴ
2381 5203 2558 5272 μείνῃ
2603 5204 2674 5257 ὲν
2714 5202 2786 5272 τῇ
2822 5203 3102 5277 ἀμπέλῳή
3147 5204 3294 5258 οὕτω
3338 5199 3429 5254 καὶ
3474 5189 3609 5262 ὐμεῖςυ
3707 5203 3711 5269 Α

2121 5293 2230 5347 ἐὰν
2267 5293 2352 5363 μὴ
2405 5293 2476 5347 ἐν
2513 5294 2641 5364 ἐμοὶ
2671 5296 2931 5365 μείνητε.
2989 5295 3127 5366 Ἐγώ
3157 5297 3269 5364 ειμι
3305 5293 3343 5360 ἠ
3386 5287 3605 5356 ἄμπελοςν
3707 5311 3709 5355 i

453 5379 622 5446 ὑμεῖς
661 5377 733 5432 τὰ
786 5375 1078 5444 κλήματα.
1123 5374 1176 5426 Ὀ
1194 5377 1394 5444 μένων
1442 5379 1510 5432 ὲν
1555 5379 1705 5450 ἐμοὶ,
1729 5383 1903 5453 -κὰγὼ
1941 5385 2010 5439 ἐν
2045 5385 2224 5451 αὐτῷ,
2261 5387 2358 5441 καὶ
2420 5383 2597 5455 οὗτος
2625 5389 2786 5458 φέρει
2819 5389 3048 5457 καρπόν
3067 5391 3295 5443 πολύν·
3352 5385 3435 5438 ὅτι
3479 5374 3605 5449 χωρὶς

454 5469 598 5537 ἐμοῦ
652 5469 722 5521 οὗ
763 5467 1025 5521 δύνασθε
1075 5467 1294 5536 φέρεινο
1340 5469 1450 5540 Τῆς
1490 5472 1585 5540 μὲν
1630 5469 1721 5527 οὖν
1749 5476 2018 5549 προτέρας
2055 5479 2297 5549 ἀμπέλου
2325 5481 2392 5534 τὰ
2415 5481 2541 5552 τέλη
2580 5481 2916 5553 διέγραψενό
2948 5480 3052 5552 πρὸ
3113 5480 3295 5534 τούτου
3355 5467 3597 5546 ψαλμός⁶ἦ

455 5560 512 5614 δὲ
549 5557 772 5628 ἀληθινὴ
802 5556 1041 5628 ἄμπελος
1063 5560 1240 5610 ὁποῖον
1265 5558 1696 5636 ἐχειφυτουργὺν
1732 5568 1823 5620 καὶ
1848 5570 2111 5660 γεωργὸν,
2146 5573 2238 5626 καὶ
2270 5574 2428 5626 ὁποῖα
2466 5572 2749 5645 κλήματα,
2795 5573 2888 5627 καὶ
2933 5573 3152 5636 ὁποίους
3208 5573 3402 5643 βότρυς,
3442 5567 3472 5636 ἠ
3520 5576 3595 5614 ου’

531 5738 576 5772 ⁸⁸
611 5735 712 5792 lsa.
747 5753 800 5802 ν,
836 5738 883 5792 Ι.
960 5738 1005 5771 ⁸⁸
1045 5737 1199 5793 Joan.
1240 5757 1327 5808 xv,
1371 5744 1391 5797 l
1433 5752 1486 5798 ct
1514 5761 1656 5823 seqq

3723 4361 3731 4673 ί

3719 4707 3723 4744 1
