3798 6282
187 307 276 362 975

1279 297 1778 356 COMMENTARIA
1822 298 1887 354 IN
1924 297 2259 353 PSALMOS.

3296 304 3401 357 97$

182 426 350 493 τήριος
387 416 677 488 παρίστησι
737 415 1071 470 διδασκαλία.
1115 415 1208 469 Ἐκ
1264 416 1370 471 τῶν
1399 418 1600 487 ταύτης
1660 416 1945 488 τοιγαροῦν
1980 416 2277 487 κλημάτων
2318 416 2663 470 διαδοθέντων
2696 418 2816 472 καθ’
2860 419 2988 490 ὅλης
3026 437 3125 492 της
3152 424 3405 492 οἰκουμέ-

182 528 269 582 νης
316 509 638 579 συνέστησαν
673 508 1021 579 ἀμπελῶνες·
1062 510 1154 561 καὶ
1202 508 1405 562 τούτων
1434 512 1483 562 oi
1533 513 1735 582 καρποὶ
1773 511 1994 565 κατὰτὸ
2050 511 2181 563 αὐτὸ
2248 510 2602 581 συναγόμενοι
2626 515 2682 564 ὲν
2707 516 2826 576 ταῖς
2866 514 2987 569 καθ’
3021 516 3147 587 ὅλης
3196 519 3293 588 τῆς
3332 521 3411 570 οἱ-

184 601 431 674 κουμένης
451 601 764 673 ἐκκλησίαις
809 602 940 654 πολὺ
969 601 1171 673 πλῆθος
1206 603 1611 673 ἀπειργάσαντο
1639 604 1841 676 ληνῶψ
1876 597 1950 658 ὧν
1974 604 2135 656 ’ἑνεκα
2196 602 2281 656 διὰ
2321 602 2415 656 τοῦ
2459 604 2614 669 ἀγίου
2652 605 2969 674 Πνεύματος
2998 608 3046 659 οἱ
3080 608 3410 678 Ἑπιλήνιθι

182 696 366 766 ψαλμοὶ
400 695 745 766 προφητικῶς
772 694 1214 767 ἀνεφωνήθησαν.

244 809 578 865 Σαλπίσατε
602 809 671 861 ἐν
713 811 996 879 νεομηνία
1032 809 1337 882 σάλπιγγι,
1378 814 1447 866 ἐν
1490 814 1733 885 ε-ὐσήμῳ

1909 811 2073 867 Vens.
2111 812 2161 866 4.
2192 812 2474 865 Buccmare
2518 827 2573 864 tn
2624 814 2896 865 neomenia
2926 812 3073 877 tuba,
3111 815 3165 866 in
3216 814 3409 885 insigni

181 902 357 972 ἡμέρᾳ
377 899 586 968 ἑορτῆς
612 900 794 969 ὑμῶν.
832 902 1044 955 Ἐκάλει
1071 903 1169 969 μὲν
1194 905 1222 956 ὁ
1253 904 1408 972 λόγος
1440 906 1735 977 ἀρχόμενος

1850 903 1925 957 die
1951 903 2299 957 sotemnitatis
2326 914 2530 957 vestrae.
2576 902 2690 956 Sub
2730 902 2945 955 initium
2977 903 3193 973 quidem
3229 920 3409 959 sermo

179 992 265 1047 ἐπὶ
290 990 634 1059 ἀγαλλίασινο
676 990 998 1062 προσέταττε
1021 992 1077 1045 δὲ
1109 992 1430 1058 ἀλαλάζειν,
1464 998 1739 1050 τουτέστιν

1842 996 1909 1049 ad
1940 996 2361 1050 exsultationem
2393 993 2643 1058 vocabat,
2677 1009 2741 1049 ac
2759 993 2995 1063 jubilare
3038 995 3407 1066 praecipiebat,

180 1085 336 1157 ὕμνον
403 1083 669 1137 ἐπινίκιον
737 1084 1083 1155 ἀναπέμπειν
1139 1085 1215 1157 τῷ
1268 1087 1561 1157 δηλωθέντι
1621 1089 1741 1159 Θεῷ

1850 1088 1947 1141 hoc
1972 1095 2077 1149 est,
2111 1086 2493 1155 triumphalem
2546 1086 2809 1156 hymnum
2840 1094 3143 1141 memorato
3185 1087 3296 1142 Deo
3317 1086 3411 1142 Ja-

187 1173 400 1229 ’Iaxtb6'
434 1169 552 1226 εἶτα
590 1173 782 1242 λόγους
833 1175 1243 1240 διδασκαλικοὺς
1291 1178 1742 1250 παραλαμϐάνον-

174 1281 285 1328 τας,
314 1265 494 1335 έργοις
521 1265 741 1328 τούτους
761 1266 1109 1338 ἀποπληροῦν
1133 1286 1146 1300 ο
1180 1266 1471 1339 πληρωτὰς
1507 1270 1562 1323 δὲ
1592 1288 1743 1339 γενο-

175 1357 362 1427 μένους
392 1355 502 1408 τῶν
525 1354 719 1425 ἔργων,
748 1356 847 1426 seu
871 1355 1055 1409 λοιπὸν
1080 1357 1174 1409 καλ⁵
1198 1359 1275 1420 είς
1304 1359 1510 1423 πάντας
1536 1359 1631 1414 ἀνθ
1638 1360 1744 1430 ρώ-

174 1463 303 1509 πους
354 1444 645 1516 κηρύττειν
683 1445 775 1497 καὶ
812 1443 1093 1508 σαλπίζειν
1118 1484 1133 1509 ,
1176 1444 1386 1518 ὲξηχεῖν
1419 1463 1478 1498 τε
1530 1446 1624 1499 καὶ
1661 1445 1744 1512 ἐξ-

174 1537 429 1591 άκουστον
470 1539 581 1599 τοῖς
615 1538 749 1590 πᾶσι
770 1540 943 1590 ποιεῖν
962 1538 1024 1590 τὸ
1053 1538 1403 1607 Εὗαγγέλιοψ
1437 1538 1623 1609 ὥσπερ
1652 1535 1744 1592 οῦν

173 1628 261 1681 καὶ
287 1631 315 1681 ό
350 1628 547 1699 Σωτὴρ
572 1628 968 1699 παρεκελεύετο
1012 1629 1184 1699 λέγων
1216 1634 1329 1695 τοῖς
1370 1632 1533 1685 αὐτοῦ
1565 1632 1745 1704 μαθη-

171 1724 285 1785 ταῖς
305 1738 319 1752 ·
360 1723 423 1773 Ὃ
446 1724 536 1786 εὶς
569 1720 633 1774 τὸ
670 1716 779 1787 οὖς
814 1722 1094 1788 ἀκούετε,
1140 1726 1478 1792 κηρύσσετε
1508 1725 1746 1779 ἐπὶτῶν

170 1814 473 1883 δωμάτων.
509 1814 599 1867 Διὸ
625 1814 871 1868 λέλεκται
891 1819 1001 1879 τοῖς
1027 1815 1093 1869 τὰ
1123 1816 1313 1890 πρῶτα
1336 1816 1741 1889 κατωρθωκόσι·

170 1908 535 1961 Σαλπίσατε.
572 1906 696 1967 Πῶς
748 1908 805 1959 δὲ
849 1909 1047 1971 αὐτοὺς
1094 1908 1341 1978 βούλεται
1384 1910 1743 1981 σαλπίζειν,ἢ

168 1999 240 2061 ὡς
279 1997 575 2062 ἐσάλπιζον
610 1998 773 2051 πάλαι
816 2000 1077 2071 πρότερον
1107 2001 1155 2052 οἱ
1188 2000 1285 2063 τὰς
1308 2002 1521 2065 είκόνας
1565 2004 1744 2055 ὲπιτε-

170 2089 405 2156 λοῦντες,
439 2091 538 2143 καὶ
566 2090 636 2145 τὰ
670 2089 916 2161 σύμϐολα
965 2092 1203 2157 καὶτοὺς
1229 2092 1434 2157 τύπους
1471 2094 1579 2147 τῶν
1615 2095 1747 2165 ἀλη-

1843 1179 1946 1233 cob
1972 1178 2253 1245 emittere;
2278 1178 2474 1233 deinde
2500 1185 2753 1248 suscepta
2800 1178 3062 1232 doctrina:
3088 1179 3253 1233 verba
3282 1195 3413 1249 ope-

1843 1271 1997 1326 ribus
2028 1272 2254 1341 implere
2286 1289 2299 1325 :
2334 1270 2600 1325 absolutis
2640 1279 2820 1324 autem
2857 1272 3135 1340 operibus,
3165 1280 3278 1324 tum
3313 1272 3411 1326 de-

1845 1377 1993 1415 mum
2024 1360 2337 1414 hominibus
2364 1359 2666 1429 praedicare
2696 1368 2752 1414 et
2774 1359 3091 1427 buccinare,
3124 1360 3413 1417 vociferari

1846 1453 1974 1508 item
2002 1460 2058 1507 et
2085 1452 2140 1505 in
2165 1453 2408 1506 omnium
2452 1451 2677 1506 auribus
2710 1450 3064 1522 Evangelium
3115 1454 3371 1509 nuntiare
3398 1473 3413 1520 ;

1845 1541 2303 1614 quemadmodum
2352 1541 2613 1597 Servator
2668 1542 2954 1613 discipulis
3010 1546 3257 1615 praecipit
3298 1547 3414 1601 suis

1846 1634 2034 1689 dicens
2053 1652 2066 1687 :
2087 1632 2240 1699 Quod
2256 1634 2310 1687 in
2328 1650 2455 1688 aure
2472 1634 2698 1698 auditis,
2714 1637 3002 1703 prwdicate
3014 1653 3174 1706 super
3187 1648 3323 1694 tecta
3344 1639 3413 1695 ⁸⁸.

1847 1725 2208 1792 Quamobrem
2229 1724 2296 1780 iis
2308 1725 2399 1796 qui
2417 1724 2598 1794 priora
2614 1735 2759 1781 recte
2768 1739 3077 1797 gesserant,
3092 1729 3296 1784 dictum
3309 1740 3412 1786 est:

1847 1818 2151 1872 Bucciaate.
2189 1816 2306 1885 Qua
2352 1826 2533 1873 autem
2566 1819 2779 1875 ratione
2823 1820 2973 1889 ipsos
3001 1821 3293 1877 buccinare
3319 1840 3417 1877 vo-

1849 1909 2030 1971 luerit,
2066 1908 2172 1963 nisi
2220 1925 2328 1979 qua
2368 1910 2497 1964 olim
2529 1917 2583 1965 et
2612 1912 2926 1982 antiquitus
2954 1913 3049 1983 qui
3082 1914 3198 1968 veri
3226 1913 3418 1986 imagi-

1849 2017 1993 2065 nem,
2016 2000 2259 2071 symbola
2287 2009 2341 2056 et
2369 2003 2524 2072 signa
2541 2002 2801 2071 gerebant
2821 2004 2843 2055 ?
2867 2003 3239 2060 Buccinabant
3254 2020 3417 2076 porro

1850 2094 1928 2148 illi
1972 2094 2029 2147 in
2082 2092 2390 2156 neomenia,
2441 2104 2496 2149 et
2547 2096 2603 2149 in
2647 2096 2848 2166 insigni
2877 2096 2966 2151 die
3008 2097 3371 2153 solemnitatis
3397 2139 3418 2153 .

169 2182 302 2247 θῶν;
334 2182 662 2245 Ἐσάλπιζον
708 2182 763 2235 δὲ
814 2183 1011 2235 ἐκεῖνοι
1051 2184 1108 2235 ἐν
1139 2185 1401 2257 νεομηνία
1444 2186 1538 2239 καὶ
1566 2188 1625 2239 ὲν
1654 2188 1743 2239 εὐ-

1852 2183 2013 2253 idque
2041 2182 2272 2251 agebant
2297 2182 2528 2252 septimo
2563 2158 2785 2249 mense:
2800 2199 2910 2254 quo
2944 2186 3279 2255 congregati,
3309 2184 3420 2240 Tu-

171 2273 326 2343 σήμῳ
348 2274 537 2345 ἡμέρᾳ
563 2273 776 2344 ἑορτῆς.
808 2274 919 2327 Καὶ¹
968 2274 1111 2327 τοῦτ’
1153 2275 1421 2346 ἔπραττον
1467 2279 1606 2331 κατά
1660 2280 1751 2332 τὸν

1851 2276 2044 2330 barum
2071 2273 2468 2330 solemnitatem
2500 2274 2851 2329 celebrabant
2885 2293 2899 2331 :
2932 2274 3095 2346 idque
3124 2277 3291 2331 semel
3322 2292 3419 2346 per

164 2364 392 2435 ἕϐδομον
440 2367 608 2437 μῆνα,
664 2369 722 2419 ἐν
770 2361 814 2435 ᾧ
858 2368 1259 2437 συνερχόμενοι,
1289 2370 1387 2440 τὴν
1417 2370 1607 2443 ἑορτὴν
1643 2372 1752 2424 τῶν

165 2456 496 2527 Σαλπίγγων
525 2452 831 2523 ἐπετέλουν,
856 2457 1001 2524 ἅπαξ
1024 2457 1113 2511 τοῦ
1132 2460 1377 2516 ἐνιαυτοῦ
1403 2462 1559 2517 τοῦτο
1580 2464 1753 2537 πράτ-

1851 2383 2053 2423 annum
2090 2366 2441 2438 prmstabant.
2466 2366 2557 2419 Ait
2583 2383 2714 2437 ergo
2742 2368 2876 2439 legis
2906 2368 3208 2438 scriptura;
3245 2367 3420 2423 Mense

1850 2462 2090 2530 septimo,
2122 2460 2296 2529 prima
2322 2458 2516 2514 mensis
2550 2460 2652 2514 erit
2681 2460 2824 2516 vobis
2848 2462 3073 2532 requies,
3120 2462 3423 2518 memorial:

1854 2553 2138 2607 tubarum:
2163 2552 2435 2607 vocabitur
2468 2563 2659 2607 sancta
2682 2552 2823 2607 vobis
2846 2553 2912 2607 ⁸⁷.
2942 2550 3012 2607 Ut
3034 2551 3199 2623 igitur
3214 2552 3271 2607 in
3292 2568 3424 2607 neo—

1851 2646 2032 2701 menia
2065 2646 2156 2699 illa
2186 2648 2532 2719 clangebant,
2566 2646 2640 2700 ita
2657 2647 2971 2701 etiamnunc
2989 2654 3212 2701 vocatos
3242 2646 3420 2701 bucci-

1851 2752 1983 2792 nare
1999 2737 2303 2809 cupit.Erat
2314 2747 2493 2793 autem
2512 2738 2629 2793 dies
2648 2738 2736 2791 illa
2751 2736 3111 2793 solemnitatis
3122 2735 3420 2802 Tubarum,

1851 2826 1969 2884 dies
2003 2830 2334 2899 conspicua;
2366 2828 2547 2899 aitque
2579 2828 2647 2883 de
2682 2828 2772 2882 illa
2801 2827 3015 2899 Moyses
3043 2848 3055 2882 :
3090 2826 3256 2881 Omne
3295 2842 3423 2896 opus

1851 2920 2037 2974 servile
2074 2936 2177 2973 non
2216 2921 2459 2989 facietis:
2499 2920 2610 2974 dies
2664 2920 2981 2975 celebritatis
3034 2924 3134 2977 erit
3174 2924 3317 2979 vobis
3351 2926 3421 2979 ⁸⁸.

161 2569 367 2616 τοντες.
406 2556 575 2623 Λέγει
604 2556 648 2608 δ’
682 2552 774 2611 οῦν
807 2560 840 2630 ἡ
866 2560 1051 2631 γραφὴ
1070 2558 1162 2614 τοῦ
1185 2560 1349 2631 νόμου
1373 2578 1386 2591 ο
1416 2560 1525 2614 Τοῦ
1558 2562 1751 2630 μηνὸς

164 2645 269 2698 τοῦ
294 2645 580 2717 ἑϐδόμου,
603 2648 713 2718 μιᾷ
730 2651 837 2704 τοῦ
860 2652 1072 2721 μηνὸς,
1107 2652 1279 2705 ἔσται
1315 2652 1458 2721 ὑμῖν
1478 2652 1771 2707 ἀνάπαυ-“

160 2753 281 2804 σις,
308 2741 721 2808 μνημόσυνον
750 2744 1120 2814 σαλπίγγων·
1162 2745 1355 2814 κλητὴ
1397 2746 1537 2814 ἁγία
1580 2745 1751 2800 ἐσται

160 2830 323 2899 ὑμῖν.
376 2831 572 2895 Οὕτως
623 2828 714 2886 οῦν
765 2832 953 2907 ὥσπερ
1009 2835 1070 2888 ὲν
1120 2838 1467 2909 τῇνεομηνίᾳ
1509 2840 1575 2908 τῇ
1630 2838 1751 2890 τότε

157 2922 490 2988 ἑσάλπιζον,
529 2924 777 2993 βούλεται
809 2927 903 2979 καὶ
930 2924 1026 2980 νῦν
1056 2928 1182 2990 τοὺς
1212 2929 1580 2999 κεκλημένους
1619 2929 1749 2984 σαλ-

160 3012 362 3078 πίζειν.
392 3011 511 3069 Ἦν
534 3016 590 3069 δὲ
616 3017 853 3088 ήήμέρα
875 3018 1101 3089 ὲκείνηή
1125 3022 1224 3090 τῆς
1257 3020 1447 3091 ἑορτῆς
1479 3021 1586 3075 τῶν
1614 3022 1743 3075 Σαλ-

1852 3012 2196 3084 Quapropter
2227 3014 2318 3068 hic
2357 3028 2576 3083 quoque
2613 3012 2856 3067 dicitur:
2893 3012 2962 3067 In
2990 3015 3190 3085 insigni
3217 3015 3303 3071 die
3330 3033 3421 3070 so-

159 3102 384 3171 πίγγων
430 3103 672 3176 εὔσημος
701 3105 915 3177 ἡμέρα*
959 3105 1105 3173 λέγει
1151 3106 1196 3159 δ’
1238 3104 1330 3160 οὖν
1371 3109 1577 3179 Μωσῆς
1624 3111 1743 3181 περὶ

1854 3105 2144 3159 lemnitatis
2178 3114 2384 3162 vestrm.
2419 3105 2551 3161 Erat
2586 3121 2717 3177 ergo
2748 3107 2985 3177 insignis
3013 3106 3132 3162 dies
3165 3116 3220 3162 et
3250 3107 3425 3164 festus

158 3196 338 3266 αὐτῆς
358 3213 373 3226 ο
410 3194 550 3250 Πᾶν
581 3198 760 3266 ἔργον
787 3198 1118 3275 λατρευτὸν
1142 3202 1212 3253 οὐ
1238 3198 1541 3269 ποιήσετε.
1591 3200 1743 3271 Ἡμέ-

1853 3196 2004 3265 djes,
2050 3214 2157 3252 non
2199 3200 2341 3255 alius
2380 3199 2457 3254 rei
2502 3215 2667 3270 quam
2708 3200 3009 3255 tubarum:
3042 3215 3214 3271 quare
3245 3199 3429 3257 Tuba-

146 3302 231 3353 pa
253 3285 586 3355 σημασίας
610 3285 781 3339 ἔσται
802 3286 963 3356 ὑμῖν.
984 3288 1075 3341 Διὸ
1097 3290 1191 3343 καὶ
1219 3291 1450 3345 ἐνταῦθα
1470 3292 1714 3346 λέλεκται
1736 3310 1743 3324 '

1855 3305 1976 3344 rum
2009 3288 2207 3346 festum
2232 3291 2551 3346 vocabatur.
2582 3291 2718 3346 Cum
2751 3300 2935 3346 autem
2961 3297 3073 3348 tres
3104 3301 3290 3349 essent
3332 3309 3430 3350 eo-

170 3378 268 3430 Ἐν
299 3377 566 3447 εὐσήμφ
596 3377 787 3447 ἡμέρᾳ
836 3379 1049 3447 ἑορτῆς
1090 3380 1275 3450 ὑμῶν.
1318 3378 1425 3435 Ἦν
1445 3379 1538 3436 οὖν
1572 3384 1743 3456 ἡμέρα

1856 3380 1981 3436 dem
2011 3397 2198 3437 mense
2244 3382 2638 3449 solemnitates,
2684 3384 2860 3454 prima
2887 3381 3187 3449 Tubarum,
3220 3400 3341 3456 qua:
3371 3386 3429 3441 in

154 3469 415 3544 εὔσημος
479 3472 573 3524 καὶ
620 3472 780 3543 ἑορτὴ
839 3473 1051 3536 οὐδενὸς
1098 3475 1285 3546 ἑτέρου
1325 3475 1357 3547 ἢ
1400 3476 1743 3545 σαλπίγγων⁴

1858 3470 2142 3525 neomenia
2159 3470 2570 3537 celebrabatur;
2607 3470 2846 3526 secunda
2877 3469 3313 3540 Propitiationis,
3342 3471 3431 3525 do-

155 3564 317 3617 ἐνθεν
347 3564 457 3618 καὶ⁹
484 3562 805 3631 Σαλπίγγων
825 3564 985 3635 ἑορτὴ
1013 3565 1262 3635 κέκλητο.
1288 3567 1467 3639 Τριῶν
1492 3568 1549 3622 δὲ
1584 3569 1743 3622 οὺσῶι

1860 3561 2000 3615 eima
2024 3562 2112 3616 die
2133 3561 2358 3627 mensis;
2379 3561 2538 3617 tertia
2554 3558 3059 3616 Tabernaculorum
3084 3579 3099 3627 ;
3129 3562 3303 3615 solam
3319 3559 3431 3614 Tu-

151 3657 373 3727 ὲορτῶν
410 3656 564 3711 κατὰ
593 3658 687 3710 τὸν
733 3658 894 3711 αὑτὸν
932 3659 1107 3729 μῆνα’
1142 3659 1365 3731 πρώτης
1397 3661 1495 3731 μὲν
1520 3662 1619 3730 τῆς
1650 3661 1743 3714 τῶι

1858 3654 2048 3709 barum
2085 3655 2228 3710 diem
2260 3654 2460 3708 imitari
2495 3653 2741 3724 praecipit
2770 3653 2960 3708 dicens
2996 3671 3008 3705 ε
3044 3653 3329 3706 Buccinate
3375 3654 3429 3706 in

154 3748 508 3818 Σαλπίγγων
548 3750 605 3801 ὲν
655 3751 719 3819 τῇ
754 3750 1016 3820 νεομηνία
1063 3751 1521 3822 συντελουμένηςο
1566 3753 1743 3824 ἐτέρας

1860 3748 2134 3801 neomenia
2170 3746 2334 3809 tuba;
2364 3746 2511 3814 quod
2540 3744 2743 3798 clarius
2774 3743 2848 3796 ita
2880 3742 3199 3813 protulisset
3229 3761 3241 3797 :
3278 3740 3432 3798 Sicut

146 3841 209 3894 δὲ
237 3842 346 3912 τῆς
379 3841 489 3895 τοῦ
528 3841 774 3911 ’ἱλασμοῦ
808 3844 865 3896 ὲν
894 3846 959 3913 τῇ
998 3843 1200 3916 δεκάτῃ
1234 3844 1415 3916 ἡμέρᾳ
1452 3844 1542 3898 τοῦ
1591 3847 1760 3918 μηνὸς

148 3930 535 4001 γιγνομένης
574 3930 668 3982 καὶ
699 3930 888 4001 τρίτης
912 3932 1010 4001 τῆς
1042 3931 1149 3985 τῶν
1181 3932 1401 4002 Σκηνῶν
1420 3951 1434 3963 ·
1474 3934 1638 4004 μόνην
1661 3934 1759 4005 τὴν

146 4018 264 4071 τῶν
312 4018 659 4087 Σαλπίγγων
692 4020 973 4090 μιμεῖσθαι
1012 4020 1221 4075 κελεύει
1250 4024 1473 4092 φάσκων
1493 4042 1506 4054 ⁸
1538 4027 1761 4079 Σαλπι-

148 4126 310 4162 σατε
339 4110 421 4162 ὲν
469 4110 756 4177 νεομηνία
788 4108 1102 4180 σάλπιγγιο
1142 4114 1471 4185 σαφέστερον
1505 4115 1562 4169 δὲ
1591 4115 1762 4179 οὕτως

145 4200 219 4254 ἂν
253 4198 457 4254 εἶπεν.
482 4201 692 4272 ’Ὥσπερ
721 4203 778 4255 ἐν
810 4205 874 4274 τῇ
897 4206 1159 4277 νεομηνίᾳ
1182 4207 1471 4271 ὲσάλπιζόν
1509 4226 1638 4262 ποτε
1667 4228 1759 4262 πε-

149 4293 532 4364 ριτρέχοντες
558 4292 737 4347 πάντα
763 4294 924 4349 τόπον
953 4297 1033 4359 είς
1064 4297 1124 4350 τὸ
1153 4298 1395 4368 σημῆναι
1418 4300 1518 4372 τὴν
1548 4300 1761 4372 ἑορτὴν,

141 4384 243 4437 τὸν
275 4384 465 4437 αὑτὸν
499 4383 695 4454 τρόπον
729 4384 823 4437 καὶ
854 4385 1033 4454 ὑμεῖς,
1064 4381 1143 4451 οἷς
1162 4388 1191 4440 ό
1222 4386 1375 4455 λόγος
1414 4389 1761 4460 προστάττει,

144 4478 551 4530 σαλπίσατε.
587 4476 843 4531 Βούλεται
882 4477 940 4530 δὲ
974 4479 1101 4541 τοὺς
1148 4480 1394 4550 κήρυκας
1440 4480 1548 4534 τῶν
1595 4479 1743 4534 ὲθνῶπ

1864 4473 2051 4528 tuebat
2070 4513 2085 4538 ,
2108 4480 2337 4544 eratque
2364 4482 2692 4544 prateeptum
2718 4473 2773 4527 in
2798 4471 2963 4528 Israel
3010 4470 3198 4543 (Vens.
3235 4470 3290 4541 5)
3320 4472 3436 4541 lege

146 4568 230 4639 μὴ
258 4570 402 4629 ταῖς
424 4566 644 4629 λοιπαῖς
673 4566 960 4638 προσέχειν
990 4568 1305 4632 Ἰουδαῖκαῖς
1328 4571 1740 4641 παρατηρήσεσι

1863 4565 2135 4622 sancitum
2166 4564 2314 4635 quod
2362 4566 2658 4620 buccinare
2699 4571 3004 4634 oporteret,
3041 4561 3259 4632 dieique
3307 4561 3436 4616 festi

146 4661 317 4731 μόνῳ
357 4660 427 4712 δὲ
462 4660 697 4729 χρῆσθαι
745 4658 821 4728 τῷ
859 4659 1210 4731 κηρύγματι,
1245 4661 1339 4715 καὶ
1377 4662 1653 4727 σαλπίζειν
1687 4666 1743 4717 εἰ.

1866 4663 2085 4728 tempus
2114 4658 2245 4712 tuba
2275 4658 2534 4713 omnibus
2567 4657 2897 4727 signiﬁcare.
2934 4654 3049 4709 Hoc
3077 4669 3207 4710 vero
3238 4668 3438 4724 praece-

143 4750 440 4812 ἇπαντας
488 4750 807 4823 ἀνθρώπους
848 4752 939 4804 τὸν
978 4753 1241 4825 σωτήριον
1278 4752 1373 4806 καὶ
1415 4753 1743 4822 εὑαγγελικὸε

1869 4756 2022 4819 ptum
2052 4766 2119 4804 ex
2142 4748 2354 4820 judicio
2377 4789 2392 4813 ,
2438 4749 2721 4803 voluntate
2764 4755 2819 4801 et
2867 4746 3088 4801 decreto
3137 4742 3231 4799 Dei
3262 4742 3433 4800 Jacob

140 4839 351 4908 ὶόγον.
395 4838 625 4892 Τούτων
657 4838 766 4911 γὰρ
800 4839 978 4893 αὐτῶν
1017 4840 1086 4893 τὰ
1134 4840 1379 4912 σύμϐολα
1422 4844 1515 4896 καὶ
1560 4845 1743 4914 Μωσῆς

1867 4841 2149 4896 edebatur.
2199 4841 2318 4909 Ipse
2356 4856 2594 4911 namque
2627 4839 2770 4894 Deus
2790 4878 2806 4903 ,
2838 4838 2933 4909 qui
2981 4837 3188 4892 Jacobo
3215 4837 3345 4891 olim
3376 4837 3435 4891 in

137 4930 344 4985 ἐποίει
368 4970 388 4994 ,
433 4930 532 4983 καὶ
580 4925 650 5002 ἦν
689 4932 1013 5004 πρόσταγμα
1043 4932 1122 5003 τῷ
1158 4934 1372 5006 Ἰσραὴλ
1418 4935 1563 4999 ἰδίως
1606 4935 1743 4989 τοῦτ‹

1866 4933 1967 4987 viri
1985 4934 2165 5003 specie
2212 4942 2267 4987 et
2311 4932 2487 4987 forma
2531 4933 2683 4988 visus
2723 4938 2840 4996 est,
2890 4930 2981 4984 hic
3034 4937 3151 4984 erat
3177 4928 3269 5000 qui
3304 4927 3435 4982 olim

136 5022 718 5095 νενομοθετημένον,
758 5023 818 5076 τὸ
862 5023 970 5078 δεῖν
1010 5024 1325 5092 σαλπίζειν,
1384 5028 1477 5081 καὶ
1530 5027 1619 5082 διὰ
1666 5028 1743 5100 τῆ‹

1878 5025 2068 5079 isthaac
2090 5026 2349 5095 populum
2373 5024 2550 5079 facere
2561 5023 2796 5093 ﬁgurate
2821 5038 2917 5093 per
2938 5021 3173 5094 Moysen)
3187 5018 3432 5089 jubebat.

138 5113 497 5181 σάλπιγγος
532 5113 816 5183 σημαίνειν
852 5117 963 5177 τοῖς
994 5116 1128 5169 πᾶσι
1165 5117 1264 5187 τὴν
1288 5116 1383 5169 τοῦ
1419 5117 1610 5189 καιροῦ
1646 5118 1743 5188 ἑορ

1868 5115 2023 5182 Quod
2052 5125 2231 5172 autem
2252 5117 2547 5172 buccinare
2575 5115 2694 5177 hic,
2720 5116 2959 5170 clamare
2989 5120 3042 5169 et
3070 5112 3324 5167 omnibus
3346 5125 3439 5164 an-

134 5206 277 5276 τήν.
308 5202 401 5257 Τὸ
438 5199 503 5253 δὲ
541 5202 870 5273 πρόσταγμα
914 5202 1072 5257 τοῦτο
1110 5203 1251 5259 κατὰ
1304 5206 1484 5278 κρίσιν
1526 5206 1741 5275 ἐγένετο

1868 5208 2143 5273 nuntiare,
2169 5207 2458 5278 signiticet,
2482 5206 2642 5261 docet
2667 5205 2923 5259 Servator
2940 5204 3028 5259 his
3057 5203 3274 5259 verbis:
3303 5202 3436 5256 Cum

133 5297 245 5353 καὶ
279 5292 458 5351 κατὰ
492 5293 731 5365 βούλημα
753 5296 845 5349 καὶ
872 5298 1044 5367 κρῖμα
1073 5296 1165 5351 τοῦ
1190 5298 1325 5352 Θεοῦ
1360 5299 1572 5354 Ἰακώϐ.
1596 5300 1743 5353 Αὐτδ‹

1871 5299 2004 5370 facis
2040 5301 2423 5370 eleemosynam
2445 5337 2459 5362 ,
2493 5298 2603 5352 noli
2642 5296 2767 5351 tuba
2806 5313 2988 5351 canere
3020 5305 3142 5350 ante
3180 5304 3227 5349 te
3261 5294 3327 5349 ⁸⁸.

132 5391 263 5463 γὰρ
321 5387 420 5458 τῷ
470 5387 659 5442 Ἰακὼό
701 5389 887 5459 ὀφθεὶς
921 5391 1087 5444 πάλαι
1119 5390 1251 5455 Θεὸς
1288 5393 1347 5446 ἐν
1392 5393 1584 5464 ἀνδρὸς
1622 5393 1750 5447 εἴδει
1790 5395 1883 5447 καὶ
1911 5395 2172 5466 σχήματι,
2198 5387 2350 5455 οὗτος
2377 5388 2444 5463 ἦν
2471 5393 2499 5444 ὁ
2528 5390 2697 5445 ταῦτα
2721 5392 2813 5444 καὶ⁹
2850 5390 2937 5443 διὰ
2967 5390 3209 5451 Μωσέως
3246 5390 3435 5441 εἰκονι-

129 5485 269 5548 κῶς
316 5481 420 5554 τῷ
486 5481 595 5553 λαῷ
649 5484 907 5556 πράττειν
942 5482 1349 5555 διαταξάμενος.
1393 5486 1513 5539 Ὅτι
1558 5485 1614 5539 δὲ
1661 5486 1723 5538 τὸ
1762 5485 2038 5549 σαλπίζειν
2078 5486 2198 5537 ἀντὶ
2250 5484 2345 5536 τοῦ
2385 5483 2511 5555 βοᾷν
2544 5483 2637 5536 καὶ
2671 5486 2749 5546 είς
2813 5482 3021 5544 πάντας
3050 5480 3438 5548 καταγγέλλειν

126 5576 439 5632 λέλεκται
462 5613 481 5636 ,
512 5573 745 5629 διδάσκει
793 5577 823 5629 ό
871 5575 1062 5647 Σωτὴρ
1103 5575 1273 5643 λέγων
1298 5593 1311 5605 ’
1358 5578 1530 5630 Ὅταν
1567 5576 1742 5645 ποιῇς
1778 5576 2214 5645 ἐλεημοσύνην,
2246 5575 2332 5645 μὴ
2371 5578 2682 5643 σαλπίσῃς
2706 5573 3041 5644 ἔμπροσθέν
3077 5589 3213 5629 σου.

1860 3838 1992 3892 olim
2026 3837 2081 3891 in
2112 3836 2401 3891 neomenia
2421 3876 2437 3901 ,
2469 3836 2650 3889 locum
2679 3849 2895 3889 omnem
2927 3834 3432 3889 circumcursantes

1859 3925 2226 3983 buccinabant
2244 3964 2259 3990 ,
2291 3932 2352 3979 ut
2374 3924 2572 3981 festum
2600 3924 2905 3980 indicarent
2931 3942 2944 3991 ;
2976 3924 3225 3981 similiter
3251 3933 3305 3980 et
3329 3940 3429 3982 vos

1860 4019 1954 4090 qui
1994 4016 2261 4087 jubemini
2283 4056 2299 4081 ,
2346 4016 2636 4071 buccinatc.
2668 4015 2795 4069 Vult
2826 4031 3001 4086 porro.
3022 4016 3262 4087 gentium
3294 4031 3437 4087 pm

1861 4121 2059 4170 cones,
2103 4122 2213 4160 non
2246 4106 2459 4161 caeteris
2501 4104 2747 4160 Judaicis
2796 4106 3270 4162 observationibus
3315 4107 3399 4162 au’
3422 4137 3439 4149 ι

1862 4213 2011 4253 mum
2052 4198 2317 4253 adhibere
2336 4238 2352 4263 ,
2402 4197 2498 4253 sed
2526 4198 2644 4253 sola
2673 4197 3065 4266 praedicatione
3091 4198 3203 4263 uti,
3234 4204 3289 4251 et
3318 4212 3434 4251 om-

1862 4291 2024 4347 nibus
2066 4289 2380 4346 hominibus
2423 4290 2665 4345 salutare
2694 4296 2749 4343 et
2785 4290 3159 4360 evangelicum
3204 4288 3434 4345 verbum

1862 4382 2179 4437 buccinare-
2220 4380 2428 4436 Horum
2458 4396 2696 4452 namque
2747 4382 2993 4452 symbola
3035 4380 3247 4452 Moyses
3284 4381 3436 4435 insti-

209 5735 269 5768 ⁸⁸
319 5728 541 5787 Matth.
576 5748 643 5798 x,
676 5731 765 5787 27.
842 5735 885 5766 ⁸⁷
926 5734 1096 5791 Levit.
1133 5751 1299 5801 χχιιι,
1337 5734 1423 5789 24.
1502 5736 1547 5768 ⁸⁸
1587 5734 1712 5790 ch.

1850 5751 1913 5800 ιι,
1955 5735 2005 5790 7.
2080 5734 2123 5766 ⁸⁹
2165 5733 2353 5789 Μηιίιι.
2393 5751 2476 5799 \‘l,
2510 5735 2562 5788 ‘2.
