3798 6282
321 291 429 347 975
1039 285 1123 340 ΕΙ]
1134 285 1302 342 ΞΕΒΙΙ
1343 283 1818 340 (ΖᾹΞΞΑΒΙΕΝΞΙΒ

2053 283 2233 339 ΡΜὶὸ
2275 283 2359 338 Ill.
2400 316 2469 326 —
2508 282 2916 338 EXEGETICA.
3457 284 3553 338 976

396 405 560 461 Vens.
597 404 651 460 6.
712 402 1088 457 Testimonium
1143 405 1197 456 in
1249 401 1443 471 Ioseph
1488 401 1662 472 posuit
1716 399 1892 464 illud,

2069 401 2402 469 Μαρτύριον
2438 399 2508 451 ἐν
2550 397 2632 463 τῷ
2687 397 2898 466 Ἰωσὴφ
2948 398 3116 450 ἔθετο
3171 396 3343 460 αὐτὸ,
3377 397 3447 450 ἐν
3489 397 3563 462 τῷ

325 515 442 552 cum
483 499 645 551 exiret
699 495 761 549 de
811 506 954 549 terra
1002 494 1254 565 Egypti,
1309 494 1540 564 linguam
1584 507 1742 562 quam
1791 507 1822 543 η

2065 492 2263 546 8.10.971-
2298 493 2487 545 αὐτὸν
2515 492 2585 544 ἐκ
2622 489 2734 560 γῆς
2775 490 3117 558 Αἰγύπτου,
3166 487 3460 557 γλῶσσαν
3491 487 3565 554 ἢν

325 598 540 643 noverat
582 587 803 642 audivit.
842 585 1203 643 Memoratum
1239 585 1308 641 de
1337 586 1487 640 tubis
1521 588 1825 654 praeceptum

2069 602 2103 638 κ
2134 587 2285 654 ἐτνω
2331 584 2578 651 ἤκουσε.
2618 583 2692 635 Τὸ
2725 580 3017 652 προλεχθὲν
3067 579 3197 651 περὶ
3253 578 3567 646 σαλπίγγων

327 680 738 744 testimonium,
803 679 1022 749 inquit,
1074 678 1259 749 posuit
1305 677 1359 732 in
1408 675 1630 746 Joseph.
1687 673 1826 729 Secu

2063 676 2323 746 ιόσταγμα
2362 675 2680 747 μαρτύριον,
2719 674 2904 744 φησιν,
2935 671 3087 725 ἔθετο
3127 672 3185 724 ὲν
3225 671 3306 742 τῷ
3349 672 3563 741 Ἰωσήφ·

328 773 455 825 dum
493 770 878 842 Symmachum
907 786 1067 826 vero:
1111 769 1554 838 Testi/icationem
1583 783 1674 837 per
1701 765 1828 835 lose

2070 772 2135 824 τὰ
2164 772 2218 824 δὲ
2240 771 2331 824 τὸν
2347 773 2640 842 Σύμμαχον
2660 812 2674 834 ,
2715 768 3061 837 Μαρτυρίαν
3089 766 3185 819 διὰ
3209 767 3316 820 τοῦ
3349 765 3570 833 Ἰωσὴφ

329 864 502 932 posuit
549 862 728 916 illud:
773 863 1151 918 testimonium
1195 876 1327 916 vero
1369 860 1526 931 quasi
1567 859 1826 915 testiﬁcat

2070 864 2211 929 αξεν
2235 867 2412 919 αὑτόο
2445 866 2505 918 τὸ
2537 863 2593 916 δὲ
2628 861 2926 934 μαρτύριον
2967 859 3156 930 ὥσπερ
3199 857 3570 929 διαμαρτυρό-

328 952 531 1006 dabat:
563 960 791 1022 eratque
819 953 952 1006 illud
1002 952 1220 1022 signum
1264 951 1490 1005 alterius
1531 950 1630 1003 rei.
1668 949 1828 1019 Aliqu

2075 974 2162 1020 νος
2200 956 2392 1010 ἐδίδουο
2425 958 2517 1009 καὶ
2553 952 2622 1027 ἦν
2652 945 2810 1007 τοῦτο
2841 956 3062 1026 σημεῖον
3085 953 3269 1024 ἐτέρου
3309 954 3572 1025 πράγμα-

327 1047 471 1100 enim
524 1045 685 1100 tubas
737 1044 1153 1106 subindicabat,
1210 1058 1439 1113 quarum
1488 1043 1719 1096 ollicium
1769 1059 1827 1097 cu

2079 1065 2119 1108 :°
2165 1048 2414 1118 ᾐνίττετο
2448 1048 2554 1118 γὰρ
2607 1048 2736 1119 περί
2781 1065 2941 1100 τινων
2997 1043 3344 1112 σαλπίγγων,
3387 1037 3463 1096 ὦν
3512 1043 3579 1095 ἐκ

328 1136 558 1208 apostoli
619 1135 924 1191 Servatoris
980 1135 1189 1199 nostri,
1243 1142 1357 1188 tum
1403 1135 1698 1204 evangelici
1745 1151 1828 1187 vel

2079 1157 2200 1211 ρους
2236 1140 2331 1210 μὲν
2357 1141 2405 1192 οἱ
2443 1140 2731 1193 ἀπόστολοι
2771 1139 2864 1191 τοῦ
2906 1137 3160 1208 Σωτῆρος
3186 1136 3363 1206 ἡμῶν,
3397 1134 3497 1188 καὶ
3527 1133 3579 1186 οἱ

327 1241 607 1298 praecones
654 1227 853 1296 partim
904 1225 1228 1294 explebant,
1280 1240 1380 1295 per
1430 1239 1646 1279 omnem
1692 1231 1827 1280 terra

2079 1233 2088 1282 ὀ
2117 1230 2472 1300 εὐαγγελικοῦ
2496 1231 2655 1300 λόγου
2676 1232 2916 1302 κήρυκες
2938 1229 3285 1299 ἀπεπλήρουν
3312 1227 3382 1280 τὰ
3410 1226 3579 1298 ἔργα,

325 1319 684 1390 clangentes,
742 1317 1107 1386 omnibusque
1163 1317 1421 1388 gentibus
1482 1316 1740 1373 salutaris
1801 1315 1825 1368 Ι

2128 1324 2308 1377 πᾶσαν
2339 1322 2438 1394 τὴν
2484 1323 2589 1393 γῆν
2642 1321 3012 1386 σαλπίζοντες,
3048 1321 3141 1373 ual.
3181 1321 3342 1373 πᾶσιν
3394 1319 3583 1370 ἔθνεσι

328 1409 596 1464 adventus
657 1408 856 1464 festum
916 1409 1301 1478 praadicantes.
1363 1408 1710 1463 Arcanorum
1767 1423 1828 1463 ve

2082 1413 2356 1485 ρύττοντες
2403 1413 2501 1485 τὴν
2538 1413 2638 1484 τῆς
2691 1413 2958 1484 σωτηρίου
3000 1411 3312 1480 θεοφανείας
3343 1411 3582 1481 ’ἐορτήιη

327 1501 858 1556 consummationem
906 1515 1004 1569 per
1053 1499 1278 1570 angelos
1330 1497 1566 1553 futuram
1611 1499 1827 1568 docetq

2106 1503 2160 1556 δὲ
2188 1502 2604 1574 ἀποτελέσματα
2627 1501 2737 1554 τῶν
2760 1500 3212 1574 ἁπορρητοτέρων
3235 1499 3299 1552 δι’
3323 1497 3586 1567 ἀγγέλων

327 1591 444 1644 ait:
479 1589 625 1644 Tuba
658 1600 810 1643 canet
839 1591 1014 1654 enim,
1056 1600 1106 1644 et
1143 1591 1340 1644 mortui
1378 1591 1432 1643 in
1471 1589 1681 1646 Christo
1720 1607 1827 1644 rest

2085 1597 2217 1650 ,σθαι
2251 1595 2490 1649 διδάσκει
2542 1597 2570 1648 ὁ
2621 1593 2833 1646 εἰπών’
2878 1593 3172 1647 Σαλπίσει
3202 1589 3328 1660 γὰρ,
3378 1592 3488 1645 καὶ
3531 1591 3585 1642 al

325 1689 447 1752 gent
496 1680 655 1750 primi
697 1680 744 1711 ’°
780 1697 796 1746 ;
852 1696 916 1736 ac
960 1696 1178 1735 rursum
1211 1699 1223 1734 :
1256 1680 1324 1734 In
1365 1690 1658 1746 momento,
1696 1682 1749 1734 in
1790 1682 1825 1734 it

2083 1690 2194 1758 epol
2208 1688 2276 1742 ἑν
2293 1683 2520 1757 Χριστῷ
2535 1684 2959 1757 ἐγερθήσονται
2993 1683 3206 1753 πρῶτοι
3226 1700 3239 1713 ·
3257 1681 3350 1736 καὶ
3366 1680 3548 1734 πάλιν
3569 1697 3583 1709 ο

327 1749 505 1833 oculi,
529 1771 584 1824 in
612 1771 899 1825 novissima
933 1771 1059 1823 tuba
1083 1771 1124 1802 "
1155 1787 1170 1836 ;
1207 1770 1546 1840 iterumque:
1567 1769 1686 1839 Ipse
1716 1769 1827 1824 Don

2091 1749 2117 1816 ἱ
2138 1749 2354 1849 ἀτόμῳ,
2383 1780 2451 1832 ἐν
2459 1749 2610 1847 ριπῇ
2627 1749 2960 1846 οφθαλμοῦ,
2981 1749 3051 1828 ἐν
3073 1773 3148 1841 τῇ
3169 1771 3393 1842 ἐσχάτῃ
3419 1770 3591 1826 σάλ-

325 1881 424 1919 nus
455 1863 509 1918 in
538 1863 696 1933 jussu
725 1872 774 1918 et
809 1865 863 1917 in
894 1879 1011 1917 voce
1053 1863 1393 1933 archangeli,
1440 1871 1489 1917 et
1537 1863 1593 1916 in
1634 1863 1760 1916 tuba
1801 1862 1825 1916 1

2089 1891 2156 1943 Mr:
2178 1889 2191 1902 ·
2213 1872 2306 1924 καὶ
2323 1869 2483 1924 πάλιν
2502 1887 2514 1899 ·
2533 1869 2723 1934 Αὐτὸς
2743 1871 2776 1922 ὁ
2789 1869 3002 1935 Κύριος
3017 1865 3087 1918 ἐν
3101 1867 3459 1933 κελεύσματι
3482 1860 3589 1917 καί

328 1955 608 2015 descendet
641 1957 709 2010 ⁹².
759 1954 855 2010 His
899 1969 1064 2026 porro
1113 1952 1373 2010 Servator
1418 1954 1722 2024 discipulos
1769 1969 1828 2008 su

2091 1961 2254 2032 φωνῇ
2270 1960 2646 2032 ἀρχαγγέλου
2663 1960 2762 2013 καὶ
2774 1960 2841 2012 ἐν
2855 1958 3144 2028 σάλπιγγι
3161 1958 3301 2012 Θεοῦ
3318 1956 3564 2023 κατειϐπὶ
3580 1987 3591 1997 -

330 2045 788 2103 initiabatdicens
809 2067 822 2103 :
846 2045 912 2101 Et
939 2046 1186 2101 videbunt
1217 2045 1418 2100 Filium
1447 2046 1672 2101 hominis
1700 2048 1830 2101 venit

2095 2072 2189 2107 rae.
2215 2052 2401 2106 Ταῦτα
2417 2051 2473 2104 δὲ
2497 2052 2590 2104 καὶ
2613 2056 2640 2103 ὸ
2668 2049 2856 2120 Σωτὴρ
2877 2047 3250 2120 ὲμυσταγὼγει
3265 2048 3386 2110 τοὺς
3401 2047 3595 2102 αὐτοῦ

329 2149 432 2194 tem
463 2141 516 2194 in
552 2139 778 2193 nubibus
814 2140 930 2193 coeli
962 2157 1076 2193 cum
1112 2147 1369 2209 potestate
1395 2149 1443 2192 et
1475 2139 1753 2209 majestate
1781 2156 1829 2194 nt

2095 2145 2268 2218 ὶητὰς,
2313 2144 2523 2212 λέγων’
2570 2142 2679 2195 Καὶ
2720 2141 2972 2210 ὄψονται
2998 2141 3106 2193 τὸν
3162 2139 3294 2193 flor
3317 2139 3424 2194 τοῦ
3478 2141 3595 2194 ἀν-

327 2247 452 2304 gna.
503 2230 572 2286 Et
613 2235 782 2286 mittet
829 2233 1040 2304 angelos
1091 2250 1216 2287 suos
1267 2249 1386 2286 cum
1421 2232 1548 2285 tuba
1582 2249 1809 2303 magna,

2092 2235 2236 2288 ὓπου
2259 2233 2587 2303 ἐρχόμενον
2610 2232 2707 2285 ἐπὶ
2735 2231 2852 2284 τῶν
2878 2229 3150 2299 νεφελῶν
3173 2229 3273 2282 τοῦ
3303 2229 3592 2296 οὐραγοῦ

329 2324 716 2395 congregabunt
745 2323 936 2378 electos
965 2323 1079 2394 ejus
1108 2339 1172 2378 ex
1202 2334 1431 2394 quatuor
1463 2324 1658 2386 ventis,
1692 2340 1725 2376 a
1760 2339 1829 2377 su

2101 2327 2146 2379 ’ὰ
2168 2324 2475 2394 δυνάμεως
2512 2323 2609 2376 καὶ
2636 2321 2821 2387 δόξης
2841 2319 3103 2389 πολλῆς.
3124 2321 3229 2374 Kal
3249 2321 3601 2374 ἀποστελεῖ

332 2417 434 2470 mis
479 2417 728 2470 caelorum
772 2433 934 2488 usque
983 2417 1052 2471 ad
1097 2427 1388 2471 extremum
1436 2431 1615 2470 eorum
1665 2415 1732 2468 ".
1795 2414 1832 2469 S

2097 2436 2142 2482 νς
2179 2414 2473 2484 ἀγγέλους
2511 2412 2697 2466 αὐτοῦ
2727 2411 2877 2481 μετὰ
2917 2411 3249 2481 σάλπιγγος
3277 2411 3597 2480 μεγάλης,

338 2515 680 2563 mortuorum
724 2508 944 2578 quidem
994 2508 1361 2572 resurrectio,
1419 2523 1517 2578 per
1562 2507 1838 2578 evangelic

2139 2504 2579 2569 ἐπισυνάξουσι
2611 2503 2755 2570 τοὺς
2786 2503 3110 2570 ἐκλεκτοὺς
3137 2503 3316 2559 αὐτοῦ
3348 2502 3415 2555 ἐκ
3461 2503 3600 2556 τῶν

334 2598 497 2654 tubas
530 2601 924 2656 annuntiantes
969 2599 1261 2656 adventum
1294 2599 1448 2671 regni
1478 2597 1599 2654 Filii
1651 2599 1767 2667 Dei,
1799 2615 1834 2654 e‘

2099 2598 2316 2667 ’σάρων
2339 2596 2592 2666 ἀνέμων,
2613 2596 2715 2650 ἀπ’
2739 2595 2938 2664 ἄκρων
2961 2594 3231 2664 οὐρανῶν
3253 2595 3362 2662 ἕως
3382 2595 3599 2666 ἀκρον

335 2688 512 2744 cietur
540 2707 555 2744 :
591 2690 822 2760 apostoli
851 2699 1032 2745 autem
1059 2691 1172 2760 jam
1207 2692 1262 2745 in
1292 2691 1470 2761 primo
1502 2690 1739 2747 adventu
1785 2689 1832 2760 ej

2098 2689 2221 2743 τῶν.
2264 2687 2401 2740 Ἀλλ’
2444 2689 2478 2758 ἡ
2530 2687 2628 2758 μὲν
2679 2686 2790 2740 τῶν
2834 2686 3042 2759 νεκρῶν
3083 2687 3373 2750 ἀνάστασις
3419 2687 3598 2743 ἔσται

331 2782 513 2848 tubis,
545 2782 760 2854 magnis
804 2783 1015 2838 scilicet
1064 2781 1306 2854 Spiritus
1347 2783 1524 2839 sancti
1565 2783 1830 2839 vociferat

2099 2783 2135 2837 τὲ
2174 2781 2263 2836 διὰ
2301 2780 2618 2850 σαλπίγγων
2662 2778 3034 2849 εὐαγγελικιῖω
3081 2777 3599 2848 εὐαγγελιζομένων

332 2875 498 2931 nibus
529 2883 747 2932 utentes
775 2915 790 2940 ,
838 2885 1110 2947 quotquot
1154 2876 1282 2930 olim
1323 2874 1624 2931 secundum
1668 2875 1832 2930 anim:

2099 2893 2102 2915 ι
2131 2874 2316 2944 ἄφιξιν
2349 2873 2449 2944 τῆς
2480 2870 2759 2944 βασιλείας
2796 2869 2890 2923 τοῦ
2919 2869 3050 2924 Υἱοῦ
3079 2868 3174 2923 τοῦ
3205 2869 3337 2923 Θεοῦ
3357 2887 3371 2900 ο
3400 2870 3517 2925 καὶ
3547 2873 3599 2924 οἱ

342 2966 541 3019 mortui
573 2975 764 3030 erant,
797 2966 864 3020 ad
889 2967 1053 3021 vitam
1076 2982 1196 3037 qua-
1227 2967 1280 3020 in
1310 2967 1420 3022 Deo
1439 2975 1524 3022 est
1553 2981 1842 3022 revocarur

2099 2965 2294 3020 5στολοι
2325 2965 2383 3018 δὲ
2413 2963 2664 3018 ἐντεῦθεν
2704 2963 2803 3034 ἢδη
2848 2962 2989 3016 κατὰ
3027 2962 3124 3033 τὴν
3161 2960 3379 3034 πρώτην
3406 2962 3599 3016 αὑτοῦ

333 3053 576 3125 Quocum
610 3055 856 3126 symbols
888 3056 1112 3111 tradens
1138 3055 1370 3127 Moyses,
1402 3055 1680 3111 Tubarum
1707 3056 1833 3112 festi

2100 3056 2313 3128 ρουσίαν
2339 3051 2592 3123 σάλπιγξι
2626 3051 2918 3124 χρώμενοι,
2944 3054 3065 3116 ταὲς
3094 3052 3189 3105 τοῦ
3213 3053 3368 3121 ἁγίου
3407 3053 3600 3106 Πνεῦ-

333 3145 452 3215 lege
490 3146 745 3200 sancivit.
775 3145 1120 3216 Quapropter
1149 3146 1353 3201 dicitur
1382 3166 1396 3202 :
1434 3147 1816 3202 Testimonium

2097 3165 2179 3213 τος
2227 3146 2656 3218 μεγαλοφωνίαις
2696 3146 2903 3210 πάντας
2933 3145 3287 3200 ἀνεκαλοῦντο
3315 3147 3454 3208 τοὺς
3485 3147 3597 3216 ψυ-

332 3235 524 3306 Joseph
545 3238 720 3304 posuit
741 3237 900 3293 illud.
924 3237 1213 3304 Quodnam
1237 3239 1371 3292 illud
1397 3249 1724 3310 praeceptum
1751 3254 1832 3295 era

2099 3259 2102 3299 ς
2152 3239 2588 3312 νενεκρωμένους
2629 3240 2720 3292 ἐπὶ
2776 3237 2876 3310 τὴν
2919 3239 2977 3292 ὲν
3018 3237 3138 3309 Θεῷ
3173 3239 3348 3310 ζωήν⁸
3380 3232 3463 3291 ὧν
3530 3239 3599 3291 τὰ

334 3326 403 3383 de
433 3327 582 3382 tubis
611 3327 866 3382 scilicet:
901 3329 970 3382 ab
1013 3343 1122 3384 una
1153 3338 1337 3384 autem
1375 3330 1522 3385 tribu
1569 3328 1778 3401 Ioseph
1820 3340 1834 3384 t

2101 3330 2250 3385 ιὸολα
2291 3330 2498 3401 Μωσῆς
2531 3329 2894 3403 παραδιδοὺς,
2944 3328 3045 3399 τὴν
3093 3328 3220 3400 περὶ
3265 3327 3601 3397 σαλπίγγων

335 3427 446 3474 tam
479 3426 696 3490 gentem
724 3419 1010 3474 indicavit.
1038 3419 1151 3474 Cur
1175 3427 1354 3476 autem
1383 3421 1436 3475 in
1466 3422 1551 3476 bis
1581 3431 1752 3476 totam
1779 3438 1835 3493 ge

2099 3423 2308 3494 μοθέτει
2339 3423 2554 3494 ἑορτήν.
2587 3421 2679 3474 Διὸ
2709 3419 2994 3473 λέλεκται·
3031 3419 3366 3488 Μαρτύριον
3402 3419 3488 3471 ἐν
3517 3419 3599 3484 τῷ

336 3517 444 3565 tem
467 3507 670 3580 Ioseph
699 3509 952 3565 vocavit?
976 3510 1114 3576 Quia
1136 3509 1361 3582 Iosephi
1392 3513 1684 3568 occasione
1713 3529 1836 3568 omn

2097 3515 2231 3585 ισὴςο
2257 3517 2420 3570 ἔθετο
2454 3515 2621 3569 αὐτό.
2649 3512 2715 3567 Τί
2739 3513 2796 3566 δὲ
2838 3512 2970 3566 αὐτὸ
3011 3507 3079 3583 ἦν
3124 3512 3185 3565 τὸ
3217 3512 3597 3582 πρόσταγμας

337 3603 391 3657 in
419 3601 713 3674 IEgyptum
740 3601 1165 3658 descenderunt.
1200 3603 1563 3670 Quandonam
1593 3621 1725 3660 vero
1757 3613 1837 3660 tes

2095 3609 2226 3679 περὶ
2250 3606 2359 3661 τῶν
2387 3606 2700 3675 σαλπίγγων
2723 3621 2736 3634 ·
2769 3605 2876 3658 ἀπὸ
2905 3606 3034 3675 μιᾶς
3067 3603 3125 3656 δὲ
3156 3603 3325 3673 φυλῆς
3361 3603 3472 3672 τῆς
3500 3602 3593 3656 τοῦ

338 3695 580 3749 monium
602 3735 617 3761 ,
659 3695 910 3751 videlicet
957 3696 1210 3751 tubarum
1246 3697 1417 3768 legem
1448 3697 1650 3767 populo
1681 3697 1837 3768 posui

2100 3702 2213 3774 σὴςρ
2243 3702 2307 3756 τὸ
2335 3703 2442 3754 πᾶν
2479 3700 2668 3771 ἐδήλου
2692 3697 2860 3761 ἔθνος.
2895 3696 2996 3751 Διὰ
3019 3695 3074 3750 τί
3103 3696 3162 3750 δὲ
3188 3697 3245 3749 ὲν
3271 3695 3498 3759 τούτοις
3537 3696 3600 3749 τὸ

336 3787 445 3842 nisi
493 3803 603 3859 quo
647 3795 892 3859 tempore
930 3788 1120 3846 eduxit
1161 3804 1286 3844 eum
1327 3789 1396 3844 de
1443 3796 1588 3844 terra
1640 3789 1836 3862 Egypt

2098 3795 2290 3860 vEOVOc
2330 3793 2528 3866 Ἰωσὴφ
2563 3794 2883 3865 ὡνόμασεν;
2942 3789 3264 3862 Ἐπειδήπερ
3305 3791 3598 3860 προφάσει

338 3880 559 3950 quando
592 3880 829 3952 linguam
865 3896 1025 3952 quam
1071 3895 1184 3935 non
1212 3888 1440 3936 noverat
1482 3880 1733 3937 audivit?
1770 3881 1838 3936 Cu

2096 3913 2099 3932 ι
2139 3886 2336 3958 Ἰωσὴφ
2373 3887 2425 3938 οἱ
2447 3885 2646 3949 πάντες
2684 3882 3141 3954 κατεληλύθεισαν
3170 3883 3248 3944 είς
3280 3881 3596 3950 Αἴγυπτον.

337 3971 484 4028 enim
512 3972 566 4025 in
587 3972 807 4028 deserto
830 3981 1203 4037 versarentur,
1228 3987 1362 4027 voce
1390 3971 1484 4027 llei
1511 3972 1718 4044 dignati
1743 3989 1837 4029 sun

2099 3995 2146 4032 τε
2173 3977 2230 4030 δὲ
2264 3975 2560 4048 μαρτύριον
2591 3975 2682 4028 τὸν
2722 3974 2852 4046 περὶ
2896 3971 3208 4041 σαλπίγγων
3239 3971 3403 4041 νόμον
3429 3971 3599 4025 ἔθετο

339 4063 768 4136 quiDecalogum
800 4066 1043 4135 ipsorum
1072 4066 1295 4120 auribus
1323 4071 1608 4136 exceptum
1629 4107 1643 4128 ,
1679 4080 1836 4120 serva

2111 4068 2246 4140 λαῷ,
2273 4068 2306 4138 ἢ
2335 4067 2456 4121 κατ’
2482 4067 2688 4120 ἐκεῖνον
2721 4065 2812 4119 τὸν
2836 4065 3046 4136 χρόνον,
3081 4063 3203 4117 καθ’
3222 4062 3280 4115 ὃν
3311 4063 3599 4133 ἐξήγαγεν

339 4154 470 4209 dum
503 4153 748 4208 tradidit.
781 4152 1051 4225 Tempore
1091 4163 1274 4208 autem
1321 4155 1415 4208 illo
1463 4153 1532 4209 ab
1583 4153 1838 4226 Egyptia

2096 4161 2203 4223 τοὺς
2244 4160 2307 4212 ἐκ
2345 4158 2447 4228 γῆς
2473 4156 2774 4225 Αἰγύπτου,
2807 4155 3043 4227 ὁπηνίκα
3067 4153 3316 4222 γλῶσσαν
3365 4152 3441 4224 ἦν
3489 4153 3596 4205 οὐκ

341 4248 607 4304 servitute
649 4256 704 4302 et
749 4247 1058 4302 calamitate
1095 4247 1313 4300 liberati
1356 4254 1506 4303 sunt.
1537 4247 1841 4313 Quamobre

2094 4269 2147 4304 ιω
2175 4251 2446 4322 ἧκουσεν;
2482 4249 2603 4302 Ἐπὶ
2647 4248 2748 4318 τῆς
2779 4248 2987 4319 ἐρήμου
3032 4245 3142 4316 γὰρ
3179 4244 3594 4315 διατρίϐοντες.

338 4339 547 4395 dictum
577 4347 691 4393 est:
714 4365 782 4376 ——
800 4335 987 4409 (Vens.
1004 4338 1084 4409 7.)
1098 4337 1321 4392 Divertit
1337 4338 1401 4392 ab
1428 4339 1667 4394 oneribus
1692 4339 1838 4394 dorsi

2097 4343 2194 4413 νῆς
2243 4340 2378 4395 Θεοῦ
2424 4339 2870 4411 κατηξιώθησαν,
2916 4337 3015 4410 τὴν
3057 4337 3359 4406 Δεκάλογον
3405 4338 3595 4400 αὐτοῖς

337 4431 484 4500 ejus,
515 4448 705 4485 manus
739 4431 852 4502 ejus
891 4431 945 4483 in
977 4429 1198 4499 cophino
1236 4431 1569 4498 servierunt;
1605 4432 1837 4487 secundo

2096 4434 2334 4485 iuouacov
2359 4429 2796 4499 διαταττομένου.
2825 4427 2959 4480 Κατ’
2982 4429 3158 4480 ἐκεῖνο
3185 4425 3241 4478 δὲ
3266 4425 3467 4497 καιροῦ
3495 4426 3596 4478 καὶ

343 4522 734 4596 Symmachum
765 4538 934 4578 vero:
967 4522 1317 4577 Abstulerunt
1349 4523 1414 4576 ab
1443 4540 1597 4578 onere
1633 4522 1843 4577 humeru

2092 4538 2106 4584 ;
2148 4521 2277 4591 παρ’
2319 4519 2638 4588 Αἰγυπτίοις
2677 4517 2920 4581 δουλείας
2959 4533 3020 4569 τε
3069 4517 3164 4570 καὶ
3212 4513 3592 4577 κακοπαθείας

337 4615 453 4684 ejus
478 4629 498 4668 :
519 4631 706 4668 manus
735 4613 847 4678 eius
879 4630 910 4666 a
938 4611 1156 4682 cophino
1183 4612 1417 4666 liberata:
1445 4621 1588 4667 sunt.
1619 4611 1754 4666 Nam
1783 4627 1837 4666 Ct

2096 4612 2413 4684 :ullspoﬁwo.
2430 4613 2519 4664 Διὸ
2539 4609 2808 4666 λέλεκταιο
2839 4610 3203 4677 Ἀπέστησεν
3216 4610 3335 4664 ἀπὸ
3352 4610 3596 4678 item

340 4703 616 4760 Pharaoni
657 4705 961 4768 servirent,
995 4719 1058 4757 ac
1083 4705 1197 4758 luto
1229 4704 1601 4774 lateribusque
1638 4702 1840 4775 astring

2094 4723 2118 4753 ν·
2142 4703 2336 4758 νῶτον
2364 4701 2574 4757 αὐτοῦ·
2615 4705 2674 4756 al
2699 4702 2893 4772 χεῖρες
2922 4701 3108 4756 αὐτοῦ
3151 4702 3220 4754 ἐν
3243 4699 3324 4766 τῷ
3359 4703 3594 4771 κορίνῳ

341 4802 552 4862 rentur,
578 4794 825 4850 civitates
849 4793 953 4864 ipsi
974 4793 1330 4858 mdiﬁcantes,
1352 4800 1484 4848 tunc
1507 4807 1642 4849 sane
1661 4793 1841 4864 cophir

2093 4797 2384 4850 νύλευσαν
2404 4812 2417 4826 ·
2438 4793 2579 4848 κατὰ
2597 4793 2654 4846 δὲ
2681 4793 2773 4848 τὸν
2799 4792 3092 4864 Σύμμαχον
3110 4809 3130 4822 ο
3151 4791 3445 4860 Παρεῖλον
3462 4790 3593 4846 ἀπὸ

344 4904 576 4952 manus,
607 4887 870 4942 oneribus
901 4886 1118 4940 humeri
1146 4883 1608 4955 defatigabantur.
1643 4883 1844 4940 Caeteru

2092 4885 2366 4955 ιστατμοῦ
2392 4885 2499 4938 τὸν
2535 4878 2696 4954 ὦμον
2725 4883 3016 4948 αὐτοῦ,⁷αὶ
3036 4882 3225 4952 χεῖρες
3265 4882 3450 4935 αὑτοῦ
3483 4899 3592 4934 κο-

342 4981 657 5036 visitatione
700 4978 795 5034 Dei
835 4977 1195 5038 adveniente,
1246 4975 1403 5030 liberi
1443 4991 1685 5031 evasere.
1732 4975 1842 5041 Qua

2089 4995 2196 5030 νου
2220 4975 2819 5045 ἁπηλλάγησαν.”οτε
2839 4972 2948 5046 γὰρ
2971 4974 3247 5028 ἐδούλευον
3270 4973 3349 5044 τῷ
3363 4972 3589 5044 Φαραὼ,

344 5073 463 5129 ait:
506 5071 733 5126 Divertit
776 5069 840 5123 ab
886 5069 1131 5122 oneribus
1160 5066 1381 5120 dorsum
1411 5065 1548 5135 ejus.
1598 5064 1734 5131 Quis
1784 5080 1844 5120 ve

2091 5064 2174 5137 ιλῷ
2198 5083 2257 5118 τε
2294 5066 2388 5119 καὶ
2428 5065 2674 5136 πλινθείᾳ
2705 5063 3142 5135 κατειργάζοντο,
3180 5061 3591 5132 οἰκοδομοῦντες

344 5165 603 5230 divertit,
647 5163 751 5219 nisi
790 5162 883 5232 qui
925 5160 1177 5215 liberavit
1229 5174 1324 5215 eos
1362 5156 1509 5214 Deus
1533 5158 1560 5212 ‘l
1609 5157 1707 5213 llis
1743 5172 1844 5227 por

2090 5153 2164 5225 τῷ
2193 5155 2292 5217 τὰς
2323 5153 2524 5218 πόλεις,
2546 5153 2606 5206 τὸ
2626 5153 2926 5225 τηνικαῦτα
2951 5153 3188 5221 κοφίνοις
3219 5153 3316 5223 μὲν
3350 5153 3443 5214 τὰς
3465 5154 3590 5220 χεῖ-

346 5257 601 5328 dignatus
643 5271 740 5310 eos
774 5262 890 5318 est,
944 5252 1073 5322 quia
1117 5252 1171 5305 in
1213 5249 1565 5305 tribulatione
1607 5249 1783 5319 ipsum
1837 5247 1846 5299 i

2089 5263 2139 5309 ς,
2170 5244 2514 5316 βαστάγμασι
2547 5245 2603 5298 δὲ
2633 5245 2758 5308 τοὺς
2789 5244 2971 5315 ὤμους
3000 5241 3410 5298 κατεπονοῦντο.
3430 5241 3589 5309 Πλὴν

344 5349 632 5403 vocabant.
695 5343 848 5412 Quod
896 5345 1062 5399 etiam
1111 5341 1313 5412 Moysis
1345 5340 1629 5411 Scriptura
1674 5338 1844 5394 declat

2089 5337 2153 5391 λὰ
2183 5337 2388 5389 τούτων
2413 5337 2664 5390 ἁπάντων
2686 5335 2956 5407 ἐλεύθεροι
2983 5337 3319 5407 κατέστησαν
3345 5334 3437 5402 τῆς
3459 5333 3589 5384 ἐπι-

347 5438 537 5494 dicens
574 5456 588 5492 :
624 5436 692 5490 Et
749 5437 1109 5506 ingemuerunt
1173 5432 1276 5502 ﬁlii
1336 5429 1533 5496 Israel,
1599 5439 1648 5485 et
1710 5429 1847 5484 clam

2091 5429 2228 5498 οπῆς
2269 5429 2452 5491 αὐτοῖς
2484 5427 2800 5498 γενομένης.
2843 5428 2934 5480 Διό
2967 5444 3159 5497 φησιν·
3222 5425 3588 5489 Ἀπέστησεν

347 5539 529 5583 nerunt
563 5529 630 5581 ad
656 5526 975 5592 Dominum,
1009 5535 1060 5580 et
1099 5523 1333 5580 ascendit
1372 5523 1578 5577 clamor
1617 5537 1799 5577 eorum
1843 5552 1847 5571 ι

2082 5520 2136 5573 τὸ
2177 5519 2410 5588 ἂρσεων
2432 5519 2538 5574 τὸν
2569 5519 2761 5574 νῶτον
2796 5520 3004 5574 αὐτοῦ.
3039 5521 3138 5584 Τίς
3166 5519 3223 5574 δὲ
3257 5517 3582 5585 ἀπέστησα,

419 5706 466 5738 ⁸ο
504 5703 524 5756 l
556 5700 749 5760 Thess.
786 5721 860 5771 tv,
897 5704 987 5760 15.
1062 5705 1107 5738 ⁸⁸
1146 5703 1325 5760 lCor.
1358 5719 1448 5769 xv,
1484 5703 1572 5760 52.
1647 5704 1694 5737 θ’
1731 5701 1751 5756 l
1787 5701 1919 5758 Thes

1387 5721 1448 5769 ιν,
1484 5703 1572 5760 52.
1647 5704 1694 5737 υ
1731 5701 1751 5756 ι
1787 5701 1981 5758 Thess.
2021 5717 2094 5765 ιν,
2128 5699 2214 5754 is.
2289 5701 2336 5733 οι
2375 5698 2544 5754 Matth
2602 5680 2753 5765 xxiv,
2786 5699 2887 5770 δυ,

3796 3297 3798 3374 1

3795 3951 3798 4084 l

3796 3297 3798 3374 l
