3798 6282
201 355 293 410 977
1296 357 1803 414 COMMENTARIA
1846 360 1910 415 IN
1948 360 2286 419 PSALMOS.

3312 369 3414 437 973

193 468 295 524 ἀλλ’
317 468 347 538 ἢ
372 467 399 519 ὁ
427 466 792 539 ἐλευθερώσας
814 471 1012 535 αὐτοὺς
1040 473 1201 539 Θεὸς;
1229 476 1443 531 Τούτων
1467 477 1525 531 δὲ
1552 479 1713 534 αὐτοὺ

1848 481 2016 535 Deum
2046 482 2111 538 ".
2157 483 2368 549 Quibus
2416 485 2617 540 accinit
2659 486 2762 541 hoc
2805 487 3009 542 dictum
3049 487 3129 543 sic
3158 487 3410 543 habens:

192 558 347 626 ἠξίου,
385 559 675 631 ἐπειδήπερ
703 563 763 614 ὲν
804 561 978 632 Θλίψει
1021 565 1183 619 αὑτὸν
1217 568 1611 623 ἐπεκαλοῦντο·
1648 573 1740 625 καὶ

190 650 335 702 τοῦτο
366 649 421 702 δὲ
448 648 479 720 ή
510 651 752 717 Μωσέως
781 655 1076 726 παρίστησι
1108 659 1297 730 Γραφὴ
1333 659 1565 730 λέγουσα
1584 681 1597 694 ·
1629 664 1739 718 Καὶ

190 739 617 805 κατεστέναξαν
663 747 719 797 ol
764 746 885 799 υἱοὶ
941 748 1187 817 Ἰσραὴλ
1210 792 1224 815 ,
1266 753 1363 807 καὶ
1400 755 1743 823 ἀνεϐόησαν

189 830 325 899 πρὸς
369 833 617 900 Κύριον,
663 837 763 890 καὶ
811 838 996 907 ἀνέϐη
1042 842 1163 911 βοὴ
1209 845 1408 899 αὐτῶν
1450 846 1600 915 πρὸς
1636 848 1744 902 τὸν

190 920 341 975 Geor.
368 916 461 983 Οἷς
485 922 792 989 ἀκολούθως
815 928 910 980 καὶ
934 928 993 981 τὸ
1020 933 1193 1003 παρόν
1226 951 1358 1005 φησι
1388 936 1570 1005 λόγιον
1594 954 1605 964 ’
1646 940 1743 993 Ἐν

185 1010 372 1078 θλίψει
402 1011 749 1069 ἐπεκαλέσω
782 1035 879 1087 με,
924 1021 1019 1074 καὶ
1064 1023 1411 1095 ἐρρυσάμην
1441 1042 1515 1082 σε
1533 1044 1549 1059 ·
1596 1031 1744 1098 ἐπή-

185 1100 364 1190 κουσά
398 1118 514 1157 σου
546 1105 616 1157 ἐν
643 1107 971 1178 ἀποκρύφῳ
1008 1115 1370 1185 καταιγίδος,
1411 1119 1742 1190 ἐδοκίμασά

182 1205 250 1242 σε
272 1189 364 1242 ἐπὶ
392 1190 612 1260 ὕδατος
631 1197 996 1271 ἀντιλογίας.
1016 1203 1160 1256 Ἀντὶ
1183 1204 1239 1258 δὲ
1268 1206 1382 1260 1:05-
1402 1189 1743 1276 ’Emiacovod

181 1295 285 1335 σου
315 1281 383 1335 ἐν
439 1284 766 1359 ἀποκρύφῳ
830 1296 1189 1366 καταιγίδος,
1230 1301 1259 1353 ὁ
1319 1300 1417 1371 μὲν
1476 1303 1734 1369 Ἀκύλας·

191 1375 520 1469 ’ςπακούσω
558 1396 676 1437 σου
719 1384 789 1438 ἐν
842 1388 1171 1459 ἀποκρύφῳ
1215 1393 1518 1463 βροντῆς·
1569 1398 1662 1450 καὶ
1705 1400 1737 1469 ἡ

179 1465 385 1537 πέμπτη
410 1468 624 1536 ἔκδοσις
651 1475 869 1545 ὁμοίως.
898 1479 1031 1533 Εἶτα
1064 1482 1337 1552 ἐπιλέγει·
1382 1486 1396 1535 ἴ

176 1649 467 1718 ἠΜωσὲως
500 1657 797 1729 παρίστησι
830 1661 1021 1735 Γραφὴ
1072 1664 1330 1733 λέγουσα⁶
1381 1670 1503 1723 Οὐκ
1548 1665 1627 1739 ἦν
1668 1670 1737 1723 δὲ

173 1740 314 1810 ὕδωρ
339 1744 496 1799 πιεῖν
527 1746 607 1813 τῷ
640 1749 786 1816 λαῷο
826 1753 925 1807 καὶ
955 1755 1311 1825 ἐλοιδορεῖτο
1341 1763 1375 1814 ὁ
1402 1760 1550 1828 ,λαός
1583 1762 1735 1831 πρὸς

1842 603 1909 614 -
1929 573 2118 643 (Vens.
2153 576 2232 644 8.)
2256 574 2320 629 In
2363 575 2703 630 tribulatione
2731 579 2990 634 invocasti
3005 596 3104 645 me,
3135 590 3184 634 et
3198 578 3414 633 liberavi

1846 675 1923 729 te,
1953 666 2199 719 exaudiui
2227 676 2274 719 te
2302 667 2357 719 in
2388 664 2697 723 abscondito
2727 672 3080 739 tempestatis,
3114 670 3331 739 probavi
3364 678 3413 724 te

1843 757 1983 827 apud
2012 775 2203 829 aquam
2236 758 2688 815 contradictionis.
2720 760 2827 815 Pro
2858 762 2948 816 illo
2980 773 3194 816 autem:
3227 760 3411 815 Exau-

1842 848 1948 903 divi
1980 858 2027 904 te
2057 852 2113 903 in
2140 849 2447 905 abscondito
2479 854 2806 921 tempestatis
2827 895 2842 916 ,
2872 853 3067 925 Aquila
3096 854 3177 910 sic
3204 854 3407 913 habet:
3492 922 3495 927 ,

1844 941 2146 995 Exaudiant
2170 952 2218 997 te
2252 944 2307 997 in
2336 944 2642 999 abscondito
2665 947 2885 999 tonitrui
2905 987 2919 1010 ,
2943 956 2997 1001 et
3025 947 3213 1017 quinta
3242 947 3408 1003 editio

1842 1033 2111 1089 similiter.
2154 1034 2358 1091 Deinde
2392 1037 2577 1091 subdit
2628 1055 2641 1091 :
2696 1037 2927 1092 Probaoi
2957 1046 3002 1092 te
3037 1038 3174 1107 apud
3213 1055 3401 1108 aquam

1839 1127 2298 1182 contradictionis.
2330 1126 2483 1193 Quod
2512 1128 2689 1199 ipsum
2723 1129 2871 1183 clare
2896 1128 3096 1200 Moysis
3123 1128 3408 1200 Scriptura

1839 1227 2058 1272 enarrat
2087 1218 2174 1273 his
2201 1218 2383 1274 verbis
2408 1238 2421 1273 :
2458 1218 2583 1273 Non
2608 1229 2723 1274 erat
2751 1230 2927 1275 autem
2956 1237 3093 1291 aqua
3124 1222 3193 1275 ad
3231 1222 3408 1277 biben-

1839 1307 1965 1361 dum
2003 1310 2238 1378 populo:
2272 1320 2321 1364 et
2352 1311 2601 1382 jurgatus
2634 1320 2713 1365 est
2761 1315 2985 1383 populus
3026 1322 3211 1367 contra
3254 1313 3408 1383 Moy-

1838 1418 1945 1455 sem
1978 1401 2155 1457 dicens
2182 1420 2193 1455 :
2218 1402 2298 1456 Da
2336 1406 2483 1457 nobis
2525 1421 2737 1474 aquam,
2772 1416 2828 1458 ut
2861 1406 3123 1461 bibamus.
3158 1406 3257 1461 Ille
3285 1422 3405 1459 vero

1836 1492 2040 1546 dicebat
2070 1509 2090 1546 .'
2112 1493 2291 1561 Quare
2314 1495 2610 1566 jurgamini
2648 1513 2882 1562 mecum,
2917 1507 3008 1550 aut
3052 1515 3147 1551 cur
3191 1498 3406 1552 tentatis

1839 1583 2122 1638 Dominum
2150 1586 2231 1638 "‘l
2256 1584 2452 1641 Postea
2484 1602 2648 1641 vero:
2678 1586 2830 1640 Dixit
2855 1586 3064 1658 Moyses
3098 1588 3167 1647 ad
3212 1588 3405 1643 Domi-

1838 1691 1956 1728 num
1976 1689 1999 1730 :
2030 1675 2170 1741 Quid
2206 1675 2403 1742 faciam
2434 1677 2628 1745 populo
2659 1677 2779 1731 huic
2802 1680 2827 1732 7
2853 1692 3043 1745 parum
3078 1676 3247 1732 aberit
3275 1678 3403 1748 quin

1840 1765 2074 1835 lapident
2103 1783 2203 1820 me.
2236 1765 2437 1821 Deinde
2466 1768 2542 1821 ait
2572 1766 2830 1821 Dominus
2861 1768 2928 1821 ad
2977 1784 3093 1822 eum
3121 1785 3141 1822 :
3170 1767 3272 1821 Hic
3308 1785 3403 1839 ego

171 1832 398 1931 btwaﬁr,
417 1836 520 1891 καὶ
543 1837 772 1931 ἔλεγον·
792 1842 905 1909 Δὸς
922 1845 1065 1913 ἡμῖν
1080 1846 1257 1917 ὕδωρ,
1281 1849 1381 1904 ἵνα
1402 1851 1647 1920 πίωμεν.
1680 1853 1716 1905 'C

1836 1870 1918 1915 sto
1948 1870 2069 1914 ante
2099 1870 2146 1914 te
2172 1863 2227 1914 in
2251 1871 2401 1930 petra
2421 1863 2479 1915 in
2503 1861 2727 1917 Choreb.
2758 1861 2821 1916 Et
2845 1864 3135 1931 percutiam
3163 1871 3397 1929 petram,

167 1922 227 1976 δὲ
256 1923 438 1995 ἔλεγεν
475 1930 538 1982 Τί
559 1930 931 2000 λοιδορεῖσθέ
956 1954 1081 2005 μοι,
1106 1936 1145 2006 ἢ
1174 1940 1228 1992 τί
1277 1941 1575 2010 πειράζετε
1616 1945 1733 1998 Κύ-

157 2033 313 2082 ριον;
338 2019 443 2072 Καὶ
483 2020 631 2092 ἑξῆς⁸
661 2021 811 2079 Eine
841 2028 1065 2097 Μωσῆς
1096 2030 1246 2100 πρὸς
1269 2035 1486 2102 Κύριον
1506 2036 1728 2106 ⁸μὶἐγιιηιιο

171 2107 225 2158 Τί
248 2109 478 2176 ποίησω
505 2111 585 2176 τῷ
618 2113 747 2179 λαῷ
776 2117 995 2183 τούτῳ;
1015 2121 1103 2174 ἔτι
1121 2121 1358 2189 μικρὸν,
1382 2122 1481 2175 καὶ
1499 2126 1731 2178 λιθοϐο-

162 2193 416 2285 Σἲήσουσί
445 2220 550 2270 με.
594 2202 719 2259 Εἴθ’
754 2209 787 2261 ό
823 2209 1042 2277 Κύριος
1082 2212 1233 2280 πρὸς
1262 2216 1447 2267 αὐτόν
1504 2231 1726 2285 φησιν·

161 2280 289 2342 τοδε
314 2290 425 2358 ἐγὼ
447 2292 682 2364 ἕστηκα
715 2297 826 2365 πρὸ
857 2299 964 2352 τοῦ
993 2301 1067 2355 σὲ
1091 2303 1233 2368 ἐκεῖ,
1251 2303 1350 2356 ἐπὶ
1381 2304 1490 2374 τῆς
1504 2280 1731 2375 πέτρας

159 2378 222 2432 ἐν
244 2381 468 2450 Χῳήὸ.
498 2386 608 2438 Καὶ
640 2387 883 2453 πατάξω
926 2390 1041 2459 τὴν
1064 2393 1307 2462 πέτραν,
1346 2397 1445 2449 καὶ
1484 2397 1727 2462 ἐξελεύ-

160 2480 312 2521 σεται
333 2469 515 2540 ὕδωρ,
548 2473 646 2527 καὶ
674 2478 869 2532 πίεται
902 2482 936 2535 ό
964 2483 1134 2548 λαός.
1166 2485 1272 2539 Καὶ
1300 2485 1586 2554 ἐποίησεν
1623 2490 1725 2543 οὔ-

160 2575 259 2649 τως
289 2563 540 2633 Μωσῆς.
580 2569 686 2622 Kal
717 2570 1071 2642 ἐπωνόμασε
1103 2576 1168 2629 τὸ
1201 2575 1389 2649 ὄνομα
1410 2578 1518 2634 τοῦ
1538 2583 1725 2636 τόπου

157 2648 373 2741 εκείνου
410 2659 755 2727 Πειρασμὸς
788 2663 887 2716 καὶ
914 2666 1287 2736 Λοιδόρησις,
1307 2648 1420 2725 διὰ
1448 2674 1565 2741 τὴν
1596 2676 1724 2728 λοι-

156 2740 347 2810 δορίαν
365 2746 493 2801 τῶν
520 2750 670 2804 υἱῶν
715 2754 985 2823 Ἰσραὴλ,
1020 2760 1119 2813 καὶ
1160 2760 1259 2815 διὰ
1297 2762 1404 2817 τοῦ
1434 2740 1726 2833 πειράζειν

155 2838 359 2905 αὐτοὺς
380 2842 627 2909 Κύριον,
642 2844 953 2915 λέγοντας·
978 2852 1049 2903 Et
1070 2849 1202 2904 ἔστι
1220 2853 1432 2921 Κύριος
1460 2856 1529 2909 ἐν
1552 2857 1718 2926 ἡμῖν,

155 2928 190 2996 ἣ
223 2930 320 3023 ob;
359 2933 554 2988 Ταῦτα
589 2937 764 2992 πάντα
788 2937 881 2992 τὸν
925 2941 984 3007 ἐξ
1029 2941 1198 2996 ὲθνῶν
1230 2943 1356 2999 λαὸν
1398 2947 1637 3003 διδάσκει
1685 2954 1719 3023 ή

158 3021 281 3089 μετὰ
304 3027 499 3097 χεῖρας
520 3029 849 3100 προφητεία,
872 3031 948 3095 ὡς
974 3032 1040 3088 ἂν
1074 3034 1264 3104 μάθοιο
1294 3039 1461 3093 ποίων
1482 3040 1668 3113 ἔτυχεν

395 3116 552 3183 λαὸς,
588 3121 683 3173 καὶ
716 3124 795 3186 εἰς
825 3117 938 3177 οἷον
987 3125 1211 3198 ἐλήλυθε
1249 3130 1419 3196 τέλος,
1455 3136 1718 3206 σωφρονί-

153 3201 283 3265 ζοιτό
306 3223 360 3259 τε
389 3208 463 3260 ὲκ
492 3209 588 3262 τοῦ
613 3212 1071 3285 παραδείγματος.
1096 3218 1187 3270 Διὸ
1214 3223 1327 3284 τοῖς
1347 3201 1716 3295 προλεχθεῖσιν

152 3296 499 3387 επισυνάπτει
526 3301 593 3355 τὰ
651 3303 779 3374 ἑξῆς
841 3306 1177 3374 ἀναγκαίως,
1224 3311 1284 3364 ὲν
1332 3307 1413 3376 οἷς
1467 3315 1712 3387 εἴρηται·

154 3386 461 3457 Ἄκουσον,
510 3395 661 3461 λαός
700 3414 820 3464 μου
839 3439 855 3463 ,
901 3400 999 3454 καὶ
1041 3386 1543 3473 διαμαρτυροῦμαί
1574 3386 1671 3461 σοι
1697 3425 1712 3440 ο

160 3478 414 3550 Ἰσραὴλ,
466 3482 576 3538 ἐὰν
616 3487 887 3556 ἀκούσῃς
928 3509 1068 3560 μου,
1096 3495 1207 3548 οὐκ
1238 3494 1409 3549 ἔσται
1446 3512 1546 3552 σοι
1572 3500 1715 3567 Θεὸς

147 3571 508 3659 πρόσφατος,
555 3574 697 3629 οὐδὲ
741 3582 1194 3653 προσκυνήσεις
1232 3585 1353 3652 Θεῷ
1397 3587 1708 3659 ἀλλοτρίῳ.

157 3657 287 3747 Ἐγὼ
313 3662 427 3732 γάρ
461 3666 577 3733 εἰμι
609 3668 822 3735 Κύριος
849 3674 883 3725 ό
905 3673 1048 3738 Θεός
1083 3689 1200 3729 σου
1229 3679 1262 3729 ό
1292 3657 1605 3747 ἁναγαγώᾶ·
1639 3698 1712 3735 σε

144 3746 207 3801 ἐκ
233 3750 343 3820 γῆς
375 3757 687 3825 Αἰγύπτου
708 3773 721 3788 ’
767 3762 1081 3818 πλάτυνον
1114 3766 1183 3820 τὸ
1220 3746 1574 3839 στόμασου,
1614 3775 1711 3828 καὶ

143 3842 434 3935 πληρώσει)
458 3848 625 3911 αὐτό.
648 3851 759 3903 Καὶ
789 3854 899 3906 οὐκ
928 3852 1198 3921 ἤκουσεν
1223 3861 1256 3912 ὁ
1278 3862 1425 3928 λαός
1456 3881 1575 3932 μου
1601 3866 1710 3935 τῆς

143 3934 336 4025 gemit:
366 3957 515 4007 μου,
543 3940 643 3994 καὶ
701 3944 947 4014 Ἰσραὴλ
984 3950 1055 4002 ού
1109 3953 1416 4022 προσέσχε
1447 3975 1567 4025 μοι.
1598 3934 1707 4015 Καὶ

141 4022 535 4088 ἐξαπέστειλα
577 4034 799 4101 αὐτοὺς
832 4038 981 4092 κατὰ
1024 4039 1096 4092 τὰ
1133 4022 1564 4115 ἐπιτηδεύματα
1590 4048 1709 4103 τῶν

142 4118 390 4185 καρδιῶν
413 4124 635 4178 αὐτῶν
664 4129 1057 4195 πορεύσονται
1080 4133 1149 4188 ἐν
1178 4135 1302 4203 τοῖς
1325 4138 1709 4211 ἐπιτηδεύμα-

138 4224 239 4307 σικ
258 4213 478 4268 αὐτῶν.
608 4219 705 4289 μὲν
733 4224 866 4292 παρ’
891 4224 1046 4293 ἐμοῦ,
1080 4226 1233 4298 φησὶ,
1266 4228 1468 4303 δεδωρη
1478 4232 1611 4303 μένα
1628 4234 1708 4307 τῷ

138 4299 243 4373 λαῷ
271 4306 500 4361 τοιαῦτα
535 4305 638 4379 ἦν,
670 4312 830 4366 ὁποῖα
861 4315 1136 4387 διεξῆλθεν
1172 4322 1201 4373 ὁ
1242 4299 1430 4389 λόγος·
1458 4299 1540 4377 Ea:
1574 4326 1617 4378 δ’
1646 4299 1707 4392 ἐξ

136 4392 306 4448 αὐτῶν
335 4400 415 4462 είς
452 4400 553 4471 ἐμὲ
586 4403 682 4472 οὐχ
711 4404 894 4475 ὅμοια,
927 4408 1047 4461 οὐδὲ
1077 4408 1202 4474 ἄξια
1244 4404 1318 4465 ὧν
1343 4412 1530 4484 ἔτυχον
1572 4420 1706 4488 παρ’

1831 1961 1882 2007 et
1912 1952 2073 2007 exibit
2105 1969 2264 2023 aqua,
2295 1964 2343 2007 et
2378 1952 2515 2008 bibet
2542 1956 2785 2023 populus.
2814 1953 2882 2008 Et
2916 1954 3037 2023 fecit
3054 1955 3129 2007 ita
3163 1952 3393 2024 Moyses.

1833 2042 1904 2095 Et
1933 2044 2129 2096 vocavit
2154 2058 2337 2096 nomen
2374 2044 2475 2097 loci
2498 2044 3044 2111 illius,Tentationem
3061 2053 3110 2098 et
3126 2040 3395 2112 Iurgium,

1828 2142 2040 2201 propter
2068 2132 2310 2203 jurgium
2340 2134 2572 2191 ﬁliorum
2624 2133 2836 2201 Israel,
2891 2145 2941 2189 et
2992 2136 3119 2206 quia
3168 2144 3399 2189 tentare-

1828 2233 1951 2277 runt
1989 2223 2270 2277 Dominum
2300 2224 2528 2279 dicentes
2553 2239 2572 2278 :
2604 2226 2684 2278 An
2717 2234 2794 2279 est
2832 2224 3090 2279 Dominus
3121 2222 3175 2278 in
3222 2224 3393 2289 nobis,

1826 2329 1985 2367 necne
2015 2313 2100 2354 "‘l
2128 2312 2253 2367 Ηωο
2283 2314 2600 2369 universum
2630 2329 2698 2368 ex
2721 2313 2974 2384 gentibus
3000 2313 3260 2383 populum
3294 2312 3397 2367 do-

1827 2413 1912 2461 cet
1968 2419 2209 2474 praesens
2258 2406 2576 2475 prophetia,
2613 2411 2673 2459 ut
2716 2405 2897 2460 sciant
2935 2420 3057 2476 qua:
3099 2404 3279 2477 prisco
3315 2404 3396 2460 illi

1826 2496 2027 2567 populo
2055 2495 2375 2565 acciderint,
2398 2504 2455 2553 et
2481 2496 2573 2569 qui
2605 2496 2730 2554 linis
2760 2496 2882 2569 eius
2905 2498 3103 2564 fuerit;
3136 2505 3301 2568 atque
3324 2513 3392 2555 ex

1823 2586 1944 2656 ejus
1968 2587 2218 2657 exemplo
2243 2588 2311 2642 ad
2341 2588 2610 2642 cautelam
2636 2596 2880 2642 vocetur.
2917 2586 3096 2653 Quare
3118 2586 3395 2657 praedictis

1824 2677 1939 2731 hac
1976 2693 2098 2749 quae
2132 2688 2439 2749 sequuntur
2484 2678 2798 2735 necessario
2838 2678 3026 2749 adjicit
3055 2698 3070 2734 :
3098 2709 3170 2720 —
3224 2677 3390 2751 Vsus.

1823 2767 1980 2826 9-15.
2024 2771 2187 2835 Audi,
2223 2772 2446 2841 populus
2462 2788 2627 2836 meus,
2647 2772 3035 2841 ettestiﬁcabor
3051 2771 3387 2841 tibi:Israel,

1820 2863 1869 2916 si
1898 2863 2131 2918 audieris
2160 2881 2261 2932 me,
2286 2881 2387 2920 non
2413 2867 2513 2919 erit
2542 2868 2597 2920 in
2619 2877 2667 2921 te
2684 2865 2823 2920 Deus
2842 2883 3039 2933 recens,
3066 2882 3225 2938 neque
3252 2865 3387 2919 ado-

1819 2955 1965 3009 rabis
1996 2955 2165 3009 Deum
2192 2956 2443 3012 alienum.
2477 2957 2590 3028 Ego
2627 2959 2767 3013 eitim
2813 2976 2928 3014 sum
2958 2958 3215 3013 Dominus
3248 2956 3387 3011 Deus

1818 3047 2065 3116 tuus,qui
2089 3046 2251 3100 eduxi
2271 3056 2319 3101 te
2333 3048 2396 3102 de
2423 3057 2564 3102 terra
2584 3047 2837 3118 ZEgypti;
2856 3048 3029 3101 dilata
3054 3064 3111 3101 os
3140 3056 3308 3115 tuum,
3337 3057 3387 3101 et

1818 3139 2044 3208 implebo
2068 3138 2227 3192 illud.
2263 3138 2333 3192 Et
2383 3155 2486 3192 non
2535 3141 2737 3194 audivit
2768 3141 2992 3210 populus
3019 3156 3163 3193 meus
3214 3156 3387 3194 uocem

1817 3249 2009 3301 meam,
2033 3242 2083 3288 et
2115 3231 2287 3286 Israel
2314 3249 2416 3286 non
2455 3232 2684 3286 intendit
2713 3232 2863 3286 mihi.
2905 3231 2973 3285 Et
2996 3232 3177 3286 dimisi
3194 3248 3280 3285 eos
3306 3249 3387 3285 se-

1815 3325 2047 3378 cundum
2081 3325 2349 3379 desideria
2371 3325 2541 3379 cordis
2567 3341 2744 3379 eorum
2760 3340 2780 3390 ;
2804 3324 2953 3379 ibunt
2975 3325 3028 3378 in
3058 3324 3387 3381 adinventio-

1814 3415 1968 3470 nibus
1993 3417 2124 3470 suis.
2157 3416 2313 3472 Talia
2343 3424 2520 3479 erant,
2556 3416 2756 3487 inquit,
2800 3432 3028 3472 munera
3068 3417 3268 3488 populo
3289 3432 3387 3487 per

1814 3522 1902 3562 me
1928 3508 2151 3575 collata,
2173 3508 2354 3579 qualia
2381 3522 2565 3565 sermo
2612 3508 2910 3565 enarravit.
2941 3508 3045 3563 Sed
3070 3524 3191 3579 qua:
3220 3507 3274 3562 in
3300 3524 3387 3564 me

1812 3600 1919 3671 ipsi
1948 3615 2227 3670 peregere,
2253 3615 2364 3655 non
2398 3599 2620 3662 similia,
2671 3615 2848 3671 neque
2893 3600 3055 3671 digna
3106 3600 3175 3655 iis
3226 3607 3386 3655 erant

1812 3707 1934 3763 qua:
1962 3707 1991 3745 a
2020 3707 2106 3747 me
2140 3690 2427 3747 consecuti
2456 3698 2605 3747 sunt.
2636 3689 2914 3761 Siquidem
2937 3706 3037 3761 ego
3072 3698 3154 3745 tot
3201 3698 3383 3745 tanto-

1810 3799 2043 3854 rumque
2076 3784 2211 3855 ipsis
2242 3785 2469 3855 largitor
2524 3786 2814 3848 bonorum,
2849 3784 2952 3838 hoc
2982 3798 3151 3837 unum
3179 3783 3247 3837 ab
3300 3783 3383 3841 eis

1809 3882 2093 3944 expetens,
2131 3876 2277 3944 quod
2313 3890 2446 3931 sane
2490 3877 2667 3947 legum
2716 3889 2929 3930 summa
2977 3881 3032 3930 et
3080 3882 3244 3946 caput
3272 3884 3379 3941 est,

1809 3975 1871 4021 ut
1894 3982 2000 4020 non
2025 3966 2188 4031 idola,
2207 3967 2303 4022 sed
2328 3982 2415 4022 me
2444 3968 2620 4023 solum
2644 3966 2812 4022 Deum
2835 3967 3097 4032 colerent,
3123 3967 3377 4038 praecepi,

1809 4052 1896 4107 his
1929 4050 2054 4107 illos
2083 4066 2439 4108 commonens
2467 4052 2676 4108 verbis:
2699 4053 2860 4116 Audi,
2884 4051 3108 4123 populus
3138 4068 3303 4119 meus,
3326 4060 3378 4106 et

1809 4143 2132 4213 testiﬁcabor
2164 4144 2260 4198 tibi
2288 4158 2308 4198 :
2335 4142 2534 4211 Israel,
2556 4146 2602 4198 si
2630 4144 2863 4199 audieris
2901 4161 3002 4209 me,
3052 4161 3155 4198 non
3189 4145 3287 4198 erit
3319 4145 3375 4197 in

1810 4248 1857 4291 te
1894 4236 2034 4291 Deus
2059 4252 2257 4303 recens,
2290 4253 2451 4308 neque
2466 4222 2728 4291 adorabis
2778 4235 2946 4290 Deum
2977 4236 3228 4313 alienum.
3263 4234 3375 4305 Ego

1805 4331 1943 4385 enim
1966 4346 2082 4383 sum
2105 4329 2362 4384 Dominus
2398 4328 2537 4383 Deus
2577 4338 2718 4391 tuus,
2750 4330 2841 4399 qui
2865 4329 3021 4383 eduxi
3049 4339 3097 4382 te
3118 4328 3181 4382 de
3232 4337 3377 4381 terra

1806 4420 2048 4491 Egypti.
2081 4420 2207 4475 Hinc
2236 4420 2445 4486 monui,
2482 4420 2595 4476 haec
2643 4421 2877 4492 praecepi
2911 4436 2923 4471 :
2957 4421 3071 4474 haec
3122 4427 3238 4472 erat
3286 4424 3373 4472 to-

136 4482 307 4583 tum":
325 4489 470 4583 Ἐγὼ
511 4493 608 4583 μεν
636 4494 745 4566 γὰρ
767 4498 795 4549 ὁ
817 4497 925 4550 τῶν
956 4500 1226 4555 τοσούτων
1259 4482 1447 4569 αὐτοῖς
1461 4482 1704 4579 ἠχορηγδς

1819 4513 1918 4566 Lius
1953 4512 2087 4583 legis
2116 4527 2249 4566 mea:
2281 4527 2434 4568 mens
2457 4519 2511 4567 et
2558 4512 2850 4567 sententia.
2903 4508 3196 4578 Praeceptis
3242 4522 3376 4563 vero

134 4574 369 4665 αγαθῶν,
389 4579 450 4633 ἓν
472 4580 619 4635 τοῦτ’
645 4585 925 4650 αὐτοῖς,τὸ
943 4588 1007 4660 δὴ
1035 4591 1144 4645 τῶν
1177 4593 1356 4663 νόμων
1385 4574 1700 4665 κεφάλαιον,

133 4662 269 4734 λέγω
294 4668 352 4722 δὲ
379 4671 441 4723 τὸ
465 4673 539 4743 μὴ
566 4674 990 4750 εἰδωλολατρεῖν,
1021 4681 1121 4751 ἐμὲ
1138 4683 1194 4736 δὲ
1225 4662 1383 4755 μόνον
1408 4662 1540 4741 Θεὸν
1568 4662 1704 4744 εείδέὲ

132 4774 235 4851 ναι,
266 4764 777 4840 παρεκελευσάμην,
805 4771 946 4826 αὐτὰ
975 4773 1039 4846 δὴ
1072 4775 1245 4831 ταῦτα
1283 4782 1567 4851 παραινῶν
1610 4785 1704 4837 καὶ

132 4847 320 4918 λέγων·
362 4857 676 4925 Ἄκουσον,
706 4863 856 4928 λαός
883 4882 1023 4933 μου,
1068 4870 1166 4922 καὶ
1198 4847 1704 4945 διαμαρτυροῦμαί

129 4954 223 4992 σοι
242 4959 255 4974 ο
302 4944 563 5015 Ἰσραὴλ,
594 4949 702 5003 ἐὰν
725 4953 995 5024 ἀκούσῃς
1011 4976 1151 5025 μου,
1176 4963 1287 5015 οὐκ
1304 4962 1473 5017 ἔσται
1498 4965 1570 5018 ἐν
1596 4967 1695 5020 σοὶ

130 5034 269 5099 Θεὸς
298 5039 667 5107 πρόσφατος,
698 5045 840 5098 οὐδὲ
878 5051 1327 5119 προσκυνήσεις
1353 5053 1474 5119 Θεῷ
1507 5056 1695 5111 ἀλλο·

126 5126 293 5219 τρίῳο
318 5130 436 5199 ἐγὼ
464 5132 572 5201 γάρ
609 5137 726 5204 εἶμι
758 5140 971 5207 Κύριος
1002 5146 1036 5196 ό
1070 5146 1215 5212 Θεός
1259 5161 1376 5200 σου
1400 5150 1436 5202 ό
1472 5149 1694 5219 ἀναγα-

124 5214 241 5279 γών
272 5232 350 5273 σε
372 5220 442 5276 ἐκ
472 5223 584 5293 τῆς
607 5228 927 5297 Αἰγύπτου.
970 5234 1153 5288 Ταῦτα
1186 5238 1481 5308 παρῄνουν,
1523 5241 1695 5295 ταῦτα

124 5310 597 5400 παρεκελευόμην,
642 5318 813 5372 ταῦτα
836 5323 864 5373 ὁ
910 5325 1018 5386 πᾶς
1053 5325 1151 5396 τῆς
1206 5328 1345 5397 ὲμῆς
1380 5331 1698 5400 νομοθεσίας

122 5394 374 5493 {tactile-co
402 5404 547 5470 νοῦς.
577 5410 825 5493 Συνῆπτὸ
850 5431 909 5465 τε
936 5418 1048 5479 τοῖς
1076 5394 1529 5491 παραγγέλμασιν
1560 5394 1696 5493 ἀγαέ

123 5483 227 5539 Θῶν
248 5492 574 5564 ἐπαγγελία,
600 5499 668 5553 δι’
688 5492 764 5555 ὧν
783 5503 1020 5571 ἔφασκον
1040 5521 1053 5535 '
1078 5483 1395 5563 Πλάτυνοιι
1416 5511 1482 5564 τὸ
1501 5483 1695 5583 στόρα

119 5592 256 5646 σου,
286 5582 391 5636 καὶ
427 5591 724 5657 πληρώσω
749 5597 917 5651 αὑτό.
949 5597 1011 5650 Ei
1050 5598 1161 5670 γὰρ
1197 5600 1369 5654 ταῦτα
1406 5582 1687 5673 φυλάξετε,

194 5762 239 5793 ⁸⁵
280 5766 450 5819 bxod.
496 5784 556 5834 ιι,
587 5770 674 5825 22.
753 5775 795 5805 ⁸⁵
836 5772 1005 5831 Exod.
1042 5795 1171 5846 xvii,
1214 5783 1263 5834 l.
1338 5782 1385 5813 “
1423 5781 1551 5835 ibid.
1591 5783 1643 5836 4.

1806 4604 2077 4658 bonorum
2132 4604 2424 4675 promissio
2467 4604 2863 4674 copulabatur,
2906 4616 3030 4656 cum
3088 4600 3368 4654 dicerem:

1804 4694 1991 4748 Dilata
2023 4712 2080 4749 os
2106 4706 2276 4761 tuum,
2306 4705 2355 4750 et
2382 4696 2605 4763 implebo
2639 4695 2795 4748 illud.
2836 4692 2972 4748 Nam
3024 4693 3138 4746 haec
3170 4691 3214 4745 si
3249 4706 3371 4746 ser-

1804 4787 1963 4852 vetis,
2000 4785 2201 4841 ali‘atim
2234 4787 2581 4859 ubertimque
2604 4787 2708 4840 cibi
2741 4785 2896 4840 vobis
2942 4783 3369 4854 suppeditabun-

1805 4887 1914 4943 tur,
1947 4878 2060 4933 sive
2085 4879 2355 4949 corporei,
2389 4880 2505 4933 sive
2538 4880 2575 4933 ii
2599 4878 2693 4948 qui
2735 4892 2833 4947 per
2862 4876 3073 4931 divinas
3124 4874 3370 4945 discipli-

1804 4985 1905 5025 nas
1931 4969 2126 5024 animae
2156 4970 2664 5026 subministrantur.
2699 4967 2813 5038 Ego
2862 4967 3080 5038 quidem
3110 4966 3224 5021 hch
3252 4981 3369 5020 mo-

1804 5061 2020 5125 nebam,
2054 5061 2170 5116 haec
2189 5062 2606 5132 promittebam;
2644 5060 2721 5113 illi
2758 5070 2938 5115 autem
2970 5074 3159 5113 vocem
3191 5073 3366 5112 meam

1802 5166 1912 5206 non
1945 5152 2234 5207 audierunt
2266 5172 2279 5207 :
2311 5160 2363 5207 et
2379 5152 2565 5215 Israel,
2594 5152 2686 5221 qui
2709 5151 2875 5206 tantis
2902 5149 3180 5205 beneﬁciis
3203 5162 3366 5202 orna-

1801 5251 1892 5298 tus
1925 5251 2029 5310 est,
2087 5260 2196 5299 non
2243 5243 2475 5298 intendit
2525 5243 2697 5296 mihi:
2732 5241 2853 5297 ideo
2894 5241 3018 5310 jure
3060 5240 3240 5292 dimisi
3277 5255 3362 5292 eos

1803 5336 2090 5390 secundum
2132 5335 2395 5390 desideria
2442 5334 2615 5388 cordis
2651 5349 2849 5388 eorum.
2900 5332 3006 5386 Pro
3060 5347 3167 5401 quo
3207 5329 3364 5400 Sym-

1801 5424 2032 5476 machus
2060 5424 2449 5492 interpretatus
2476 5432 2597 5478 est:
2639 5422 2761 5477 Non
2793 5422 2995 5475 audivit
3054 5430 3227 5474 autem
3264 5437 3360 5489 po-

1799 5513 1955 5583 pulus
1980 5529 2123 5567 meus
2147 5530 2318 5565 vocem
2340 5530 2531 5580 meam,
2580 5524 2628 5568 et
2662 5514 2830 5568 Israel
2855 5530 2955 5567 non
2988 5512 3362 5582 obtemperavit

1799 5607 1945 5660 mihi.
1986 5605 2179 5660 Dimisi
2218 5622 2340 5676 ergo
2388 5606 2511 5661 illos
2556 5607 2874 5678 beneplacito
2922 5608 3095 5661 cordis
3142 5606 3248 5671 sui,
3299 5611 3359 5659 ut
