3798 6282
374 341 483 396 979

1072 341 1341 400 EUSEBII
1377 339 1860 398 CASSARIENSIS
1902 339 2054 397 OPP.
2099 340 2284 397 PARS
2321 341 2410 400 lll.
2435 343 2932 402 —EXEGETICA.

3490 353 3570 408 980

375 454 644 511 auibulent
675 457 727 510 in
761 458 1001 512 consiliis
1032 459 1166 512 suis.
1224 457 1363 527 llinc
1392 457 1616 513 divinus
1663 456 1958 528 Apostolus

2103 457 2376 523 κοπιάτως
2399 459 2548 526 ’έξετε
2573 461 2667 514 καὶ
2689 459 3129 534 πεπληρωμένως
3154 461 3249 526 τὰς
3267 464 3469 536 τροφὰς,
3490 469 3573 522 εἴτε

375 550 445 605 de
478 551 807 620 quibusdam
834 551 996 606 docet
1031 568 1045 603 :
1084 551 1314 620 Propter
1365 552 1507 622 quod
1561 550 1784 604 tradidit
1836 549 1957 604 illos

383 641 520 696 Deus
552 643 608 696 in
642 642 906 697 desideria
936 643 1112 698 cordis
1141 660 1326 698 eorum
1359 645 1424 698 ’⁷.
1451 641 1559 698 Pro
1609 643 1700 696 illo
1751 650 1957 707 autem,

383 733 506 789 Non
531 737 633 790 erit
656 737 710 789 in
737 745 786 791 te
807 736 949 792 Deus
985 753 1160 790 recens
1183 754 1202 790 :.
1234 737 1453 804 Aquila,
1511 734 1634 788 Non
1677 737 1776 790 erit
1825 739 1880 790 in
1913 745 1961 791 te

380 829 535 896 fortis
556 827 800 893 alienus;
826 827 1188 900 Symmachus
1215 844 1342 883 vero
1371 826 1528 882 :Non
1553 829 1623 882 sit
1655 827 1711 882 in
1740 839 1790 883 te
1821 829 1960 884 Deus

377 930 658 976 extraneus
697 962 714 988 ,
771 922 1114 992 interpretati
1167 929 1296 975 sunt
1362 919 1695 976 Extraneum
1727 931 1907 978 autem
1946 942 1958 976 :

381 1014 620 1069 alienum
648 1023 701 1070 et
735 1022 1012 1068 recentem
1043 1012 1236 1077 Deum,
1274 1015 1368 1083 qui
1416 1013 1542 1068 talis
1573 1013 1716 1084 apud
1773 1022 1964 1085 gentes

383 1107 523 1162 falso
572 1113 897 1176 reputatur,
951 1105 1278 1172 nominavit,
1323 1105 1625 1160 multorum
1676 1107 1963 1161 numinum

385 1198 750 1254 idololatriam
779 1199 858 1254 sic
891 1197 1123 1268 carptim
1150 1212 1481 1252 memorans.
1507 1195 1720 1264 Quibus
1742 1198 1925 1255 subdit
1950 1219 1964 1254 :

387 1291 499 1362 Ego
533 1291 674 1344 enim
708 1306 826 1343 sum
887 1289 1142 1343 Dominus
1176 1288 1317 1343 Deus
1364 1298 1508 1355 tuus,
1557 1289 1848 1346 declarans
1910 1308 1970 1348 se

386 1399 564 1454 neque
587 1391 932 1445 extraneum,
968 1396 1145 1450 neque
1194 1381 1458 1446 alienum,
1494 1397 1672 1452 neque
1693 1391 1969 1440 recentem

391 1475 556 1531 Deum
580 1491 722 1530 esse.
758 1473 887 1528 Erat
917 1475 1120 1546 quippe
1154 1489 1322 1528 unum
1375 1483 1428 1529 et
1478 1473 1622 1532 idem
1684 1475 1779 1532 Dei
1831 1475 1970 1533 Ver-

387 1569 538 1632 bum,
570 1567 714 1637 quod
745 1566 876 1623 olim
899 1566 1272 1622 diversimode
1311 1568 1554 1639 antiquis
1604 1568 1714 1624 illis
1748 1570 1972 1624 oracula

388 1660 671 1725 fundebat,
704 1660 962 1731 quodque
993 1659 1140 1717 Deus
1160 1658 1334 1717 Jacob
1358 1669 1609 1726 vocatur,
1643 1664 1788 1733 quod
1842 1663 1972 1720 item

388 1754 443 1808 in
471 1752 946 1808 consummatione
1001 1755 1326 1808 saeculorum
1360 1753 1417 1807 in
1464 1760 1611 1808 terra
1632 1753 1810 1808 visum
1867 1762 1970 1810 cst.

2061 549 2158 612 τὰς
2181 549 2278 603 τοῦ
2310 549 2580 621 σώματος,
2611 552 2721 606 εἴτε
2760 554 2854 606 καί
2883 553 2982 618 τὰς
3007 553 3093 608 διὰ
3115 553 3271 609 θείων
3297 558 3577 628 μαθημάτων

2063 641 2128 712 τῇ
2159 641 2305 712 ψυχῇ
2340 643 2771 714 χορηγουμένας.
2820 643 2958 714 Ἐγὼ
2992 647 3091 716 μὲν
3119 640 3207 699 οὖν
3245 645 3408 701 ταῦτα
3445 653 3580 722 παρέδυ

2064 751 2185 787 νουν
2219 735 2314 787 καὶ
2348 735 2790 807 ἐπηγγελλόμηνο
2817 737 2867 788 οἱ
2903 737 2959 790 δὲ
2991 738 3091 790 ούκ
3135 737 3326 808 ἤκουον
3351 739 3437 809 τῆς
3474 741 3582 809 ἐμῆς

2066 825 2283 896 φωνῆς’
2336 825 2431 878 καὶ
2470 827 2498 878 6
2542 827 2810 881 τοσούτων
2861 827 3262 899 κατηξιωμένος
3311 830 3583 899 εὐεργεσιῶν

2078 917 2296 990 Ἰσραὴλ
2337 918 2398 970 ού
2472 919 2741 990 προσέσχε
2801 937 2918 991 μοι’
2981 920 3102 973 ὅθεν
3151 920 3372 984 εἰκότως
3414 921 3585 986 ἐξαπέ-

2067 1014 2279 1066 creua.
2315 1012 2539 1077 αὐτοὺς
2569 1013 2716 1066 κατὰ
2744 1012 2816 1065 τὰ
2861 1011 3298 1082 ἐπιτηδεύματα
3332 1011 3441 1066 τῶν
3480 1031 3585 1083 nep.

2067 1101 2212 1156 διῶν
2233 1104 2449 1158 αὐτῶν.
2468 1104 2608 1157 Ἀνθ’
2625 1099 2683 1158 οὗ
2705 1106 2732 1157 6
2753 1104 3044 1176 Σύμμαχος
3076 1106 3411 1176 ἡρμήνευσεν
3434 1106 3589 1160 εἰπών·

2064 1199 2187 1266 Οὐχ
2220 1197 2539 1267 ὑπήκουσε
2575 1197 2645 1252 δὲ
2683 1202 2716 1252 ὀ
2765 1200 2914 1263 λαός
2953 1215 3072 1267 μου
3104 1198 3217 1264 τῆς
3257 1197 3452 1266 φωνῆς
3483 1216 3591 1267 μου,

2072 1292 2172 1347 καὶ
2207 1295 2445 1362 Ἰσραὴλ
2470 1297 2581 1349 οὐκ
2614 1295 2862 1361 ἐπείσθη
2889 1311 3010 1362 μοι.
3053 1291 3274 1361 Ἀφῆκα
3293 1286 3400 1345 οὖν
3419 1292 3595 1358 αὐτοὺς

2071 1384 2146 1454 τῇ
2175 1387 2457 1454 ἀρεσκείᾳ
2519 1387 2630 1456 τῆς
2671 1386 2920 1454 καρδίας
2963 1384 3162 1439 αὐτῶν
3185 1425 3200 1447 ,
3248 1383 3464 1438 ὁδεύειν
3500 1383 3597 1450 ταῖς

2069 1480 2327 1547 βουλαῖς
2355 1479 2571 1534 αὐτῶν.
2620 1479 2902 1534 Ἐντεῦθεν
2933 1481 2962 1533 6
2990 1479 3133 1542 θεῖος
3149 1477 3459 1539 Ἀπόστολος
3485 1478 3596 1531 διδά-

2078 1591 2196 1628 σκει
2243 1573 2368 1645 περί
2395 1590 2558 1627 τινων
2586 1572 2760 1643 λέγων
2785 1591 2797 1603 ·
2845 1572 2940 1627 Διὸ
2974 1571 3322 1641 παρέδωκεν
3360 1569 3550 1636 αὐτοὺς
3577 1572 3601 1624 ό

2079 1667 2222 1732 Θεὸς
2274 1666 2344 1718 ὲν
2399 1664 2529 1732 ταῖς
2574 1665 2912 1734 ἐπιθυμίαις
2959 1663 3078 1718 τῶν
3129 1660 3386 1730 καρδιῶν
3427 1659 3601 1714 αὐτῶν.

2091 1759 2234 1810 Ἀντ“ι
2265 1757 2322 1810 δὲ
2352 1757 2468 1810 τοῦ·
2509 1759 2630 1812 Οὐκ
2660 1757 2830 1812 ἔσται
2862 1758 2932 1810 ἐν
2971 1758 3068 1811 σοὶ
3105 1755 3250 1822 Θεὸς
3287 1755 3602 1823 πρόσφατος»

389 1831 523 1899 Nam
547 1845 712 1900 etiam
736 1853 863 1900 ante
897 1845 1142 1899 divinum
1175 1861 1334 1902 suum
1358 1845 1651 1902 adventum
1683 1847 1736 1900 in
1767 1846 1971 1902 mundo

2097 1871 2104 1901 ι
2148 1849 2377 1914 ’Δκύλας
2397 1867 2410 1880 ·
2437 1851 2561 1904 Dim
2589 1849 2760 1904 ἕσται
2781 1850 2852 1904 ἐν
2873 1851 2972 1904 σοὶ
3017 1849 3272 1919 ἰσχυρὸς
3303 1847 3604 1913 ἀλλότριος

389 1947 529 2001 erat,
555 1947 609 1994 et
643 1939 882 1994 mundus
905 1955 1002 2010 per
1025 1940 1202 2010 ipsum
1233 1939 1412 1995 factus
1441 1946 1546 1994 est.
1601 1938 1970 2005 Quamobrem

2097 1946 2104 1994 ι
2133 1943 2190 1995 δὲ
2219 1943 2530 2014 Σύμμαχος
2557 1942 2654 2012 Μὴ
2679 1944 2834 1998 ἔστω
2862 1944 2932 1996 ἐν
2959 1942 3056 1997 σοὶ
3080 1941 3227 2007 Θεὸς
3257 1939 3446 2004 ξένος,
3466 1937 3609 2009 ἠρμὴ-

393 2032 506 2086 hatc
540 2031 790 2086 instituta
825 2032 991 2086 tradit
1024 2052 1035 2086 :
1064 2030 1177 2102 Ego
1206 2034 1346 2086 enim
1376 2048 1495 2085 sum
1551 2030 1808 2085 Dominus
1833 2031 1971 2086 Deus

2097 2053 2258 2090 lS‘JO’S.
2295 2036 2458 2090 Ξένον
2496 2037 2552 2090 δὲ
2586 2038 2680 2092 καὶ
2713 2037 2989 2109 ἀλλότριον
3021 2035 3154 2089 Θεὸν
3196 2033 3294 2087 καὶ
3327 2032 3608 2104 πρόσφατον,

393 2135 535 2188 tuus,
561 2127 650 2194 qui
677 2125 838 2202 eduxi
865 2134 913 2178 te
937 2125 1000 2178 de
1027 2135 1169 2178 terra
1198 2123 1439 2194 zEgypti.

2097 2129 2174 2181 τὸν
2223 2128 2656 2199 πεπλανημένως
2703 2127 2856 2200 παρὰ
2899 2128 3009 2189 τοῖς
3056 2124 3236 2178 ἔθνεσι
3283 2120 3612 2192 νενομισμένον

391 2221 664 2293 ὠνόμασε,
696 2221 796 2292 τὴν
824 2220 1085 2275 πολύθεον
1125 2219 1571 2294 εἰδωλολατρείαν
1610 2221 1755 2276 οὕτω
1797 2223 2319 2294 παραπεμπόμενος.
2348 2220 2444 2286 Οἷς
2471 2221 2740 2290 ἐπιλέγει·
2791 2220 2931 2291 Ἐγὼ
2999 2218 3110 2290 γάρ
3168 2221 3290 2288 εὶμι
3354 2217 3542 2283 Κύριος
3591 2217 3614 2266 ό

396 2318 542 2384 Θεός
573 2334 721 2382 σου,
764 2316 1035 2387 παριστὰς
1067 2315 1255 2370 ἑαυτὸν
1287 2315 1408 2369 ούτε
1443 2315 1612 2382 ξένον,
1655 2317 1778 2370 οὔτε
1811 2319 2109 2390 ἀλλότριον,
2132 2317 2256 2372 οὔτε
2289 2319 2602 2391 πρόσφατον
2639 2318 2767 2372 ὄντα
2796 2317 2950 2371 Θεόν.
3009 2311 3117 2368 Ἦν
3176 2314 3292 2386 γὰρ
3333 2308 3410 2375 εἷς
3473 2313 3551 2364 καὶ
3595 2311 3616 2361 ὁ

395 2411 558 2474 αὐτὸς
579 2411 608 2462 6
640 2407 735 2462 τοῦ
767 2407 902 2462 Θεοῦ
936 2407 1129 2476 Λόγος,
1171 2409 1265 2461 καὶ
1295 2411 1324 2461 6
1363 2408 1530 2463 πάλαι
1563 2410 1837 2482 διαφόρως
1865 2414 1978 2475 τοῖς
2016 2411 2265 2476 παλαιοῖς
2305 2409 2679 2484 χρηματίζων,
2711 2413 2740 2464 6
2759 2410 2823 2482 δὴ
2845 2410 2939 2463 καὶ
2975 2407 3106 2472 Θεὸς
3141 2404 3341 2460 Ἰακὼϐ
3373 2402 3616 2472 ἐπικεκλη-

401 2504 590 2576 μένος,
619 2503 648 2554 6
699 2502 790 2554 xui.
842 2500 936 2553 ἐπὶ
984 2499 1263 2573 συντελείᾳ
1314 2500 1424 2555 τῶν
1463 2501 1673 2556 αἰώνων
1724 2503 1816 2556 ἐπὶ
1867 2503 1972 2573 γῆς
2010 2504 2216 2572 ὀφθείς.
2247 2504 2462 2575 Ἐνγὰρ
2483 2503 2563 2574 τῷ
2585 2503 2774 2575 κόσμῳ
2796 2498 2979 2573 καὶ
3039 2499 3272 2570 πρὸτῆς
3331 2494 3617 2565 θεοφανείας,

400 2599 493 2654 καὶ
511 2599 539 2651 ό
559 2597 762 2667 κόσμος
780 2596 847 2650 δι’
871 2597 1038 2651 αὐτοῦ
1062 2597 1296 2666 ἐγένετο.
1325 2597 1524 2670 Διόπερ
1549 2597 1980 2669 παρακελεύεται
2018 2599 2189 2669 λέγων
2209 2616 2221 2628 ·
2269 2601 2408 2669 Ἐγὼ
2443 2599 2555 2670 γάρ
2593 2601 2708 2669 εἰμι
2733 2599 2946 2668 Κύριος
2979 2599 3010 2649 ό
3041 2595 3183 2660 Θεός
3231 2608 3369 2655 σου,
3425 2593 3457 2644 ὁ
3508 2589 3618 2644 dra-

400 2691 597 2762 rardw
621 2708 696 2747 σε
720 2693 789 2746 ἐκ
826 2691 944 2763 γῆς
970 2694 1294 2763 Αἰγύπτου.

473 2807 639 2865 Vens.
673 2810 873 2874 14,15.
905 2809 965 2864 Si
991 2811 1216 2881 populus
1242 2828 1384 2868 meus
1407 2814 1640 2869 audisset
1671 2832 1773 2878 me,
1813 2813 1986 2868 Israel

402 2907 446 2960 si
471 2906 522 2958 in
549 2905 646 2959 viis
681 2905 806 2958 meis
833 2905 1157 2960 ambulasset
1177 2948 1191 2972 ,
1223 2923 1317 2975 pro
1346 2906 1511 2960 nihilo
1543 2909 1773 2974 forsitan
1801 2910 1987 2962 inimi~

404 3016 492 3053 cos
547 3013 730 3052 eorum
773 2997 1161 3064 humiliassem,
1214 3009 1263 3052 et
1319 3017 1474 3071 super
1528 3001 1841 3058 tribulantes
1899 3020 1987 3058 eos

405 3091 668 3144 misissem
700 3106 914 3143 manum
946 3107 1136 3145 meam.
1163 3091 1304 3146 lram
1336 3093 1538 3166 quippe
1581 3094 1674 3151 Dei
1703 3111 1816 3151 non
1845 3095 1991 3164 inju-

407 3183 488 3235 n'a
513 3198 613 3236 nec
642 3182 762 3237 sine
785 3197 951 3237 causa
983 3180 1270 3237 Iudaicam
1321 3184 1590 3240 invasisse
1617 3194 1832 3255 gentem
1870 3187 1989 3241 suf-

409 3272 657 3328 ﬁcienter
693 3271 960 3328 defendit.
998 3272 1338 3344 Videturque
1364 3276 1497 3330 mihi
1532 3276 1598 3330 ad
1623 3277 1995 3348 precedentos

409 3364 902 3434 interrogationes:
932 3362 1152 3434 thuid,
1172 3365 1334 3432 Deus,
1355 3366 1601 3436 repulisti
1617 3370 1671 3422 in
1687 3370 1866 3438 ﬁnem,
1886 3372 1997 3422 irao

414 3468 498 3511 tus
525 3466 600 3510 est
633 3457 784 3525 furor
809 3466 928 3510 tuus
957 3474 1114 3526 super
1142 3474 1258 3512 oves
1309 3475 1520 3528 pascua:
1545 3469 1651 3514 tua:
1673 3461 1758 3514 "1!
1791 3475 1853 3515 ac
1875 3477 1999 3515 rur-

413 3562 534 3601 sum
561 3566 573 3600 :
603 3545 800 3617 thuid
813 3545 1129 3600 destruxisti
1154 3548 1439 3601 maceriam
1453 3548 1592 3618 ejus,
1609 3559 1658 3602 et
1677 3549 1999 3604 vindemiant

413 3655 530 3693 eam
559 3655 736 3693 omnes
763 3640 855 3709 qui
895 3639 1407 3710 pra’tergrediuntur
1460 3641 1601 3694 viam
1630 3641 1719 3693 ”?
1772 3657 1999 3713 respon-

415 3733 626 3788 sionem
681 3732 992 3788 instituerc.
1027 3731 1160 3787 Nam
1193 3749 1303 3801 qua
1335 3733 1403 3789 de
1453 3748 1619 3790 causa
1676 3735 1792 3791 hinc
1850 3737 2000 3807 passi

417 3825 568 3889 sint,
591 3823 836 3880 declarat
863 3824 952 3881 his
977 3826 1160 3881 verbis
1192 3846 1203 3880 :
1246 3825 1385 3892 Quia
1407 3843 1514 3881 non
1546 3827 1756 3882 audivit
1771 3830 2000 3900 populus

418 3933 564 3972 meus
589 3934 762 3973 vocem
796 3936 988 3987 meam,
1014 3929 1064 3973 et
1114 3919 1288 3974 Israel
1321 3936 1424 3973 non
1453 3921 1682 3974 intendit
1713 3922 1872 3986 mihi;
1904 3933 1957 3978 et
1987 3943 1997 3976 :

420 4011 480 4067 Si
511 4012 734 4082 populus
763 4030 906 4068 meus
938 4013 1173 4067 audisset
1216 4029 1318 4078 me,
1351 4011 1524 4066 Israel
1562 4015 1608 4067 si
1637 4014 1691 4066 in
1723 4015 1823 4067 viis
1877 4017 2003 4069 meis

421 4105 768 4172 ambulasset,
799 4123 894 4174 pro
929 4106 1098 4160 nihilo
1149 4107 1382 4177 forsitan
1431 4106 1674 4163 inimicos
1704 4125 1885 4162 eorum
1915 4110 2008 4161 liu-

421 4197 736 4252 ntiliassem.
782 4197 890 4252 Pro
920 4214 1030 4268 quo
1071 4197 1434 4269 Symmachus
1461 4200 1852 4270 interpretatus
1871 4213 1956 4257 est
1988 4221 2001 4254 :

421 4287 492 4342 In
527 4290 750 4344 minimo
782 4290 1013 4360 forsitan
1036 4291 1282 4345 inimicos
1302 4300 1486 4347 eorum
1525 4293 1791 4359 vicissem,
1829 4303 1878 4347 et
1910 4309 2006 4348 su-

421 4398 515 4449 per
544 4381 880 4436 adversarios
915 4397 1096 4436 corum
1123 4385 1493 4438 convertissem
1541 4401 1758 4438 manum
1813 4402 2004 4440 meam.

422 4471 552 4528 Haec
585 4488 717 4529 sane
748 4471 1027 4538 fecissem,
1051 4475 1248 4543 inquit,
1275 4482 1470 4530 contra
1511 4474 1769 4531 inimicos
1798 4476 2006 4550 populi,

2165 2815 2238 2868 Ei
2272 2814 2304 2866 ὁ
2331 2811 2480 2876 λαός
2502 2826 2621 2878 μου
2651 2805 2881 2876 ἥκουσέ
2900 2822 3040 2875 μου,
3080 2801 3334 2871 Ἰσραὴλ
3354 2800 3472 2868 ταῖς
3499 2801 3622 2867 ὁδοῖς

2088 2925 2208 2978 μου
2243 2907 2293 2958 εὶ
2317 2903 2612 2972 ἐπορεύθη
2634 2916 2647 2930 ·
2673 2900 2743 2952 ἑν
2776 2897 2854 2963 τῷ
2892 2896 3106 2967 μηδενὶ
3139 2892 3218 2949 ἂν
3249 2895 3390 2961 τοὺς
3423 2894 3622 2964 ἐχθροὺς

2093 2997 2292 3055 αὐτῶν
2312 2996 2705 3056 ἐταπείνωσα,
2725 2992 2825 3045 καὶ
2839 2992 2937 3045 ἐπὶ
2960 2990 3099 3056 τοὺς
3123 2990 3438 3055 θλίϐοντας
3453 2988 3624 3052 αὐτοὺς

2095 3093 2395 3147 ἐπέϐαλον
2417 3091 2493 3144 ἂν
2517 3091 2632 3158 τὴν
2660 3086 2828 3158 χεῖρά
2845 3105 2986 3157 μου.
3017 3084 3242 3148 Ἰκανῶς
3266 3082 3623 3152 ἀπολελόγητσι,

2093 3187 2176 3240 ὅτι
2210 3186 2284 3257 μὴ
2316 3184 2554 3256 ἀκρίτως
2590 3182 2726 3252 μήτε
2755 3180 2831 3243 ὡς
2857 3179 3011 3249 ἔτυχε
3049 3177 3289 3250 μετῆλθε
3315 3177 3376 3229 τὸ
3412 3173 3624 3228 Ἰουδαίων

2098 3279 2250 3343 ἔθνος
2279 3281 2311 3349 ἡ
2349 3279 2414 3330 έκ
2449 3275 2588 3329 Θεοῦ
2618 3275 2775 3346 ὀργή.
2807 3273 2918 3328 Καί
2953 3290 3043 3343 μοι
3066 3272 3214 3325 δοκεῖ
3248 3271 3386 3344 πρὸς
3413 3269 3500 3332 τὰς
3520 3268 3625 3320 ἀνω-

2099 3371 2242 3442 τέρω
2283 3369 2612 3440 λελεγμένας
2657 3366 2900 3430 πεύσεις,
2941 3367 3000 3418 ὲν
3040 3363 3119 3436 τῷ
3161 3365 3292 3418 Ἵνα
3339 3363 3396 3416 τί
3437 3365 3467 3416 o'
3504 3361 3626 3423 Θεὸς,

2099 3461 2320 3516 ἀπώσω
2352 3463 2440 3527 εἰς
2473 3459 2666 3526 τέλος,
2695 3459 2953 3528 ὠργίσθη
2980 3459 3012 3510 o'
3035 3457 3223 3525 θυμός
3257 3471 3374 3509 σου
3400 3453 3489 3507 ἐπὶ
3522 3452 3628 3519 πρό·

2102 3557 2247 3608 ϐατα
2274 3552 2463 3622 νομῆς
2481 3567 2633 3616 σου;
2675 3551 2770 3605 καὶ
2796 3550 2958 3603 πάλιν
2978 3565 2991 3578 ⁸
3024 3550 3149 3603 Ἵνα
3184 3548 3246 3601 τί
3284 3545 3536 3610 καθεῖλες
3554 3542 3630 3595 τὸν

2102 3645 2376 3715 φραγμὸν
2412 3643 2623 3712 αὐτῆς,
2652 3643 2750 3698 καὶ
2797 3641 3098 3712 τρυγῶσιν
3143 3639 3344 3710 αὐτὴν
3376 3638 3572 3702 πάντες
3593 3635 3630 3688 οἱ

2103 3738 2654 3807 παραπορευόμενοι
2698 3734 2813 3804 τὴν
2851 3735 3030 3797 όδόν;
3074 3735 3173 3804 τὴν
3233 3733 3513 3803 ἀπόκρισιν
3565 3742 3632 3778 m-

2103 3831 2384 3903 ποιῆσθαι.
2406 3833 2524 3885 Ἵνα
2551 3831 2604 3884 τί
2632 3829 2740 3903 γὰρ
2767 3828 2838 3882 τὰ
2861 3827 3084 3882 τοιαῦτα
3105 3825 3410 3880 πεπόνθασι
3444 3823 3632 3877 διδάσκει

2105 3925 2278 3994 λέγων
2302 3942 2314 3954 ο
2343 3925 2468 3977 Ὅτι
2499 3925 2612 3977 οὐκ
2650 3921 2920 3991 ἤκουσεν
2952 3923 2984 3974 ὁ
3016 3919 3168 3984 λαός
3196 3936 3320 3988 μου
3347 3915 3451 3984 τῆς
3475 3907 3634 3983 φωνῆς

2100 4036 2240 4088 μου,
2281 4017 2380 4070 καὶ
2402 4016 2650 4084 Ἰσραὴλ
2677 4016 2749 4068 οὐ
2773 4012 3077 4082 προσέσχε
3097 4028 3218 4081 μοι.
3251 4009 3367 4071 καὶ,
3391 4009 3454 4062 Ei
3477 4010 3504 4059 ό
3524 4002 3633 4066 λαός

2102 4127 2222 4180 μου
2248 4107 2480 4178 ἤκουσέ
2503 4125 2648 4175 μου,
2686 4105 2934 4174 Ἰσραὴλ
2964 4105 3094 4170 ταῖς
3121 4101 3289 4168 ὁδοῖς
3316 4118 3433 4170 μου
3458 4100 3502 4151 ει
3537 4096 3634 4148 exo-

2101 4202 2286 4269 ρεύθη
2309 4217 2321 4230 ·
2363 4200 2434 4253 ἐν
2478 4199 2558 4264 τῷ
2610 4196 2829 4268 μηδενὶ
2872 4197 2949 4250 ἂν
2997 4194 3140 4260 τοὺς
3184 4191 3436 4262 ἐχθροὺς
3484 4183 3635 4242 αὐτῶν

2108 4294 2502 4348 ἐταπείνωσα.
2540 4291 2684 4344 Ἀνθ’
2714 4284 2775 4344 οὗ
2802 4292 2830 4342 6
2853 4289 3151 4360 Σύμμαχος
3173 4287 3508 4357 ήρμήνευσεν
3525 4297 3536 4309 ·
3568 4277 3636 4328 'Er

2112 4387 2397 4457 ὀλιγίστῳ
2419 4385 2496 4440 ἂν
2522 4383 2774 4454 ἐχθροὺς
2799 4383 2998 4436 αὐτῶν
3023 4381 3282 4448 ἢττησα,
3305 4375 3402 4431 καὶ
3424 4373 3512 4429 ἐπὶ
3535 4368 3636 4432 τοὺς

2112 4478 2426 4544 ἐναντίους
2459 4475 2657 4530 αὐτῶν
2700 4473 3048 4543 ἀνέστρεψα
3094 4471 3172 4526 ἂν
3202 4471 3320 4541 τὴν
3351 4465 3505 4540 χεζοά
3531 4480 3634 4533 μου

425 4566 472 4619 si
496 4565 800 4636 morigeros
825 4565 952 4620 illos
974 4565 1316 4635 habuissem,
1334 4577 1389 4623 et
1418 4568 1467 4623 si
1489 4567 1547 4622 in
1565 4567 1669 4622 viis
1693 4569 1852 4635 meis,
1871 4586 1971 4640 qua

2117 4567 2303 4622 Ταῦτα
2324 4540 2653 4637 ἃννέπραξα,
2683 4564 2838 4636 φησι,
2870 4540 3011 4618 κατὰ
3046 4561 3156 4616 τῶν
3188 4540 3396 4633 ἐχθρῶν
3422 4556 3504 4612 τοῦ
3525 4550 3635 4656 λαοῦ,

424 4659 870 4729 praescripseram
903 4659 1062 4730 ipsis,
1097 4659 1476 4715 incessissent.
1523 4659 1684 4716 Nunc
1718 4676 1849 4719 vero
1883 4678 1971 4716 cui

2118 4661 2166 4713 ei
2196 4659 2352 4729 ἔσχον
2386 4657 2584 4720 αὐτοὺς
2620 4656 2914 4728 ὑπηκόους,
2946 4654 3041 4708 καὶ
3071 4655 3122 4707 εἰ
3153 4656 3272 4716 ταῖς
3301 4653 3436 4713 ὁδοῖς
3467 4665 3552 4720 μου
3575 4653 3637 4703 αἱς

424 4752 854 4821 inobsequentes
883 4761 938 4807 et
995 4752 1332 4823 immorigeri
1381 4751 1509 4807 facti
1549 4753 1682 4818 sint,
1731 4769 1854 4809 sese
1903 4755 1971 4824 ip:

2115 4751 2450 4822 διεταξάμην
2477 4750 2662 4812 αὐτοῖς
2694 4747 3089 4821 ἐπορεύθησαν.
3113 4745 3228 4798 Νῦν
3254 4745 3312 4798 δὲ
3348 4744 3546 4812 ἀνήκοοι
3571 4734 3637 4790 καὶ

426 4841 682 4898 inimicos
703 4841 800 4896 Dei
827 4841 1255 4896 constituerunt.
1293 4839 1498 4898 Deinde
1547 4840 1812 4910 quoniam
1835 4841 2010 4912 Spiri-

427 4945 516 4990 tus
547 4943 777 4992 sanctus
832 4934 1216 5006 immorigeros
1263 4943 1318 4988 et
1374 4934 1804 5006 inobsequentes
1868 4935 2014 4999 illos,

426 5029 690 5100 populum
722 5044 882 5085 suum
913 5043 1012 5100 per
1044 5029 1405 5084 humanitatis
1438 5029 1885 5098 exsuperantiam
1916 5045 2016 5084 vo-

427 5125 597 5188 cavit,
629 5123 790 5179 docet
815 5124 1115 5189 neminem,
1137 5123 1229 5192 qui
1261 5138 1388 5178 vere
1419 5122 1653 5192 populus
1671 5120 1764 5177 Dei
1787 5124 1880 5189 sit,
1913 5121 2021 5193 ipsi

433 5223 889 5286 repugnaturum.
940 5214 1305 5283 Quamobrem
1371 5215 1536 5272 infert
1568 5215 1872 5272 :—Vsns.
1928 5217 2019 5271 16.

433 5308 651 5362 Inimici
679 5309 894 5363 Domini
924 5310 1130 5363 mentiti
1153 5319 1275 5362 sunt
1307 5309 1392 5371 ei;
1426 5311 1728 5364 secundum
1767 5308 2019 5381 Symma-

433 5401 599 5456 chum
631 5411 855 5457 autem:
893 5402 1183 5459 Dominum
1224 5418 1444 5456 exosum
1485 5403 1823 5474 faciunt,qui
1872 5419 2020 5458 men-

437 5495 647 5548 tiuntur
673 5497 796 5562 ipsi.
849 5496 1122 5568 Additquc
1159 5517 1170 5550 :
1205 5495 1273 5549 Et
1315 5497 1415 5550 erit
1469 5507 1670 5566 tempus
1721 5512 1906 5551 eorum
1966 5496 2022 5548 in

438 5587 712 5641 saeculum.
746 5588 974 5646 Etiamsi
1006 5591 1153 5646 enim
1200 5589 1329 5642 talia
1351 5589 1471 5644 ausi
1521 5589 1746 5656 fuerint,
1777 5597 2019 5644 attamen

438 5691 682 5744 prmscns
711 5680 973 5732 saeculum
1022 5681 1368 5736 obtinebunt.
1406 5682 1472 5736 Et
1507 5683 1610 5736 hoc
1659 5696 1848 5738 eorum
1885 5689 2024 5735 tem-

510 5833 552 5863 ’⁷
594 5830 751 5885 llum.
791 5847 835 5897 ι,
875 5833 963 5886 2-1.
1043 5838 1085 5868 ⁸⁸
1126 5835 1270 5890 l‘sal.
1310 5852 1513 5903 tum,
1559 5845 1603 5892 ι.

2116 4845 2365 4907 ἀπειθεῖς
2385 4841 2687 4913 γενόμενοι,
2720 4841 2873 4895 αὐτοὶ
2909 4840 3136 4901 ἑαυτοὺς
3174 4838 3401 4909 ἐχθροὺς
3423 4833 3506 4887 τοῦ
3539 4824 3637 4883 Θεοῦ

2123 4937 2490 5008 κατέστησαν.
2542 4932 2654 4988 Εἶτ’
2701 4933 3002 5004 ἐπειδήπερ
3053 4931 3183 4984 λαὸν
3241 4927 3404 4983 αὐτοῦ
3440 4923 3639 4994 ὠνόμασε

2124 5034 2249 5095 τοὺς
2283 5031 2526 5093 ἀπειθεῖς
2560 5029 2654 5081 καὶ⁹
2705 5026 2966 5096 ἀνηκόους
3007 5023 3128 5078 καθ’
3175 5020 3469 5095 ὑπερϐολὴν
3502 5015 3640 5086 φιλαν-

2124 5125 2371 5196 θρωπίας
2400 5124 2460 5176 τὸ
2511 5121 2737 5192 Πνεῦμα
2774 5119 2834 5178 τὸ
2872 5119 3063 5188 ἅγιον,
3109 5117 3349 5170 διδάσκει
3396 5114 3471 5166 ὅτι
3511 5105 3641 5196 οὐδες

2125 5187 2245 5285 Θεῷ
2270 5213 2588 5284 ἁπειθήσειε
2623 5187 2755 5272 λαὸς
2775 5187 2962 5261 αὐτοῦ.
2987 5205 3079 5259 Διὸ
3102 5204 3342 5272 ἐπιλέγει
3366 5219 3377 5231 ·
3403 5202 3462 5253 Ol
3487 5187 3638 5262 ἐχθροὶ

2126 5307 2346 5374 Kvpiov
2373 5305 2716 5373 ἐψεύσαντο
2761 5300 2922 5365 αὐτῷ
2941 5319 2954 5330 ο
2995 5297 3138 5352 κατὰ
3167 5297 3224 5350 δὲ
3249 5297 3340 5349 τὸν
3371 5292 3637 5362 Σύμμαχον

2097 5398 2444 5455 ’Μισοποιοὶ
2464 5399 2686 5466 Κυρίου
2713 5398 2767 5450 ol
2794 5390 3168 5463 ψευσάμενοι
3203 5386 3375 5452 αὐτῷ.
3395 5383 3492 5439 Καὶ
3512 5389 3636 5447 προσ·

2123 5492 2308 5564 τίθησι
2326 5508 2340 5522 '
2375 5490 2486 5546 Καὶ
2516 5490 2689 5546 ἔσται
2715 5491 2747 5542 ὀ
2783 5486 2987 5554 καιρὸς
3019 5481 3222 5538 αὐτῶν
3250 5483 3334 5546 εὶς
3358 5476 3456 5531 τὸν
3481 5469 3635 5564 “uim

2125 5588 2189 5640 Εἰ
2211 5585 2321 5657 γὰρ
2349 5586 2441 5638 καὶ
2465 5582 2691 5638 τοιαῦτα
2719 5579 3137 5650 τετολμήκασιν,
3161 5577 3308 5646 ὅμως
3335 5571 3419 5623 τὸν
3451 5561 3637 5657 περόνῖί

2129 5679 2299 5732 αἰῶνα
2325 5677 2526 5742 ἕξουσι.
2571 5674 2683 5729 Καὶ
2737 5665 2893 5733 οὗτός
2934 5671 3082 5723 ἐστιν
3121 5665 3299 5720 αὐτῶν
3328 5663 3356 5715 ὀ
3383 5653 3558 5726 καιρὸςο
3595 5659 3634 5696 εν

1683 5842 1724 5871 ³³
1771 5838 1911 5895 l‘sal.
1953 5855 2139 5903 αλιι,
2184 5838 2264 5892 15.
