3798 6282
132 354 224 413 931
1272 344 1781 401 COMMENTARIA
1821 344 1886 399 IN
1926 344 2052 400 PSA
2063 342 2265 400 LMOS.

3275 348 3377 403 982

138 470 177 543 ᾧ
203 468 287 524 καὶ
329 462 464 536 μετὰ
494 460 735 516 τοσαῦτα
770 459 1219 531 πλημμελήματα
1248 458 1556 528 ἐψώμισεν
1587 461 1694 513 σὼ

1877 475 1903 513 s
1932 465 2036 522 est,
2070 474 2180 527 quo
2214 463 2337 528 post
2379 464 2460 511 tot
2519 467 2777 529 tantaque
2827 460 3034 516 scelera
3068 460 3256 533 (Vsus.
3286 463 3375 532 Π)

136 564 260 628 τοὺς
304 560 370 611 ἐκ
428 555 681 621 στέατος
741 553 956 622 πυροῦ,
996 552 1098 606 καὶ
1148 554 1217 605 ἐκ
1281 551 1500 620 πέτρας
1551 551 1691 622 μέλι

132 657 439 725 ὲχόρτασεν
490 649 728 714 αὐτούς.
769 646 927 699 Κατὰ
966 644 1125 699 τοῦτο
1163 646 1220 699 δὲ
1266 645 1502 717 ἐπλήρου
1565 662 1693 699 κατ-

134 747 350 816 αξιώσας
397 743 595 805 αὐτοὺς
637 742 737 811 τῆς
781 739 990 802 οἰκείας
1024 740 1251 811 τροφῆς,
1307 738 1368 790 οὐ
1408 737 1566 809 μόνον
1593 737 1692 807 τῆς

135 834 452 909 σωματικῆς,
484 832 620 886 ἀλλὰ
654 831 881 901 καὶτῆς
929 829 1256 900 ἐπουρανίου
1306 828 1401 882 καὶ
1452 844 1693 896 πνευμα-

134 930 303 1000 τικῆς,
337 926 571 997 ὁπηνίκα
606 924 842 996 πρώτοις
875 924 1060 986 αὐτοῖς
1100 922 1365 993 ἐπεδήμει
1400 924 1427 974 6
1458 921 1692 992 Χριστὸς

132 1020 213 1075 τοῦ
263 1017 414 1084 Θεοῦ,
449 1017 652 1090 τροφὴν
711 1017 894 1079 αὐτοῖς
956 1017 1184 1086 παρεῖχε
1233 1014 1325 1067 τὸν
1369 1012 1693 1084 ἐπουράνιον

132 1117 280 1186 ἄρτον
313 1111 470 1175 αὐτὸς
504 1110 716 1163 ἑαυτόν.
751 1108 826 1161 Οὐ
868 1108 972 1179 μὴν
1000 1106 1137 1161 ἀλλὰ
1174 1106 1270 1160 καὶ
1295 1104 1569 1176 ἐψώμισεν
1597 1104 1693 1158 αὑ-

131 1210 243 1269 τοὺς
276 1210 337 1260 ἐκ
370 1206 532 1259 πέντε
580 1203 759 1275 ἄρτων
794 1199 1111 1274 παραδόξως
1157 1201 1250 1253 ἐπὶ
1306 1199 1404 1269 τῆς
1450 1198 1688 1269 ἐρήμουο

130 1303 303 1371 ὥσπερ
333 1298 501 1351 πάλαι
535 1296 625 1349 διὰ
645 1296 892 1359 Μωσέως
926 1295 987 1347 τὸ
1027 1294 1216 1365 μάννα.
1258 1292 1378 1345 Ἔτι
1410 1291 1467 1343 δέ
1505 1290 1601 1343 καὶ
1623 1290 1692 1342 ἐκ

128 1394 331 1462 πέτρας
357 1390 499 1461 μέλι
536 1390 864 1459 ἐχόρτασεν
894 1388 1146 1446 αὐτούς’
1186 1385 1361 1458 πέτρα
1398 1383 1454 1437 δὲ
1491 1378 1560 1454 ῆν
1592 1382 1694 1436 αὐ-

129 1488 226 1551 τὸς,
257 1482 505 1556 χορηγῶν
558 1482 741 1545 αὐτοῖς
786 1481 854 1535 τὰ
896 1480 1079 1550 πάσης
1122 1478 1315 1550 ἡδονῆς
1365 1477 1459 1530 καί
1494 1474 1693 1537 παντὸς

132 1576 324 1648 μέλιτος
356 1573 666 1643 γλυκύτερα
719 1571 1015 1643 μαθήματα
1038 1611 1053 1635 ,
1089 1570 1216 1640 περὶ
1264 1562 1339 1622 ὧν
1377 1563 1445 1639 ἦν
1480 1566 1653 1619 εἰπεῖν
1676 1582 1693 1595 ο

140 1672 225 1734 Ὧς
246 1666 471 1738 γλυκέα
494 1666 565 1720 τὰ
590 1665 766 1736 λόγιά
808 1682 924 1719 σου
957 1662 1036 1729 τῷ
1076 1662 1337 1733 φάρυγτί
1366 1678 1485 1730 μου
1502 1659 1524 1711 .’
1543 1657 1695 1726 ὑπὲρ

124 1761 247 1832 μέλι
293 1759 370 1825 τῷ
407 1759 669 1827 στόματί
698 1776 840 1827 μου.
890 1757 1002 1809 Καὶ
1035 1756 1201 1809 πάλαι
1244 1754 1303 1807 δέ
1335 1752 1422 1806 διὰ
1450 1750 1696 1814 Μωσέως

1800 552 2096 606 cibaviteos
2129 566 2195 605 ea:
2224 550 2377 619 adipe
2403 550 2679 619 frumenti,
2708 562 2757 606 et
2781 552 2845 607 de
2875 565 3025 625 petra
3053 554 3203 608 melle
3230 564 3379 609 satu-

1801 648 1939 699 ravit
1967 661 2077 699 eos.
2121 642 2277 698 Tunc
2308 659 2472 715 porro
2504 644 2630 700 illos
2658 646 2883 716 proprio
2904 647 3031 702 cibo
3057 648 3266 719 replere
3292 647 3379 703 di-

1799 746 2001 807 gnatus
2029 747 2137 802 est,
2169 752 2281 792 non
2307 752 2573 808 corporeo
2606 738 2807 803 solum,
2838 738 2932 793 sed
2953 740 3122 794 etiam
3168 741 3378 797 ctelesti

1799 839 1853 886 et
1872 831 2163 899 spirituali,
2187 846 2311 885 cum
2341 828 2409 885 ad
2428 831 2575 900 ipsos
2592 830 2799 901 primos
2821 829 3079 887 Christus
3100 831 3192 887 Dei
3222 848 3380 903 pere-

1801 925 2055 995 grinatus
2098 932 2182 979 est
2231 930 2396 994 atque
2440 923 2494 977 in
2535 923 2718 978 cibum
2768 923 2924 991 ipsis,
2955 925 3233 979 cmlestem
3283 939 3380 994 pa—

1800 1030 1948 1080 nem,
1974 1014 2186 1069 scilicet
2214 1014 2480 1083 seipsum,
2507 1014 2674 1069 dedit.
2717 1012 2860 1079 Quin
2884 1014 3045 1068 etiam
3079 1013 3136 1067 in
3160 1014 3376 1069 deserto

1799 1122 1865 1163 ex
1886 1109 2129 1178 quinque
2156 1107 2390 1177 panibus
2418 1106 2743 1162 mirabiliter
2786 1106 2992 1161 cibavit
3048 1121 3179 1173 eos;
3234 1106 3378 1162 sicut

1799 1201 1928 1255 olim
1960 1214 2057 1271 per
2112 1198 2350 1271 Moysem
2389 1212 2590 1254 manna
2627 1198 2912 1269 impertiit.
2946 1196 3284 1268 lnsuperque
3313 1212 3384 1254 ea:

1798 1303 1949 1363 petra
1979 1292 2133 1347 melle
2161 1292 2423 1346 saturavit
2476 1309 2563 1346 eos
2596 1309 2614 1345 :
2651 1300 2805 1363 petra
2858 1299 3041 1347 autem
3096 1291 3211 1360 ipse
3236 1299 3382 1356 erat,

1800 1386 2126 1455 disciplinas
2153 1401 2305 1452 suas,
2339 1384 2584 1455 qualibet
2632 1385 2911 1454 voluptate
2936 1399 3000 1439 ac
3051 1383 3211 1438 melle
3259 1384 3381 1438 dul-

1801 1481 2001 1543 ciores,
2029 1478 2164 1549 ipsis
2190 1478 2569 1549 suppeditans,
2607 1477 2674 1532 de
2705 1476 2911 1547 quibus
2948 1477 3134 1532 dicere
3162 1477 3326 1531 liceat
3361 1492 3379 1530 :

1804 1573 1977 1640 Quam
2009 1573 2190 1627 dulcia
2214 1571 2458 1641 faucibus
2511 1571 2639 1625 meis
2672 1570 2881 1640 eloquia
2928 1570 3061 1623 tua!
3093 1585 3250 1638 super
3276 1567 3381 1621 mel

1800 1666 1882 1719 ori
1912 1681 2024 1719 meo
2056 1665 2095 1718 ί.
2124 1663 2266 1719 Olim
2298 1666 2429 1718 item
2483 1678 2580 1732 per
2624 1662 2859 1733 Moysem
2887 1678 2955 1729 ex
2991 1668 3142 1731 petra
3174 1661 3382 1730 potavit

1800 1773 1918 1813 eos.
1957 1756 2061 1813 Mel
2083 1765 2261 1811 autem
2293 1756 2362 1811 de
2396 1764 2569 1827 petra,
2602 1756 2692 1812 hic
2722 1771 2830 1810 non
2878 1756 2987 1809 alio
3014 1768 3178 1824 quam
3219 1753 3382 1807 intel-

128 1858 185 1908 ὲκ
206 1854 404 1926 πέτρας
430 1853 616 1916 αὐτοῖς
649 1854 877 1924 παρεῖχε
905 1850 1087 1903 ποτόν.
1120 1847 1251 1902 Μέλι
1279 1848 1337 1901 δὲ
1369 1844 1604 1900 ἐνταῦθα
1634 1846 1694 1899 τδ

1874 1848 1999 1905 endi
2051 1864 2206 1904 more
2255 1849 2546 1919 excipias:
2584 1848 2845 1919 quoniam
2894 1847 3014 1917 ipse
3048 1844 3263 1917 Moyses
3321 1845 3378 1899 in

128 1949 185 2000 ἐκ
219 1946 419 2017 πέτρας
463 1946 571 1999 οὐδ’
605 1945 781 2010 ἄλλως
833 1944 866 2014 ἢ
910 1942 1053 1996 κατά
1097 1941 1337 1994 διάνοιαν
1375 1938 1695 1993 ἐκδεκτέον

127 2038 236 2090 ἐπεὶ
262 2038 350 2090 καὶ
377 2037 542 2100 αὐτὸς
578 2037 781 2107 Μωσῆς
818 2035 915 2106 τὴν
961 2034 1130 2105 αὐτὴν
1157 2032 1336 2102 τίθησι
1364 2030 1691 2102 μαρτυρίαν,

128 2127 282 2196 λέγων
308 2130 366 2181 ἐν
398 2128 613 2199 μεγάλῃ
648 2128 759 2198 ᾠδῇ
777 2145 790 2157 ⁸
830 2126 1172 2193 Ἐθήλασαν
1189 2123 1330 2194 μέλι
1355 2123 1423 2177 ἑκ
1452 2120 1691 2190 πέτρας,

128 2221 213 2277 καὶ
250 2221 457 2275 ἔλαιον
493 2221 562 2274 ἐκ
609 2218 861 2289 στερεᾶς
905 2218 1144 2287 πέτρας.
1174 2218 1353 2287 Ἀπερ
1410 2214 1547 2287 πρὸς
1598 2214 1696 2284 μὲν

125 2308 270 2380 ψιλὴν
292 2309 384 2381 τὴν
413 2310 566 2376 λέξιν
593 2312 691 2380 οὐχ
713 2310 1040 2379 ὑφέστηκεν,
1066 2306 1447 2379 ἀλληγορικῶς
1465 2306 1522 2358 δὲ
1553 2304 1697 2357 κατὰ

129 2402 280 2472 μόνην
307 2400 400 2472 τὴν
421 2400 667 2454 διάνοιαν
688 2399 1032 2467 ἐξακούεται.
1064 2399 1235 2461 Αὐτὸς
1271 2398 1379 2467 γὰρ
1409 2398 1437 2449 ὁ
1462 2396 1696 2467 Χριστὸς

126 2497 361 2568 ή-πέτρα,
385 2496 565 2550 ταῦτα
588 2496 765 2549 πάντα
794 2494 1050 2565 παρέχων
1076 2493 1261 2556 αὐτοῖς
1292 2491 1379 2544 διὰ
1402 2491 1502 2560 τῆς
1530 2490 1695 2544 αὐτοῦ

126 2586 482 2653 διδασκαλίας,
509 2588 573 2639 οὐ
601 2584 725 2638 καθ’
753 2584 812 2638 ὃν
839 2584 1029 2655 χρόνον
1061 2582 1321 2653 ἐπεδήμει
1354 2581 1533 2652 μόνον,
1562 2579 1698 2633 ἀλλά

126 2680 211 2735 καὶ
236 2680 338 2752 πρὸ
362 2681 467 2751 τῆς
499 2681 764 2751 ἐνσάρκου
797 2677 1092 2749 ἐπιδημίας
1114 2674 1278 2729 αὐτοῦ
1295 2691 1308 2703 ·
1337 2674 1413 2737 ὡς
1442 2673 1501 2737 ἐξ
1527 2673 1698 2727 ᾶπαν-

125 2788 206 2835 τος
237 2774 431 2836 αὐτοὺς
465 2773 561 2842 μὲν
599 2768 735 2825 εἶναι
766 2769 1224 2840 ἀναπολογήτους,
1254 2765 1468 2819 δικαίαν
1509 2765 1564 2817 δὲ
1599 2763 1698 2835 τὴν

129 2861 211 2916 τοῦ
228 2864 354 2916 Θεοῦ
376 2864 564 2936 κρίσιν
595 2863 733 2935 μετά
760 2862 827 2916 τὰ
850 2862 1088 2915 τοσαῦτα
1110 2861 1209 2931 τὴν
1227 2857 1499 2929 ἀποϐολὴν
1519 2856 1698 2910 αὐτῶν

126 2955 517 3025 ἐργασαμένην.
553 2952 714 3007 Ἀλλά
744 2952 854 3024 γὰρ
882 2951 1054 3004 ταῦτα
1093 2951 1240 3021 ἡμᾶς
1263 2948 1389 3012 τοὺς
1427 2947 1485 3013 ἐξ
1531 2946 1700 2999 ἐθνῶν

125 3047 207 3098 ἐπὶ
246 3048 341 3119 τὴν
373 3046 561 3100 ἔνθεον
614 3045 932 3115 ἀγαλλίασιν
965 3043 1052 3096 διὰ
1100 3042 1207 3096 τῶν
1242 3039 1472 3113 πρώτων
1504 3039 1702 3110 κεκλη-

129 3138 303 3207 μένους
327 3141 355 3193 ὁ
399 3140 565 3209 λόγος
604 3138 843 3192 διδάσκει
886 3133 1466 3208 προφυλαττομένους,
1513 3132 1587 3205 μή
1620 3148 1699 3203 πη

126 3233 226 3294 τοῖς
248 3232 459 3301 ὁμοίοις
495 3233 588 3284 καὶ
621 3230 774 3285 αὐτοί
804 3246 934 3283 ποτε
969 3226 1383 3300 περιπέσωμεν.

501 3382 793 3436 ΨΛΛΜΟΣ
831 3382 919 3451 Τῼ
963 3381 1157 3434 ΑΣΑΦ.
1201 3379 1326 3432 HA'.

196 3517 255 3569 ’θ’
279 3518 422 3584 Θεὸς
468 3516 619 3585 έστη
669 3508 738 3570 ἐν
781 3514 1105 3585 συναγωγῇ
1134 3514 1303 3580 θεῶν,
1331 3516 1401 3567 έν
1426 3514 1594 3584 μέσῳ
1630 3515 1702 3570 δὲ

121 3609 282 3677 θεοὺς
310 3611 625 3679 διακρίνει.
643 3611 702 3662 '0
738 3610 837 3681 μὲν
862 3611 966 3682 πρὸ
995 3610 1184 3663 τούτου
1215 3610 1374 3677 λόγος
1402 3611 1702 3681 κατηγορεῖ

119 3704 204 3758 τοῦ
236 3706 439 3769 παντὸς
476 3703 746 3757 Ἰουδαίων
778 3703 929 3768 λαοῦ,
958 3702 1145 3772 σαφῶς
1172 3702 1265 3755 τοῦ
1296 3701 1431 3755 Θεοῦ
1461 3703 1697 3771 φάσκον-

120 3811 234 3859 τος·
282 3798 403 3850 Οὐκ
440 3794 710 3864 ἤκουσεν
750 3798 782 3848 ό
826 3796 977 3860 λαός
1013 3812 1133 3863 μου
1176 3792 1287 3861 τῆς
1320 3792 1528 3861 φωνῆς
1553 3811 1695 3862 μου,

120 3888 210 3941 καὶ
251 3888 493 3958 Ἰσραὴλ
532 3890 603 3942 οὐ
638 3885 945 3956 προσέσχε
987 3903 1106 3954 μοι.
1152 3884 1262 3938 Καὶ
1300 3882 1700 3950 ἐξαπέστειλα

120 3980 329 4047 αὐτοὺς
353 3980 508 4034 κατὰ
544 3979 615 4033 τὰ
665 3977 1102 4045 ἐπιτηδεύματα
1138 3975 1250 4045 τῆς
1298 3973 1549 4043 καρδίας
1592 3976 1699 4029 αὺ-

118 4070 257 4125 τῶν·
316 4073 412 4125 καὶ
456 4071 657 4125 πάλιν*
709 4073 779 4123 El
834 4072 865 4123 ό
919 4071 1069 4135 λαός
1106 4087 1221 4136 μου
1265 4067 1495 4134 ἤκουσέ
1538 4085 1697 4139 μου,

130 4164 362 4233 Ἰσραὴλ
389 4165 522 4231 ταῖς
547 4163 709 4230 ὁδοῖς
727 4182 847 4233 μου
875 4166 929 4217 εὶ
956 4164 1271 4232 ἐπορεύθηο
1304 4162 1467 4228 ἐντῷ
1483 4161 1699 4232 μηδενὶ

119 4256 189 4310 ἂν
233 4259 375 4324 τοὺς
422 4258 675 4328 ἐχθροὺς
716 4257 916 4310 αὐτῶν
957 4255 1362 4309 ἐταπείνωσω
1406 4256 1433 4309 ὁ
1479 4254 1536 4307 δὲ
1566 4253 1703 4324 μετά

119 4350 296 4420 χεῖρας
349 4349 660 4413 ἀκολούθως
707 4349 936 4411 ἐκείνοις
978 4346 1086 4401 τῶν
1134 4347 1412 4419 προέδρων
1443 4344 1537 4400 τοῦ
1570 4343 1701 4399 λαοῦ

119 4443 444 4511 κατηγορείυ
494 4439 570 4503 ὼς
603 4439 739 4510 πρὸς
786 4440 1020 4509 ἄρχοντα
1060 4436 1191 4505 γοῦν
1219 4438 1312 4491 καὶ
1338 4436 1532 4508 κριτὰς
1564 4438 1703 4489 ἀπο-

118 4534 345 4587 τείνεται
396 4533 576 4601 λέγων
600 4548 615 4562 ’
655 4533 807 4597 Ἕως
846 4534 991 4585 πότε
1031 4531 1263 4599 κρίνετε
1304 4529 1563 4591 ἀδικίαν,
1604 4529 1702 4583 καὶ

118 4626 406 4693 πρόσωπα
439 4622 805 4694 ἁμαρτωλῶν
839 4621 1209 4692 λαμϐάνετε;
1265 4623 1517 4690 Κρινατε
1549 4634 1701 4673 πτω-

117 4716 224 4783 χόν
266 4716 367 4769 καὶ
414 4716 717 4780 ταπεινόν,
747 4715 1013 4784 ὀρφανόν
1043 4715 1141 4768 καὶ
1190 4713 1419 4781 πένητα
1465 4712 1700 4766 δικαιώο

114 4826 276 4863 cars.
315 4807 453 4864 Εἶτα
495 4808 770 4877 ἐπιλέγει·
822 4808 962 4878 Ἐγὼ
995 4808 1165 4861 ταῦτα
1216 4804 1660 4878 παρεκελευόμην
1683 4822 1695 4835 ·

115 4898 161 4948 οί
190 4898 244 4950 δὲ
272 4901 387 4953 οὐκ
426 4899 701 4969 ένγωσαν
725 4898 868 4953 οὐδὲ
899 4898 1202 4968 συνῆκαν,
1246 4899 1316 4952 έν
1342 4899 1546 4951 σκότει
1572 4896 1698 4951 δια-

116 4992 489 5059 πορεύονται.
517 4993 685 5056 Θεοὺς
713 4992 769 5045 δὲ
802 4992 999 5055 αὐτοὺς
1029 4991 1314 5055 ἀποκαλεῖ,
1347 4989 1570 5061 ῆτοιδιά
1600 4989 1699 5061 τὴν

114 5083 275 5156 τιμὴν
305 5085 373 5155 ἢν
409 5086 680 5157 ἀπένεμεν
714 5085 898 5149 αὐτοῖς
927 5087 957 5139 6
980 5086 1107 5150 λαός
1127 5105 1138 5118 ·
1188 5084 1331 5138 οὕτω
1367 5084 1504 5154 μετὰ
1550 5084 1701 5137 πλεί-

116 5190 237 5228 στου
273 5176 442 5245 φόὸου
469 5181 564 5232 καὶ
592 5178 758 5249 τιμῆς
789 5176 1025 5248 προσιὼν
1060 5178 1248 5242 αὐτοῖς
1273 5177 1405 5229 ὡσεὶ
1427 5177 1520 5230 καὶ
1552 5176 1701 5247 αὐτῷ

114 5265 187 5336 τῷ
220 5267 340 5339 Θεῷ
362 5285 377 5299 ·
425 5270 458 5339 ἦ
503 5270 801 5342 ἐπειδήπερ
833 5268 1012 5341 χώραν
1058 5269 1193 5323 Θεοῦ
1233 5270 1449 5340 ἐπεῖχον
1481 5269 1542 5322 τὸ
1579 5270 1703 5341 κρί-

113 5376 221 5412 νειν
245 5360 689 5433 ἀναδεδεγμένοι,
725 5362 1044 5427 κολάζοντές
1078 5379 1139 5413 τε
1178 5362 1272 5416 καὶ
1303 5361 1702 5432 τιμωρούμενοι

115 5452 239 5514 τοὺς
268 5451 595 5518 ἀδικοῦντας
631 5453 771 5508 κατὰ
801 5455 890 5506 τὸν
926 5456 1053 5525 παρ’
1088 5455 1273 5516 αὐτοῖς
1310 5453 1504 5523 νόμον
1537 5454 1569 5524 ἢ
1617 5454 1703 5507 διὰ

114 5540 170 5592 τὸ
196 5540 529 5611 τετιμῆσθαι
558 5545 754 5609 αὐτοὺς
781 5544 886 5596 ὑπὸ
914 5543 1009 5596 τοῦ
1044 5544 1176 5596 Θεοῦ
1204 5544 1282 5613 τῷ
1306 5544 1405 5613 τῆς
1434 5544 1703 5608 υίοθεσίας

112 5631 341 5702 ὀνόματι
363 5673 377 5695 ,
408 5633 481 5697 ὡς
514 5634 764 5703 λέγεσθαι
790 5635 918 5707 περὶ
947 5634 1126 5687 αὐτῶν
1147 5651 1159 5664 ·
1198 5634 1367 5699 Υίοὺς
1402 5633 1703 5704 ἐγέννησα

188 5789 204 5819 ⁸
246 5786 400 5843 Psal.
438 5805 604 5844 cxvtu
631 5830 644 5856 ,
682 5792 803 5845 105.
880 5795 897 5824 ³
938 5791 1093 5847 Dcut.
1133 5806 1318 5856 xxxtt,
1361 5792 1444 5846 18.

1797 1956 1994 2013 magno
2024 1942 2243 1996 cantico
2271 1942 2414 1995 idem
2449 1940 2823 1997 testimonium
2878 1938 3086 2010 profert
3134 1939 3328 1994 dicens
3362 1954 3377 1991 :

1798 2034 2068 2089 Sumerunt
2108 2034 2212 2088 mel
2254 2033 2319 2088 de
2349 2045 2523 2105 petra,
2565 2043 2616 2087 et
2664 2034 2837 2087 oleum
2887 2048 2952 2087 ea:
2982 2031 3117 2085 duro
3157 2047 3289 2085 saxo
3331 2033 3376 2084 '.

1796 2127 1928 2194 Quae
1961 2128 2181 2199 quidem
2217 2144 2326 2183 non
2363 2128 2666 2183 secundum
2701 2128 2903 2182 nudam
2935 2126 3227 2181 lectionem
3249 2141 3379 2181 eve-

1796 2230 2034 2288 nerunt;
2068 2220 2164 2278 sed
2191 2220 2485 2291 allegorice
2508 2220 2686 2275 solum
2721 2227 2777 2276 et
2798 2219 3077 2290 cogitandi
3108 2218 3274 2275 modo
3296 2217 3384 2274 in-

1797 2314 2136 2383 telliguutur.
2174 2313 2310 2367 Nam
2347 2314 2464 2383 ipse
2487 2313 2743 2369 Christus
2799 2320 2952 2385 petra
2979 2324 3082 2379 est,
3116 2313 3209 2383 qui
3265 2313 3382 2369 haec

1797 2408 1982 2461 omnia
2019 2406 2127 2461 illis
2154 2422 2249 2477 per
2276 2406 2584 2461 doctrinam
2611 2420 2766 2460 suam
2793 2406 3153 2475 impertiebat,
3180 2422 3289 2459 non
3315 2421 3381 2461 eo

1747 2534 1751 2538 -
1799 2500 1975 2555 solum
2007 2508 2253 2570 tempore
2284 2514 2397 2569 quo
2422 2499 2897 2569 peregrinabatur,
2934 2497 3031 2553 sed
3054 2499 3216 2553 etiam
3254 2505 3381 2553 ante

1799 2592 2076 2646 carnalem
2136 2606 2296 2646 suum
2350 2592 2682 2659 adventum;
2742 2590 2817 2644 ita
2873 2597 2932 2644 ut
2980 2589 3087 2660 ipsi
3152 2605 3382 2661 prorsus

1800 2682 2239 2745 inexcusabiles;
2290 2680 2386 2736 Dei
2440 2695 2573 2736 vero
2624 2680 2918 2751 judicium,
2971 2695 3083 2751 quo
3132 2681 3236 2735 sub
3268 2680 3383 2734 haec

1799 2770 1950 2840 ipsos
1981 2770 2312 2841 repudiavit,
2341 2772 2553 2838 justum
2595 2771 2687 2825 sit.
2734 2769 3004 2825 Caeterum
3058 2770 3172 2825 haec
3224 2770 3384 2825 nobis

1802 2862 1895 2931 qui
1952 2877 2020 2916 ex
2074 2862 2329 2932 gentibus
2385 2861 2454 2916 ad
2508 2862 2750 2917 divinam
2808 2862 3234 2918 exsultationem
3286 2875 3384 2932 per

1801 2955 1987 3025 priora
2012 2954 2180 3009 verba
2205 2954 2384 3009 vocati
2414 2970 2628 3018 sumus,
2659 2955 2723 3009 ad
2752 2956 3021 3011 cautelam
3049 2955 3378 3020 traduntur,

1802 3063 1872 3103 ne
1904 3048 1959 3102 in
1986 3048 2139 3119 paria
2170 3048 2276 3119 ipsi
2306 3062 2527 3119 quoque
2558 3047 2879 3104 incidamus.

2031 3385 2083 3440 l.
2118 3383 2442 3441 PSALMUS
2473 3382 2604 3441 IPSl
2635 3383 2885 3439 ASAPH.
2928 3383 3169 3443 LXXXI.-

1874 3519 2013 3575 Deus
2045 3522 2194 3576 stetit
2221 3522 2276 3574 in
2305 3536 2577 3593 synagoga
2617 3521 2855 3585 deorum,
2905 3520 2961 3573 in
3000 3520 3171 3573 medio
3210 3528 3386 3572 autent

1800 3612 1925 3668 deos
1954 3614 2238 3683 dijudicat.
2273 3613 2379 3679 Qui
2424 3614 2573 3668 hunc
2604 3613 2861 3684 praecedit
2886 3626 3068 3667 sermo
3090 3620 3263 3665 totum
3288 3610 3386 3665 Ju-

1802 3704 2045 3760 daaorum
2094 3706 2356 3777 populum
2417 3705 2679 3761 incusat:
2717 3720 2841 3759 nam
2885 3703 2958 3759 ibi
3016 3702 3158 3758 Deus
3201 3713 3387 3772 aperte

1802 3797 1938 3852 dicit
1969 3816 1984 3853 :
2015 3796 2138 3851 Non
2189 3799 2395 3852 audivit
2446 3797 2670 3865 populus
2700 3813 2844 3849 meus
2886 3811 3060 3849 vocem
3100 3810 3289 3858 meam,
3336 3802 3387 3847 et

1804 3888 1979 3943 Israel
2030 3906 2132 3943 non
2179 3889 2408 3943 intendit
2444 3889 2592 3943 mihi.
2651 3887 2719 3941 Et
2770 3887 2951 3940 dimisi
2981 3903 3067 3940 eos
3100 3886 3387 3940 secundum

1803 3980 2071 4034 desideria
2100 3979 2277 4033 cordis
2332 3995 2557 4043 eorum;
2622 3994 2687 4035 ac
2738 3994 2958 4034 rursum
2998 3994 3010 4029 :
3057 3977 3117 4032 Si
3161 3978 3386 4047 populus

1806 4088 1952 4126 meus
1982 4071 2220 4125 audisset
2256 4089 2355 4139 me,
2382 4070 2556 4125 Israel
2578 4073 2624 4126 si
2660 4073 2715 4126 in
2738 4073 2835 4126 viis
2879 4072 3009 4127 meis
3041 4070 3386 4137 ambulasset,

1804 4178 1900 4233 pro
1944 4162 2112 4216 nihilo
2154 4163 2387 4232 forsitan
2430 4164 2678 4217 inimicos
2728 4181 2911 4218 eorum
2960 4164 3327 4219 humiliassem
3367 4181 3387 4218 :

1806 4252 1897 4308 hic
1929 4268 2061 4308 vero
2095 4254 2344 4323 psalmus
2375 4262 2780 4324 consequenter
2805 4255 2871 4309 ad
2905 4254 2996 4309 illa
3031 4256 3215 4325 populi
3247 4272 3386 4325 pree-

1808 4343 1955 4401 sides
1988 4353 2235 4408 accusat,
2263 4345 2568 4416 principem
2599 4348 2745 4401 enim
2778 4356 2831 4401 et
2853 4345 3069 4413 judices
3095 4346 3387 4414 compellat

1808 4438 1894 4494 his
1922 4438 2103 4493 verbis
2146 4454 2158 4489 :
2200 4436 2476 4508 Usquequo
2515 4439 2780 4507 judicatis
2824 4439 3181 4508 iniquitatem,
3221 4448 3270 4492 et
3304 4442 3391 4507 ta»

1734 4564 1782 4620 υ
1810 4534 1913 4586 cies
1938 4540 2274 4601 peccatorum
2325 4531 2580 4586 sumitis?
2604 4532 2846 4601 judicate
2883 4547 3165 4600 pauperem
3207 4540 3258 4584 et
3293 4532 3391 4583 Im-

1807 4624 2007 4686 milem,
2036 4620 2299 4692 pupillum
2344 4632 2392 4676 et
2421 4623 2625 4691 inopem
2647 4622 2960 4692 justiﬁcate.
3012 4620 3217 4677 Deinde
3254 4623 3390 4677 sub-

1805 4715 1934 4771 dit:
1985 4712 2112 4768 Htec
2172 4729 2272 4785 ego
2321 4715 2729 4784 praecipiebant,
2780 4714 2858 4767 illi
2906 4730 3036 4770 vero
3064 4704 3413 4785 nescierunt,

1807 4744 1887 4771 υιι
1920 4744 1934 4770 ὅ
1986 4744 2112 4768 ιιωυ
2172 4744 2272 4785 Usu
2321 4744 2729 4784 μιιυιιμιυυαιιι,
2780 4744 2858 4767 IIII
2914 4744 3036 4770 VCIU
3064 4744 3386 4779 ιιεδιιειιυιι,

1807 4824 1968 4878 neque
1998 4806 2393 4872 intellexerunt,
2424 4807 2479 4859 in
2521 4805 2745 4859 tenebris
2794 4805 3092 4861 ambulant.
3130 4806 3271 4861 Deos
3296 4744 3411 4860 ιλιι-ί

1808 4909 1915 4955 tem
1957 4907 2116 4955 vocat
2146 4915 2264 4964 eos,
2291 4900 2407 4954 sive
2438 4899 2664 4955 honoris
2696 4914 2805 4969 quo
2834 4899 3072 4969 p0pulus
3121 4900 3271 4970 ipsos
3308 4899 3392 4952 al-

1808 4992 2024 5047 liciebat
2052 5007 2243 5057 causa,
2275 5007 2397 5046 cum
2436 4992 2632 5045 timore
2664 4999 2827 5061 atque
2854 4991 3205 5047 veneratione
3239 4992 3389 5061 ipsos

1810 5084 2038 5153 perinde
2069 5094 2233 5155 atque
2282 5085 2453 5140 Deum
2486 5084 2714 5151 adiens;
2750 5085 2865 5138 sive
2893 5084 3023 5154 quia
3076 5084 3253 5138 locum
3294 5081 3391 5137 Dei

1807 5186 2163 5246 occuparent,
2218 5175 2505 5247 iudicandi
2559 5191 2786 5231 munere
2834 5188 3111 5248 suscepto,
3172 5178 3389 5247 iniquos

1811 5266 2114 5321 secundum
2141 5268 2313 5338 legem
2346 5266 2448 5321 sibi
2488 5266 2744 5320 traditam
2796 5266 3065 5335 supplicio
3101 5267 3388 5337 plenisque

1812 5358 2159 5427 allicientes;
2220 5360 2306 5414 vel
2355 5360 2481 5429 quia
2544 5374 2575 5413 a
2636 5358 2749 5414 Deo
2814 5359 3121 5429 adoptionis
3170 5359 3390 5414 nomine

1810 5453 2059 5506 exornati
2092 5460 2253 5517 sunt;
2291 5451 2364 5504 ita
2396 5461 2455 5505 ut
2481 5450 2547 5506 de
2572 5451 2706 5521 ipsis
2757 5451 2975 5505 dicatur
2998 5471 3010 5503 :
3032 5449 3203 5504 Filios
3234 5450 3390 5521 genui

1809 5556 1858 5599 et
1885 5544 2149 5607 exaltavi;
2173 5543 2257 5597 vel
2285 5543 2413 5612 quia
2438 5544 2504 5597 ad
2540 5543 2830 5613 imaginem
2878 5552 2932 5598 et
2977 5542 3389 5598 similitudinem

1812 5632 1927 5698 Dei,
1963 5649 2059 5704 per
2079 5634 2420 5703 spiritualem
2445 5643 2499 5689 et
2527 5634 2907 5690 rationabilem
2961 5634 3105 5687 illam
3131 5634 3183 5687 in
3217 5633 3391 5687 homi-
