3798 6282
185 329 277 386 985

1319 319 1827 377 COMMENTARIA
1867 320 1933 375 IN
1984 321 2326 381 PSALMOS.

3296 334 3403 391 986

181 440 315 512 παρὰ
356 436 449 490 τοῦ
479 434 690 506 Πατρδς
720 434 998 505 εἰληφότα,
1028 432 1145 499 πῶς
1194 436 1255 489 οὐ
1298 436 1633 491 δικαιότατον
1663 440 1730 507 τῇ

1833 452 1943 492 non
1975 438 2345 508 aequissimum
2383 439 2542 495 fuerit
2572 444 2863 499 venerabili
2897 444 2990 500 Dei
3024 446 3229 503 honore
3258 450 3404 505 celo.

180 524 279 587 τοῦ⁶
305 527 433 584 Θεοῦ
486 527 763 599 σεϐασμίῳ
803 530 936 598 τιμῇ
970 528 1292 598 σεμνύνειν;
1322 529 1492 582 Τοῦτό
1522 547 1604 582 τοι
1634 532 1728 583 καὶ

178 624 323 687 αὐτὸς
348 623 375 674 ὀ
402 618 587 691 Σωτὴρ
613 619 1006 689 δυσωπητικῶς
1034 620 1170 697 πρὸς
1210 620 1405 682 αὐτοὺς
1432 623 1559 685 τοὺς
1599 622 1730 675 Ἰου-

179 718 327 771 δαίων
366 715 625 785 ἄρχοντας
674 712 1010 783 προῦτεινεν,
1042 712 1234 777 αὐταῖς
1280 713 1337 765 δὲ
1386 713 1609 778 ταύταις
1636 731 1729 766 κε-

177 804 424 879 χρημένος
465 804 583 864 ταῖς
634 800 935 872 παρούσαις
979 802 1207 869 λέξεσιν.
1258 804 1572 874 Είρηκότων
1621 806 1730 875 γὰρ

176 895 363 951 αὐτῶν·
398 893 535 962 Περὶ
569 893 755 947 καλοῦ
784 893 960 964 ἔργου
992 897 1064 949 οὐ
1098 892 1410 964 λιθάζομέν
1444 912 1539 958 σε,
1569 895 1731 950 ἀλλὰ

174 988 293 1055 περὶ
330 986 744 1054 βλασφημίας,
784 985 873 1040 ὅτι
919 986 1021 1051 σὺ,
1057 985 1365 1054 ἄνθρωπος
1409 985 1514 1053 ὢν,
1544 987 1732 1052 ποιεῖς

173 1080 414 1135 σεαυτὸν
464 1080 613 1132 Θεόν
634 1096 647 1109 ⁸
683 1080 1087 1147 ἀνταπεκρίθη
1134 1080 1339 1147 αὐτοῖς
1387 1083 1420 1135 ὀ
1461 1081 1688 1149 Ἰησοῦς
1714 1097 1727 1110 ·

175 1174 283 1225 Οὐκ
310 1172 435 1224 ἐστι
456 1170 862 1241 γεγραμμένον
878 1172 949 1225 ἐν
966 1169 1045 1237 τῷ
1070 1174 1231 1241 νόμῳ
1258 1170 1440 1242 ὑμῶν,
1462 1172 1572 1239 ὅτι,
1590 1173 1731 1242 Ἐγὼ

168 1258 310 1315 εἶπα·
332 1261 461 1316 Θεοί
490 1262 671 1327 ἐστε;
704 1265 772 1316 Et
799 1263 1071 1329 ἐκείνους
1093 1259 1223 1317 εἷπε
1249 1264 1605 1333 θεοὺς,πρὸς
1623 1264 1731 1330 οὒς

167 1354 199 1406 ὁ
223 1353 395 1421 λόγος
424 1351 660 1420 ἐγένετο
690 1353 795 1408 τοῦ
831 1355 1002 1419 Θεοῦ,
1036 1355 1135 1410 καί
1160 1356 1231 1408 οὐ
1256 1354 1504 1408 δύναται
1544 1353 1731 1423 λυθῆ-

165 1462 253 1499 ναι
275 1445 312 1510 ἠ
340 1443 574 1513 Fpagpij,
603 1444 677 1498 ὃν
710 1447 741 1498 ὀ
776 1445 979 1513 Πατὴρ
1002 1447 1219 1516 ήγίασε
1242 1446 1341 1499 καὶ
1373 1446 1733 1501 ἀπέστειλεν

165 1537 244 1602 είς
272 1536 374 1589 τὸν
394 1537 647 1606 κόσμον,
676 1536 844 1604 ὑμεῖς
872 1538 1098 1607 λέγετε,
1125 1537 1214 1591 ὅτι
1242 1538 1613 1608 βλασφημεῖ,
1644 1538 1733 1591 ὅτι

164 1625 337 1682 εἷπον·
372 1628 505 1695 Υἱὸς
531 1629 679 1683 Θεοῦ
707 1632 842 1699 ειμι.
870 1631 933 1683 Et
962 1631 1019 1683 δὲ
1043 1631 1191 1697 λέγοι
1210 1632 1237 1683 ό
1255 1630 1464 1702 Σωτὴρ,
1495 1632 1733 1697 ὃτι,οὺκ

164 1720 700 1790 ἐπιγεγραμμένον
723 1722 793 1775 ἐν
820 1720 899 1787 τῷ
922 1723 1120 1791 νόμῳ;
1148 1722 1223 1794 μὴ
1257 1723 1546 1795 θαυμάσῃς
1563 1741 1576 1754 ·
1610 1722 1731 1775 ἐπεὶ

164 1811 325 1864 πάντα
365 1811 523 1880 λόγον
556 1810 714 1875 Θεοῦ,
746 1812 807 1864 οὐ
844 1813 1002 1884 μόνον
1028 1813 1119 1866 τὸν
1146 1793 1233 1865 διὰ
1265 1793 1547 1878 Μωσέως,
1595 1814 1730 1868 ἀλλὰ
1763 1793 1805 1848 Β

162 1904 244 1956 καὶ
270 1904 358 1958 τὸν
387 1904 477 1957 διὰ
502 1904 613 1959 τῶν
656 1906 952 1977 προφητῶν
996 1906 1341 1977 λελεγμένον,
1373 1906 1564 1979 ὥσπερ
1611 1908 1731 1962 τινὰ

160 1994 422 2064 βασιλικὸν
450 1996 617 2067 νόμον
641 1997 1000 2067 ἀποδέχεσθαι
1038 1998 1311 2051 διδάσκει·
1358 1998 1498 2052 ὥστε
1538 2000 1632 2052 καὶ
1663 1999 1732 2053 τὰ

157 2088 237 2142 διὰ
287 2088 393 2142 τῶν
448 2088 749 2161 προφητῶν
802 2090 1231 2162 παρηγγελμένα
1256 2091 1492 2159 εὐλόγως
1516 2092 1581 2146 ἄν
1611 2109 1733 2145 τινα

154 2179 283 2235 εἶναι
313 2181 481 2252 φάναι
515 2183 715 2250 νόμους
760 2183 925 2237 Θεοῦο
958 2185 1053 2237 καὶ
1081 2184 1143 2236 τὸ
1168 2183 1255 2237 διὰ
1280 2185 1378 2255 τῆς
1410 2184 1731 2256 ψαλμῳδίας

152 2274 359 2346 ὁμοίως.
395 2276 573 2339 Αὐτὸς
601 2272 694 2330 οὖν
728 2278 757 2330 ό
784 2276 877 2329 τοῦ
904 2275 1039 2329 Θεοῦ
1068 2276 1259 2345 Λόγος,
1300 2276 1512 2348 μορφὴν
1544 2276 1729 2330 δούλου

152 2366 340 2433 λαϐὼν,
374 2369 477 2421 καὶ
507 2370 747 2441 σχήματι
775 2370 1018 2441 εὑρεθεὶς
1060 2370 1136 2434 ὡς
1183 2370 1489 2443 ἄνθρωπος,
1515 2372 1644 2444 έστη
1673 2373 1732 2424 ἐν

153 2464 429 2533 συναγωγῇ
479 2461 636 2523 θεῶν,
668 2462 763 2515 καὶ
794 2462 958 2533 μέσος
979 2462 1088 2515 τῶν
1112 2464 1171 2516 ἐν
1191 2462 1499 2534 ἀνθρώποις
1520 2463 1733 2534 ὠνομα-

150 2554 373 2608 σθέντων
402 2553 548 2608 θεῶν
569 2554 829 2623 γεγονὼς,
854 2554 1066 2626 ἔκρινεν
1094 2555 1309 2620 αὐτοὺς,
1333 2556 1571 2626 ὁπηνίκα
1596 2557 1734 2628 πρὸς

149 2648 333 2711 αὐτοὺς
354 2648 580 2716 ἔλεγεν·
629 2648 682 2699 Ὁ
722 2650 906 2717 λόγος
942 2647 1014 2701 ὃν
1052 2646 1335 2716 ἐλάλησα
1373 2648 1525 2716 πρὸς
1552 2647 1730 2718 ὑμᾶς,

144 2738 315 2804 αὐτὸς
357 2738 525 2809 ὑμᾶς
560 2739 770 2807 κρίνει.
815 2739 925 2791 Καὶ⁵
978 2739 1177 2809 μᾶλλον
1221 2739 1366 2794 οὕτω
1418 2741 1619 2812 πρέποι
1665 2741 1731 2796 ἂν

149 2825 462 2899 ἐκδέχεσθαι
512 2828 612 2901 τὴν
656 2828 939 2900 παροῦσαν
989 2830 1303 2903 Γραφὴν,ῆ
1355 2830 1732 2901 νομίζειντὸν

145 2923 393 2976 ἐπέκεινα
430 2922 546 2976 τῶν
579 2923 714 2976 ὅλων
755 2922 908 2987 Θεὸν,
944 2923 1105 2976 αὐτὸν
1131 2924 1222 2976 τὸν
1250 2924 1489 2995 Πατέρα,
1524 2926 1582 2977 ἐν
1607 2924 1733 2976 τού-

144 3032 246 3079 τοις
294 3014 617 3085 εἰσάγεσθαι
664 3015 867 3087 μεταξῦ
921 3015 1058 3069 θεῶν
1094 3016 1297 3088 ἐτέρων
1326 3016 1556 3071 ἐστῶτα.
1592 3015 1729 3071 Οὔτε

139 3108 240 3179 γὰρ
276 3109 563 3180 ἰσοτίμους
601 3108 751 3181 αὐτῷ
776 3126 928 3173 τινας
957 3106 1097 3162 εἶναι
1123 3110 1370 3164 ὑπονοεῖν
1399 3110 1577 3181 θέμις,
1606 3110 1729 3163 οὔτε
1758 3141 1800 3198 C

143 3200 296 3253 αὐτὸν
333 3202 415 3265 είς
441 3200 703 3255 τοσοῦτον
733 3192 1088 3270 καταγαγεῖν,
1122 3201 1199 3266 ὡς
1230 3202 1392 3274 μέσον
1429 3203 1729 3275 ἀνθρώπων

140 3296 390 3364 παρεῖναι
446 3294 546 3347 καὶ.
590 3293 813 3347 ἑστάναι
856 3293 1227 3349 ὑποτίθεσθαι.
1254 3296 1439 3349 Ταῦτα
1466 3296 1525 3349 δὲ
1552 3297 1730 3350 πάντα

136 3382 198 3437 ἂν
248 3386 486 3458 ἁρμόζοι
532 3385 612 3457 τῷ
657 3385 880 3458 Χριστῷ
922 3385 1017 3440 τοῦ
1069 3387 1235 3441 Θεοῦο
1268 3388 1327 3451 ὃς
1370 3388 1434 3459 δὴ
1464 3389 1688 3457 φάσκων
1713 3406 1727 3420 ⁸

135 3476 280 3544 Ἕως
321 3480 475 3532 πότε
508 3480 740 3547 κρίνετε
781 3478 1039 3544 ἀδικίαν,
1071 3479 1168 3533 καὶ
1216 3482 1510 3549 πρόσωπα
1544 3482 1731 3551 ἀμαρ-

134 3569 338 3624 τωλῶν
384 3570 765 3640 λαμϐάνετες
811 3570 872 3624 οὐ
930 3571 1067 3643 πρὸς
1111 3573 1352 3637 ἐκείνους
1401 3574 1595 3644 μόνους
1649 3569 1731 3640 οἷς

136 3663 323 3734 παρὼν
352 3663 580 3735 ὡμίλει,
611 3663 750 3717 ἀλλὰ
775 3664 869 3718 καὶ
895 3664 1030 3735 πρὸς
1052 3665 1259 3729 πάντας
1279 3664 1422 3718 εἴποι
1447 3665 1514 3719 ἂν
1535 3665 1728 3731 ταῦτα,

135 3755 258 3818 τοὺς
307 3754 413 3827 τὴν
462 3755 713 3820 ἐξουσίαν
761 3755 856 3809 τοῦ
907 3756 1113 3826 κρίνειν
1157 3756 1379 3828 ἐτέρους
1422 3757 1727 3829 εἰληφότας.

132 3843 432 3913 Μέμφεται
484 3843 542 3897 δὲ
596 3845 821 3910 εἰκότως
863 3846 989 3907 τοὺς
1036 3844 1603 3917 καθυποκρινομένους
1634 3849 1731 3918 μὲν

131 3935 197 3987 τὰ
243 3936 357 3989 τῶν
407 3934 683 3989 πλουσίων
732 3936 1023 4006 πρόσωπα,
1056 3935 1497 4000 καταπονοῦντας
1525 3938 1581 3991 δὲ
1604 3938 1733 4002 τοὺς

129 4024 409 4096 πένητας·
448 4026 568 4080 δέον
618 4024 697 4098 τῷ
740 4026 841 4097 τῆς
882 4024 1231 4097 δικαιοσύνης
1272 4025 1423 4097 ζυγῷ
1469 4027 1728 4095 δικάζειν,

136 4117 586 4187 μνημονεύοντας
626 4117 928 4187 φάσκοντος
967 4117 1132 4187 νόμου
1156 4133 1169 4145 '
1205 4121 1290 4171 Οὐ
1335 4118 1505 4187 λήψῃ
1547 4121 1733 4187 πρόσ-

142 4224 311 4263 ωπον
344 4210 421 4264 ἐν
443 4210 655 4279 κρίσει.
685 4209 825 4263 Νυνὶ
849 4210 907 4262 δέ
940 4210 1199 4275 πολλάκις
1221 4212 1316 4265 καὶ
1337 4213 1496 4282 ἡμεῖς
1519 4214 1612 4266 ἐπὶ
1634 4214 1733 4284 μὲν

138 4299 248 4353 τῶν
275 4302 533 4371 πενήτων
562 4301 862 4355 πταιόντων
895 4301 1105 4372 σμικρά
1128 4319 1246 4355 τινα
1271 4302 1532 4374 ἀπότομοι
1554 4303 1733 4373 γιγνό-

137 4393 277 4463 μεθα
315 4395 533 4466 κριταὶ,
569 4395 663 4447 καὶ
714 4393 1080 4466 ἀπαραίτητοι
1127 4395 1185 4447 ἐν
1235 4397 1355 4457 ταῖς
1398 4395 1518 4448 κατ’
1552 4394 1731 4448 αὐτῶν

1830 529 2031 583 brare?
2061 528 2216 595 Quod
2251 531 2367 601 ipse
2399 531 2657 588 Servator
2684 537 2890 605 pudore
2910 537 3217 594 Judazorum
3249 542 3403 611 prin-

1829 619 1978 690 cipes
2003 620 2263 682 alliciens,
2286 621 2616 693 eosdemque
2650 625 2736 680 bis
2768 627 2902 697 ipsis
2939 628 3119 684 verbis
3157 630 3400 699 compel-

1830 710 1972 777 lans,
2013 712 2324 782 objiciebat.
2362 714 2496 768 Nam
2539 731 2665 770 cum
2707 717 2782 771 illi
2811 720 3076 776 dixissent
3109 740 3121 775 :
3154 722 3230 777 De
3268 721 3401 776 bono

1831 819 1983 872 opere
2012 820 2115 857 non
2144 804 2444 874 lapidamus
2478 815 2545 872 te,
2580 807 2671 862 sed
2691 809 2754 862 de
2783 809 3136 879 blasphemia;
3166 816 3289 883 quia
3322 824 3403 877 tu,

1831 895 1989 950 homo
2029 913 2149 950 cum
2180 900 2276 963 sis,
2324 899 2459 967 facis
2501 901 2720 970 teipsum
2763 902 2932 956 Deum
2962 921 2979 957 :
3013 906 3277 974 respondit
3326 908 3401 961 eis

1831 982 1988 1038 Iesus
2016 998 2035 1038 :
2071 984 2259 1041 Nonne
2297 989 2549 1056 scriptum
2575 991 2738 1045 est“in
2767 990 2877 1062 lege
2907 1003 3076 1047 vestra
3094 1012 3111 1047 :
3132 993 3244 1064 Ego
3267 996 3402 1062 dixi,

1832 1076 1925 1131 Dii
1943 1079 2110 1133 estis?
2129 1077 2191 1133 Si
2217 1079 2339 1135 illos
2368 1082 2505 1135 dixit
2531 1081 2653 1137 deos
2680 1085 2749 1136 ad
2776 1101 2904 1153 quos
2927 1101 3095 1139 sermo
3120 1086 3213 1140 Dei
3230 1088 3404 1156 [actus

1832 1181 1933 1234 est,
1964 1180 2013 1223 et
2052 1188 2155 1224 non
2182 1180 2352 1241 potest
2398 1173 2529 1227 solvi
2561 1174 2870 1243 Scriptura;
2909 1192 3060 1245 quem
3089 1176 3251 1231 Pater
3281 1196 3408 1232 san-

1833 1262 2084 1332 ctiﬁcavit
2107 1272 2157 1317 et
2185 1266 2329 1318 misit
2364 1266 2418 1319 in
2448 1266 2725 1329 mundum,
2763 1284 2850 1322 vos
2890 1268 3068 1323 dicitis
3107 1270 3232 1338 quia
3262 1270 3408 1330 blas-

1834 1357 2066 1424 pleemat,
2099 1360 2226 1427 quia
2255 1358 2369 1412 dixi
2394 1375 2412 1412 :
2444 1357 2621 1413 Filius
2646 1359 2745 1413 Dei
2779 1377 2897 1415 sum
2926 1361 2969 1416 ⁸.
3000 1362 3154 1428 Quod
3192 1362 3238 1417 si
3280 1361 3409 1417 Ser-

1833 1456 1990 1504 vator
2017 1448 2164 1504 dicat
2196 1469 2209 1504 :
2247 1448 2436 1504 Nonne
2464 1460 2543 1504 est
2581 1453 2837 1521 scriptum
2868 1454 2921 1505 in
2963 1454 3069 1523 lege
3094 1457 3118 1508 ?
3145 1470 3213 1508 ne
3244 1457 3409 1508 mire-

1835 1539 1945 1606 ris;
1982 1540 2242 1609 quoniam
2274 1542 2571 1610 quemlibet
2611 1556 2919 1596 sermonem
2947 1543 3061 1605 Dei,
3085 1560 3192 1598 non
3228 1546 3407 1599 solum

1835 1634 1927 1702 qui
1953 1648 2049 1702 per
2084 1632 2344 1704 Moysem,
2381 1633 2476 1689 sed
2507 1634 2668 1689 etiam
2703 1650 2798 1704 per
2838 1636 3135 1706 prophetas
3168 1638 3409 1706 prolatus

1838 1723 1929 1787 sit,
1958 1724 2114 1792 quasi
2142 1724 2344 1793 regiam
2376 1724 2668 1793 quamdam
2703 1724 2872 1795 legem
2912 1725 3288 1795 accipiendum
3314 1728 3411 1781 do-

1835 1826 1961 1878 cet;
2012 1816 2087 1869 ita
2134 1823 2193 1869 ut
2235 1823 2503 1887 pra=cepta
2551 1833 2646 1887 per
2681 1818 2975 1888 prophetas
3010 1819 3241 1884 tradita,
3284 1820 3410 1889 jure

1835 1908 1981 1977 leges
2019 1906 2110 1962 Dei
2137 1924 2258 1963 esse
2292 1909 2575 1976 dicantur;
2607 1917 2661 1963 et
2694 1912 2944 1967 similiter
2974 1928 3095 1982 quae
3149 1912 3206 1966 in
3250 1910 3409 1968 Psal-

1835 2002 1940 2054 mis
1969 1999 2239 2055 l‘eruntur.
2277 1999 2458 2071 Ipsum
2487 2003 2671 2072 itaque
2697 2001 2791 2058 Dei
2824 2002 3084 2071 Verbum,
3112 2004 3258 2078 quod
3293 2004 3412 2059 for-

1834 2109 1976 2148 mam
2007 2093 2149 2149 servi
2184 2095 2395 2165 accepit
2416 2104 2471 2150 et
2494 2095 2685 2150 habitu
2710 2096 2986 2152 inventum
3021 2105 3106 2153 est
3135 2106 3195 2152 ut
3221 2097 3405 2163 homo,

1833 2183 1983 2239 stetit
2008 2184 2060 2239 in
2092 2200 2365 2257 synagoga
2392 2186 2618 2241 deorum
2639 2226 2655 2251 ,
2691 2195 2746 2241 et
2778 2190 3013 2244 medium
3064 2196 3218 2245 stans
3267 2189 3407 2245 inter

1833 2275 2103 2343 homines,
2137 2276 2231 2347 qui
2260 2277 2334 2331 dii
2369 2289 2657 2338 vocantur.
2690 2277 2973 2347 judicabat
3002 2296 3132 2345 eos,
3171 2287 3296 2333 cum
3327 2280 3411 2340 di-

1832 2376 1979 2422 ceret
2010 2368 2116 2423 illis
2147 2387 2165 2423 :
2189 2366 2375 2423 Sermo
2414 2385 2564 2438 quem
2594 2372 2797 2423 locutus
2832 2386 2949 2423 sum
2979 2369 3142 2434 vobis,
3182 2371 3292 2439 ipse
3320 2387 3411 2424 vos

1823 2460 2033 2529 judicat
2050 2459 2252 2516 “.llanc
2270 2476 2436 2531 porro
2459 2460 2797 2531 Scripturam
2821 2461 3189 2532 praestabilius
3211 2462 3412 2517 esthoc

1833 2554 2081 2623 accipere
2118 2554 2301 2619 modo,
2336 2570 2499 2624 quam
2532 2561 2726 2624 putare
2769 2553 2939 2609 Deum
2971 2556 3064 2625 qui
3096 2570 3263 2625 super
3294 2570 3413 2608 om-

1835 2648 1924 2700 nia
1955 2653 2062 2711 est,
2091 2646 2272 2716 ipsum
2314 2646 2551 2710 Patrem,
2588 2646 2676 2701 hic
2718 2646 2903 2701 induci
2936 2647 3078 2703 inter
3108 2648 3245 2703 alios
3277 2648 3410 2703 deos

1834 2745 2091 2793 stantem.
2119 2736 2304 2808 Neque
2336 2738 2481 2792 enim
2516 2738 2641 2793 licet
2673 2739 2813 2793 alios
2845 2739 2947 2808 ipsi
2990 2738 3199 2793 honore
3227 2753 3409 2807 arqua-

1834 2831 1911 2885 les
1946 2846 2067 2885 esse
2104 2831 2397 2900 suspicari,
2444 2845 2621 2899 neque
2673 2830 2852 2901 ipsum
2884 2832 2957 2885 ita
2988 2831 3312 2901 deprimere.
3351 2840 3411 2885 ut

1835 2924 2048 2978 medius
2100 2923 2244 2977 inter
2290 2922 2541 2978 homines
2585 2938 2709 2978 esse
2745 2932 2800 2978 et
2849 2931 2996 2979 stare
3048 2937 3407 2995 supponatur.

1834 3014 1961 3071 Haec
1984 3030 2150 3086 porro
2179 3017 2363 3069 omnia
2390 3013 2616 3069 Christo
2648 3013 2742 3069 Dei
2771 3024 3083 3086 competant
3116 3034 3129 3070 :
3156 3015 3247 3086 qui
3277 3031 3412 3071 sane

1835 3123 1958 3162 cum
1994 3107 2109 3161 hac
2141 3104 2275 3160 dicit
2307 3124 2318 3159 :
2371 3102 2644 3175 Usquequo
2671 3104 2927 3174 iudicatis
2965 3106 3317 3176 iniquitatem,
3358 3115 3412 3161 ct

1832 3200 1995 3267 [acies
2019 3207 2355 3267 peccatorum
2375 3198 2630 3253 sumitis?
2658 3213 2765 3251 non
2789 3212 2884 3252 eos
2909 3198 3084 3252 solum
3110 3214 3249 3268 quos
3270 3213 3411 3268 pra:-

1832 3307 1961 3347 sens
1990 3289 2404 3360 alloquebatur_;
2437 3287 2532 3343 sed
2561 3289 2725 3342 etiam
2753 3303 2945 3343 omnes
2967 3295 3235 3359 quotquot
3256 3295 3414 3357 pote~

1832 3390 2031 3439 statem
2061 3383 2129 3438 de
2162 3383 2287 3438 aliis
2314 3382 2598 3451 iudicandi
2624 3382 2957 3451 acceperint,
2989 3383 3069 3437 sic
3096 3383 3407 3452 compellat.

1832 3475 2025 3531 Merito
2058 3484 2240 3530 autem
2276 3475 2457 3546 arguit
2489 3490 2605 3542 eos,
2649 3475 2741 3544 qui
2772 3474 3001 3529 divitum
3032 3489 3320 3544 personam
3351 3476 3411 3530 in

1833 3570 2050 3625 occulto
2072 3568 2373 3639 accipiunt,
2403 3583 2671 3638 pauperes
2692 3575 2873 3622 autem
2896 3567 3212 3637 opprimunt
3238 3584 3253 3633 ;
3279 3582 3410 3621 cum

1830 3670 2081 3733 oporteat
2113 3677 2238 3717 cum
2265 3662 2494 3732 justitia:
2530 3662 2745 3716 bilance
2775 3661 3041 3730 judicium
3089 3658 3253 3723 ferre,
3302 3674 3413 3712 me-

1830 3771 2013 3811 mores
2047 3756 2182 3824 legis
2215 3771 2335 3825 qua:
2359 3755 2435 3807 ait
2469 3770 2482 3805 :
2518 3752 2639 3805 Non
2668 3753 2890 3821 accipies
2926 3767 3208 3820 personam
3230 3750 3282 3802 in
3313 3749 3413 3818 ju-

1831 3846 1971 3900 dicio
2001 3847 2041 3900 ‘.
2081 3844 2238 3900 Nunc
2270 3852 2451 3899 autem
2484 3844 2805 3914 plerumque
2832 3856 2936 3895 nos
2982 3855 3110 3912 erga
3140 3855 3416 3911 pauperes

1832 3937 1889 3992 in
1922 3936 2136 3991 modica
2168 3936 2373 4006 lapsos,
2424 3935 2690 3989 immanes
2735 3949 2927 3989 sumus
2965 3932 3202 4003 judices,
3244 3942 3417 4004 atque

1831 4026 1888 4081 in
1918 4025 2191 4083 sententia
2228 4034 2420 4079 contra
2446 4039 2544 4079 eos
2579 4022 2799 4078 ferenda
2843 4024 3237 4091 inexorabiles;
3268 4024 3413 4079 divi-

1831 4128 1946 4174 tum
1991 4134 2119 4174 vero
2152 4119 2244 4188 qui
2298 4116 2622 4188 gravissima
2676 4117 2907 4172 crimina
2961 4124 3294 4188 perpetrant,
3343 4132 3409 4172 ac

1830 4210 2026 4268 deinde
2054 4212 2107 4265 in
2144 4210 2443 4265 Ecclesiam
2475 4208 2570 4264 Dei
2617 4210 2906 4274 accedunt,
2943 4224 3231 4279 personam
3263 4209 3408 4264 acci-

1831 4307 2034 4378 pimus,
2062 4305 2136 4360 ita
2164 4312 2225 4357 ut
2251 4304 2412 4358 nobis
2432 4303 2597 4357 etiam
2621 4310 2895 4373 competat
2922 4302 3052 4357 illud
3088 4320 3100 4357 :
3133 4301 3407 4373 Usquequo

1825 4396 2084 4466 judicatis
2117 4393 2471 4465 iniquitatem,
2510 4400 2558 4445 et
2594 4392 2756 4461 facies
2792 4400 3123 4461 peccatorum
3157 4390 3412 4446 sumitis!

127 4486 453 4555 ἀποφάσεσι
477 4502 490 4516 ⁶
546 4484 817 4540 πλουσίων
862 4485 920 4537 δὲ
962 4486 1031 4539 τὰ
1066 4484 1298 4555 μέγιστα
1326 4485 1730 4561 ἐξαμαρτανόν-

1833 4488 1966 4543 Cum
1998 4495 2177 4541 autem
2228 4485 2383 4549 dicit,
2416 4500 2698 4555 usquequo,
2731 4484 2799 4538 de
2841 4484 2965 4537 vitae
2994 4483 3142 4537 exitu
3179 4497 3280 4538 nos
3309 4480 3419 4535 ad-

122 4592 255 4639 αρν,
288 4576 490 4629 ἔπειτα
534 4575 989 4647 παραδαλλόντων
1029 4576 1110 4639 είς
1139 4575 1237 4647 τὴν
1280 4577 1602 4649 Ἐκκλησίαν
1629 4578 1723 4632 τοῦ

1833 4587 2039 4637 monet.
2084 4579 2383 4645 Quantum,
2450 4578 2648 4647 inquit,
2707 4575 2968 4645 temporis
3022 4574 3177 4630 vobis
3206 4574 3411 4640 aderit,

120 4664 286 4731 Θεοῦ,
328 4667 606 4737 πρόσωπα
654 4666 1030 4737 λαμϐάνομεν·
1083 4664 1226 4721 ὥστε
1278 4668 1372 4720 καὶ
1407 4668 1542 4739 πρὸς
1576 4671 1727 4740 ἡμᾶς

1833 4688 1940 4744 quo
1970 4672 2108 4728 tales
2142 4670 2306 4725 sitis?
2342 4684 2406 4724 ac
2436 4669 2655 4725 demum
2686 4684 2783 4723 vos
2821 4666 2916 4722 Dei
2960 4665 3222 4737 judicium
3251 4666 3415 4720 inva-

118 4761 397 4833 ἁρμόττει
426 4762 485 4816 τό
505 4779 517 4791 ·
552 4763 700 4829 Ἕως
721 4764 865 4816 πότε
886 4764 1120 4832 κρίνετε
1138 4762 1399 4828 ἀδικίαν,
1419 4765 1516 4818 καὶ
1538 4767 1722 4834 πρόσ-
1830 4767 1943 4822 det.

117 4870 255 4910 ωπα
297 4857 698 4926 ἀμαρτωλῶν’
723 4858 1091 4928 λαμϐάνετε;
1138 4861 1225 4913 Ἐν
1272 4861 1330 4914 δὲ
1369 4862 1449 4933 τῷ
1495 4863 1674 4934 λέγειν
1698 4906 1714 4931 ,
1754 4866 1864 4931 ἕως
1916 4863 2079 4924 πότε,
2137 4859 2545 4931 ὑπομιμνήσκει
2602 4853 2702 4928 τῆς
2755 4854 2851 4909 τοῦ
2918 4855 3031 4926 βίου
3064 4853 3409 4925 ἀπαλλαγῆς.

118 4953 301 5006 Πόσον
330 4952 468 5024 γὰρ,
492 4955 677 5025 φησὶν,
700 4954 848 5019 ἕξετε
873 4955 1064 5027 χρόνον
1094 4958 1152 5010 ἐν
1179 4949 1223 5025 ᾧ
1250 4957 1479 5013 τοιοῦτοι
1500 4960 1721 5027 έσεσθε;
1759 4961 1853 5015 καὶ
1882 4956 2067 5011 λοιπὸν
2092 4956 2408 5027 διαλήψεται
2441 4954 2584 5024 ὑμᾶς
2612 4954 2644 5023 ἡ
2670 4950 2763 5003 τοῦ
2791 4949 2925 5003 Θεοῦ
2952 4949 3151 5022 κρίσις.

187 5068 286 5121 Διὸ
312 5068 567 5138 ἐπιλέγει
586 5087 599 5101 ο
635 5071 888 5139 Κρίνατε
916 5073 1156 5142 πτωχὸν
1177 5074 1275 5128 καὶ
1306 5076 1590 5145 ὀρφανὸν,
1621 5094 1721 5131 τα-

1898 5073 2071 5128 Vens.
2107 5074 2159 5127 4.
2196 5071 2377 5138 Quare
2424 5069 2609 5125 subdit
2644 5087 2659 5123 :
2688 5066 2936 5121 Judicate
2981 5081 3197 5136 egenum
3226 5074 3274 5117 et
3303 5080 3403 5133 pn-

111 5161 342 5213 πεινὸν
371 5161 473 5213 καὶ
493 5161 724 5230 πένητα
739 5161 1112 5218 δικαιώσατε,
1132 5164 1445 5228 Ἐξέλεσθε
1469 5165 1717 5234 πένητα,

1833 5166 2033 5231 pillum,
2056 5165 2303 5218 humilem
2333 5172 2383 5217 et
2404 5177 2679 5233 pauperem
2701 5160 3014 5228 justiﬁcate.
3051 5157 3248 5226 Eripite
3266 5172 3401 5224 pau-

112 5251 217 5303 καὶ
252 5253 512 5319 πτωχὸν
537 5253 607 5306 ἐκ
645 5254 847 5322 χειρὸς
890 5254 1240 5323 ἁμαρτωλοῦ
1279 5258 1574 5324 ῥύσασθε.
1593 5258 1718 5313 Ἐὰν

1833 5276 2017 5323 aerem,
2047 5266 2095 5312 et
2134 5273 2349 5327 egenum
2393 5255 2456 5308 de
2510 5270 2671 5307 manu
2726 5253 3015 5321 peccatoris
3068 5250 3301 5304 liberate.
3343 5246 3400 5303 Si

114 5343 219 5413 μὲν
253 5338 359 5397 οὖν
378 5346 586 5399 τούτων
608 5345 949 5418 ἀκροώμενοι
976 5347 1360 5419 παιδευώμεθα
1384 5349 1567 5403 καὶτὰ
1584 5368 1724 5423 παρ-

1833 5352 2013 5423 itaquc
2038 5351 2125 5406 his
2151 5349 2352 5405 auditis
2377 5348 2446 5401 ad
2477 5345 2823 5415 disciplinam
2845 5344 3170 5399 accedamus
3190 5351 3244 5396 et
3270 5357 3403 5412 pra:-

113 5434 466 5504 αγγέλματα
500 5436 884 5508 φυλάττοιμεν,
918 5438 1019 5507 τῆς
1051 5440 1118 5491 ἐκ
1144 5438 1251 5493 τῶν
1271 5440 1440 5509 λόγων
1465 5441 1724 5512 ὡνάμεθα

1833 5453 1983 5513 cepta
2020 5456 2333 5504 servemus,
2377 5455 2445 5495 ex
2489 5436 2836 5493 sermonibus
2881 5435 3169 5489 utilitatem
3216 5431 3398 5503 perci-

108 5523 432 5593 ὼφελείας.
448 5527 599 5579 Ἐπεὶ
623 5528 715 5580 καὶ
735 5529 864 5599 ἡμῖν
885 5527 1239 5599 λεχθήσεται·
1276 5534 1397 5585 Οὐκ
1426 5532 1720 5601 ἔγνωσαν,

1833 5536 2056 5605 piemus.
2077 5532 2289 5587 Etenim
2315 5532 2475 5587 nobis
2510 5544 2727 5601 quoque
2772 5528 2983 5583 dicetur
3010 5546 3111 5581 :——-
3132 5524 3298 5580 Vens.
3340 5524 3397 5580 5.

112 5615 269 5670 οὐδὲ
299 5616 615 5685 συνῆκαν,
641 5618 710 5672 ὲν
729 5620 931 5673 σκότει
957 5619 1431 5689 διαπορεύονται.
1448 5623 1513 5675 Τί
1541 5623 1598 5676 δέ
1623 5625 1722 5676 οὐκ

1833 5624 2164 5689 Nescierunt,
2196 5641 2357 5695 neque
2407 5623 2799 5688 intellexerunt,
2851 5623 2909 5676 in
2958 5619 3178 5676 tenebris
3212 5610 3400 5672 αηιίιιιπ-

206 5773 227 5803 ³
261 5770 442 5827 Joan.
481 5790 547 5839 ιι,
583 5775 667 5829 53.
748 5778 767 5808 ⁵
808 5774 965 5831 Joan.
1001 5791 1112 5842 xu,
1147 5777 1233 5832 48.
1312 5776 1334 5809 ⁸
1371 5775 1529 5832 Deut.
1565 5793 1687 5847 xvr,
1731 5776 1813 5832 l9.
