3798 6282
415 313 523 370 987

1121 307 1389 366 EUSEBII
1422 305 1902 364 CESARIENSIS
1929 304 2079 360 OPP.
2125 303 2306 360 PARS
2337 302 2422 359 Ill.
2460 331 2529 344 --
2561 302 2966 360 EXEGETICA.
3495 313 3572 370 983

417 429 551 484 lant.
595 425 734 495 Quid
772 437 949 481 autem
983 427 1298 479 nescierunt
1352 439 1528 494 neque
1579 423 1971 486 intellexerunt,

2087 423 2330 492 ἔγνωσαν
2374 420 2493 474 οὐδὲ
2545 419 2863 490 συνῆκαν,ῆ
2897 421 2977 472 ὅτι
3025 420 3148 473 ὅσον
3183 418 3324 474 οὔπω
3359 423 3439 477 καὶ
3462 428 3578 483 αὐτοὶ

417 518 524 572 nisi
559 533 618 572 se
652 516 1051 587 quamprimum
1103 513 1360 568 tribunali
1394 511 1490 567 Dei
1533 511 1806 567 sistendos
1834 525 1979 575 esse,

416 609 681 664 rationem
721 609 787 663 de
825 607 1049 677 judiciis
1088 607 1290 674 injuste
1341 605 1467 659 latis
1514 603 1860 659 reddituros?
1901 601 1982 657 illi

415 715 546 754 vero
570 698 838 770 judicium
880 697 973 752 Dei
1009 713 1118 768 prce
1151 696 1326 750 oculis
1362 711 1470 750 non
1499 701 1784 766 ponentes,
1815 695 1870 747 in
1901 701 1982 748 te-

417 792 604 847 nebris
630 792 927 854 ambulant,
967 791 1286 861 ignorantia:
1313 789 1544 858 caligine
1572 787 1770 842 mentis
1794 786 1982 840 oculos

414 885 724 955 opplentes.
749 882 1113 948 Quamobrem
1146 895 1245 951 par
1277 887 1360 935 est
1389 894 1484 934 eos
1510 878 1660 932 verbi
1693 875 1982 946 splendore

415 977 739 1040 illustratos,
799 987 892 1029 aut
938 990 1048 1029 non
1089 973 1360 1044 judicare,
1407 986 1675 1026 memores
1722 970 1842 1040 ejus
1888 968 1981 1039 qui

415 1067 554 1121 dixit
587 1085 602 1121 :
631 1064 811 1120 Nolite
837 1064 1100 1135 judicare,
1130 1071 1188 1116 ut
1225 1079 1329 1115 non
1361 1060 1671 1130 judicemini
1697 1059 1759 1126 ';
1792 1066 1885 1111 aut
1933 1057 1980 1112 si

418 1157 471 1211 id
519 1156 813 1227 aliquando
846 1169 1070 1210 necesse
1100 1152 1282 1216 fuerit,
1316 1151 1686 1221 justissimum
1714 1147 1981 1218 judicium

415 1248 581 1312 ferre,
616 1265 680 1303 ac
718 1255 1033 1320 peccatores
1057 1245 1411 1310 convincere;
1435 1243 1648 1298 etiamsi
1682 1239 1982 1312 oportuerit

415 1355 514 1410 pro
542 1340 768 1394 veritate
799 1339 935 1392 mori
978 1357 990 1392 :
1027 1339 1079 1391 in
1117 1337 1356 1390 animum
1393 1333 1732 1396 inducentes,
1774 1332 1829 1386 in
1858 1333 1982 1385 uni-

414 1433 615 1486 versali
647 1431 738 1485 Dei
771 1430 1000 1500 judicio,
1035 1428 1181 1499 quod
1216 1443 1311 1499 per
1341 1425 1618 1483 Christum
1648 1441 1806 1482 suum
1840 1425 1982 1478 latu-

414 1538 512 1577 rus
541 1533 644 1586 est,
671 1523 911 1577 omnium
945 1521 1060 1575 fore
1092 1519 1618 1576 consummationem
1645 1526 1700 1574 et
1720 1517 1980 1571 mutatio-

413 1631 558 1669 nem.
612 1614 767 1680 Quod
819 1613 1086 1682 judicium
1121 1613 1364 1668 declarat
1408 1613 1461 1668 id
1491 1611 1636 1682 quod
1685 1610 1977 1680 sequitur:

411 1703 655 1760 —Vans.
683 1705 736 1768 6,
772 1707 824 1758 7.
857 1705 1209 1760 Movebuntur
1233 1707 1410 1761 omnia
1442 1704 1787 1775 fundamenta
1803 1712 1976 1758 teme.

413 1795 525 1865 Ego
551 1796 804 1851 dixi:Dii
825 1800 971 1862 estis,
995 1810 1043 1852 et
1072 1800 1172 1869 [itii
1205 1799 1464 1853 Altissimi
1489 1813 1687 1852 omnes.
1737 1795 1839 1850 Vos
1880 1812 1978 1848 au-
2009 1779 2050 1834 Β

414 1897 512 1940 tem
541 1889 676 1942 sicut
705 1889 938 1944 homines
974 1892 1288 1957 mariemini,
1315 1900 1363 1944 et
1398 1891 1533 1944 sicut
1560 1905 1694 1942 unus
1723 1887 1787 1943 de
1827 1889 1978 1958 prin-

409 1979 612 2047 cipibus
639 1981 857 2036 cadetis.
891 1981 1202 2037 Memoratis
1237 1983 1361 2044 diis,
1394 1980 1626 2035 ducibus
1657 1979 1906 2036 videlicet
1927 1990 1981 2035 et

413 2070 751 2139 principibus
801 2072 1007 2140 populi,
1058 2071 1148 2141 qui
1199 2071 1252 2125 in
1299 2071 1538 2126 medium
1589 2085 1782 2125 eorum
1829 2070 1978 2124 venit

411 2158 575 2227 Deus,
602 2160 715 2213 haec
743 2160 908 2214 etiam
931 2161 1190 2231 loquitur,
1209 2160 1434 2225 docens,
1471 2176 1530 2217 se
1556 2160 1772 2231 quidem
1799 2158 1978 2215 Patris

412 2251 790 2306 liberalitatem
848 2252 1142 2319 imitatum,
1194 2253 1345 2306 nulla
1397 2253 1601 2308 invidia
1651 2252 1971 2311 cohibitum,

408 2343 666 2398 deitatem
697 2346 1103 2398 communicare
1135 2359 1321 2412 suam;
1357 2344 1432 2398 ita
1480 2350 1541 2397 ut
1588 2343 1712 2398 illos
1761 2358 1977 2412 quoque

408 2452 597 2490 omnes
627 2436 761 2491 deos
790 2443 843 2491 et
880 2435 1022 2490 ﬁlios
1055 2436 1323 2492 Altissimi
1349 2441 1590 2499 vocaret,
1619 2433 1764 2504 quod
1794 2444 1974 2488 tamen

407 2528 516 2584 sibi
549 2529 652 2584 soli
683 2531 888 2595 inerat;
921 2528 998 2581 illi
1029 2542 1160 2582 vero
1206 2529 1435 2599 gratiam
1469 2528 1800 2584 contumelia
1853 2526 1976 2582 alie-

407 2627 621 2674 cerunt.
654 2617 772 2684 Quo
803 2625 965 2689 pacto
991 2626 1170 2673 autem
1203 2620 1296 2688 qui
1327 2633 1356 2672 a
1386 2618 1798 2688 Deoimperium
1823 2634 1979 2674 acce-

406 2727 557 2782 pere,
587 2712 813 2767 deorum
860 2712 1119 2766 honorem
1185 2711 1326 2781 apud
1377 2712 1624 2767 subditos
1670 2711 1972 2777 obtineant,

407 2805 694 2875 intelliges,
725 2804 772 2858 si
803 2804 984 2858 animo
1029 2802 1280 2857 advertas
1313 2801 1518 2857 dictum
1550 2801 1720 2873 Moysi
1752 2802 1920 2858 fuisse
1958 2821 1970 2856 :

407 2893 541 2948 Ecce
573 2895 821 2950 constitui
863 2902 910 2948 te
953 2894 1105 2947 hodie
1137 2893 1290 2947 deum
1334 2893 1653 2955 Pharaonis,
1699 2901 1749 2947 et
1795 2895 1971 2946 Aaron

405 2987 574 3056 frater
613 2997 733 3040 tuus
766 2987 866 3040 erit
909 2987 1001 3039 tibi
1031 2985 1284 3055 propheta
1311 2986 1352 3040 ⁸.
1383 2984 1537 3040 Sicut
1565 2987 1710 3041 enim
1736 2985 1969 3057 Moyses,

404 3094 529 3132 cum
559 3078 722 3132 homo
752 3078 848 3133 Dei
877 3086 1045 3141 esset,
1065 3086 1119 3132 et
1153 3080 1222 3133 ab
1254 3094 1321 3134 eo
1352 3078 1612 3134 honorem
1644 3079 1966 3149 accepisset,

403 3169 540 3224 deus
576 3167 879 3224 Pharaonis
906 3170 1216 3239 appellatus
1251 3177 1334 3227 est
1361 3188 1374 3238 ;
1403 3173 1591 3225 eodem
1625 3171 1786 3226 modo
1813 3181 1972 3241 quot-

403 3267 538 3329 quot
568 3274 598 3311 a
634 3258 742 3318 Deo
776 3259 1036 3314 honorem
1070 3261 1400 3331 acceperint,
1439 3262 1665 3321 deorum
1694 3263 1811 3316 loco
1839 3262 1973 3317 sub-

404 3351 534 3405 ditis
567 3350 853 3403 habentur.
897 3350 1262 3416 Quamobrem
1322 3351 1485 3405 iidem
1525 3353 1724 3408 subditi
1767 3352 1834 3406 ad
1877 3369 1972 3409 eos

404 3457 530 3496 cum
559 3441 859 3496 reverentia
893 3449 947 3495 et
971 3441 1163 3496 timore
1186 3441 1473 3508 accedunt,
1499 3457 1609 3496 non
1639 3443 1710 3497 ob
1737 3443 1973 3497 militare

403 3533 746 3596 satellitium,
783 3548 892 3587 non
921 3533 992 3588 ob
1033 3532 1249 3588 divitias
1278 3540 1332 3588 et
1379 3541 1733 3603 potestatem;
1773 3534 1866 3590 sed
1899 3534 1970 3589 ob

401 3624 664 3678 honorem
695 3624 829 3694 ipsis
857 3638 886 3676 a
909 3621 1020 3678 Deo
1042 3623 1294 3678 inditum.
1329 3621 1420 3678 Sic
1449 3624 1592 3678 enim
1625 3623 1826 3694 Moysis
1853 3623 1970 3678 vul-

401 3720 492 3770 tus
523 3716 694 3784 gloria
727 3714 1061 3784 replebatur,
1114 3714 1194 3770 sic
1246 3715 1618 3784 apostolorum
1671 3714 1969 3770 Salvatoris

399 3807 596 3869 nostri,
625 3806 704 3862 sic
737 3807 867 3860 olim
901 3805 996 3862 Dei
1041 3807 1452 3877 prophetarum,
1486 3806 1566 3861 sic
1599 3807 1843 3860 omnium
1875 3805 1969 3876 qui

398 3910 525 3950 vere
561 3896 703 3949 servi
736 3895 831 3950 Dei
855 3904 1045 3964 erant;
1079 3897 1172 3966 qui
1206 3896 1334 3954 dum
1365 3896 1484 3951 sine
1512 3897 1802 3966 splendore
1834 3912 1970 3966 pau-

398 4001 664 4056 peresque
696 3987 862 4040 vitam
895 3988 1172 4058 degerent,
1199 4003 1228 4042 a
1267 3989 1538 4059 religiosis
1578 3997 1759 4042 tamen
1792 3987 1969 4042 homi-

399 4077 560 4132 nibus
585 4077 656 4130 ob
677 4077 899 4130 inditam
933 4078 1038 4131 sibi
1085 4078 1316 4147 gratiam
1359 4079 1414 4132 in
1456 4077 1664 4133 honore
1691 4077 1970 4132 habeban-

397 4177 509 4223 tur.
541 4167 653 4240 Ego
676 4167 916 4238 quidem,
951 4168 1047 4230 ait,
1077 4169 1159 4223 sic
1198 4169 1366 4233 volui,
1399 4169 1481 4224 sic
1512 4169 1622 4223 dixi
1654 4186 1667 4220 :
1701 4168 1792 4223 Dii
1817 4171 1964 4225 estis.

399 4262 558 4317 Volui
588 4277 720 4318 sane
750 4277 849 4315 vos
875 4260 1099 4330 perinde
1135 4269 1296 4331 atque
1317 4276 1404 4314 me
1435 4262 1490 4315 in
1516 4260 1696 4316 medio
1721 4267 1966 4315 vestrum

395 4361 633 4408 stantem
687 4349 879 4414 Deum,
930 4349 1196 4403 Altissimi
1242 4349 1385 4405 ﬁlios
1417 4349 1593 4416 elIici;
1643 4364 1741 4404 vos
1781 4357 1962 4405 autem

2085 511 2525 583 παραστήσονται
2551 507 2626 579 τῷ
2657 507 2856 578 βήματι
2891 507 2984 561 τοῦ
3009 507 3165 572 Θεοῦ,
3201 509 3344 578 λόγον
3379 511 3578 579 δώσοντες

2081 602 2210 674 περὶ
2261 595 2336 656 ὧν
2384 602 2443 654 οὐ
2494 599 2722 663 δικαίως
2747 600 3000 672 ἔκριναν;
3035 602 3098 654 υἱ
3133 601 3187 654 δὲ
3224 601 3294 673 μὴ
3318 603 3410 672 πρὸ
3431 605 3580 673 ὀφθαλ-

2085 692 2201 762 μῶν
2235 692 2448 763 θέμενοι
2477 691 2576 764 τὴν
2611 691 2789 762 κρίσιν
2826 692 2920 745 τοῦ
2975 691 3109 745 Θεοῦ
3161 694 3217 744 έν
3253 695 3411 746 σκότει
3441 695 3581 750 διατο-

2086 782 2351 853 ρεύονται,
2382 781 2460 852 τῷ
2481 783 2584 854 τῆς
2609 782 2829 849 ἀγνοίας
2852 782 3026 852 σκότῳ
3052 781 3120 835 τὰ
3145 783 3243 852 τῆς
3268 783 3424 853 ψυχῆς
3447 786 3580 840 αὐτῶν

2080 873 2302 943 ὄμματα
2350 873 2756 946 πληρώσαντες.
2791 874 2882 926 Διὸ
2932 874 3215 946 προσήκει,
3243 874 3318 944 τῷ
3358 875 3438 927 τοῦ
3465 876 3581 944 λόγου

2083 967 2272 1036 φέγγει
2307 967 2730 1038 φωτιζομένους,
2761 967 2794 1038 ἢ
2848 967 2922 1037 μὴ
2961 967 3185 1038 κρίνειν,
3218 968 3584 1038 μνημονεύοντος

2081 1058 2174 1112 τοῦ
2206 1060 2485 1134 εἰρηκότος
2508 1078 2522 1091 ο
2555 1060 2652 1129 Μὴ
2696 1059 2945 1127 κρίνετε,
2981 1060 3081 1112 ἵνα
3105 1059 3189 1128 μὴ
3224 1059 3470 1128 κριθῆτε·
3496 1062 3523 1131 ἢ
3552 1067 3586 1115 εί

2081 1151 2292 1222 ἀνάγκη
2355 1152 2484 1205 ποτὲ
2535 1152 2776 1224 κρίνειν,
2830 1150 2970 1204 κατὰ
3011 1151 3071 1202 τὸ
3114 1151 3439 1204 δικαιότατον
3467 1152 3588 1206 τοῦτο

2081 1247 2254 1298 ποιεῖν
2279 1243 2373 1297 καὶ
2395 1244 2634 1314 ἐλέγχειν
2655 1245 2784 1309 τοὺς
2807 1244 3232 1314 ἁμαρτάνοντας,
3258 1243 3354 1297 κᾶν
3374 1244 3468 1297 δέοι
3485 1245 3590 1318 ὑπὲρ

2081 1335 2337 1406 ἀληθείας
2365 1335 2639 1406 θνήσκειν,
2672 1336 3070 1406 πεπεισμένους
3102 1334 3358 1407 ἀκριϐῶς,
3398 1337 3468 1389 ὃτι
3492 1338 3591 1390 πάν-

2081 1442 2188 1478 των
2219 1424 2370 1478 ἔσται
2398 1425 2674 1480 συντέλεια
2718 1429 2813 1481 καὶ
2848 1426 3114 1498 μεταϐολὴ
3146 1427 3238 1478 ἐπὶ
3280 1430 3344 1497 τῇ
3385 1426 3590 1499 καθολικῇ

2083 1515 2259 1588 κρίσει
2305 1516 2398 1569 τοῦ
2431 1517 2586 1583 Θεοῦ,
2613 1519 2679 1589 ἢν
2705 1520 2986 1590 ποιήσεται
3033 1517 3122 1570 διά
3163 1518 3256 1570 τοῦ
3285 1518 3496 1590 Χριστοῦ
3518 1522 3590 1574 αὖ·

2080 1607 2174 1660 τοῦ
2195 1625 2208 1638 ·
2235 1607 2302 1679 ἢν
2330 1609 2424 1662 καὶ
2455 1609 2483 1661 ὁ
2525 1609 2713 1682 παρὼν
2755 1612 3053 1682 παρίστησι
3088 1610 3243 1679 λόγος
3273 1613 3594 1666 ἐπισυνάπτειν

2083 1699 2208 1769 ἑξῆς
2245 1698 2337 1752 τό·
2365 1701 2849 1768 Σαλευθήσονται
2890 1701 3084 1755 πάντα
3133 1701 3205 1756 τὰ
3253 1702 3473 1772 θεμέλια
3513 1700 3594 1769 τῆς

2079 1788 2210 1859 τῆς.
2253 1791 2396 1860 Ἐγὼ
2448 1787 2612 1845 εἶπα·
2665 1793 2795 1847 Θεοί
2849 1793 3026 1859 ἐστε,
3065 1795 3166 1848 καὶ
3208 1796 3326 1849 υἱοὶ
3367 1795 3596 1863 Ὑψίστου

2079 1879 2302 1947 πάντες
2324 1899 2337 1914 ο
2361 1882 2529 1951 ὑμεῖς
2561 1883 2629 1936 δὲ
2656 1884 2737 1951 ὡς
2776 1884 3068 1953 ἅνθρωποι
3094 1885 3503 1956 ἀποθνήσκετε,
3523 1886 3600 1938 καὶ

2077 1972 2158 2038 ὡς
2213 1969 2301 2039 εἷς
2353 1973 2474 2028 τῶν
2521 1976 2828 2044 ἀρχόντων
2889 1979 3152 2032 πίπτετε.
3183 1978 3304 2031 Ἔτι
3345 1978 3472 2050 πρὸς
3502 1978 3599 2043 τοὺς

2079 2065 2470 2137 προλεχθέντας
2503 2067 2678 2133 θεοὺς,
2710 2068 3044 2139 ἡγουμένους
3068 2069 3270 2141 δηλαδὴ
3318 2071 3408 2123 καὶ
3443 2069 3598 2140 ἄρχον-

2077 2172 2174 2219 τας
2197 2156 2293 2209 τοῦ
2335 2157 2488 2224 λαοῦ,
2519 2159 2547 2211 ό
2575 2158 2734 2228 μέσος
2772 2159 2948 2214 αὐτῶν
2974 2161 3264 2231 γενόμενος
3293 2161 3417 2224 Θεὸς
3447 2161 3526 2215 καὶ
3548 2161 3600 2213 τὰ

2077 2250 2320 2322 παρόντα
2361 2251 2720 2318 ἀποτείνεται,
2757 2252 3039 2318 διδάσκων,
3079 2253 3155 2316 ὡς
3196 2253 3358 2316 αὐτὸς
3401 2253 3502 2322 μὲν,
3525 2252 3598 2323 τὴν

2075 2339 2168 2392 τοῦ
2196 2341 2408 2412 Πατρὸς
2447 2341 2707 2411 ἀφθονίαν
2755 2342 3108 2414 μιμούμενος,
3139 2345 3305 2397 πᾶσιν
3338 2344 3500 2406 αὐτοῖς
3526 2345 3598 2413 τῆς

2077 2431 2240 2483 αὑτοῦ
2263 2431 2513 2502 θεότητος
2532 2433 2632 2485 οὐκ
2646 2433 2909 2504 ἐφθόνησε
2929 2433 3273 2506 μεταδοῦναι,
3285 2433 3360 2497 ὡς
3376 2434 3460 2487 καὶ
3479 2433 3598 2496 θεοὺς

2075 2522 2436 2593 ἀναγορεῦσαι
2486 2524 2682 2589 αὐτοὺς
2728 2525 2824 2580 καὶ
2870 2527 3017 2590 υἱοὺς
3058 2526 3313 2596 Ὑψίστου
3342 2527 3523 2588 πάντας
3549 2525 3599 2578 ἂν

2076 2614 2270 2678 εἰπεῖν,
2303 2615 2437 2685 ὅπερ
2457 2615 2604 2686 αὐτῷ
2630 2616 2773 2687 μόνῳ
2805 2618 3010 2688 προσῆν
3033 2634 3046 2647 ·
3067 2620 3126 2670 οἱ
3153 2617 3210 2670 δὲ
3243 2617 3342 2689 τὴν
3369 2616 3509 2688 χάριν
3537 2619 3600 2668 ὲν-

2075 2707 2319 2781 ύὸρισαν.
2351 2711 2581 2782 Νοήσεις
2606 2712 2662 2764 δὲ
2690 2713 2804 2776 πῶς
2832 2712 2994 2783 τιμὴν
3020 2711 3157 2766 θεῶν
3185 2715 3237 2765 oi
3272 2713 3377 2765 ὑπὸ
3395 2711 3479 2765 τοῦ
3496 2709 3600 2764 Θεοῦ

2073 2803 2174 2873 τὴν
2199 2803 2374 2875 ἀρχὴν
2403 2804 2686 2876 εἰληφότες
2711 2805 2860 2877 παρά
2886 2809 2996 2870 τοῖς
3028 2805 3355 2877 ἀρχομένοις
3391 2806 3601 2874 ἐκτήσαν-

2073 2912 2177 2960 το,
2236 2897 2535 2969 ἐπιστήσας
2579 2899 2726 2962 ὃπως
2789 2899 3002 2970 εἴρηται
3031 2894 3130 2969 ’τῷ
3185 2900 3377 2952 Μωσεῖ
3409 2915 3421 2928 ·
3486 2895 3604 2950 Ἰδοὺ

2074 2987 2413 3056 καθέστηκὰ
2475 3004 2550 3044 σε
2607 2990 2873 3060 σήμερον
2936 2992 3074 3045 θεὸν
3128 2991 3210 3056 τῷ
3261 2991 3489 3060 Φαραὼ,
3526 2988 3600 3041 καὶ

2089 3080 2300 3148 Ἀαρὼν
2343 3085 2377 3136 ὁ
2432 3081 2695 3152 ἀδελφός
2749 3097 2866 3138 σου
2916 3083 3088 3138 ἕσται
3146 3097 3251 3136 σοι
3315 3081 3597 3152 προφήτης.

2077 3172 2286 3242 Ὥσπερ
2331 3173 2437 3244 γάρ
2478 3175 2704 3246 Μωσῆς,
2752 3175 3038 3247 ἄνθρωπος
3081 3175 3156 3228 ὣν
3184 3175 3326 3229 Θεοῦ
3369 3176 3457 3227 καὶ
3499 3171 3604 3243 παρ’

2073 3261 2237 3316 αὐτοῦ
2266 3264 2365 3335 τὴν
2384 3265 2548 3336 τιμὴν
2567 3265 2764 3329 λαϐὼν,
2796 3265 2914 3328 θεὸς
2939 3265 3280 3338 ἀνηγορεύθη
3310 3265 3400 3318 τοῦ
3421 3261 3600 3336 Φαραώ·

2070 3354 2160 3407 τὸν
2181 3355 2341 3408 αὑτὸν
2360 3355 2560 3427 τρόπον
2581 3357 2675 3410 καὶ
2702 3357 2900 3421 πάντες
2923 3356 3015 3421 οὒς
3041 3356 3106 3411 ἂν
3125 3359 3259 3428 τιμή
3269 3355 3460 3411 σειενὸ
3479 3355 3602 3418 Θεδςν

2072 3441 2208 3495 θεῶν
2258 3443 2440 3517 χώραν
2489 3445 2640 3517 παρά
2686 3448 2800 3510 τοῖς
2844 3446 3306 3515 ὑποτεταγμένοις
3343 3446 3599 3516 εἰλήφασιν.

2073 3535 2263 3588 Ἔνθεν
2301 3535 2394 3589 καὶ¹
2425 3538 2475 3589 οἱ
2505 3538 2797 3608 ἀρχόμενοι
2837 3539 3125 3608 προσίασιν
3155 3537 3340 3601 αὐτοῖς
3374 3538 3498 3608 μετά
3529 3535 3600 3587 εὖ·

2069 3624 2290 3689 λαόείας
2323 3627 2416 3680 καὶ
2442 3626 2614 3691 δέους,
2648 3628 2708 3680 οῦ
2743 3627 2832 3680 διά
2870 3645 2990 3681 τινα
3015 3627 3341 3699 δορυφορίαν
3378 3644 3603 3699 στρατιω-

2067 3717 2245 3788 τικὴν,
2277 3718 2337 3770 οὐ
2365 3717 2454 3771 διὰ
2476 3717 2704 3772 πλοῦτον
2741 3719 2835 3772 καὶ
2855 3719 3191 3783 δυναστείαν,
3219 3721 3308 3774 διὰ
3335 3721 3391 3774 δὲ
3416 3721 3503 3785 τὴν
3521 3717 3600 3770 ὑπὸ

2067 3806 2203 3860 Θεοῦ
2235 3807 2552 3878 περιθεῖσαν
2584 3810 2766 3873 αὐτοῖς
2809 3812 2993 3882 τιμήν.
3035 3811 3190 3865 Οὕτω
3236 3813 3347 3884 γὰρ
3389 3812 3475 3866 καὶ
3501 3811 3602 3864 Μω-

2069 3899 2205 3963 σέως
2231 3895 2300 3971 ἦν
2329 3900 2714 3971 δεδοξασμένον
2743 3902 2804 3955 τὸ
2836 3903 3156 3974 πρόσωπον
3191 3904 3339 3958 οὕτω
3384 3904 3471 3958 καὶ
3513 3901 3596 3952 τῶν

2066 3994 2375 4047 ἀποστόλων
2401 3994 2495 4048 τοῦ
2524 3995 2775 4067 Σωτῆρος
2804 3996 2982 4066 ἡμῶν,
3013 3996 3155 4050 οῦτω
3195 3998 3294 4051 καὶ
3335 3996 3439 4049 τῶν
3465 3994 3599 4048 πάλαι

2065 4085 2158 4138 τοῦ
2187 4086 2322 4140 Θεοῦ
2353 4089 2666 4159 προφητῶν,
2708 4087 2850 4142 οὕτω
2894 4089 2987 4142 καὶ
3021 4089 3238 4142 πάντων
3273 4089 3383 4142 τῶν
3422 4086 3598 4156 ἀληθῶς

2064 4179 2157 4231 τοῦ
2185 4179 2320 4233 Θεοῦ
2345 4179 2565 4244 δούλων,
2597 4181 2798 4248 ἀδόξως
2831 4182 3097 4252 μενόντων
3117 4181 3214 4234 καὶ
3238 4181 3466 4251 πτωχῶν
3489 4175 3599 4232 κατὰ

2062 4268 2154 4320 τὸν
2188 4268 2320 4338 βίον,
2349 4271 2726 4341 τετιμημένων
2743 4271 2802 4324 δὲ
2827 4269 2978 4341 παρὰ
2996 4274 3106 4335 τοῖς
3133 4272 3406 4326 θεοσεϐέσι
3432 4269 3508 4322 διὰ
3525 4266 3600 4336 τὴν

2065 4360 2131 4412 ὲκ
2160 4359 2294 4413 Θεοῦ
2323 4360 2612 4432 δεδομένην
2657 4361 2843 4425 αὐτοῖς
2874 4363 3050 4435 χάριν.
3070 4361 3211 4432 Ἐγὼ
3244 4364 3344 4435 μὲν
3385 4359 3490 4426 οὖν,
3517 4378 3599 4429 φη-

395 4445 627 4516 gratiam
679 4441 1108 4512 contempsistis.
1153 4443 1214 4494 ln
1265 4448 1446 4496 vestra
1497 4442 1678 4511 itaque
1727 4440 1965 4495 humana

2073 4453 2142 4516 σὶ,
2178 4453 2272 4506 καὶ
2321 4452 2578 4524 ἠθέλησα,
2617 4455 2712 4507 καὶ⁸
2755 4449 2906 4509 εἷπον
2927 4473 2939 4486 υ
2977 4456 3109 4510 Θεοί
3145 4457 3289 4511 ἐστε
3307 4475 3320 4486 ·
3358 4451 3600 4527 βουληθεὶς

395 4537 625 4600 malitia,
669 4544 725 4590 et
769 4536 826 4590 in
876 4533 1116 4604 peccatis
1153 4534 1351 4588 vestris
1396 4533 1725 4590 moriemini.
1771 4532 1968 4586 Anima

395 4630 540 4683 enim
580 4644 694 4698 quae
733 4627 1043 4695 peccaverit,
1091 4625 1209 4693 ipsa
1251 4625 1505 4678 morietur
1532 4625 1574 4682 9.
1617 4624 1960 4694 Quapropter

393 4735 482 4772 vos
531 4720 663 4772 sicut
722 4718 954 4772 homines
1009 4715 1334 4779 moriemini,
1397 4724 1447 4768 et
1513 4716 1649 4769 sicut
1703 4733 1837 4770 unus
1897 4715 1960 4770 de

391 4810 711 4880 principibus
729 4809 948 4886 cadetis.
968 4805 1435 4874 Quemadmodum
1457 4809 1602 4861 enim
1624 4807 1752 4862 olim
1769 4807 1959 4862 diabo-

395 4904 481 4959 lus
524 4903 733 4957 honore
780 4902 1005 4956 aﬂectus
1036 4899 1138 4955 fuit
1166 4900 1310 4970 apud
1339 4899 1532 4966 Deum,
1565 4907 1620 4955 et
1649 4901 1957 4970 principum

392 4998 448 5050 in
477 4996 633 5050 ecelis
657 4995 974 5066 angelorum
1006 5010 1148 5049 unus
1172 4993 1313 5062 fuit;
1346 4993 1546 5049 deinde
1577 5009 1746 5062 pravo
1776 4995 1961 5049 consi-

392 5090 467 5142 lio
504 5103 659 5150 usus,
678 5101 743 5142 ex
777 5087 895 5140 loco
924 5102 1024 5142 suo
1054 5086 1275 5153 decidit,
1294 5088 1368 5140 ita
1401 5094 1461 5140 ut
1490 5086 1558 5140 de
1587 5086 1680 5140 illo
1709 5087 1957 5142 dicatur:

395 5178 664 5245 Quomodo
683 5177 866 5231 cecidit
877 5177 939 5231 de
955 5177 1080 5232 cwlo
1099 5176 1420 5249 Lucifer,qui
1440 5194 1591 5230 mane
1609 5177 1876 5231 oriebatur
1895 5179 1962 5232 ‘°?

393 5271 530 5324 tales
556 5279 611 5325 et
639 5286 735 5325 vos
759 5286 975 5340 quoque
1015 5270 1199 5326 fuistis
1226 5291 1239 5326 :
1272 5287 1380 5324 non
1426 5270 1570 5340 quod
1600 5279 1796 5324 natura
1827 5272 1956 5325 mali

392 5362 549 5428 sitis;
587 5362 682 5417 sed
711 5363 978 5418 electione
1002 5373 1182 5418 vestra
1213 5380 1318 5418 non
1353 5363 1494 5418 bona
1520 5365 1626 5419 usi.
1663 5363 1805 5418 Sane
1831 5381 1956 5420 vero

391 5469 454 5508 ea
483 5469 604 5522 qua:
632 5469 662 5506 a
709 5470 793 5509 me
825 5457 1269 5525 proﬁciscuntur,
1305 5456 1372 5511 ad
1414 5457 1506 5513 Dei
1544 5458 1806 5512 honorem
1859 5475 1960 5514 vos

390 5545 707 5600 evocabant.
728 5546 837 5602 Vos
861 5557 1039 5604 autem
1059 5549 1246 5621 lapsus
1270 5551 1564 5622 principem
1590 5551 1804 5620 imitati,
1823 5553 1957 5606 sicut

2065 4545 2210 4615 ὑμᾶς
2237 4545 2435 4616 ὁμοίως
2479 4545 2603 4616 ἐμοὶ
2643 4545 2721 4615 τῷ
2771 4546 2921 4617 μέσῳ
2948 4548 2977 4600 ὑ
2987 4547 3099 4618 μῶν
3120 4547 3317 4602 ἑστῶτι
3344 4545 3460 4616 Θεῷ
3481 4544 3599 4605 uici»;

2066 4637 2316 4706 γενέσθαι
2333 4635 2426 4690 τοῦ
2458 4637 2712 4707 Ὑψίστου
2728 4656 2741 4668 ’
2766 4639 2922 4710 ὑμεῖς
2937 4640 2994 4692 δὲ
3011 4640 3110 4710 τὴν
3130 4641 3290 4711 χάριν
3314 4641 3595 4710 ὴθετήσατε.

2066 4730 2199 4792 Ταῖς
2243 4727 2372 4796 γοῦν
2405 4728 2770 4799 ἀνθρωπίναις
2813 4731 3032 4794 κακίαις
3070 4733 3175 4785 καὶ·
3195 4735 3319 4796 ταῖς
3348 4730 3599 4801 ὑμετέραις

2063 4820 2360 4891 ἁμαρτίαις
2415 4821 2862 4893 ὲναποθνήσκετε.
2916 4821 3090 4892 Ψυχὴ
3131 4824 3238 4895 γάρ
3294 4825 3335 4891 ἡ
3380 4817 3598 4892 ἁμαρτά-

2060 4925 2274 4976 νουσα,
2304 4912 2457 4980 αῠτὴ
2503 4913 2900 4968 ἀποθανεῖται.
2933 4915 3024 4968 Διὸ
3071 4916 3164 4968 καὶ
3197 4916 3369 4985 ὑμεῖς
3405 4916 3480 4978 ὡς
3516 4909 3597 4964 ἇν-

2065 5005 2283 5069 θρωποι
2327 5002 2738 5069 ἁποθνήσκετε
2767 5046 2781 5070 ,
2833 5005 2929 5059 καί
2979 5005 3059 5070 ὡς
3111 5000 3199 5070 εἷς
3244 5003 3364 5058 τῶν
3411 5001 3592 5070 ἀρχόν-

2063 5107 2181 5143 των
2199 5091 2460 5145 πίπτετε.
2478 5093 2565 5156 Ὠς
2590 5090 2781 5166 γὰρῆν
2808 5112 2938 5148 ποτε
2963 5096 2991 5147 ὁ
3012 5094 3254 5158 διάϐολος
3279 5095 3439 5165 τιμῆς
3463 5089 3592 5162 ἥξων

2065 5181 2222 5252 μένος
2250 5183 2398 5254 παρά
2431 5183 2506 5255 τῷ
2540 5184 2656 5255 Θεῷ
2685 5186 2905 5238 καὶτῶν
2939 5189 2996 5238 ὲν
3022 5187 3265 5256 οὐρανοῖς
3295 5180 3591 5256 ἀρχοντικῶν

2062 5274 2307 5344 ἀγγέλων
2344 5269 2456 5337 εἷς’
2502 5272 2617 5330 εἶτα
2662 5278 2909 5349 μοχθηρᾷ
2940 5279 3250 5350 προαιρέσει
3284 5276 3589 5348 χρησάμενος

2063 5366 2426 5420 ἀποπέπτωκε
2451 5371 2549 5438 τῆς
2573 5369 2735 5422 αὑτοῦ
2765 5369 2967 5441 χώρας,
3003 5370 3078 5433 ὡς
3103 5371 3355 5440 εἰρῆσθαι
3382 5367 3496 5438 περὶ
3514 5363 3589 5416 αὑ-

2061 5458 2154 5511 τοῦ
2175 5477 2187 5489 ·
2224 5459 2354 5525 Πῶς
2393 5459 2682 5525 ἐξέπεσεν
2708 5461 2775 5515 ἐκ
2795 5461 2900 5514 τοῦ
2923 5463 3182 5530 οὐρανοῦ
3215 5465 3246 5516 ὁ
3290 5456 3586 5527 Ἐωσφόρος

2063 5555 2097 5606 ὀ
2123 5551 2267 5620 πρωὶ
2302 5551 2682 5617 ἀνατέλλων;
2714 5553 2941 5607 τοιοῦτοί
2971 5571 3112 5618 τινες
3157 5555 3247 5607 καὶ
3285 5554 3434 5622 ὑμεῖς
3459 5542 3584 5615 γετό-

521 5726 710 5780 Matth.
749 5744 820 5782 vu
847 5769 860 5794 ,
905 5731 952 5784 Ι.
1031 5732 1052 5763 ⁸
1091 5728 1257 5785 Exod.
1298 5749 1403 5798 vu,
1444 5733 1493 5786 ~l.
1571 5737 1589 5768 ³
1634 5735 1827 5791 Ezech.
1860 5749 2027 5803 xvm,
2062 5733 2112 5788 4.
2194 5735 2235 5766 ³ο
2277 5732 2378 5789 lsa.
2418 5749 2539 5801 xxv,
2578 5734 2663 5791 i2.
