3798 6282
142 379 232 435 389

1248 369 1335 423 C0
1348 368 1757 427 MMENTARIA
1801 368 1866 422 IN
1908 366 2246 424 PSALMOS.

3265 361 3370 417 990

139 516 270 561 νατε,
297 499 391 552 οὐκ
416 498 478 550 ἐκ
502 496 713 565 φύσεως
741 495 892 558 ὄντες
927 494 1105 557 κακοὶ,
1137 494 1470 564 χρησάμενοι
1506 492 1563 545 δὲ
1594 492 1690 545 οὐκ

1797 507 1933 543 unus
1956 490 2019 544 de
2047 486 2371 559 princioibus
2403 486 2697 540 cadetis.—
2724 482 2886 539 Vens.
2906 484 2959 539 8.
2981 483 3168 553 Surge,
3206 483 3366 543 Deus.

139 592 296 662 ἀγαθῇ
317 593 379 660 τῄ
415 586 749 659 προαιρέσει.
775 586 865 638 Διὸ
891 586 958 637 τὰ
991 584 1087 655 μέν
1124 583 1251 655 παρ’
1281 582 1411 653 ἐμοῦ
1444 584 1522 645 εἰς
1553 579 1688 635 Θεοῦ

138 687 285 756 τιμὴν
316 683 454 753 ὑμᾶς
488 679 703 733 ἐκάλει·
737 679 893 749 ὑμεῖς
926 677 982 730 δὲ
1014 674 1105 728 τὸν
1138 675 1377 745 ἄρχοντα
1402 675 1499 744 τῆς
1546 670 1690 727 πτώ-

142 796 263 840 σεως
285 774 665 846 μιμησάμενοι,
693 772 772 837 ὡς
804 765 891 835 εἷς
917 769 1035 823 τῶν
1060 768 1370 836 ἀρχόντων
1395 766 1491 819 καὶ
1522 764 1688 818 αὐτοὶ

137 874 378 927 πίπτετε.
425 864 692 929 Ἀνάστα,
726 868 757 917 ό
810 863 974 929 Θεὸς,
1005 861 1215 930 κρῖνον
1260 859 1376 928 τὴν
1417 859 1556 930 γῆν,
1602 859 1690 911 ὅτι

138 966 209 1019 σὺ
250 960 716 1029 κληρονομήσας
759 958 828 1011 ἐν
873 956 1025 1011 πᾶσι
1061 955 1189 1020 τοῖς
1220 954 1443 1009 ἔθνεσι.
1481 953 1692 1023 Σφόδρα

138 1052 420 1113 ἀκολούθως
458 1049 546 1102 διά
572 1048 666 1101 τοῦ
700 1048 803 1119 πρὸ
832 1046 1020 1100 τούτου
1052 1043 1267 1117 ψαλμοῦ
1302 1043 1691 1113 κατηγορήσας

137 1152 161 1202 ὁ
198 1146 342 1213 λόγος
388 1142 481 1196 τοῦ
530 1140 728 1204 παντὸς
776 1141 1044 1194 Ἰουδαίων
1094 1139 1297 1201 ἔθνους,
1328 1136 1421 1190 καὶ
1464 1135 1552 1187 διὰ
1596 1133 1690 1187 τοῦ

139 1233 261 1306 μετὰ
309 1234 493 1303 χεῖρας
536 1230 593 1281 δὲ
636 1228 897 1291 ὡσαύτως
942 1228 1051 1281 τῶν
1090 1228 1367 1299 ἀρχόντων
1414 1224 1509 1278 τοῦ
1560 1224 1692 1278 λαοῦ

138 1317 447 1390 κατηγορίαν
478 1317 864 1387 πεποιημένος,
892 1316 1182 1387 διαλλαγὴν
1208 1318 1349 1369 αἰτεῖ
1378 1315 1471 1368 καὶ
1494 1314 1692 1384 ἐπιφά-

136 1424 268 1459 νειαν
308 1403 523 1475 εὗχεται
564 1404 811 1474 γενέσθαι
857 1405 1039 1458 οὐκέτι
1087 1406 1165 1476 τῷ
1201 1405 1467 1458 Ἰουδαίων
1515 1403 1689 1467 ἔθνει,

137 1498 257 1552 ἀλλὰ
306 1499 435 1551 πᾶσι
484 1502 598 1561 τοῖς
648 1498 846 1552 ἔθνεσι.
895 1499 987 1551 Διὸ
1033 1499 1308 1567 ἐπιλέγειο
1344 1495 1618 1561 Ἀνάστα,
1661 1497 1693 1548 ό

138 1591 283 1655 Θεὸς,
312 1588 517 1657 κρῖνον
553 1588 668 1657 τὴν
699 1587 835 1659 γῆν,
876 1589 965 1642 ὅτι
992 1589 1073 1643 σὺ
1108 1587 1588 1657 κληρονομήσεις
1624 1584 1694 1636 ἐν

136 1680 267 1736 πᾶσι
298 1681 417 1747 τοῖς
461 1681 687 1736 ἔθνεσι.
721 1681 817 1743 Τις
846 1681 902 1733 δέ
940 1684 1085 1734 ἐστιν
1126 1684 1154 1734 ό
1192 1679 1602 1751 κληρονομήσας
1636 1677 1692 1727 ἐν

136 1776 253 1828 πᾶσι
280 1777 387 1838 τοῖς
417 1774 615 1837 ἔθνεσι,
651 1774 726 1846 μὴ
756 1772 954 1845 ἐρώτα,
1001 1775 1060 1827 τὸ
1099 1774 1154 1826 δέ
1190 1775 1422 1845 πρᾶγμα
1450 1768 1689 1836 ἐξέταζε,

1783 584 1973 652 judica
1991 592 2211 647 terram,
2231 580 2479 652 quoniam
2504 588 2554 630 tu
2574 576 2908 631 ha'reditabis
2931 579 2979 630 in
3000 576 3239 630 omnibus
3253 593 3371 647 gen-

1793 673 1950 728 tibus.
1984 673 2121 728 Cum
2167 673 2223 726 in
2256 670 2581 743 praecedenti
2632 670 2842 739 psalmo
2889 677 3054 721 totam
3085 664 3365 721 Judaicam

1792 777 2006 838 gentem
2035 772 2449 828 accusasset,et
2480 764 2535 816 in
2566 762 2822 831 praesenti
2851 762 3156 831 principum
3182 759 3367 830 populi

1793 860 2198 914 accusationem
2246 857 2595 919 instituisset,
2628 853 2919 907 admodum
2969 858 3368 921 consequenter

1788 952 1900 1021 jam
1933 951 2437 1007 reconciliationem
2463 958 2517 1003 et
2545 948 2835 1002 adventum
2866 945 3070 1000 Christi
3101 945 3363 1014 postulat,

1793 1062 1903 1101 non
1933 1046 2245 1101 Judaeorum
2278 1044 2447 1115 genti,
2487 1042 2583 1099 sed
2619 1042 2875 1097 omnibus
2920 1041 3156 1111 populis.
3189 1039 3368 1107 Quare

1793 1140 1875 1195 sic
1926 1138 2206 1194 concludit
2241 1156 2255 1190 :
2289 1136 2478 1206 Surge,
2512 1134 2676 1198 Deus,
2722 1134 2911 1203 judica
2960 1144 3175 1197 terram,
3232 1150 3365 1203 quo-

1793 1236 1936 1289 niam
1969 1242 2022 1285 tu
2052 1229 2387 1284 haereditabis
2424 1230 2477 1281 in
2524 1226 2764 1279 omnibus
2794 1225 3052 1296 gentibus.
3100 1224 3235 1291 Quis
3271 1240 3371 1280 au-

1793 1335 1902 1380 tem
1942 1326 2013 1378 sit
2068 1322 2162 1393 qui
2199 1319 2541 1376 haereditabit
2597 1320 2651 1372 in
2710 1318 2966 1372 omnibus
2995 1318 3269 1387 gentibus,
3300 1334 3369 1373 ne

1792 1418 2123 1486 interroges,
2160 1414 2258 1470 sed
2286 1429 2400 1469 rem
2436 1412 2724 1483 perquire;
2769 1418 2823 1465 et
2861 1410 3235 1480 deprehendes
3258 1425 3369 1464 non

1764 1510 1962 1564 oalium
1979 1524 2121 1572 esse,
2146 1521 2309 1577 quam
2335 1504 2615 1560 Christum
2648 1502 2774 1568 Dei;
2800 1503 2887 1556 cui
2920 1517 2950 1554 a
2982 1500 3143 1557 Patre
3165 1502 3370 1557 dictum

1792 1608 1877 1657 est
1908 1621 1922 1655 :
1962 1599 2137 1653 Filius
2174 1615 2319 1651 meus
2342 1614 2394 1652 es
2429 1606 2483 1649 tu
2508 1612 2526 1649 :
2548 1612 2640 1662 ego
2668 1594 2820 1647 hodie
2848 1594 3001 1663 genui
3044 1602 3107 1647 te.
3144 1592 3371 1652 Postula

1796 1708 1828 1744 a
1857 1708 1958 1754 me,
1995 1700 2043 1744 et
2073 1688 2210 1742 dabo
2238 1688 2331 1740 tibi
2361 1696 2537 1755 gentes
2574 1683 2935 1737 Itwrcditatent
2968 1691 3134 1743 tuam,
3173 1690 3221 1733 et
3250 1695 3372 1748 pos-

1796 1784 2077 1838 sessionem
2104 1791 2249 1833 tuam
2297 1778 2545 1832 terminos
2579 1775 2805 1829 ten-az“.
2839 1773 2996 1826 Hunc
3034 1787 3164 1842 ergo
3188 1772 3281 1841 qui
3316 1771 3370 1824 in

136 1865 217 1919 καὶ
250 1866 496 1936 εὑρήσεις
526 1864 647 1917 οὐδὲ
692 1863 851 1919 ἄλλον
892 1866 924 1937 ἢ
967 1866 1059 1919 τὸν
1107 1865 1340 1936 Χριστὸν
1382 1861 1477 1915 τοῦ
1523 1861 1690 1914 Θεοῦ²

1797 1874 1977 1930 medio
2006 1872 2234 1928 deorum
2264 1870 2406 1925 Deus
2424 1867 2699 1930 consistit,
2722 1874 2776 1920 et
2796 1864 3047 1918 homines
3078 1862 3201 1917 illos
3217 1877 3374 1916 coar-

134 1957 255 2020 τρὸς
285 1955 341 2009 ὃν
378 1954 599 2009 λέλεκτο
629 1956 733 2009 ὑπὸ
766 1957 857 2009 τοῦ
894 1957 1106 2028 Πατρός
1125 1974 1139 1986 ·
1188 1957 1319 2021 Υἱός
1341 1973 1463 2023 μου
1494 1951 1552 2007 εἷ
1572 1955 1651 2007 σύ
1672 1971 1686 1984 ’

132 2048 231 2119 ἐγὼ
267 2047 533 2118 σήμερον
568 2049 897 2119 γεγέννηκά
936 2066 1029 2105 σε.
1070 2050 1325 2117 Αἵτησαι
1357 2048 1493 2116 παρ’
1520 2047 1689 2117 ἐμοῦ,

131 2140 215 2193 mi
244 2139 409 2193 δώσω
464 2158 564 2194 σοι
611 2142 754 2210 ἔθνη
800 2141 914 2210 τὴν
958 2142 1362 2211 κληρονομίαν
1406 2159 1543 2204 σου,
1593 2141 1691 2195 καὶ

132 2232 233 2297 τὴν
266 2232 642 2302 κατάσχεσίν
679 2249 796 2287 σου
826 2234 898 2287 τὰ
927 2232 1148 2301 πέρατα
1179 2233 1287 2301 τῆς
1324 2232 1455 2301 γῆς.
1491 2232 1692 2286 Τοῦτον

131 2320 211 2377 οὖν
237 2323 512 2396 διεγείρων
538 2324 630 2377 τὸν
664 2326 721 2377 ἐν
749 2325 900 2397 μέσῳ
923 2325 1030 2379 τῶν
1056 2324 1191 2377 θεῶν
1213 2324 1343 2377 Θεὸν
1375 2324 1572 2377 στάντα
1598 2324 1693 2377 καὶ

129 2415 457 2483 διελέγξαντα
492 2418 621 2481 τοὺς
651 2416 1062 2489 προλεχθέντας,
1098 2417 1195 2489 ήδη
1234 2417 1363 2469 ποτὲ
1396 2418 1486 2469 ἐπὶ
1520 2416 1693 2488 πέρας

130 2506 409 2574 ἐπαγαγεῖν
433 2505 534 2577 τὴν
568 2506 705 2577 πρὸς
732 2506 893 2559 αὐτὸν
925 2507 1256 2575 ἐπαγγελίαν
1280 2510 1308 2560 ὁ
1338 2506 1525 2577 παρὼν
1551 2505 1693 2572 ἀξιοῖ

128 2599 268 2669 λίγος
310 2601 491 2670 φήσας
514 2617 527 2629 ·
578 2599 857 2664 Ἀνάστα,
890 2603 924 2654 ό
958 2599 1122 2665 Θεὸς,
1162 2598 1369 2669 κρῖνον
1396 2600 1511 2667 τὴν
1551 2599 1688 2667 γῆν,

128 2692 208 2747 ἔτι
240 2693 317 2746 σὺ
347 2691 980 2761 κατακληρονομήσεις
1006 2692 1075 2745 ἐν
1097 2690 1245 2745 πᾶσι
1276 2692 1399 2756 τοῖς
1424 2692 1685 2745 ἔθνεσιν.

128 2785 183 2837 Oi
214 2785 305 2854 μὲν
329 2784 437 2855 γάρ
469 2783 1069 2856 προκατηγορηθέντες,
1102 2786 1254 2855 φησὶ,
1284 2782 1443 2837 κακοὶ
1473 2784 1695 2854 γενόμε-

128 2894 198 2931 νοι
236 2877 438 2949 κριταὶ,
489 2878 548 2929 ἐν
601 2877 778 2947 σκότῳ
825 2876 1252 2949 διεπορεύθησαν
1282 2895 1294 2907 ·
1341 2876 1463 2929 ἐπεὶ
1507 2875 1563 2929 δέ
1611 2894 1691 2929 σοι

128 2968 310 3039 πρέπει
355 2969 414 3021 τὸ
444 2968 672 3031 δικαίως
704 2968 910 3041 κρίνειν
936 2984 950 2999 ο
987 2969 1132 3039 μόνῳ
1175 2968 1282 3039 γὰρ
1326 2966 1423 3038 τὴν
1459 2966 1636 3037 κρίσιν
1665 2968 1694 3019 ό

129 3060 300 3131 Πατὴρ
330 3061 501 3114 ἔδωκε
536 3058 611 3131 τῷ
638 3059 752 3131 Υἱῷ
774 3077 788 3090 ο
820 3060 921 3131 ἤδη
951 3060 1081 3113 ποτέ
1114 3061 1176 3113 σὺ
1212 3060 1371 3122 αὐτὸς
1407 3058 1687 3129 ἀνάστηθι,

126 3152 204 3203 διὰ
236 3154 331 3223 τῆς
375 3152 577 3207 σαυτοῦ
620 3151 971 3216 ἀναστάσεως
1008 3152 1107 3223 τὴν
1140 3152 1321 3222 κοινὴν
1358 3151 1572 3204 πάντων
1599 3152 1693 3203 ἀν-

129 3242 343 3315 θρώπων
360 3240 667 3298 ⁵ἀνάσταο·ιν
700 3244 1056 3315 ποιησόμενος
1076 3262 1088 3273 ·
1120 3246 1213 3297 καὶ
1238 3247 1419 3316 κρῖνον
1442 3246 1540 3316 τὴν
1568 3248 1691 3317 γῆν,

129 3334 321 3399 πάντας
349 3334 554 3407 δηλαδὴ
584 3336 710 3399 τοὺς
735 3337 834 3406 τὴν
879 3337 983 3408 γῆν
1026 3336 1309 3398 οἰκοῦντας
1353 3336 1689 3408 ἀνθρώπους.

128 3425 317 3497 Πρέπει
362 3427 419 3480 δέ
468 3444 554 3480 σοι
608 3427 816 3489 πάντας
862 3426 1179 3498 ἀνθρώπους
1212 3428 1450 3498 κρίνειν,
1486 3428 1692 3497 ἐπειδὴ

1794 1968 1911 2038 guit
1962 1966 2233 2029 excitans,
2285 1969 2441 2033 rogat
2475 1971 2536 2015 ut
2582 1959 2693 2029 jam
2752 1956 2971 2011 demum
3020 1954 3218 2007 factam
3268 1953 3373 2007 sibi

1794 2059 2215 2128 promissionem
2258 2055 2324 2109 ad
2370 2053 2534 2109 ﬁnem
2586 2052 2856 2115 deducat,
2892 2049 3084 2103 dicens
3122 2065 3134 2100 :
3181 2046 3371 2116 Surge,

1794 2149 1956 2212 Deus,
2000 2149 2190 2219 judica
2242 2158 2459 2211 terram,
2520 2146 2768 2218 quoniam
2837 2153 2894 2195 tu
2939 2139 3275 2195 Itwreditabis
3318 2140 3375 2193 in

1793 2242 2035 2297 omnibus
2064 2242 2326 2313 gentibus.
2363 2241 2498 2295 Nam
2531 2241 2564 2294 ii
2598 2241 2691 2311 qui
2742 2239 2894 2309 prius
2929 2236 3173 2291 accusati
3222 2241 3372 2298 sunt,

1794 2331 1991 2400 inquit,
2017 2332 2162 2400 quod
2194 2331 2365 2401 iniqui
2396 2330 2614 2399 judices
2656 2328 2881 2394 fuerint,
2901 2329 2955 2381 in
2989 2325 3231 2381 tenebris
3258 2340 3375 2378 am-

1794 2422 2074 2477 bullarunt.
2107 2422 2377 2488 Quoniam
2420 2437 2552 2477 vero
2602 2422 2828 2490 tejustc
2879 2419 3130 2489 judicare
3186 2418 3374 2483 decet,

1796 2516 1896 2569 soli
1918 2516 2117 2585 quippe
2141 2515 2279 2568 Filio
2304 2512 2468 2567 Pater
2498 2512 2765 2583 judicium
2796 2510 2975 2565 dedit:
3010 2509 3122 2579 jam
3155 2507 3373 2562 demum

1794 2616 1853 2662 tu
1902 2609 2017 2678 ipse
2070 2623 2255 2677 surge,
2287 2606 2692 2661 resurrectione
2739 2613 2832 2656 tua
2876 2615 3223 2656 communem
3258 2614 3376 2653 om-

1795 2700 1945 2753 nium
1996 2698 2455 2754 resurrectionem
2516 2697 2878 2761 facturus;et
2929 2692 3115 2762 judica
3144 2698 3372 2753 terram,

1797 2806 1986 2845 omnes
2044 2791 2295 2845 homines
2325 2788 2578 2843 videlicet
2615 2789 2706 2857 qui
2765 2788 2819 2840 in
2866 2793 3011 2839 terra
3058 2790 3372 2838 versantur.

1797 2882 1919 2938 Tibi
1950 2898 2116 2954 porro
2149 2883 2407 2937 convenit
2438 2896 2629 2936 omnes
2659 2880 2906 2932 homines
2946 2876 3214 2946 judicare,
3246 2890 3370 2943 quo-

1796 2973 1939 3026 niam
1965 2980 2018 3023 ιιι
2040 2971 2375 3026 Itwreditabis
2400 2971 2454 3023 in
2488 2968 2728 3022 omnibus
2745 2966 3003 3037 gentibus.
3036 2965 3101 3020 Et
3133 2978 3376 3034 pratsens

1796 3061 2018 3133 quidem
2057 3063 2301 3132 psalmus
2362 3075 2693 3132 synagogam
2744 3060 2973 3113 deorum
3028 3056 3372 3120 memoravit,

1797 3171 1861 3211 ac
1893 3155 2064 3209 Deum
2094 3155 2149 3210 in
2186 3156 2366 3210 medio
2394 3162 2654 3218 stantem,
2674 3153 2916 3222 deosque
2955 3149 3372 3218 dijudicantem,

1799 3259 2080 3319 totamque
2107 3249 2411 3304 doctrinam
2453 3263 2607 3304 suam
2645 3246 2712 3301 de
2753 3245 2962 3314 judicio
3014 3243 3288 3309 instituit;
3318 3242 3372 3295 in

1798 3339 1902 3395 ﬁne
1946 3355 2074 3395 vero
2124 3338 2323 3411 adjecit
2358 3340 2491 3393 illud
2533 3336 2766 3408 :Surge,
2820 3335 2985 3399 Deus,
3035 3333 3222 3403 judica
3269 3342 3374 3386 ter-

1796 3448 1934 3485 ram.

124 3520 197 3574 σὺ
224 3522 853 3591 κατακληρονομήσεις
882 3522 951 3574 ἐν
985 3520 1134 3577 πᾶσι
1164 3521 1288 3588 τοῖς
1324 3523 1542 3577 ἔθνεσι.
1579 3526 1687 3578 Καὶ
1725 3526 1753 3578 ό
1782 3525 1879 3597 μὲν
1917 3524 2105 3596 παρὼν
2148 3525 2360 3596 ψαλμὸς
2396 3523 2715 3595 συναγωγὴν
2778 3522 2915 3575 θεῶν
2985 3521 3255 3591 ὠνόμασε,
3283 3518 3377 3571 καὶ

124 3619 241 3675 θεὸν
281 3624 442 3694 μέσον
486 3620 720 3684 ἑστῶτα,
794 3620 888 3673 καὶ
939 3618 1093 3683 θεοὺς
1138 3620 1502 3690 διακρίνοντα,
1548 3621 1726 3675 πᾶσάν
1762 3639 1822 3675 τε
1866 3622 1965 3694 τὴν
2010 3621 2355 3676 διδασκαλίαν
2400 3623 2527 3694 περὶ
2570 3621 2802 3693 κρίσεως
2842 3620 3164 3689 ἐποιήσατω
3237 3615 3375 3683 ἐπή-

124 3714 248 3783 γαγέ
268 3733 325 3768 τε
360 3716 452 3768 ἐπὶ
476 3714 620 3767 τέλει
654 3714 732 3779 τὸ,
781 3712 1050 3781 Ἀνάστα,
1085 3716 1117 3766 ὁ
1149 3712 1310 3779 Θεὸς,
1339 3714 1544 3782 κρῖνον
1575 3715 1689 3783 τὴν
1724 3715 1863 3785 γῆν.

186 3829 367 3883 Ταῦτά
399 3847 460 3882 τε
485 3829 673 3886 πάντα,
700 3829 760 3882 τὸ
791 3828 1015 3898 Πνεῦμα
1044 3828 1105 3880 τὸ
1135 3828 1287 3896 ἀγιον
1324 3829 1411 3883 διὰ
1440 3829 1532 3882 τοῦ
1561 3848 1690 3902 προ-

1866 3830 1991 3885 Ηιεο
2022 3846 2188 3901 porro
2210 3831 2391 3885 omnia
2426 3828 2663 3899 Spiritus
2687 3834 2913 3881 sanctus
2933 3838 3028 3892 per
3056 3819 3373 3892 prophetam

126 3918 283 3989 φήτου
323 3920 499 3989 Ἀσὰφ
535 3917 902 3989 ἐξενήνεκται.
939 3918 1089 3970 Ἐπεὶ
1116 3918 1172 3970 δὲ
1209 3918 1440 3990 εὕρομεν
1475 3922 1566 3972 καὶ
1601 3921 1691 3973 τὸν

127 4006 203 4077 μθ¹
246 4009 457 4081 ψαλμὸν
504 4011 597 4063 καὶ
639 4009 800 4063 αὐτὸν
847 4008 1320 4081 ἐπιγεγραμμένον
1352 4010 1459 4063 Τοῦ
1486 4010 1688 4080 Ἀσὰςρ,

125 4102 209 4153 καὶ
239 4101 307 4154 τὰ
332 4103 462 4173 περὶ
494 4102 729 4171 κρίσεως
761 4100 1071 4171 διειληφότα
1095 4100 1298 4171 ὁμοίως
1323 4104 1434 4163 τοῖς
1475 4116 1694 4172 προκει-

127 4192 327 4261 μένοιςο
357 4194 587 4257 εἰκότως
623 4194 950 4266 ἡγησάμεθα
984 4192 1275 4247 ἀκόλουθον
1305 4191 1444 4247 εἶναι
1486 4195 1692 4248 ἐκεῖνον

122 4285 303 4356 τούτῳ,
335 4287 465 4340 ὄντα
505 4287 602 4357 μὲν
646 4286 846 4358 ὁμοίως
880 4284 973 4337 τοῦ
1009 4286 1203 4354 Ἀσάφ,
1226 4285 1324 4356 τὴν
1358 4284 1523 4356 αὐτὴν
1563 4286 1693 4338 ὑπό-

124 4375 260 4430 θεσιν
282 4379 697 4450 εἰσηγούμενον.
724 4381 953 4451 Εἴρηται
975 4379 1104 4447 γοῦν
1130 4379 1224 4431 καὶ
1257 4379 1314 4430 ἐν
1339 4379 1486 4448 αὑτῷ
1506 4396 1521 4410 ο
1550 4378 1692 4444 Θεὸς

124 4469 264 4524 θεῶν
297 4475 515 4541 Κύριος
551 4472 840 4541 ἐλάλησε,
873 4472 970 4527 καὶ
1000 4471 1256 4525 ἐκάλεσε
1288 4471 1405 4538 τὴν
1432 4471 1550 4540 γῆν
1573 4473 1689 4526 ἀπὸ

122 4561 425 4617 ἀνατολῶν
452 4565 632 4632 ἡλίου
651 4564 827 4633 μέχρι
860 4561 1129 4632 δυσμῶν.
1158 4562 1267 4614 Θέα
1304 4562 1412 4634 γὰρ
1444 4563 1594 4626 ὅπως
1633 4562 1692 4615 τὸ

126 4651 215 4720 μὲν
243 4654 393 4718 τέλος
422 4654 517 4708 τοῦ
544 4655 683 4725 μετὰ
703 4657 891 4727 χεῖρας
919 4654 1143 4724 φάσκει·
1175 4654 1444 4718 Ἀνάστα,
1466 4658 1498 4709 ό
1527 4656 1689 4721 Θεὸς,

122 4744 319 4808 κρῖνον
346 4747 465 4814 τὴν
505 4746 653 4817 γῆνο
694 4749 729 4818 ἡ
771 4748 825 4801 δὲ
887 4747 981 4800 τοῦ
1032 4747 1118 4819 μθ¹
1146 4749 1287 4819 ἀρχή
1320 4764 1333 4778 °
1378 4747 1520 4813 Θεὸς
1545 4747 1693 4801 θεῶν

122 4837 327 4904 Κύριος
352 4838 642 4907 ἐλάλησε,
684 4840 783 4893 καὶ
824 4840 1081 4894 ἐκάλεσε
1128 4839 1242 4908 τὴν
1289 4838 1423 4909 γῆν.
1470 4840 1579 4892 Καὶ
1608 4841 1693 4893 ἐν·

122 4928 286 4982 ταῦθα
315 4930 416 5001 μὲν
444 4932 680 5003 εἴρηται·
710 4933 830 4985 ’Ὁτι
867 4933 948 4987 σὺ
978 4932 1605 5001 κατακληρονομήσεις
1625 4933 1693 4985 ὲν

122 5020 265 5075 πᾶσι
300 5024 427 5091 τοῖς
459 5024 702 5079 ἔθνεσιν
722 5042 733 5055 ’
764 5026 821 5077 ἐν
852 5026 1044 5096 ἐκείνῳ
1093 5026 1171 5090 δὲ,
1219 5026 1338 5080 ἀπὸ
1384 5024 1694 5080 ἀνατολῶν

122 5110 291 5175 ἡλίου
313 5114 493 5183 μέχρι
524 5114 804 5185 δυσμῶν·
836 5116 929 5168 καὶ
963 5115 1124 5169 πάλιν
1155 5118 1213 5168 ἐν
1250 5116 1348 5186 μὲν
1378 5115 1457 5185 τῷ
1494 5114 1576 5184 μθ’
1608 5114 1694 5166 λέ-

1794 3922 1975 3993 Asapb
2013 3923 2226 3978 extulit.
2260 3922 2399 3987 Quia
2430 3937 2557 3975 vero
2589 3918 2856 3988 psalmum
2887 3930 3036 3977 xm,
3058 3913 3150 3983 qui
3176 3919 3229 3967 et
3259 3912 3375 3981 ipse

1792 4014 1991 4083 Asaphi
2045 4015 2398 4077 inscribitur,
2430 4012 2498 4066 de
2549 4010 2760 4081 judicio
2802 4009 2931 4062 item
2977 4008 3371 4062 edissercntem

1794 4105 2256 4177 deprehendimus
2289 4102 2515 4175 perinde
2543 4110 2706 4171 atque
2726 4106 3049 4170 prasentem
3078 4115 3091 4164 ;
3115 4097 3237 4166 jure
3264 4093 3374 4149 exi-

1795 4199 2084 4255 stimamus
2125 4199 2276 4251 illum
2323 4197 2451 4250 huic
2496 4191 2929 4249 subnectendum
2982 4204 3124 4251 esse,
3186 4194 3372 4255 utpote

1794 4291 1887 4362 qui
1914 4290 2172 4346 similiter
2203 4287 2410 4359 Asaphi
2442 4287 2535 4351 sit,
2569 4294 2622 4341 et
2654 4284 2793 4339 idem
2834 4290 3213 4353 argumentum
3246 4295 3371 4349 per-

1794 4388 2009 4437 tractet.
2042 4379 2178 4434 Nam
2224 4380 2295 4435 ibi
2319 4394 2535 4450 quoque
2562 4377 2767 4431 dictum
2804 4376 2943 4429 fuit:
2982 4372 3121 4427 Deus
3153 4371 3371 4423 deorum

1794 4473 2052 4528 Dominus
2082 4474 2288 4528 locutus
2328 4483 2427 4539 est,
2458 4481 2507 4527 et
2541 4473 2741 4527 vocavit
2778 4481 2973 4524 terram
3012 4486 3045 4521 a
3088 4467 3217 4522 solis
3252 4475 3372 4519 ortu

1794 4581 1954 4635 usque
2006 4564 2073 4617 ad
2126 4581 2392 4618 occasum.
2453 4563 2873 4617 Animadvertas
2931 4560 3133 4628 quippe
3185 4556 3369 4619 velim,

1794 4656 2080 4727 praesentis
2132 4656 2295 4709 tinem
2347 4655 2428 4710 sic
2474 4654 2683 4708 habere
2718 4671 2729 4705 :
2759 4650 2942 4719 Surge,
3001 4648 3163 4711 Deus,
3184 4645 3371 4716 judico

1797 4759 2023 4813 terram;
2064 4756 2119 4803 et
2167 4747 2572 4819 quadragesimi
2622 4746 2749 4799 noni
2804 4743 3020 4797 initium
3054 4742 3158 4795 hoc
3200 4755 3369 4795 esse:

1791 4841 1938 4900 Deus
1968 4842 2184 4897 deorum
2209 4840 2462 4895 Dominus
2494 4840 2700 4893 locutus
2726 4846 2825 4900 est,
2858 4846 2905 4889 et
2934 4834 3129 4889 vocavit
3151 4842 3368 4888 terram.

1795 4932 1895 4987 llic
1920 4933 2083 4988 etiam
2117 4932 2342 4992 dicitur,
2378 4930 2639 4994 Quoniam
2665 4936 2720 4979 tu
2756 4922 3091 4979 hwreditabis
3118 4926 3171 4975 in
3196 4922 3371 4976 omni-

1796 5024 1889 5078 bus
1921 5023 2195 5095 gentibus;
2228 5024 2303 5077 ibi
2348 5036 2499 5083 vero,
2534 5038 2565 5073 a
2597 5019 2725 5073 solis
2756 5028 2876 5073 ortu
2910 5032 3073 5086 usque
3105 5014 3175 5067 ad
3215 5030 3370 5067 occa-

1795 5134 1931 5172 sum.
1970 5118 2049 5171 Ac
2090 5132 2310 5171 rursum
2348 5115 2402 5169 in
2444 5128 2572 5166 xux
2604 5110 2811 5164 dictum
2854 5116 2938 5163 est
2981 5127 2993 5161 :
3030 5106 3171 5159 Deus
3200 5105 3360 5158 mani.

122 5200 300 5258 λεκται
321 5222 335 5234 ·
377 5207 433 5258 Ὁ
469 5206 612 5274 Θεὸς
640 5207 917 5277 ἐμφανῶς
948 5208 1101 5275 ἣξει,
1128 5212 1160 5263 ό
1191 5209 1335 5275 Θεὸς
1371 5207 1560 5277 ἡμῶν,
1588 5208 1686 5261 καὶ

1795 5186 1922 5280 teste
1952 5210 2137 5273 veniet,
2173 5208 2313 5261 Deus
2346 5215 2543 5271 noster,
2562 5214 2607 5257 et
2638 5220 2741 5257 non
2773 5200 2965 5257 silebit.
2999 5199 3133 5253 Cum
3162 5196 3370 5251 venerit

122 5297 188 5347 οὐ
219 5300 749 5367 παρασιωπήσεται
771 5317 788 5333 ο
829 5301 1001 5354 ἐλθὼν
1041 5301 1097 5354 δὲ
1134 5302 1187 5355 τί
1222 5303 1458 5373 ποιήσει,
1493 5302 1521 5353 ό
1552 5300 1689 5371 μετά

122 5391 300 5459 χεῖρας
327 5390 574 5445 διδάσκει·
600 5394 770 5462 λέγων
789 5410 803 5423 ο
842 5394 895 5446 Ὀ
929 5394 1072 5459 Θεὸς
1103 5395 1249 5453 ἔστη
1273 5394 1342 5447 ἐν
1369 5393 1690 5463 συναγωτῇ

122 5476 294 5531 θεῶν·
328 5481 399 5533 ἐν
433 5485 600 5551 μέσῳ
640 5484 709 5537 δὲ
748 5486 920 5552 θεοὺς
949 5485 1255 5553 διακρίνει.
1306 5486 1429 5549 Πῶς
1477 5486 1534 5538 δὲ
1578 5486 1690 5538 δια-

121 5569 310 5636 κρίνει,
356 5572 385 5623 ὁ
424 5573 505 5641 μθ¹
537 5576 790 5645 διασαφεῖ
822 5578 1043 5646 φάσκων
1066 5594 1079 5606 '
1120 5577 1247 5645 Πῦρ
1283 5578 1560 5631 ἐναντίον
1586 5579 1691 5632 αὺ-

122 5661 224 5715 τοῦ
246 5664 644 5733 καυθήσεταιο
678 5670 882 5735 κύκλῳ
913 5669 1099 5725 αὑτοῦ
1129 5669 1393 5739 καταιγὶς
1431 5669 1687 5738 σφόδρα.

193 5818 231 5849 ¹¹
276 5818 423 5876 Psal.
462 5838 520 5890 ιι,
562 5826 608 5879 7.

1796 5319 2000 5373 autem,
2028 5308 2157 5379 quid
2191 5314 2415 5361 acturus
2445 5304 2534 5367 sit,
2566 5304 2724 5358 docet
2744 5315 2983 5371 prazsens
3010 5298 3253 5369 psalmus
3284 5293 3369 5349 his

1795 5402 1976 5456 verbis
2008 5419 2021 5453 :
2058 5400 2197 5453 Deus
2246 5398 2391 5450 stetit
2447 5397 2502 5449 in
2536 5411 2805 5464 synagoga
2851 5392 3088 5455 deorum,
3114 5391 3169 5442 in
3199 5386 3368 5441 medio

1799 5499 1974 5541 autem
2000 5486 2124 5539 deos
2175 5484 2455 5552 dijudicat.
2495 5482 2778 5549 Quomodo
2809 5480 3155 5549 dijudicabit,
3189 5479 3371 5533 decla-

1798 5588 1884 5632 rat
1921 5592 2069 5642 χιιι,
2096 5576 2180 5628 his
2212 5573 2391 5629 verbis
2432 5593 2444 5627 :
2482 5573 2627 5644 Ignis
2667 5575 2722 5627 in
2753 5581 3029 5640 conspectu
3053 5571 3165 5641 ejus
3208 5586 3369 5624 erar-

1797 5667 1988 5732 descet,
2021 5668 2071 5719 in
2100 5665 2324 5719 circuitu
2370 5664 2484 5736 ejus
2536 5675 2812 5733 tempestas
2841 5661 3039 5717 valida.
3075 5660 3364 5716 Advocabit
