3798 6282
436 326 538 382 991

1103 329 1369 385 EUSEDII
1406 327 1882 384 CASSARIENSiS
1921 329 2072 386 OPP.

2111 329 2290 384 PARS
2321 329 2412 384 111.
2455 333 2530 372 -’
2556 327 2962 384 EXEGETICA.
3506 338 3579 392 θθὲ

439 439 624 493 caelum
682 440 1009 507 desursum,
1053 453 1103 497 et
1153 453 1348 497 terram
1404 441 1696 512 diiudicare
1761 440 1987 510 populun

2114 441 2595 510 Προσκαλέσεται
2642 441 2750 495 τὸν
2787 439 3046 508 οὐρανὸν
3088 439 3207 494 ἄνω
3259 442 3347 496 καὶ
3380 443 3472 512 τὴν
3502 448 3582 516 γῆν

438 547 611 585 suum.
646 529 851 586 Horum
873 547 1041 587 causa
1073 533 1267 588 merito
1297 532 1631 586 arbitramur
1651 529 2006 600 quadragesi-

437 639 586 678 mum
617 641 819 679 nonum
853 625 980 679 huic
1017 626 1226 696 psalmo
1263 625 1704 695 subjungendum
1753 637 1895 678 esse.
1937 620 2007 676 ll-

438 713 639 784 ludque
665 716 791 770 item
820 716 1477 780 observandum,eosdem
1511 716 1750 784 psalmos
1782 714 2006 784 perinde

435 814 598 876 atque
628 807 1044 878 subsequentes,
1067 808 1159 877 qui
1183 807 1311 862 item
1337 807 1540 877 Asaphi
1570 818 1716 872 sunt,
1745 806 2006 876 abjectio-

435 911 558 950 nem
591 896 902 952 Judaeorum
933 899 1162 970 ejusque
1197 915 1395 955 causas
1417 901 1724 970 complecti.
1755 899 2005 966 Quadra-

434 988 674 1055 gcsimus
707 1005 835 1044 vero
865 1005 1064 1054 nonus,
1099 991 1167 1045 ab
1193 990 1383 1046 eodem
1431 993 1695 1062 propheta
1738 992 1998 1061 scriptus,

432 1095 530 1150 per
584 1081 977 1136 sacrificiorum
1031 1083 1484 1153 repudiationem,
1555 1083 1805 1139 Mosaicae
1868 1085 2002 1155 legis

432 1169 840 1239 ahrogationem
875 1171 1115 1239 inducit;
1141 1173 1216 1227 ita
1247 1183 1302 1228 ut
1330 1176 1384 1228 in
1439 1175 1531 1230 illo
1573 1177 1816 1246 ejusdem
1841 1193 2002 1248 argu-

432 1255 603 1308 menti
633 1257 806 1312 scries
850 1261 1232 1330 sententiaque
1264 1264 1606 1319 exhibeatur.
1636 1265 1752 1331 Qua
1780 1282 1908 1320 vero
1935 1267 2001 1323 de

429 1358 598 1399 causa
621 1361 748 1399 xux
781 1363 810 1400 a
841 1352 1203 1418 praesentibus
1235 1355 1458 1411 avulsus
1496 1366 1548 1410 et
1581 1366 1706 1412 ante
1732 1360 2002 1429 quinqua-

426 1440 619 1508 gesimi
646 1441 836 1508 psalmi
865 1443 1266 1499 confessionem
1299 1447 1510 1514 positus
1539 1449 1626 1514 sit,
1654 1451 1766 1520 jam
1801 1452 1855 1505 in
1881 1453 2001 1522 ejus
2028 1460 2052 1483 ⁸

427 1532 820 1587 commentario
841 1532 1174 1605 disputatum
1204 1543 1307 1592 est.

489 1805 535 1857 1.
572 1802 923 1860 CANTICUM
957 1803 1206 1861 PSALMI
1244 1807 1372 1862 IPSI
1406 1807 1653 1863 ASAPH.
1695 1808 1956 1864 LXXXII.
2030 1799 2072 1854 Β

495 1952 663 2010 Vsus.
708 1956 763 2010 2.
797 1955 960 2024 Deus,
996 1959 1112 2028 quis
1137 1959 1329 2013 similis
1377 1961 1480 2016 erit
1533 1962 1671 2018 tibi?
1701 1980 1764 2018 ne
1794 1972 1994 2028 taceas,

421 2063 582 2118 neque
604 2050 970 2116 compescaris,
989 2050 1150 2106 Deus.
1169 2051 1616 2125 Septuagesimus
1645 2073 1824 2111 nonus
1849 2059 1996 2125 psal-

419 2155 544 2194 mus
575 2141 1007 2197 destructionem
1041 2144 1213 2199 vinea:
1233 2185 1248 2209 ,
1279 2143 1518 2202 Judaicae
1545 2148 1721 2218 gentis
1755 2148 1992 2212 ruinam,

419 2232 526 2287 loci
556 2234 649 2303 qui
684 2249 852 2304 penes
903 2250 999 2292 eos
1041 2236 1094 2291 in
1139 2240 1318 2308 pretio
1346 2249 1400 2294 et
1428 2240 1635 2296 honore
1687 2241 1995 2296 habebatur

418 2322 734 2378 incendium
791 2332 846 2380 et
883 2327 1193 2382 vastitatem
1252 2332 1690 2401 prmnuntiabat;
1743 2333 1854 2387 duo
1905 2350 1995 2389 se-

415 2420 650 2481 quentes
683 2429 908 2470 causam
942 2418 1106 2488 hujus
1136 2421 1468 2478 calamitatis
1495 2424 1866 2491 enarrabant;
1904 2425 1992 2480 hic

415 2519 546 2558 vero
577 2505 647 2561 iis
681 2507 1031 2576 conjunctus,
1067 2511 1518 2582 supplicationem
1565 2521 1622 2568 et
1655 2514 1994 2572 obsecratio-

415 2609 541 2650 nem
602 2612 700 2666 pro
745 2601 946 2670 populo
993 2601 1167 2657 eﬂ'ert.
1214 2601 1344 2660 Post
1389 2605 1569 2659 tristia
1631 2607 1830 2677 quippe
1900 2608 1992 2663 illa

413 2687 573 2756 quasi
604 2690 870 2746 medelam
903 2694 1195 2764 quamdam
1228 2693 1506 2766 praedictis
1532 2697 1823 2754 admovere
1854 2715 1984 2755 con-

411 2788 734 2838 sentaneum
793 2783 918 2853 fuit,
953 2787 1391 2858 quandoquidem
1451 2791 1648 2861 psalmi
1706 2793 1889 2862 Asaph
1934 2795 1989 2848 in

411 2871 518 2926 hoc
539 2873 1086 2934 circumscribentur.
1102 2877 1470 2946 Quamobrem
1493 2881 1774 2937 Canticum
1794 2884 1992 2954 psalmi

413 2960 715 3034 inscriptus
731 2974 838 3034 est,
858 2969 986 3038 quia
1002 2970 1144 3025 bona
1175 2972 1378 3042 populo
1396 2981 1670 3044 precatur.
1697 2973 1794 3030 Est
1823 2990 1990 3046 porro

413 3054 739 3112 undecimus
771 3073 963 3115 eorum
1012 3063 1106 3132 qui
1155 3062 1358 3133 Asaphi
1403 3064 1816 3132 inscribuntur,
1850 3083 1990 3138 quo-

2107 533 2214 587 τοῦ
2243 533 2536 602 διακρῖναι
2572 534 2680 586 τὸν
2715 533 2869 588 λαὸν
2911 533 3116 588 αὑτοῦ.
3146 532 3345 588 Τούτων
3369 540 3582 608 τοιγαροῦν

2105 622 2266 675 ἕνεκα
2309 622 2532 687 εἰκότως
2559 623 2786 676 ἔπεσθαι
2827 622 2904 694 τῷ
2945 623 3082 694 μετά
3124 625 3299 693 χεῖρας
3338 625 3585 696 ἡγησάμεθα

2104 712 2194 764 τὸν
2241 712 2346 783 μθ’.
2383 713 2618 766 Κάκείνο
2663 713 2719 766 δὲ
2766 712 3046 784 τηρητέον,
3077 712 3152 776 ὡς
3191 713 3372 783 ὁμοίως
3407 719 3496 779 τοῖς
3529 721 3586 771 ὲν-

2103 803 2277 857 ταῦθα
2312 805 2677 875 συνημμένοις
2709 805 2800 859 τοῦ
2859 804 3032 874 Ἀσάφ
3075 804 3300 875 ψαλμοῖς
3335 806 3419 876 τὴν
3444 808 3589 862 ἀποθο-

2103 896 2201 968 λὴν
2253 895 2346 949 τοῦ
2397 896 2668 951 Ἰουδαίων
2715 896 2919 962 ἔθνους,
2967 897 3062 950 καὶ
3104 895 3300 967 ταύτης
3339 897 3424 961 τάς
3462 900 3589 964 αἰτίας

2103 988 2431 1059 περιέχουσι.
2475 989 2586 1043 Καὶ
2624 991 2652 1042 6
2695 987 2779 1058 μθ¹
2813 988 2908 1042 τοῦ
2940 987 3105 1041 αὑτοῦ
3141 988 3403 1059 τυγχάνων
3433 995 3590 1063 προφή-

2101 1099 2216 1146 του,
2247 1083 2559 1153 ἀνατροπὴν
2597 1081 2692 1134 τοῦ
2723 1081 2965 1144 Μωσέως
2995 1081 3159 1151 νόμου
3199 1081 3392 1150 εἰσάγει
3422 1081 3494 1136 διὰ
3522 1084 3591 1154 τῆς

2101 1171 2208 1224 τῶν
2243 1172 2442 1226 θυσιῶν
2479 1173 2894 1244 παραιτήσεωςο
2929 1171 3069 1224 ὥστε
3120 1173 3213 1225 καὶ
3260 1173 3313 1224 ὲν
3351 1173 3504 1244 ταύτῷ
3525 1175 3592 1245 τὴν

2101 1263 2420 1317 ἀκολουθίαν
2466 1263 2775 1317 δείκνυσθαι
2825 1263 2923 1332 τῆς
2968 1262 3075 1316 τῶν
3124 1263 3480 1334 ἐμφερομένων
3516 1265 3594 1318 δια-

2101 1355 2268 1419 νοίας.
2304 1357 2402 1409 Διά
2439 1357 2571 1408 τίδὲ
2599 1354 2971 1426 μετατέθειται
3001 1358 3030 1409 6
3069 1355 3154 1427 μθ¹
3182 1359 3245 1411 ὲκ
3271 1358 3360 1428 τῆς
3387 1357 3478 1410 τῶν
3509 1374 3598 1428 προ-

2102 1445 2367 1515 κειμένων
2403 1444 2719 1514 συναφείας,
2767 1445 3130 1515 προτέτακται
3171 1447 3230 1498 δὲ
3270 1447 3362 1516 τῆς
3398 1449 3448 1500 ἐν
3478 1447 3538 1516 τῷ
3568 1455 3597 1499 γ
3736 1507 3737 1514 η

2099 1536 2298 1606 ψαλμῷ
2333 1535 2790 1606 ὲξομολογήσεως,
2819 1536 2877 1587 ὲν
2904 1538 3016 1598 τοῖς
3041 1536 3121 1600 εἰς
3146 1537 3304 1590 αὐτὸν
3328 1536 3599 1606 τεθεωρημὲ-

2101 1646 2211 1692 νοις
2237 1631 2366 1699 ἡμῖν
2398 1629 2672 1701 προδιείλη
2682 1647 2827 1683 πται.

2407 1807 2540 1877 om
2572 1806 2870 1860 ΨΑΛΜΟΥ
2901 1807 2988 1875 Ta
3018 1807 3213 1862 ΑΣΑΦ.
3241 1806 3360 1860 HB'.

2178 1957 2238 2012 Ὀ
2269 1957 2434 2024 Θεὸς,
2469 1959 2562 2024 τίς
2606 1958 3033 2028 ὁμοιωθήσεται
3065 1973 3203 2023 σοι;
3243 1957 3335 2026 Μὴ
3380 1957 3603 2028 σιγήσῃς,

2091 2047 2247 2116 μηδὲ
2293 2051 2738 2118 καταπραῢνῃς,
2787 2053 2821 2105 ὁ
2871 2051 3036 2117 Θεός.
3079 2052 3135 2104 '0
3191 2051 3292 2122 μὲν
3341 2050 3408 2103 οθ¹
3444 2049 3604 2120 eam;

2096 2138 2464 2210 προανεφώνει
2495 2141 2585 2193 τὸν
2627 2142 2931 2213 ἀφανισμὸν
2959 2141 3052 2195 τοῦ
3086 2142 3403 2213 ἀμπελῶνος
3427 2143 3504 2195 καὶ
3534 2143 3605 2212 τὴν

2096 2231 2304 2284 πτῶσιν
2333 2230 2427 2285 τοῦ
2466 2230 2731 2286 Ἰουδαίων
2771 2232 2975 2298 ἔθνους,
3001 2233 3094 2287 τοῦ
3126 2252 3184 2287 τε
3218 2237 3345 2306 παρ’
3371 2235 3526 2296 αὐτοῖς
3551 2250 3607 2286 τε·

2093 2324 2397 2396 τιμημένου
2439 2325 2604 2378 τόπου
2634 2326 2725 2380 τὸν
2756 2326 3083 2397 ἐμπρησμὸν
3131 2328 3229 2381 καὶ
3268 2327 3361 2398 τὴν
3391 2327 3605 2397 ἐρημίαν·

2092 2419 2141 2470 οἱ
2185 2419 2229 2471 δ’
2275 2417 2403 2488 ἑξῆς
2431 2416 2580 2489 αὐτῷ
2607 2417 2700 2472 δύο
2729 2419 2826 2488 τὴν
2858 2419 3039 2473 αἰτίαν
3073 2419 3349 2473 ἐδίδασκον
3381 2419 3442 2472 δι’
3467 2418 3522 2489 ἢν
3546 2435 3609 2470 πε-

2093 2509 2319 2564 πόνθασι
2356 2509 2561 2564 ταῦτα’
2607 2513 2636 2564 ὁ
2681 2510 2738 2564 δὲ
2780 2511 2989 2580 παρὼν,
3038 2511 3378 2582 συνημμένος
3415 2511 3608 2572 ἐκείνοις,

2093 2601 2373 2673 ἱκετηρίαν
2410 2603 2506 2656 καὶ
2549 2602 2732 2672 δέησιν
2771 2603 2913 2672 ὑπὲρ
2937 2602 3038 2655 τοῦ
3071 2601 3202 2657 λαοῦ
3241 2607 3476 2656 ποιεῖται.
3503 2601 3609 2653 Ἔδει

2090 2691 2198 2763 γάρ
2227 2693 2364 2763 μετά
2393 2693 2462 2747 τὰ
2491 2693 2789 2764 σκυθρωπά
2817 2693 3006 2766 ὥσπερ
3029 2692 3152 2748 τινὰ
3177 2692 3463 2766 θεραπείαν
3485 2709 3608 2763 προσ·

2102 2731 2198 2763 ...ιι
2227 2731 2364 2763 με...
2405 2731 2462 2747 η.
2491 2731 2789 2764 “ww..-
2817 2731 3005 2766 ,ωηεν
3041 2731 3152 2748 νη..
3178 2731 3461 2766 πνους.-.
3490 2731 3605 2763 ..νυνί

2090 2784 2243 2853 ἀγειν
2263 2787 2376 2847 τοῖς
2405 2785 2768 2856 προλεχθεῖσι,
2803 2785 3092 2855 μέλλοντας
3119 2787 3176 2840 ὲν
3204 2785 3379 2854 τούτῳ
3403 2783 3608 2855 περιγρά-
3735 2731 3737 2846 1

2089 2895 2154 2946 φε
2163 2877 2282 2931 σθαι
2302 2878 2425 2940 τοὺς
2442 2877 2550 2931 Τοῦ
2567 2877 2757 2946 Ἀσὰερ
2774 2876 3038 2948 ψαλμούς.
3057 2877 3147 2930 Διὸ
3161 2878 3261 2930 καὶ
3276 2876 3406 2948 ᾨδὴ

2087 2965 2489 3036 ἐπιγέγραπται
2510 2967 2538 3018 6
2560 2963 2747 3037 παρὼν
2768 2965 2945 3034 λόγος,
2972 2965 3061 3019 διὰ
3080 2965 3140 3018 τὸ
3171 2967 3244 3019 τὰ
3273 2964 3471 3036 χρηστά
3493 2964 3610 3032 ὑπερ-

2087 3054 2342 3124 εύχεσθαι
2374 3055 2466 3107 τοῦ
2496 3054 2648 3108 λαοῦ.
2675 3055 2830 3108 Ἔστι
2855 3056 2911 3108 δὲ
2932 3056 2960 3108 6
2987 3053 3174 3126 παρὼν
3201 3053 3315 3107 τῶν
3340 3058 3612 3123 ἐπιγεγραμ-

721 3111 732 3112 ,
780 3111 963 3115 __,__
1017 3111 1106 3132 ν-
1155 3111 1356 3133 ---φη
1403 3111 1816 3132 --η---.,--.-,-,
1851 3111 1958 3138 ,νη

412 3161 532 3199 rum
579 3149 786 3216 primus
815 3159 934 3206 erat
973 3169 1144 3219 Lxxtt,
1178 3154 1253 3208 ita
1316 3162 1376 3210 ut
1415 3156 1471 3210 in
1526 3172 1716 3212 eorum
1772 3173 1987 3228 quoque

2094 3111 2268 3215 μένων
2291 3143 2401 3199 Τοῦ
2417 3145 2597 3214 Ἀσάφ
2619 3151 2707 3208 ια’,
2736 3137 2810 3198 ὧν
2842 3144 3058 3216 πρῶτος
3071 3111 3154 3214 ’ἦν
3180 3145 3212 3196 6
3246 3144 3350 3210 οϐ’,

412 3251 642 3291 numero
671 3248 961 3294 censeatur
989 3257 1141 3306 xm,
1177 3244 1306 3314 quia
1346 3244 1393 3298 is
1426 3245 1590 3299 etiam
1628 3253 1714 3300 est
1740 3247 1942 3318 Asaphi
1969 3266 1982 3301 :

411 3334 574 3396 atque
595 3329 666 3382 ita
696 3344 888 3386 omnes
909 3331 1198 3387 duodecim
1219 3350 1448 3390 numero
1478 3345 1626 3390 sunt.
1652 3335 1710 3390 In
1735 3339 1986 3406 praesenti

413 3417 579 3487 igitur
619 3420 888 3490 propheta
947 3421 1059 3478 Deo
1113 3426 1431 3495 supplicans
1479 3427 1601 3482 ait:
1645 3427 1809 3493 Deus,
1868 3431 1986 3500 quis

408 3508 602 3563 similis
669 3511 769 3564 erit
819 3512 955 3569 tibi?
994 3531 1056 3568 ne
1124 3524 1323 3581 taceas,
1393 3535 1554 3588 neque
1615 3523 1985 3587 compescaris,

408 3598 574 3655 Deus.
616 3603 708 3656 Ait
743 3604 985 3674 quippe:
1029 3604 1446 3678 Deepatienti,
1488 3609 1743 3665 toleranti
1773 3651 1790 3675 ,
1831 3612 1984 3667 ideo-

409 3707 516 3761 que
570 3708 762 3751 omnes
836 3696 1072 3762 ferenti,
1138 3715 1300 3754 nemo
1371 3701 1591 3757 similis.
1661 3701 1797 3756 Nam
1860 3705 1986 3774 quis

407 3785 634 3854 perinde
677 3795 841 3858 atque
895 3799 950 3844 tu
1019 3792 1306 3846 atheorum
1363 3801 1418 3848 et
1487 3795 1777 3866 impiorum
1838 3796 1986 3852 blas-

409 3877 604 3946 phema
664 3878 810 3934 dicta
869 3891 924 3936 et
990 3885 1302 3953 superbiam
1366 3885 1508 3942 ferre
1545 3889 1780 3944 valeat?
1839 3888 1987 3955 Qua-

406 3979 468 4020 re
501 3968 598 4022 tibi
629 3971 847 4039 quidem
881 3973 992 4030 Deo
1029 3992 1189 4031 nemo
1221 3977 1419 4034 similis
1449 3979 1572 4034 erit.
1614 3980 1726 4052 Ego
1761 3996 1889 4036 vero
1925 3988 1984 4035 ut

408 4057 593 4124 homo,
632 4061 947 4120 inﬁrmitate
998 4076 1288 4138 superatus
1319 4086 1458 4132 mea,
1508 4071 1622 4126 haec
1675 4073 1985 4143 supplicare

407 4149 603 4215 audeo,
639 4152 847 4224 tibique
869 4153 981 4210 Deo
1005 4173 1127 4212 cum
1164 4161 1414 4229 precibus
1439 4162 1651 4217 dicere:
1677 4161 1759 4216 Ne
1784 4173 1979 4229 taceas,

409 4256 569 4310 neque
617 4248 990 4314 compescaris,
1053 4248 1216 4307 Deus.
1254 4251 1409 4307 Tunc
1450 4268 1580 4308 vero
1629 4260 1812 4309 tacere
1839 4253 1982 4312 Deus

405 4332 630 4400 dicitur,
672 4351 796 4390 cum
839 4338 1250 4409 insurgentibus
1300 4343 1477 4400 athcis
1519 4352 1573 4400 et
1605 4344 1786 4414 impiis
1820 4345 1978 4414 viris,

407 4425 565 4492 quasi
621 4441 731 4480 non
766 4427 1055 4486 advertens
1093 4431 1185 4486 ille
1221 4440 1424 4497 manet,
1459 4449 1634 4503 neque
1689 4434 1977 4489 confestim

407 4515 667 4571 ultionem
693 4519 882 4584 sumit,
903 4536 1003 4576 nec
1029 4522 1338 4592 promeritis
1360 4541 1454 4581 eos
1477 4525 1761 4596 suppliciis
1788 4542 1980 4597 aggre-
2011 4493 2054 4548 Β

405 4608 570 4661 ditur.
596 4608 959 4674 Quamobrem
989 4613 1106 4682 ipse
1129 4613 1312 4684 Asapb
1338 4615 1391 4669 in
1419 4632 1542 4670 ηιξ
1569 4617 1778 4686 psalmo
1807 4616 1978 4672 Deum

407 4695 521 4751 haac
563 4701 916 4766 peccantibus
960 4703 1232 4760 dicentem
1264 4705 1476 4760 inducit
1509 4726 1522 4761 :
1554 4708 1684 4762 llam
1712 4709 1904 4777 fecisti,
1927 4718 1980 4763 et

407 4795 546 4842 tacui
578 4806 595 4842 :
621 4781 945 4846 existimasti
976 4793 1152 4864 inique
1177 4798 1315 4865 quod
1353 4814 1443 4852 ero
1474 4800 1550 4852 tui
1583 4798 1798 4854 similis.
1831 4801 1978 4855 Cau-

406 4895 523 4934 sam
558 4898 686 4937 vero
709 4885 935 4948 silentii,
971 4885 1248 4954 patientia:
1274 4898 1328 4944 et
1357 4890 1656 4945 tolerantiae
1692 4890 1785 4946 Dei
1819 4892 1978 4946 docet

404 4972 721 5042 Apostolus,
754 4974 870 5030 haec
905 4978 1155 5034 scribens
1183 4997 1196 5032 :
1221 4978 1303 5033 An
1333 4979 1548 5035 divitias
1582 4983 1833 5037 bonitatis
1863 4983 1977 5053 ejus

405 5071 457 5113 et
497 5063 770 5130 patientia:
812 5075 862 5120 et
903 5067 1320 5139 longanimitatis
1363 5073 1675 5137 contemnis,
1726 5075 1976 5142 ignorans

405 5149 544 5218 quod
588 5151 880 5223 benignitas
927 5155 1026 5210 Dei
1062 5159 1131 5210 ad
1165 5160 1524 5227 pwnitentiam
1565 5169 1614 5213 te
1655 5160 1872 5214 adducit
1895 5163 1979 5216 “7

407 5241 514 5295 Sed
541 5249 601 5295 tu
635 5244 878 5314 quidem,
920 5246 1016 5311 ait,
1053 5257 1109 5303 ut
1140 5248 1304 5316 Deus,
1343 5265 1533 5306 omnes
1572 5251 1830 5316 sustines,
1861 5267 1979 5305 om-

406 5348 506 5388 nes
552 5336 850 5393 clementer
873 5339 1099 5404 toleras,
1133 5355 1198 5396 ac
1225 5341 1292 5397 de
1324 5343 1394 5398 iis
1424 5344 1555 5399 siles
1582 5343 1679 5413 qui
1726 5343 1890 5413 impie
1922 5350 1978 5398 et

406 5426 613 5480 nefarie
639 5438 889 5496 peccant,
917 5438 973 5486 et
1021 5442 1213 5486 contra
1245 5440 1298 5489 te
1337 5433 1507 5490 Deum
1542 5434 1863 5504 blasphema
1889 5433 1976 5488 di-

407 5524 493 5569 cta
523 5517 826 5586 proferunt.
861 5521 975 5590 Ego
1010 5539 1143 5578 vero
1185 5540 1310 5580 cum
1337 5525 1455 5580 haec
1483 5525 1670 5580 videre
1709 5541 1820 5579 non
1850 5541 1976 5595 pos-

411 5606 536 5675 sim,
566 5611 813 5678 supplico
840 5614 1213 5686 dcprccorque
1245 5619 1452 5674 veniam
1499 5617 1785 5690 consequi,
1830 5617 1973 5689 quod

487 5758 528 5789 ι’
565 5757 723 5813 Rom.
764 5777 830 5826 ιι,
867 5764 919 5816 4,

2089 3234 2501 3305 λαμϐανομένου
2538 3237 2652 3299 τοῖς
2696 3235 3077 3306 προκειμένοις
3111 3234 3210 3287 τοῦ
3258 3243 3310 3306 μ’
3343 3235 3431 3288 καί
3469 3232 3523 3297 θ’,
3549 3230 3611 3284 διὰ

2086 3328 2147 3380 τὸ
2186 3326 2280 3380 καὶ
2311 3325 2472 3379 αὑτὸν
2498 3321 2638 3379 εἶναι
2664 3325 2759 3378 τοῦ
2799 3327 2993 3397 Ἀσάφ.
3028 3326 3265 3380 Γένοιντ’
3296 3327 3362 3381 ἂν
3387 3329 3432 3380 oi
3458 3326 3610 3386 πάντες

2085 3420 2176 3474 τὸν
2201 3417 2432 3489 ἀριθμὸν
2464 3418 2554 3473 ιϐ’.
2581 3418 2745 3488 Λέγει
2773 3418 2829 3472 δὲ
2859 3417 2946 3473 διά
2975 3418 3066 3472 τοῦ
3094 3420 3366 3492 παρόντος
3395 3420 3422 3472 6
3443 3417 3612 3489 Προφή-

2084 3527 2185 3581 της
2230 3512 2288 3565 ὲν
2332 3512 2398 3581 τῇ
2442 3509 2581 3581 πρὸς
2613 3510 2702 3563 τὸν
2745 3509 2875 3566 Θεὸν
2922 3512 3207 3584 ἱκετηρίᾳο
3260 3513 3324 3566 Ὀ
3369 3512 3513 3577 Θεὸς,
3548 3510 3613 3573 τίς

2085 3599 2514 3669 ὁμοιωθήσεται
2545 3615 2681 3664 σοι;
2711 3600 2809 3669 Μὴ
2841 3599 3125 3679 atq-lianc,
3137 3602 3299 3670 μηδὲ
3328 3600 3610 3669 καταπραΰ-

2083 3711 2220 3762 νῃς,
2243 3695 2277 3748 ὁ
2312 3695 2474 3758 Θεός.
2513 3693 2572 3746 '0
2602 3694 2700 3764 μὲν
2724 3694 2850 3765 γὰρ,
2877 3697 3029 3764 φησὶ,
3056 3695 3134 3765 τῷ
3163 3695 3288 3767 Θεῷ
3326 3694 3610 3766 μακροθύμῳ

2083 3786 2195 3839 δντι
2233 3785 2325 3838 καὶ
2371 3785 2696 3856 ἀνεξικάκῳ,
2731 3786 2826 3838 καὶ
2873 3784 2962 3838 διὰ
3000 3786 3156 3838 τοῦτο
3204 3787 3425 3840 πάντων
3467 3785 3612 3853 ἁνεχο·

2089 3877 2253 3948 μένῳ,
2283 3877 2456 3939 οὐδεὶς
2493 3877 2697 3947 ὅμοιος.
2730 3878 2827 3940 Τίς
2866 3878 2975 3948 γάρ
3015 3894 3094 3930 σοι
3135 3877 3518 3949 παραπλησίως
3543 3874 3612 3934 τὰς

2084 3969 2192 4022 τῶν
2217 3968 2390 4022 ἀθέων
2418 3968 2512 4021 καὶ
2535 3969 2747 4022 ἀσεϐῶν
2773 3968 2983 4040 ἀνδρῶν
3013 3970 3330 4040 δυσφημίας
3365 3969 3454 4024 καὶ
3487 3968 3614 4036 ὑπερσ
3736 4031 3737 4044 χ

2081 4060 2318 4131 ηφανίας
2353 4057 2464 4122 οἷός
2491 4062 2540 4112 τ’
2573 4060 2640 4114 ἂν
2682 4059 2766 4130 εἴη
2808 4060 3021 4131 cpt-Spera;
3057 4061 3148 4114 Διὸ
3182 4062 3269 4114 σοὶ
3310 4061 3427 4133 μὲν,
3454 4057 3611 4150 ὁθεδςν

2081 4151 2256 4214 οὐδεὶς
2276 4150 2703 4221 ὁμοιωθήσεται·
2746 4149 2856 4218 ἐγὼ
2882 4150 2938 4204 δὲ
2971 4151 3047 4214 ὼς
3074 4150 3386 4222 ἄνθρωπος,
3414 4147 3614 4222 ἡττώμε-
3736 4147 3737 4178 θ

2082 4257 2172 4305 νος
2206 4241 2312 4294 ὑπὸ
2343 4241 2444 4312 τῆς
2472 4240 2711 4311 ἐμαυτοῦ
2749 4240 3054 4305 ἀσθενείας,
3085 4240 3272 4312 τολμῶ
3313 4241 3521 4304 δεῖσθαι,
3546 4237 3614 4289 καὶ

2083 4333 2166 4386 σοὶ
2215 4332 2292 4404 τῷ
2341 4332 2460 4404 Θεῷ
2508 4333 2626 4404 μεθ’
2665 4320 2942 4405 ἱκετηρίας
2981 4333 3183 4402 λέγειν’
3226 4334 3328 4402 Μὴ
3378 4332 3612 4402 σιτήσῃςν

2075 4422 2231 4493 μηδὲ
2286 4425 2728 4492 καταετραΰνῃς,
2775 4427 2809 4477 ό
2868 4426 3031 4490 Θεός.
3082 4425 3247 4496 Σιγᾷν
3284 4426 3341 4478 δὲ
3376 4421 3612 4526 λέγεται.ὀ
3736 4455 3737 4526 γ

2082 4513 2233 4578 Θεὸς,
2269 4514 2489 4568 ὲπειδάν
2515 4515 2893 4586 ἐπαιρομένων
2923 4515 3034 4570 τῶν
3056 4517 3232 4571 ἀθέων
3263 4520 3360 4571 καὶ
3384 4512 3610 4570 δυσσεδῶν
3736 4512 3737 4540 ι

2081 4605 2311 4677 ἀνδρῶν,
2339 4605 2738 4677 ἀπροσποίητος
2766 4606 2939 4676 μένει,
2971 4608 3044 4679 μὴ
3067 4609 3291 4677 ἐπάγων
3321 4608 3611 4680 παραχρῆμα

2078 4699 2175 4770 τὴν
2209 4701 2327 4752 κατ’
2369 4698 2545 4752 αὐτῶν
2573 4697 2764 4770 ὀργὴν,
2799 4699 2931 4770 μηδὲ
2974 4703 3093 4764 ταῖς
3124 4704 3245 4754 κατ’
3282 4701 3456 4756 αὐτῶν
3481 4715 3612 4768 τιμω-

2084 4789 2226 4860 ρίαις
2254 4788 2550 4861 χρώμενος.
2591 4790 2682 4842 Διὸ
2715 4791 2812 4844 καὶ
2851 4794 2964 4854 τοῖς
2999 4791 3404 4863 ἁμαρτάνουσιν
3433 4795 3460 4844 6
3488 4788 3611 4848 αὐτὸς

2091 4881 2262 4950 Ἀσάφ
2306 4884 2364 4936 ὲν
2399 4881 2477 4952 τῷ
2517 4887 2572 4952 μ’
2603 4883 2696 4936 καὶ
2745 4881 2788 4935 θ’
2827 4882 2919 4935 τὸν
2959 4883 3091 4937 Θεὸν
3135 4885 3350 4954 εἰσάγει
3391 4884 3605 4954 λέγοντσκ

2083 4971 2273 5026 Ταῦτα
2311 4973 2634 5038 ἐποίησας,
2670 4972 2772 5026 καὶ
2813 4974 3104 5042 ἐσίγησαο
3162 4975 3458 5041 ὑπέλαϐες
3501 4975 3608 5027 ἀνο-

2071 5065 2240 5133 μίαν,
2270 5064 2359 5118 ὅτι
2385 5065 2600 5134 ἔσομαί
2620 5078 2722 5119 σοι
2746 5064 2966 5134 ὅμοιος.
2996 5065 3077 5118 Τά
3097 5066 3155 5120 δὲ
3182 5067 3334 5120 αἴτια
3365 5069 3459 5136 τῆς
3486 5060 3606 5129 σιγῆς

2076 5155 2171 5209 τοῦ
2204 5155 2336 5209 Θεοῦ
2371 5156 2466 5209 καὶ
2494 5157 2593 5227 τῆς
2625 5155 2825 5226 ἀνοχῆς
2857 5158 2950 5210 καὶ
2979 5157 3076 5226 τῆς
3112 5157 3487 5229 μακροθυμίας
3512 5167 3608 5205 παι·

2075 5247 2218 5300 δεύει
2257 5250 2285 5300 6
2323 5248 2642 5311 Ἀπόστολος
2679 5248 2942 5318 γράφων·
2983 5249 3052 5304 Ἢ
3087 5249 3194 5303 τοῦ
3239 5251 3495 5304 πλούτου
3526 5240 3605 5308 "lC

2076 5340 2480 5407 χρηστότητος
2515 5340 2700 5394 αὐτοῦ
2741 5343 2841 5396 καὶ
2872 5341 2980 5412 τῆς
3014 5342 3243 5411 ἀνοχῆς
3275 5342 3378 5396 καὶ
3404 5339 3502 5408 τῆς
3517 5353 3603 5404 με·

2076 5429 2399 5497 προθυμίας
2424 5431 2834 5499 καταφρονεῖς,
2873 5433 3130 5503 ἀγνοῶν,
3154 5435 3238 5487 ὅτι
3283 5432 3352 5486 τό
3378 5426 3601 5499 χρηστὸν

2075 5519 2182 5574 τοῦ
2227 5519 2374 5574 Θεοῦ
2420 5523 2508 5587 είς
2533 5521 2856 5590 μετάνοιάν
2891 5539 2966 5579 σε
3001 5525 3168 5596 ἄγεις
3217 5524 3378 5578 Ἀλλά
3409 5525 3467 5575 σὺ
3505 5517 3598 5590 μὲν.

2077 5612 2259 5683 φησὶν,
2288 5613 2364 5676 ὡς
2394 5612 2525 5677 Θεὸς
2564 5613 2780 5669 πάντων
2817 5615 3160 5688 ἀνεχόμενος,
3205 5617 3414 5679 πάντας
3451 5611 3596 5684 φέρεις
