3798 6282
167 314 263 371 993

1241 304 1741 363 COMMENTARIA
1780 305 1846 360 IN
1888 304 2224 363 PSALMOS.

3285 311 3394 366 994

164 422 361 494 πράως,
394 417 488 474 καὶ
532 417 625 470 ἐπὶ
666 420 778 481 τοῖς
805 415 978 487 ἀσεϐῆ
1010 416 1105 471 καὶ
1147 417 1286 472 ἄθεα
1321 418 1711 489 ἁμαρτάνουσι,

1821 433 1931 472 non
1969 419 2133 473 simili
2180 423 2345 487 atque
2386 424 2445 471 ιιι
2495 417 2659 472 modo
2702 419 2939 475 tolerare
2968 419 3221 475 valeam:
3263 436 3393 475 nam

163 516 248 570 xui.
272 510 408 565 κατὰ
426 507 517 561 σοῦ
536 508 630 561 τοῦ
651 508 785 561 Θεοῦ
806 508 1207 579 βλασφημοῦσι,
1235 511 1444 580 σιωπᾷς
1462 526 1475 539 ο
1504 508 1614 577 ὲγὼ
1638 509 1715 575 δὲ,

164 606 232 679 μὴ
254 602 542 673 δυνάμενος
585 599 758 654 ταῦτα
783 602 936 672 ὁρᾷν,
970 600 1161 671 δέομαι
1188 600 1282 654 καὶ
1324 599 1548 653 ἱκετεύω
1590 616 1719 671 συογ-

159 697 367 769 γνώμης
392 697 571 764 τυχεῖν
592 694 685 747 ἐπὶ
708 694 770 747 τὸ
803 695 878 765 μὴ
903 693 1161 747 δύνασθαι
1185 694 1370 765 φέρειν
1394 710 1475 747 σοι
1505 692 1583 762 τῷ
1601 691 1718 763 Θεῷ

159 784 565 857 παραπλησίως·
611 783 695 847 τίς
738 784 846 855 γάρ
882 800 963 837 σοι
1008 783 1447 854 ὁμοιωθήσεταις
1498 783 1589 836 Διὸ
1643 783 1719 846 ὡς

156 880 441 950 ἄνθρωπος.
488 875 646 947 ζῆλον
677 874 814 945 ἔχων
841 875 933 929 τὸν
968 876 1107 946 ὑπὲρ
1137 875 1235 945 τῆς
1272 875 1371 944 σῆς
1414 875 1714 940 εὐσεϐείας,

155 967 321 1039 τολμῶ
373 965 657 1037 ἱκετηρίαν
710 982 792 1019 σοι
840 966 1172 1037 προσάγειν·
1220 964 1359 1018 ῶστε
1407 965 1717 1019 παύσασθαι

156 1063 244 1132 μὲν
284 1061 378 1130 τῆς
430 1059 636 1129 ἁφάτου
691 1056 1068 1129 μακροθυμίας
1114 1058 1208 1112 καὶ
1253 1059 1349 1127 τῆς
1395 1058 1715 1124 ἀνεξικάκου

132 1154 376 1223 ⁵σιωπῆς·
400 1152 502 1221 ήδη
524 1151 581 1203 δέ
607 1167 737 1202 ποτε
759 1150 1041 1221 κινηθῆναι
1065 1150 1204 1202 κατὰ
1228 1150 1334 1203 τῶν
1350 1150 1418 1204 τὰ
1443 1150 1715 1221 ἀνήκεστα

151 1238 563 1311 τετολμηκότων.
594 1239 684 1292 Διό
712 1255 889 1308 φημι·
925 1237 1020 1305 Μὴ
1050 1237 1331 1307 σιγήσῃς,
1355 1238 1511 1307 μηδὲ
1542 1255 1717 1292 κατα-

152 1333 438 1401 πραΰνῃςο
470 1331 584 1384 ἀνθ’
626 1322 687 1383 οῦ
727 1332 755 1383 ὁ
803 1328 901 1399 μὲν
946 1329 1198 1394 Ἀκύλας,
1225 1329 1321 1398 Μὴ
1363 1329 1710 1399 καθησυχά-

151 1441 278 1493 σῃς,
332 1425 360 1475 ὁ
391 1423 449 1476 δὲ
502 1423 817 1494 Σύμμαχος,
865 1422 961 1491 Μὴ
1013 1422 1351 1491 ἐωμάσῃς,
1406 1422 1710 1493 εἰρήκασιν.

152 1513 250 1569 Εἶτ’
282 1512 521 1583 ἐπιλέγει
549 1514 707 1585 έξῆς⁶
745 1516 861 1567 ’Ὁτι
908 1512 1038 1567 ἰδοὺ
1086 1516 1142 1567 ol
1182 1515 1382 1583 ἐχθροί
1408 1527 1525 1567 σου
1566 1513 1716 1582 ἤχη-

150 1624 275 1671 σαν,
302 1606 397 1660 καὶ
435 1608 493 1660 οἱ
521 1605 843 1675 μισοῦντές
869 1623 944 1659 σε
970 1602 1123 1675 ἦραν
1147 1606 1437 1675 κεφαλήν.
1474 1605 1632 1658 Κατὰ
1659 1605 1714 1658 δὲ

149 1698 230 1752 τὸν
265 1697 515 1751 Ἀκύλαν*
576 1698 697 1751 Ὅτι
742 1696 869 1752 ἰδοὺ
907 1700 962 1752 ol
998 1698 1201 1767 ἐχθροί
1245 1712 1361 1751 σου
1402 1696 1716 1767 ὢχλασαν,

1822 513 1943 582 quis
1973 512 2171 567 similis
2211 511 2318 565 erit
2359 511 2496 564 tibi?
2521 510 2866 581 Quapropter
2899 521 2959 567 ut
2990 513 3173 576 homo,
3210 512 3396 568 studio

1819 604 2041 674 pictatis
2064 619 2192 674 erga
2226 612 2280 657 te
2309 603 2591 667 incensus,
2625 603 2935 672 supplicare
2965 605 3065 659 tibi
3100 605 3297 673 audeo,
3332 604 3393 659 ut

1818 693 1979 746 linem
2017 691 2190 747 facias
2232 690 2535 746 tolerantia:
2564 698 2618 745 et
2659 692 2887 755 silentii,
2922 708 2986 748 ac
3017 695 3127 765 jam
3168 695 3390 750 demum

1817 796 2071 837 moveare
2113 781 2379 838 adversus
2418 797 2513 837 eos
2546 783 2639 853 qui
2674 783 3041 839 intolerabilia
3084 787 3204 841 ausi
3236 793 3385 841 sunt.

1818 872 1945 928 Ideo
1985 873 2111 927 dico
2140 890 2151 926 :
2176 871 2258 928 Ne
2290 883 2489 938 taceas,
2516 891 2677 944 neque
2723 878 3091 944 compescaris.
3133 876 3245 931 Pro
3277 893 3391 948 quo

1815 962 2135 1035 Aquila,Ne
2162 964 2422 1033 quiescas,
2470 963 2834 1035 Symmachus
2875 982 3027 1029 vero,
3075 965 3158 1021 Ne
3195 984 3387 1031 cesses,

1817 1057 2159 1126 interpretati
2176 1064 2327 1112 sunt.
2354 1056 2560 1114 Deinde
2591 1056 2776 1111 subdit
2800 1076 2813 1110 :
2836 1090 2902 1101 —-
2934 1057 3102 1112 Vsus.
3139 1060 3196 1112 5.
3252 1058 3393 1123 Quo-

1817 1150 1961 1202 niam
1992 1165 2107 1203 ecce
2152 1149 2352 1204 inimici
2401 1151 2477 1202 tui
2519 1159 2827 1214 sonuerunt,
2860 1158 2909 1203 et
2961 1151 3049 1220 qui
3088 1150 3309 1203 oderunt
3342 1159 3397 1204 te

1814 1241 2115 1295 extulerunt
2158 1251 2336 1311 caput.
2395 1241 2711 1296 Secundum
2748 1242 3005 1312 Aquilam
3040 1259 3204 1297 vero:
3244 1242 3392 1308 Quo-

1815 1335 1958 1389 niam
2000 1351 2115 1389 ecce
2143 1335 2345 1389 inimici
2376 1335 2453 1387 tui
2496 1333 2682 1388 turbas
2720 1343 3013 1400 moverunt,
3061 1345 3109 1388 et
3141 1335 3232 1403 qui
3267 1334 3393 1388 ode-

1816 1432 1943 1478 runt
1987 1434 2035 1478 te
2072 1425 2375 1478 extulerunt
2412 1434 2602 1492 caput;
2651 1425 2954 1480 secundum
2999 1424 3393 1496 Symmachum

1814 1533 1947 1572 vero
1981 1536 1994 1571 :
2028 1517 2161 1571 Ecce
2188 1519 2327 1572 enim
2358 1518 2558 1571 inimici
2592 1518 2689 1581 tui,
2724 1516 2923 1588 inquit,
2955 1533 3063 1570 una
3096 1526 3308 1581 sonant,
3341 1526 3393 1570 et

1813 1610 1905 1680 qui
1924 1608 2149 1663 oderunt
2184 1620 2232 1663 te
2262 1610 2486 1677 e/ferunt
2516 1619 2693 1677 caput.
2737 1607 2947 1663 Sonant
2977 1618 3159 1663 autem
3192 1616 3247 1664 et
3273 1616 3392 1663 tur-

1815 1700 1915 1757 bas
1958 1709 2177 1756 movent
2223 1702 2429 1756 inimici
2467 1700 2582 1767 Dei,
2634 1716 2757 1755 cum
2792 1716 2903 1756 non
2950 1701 3179 1756 latenter
3212 1717 3392 1771 neque

150 1791 237 1845 καί
259 1788 724 1859 μισοποιοῦντές
751 1805 824 1843 σε
857 1789 1012 1858 ἦραν
1037 1788 1312 1859 κεφαλήν
1329 1807 1343 1822 ο
1374 1788 1517 1842 κατὰ
1537 1788 1593 1841 δὲ
1619 1788 1710 1842 τὸν

1814 1791 2042 1847 remisse
2072 1791 2389 1861 blasphema
2419 1791 2561 1845 dicta
2590 1798 2783 1845 contra
2816 1790 2984 1845 Deum
3012 1790 3260 1860 proferre
3290 1807 3391 1847 au-

149 1883 463 1952 Σύμμαχον*
503 1881 648 1936 Ἰδοὺ
695 1882 806 1953 γὰρ
842 1884 896 1935 ol
939 1881 1139 1950 ἐχθροί
1181 1896 1317 1947 σου,
1363 1881 1517 1951 φησὶ,
1562 1896 1713 1934 συν-

150 1974 372 2043 ηχοῦσι,
414 1974 517 2028 καί
542 1977 595 2028 ol
615 1972 942 2044 μισοῦντές
978 1987 1053 2027 σε
1076 1973 1389 2041 ἐπαίρουσι
1415 1970 1711 2041 κεφαλήν.

159 2066 362 2136 Ἦχοῦσι
398 2067 459 2119 δὲ
492 2068 587 2119 καὶ
631 2066 949 2137 ὀχλάζουσιν
990 2066 1039 2118 οἱ
1086 2065 1270 2137 ἐχθροὶ
1306 2064 1404 2119 τςῦ
1442 2063 1600 2129 Θεοῦ,
1624 2065 1713 2117 ὅτε

149 2156 314 2210 οὐκέτι
356 2156 623 2227 κρύϐδην,
670 2156 792 2210 οὐδὲ
834 2156 1215 2227 πεφεισμένως
1255 2155 1494 2227 τολμῶσι
1538 2172 1716 2229 παρα-

151 2248 467 2319 φθέγγεσθαι
509 2249 606 2312 τὰς
639 2248 779 2303 κατὰ
806 2249 900 2303 τοῦ
932 2249 1066 2304 Θεοῦ
1101 2248 1477 2319 βλασφημίας·
1510 2248 1614 2319 ἢδη
1656 2248 1713 2302 δὲ

148 2341 205 2394 ἐκ
242 2340 328 2394 τοῦ
365 2340 681 2413 προφανοῦς
711 2342 802 2395 καὶ
838 2341 1049 2415 ἀθρόως
1095 2341 1147 2394 οἱ
1190 2342 1391 2404 πάντες
1436 2340 1577 2394 κατὰ
1616 2340 1712 2394 τοῦ

148 2432 267 2486 Θεοῦ
307 2432 374 2485 τὰ
411 2431 553 2487 ἄθεα
596 2433 960 2505 προφέρονται
1005 2433 1244 2505 ῥήματα,
1287 2433 1444 2486 ὁποῖα
1472 2431 1711 2502 τολμῶσι

148 2524 386 2594 πράττειν
425 2521 576 2576 κατὰ
606 2522 734 2585 τοὺς
766 2521 873 2575 τῶν
907 2521 1162 2593 διωγμῶν
1208 2521 1454 2593 καιρούς.
1492 2517 1625 2575 Εἶτα
1654 2521 1712 2575 δὲ

145 2614 229 2667 καὶ
274 2612 703 2685 ὑψαυχενοῦντες
744 2614 840 2668 καὶ
889 2614 1281 2686 φρυαττόμενω
1329 2615 1429 2686 τὴν
1468 2613 1711 2686 κεφαλὴν

145 2704 471 2775 ἐπαίρουσιν,
500 2705 589 2757 ὅτε
633 2704 866 2776 μάλιστα
906 2704 1193 2777 ὲπιτριϐὴν
1232 2705 1415 2768 αὐτοῖς
1456 2707 1490 2775 ή
1532 2705 1711 2778 σιωπὴ

1813 1881 1972 1950 dent;
2011 1882 2106 1937 sed
2142 1884 2320 1955 palam
2355 1890 2409 1938 et
2438 1882 2728 1938 confertim
2755 1898 2947 1938 omnes
2980 1883 3036 1937 in
3076 1882 3247 1939 Deum
3287 1885 3392 1937 im-

1812 1974 1903 2044 pia
1927 1974 2091 2030 verba
2125 1986 2407 2038 evomunt,
2439 1974 2623 2043 qualia
2655 1974 3099 2042 persecutionum
3141 1984 3390 2045 tempore

1814 2066 2015 2121 audent
2041 2065 2255 2124 ell‘erre.
2289 2066 2495 2122 Deinde
2520 2074 2701 2123 erecta
2729 2066 2945 2121 cervice
2970 2068 3267 2123 frementes
3293 2084 3391 2122 ca-

1814 2166 1912 2229 put
1945 2148 2209 2223 exaltant,
2243 2160 2464 2229 quando
2502 2158 2743 2213 maxime
2787 2159 3069 2213 silentium
3098 2158 3193 2215 Dei
3228 2159 3389 2214 indu-

1814 2250 1930 2307 cias
1975 2251 2111 2320 ipsis
2170 2252 2394 2322 praebet.
2448 2250 2546 2306 His
2604 2267 2738 2305 vero
2785 2261 2952 2321 caput
2998 2249 3388 2316 efferentibus,

1816 2338 1911 2394 Dei
1972 2339 2222 2418 homines
2284 2339 2467 2395 adlicti
2522 2339 2916 2407 humiliantur;
2968 2348 3027 2393 ut
3069 2341 3188 2395 vice
3232 2355 3391 2395 versa

1816 2430 2093 2501 depressis
2127 2432 2368 2488 inimicis
2393 2431 2512 2495 Dei,
2546 2439 2864 2487 sanctorum
2898 2432 3394 2503 religiosorumque

1814 2522 2059 2577 virorum
2085 2525 2267 2594 capita
2288 2525 2623 2580 exaltantur.
2653 2523 2834 2591 Quare
2855 2539 2920 2578 ex
2941 2539 3131 2578 eorum
3155 2538 3391 2594 persona

1815 2614 2017 2669 alicubi
2060 2614 2268 2670 dictum
2317 2623 2401 2672 est
2430 2633 2444 2671 :
2469 2614 2539 2668 Et
2570 2631 2706 2668 nunc
2732 2615 2985 2668 exultavit
3020 2626 3175 2684 caput
3220 2631 3393 2669 meum

1815 2723 1971 2776 super
1994 2709 2235 2764 inimicos
2268 2727 2407 2764 meos
2434 2711 2499 2768 Ψ.

145 2792 225 2847 τοῦ
278 2794 409 2849 Θεοῦ
476 2794 894 2867 κατεργάζεται.
966 2796 1183 2850 Τούτων
1213 2796 1271 2850 δὲ
1334 2797 1433 2869 τὴν
1469 2796 1713 2869 κεφαλὴν
1771 2800 2070 2873 αίρόντων,
2136 2804 2185 2855 οἱ
2242 2801 2337 2855 τοῦ
2402 2799 2538 2854 Θεοῦ
2592 2799 2868 2872 ἄνθρωποι
2928 2799 3393 2870 καταπονούμενοι

144 2887 537 2941 ταπεινοῦνται·
602 2886 677 2951 ὡς
736 2886 970 2959 ἔμπαλιν
1032 2889 1470 2961 ταπεινουμένων
1531 2890 1642 2944 τῶν
1684 2891 1894 2963 ἐχθρῶν
1931 2892 2027 2947 τοῦ
2055 2894 2191 2949 Θεοῦ
2234 2896 2292 2948 αἱ
2335 2894 2447 2949 τῶν
2490 2893 2662 2963 ἁγίων
2713 2895 2807 2946 καὶ
2854 2893 3116 2963 θεοφιλῶν
3178 2892 3391 2964 ἀνδρῶν

145 2976 355 3049 κεφαλαὶ
393 2976 682 3047 ύψοῦνται.
730 2980 821 3034 Διὸ
860 2980 1073 3054 εἴρηταί
1111 2998 1216 3035 που
1260 2982 1318 3037 ἐξ
1362 2981 1540 3037 αὐτῶν
1578 2982 1872 3056 προσώπου
1898 2985 1979 3038 τό’
2042 2987 2154 3041 Kal
2232 2986 2351 3042 νῦν
2397 2988 2609 3056 ὕψωσε
2657 2984 2935 3058 κεφαλήν
2989 3003 3109 3056 μου
3158 2985 3250 3037 ἐπ’
3293 2985 3394 3053 ἐχ-

146 3070 307 3136 θρούς
331 3088 481 3141 μου.

215 3181 333 3235 Ἐπί
366 3184 483 3237 τὸν
510 3186 665 3240 λαόν
692 3200 809 3239 σου
850 3185 1527 3255 κατεπανουρτεύσαντο
1562 3184 1709 3257 γνώ-

1880 3184 2050 3240 Vsns.
2081 3183 2138 3249 4,
2172 3183 2226 3239 5.
2270 3182 2441 3252 Super
2477 3183 2730 3252 populum
2777 3191 2927 3236 tuum
2964 3181 3392 3249 malignaoerunt

141 3290 272 3342 μην,
298 3275 395 3329 καί
423 3276 875 3334 ἐϐουλεύσαπο
898 3277 1050 3331 κατὰ
1072 3276 1192 3332 τῶν
1222 3277 1407 3346 ἁγίων
1430 3292 1568 3332 σου.
1610 3275 1711 3333 Εἷ-

143 3378 285 3419 παν·
347 3367 553 3431 Δεῦτε,
612 3368 713 3422 καὶ
772 3368 1300 3439 ἐξολοθρεύσωμεν
1358 3369 1582 3436 αὐτοὺς
1641 3369 1713 3435 ἐξ

142 3458 360 3525 ἔθνους,
388 3459 495 3515 καὶ
522 3461 595 3514 οὺ
617 3458 703 3528 μὴ
727 3458 975 3529 μνησθῇ
1004 3460 1071 3513 τὸ
1105 3459 1293 3530 ὄνομα
1329 3461 1567 3530 Ἰσραὴλ
1602 3462 1706 3517 ἐτι.

144 3550 379 3603 Δυσωπεῖ
406 3550 504 3604 τὸν
530 3550 662 3604 Θεὸν
691 3552 719 3603 ὁ
737 3552 1029 3623 Προφήτης
1059 3551 1118 3605 ὲν
1143 3550 1282 3623 ἁγίῳ
1311 3551 1606 3624 Πνεύματι,
1624 3553 1714 3607 διὰ

146 3641 230 3694 τοῦ
252 3643 712 3713 ὑπομιμνήσκειν,
737 3641 812 3706 ὡς
842 3642 949 3711 ἄρα
982 3643 1107 3707 λαὸς
1136 3642 1299 3697 αὑτοῦ
1329 3644 1570 3713 γεγόνοιο
1590 3644 1710 3715 (sic)

145 3733 206 3785 τὰ
250 3732 489 3786 τοσαῦτα
537 3732 840 3797 πεπονθώς.
897 3730 1031 3788 Εἶτα
1064 3734 1158 3788 καὶ
1206 3733 1316 3788 τῶν
1365 3737 1423 3789 ὲν
1466 3735 1543 3806 τῷ
1598 3736 1712 3808 λαῷ

144 3820 548 3894 διαλαμψάντων
592 3822 761 3876 πάλαι
793 3824 1056 3895 πρότερον
1094 3824 1264 3892 ἁγίων
1303 3823 1399 3878 τοῦ
1432 3824 1568 3880 Θεοῦ
1615 3826 1713 3897 μέ-

149 3931 352 3986 μνηται,
395 3916 653 3987 δεόμενος
698 3915 792 3971 καὶ
824 3915 1115 3969 ἀντιϐολῶν
1157 3916 1232 3987 μὴ
1277 3914 1385 3969 τῶν
1425 3917 1485 3968 ὲν
1527 3918 1713 3981 αὐτοῖς

145 4005 344 4061 ἀσεϐῶν
380 4010 477 4063 καὶ
512 4008 866 4081 παρανόμων,
911 4008 1088 4078 μόνων
1126 4007 1183 4061 δὲ
1208 4008 1315 4062 τῶν
1347 4008 1516 4076 ἁγίων
1544 4009 1710 4064 αὑτοῦ

148 4098 462 4169 μνησθῆναι.
497 4099 592 4153 καὶ
631 4099 696 4151 δι’
731 4099 929 4164 αὐτοὺς
958 4099 1019 4152 τὸ
1053 4100 1160 4152 πᾶν
1184 4099 1507 4171 κατελεῆσαι
1538 4100 1708 4165 ἔθνος.

158 4186 437 4244 ’Δκόλουθα
466 4190 525 4243 δὲ
564 4190 747 4254 αὐτοῖς
788 4189 1067 4255 ποιοῦντες
1107 4192 1156 4245 οἱ
1194 4191 1378 4262 ἐχθροὶ
1415 4192 1509 4246 τοῦ
1552 4193 1709 4260 Θεοῦ,

146 4278 230 4332 τὸν
258 4280 384 4334 λαὸν
428 4281 596 4335 αὑτοῦ
626 4281 944 4352 πολεμοῦσι,
982 4283 1287 4355 πανουργίᾳ
1317 4281 1586 4355 χρώμενοι
1618 4286 1713 4338 καὶ

146 4371 289 4444 δόλῳ,
325 4374 463 4446 πρὸς
494 4374 557 4427 τὸ
584 4374 910 4428 καταϐαλεῖν
948 4374 1111 4428 αὑτὸν
1140 4375 1235 4429 καὶ
1272 4376 1579 4447 ἀποστῆσαι
1612 4378 1712 4448 τῆς

147 4462 232 4516 τοῦ
280 4464 415 4517 Θεοῦ
445 4465 746 4529 εὐσεϐείας.
780 4466 871 4519 Διὸ
908 4465 1183 4520 λέλεκται·
1234 4468 1355 4521 Ἐπὶ
1400 4467 1509 4521 τὸν
1557 4471 1712 4523 λαόν

146 4569 253 4608 σου
296 4559 971 4628 κατεπανουργεύσαντο
1004 4559 1263 4628 γνώμην,
1306 4560 1405 4614 καὶ
1434 4560 1712 4615 ἐϐουλεύ-
1742 4539 1786 4595 D

146 4660 322 4701 σαντο
352 4650 505 4704 κατὰ
530 4648 649 4702 τῶν
674 4649 859 4718 ἁγίων
881 4663 1018 4703 σου.
1042 4649 1448 4721 Μεμελημένως
1483 4650 1592 4721 γὰρ
1617 4651 1711 4703 καὶ

146 4740 615 4811 πφροντισμένως
652 4740 899 4812 μηχανάς
930 4759 1079 4805 τινας
1128 4742 1391 4814 κρυφίους
1435 4742 1575 4796 κατὰ
1611 4742 1708 4796 τοῦ

146 4826 265 4880 λαοῦ
297 4829 391 4882 τοῦ
421 4828 556 4883 Θεοῦ
589 4830 899 4895 καττύουσι,
932 4832 1074 4886 κατά
1110 4850 1169 4887 τε
1208 4832 1316 4888 τῶν
1344 4833 1518 4902 ἁγίων
1543 4833 1707 4888 αὑτοῦ

145 4915 429 4983 ἐπιϐουλὰς
478 4922 992 4987 κατασκευάζονται,
1037 4924 1105 4976 δι’
1152 4924 1247 4977 ἕνα
1296 4925 1497 4979 σκοπὸν
1540 4926 1599 4979 ὃν
1648 4928 1709 4980 ὲν

148 5006 348 5072 ἑαυτοῖς
382 5009 707 5080 προθέμενοι
734 5027 887 5079 φασι·
920 5011 1117 5078 Δεῦτε,
1152 5011 1709 5080 καὶὲξολοθρεύσω-

140 5113 248 5164 μεν
265 5101 487 5167 αὐτοὺς
509 5100 577 5166 ἐξ
600 5102 833 5168 ἔθνους,
855 5102 951 5155 καὶ
974 5104 1044 5156 οὐ
1064 5102 1149 5171 μὴ
1170 5101 1415 5172 μνησθῇ
1433 5102 1500 5156 τὸ
1524 5102 1709 5173 ἄνομα

143 5189 242 5241 τοῦ
281 5190 518 5259 Ἰσραὴλ
542 5192 648 5247 ἔτι.
684 5194 747 5247 Ol
782 5194 879 5265 μὲν
916 5191 1011 5248 οὖν
1038 5194 1292 5267 θεομάχοι
1332 5198 1395 5250 οὐ
1430 5195 1705 5265 βούλονται

146 5276 200 5327 ὲν
241 5278 546 5351 ἀνθρώποις
588 5282 739 5346 ἔθνος
769 5282 903 5336 Θεοῦ
957 5284 1249 5353 ὑφεστάναι
1266 5302 1285 5347 Ἀ
1332 5284 1471 5341 ἀλλὰ
1511 5285 1604 5337 καὶ
1646 5285 1706 5338 τὸ

145 5368 306 5449 ὄνομα
324 5372 421 5425 τοῦ
459 5374 671 5448 Ἰσραὴλ
698 5375 1081 5447 ἐξαλειφθῆναι
1118 5376 1527 5442 σπουδάζουσιν.
1561 5377 1618 5430 '0
1650 5376 1707 5430 δὲ

146 5457 290 5528 Θεδς,
324 5464 413 5516 ἀεὶ
441 5463 588 5529 ἔθνος
618 5466 793 5538 ἐαυτῷ
816 5468 908 5520 ἐπὶ
934 5467 1035 5539 γῆς
1055 5468 1413 5540 καταρτίζων,
1445 5468 1579 5540 μετὰ
1609 5468 1708 5538 τὴν

141 5550 235 5613 ¹’τοῦ
266 5555 531 5626 προτέρου
553 5557 680 5611 λαοῦ
705 5559 907 5614 πτῶσιν
934 5560 1031 5631 τὴν
1058 5558 1118 5624 ἐξ
1149 5559 1318 5614 ἐθνῶν
1343 5561 1708 5631 συνεστήσατο

222 5708 265 5741 ⁸³
299 5707 444 5766 Psal.
484 5728 626 5778 xxvr,
661 5713 714 5767 6.

1815 3277 2120 3341 consilium,
2172 3285 2221 3329 et
2272 3277 2631 3345 cogitaverunt
2682 3274 2932 3329 adversus
2986 3282 3197 3328 sanctos
3246 3280 3389 3326 tuos.

1813 3371 2079 3427 Dixerunt
2102 3384 2121 3425 :
2146 3369 2326 3423 Venite
2348 3377 2397 3423 et
2424 3366 2791 3437 disperdamus
2814 3385 2900 3421 eos
2931 3365 2996 3420 de
3016 3375 3183 3436 gente,
3215 3372 3394 3419 etnon

1813 3470 2133 3519 memoratur
2155 3476 2344 3515 nomen
2373 3458 2549 3515 Israel
2573 3462 2739 3513 ultra.
2777 3458 2944 3514 Deum
2973 3457 3229 3512 obsecrat
3254 3449 3395 3511 Pro-

1812 3555 1974 3627 pheta
2006 3554 2063 3608 in
2089 3551 2298 3624 Spiritu
2327 3558 2539 3615 sancto,
2564 3566 2794 3606 monens
2822 3564 2970 3615 eum,
3002 3549 3097 3619 qui
3126 3548 3257 3602 talia
3291 3563 3391 3618 pa-

1813 3649 1969 3712 titur,
2006 3645 2267 3717 populum
2306 3641 2430 3715 ejus
2481 3658 2625 3698 esse.
2655 3640 2770 3695 Sub
2803 3640 2919 3695 haec
2966 3648 3148 3693 autem
3176 3653 3388 3703 eorum,

1811 3741 1906 3811 qui
1936 3739 1990 3792 in
2024 3736 2225 3808 populo
2250 3735 2364 3804 jam
2391 3734 2520 3788 olim
2564 3732 2848 3801 conspicui
2880 3730 3124 3792 fuerunt,
3163 3735 3388 3782 sancto-

1812 3847 1934 3886 rum
1966 3828 2062 3883 Dei
2095 3826 2367 3890 meminit,
2412 3825 2727 3895 supplicans
2758 3822 3187 3889 obsecransque,
3231 3825 3293 3872 ut
3321 3834 3390 3873 ne

1813 3921 2108 3993 impiorum
2145 3918 2648 3984 sceleratorumque
2688 3914 2743 3968 in
2774 3912 2997 3983 populo,
3039 3911 3135 3966 sed
3166 3918 3390 3965 sancto-

1811 4030 1934 4070 rum
1977 4026 2203 4070 suorum
2252 4008 2615 4064 recordetur:
2644 4019 2944 4075 eorumque
2993 4002 3170 4074 gratia
3216 4007 3388 4055 totam

1812 4112 2023 4175 gentem
2049 4098 2426 4156 misericordia
2447 4097 2631 4151 donet.
2664 4094 2856 4149 Aﬂ‘uiia
2884 4101 3064 4149 autem
3097 4093 3397 4162 impiorum

1812 4194 1983 4267 gestis
2029 4198 2410 4264 perpetrantes
2438 4189 2646 4244 inimici
2685 4186 2803 4251 Dei,
2840 4186 3101 4258 populum
3146 4185 3267 4254 ejus
3297 4197 3391 4253 op-

1812 4294 2081 4358 pugnant,
2125 4285 2367 4340 versutia
2401 4290 2618 4338 utentes
2659 4289 2715 4337 et
2756 4280 2905 4347 dolo,
2938 4287 2997 4333 ut
3034 4279 3212 4348 ipsum
3249 4276 3389 4346 deji-

1812 4380 1959 4433 ciant
1994 4384 2049 4433 et
2096 4392 2130 4430 a
2174 4376 2375 4446 pietate
2422 4388 2551 4444 erga
2597 4372 2765 4428 Deum
2821 4376 3086 4426 avertant.
3118 4366 3388 4433 Quocirca

1813 4469 2020 4524 dictum
2077 4474 2163 4523 est
2194 4486 2207 4521 :
2235 4464 2405 4535 Super
2453 4464 2705 4534 populum
2761 4470 2908 4515 tuum
2968 4459 3387 4528 mallgnaverunt

1815 4559 2117 4625 comitium,
2161 4567 2212 4611 et
2266 4557 2627 4627 cogitaverunt
2678 4554 2928 4607 adversus
2980 4558 3192 4603 sanctos
3243 4556 3384 4601 tuos.

1804 4644 2060 4702 ‘Meditati
2089 4644 2236 4699 enim
2264 4658 2391 4699 cum
2435 4642 2804 4698 sollicitudine
2828 4638 3097 4708 quasdam
3138 4636 3387 4692 occultas

1815 4736 2099 4791 machinas
2128 4744 2320 4790 contra
2347 4736 2605 4805 populum
2638 4731 2734 4786 Dei
2760 4732 3064 4793 instruunt,
3089 4738 3143 4783 et
3176 4727 3386 4783 sanctis

1813 4827 1936 4898 ejus
1961 4827 2192 4883 insidias
2236 4833 2452 4897 parant,
2483 4840 2568 4889 ac,
2599 4823 2669 4877 ob
2696 4836 2863 4876 unum
2892 4835 3052 4891 quem
3103 4819 3159 4873 in
3200 4818 3387 4872 animo

1814 4925 2126 4992 proponunt
2171 4932 2422 4987 scopum,
2475 4915 2625 4969 aiunt
2662 4932 2675 4966 :
2722 4912 2899 4967 Venite
2934 4920 2984 4966 et
3010 4909 3382 4980 disperdamus

1813 5029 1901 5067 eos
1932 5013 1995 5066 de
2035 5020 2202 5082 gente,
2243 5022 2289 5065 et
2322 5027 2427 5065 non
2460 5016 2776 5062 memoretur
2798 5021 2985 5060 nomen
3013 5003 3187 5058 Israel
3211 5002 3379 5057 ultra.

1814 5103 2025 5158 Inimici
2062 5104 2246 5173 itaque
2275 5102 2369 5157 Dei
2411 5100 2671 5171 populum
2699 5097 2795 5154 Dei
2825 5098 2881 5152 in
2913 5097 3224 5151 hominibus
3247 5108 3382 5148 con-

1814 5198 2009 5253 sistere
2062 5196 2256 5252 nolunt
2295 5214 2308 5249 :
2347 5193 2479 5264 quin
2506 5193 2667 5247 etiam
2699 5190 2917 5246 lsraelis
2955 5204 3153 5244 nomen
3200 5188 3384 5242 delere

1813 5295 2090 5360 satagunt.
2124 5287 2268 5343 Deus
2291 5300 2419 5340 vero
2447 5291 2572 5355 post
2602 5284 2803 5353 prioris
2831 5282 3016 5351 populi
3046 5281 3260 5335 ruinam
3284 5293 3382 5347 po-

1809 5383 1997 5452 pulum
2050 5381 2153 5435 sibi
2195 5392 2408 5447 semper
2443 5377 2499 5430 in
2548 5384 2692 5429 terra
2739 5389 2958 5444 parans,
3011 5388 3078 5427 ex
3125 5370 3379 5441 gentibus

1809 5468 2108 5523 Ecclesiam
2147 5464 2457 5528 constituit,
2504 5478 2698 5518 novam
2732 5476 3103 5532 nuperamque
3137 5466 3376 5531 gentem,

1810 5575 1875 5615 ex
1916 5556 2170 5629 gentibus
2200 5569 2297 5626 per
2327 5561 2501 5609 totum
2536 5552 2722 5609 orbein
2763 5551 3039 5609 sclectam.
3074 5550 3285 5607 Idcirco
3320 5552 3379 5603 et
