  <div class='ocr_page' id='page_1' title='image "/cluster/home/n/w/nwhite01/storage/ocr_20150623/23/mdp.39015078384396/505.png"; bbox 0 0 3798 6282; ppageno 0'>
   <div class='ocr_carea' id='block_1_1' title="bbox 486 305 588 359">
    <p class='ocr_par' dir='ltr' id='par_1_1' title="bbox 486 305 588 359">
     <span class='ocr_line' id='line_1_1' title="bbox 486 305 588 359; baseline -0.01 0"><span class='ocrx_word' id='word_1_1' title='bbox 486 305 588 359; x_wconf 64' lang='lat'><strong>39$</strong></span> 
     </span>
    </p>
   </div>
   <div class='ocr_carea' id='block_1_2' title="bbox 1153 298 3667 366">
    <p class='ocr_par' dir='ltr' id='par_1_2' title="bbox 1153 298 3667 366">
     <span class='ocr_line' id='line_1_2' title="bbox 1153 298 3667 366; baseline -0.003 -7"><span class='ocrx_word' id='word_1_2' title='bbox 1153 301 1422 359; x_wconf 81' lang='lat' dir='ltr'><strong>EL&#39;SEBII</strong></span> <span class='ocrx_word' id='word_1_3' title='bbox 1456 298 1934 356; x_wconf 66' lang='lat' dir='ltr'><strong>CA&#39;ZSARIENSIS</strong></span> <span class='ocrx_word' id='word_1_4' title='bbox 1972 299 2121 355; x_wconf 80' lang='lat' dir='ltr'><strong>OPP.</strong></span> <span class='ocrx_word' id='word_1_5' title='bbox 2167 298 2363 357; x_wconf 78' lang='lat' dir='ltr'><strong>PARS.</strong></span> <span class='ocrx_word' id='word_1_6' title='bbox 2407 299 2578 356; x_wconf 89' lang='lat' dir='ltr'><strong>lll.—</strong></span> <span class='ocrx_word' id='word_1_7' title='bbox 2615 302 3014 358; x_wconf 64' lang='lat' dir='ltr'><strong>EXEGETICA.</strong></span> <span class='ocrx_word' id='word_1_8' title='bbox 3592 314 3667 366; x_wconf 49' lang='lat'><strong>93;;</strong></span> 
     </span>
    </p>
   </div>
   <div class='ocr_carea' id='block_1_3' title="bbox 487 419 2045 492">
    <p class='ocr_par' dir='ltr' id='par_1_3' title="bbox 487 422 2045 492">
     <span class='ocr_line' id='line_1_3' title="bbox 487 422 2045 492; baseline -0.003 -14"><span class='ocrx_word' id='word_1_9' title='bbox 487 425 704 480; x_wconf 88' lang='lat' dir='ltr'><strong>lsraelis</strong></span> <span class='ocrx_word' id='word_1_10' title='bbox 744 439 967 488; x_wconf 86' lang='lat' dir='ltr'><strong>nomen,</strong></span> <span class='ocrx_word' id='word_1_11' title='bbox 1008 432 1062 479; x_wconf 85' lang='lat' dir='ltr'><strong>et</strong></span> <span class='ocrx_word' id='word_1_12' title='bbox 1094 425 1341 478; x_wconf 90' lang='lat' dir='ltr'><strong>omnium</strong></span> <span class='ocrx_word' id='word_1_13' title='bbox 1377 422 1761 492; x_wconf 74' lang='lat' dir='ltr'><strong>religiosorum</strong></span> <span class='ocrx_word' id='word_1_14' title='bbox 1805 422 2045 474; x_wconf 83' lang='lat' dir='ltr'><strong>virorum</strong></span> 
     </span>
    </p>
   </div>
   <div class='ocr_carea' id='block_1_4' title="bbox 2152 419 3668 492">
    <p class='ocr_par' dir='ltr' id='par_1_4' title="bbox 2165 419 3668 491">
     <span class='ocr_line' id='line_1_4' title="bbox 2165 419 3668 491; baseline 0.008 -19"><span class='ocrx_word' id='word_1_15' title='bbox 2165 419 2509 491; x_wconf 78' lang='grc' dir='ltr'><strong>Ἐκκλησίαν,</strong></span> <span class='ocrx_word' id='word_1_16' title='bbox 2554 424 2648 476; x_wconf 72' lang='grc' dir='ltr'><strong>καὶ</strong></span> <span class='ocrx_word' id='word_1_17' title='bbox 2683 423 2744 476; x_wconf 85' lang='grc' dir='ltr'>τὸ</span> <span class='ocrx_word' id='word_1_18' title='bbox 2786 424 2967 476; x_wconf 76' lang='grc' dir='ltr'>καινὸν</span> <span class='ocrx_word' id='word_1_19' title='bbox 2998 425 3090 476; x_wconf 70' lang='grc' dir='ltr'><strong>καὶ</strong></span> <span class='ocrx_word' id='word_1_20' title='bbox 3136 424 3253 478; x_wconf 81' lang='grc' dir='ltr'>νέον</span> <span class='ocrx_word' id='word_1_21' title='bbox 3300 425 3468 491; x_wconf 70' lang='grc' dir='ltr'>ἔθνος,</span> <span class='ocrx_word' id='word_1_22' title='bbox 3499 429 3552 482; x_wconf 72' lang='grc' dir='ltr'>τὸ</span> <span class='ocrx_word' id='word_1_23' title='bbox 3575 434 3668 485; x_wconf 77' lang='grc' dir='ltr'>καθ’</span> 
     </span>
    </p>
   </div>
   <div class='ocr_carea' id='block_1_5' title="bbox 483 512 2053 587">
    <p class='ocr_par' dir='ltr' id='par_1_5' title="bbox 483 512 2053 587">
     <span class='ocr_line' id='line_1_5' title="bbox 483 512 2053 587; baseline -0.002 -19"><span class='ocrx_word' id='word_1_24' title='bbox 483 517 747 569; x_wconf 80' lang='lat' dir='ltr'><strong>memoria</strong></span> <span class='ocrx_word' id='word_1_25' title='bbox 789 517 963 587; x_wconf 88' lang='lat' dir='ltr'><strong>magis</strong></span> <span class='ocrx_word' id='word_1_26' title='bbox 1007 517 1290 586; x_wconf 77' lang='lat' dir='ltr'><strong>magisque</strong></span> <span class='ocrx_word' id='word_1_27' title='bbox 1324 515 1651 579; x_wconf 78' lang='lat' dir='ltr'><strong>celebratur,</strong></span> <span class='ocrx_word' id='word_1_28' title='bbox 1690 523 1744 568; x_wconf 90' lang='lat' dir='ltr'><strong>et</strong></span> <span class='ocrx_word' id='word_1_29' title='bbox 1793 513 1894 583; x_wconf 62' lang='lat' dir='ltr'><strong>pias</strong></span> <span class='ocrx_word' id='word_1_30' title='bbox 1923 512 2053 568; x_wconf 89' lang='lat' dir='ltr'><strong>reli-</strong></span> 
     </span>
    </p>
   </div>
   <div class='ocr_carea' id='block_1_6' title="bbox 485 606 1242 677">
    <p class='ocr_par' dir='ltr' id='par_1_6' title="bbox 485 606 1242 677">
     <span class='ocr_line' id='line_1_6' title="bbox 485 606 1242 677; baseline 0.001 -19"><span class='ocrx_word' id='word_1_31' title='bbox 485 606 664 674; x_wconf 85' lang='lat' dir='ltr'><strong>gionis</strong></span> <span class='ocrx_word' id='word_1_32' title='bbox 688 615 841 676; x_wconf 82' lang='lat' dir='ltr'><strong>gesta</strong></span> <span class='ocrx_word' id='word_1_33' title='bbox 873 607 1242 677; x_wconf 79' lang='lat' dir='ltr'><strong>resplendent.</strong></span> 
     </span>
    </p>
   </div>
   <div class='ocr_carea' id='block_1_7' title="bbox 2160 513 3671 589">
    <p class='ocr_par' dir='ltr' id='par_1_7' title="bbox 2160 513 3671 589">
     <span class='ocr_line' id='line_1_7' title="bbox 2160 513 3671 589; baseline 0.005 -22"><span class='ocrx_word' id='word_1_34' title='bbox 2160 514 2286 584; x_wconf 78' lang='grc' dir='ltr'>ὅλης</span> <span class='ocrx_word' id='word_1_35' title='bbox 2317 516 2414 586; x_wconf 84' lang='grc' dir='ltr'>τῆς</span> <span class='ocrx_word' id='word_1_36' title='bbox 2442 515 2762 586; x_wconf 71' lang='grc' dir='ltr'><strong>οἰκουμένης</strong></span> <span class='ocrx_word' id='word_1_37' title='bbox 2789 518 2852 568; x_wconf 86' lang='grc' dir='ltr'>ὲκ</span> <span class='ocrx_word' id='word_1_38' title='bbox 2874 513 2977 586; x_wconf 63' lang='grc' dir='ltr'>τῆς</span> <span class='ocrx_word' id='word_1_39' title='bbox 3002 516 3107 568; x_wconf 85' lang='grc' dir='ltr'>τῶν</span> <span class='ocrx_word' id='word_1_40' title='bbox 3141 517 3308 570; x_wconf 78' lang='grc' dir='ltr'>ἐθνῶν</span> <span class='ocrx_word' id='word_1_41' title='bbox 3340 519 3552 589; x_wconf 74' lang='grc' dir='ltr'>ἐκλογῆς</span> <span class='ocrx_word' id='word_1_42' title='bbox 3573 522 3671 574; x_wconf 68' lang='grc' dir='ltr'><strong>ὑπι-</strong></span> 
     </span>
    </p>
   </div>
   <div class='ocr_carea' id='block_1_8' title="bbox 2164 606 3670 682">
    <p class='ocr_par' dir='ltr' id='par_1_8' title="bbox 2164 606 3670 682">
     <span class='ocr_line' id='line_1_8' title="bbox 2164 606 3670 682; baseline 0.006 -24"><span class='ocrx_word' id='word_1_43' title='bbox 2164 606 2312 659; x_wconf 81' lang='grc' dir='ltr'>στάν.</span> <span class='ocrx_word' id='word_1_44' title='bbox 2360 606 2451 658; x_wconf 80' lang='grc' dir='ltr'><strong>Διὸ</strong></span> <span class='ocrx_word' id='word_1_45' title='bbox 2498 607 2757 676; x_wconf 76' lang='grc' dir='ltr'><strong>μειζόνως</strong></span> <span class='ocrx_word' id='word_1_46' title='bbox 2798 609 2891 661; x_wconf 85' lang='grc' dir='ltr'><strong>καὶ</strong></span> <span class='ocrx_word' id='word_1_47' title='bbox 2935 607 2993 660; x_wconf 83' lang='grc' dir='ltr'><strong>τὸ</strong></span> <span class='ocrx_word' id='word_1_48' title='bbox 3033 607 3199 677; x_wconf 75' lang='grc' dir='ltr'>ὄνομα</span> <span class='ocrx_word' id='word_1_49' title='bbox 3228 607 3327 661; x_wconf 74' lang='grc' dir='ltr'>τοῦ</span> <span class='ocrx_word' id='word_1_50' title='bbox 3368 609 3582 682; x_wconf 79' lang='grc' dir='ltr'>Ἰσραὴλ,</span> <span class='ocrx_word' id='word_1_51' title='bbox 3605 617 3670 667; x_wconf 68' lang='lat'><strong>1:!</strong></span> 
     </span>
    </p>
   </div>
   <div class='ocr_carea' id='block_1_9' title="bbox 483 695 3464 768">
    <p class='ocr_par' dir='ltr' id='par_1_9' title="bbox 483 695 3464 768">
     <span class='ocr_line' id='line_1_9' title="bbox 483 695 3464 768; baseline 0.001 -20"><span class='ocrx_word' id='word_1_52' title='bbox 483 697 702 750; x_wconf 82' lang='grc' dir='ltr'>πάντων</span> <span class='ocrx_word' id='word_1_53' title='bbox 732 697 840 750; x_wconf 85' lang='grc' dir='ltr'><strong>τῶν</strong></span> <span class='ocrx_word' id='word_1_54' title='bbox 866 697 1128 768; x_wconf 73' lang='grc' dir='ltr'><strong>θεοφιλῶν</strong></span> <span class='ocrx_word' id='word_1_55' title='bbox 1158 696 1363 768; x_wconf 83' lang='grc' dir='ltr'>ἀνδρῶν</span> <span class='ocrx_word' id='word_1_56' title='bbox 1403 696 1437 766; x_wconf 85' lang='grc' dir='ltr'>ή</span> <span class='ocrx_word' id='word_1_57' title='bbox 1482 698 1669 768; x_wconf 81' lang='grc' dir='ltr'><strong>μνήμη</strong></span> <span class='ocrx_word' id='word_1_58' title='bbox 1713 695 2057 765; x_wconf 83' lang='grc' dir='ltr'>ἁνυμνεῖται,</span> <span class='ocrx_word' id='word_1_59' title='bbox 2081 695 2150 748; x_wconf 83' lang='grc' dir='ltr'>τά</span> <span class='ocrx_word' id='word_1_60' title='bbox 2181 713 2239 748; x_wconf 90' lang='grc' dir='ltr'><strong>τε</strong></span> <span class='ocrx_word' id='word_1_61' title='bbox 2262 695 2363 766; x_wconf 84' lang='grc' dir='ltr'>τῆς</span> <span class='ocrx_word' id='word_1_62' title='bbox 2396 695 2707 760; x_wconf 88' lang='grc' dir='ltr'>θεοσεϐείας</span> <span class='ocrx_word' id='word_1_63' title='bbox 2734 695 3132 767; x_wconf 82' lang='grc' dir='ltr'><strong>κατορθώματα</strong></span> <span class='ocrx_word' id='word_1_64' title='bbox 3153 696 3464 767; x_wconf 79' lang='grc' dir='ltr'><strong>διαλάμπει.</strong></span> 
     </span>
    </p>
   </div>
   <div class='ocr_carea' id='block_1_10' title="bbox 551 807 2052 878">
    <p class='ocr_par' dir='ltr' id='par_1_10' title="bbox 551 807 2052 878">
     <span class='ocr_line' id='line_1_10' title="bbox 551 807 2052 878; baseline -0.001 -16"><span class='ocrx_word' id='word_1_65' title='bbox 551 807 718 864; x_wconf 68' lang='lat' dir='ltr'><strong>Vens.</strong></span> <span class='ocrx_word' id='word_1_66' title='bbox 752 809 806 874; x_wconf 88' lang='lat'><strong>6,</strong></span> <span class='ocrx_word' id='word_1_67' title='bbox 839 812 891 874; x_wconf 87' lang='lat'><strong>8,</strong></span> <span class='ocrx_word' id='word_1_68' title='bbox 919 811 972 865; x_wconf 88' lang='lat'><strong>9.</strong></span> <span class='ocrx_word' id='word_1_69' title='bbox 1015 809 1280 876; x_wconf 85' lang='lat' dir='ltr'><strong>Quoniam</strong></span> <span class='ocrx_word' id='word_1_70' title='bbox 1321 807 1684 878; x_wconf 72' lang='lat' dir='ltr'><strong>cogitaverunt</strong></span> <span class='ocrx_word' id='word_1_71' title='bbox 1726 808 2052 861; x_wconf 75' lang='lat' dir='ltr'><strong>unanimiter</strong></span> 
     </span>
    </p>
   </div>
   <div class='ocr_carea' id='block_1_11' title="bbox 483 899 2050 967">
    <p class='ocr_par' dir='ltr' id='par_1_11' title="bbox 483 899 2050 967">
     <span class='ocr_line' id='line_1_11' title="bbox 483 899 2050 967; baseline -0.002 -12"><span class='ocrx_word' id='word_1_72' title='bbox 483 902 643 955; x_wconf 87' lang='lat' dir='ltr'><strong>simul</strong></span> <span class='ocrx_word' id='word_1_73' title='bbox 668 917 686 954; x_wconf 90' lang='lat'><strong><em>:</em></strong></span> <span class='ocrx_word' id='word_1_74' title='bbox 713 901 989 956; x_wconf 82' lang='lat' dir='ltr'><strong>adversum</strong></span> <span class='ocrx_word' id='word_1_75' title='bbox 1019 911 1067 955; x_wconf 88' lang='lat' dir='ltr'><strong>te</strong></span> <span class='ocrx_word' id='word_1_76' title='bbox 1092 910 1458 955; x_wconf 75' lang='lat' dir='ltr'><strong>testamentum</strong></span> <span class='ocrx_word' id='word_1_77' title='bbox 1483 899 1852 967; x_wconf 82' lang='lat' dir='ltr'><strong>disposuerunt</strong></span> <span class='ocrx_word' id='word_1_78' title='bbox 1876 899 2050 954; x_wconf 86' lang='lat' dir='ltr'><strong>taber-</strong></span> 
     </span>
    </p>
   </div>
   <div class='ocr_carea' id='block_1_12' title="bbox 481 990 2049 1063">
    <p class='ocr_par' dir='ltr' id='par_1_12' title="bbox 481 990 2049 1063">
     <span class='ocr_line' id='line_1_12' title="bbox 481 990 2049 1063; baseline -0.001 -17"><span class='ocrx_word' id='word_1_79' title='bbox 481 994 676 1046; x_wconf 85' lang='lat' dir='ltr'><strong>nacula</strong></span> <span class='ocrx_word' id='word_1_80' title='bbox 707 992 1090 1057; x_wconf 71' lang='lat' dir='ltr'><strong>Idumazorum,</strong></span> <span class='ocrx_word' id='word_1_81' title='bbox 1119 1004 1167 1048; x_wconf 91' lang='lat' dir='ltr'><strong>et</strong></span> <span class='ocrx_word' id='word_1_82' title='bbox 1194 993 1507 1056; x_wconf 71' lang='lat' dir='ltr'><strong>Ismaelitaz,</strong></span> <span class='ocrx_word' id='word_1_83' title='bbox 1541 990 1700 1046; x_wconf 80' lang='lat' dir='ltr'><strong>Moab</strong></span> <span class='ocrx_word' id='word_1_84' title='bbox 1725 1001 1774 1046; x_wconf 86' lang='lat' dir='ltr'><strong>et</strong></span> <span class='ocrx_word' id='word_1_85' title='bbox 1797 993 2049 1063; x_wconf 88' lang='lat' dir='ltr'><strong>Agareni,</strong></span> 
     </span>
    </p>
   </div>
   <div class='ocr_carea' id='block_1_13' title="bbox 481 1083 2051 1156">
    <p class='ocr_par' dir='ltr' id='par_1_13' title="bbox 481 1083 2051 1156">
     <span class='ocr_line' id='line_1_13' title="bbox 481 1083 2051 1156; baseline -0.001 -18"><span class='ocrx_word' id='word_1_86' title='bbox 481 1083 649 1138; x_wconf 80' lang='lat' dir='ltr'><strong>Cebal</strong></span> <span class='ocrx_word' id='word_1_87' title='bbox 690 1094 738 1138; x_wconf 81' lang='lat' dir='ltr'><strong>et</strong></span> <span class='ocrx_word' id='word_1_88' title='bbox 776 1087 999 1139; x_wconf 81' lang='lat' dir='ltr'><strong>Ammon</strong></span> <span class='ocrx_word' id='word_1_89' title='bbox 1038 1096 1086 1139; x_wconf 88' lang='lat' dir='ltr'><strong>et</strong></span> <span class='ocrx_word' id='word_1_90' title='bbox 1122 1085 1357 1150; x_wconf 81' lang='lat' dir='ltr'><strong>Amalec,</strong></span> <span class='ocrx_word' id='word_1_91' title='bbox 1393 1085 1701 1156; x_wconf 73' lang='lat' dir='ltr'><strong>alienigena:</strong></span> <span class='ocrx_word' id='word_1_92' title='bbox 1745 1101 1862 1138; x_wconf 89' lang='lat' dir='ltr'><strong>cum</strong></span> <span class='ocrx_word' id='word_1_93' title='bbox 1895 1084 2051 1137; x_wconf 84' lang='lat' dir='ltr'><strong>habi-</strong></span> 
     </span>
    </p>
   </div>
   <div class='ocr_carea' id='block_1_14' title="bbox 481 1177 2053 1247">
    <p class='ocr_par' dir='ltr' id='par_1_14' title="bbox 481 1177 2053 1247">
     <span class='ocr_line' id='line_1_14' title="bbox 481 1177 2053 1247; baseline 0.002 -19"><span class='ocrx_word' id='word_1_94' title='bbox 481 1178 713 1230; x_wconf 84' lang='lat' dir='ltr'><strong>tantibus</strong></span> <span class='ocrx_word' id='word_1_95' title='bbox 747 1177 964 1247; x_wconf 86' lang='lat' dir='ltr'><strong>Tyrum.</strong></span> <span class='ocrx_word' id='word_1_96' title='bbox 1002 1179 1210 1232; x_wconf 86' lang='lat' dir='ltr'><strong>Etenim</strong></span> <span class='ocrx_word' id='word_1_97' title='bbox 1250 1179 1420 1233; x_wconf 77' lang='lat' dir='ltr'><strong>Assur</strong></span> <span class='ocrx_word' id='word_1_98' title='bbox 1451 1179 1586 1232; x_wconf 84' lang='lat' dir='ltr'><strong>venit</strong></span> <span class='ocrx_word' id='word_1_99' title='bbox 1615 1194 1732 1232; x_wconf 84' lang='lat' dir='ltr'><strong>cum</strong></span> <span class='ocrx_word' id='word_1_100' title='bbox 1758 1179 1892 1241; x_wconf 85' lang='lat' dir='ltr'><strong>illis,</strong></span> <span class='ocrx_word' id='word_1_101' title='bbox 1922 1178 2053 1246; x_wconf 77' lang='lat' dir='ltr'><strong>facti</strong></span> 
     </span>
    </p>
   </div>
   <div class='ocr_carea' id='block_1_15' title="bbox 479 1266 2052 1337">
    <p class='ocr_par' dir='ltr' id='par_1_15' title="bbox 479 1266 2052 1337">
     <span class='ocr_line' id='line_1_15' title="bbox 479 1266 2052 1337; baseline 0.004 -20"><span class='ocrx_word' id='word_1_102' title='bbox 479 1275 603 1318; x_wconf 90' lang='lat' dir='ltr'><strong>sunt</strong></span> <span class='ocrx_word' id='word_1_103' title='bbox 655 1267 710 1319; x_wconf 82' lang='lat' dir='ltr'><strong>in</strong></span> <span class='ocrx_word' id='word_1_104' title='bbox 758 1266 1085 1336; x_wconf 83' lang='lat' dir='ltr'><strong>adjutorium</strong></span> <span class='ocrx_word' id='word_1_105' title='bbox 1135 1268 1263 1337; x_wconf 78' lang='lat' dir='ltr'><strong>ﬁliis</strong></span> <span class='ocrx_word' id='word_1_106' title='bbox 1313 1266 1433 1322; x_wconf 90' lang='lat' dir='ltr'><strong>Lot.</strong></span> <span class='ocrx_word' id='word_1_107' title='bbox 1491 1267 1824 1336; x_wconf 81' lang='lat' dir='ltr'><strong>Diapsalma.</strong></span> <span class='ocrx_word' id='word_1_108' title='bbox 1885 1267 2052 1334; x_wconf 87' lang='lat' dir='ltr'><strong>Quasi</strong></span> 
     </span>
    </p>
   </div>
   <div class='ocr_carea' id='block_1_16' title="bbox 478 1354 2051 1431">
    <p class='ocr_par' dir='ltr' id='par_1_16' title="bbox 478 1354 2051 1431">
     <span class='ocr_line' id='line_1_16' title="bbox 478 1354 2051 1431; baseline 0.004 -24"><span class='ocrx_word' id='word_1_109' title='bbox 478 1354 650 1411; x_wconf 89' lang='lat' dir='ltr'><strong>Deum</strong></span> <span class='ocrx_word' id='word_1_110' title='bbox 682 1359 929 1414; x_wconf 82' lang='lat' dir='ltr'><strong>excitans</strong></span> <span class='ocrx_word' id='word_1_111' title='bbox 955 1359 1287 1430; x_wconf 89' lang='lat' dir='ltr'><strong>irritansque</strong></span> <span class='ocrx_word' id='word_1_112' title='bbox 1317 1358 1591 1431; x_wconf 84' lang='lat' dir='ltr'><strong>Propheta</strong></span> <span class='ocrx_word' id='word_1_113' title='bbox 1624 1361 1678 1414; x_wconf 92' lang='lat' dir='ltr'><strong>in</strong></span> <span class='ocrx_word' id='word_1_114' title='bbox 1712 1375 1810 1415; x_wconf 87' lang='lat' dir='ltr'><strong>sua</strong></span> <span class='ocrx_word' id='word_1_115' title='bbox 1835 1374 1931 1430; x_wconf 87' lang='lat' dir='ltr'><strong>pro</strong></span> <span class='ocrx_word' id='word_1_116' title='bbox 1959 1374 2051 1429; x_wconf 90' lang='lat' dir='ltr'><strong>po-</strong></span> 
     </span>
    </p>
   </div>
   <div class='ocr_carea' id='block_1_17' title="bbox 473 1450 2050 1528">
    <p class='ocr_par' dir='ltr' id='par_1_17' title="bbox 473 1450 2050 1528">
     <span class='ocr_line' id='line_1_17' title="bbox 473 1450 2050 1528; baseline -0.004 -16"><span class='ocrx_word' id='word_1_117' title='bbox 473 1450 604 1528; x_wconf 83' lang='lat' dir='ltr'><strong>pale</strong></span> <span class='ocrx_word' id='word_1_118' title='bbox 634 1451 1031 1527; x_wconf 84' lang='lat' dir='ltr'><strong>supplicatione</strong></span> <span class='ocrx_word' id='word_1_119' title='bbox 1057 1453 1152 1523; x_wconf 85' lang='lat' dir='ltr'><strong>ait,</strong></span> <span class='ocrx_word' id='word_1_120' title='bbox 1181 1453 1456 1510; x_wconf 80' lang='lat' dir='ltr'><strong>adversum</strong></span> <span class='ocrx_word' id='word_1_121' title='bbox 1484 1463 1551 1509; x_wconf 84' lang='lat' dir='ltr'><strong>te.</strong></span> <span class='ocrx_word' id='word_1_122' title='bbox 1586 1451 1705 1508; x_wconf 91' lang='lat' dir='ltr'><strong>Non</strong></span> <span class='ocrx_word' id='word_1_123' title='bbox 1738 1453 1882 1508; x_wconf 91' lang='lat' dir='ltr'><strong>enim</strong></span> <span class='ocrx_word' id='word_1_124' title='bbox 1917 1466 2050 1506; x_wconf 87' lang='lat' dir='ltr'><strong>con-</strong></span> 
     </span>
    </p>
   </div>
   <div class='ocr_carea' id='block_1_18' title="bbox 477 1543 2049 1623">
    <p class='ocr_par' dir='ltr' id='par_1_18' title="bbox 477 1543 2049 1623">
     <span class='ocr_line' id='line_1_18' title="bbox 477 1543 2049 1623; baseline -0.004 -19"><span class='ocrx_word' id='word_1_125' title='bbox 477 1562 563 1606; x_wconf 89' lang='lat' dir='ltr'><strong>tra</strong></span> <span class='ocrx_word' id='word_1_126' title='bbox 595 1551 876 1623; x_wconf 88' lang='lat' dir='ltr'><strong>populum,</strong></span> <span class='ocrx_word' id='word_1_127' title='bbox 913 1549 1110 1620; x_wconf 84' lang='lat' dir='ltr'><strong>inquit,</strong></span> <span class='ocrx_word' id='word_1_128' title='bbox 1139 1548 1233 1605; x_wconf 92' lang='lat' dir='ltr'><strong>sed</strong></span> <span class='ocrx_word' id='word_1_129' title='bbox 1266 1548 1556 1602; x_wconf 89' lang='lat' dir='ltr'><strong>adversum</strong></span> <span class='ocrx_word' id='word_1_130' title='bbox 1589 1552 1665 1609; x_wconf 90' lang='lat' dir='ltr'><strong>te,</strong></span> <span class='ocrx_word' id='word_1_131' title='bbox 1697 1551 1750 1599; x_wconf 92' lang='lat' dir='ltr'><strong>et</strong></span> <span class='ocrx_word' id='word_1_132' title='bbox 1785 1543 2049 1599; x_wconf 86' lang='lat' dir='ltr'><strong>adversus</strong></span> 
     </span>
    </p>
   </div>
   <div class='ocr_carea' id='block_1_19' title="bbox 476 1636 2046 1710">
    <p class='ocr_par' dir='ltr' id='par_1_19' title="bbox 476 1636 2046 1710">
     <span class='ocr_line' id='line_1_19' title="bbox 476 1636 2046 1710; baseline -0.004 -15"><span class='ocrx_word' id='word_1_133' title='bbox 476 1649 862 1697; x_wconf 83' lang='lat' dir='ltr'><strong>testamentum</strong></span> <span class='ocrx_word' id='word_1_134' title='bbox 903 1651 1058 1695; x_wconf 90' lang='lat' dir='ltr'><strong>tuum</strong></span> <span class='ocrx_word' id='word_1_135' title='bbox 1089 1640 1300 1694; x_wconf 87' lang='lat' dir='ltr'><strong>inimici</strong></span> <span class='ocrx_word' id='word_1_136' title='bbox 1325 1639 1508 1710; x_wconf 88' lang='lat' dir='ltr'><strong>populi</strong></span> <span class='ocrx_word' id='word_1_137' title='bbox 1532 1637 1610 1692; x_wconf 91' lang='lat' dir='ltr'><strong>tui</strong></span> <span class='ocrx_word' id='word_1_138' title='bbox 1639 1636 2046 1691; x_wconf 90' lang='lat' dir='ltr'><strong>machinantur.</strong></span> 
     </span>
    </p>
   </div>
   <div class='ocr_carea' id='block_1_20' title="bbox 478 1729 2044 1804">
    <p class='ocr_par' dir='ltr' id='par_1_20' title="bbox 478 1729 2044 1804">
     <span class='ocr_line' id='line_1_20' title="bbox 478 1729 2044 1804; baseline -0.004 -17"><span class='ocrx_word' id='word_1_139' title='bbox 478 1733 616 1787; x_wconf 85' lang='lat' dir='ltr'><strong>Hinc</strong></span> <span class='ocrx_word' id='word_1_140' title='bbox 649 1741 836 1787; x_wconf 89' lang='lat' dir='ltr'><strong>narrat</strong></span> <span class='ocrx_word' id='word_1_141' title='bbox 863 1749 984 1803; x_wconf 73' lang='lat' dir='ltr'><strong>qua:</strong></span> <span class='ocrx_word' id='word_1_142' title='bbox 1027 1733 1081 1787; x_wconf 89' lang='lat' dir='ltr'><strong>in</strong></span> <span class='ocrx_word' id='word_1_143' title='bbox 1113 1731 1462 1804; x_wconf 83' lang='lat' dir='ltr'><strong>Assyriorum</strong></span> <span class='ocrx_word' id='word_1_144' title='bbox 1510 1729 1811 1800; x_wconf 89' lang='lat' dir='ltr'><strong>irruptione</strong></span> <span class='ocrx_word' id='word_1_145' title='bbox 1855 1735 2044 1783; x_wconf 90' lang='lat' dir='ltr'><strong>contra</strong></span> 
     </span>
    </p>
   </div>
   <div class='ocr_carea' id='block_1_21' title="bbox 2227 807 3668 876">
    <p class='ocr_par' dir='ltr' id='par_1_21' title="bbox 2227 807 3668 876">
     <span class='ocr_line' id='line_1_21' title="bbox 2227 807 3668 876; baseline 0.005 -16"><span class='ocrx_word' id='word_1_146' title='bbox 2227 807 2346 860; x_wconf 85' lang='grc' dir='ltr'>Ὅτι</span> <span class='ocrx_word' id='word_1_147' title='bbox 2391 807 2830 862; x_wconf 71' lang='grc' dir='ltr'>ἐϐουλεύσαντο</span> <span class='ocrx_word' id='word_1_148' title='bbox 2879 807 2948 860; x_wconf 85' lang='grc' dir='ltr'>ἐν</span> <span class='ocrx_word' id='word_1_149' title='bbox 2993 809 3234 876; x_wconf 77' lang='grc' dir='ltr'><strong>ὁμονοίᾳ</strong></span> <span class='ocrx_word' id='word_1_150' title='bbox 3288 807 3389 860; x_wconf 75' lang='grc' dir='ltr'><strong>ἐπὶ</strong></span> <span class='ocrx_word' id='word_1_151' title='bbox 3437 809 3499 862; x_wconf 88' lang='grc' dir='ltr'>τὸ</span> <span class='ocrx_word' id='word_1_152' title='bbox 3535 816 3668 867; x_wconf 82' lang='grc' dir='ltr'>αὑτό·</span> 
     </span>
    </p>
   </div>
   <div class='ocr_carea' id='block_1_22' title="bbox 2156 898 3672 968">
    <p class='ocr_par' dir='ltr' id='par_1_22' title="bbox 2156 898 3672 968">
     <span class='ocr_line' id='line_1_22' title="bbox 2156 898 3672 968; baseline 0.002 -16"><span class='ocrx_word' id='word_1_153' title='bbox 2156 900 2304 953; x_wconf 88' lang='grc' dir='ltr'>κατὰ</span> <span class='ocrx_word' id='word_1_154' title='bbox 2347 898 2465 952; x_wconf 88' lang='grc' dir='ltr'>σοῦ</span> <span class='ocrx_word' id='word_1_155' title='bbox 2496 898 2786 968; x_wconf 79' lang='grc' dir='ltr'><strong>διαθήκην</strong></span> <span class='ocrx_word' id='word_1_156' title='bbox 2812 900 3073 954; x_wconf 76' lang='grc' dir='ltr'><strong>διέθεντο</strong></span> <span class='ocrx_word' id='word_1_157' title='bbox 3107 899 3177 952; x_wconf 89' lang='grc' dir='ltr'>τὰ</span> <span class='ocrx_word' id='word_1_158' title='bbox 3205 900 3556 968; x_wconf 76' lang='grc' dir='ltr'>σκηνώματα</span> <span class='ocrx_word' id='word_1_159' title='bbox 3590 906 3672 958; x_wconf 77' lang='grc' dir='ltr'>τῶν</span> 
     </span>
    </p>
   </div>
   <div class='ocr_carea' id='block_1_23' title="bbox 2165 991 3672 1074">
    <p class='ocr_par' dir='ltr' id='par_1_23' title="bbox 2165 991 3672 1074">
     <span class='ocr_line' id='line_1_23' title="bbox 2165 991 3672 1074; baseline 0.004 -31"><span class='ocrx_word' id='word_1_160' title='bbox 2165 991 2530 1060; x_wconf 79' lang='grc' dir='ltr'><strong>Ἰδουμαίων,</strong></span> <span class='ocrx_word' id='word_1_161' title='bbox 2581 992 2768 1074; x_wconf 76' lang='grc' dir='ltr'>καίοι</span> <span class='ocrx_word' id='word_1_162' title='bbox 2828 991 3212 1061; x_wconf 77' lang='grc' dir='ltr'>Ἰσμαηλῒται,</span> <span class='ocrx_word' id='word_1_163' title='bbox 3273 991 3456 1046; x_wconf 82' lang='grc' dir='ltr'>Μωὰϐ</span> <span class='ocrx_word' id='word_1_164' title='bbox 3503 994 3588 1047; x_wconf 78' lang='grc' dir='ltr'><strong>καί</strong></span> <span class='ocrx_word' id='word_1_165' title='bbox 3635 1000 3672 1050; x_wconf 89' lang='lat' dir='ltr'><strong>cl</strong></span> 
     </span>
    </p>
   </div>
   <div class='ocr_carea' id='block_1_24' title="bbox 2165 1083 3673 1154">
    <p class='ocr_par' dir='ltr' id='par_1_24' title="bbox 2165 1083 3673 1154">
     <span class='ocr_line' id='line_1_24' title="bbox 2165 1083 3673 1154; baseline 0.004 -19"><span class='ocrx_word' id='word_1_166' title='bbox 2165 1083 2484 1152; x_wconf 75' lang='grc' dir='ltr'>Ἀγαρηνοί,</span> <span class='ocrx_word' id='word_1_167' title='bbox 2516 1085 2711 1138; x_wconf 72' lang='grc' dir='ltr'>Γεϐὰλ</span> <span class='ocrx_word' id='word_1_168' title='bbox 2761 1084 2859 1138; x_wconf 80' lang='grc' dir='ltr'><strong>καί</strong></span> <span class='ocrx_word' id='word_1_169' title='bbox 2901 1084 3124 1154; x_wconf 87' lang='grc' dir='ltr'>Ἀμμὼν</span> <span class='ocrx_word' id='word_1_170' title='bbox 3158 1086 3255 1138; x_wconf 77' lang='grc' dir='ltr'>καὶ</span> <span class='ocrx_word' id='word_1_171' title='bbox 3302 1086 3566 1154; x_wconf 67' lang='grc' dir='ltr'>Ἀμαλὴκ,</span> <span class='ocrx_word' id='word_1_172' title='bbox 3597 1090 3673 1141; x_wconf 67' lang='grc' dir='ltr'><strong>ἀι-</strong></span> 
     </span>
    </p>
   </div>
   <div class='ocr_carea' id='block_1_25' title="bbox 2150 1174 3673 1249">
    <p class='ocr_par' dir='ltr' id='par_1_25' title="bbox 2150 1174 3673 1249">
     <span class='ocr_line' id='line_1_25' title="bbox 2150 1174 3673 1249; baseline 0.002 -21"><span class='ocrx_word' id='word_1_173' title='bbox 2150 1175 2410 1242; x_wconf 63' lang='grc' dir='ltr'>λόφυλοι</span> <span class='ocrx_word' id='word_1_174' title='bbox 2435 1175 2585 1244; x_wconf 87' lang='grc' dir='ltr'>μετὰ</span> <span class='ocrx_word' id='word_1_175' title='bbox 2616 1174 2734 1230; x_wconf 88' lang='grc' dir='ltr'>τῶν</span> <span class='ocrx_word' id='word_1_176' title='bbox 2761 1177 3196 1230; x_wconf 79' lang='grc' dir='ltr'><strong>κατοικούντων</strong></span> <span class='ocrx_word' id='word_1_177' title='bbox 3235 1178 3443 1244; x_wconf 81' lang='grc' dir='ltr'>Τύρον.</span> <span class='ocrx_word' id='word_1_178' title='bbox 3479 1180 3574 1231; x_wconf 80' lang='lat' dir='ltr'><strong>Kal</strong></span> <span class='ocrx_word' id='word_1_179' title='bbox 3595 1182 3673 1249; x_wconf 76' lang='grc' dir='ltr'>τὰρ</span> 
     </span>
    </p>
   </div>
   <div class='ocr_carea' id='block_1_26' title="bbox 2151 1266 3675 1338">
    <p class='ocr_par' dir='ltr' id='par_1_26' title="bbox 2151 1266 3675 1338">
     <span class='ocr_line' id='line_1_26' title="bbox 2151 1266 3675 1338; baseline 0.003 -20"><span class='ocrx_word' id='word_1_180' title='bbox 2151 1267 2251 1318; x_wconf 79' lang='grc' dir='ltr'>καὶ</span> <span class='ocrx_word' id='word_1_181' title='bbox 2298 1266 2548 1334; x_wconf 77' lang='grc' dir='ltr'>Ἀσσοὺρ</span> <span class='ocrx_word' id='word_1_182' title='bbox 2585 1267 3065 1338; x_wconf 76' lang='grc' dir='ltr'>συμπαρεγένετο</span> <span class='ocrx_word' id='word_1_183' title='bbox 3105 1270 3230 1335; x_wconf 88' lang='grc' dir='ltr'>μετ’</span> <span class='ocrx_word' id='word_1_184' title='bbox 3277 1267 3493 1331; x_wconf 82' lang='grc' dir='ltr'>αὐτῶν,</span> <span class='ocrx_word' id='word_1_185' title='bbox 3518 1269 3675 1338; x_wconf 73' lang='grc' dir='ltr'><strong>ἐγενή-</strong></span> 
     </span>
    </p>
   </div>
   <div class='ocr_carea' id='block_1_27' title="bbox 2155 1356 3671 1427">
    <p class='ocr_par' dir='ltr' id='par_1_27' title="bbox 2155 1356 3671 1427">
     <span class='ocr_line' id='line_1_27' title="bbox 2155 1356 3671 1427; baseline -0.001 -15"><span class='ocrx_word' id='word_1_186' title='bbox 2155 1362 2352 1425; x_wconf 82' lang='grc' dir='ltr'>θησαν</span> <span class='ocrx_word' id='word_1_187' title='bbox 2381 1360 2467 1424; x_wconf 81' lang='grc' dir='ltr'><strong>είς</strong></span> <span class='ocrx_word' id='word_1_188' title='bbox 2506 1359 2835 1426; x_wconf 73' lang='grc' dir='ltr'><strong>ἀντίληψιν</strong></span> <span class='ocrx_word' id='word_1_189' title='bbox 2858 1357 2982 1423; x_wconf 85' lang='grc' dir='ltr'>τοῖς</span> <span class='ocrx_word' id='word_1_190' title='bbox 3013 1357 3164 1422; x_wconf 78' lang='grc' dir='ltr'>υἱοῖς</span> <span class='ocrx_word' id='word_1_191' title='bbox 3205 1356 3359 1410; x_wconf 86' lang='grc' dir='ltr'>Λώτ.</span> <span class='ocrx_word' id='word_1_192' title='bbox 3396 1356 3671 1427; x_wconf 46' lang='lat' dir='ltr'><strong>Ardeatum</strong></span> 
     </span>
    </p>
   </div>
   <div class='ocr_carea' id='block_1_28' title="bbox 2156 1449 3674 1523">
    <p class='ocr_par' dir='ltr' id='par_1_28' title="bbox 2156 1449 3674 1523">
     <span class='ocr_line' id='line_1_28' title="bbox 2156 1449 3674 1523; baseline 0 -21"><span class='ocrx_word' id='word_1_193' title='bbox 2156 1451 2363 1521; x_wconf 84' lang='grc' dir='ltr'>Ὥσπερ</span> <span class='ocrx_word' id='word_1_194' title='bbox 2394 1449 2673 1523; x_wconf 85' lang='grc' dir='ltr'>διεγείρων</span> <span class='ocrx_word' id='word_1_195' title='bbox 2710 1449 2802 1503; x_wconf 70' lang='grc' dir='ltr'>καὶ</span> <span class='ocrx_word' id='word_1_196' title='bbox 2831 1449 3144 1520; x_wconf 81' lang='grc' dir='ltr'>παροξύνων</span> <span class='ocrx_word' id='word_1_197' title='bbox 3169 1449 3260 1501; x_wconf 83' lang='grc' dir='ltr'><strong>τὸν</strong></span> <span class='ocrx_word' id='word_1_198' title='bbox 3290 1449 3423 1501; x_wconf 75' lang='grc' dir='ltr'>Θεὸν</span> <span class='ocrx_word' id='word_1_199' title='bbox 3453 1451 3478 1501; x_wconf 82' lang='grc' dir='ltr'>ὁ</span> <span class='ocrx_word' id='word_1_200' title='bbox 3509 1450 3674 1520; x_wconf 49' lang='lat' dir='ltr'><strong>ligas-ﬁ-</strong></span> 
     </span>
    </p>
   </div>
   <div class='ocr_carea' id='block_1_29' title="bbox 2151 1537 3671 1610">
    <p class='ocr_par' dir='ltr' id='par_1_29' title="bbox 2151 1537 3671 1610">
     <span class='ocr_line' id='line_1_29' title="bbox 2151 1537 3671 1610; baseline 0.001 -18"><span class='ocrx_word' id='word_1_201' title='bbox 2151 1557 2250 1610; x_wconf 91' lang='grc' dir='ltr'><strong>της</strong></span> <span class='ocrx_word' id='word_1_202' title='bbox 2279 1541 2338 1592; x_wconf 79' lang='grc' dir='ltr'><strong>ἐν</strong></span> <span class='ocrx_word' id='word_1_203' title='bbox 2381 1543 2447 1610; x_wconf 77' lang='grc' dir='ltr'>τῇ</span> <span class='ocrx_word' id='word_1_204' title='bbox 2490 1539 2737 1610; x_wconf 79' lang='grc' dir='ltr'>ίκετηρίᾳ</span> <span class='ocrx_word' id='word_1_205' title='bbox 2778 1543 2844 1610; x_wconf 81' lang='grc' dir='ltr'><strong>τῇ</strong></span> <span class='ocrx_word' id='word_1_206' title='bbox 2891 1540 3030 1610; x_wconf 80' lang='grc' dir='ltr'>ὑπὲρ</span> <span class='ocrx_word' id='word_1_207' title='bbox 3075 1539 3168 1592; x_wconf 81' lang='grc' dir='ltr'>τοῦ</span> <span class='ocrx_word' id='word_1_208' title='bbox 3218 1537 3354 1591; x_wconf 81' lang='grc' dir='ltr'>λαοῦ</span> <span class='ocrx_word' id='word_1_209' title='bbox 3404 1539 3581 1608; x_wconf 73' lang='grc' dir='ltr'>φάσκει</span> <span class='ocrx_word' id='word_1_210' title='bbox 3615 1542 3671 1603; x_wconf 65' lang='grc' dir='ltr'><strong>τὸ,</strong></span> 
     </span>
    </p>
   </div>
   <div class='ocr_carea' id='block_1_30' title="bbox 2153 1629 3672 1702">
    <p class='ocr_par' dir='ltr' id='par_1_30' title="bbox 2153 1629 3672 1702">
     <span class='ocr_line' id='line_1_30' title="bbox 2153 1629 3672 1702; baseline 0 -18"><span class='ocrx_word' id='word_1_211' title='bbox 2153 1632 2302 1685; x_wconf 86' lang='grc' dir='ltr'>κατὰ</span> <span class='ocrx_word' id='word_1_212' title='bbox 2322 1630 2458 1686; x_wconf 89' lang='grc' dir='ltr'>σοῦ.</span> <span class='ocrx_word' id='word_1_213' title='bbox 2495 1633 2568 1684; x_wconf 68' lang='lat' dir='ltr'><strong>Ob</strong></span> <span class='ocrx_word' id='word_1_214' title='bbox 2605 1632 2712 1702; x_wconf 76' lang='grc' dir='ltr'><strong>γὰρ</strong></span> <span class='ocrx_word' id='word_1_215' title='bbox 2745 1631 2882 1684; x_wconf 88' lang='grc' dir='ltr'><strong>κατὰ</strong></span> <span class='ocrx_word' id='word_1_216' title='bbox 2910 1629 3004 1683; x_wconf 80' lang='grc' dir='ltr'>τοῦ</span> <span class='ocrx_word' id='word_1_217' title='bbox 3023 1630 3175 1694; x_wconf 76' lang='grc' dir='ltr'>λαοῦ,</span> <span class='ocrx_word' id='word_1_218' title='bbox 3212 1631 3402 1701; x_wconf 75' lang='grc' dir='ltr'>φησὶν,</span> <span class='ocrx_word' id='word_1_219' title='bbox 3426 1631 3548 1682; x_wconf 75' lang='grc' dir='ltr'>ἀλλὰ</span> <span class='ocrx_word' id='word_1_220' title='bbox 3571 1634 3672 1684; x_wconf 70' lang='grc' dir='ltr'>κατὰ</span> 
     </span>
    </p>
   </div>
   <div class='ocr_carea' id='block_1_31' title="bbox 2105 1722 3671 1796">
    <p class='ocr_par' dir='ltr' id='par_1_31' title="bbox 2105 1722 3671 1796">
     <span class='ocr_line' id='line_1_31' title="bbox 2105 1722 3671 1796; baseline 0 -21"><span class='ocrx_word' id='word_1_221' title='bbox 2105 1739 2114 1746; x_wconf 94' lang='grc'><strong>·</strong></span> <span class='ocrx_word' id='word_1_222' title='bbox 2156 1722 2247 1776; x_wconf 76' lang='grc' dir='ltr'>σοῦ</span> <span class='ocrx_word' id='word_1_223' title='bbox 2288 1725 2380 1777; x_wconf 75' lang='grc' dir='ltr'>καὶ</span> <span class='ocrx_word' id='word_1_224' title='bbox 2411 1725 2550 1778; x_wconf 80' lang='grc' dir='ltr'>κατὰ</span> <span class='ocrx_word' id='word_1_225' title='bbox 2585 1725 2682 1796; x_wconf 82' lang='grc' dir='ltr'>τῆς</span> <span class='ocrx_word' id='word_1_226' title='bbox 2719 1725 2814 1794; x_wconf 79' lang='grc' dir='ltr'>σῆς</span> <span class='ocrx_word' id='word_1_227' title='bbox 2842 1724 3101 1796; x_wconf 76' lang='grc' dir='ltr'>διαθήκης</span> <span class='ocrx_word' id='word_1_228' title='bbox 3129 1723 3524 1795; x_wconf 80' lang='grc' dir='ltr'>τετολμήκασιν</span> <span class='ocrx_word' id='word_1_229' title='bbox 3546 1725 3584 1775; x_wconf 84' lang='grc' dir='ltr'>οἱ</span> <span class='ocrx_word' id='word_1_230' title='bbox 3609 1722 3671 1775; x_wconf 73' lang='grc' dir='ltr'>τοῦ</span> 
     </span>
    </p>
   </div>
   <div class='ocr_carea' id='block_1_32' title="bbox 473 1813 2045 1895">
    <p class='ocr_par' dir='ltr' id='par_1_32' title="bbox 473 1821 2044 1895">
     <span class='ocr_line' id='line_1_32' title="bbox 473 1821 2044 1895; baseline -0.005 -15"><span class='ocrx_word' id='word_1_231' title='bbox 473 1824 763 1880; x_wconf 80' lang='lat' dir='ltr'><strong>Judaicum</strong></span> <span class='ocrx_word' id='word_1_232' title='bbox 793 1825 1053 1895; x_wconf 91' lang='lat' dir='ltr'><strong>populum</strong></span> <span class='ocrx_word' id='word_1_233' title='bbox 1085 1832 1237 1895; x_wconf 88' lang='lat' dir='ltr'><strong>gesta</strong></span> <span class='ocrx_word' id='word_1_234' title='bbox 1269 1830 1418 1879; x_wconf 90' lang='lat' dir='ltr'><strong>sunt.</strong></span> <span class='ocrx_word' id='word_1_235' title='bbox 1456 1821 1522 1876; x_wconf 86' lang='lat' dir='ltr'><strong>Et</strong></span> <span class='ocrx_word' id='word_1_236' title='bbox 1550 1822 1665 1876; x_wconf 72' lang='lat' dir='ltr'><strong>haec</strong></span> <span class='ocrx_word' id='word_1_237' title='bbox 1690 1821 2044 1884; x_wconf 85' lang='lat' dir='ltr'><strong>vaticinatur,</strong></span> 
     </span>
    </p>
   </div>
   <div class='ocr_carea' id='block_1_33' title="bbox 2152 1813 3672 1895">
    <p class='ocr_par' dir='ltr' id='par_1_33' title="bbox 2152 1813 3672 1890">
     <span class='ocr_line' id='line_1_33' title="bbox 2152 1813 3672 1890; baseline 0.003 -24"><span class='ocrx_word' id='word_1_238' title='bbox 2152 1813 2279 1867; x_wconf 78' lang='grc' dir='ltr'>λαοῦ</span> <span class='ocrx_word' id='word_1_239' title='bbox 2298 1833 2390 1868; x_wconf 86' lang='grc' dir='ltr'><strong>σου</strong></span> <span class='ocrx_word' id='word_1_240' title='bbox 2409 1815 2672 1887; x_wconf 82' lang='grc' dir='ltr'>πολέμιοι.</span> <span class='ocrx_word' id='word_1_241' title='bbox 2697 1813 2809 1870; x_wconf 81' lang='grc' dir='ltr'><strong>Εἶθ’</strong></span> <span class='ocrx_word' id='word_1_242' title='bbox 2837 1816 2964 1887; x_wconf 80' lang='grc' dir='ltr'>ἑξῆς</span> <span class='ocrx_word' id='word_1_243' title='bbox 2989 1817 3325 1890; x_wconf 79' lang='grc' dir='ltr'>διεξέρχεται</span> <span class='ocrx_word' id='word_1_244' title='bbox 3358 1818 3426 1871; x_wconf 81' lang='grc' dir='ltr'>τὰ</span> <span class='ocrx_word' id='word_1_245' title='bbox 3446 1822 3498 1872; x_wconf 84' lang='grc' dir='ltr'>ὲν</span> <span class='ocrx_word' id='word_1_246' title='bbox 3519 1823 3573 1888; x_wconf 75' lang='grc' dir='ltr'>τῇ</span> <span class='ocrx_word' id='word_1_247' title='bbox 3595 1819 3672 1870; x_wconf 78' lang='grc' dir='ltr'>τῶν</span> 
     </span>
    </p>
   </div>
   <div class='ocr_carea' id='block_1_34' title="bbox 477 1913 2051 1988">
    <p class='ocr_par' dir='ltr' id='par_1_34' title="bbox 477 1913 2051 1988">
     <span class='ocr_line' id='line_1_34' title="bbox 477 1913 2051 1988; baseline -0.001 -20"><span class='ocrx_word' id='word_1_248' title='bbox 477 1926 769 1988; x_wconf 79' lang='lat' dir='ltr'><strong>postquam</strong></span> <span class='ocrx_word' id='word_1_249' title='bbox 815 1919 1017 1988; x_wconf 91' lang='lat' dir='ltr'><strong>quibus</strong></span> <span class='ocrx_word' id='word_1_250' title='bbox 1057 1916 1126 1973; x_wconf 91' lang='lat' dir='ltr'><strong>de</strong></span> <span class='ocrx_word' id='word_1_251' title='bbox 1174 1917 1365 1972; x_wconf 88' lang='lat' dir='ltr'><strong>causis</strong></span> <span class='ocrx_word' id='word_1_252' title='bbox 1413 1915 1665 1970; x_wconf 86' lang='lat' dir='ltr'><strong>hostibus</strong></span> <span class='ocrx_word' id='word_1_253' title='bbox 1712 1913 1899 1968; x_wconf 89' lang='lat' dir='ltr'><strong>traditi</strong></span> <span class='ocrx_word' id='word_1_254' title='bbox 1941 1913 2051 1968; x_wconf 91' lang='lat' dir='ltr'><strong>sint</strong></span> 
     </span>
    </p>
   </div>
   <div class='ocr_carea' id='block_1_35' title="bbox 475 2005 2050 2079">
    <p class='ocr_par' dir='ltr' id='par_1_35' title="bbox 475 2005 2050 2079">
     <span class='ocr_line' id='line_1_35' title="bbox 475 2005 2050 2079; baseline 0 -18"><span class='ocrx_word' id='word_1_255' title='bbox 475 2016 850 2063; x_wconf 78' lang='lat' dir='ltr'><strong>enarraverat.</strong></span> <span class='ocrx_word' id='word_1_256' title='bbox 890 2006 1026 2062; x_wconf 85' lang='lat' dir='ltr'><strong>Nam</strong></span> <span class='ocrx_word' id='word_1_257' title='bbox 1061 2008 1116 2062; x_wconf 92' lang='lat' dir='ltr'><strong>in</strong></span> <span class='ocrx_word' id='word_1_258' title='bbox 1163 2005 1489 2079; x_wconf 81' lang='lat' dir='ltr'><strong>praecedenti</strong></span> <span class='ocrx_word' id='word_1_259' title='bbox 1522 2006 1734 2076; x_wconf 86' lang='lat' dir='ltr'><strong>psalmo</strong></span> <span class='ocrx_word' id='word_1_260' title='bbox 1776 2005 2050 2076; x_wconf 87' lang='lat' dir='ltr'><strong>principes</strong></span> 
     </span>
    </p>
   </div>
   <div class='ocr_carea' id='block_1_36' title="bbox 477 2097 2053 2170">
    <p class='ocr_par' dir='ltr' id='par_1_36' title="bbox 477 2097 2053 2170">
     <span class='ocr_line' id='line_1_36' title="bbox 477 2097 2053 2170; baseline -0.001 -18"><span class='ocrx_word' id='word_1_261' title='bbox 477 2100 663 2169; x_wconf 90' lang='lat' dir='ltr'><strong>populi</strong></span> <span class='ocrx_word' id='word_1_262' title='bbox 713 2101 1046 2170; x_wconf 84' lang='lat' dir='ltr'><strong>coarguebat</strong></span> <span class='ocrx_word' id='word_1_263' title='bbox 1092 2099 1322 2154; x_wconf 91' lang='lat' dir='ltr'><strong>dicens:</strong></span> <span class='ocrx_word' id='word_1_264' title='bbox 1353 2097 1629 2168; x_wconf 85' lang='lat' dir='ltr'><strong>Usquequo</strong></span> <span class='ocrx_word' id='word_1_265' title='bbox 1655 2097 1915 2168; x_wconf 83' lang='lat' dir='ltr'><strong>judicatis</strong></span> <span class='ocrx_word' id='word_1_266' title='bbox 1956 2098 2053 2151; x_wconf 90' lang='lat' dir='ltr'><strong>ini-</strong></span> 
     </span>
    </p>
   </div>
   <div class='ocr_carea' id='block_1_37' title="bbox 475 2189 2051 2260">
    <p class='ocr_par' dir='ltr' id='par_1_37' title="bbox 475 2189 2051 2260">
     <span class='ocr_line' id='line_1_37' title="bbox 475 2189 2051 2260; baseline 0 -16"><span class='ocrx_word' id='word_1_267' title='bbox 475 2192 768 2260; x_wconf 85' lang='lat' dir='ltr'><strong>quitatem:</strong></span> <span class='ocrx_word' id='word_1_268' title='bbox 807 2208 872 2245; x_wconf 90' lang='lat' dir='ltr'><strong>ac</strong></span> <span class='ocrx_word' id='word_1_269' title='bbox 918 2206 1162 2252; x_wconf 84' lang='lat' dir='ltr'><strong>rursum,</strong></span> <span class='ocrx_word' id='word_1_270' title='bbox 1211 2189 1548 2256; x_wconf 84' lang='lat' dir='ltr'><strong>Nescierunt,</strong></span> <span class='ocrx_word' id='word_1_271' title='bbox 1576 2206 1737 2260; x_wconf 81' lang='lat' dir='ltr'><strong>neque</strong></span> <span class='ocrx_word' id='word_1_272' title='bbox 1779 2190 2051 2244; x_wconf 77' lang='lat' dir='ltr'><strong>intellexe-</strong></span> 
     </span>
    </p>
   </div>
   <div class='ocr_carea' id='block_1_38' title="bbox 475 2281 2050 2352">
    <p class='ocr_par' dir='ltr' id='par_1_38' title="bbox 475 2281 2050 2352">
     <span class='ocr_line' id='line_1_38' title="bbox 475 2281 2050 2352; baseline 0.001 -18"><span class='ocrx_word' id='word_1_273' title='bbox 475 2292 622 2347; x_wconf 85' lang='lat' dir='ltr'><strong>runt,</strong></span> <span class='ocrx_word' id='word_1_274' title='bbox 653 2285 707 2336; x_wconf 88' lang='lat' dir='ltr'><strong>in</strong></span> <span class='ocrx_word' id='word_1_275' title='bbox 739 2281 963 2336; x_wconf 87' lang='lat' dir='ltr'><strong>tenebris</strong></span> <span class='ocrx_word' id='word_1_276' title='bbox 991 2281 1284 2336; x_wconf 83' lang='lat' dir='ltr'><strong>ambulant.</strong></span> <span class='ocrx_word' id='word_1_277' title='bbox 1326 2281 1382 2336; x_wconf 92' lang='lat' dir='ltr'><strong>In</strong></span> <span class='ocrx_word' id='word_1_278' title='bbox 1420 2281 1691 2352; x_wconf 86' lang='lat' dir='ltr'><strong>superiori</strong></span> <span class='ocrx_word' id='word_1_279' title='bbox 1722 2297 1854 2337; x_wconf 82' lang='lat' dir='ltr'><strong>vero</strong></span> <span class='ocrx_word' id='word_1_280' title='bbox 1882 2289 2050 2335; x_wconf 88' lang='lat' dir='ltr'><strong>totam</strong></span> 
     </span>
    </p>
   </div>
   <div class='ocr_carea' id='block_1_39' title="bbox 475 2375 2050 2446">
    <p class='ocr_par' dir='ltr' id='par_1_39' title="bbox 475 2375 2050 2446">
     <span class='ocr_line' id='line_1_39' title="bbox 475 2375 2050 2446; baseline 0 -18"><span class='ocrx_word' id='word_1_281' title='bbox 475 2382 691 2445; x_wconf 78' lang='lat' dir='ltr'><strong>gentem</strong></span> <span class='ocrx_word' id='word_1_282' title='bbox 737 2376 1032 2430; x_wconf 87' lang='lat' dir='ltr'><strong>accusabat</strong></span> <span class='ocrx_word' id='word_1_283' title='bbox 1073 2376 1260 2432; x_wconf 89' lang='lat' dir='ltr'><strong>dicens</strong></span> <span class='ocrx_word' id='word_1_284' title='bbox 1293 2396 1305 2431; x_wconf 94' lang='lat'>:</span> <span class='ocrx_word' id='word_1_285' title='bbox 1338 2375 1402 2430; x_wconf 85' lang='lat' dir='ltr'><strong>Et</strong></span> <span class='ocrx_word' id='word_1_286' title='bbox 1448 2394 1552 2430; x_wconf 86' lang='lat' dir='ltr'><strong>non</strong></span> <span class='ocrx_word' id='word_1_287' title='bbox 1586 2377 1787 2430; x_wconf 84' lang='lat' dir='ltr'><strong>audivit</strong></span> <span class='ocrx_word' id='word_1_288' title='bbox 1829 2378 2050 2446; x_wconf 84' lang='lat' dir='ltr'><strong>populus</strong></span> 
     </span>
    </p>
   </div>
   <div class='ocr_carea' id='block_1_40' title="bbox 478 2467 2048 2532">
    <p class='ocr_par' dir='ltr' id='par_1_40' title="bbox 478 2467 2048 2532">
     <span class='ocr_line' id='line_1_40' title="bbox 478 2467 2048 2532; baseline 0.003 -14"><span class='ocrx_word' id='word_1_289' title='bbox 478 2482 623 2519; x_wconf 82' lang='lat' dir='ltr'><strong>meus</strong></span> <span class='ocrx_word' id='word_1_290' title='bbox 647 2483 817 2520; x_wconf 84' lang='lat' dir='ltr'><strong>vocem</strong></span> <span class='ocrx_word' id='word_1_291' title='bbox 849 2484 1041 2532; x_wconf 87' lang='lat' dir='ltr'><strong>meam,</strong></span> <span class='ocrx_word' id='word_1_292' title='bbox 1075 2477 1122 2522; x_wconf 89' lang='lat' dir='ltr'><strong>et</strong></span> <span class='ocrx_word' id='word_1_293' title='bbox 1149 2467 1323 2522; x_wconf 80' lang='lat' dir='ltr'><strong>Israel</strong></span> <span class='ocrx_word' id='word_1_294' title='bbox 1351 2485 1455 2524; x_wconf 89' lang='lat' dir='ltr'><strong>non</strong></span> <span class='ocrx_word' id='word_1_295' title='bbox 1486 2469 1714 2524; x_wconf 89' lang='lat' dir='ltr'><strong>intendit</strong></span> <span class='ocrx_word' id='word_1_296' title='bbox 1745 2469 1894 2525; x_wconf 82' lang='lat' dir='ltr'><strong>mihi.</strong></span> <span class='ocrx_word' id='word_1_297' title='bbox 1941 2467 2048 2524; x_wconf 89' lang='lat' dir='ltr'><strong>Sed</strong></span> 
     </span>
    </p>
   </div>
   <div class='ocr_carea' id='block_1_41' title="bbox 477 2556 2048 2630">
    <p class='ocr_par' dir='ltr' id='par_1_41' title="bbox 477 2556 2048 2630">
     <span class='ocr_line' id='line_1_41' title="bbox 477 2556 2048 2630; baseline 0.001 -19"><span class='ocrx_word' id='word_1_298' title='bbox 477 2557 642 2611; x_wconf 85' lang='lat' dir='ltr'><strong>etiam</strong></span> <span class='ocrx_word' id='word_1_299' title='bbox 674 2557 726 2610; x_wconf 90' lang='lat' dir='ltr'><strong>in</strong></span> <span class='ocrx_word' id='word_1_300' title='bbox 759 2573 943 2611; x_wconf 80' lang='lat' dir='ltr'><strong>Lxxvn</strong></span> <span class='ocrx_word' id='word_1_301' title='bbox 980 2556 1284 2613; x_wconf 79' lang='lat' dir='ltr'><strong>facinorum</strong></span> <span class='ocrx_word' id='word_1_302' title='bbox 1312 2559 1554 2630; x_wconf 89' lang='lat' dir='ltr'><strong>ipsorum</strong></span> <span class='ocrx_word' id='word_1_303' title='bbox 1587 2559 1808 2630; x_wconf 80' lang='lat' dir='ltr'><strong>longum</strong></span> <span class='ocrx_word' id='word_1_304' title='bbox 1840 2559 2048 2616; x_wconf 88' lang='lat' dir='ltr'><strong>catalo-</strong></span> 
     </span>
    </p>
   </div>
   <div class='ocr_carea' id='block_1_42' title="bbox 475 2647 2051 2720">
    <p class='ocr_par' dir='ltr' id='par_1_42' title="bbox 475 2647 2051 2720">
     <span class='ocr_line' id='line_1_42' title="bbox 475 2647 2051 2720; baseline 0.003 -20"><span class='ocrx_word' id='word_1_305' title='bbox 475 2662 603 2716; x_wconf 82' lang='lat' dir='ltr'><strong>gum</strong></span> <span class='ocrx_word' id='word_1_306' title='bbox 635 2647 826 2702; x_wconf 81' lang='lat' dir='ltr'><strong>texuit.</strong></span> <span class='ocrx_word' id='word_1_307' title='bbox 855 2647 1270 2717; x_wconf 89' lang='lat' dir='ltr'><strong>Consequenter</strong></span> <span class='ocrx_word' id='word_1_308' title='bbox 1299 2648 1466 2719; x_wconf 88' lang='lat' dir='ltr'><strong>igitur</strong></span> <span class='ocrx_word' id='word_1_309' title='bbox 1497 2663 1617 2719; x_wconf 64' lang='lat' dir='ltr'><strong>qua:</strong></span> <span class='ocrx_word' id='word_1_310' title='bbox 1645 2649 1906 2704; x_wconf 91' lang='lat' dir='ltr'><strong>diuturno</strong></span> <span class='ocrx_word' id='word_1_311' title='bbox 1925 2656 2051 2720; x_wconf 90' lang='lat' dir='ltr'><strong>post</strong></span> 
     </span>
    </p>
   </div>
   <div class='ocr_carea' id='block_1_43' title="bbox 478 2741 2049 2812">
    <p class='ocr_par' dir='ltr' id='par_1_43' title="bbox 478 2741 2049 2812">
     <span class='ocr_line' id='line_1_43' title="bbox 478 2741 2049 2812; baseline 0.001 -18"><span class='ocrx_word' id='word_1_312' title='bbox 478 2751 726 2811; x_wconf 87' lang='lat' dir='ltr'><strong>tempore</strong></span> <span class='ocrx_word' id='word_1_313' title='bbox 769 2741 903 2810; x_wconf 90' lang='lat' dir='ltr'><strong>ipsis</strong></span> <span class='ocrx_word' id='word_1_314' title='bbox 949 2741 1302 2812; x_wconf 86' lang='lat' dir='ltr'><strong>contigerunt</strong></span> <span class='ocrx_word' id='word_1_315' title='bbox 1333 2743 1406 2797; x_wconf 92' lang='lat' dir='ltr'><strong>ob</strong></span> <span class='ocrx_word' id='word_1_316' title='bbox 1439 2743 1634 2798; x_wconf 81' lang='lat' dir='ltr'><strong>allatas</strong></span> <span class='ocrx_word' id='word_1_317' title='bbox 1672 2758 1869 2798; x_wconf 86' lang='lat' dir='ltr'><strong>causas</strong></span> <span class='ocrx_word' id='word_1_318' title='bbox 1909 2742 2049 2797; x_wconf 87' lang='lat' dir='ltr'><strong>vati-</strong></span> 
     </span>
    </p>
   </div>
   <div class='ocr_carea' id='block_1_44' title="bbox 477 2833 2048 2908">
    <p class='ocr_par' dir='ltr' id='par_1_44' title="bbox 477 2833 2048 2908">
     <span class='ocr_line' id='line_1_44' title="bbox 477 2833 2048 2908; baseline 0.002 -20"><span class='ocrx_word' id='word_1_319' title='bbox 477 2834 714 2888; x_wconf 91' lang='lat' dir='ltr'><strong>cinatur.</strong></span> <span class='ocrx_word' id='word_1_320' title='bbox 781 2833 896 2890; x_wconf 88' lang='lat' dir='ltr'><strong>Illic</strong></span> <span class='ocrx_word' id='word_1_321' title='bbox 958 2842 1141 2890; x_wconf 90' lang='lat' dir='ltr'><strong>autem</strong></span> <span class='ocrx_word' id='word_1_322' title='bbox 1201 2836 1370 2891; x_wconf 87' lang='lat' dir='ltr'><strong>variis</strong></span> <span class='ocrx_word' id='word_1_323' title='bbox 1438 2837 1775 2908; x_wconf 87' lang='lat' dir='ltr'><strong>temporibus</strong></span> <span class='ocrx_word' id='word_1_324' title='bbox 1835 2836 2048 2893; x_wconf 87' lang='lat' dir='ltr'><strong>obsessi</strong></span> 
     </span>
    </p>
   </div>
   <div class='ocr_carea' id='block_1_45' title="bbox 478 2925 2050 2998">
    <p class='ocr_par' dir='ltr' id='par_1_45' title="bbox 478 2925 2050 2998">
     <span class='ocr_line' id='line_1_45' title="bbox 478 2925 2050 2998; baseline -0.001 -17"><span class='ocrx_word' id='word_1_325' title='bbox 478 2933 628 2990; x_wconf 89' lang='lat' dir='ltr'><strong>sunt,</strong></span> <span class='ocrx_word' id='word_1_326' title='bbox 665 2927 897 2996; x_wconf 88' lang='lat' dir='ltr'><strong>primum</strong></span> <span class='ocrx_word' id='word_1_327' title='bbox 949 2941 979 2980; x_wconf 89' lang='lat' dir='ltr'><strong>a</strong></span> <span class='ocrx_word' id='word_1_328' title='bbox 1015 2925 1365 2998; x_wconf 87' lang='lat' dir='ltr'><strong>Babyloniis;</strong></span> <span class='ocrx_word' id='word_1_329' title='bbox 1403 2928 1647 2983; x_wconf 87' lang='lat' dir='ltr'><strong>secundo</strong></span> <span class='ocrx_word' id='word_1_330' title='bbox 1680 2927 1750 2982; x_wconf 86' lang='lat' dir='ltr'><strong>ab</strong></span> <span class='ocrx_word' id='word_1_331' title='bbox 1778 2927 2050 2982; x_wconf 84' lang='lat' dir='ltr'><strong>Antiocho</strong></span> 
     </span>
    </p>
   </div>
   <div class='ocr_carea' id='block_1_46' title="bbox 477 3017 2051 3090">
    <p class='ocr_par' dir='ltr' id='par_1_46' title="bbox 477 3017 2051 3090">
     <span class='ocr_line' id='line_1_46' title="bbox 477 3017 2051 3090; baseline 0 -18"><span class='ocrx_word' id='word_1_332' title='bbox 477 3033 604 3088; x_wconf 87' lang='lat' dir='ltr'><strong>rege</strong></span> <span class='ocrx_word' id='word_1_333' title='bbox 656 3017 858 3089; x_wconf 68' lang='lat' dir='ltr'><strong>Syrias;</strong></span> <span class='ocrx_word' id='word_1_334' title='bbox 922 3027 1202 3089; x_wconf 90' lang='lat' dir='ltr'><strong>postremo</strong></span> <span class='ocrx_word' id='word_1_335' title='bbox 1267 3035 1298 3073; x_wconf 89' lang='lat' dir='ltr'><strong>a</strong></span> <span class='ocrx_word' id='word_1_336' title='bbox 1361 3019 1624 3075; x_wconf 81' lang='lat' dir='ltr'><strong>Romanis</strong></span> <span class='ocrx_word' id='word_1_337' title='bbox 1683 3026 1809 3089; x_wconf 85' lang='lat' dir='ltr'><strong>post</strong></span> <span class='ocrx_word' id='word_1_338' title='bbox 1867 3027 2051 3090; x_wconf 89' lang='lat' dir='ltr'><strong>patra-</strong></span> 
     </span>
    </p>
   </div>
   <div class='ocr_carea' id='block_1_47' title="bbox 2165 1907 3671 1981">
    <p class='ocr_par' dir='ltr' id='par_1_47' title="bbox 2165 1907 3671 1981">
     <span class='ocr_line' id='line_1_47' title="bbox 2165 1907 3671 1981; baseline 0.004 -23"><span class='ocrx_word' id='word_1_339' title='bbox 2165 1907 2460 1977; x_wconf 76' lang='grc' dir='ltr'><strong>Ἀσσυρίων</strong></span> <span class='ocrx_word' id='word_1_340' title='bbox 2483 1907 2728 1961; x_wconf 82' lang='grc' dir='ltr'>ὲπιθέσει</span> <span class='ocrx_word' id='word_1_341' title='bbox 2749 1908 2890 1962; x_wconf 78' lang='grc' dir='ltr'>κατὰ</span> <span class='ocrx_word' id='word_1_342' title='bbox 2903 1909 3172 1963; x_wconf 83' lang='grc' dir='ltr'>Ἰουδαίων</span> <span class='ocrx_word' id='word_1_343' title='bbox 3189 1909 3382 1972; x_wconf 73' lang='grc' dir='ltr'>ἔθνους</span> <span class='ocrx_word' id='word_1_344' title='bbox 3400 1910 3671 1981; x_wconf 78' lang='grc' dir='ltr'>πραχθέντα.</span> 
     </span>
    </p>
   </div>
   <div class='ocr_carea' id='block_1_48' title="bbox 2151 1999 3671 2072">
    <p class='ocr_par' dir='ltr' id='par_1_48' title="bbox 2151 1999 3671 2072">
     <span class='ocr_line' id='line_1_48' title="bbox 2151 1999 3671 2072; baseline 0.003 -21"><span class='ocrx_word' id='word_1_345' title='bbox 2151 1999 2260 2051; x_wconf 76' lang='lat' dir='ltr'><strong>Kal</strong></span> <span class='ocrx_word' id='word_1_346' title='bbox 2304 1999 2477 2052; x_wconf 76' lang='grc' dir='ltr'>ταῦτα</span> <span class='ocrx_word' id='word_1_347' title='bbox 2527 1999 2770 2064; x_wconf 82' lang='grc' dir='ltr'>θεσπίζει</span> <span class='ocrx_word' id='word_1_348' title='bbox 2820 1999 3146 2072; x_wconf 83' lang='grc' dir='ltr'>προδιελθὼν</span> <span class='ocrx_word' id='word_1_349' title='bbox 3171 2001 3273 2064; x_wconf 74' lang='grc' dir='ltr'><strong>τὰς</strong></span> <span class='ocrx_word' id='word_1_350' title='bbox 3322 2003 3514 2064; x_wconf 86' lang='grc' dir='ltr'>αίτίας,</span> <span class='ocrx_word' id='word_1_351' title='bbox 3544 2003 3598 2054; x_wconf 80' lang='grc' dir='ltr'>δι’</span> <span class='ocrx_word' id='word_1_352' title='bbox 3628 2003 3671 2065; x_wconf 69' lang='grc' dir='ltr'>ἃς</span> 
     </span>
    </p>
   </div>
   <div class='ocr_carea' id='block_1_49' title="bbox 2149 2091 3670 2165">
    <p class='ocr_par' dir='ltr' id='par_1_49' title="bbox 2149 2091 3670 2165">
     <span class='ocr_line' id='line_1_49' title="bbox 2149 2091 3670 2165; baseline 0.003 -24"><span class='ocrx_word' id='word_1_353' title='bbox 2149 2092 2262 2152; x_wconf 86' lang='grc' dir='ltr'>τοῖς</span> <span class='ocrx_word' id='word_1_354' title='bbox 2305 2091 2584 2161; x_wconf 85' lang='grc' dir='ltr'>πολεμίοις</span> <span class='ocrx_word' id='word_1_355' title='bbox 2624 2091 3016 2163; x_wconf 78' lang='grc' dir='ltr'>παρεδόθησαν.</span> <span class='ocrx_word' id='word_1_356' title='bbox 3053 2093 3141 2146; x_wconf 88' lang='grc' dir='ltr'>Ἐν</span> <span class='ocrx_word' id='word_1_357' title='bbox 3193 2093 3295 2164; x_wconf 85' lang='grc' dir='ltr'><strong>μὲν</strong></span> <span class='ocrx_word' id='word_1_358' title='bbox 3340 2093 3446 2165; x_wconf 74' lang='grc' dir='ltr'><strong>γὰρ</strong></span> <span class='ocrx_word' id='word_1_359' title='bbox 3493 2094 3560 2165; x_wconf 82' lang='grc' dir='ltr'>τῷ</span> <span class='ocrx_word' id='word_1_360' title='bbox 3599 2095 3670 2165; x_wconf 69' lang='grc' dir='ltr'><strong>πρὸ</strong></span> 
     </span>
    </p>
   </div>
   <div class='ocr_carea' id='block_1_50' title="bbox 2149 2181 3670 2255">
    <p class='ocr_par' dir='ltr' id='par_1_50' title="bbox 2149 2181 3670 2255">
     <span class='ocr_line' id='line_1_50' title="bbox 2149 2181 3670 2255; baseline 0.001 -21"><span class='ocrx_word' id='word_1_361' title='bbox 2149 2181 2338 2234; x_wconf 87' lang='grc' dir='ltr'>τούτου</span> <span class='ocrx_word' id='word_1_362' title='bbox 2365 2182 2564 2254; x_wconf 75' lang='grc' dir='ltr'>ψαλμῷ</span> <span class='ocrx_word' id='word_1_363' title='bbox 2589 2184 2715 2247; x_wconf 79' lang='grc' dir='ltr'>τοὺς</span> <span class='ocrx_word' id='word_1_364' title='bbox 2739 2185 3001 2254; x_wconf 77' lang='grc' dir='ltr'>ἄρχοντας</span> <span class='ocrx_word' id='word_1_365' title='bbox 3029 2185 3314 2255; x_wconf 83' lang='grc' dir='ltr'>ἀπήλεγχε</span> <span class='ocrx_word' id='word_1_366' title='bbox 3347 2185 3440 2238; x_wconf 82' lang='grc' dir='ltr'>τοῦ</span> <span class='ocrx_word' id='word_1_367' title='bbox 3464 2185 3574 2238; x_wconf 80' lang='grc' dir='ltr'>λαοῦ</span> <span class='ocrx_word' id='word_1_368' title='bbox 3599 2187 3670 2254; x_wconf 71' lang='grc' dir='ltr'><strong>φή-</strong></span> 
     </span>
    </p>
   </div>
   <div class='ocr_carea' id='block_1_51' title="bbox 2153 2275 3667 2344">
    <p class='ocr_par' dir='ltr' id='par_1_51' title="bbox 2153 2275 3667 2344">
     <span class='ocr_line' id='line_1_51' title="bbox 2153 2275 3667 2344; baseline 0.002 -18"><span class='ocrx_word' id='word_1_369' title='bbox 2153 2291 2280 2338; x_wconf 86' lang='grc' dir='ltr'>σας·</span> <span class='ocrx_word' id='word_1_370' title='bbox 2321 2275 2467 2340; x_wconf 86' lang='grc' dir='ltr'>Ἕως</span> <span class='ocrx_word' id='word_1_371' title='bbox 2492 2276 2635 2328; x_wconf 80' lang='grc' dir='ltr'>πότε</span> <span class='ocrx_word' id='word_1_372' title='bbox 2669 2276 2899 2344; x_wconf 82' lang='grc' dir='ltr'>κρίνετε</span> <span class='ocrx_word' id='word_1_373' title='bbox 2936 2276 3208 2341; x_wconf 62' lang='lat' dir='ltr'><strong>donetur;</strong></span> <span class='ocrx_word' id='word_1_374' title='bbox 3241 2278 3341 2331; x_wconf 77' lang='grc' dir='ltr'><strong>καὶ</strong></span> <span class='ocrx_word' id='word_1_375' title='bbox 3378 2278 3554 2331; x_wconf 74' lang='grc' dir='ltr'><strong>πάλιν⁹</strong></span> <span class='ocrx_word' id='word_1_376' title='bbox 3584 2279 3667 2330; x_wconf 77' lang='grc' dir='ltr'><strong>Οὐκ</strong></span> 
     </span>
    </p>
   </div>
   <div class='ocr_carea' id='block_1_52' title="bbox 2149 2367 3667 2437">
    <p class='ocr_par' dir='ltr' id='par_1_52' title="bbox 2149 2367 3667 2437">
     <span class='ocr_line' id='line_1_52' title="bbox 2149 2367 3667 2437; baseline 0.002 -17"><span class='ocrx_word' id='word_1_377' title='bbox 2149 2367 2442 2436; x_wconf 69' lang='grc' dir='ltr'>ἔγνωσαν,</span> <span class='ocrx_word' id='word_1_378' title='bbox 2476 2367 2617 2422; x_wconf 80' lang='grc' dir='ltr'>οὐδὲ</span> <span class='ocrx_word' id='word_1_379' title='bbox 2655 2368 2954 2437; x_wconf 84' lang='grc' dir='ltr'>συνῆκαν,</span> <span class='ocrx_word' id='word_1_380' title='bbox 2984 2369 3054 2422; x_wconf 85' lang='grc' dir='ltr'>ἐν</span> <span class='ocrx_word' id='word_1_381' title='bbox 3091 2371 3300 2423; x_wconf 83' lang='grc' dir='ltr'>σκότει</span> <span class='ocrx_word' id='word_1_382' title='bbox 3345 2370 3667 2437; x_wconf 62' lang='lat' dir='ltr'><strong>drancpr-</strong></span> 
     </span>
    </p>
   </div>
   <div class='ocr_carea' id='block_1_53' title="bbox 2151 2461 3668 2533">
    <p class='ocr_par' dir='ltr' id='par_1_53' title="bbox 2151 2461 3668 2533">
     <span class='ocr_line' id='line_1_53' title="bbox 2151 2461 3668 2533; baseline 0.001 -20"><span class='ocrx_word' id='word_1_383' title='bbox 2151 2477 2264 2514; x_wconf 84' lang='grc' dir='ltr'>ται.</span> <span class='ocrx_word' id='word_1_384' title='bbox 2309 2461 2396 2514; x_wconf 85' lang='grc' dir='ltr'>Ἐν</span> <span class='ocrx_word' id='word_1_385' title='bbox 2427 2461 2483 2514; x_wconf 81' lang='grc' dir='ltr'><strong>δὲ</strong></span> <span class='ocrx_word' id='word_1_386' title='bbox 2515 2461 2593 2532; x_wconf 81' lang='grc' dir='ltr'>τῷ</span> <span class='ocrx_word' id='word_1_387' title='bbox 2626 2461 2881 2533; x_wconf 86' lang='grc' dir='ltr'>ἀνωτέρω</span> <span class='ocrx_word' id='word_1_388' title='bbox 2911 2462 2971 2515; x_wconf 85' lang='grc' dir='ltr'><strong>τὸ</strong></span> <span class='ocrx_word' id='word_1_389' title='bbox 3014 2464 3119 2515; x_wconf 81' lang='grc' dir='ltr'>πᾶν</span> <span class='ocrx_word' id='word_1_390' title='bbox 3147 2462 3427 2517; x_wconf 78' lang='grc' dir='ltr'>διέϐαλλεν</span> <span class='ocrx_word' id='word_1_391' title='bbox 3463 2464 3590 2527; x_wconf 79' lang='grc' dir='ltr'>ἔθνος</span> <span class='ocrx_word' id='word_1_392' title='bbox 3617 2466 3668 2516; x_wconf 83' lang='grc' dir='ltr'><strong>εἰ·</strong></span> 
     </span>
    </p>
   </div>
   <div class='ocr_carea' id='block_1_54' title="bbox 2151 2551 3668 2624">
    <p class='ocr_par' dir='ltr' id='par_1_54' title="bbox 2151 2551 3668 2624">
     <span class='ocr_line' id='line_1_54' title="bbox 2151 2551 3668 2624; baseline 0.004 -21"><span class='ocrx_word' id='word_1_393' title='bbox 2151 2551 2306 2604; x_wconf 77' lang='grc' dir='ltr'>πώνο</span> <span class='ocrx_word' id='word_1_394' title='bbox 2341 2552 2447 2606; x_wconf 80' lang='grc' dir='ltr'><strong>Καὶ</strong></span> <span class='ocrx_word' id='word_1_395' title='bbox 2489 2553 2603 2606; x_wconf 85' lang='grc' dir='ltr'>οὐκ</span> <span class='ocrx_word' id='word_1_396' title='bbox 2644 2552 2910 2621; x_wconf 83' lang='grc' dir='ltr'>ἤκουσεν</span> <span class='ocrx_word' id='word_1_397' title='bbox 2957 2556 2989 2607; x_wconf 82' lang='grc' dir='ltr'><em>ὁ</em></span> <span class='ocrx_word' id='word_1_398' title='bbox 3038 2555 3187 2619; x_wconf 77' lang='grc' dir='ltr'>λαός</span> <span class='ocrx_word' id='word_1_399' title='bbox 3229 2572 3355 2624; x_wconf 88' lang='grc' dir='ltr'><strong>μου</strong></span> <span class='ocrx_word' id='word_1_400' title='bbox 3397 2554 3497 2623; x_wconf 84' lang='grc' dir='ltr'>τῆς</span> <span class='ocrx_word' id='word_1_401' title='bbox 3521 2555 3668 2624; x_wconf 62' lang='grc' dir='ltr'>φωνῆς</span> 
     </span>
    </p>
   </div>
   <div class='ocr_carea' id='block_1_55' title="bbox 2145 2642 3668 2713">
    <p class='ocr_par' dir='ltr' id='par_1_55' title="bbox 2145 2642 3668 2713">
     <span class='ocr_line' id='line_1_55' title="bbox 2145 2642 3668 2713; baseline -0.001 -17"><span class='ocrx_word' id='word_1_402' title='bbox 2145 2661 2285 2713; x_wconf 88' lang='grc' dir='ltr'>μου,</span> <span class='ocrx_word' id='word_1_403' title='bbox 2323 2644 2420 2696; x_wconf 79' lang='grc' dir='ltr'>καὶ</span> <span class='ocrx_word' id='word_1_404' title='bbox 2469 2642 2705 2712; x_wconf 72' lang='grc' dir='ltr'>Ἰσραὴλ</span> <span class='ocrx_word' id='word_1_405' title='bbox 2749 2645 2820 2698; x_wconf 89' lang='grc' dir='ltr'>οὺ</span> <span class='ocrx_word' id='word_1_406' title='bbox 2848 2642 3151 2712; x_wconf 80' lang='grc' dir='ltr'>προσέσχε</span> <span class='ocrx_word' id='word_1_407' title='bbox 3193 2662 3320 2713; x_wconf 84' lang='grc' dir='ltr'>μοι.</span> <span class='ocrx_word' id='word_1_408' title='bbox 3364 2645 3514 2698; x_wconf 83' lang='grc' dir='ltr'><strong>Ἀλλὰ</strong></span> <span class='ocrx_word' id='word_1_409' title='bbox 3542 2646 3613 2698; x_wconf 82' lang='grc' dir='ltr'><strong>καὶ</strong></span> <span class='ocrx_word' id='word_1_410' title='bbox 3631 2647 3668 2696; x_wconf 78' lang='grc' dir='ltr'>ὲν</span> 
     </span>
    </p>
   </div>
   <div class='ocr_carea' id='block_1_56' title="bbox 2149 2719 3667 2808">
    <p class='ocr_par' dir='ltr' id='par_1_56' title="bbox 2149 2733 3667 2808">
     <span class='ocr_line' id='line_1_56' title="bbox 2149 2733 3667 2808; baseline -0.001 -20"><span class='ocrx_word' id='word_1_411' title='bbox 2149 2735 2226 2806; x_wconf 83' lang='grc' dir='ltr'>τῷ</span> <span class='ocrx_word' id='word_1_412' title='bbox 2254 2734 2327 2799; x_wconf 66' lang='lat' dir='ltr'><strong>oi,&quot;</strong></span> <span class='ocrx_word' id='word_1_413' title='bbox 2356 2733 2563 2806; x_wconf 73' lang='grc' dir='ltr'>μακρὸν</span> <span class='ocrx_word' id='word_1_414' title='bbox 2584 2735 2878 2804; x_wconf 71' lang='grc' dir='ltr'>κατάλογον</span> <span class='ocrx_word' id='word_1_415' title='bbox 2903 2734 3010 2788; x_wconf 84' lang='grc' dir='ltr'>τῶν</span> <span class='ocrx_word' id='word_1_416' title='bbox 3036 2737 3516 2808; x_wconf 77' lang='grc' dir='ltr'>παρανομημάτων</span> <span class='ocrx_word' id='word_1_417' title='bbox 3540 2737 3667 2791; x_wconf 72' lang='grc' dir='ltr'>αὐτῶν</span> 
     </span>
    </p>
   </div>
   <div class='ocr_carea' id='block_1_57' title="bbox 2148 2821 3667 2897">
    <p class='ocr_par' dir='ltr' id='par_1_57' title="bbox 2148 2821 3667 2897">
     <span class='ocr_line' id='line_1_57' title="bbox 2148 2821 3667 2897; baseline -0.001 -17"><span class='ocrx_word' id='word_1_418' title='bbox 2148 2825 2441 2897; x_wconf 81' lang='grc' dir='ltr'>διεξῆλθεν.</span> <span class='ocrx_word' id='word_1_419' title='bbox 2482 2825 2812 2890; x_wconf 87' lang='grc' dir='ltr'>Ἀκολούθως</span> <span class='ocrx_word' id='word_1_420' title='bbox 2854 2821 2947 2880; x_wconf 79' lang='grc' dir='ltr'><strong>οὖν</strong></span> <span class='ocrx_word' id='word_1_421' title='bbox 2995 2826 3064 2879; x_wconf 82' lang='grc' dir='ltr'>τὰ</span> <span class='ocrx_word' id='word_1_422' title='bbox 3112 2826 3495 2897; x_wconf 80' lang='grc' dir='ltr'>συμϐεϐηκότα</span> <span class='ocrx_word' id='word_1_423' title='bbox 3535 2827 3667 2888; x_wconf 78' lang='grc' dir='ltr'>αὐτοῖς</span> 
     </span>
    </p>
   </div>
   <div class='ocr_carea' id='block_1_58' title="bbox 2153 2909 3665 2992">
    <p class='ocr_par' dir='ltr' id='par_1_58' title="bbox 2153 2909 3665 2992">
     <span class='ocr_line' id='line_1_58' title="bbox 2153 2909 3665 2992; baseline -0.001 -21"><span class='ocrx_word' id='word_1_424' title='bbox 2153 2920 2379 2992; x_wconf 79' lang='grc' dir='ltr'>μακροῖς</span> <span class='ocrx_word' id='word_1_425' title='bbox 2411 2915 2635 2990; x_wconf 78' lang='grc' dir='ltr'>ὕστερον</span> <span class='ocrx_word' id='word_1_426' title='bbox 2663 2909 2873 2990; x_wconf 80' lang='grc' dir='ltr'>χρόνοις</span> <span class='ocrx_word' id='word_1_427' title='bbox 2897 2918 2984 2972; x_wconf 78' lang='grc' dir='ltr'>διὰ</span> <span class='ocrx_word' id='word_1_428' title='bbox 3008 2918 3105 2981; x_wconf 73' lang='grc' dir='ltr'>τὰς</span> <span class='ocrx_word' id='word_1_429' title='bbox 3137 2919 3520 2992; x_wconf 86' lang='grc' dir='ltr'>προλεχθείσας</span> <span class='ocrx_word' id='word_1_430' title='bbox 3539 2919 3665 2980; x_wconf 75' lang='grc' dir='ltr'>αἰτίας</span> 
     </span>
    </p>
   </div>
   <div class='ocr_carea' id='block_1_59' title="bbox 2151 3009 3665 3083">
    <p class='ocr_par' dir='ltr' id='par_1_59' title="bbox 2151 3009 3665 3083">
     <span class='ocr_line' id='line_1_59' title="bbox 2151 3009 3665 3083; baseline -0.001 -20"><span class='ocrx_word' id='word_1_431' title='bbox 2151 3009 2499 3083; x_wconf 80' lang='grc' dir='ltr'>προφητεύει.</span> <span class='ocrx_word' id='word_1_432' title='bbox 2531 3011 2640 3064; x_wconf 78' lang='lat' dir='ltr'><strong>Kal</strong></span> <span class='ocrx_word' id='word_1_433' title='bbox 2663 3012 2777 3064; x_wconf 76' lang='grc' dir='ltr'>ἐκεῖ</span> <span class='ocrx_word' id='word_1_434' title='bbox 2815 3012 2955 3066; x_wconf 81' lang='grc' dir='ltr'>κατὰ</span> <span class='ocrx_word' id='word_1_435' title='bbox 2982 3011 3276 3082; x_wconf 74' lang='grc' dir='ltr'>διαφόρους</span> <span class='ocrx_word' id='word_1_436' title='bbox 3306 3012 3520 3083; x_wconf 78' lang='grc' dir='ltr'>χρόνους</span> <span class='ocrx_word' id='word_1_437' title='bbox 3544 3027 3665 3063; x_wconf 67' lang='lat' dir='ltr'><strong>ram-</strong></span> 
     </span>
    </p>
   </div>
   <div class='ocr_carea' id='block_1_60' title="bbox 477 3102 2045 3182">
    <p class='ocr_par' dir='ltr' id='par_1_60' title="bbox 477 3109 2045 3182">
     <span class='ocr_line' id='line_1_60' title="bbox 477 3109 2045 3182; baseline 0.001 -20"><span class='ocrx_word' id='word_1_438' title='bbox 477 3117 593 3164; x_wconf 90' lang='lat' dir='ltr'><strong>tum</strong></span> <span class='ocrx_word' id='word_1_439' title='bbox 643 3109 697 3164; x_wconf 91' lang='lat' dir='ltr'><strong>in</strong></span> <span class='ocrx_word' id='word_1_440' title='bbox 757 3109 1099 3168; x_wconf 87' lang='lat' dir='ltr'><strong>Servatorem</strong></span> <span class='ocrx_word' id='word_1_441' title='bbox 1159 3119 1408 3167; x_wconf 88' lang='lat' dir='ltr'><strong>nostrum</strong></span> <span class='ocrx_word' id='word_1_442' title='bbox 1471 3112 1672 3168; x_wconf 87' lang='lat' dir='ltr'><strong>scelus.</strong></span> <span class='ocrx_word' id='word_1_443' title='bbox 1731 3109 2045 3182; x_wconf 87' lang='lat' dir='ltr'><strong>Opportune</strong></span> 
     </span>
    </p>
   </div>
   <div class='ocr_carea' id='block_1_61' title="bbox 2152 3102 3663 3182">
    <p class='ocr_par' dir='ltr' id='par_1_61' title="bbox 2152 3102 3663 3175">
     <span class='ocr_line' id='line_1_61' title="bbox 2152 3102 3663 3175; baseline -0.003 -18"><span class='ocrx_word' id='word_1_444' title='bbox 2152 3103 2492 3175; x_wconf 88' lang='grc' dir='ltr'>λιόρκηνται⁹</span> <span class='ocrx_word' id='word_1_445' title='bbox 2542 3102 2804 3174; x_wconf 88' lang='grc' dir='ltr'>πρότερον</span> <span class='ocrx_word' id='word_1_446' title='bbox 2847 3103 2944 3173; x_wconf 81' lang='grc' dir='ltr'>μὲν</span> <span class='ocrx_word' id='word_1_447' title='bbox 2988 3103 3093 3155; x_wconf 81' lang='grc' dir='ltr'><strong>ὑπὸ</strong></span> <span class='ocrx_word' id='word_1_448' title='bbox 3131 3103 3507 3168; x_wconf 85' lang='grc' dir='ltr'>Βαϐυλωνίων,</span> <span class='ocrx_word' id='word_1_449' title='bbox 3536 3103 3663 3154; x_wconf 80' lang='grc' dir='ltr'>δεύτε-</span> 
     </span>
    </p>
   </div>
   <div class='ocr_carea' id='block_1_62' title="bbox 477 3172 2045 3270">
    <p class='ocr_par' dir='ltr' id='par_1_62' title="bbox 477 3172 2041 3270">
     <span class='ocr_line' id='line_1_62' title="bbox 477 3172 2041 3270; baseline 0.003 -18"><span class='ocrx_word' id='word_1_450' title='bbox 477 3214 544 3253; x_wconf 80' lang='lat' dir='ltr'><strong>ex</strong></span> <span class='ocrx_word' id='word_1_451' title='bbox 573 3197 812 3268; x_wconf 89' lang='lat' dir='ltr'><strong>Spiritus</strong></span> <span class='ocrx_word' id='word_1_452' title='bbox 849 3202 1190 3270; x_wconf 75' lang='lat' dir='ltr'><strong>prtescientia</strong></span> <span class='ocrx_word' id='word_1_453' title='bbox 1236 3209 1350 3256; x_wconf 86' lang='lat' dir='ltr'><strong>tres</strong></span> <span class='ocrx_word' id='word_1_454' title='bbox 1376 3201 1498 3258; x_wconf 91' lang='lat' dir='ltr'><strong>illas</strong></span> <span class='ocrx_word' id='word_1_455' title='bbox 1541 3172 1860 3258; x_wconf 72' lang='lat' dir='ltr'><strong>obsidiones</strong></span> <span class='ocrx_word' id='word_1_456' title='bbox 1899 3201 2041 3256; x_wconf 90' lang='lat' dir='ltr'><strong>idem</strong></span> 
     </span>
    </p>
   </div>
   <div class='ocr_carea' id='block_1_63' title="bbox 2152 3172 3664 3270">
    <p class='ocr_par' dir='ltr' id='par_1_63' title="bbox 2154 3172 3664 3268">
     <span class='ocr_line' id='line_1_63' title="bbox 2154 3172 3664 3268; baseline -0.005 -18"><span class='ocrx_word' id='word_1_457' title='bbox 2154 3172 2245 3268; x_wconf 78' lang='grc' dir='ltr'><strong>ρον</strong></span> <span class='ocrx_word' id='word_1_458' title='bbox 2269 3197 2327 3250; x_wconf 85' lang='grc' dir='ltr'>δὲ</span> <span class='ocrx_word' id='word_1_459' title='bbox 2363 3198 2452 3250; x_wconf 84' lang='grc' dir='ltr'>ὑπ’</span> <span class='ocrx_word' id='word_1_460' title='bbox 2493 3172 2762 3265; x_wconf 80' lang='grc' dir='ltr'>Ἀντιόχου</span> <span class='ocrx_word' id='word_1_461' title='bbox 2807 3172 2902 3248; x_wconf 75' lang='grc' dir='ltr'>τοῦ</span> <span class='ocrx_word' id='word_1_462' title='bbox 2935 3197 3034 3265; x_wconf 85' lang='grc' dir='ltr'>τῆς</span> <span class='ocrx_word' id='word_1_463' title='bbox 3073 3195 3276 3266; x_wconf 84' lang='grc' dir='ltr'>Συρίας</span> <span class='ocrx_word' id='word_1_464' title='bbox 3313 3195 3575 3266; x_wconf 76' lang='grc' dir='ltr'>βασιλέως,</span> <span class='ocrx_word' id='word_1_465' title='bbox 3603 3193 3664 3243; x_wconf 74' lang='lat' dir='ltr'><strong>nl</strong></span> 
     </span>
    </p>
   </div>
   <div class='ocr_carea' id='block_1_64' title="bbox 483 3288 2040 3360">
    <p class='ocr_par' dir='ltr' id='par_1_64' title="bbox 483 3288 2040 3360">
     <span class='ocr_line' id='line_1_64' title="bbox 483 3288 2040 3360; baseline 0.002 -20"><span class='ocrx_word' id='word_1_466' title='bbox 483 3288 743 3357; x_wconf 86' lang='lat' dir='ltr'><strong>propheta</strong></span> <span class='ocrx_word' id='word_1_467' title='bbox 782 3290 1160 3358; x_wconf 62' lang='lat' dir='ltr'><strong>praenuntiat:</strong></span> <span class='ocrx_word' id='word_1_468' title='bbox 1204 3304 1331 3343; x_wconf 91' lang='lat' dir='ltr'><strong>nam</strong></span> <span class='ocrx_word' id='word_1_469' title='bbox 1391 3290 1445 3343; x_wconf 93' lang='lat' dir='ltr'><strong>in</strong></span> <span class='ocrx_word' id='word_1_470' title='bbox 1503 3305 1654 3344; x_wconf 78' lang='lat' dir='ltr'><strong>Lxxu</strong></span> <span class='ocrx_word' id='word_1_471' title='bbox 1708 3297 2040 3360; x_wconf 84' lang='lat' dir='ltr'><strong>postremam</strong></span> 
     </span>
    </p>
   </div>
   <div class='ocr_carea' id='block_1_65' title="bbox 480 3377 2039 3449">
    <p class='ocr_par' dir='ltr' id='par_1_65' title="bbox 480 3377 2039 3449">
     <span class='ocr_line' id='line_1_65' title="bbox 480 3377 2039 3449; baseline 0 -17"><span class='ocrx_word' id='word_1_472' title='bbox 480 3377 901 3448; x_wconf 56' lang='lat' dir='ltr'><strong>signiﬁcat,,ut</strong></span> <span class='ocrx_word' id='word_1_473' title='bbox 941 3381 1175 3449; x_wconf 82' lang='lat' dir='ltr'><strong>pr0priis</strong></span> <span class='ocrx_word' id='word_1_474' title='bbox 1207 3380 1263 3433; x_wconf 89' lang='lat' dir='ltr'><strong>in</strong></span> <span class='ocrx_word' id='word_1_475' title='bbox 1306 3379 1441 3434; x_wconf 89' lang='lat' dir='ltr'><strong>locis</strong></span> <span class='ocrx_word' id='word_1_476' title='bbox 1493 3379 1938 3444; x_wconf 84' lang='lat' dir='ltr'><strong>declaravimus;</strong></span> <span class='ocrx_word' id='word_1_477' title='bbox 1982 3379 2039 3433; x_wconf 90' lang='lat' dir='ltr'><strong>in</strong></span> 
     </span>
    </p>
   </div>
   <div class='ocr_carea' id='block_1_66' title="bbox 479 3468 2040 3540">
    <p class='ocr_par' dir='ltr' id='par_1_66' title="bbox 479 3468 2040 3540">
     <span class='ocr_line' id='line_1_66' title="bbox 479 3468 2040 3540; baseline 0.001 -19"><span class='ocrx_word' id='word_1_478' title='bbox 479 3483 683 3522; x_wconf 75' lang='lat' dir='ltr'><strong>uxvm</strong></span> <span class='ocrx_word' id='word_1_479' title='bbox 715 3509 728 3532; x_wconf 88' lang='lat'><strong>,</strong></span> <span class='ocrx_word' id='word_1_480' title='bbox 773 3483 893 3523; x_wconf 91' lang='lat' dir='ltr'><strong>eam</strong></span> <span class='ocrx_word' id='word_1_481' title='bbox 938 3484 1060 3540; x_wconf 70' lang='lat' dir='ltr'><strong>qua:</strong></span> <span class='ocrx_word' id='word_1_482' title='bbox 1101 3471 1205 3524; x_wconf 88' lang='lat' dir='ltr'><strong>sub</strong></span> <span class='ocrx_word' id='word_1_483' title='bbox 1256 3469 1527 3524; x_wconf 85' lang='lat' dir='ltr'><strong>Antiocho</strong></span> <span class='ocrx_word' id='word_1_484' title='bbox 1587 3468 1726 3540; x_wconf 89' lang='lat' dir='ltr'><strong>Syro</strong></span> <span class='ocrx_word' id='word_1_485' title='bbox 1777 3469 2040 3540; x_wconf 87' lang='lat' dir='ltr'><strong>contigit,</strong></span> 
     </span>
    </p>
   </div>
   <div class='ocr_carea' id='block_1_67' title="bbox 480 3559 2043 3630">
    <p class='ocr_par' dir='ltr' id='par_1_67' title="bbox 480 3559 2043 3630">
     <span class='ocr_line' id='line_1_67' title="bbox 480 3559 2043 3630; baseline 0.001 -18"><span class='ocrx_word' id='word_1_486' title='bbox 480 3559 560 3612; x_wconf 93' lang='lat' dir='ltr'><strong>uti</strong></span> <span class='ocrx_word' id='word_1_487' title='bbox 591 3567 1078 3615; x_wconf 88' lang='lat' dir='ltr'><strong>commonstratum</strong></span> <span class='ocrx_word' id='word_1_488' title='bbox 1094 3569 1179 3616; x_wconf 92' lang='lat' dir='ltr'><strong>est</strong></span> <span class='ocrx_word' id='word_1_489' title='bbox 1200 3579 1214 3628; x_wconf 90' lang='lat'><strong>;</strong></span> <span class='ocrx_word' id='word_1_490' title='bbox 1239 3560 1293 3614; x_wconf 91' lang='lat' dir='ltr'><strong>in</strong></span> <span class='ocrx_word' id='word_1_491' title='bbox 1319 3559 1568 3630; x_wconf 60' lang='lat' dir='ltr'><strong>presenti</strong></span> <span class='ocrx_word' id='word_1_492' title='bbox 1604 3567 1782 3614; x_wconf 89' lang='lat' dir='ltr'><strong>autem</strong></span> <span class='ocrx_word' id='word_1_493' title='bbox 1811 3559 2043 3630; x_wconf 88' lang='lat' dir='ltr'><strong>primam</strong></span> 
     </span>
    </p>
   </div>
   <div class='ocr_carea' id='block_1_68' title="bbox 479 3649 2043 3722">
    <p class='ocr_par' dir='ltr' id='par_1_68' title="bbox 479 3649 2043 3722">
     <span class='ocr_line' id='line_1_68' title="bbox 479 3649 2043 3722; baseline 0.001 -20"><span class='ocrx_word' id='word_1_494' title='bbox 479 3649 762 3711; x_wconf 89' lang='lat' dir='ltr'><strong>meminit,</strong></span> <span class='ocrx_word' id='word_1_495' title='bbox 788 3649 1000 3704; x_wconf 89' lang='lat' dir='ltr'><strong>scilicet</strong></span> <span class='ocrx_word' id='word_1_496' title='bbox 1029 3651 1380 3722; x_wconf 80' lang='lat' dir='ltr'><strong>Assyriorum</strong></span> <span class='ocrx_word' id='word_1_497' title='bbox 1401 3689 1416 3715; x_wconf 92' lang='lat'><strong>,</strong></span> <span class='ocrx_word' id='word_1_498' title='bbox 1453 3665 1617 3720; x_wconf 88' lang='lat' dir='ltr'><strong>quam</strong></span> <span class='ocrx_word' id='word_1_499' title='bbox 1665 3653 1831 3704; x_wconf 88' lang='lat' dir='ltr'><strong>etiam</strong></span> <span class='ocrx_word' id='word_1_500' title='bbox 1875 3663 2043 3704; x_wconf 75' lang='lat' dir='ltr'><strong>uer</strong></span> 
     </span>
    </p>
   </div>
   <div class='ocr_carea' id='block_1_69' title="bbox 477 3738 2042 3818">
    <p class='ocr_par' dir='ltr' id='par_1_69' title="bbox 477 3738 2042 3818">
     <span class='ocr_line' id='line_1_69' title="bbox 477 3738 2042 3818; baseline 0.004 -26"><span class='ocrx_word' id='word_1_501' title='bbox 477 3738 810 3794; x_wconf 81' lang='lat' dir='ltr'><strong>vaticinatus</strong></span> <span class='ocrx_word' id='word_1_502' title='bbox 866 3749 984 3806; x_wconf 79' lang='lat' dir='ltr'><strong>est,</strong></span> <span class='ocrx_word' id='word_1_503' title='bbox 1040 3741 1212 3797; x_wconf 72' lang='lat' dir='ltr'><strong>vineae</strong></span> <span class='ocrx_word' id='word_1_504' title='bbox 1263 3741 1576 3798; x_wconf 88' lang='lat' dir='ltr'><strong>incendium</strong></span> <span class='ocrx_word' id='word_1_505' title='bbox 1623 3749 1679 3796; x_wconf 91' lang='lat' dir='ltr'><strong>et</strong></span> <span class='ocrx_word' id='word_1_506' title='bbox 1729 3743 2042 3818; x_wconf 84' lang='lat' dir='ltr'><strong>vastitatem</strong></span> 
     </span>
    </p>
   </div>
   <div class='ocr_carea' id='block_1_70' title="bbox 477 3829 2045 3904">
    <p class='ocr_par' dir='ltr' id='par_1_70' title="bbox 477 3829 2045 3904">
     <span class='ocr_line' id='line_1_70' title="bbox 477 3829 2045 3904; baseline 0.004 -21"><span class='ocrx_word' id='word_1_507' title='bbox 477 3829 816 3899; x_wconf 80' lang='lat' dir='ltr'><strong>signiﬁcans.</strong></span> <span class='ocrx_word' id='word_1_508' title='bbox 854 3830 931 3886; x_wconf 84' lang='lat' dir='ltr'><strong>Ex</strong></span> <span class='ocrx_word' id='word_1_509' title='bbox 963 3833 1193 3888; x_wconf 89' lang='lat' dir='ltr'><strong>historia</strong></span> <span class='ocrx_word' id='word_1_510' title='bbox 1239 3833 1405 3904; x_wconf 88' lang='lat' dir='ltr'><strong>igitur</strong></span> <span class='ocrx_word' id='word_1_511' title='bbox 1435 3832 1607 3889; x_wconf 89' lang='lat' dir='ltr'><strong>edisci</strong></span> <span class='ocrx_word' id='word_1_512' title='bbox 1652 3840 1868 3904; x_wconf 88' lang='lat' dir='ltr'><strong>potest,</strong></span> <span class='ocrx_word' id='word_1_513' title='bbox 1912 3841 2045 3904; x_wconf 90' lang='lat' dir='ltr'><strong>quot</strong></span> 
     </span>
    </p>
   </div>
   <div class='ocr_carea' id='block_1_71' title="bbox 479 3921 2045 3994">
    <p class='ocr_par' dir='ltr' id='par_1_71' title="bbox 479 3921 2045 3994">
     <span class='ocr_line' id='line_1_71' title="bbox 479 3921 2045 3994; baseline 0.002 -20"><span class='ocrx_word' id='word_1_514' title='bbox 479 3927 669 3990; x_wconf 78' lang='lat' dir='ltr'><strong>gentes</strong></span> <span class='ocrx_word' id='word_1_515' title='bbox 709 3921 766 3974; x_wconf 89' lang='lat' dir='ltr'><strong>in</strong></span> <span class='ocrx_word' id='word_1_516' title='bbox 809 3937 977 3976; x_wconf 90' lang='lat' dir='ltr'><strong>unum</strong></span> <span class='ocrx_word' id='word_1_517' title='bbox 1007 3931 1199 3978; x_wconf 89' lang='lat' dir='ltr'><strong>contra</strong></span> <span class='ocrx_word' id='word_1_518' title='bbox 1229 3921 1518 3977; x_wconf 85' lang='lat' dir='ltr'><strong>Judaicum</strong></span> <span class='ocrx_word' id='word_1_519' title='bbox 1550 3923 1810 3994; x_wconf 90' lang='lat' dir='ltr'><strong>populum</strong></span> <span class='ocrx_word' id='word_1_520' title='bbox 1841 3931 2045 3978; x_wconf 64' lang='lat' dir='ltr'><strong>coacta:</strong></span> 
     </span>
    </p>
   </div>
   <div class='ocr_carea' id='block_1_72' title="bbox 481 4011 2044 4085">
    <p class='ocr_par' dir='ltr' id='par_1_72' title="bbox 481 4011 2044 4085">
     <span class='ocr_line' id='line_1_72' title="bbox 481 4011 2044 4085; baseline 0.003 -20"><span class='ocrx_word' id='word_1_521' title='bbox 481 4011 594 4065; x_wconf 87' lang='lat' dir='ltr'><strong>sint</strong></span> <span class='ocrx_word' id='word_1_522' title='bbox 621 4011 675 4064; x_wconf 92' lang='lat' dir='ltr'><strong>in</strong></span> <span class='ocrx_word' id='word_1_523' title='bbox 703 4012 875 4080; x_wconf 89' lang='lat' dir='ltr'><strong>prima</strong></span> <span class='ocrx_word' id='word_1_524' title='bbox 903 4013 1250 4085; x_wconf 84' lang='lat' dir='ltr'><strong>Assyriorum</strong></span> <span class='ocrx_word' id='word_1_525' title='bbox 1276 4014 1582 4085; x_wconf 87' lang='lat' dir='ltr'><strong>irruptione</strong></span> <span class='ocrx_word' id='word_1_526' title='bbox 1601 4055 1616 4080; x_wconf 91' lang='lat'><strong>,</strong></span> <span class='ocrx_word' id='word_1_527' title='bbox 1640 4031 1777 4084; x_wconf 90' lang='lat' dir='ltr'><strong>quas</strong></span> <span class='ocrx_word' id='word_1_528' title='bbox 1805 4031 2044 4085; x_wconf 69' lang='lat' dir='ltr'><strong>praesens</strong></span> 
     </span>
    </p>
   </div>
   <div class='ocr_carea' id='block_1_73' title="bbox 483 4101 2042 4175">
    <p class='ocr_par' dir='ltr' id='par_1_73' title="bbox 483 4101 2042 4175">
     <span class='ocr_line' id='line_1_73' title="bbox 483 4101 2042 4175; baseline 0.005 -23"><span class='ocrx_word' id='word_1_529' title='bbox 483 4101 770 4170; x_wconf 85' lang='lat' dir='ltr'><strong>prophetia</strong></span> <span class='ocrx_word' id='word_1_530' title='bbox 794 4115 1042 4159; x_wconf 87' lang='lat' dir='ltr'><strong>recenset</strong></span> <span class='ocrx_word' id='word_1_531' title='bbox 1068 4123 1082 4160; x_wconf 91' lang='lat'><strong>:</strong></span> <span class='ocrx_word' id='word_1_532' title='bbox 1106 4121 1228 4175; x_wconf 64' lang='lat' dir='ltr'><strong>quae</strong></span> <span class='ocrx_word' id='word_1_533' title='bbox 1254 4107 1463 4175; x_wconf 87' lang='lat' dir='ltr'><strong>primos</strong></span> <span class='ocrx_word' id='word_1_534' title='bbox 1485 4114 1737 4160; x_wconf 87' lang='lat' dir='ltr'><strong>numerat</strong></span> <span class='ocrx_word' id='word_1_535' title='bbox 1758 4105 2042 4173; x_wconf 65' lang='lat' dir='ltr'><strong>Idumaeos,</strong></span> 
     </span>
    </p>
   </div>
   <div class='ocr_carea' id='block_1_74' title="bbox 479 4191 2044 4268">
    <p class='ocr_par' dir='ltr' id='par_1_74' title="bbox 479 4191 2044 4268">
     <span class='ocr_line' id='line_1_74' title="bbox 479 4191 2044 4268; baseline 0.005 -22"><span class='ocrx_word' id='word_1_536' title='bbox 479 4192 680 4248; x_wconf 89' lang='lat' dir='ltr'><strong>deinde</strong></span> <span class='ocrx_word' id='word_1_537' title='bbox 709 4191 1012 4252; x_wconf 87' lang='lat' dir='ltr'><strong>lsmaelitas</strong></span> <span class='ocrx_word' id='word_1_538' title='bbox 1031 4235 1046 4260; x_wconf 84' lang='lat'><strong>,</strong></span> <span class='ocrx_word' id='word_1_539' title='bbox 1074 4198 1236 4252; x_wconf 83' lang='lat' dir='ltr'><strong>tertio</strong></span> <span class='ocrx_word' id='word_1_540' title='bbox 1266 4196 1534 4252; x_wconf 78' lang='lat' dir='ltr'><strong>Moabitas</strong></span> <span class='ocrx_word' id='word_1_541' title='bbox 1554 4237 1569 4260; x_wconf 91' lang='lat'><strong>,</strong></span> <span class='ocrx_word' id='word_1_542' title='bbox 1605 4207 1804 4268; x_wconf 89' lang='lat' dir='ltr'><strong>quarto</strong></span> <span class='ocrx_word' id='word_1_543' title='bbox 1835 4198 2044 4268; x_wconf 86' lang='lat' dir='ltr'><strong>Agare-</strong></span> 
     </span>
    </p>
   </div>
   <div class='ocr_carea' id='block_1_75' title="bbox 482 4283 2040 4354">
    <p class='ocr_par' dir='ltr' id='par_1_75' title="bbox 482 4283 2040 4354">
     <span class='ocr_line' id='line_1_75' title="bbox 482 4283 2040 4354; baseline 0.004 -18"><span class='ocrx_word' id='word_1_544' title='bbox 482 4299 585 4338; x_wconf 92' lang='lat' dir='ltr'><strong>nos</strong></span> <span class='ocrx_word' id='word_1_545' title='bbox 608 4323 622 4347; x_wconf 93' lang='lat'><strong>,</strong></span> <span class='ocrx_word' id='word_1_546' title='bbox 649 4284 776 4339; x_wconf 92' lang='lat' dir='ltr'><strong>hinc</strong></span> <span class='ocrx_word' id='word_1_547' title='bbox 797 4283 1100 4342; x_wconf 88' lang='lat' dir='ltr'><strong>Gebalenos</strong></span> <span class='ocrx_word' id='word_1_548' title='bbox 1125 4295 1180 4343; x_wconf 88' lang='lat' dir='ltr'><strong>et</strong></span> <span class='ocrx_word' id='word_1_549' title='bbox 1204 4289 1547 4345; x_wconf 87' lang='lat' dir='ltr'><strong>Ammonitas</strong></span> <span class='ocrx_word' id='word_1_550' title='bbox 1567 4329 1582 4354; x_wconf 89' lang='lat'><strong>,</strong></span> <span class='ocrx_word' id='word_1_551' title='bbox 1611 4298 1667 4344; x_wconf 89' lang='lat' dir='ltr'><strong>et</strong></span> <span class='ocrx_word' id='word_1_552' title='bbox 1691 4290 2040 4346; x_wconf 84' lang='lat' dir='ltr'><strong>Amalecitas.</strong></span> 
     </span>
    </p>
   </div>
   <div class='ocr_carea' id='block_1_76' title="bbox 480 4371 2044 4445">
    <p class='ocr_par' dir='ltr' id='par_1_76' title="bbox 480 4371 2044 4445">
     <span class='ocr_line' id='line_1_76' title="bbox 480 4371 2044 4445; baseline 0.004 -20"><span class='ocrx_word' id='word_1_553' title='bbox 480 4371 682 4429; x_wconf 73' lang='lat' dir='ltr'><strong>Praeter</strong></span> <span class='ocrx_word' id='word_1_554' title='bbox 707 4373 807 4428; x_wconf 88' lang='lat' dir='ltr'><strong>hos</strong></span> <span class='ocrx_word' id='word_1_555' title='bbox 823 4383 1004 4428; x_wconf 89' lang='lat' dir='ltr'><strong>autem</strong></span> <span class='ocrx_word' id='word_1_556' title='bbox 1026 4374 1180 4440; x_wconf 92' lang='lat' dir='ltr'><strong>dicit,</strong></span> <span class='ocrx_word' id='word_1_557' title='bbox 1197 4375 1516 4445; x_wconf 60' lang='lat' dir='ltr'><strong>Alienigena</strong></span> <span class='ocrx_word' id='word_1_558' title='bbox 1542 4393 1661 4431; x_wconf 86' lang='lat' dir='ltr'><strong>cum</strong></span> <span class='ocrx_word' id='word_1_559' title='bbox 1686 4377 2044 4432; x_wconf 83' lang='lat' dir='ltr'><strong>habitantibus</strong></span> 
     </span>
    </p>
   </div>
   <div class='ocr_carea' id='block_1_77' title="bbox 483 4463 2045 4541">
    <p class='ocr_par' dir='ltr' id='par_1_77' title="bbox 483 4463 2045 4541">
     <span class='ocr_line' id='line_1_77' title="bbox 483 4463 2045 4541; baseline 0.004 -23"><span class='ocrx_word' id='word_1_560' title='bbox 483 4463 704 4534; x_wconf 77' lang='lat' dir='ltr'><strong>Tyrum.</strong></span> <span class='ocrx_word' id='word_1_561' title='bbox 730 4463 836 4518; x_wconf 87' lang='lat' dir='ltr'><strong>Pro</strong></span> <span class='ocrx_word' id='word_1_562' title='bbox 866 4465 961 4520; x_wconf 90' lang='lat' dir='ltr'><strong>illo</strong></span> <span class='ocrx_word' id='word_1_563' title='bbox 983 4477 1167 4521; x_wconf 88' lang='lat' dir='ltr'><strong>autem</strong></span> <span class='ocrx_word' id='word_1_564' title='bbox 1185 4506 1200 4529; x_wconf 90' lang='lat'><strong>,</strong></span> <span class='ocrx_word' id='word_1_565' title='bbox 1221 4468 1562 4538; x_wconf 65' lang='lat' dir='ltr'><strong>alienigenae,</strong></span> <span class='ocrx_word' id='word_1_566' title='bbox 1586 4469 1783 4540; x_wconf 86' lang='lat' dir='ltr'><strong>Aquila</strong></span> <span class='ocrx_word' id='word_1_567' title='bbox 1806 4477 1861 4524; x_wconf 83' lang='lat' dir='ltr'><strong>et</strong></span> <span class='ocrx_word' id='word_1_568' title='bbox 1886 4468 2045 4541; x_wconf 85' lang='lat' dir='ltr'><strong>Sym-</strong></span> 
     </span>
    </p>
   </div>
   <div class='ocr_carea' id='block_1_78' title="bbox 482 4556 2047 4633">
    <p class='ocr_par' dir='ltr' id='par_1_78' title="bbox 482 4556 2047 4633">
     <span class='ocr_line' id='line_1_78' title="bbox 482 4556 2047 4633; baseline 0.003 -22"><span class='ocrx_word' id='word_1_569' title='bbox 482 4556 732 4620; x_wconf 87' lang='lat' dir='ltr'><strong>machus,</strong></span> <span class='ocrx_word' id='word_1_570' title='bbox 769 4557 1117 4628; x_wconf 70' lang='lat' dir='ltr'><strong>Phy‘listazam</strong></span> <span class='ocrx_word' id='word_1_571' title='bbox 1147 4559 1449 4614; x_wconf 89' lang='lat' dir='ltr'><strong>ediderunt.</strong></span> <span class='ocrx_word' id='word_1_572' title='bbox 1490 4560 1602 4616; x_wconf 87' lang='lat' dir='ltr'><strong>Hoc</strong></span> <span class='ocrx_word' id='word_1_573' title='bbox 1634 4577 1800 4633; x_wconf 88' lang='lat' dir='ltr'><strong>porro</strong></span> <span class='ocrx_word' id='word_1_574' title='bbox 1829 4564 2047 4616; x_wconf 88' lang='lat' dir='ltr'><strong>nomine</strong></span> 
     </span>
    </p>
   </div>
   <div class='ocr_carea' id='block_1_79' title="bbox 481 4645 2046 4720">
    <p class='ocr_par' dir='ltr' id='par_1_79' title="bbox 481 4645 2046 4720">
     <span class='ocr_line' id='line_1_79' title="bbox 481 4645 2046 4720; baseline 0.007 -23"><span class='ocrx_word' id='word_1_575' title='bbox 481 4645 742 4714; x_wconf 85' lang='lat' dir='ltr'><strong>appellari</strong></span> <span class='ocrx_word' id='word_1_576' title='bbox 782 4649 962 4702; x_wconf 90' lang='lat' dir='ltr'><strong>solent</strong></span> <span class='ocrx_word' id='word_1_577' title='bbox 988 4649 1083 4720; x_wconf 88' lang='lat' dir='ltr'><strong>qui</strong></span> <span class='ocrx_word' id='word_1_578' title='bbox 1119 4648 1357 4714; x_wconf 86' lang='lat' dir='ltr'><strong>Gazam,</strong></span> <span class='ocrx_word' id='word_1_579' title='bbox 1404 4652 1734 4707; x_wconf 89' lang='lat' dir='ltr'><strong>Ascalonem</strong></span> <span class='ocrx_word' id='word_1_580' title='bbox 1783 4661 1838 4709; x_wconf 92' lang='lat' dir='ltr'><strong>et</strong></span> <span class='ocrx_word' id='word_1_581' title='bbox 1884 4654 2046 4708; x_wconf 90' lang='lat' dir='ltr'><strong>mari-</strong></span> 
     </span>
    </p>
   </div>
   <div class='ocr_carea' id='block_1_80' title="bbox 480 4736 2042 4815">
    <p class='ocr_par' dir='ltr' id='par_1_80' title="bbox 480 4736 2042 4815">
     <span class='ocr_line' id='line_1_80' title="bbox 480 4736 2042 4815; baseline 0.006 -27"><span class='ocrx_word' id='word_1_582' title='bbox 480 4736 668 4790; x_wconf 90' lang='lat' dir='ltr'><strong>timam</strong></span> <span class='ocrx_word' id='word_1_583' title='bbox 710 4737 975 4793; x_wconf 88' lang='lat' dir='ltr'><strong>incolunt.</strong></span> <span class='ocrx_word' id='word_1_584' title='bbox 1011 4739 1078 4794; x_wconf 86' lang='lat' dir='ltr'><strong>Hi</strong></span> <span class='ocrx_word' id='word_1_585' title='bbox 1105 4740 1288 4811; x_wconf 88' lang='lat' dir='ltr'><strong>itaque</strong></span> <span class='ocrx_word' id='word_1_586' title='bbox 1315 4742 1575 4797; x_wconf 88' lang='lat' dir='ltr'><strong>maritimi</strong></span> <span class='ocrx_word' id='word_1_587' title='bbox 1621 4745 1877 4815; x_wconf 87' lang='lat' dir='ltr'><strong>allophyli</strong></span> <span class='ocrx_word' id='word_1_588' title='bbox 1919 4760 2042 4799; x_wconf 86' lang='lat' dir='ltr'><strong>cum</strong></span> 
     </span>
    </p>
   </div>
   <div class='ocr_carea' id='block_1_81' title="bbox 481 4824 2041 4902">
    <p class='ocr_par' dir='ltr' id='par_1_81' title="bbox 481 4824 2041 4902">
     <span class='ocr_line' id='line_1_81' title="bbox 481 4824 2041 4902; baseline 0.005 -24"><span class='ocrx_word' id='word_1_589' title='bbox 481 4824 856 4882; x_wconf 87' lang='lat' dir='ltr'><strong>habitantibus</strong></span> <span class='ocrx_word' id='word_1_590' title='bbox 877 4826 1081 4899; x_wconf 86' lang='lat' dir='ltr'><strong>Tyrum</strong></span> <span class='ocrx_word' id='word_1_591' title='bbox 1111 4829 1394 4885; x_wconf 89' lang='lat' dir='ltr'><strong>irruerunt</strong></span> <span class='ocrx_word' id='word_1_592' title='bbox 1415 4870 1430 4895; x_wconf 92' lang='lat'><strong>,</strong></span> <span class='ocrx_word' id='word_1_593' title='bbox 1457 4831 1668 4901; x_wconf 89' lang='lat' dir='ltr'><strong>inquit,</strong></span> <span class='ocrx_word' id='word_1_594' title='bbox 1698 4832 1752 4885; x_wconf 90' lang='lat' dir='ltr'><strong>in</strong></span> <span class='ocrx_word' id='word_1_595' title='bbox 1785 4833 2041 4902; x_wconf 84' lang='lat' dir='ltr'><strong>populum</strong></span> 
     </span>
    </p>
   </div>
   <div class='ocr_carea' id='block_1_82' title="bbox 480 4919 2043 4993">
    <p class='ocr_par' dir='ltr' id='par_1_82' title="bbox 480 4919 2043 4993">
     <span class='ocr_line' id='line_1_82' title="bbox 480 4919 2043 4993; baseline 0.008 -25"><span class='ocrx_word' id='word_1_596' title='bbox 480 4922 678 4983; x_wconf 89' lang='lat' dir='ltr'><strong>tuum;</strong></span> <span class='ocrx_word' id='word_1_597' title='bbox 713 4925 767 4971; x_wconf 86' lang='lat' dir='ltr'><strong>et</strong></span> <span class='ocrx_word' id='word_1_598' title='bbox 792 4927 987 4987; x_wconf 69' lang='lat' dir='ltr'><strong>praeter</strong></span> <span class='ocrx_word' id='word_1_599' title='bbox 1016 4919 1116 4975; x_wconf 86' lang='lat' dir='ltr'><strong>hos</strong></span> <span class='ocrx_word' id='word_1_600' title='bbox 1145 4935 1336 4977; x_wconf 89' lang='lat' dir='ltr'><strong>omnes</strong></span> <span class='ocrx_word' id='word_1_601' title='bbox 1378 4921 1674 4993; x_wconf 86' lang='lat' dir='ltr'><strong>Assyrius,</strong></span> <span class='ocrx_word' id='word_1_602' title='bbox 1719 4924 1867 4993; x_wconf 91' lang='lat' dir='ltr'><strong>quod</strong></span> <span class='ocrx_word' id='word_1_603' title='bbox 1910 4939 2043 4980; x_wconf 87' lang='lat' dir='ltr'><strong>sane</strong></span> 
     </span>
    </p>
   </div>
   <div class='ocr_carea' id='block_1_83' title="bbox 481 5010 2040 5083">
    <p class='ocr_par' dir='ltr' id='par_1_83' title="bbox 481 5010 2040 5083">
     <span class='ocr_line' id='line_1_83' title="bbox 481 5010 2040 5083; baseline 0.006 -22"><span class='ocrx_word' id='word_1_604' title='bbox 481 5015 644 5078; x_wconf 89' lang='lat' dir='ltr'><strong>caput</strong></span> <span class='ocrx_word' id='word_1_605' title='bbox 668 5010 934 5064; x_wconf 88' lang='lat' dir='ltr'><strong>malorum</strong></span> <span class='ocrx_word' id='word_1_606' title='bbox 963 5017 1047 5065; x_wconf 85' lang='lat' dir='ltr'><strong>est</strong></span> <span class='ocrx_word' id='word_1_607' title='bbox 1066 5050 1081 5076; x_wconf 94' lang='lat'><strong>,</strong></span> <span class='ocrx_word' id='word_1_608' title='bbox 1111 5026 1236 5066; x_wconf 88' lang='lat' dir='ltr'><strong>cum</strong></span> <span class='ocrx_word' id='word_1_609' title='bbox 1263 5012 1332 5068; x_wconf 88' lang='lat' dir='ltr'><strong>iis</strong></span> <span class='ocrx_word' id='word_1_610' title='bbox 1365 5012 1625 5083; x_wconf 89' lang='lat' dir='ltr'><strong>impetum</strong></span> <span class='ocrx_word' id='word_1_611' title='bbox 1650 5013 1880 5079; x_wconf 80' lang='lat' dir='ltr'><strong>faciens,</strong></span> <span class='ocrx_word' id='word_1_612' title='bbox 1905 5015 2040 5070; x_wconf 87' lang='lat' dir='ltr'><strong>illis-</strong></span> 
     </span>
    </p>
   </div>
   <div class='ocr_carea' id='block_1_84' title="bbox 478 5100 2042 5177">
    <p class='ocr_par' dir='ltr' id='par_1_84' title="bbox 478 5100 2042 5177">
     <span class='ocr_line' id='line_1_84' title="bbox 478 5100 2042 5177; baseline 0.007 -25"><span class='ocrx_word' id='word_1_613' title='bbox 478 5114 587 5168; x_wconf 89' lang='lat' dir='ltr'><strong>que</strong></span> <span class='ocrx_word' id='word_1_614' title='bbox 618 5100 1083 5156; x_wconf 88' lang='lat' dir='ltr'><strong>commilitonibus</strong></span> <span class='ocrx_word' id='word_1_615' title='bbox 1115 5119 1248 5158; x_wconf 90' lang='lat' dir='ltr'><strong>usus</strong></span> <span class='ocrx_word' id='word_1_616' title='bbox 1273 5112 1455 5158; x_wconf 89' lang='lat' dir='ltr'><strong>castra</strong></span> <span class='ocrx_word' id='word_1_617' title='bbox 1481 5105 1705 5175; x_wconf 90' lang='lat' dir='ltr'><strong>posuit:</strong></span> <span class='ocrx_word' id='word_1_618' title='bbox 1740 5120 2042 5177; x_wconf 90' lang='lat' dir='ltr'><strong>omnesque</strong></span> 
     </span>
    </p>
   </div>
   <div class='ocr_carea' id='block_1_85' title="bbox 482 5187 2036 5267">
    <p class='ocr_par' dir='ltr' id='par_1_85' title="bbox 482 5187 2036 5267">
     <span class='ocr_line' id='line_1_85' title="bbox 482 5187 2036 5267; baseline 0.006 -24"><span class='ocrx_word' id='word_1_619' title='bbox 482 5187 724 5260; x_wconf 69' lang='lat' dir='ltr'><strong>praedicti</strong></span> <span class='ocrx_word' id='word_1_620' title='bbox 759 5192 922 5246; x_wconf 89' lang='lat' dir='ltr'><strong>simul</strong></span> <span class='ocrx_word' id='word_1_621' title='bbox 962 5192 1094 5261; x_wconf 83' lang='lat' dir='ltr'><strong>facti</strong></span> <span class='ocrx_word' id='word_1_622' title='bbox 1141 5205 1261 5248; x_wconf 85' lang='lat' dir='ltr'><strong>sunt</strong></span> <span class='ocrx_word' id='word_1_623' title='bbox 1290 5195 1344 5249; x_wconf 87' lang='lat' dir='ltr'><strong>in</strong></span> <span class='ocrx_word' id='word_1_624' title='bbox 1381 5196 1712 5266; x_wconf 79' lang='lat' dir='ltr'><strong>adjutorium</strong></span> <span class='ocrx_word' id='word_1_625' title='bbox 1752 5197 1882 5267; x_wconf 81' lang='lat' dir='ltr'><strong>ﬁliis</strong></span> <span class='ocrx_word' id='word_1_626' title='bbox 1916 5198 2036 5252; x_wconf 87' lang='lat' dir='ltr'><strong>Lot.</strong></span> 
     </span>
    </p>
   </div>
   <div class='ocr_carea' id='block_1_86' title="bbox 477 5278 2042 5360">
    <p class='ocr_par' dir='ltr' id='par_1_86' title="bbox 477 5278 2042 5360">
     <span class='ocr_line' id='line_1_86' title="bbox 477 5278 2042 5360; baseline 0.008 -29"><span class='ocrx_word' id='word_1_627' title='bbox 477 5278 585 5333; x_wconf 79' lang='lat' dir='ltr'><strong>l‘ro</strong></span> <span class='ocrx_word' id='word_1_628' title='bbox 611 5295 722 5350; x_wconf 91' lang='lat' dir='ltr'><strong>quo</strong></span> <span class='ocrx_word' id='word_1_629' title='bbox 773 5281 1002 5352; x_wconf 88' lang='lat' dir='ltr'><strong>Aquila,</strong></span> <span class='ocrx_word' id='word_1_630' title='bbox 1064 5282 1222 5338; x_wconf 84' lang='lat' dir='ltr'><strong>Facti</strong></span> <span class='ocrx_word' id='word_1_631' title='bbox 1255 5295 1408 5351; x_wconf 88' lang='lat' dir='ltr'><strong>sunt,</strong></span> <span class='ocrx_word' id='word_1_632' title='bbox 1439 5288 1644 5358; x_wconf 92' lang='lat' dir='ltr'><strong>inquit,</strong></span> <span class='ocrx_word' id='word_1_633' title='bbox 1673 5287 1946 5343; x_wconf 83' lang='lat' dir='ltr'><strong>brachium</strong></span> <span class='ocrx_word' id='word_1_634' title='bbox 1974 5291 2042 5360; x_wconf 76' lang='lat' dir='ltr'><strong>ﬁ-</strong></span> 
     </span>
    </p>
   </div>
   <div class='ocr_carea' id='block_1_87' title="bbox 417 5369 2042 5444">
    <p class='ocr_par' dir='ltr' id='par_1_87' title="bbox 417 5369 2042 5444">
     <span class='ocr_line' id='line_1_87' title="bbox 417 5369 2042 5444; baseline 0.008 -20"><span class='ocrx_word' id='word_1_635' title='bbox 417 5418 422 5424; x_wconf 94' lang='lat'><strong>.</strong></span> <span class='ocrx_word' id='word_1_636' title='bbox 479 5371 566 5423; x_wconf 86' lang='lat' dir='ltr'><strong>liis</strong></span> <span class='ocrx_word' id='word_1_637' title='bbox 600 5369 743 5436; x_wconf 87' lang='lat' dir='ltr'><strong>Lot;</strong></span> <span class='ocrx_word' id='word_1_638' title='bbox 775 5372 1135 5444; x_wconf 88' lang='lat' dir='ltr'><strong>Symmachus</strong></span> <span class='ocrx_word' id='word_1_639' title='bbox 1161 5393 1321 5444; x_wconf 90' lang='lat' dir='ltr'><strong>vero,</strong></span> <span class='ocrx_word' id='word_1_640' title='bbox 1365 5377 1524 5433; x_wconf 85' lang='lat' dir='ltr'><strong>Facti</strong></span> <span class='ocrx_word' id='word_1_641' title='bbox 1564 5389 1686 5434; x_wconf 86' lang='lat' dir='ltr'><strong>sunt</strong></span> <span class='ocrx_word' id='word_1_642' title='bbox 1723 5382 2042 5437; x_wconf 82' lang='lat' dir='ltr'><strong>commilito-</strong></span> 
     </span>
    </p>
   </div>
   <div class='ocr_carea' id='block_1_88' title="bbox 411 5451 2042 5530">
    <p class='ocr_par' dir='ltr' id='par_1_88' title="bbox 411 5451 2042 5530">
     <span class='ocr_line' id='line_1_88' title="bbox 411 5451 2042 5530; baseline 0.013 -21"><span class='ocrx_word' id='word_1_643' title='bbox 411 5451 416 5457; x_wconf 84' lang='grc'><em>’</em></span> <span class='ocrx_word' id='word_1_644' title='bbox 479 5473 569 5512; x_wconf 83' lang='lat' dir='ltr'><strong>nes</strong></span> <span class='ocrx_word' id='word_1_645' title='bbox 597 5460 726 5529; x_wconf 78' lang='lat' dir='ltr'><strong>ﬁliis</strong></span> <span class='ocrx_word' id='word_1_646' title='bbox 759 5459 878 5516; x_wconf 86' lang='lat' dir='ltr'><strong>Lat.</strong></span> <span class='ocrx_word' id='word_1_647' title='bbox 925 5461 1050 5518; x_wconf 83' lang='lat' dir='ltr'><strong>Filii</strong></span> <span class='ocrx_word' id='word_1_648' title='bbox 1091 5474 1274 5522; x_wconf 82' lang='lat' dir='ltr'><strong>autem</strong></span> <span class='ocrx_word' id='word_1_649' title='bbox 1318 5466 1420 5522; x_wconf 88' lang='lat' dir='ltr'><strong>Lot</strong></span> <span class='ocrx_word' id='word_1_650' title='bbox 1451 5476 1607 5524; x_wconf 85' lang='lat' dir='ltr'><strong>erant</strong></span> <span class='ocrx_word' id='word_1_651' title='bbox 1633 5468 1958 5529; x_wconf 71' lang='lat' dir='ltr'><strong>Ammanitae</strong></span> <span class='ocrx_word' id='word_1_652' title='bbox 1987 5479 2042 5530; x_wconf 90' lang='lat' dir='ltr'><strong>et</strong></span> 
     </span>
    </p>
   </div>
   <div class='ocr_carea' id='block_1_89' title="bbox 555 5700 1100 5777">
    <p class='ocr_par' dir='ltr' id='par_1_89' title="bbox 555 5700 1100 5777">
     <span class='ocr_line' id='line_1_89' title="bbox 555 5700 1100 5777; baseline 0.017 -21"><span class='ocrx_word' id='word_1_653' title='bbox 555 5703 600 5736; x_wconf 74' lang='lat'>“</span> <span class='ocrx_word' id='word_1_654' title='bbox 635 5700 781 5759; x_wconf 86' lang='lat' dir='ltr'><strong>Psal.</strong></span> <span class='ocrx_word' id='word_1_655' title='bbox 817 5720 978 5777; x_wconf 76' lang='lat' dir='ltr'><strong>Lux,</strong></span> <span class='ocrx_word' id='word_1_656' title='bbox 1014 5710 1100 5765; x_wconf 73' lang='grc'><strong>12.</strong></span> 
     </span>
    </p>
   </div>
   <div class='ocr_carea' id='block_1_90' title="bbox 2148 3287 3664 3360">
    <p class='ocr_par' dir='ltr' id='par_1_90' title="bbox 2148 3287 3664 3360">
     <span class='ocr_line' id='line_1_90' title="bbox 2148 3287 3664 3360; baseline -0.006 -16"><span class='ocrx_word' id='word_1_657' title='bbox 2148 3291 2210 3344; x_wconf 79' lang='grc' dir='ltr'>τὸ</span> <span class='ocrx_word' id='word_1_658' title='bbox 2257 3291 2472 3344; x_wconf 73' lang='grc' dir='ltr'>πάντων</span> <span class='ocrx_word' id='word_1_659' title='bbox 2524 3288 2750 3342; x_wconf 75' lang='grc' dir='ltr'>ὕστατον</span> <span class='ocrx_word' id='word_1_660' title='bbox 2785 3288 2889 3341; x_wconf 80' lang='grc' dir='ltr'><strong>ὑπὸ</strong></span> <span class='ocrx_word' id='word_1_661' title='bbox 2927 3288 3211 3358; x_wconf 69' lang='grc' dir='ltr'>Ῥωμαίων</span> <span class='ocrx_word' id='word_1_662' title='bbox 3271 3288 3411 3360; x_wconf 85' lang='grc' dir='ltr'><strong>μετά</strong></span> <span class='ocrx_word' id='word_1_663' title='bbox 3451 3289 3537 3359; x_wconf 82' lang='grc' dir='ltr'><strong>τὴν</strong></span> <span class='ocrx_word' id='word_1_664' title='bbox 3568 3287 3664 3339; x_wconf 76' lang='grc' dir='ltr'><strong>κατὰ</strong></span> 
     </span>
    </p>
   </div>
   <div class='ocr_carea' id='block_1_91' title="bbox 2148 3375 3662 3451">
    <p class='ocr_par' dir='ltr' id='par_1_91' title="bbox 2148 3375 3662 3451">
     <span class='ocr_line' id='line_1_91' title="bbox 2148 3375 3662 3451; baseline -0.005 -18"><span class='ocrx_word' id='word_1_665' title='bbox 2148 3379 2242 3434; x_wconf 79' lang='grc' dir='ltr'>τοῦ</span> <span class='ocrx_word' id='word_1_666' title='bbox 2293 3379 2544 3451; x_wconf 80' lang='grc' dir='ltr'>Σωτῆρος</span> <span class='ocrx_word' id='word_1_667' title='bbox 2575 3378 2734 3450; x_wconf 84' lang='grc' dir='ltr'>ἡμῶν</span> <span class='ocrx_word' id='word_1_668' title='bbox 2770 3377 2994 3449; x_wconf 87' lang='grc' dir='ltr'>τόλμαν.</span> <span class='ocrx_word' id='word_1_669' title='bbox 3032 3377 3275 3442; x_wconf 84' lang='grc' dir='ltr'>Εἰκότως</span> <span class='ocrx_word' id='word_1_670' title='bbox 3323 3382 3387 3447; x_wconf 84' lang='grc' dir='ltr'>τῇ</span> <span class='ocrx_word' id='word_1_671' title='bbox 3425 3375 3662 3448; x_wconf 73' lang='grc' dir='ltr'>προγνώσει</span> 
     </span>
    </p>
   </div>
   <div class='ocr_carea' id='block_1_92' title="bbox 2147 3467 3660 3541">
    <p class='ocr_par' dir='ltr' id='par_1_92' title="bbox 2147 3467 3660 3541">
     <span class='ocr_line' id='line_1_92' title="bbox 2147 3467 3660 3541; baseline -0.003 -17"><span class='ocrx_word' id='word_1_672' title='bbox 2147 3471 2241 3524; x_wconf 78' lang='grc' dir='ltr'>τοῦ</span> <span class='ocrx_word' id='word_1_673' title='bbox 2293 3469 2608 3541; x_wconf 87' lang='grc' dir='ltr'>Πνεύματος</span> <span class='ocrx_word' id='word_1_674' title='bbox 2657 3467 2756 3532; x_wconf 85' lang='grc' dir='ltr'>τὰς</span> <span class='ocrx_word' id='word_1_675' title='bbox 2807 3471 2954 3540; x_wconf 84' lang='grc' dir='ltr'>τρεῖς</span> <span class='ocrx_word' id='word_1_676' title='bbox 2993 3468 3195 3532; x_wconf 88' lang='grc' dir='ltr'>ταύτας</span> <span class='ocrx_word' id='word_1_677' title='bbox 3237 3469 3268 3520; x_wconf 84' lang='grc' dir='ltr'>ὁ</span> <span class='ocrx_word' id='word_1_678' title='bbox 3318 3469 3476 3530; x_wconf 80' lang='grc' dir='ltr'>αὐτὸς</span> <span class='ocrx_word' id='word_1_679' title='bbox 3504 3467 3660 3538; x_wconf 71' lang='grc' dir='ltr'>προφή-</span> 
     </span>
    </p>
   </div>
   <div class='ocr_carea' id='block_1_93' title="bbox 2146 3555 3661 3633">
    <p class='ocr_par' dir='ltr' id='par_1_93' title="bbox 2146 3555 3661 3633">
     <span class='ocr_line' id='line_1_93' title="bbox 2146 3555 3661 3633; baseline -0.008 -18"><span class='ocrx_word' id='word_1_680' title='bbox 2146 3579 2248 3632; x_wconf 87' lang='grc' dir='ltr'><strong>της</strong></span> <span class='ocrx_word' id='word_1_681' title='bbox 2295 3562 2675 3633; x_wconf 83' lang='grc' dir='ltr'>προαναφωνεῖ</span> <span class='ocrx_word' id='word_1_682' title='bbox 2719 3559 3064 3631; x_wconf 85' lang='grc' dir='ltr'>πολιορκίας·</span> <span class='ocrx_word' id='word_1_683' title='bbox 3114 3561 3171 3612; x_wconf 83' lang='grc' dir='ltr'><strong>ὲν</strong></span> <span class='ocrx_word' id='word_1_684' title='bbox 3228 3561 3334 3630; x_wconf 78' lang='grc' dir='ltr'>μὲν</span> <span class='ocrx_word' id='word_1_685' title='bbox 3383 3559 3458 3630; x_wconf 80' lang='grc' dir='ltr'>τῷ</span> <span class='ocrx_word' id='word_1_686' title='bbox 3499 3566 3563 3626; x_wconf 58' lang='lat' dir='ltr'><strong>of</strong></span> <span class='ocrx_word' id='word_1_687' title='bbox 3597 3555 3661 3623; x_wconf 72' lang='grc' dir='ltr'>τὴν</span> 
     </span>
    </p>
   </div>
   <div class='ocr_carea' id='block_1_94' title="bbox 2149 3651 3660 3723">
    <p class='ocr_par' dir='ltr' id='par_1_94' title="bbox 2149 3651 3660 3723">
     <span class='ocr_line' id='line_1_94' title="bbox 2149 3651 3660 3723; baseline 0 -17"><span class='ocrx_word' id='word_1_688' title='bbox 2149 3653 2386 3723; x_wconf 79' lang='grc' dir='ltr'>ὑστάτην</span> <span class='ocrx_word' id='word_1_689' title='bbox 2439 3652 2738 3723; x_wconf 87' lang='grc' dir='ltr'>σημαίνων,</span> <span class='ocrx_word' id='word_1_690' title='bbox 2797 3651 2872 3714; x_wconf 85' lang='grc' dir='ltr'><strong>ώς</strong></span> <span class='ocrx_word' id='word_1_691' title='bbox 2914 3651 3057 3704; x_wconf 86' lang='grc' dir='ltr'>κατὰ</span> <span class='ocrx_word' id='word_1_692' title='bbox 3083 3651 3208 3715; x_wconf 83' lang='grc' dir='ltr'>τοὺς</span> <span class='ocrx_word' id='word_1_693' title='bbox 3259 3651 3494 3713; x_wconf 80' lang='grc' dir='ltr'>οἰκείους</span> <span class='ocrx_word' id='word_1_694' title='bbox 3519 3651 3660 3706; x_wconf 69' lang='grc' dir='ltr'>τόπους</span> 
     </span>
    </p>
   </div>
   <div class='ocr_carea' id='block_1_95' title="bbox 2149 3736 3658 3815">
    <p class='ocr_par' dir='ltr' id='par_1_95' title="bbox 2149 3736 3658 3815">
     <span class='ocr_line' id='line_1_95' title="bbox 2149 3736 3658 3815; baseline -0.005 -19"><span class='ocrx_word' id='word_1_695' title='bbox 2149 3743 2575 3815; x_wconf 81' lang='grc' dir='ltr'>παρεστήκαμεν</span> <span class='ocrx_word' id='word_1_696' title='bbox 2599 3758 2613 3772; x_wconf 89' lang='grc'><strong>·</strong></span> <span class='ocrx_word' id='word_1_697' title='bbox 2654 3743 2711 3794; x_wconf 83' lang='grc' dir='ltr'>ὲν</span> <span class='ocrx_word' id='word_1_698' title='bbox 2739 3741 2796 3794; x_wconf 83' lang='grc' dir='ltr'>δὲ</span> <span class='ocrx_word' id='word_1_699' title='bbox 2817 3741 2894 3811; x_wconf 84' lang='grc' dir='ltr'>τῷ</span> <span class='ocrx_word' id='word_1_700' title='bbox 2921 3748 3000 3812; x_wconf 82' lang='grc' dir='ltr'>οη⁰</span> <span class='ocrx_word' id='word_1_701' title='bbox 3041 3741 3138 3812; x_wconf 79' lang='grc' dir='ltr'>τὴν</span> <span class='ocrx_word' id='word_1_702' title='bbox 3185 3742 3282 3794; x_wconf 69' lang='grc' dir='ltr'>ἐπὶ</span> <span class='ocrx_word' id='word_1_703' title='bbox 3324 3742 3568 3810; x_wconf 79' lang='grc' dir='ltr'>Ἀντιόχου</span> <span class='ocrx_word' id='word_1_704' title='bbox 3597 3736 3658 3788; x_wconf 76' lang='grc' dir='ltr'>τοῦ</span> 
     </span>
    </p>
   </div>
   <div class='ocr_carea' id='block_1_96' title="bbox 2149 3832 3656 3906">
    <p class='ocr_par' dir='ltr' id='par_1_96' title="bbox 2149 3832 3656 3906">
     <span class='ocr_line' id='line_1_96' title="bbox 2149 3832 3656 3906; baseline -0.005 -19"><span class='ocrx_word' id='word_1_705' title='bbox 2149 3834 2343 3906; x_wconf 86' lang='grc' dir='ltr'>Σύρου,</span> <span class='ocrx_word' id='word_1_706' title='bbox 2390 3832 2573 3897; x_wconf 85' lang='grc' dir='ltr'>καθὼς</span> <span class='ocrx_word' id='word_1_707' title='bbox 2622 3832 3032 3887; x_wconf 83' lang='grc' dir='ltr'>ἀποδέδεικται·</span> <span class='ocrx_word' id='word_1_708' title='bbox 3061 3835 3120 3885; x_wconf 82' lang='grc' dir='ltr'>ὲν</span> <span class='ocrx_word' id='word_1_709' title='bbox 3158 3832 3216 3886; x_wconf 87' lang='grc' dir='ltr'>δὲ</span> <span class='ocrx_word' id='word_1_710' title='bbox 3245 3833 3325 3903; x_wconf 84' lang='grc' dir='ltr'><strong>τῷ</strong></span> <span class='ocrx_word' id='word_1_711' title='bbox 3363 3832 3494 3901; x_wconf 80' lang='grc' dir='ltr'>μετὰ</span> <span class='ocrx_word' id='word_1_712' title='bbox 3526 3834 3656 3901; x_wconf 73' lang='grc' dir='ltr'>χεῖρας</span> 
     </span>
    </p>
   </div>
   <div class='ocr_carea' id='block_1_97' title="bbox 2147 3923 3655 3998">
    <p class='ocr_par' dir='ltr' id='par_1_97' title="bbox 2147 3923 3655 3998">
     <span class='ocr_line' id='line_1_97' title="bbox 2147 3923 3655 3998; baseline -0.006 -19"><span class='ocrx_word' id='word_1_713' title='bbox 2147 3927 2247 3997; x_wconf 83' lang='grc' dir='ltr'>τῆς</span> <span class='ocrx_word' id='word_1_714' title='bbox 2279 3925 2500 3998; x_wconf 84' lang='grc' dir='ltr'>πρώτης</span> <span class='ocrx_word' id='word_1_715' title='bbox 2545 3926 2836 3996; x_wconf 81' lang='grc' dir='ltr'>μέμνηται,</span> <span class='ocrx_word' id='word_1_716' title='bbox 2886 3925 3028 3994; x_wconf 82' lang='grc' dir='ltr'>λέγω</span> <span class='ocrx_word' id='word_1_717' title='bbox 3058 3925 3116 3978; x_wconf 87' lang='grc' dir='ltr'>δὲ</span> <span class='ocrx_word' id='word_1_718' title='bbox 3147 3926 3248 3995; x_wconf 85' lang='grc' dir='ltr'>τῆς</span> <span class='ocrx_word' id='word_1_719' title='bbox 3299 3924 3588 3996; x_wconf 86' lang='grc' dir='ltr'>Ἀσσυρίων,</span> <span class='ocrx_word' id='word_1_720' title='bbox 3613 3923 3655 3990; x_wconf 70' lang='grc' dir='ltr'>ἦν</span> 
     </span>
    </p>
   </div>
   <div class='ocr_carea' id='block_1_98' title="bbox 2149 4014 3655 4089">
    <p class='ocr_par' dir='ltr' id='par_1_98' title="bbox 2149 4014 3655 4089">
     <span class='ocr_line' id='line_1_98' title="bbox 2149 4014 3655 4089; baseline 0 -19"><span class='ocrx_word' id='word_1_721' title='bbox 2149 4016 2243 4070; x_wconf 68' lang='grc' dir='ltr'><strong>καὶ</strong></span> <span class='ocrx_word' id='word_1_722' title='bbox 2268 4017 2297 4068; x_wconf 86' lang='grc' dir='ltr'>ὁ</span> <span class='ocrx_word' id='word_1_723' title='bbox 2341 4016 2416 4069; x_wconf 79' lang='grc' dir='ltr'>σθ’</span> <span class='ocrx_word' id='word_1_724' title='bbox 2467 4017 2741 4082; x_wconf 76' lang='grc' dir='ltr'>ἐθέσπισε,</span> <span class='ocrx_word' id='word_1_725' title='bbox 2770 4017 2862 4070; x_wconf 83' lang='grc' dir='ltr'>τὸν</span> <span class='ocrx_word' id='word_1_726' title='bbox 2911 4016 3240 4089; x_wconf 71' lang='grc' dir='ltr'>ἐμπρησμὸν</span> <span class='ocrx_word' id='word_1_727' title='bbox 3275 4015 3373 4070; x_wconf 79' lang='grc' dir='ltr'>τοῦ</span> <span class='ocrx_word' id='word_1_728' title='bbox 3405 4014 3655 4086; x_wconf 76' lang='grc' dir='ltr'>ἀμπελῶνος</span> 
     </span>
    </p>
   </div>
   <div class='ocr_carea' id='block_1_99' title="bbox 2150 4093 3654 4180">
    <p class='ocr_par' dir='ltr' id='par_1_99' title="bbox 2150 4093 3654 4180">
     <span class='ocr_line' id='line_1_99' title="bbox 2150 4093 3654 4180; baseline -0.003 -20"><span class='ocrx_word' id='word_1_729' title='bbox 2150 4106 2243 4160; x_wconf 73' lang='grc' dir='ltr'>καὶ</span> <span class='ocrx_word' id='word_1_730' title='bbox 2261 4105 2356 4177; x_wconf 82' lang='grc' dir='ltr'>τὴν</span> <span class='ocrx_word' id='word_1_731' title='bbox 2383 4107 2616 4177; x_wconf 73' lang='grc' dir='ltr'>ἐρημίαν</span> <span class='ocrx_word' id='word_1_732' title='bbox 2644 4108 2806 4161; x_wconf 79' lang='grc' dir='ltr'>αὐτοῦ</span> <span class='ocrx_word' id='word_1_733' title='bbox 2831 4110 3099 4180; x_wconf 85' lang='grc' dir='ltr'>σημήνας.</span> <span class='ocrx_word' id='word_1_734' title='bbox 3132 4093 3290 4161; x_wconf 79' lang='grc' dir='ltr'>Ἔστι</span> <span class='ocrx_word' id='word_1_735' title='bbox 3311 4109 3356 4160; x_wconf 84' lang='grc' dir='ltr'>δ’</span> <span class='ocrx_word' id='word_1_736' title='bbox 3375 4104 3464 4161; x_wconf 80' lang='grc' dir='ltr'>οὖν</span> <span class='ocrx_word' id='word_1_737' title='bbox 3490 4107 3564 4159; x_wconf 77' lang='grc' dir='ltr'><strong>καὶ</strong></span> <span class='ocrx_word' id='word_1_738' title='bbox 3583 4102 3654 4155; x_wconf 72' lang='grc' dir='ltr'><strong>ἀπὸ</strong></span> 
     </span>
    </p>
   </div>
   <div class='ocr_carea' id='block_1_100' title="bbox 2148 4195 3653 4270">
    <p class='ocr_par' dir='ltr' id='par_1_100' title="bbox 2148 4195 3653 4270">
     <span class='ocr_line' id='line_1_100' title="bbox 2148 4195 3653 4270; baseline -0.017 -2"><span class='ocrx_word' id='word_1_739' title='bbox 2148 4197 2246 4267; x_wconf 70' lang='grc' dir='ltr'><strong>τῆς</strong></span> <span class='ocrx_word' id='word_1_740' title='bbox 2299 4198 2540 4269; x_wconf 68' lang='grc' dir='ltr'>ἱστορίας</span> <span class='ocrx_word' id='word_1_741' title='bbox 2593 4199 2802 4270; x_wconf 87' lang='grc' dir='ltr'>μαθεῖν,</span> <span class='ocrx_word' id='word_1_742' title='bbox 2855 4200 2958 4254; x_wconf 83' lang='grc' dir='ltr'>ὅσα</span> <span class='ocrx_word' id='word_1_743' title='bbox 3002 4200 3143 4254; x_wconf 83' lang='grc' dir='ltr'>κατὰ</span> <span class='ocrx_word' id='word_1_744' title='bbox 3182 4200 3247 4254; x_wconf 83' lang='grc' dir='ltr'>τὺ</span> <span class='ocrx_word' id='word_1_745' title='bbox 3290 4198 3422 4254; x_wconf 84' lang='grc' dir='ltr'>αὐτὸ</span> <span class='ocrx_word' id='word_1_746' title='bbox 3459 4195 3653 4266; x_wconf 73' lang='grc' dir='ltr'>συνῆλθον</span> 
     </span>
    </p>
   </div>
   <div class='ocr_carea' id='block_1_101' title="bbox 2149 4287 3651 4364">
    <p class='ocr_par' dir='ltr' id='par_1_101' title="bbox 2149 4287 3651 4364">
     <span class='ocr_line' id='line_1_101' title="bbox 2149 4287 3651 4364; baseline -0.002 -24"><span class='ocrx_word' id='word_1_747' title='bbox 2149 4287 2276 4360; x_wconf 72' lang='grc' dir='ltr'>ἔθνη</span> <span class='ocrx_word' id='word_1_748' title='bbox 2306 4289 2448 4342; x_wconf 85' lang='grc' dir='ltr'>κατὰ</span> <span class='ocrx_word' id='word_1_749' title='bbox 2470 4289 2564 4343; x_wconf 81' lang='grc' dir='ltr'>τοῦ</span> <span class='ocrx_word' id='word_1_750' title='bbox 2597 4291 2863 4346; x_wconf 83' lang='grc' dir='ltr'>Ἰουδαίων</span> <span class='ocrx_word' id='word_1_751' title='bbox 2889 4293 3017 4346; x_wconf 80' lang='grc' dir='ltr'>λαοῦ</span> <span class='ocrx_word' id='word_1_752' title='bbox 3051 4294 3106 4347; x_wconf 79' lang='grc' dir='ltr'>ὲν</span> <span class='ocrx_word' id='word_1_753' title='bbox 3129 4295 3192 4364; x_wconf 86' lang='grc' dir='ltr'>τῇ</span> <span class='ocrx_word' id='word_1_754' title='bbox 3226 4293 3414 4364; x_wconf 82' lang='grc' dir='ltr'>πρώτῃ</span> <span class='ocrx_word' id='word_1_755' title='bbox 3445 4292 3538 4345; x_wconf 82' lang='grc' dir='ltr'><strong>τῶν</strong></span> <span class='ocrx_word' id='word_1_756' title='bbox 3570 4289 3651 4339; x_wconf 79' lang='grc' dir='ltr'><strong>Ἀσ·</strong></span> 
     </span>
    </p>
   </div>
   <div class='ocr_carea' id='block_1_102' title="bbox 2153 4381 3649 4456">
    <p class='ocr_par' dir='ltr' id='par_1_102' title="bbox 2153 4381 3649 4456">
     <span class='ocr_line' id='line_1_102' title="bbox 2153 4381 3649 4456; baseline -0.005 -21"><span class='ocrx_word' id='word_1_757' title='bbox 2153 4381 2350 4450; x_wconf 87' lang='grc' dir='ltr'>συρίων</span> <span class='ocrx_word' id='word_1_758' title='bbox 2378 4382 2636 4444; x_wconf 84' lang='grc' dir='ltr'>ὲπιθέσει,</span> <span class='ocrx_word' id='word_1_759' title='bbox 2662 4383 2698 4436; x_wconf 77' lang='grc' dir='ltr'>ἃ.</span> <span class='ocrx_word' id='word_1_760' title='bbox 2734 4383 2829 4437; x_wconf 76' lang='grc' dir='ltr'><strong>καὶ</strong></span> <span class='ocrx_word' id='word_1_761' title='bbox 2854 4385 2886 4454; x_wconf 77' lang='grc' dir='ltr'>ἡ</span> <span class='ocrx_word' id='word_1_762' title='bbox 2921 4383 3057 4455; x_wconf 84' lang='grc' dir='ltr'>μετὰ</span> <span class='ocrx_word' id='word_1_763' title='bbox 3090 4388 3280 4456; x_wconf 82' lang='grc' dir='ltr'>χεῖρας</span> <span class='ocrx_word' id='word_1_764' title='bbox 3301 4383 3649 4456; x_wconf 70' lang='grc' dir='ltr'>καταριθμεῖται</span> 
     </span>
    </p>
   </div>
   <div class='ocr_carea' id='block_1_103' title="bbox 2151 4467 3648 4549">
    <p class='ocr_par' dir='ltr' id='par_1_103' title="bbox 2151 4467 3648 4549">
     <span class='ocr_line' id='line_1_103' title="bbox 2151 4467 3648 4549; baseline -0.006 -20"><span class='ocrx_word' id='word_1_765' title='bbox 2151 4474 2452 4544; x_wconf 85' lang='grc' dir='ltr'>προφητεία</span> <span class='ocrx_word' id='word_1_766' title='bbox 2470 4491 2484 4504; x_wconf 73' lang='grc' dir='ltr'><strong><em>ο</em></strong></span> <span class='ocrx_word' id='word_1_767' title='bbox 2515 4473 2763 4546; x_wconf 85' lang='grc' dir='ltr'>πρώτους</span> <span class='ocrx_word' id='word_1_768' title='bbox 2816 4476 3146 4548; x_wconf 86' lang='grc' dir='ltr'>Ἰδουμαίους</span> <span class='ocrx_word' id='word_1_769' title='bbox 3204 4477 3544 4549; x_wconf 76' lang='grc' dir='ltr'>ὀνομάζουσα,</span> <span class='ocrx_word' id='word_1_770' title='bbox 3570 4467 3648 4523; x_wconf 70' lang='grc' dir='ltr'>εἶτα</span> 
     </span>
    </p>
   </div>
   <div class='ocr_carea' id='block_1_104' title="bbox 2162 4563 3647 4638">
    <p class='ocr_par' dir='ltr' id='par_1_104' title="bbox 2162 4563 3647 4638">
     <span class='ocr_line' id='line_1_104' title="bbox 2162 4563 3647 4638; baseline 0.005 -23"><span class='ocrx_word' id='word_1_771' title='bbox 2162 4563 2526 4635; x_wconf 82' lang='grc' dir='ltr'>Ἰσμαηλίτας,</span> <span class='ocrx_word' id='word_1_772' title='bbox 2561 4567 2654 4618; x_wconf 74' lang='grc' dir='ltr'>καὶ</span> <span class='ocrx_word' id='word_1_773' title='bbox 2691 4568 2906 4638; x_wconf 87' lang='grc' dir='ltr'>τρίτους</span> <span class='ocrx_word' id='word_1_774' title='bbox 2946 4569 3261 4633; x_wconf 87' lang='grc' dir='ltr'>Μωαϐίτας,</span> <span class='ocrx_word' id='word_1_775' title='bbox 3296 4569 3388 4622; x_wconf 72' lang='grc' dir='ltr'><strong>καὶ</strong></span> <span class='ocrx_word' id='word_1_776' title='bbox 3423 4567 3647 4636; x_wconf 76' lang='grc' dir='ltr'>τετάρτους</span> 
     </span>
    </p>
   </div>
   <div class='ocr_carea' id='block_1_105' title="bbox 2163 4653 3645 4730">
    <p class='ocr_par' dir='ltr' id='par_1_105' title="bbox 2163 4653 3645 4730">
     <span class='ocr_line' id='line_1_105' title="bbox 2163 4653 3645 4730; baseline 0.004 -25"><span class='ocrx_word' id='word_1_777' title='bbox 2163 4653 2512 4726; x_wconf 81' lang='grc' dir='ltr'>Ἀγαρηνοὺς,</span> <span class='ocrx_word' id='word_1_778' title='bbox 2552 4653 2670 4709; x_wconf 81' lang='grc' dir='ltr'>εἶτα</span> <span class='ocrx_word' id='word_1_779' title='bbox 2700 4657 3060 4729; x_wconf 85' lang='grc' dir='ltr'>Γεϐαληνοὺς,</span> <span class='ocrx_word' id='word_1_780' title='bbox 3089 4660 3182 4713; x_wconf 75' lang='grc' dir='ltr'>καὶ</span> <span class='ocrx_word' id='word_1_781' title='bbox 3228 4660 3558 4730; x_wconf 82' lang='grc' dir='ltr'>Ἀμμανίτας,</span> <span class='ocrx_word' id='word_1_782' title='bbox 3584 4653 3645 4704; x_wconf 65' lang='grc' dir='ltr'><strong>καὶ</strong></span> 
     </span>
    </p>
   </div>
   <div class='ocr_carea' id='block_1_106' title="bbox 2161 4743 3641 4820">
    <p class='ocr_par' dir='ltr' id='par_1_106' title="bbox 2161 4743 3641 4820">
     <span class='ocr_line' id='line_1_106' title="bbox 2161 4743 3641 4820; baseline 0.005 -23"><span class='ocrx_word' id='word_1_783' title='bbox 2161 4743 2547 4817; x_wconf 85' lang='grc' dir='ltr'>Ἀμαληκίτας.</span> <span class='ocrx_word' id='word_1_784' title='bbox 2581 4747 2688 4800; x_wconf 74' lang='lat' dir='ltr'><strong>Kal.</strong></span> <span class='ocrx_word' id='word_1_785' title='bbox 2733 4749 2824 4800; x_wconf 78' lang='grc' dir='ltr'><strong>ἐπὶ</strong></span> <span class='ocrx_word' id='word_1_786' title='bbox 2870 4748 3097 4816; x_wconf 84' lang='grc' dir='ltr'>τούτοις,</span> <span class='ocrx_word' id='word_1_787' title='bbox 3141 4751 3496 4820; x_wconf 62' lang='grc' dir='ltr'>Ἀλλόέςυλοι,</span> <span class='ocrx_word' id='word_1_788' title='bbox 3538 4745 3641 4814; x_wconf 62' lang='grc' dir='ltr'>φηπῖν</span> 
     </span>
    </p>
   </div>
   <div class='ocr_carea' id='block_1_107' title="bbox 2143 4835 3641 4907">
    <p class='ocr_par' dir='ltr' id='par_1_107' title="bbox 2143 4835 3641 4907">
     <span class='ocr_line' id='line_1_107' title="bbox 2143 4835 3641 4907; baseline -0.001 -15"><span class='ocrx_word' id='word_1_789' title='bbox 2143 4836 2295 4903; x_wconf 81' lang='grc' dir='ltr'>μετὰ</span> <span class='ocrx_word' id='word_1_790' title='bbox 2313 4835 2432 4891; x_wconf 85' lang='grc' dir='ltr'>τῶν</span> <span class='ocrx_word' id='word_1_791' title='bbox 2450 4839 2882 4893; x_wconf 82' lang='grc' dir='ltr'>κατοικούντων</span> <span class='ocrx_word' id='word_1_792' title='bbox 2903 4841 3106 4907; x_wconf 81' lang='grc' dir='ltr'>Τύρον.</span> <span class='ocrx_word' id='word_1_793' title='bbox 3139 4841 3285 4895; x_wconf 59' lang='grc' dir='ltr'><strong>Ἀντί⁵</strong></span> <span class='ocrx_word' id='word_1_794' title='bbox 3311 4841 3367 4894; x_wconf 81' lang='grc' dir='ltr'>δὲ</span> <span class='ocrx_word' id='word_1_795' title='bbox 3388 4839 3493 4904; x_wconf 82' lang='grc' dir='ltr'>τοῦ,</span> 
     </span>
    </p>
   </div>
   <div class='ocr_carea' id='block_1_108' title="bbox 2149 4924 3743 5002">
    <p class='ocr_par' dir='ltr' id='par_1_108' title="bbox 2149 4924 3743 5002">
     <span class='ocr_line' id='line_1_108' title="bbox 2149 4924 3743 5002; baseline 0.002 -23"><span class='ocrx_word' id='word_1_796' title='bbox 2149 4931 2348 4995; x_wconf 54' lang='lat' dir='ltr'><strong>scalae,</strong></span> <span class='ocrx_word' id='word_1_797' title='bbox 2379 4928 2606 4993; x_wconf 84' lang='grc' dir='ltr'>Ἀκύλας</span> <span class='ocrx_word' id='word_1_798' title='bbox 2622 4929 2713 4982; x_wconf 71' lang='grc' dir='ltr'><strong>καὶ</strong></span> <span class='ocrx_word' id='word_1_799' title='bbox 2729 4929 3041 5002; x_wconf 84' lang='grc' dir='ltr'>Σύμμαχος,</span> <span class='ocrx_word' id='word_1_800' title='bbox 3071 4933 3449 4997; x_wconf 76' lang='grc' dir='ltr'>Φυλισταίαν,</span> <span class='ocrx_word' id='word_1_801' title='bbox 3475 4924 3638 4982; x_wconf 81' lang='grc' dir='ltr'>ὲκδεδὼ-</span> <span class='ocrx_word' id='word_1_802' title='bbox 3741 4937 3743 5002; x_wconf 74' lang='lat' dir='ltr'><strong>i</strong></span> 
     </span>
    </p>
   </div>
   <div class='ocr_carea' id='block_1_109' title="bbox 2149 5017 3636 5096">
    <p class='ocr_par' dir='ltr' id='par_1_109' title="bbox 2149 5017 3636 5096">
     <span class='ocr_line' id='line_1_109' title="bbox 2149 5017 3636 5096; baseline 0.008 -25"><span class='ocrx_word' id='word_1_803' title='bbox 2149 5035 2332 5074; x_wconf 82' lang='grc' dir='ltr'>κασιν’</span> <span class='ocrx_word' id='word_1_804' title='bbox 2359 5018 2478 5084; x_wconf 75' lang='grc' dir='ltr'>ἔθος</span> <span class='ocrx_word' id='word_1_805' title='bbox 2530 5021 2586 5073; x_wconf 88' lang='grc' dir='ltr'>δὲ</span> <span class='ocrx_word' id='word_1_806' title='bbox 2619 5020 2804 5074; x_wconf 81' lang='grc' dir='ltr'>καλεῖν</span> <span class='ocrx_word' id='word_1_807' title='bbox 2855 5023 3031 5094; x_wconf 85' lang='grc' dir='ltr'>τούτῳ</span> <span class='ocrx_word' id='word_1_808' title='bbox 3069 5024 3148 5094; x_wconf 82' lang='grc' dir='ltr'><strong>τῷ</strong></span> <span class='ocrx_word' id='word_1_809' title='bbox 3190 5024 3408 5096; x_wconf 85' lang='grc' dir='ltr'>ὀνόματι</span> <span class='ocrx_word' id='word_1_810' title='bbox 3450 5023 3552 5082; x_wconf 80' lang='grc' dir='ltr'>τοὺς</span> <span class='ocrx_word' id='word_1_811' title='bbox 3571 5017 3636 5084; x_wconf 61' lang='grc' dir='ltr'><strong>τὴν</strong></span> 
     </span>
    </p>
   </div>
   <div class='ocr_carea' id='block_1_110' title="bbox 2149 5106 3634 5186">
    <p class='ocr_par' dir='ltr' id='par_1_110' title="bbox 2149 5106 3634 5186">
     <span class='ocr_line' id='line_1_110' title="bbox 2149 5106 3634 5186; baseline 0 -24"><span class='ocrx_word' id='word_1_812' title='bbox 2149 5108 2325 5173; x_wconf 75' lang='grc' dir='ltr'>Γάζαν</span> <span class='ocrx_word' id='word_1_813' title='bbox 2350 5111 2443 5163; x_wconf 72' lang='grc' dir='ltr'><strong>καὶ</strong></span> <span class='ocrx_word' id='word_1_814' title='bbox 2471 5111 2570 5181; x_wconf 84' lang='grc' dir='ltr'><strong>τὴν</strong></span> <span class='ocrx_word' id='word_1_815' title='bbox 2629 5111 2941 5167; x_wconf 82' lang='grc' dir='ltr'>Ἀσκάλωνα</span> <span class='ocrx_word' id='word_1_816' title='bbox 2968 5115 3061 5168; x_wconf 78' lang='grc' dir='ltr'>καὶ</span> <span class='ocrx_word' id='word_1_817' title='bbox 3093 5115 3193 5186; x_wconf 84' lang='grc' dir='ltr'>τὴν</span> <span class='ocrx_word' id='word_1_818' title='bbox 3233 5114 3457 5186; x_wconf 84' lang='grc' dir='ltr'>πάραλον</span> <span class='ocrx_word' id='word_1_819' title='bbox 3484 5106 3634 5164; x_wconf 65' lang='grc' dir='ltr'>οἰκοῦν</span> 
     </span>
    </p>
   </div>
   <div class='ocr_carea' id='block_1_111' title="bbox 2147 5198 3631 5279">
    <p class='ocr_par' dir='ltr' id='par_1_111' title="bbox 2147 5198 3631 5279">
     <span class='ocr_line' id='line_1_111' title="bbox 2147 5198 3631 5279; baseline -0.003 -25"><span class='ocrx_word' id='word_1_820' title='bbox 2147 5217 2266 5265; x_wconf 87' lang='grc' dir='ltr'>τας.</span> <span class='ocrx_word' id='word_1_821' title='bbox 2295 5203 2404 5256; x_wconf 76' lang='lat' dir='ltr'><strong>Kal.</strong></span> <span class='ocrx_word' id='word_1_822' title='bbox 2447 5198 2593 5258; x_wconf 70' lang='grc' dir='ltr'>οὗτοι</span> <span class='ocrx_word' id='word_1_823' title='bbox 2644 5205 2823 5259; x_wconf 90' lang='grc' dir='ltr'>τοίνυν</span> <span class='ocrx_word' id='word_1_824' title='bbox 2865 5205 3060 5278; x_wconf 77' lang='grc' dir='ltr'>ἐφεξῆς</span> <span class='ocrx_word' id='word_1_825' title='bbox 3093 5210 3141 5260; x_wconf 81' lang='lat' dir='ltr'><strong>oi</strong></span> <span class='ocrx_word' id='word_1_826' title='bbox 3185 5207 3496 5279; x_wconf 85' lang='grc' dir='ltr'>παραλιῶται</span> <span class='ocrx_word' id='word_1_827' title='bbox 3526 5199 3631 5255; x_wconf 68' lang='grc' dir='ltr'>ἀλλά·</span> 
     </span>
    </p>
   </div>
   <div class='ocr_carea' id='block_1_112' title="bbox 2149 5293 3626 5372">
    <p class='ocr_par' dir='ltr' id='par_1_112' title="bbox 2149 5293 3626 5372">
     <span class='ocr_line' id='line_1_112' title="bbox 2149 5293 3626 5372; baseline 0.005 -28"><span class='ocrx_word' id='word_1_828' title='bbox 2149 5293 2303 5362; x_wconf 84' lang='grc' dir='ltr'>φυλοι</span> <span class='ocrx_word' id='word_1_829' title='bbox 2337 5294 2474 5364; x_wconf 84' lang='grc' dir='ltr'>μετὰ</span> <span class='ocrx_word' id='word_1_830' title='bbox 2504 5295 2612 5350; x_wconf 84' lang='grc' dir='ltr'>τῶν</span> <span class='ocrx_word' id='word_1_831' title='bbox 2633 5295 3022 5352; x_wconf 86' lang='grc' dir='ltr'>κατοικούντων</span> <span class='ocrx_word' id='word_1_832' title='bbox 3049 5298 3222 5372; x_wconf 91' lang='grc' dir='ltr'>Τύρον</span> <span class='ocrx_word' id='word_1_833' title='bbox 3247 5299 3495 5360; x_wconf 77' lang='grc' dir='ltr'>ἐπέθεντο,</span> <span class='ocrx_word' id='word_1_834' title='bbox 3522 5293 3626 5364; x_wconf 64' lang='grc' dir='ltr'>φησὶν</span> 
     </span>
    </p>
   </div>
   <div class='ocr_carea' id='block_1_113' title="bbox 2147 5380 3626 5461">
    <p class='ocr_par' dir='ltr' id='par_1_113' title="bbox 2147 5380 3626 5461">
     <span class='ocr_line' id='line_1_113' title="bbox 2147 5380 3626 5461; baseline 0.007 -23"><span class='ocrx_word' id='word_1_835' title='bbox 2147 5384 2289 5439; x_wconf 77' lang='grc' dir='ltr'>κατὰ</span> <span class='ocrx_word' id='word_1_836' title='bbox 2307 5386 2400 5439; x_wconf 80' lang='grc' dir='ltr'>τοῦ</span> <span class='ocrx_word' id='word_1_837' title='bbox 2443 5387 2572 5442; x_wconf 80' lang='grc' dir='ltr'>λαοῦ</span> <span class='ocrx_word' id='word_1_838' title='bbox 2620 5407 2712 5443; x_wconf 93' lang='grc' dir='ltr'><strong>σου</strong></span> <span class='ocrx_word' id='word_1_839' title='bbox 2737 5407 2751 5420; x_wconf 90' lang='grc'><strong>·</strong></span> <span class='ocrx_word' id='word_1_840' title='bbox 2790 5391 2884 5444; x_wconf 75' lang='grc' dir='ltr'><strong>καὶ</strong></span> <span class='ocrx_word' id='word_1_841' title='bbox 2929 5392 3021 5446; x_wconf 77' lang='grc' dir='ltr'><strong>ἐπὶ</strong></span> <span class='ocrx_word' id='word_1_842' title='bbox 3055 5395 3220 5447; x_wconf 81' lang='grc' dir='ltr'>πᾶσιν</span> <span class='ocrx_word' id='word_1_843' title='bbox 3244 5396 3272 5448; x_wconf 84' lang='grc' dir='ltr'><strong>ὸ</strong></span> <span class='ocrx_word' id='word_1_844' title='bbox 3313 5391 3565 5461; x_wconf 71' lang='grc' dir='ltr'>Ἀσσύριος,</span> <span class='ocrx_word' id='word_1_845' title='bbox 3588 5380 3626 5433; x_wconf 55' lang='grc' dir='ltr'><strong>τὸ</strong></span> 
     </span>
    </p>
   </div>
   <div class='ocr_carea' id='block_1_114' title="bbox 2145 5475 3620 5555">
    <p class='ocr_par' dir='ltr' id='par_1_114' title="bbox 2145 5475 3620 5555">
     <span class='ocr_line' id='line_1_114' title="bbox 2145 5475 3620 5555; baseline 0.001 -23"><span class='ocrx_word' id='word_1_846' title='bbox 2145 5475 2210 5547; x_wconf 77' lang='grc' dir='ltr'>δὴ</span> <span class='ocrx_word' id='word_1_847' title='bbox 2241 5478 2533 5548; x_wconf 81' lang='grc' dir='ltr'>κεφάλαιον</span> <span class='ocrx_word' id='word_1_848' title='bbox 2577 5481 2686 5536; x_wconf 85' lang='grc' dir='ltr'>τῶν</span> <span class='ocrx_word' id='word_1_849' title='bbox 2741 5482 2946 5550; x_wconf 85' lang='grc' dir='ltr'>κακῶν,</span> <span class='ocrx_word' id='word_1_850' title='bbox 2983 5485 3080 5539; x_wconf 80' lang='grc' dir='ltr'>σὺν</span> <span class='ocrx_word' id='word_1_851' title='bbox 3111 5482 3314 5549; x_wconf 88' lang='grc' dir='ltr'>τούτοις</span> <span class='ocrx_word' id='word_1_852' title='bbox 3357 5479 3620 5555; x_wconf 63' lang='grc' dir='ltr'>ὁρμώμενος,</span> 
     </span>
    </p>
   </div>
   <div class='ocr_carea' id='block_1_115' title="bbox 3731 4951 3743 6125">
    <p class='ocr_par' dir='ltr' id='par_1_115' title="bbox 3735 5115 3741 5504">
     <span class='ocr_line' id='line_1_115' title="bbox 3739 5115 3741 5247; baseline 0 0"><span class='ocrx_word' id='word_1_853' title='bbox 3739 5115 3741 5247; x_wconf 83' lang='grc' dir='ltr'><strong>ι</strong></span> 
     </span>
     <span class='ocr_line' id='line_1_116' title="bbox 3735 5291 3739 5504; baseline 0 -6"><span class='ocrx_word' id='word_1_854' title='bbox 3735 5291 3739 5488; x_wconf 78' lang='grc' dir='ltr'><strong>Ι</strong></span> 
     </span>
    </p>
   </div>
  </div>
