3798 6282
176 313 267 367 997
1280 304 1727 361 COMMENTARI

1832 304 1888 359 IN
1926 303 2048 361 PSA
2060 306 2265 364 LMOS.

3281 311 3388 369 998

175 431 259 485 καὶ
310 424 506 488 τούτοις
568 424 874 494 συμμάχοις
926 422 1224 493 χρώμενος,
1274 422 1370 493 τὴν
1414 423 1715 495 παράταξιν

1832 423 2069 479 Moabitae
2095 440 2107 476 :
2143 440 2269 479 nam
2302 424 2358 478 hi
2390 424 2500 479 duo
2529 425 2621 479 lilii
2649 424 2752 481 Lot
2781 425 2933 481 fuere
2953 465 2968 491 ,
2999 424 3159 481 Moab
3185 434 3240 481 et
3266 430 3399 481 Am-

176 519 445 587 ὲποιήσατο
468 530 480 542 ·
533 515 666 584 ὁμοῦ
711 531 769 566 τε
802 514 1000 575 πάντες
1038 514 1087 565 οἱ
1126 511 1510 583 προλεχθέντες
1526 514 1727 584 ἐγενή-

174 617 354 677 θησαν
405 607 488 671 είς
534 604 862 672 ἀντίληψιν
906 603 1029 669 τοῖς
1056 602 1205 666 υἱοῖς
1242 602 1389 656 Λώτ.
1437 604 1577 656 Ἀνθ’
1601 598 1660 658 οῦ

177 700 264 770 μὲν
307 696 545 757 Ἀκύλας,
590 694 919 763 Ἐγένοντο,
955 694 1107 765 φησὶ,
1134 694 1406 761 ,βραχίων
1437 695 1560 761 τοῖς
1574 695 1724 761 υἱοῖς

173 790 367 845 Λώτ·δ
416 786 470 839 δὲ
519 785 842 856 Σύμμαχος,
887 785 1189 855 Ἐγένοντο
1246 787 1549 855 σύμμαχοι
1600 788 1724 853 τοῖς

172 881 308 946 vluit;
332 878 471 933 Λώτ.
502 878 622 930 Υἱοὶ
649 878 705 930 δὲ
739 877 863 931 Λὼτ
895 872 1034 948 ἦσαν
1082 877 1405 948 Ἀμμανῖται
1439 878 1533 931 καὶ
1560 879 1727 931 Μωα-

176 975 300 1026 ϐῖται
320 989 331 1001 ·
356 971 444 1024 δύο
472 970 579 1041 γὰρ
613 966 758 1023 οῦτοι
797 971 1085 1038 γεγόνασιν
1118 970 1222 1021 υἱοὶ
1247 968 1338 1023 τοῦ
1372 968 1515 1034 Λὼτ,
1551 972 1723 1025 Μωὰϐ

176 1066 256 1118 καὶ
315 1061 554 1134 Ἀμμών.
615 1061 798 1115 Ταῦτα
826 1062 878 1114 δὲ
918 1062 997 1115 ὅτι
1035 1061 1169 1133 μηδὲ
1206 1061 1392 1115 ἄλλοτε
1423 1061 1727 1132 ἐπληροῦτο

174 1157 200 1229 ἢ
253 1155 387 1211 κατὰ
439 1155 566 1219 τοὺς
615 1154 914 1227 Ἀσσυρίων
948 1156 1190 1227 χρόνους,
1229 1155 1416 1225 σαφῶς
1452 1156 1485 1225 ή
1517 1154 1726 1226 ἱστορία

175 1250 465 1321 παρίστησι.
501 1249 574 1301 Τὸ
603 1247 899 1319 τηνικαῦτα
933 1248 1040 1318 γὰρ
1075 1249 1251 1303 πάντα
1281 1250 1347 1303 τὰ
1376 1250 1440 1301 ὲκ
1470 1248 1727 1316 γειτόνων

173 1343 283 1412 ἔθνη
310 1340 729 1411 διαφθονούμενα
762 1343 828 1412 τῇ
874 1341 1225 1415 Ἰερουσαλὴμ
1266 1340 1360 1395 καὶ
1383 1340 1462 1411 τῷ
1496 1342 1554 1394 ὲν
1590 1342 1724 1411 αύτῇ

173 1434 520 1503 γεγραμμένῳ
550 1433 626 1504 (l)
659 1431 768 1503 ναῷ
798 1432 889 1485 τοῦ
919 1431 1075 1497 Θεοῦ,
1097 1432 1334 1503 διψῶντα
1362 1448 1422 1484 τε
1451 1432 1550 1501 τὴν
1576 1428 1728 1483 ἀπιδε-

1826 531 1975 569 mon.
2023 515 2148 571 Haec
2192 531 2356 586 porro
2396 531 2506 570 non
2550 518 2656 571 alio
2685 532 2848 587 quam
2878 519 3228 590 Assyriorum
3258 527 3399 574 tem-

1824 623 1957 677 pore
1980 617 2132 678 gesta
2160 607 2331 663 fuisse
2358 617 2543 678 aperte
2570 618 2755 663 narrat
2784 610 3038 665 historia.
3068 611 3167 666 Illo
3197 611 3399 683 quippe

1823 714 1940 753 αινο
1970 714 2161 755 omnes
2195 699 2407 753 ﬁnitimi
2438 701 2625 770 populi
2652 700 3039 773 Hierosolyma:
3071 711 3126 759 et
3153 704 3227 767 ei,
3252 710 3399 773 quod

1827 789 1882 843 in
1914 786 2194 858 Scriptura
2222 788 2413 854 fertur,
2442 788 2644 859 templo
2672 788 2766 844 Dei
2792 790 2917 845 istic
2941 793 3119 862 posito
3143 793 3397 849 inviden-

1828 887 1943 943 tes,
1974 878 2379 948 perniciemque
2418 879 2588 933 totius
2617 877 2858 934 Judaica:
2896 882 3072 951 gentis
3116 884 3396 950 sitientes,

1828 985 1935 1023 una
1963 968 2241 1023 irruerunt
2268 976 2459 1022 contra
2492 969 2614 1025 illos
2634 1008 2648 1033 ,
2684 968 3107 1040 Babyloniorum
3139 975 3401 1042 porentize

1828 1070 1883 1116 et
1913 1062 2237 1116 commilitio
2268 1062 2555 1131 adscripti.
2594 1060 2749 1116 Tunc
2786 1063 2969 1117 multa:
3008 1064 3273 1120 adversus
3301 1080 3400 1119 eos

1832 1162 2021 1224 gentes
2054 1153 2296 1223 Assyriis
2334 1154 2659 1213 auxiliantes
2697 1160 2904 1207 coactae
2935 1162 3083 1209 sunt.
3118 1154 3186 1208 At
3220 1171 3402 1226 neque

1831 1247 2101 1301 Antiocho
2136 1262 2314 1317 neque
2345 1245 2639 1310 Romanis,
2677 1246 2732 1299 in
2767 1254 3043 1316 postrema
3076 1246 3395 1311 obsidione.

1831 1345 2020 1408 gentes
2066 1337 2221 1408 prius
2275 1346 2637 1403 enumeratis,
2679 1339 2733 1393 in
2769 1338 2911 1394 bello
2950 1347 3142 1394 contra
3180 1337 3402 1394 Judaeos

1831 1429 2021 1492 initio,
2061 1443 2217 1498 opem
2249 1428 2441 1482 tulisse
2470 1429 2742 1485 videntur.

172 1536 303 1584 λειαν
317 1526 404 1579 τοῦ
435 1528 634 1591 παντὸς
669 1527 935 1581 Ἰουδαίων
968 1528 1177 1593 ἔθνους,
1208 1527 1341 1599 ὁμοῦ
1376 1522 1467 1581 οὖν
1492 1527 1748 1580 ἐπέθεντο
1771 1526 1889 1580 κατ’
1925 1524 2102 1578 αὐτῶν
2133 1528 2199 1596 τῇ
2228 1524 2334 1577 τῶν
2352 1523 2706 1578 Βαϐυλωνίων
2768 1523 3052 1597 δυναστείᾳ
3110 1526 3404 1597 συμμαχή-

174 1640 343 1676 σαντα.
376 1621 513 1674 Τὸτε
554 1622 653 1691 μὲν
682 1617 774 1675 οὖν
805 1620 974 1675 πολλὰ
1001 1621 1235 1692 συνῆκτο
1285 1624 1403 1676 κατ’
1434 1620 1613 1677 αὐτῶν
1637 1620 1706 1673 τὰ
1723 1624 1835 1684 τοῖς
1869 1620 2173 1691 Ἀσσυρίοις
2187 1617 2577 1690 συμμαχοῦντα
2606 1618 2752 1690 ἔθνη.
2780 1619 2915 1672 Οῦτε
2949 1619 3003 1673 δὲ
3033 1619 3171 1673 κατὰ
3203 1619 3404 1673 Ἀντίο-

170 1736 269 1788 χον,
294 1716 409 1770 οὔτε
432 1717 574 1771 κατὰ
604 1719 702 1789 τὴν
732 1718 968 1789 ὑστάτην
1040 1717 1375 1789 πολιορκίαν,
1413 1715 1479 1770 τὰ
1540 1715 2103 1788 προκατηριθμημένα
2149 1714 2275 1785 ἔθνη
2306 1714 2551 1783 φαίνεται
2592 1716 3021 1785 συμμαχήσαντα
3091 1712 3400 1783 Ῥωμαίοις,

164 1810 385 1881 ὁπηνίκα
419 1811 509 1865 τὸν
553 1811 689 1883 πρὸς
730 1812 1016 1876 Ἰουδαίους
1040 1813 1433 1883 συνεστήσαντο
1466 1812 1721 1883 πόλεμον.

228 1932 485 2000 Ποίησον
509 1932 711 1999 αὐτοῖς
740 1934 821 2000 ὠς
847 1933 923 2002 τῇ
954 1933 1185 1988 Μαδιὰν
1212 1934 1310 1987 καὶ
1344 1934 1424 1999 τῷ
1454 1932 1683 2002 Σισάρςῑ
1704 1974 1717 1997 ,

1896 1927 2063 1982 Vsus.
2108 1925 2297 1980 10—12.
2341 1922 2455 1977 Fac
2484 1923 2594 1977 illis
2634 1924 2769 1977 sicut
2810 1922 3036 1977 Madian
3071 1932 3119 1978 et
3161 1924 3400 1990 Sisara',

162 2024 237 2090 ὡς
256 2024 330 2089 τῷ
372 2025 546 2094 Ἰαϐὶμ
576 2026 644 2079 ἐν
667 2025 747 2091 τῷ
777 2027 1068 2096 χωμάρῤῳ
1087 2026 1304 2083 Κισών.
1341 2026 1726 2093 Ἐεωλοθρεύ-

167 2116 350 2181 θησαν
372 2115 440 2167 ἐν
470 2115 736 2185 Ἀενδὼρ,
766 2116 1141 2187 ἐγενήθησαν
1191 2116 1333 2169 ὡσεὶ
1386 2118 1607 2184 κόπρος
1652 2114 1726 2184 τῇ

166 2199 253 2269 τῇ.
282 2202 392 2257 Θοῦ
423 2204 567 2270 τοὺς
602 2204 897 2275 ἄρχοντας
933 2205 1131 2261 αὐτῶν
1166 2208 1247 2273 ὠς
1278 2206 1385 2260 τόν
1422 2205 1597 2274 Ὠρὴϐ
1628 2206 1725 2259 καὶ

165 2291 279 2359 Ζὴϐ
332 2294 429 2349 καὶ
486 2295 661 2349 Ζεϐεὲ
716 2296 816 2350 καὶ
864 2295 1177 2366 Σαλμωνεῖ.
1246 2297 1483 2351 Τοιαῦτα
1538 2295 1727 2350 θεσπί-

166 2381 241 2445 ζει
280 2385 527 2453 γενέσθαι
558 2389 671 2449 τοῖς
703 2386 1079 2457 προλεχθεῖσιν
1115 2388 1323 2442 ἔθνεσιν
1355 2391 1383 2442 6
1411 2390 1725 2459 Προφήτης,

165 2475 311 2531 ὁποῖα
353 2481 417 2548 τῇ
463 2478 691 2549 Μαδιὰμ
744 2480 837 2532 καὶ
862 2479 941 2548 τῷ
974 2480 1202 2551 Σισάρᾳ,
1236 2477 1433 2549 καὶτῷ
1466 2479 1644 2550 Ἰαϐὶμ
1669 2481 1728 2532 ὲν

163 2566 234 2636 τῷ
264 2568 545 2641 χειμάρρῳ
571 2570 754 2623 Κισὼν
787 2571 984 2641 συνέϐη
1016 2572 1147 2625 ποτέ
1172 2589 1186 2602 ·
1212 2572 1407 2635 οἵτινες
1431 2570 1567 2642 ὁμοῦ
1594 2572 1730 2625 πάν·
1758 2644 1760 2647 ν

164 2673 247 2720 τες
284 2658 754 2731 ὲξωλοθρεύθησαν
809 2663 866 2714 ἐν
926 2661 1157 2733 Ἀενδὼρ
1183 2702 1198 2727 ,
1252 2664 1345 2719 καὶ
1392 2664 1729 2736 ἐγενήθησαν

164 2749 282 2802 ὡσεὶ
331 2752 534 2823 κόπρος
591 2757 655 2825 τῇ
680 2757 771 2825 γῇ.
808 2755 969 2809 Ἀλλὰ
1007 2759 1100 2810 καὶ
1132 2757 1257 2819 τοὺς
1305 2756 1571 2827 ἄρχοντας
1621 2757 1729 2812 τῶν

164 2841 555 2912 προλεχθέντων
605 2842 773 2898 ὲθνῶν
807 2846 1031 2899 τοιαῦτα
1095 2846 1288 2900 παθεῖν
1340 2846 1517 2913 ἀξιοῖ,
1568 2850 1728 2904 ὁποῖα

167 2930 482 2985 πεπόνθασιν
552 2933 717 3005 Ὠρὴϐ
766 2934 859 2988 καὶ
898 2934 1009 3006 Ζὴϐ
1050 2936 1146 2989 καὶ
1189 2935 1351 2989 Ζεϐεὲ
1378 2937 1471 2989 καὶ
1503 2938 1729 3008 Σαλμω-

165 3024 269 3084 νᾶς.
299 3023 513 3077 Τούτων
529 3024 585 3077 δὲ
613 3026 828 3080 πάντων
862 3025 960 3097 τὴν
995 3026 1231 3099 ἱστορίαν
1273 3027 1527 3099 εὑρήσεις
1576 3030 1633 3083 ὲν
1660 3032 1726 3102 τῇ

166 3114 318 3187 βίϐλῳ
361 3118 671 3189 φερομένην
713 3118 820 3172 τῶν
882 3118 1120 3189 Κριτῶν·
1160 3119 1287 3173 ἔνθα
1313 3120 1408 3174 καὶ
1454 3123 1482 3174 6
1518 3122 1728 3194 Σισάρα

165 3209 249 3261 καί
267 3209 293 3259 6
326 3208 514 3273 Ἰαϐὶς,
546 3210 640 3263 καὶ
659 3211 707 3262 oi
733 3208 909 3264 λοιποὶ
925 3211 1427 3282 κατωνομασμένοι,
1444 3213 1616 3266 ὁπόσα
1634 3214 1728 3268 καὶ

1829 2020 1965 2074 sicut
1992 2018 2158 2072 labin
2182 2019 2239 2070 in
2268 2025 2500 2070 torrente
2538 2014 2722 2070 Cison.
2762 2015 3129 2082 Disperierunt
3166 2018 3222 2070 in
3260 2017 3403 2072 Αἰπ-

1826 2113 1945 2179 dor,
1979 2112 2112 2182 facti
2137 2120 2258 2165 sunt
2292 2119 2349 2162 ut
2378 2119 2581 2163 stercus
2623 2116 2795 2163 terra.
2831 2107 2979 2163 Pone
3016 2111 3274 2179 principes
3312 2128 3402 2165 eo—

1827 2222 1944 2259 rum
1975 2207 2114 2260 sicut
2147 2202 2281 2259 Oreb
2313 2212 2363 2256 et
2391 2201 2495 2255 Zeb
2526 2210 2575 2254 et
2602 2200 2763 2255 Zebee
2800 2210 2849 2255 et
2880 2200 3156 2256 Salmona.
3200 2201 3401 2257 Eadem

1827 2298 2145 2354 memoratis
2189 2294 2444 2366 gentibus
2500 2292 2685 2347 futura
2725 2293 3058 2348 vaticinatur
3094 2292 3399 2363 Propheta,

1828 2407 1949 2462 qua:
1987 2391 2117 2445 olim
2159 2387 2375 2442 Madian
2403 2426 2419 2450 ,
2463 2384 2666 2441 Sisara:
2692 2424 2708 2449 ,
2749 2391 2803 2439 et
2839 2383 3017 2438 Jabim
3058 2385 3113 2439 in
3156 2392 3404 2440 torrente

1828 2480 1996 2535 Cison
2049 2478 2448 2547 contigerunt:
2511 2476 2608 2547 qui
2666 2491 2858 2531 omnes
2910 2476 3279 2546 disperierunt
3343 2478 3401 2531 in

1828 2570 2069 2635 Endor,
2112 2577 2168 2623 et
2216 2568 2347 2623 facti
2392 2577 2519 2625 sunt
2564 2575 2625 2623 ut
2675 2578 2890 2624 stercus
2932 2576 3113 2624 terrae.
3164 2568 3247 2623 Ad
3288 2569 3405 2624 haec

1828 2664 1992 2719 etiam
2047 2662 2327 2733 principes
2379 2660 2766 2733 praedictorum
2830 2662 3159 2730 populorum
3212 2662 3403 2717 eadem

1828 2753 2037 2824 perpeti
2086 2759 2282 2823 rogat,
2319 2768 2440 2822 quae
2478 2752 2622 2807 Oreb
2664 2761 2717 2805 et
2760 2750 2869 2806 Zeb
2909 2758 2964 2806 et
2994 2750 3169 2807 Zebee
3200 2759 3253 2806 et
3284 2750 3404 2806 Sal-

1829 2861 2044 2901 monas.
2086 2844 2291 2901 Horum
2334 2859 2498 2915 porro
2542 2845 2786 2899 omnium
2825 2844 3112 2898 historiam
3160 2843 3405 2913 reperias

1829 2935 1885 2989 in
1920 2934 2059 2989 libro
2093 2933 2381 2999 Judicum,
2425 2934 2517 2988 ubi
2556 2949 2678 3003 quae
2718 2931 2907 2988 Sisara
2946 2940 3000 2987 et
3036 2931 3198 2987 Jabin
3236 2943 3404 3002 atque
3490 2964 3493 2965 ν

1829 3026 1958 3091 alii,
1989 3026 2085 3097 qui
2115 3041 2281 3096 supra
2310 3031 2691 3092 recensentur,
2721 3030 2910 3078 contra
2944 3021 3197 3081 lsraelem
3226 3021 3401 3076 moliti

1830 3124 1995 3181 sunt,
2024 3127 2077 3173 et
2106 3132 2227 3187 qua:
2256 3116 2418 3171 iidem
2451 3122 2583 3171 sunt
2611 3116 2896 3185 perpessi,
2930 3113 3215 3184 Scriptura
3244 3128 3403 3169 enar-

1829 3214 1917 3261 rat
1948 3208 2013 3263 “‘.
2067 3206 2145 3261 Eo
2184 3217 2365 3261 autem
2405 3207 2721 3269 mittemus,
2764 3206 2812 3260 si
2852 3219 3014 3274 quem
3052 3220 3118 3259 ea
3155 3204 3404 3260 ediscere

164 3300 275 3357 τίνα
312 3302 450 3355 κατὰ
497 3302 592 3354 τοῦ
646 3301 863 3374 Ἰσραὴλ
912 3275 1345 3375 ἐμηχανήσαντο,
1411 3275 1505 3357 καὶ
1566 3306 1726 3357 ὁποῖα

1832 3296 1998 3351 libeat
2026 3312 2147 3367 quae
2180 3298 2247 3352 ad
2289 3298 2439 3366 ipsos
2472 3297 2746 3351 attinent:
2778 3311 2904 3350 nam
2944 3311 3102 3366 aequo
3140 3296 3404 3366 prolixior

162 3391 561 3464 πεπόνθασιν,ὴ
598 3393 787 3465 Γραφὴ
822 3396 1169 3467 παρίστησιν.
1210 3396 1324 3465 Ἐφ’
1369 3395 1435 3466 ἢν
1482 3396 1728 3467 ἀναπέμ-

161 3479 337 3551 ψωμεν
362 3483 451 3535 τὸν
482 3482 806 3553 βουλόμενον
830 3483 899 3537 τὰ
931 3487 1050 3539 κατ’
1077 3484 1272 3549 αὐτοὺς
1296 3484 1515 3550 εἰδέναι,
1549 3486 1637 3541 διὰ
1665 3486 1728 3541 τὸ

167 3575 498 3647 μακροτέραν
525 3570 659 3628 εἶναι
684 3576 782 3646 τὴν
816 3578 945 3648 περὶ
965 3576 1144 3630 αὐτῶν
1169 3576 1439 3649 διήγησιν.
1480 3578 1559 3632 Τὰ
1588 3579 1729 3632 αὐτὰ

164 3662 251 3712 σὺν
272 3662 498 3726 ἐκείνοις
526 3663 617 3715 καὶ
641 3663 861 3728 τούτους
888 3665 1115 3719 ἱκετεύει
1147 3665 1503 3731 παθεῖν,διότι
1531 3669 1729 3739 ὁμοίως

164 3751 372 3817 ἐκείνοις
404 3756 500 3807 καὶ
533 3749 967 3827 οὗτοιεὶρήκασι,
997 3759 1558 3828 Κληρονομήσωμεν
1594 3760 1730 3813 ἐαυ-

162 3841 273 3909 τοῖς
303 3845 370 3897 τὸ
411 3847 802 3916 ἁγιαστήριον
841 3848 945 3902 τοῦ
997 3850 1164 3904 Θεοῦ.
1197 3851 1421 3919 Ἔλεγον
1470 3851 1527 3904 δὲ
1558 3851 1729 3904 ταῦτα

163 3934 250 3986 καὶ
274 3937 320 3987 οἱ
357 3938 484 4009 περὶ
516 3936 605 3991 τὸν
632 3938 858 4008 Σισάρα,
880 3939 1172 4006 καὶἸαϐὶς,
1202 3941 1255 3992 οἵ
1283 3958 1339 3993 τε
1363 3940 1559 4005 λοιποὶ,
1578 3940 1670 4003 οὓς
1702 3942 1729 3992 6

162 4021 305 4096 λόγος
325 4030 465 4084 κατὰ
486 4030 628 4095 λέξιν
660 4032 759 4103 (2),
792 4032 918 4103 περὶ
943 4032 1044 4103 τῆς
1073 4035 1277 4105 σκηνῆς
1313 4036 1408 4088 καὶ
1439 4035 1536 4105 τῆς
1562 4034 1728 4087 κιϐω-

165 4117 250 4171 τοῦ
264 4120 356 4173 τοῦ
373 4121 529 4174 Θεοῦ.
556 4123 628 4175 Τὸ
644 4123 752 4194 γὰρ
782 4123 1132 4197 ἀγιαστήριον
1152 4124 1246 4178 τοῦ
1289 4126 1423 4180 Θεοῦ
1444 4125 1615 4179 ταῦτα
1637 4121 1726 4195 ἦν,

166 4212 320 4281 μήπω
371 4214 472 4283 τῆς
535 4214 888 4287 Ἰερουσαλὴμ
924 4216 1285 4287 συνεστώσης.
1336 4217 1641 4288 Ἐπηύξατο
1673 4216 1729 4269 δὲ

163 4300 326 4357 ταῦτα
346 4306 373 4356 6
402 4303 697 4375 Προφήτης
732 4305 873 4359 κατὰ
905 4305 1013 4359 τῶν
1048 4306 1461 4379 δεδηλωμένων
1506 4303 1603 4360 εἶτ’
1630 4307 1728 4360 οὐκ

164 4393 235 4455 είς
265 4396 472 4467 μακρὸν
524 4395 826 4468 ἐπληροῦτο
877 4397 945 4451 τὰ
979 4400 1077 4468 τῆς
1121 4399 1306 4469 εὐχῆς.
1350 4399 1554 4453 Αὐτίκα
1599 4398 1728 4468 γοῦν

164 4488 493 4558 παραχρῆμα
524 4491 590 4559 τῇ
626 4488 764 4542 κατὰ
792 4488 899 4541 τῶν
949 4489 1215 4543 Ἰουδαίων
1257 4490 1539 4562 πολιορκίᾳ
1570 4492 1662 4543 καὶ
1693 4493 1724 4562 ή

1829 3400 2020 3439 eorum
2055 3387 2333 3441 enarratio
2371 3385 2531 3441 foret.
2570 3415 2643 3425 —-
2677 3384 2844 3440 νεεδ.
2887 3386 2971 3441 15.
2999 3385 3198 3443 Eadem
3238 3402 3405 3458 porro

1828 3494 1952 3549 quae
1982 3479 2098 3547 illi,
2135 3480 2272 3536 istos
2305 3480 2469 3536 etiam
2504 3479 2710 3550 perpeti
2743 3489 2934 3549 rogat,
2968 3479 3099 3550 quia
3128 3480 3317 3535 eodem
3348 3488 3406 3536 et

1829 3572 1918 3628 isti
1964 3572 2127 3627 modo
2169 3572 2468 3637 dixerunt,
2507 3572 2837 3627 ereditate
2870 3571 3235 3642 possideamus
3278 3588 3406 3625 san-

1829 3666 2097 3718 ctuarium
2128 3663 2246 3720 Dei.
2280 3663 2375 3719 llla
2407 3679 2537 3719 vero
2566 3663 2825 3720 dicebant
2862 3663 3081 3726 Sisara,
3113 3661 3274 3716 Jabin
3297 3702 3311 3727 ,
3348 3671 3405 3717 et

1828 3757 2028 3826 reliqui
2065 3755 2385 3810 nominatim
2420 3755 2682 3810 recensiti
2704 3794 2719 3819 ,
2764 3756 2831 3810 de
2878 3755 3228 3810 tabernaculo
3256 3762 3310 3810 et
3336 3756 3407 3811 de

1829 3864 1957 3904 arca
1990 3848 2082 3903 Dei
2113 3868 2125 3902 :
2160 3848 2273 3902 haec
2299 3848 2501 3917 quippe
2528 3853 2685 3901 erant
2711 3847 3086 3901 sanctuarium
3117 3847 3214 3903 Dei
3234 3889 3249 3913 ,
3277 3864 3404 3903 cum

1829 3944 2074 3999 nondum
2098 3942 2405 3999 Jerusalem
2422 3942 2769 3998 consisteret.
2796 3940 2921 3997 Haec
2940 3958 3104 4013 porro
3125 3943 3400 4014 Propheta

1828 4043 2081 4106 precatus
2128 4042 2212 4089 est
2265 4034 2528 4088 adversus
2572 4048 2667 4088 eos
2715 4033 2809 4103 qui
2859 4032 3114 4103 superius
3164 4032 3393 4088 indicati

1829 4132 1997 4180 sunt:
2032 4137 2134 4178 nec
2163 4122 2257 4177 diu
2290 4131 2479 4193 postea
2519 4124 2763 4191 precatio
2796 4130 2881 4178 est
2911 4122 3165 4178 effectum
3208 4140 3405 4180 conse-

1829 4224 1975 4271 cuta.
2008 4213 2141 4269 Nam
2176 4215 2478 4270 secundum
2507 4216 2652 4269 illam
2680 4214 2993 4270 Judzeorum
3024 4216 3361 4272 obsidionem
3383 4256 3402 4283 ,

1828 4307 2178 4378 Assyriorum
2206 4306 2491 4378 imperium
2519 4306 2814 4377 derepente
2840 4309 3080 4363 solutum
3105 4316 3221 4373 est,
3250 4316 3404 4378 post-

1829 4416 1992 4471 quam
2024 4400 2284 4456 diuturno
2314 4416 2429 4455 aevo
2468 4402 2750 4468 Stetisset;
2785 4410 2839 4457 et
2877 4401 3096 4471 quidem
3132 4417 3305 4471 usque
3334 4402 3403 4457 ad

1831 4492 1963 4546 illud
2009 4499 2225 4562 tempus
2250 4532 2265 4557 ,
2308 4507 2418 4562 quo
2460 4493 2591 4547 talia
2617 4499 2809 4548 contra
2834 4493 3267 4563 Hierosolymam
3304 4509 3401 4563 ag-

177 4576 468 4651 Ἀσσυρίων
496 4580 761 4651 κατελύθη
792 4579 1076 4633 δυναστεία
1105 4580 1438 4652 διαρκέσασα
1476 4582 1686 4654 χρόνοις
1709 4600 1721 4614 ’

1832 4584 1979 4653 gredi
2009 4583 2130 4638 ausi
2161 4591 2310 4639 sunt.
2339 4582 2457 4639 Non
2487 4583 2578 4638 diu
2614 4583 2796 4654 itaque
2825 4590 3014 4652 postea
3040 4582 3215 4654 Cyrus
3234 4624 3249 4649 ,
3277 4600 3402 4638 cum

166 4668 253 4719 καὶ
280 4670 443 4741 μέχρι
473 4671 659 4725 τούτου
698 4672 943 4725 συστᾶσα
973 4671 1165 4743 μέχρις
1198 4667 1258 4726 οῦ
1288 4672 1513 4726 τοιαῦτα
1544 4672 1727 4725 τετολ-

170 4756 365 4828 μήκασι
422 4762 563 4816 κατὰ
616 4763 715 4833 τῆς
761 4762 1134 4833 Ἰερουσαλήμ.
1171 4764 1303 4817 Μετ’
1341 4764 1401 4816 οὑ
1432 4764 1564 4817 πολὺ
1597 4765 1727 4833 γοῦν

166 4846 359 4920 Κῦρος,
411 4852 510 4923 τῆς
540 4854 765 4925 Περσῶν
813 4854 1088 4925 βασιλείας
1129 4857 1435 4927 κρατήσας,
1476 4856 1729 4910 καταλύει

166 4936 259 5007 τὴν
296 4940 593 5013 Ἀσσυρίων
623 4943 816 5014 ἀρχήν.
848 4942 959 4996 Καὶ
998 4941 1066 4995 τὰ
1100 4941 1257 4995 λοιπὰ
1296 4942 1355 4995 δὲ
1397 4943 1536 4996 κατὰ
1565 4944 1731 5014 μέρος

167 5031 523 5105 ὼνομασμένα
556 5036 680 5108 ἔθνη
723 5036 948 5090 τοιαῦτα
982 5034 1268 5097 πέπονθεν,
1300 5036 1454 5088 ὁποῖα
1498 5037 1528 5088 6
1575 5035 1731 5103 λόγος

169 5123 470 5195 προέφησεν
489 5144 503 5158 ο
537 5126 663 5179 ὥστ’
690 5125 911 5188 εἰκότως
940 5125 1004 5178 ἄν
1035 5142 1155 5177 τινα
1204 5124 1393 5195 φῆσαι,
1429 5126 1502 5195 μὴ
1531 5123 1727 5178 κατεύ-

170 5214 349 5281 χεσθαι
380 5218 470 5268 τὸν
510 5219 800 5289 Προφήτην
847 5219 904 5268 ὲν
951 5216 1157 5281 τούτοις
1195 5216 1302 5269 τῶν
1349 5216 1724 5289 δηλουμένων,

171 5304 521 5376 προφητεύειν
548 5307 603 5360 δὲ
629 5309 810 5371 αὐτοῖς
839 5308 906 5362 τὰ
953 5308 1203 5377 ἐσόμενα,
1241 5306 1386 5361 κατά
1430 5324 1551 5360 τινα
1607 5322 1729 5360 συν-

169 5394 350 5464 ήθειαν
384 5398 480 5467 τῆς
519 5398 740 5470 Γραφῆς
790 5398 1169 5469 προστακτικῷ
1210 5400 1396 5469 τρόπῳ
1439 5398 1558 5451 ἀντὶ
1592 5413 1729 5467 προ-

168 5488 512 5558 αγορευτικοῦ
557 5491 892 5561 κεχρημένον
911 5508 923 5521 ·
986 5491 1115 5545 ὥσθ’
1146 5493 1290 5563 ἡμᾶς
1326 5488 1602 5559 ἐξακούειν
1631 5489 1692 5543 τὸ
1711 5529 1726 5557 ,

243 5579 282 5608 ¹⁸
319 5578 500 5632 Judic.
538 5595 614 5645 ιτ,
650 5596 765 5651 seq.

238 5735 312 5802 li)
354 5737 457 5801 I‘p.
488 5737 852 5808 ὲγηγερμένῳ.

1830 4672 2120 4729 Persarum
2137 4690 2361 4745 regnum
2381 4682 2724 4744 occupasset,
2742 4674 3091 4744 Assyriorum
3113 4674 3401 4743 imperium

1832 4766 2048 4824 evertit.
2087 4765 2330 4836 Reliquae
2363 4781 2495 4822 vero
2532 4764 2847 4835 singulatim
2888 4765 3175 4820 recensitis
3216 4773 3407 4835 gentes

1834 4872 1897 4912 ea
1924 4864 2051 4911 sunt
2074 4872 2366 4927 perpessa},
2391 4871 2511 4925 quae
2530 4855 2637 4909 hoc
2656 4868 2911 4910 sermone
2933 4856 3401 4925 praenuntiantur;

1834 4946 1908 5001 ita
1946 4954 2003 4999 ut
2033 4962 2063 5001 e
2095 4962 2153 5001 re
2183 4947 2451 5017 quispiam
2476 4946 2702 5012 dixerit,
2734 4944 3062 5015 Prophetam
3093 4947 3406 5001 memoratis

1837 5039 2088 5109 gentibus
2114 5054 2222 5093 non
2245 5039 2535 5110 imprecari
2563 5040 2725 5107 mala,
2754 5040 2848 5095 sed
2879 5039 3060 5094 futura
3087 5038 3404 5109 vaticinari,

1836 5146 1900 5185 ac
1944 5146 2043 5203 pro
2087 5140 2309 5187 assueto
2355 5130 2654 5201 Scriptura:
2700 5148 2883 5195 more,
2935 5132 3254 5201 imperantis
3287 5145 3405 5183 mo-

1836 5222 1987 5286 dum,
2012 5224 2133 5278 loco
2150 5224 2590 5295 praenuntiantis,
2615 5240 2919 5295 usurpare;
2958 5223 3094 5278 adeo
3107 5231 3165 5277 ut
3190 5222 3400 5284 isthaac,

1835 5311 1950 5365 Fac
1979 5314 2122 5377 illis,
2159 5328 2260 5368 nos
2296 5314 2375 5367 sic
2424 5313 2826 5383 intelligamus,
2870 5313 3059 5367 Facies
3106 5313 3217 5366 illis
3266 5313 3403 5366 sicut

1835 5403 2068 5459 Madian
2092 5415 2137 5459 et
2167 5404 2387 5458 Sisara.
2418 5402 2544 5459 Ilaec
2578 5421 2743 5474 porro
2770 5406 2837 5460 de
2862 5406 3241 5478 Assyriorum,
3271 5406 3406 5458 alia-

1836 5509 2065 5563 rumque
2112 5492 2203 5547 hic
2268 5493 2669 5547 recensitarum
2717 5496 2963 5566 gentium
3021 5493 3233 5549 excidio
3268 5507 3382 5562 pra)

1912 5730 1985 5801 (9)
2025 5728 2217 5786 Deesse
2240 5729 2453 5784 videtur
2485 5729 2729 5797 verbum,
2771 5730 2910 5786 forte
2950 5727 3218 5802 ὀνομάζει.
3246 5728 3404 5784 Enn.
