3798 6282
442 321 552 378 999
1127 317 1397 376 EUSEBII
1425 316 1911 373 CESABIENSIS
1942 315 2093 372 0P9.
2135 314 2314 371 PARS
2345 314 2436 372 111.
2475 346 2534 358 -—
2584 314 2988 373 EXEGETICA.
3508 323 3610 379 Ν)οῦ

440 435 786 490 nuntiantur.
813 432 998 506 Neque
1022 441 1203 490 tamen
1235 433 1301 489 de
1331 434 1398 489 iis
1426 433 1520 504 qui
1550 441 1672 504 post
1707 431 1940 488 Salvatm

2113 435 2376 501 Ποίησον
2397 435 2620 500 αὐτοῖς,
2647 433 2768 487 ἀντὶ
2800 432 2917 498 τοῦ,
2950 430 3225 500 Ποιήσεις
3248 435 3324 502 ὡς
3344 436 3411 506 τῇ
3429 440 3613 511 Modum

446 527 617 581 nostri
653 525 943 581 adventum
972 537 1300 598 postremam
1330 523 1830 597 Hierosolymorum
1863 526 1946 580 ob:

2118 525 2218 578 καὶ
2236 524 2315 590 τῷ
2335 526 2583 594 Σισὰρᾳ.
2617 525 2804 579 Ταῦτα
2833 525 2890 578 δὲ
2920 525 3048 596 περὶ
3069 525 3162 578 τοῦ
3188 527 3372 591 τέλους
3399 529 3493 583 τῶν
3528 532 3616 588 Ἀσ-

445 615 661 672 dionem
689 617 938 673 fecerunt
957 658 973 682 ,
1003 617 1204 674 similia
1235 616 1506 672 feruntur.
1535 617 1715 683 Quare
1743 616 1876 671 nihil
1906 625 1945 672 tt

2118 617 2318 686 συρίων
2369 616 2462 669 καὶ
2510 615 2618 668 τῶν
2657 616 2752 668 σὺν
2805 617 2986 678 αὐτοῖς
3039 616 3459 687 καταλεχθέντων
3491 621 3616 680 ἐθνῶν

446 705 675 762 Romani
710 718 833 779 post
864 710 1069 763 illatam
1099 709 1244 780 genti
1275 709 1484 764 cladem
1515 708 1762 779 perpessi
1791 716 1938 763 sunt.

2119 705 2539 779 προφητεύεται.
2567 705 2641 758 Ού
2674 693 2781 776 μὴν
2805 705 2900 758 καὶ
2921 707 3048 777 περ)⁸
3071 706 3177 759 τῶν
3198 707 3295 778 τὴν
3319 709 3524 781 ὑστάτην
3547 729 3615 767 πο-

443 801 687 873 λιορκίαν
721 803 858 873 μετὰ
883 803 982 874 τὴν
1001 802 1094 856 τοῦ
1126 803 1378 875 Σωτῆρος
1407 803 1564 875 ἡμῶν
1630 804 1932 878 παρουσίαν
1982 802 2471 876 κατειργασμένων
2490 801 2717 856 τοιαῦτά
2762 818 2885 856 τινα
2951 802 3198 875 ἐφέρετο.
3230 802 3325 855 Διὸ
3350 801 3487 857 οὐδὲν
3523 806 3611 860 Ῥω·

446 897 596 965 μαῖοι
622 894 864 948 τοιοῦτον
894 894 1193 948 πεπόνθασι
1231 895 1368 965 μετὰ
1401 895 1496 965 τὴν
1521 893 1664 947 κατὰ
1694 893 1788 949 τοῦ
1822 895 2007 958 ἔθνους
2041 894 2403 967 ἐπιχείρησιν.

517 1012 683 1069 Vens.
712 1012 796 1066 li.
829 1011 967 1066 Deus
999 1028 1162 1076 meus,
1181 1028 1312 1081 pone
1337 1011 1459 1064 illos
1482 1020 1539 1064 ut
1565 1019 1759 1076 rotam,
1787 1020 1836 1066 et
1863 1012 2000 1066 sicut

2199 1011 2253 1063 '0
2275 1011 2420 1076 Θεός
2447 1025 2588 1079 μου,
2628 1007 2734 1063 θοῦ
2760 1008 2980 1075 αὐτοὺς
3012 1009 3091 1075 ὡς
3125 1009 3362 1078 τροχὸν,
3385 1010 3457 1077 ὡς
3481 1014 3619 1067 καλά.

444 1105 696 1176 stipulam
731 1113 852 1158 ante
883 1104 1074 1174 faciem
1110 1105 1268 1158 uenti.
1308 1101 1428 1157 Non
1467 1103 1850 1174 intempestive
1874 1102 1944 1157 Pr

2116 1119 2234 1173 μην
2255 1101 2404 1156 κατὰ
2430 1100 2757 1168 πρόσωπον
2785 1097 3032 1168 ἀνέμου.
3072 1100 3186 1152 Ούκ
3219 1098 3452 1169 ἀκαίρως
3473 1103 3496 1153 ὁ
3515 1103 3616 1172 Προ-

444 1199 644 1269 pheta,
697 1195 806 1249 imo
845 1195 1028 1266 potius
1067 1195 1122 1249 in
1154 1196 1220 1250 e'o
1261 1192 1498 1266 Spiritus
1538 1204 1762 1250 sanctus
1787 1235 1802 1259 ,
1843 1195 1944 1250 Deu

2120 1195 2310 1264 φήτης,
2339 1189 2538 1261 μᾶλλον
2561 1189 2619 1242 δὲ
2642 1189 2703 1242 τὸ
2732 1189 2788 1242 ἑν
2801 1189 2949 1259 αύτῷ
2967 1188 3120 1257 ἅγιον
3148 1187 3386 1259 Πνεῦμα,
3415 1190 3620 1248 tome.

443 1295 503 1341 ut
533 1286 639 1341 sibi
674 1286 954 1355 proprium
982 1285 1037 1339 in
1070 1283 1382 1354 huiusmodi
1408 1286 1724 1340 narratione
1748 1301 1943 1341 memor

2120 1302 2204 1340 ται
2229 1284 2319 1338 τὸν
2345 1283 2476 1336 Θεὸν
2531 1285 2590 1336 ἑν
2633 1285 2699 1353 τῇ
2734 1281 3070 1354 προκειμένῃ
3119 1282 3328 1353 ἱστορίᾳ
3368 1283 3620 1350 φάσκον,ὀ

442 1379 665 1440 dicens,
701 1376 840 1430 Deus
875 1389 1062 1430 meus:
1099 1391 1274 1445 neque
1303 1375 1450 1430 enim
1480 1376 1597 1440 ait,
1631 1375 1770 1431 Deus
1800 1387 1942 1432 noste

2121 1375 2262 1441 Θεός
2281 1392 2400 1444 μου
2418 1391 2432 1405 ο
2459 1373 2521 1427 ού
2543 1373 2648 1444 γὰρ
2669 1413 2685 1437 ,
2707 1375 2740 1426 ό
2767 1371 2911 1439 Θεὸς
2929 1372 3116 1442 ἡμῶν,
3136 1374 3322 1443 φησιν,
3346 1373 3453 1426 ἀλλ’
3472 1378 3500 1428 ὁ
3521 1377 3621 1443 Θεός

443 1470 574 1532 sed,
614 1469 754 1522 Deus
794 1481 970 1531 meus;
1001 1468 1160 1538 quasi
1201 1467 1284 1522 vel
1318 1484 1466 1524 unus
1503 1475 1752 1534 tantum,
1792 1469 1876 1525 vel
1915 1484 1943 1522 a

2121 1483 2250 1533 μου,
2290 1465 2366 1530 ὡς
2408 1463 2476 1518 ἂν
2531 1464 2650 1528 ἑνός
2679 1480 2781 1516 που
2824 1464 2917 1517 καὶ
2951 1464 3177 1517 σπανίου
3205 1463 3621 1536 περιλελειμμένου

442 1561 662 1616 modum
689 1559 853 1630 pauci
885 1569 1131 1630 tempore
1168 1560 1518 1632 Assyriorum
1557 1562 1862 1618 obsidionis
1902 1561 1942 1615 D

2122 1557 2257 1611 κατὰ
2289 1557 2382 1610 τὸν
2417 1555 2727 1626 δηλωθέντα
2757 1555 2946 1626 καιρὸν
2971 1555 3072 1626 τῆς
3106 1555 3215 1608 τῶν
3266 1555 3533 1628 Ἀσσυρίων
3555 1576 3622 1611 το-

441 1652 591 1724 digni
630 1651 805 1706 relicti
844 1650 1068 1706 fuerint.
1113 1650 1246 1705 Nam
1285 1667 1411 1706 cum
1453 1654 1686 1724 populus
1723 1654 1941 1710 omnis]

2123 1649 2382 1722 λιορκίας,
2426 1645 2576 1714 ἀξίου
2606 1647 2701 1701 τοῦ
2730 1647 2886 1702 Θεοῦ.
2930 1647 3016 1711 Ὧς
3053 1647 3164 1719 γὰρ
3200 1646 3294 1701 τοῦ
3325 1647 3448 1700 λαοῦ
3477 1650 3623 1714 παντὸς

439 1759 574 1817 psus
619 1751 674 1799 et
725 1750 1077 1813 peccatorum
1122 1757 1290 1798 causa
1347 1745 1728 1802 obsidentibus
1775 1747 1939 1801 tradit

2125 1742 2454 1804 ἐκπεσόντος,
2491 1741 2585 1794 καὶ
2602 1739 2691 1794 διὰ
2718 1739 2816 1805 τὰς
2846 1740 3120 1812 ἁμαρτίας
3148 1743 3267 1804 τοῖς
3310 1740 3625 1814 πολιορκητής

439 1847 619 1901 esset,
660 1851 769 1891 non
804 1836 1166 1891 communiter
1205 1835 1373 1891 Deum
1411 1839 1742 1909 compellat;
1799 1840 1895 1896 sed

2125 1829 2525 1903 παραδοθέντος,
2553 1830 2616 1883 ού
2641 1833 2934 1884 κοινοποιεί
2951 1830 3049 1902 τὴν
3063 1831 3261 1902 ἑπίκλη
3269 1848 3352 1884 σιν
3371 1849 3382 1862 ·
3407 1831 3461 1896 ἑξ
3479 1832 3625 1885 οἰκείου

445 1927 668 1999 propria
697 1941 928 1998 persona
950 1926 1031 1981 sic
1057 1926 1223 1981 inlert
1249 1926 1425 1982 :Deus
1446 1944 1610 1993 meus,
1641 1945 1774 1998 posse
1805 1931 1924 1984 illos

2127 1923 2167 1976 is
2200 1921 2363 1993 μόνου
2389 1919 2681 1992 προσώπου
2707 1921 2900 1990 ἐπάγει
2926 1921 3082 1992 λέγον
3107 1939 3122 1954 ο
3159 1923 3214 1975 '0
3238 1923 3382 1989 Θεός
3400 1940 3525 1992 μου,
3551 1924 3627 1979 θοῦ

437 2029 633 2074 rotam.
671 2018 744 2073 Ea
779 2028 963 2075 autem
993 2026 1126 2073 rota:
1151 2028 1348 2074 natura
1380 2029 1498 2087 est,
1529 2030 1590 2076 ut
1618 2023 1873 2079 volubilis
1905 2023 1937 2079 si

2129 2014 2332 2080 ιύτοὺς
2369 2014 2451 2080 ὡς
2493 2014 2730 2082 τροχόν.
2778 2013 2986 2086 Τροχοῦ
3015 2014 3074 2068 δὲ
3111 2014 3279 2084 φύσις
3313 2015 3530 2086 στρεπτὴ
3563 2016 3629 2068 καὶ

438 2127 541 2167 nec
568 2111 764 2167 eodem
793 2112 847 2166 in
882 2111 1006 2166 loco
1033 2112 1332 2167 consistat.
1369 2111 1520 2166 Talis
1548 2128 1676 2168 vero
1703 2121 1818 2167 tota
1862 2113 1938 2167 atl

2128 2107 2204 2176 ιύχ
2235 2103 2448 2159 ἑστῶσα
2479 2107 2539 2159 ἑν
2564 2105 2766 2177 ταύτῷ.
2789 2106 3044 2171 Τοιοῦτος
3083 2106 3141 2160 δὲ
3181 2109 3295 2172 πᾶς
3329 2109 3357 2161 ὁ
3384 2107 3480 2160 τῶν
3499 2106 3628 2161 ἀθέων

435 2219 598 2258 orum
630 2205 740 2258 vita
768 2213 853 2259 est
873 2245 887 2268 ,
920 2219 1042 2274 qua:
1071 2212 1282 2260 certum
1312 2204 1378 2259 ad
1423 2211 1639 2275 tempus
1683 2206 1738 2261 in
1773 2206 1935 2262 sublil

2127 2202 2247 2268 ιίος,
2275 2200 2452 2272 καιρῷ
2485 2202 2584 2272 μὲν
2605 2203 2685 2266 είς
2718 2201 2851 2272 ὕψος
2878 2204 3265 2276 ἐπαιρόμενος,
3294 2202 3410 2259 εἶτα
3448 2204 3627 2277 στροφὴν

439 2303 632 2351 evecta
653 2335 668 2360 ,
699 2295 897 2350 deinde
931 2296 1107 2351 instar
1139 2304 1272 2350 rota:
1298 2297 1355 2350 in
1389 2296 1727 2351 contrarium
1760 2296 1939 2352 venitt

2125 2293 2432 2363 ποιούμενος
2459 2293 2557 2364 τὴν
2585 2294 2678 2347 ἐπὶ
2712 2295 3042 2361 τούναντίον,
3065 2296 3246 2368 τροχῷ
3277 2295 3625 2369 παραπλησίαις.

438 2387 680 2443 Primum
719 2388 924 2459 itaque,
957 2387 1101 2442 Pone
1129 2389 1252 2443 illos
1277 2399 1340 2442 ut
1369 2399 1574 2453 rotam,
1609 2390 1782 2458 inquit
1815 2408 1831 2458 ;
1862 2389 1938 2444 dei

2125 2383 2338 2456 Πρῶτον
2357 2385 2560 2449 τοίνυν,
2589 2383 2708 2439 Θοῦ
2732 2386 2955 2452 αὐτοὺς
2969 2388 3048 2453 ὡς
3069 2387 3312 2456 τροχὸν,
3335 2388 3484 2457 φησιν
3498 2403 3510 2416 ”
3529 2382 3625 2445 εἶτα,

438 2479 540 2541 de,
580 2475 786 2548 (Vens.
821 2478 926 2548 15)
971 2479 1112 2533 sicut
1163 2478 1418 2547 stipulam
1445 2488 1569 2534 ante
1609 2480 1798 2548 faciem
1841 2497 1935 2534 ven

2125 2477 2190 2543 in;
2222 2475 2504 2546 καλάμην
2541 2477 2690 2531 κατὰ
2723 2477 3052 2544 πρόσωπον
3071 2477 3337 2546 ἀνέμου·
3368 2477 3490 2540 καὶ,
3526 2476 3625 2528 ὡσεί

433 2576 528 2634 et,
571 2569 709 2624 sicut
736 2569 872 2640 ignis
900 2570 990 2640 qui
1011 2572 1284 2625 commutet
1325 2570 1529 2641 sylram
1553 2589 1572 2637 ;
1601 2573 1705 2628 sub
1733 2572 1878 2636 haec,
1911 2589 1933 2626 s

2124 2567 2253 2637 πῦρ,
2293 2568 2330 2622 ὃ
2350 2567 2656 2638 διαφλέξει
2676 2567 2905 2639 δρυμόν
2924 2586 2938 2600 ⁸
2998 2569 3095 2622 καὶ
3149 2570 3248 2622 ἑπὶ
3292 2569 3504 2632 τούτοις,
3526 2569 3624 2620 ὡσεί

435 2666 498 2714 ut
552 2659 774 2729 ﬂamma
831 2677 948 2732 qua
987 2661 1256 2715 comburat
1306 2672 1526 2718 montes.
1581 2665 1736 2736 Ipsos
1775 2679 1935 2733 namq

2123 2661 2293 2732 φλὸξ,
2325 2661 2367 2730 ἡ
2408 2663 2775 2717 κατακαύσει
2791 2661 2919 2731 ὄρη.
2955 2662 3161 2725 Αὐτοὺς
3200 2661 3312 2733 γὰρ
3357 2663 3468 2715 κατ’
3500 2659 3623 2713 uictis

434 2749 730 2807 adversum
807 2751 1020 2823 seipsos
1090 2753 1499 2810 insurrecturos
1532 2795 1547 2820 ,
1606 2770 1672 2810 ac
1725 2755 1830 2811 sibi
1883 2755 1934 2826 ip

2115 2755 2498 2823 ἑπαναστῆναι,
2529 2754 2625 2809 καὶ
2649 2754 2715 2807 δι’
2745 2754 2955 2808 ἑαυτῶν
2979 2754 3078 2817 τὰς
3111 2753 3385 2824 τιμωρίας
3411 2749 3477 2805 ὧν

436 2843 804 2898 admissurum
857 2845 1125 2900 scelerum
1182 2846 1510 2917 supplicium
1573 2847 1824 2901 illaturos
1877 2862 1936 2901 va

2123 2847 2354 2920 μήκασιν
2379 2848 2636 2918 ὑποσχεῖν
2661 2846 2749 2900 διὰ
2794 2845 2998 2901 τούτων
3041 2842 3293 2910 Θεσπίζει
3339 2841 3623 2898 είπώνοθοί

431 2934 651 2988 cinatur
703 2933 790 2990 his
847 2934 1074 2990 verbis:
1111 2934 1257 2990 Pone
1303 2934 1453 2990 illos.
1508 2933 1648 2990 Huic
1699 2944 1880 2990 autem
1929 2965 1931 2978 ι

2117 2939 2354 3004 αὐτούς.
2371 2937 2718 3009 Παραθήσεις
2738 2937 2796 2990 δὲ
2818 2935 2916 3007 τῷ,
2935 2936 3018 3003 ὡς
3044 2933 3330 3006 καλάμην
3344 2935 3482 2990 κατὰ
3500 2935 3617 3002 προσ

431 3031 547 3088 cto,
577 3025 715 3077 sicut
737 3024 990 3093 stipulam
1014 3034 1134 3079 ante
1160 3025 1350 3094 faciem
1372 3025 1534 3088 venti,
1562 3025 1704 3079 istuc
1730 3024 1860 3079 alibi
1883 3039 1931 3094 p1

2123 3045 2279 3084 ωπον
2317 3028 2564 3099 ἀνέμου,
2595 3031 2656 3084 τὸ
2699 3032 2756 3082 ἑν
2787 3029 2996 3100 ἑτέροις
3043 3027 3390 3098 λελεγμένον·
3424 3029 3529 3096 Οὐχ
3558 3026 3623 3079 οῦς

437 3117 603 3170 latum
636 3115 865 3184 adiicias
889 3136 902 3171 :
925 3114 1050 3170 Non
1080 3118 1157 3172 sic
1177 3117 1349 3186 impii,
1379 3133 1479 3170 non
1501 3117 1608 3179 sic;
1638 3117 1727 3172 sed
1759 3125 1937 3187 tanqu

2121 3141 2221 3190 τως
2276 3126 2330 3178 οἱ
2377 3095 2633 3189 ἀσεϐεῖς,
2677 3123 2790 3191 οὐχ
2842 3095 3049 3185 οῦτωςο
3086 3095 3229 3174 ἀλλ
3270 3120 3352 3186 ὡς
3388 3095 3563 3188 χνοῦς,
3583 3116 3621 3168 ὃν

430 3204 607 3274 pulvis
651 3222 804 3276 quem
848 3206 1064 3274 projicit
1116 3217 1294 3262 ventus
1327 3224 1360 3261 a
1402 3207 1538 3276 facie
1587 3208 1807 3261 terra!“
1836 3209 1930 3261 :lll

2125 3217 2369 3286 εξπρίπτει
2390 3220 2425 3271 ὁ
2456 3217 2676 3286 ἄνεμος
2705 3215 2823 3270 ἀπὸ
2857 3215 3185 3282 προσώπου
3220 3215 3336 3283 τῆς
3356 3213 3476 3283 γῆς.
3503 3213 3561 3265 Τὸ
3575 3211 3625 3274 δὲ,

432 3301 640 3358 autem,
691 3295 829 3348 sicut
867 3296 1004 3364 ignis
1057 3296 1146 3366 qui
1192 3296 1460 3351 comburet
1507 3296 1734 3367 sylvam,
1770 3297 1932 3353 declat

2124 3309 2249 3363 basi
2279 3308 2418 3377 πῦρ,
2447 3308 2478 3362 ὃ
2503 3306 2808 3377 διαρλέξει
2836 3306 3084 3375 δρυμὸν,
3124 3307 3449 3378 παρίστησιν
3485 3305 3624 3365 αὑτοῦ,

437 3381 589 3452 ipsos
615 3383 816 3454 ignem,
849 3385 1179 3456 eosdemque
1205 3388 1414 3458 sylvam
1459 3403 1614 3452 θεεθς
1643 3389 1716 3442 ila
1746 3396 1804 3442 ιιι
1836 3389 1939 3460 ἰρεί
1978 3405 2010 3444 a
2109 3395 2329 3453 εἶναιτὸ
2351 3398 2481 3470 πῦρ,
2513 3397 2610 3451 καὶ
2637 3397 2832 3461 αὐτοὺς
2859 3392 2997 3450 εἶναι
3030 3395 3121 3450 τὸν
3150 3396 3391 3468 δρυμόν·
3424 3395 3542 3448 ῶστε
3563 3393 3616 3446 αὖ

435 3473 638 3544 seipsis
661 3475 1020 3531 comburendi
1061 3477 1190 3540 sint,
1225 3477 1528 3534 secundum
1583 3478 1740 3544 illud,
1774 3479 1934 3534 lnced

2107 3495 2233 3556 τοὺς
2264 3494 2352 3560 ὑφ’
2392 3489 2607 3544 ἑαυτῶν
2639 3489 3038 3562 φλεχθήσεσθαι
3083 3489 3227 3543 κατὰ
3265 3489 3328 3542 τὺ
3369 3485 3606 3556 φάσκονλό

434 3564 508 3619 ad
529 3565 696 3620 lucem
713 3566 848 3636 ignis
865 3569 1041 3633 vestri,
1058 3577 1110 3623 et
1137 3569 1210 3622 ad
1231 3570 1506 3638 ﬂammam
1530 3587 1689 3640 quam
1711 3573 1934 3625 succend

2123 3603 2224 3656 γιον
2243 3601 2256 3615 °
2286 3584 2617 3652 Πορεύεσθε
2637 3581 2718 3648 τῷ
2749 3581 2897 3652 φωτί
2918 3580 3025 3635 τοῦ
3044 3582 3238 3650 πυρὲς
3269 3579 3449 3652 ὑμῶν,
3475 3580 3551 3633 καί
3576 3574 3623 3643 τῇ

436 3657 506 3710 tis
535 3657 599 3713 ".
632 3655 768 3712 Illud
799 3674 949 3726 vero,
982 3658 1172 3731 (Vens.
1209 3659 1299 3733 16)
1335 3663 1469 3717 sicut
1497 3662 1716 3732 ﬂamma
1730 3679 1848 3734 qua:
1865 3679 2010 3718 com-

432 3753 585 3808 buret
615 3764 839 3820 montes,
876 3759 1132 3828 nequitia
1153 3775 1343 3816 eorum
1376 3763 1803 3834 magnitudinem
1832 3763 1932 3819 ell‘e

2121 3765 2238 3833 ὅρη,
2265 3764 2504 3818 δείκνυσι
2533 3767 2633 3836 τῆς
2656 3762 2835 3818 αὐτῶν
2880 3763 3077 3826 κακίας
3107 3761 3168 3816 τὸ
3205 3762 3448 3833 μέγεθος,
3478 3759 3554 3814 καὶ
3573 3757 3621 3818 ὡς.

431 3860 500 3899 ac
523 3845 811 3902 denuntiat
839 3850 1115 3919 quomodo
1146 3849 1364 3906 llamma
1411 3851 1680 3922 ipsorum,
1713 3855 1931 3908 elatione

2121 3861 2140 3928 ἡ
2174 3858 2350 3911 αὐτῶν
2379 3857 2510 3928 φλὸξ
2531 3858 2602 3911 τὰ
2629 3858 2925 3928 ἐπάρματα
2953 3857 3133 3911 αὐτῶν
3167 3857 3264 3910 καὶ
3291 3857 3359 3909 τὰ
3391 3854 3621 3926 ὑψώματα.

431 3943 490 3990 ct
543 3940 856 4010 superbiam
915 3956 1129 4007 eorum,
1191 3943 1462 3998 montium
1512 3945 1689 3999 instar
1745 3954 1926 4001 erecta

2119 3950 2294 4024 ὥσπερ
2320 3951 2442 4005 τινὰ
2484 3951 2608 4022 ὄρη,
2646 3950 3008 4004 κατακαύσει.
3049 3949 3321 4018 Ἐπιλέγει
3354 3949 3407 4002 δὲ
3439 3947 3619 4006 τούτοις·

429 4030 794 4086 combustura
823 4034 915 4087 sit.
946 4031 1317 4105 Subsequitur
1349 4036 1590 4093 deinde:
1626 4067 1698 4080 —-
1723 4038 1885 4094 Vens.
1915 4039 1929 4090 l

2119 4037 2272 4090 Οὕτω
2309 4037 2688 4104 καταδιὼξεις
2719 4039 2958 4104 αὐτούς.
3005 4039 3116 4092 Καὶ
3157 4040 3220 4092 ἑν
3244 4039 3444 4110 ἑτέροις
3480 4037 3526 4089 δὲ
3561 4033 3619 4084 λὲε

433 4119 526 4175 Ita
554 4123 879 4192 persequeris
908 4123 1030 4178 illos
1049 4139 1067 4176 :
1097 4126 1227 4180 alibi
1249 4141 1468 4197 quoque
1489 4127 1695 4182 dictum
1723 4138 1830 4192 est,
1860 4127 1933 4199 lg:

2119 4134 2291 4182 tanta:
2311 4145 2328 4163 ο
2356 4128 2484 4197 Πῦρ
2515 4129 2614 4185 καὶ
2652 4129 2813 4183 θεῖον
2844 4129 2940 4183 καί
2977 4129 3215 4198 πνεῦμα
3257 4123 3619 4197 καταιγίδος,ἠ

425 4223 486 4268 et
515 4213 735 4283 sulphur
762 4223 813 4269 et
855 4216 1074 4284 spiritus
1104 4217 1460 4286 procellarum
1511 4234 1638 4288 pars
1697 4220 1880 4273 calicis

2117 4221 2270 4288 μερὶς
2297 4220 2404 4274 τοῦ
2430 4221 2716 4288 ποτηρίου
2755 4217 2972 4273 αὐτῶν.
3014 4219 3250 4287 Ἐδίδαξε
3278 4221 3338 4274 δὲ
3361 4219 3443 4274 διὰ
3468 4217 3617 4271 τούτων

437 4321 556 4359 rum
591 4305 656 4360 ¹⁸.
707 4303 804 4360 llis
841 4320 1006 4376 porro
1054 4308 1386 4374 declaratur,
1418 4311 1709 4380 procellam
1760 4310 1935 4380 iramq

2117 4315 2132 4365 5
2159 4312 2334 4379 λόγος,
2362 4312 2443 4364 ὅτι
2477 4313 2510 4382 ή
2546 4313 2800 4381 καταιγὶς
2817 4313 2914 4366 καὶ
2942 4313 3128 4385 ήόργὴ
3149 4312 3243 4366 τοῦ
3272 4311 3405 4366 Θεοῦ
3436 4311 3488 4363 οὐ
3515 4305 3617 4375 πάθη

435 4393 534 4449 Dei
563 4409 674 4449 non
707 4395 872 4449 animi
910 4403 1119 4450 motum
1149 4396 1206 4451 in
1226 4397 1339 4452 Deo
1371 4413 1529 4466 esse;
1559 4399 1653 4454 sed
1677 4399 1798 4469 ejus
1820 4414 1935 4470 pret

2116 4405 2357 4475 τυγχάνει
2393 4403 2488 4457 τοῦ
2522 4405 2678 4468 Θεοῦ,
2720 4405 2835 4458 ἀλλ’
2867 4406 2901 4474 ὴ
2930 4405 3108 4460 τοιάδε
3145 4422 3232 4468 τις
3265 4402 3548 4474 ἑπίσκηψις,
3573 4397 3616 4450 δι’

435 4487 698 4551 dentiam,
724 4501 832 4558 qua
851 4494 1030 4554 curat,
1055 4503 1153 4544 eos
1186 4499 1376 4545 contra
1407 4491 1622 4562 seipsos
1656 4491 1935 4562 insurgent

2114 4491 2171 4566 ἧς
2201 4496 2398 4559 αὐτοὺς
2435 4494 2556 4548 καθ’
2599 4495 2808 4549 ἑαυτῶν
2835 4497 3249 4560 ἑπαναστάντας
3278 4495 3338 4561 ἑξ
3358 4493 3540 4549 ἑαυτῶν
3554 4491 3614 4541 λα-

437 4577 544 4633 sibi
568 4577 873 4634 facinorum
907 4594 1098 4649 pmnas
1125 4578 1394 4652 inﬂigere.
1428 4580 1554 4636 Hec
1581 4583 1765 4636 omnia
1798 4583 1937 4638 accic

2113 4587 2220 4639 δεῖν
2247 4580 2322 4640 ὧν
2348 4586 2578 4657 ἔδρασαν
2623 4585 2719 4657 τὴν
2765 4587 3037 4659 τιμωρίαν
3070 4586 3367 4641 ωνὲὃαινε.
3406 4577 3613 4639 Ταῦταδέ

435 4683 498 4724 re
517 4677 791 4738 precatur,
826 4671 942 4725 sive
971 4671 1155 4740 potius
1185 4672 1515 4742 pramuntiat
1547 4673 1810 4729 adversus
1829 4673 1935 4729 inin

2112 4675 2280 4729 πάντα
2336 4676 2584 4737 ἱκετεύει,
2623 4674 2656 4746 ἢ
2707 4676 2803 4729 καὶ
2862 4676 3059 4746 μᾶλλον
3111 4676 3357 4741 Θεσπίζει
3387 4673 3510 4728 κατὰ
3542 4669 3612 4721 τῶν

435 4776 534 4816 nos
559 4761 655 4816 Dei
695 4771 995 4830 eventura;
1041 4771 1101 4818 ut
1148 4765 1234 4820 vel
1287 4765 1414 4819 hinc
1467 4766 1660 4820 saltem
1710 4766 1935 4837 aliquant

2109 4763 2316 4834 ἐχθρῶν
2347 4763 2440 4816 τοῦ
2468 4762 2604 4817 Θεοῦ
2637 4763 2858 4818 ἔσεσθαι
2880 4783 2896 4798 ο
2932 4767 3020 4821 ἵνα
3052 4765 3158 4820 κᾶν
3189 4767 3329 4820 οὔτω
3361 4767 3478 4818 ποτὲ
3509 4763 3609 4829 ὠφε·

437 4853 710 4923 iuventur.
742 4853 1022 4924 Siquidem
1045 4870 1258 4910 summa
1279 4865 1364 4912 est
1388 4856 1615 4923 utilitas,
1630 4871 1794 4912 nosse
1811 4855 1937 4913 DCIII

2109 4855 2332 4926 ληθείεν.
2362 4856 2424 4907 Εἰ
2454 4854 2518 4926 δὴ
2544 4855 2780 4925 ὠφέλεια
2823 4857 3052 4930 μεγίστη
3089 4859 3344 4930 τυγχάνει
3385 4857 3441 4910 τὸ
3463 4855 3609 4922 γνῶναι

434 4951 493 4999 ct
513 4943 581 4998 ad
612 4943 1022 5014 inquisitionem
1044 4945 1285 5002 nominis
1307 4946 1429 5015 ejus
1459 4946 1667 5013 venire,
1692 4947 1836 5016 quod
1870 4947 1934 5016 ip:

2107 4945 2194 4996 τὸν
2225 4944 2377 5010 Θεὸν,
2402 4945 2495 4998 καὶ
2523 4946 2616 4998 ἐπὶ
2635 4947 2862 5018 ζήτησιν
2883 4947 2976 5002 τοῦ
3000 4949 3262 5020 ὀνόματος
3291 4947 3444 5002 αὐτοῦ
3469 4945 3607 5006 ἐλθεῖν,

436 5050 788 5090 accessurum
833 5051 956 5091 esse
1002 5043 1130 5107 post
1157 5037 1417 5108 praedicta
1445 5037 1606 5092 docet
1657 5039 1746 5093 his
1777 5040 1936 5095 verbi:

2105 5036 2240 5107 ὅπερ
2267 5035 2484 5089 ἔσεσθαι
2537 5037 2663 5108 περὶ
2694 5038 2875 5092 αὐτῶν
2902 5040 3039 5111 μετὰ
3085 5041 3155 5095 τὰ
3199 5039 3531 5113 προλεχθέντα
3559 5035 3605 5088 δι·

436 5125 675 5184 -—Vens.
709 5127 797 5194 18,
832 5127 920 5185 19.
961 5127 1033 5183 Et
1057 5140 1290 5201 qumrent
1329 5147 1515 5186 nomen
1548 5138 1694 5185 tuum
1715 5171 1730 5196 ,
1760 5131 1936 5185 Domi:

2105 5126 2515 5196 δάσκειλέγωνο
2553 5131 2661 5185 Kal
2707 5130 3033 5199 ζητήσουσι
3073 5134 3141 5188 τὸ
3173 5133 3356 5204 ὄνομά
3395 5148 3512 5196 σου,
3535 5124 3605 5181 Kl?

439 5211 764 5268 Erubescant
814 5223 865 5268 et
903 5217 1278 5270 conturbentur
1303 5217 1360 5270 in
1413 5216 1666 5271 saeculum
1713 5218 1917 5284 saeculi,

2102 5235 2210 5286 ριε.
2257 5218 2766 5289 Αἰσχυνθήτωσαν
2810 5223 2910 5276 καί
2944 5223 3404 5293 capulo-tiran
3439 5224 3511 5285 εις
3534 5213 3602 5268 τὸν

438 5304 831 5372 confundantur
857 5314 908 5362 et
947 5319 1181 5376 pereant.
1218 5307 1288 5362 Et
1316 5320 1633 5378 cognoscant
1664 5309 1787 5379 quia
1815 5326 1938 5362 nam

2105 5309 2290 5364 αἰῶνα
2343 5310 2453 5366 τοῦ
2498 5312 2731 5380 αἰῶνος,
2782 5315 2882 5368 καί
2907 5315 3364 5385 ἐντραπήτωσαν
3395 5314 3479 5368 καί
3506 5311 3595 5362 ἀπο

369 5439 372 5442 .
438 5391 533 5478 tibi
561 5393 817 5450 Dominus
847 5413 865 5451 :
901 5406 958 5450 tu
999 5398 1146 5452 solus
1199 5397 1507 5452 Altissimus
1557 5399 1615 5452 in
1644 5399 1787 5452 omni
1837 5407 1869 5452 ιι

2105 5403 2444 5459 λέσθωσαν.
2474 5407 2585 5460 Καὶ
2612 5406 2951 5475 γνώτωσαν,
2983 5408 3071 5462 ὅτι
3090 5407 3273 5478 ὄνομὰ
3300 5423 3392 5462 σοι
3417 5405 3597 5471 Κύριος’

439 5477 785 5540 lnimicorum
811 5485 904 5541 Dei
938 5497 1169 5543 mortem
1190 5488 1665 5544 duobusl‘uturam
1697 5488 1876 5544 modis
1904 5505 1939 5544 v;

2107 5494 2188 5548 σὺ
2207 5494 2395 5563 μόνος
2419 5495 2679 5564 ὕψιστος
2718 5497 2818 5551 ἐπὶ
2847 5497 3053 5554 πᾶσαν
3092 5477 3208 5570 τὴν
3240 5499 3368 5570 γῆν.
3409 5495 3503 5564 Τῆς
3523 5489 3596 5542 τῶν

440 5571 729 5630 tieinatur:
757 5577 865 5634 alio
889 5578 1110 5650 quidem
1144 5595 1253 5651 quo
1279 5579 1390 5638 illis
1427 5595 1580 5652 spem
1607 5580 1808 5636 bonam
1833 5595 1940 5637 asc!

2109 5583 2318 5655 ἐχθρῶν
2375 5585 2469 5640 τοῦ
2513 5584 2649 5642 Θεοῦ
2695 5586 2949 5660 τελευτῆς
3001 5587 3093 5643 δύο
3158 5591 3380 5662 τρόπους
3433 5575 3593 5637 ista.“

511 5725 741 5783 "~Psal.
781 5746 831 5794 ι.
863 5730 918 5784 4.
997 5733 1038 5766 ¹⁷
1081 5731 1345 5798 lsa.t.x1,
1383 5736 1470 5792 11.
1548 5737 1591 5770 ⁸⁸
1632 5735 1775 5792 Psal-
1814 5752 1883 5799 ιι
1917 5735 1970 5792 7-

2105 3671 2283 3743 φλογί
2297 3667 2337 3744 ᾗ
2351 3673 2732 3738 ἐξεκαύσατε.
2756 3673 2830 3726 Τὸ
2847 3672 2924 3737 δὲ,
2939 3671 3081 3726 ὡσεὶ
3091 3672 3256 3741 φλὸξ
3272 3672 3310 3740 ἤ
3327 3672 3623 3726 κατακαύσει
3740 3735 3741 3746 χ
