3798 6282
128 368 248 423 1001

1248 344 1751 417 COMMENTARIA
1790 354 1856 409 IN
1899 346 2238 409 PSALMOS.

3222 340 3360 405 I001

123 479 387 543 θεσπίζει·
446 468 547 536 ἕνα
583 478 679 549 μὲν
718 476 838 530 καθ’
862 475 919 528 ὃν
961 475 1201 548 χρηστὰς
1258 477 1441 537 αὐτοῖς
1474 473 1689 532 ἐλπίδας

1796 465 1911 531 bit;
1943 464 2211 535 siquidem
2262 464 2401 517 bona
2438 479 2523 517 res
2548 471 2629 517 est
2663 478 2784 518 cum
2824 461 2915 515 Dei
2946 458 3206 530 cognitio,
3250 471 3365 510 tum

125 573 402 643 ἐπιγράφει
422 587 435 599 °
474 572 523 624 εἰ
574 571 636 642 δὴ
682 570 884 640 ἀγαθὸν
917 570 1175 642 ἠγνῶσις
1208 567 1300 620 τοῦ
1330 567 1486 628 Θεοῦ,
1534 566 1628 619 καὶ
1658 567 1690 636 ή

124 662 208 716 τοῦ
231 662 491 733 ὀνόματος
523 661 688 716 αὑτοῦ
727 662 1048 734 κατάληψις,
1092 662 1185 714 καὶ
1231 661 1291 713 τὸ
1339 658 1691 727 παιδευθῆναι

124 754 240 817 τοὺς
273 752 539 824 πρότερον
562 753 636 824 μὴ
662 754 865 816 εἰδότας
889 753 979 806 τὸν
1009 752 1161 814 Θεὸν,
1194 749 1268 813 ὡς
1295 751 1402 821 ἄρα
1428 748 1586 811 αὐτὸς
1605 746 1691 817 εἴη

126 848 274 917 μόνος
316 844 540 913 ὕψιστος
574 846 666 899 ἐπὶ
716 848 891 899 πᾶσαν
918 845 1016 917 τὴν
1036 845 1173 915 γῆνο
1217 843 1341 906 τοὺς
1386 842 1494 912 γὰρ
1523 838 1693 893 ταῦτα

123 935 538 1008 ὁμολογοῦντας,
574 935 744 1007 λήθην
780 937 875 1007 μὲν
916 934 1246 1005 πεποιῆσθαι
1278 934 1374 1003 τῆς
1421 931 1693 1003 προτέρας

124 1030 320 1085 ἑαυτῶν
370 1029 635 1083 πολυθέου
686 1030 911 1102 πλάνης,
971 1030 1117 1093 εἰκὸς
1173 1025 1471 1082 ἀποθέσθαι
1504 1042 1563 1077 τε
1596 1023 1694 1095 τὴν

127 1124 348 1196 ματαίαν
382 1125 478 1177 καὶ
527 1124 812 1195 ἀπατηλὴν
852 1124 980 1195 περὶ
1031 1122 1169 1176 θεῶν
1198 1117 1575 1190 ψευδολογίανο
1603 1117 1695 1170 τὸν

123 1216 173 1270 δὲ
204 1216 383 1287 ἕτερον
410 1216 634 1285 τρόπον,
665 1217 785 1270 καθ’
818 1217 877 1272 ὃν
918 1215 1179 1285 αἰσχύνην
1212 1213 1305 1267 καὶ
1328 1211 1573 1286 ταραχὴν
1601 1209 1695 1265 καὶ¹

125 1307 400 1378 ἐντροπὴν,
457 1309 552 1361 καὶ
599 1309 693 1361 ἐπὶ
735 1310 864 1361 πᾶσι
896 1307 1103 1370 τούτοις
1141 1305 1417 1360 ἀπώλειαν
1460 1312 1698 1377 προαγο-

127 1395 261 1466 ρεύει
294 1397 405 1457 τοῖς
434 1396 638 1449 τούτων
680 1396 868 1460 ἀξίοις.
898 1398 1021 1460 Τοῖς
1062 1397 1159 1467 μὲν
1182 1395 1289 1467 γὰρ
1325 1397 1390 1449 ὲκ
1426 1384 1521 1466 τῆς
1548 1394 1697 1456 Θείας

126 1488 443 1558 ἐπιστροφῆς
470 1488 895 1557 μεταϐάλλουσιν
926 1491 1018 1542 ἐπὶ
1064 1489 1124 1541 τὸ
1154 1490 1397 1558 κρεῖττον
1417 1487 1516 1558 τὴν
1547 1486 1696 1540 θείαν

126 1578 309 1645 γνῶσιν
346 1579 685 1648 παρέσεσθαι
713 1579 983 1633 διδάσκει·
1020 1583 1131 1645 τοῖς
1162 1581 1219 1633 δὲ
1255 1582 1321 1651 τῇ
1361 1578 1569 1632 ἑαυτῶν
1604 1580 1697 1645 ὲγ-

127 1670 470 1741 καταγηρῶσι
528 1672 695 1743 κακίᾳ
741 1672 832 1726 τὸν
890 1672 1106 1743 ὄλεθρον
1151 1673 1243 1726 καὶ
1283 1673 1382 1745 τὴν
1422 1668 1697 1726 ἀπώλειαν

127 1763 345 1817 ἀπειλεῖ.
378 1764 470 1817 Διὸ
500 1768 628 1837 περὶ
675 1765 773 1837 μὲν
823 1765 931 1819 τῶν
980 1767 1234 1837 χειρόνων
1273 1765 1555 1819 λέλεκται·
1606 1766 1698 1819 Αἱ-

1795 558 2030 612 nominis
2061 556 2181 625 ejus
2223 554 2672 626 comprehensio;
2703 554 3001 624 itidemque
3046 552 3251 606 bonum
3284 557 3368 603 est

1794 666 1910 713 eos,
1934 649 2027 719 qui
2054 649 2205 718 prius
2229 645 2399 700 Deum
2432 660 2539 699 non
2565 652 2784 711 norant,
2808 642 3026 697 edoceri
3064 642 3243 711 ipsum
3278 654 3371 693 so-

1795 745 1907 797 lum
1945 756 2067 797 esse
2110 740 2434 795 altissimum
2489 752 2654 807 super
2706 751 2921 791 omnem
2971 743 3211 800 terram;
3274 747 3369 786 eos

1795 834 2016 904 quippe,
2057 830 2149 902 qui
2209 828 2337 883 talia
2396 827 2739 898 profitentur,
2774 825 3071 897 verisimile
3124 831 3210 878 est
3254 823 3368 892 jam

1796 923 2178 992 multiplicium
2214 922 2438 975 deorum
2481 934 2722 975 errorem
2753 917 3012 972 oblivioni
3054 916 3367 979 mandasse,

1797 1030 1861 1071 ac
1888 1031 2084 1069 vanam
2110 1013 2467 1083 fallacemque
2496 1010 2762 1067 falsorum
2793 1009 3021 1063 deorum
3062 1006 3370 1062 doctrinam

1798 1110 2105 1179 abiecisse:
2140 1108 2248 1161 alio
2287 1107 2416 1161 item
2468 1103 2652 1168 modo,
2688 1102 3114 1173 turpitudinem,
3147 1109 3371 1169 pertur—

1796 1201 2095 1262 bationem,
2132 1207 2187 1253 et
2230 1198 2629 1261 confusionem,
2677 1210 2740 1249 ac
2787 1202 2982 1265 pneter
3018 1193 3134 1248 hrec
3188 1191 3373 1245 omnia

1797 1290 2093 1359 perniciem
2117 1287 2362 1358 prmdicit
2385 1287 2452 1342 iis
2473 1285 2565 1357 qui
2588 1301 2777 1341 eorum
2810 1284 2957 1354 digni
2987 1290 3135 1338 sunt.
3159 1279 3370 1335 Etenim

1800 1383 1868 1437 iis
1901 1383 1993 1452 qui
2026 1397 2092 1437 ex
2142 1381 2401 1436 divinitus
2436 1379 2680 1434 immissa
2732 1376 3095 1431 conversione
3142 1389 3264 1429 sese
3304 1370 3373 1425 ad

1800 1477 2082 1531 meliorem
2126 1473 2335 1544 frugem
2380 1472 2721 1541 receperint,
2757 1471 2997 1525 divinam
3055 1466 3243 1522 adfore
3280 1480 3375 1519 co-

1799 1568 2097 1639 gnitionem
2152 1564 2467 1630 denuntiat;
2500 1564 2568 1617 iis
2596 1578 2726 1616 vero
2768 1564 2860 1631 qui
2898 1560 2954 1615 in
3000 1560 3243 1629 nequitia
3274 1575 3373 1613 sua

1800 1657 2209 1720 consenuerint,
2252 1656 2479 1710 exitium
2528 1669 2591 1709 ac
2622 1653 2918 1723 perniciem
2967 1652 3370 1705 interminata}.

1801 1748 2168 1816 Quamobrem
2205 1747 2272 1803 de
2311 1746 2592 1817 pejoribus
2641 1745 2857 1816 quidem
2900 1744 3008 1798 illis
3035 1742 3241 1798 dictum
3267 1753 3372 1804 est,

126 1823 693 1924 Ulvrgﬁtwm'aai
732 1823 1203 1927 ταραχθῆτῶσαν
1241 1860 1328 1921 εὶς
1364 1857 1470 1911 τὸν
1510 1854 1689 1909 αἰῶνα

1801 1840 2126 1896 Erubescant
2176 1850 2225 1894 et
2282 1840 2657 1893 conturbantur
2705 1839 2759 1891 in
2788 1837 3040 1893 swculum
3088 1836 3292 1899 saeculi,
3323 1847 3374 1889 et

127 1948 222 2001 τοῦ
252 1948 489 2015 αἰῶνος,
517 1950 615 2013 καὶ
633 1950 1103 2018 ἐντραπήτωσαν
1119 1948 1694 2004 καίάπολέσθωσαν’

127 2041 249 2111 Περὶ
271 2041 326 2094 δὲ
356 2041 467 2094 τῶν
524 2043 617 2096 ἐπὶ
646 2041 708 2094 τὸ
742 2044 988 2112 κρεῖττον
1026 2038 1586 2113 μεταϐληθησομένων
1614 2037 1693 2119 τὸ,

127 2132 224 2186 Καὶ
244 2131 590 2201 γνώτωσαν,
608 2131 697 2186 ὅτι
716 2132 783 2184 τὸ
806 2131 994 2201 ὄνομά
1020 2148 1119 2185 σοι
1136 2132 1371 2199 Κύριος,
1400 2129 1482 2183 σὺ
1506 2131 1696 2199 μόνος

124 2226 367 2294 ὕψιστος
404 2225 507 2277 ἐπὶ
556 2222 763 2279 πᾶσαν
788 2227 902 2291 τὴν
924 2222 1060 2292 γῆν.
1092 2222 1321 2274 Δύναται
1352 2221 1407 2273 δὲ
1449 2219 1541 2273 καὶ
1570 2219 1697 2290 περὶ

126 2319 222 2373 τῶν
246 2318 423 2372 αὐτῶν
452 2317 524 2372 τὰ
573 2318 750 2372 πάντα
796 2316 1067 2387 λέγεσθαι,
1113 2317 1187 2381 ὡς
1210 2317 1317 2369 τῶν
1362 2314 1572 2386 ἐχθρῶν
1600 2314 1695 2367 τοῦ

126 2411 266 2474 Θεοῦ,
298 2410 419 2465 καθ’
450 2410 513 2464 ὃν
540 2411 817 2464 πείσονται
846 2409 1034 2479 καιρὸν
1059 2408 1126 2461 τὰ
1166 2406 1692 2480 προκαταλεχθέντα,

127 2502 608 2574 ἐντραπησομένων
640 2502 734 2556 καὶ
760 2501 1289 2571 αἰσχυνθησομένων,
1326 2502 1417 2552 καὶ
1450 2497 1697 2569 ἀπωλείᾳ

128 2592 667 2664 παραδοθησομένων.
702 2592 794 2645 καί
825 2592 945 2645 τότε
974 2592 1109 2662 αὐτῇ
1142 2591 1307 2662 πείρα
1336 2590 1696 2661 γνωσομένων

127 2686 209 2739 καὶ
258 2684 703 2756 ὁμολογησόντων
753 2683 849 2737 ἕνα
903 2679 1041 2737 εἶναι
1076 2685 1166 2736 καὶ
1211 2684 1369 2754 μόνον
1426 2682 1559 2736 Θεὸν
1602 2682 1695 2736 τὸν

127 2775 332 2845 ὕψιστον
385 2768 485 2831 καὶ
542 2775 635 2828 ἐπὶ
683 2777 862 2829 πᾶσαν
914 2776 1012 2846 τὴν
1062 2772 1186 2845 γῆν,
1235 2774 1325 2828 τὸν
1381 2776 1473 2830 καὶ
1508 2774 1695 2846 δικαίᾳ

127 2867 287 2937 κρίσει
317 2866 648 2939 μετελθόντα
674 2868 871 2932 αὐτοὺς
911 2868 1017 2920 τῶν
1062 2868 1479 2939 τετολμημένων
1512 2868 1695 2931 αὐτοῖς

127 2959 287 3030 χάριν.

126 3128 220 3189 ΕΙΣ
243 3138 326 3190 ΤΟ
367 3135 853 3228 ΤΕΛρΞζἪΧἿΠΙΞΕΔ
879 3133 1304 3228 "l‘gll‘ivAHanf'lN,
1335 3132 1487 3187 ΤΟΙΣ
1514 3134 1694 3187 ΥΙΟΙΣ
1721 3166 1767 3228 C
1801 3136 1851 3190 I.
1907 3132 1974 3187 IN

528 3206 731 3270 ΚΟΡΕ,
765 3205 1072 3259 ΨΑΛΜΟΣ.
1120 3204 1242 3258 III".

194 3340 283 3406 Ὧς
302 3339 581 3409 ἀγαπητὰ
600 3338 671 3392 τὰ
698 3335 1057 3407 σκηνώματά
1082 3352 1218 3399 σου,
1241 3336 1419 3405 Κύριε
1452 3335 1569 3389 τῶν
1592 3335 1687 3388 δυ-

124 3430 355 3501 νάμεων.
372 3428 797 3483 Διαλελοιπότων
819 3428 925 3480 τῶν
952 3423 1687 3496 ἐπιγεγραμμένωνψαλμῶν

122 3524 206 3578 τοῦ
244 3524 435 3595 Ἀσὰφ,
465 3518 540 3579 ὧν
564 3523 780 3596 πρῶτος
812 3521 909 3593 μὲν
935 3523 963 3574 ὁ
997 3520 1095 3587 οϐ’,
1126 3520 1432 3583 τελευταῖος
1453 3522 1481 3571 ὀ
1515 3519 1559 3589 β’
1594 3518 1688 3572 καί

124 3619 190 3677 π’,
219 3615 403 3668 ἕπεται
427 3615 457 3667 ὁ
486 3613 676 3686 παρὼν
711 3614 823 3683 πγ’,
856 3613 974 3677 τοῖς
1004 3611 1156 3679 υἱοῖς
1173 3610 1326 3679 Κορέ
1343 3614 1688 3681 ἐπιγεγραμ-

126 3706 286 3774 μένος,
345 3706 479 3777 περὶ
533 3699 608 3759 ὧν
657 3706 715 3758 ἐν
779 3709 890 3768 τοῖς
953 3703 1566 3773 προτεχνολογουμένοις
1618 3702 1687 3755 τὰ

122 3794 328 3862 δόξαντα
378 3797 756 3867 διειλήφαμεν.
821 3796 1184 3867 Ἐπιτηρῆσαι
1246 3786 1304 3847 δὲ
1356 3796 1683 3863 ἀναγκαῖον,

124 3887 190 3951 ὡς
206 3892 249 3942 oi
278 3891 479 3954 πάντες
502 3890 596 3945 τοῦ
626 3890 799 3959 Ἀσὰφ
822 3887 1028 3941 δώδεκα
1049 3889 1374 3959 τυγχάνουσι
1406 3888 1496 3940 τὸν
1529 3887 1688 3959 ἀριθ-

127 3979 214 4048 μὸν
242 3981 442 4053 ψαλμοί
474 3999 487 4011 ·
527 3981 801 4054 ίσάριθμοι
846 3981 902 4034 δὲ
945 3978 1156 4042 τούτοις
1190 3980 1295 4033 εἰσὶ
1336 3979 1430 4032 καὶ
1477 3981 1526 4031 οί
1566 3982 1687 4033 ἐπι·

124 4075 482 4145 γεγραμμένοι
510 4072 626 4126 τῶν
668 4072 814 4127 υἱῶν
855 4070 1023 4139 Κορέ.
1065 4070 1221 4124 Ἀλλὰ
1247 4070 1354 4123 τῶν
1384 4071 1514 4124 υίῶν
1540 4071 1685 4142 Κορὲ

124 4163 253 4217 ὀκτὼ
276 4167 369 4236 μὲν
398 4163 537 4238 ἦσαν
572 4166 697 4235 ἑξῆς
728 4163 1060 4235 συνημμένοι
1093 4164 1142 4216 οἱ
1179 4161 1286 4216 ἀπὸ
1310 4162 1403 4217 τοῦ
1439 4171 1525 4233 μα’
1549 4162 1683 4232 ψαλ-

129 4256 218 4323 μοῦ
241 4274 253 4285 ·
280 4261 326 4310 οἱ
351 4259 408 4310 δὲ
446 4257 723 4320 λείποντες
763 4256 1025 4326 τέσσαρες
1070 4253 1301 4308 ἐνταῦθα
1348 4254 1681 4326 πρόκεινται,

126 4348 399 4419 ἀρχόμενοι
444 4351 541 4419 μὲν
565 4349 671 4401 ἀπὸ
709 4348 802 4401 τοῦ
831 4355 941 4417 πγ’,
982 4346 1178 4418 ἐφεξῆς
1220 4347 1277 4399 δὲ
1304 4346 1546 4417 κείμενοι
1578 4346 1685 4398 τῶν

126 4439 605 4512 ἐπιγεγραμμένων
639 4440 731 4493 τοῦ
785 4440 971 4509 Ἀσάφ.
1014 4438 1285 4503 Ὡσαύτως
1309 4439 1365 4492 δὲ
1394 4440 1488 4492 καὶ
1508 4439 1557 4491 οἱ
1589 4436 1683 4491 τοῦ

1800 1932 2196 2003 confundantur
2228 1941 2276 1986 et
2313 1941 2566 2000 pereant;
2605 1930 2672 1985 de
2720 1931 2787 1985 iis
2821 1945 2952 1983 vero
3004 1930 3097 2001 qui
3145 1927 3212 1982 ad
3260 1944 3374 1983 mc-

1800 2025 1993 2080 liorem
2025 2040 2084 2080 se
2108 2024 2274 2079 vitam
2309 2024 2580 2093 recepturi
2616 2028 2765 2086 sunt,
2795 2020 2928 2075 illud
2963 2020 3260 2091 profertur,
3308 2018 3373 2071 Et

1800 2125 2119 2185 cognoscant
2148 2116 2271 2185 quia
2301 2131 2487 2169 nomen
2520 2112 2614 2166 tibi
2640 2112 2915 2177 Dominus,
2949 2122 3005 2164 tu
3044 2112 3188 2165 solus
3221 2111 3375 2164 altis-

1799 2208 1964 2260 simus
2012 2207 2067 2259 in
2101 2206 2243 2260 omni
2271 2214 2434 2259 terra.
2470 2203 2707 2259 Possunt
2734 2202 2895 2258 etiam
2936 2202 3003 2257 de
3034 2201 3224 2256 iisdem
3261 2201 3377 2255 lucc

1800 2298 1984 2351 omnia
2007 2295 2148 2363 dici;
2184 2296 2344 2366 quasi
2378 2295 2635 2349 videlicet
2683 2292 2892 2347 inimici
2943 2291 3058 2358 Dei,
3094 2308 3203 2363 quo
3238 2300 3375 2345 tein~

1800 2405 1931 2459 pore
1964 2389 2054 2442 illa
2085 2388 2339 2459 superius
2377 2394 2676 2442 memorata
2718 2384 3016 2455 perferent,
3050 2383 3374 2439 confusione

1800 2492 1964 2554 atque
1996 2483 2195 2539 rubore
2248 2482 2517 2553 replendi,
2553 2496 2617 2535 ac
2660 2479 2921 2549 perniciei
2952 2478 3201 2533 tradendi
3240 2480 3373 2543 sint.

1800 2576 1917 2646 ipsa
1946 2573 2285 2645 experientia
2330 2572 2603 2643 cognituri
2646 2586 2709 2625 ac
2740 2568 3049 2627 confessuri
3083 2585 3253 2623 unum
3284 2585 3376 2625 so-

1799 2665 2022 2735 Eumque
2066 2663 2233 2718 Deum
2287 2679 2410 2719 esse
2447 2663 2776 2717 altissimum
2808 2663 2864 2715 in
2902 2660 3047 2714 omni
3085 2669 3250 2728 terra,
3280 2660 3375 2731 qui

1798 2757 1948 2827 ipsos
1975 2757 2125 2826 justo
2154 2756 2363 2827 judicio
2394 2770 2457 2809 ac
2495 2755 2797 2809 facinorum
2839 2768 3065 2807 suorum
3089 2767 3255 2807 causa
3288 2753 3374 2806 in-

1799 2849 1968 2904 vadit.

2037 3128 2278 3194 FINEM,
2324 3128 2459 3185 PRO
2517 3122 3078 3196 TORCULARIBUS,
3148 3129 3374 3187 FILIUS

2134 3200 2315 3257 υοιιε
2352 3200 2699 3257 PSALMUS.
2724 3199 3003 3255 LXXXIII.

1869 3338 2033 3391 Vens.
2051 3337 2106 3389 2.
2128 3335 2302 3401 Quam
2316 3334 2509 3388 dilecta
2540 3334 2885 3388 tabernacula
2902 3343 3017 3395 tua,
3042 3332 3259 3388 Domine
3276 3336 3375 3388 vir-

1798 3429 2005 3482 tutum!
2037 3426 2327 3497 Postquam
2364 3426 2612 3481 defecere
2651 3428 2845 3496 psalmi
2888 3429 3071 3500 Asaph
3102 3429 3371 3499 inscripti,

1795 3537 2025 3591 quorum
2046 3522 2124 3591 pri
2134 3524 2436 3592 musjuxu,
2452 3529 2756 3589 postremus
2770 3535 2898 3576 vero
2912 3537 3047 3577 Lux
3060 3538 3090 3577 ιι
3109 3530 3247 3586 erat,
3259 3522 3372 3591 jam

1795 3615 2044 3685 sequitur
2083 3628 2315 3675 until,
2350 3612 2477 3681 ﬁliis
2501 3610 2637 3665 Core
2663 3611 2985 3682 inscriptus,
3010 3614 3289 3683 dequibus
3316 3614 3372 3667 in

1794 3707 2087 3777 disputatis
2104 3705 2356 3775 superius
2374 3705 2698 3760 sententiam
2715 3704 3029 3775 aperuimus
3046 3715 3303 3760 nostram.
3330 3705 3373 3759 E

1794 3813 1853 3853 re
1864 3806 2042 3852 autem
2062 3797 2530 3865 fueritiobservare
2545 3809 2735 3851 omnes
2750 3796 2952 3866 Asaphi
2973 3797 3212 3865 psalmos
3227 3797 3370 3851 duo-

1793 3892 1968 3947 decim
1999 3902 2226 3945 uumero
2263 3905 2420 3956 esse;
2472 3887 2809 3958 totidemque
2848 3890 2940 3958 qui
2972 3888 3207 3958 ﬁliorum
3240 3889 3372 3945 Core

1796 3983 2043 4052 inscripti
2083 3990 2232 4036 sunt.
2262 3980 2465 4037 Verum
2521 3980 2754 4035 filiorum
2798 3981 2939 4036 Core
2990 3990 3117 4036 octo
3138 3981 3369 4053 “psalmi

1794 4075 2131 4145 conjunctim
2166 4073 2330 4145 positi
2360 4082 2509 4136 sunt,
2537 4088 2566 4126 a
2599 4088 2689 4127 xu
2710 4072 2963 4128 videlicet
2981 4074 3091 4129 orsi
3122 4092 3134 4128 :
3171 4074 3367 4145 reliqui

1795 4182 1923 4221 vero
1972 4171 2209 4236 quatuor
2263 4164 2352 4218 hic
2393 4170 2523 4219 sunt
2568 4164 2873 4226 constituti,
2929 4165 3256 4235 incipientes
3295 4167 3366 4221 ab

1795 4272 2001 4311 Lxxxm
2033 4272 2098 4311 ac
2133 4264 2257 4326 post
2287 4271 2403 4319 eos,
2434 4256 2526 4325 qui
2544 4254 2748 4325 Asaplii
2781 4257 3031 4327 inscripti
3058 4264 3209 4322 sunt,
3233 4274 3369 4314 con-

1795 4356 2087 4419 sequenter
2133 4347 2319 4418 positi.
2374 4346 2693 4417 Pariterque
2744 4362 2811 4402 ex
2850 4348 3054 4419 Asaphi
3114 4350 3366 4419 psalmis,

1793 4441 2045 4496 undecim
2090 4449 2493 4510 consequenter
2538 4440 2701 4512 positi
2742 4449 2892 4505 sunt,
2921 4457 2951 4495 a
2996 4456 3143 4495 um
3169 4457 3366 4511 nempe

137 4529 297 4601 Ἀσὰφ
350 4538 415 4583 ια’
452 4531 551 4601 μέν
586 4532 689 4583 εἰσι
740 4529 1090 4599 συνημμένοι,
1133 4529 1182 4581 οἱ
1219 4524 1325 4580 ἀπὸ
1366 4527 1442 4579 οϐ’
1473 4529 1566 4582 καὶ
1592 4528 1686 4581 ἐπὶ

1796 4531 1858 4585 ad
1892 4546 2102 4585 Lxxxu.
2158 4530 2449 4585 Duodecim
2495 4547 2626 4586 vero
2681 4539 2806 4585 octo
2857 4532 3070 4601 priores
3126 4531 3364 4587 filiorum

125 4621 205 4674 τὸν
245 4623 347 4675 πϐ¹.
406 4623 461 4676 '0
486 4622 541 4674 δὲ
574 4621 640 4673 ιϐ’
682 4620 806 4691 ἑξῆς
854 4619 1253 4673 κατατέτακται
1296 4622 1409 4682 τοῖς
1451 4619 1686 4688 πρώτοις

127 4708 255 4761 ὀκτὼ
278 4710 382 4762 τῶν
414 4708 545 4762 υἱῶν
587 4710 751 4780 Κορὲ,
793 4708 979 4780 ὥσπερ
1023 4707 1339 4770 ἀντιδόσεως
1389 4708 1685 4779 γενομένης

126 4800 204 4853 διὰ
232 4803 325 4866 τὰς
360 4802 417 4855 ὲν
458 4806 580 4866 ταῖς
626 4804 752 4873 παρ’
785 4790 1067 4871 ἑκατέροις
1106 4798 1439 4870 προφητείας
1480 4801 1687 4853 ἐπικοι-

126 4893 383 4957 νωνούσας
406 4894 660 4964 ἀλλήλαις
698 4892 969 4963 θεωρίαις.
1002 4888 1181 4944 Ἷισαν
1219 4893 1313 4961 μὲν
1338 4888 1431 4943 οὖν
1462 4892 1510 4944 οἱ
1537 4891 1686 4964 πρῶ-

126 4990 200 5037 τοι
234 4987 335 5039 τῶν
361 4987 489 5040 υἱῶν
526 4985 667 5057 Κορὲ
698 4985 838 5037 ὀκτὼ
868 4984 960 5036 τὸν
984 4976 1236 5055 ἀριθμὸν,
1270 4985 1319 5035 οἱ
1346 4983 1547 5048 πάντες
1575 4984 1685 5038 ἀπὸ

127 5075 210 5127 τοῦ
243 5084 327 5146 μα’
356 5076 665 5149 ἀρχόμενοι,
696 5076 788 5128 καὶ
819 5074 1073 5145 λήγοντες
1098 5076 1178 5139 είς
1201 5070 1293 5127 τὸν
1319 5082 1429 5148 μη⁹.
1466 5077 1682 5150 Περιεῖ-

128 5184 209 5237 χον
242 5169 317 5235 δὲ,
358 5169 545 5241 ῶσπερ
589 5172 645 5221 ὲν
672 5168 950 5239 κεφαλαίῳ
982 5168 1175 5230 εἰπεῖν,
1210 5168 1301 5221 ἐπὶ
1331 5167 1408 5238 τῷ
1441 5170 1506 5221 ἐκ
1530 5187 1684 5241 περι-

126 5260 283 5329 τομῆς
310 5262 419 5333 λαῷ
470 5260 747 5331 κλαυθμὸν
783 5260 876 5313 καὶ
902 5260 1096 5331 θρῆνον
1137 5262 1230 5313 καὶ
1268 5262 1521 5333 ὀδυρμὸν,
1553 5265 1685 5334 Χρι-

131 5350 244 5403 στοῦ
270 5368 328 5403 τε
378 5354 675 5425 παρουσίαν
729 5354 822 5405 καὶ
888 5352 1077 5421 κλῆσιν
1136 5351 1321 5405 ἐθνῶν.
1374 5348 1531 5407 ‘Am
1577 5356 1684 5407 τῶν

134 5440 220 5507 μὲν
251 5442 544 5515 εἰρημένων
575 5444 718 5497 ὀκτὼ
754 5444 972 5515 τοιαύτη
1004 5461 1086 5507 τις
1109 5439 1176 5514 ῆν
1200 5446 1231 5514 ἡ
1255 5446 1539 5510 ὑπόθεσις’
1576 5447 1683 5500 τῶν

129 5529 180 5582 δὲ
221 5535 308 5587 ἐπὶ
338 5537 426 5590 τοῦ
482 5538 742 5609 παρόντος
802 5539 1292 5609 ἐπιγεγραμμένων
1356 5540 1449 5592 καί⁸
1504 5541 1683 5593 αὐτῶν

133 5622 251 5674 υἱῶν
266 5627 403 5697 Κορὲ
422 5629 699 5700 τεσσάρων
720 5630 907 5691 ὅντων,
930 5630 977 5681 oi
1004 5629 1101 5699 μὲν
1118 5628 1335 5681 ὕστατοι
1360 5630 1452 5681 δύο
1474 5631 1683 5699 γένεσιν

136 5712 219 5764 καὶ
250 5713 467 5769 θάνατον
508 5718 671 5771 αὐτοῦ
716 5720 1150 5791 περιειλήφασιν,
1207 5718 1396 5789 ὥσπερ
1437 5722 1683 5792 ἐπίτηδες

134 5808 547 5877 ταμιευσαμένου
571 5808 661 5861 τοῦ
688 5809 858 5877 Λόγου
884 5810 976 5861 ἐπὶ
1000 5808 1141 5861 τέλει
1169 5809 1386 5863 πάντων
1417 5810 1513 5873 τὰς
1556 5829 1619 5864 πε
1628 5813 1680 5881 pi

442 5901 704 5962 Ρηιιοι..
748 5903 864 5964 Gn.
915 5903 1148 5964 XXIII.

1787 4623 1925 4678 Core
1952 4624 2192 4693 psalmos
2228 4624 2612 4693 subsequitur;
2645 4624 2719 4678 ita
2760 4632 2819 4677 ut
2857 4637 2956 4677 ceu
2998 4630 3183 4677 mutua
3214 4638 3366 4693 qua:-

1787 4715 1912 4769 dam
1950 4715 2197 4785 pensatio
2232 4715 2325 4768 fiat
2354 4716 2424 4769 ob
2483 4716 2798 4785 prophetiae
2857 4731 2977 4785 qua:
3024 4716 3078 4769 in
3114 4716 3361 4786 utrisque

1787 4821 2132 4860 communem
2190 4807 2508 4874 speculandi
2548 4821 2754 4861 morem
2789 4815 3033 4861 servant.
3069 4806 3235 4862 Erant
3267 4808 3365 4861 ita-

1786 4916 1892 4968 que
1928 4900 2136 4969 priores
2168 4900 2244 4955 illi
2278 4901 2514 4955 filiorum
2543 4899 2683 4955 Core
2728 4899 2922 4969 psalmi
2954 4908 3077 4954 octo
3109 4916 3355 4962 nurnero.

1787 4992 1877 5060 qui
1919 5008 2112 5047 omnes
2142 5008 2171 5046 a
2210 5002 2298 5047 xtl
2339 4993 2553 5047 initium
2585 4990 2813 5055 ducunt,
2836 4998 2889 5045 et
2919 4994 2973 5045 in
3012 5007 3176 5045 xum
3212 4992 3360 5046 desi-

1785 5091 1944 5139 nunt.
1985 5082 2023 5136 Ii
2072 5099 2220 5147 vero,
2251 5092 2311 5137 ut
2340 5083 2662 5152 compendio
2705 5082 2904 5149 dicam,
2950 5083 3017 5136 de
3048 5084 3246 5153 popqu
3294 5099 3361 5137 ex

1785 5176 2205 5231 circumcisione
2237 5175 2421 5230 ﬂetum
2479 5189 2543 5227 ac
2599 5175 2899 5243 planctum,
2931 5174 3134 5229 Christi
3165 5176 3361 5230 adven-

1786 5279 1923 5332 tum,
1957 5278 2122 5339 atque
2179 5270 2521 5323 vocationem
2580 5267 2846 5337 gentium,
2905 5275 3356 5325 commemorant.

1786 5358 1899 5415 IIoc
1929 5376 2060 5416 sane
2091 5367 2175 5416 est
2201 5360 2415 5414 illorum
2441 5365 2566 5413 octo
2598 5358 2928 5427 psalmorum
2952 5366 3355 5427 argumentum.

1786 5450 1861 5505 Ex
1897 5450 2047 5505 hisce
2069 5464 2220 5511 vero.
2246 5447 2313 5503 de
2338 5448 2539 5517 quibus
2557 5463 2701 5502 nunc
2731 5448 2934 5518 agitur,
2965 5447 3199 5501 filiorum
3219 5448 3361 5525 Core

1783 5541 2008 5611 psalmis
2040 5548 2275 5609 quatuor
2323 5553 2573 5605 numero,
2605 5538 2713 5593 duo
2764 5540 3026 5608 postremi
3082 5551 3261 5594 ortum
3303 5550 3357 5597 et

1784 5640 2012 5683 mortem
2058 5628 2368 5683 Servatnris
2398 5629 2839 5697 complectuntur
2869 5646 2883 5684 :
2910 5645 2976 5683 ac
3024 5629 3069 5684 si
3102 5630 3356 5686 videlicet

1784 5719 2064 5789 Scriptura
2096 5718 2339 5773 omnium
2365 5718 2623 5772 vaticinia
2652 5720 2705 5773 in
2727 5719 2831 5773 fine
2859 5736 3132 5791 exponere
3161 5738 3355 5793 oppor—

1782 5822 1910 5865 tune
1950 5811 2050 5867 sibi
2104 5810 2420 5865 reservat-it.
2454 5808 2619 5863 Multa
2654 5818 2835 5865 autem
2870 5811 2937 5866 de
2976 5812 3095 5879 eius
3124 5823 3250 5872 ortu
3294 5818 3353 5874 in

2996 5907 3075 5968 32
