3798 6282
435 365 573 428 i005

1151 367 1420 425 EUSEBII
1459 357 1934 422 CASSARIENSIS
1973 364 2124 424 OPP.
2166 354 2347 420 PARS
2388 361 2965 420 lll.—EXEGETICA.

3515 361 3624 419 i004

434 499 634 544 Luxu
691 490 922 546 obscure
968 482 1418 558 su'bindicantur;
1445 499 1499 544 at
1546 489 1718 544 multo
1763 488 1917 558 plura
1949 496 2004 543 et

2111 487 2306 540 τούτων
2361 487 2690 558 προρρήσεις
2725 485 2976 555 ἐκφῆναι.
3024 483 3194 548 Πολὺς
3239 472 3369 552 γοῦν
3398 477 3460 553 ἦν
3483 484 3508 536 ὁ
3530 486 3629 555 περὶ

436 580 788 650 prolundiora
842 581 910 636 de
939 585 1114 636 morte
1145 579 1265 651 ejus
1315 598 1479 653 quam
1541 597 1639 651 pro
1691 580 2004 635 hominibus

435 672 718 734 sustinuit,
752 673 844 742 qui
885 681 1192 742 postremus
1219 673 1455 738 ﬁliorum
1491 671 1626 725 Core
1657 670 2000 734 inscribitur,

434 779 628 834 nempe
660 779 879 818 cxxxvn
921 764 1325 833 complectitur.
1362 761 1478 816 Duo
1511 769 1689 814 autem
1717 761 1808 830 qui
1834 761 1886 813 in
1921 761 2005 817 his

435 851 669 921 primum
699 854 884 906 locum
907 861 1202 923 occupant,
1246 853 1458 906 scilicet
1501 853 1587 905 hic
1616 868 1776 921 quem
1809 837 2006 904 tracta-

437 959 558 999 mus
578 951 633 998 et
672 945 1037 1014 subsequens,
1074 944 1194 1014 ejus
1225 944 1291 998 ad
1323 944 1571 997 homines
1599 944 1910 1008 adventum,
1953 951 2006 998 et

435 1037 692 1106 przeclara
731 1053 853 1107 qua:
875 1037 967 1092 hic
995 1035 1244 1091 editurus
1280 1045 1398 1091 erat
1434 1045 1584 1107 gesta
1617 1037 2000 1090 vaticinantur.

436 1125 537 1181 llic
583 1140 748 1198 porro
797 1115 1229 1188 inscribitur,lrt
1276 1124 1453 1194 ﬁnem,
1483 1140 1576 1193 pro
1628 1121 2002 1176 torcularibus.

433 1218 680 1289 Cumque
719 1227 832 1274 tres
873 1219 984 1273 sint
1012 1217 1103 1288 qui
1133 1217 1235 1270 hoc
1263 1217 1422 1271 titulo
1455 1215 1830 1270 inscribuntur
1867 1234 1878 1268 :
1919 1213 2006 1268 hic

432 1327 498 1364 ex
525 1325 713 1365 eorum
750 1325 976 1364 numero
1002 1324 1097 1377 pro
1124 1307 1481 1362 torcularibus
1519 1307 1771 1361 similiter
1808 1303 2006 1358 inscri-

431 1408 559 1472 ptus
585 1409 698 1467 est;
730 1400 1024 1468 itidemque
1055 1414 1152 1452 vm
1188 1405 1242 1453 et
1276 1407 1440 1452 Lux.
1474 1397 1670 1451 Verum
1710 1411 1777 1450 ex
1807 1395 1872 1450 iis
1897 1394 2006 1450 duo

433 1499 820 1562 nuncupantur
876 1491 1097 1561 psalmi,
1159 1490 1416 1544 nimirum
1477 1504 1571 1542 vnl
1628 1496 1682 1542 et
1737 1501 2001 1558 praesens.

430 1584 613 1651 Quare
642 1584 930 1654 praesentia
970 1584 1112 1637 bona
1161 1581 1506 1637 denuntiant.
1543 1593 1684 1634 Lux
1731 1593 1857 1633 vero
1894 1576 2004 1631 Pro

351 1675 355 1684 ’
432 1672 788 1728 torcularibus
813 1671 1032 1742 quidem
1077 1671 1377 1740 inscriptus
1417 1676 1533 1733 est,
1567 1668 1663 1724 sed
1709 1683 1820 1723 non
1859 1668 2006 1737 psal-

384 1801 388 1806 λ
439 1784 579 1831 mus,
613 1766 741 1838 quia
774 1773 967 1820 contra
991 1765 1246 1820 lsraelem
1281 1764 1460 1818 tristia
1490 1760 1736 1832 quaadam
1767 1761 2006 1830 comple-

429 1858 615 1938 ctitur.
647 1856 712 1912 Hi
743 1873 906 1928 porro
944 1862 1058 1910 tres
1088 1854 1194 1909 Pro
1221 1852 1580 1908 torcularibus
1613 1851 1890 1922 inscripti,
1933 1848 2002 1904 ad
2033 1839 2076 1894 Β

428 1958 542 2007 tres
572 1965 840 2022 personas
879 1947 1188 2020 pertinent;
1220 1955 1450 2002 octavus
1486 1960 1683 2016 nempe
1727 1944 1795 1998 ad
1844 1942 2008 1999 Davi-

428 2045 576 2107 dem,
609 2059 752 2098 Lxxx
783 2042 852 2096 ad
891 2041 1193 2113 Asapbum,
1226 2041 1315 2096 hic
1347 2055 1477 2096 vero
1507 2054 1668 2110 quem
1704 2037 2005 2094 tractamus

429 2136 496 2191 ad
533 2136 672 2190 filios
701 2135 859 2190 Core.
893 2134 1070 2205 Atque
1116 2133 1320 2203 pariter
1365 2131 1525 2186 iidem
1558 2140 1668 2186 tres
1694 2129 2006 2184 inscribun-

428 2236 520 2283 tur
545 2229 598 2282 in
621 2229 800 2298 ﬁnem,
828 2227 1010 2297 idque,
1047 2235 1104 2280 ut
1131 2224 1386 2291 arbitror,
1423 2222 1493 2277 ob
1527 2222 1839 2294 prophetias
1869 2237 2006 2292 quas

428 2321 682 2384 ellerunt,
705 2335 824 2391 qua:
854 2321 908 2374 in
941 2319 1044 2373 line
1067 2326 1374 2388 temporum
1403 2325 1457 2373 et
1491 2316 1546 2370 in
1575 2315 2007 2371 consummatio--

428 2428 500 2469 ne
532 2413 721 2468 saeculi
755 2413 1039 2483 completa:
1077 2419 1226 2467 sunt.

501 2594 640 2648 Olim
669 2592 888 2664 quidem
919 2605 1043 2646 cum
1075 2603 1183 2643 una
1203 2594 1349 2643 esset
1379 2586 1536 2641 vinea
1565 2586 1632 2640 de
1661 2599 1767 2655 qua
1797 2583 2004 2638 dictum

427 2693 536 2752 est,
564 2685 708 2742 Nam
735 2687 884 2742 vinea
914 2684 1126 2739 Domini
1155 2680 1410 2748 Sabaoth,
1429 2679 1615 2734 domus
1645 2677 1820 2732 Israel
1841 2687 1919 2731 est
1938 2679 2003 2744 ";

428 2797 598 2836 unum
635 2795 734 2836 ceu
789 2778 1030 2834 torcular
1085 2781 1144 2832 in
1206 2775 1298 2830 illa
1353 2781 1491 2840 erat,
1548 2771 1709 2841 cujus
1761 2769 2006 2826 meminit

430 2873 602 2930 Isaias
644 2889 709 2929 ex
763 2886 996 2942 persona
1050 2867 1286 2934 Domini,
1321 2865 1511 2921 dicens
1569 2883 1581 2918 :
1623 2863 1691 2917 Et
1737 2862 2006 2932 wdiﬁcavi

432 2966 643 3031 turrim,
671 2961 1081 3033 ctprotorcular
1102 2961 1212 3030 fodi
1245 2959 1298 3012 in
1319 2974 1382 3012 ea
1404 2958 1472 3014 ³ο.
1506 2955 1607 3010 Per
1635 2955 1827 3010 turrim
1853 2969 2001 3018 vero,

433 3057 991 3128 liierosolymitanum
1024 3053 1253 3109 fortasse
1279 3050 1539 3120 templum
1573 3047 1870 3119 signiﬁcat,
1907 3061 2005 3113 per

429 3150 777 3225 protorcular
817 3156 1022 3206 autem,
1054 3145 1225 3200 altare
1272 3144 1329 3197 in
1380 3140 1581 3212 templo
1611 3140 1774 3195 situm
1809 3157 1822 3193 :
1856 3137 2002 3208 quod

433 3259 567 3301 sane
596 3241 790 3297 merito
823 3255 933 3294 non
970 3237 1234 3299 torcular,
1265 3234 1358 3290 sed
1390 3231 1732 3304 protorcular
1767 3229 2002 3294 vocavit,

432 3335 561 3406 quia
609 3330 988 3403 spiritualibus
1019 3325 1326 3396 corporalia
1372 3323 1656 3394 praeibam,
1706 3328 1761 3376 et
1793 3319 2004 3373 Novum

431 3426 842 3482 Testamentum
877 3436 906 3474 a
939 3419 1118 3474 Veteri
1169 3415 1514 3487 przeceditur,
1562 3414 1706 3484 quod
1761 3413 2005 3485 symbol:

433 3517 810 3590 imaginesque
840 3510 1091 3568 veritatis
1131 3509 1271 3580 apud
1320 3507 1538 3562 Judaaos
1587 3505 1951 3560 conservabat
1989 3523 2001 3557 :

433 3612 562 3666 ideo
587 3610 760 3664 altare
801 3606 1045 3677 ipsorum
1093 3618 1199 3656 non
1245 3598 1507 3661 torcular,
1535 3596 1628 3652 sed
1662 3596 2007 3667 protorcular

431 3703 752 3762 vocabatur.
785 3701 855 3756 At
885 3713 1009 3755 cum
1037 3710 1146 3752 una
1177 3701 1323 3750 esset
1349 3693 1528 3754 vinea,
1554 3707 1720 3745 unum
1751 3699 1868 3744 erat
1897 3700 2008 3743 tor-

431 3797 609 3862 cular,
643 3794 806 3849 unius
836 3789 1027 3862 templi
1070 3787 1260 3842 altare.
1304 3783 1441 3841 Tres
1488 3796 1654 3854 porro
1709 3779 1902 3852 psalmi
1943 3779 2010 3835 de

432 3889 634 3960 quibus
654 3887 767 3957 jam
792 3898 995 3949 sermo,
1027 3896 1138 3937 non
1169 3893 1362 3944 unum,
1399 3876 1493 3934 sed
1527 3876 1680 3948 plura
1713 3871 2009 3928 toreularia

435 3987 764 4046 memorant,
797 3976 954 4048 queis
1013 3972 1332 4028 indicantur
1397 3967 1646 4025 ecclesiis
1699 3964 2007 4021 Servatoris

434 4071 614 4127 nostri
665 4077 840 4124 totum
896 4083 992 4138 per
1043 4065 1232 4121 orbem
1284 4061 1613 4118 constitutae.
1647 4057 1704 4113 In
1751 4055 2007 4127 praesenti

435 4177 588 4226 vero,
621 4161 808 4216 statim
864 4158 1068 4213 dicitur
1125 4157 1181 4210 in
1236 4153 1420 4218 titulo,
1464 4151 1574 4207 Pro
1619 4147 2008 4205 torcularibus:

434 4269 565 4312 mox
613 4250 1002 4309 subsumitur:
1048 4249 1224 4315 Quam
1282 4246 1476 4300 dilecta
1509 4241 1851 4297 tabernacula
1897 4248 2009 4300 tua,

439 4345 666 4401 Domine
692 4340 983 4398 virtutum!
1011 4338 1214 4409 quibus
1247 4350 1384 4407 pene
1417 4333 1731 4390 declaratur
1757 4344 2007 4403 quaenam

437 4440 529 4494 illa
581 4436 862 4508 prtemissa
918 4429 1275 4488 tabernacula
1329 4427 1552 4483 fuerint.
1584 4425 1772 4480 Palam
1810 4425 2012 4496 quippe

2105 581 2202 652 τῆς
2231 580 2491 648 γενέσεως
2520 579 2682 633 αὑτοῦ
2709 579 2884 646 λόγος,
2918 579 2984 648 ἣν
3019 581 3076 632 ὲν
3106 577 3182 648 τῷ
3209 583 3308 642 πς¹
3332 575 3516 646 ψαλμῷ
3538 579 3629 630 ὲπι-

2107 671 2502 744 κεκρυμμένιος
2523 671 2741 741 ᾐνίξατο
2759 687 2771 698 ·
2807 671 2899 722 καὶ
2917 669 3208 722 ὲπιπλείων
3247 670 3346 722 καὶ
3383 668 3631 741 βαθύτερος

2104 763 2133 814 6
2161 761 2286 833 περὶ
2329 759 2420 814 τοῦ
2449 761 2675 814 Θανάτου
2714 760 2900 821 αὑτοῦ,
2925 760 2982 812 ὃν
3029 760 3165 830 ὑπὲρ
3209 759 3503 830 ἀνθρώπων
3535 761 3629 812 ἀνε-

2104 852 2310 919 δέξατο,
2328 853 2385 916 ὃς
2401 853 2476 905 ἔνι
2500 853 2606 905 τῶν
2627 853 2839 906 πάντων
2851 851 3342 923 ἐπιγεγραμμένων
3363 849 3500 905 υἱῶν
3516 852 3633 918 Κορὲ

2104 946 2437 1008 τελευταῖος·
2462 944 2604 1013 λέγω
2630 945 2688 997 δὲ
2720 945 2798 1015 τῷ
2825 944 2913 1008 πξν
2947 945 3353 1015 περιείληπται.
3392 945 3451 995 Ol
3473 943 3523 995 δὲ
3540 943 3632 995 τούο

2103 1056 2211 1092 των
2235 1038 2523 1108 ἡγούμενοι
2571 1037 2664 1090 δύο
2711 1037 2937 1108 ψαλμοὶ,
2975 1037 3004 1090 ὃ
3041 1053 3101 1088 τε
3140 1037 3279 1106 μετά
3314 1038 3494 1105 χεῖρας
3527 1037 3634 1088 καὶό

2107 1129 2231 1200 ἑξῆς
2260 1130 2427 1201 αύτῷ,
2454 1130 2551 1201 τὴν
2582 1132 2660 1192 είς
2693 1130 3011 1201 ἀνθρώπους
3055 1128 3219 1184 αὑτοῦ
3257 1130 3546 1198 παρουσίαν
3566 1132 3634 1182 γαί

2104 1223 2171 1276 τὰ
2197 1223 2290 1276 ἐπὶ
2324 1223 2492 1294 ταύτῃ
2547 1222 2941 1294 κατορθώματα
2977 1221 3346 1286 θεσπίζουσιν.
3374 1220 3440 1275 Ὃ
3467 1238 3522 1288 γε
3558 1223 3636 1293 μὴν

2105 1315 2461 1387 προκείμενος
2499 1317 2920 1388 ἐπιγέγραπται,
2955 1317 3039 1380 είς
3059 1313 3125 1366 τὸ
3161 1312 3362 1377 τέλος,
3392 1307 3531 1378 ὑπὲρ
3549 1311 3638 1364 τῶν

2103 1405 2327 1473 ληνῶν.
2371 1405 2548 1477 Τριῶν
2585 1405 2640 1458 δὲ
2688 1404 2856 1456 ὄντων
2886 1404 2992 1456 τῶν
3029 1405 3126 1475 τὴν
3163 1403 3423 1473 τοιαύτην
3455 1404 3637 1472 ἐπιγρα-

2106 1498 2210 1567 φὴν
2239 1495 2486 1567 ἐχόντων,
2513 1493 2591 1562 εἷς
2622 1500 2722 1570 μὲν
2759 1494 2911 1563 οὗτος
2941 1499 3223 1570 τυγχάνειο
3252 1495 3456 1566 ὁμοίως
3475 1494 3525 1547 δὲ
3549 1496 3638 1546 ἔτι·

2104 1588 2411 1659 γέγραπται
2446 1591 2540 1643 καὶ⁵
2584 1593 2612 1644 6
2653 1597 2722 1660 η’,
2773 1581 2866 1644 καὶ
2916 1590 3076 1644 πάλιν
3108 1592 3135 1642 6
3167 1594 3240 1641 π’.
3286 1585 3448 1638 Ἀλλὰ
3473 1584 3634 1638 τούτων

2108 1683 2205 1752 μὲν
2247 1681 2340 1734 δύο
2379 1680 2775 1755 ὠνομάσθησαν
2797 1684 3015 1754 ψαλμοὶ,
3041 1684 3068 1735 6
3101 1689 3161 1734 τε
3200 1686 3252 1752 η’
3284 1681 3383 1734 καὶ
3408 1680 3436 1732 6
3467 1677 3635 1748 παρείη.

2105 1773 2195 1826 Διὸ
2218 1773 2467 1844 χρηστῶν
2510 1771 2790 1846 παρόντων
2837 1773 3174 1842 ἀπαγγελίας
3205 1770 3560 1842 περιέχουσιν.
3597 1771 3639 1820 Ὁ

2103 1867 2160 1921 δὲ
2188 1875 2242 1920 π’
2266 1863 2334 1938 ἦν
2355 1867 2632 1938 μὲνΎπὲρ
2656 1865 2774 1920 τῶν
2803 1865 3027 1933 ληνῶν,
3055 1866 3116 1917 ού
3148 1863 3258 1934 μὴν
3298 1861 3391 1914 καὶ
3417 1860 3638 1929 grauior,

2105 1960 2194 2013 διὰ
2226 1959 2285 2012 τό
2319 1959 2618 2028 σκυθρωπά
2655 1975 2776 2012 τινα
2815 1959 3084 2028 περιέχειν
3124 1953 3270 2008 κατὰ
3304 1951 3399 2006 τοῦ
3447 1952 3640 2022 Ἰσραήλ.

2106 2055 2266 2124 Τρεῖς
2279 2053 2334 2104 δὲ
2353 2053 2502 2115 ὄντες
2525 2054 2574 2105 οἱ
2609 2050 2775 2120 Ὑπὲρ
2797 2047 3144 2117 τῶνληνῶν,
3163 2047 3352 2119 τρισὶν
3373 2047 3641 2099 ἀνάκεινται

2105 2143 2414 2217 προσώποις
2436 2159 2451 2173 °
2491 2146 2519 2197 6
2563 2143 2660 2214 μὲν
2683 2149 2732 2212 η’
2757 2141 2834 2212 τῷ
2860 2141 3040 2207 Δαυῖδ,
3072 2143 3100 2194 6
3130 2139 3186 2192 δὲ
3223 2145 3284 2192 π’
3309 2138 3390 2209 τῷ
3436 2137 3644 2206 ’Ᾱσὰφ,ὀ

2105 2237 2162 2292 δὲ
2197 2237 2335 2309 μετά
2359 2236 2543 2308 χεῖρας
2574 2241 2682 2299 τοῖς
2707 2238 2841 2298 υἱοῖς
2867 2234 3030 2305 Κορέ.
3061 2233 3173 2287 Καὶ
3199 2231 3509 2303 συμφώνως
3537 2247 3588 2297 γε
3606 2232 3642 2282 oi

2105 2331 2252 2403 τρεῖς
2301 2329 2695 2400 ἐπιγράφονται
2720 2331 2806 2394 είς
2833 2326 2898 2380 τό
2931 2327 3124 2391 τέλος,
3147 2324 3222 2387 ὡς
3259 2319 3440 2394 οἶμαι,
3474 2322 3552 2376 διὰ
3572 2322 3644 2384 τὰς

2105 2423 2164 2476 ἐν
2187 2422 2366 2485 αὐτοῖς
2401 2419 2752 2492 προφητείας,
2789 2420 2868 2481 εἰς
2903 2417 2964 2470 τὸ
3008 2415 3159 2478 τέλος
3189 2415 3305 2468 τῶν
3337 2413 3552 2484 καιρῶν,
3572 2411 3644 2464 καὶ

2107 2516 2198 2569 ὲπί
2226 2515 2503 2586 συντελείᾳ
2531 2514 2624 2566 τοῦ
2650 2513 2842 2575 αἰῶνος
2863 2507 3326 2572 ἐπιτελεσθείσας.

2177 2603 2350 2657 Πάλαι
2383 2601 2478 2674 μὲν
2502 2598 2614 2665 οὖν,
2644 2602 2719 2665 ὡς
2748 2602 2812 2655 ἂν
2839 2601 2955 2662 ἑνὸς
2981 2598 3324 2670 ὑπάρχοντος
3349 2596 3644 2668 ἀμπελῶνος,

2107 2697 2234 2766 περὶ
2261 2691 2320 2750 οὗ
2353 2697 2555 2768 εῖρητο,
2599 2696 2660 2748 '0
2701 2695 2810 2763 γὰρ
2847 2692 3129 2763 ἀμπελὼν
3172 2691 3406 2759 Kvplov
3449 2689 3645 2744 Σαϐαὼθ

2106 2783 2268 2854 οἶκος
2314 2787 2419 2841 τοῦ
2455 2785 2689 2854 Ἰσραήλ
2713 2787 2870 2838 ἐστι’
2925 2785 3020 2854 μία
3067 2783 3257 2854 ὥσπερ
3314 2776 3471 2854 ληνὸς
3509 2778 3566 2852 ἦν
3603 2784 3645 2834 ἐν

2106 2877 2274 2947 αὐτῷ,
2309 2873 2375 2950 ἧς
2404 2877 2673 2948 μέμνηται
2700 2878 2727 2930 6
2762 2877 2983 2938 Ἡσαΐας
3015 2877 3078 2928 ὲκ
3110 2873 3410 2948 προσώπου
3447 2873 3530 2927 τοῦ
3564 2874 3647 2926 Ku-

2108 2970 2222 3042 ρίου
2256 2971 2459 3039 λέγων·
2494 2971 2604 3023 Καὶ
2646 2969 2998 3038 ᾠκοδόμησα
3034 2969 3288 3037 πύργον,
3331 2968 3426 3020 καὶ
3460 2967 3645 3035 προλή-

2105 3081 2238 3117 mor
2262 3062 2461 3131 ὥρυξα
2491 3063 2560 3116 ἐν
2585 3060 2762 3127 αὐτῷ.
2811 3062 3103 3131 Ἐσήμαινε
3147 3059 3203 3113 δὲ
3245 3059 3403 3131 ἄρα,
3449 3057 3528 3112 διὰ
3573 3057 3646 3126 μὲν

2106 3154 2200 3208 τοῦ
2241 3155 2450 3227 πύργου
2497 3154 2586 3207 τὸν
2635 3155 2692 3206 ἐν
2729 3151 3118 3225 Ἰεροσολύμοις
3161 3149 3328 3215 νεὼν,
3368 3151 3453 3203 διὰ
3490 3148 3540 3203 δὲ
3576 3147 3646 3200 τοῦ

2111 3247 2398 3318 προληνίου
2435 3247 2495 3299 τὸ
2539 3247 2674 3317 πρὸς
2708 3245 2788 3316 τῷ
2830 3245 2942 3315 ναῷ
2998 3245 3419 3315 θυσιαστήριον,
3460 3245 3577 3311 amp
3603 3243 3646 3294 οὐ

2109 3341 2286 3413 ληνὸν,
2337 3339 2471 3395 ἀλλὰ
2522 3339 2805 3409 προλὴνιον
2856 3339 3154 3408 ὠνόμασεν,
3190 3338 3454 3400 εἰκότως·
3501 3334 3646 3401 ἐπειδὴ

2108 3432 2215 3486 τῶν
2259 3431 2461 3502 νοητῶν
2502 3429 2570 3482 τά
2632 3426 2916 3498 σωματικὰ
2959 3427 3267 3497 προηγεῖτο,
3311 3425 3410 3477 καὶ
3448 3421 3542 3493 πρὸ
3574 3418 3648 3487 τῆς

2110 3521 2319 3592 Καινῆς
2346 3521 2617 3593 Διαθήκης
2646 3521 2678 3589 ἡ
2707 3517 2907 3572 παλαιά
2936 3515 3173 3587 σύμϐολα
3209 3516 3311 3567 καὶ
3350 3513 3550 3574 εἰκόνας
3568 3509 3646 3561 τῶν

2109 3614 2324 3686 ἀληθῶν
2350 3614 2498 3685 παρὰ
2530 3612 2800 3673 Ἰουδαίοις
2823 3609 3145 3678 ἐφυλάττετο
3164 3623 3176 3636 ·
3204 3606 3401 3676 διόπερ
3427 3605 3487 3656 ού
3508 3600 3645 3672 ληνὸς,

2109 3707 2246 3760 ἀλλά
2275 3706 2560 3777 προλήνιον
2583 3701 2892 3772 ὠνομάζετο
2921 3699 2980 3751 τὸ
3002 3700 3128 3768 παρ’
3148 3696 3383 3754 ἐκείνοις
3409 3693 3648 3758 Bumasti;

2113 3814 2246 3868 ριον.
2295 3798 2379 3859 Ὠς
2415 3795 2532 3858 ἐνὸς
2571 3794 2626 3846 δὲ
2663 3793 2755 3846 τοῦ
2791 3789 3128 3861 ἀμπελῶνος,
3166 3787 3262 3858 μία
3296 3783 3367 3858 ἦν
3403 3785 3552 3839 πάλαι
3579 3782 3647 3849 1r,-

2111 3891 2220 3954 νὸς,
2255 3891 2349 3944 καὶ
2381 3890 2497 3952 ἑνὸς
2528 3886 2657 3941 ναοῦ
2683 3886 3084 3956 θυσιαστήριον.
3107 3883 3168 3934 υἱ
3193 3881 3248 3933 δὲ
3280 3883 3342 3933 ὲν
3366 3879 3444 3949 τῷ
3469 3877 3645 3946 παρόντι

2110 3981 2424 4054 δηλούμενοι
2473 3980 2619 4051 τρεῖς
2667 3977 2870 4048 ψαλμοὶ
2920 3976 2980 4028 οὐ
3025 3975 3151 4045 περὶ
3180 3974 3335 4043 μιᾶς,
3381 3969 3507 4024 ἀλλά
3552 3964 3648 4035 περὶ

2111 4073 2320 4127 πολλῶν
2355 4069 2745 4144 μνημονεύουσι
2777 4066 2972 4138 ληνῶν,
3003 4065 3109 4118 τῶν
3141 4063 3245 4116 ἀνὰ
3283 4064 3466 4117 πᾶσαν
3494 4061 3576 4129 τὴν
3594 4059 3648 4108 οξ-

2113 4168 2381 4237 κουμένην
2414 4164 2505 4216 τοῦ
2549 4163 2798 4233 Σωτῆρος
2830 4158 2986 4230 ἡμῶν
3024 4155 3329 4227 ἐκκλησιῶν
3375 4153 3548 4207 τοῦτον
3581 4150 3647 4217 6r,-

2111 4257 2385 4328 λουμένων
2415 4255 2504 4307 τὸν
2535 4255 2752 4325 τρόπον.
2787 4251 2995 4304 Λύτίκα
3030 4247 3116 4300 διὰ
3156 4247 3263 4299 τῶν
3317 4242 3648 4316 προκειμένων

2113 4349 2326 4420 είρηται
2392 4347 2488 4418 μὲν
2533 4346 2591 4396 ὲν
2636 4346 2701 4414 τῇ
2759 4342 3052 4412 προγραφῇ
3093 4336 3243 4405 ὑπὲρ
3291 4335 3416 4389 τῶν
3453 4329 3644 4401 sim-5n"

2114 4441 2240 4512 ἑξῆς
2283 4440 2338 4492 δὲ
2384 4437 2726 4506 ἐπιλέγεταιο
2773 4436 2866 4501 Ὡς
2901 4431 3174 4504 ἀγαπητὰ
3218 4431 3288 4483 τὰ
3335 4420 3647 4494 aena-diuum

435 4532 637 4587 dicitur
668 4543 791 4585 esse
819 4523 1171 4582 tabernacula
1199 4521 1438 4586 Domini,
1457 4519 1711 4576 videlicet
1745 4518 2006 4575 ecclesias

2111 4550 2246 4596 σου,
2292 4532 2466 4597 Κύριε
2503 4528 2621 4582 τῶν
2656 4526 2966 4596 δυνάμεων
2984 4524 3004 4576 .'
3046 4521 3325 4594 μονονουχὶ
3371 4515 3644 4588 σαφηνίζον-

440 4621 584 4692 ejus,
605 4619 808 4691 quasin
827 4612 1412 4688 sequentibus}clarius
1442 4610 1528 4668 his
1555 4612 1738 4668 verbis
1767 4625 2008 4665 comme—

445 4722 626 4770 morat
653 4709 928 4766 :-—-Vens.
947 4709 1000 4762 5.
1021 4705 1358 4774 Γοηειιρὶεεὶι
1375 4714 1424 4758 et
1441 4702 1618 4773 deﬁcit
1636 4705 1814 4756 anima
1827 4719 1939 4756 mea
1955 4702 2008 4755 in

441 4806 584 4859 atria
609 4802 839 4856 Domini.
869 4800 981 4853 Sub
1003 4799 1116 4853 haec
1134 4813 1326 4852 rursus
1357 4797 1433 4850 ait
1461 4815 1474 4850 :
1504 4795 1715 4848 Altaria
1746 4804 1858 4860 tua,
1900 4793 2009 4846 Do-

447 4897 587 4952 mine
620 4895 896 4950 virtutum.
936 4891 1014 4945 Ac
1044 4889 1369 4961 perpendas,
1400 4902 1607 4958 quaeso,
1640 4902 1821 4940 annon
1866 4884 2006 4955 pari,

440 4987 676 5062 atquein
695 4988 852 5041 titulo
863 4985 956 5056 qui
981 4983 1090 5037 Pro
1106 4980 1462 5036 torcularibus
1476 4979 1754 5040 scribitur,
1771 4977 2014 5031 oratione

443 5083 796 5143 tabernacula
824 5080 1112 5152 pluraliter
1131 5077 1529 5147 exprimantur,
1557 5074 1852 5142 itidemque
1876 5072 2014 5124 atria

439 5189 494 5234 et
519 5175 750 5241 altaria;
788 5174 862 5227 ita
913 5179 973 5224 ut
1004 5186 1112 5224 non
1159 5169 1272 5238 jam
1325 5168 1608 5237 antiquum
1656 5165 1787 5218 illud
1843 5179 2013 5216 unum

442 5267 858 5325 tabernaculum
884 5261 1238 5333 Jerosolymis
1271 5261 1586 5322 situm,.non
1613 5273 1780 5314 unum
1815 5256 2013 5310 ibidem

442 5365 682 5432 positum
737 5357 930 5420 altare,
961 5371 1070 5410 non
1121 5368 1290 5408 unum
1351 5351 1548 5405 atrium
1604 5349 1792 5404 eodem
1830 5349 2015 5403 consi-

444 5466 594 5510 stens
624 5453 780 5516 loco;
810 5447 907 5504 sed
952 5448 1206 5501 universa
1240 5459 1337 5514 per
1366 5444 1553 5498 orbem
1589 5442 1804 5506 altaria,
1833 5441 2016 5494 taber-

444 5546 640 5599 nacula
673 5551 727 5598 et
744 5541 880 5595 atria
911 5539 1000 5593 hic
1022 5535 1302 5606 Scriptura
1333 5535 1618 5606 signiﬁcet.
1639 5535 1740 5588 Alii
1771 5533 2012 5603 quidem,

446 5637 542 5700 ait,
575 5635 680 5690 alia
718 5633 951 5702 diligunt
979 5639 1032 5686 et
1078 5630 1254 5699 magni
1290 5630 1529 5694 faciunt;
1555 5629 1685 5682 mihi
1715 5643 1865 5692 vero,
1901 5625 2008 5680 Do-

462 5847 464 5850 ,
517 5790 559 5821 ”
598 5783 682 5846 lsa
742 5803 794 5851 ν,
833 5785 880 5838 7.
960 5785 1004 5817 ’θ
1045 5784 1178 5839 ibid.
1204 5783 1260 5838 2.

1453 5888 1466 5923 ι

2114 4640 2206 4686 τος
2229 4621 2323 4674 τοῦ
2361 4621 2518 4689 λόγου
2548 4619 2642 4682 τὰς
2679 4615 3119 4690 προτεταγμένας
3156 4612 3371 4682 ληνοὺς,
3394 4609 3528 4670 τίνες

2114 4709 2246 4770 εἷεν.
2269 4713 2428 4784 Δηλοῖ
2458 4713 2566 4783 γὰρ
2606 4711 2805 4773 ταύτας
2833 4705 2968 4762 εἶναι
3003 4708 3072 4762 τά
3102 4705 3433 4776 σκηνώματα
3465 4697 3550 4752 τοῦ
3567 4697 3646 4749 Κυ-

2120 4807 2254 4879 ρίου,
2288 4803 2488 4876 δηλαδὴ
2530 4803 2628 4866 τὰς
2668 4801 2958 4872 ἐκκλησίας
3001 4796 3187 4861 αὐτοῦ,
3225 4797 3290 4858 ἃς
3339 4792 3536 4865 προῖὼν
3559 4788 3645 4838 λευ-

2119 4900 2339 4972 κότερον
2387 4897 2549 4952 πάλιν
2595 4893 2848 4965 ὀνομάζει
2890 4892 3089 4961 λέγων·
3136 4886 3428 4942 Ἐπιποθεῖ
3464 4881 3548 4937 καὶ
3581 4878 3646 4930 ἐι·

2117 4970 2312 5046 λείπει
2339 4991 2376 5057 ἡ
2408 4987 2576 5056 ψυχή
2619 5005 2736 5056 μου
2777 4987 2862 5050 εὶς
2911 4984 3015 5048 τὰς
3053 4980 3247 5044 αὐλὰς
3290 4976 3397 5031 τοῦ
3449 4970 3642 5038 Kac-lat.

2121 5081 2233 5136 Καὶ
2258 5077 2410 5144 αὖθις
2444 5077 2648 5150 προῖὼν
2680 5093 2845 5148 φησι·
2891 5075 2967 5128 Τὰ
2997 5067 3390 5138 θυσιαστήριά
3427 5083 3549 5127 σου,
3565 5058 3646 5114 Κύ-

2113 5189 2210 5240 ριε
2246 5170 2365 5225 τῶν
2405 5169 2731 5239 δυνάμεων.
2783 5166 2890 5219 Καὶ
2933 5165 3032 5235 δρα
3071 5165 3119 5216 εἰ
3171 5161 3244 5232 μὴ
3285 5156 3564 5229 συμφώνως
3597 5152 3643 5217 τῇ

2121 5266 2413 5336 προγραφῇ
2459 5261 2610 5328 ὑπὲρ
2655 5258 2773 5312 τῶν
2810 5255 3014 5324 ληνῶν
3048 5253 3371 5325 περιεχούσῃ
3409 5246 3643 5314 πληθυντιο

2121 5355 2234 5418 κῶς
2261 5354 2331 5407 τὰ
2364 5351 2693 5423 σκηνώματα
2718 5351 2948 5421 εἴρηται,
2986 5347 3078 5400 καί
3110 5345 3269 5398 αὐλαὶ
3298 5343 3388 5394 καὶ
3410 5339 3473 5390 τὰ
3497 5336 3642 5387 θυσια-

2125 5445 2338 5515 στήρια,
2372 5441 2556 5511 σαφῶς
2587 5440 2679 5493 τοῦ
2717 5439 2874 5506 λόγου
2908 5437 3088 5489 ούκέτι
3125 5435 3186 5488 τὺ
3227 5431 3440 5486 παλαιὸν
3467 5428 3518 5480 ἓν
3543 5424 3640 5488 σκὴ·

2123 5552 2281 5605 νωμα
2307 5536 2365 5587 ἐν
2401 5532 2810 5605 Ἰεροσολύμοις,
2843 5530 2960 5582 οὐδὲ
3006 5528 3068 5581 τὸ
3113 5527 3169 5580 ἓν
3214 5524 3564 5591 θυσιαστήριον
3594 5511 3636 5563 τὸ

2123 5603 2306 5682 αὐτόθι
2340 5603 2639 5698 ἱδρυμένον,
2663 5622 2785 5677 οὐδὲ
2828 5620 2926 5693 τὴν
2964 5619 3147 5674 αὐτόθι
3184 5618 3307 5690 μίαν
3334 5613 3505 5683 αὐλὴν,
3536 5603 3634 5659 ἀλλὰ
