3798 6282
127 343 256 399 εοοδ

1242 340 1741 400 COMMENTARIA
1785 341 1852 397 IN
1894 340 2234 400 PSALMOS.

3234 345 3375 401 4006

120 460 185 517 τὰ
227 457 347 514 καθ’
384 457 513 533 ὅλης
551 458 650 524 τῆς
690 457 992 531 ἀνθρώπων
1037 458 1361 533 οἰκουμένης
1405 463 1696 534 Θυσιαστήο

1828 459 1967 524 nine,
1997 460 2350 516 tabernacula
2391 467 2507 522 tua,
2535 460 2731 516 dilecta
2757 473 2811 516 ει
2839 462 3091 516 amabilia
3127 471 3276 528 sunt,
3321 465 3375 518 in

123 570 208 624 pta
258 549 352 606 καὶ
399 552 470 606 τὰ
518 551 849 622 σκηνώματα
898 552 992 607 καὶ
1035 551 1134 616 τὰς
1180 552 1348 618 αὐλὰς
1391 555 1694 626 δηλοῦντος.

123 642 296 694 Ἀλλοι
331 641 432 711 μὲν
462 637 552 694 οὖν
578 641 732 703 ἄλλα,
767 643 950 712 φησιν,
982 643 1260 710 ἀγαπῶσι,
1292 645 1382 698 καὶ
1411 647 1538 716 περὶ
1569 645 1699 698 πολ‹

121 734 207 788 λοῦ
235 735 542 787 ποιοῦνται·
576 734 697 804 ἐμοὶ
728 734 806 798 δὲ,
840 728 885 786 ὧ
923 734 1116 806 Κύριε,
1157 735 1226 789 τὰ
1267 736 1334 788 σὰ
1369 735 1699 807 σκηνώματα

123 825 385 898 προσφιλῆ
419 826 514 878 καὶ
555 825 812 895 ἀγαπητὰ
843 826 1119 897 τυγχάνει,
1154 829 1210 880 ὲν
1242 822 1325 892 οἷς
1358 828 1698 900 κατηξίωσας

121 916 274 978 αὐτὸς
321 916 438 985 ἅμα
489 914 795 987 ἀνθρώποις
855 916 954 971 τὰς
1007 916 1284 988 διατριϐὰς
1336 919 1700 988 ποιησάμενος

121 1007 566 1077 κατασκηνῶσαι,
618 1009 824 1078 φήσαςο
883 1009 1062 1062 Ὅπου
1104 1009 1214 1062 δύο
1260 1007 1298 1076 ἢ
1348 1008 1498 1076 τρεῖς
1547 1026 1696 1061 om"

119 1098 534 1168 ηγμένοιείσὶν
557 1088 640 1164 εἷς
668 1097 734 1152 τὸ
756 1101 901 1168 ἐμὸν
927 1099 1131 1170 ὄνομα,
1152 1098 1282 1154 ἐκεῖ
1304 1103 1417 1169 ειμι
1445 1101 1515 1153 ἐν
1533 1100 1701 1170 μέσῳ

123 1189 327 1244 αὐτῶν.
373 1187 532 1244 Οὕτω
567 1191 622 1244 δέ
653 1209 740 1262 μοι
777 1192 1048 1263 προσφιλῆ
1091 1191 1182 1246 καὶ
1221 1193 1481 1263 ἀγαπητὰ
1504 1193 1702 1264 τυγχά-

123 1301 195 1336 νει
229 1282 298 1336 τὰ
330 1283 616 1354 εἰρημένα,
660 1284 802 1337 ὥστε
843 1284 910 1338 δι’
949 1276 1248 1356 ὗπερϐολὴν
1277 1284 1568 1356 ἐπιθυμίας
1607 1288 1702 1340 αὺ-

122 1374 221 1427 τῶν
269 1373 554 1450 ὁμολογεῖν
605 1373 877 1427 ἐκλείπειν
917 1375 1017 1444 τὴν
1077 1375 1256 1446 ψυχήν
1327 1392 1426 1446 μου
1468 1375 1545 1444 e}
1573 1375 1700 1447 περὶ

123 1462 284 1526 αὑτάς
331 1461 488 1532 πόθῳ
540 1464 870 1534 νικωμένην,
917 1464 1011 1516 καὶ
1049 1463 1150 1534 τῆς
1183 1464 1326 1534 ζωῆς
1363 1463 1530 1535 αὐτῆς
1571 1483 1704 1537 προ-

123 1557 277 1626 τιμᾷν
310 1556 411 1617 τὰς
467 1555 527 1607 ἐν
598 1558 717 1618 ταῖς
758 1555 947 1618 αὐλαῖς
985 1565 1078 1608 σου
1139 1555 1441 1628 διατριϐάς.
1492 1556 1602 1610 Kal
1640 1557 1699 1610 οὐ

128 1648 253 1718 μόνη
277 1649 403 1718 γεή
449 1647 598 1719 ψυχή
659 1656 760 1719 μου
803 1647 1065 1712 ἐκλείπει,
1117 1646 1251 1703 ἀλλὰ
1290 1649 1385 1702 καὶ
1439 1649 1472 1719 ὴ
1509 1649 1703 1721 καρδία

128 1756 221 1810 μου
273 1740 368 1793 καὶ
422 1739 564 1810 πρὸς
614 1741 682 1810 τῇ
737 1741 932 1812 καρδίᾳ
997 1758 1097 1812 μου
1152 1741 1245 1794 καὶ
1303 1741 1434 1793 αὐτό
1495 1758 1596 1811 μου
1641 1740 1702 1794 τὸ

1803 553 2003 622 quibus
2045 553 2161 623 ipse
2195 569 2302 606 una
2333 567 2456 606 cum
2493 552 2810 608 hominibus
2862 554 3064 608 morari
3113 555 3380 624 sedesque

1803 659 2004 714 ponere
2055 643 2312 714 dignatus
2353 659 2450 709 es;
2483 658 2608 697 nam
2651 643 2792 699 dicis
2833 663 2844 698 :
2889 643 2988 700 Ubi
3020 644 3124 698 duo
3163 646 3240 700 vel
3273 658 3377 699 tres

1803 735 2101 805 congregati
2139 735 2334 804 fuerint
2357 737 2411 788 in
2441 736 2648 790 nomine
2673 752 2807 798 meo,
2836 737 2946 790 illic
2971 755 3089 792 sum
3126 739 3182 792 in
3209 739 3377 792 medio

1802 842 1983 879 eorum
2022 827 2089 880 ²¹.
2127 825 2203 879 lta
2244 841 2409 896 porro
2457 826 2590 880 mihi
2641 828 2757 881 haec
2785 828 2899 895 jam
2948 838 3245 884 memorata
3294 830 3379 885 di-

1804 920 1941 974 lecta
1970 927 2023 973 et
2059 919 2312 973 amabilia
2346 927 2495 982 sunt,
2537 927 2595 972 ut
2643 919 2815 974 fatear
2855 937 2920 976 ex
2943 938 3146 978 eorum
3178 939 3382 978 concu-

1804 1008 2070 1078 piscentia
2097 1009 2335 1062 animam
2361 1023 2560 1074 meam,
2586 1025 2776 1064 eorum
2804 1025 2990 1066 amore
3017 1013 3380 1078 victam,deli-

1803 1113 1928 1152 cere
1982 1107 2146 1168 atque
2199 1099 2346 1152 illam
2403 1099 2459 1153 in
2521 1100 2678 1155 atriis
2720 1101 2830 1156 tuis
2890 1103 3379 1158 commorationem

1793 1190 1926 1251 vita:
1949 1206 2164 1260 quoque
2209 1198 2555 1260 anteponere.
2622 1191 2809 1262 Neque
2834 1194 3017 1248 solum
3047 1195 3251 1258 anima,
3285 1195 3382 1250 sed

1804 1291 1859 1337 ct
1893 1297 1990 1336 cor
2035 1298 2216 1336 meum
2279 1281 2504 1348 deficit;
2538 1282 2648 1337 imo
2700 1299 2830 1338 vero
2869 1285 3045 1353 ipsum
3095 1299 3295 1355 corpus
3330 1298 3384 1340 et

1805 1389 1935 1428 caro
1965 1389 2068 1444 qua
2093 1375 2530 1428 circumvestior.
2560 1373 2684 1429 Haec
2735 1378 2936 1430 etenim
2983 1393 3046 1431 ex
3085 1377 3207 1432 vita:
3236 1378 3385 1434 illius

1805 1483 1925 1536 quae
1977 1481 2143 1537 penes
2183 1474 2232 1519 lc
2281 1475 2364 1521 est
2419 1467 2707 1530 memoria,
2732 1468 2934 1537 gaudio
2971 1478 3025 1523 et
3074 1470 3262 1524 laetitia
3299 1487 3386 1526 re-

1804 1557 2059 1628 plentur;
2095 1557 2167 1608 ita
2195 1563 2252 1610 ut
2282 1572 2404 1610 vere
2438 1557 2616 1610 dicam
2650 1575 2662 1610 :
2692 1555 2797 1611 Cor
2845 1575 3016 1611 meum
3042 1570 3091 1612 et
3121 1577 3244 1614 caro
3270 1578 3387 1615 mea

1806 1651 2200 1704 exsultaverunt
2250 1649 2303 1701 in
2336 1647 2506 1701 Deum
2557 1650 2750 1726 vivum.
2789 1648 2934 1704 Deus
2962 1652 3166 1721 quippe
3198 1662 3388 1708 noster

1806 1742 2018 1804 vivens,
2039 1742 2131 1812 qui
2168 1741 2318 1795 solus
2338 1740 2611 1810 propriam
2633 1751 2688 1796 et
2715 1743 3018 1797 naturalem
3053 1745 3107 1798 in
3137 1760 3197 1800 se
3221 1747 3385 1802 vitam

128 1828 274 1899 σῶμα
347 1830 443 1882 καὶ
496 1828 717 1901 η’σὰρξ
769 1829 834 1898 ἣν
887 1828 1305 1900 περιϐέϐλημαι.
1367 1828 1476 1881 Kal
1525 1828 1698 1882 ταῦτα

1828 1835 2061 1896 possidet,
2095 1835 2202 1888 imo
2263 1834 2444 1905 potius
2471 1833 2652 1888 omnis
2687 1835 2811 1888 vitze
2852 1834 2972 1892 fons
2996 1847 3098 1901 est,
3127 1853 3246 1892 eam
3268 1856 3388 1893 om-

125 1922 224 1992 γὰρ
257 1923 319 1974 ἐκ
368 1923 470 1994 τῆς
542 1923 761 1993 μνήμης
815 1922 916 1992 τῆς
969 1921 1122 1993 παρὰ
1187 1923 1268 1976 σοι
1333 1922 1478 1993 ζωῆς
1534 1923 1707 1994 χαρᾶς

126 2011 414 2083 πληροῦται
458 2013 558 2065 καὶ
596 2011 963 2084 εὐφροσύνης·
995 2012 1122 2065 ὥστ’
1154 2011 1484 2083 ἀληθεύοντά
1520 2030 1586 2083 με
1622 2011 1708 2065 λέ-

127 2115 251 2169 γειν·
282 2100 341 2153 'H
366 2100 587 2168 καρδιά
597 2117 717 2170 μου
743 2101 842 2154 καὶ
872 2103 910 2168 ἠ
939 2100 1096 2169 σὰρξ
1120 2118 1238 2170 μου
1259 2100 1709 2170 ἠγαλλιάσαντο

127 2193 214 2245 ἐπὶ
250 2192 397 2246 Θεὸν
428 2189 636 2252 ζῶντα.
673 2191 790 2246 Ζῶν
819 2191 926 2264 γὰρ
957 2195 986 2246 ό
1017 2193 1283 2264 ἡμέτερος
1305 2193 1455 2258 Θεὸς,
1484 2195 1576 2247 καὶ
1606 2195 1702 2264 -μό-

127 2301 207 2346 νος
250 2283 550 2354 ἰδιόκτητον
617 2284 713 2337 καὶ
767 2285 1000 2356 φυσικὴν
1055 2285 1112 2337 ὲν
1166 2281 1312 2354 αὑτῷ
1364 2284 1698 2356 κεκτημένος

130 2374 281 2446 ζωὴν,
311 2375 513 2446 μᾶλλον
542 2375 599 2428 δὲ
627 2375 788 2440 αὐτὸς
809 2375 884 2429 ὢν
917 2378 950 2448 ή
980 2376 1127 2447 ⁴ιυςιιγὴ
1160 2376 1340 2446 πάσης
1367 2376 1530 2446 ζωῆς,
1563 2377 1695 2429 πᾶσι

1809 1928 1978 1984 nibus
2022 1927 2090 1982 ad
2150 1942 2209 1982 se
2252 1925 2640 1983 accedentibus
2688 1927 2948 1998 impertit.
3021 1929 3386 1995 Quamobrem

1812 2021 1932 2092 ipsa
1983 2036 2112 2076 caro
2160 2036 2301 2083 mea,
2331 2035 2451 2091 quae
2497 2028 2694 2075 natura
2757 2036 2856 2075 sua
2909 2023 3156 2076 mortalis
3185 2033 3237 2077 et
3265 2038 3391 2077 cor-

1808 2113 2050 2184 ruptioni
2080 2113 2315 2166 obnoxia
2339 2119 2444 2176 εει,
2466 2113 2668 2183 gaudet
2696 2120 2750 2167 et
2777 2113 3079 2182 gratulatur
3100 2131 3114 2181 ;
3139 2115 3267 2183 quia
3295 2129 3392 2184 per

1806 2221 1928 2261 eam
1958 2204 2285 2259 immortalis
2305 2203 2430 2258 vitae
2460 2218 2692 2258 consors
2743 2209 2798 2258 et
2825 2201 3024 2258 divina:
3048 2204 3392 2273 gratiae-par-

1805 2296 1979 2366 ticeps
2024 2293 2210 2349 futura
2246 2302 2351 2349 est.

129 2470 230 2530 τοῖς
279 2467 641 2537 πλησιάζουσι
695 2466 896 2539 ταύτης
960 2467 1298 2538 μεταδίδωσι.
1360 2466 1557 2538 Διόπερ
1605 2467 1698 2520 καὶ
1735 2465 1874 2539 αὐτὴ
1920 2468 1954 2538 ἡ
2006 2467 2164 2536 φύσει
2204 2467 2370 2541 θνητὴ
2430 2469 2523 2522 καὶ
2563 2467 2776 2542 φθαρτή
2826 2487 2924 2541 μου
2995 2470 3132 2543 σὰρξ
3209 2473 3392 2544 χαίρει

132 2560 216 2613 καὶ
251 2559 556 2630 συγχαίρει,
593 2558 687 2611 ἅτε
735 2559 802 2612 δι’
835 2559 1004 2629 αὐτῆς
1050 2561 1453 2631 κοινωνήσουσα
1487 2558 1705 2612 αἰωνίου
1747 2557 1912 2629 ζωῆς,
1935 2559 2154 2631 καὶτῆς
2177 2559 2270 2614 τοῦ
2293 2561 2426 2614 Θεοῦ
2455 2563 2676 2634 χάριτος
2705 2561 3146 2634 μεταληψομένη.

195 2663 375 2729 Ταῦτα
401 2675 457 2729 δέ
490 2693 654 2747 φησιν
691 2677 718 2728 ό
744 2676 1036 2748 Προφήτης
1065 2677 1350 2739 διδάσκων,
1385 2677 1566 2730 όποῖον
1595 2671 1708 2747 εἶχε

134 2767 298 2838 ἔρωτα
327 2769 421 2821 καὶ
448 2767 616 2820 πόθον
653 2767 782 2840 περὶ
811 2768 879 2822 τὰ
917 2769 1007 2820 ὑπ’
1047 2768 1211 2822 αὑτοῦ
1237 2770 1707 2841 προφητευόμενα.

136 2860 316 2930 Διόπερ
345 2862 373 2913 ό
407 2861 602 2931 Σωτὴρ
623 2860 781 2931 ἡμῶν
815 2859 967 2928 ἔλεγε
991 2877 1003 2890 ·
1033 2861 1255 2914 Πολλοὶ
1291 2859 1587 2930 προφῆται
1611 2859 1712 2913 καὶ

137 2949 336 3002 δίκαιοι
388 2951 781 3018 ἐπεθύμησαν
827 2949 973 3003 ἰδεῖν
1007 2949 1046 3003 ἃ
1088 2950 1254 3018 ὑμεῖς
1291 2948 1575 3014 βλέπετε,
1615 2947 1714 3002 καὶ

138 3045 236 3094 οὐκ
277 3036 457 3095 εἶδον.
508 3040 617 3112 Τὴν
682 3036 859 3112 σάρκα
904 3041 960 3094 δέ
1021 3057 1184 3112 φησιν
1235 3040 1350 3111 ἃμα
1394 3042 1460 3111 τῇ
1516 3038 1714 3110 καρδίᾳ

140 3134 481 3201 ἀγαλλιᾶσθαι
516 3134 608 3186 ἐπὶ
639 3134 769 3187 Θεὸν
795 3133 994 3198 ζῶντα.
1023 3133 1407 3204 αἰνιττόμενος,
1436 3133 1510 3196 ὡς
1537 3127 1711 3202 οἶμαι,

1887 2675 2014 2732 Hazc
2047 2686 2229 2731 autem
2273 2678 2348 2731 ait
2377 2678 2668 2748 Propheta,
2705 2692 2864 2733 suum
2908 2678 3172 2734 exhibens
3203 2679 3396 2735 adver-

1818 2780 1916 2820 sus
1946 2781 2009 2820 ea
2039 2782 2159 2837 quae
2188 2767 2241 2821 in
2296 2767 2580 2837 prophetia
2633 2767 2991 2822 enuntiantur
3045 2767 3284 2823 studium
3341 2781 3396 2827 et

1819 2871 2084 2912 amorem.
2111 2858 2236 2913 Ideo
2263 2858 2526 2912 Servator
2555 2867 2744 2912 noster
2769 2857 2986 2914 dicebat
3020 2877 3032 2912 :
3077 2856 3241 2912 Multi
3271 2875 3399 2926 pro-

1818 2950 1986 3020 pheta:
2011 2959 2059 3005 et
2099 2950 2239 3019 justi
2269 2951 2544 3006 voluerunt
2585 2951 2759 3006 videre
2801 2967 2918 3022 qua:
2969 2967 3056 3006 vos
3091 2950 3298 3016 videtis,
3344 2960 3398 3006 et

1821 3059 1925 3096 non
1959 3041 2196 3097 viderunt
2228 3045 2293 3096 ".
2331 3043 2420 3095 Ait
2452 3058 2618 3114 porro
2645 3059 2753 3098 una
2787 3059 2910 3099 cum
2960 3043 3126 3097 corde
3169 3057 3393 3098 carnem

1821 3137 1996 3209 ipsam
2023 3141 2301 3194 exsultare
2332 3140 2385 3192 in
2421 3139 2589 3195 Deum
2616 3140 2834 3206 vivum;
2864 3139 3042 3208 queis,
3072 3145 3132 3192 ut
3160 3140 3394 3202 instituo,

142 3226 224 3278 καὶ
255 3227 342 3280 τοῦ
378 3226 632 3300 Σωτῆρος
660 3227 756 3298 τὴν
790 3228 854 3279 ἐκ
884 3226 1092 3298 νεκρῶν
1135 3226 1450 3279 ἀνάστασιν.
1497 3222 1714 3294 Ἐπειδὴ

1828 3232 1991 3300 ipsam
2032 3231 2338 3286 Servatoris
2365 3231 2538 3285 nostri
2565 3245 2629 3284 ex
2669 3231 2904 3285 mortuis
2933 3232 3395 3285 resurrectionem

141 3317 236 3390 γὰρ
284 3320 330 3371 οἱ
374 3318 484 3371 τῶν
537 3317 704 3371 ὲθνῶν
749 3319 1091 3390 νομιζόμενοι
1139 3317 1250 3370 θεοὶ
1294 3317 1478 3388 νεκροὶ
1522 3315 1716 3387 ἄψυχοι

141 3413 470 3482 τυγχάνουσι·
505 3413 581 3464 Τὰ
604 3410 710 3482 γὰρ
727 3410 943 3465 εῖδωλα
965 3409 1081 3464 τῶν
1101 3409 1290 3464 ἐθνῶν
1311 3410 1593 3479 ἀργύριον
1617 3408 1716 3463 καὶ

143 3505 403 3572 χρυσίον,
432 3505 579 3572 ἔργα
606 3502 816 3572 χειρῶν
847 3502 1174 3571 ἀνθρώπιον
1194 3519 1206 3533 ·
1241 3502 1411 3556 ταῦτα
1443 3503 1498 3555 δὲ
1533 3501 1718 3555 ἕσεῦον

144 3595 187 3646 οἱ
221 3595 332 3648 τότε
357 3596 634 3668 ἄνθρωποι
656 3612 667 3623 ·
701 3593 832 3663 ἐγὼ,
865 3597 1049 3666 φησιν,
1074 3595 1133 3648 οὐ
1160 3594 1397 3647 τοιοῦτόν
1421 3612 1540 3648 τινα
1563 3594 1717 3656 Θεὸν,

146 3684 266 3739 ἀλλὰ
297 3687 474 3752 ζῶντα
522 3687 652 3739 Θεὸν
693 3686 1039 3758 προθεωρῶν,
1070 3689 1134 3757 τῇ
1191 3686 1384 3758 καρδίᾳ
1431 3685 1717 3757 εὐφραίνο-

151 3794 266 3845 μαι·
302 3780 391 3831 καὶ
429 3777 571 3847 αὓτη
610 3776 666 3830 δέ
712 3795 813 3848 μου
868 3780 897 3849 η
946 3775 1084 3848 σὰρξ
1129 3777 1220 3829 ἐπὶ
1259 3775 1431 3847 τούτῳ
1479 3776 1555 3846 τῷ
1603 3776 1720 3846 Θεῷ

147 3868 525 3937 ⁴ήγιιλλιάσατο,
574 3869 648 3932 ὼς
695 3868 788 3920 ἐπὶ
832 3867 949 3937 Θεῷ
987 3868 1202 3938 ἀληθῶς
1250 3865 1411 3929 ζῶντι
1455 3867 1547 3918 καὶ
1587 3866 1720 3929 ζωο-

150 3961 370 4016 ποιοῦντι
395 3962 524 4025 τοὺς
558 3961 803 4030 νεκροὺς,
838 3961 896 4024 ὃς
930 3961 1021 4012 καὶ
1054 3960 1222 4031 αὑτήν
1259 3976 1358 4028 μου
1397 3958 1718 4029 ζωοποιήσει

148 4054 237 4124 τὴν
267 4056 437 4127 σάρκα
467 4054 558 4108 διὰ
596 4052 696 4124 τῆς
746 4051 936 4105 ἑαυτοῦ
973 4051 1339 4113 ἀναστάσεως.
1371 4050 1460 4101 Διὸ
1490 4049 1624 4120 πρὸς
1655 4052 1718 4120 τῇ

151 4146 281 4218 ψυχῇ
314 4149 406 4200 καὶ
435 4149 470 4217 ἡ
499 4145 633 4216 σάρξ
674 4161 772 4216 μου
797 4143 1179 4215 ἠγαλλιάσατο.
1213 4141 1320 4195 Kal
1361 4140 1470 4211 γὰρ
1503 4154 1721 4209 στρου-

153 4239 272 4292 ϐίον
308 4235 485 4309 εὗρεν
528 4237 719 4302 ἐαυτῷ
769 4238 991 4299 οὶκίαν,
1028 4234 1123 4287 καί
1179 4231 1410 4302 τρυγὼν
1463 4229 1723 4284 νοσσιὰν

153 4329 360 4398 ἑαυτῇ,
411 4325 484 4386 οὗ
533 4328 704 4395 θήσει
749 4329 821 4382 τὰ
873 4327 1096 4380 νοσσία
1139 4323 1348 4393 αὐτῆς,
1397 4326 1470 4377 τὰ
1518 4325 1725 4376 θυσια-

154 4415 353 4484 στήριά
368 4433 505 4481 σου,
533 4417 708 4485 Κύριε
733 4413 850 4469 τῶν
884 4413 1214 4483 δυνάμεων.
1254 4413 1364 4466 Kal
1393 4411 1509 4475 πῶς
1523 4410 1632 4482 γὰρ
1661 4410 1721 4464 οὐ

1818 3322 2127 3377 adumbrat.
2156 3320 2294 3387 Quia
2323 3322 2467 3376 enim
2501 3320 2534 3374 ii
2567 3320 2660 3391 qui
2695 3321 2838 3375 inter
2872 3330 3062 3389 gentes
3093 3319 3171 3374 dii
3204 3320 3397 3374 existi-

1819 3423 2060 3477 mantur,
2089 3414 2292 3467 mortui
2326 3421 2379 3468 ει
2417 3413 2702 3467 inanimali
2735 3421 2864 3466 sunt
2897 3432 2909 3466 :
2943 3428 3068 3466 nam
3101 3411 3397 3466 simulacra

1818 3504 2051 3574 gentium
2081 3512 2352 3572 argentum
2387 3511 2436 3556 et
2473 3519 2685 3564 aurum,
2718 3513 2876 3570 opera
2923 3516 3177 3554 manuum
3224 3501 3396 3553 Itami-

1821 3611 1946 3648 num
1972 3594 2017 3625 ⁸³
2047 3614 2059 3648 :
2094 3594 2207 3648 inec
2235 3601 2414 3648 tamen
2439 3594 2512 3647 illi
2539 3593 2665 3647 olim
2697 3592 2946 3648 homines
2975 3591 3396 3649 venerabantur.

1821 3684 1934 3757 Ego
1971 3701 2121 3750 vero,
2145 3687 2341 3757 inquit,
2375 3703 2483 3740 non
2535 3686 2695 3740 deum
2731 3684 3070 3754 hujusmodi,
3102 3686 3194 3738 sed
3227 3684 3394 3740 Deum

1820 3780 2002 3832 vivum
2035 3779 2435 3846 contemplans,
2465 3777 2664 3848 gaudio
2697 3777 2751 3830 in
2781 3776 2946 3831 corde
2971 3777 3184 3845 repleor
3222 3794 3234 3829 :
3261 3775 3401 3845 ipsa—

1823 3881 1930 3934 que
1960 3879 2091 3919 caro
2123 3881 2241 3920 mea
2277 3865 2333 3918 in
2374 3866 2521 3920 hunc
2552 3865 2720 3920 Deum
2773 3864 3088 3924 exsultavit.
3127 3872 3314 3933 utpete
3342 3864 3396 3918 in

1823 3955 1994 4010 Deum
2029 3972 2154 4010 vere
2184 3958 2452 4012 viventem
2482 3964 2536 4010 et
2580 3962 2828 4010 mortuos
2882 3954 3264 4018 viviﬁcantem,
3306 3955 3398 4024 qui

1824 4048 1964 4102 hanc
1989 4049 2162 4118 ipsam
2185 4063 2405 4104 carnem
2430 4062 2603 4103 meam
2626 4063 2722 4118 per
2751 4047 3207 4102 resurrectionem
3243 4062 3398 4102 suam

1823 4141 2149 4198 reviviscere
2204 4140 2380 4196 faciet.
2444 4139 2626 4208 Quare
2674 4155 2797 4195 curn
2856 4139 3039 4194 anima
3093 4155 3225 4195 caro
3283 4125 3400 4210 ipsa

1823 4235 2139 4290 exsultavit.
2171 4265 2242 4276 —
2272 4231 2440 4290 Vens.
2475 4231 2530 4287 4.
2567 4231 2774 4287 Etenim
2823 4249 3010 4302 passer
3068 4233 3259 4287 invenit
3300 4231 3400 4285 sibi

1823 4323 2061 4387 domum,
2104 4331 2154 4378 et
2205 4332 2384 4376 turtur
2456 4322 2638 4376 nia’um
2692 4321 2814 4387 sibi,
2876 4320 2966 4374 ubi
3025 4330 3185 4390 ponat
3230 4320 3401 4389 pullos

1825 4429 1972 4477 suos,
2009 4411 2210 4466 altaria
2234 4421 2346 4475 tua,
2378 4410 2603 4465 Domine
2629 4405 2906 4466 virtutum.
2932 4409 2995 4463 Et
3026 4411 3140 4480 qui,
3173 4410 3270 4474 ait,
3293 4425 3398 4462 non

155 4506 533 4580 δίκαιον,φησὶ,
565 4507 834 4579 προσφιλῆ
867 4507 959 4560 καὶ
997 4504 1254 4575 ἀγαπητὰ
1269 4503 1547 4575 ὁμολογεῖν
1580 4499 1715 4557 εἶναι

1828 4520 2044 4576 aequum
2086 4503 2272 4568 fuerit,
2330 4517 2362 4556 ο
2408 4502 2658 4568 Domine,
2708 4503 2902 4557 altaria
2958 4510 3050 4555 tua
3106 4501 3304 4556 dilecta
3349 4511 3403 4554 et

155 4596 215 4648 vi
240 4597 567 4668 σκηνώματα
599 4614 712 4661 σου,
744 4590 788 4650 ὧ
819 4595 1009 4666 Κύριε,
1037 4595 1197 4648 ὁπότε
1227 4595 1510 4664 καταφυγὴ
1535 4592 1720 4662 γέγονε

156 4689 304 4740 παντὶ
334 4688 411 4759 τῷ
437 4689 532 4757 οἴῳ
557 4705 616 4741 τε
655 4686 833 4756 λέγειν
851 4704 863 4716 ·
906 4687 978 4741 Ἦ
1006 4684 1176 4756 ψυχὴ
1205 4685 1374 4756 ἡμῶν
1399 4686 1479 4751 ὠς
1502 4701 1720 4753 στρου-

156 4778 276 4831 θίον
293 4779 550 4848 ὲῤῥύσθη
591 4780 658 4832 ἐκ
704 4777 814 4847 τῆς
862 4779 1111 4848 παγίδος
1154 4777 1274 4831 τῶν
1317 4777 1718 4846 θηρευόντωνο

157 4869 242 4920 καὶ
271 4869 428 4923 πάλιν
469 4869 546 4941 τῷ
589 4871 880 4939 φάσκοντι·
919 4871 1041 4923 Ἐπὶ
1089 4868 1167 4934 τῷ
1211 4869 1405 4936 Κιιρίῳ
1447 4863 1717 4929 πέποιθα.

158 4957 274 5026 πῶς
294 4960 473 5027 ἐρεῖτε
495 4961 568 5029 τῇ
588 4960 756 5030 ψυχῇ
768 4978 906 5030 μου·
925 4961 1382 5014 Μεταναστεύου
1403 4959 1500 5012 ἐπὶ
1521 4960 1593 5011 τὰ
1613 4958 1718 5025 ὄρη

161 5051 231 5118 ὡς
252 5055 596 5121 στρουθίον;
628 5055 753 5105 Ὅτι
786 5052 914 5105 ὶδοὺ
956 5055 1010 5104 οἱ
1041 5051 1372 5122 ἁμαρτωλοὶ
1412 5049 1724 5126 ,ἐνέτειναν

161 5143 343 5209 τόξον,
370 5147 702 5214 ἡτοίμασαν
724 5142 882 5210 ,ϐέλη
917 5145 1003 5209 εἰς
1026 5142 1340 5211 φαρέτραν.
1376 5139 1590 5195 Πολλῶν
1613 5137 1722 5209 γὰρ

161 5233 248 5304 τὴν
276 5235 364 5289 τοῦ
389 5235 664 5306 θεοφιλοῦς
696 5234 870 5306 ψυχὴν
893 5235 1082 5302 παγίσι
1118 5233 1472 5304 μετασάλλειν
1512 5232 1605 5284 καὶ¹
1642 5229 1720 5282 δι-

164 5327 332 5391 κτύοις
363 5328 547 5398 ὥσπερ
592 5327 842 5400 θηρεύειν
887 5325 1054 5396 αὐτὴν
1099 5325 1476 5396 πειρωμένων,
1513 5324 1726 5376 διιπτα-

167 5411 321 5483 μένην
347 5409 446 5467 ὧδε
468 5419 709 5477 κάκεῖσε,
743 5416 835 5469 καὶ
862 5415 1037 5484 πάντη
1069 5415 1511 5485 περινοστοῦσαν,
1541 5411 1618 5482 τῷ
1651 5413 1724 5483 μὴ

164 5502 294 5572 ἔχειν
318 5507 616 5562 ἀνάπαυσιν
651 5511 708 5561 ὲν
745 5509 823 5578 τῷ
856 5507 1034 5578 θνητῷ
1059 5508 1176 5578 βίῳ,
1209 5509 1344 5578 μόνα
1378 5506 1444 5560 τὰ
1468 5505 1561 5559 τοῦ
1591 5503 1726 5556 Θεοῦ

166 5597 483 5668 σκηνώματα
521 5602 805 5670 καταφυγὴ
834 5605 899 5670 τῇ
936 5601 1153 5671 τοιαύτῃ
1186 5600 1395 5669 γέγονε.
1450 5597 1540 5650 Διὸ
1579 5596 1728 5666 εἴρη-

164 5703 277 5740 ται·
303 5689 411 5744 Καὶ
445 5694 549 5761 γὰρ
577 5695 894 5760 στρουθίον
920 5689 1094 5763 εὗρεν
1125 5691 1313 5757 ἑαυτῷ
1346 5691 1558 5753 οὶκίαν,
1598 5685 1732 5740 ἀλλὰ

1828 4598 2079 4652 amabilia
2127 4612 2250 4653 esse
2308 4595 2463 4650 fateri
2489 4640 2503 4662 ,
2539 4595 2758 4666 quando
2799 4609 2861 4650 ea
2895 4591 3163 4664 refugium
3203 4590 3402 4661 cuique

1830 4691 1982 4747 fuere
2004 4694 2095 4762 qui
2123 4690 2306 4745 dicere
2328 4689 2555 4751 valeret,
2589 4688 2784 4741 Anima
2818 4693 3000 4740 nostra
3040 4684 3174 4738 sicut
3219 4697 3404 4751 passer

1827 4792 2005 4852 erepta
2033 4789 2109 4836 est
2132 4780 2195 4836 de
2219 4779 2405 4850 laqueo
2433 4778 2732 4832 venantium
2759 4775 2842 4842 ¹⁸;
2875 4789 2940 4828 ac
2969 4789 3188 4828 rursum
3221 4772 3270 4826 ei
3309 4772 3400 4842 qui

1827 4867 2086 4936 dical,,ln
2122 4869 2348 4924 Domino
2387 4866 2593 4937 confido
2619 4906 2635 4930 ,
2694 4862 2952 4936 quomodo
3001 4863 3184 4918 dicetis
3214 4863 3407 4915 animm

1827 4978 1995 5016 mete:
2025 4961 2367 5030 Transmigra
2393 4961 2449 5012 in
2480 4965 2704 5012 montem
2725 4957 2862 5010 sicut
2889 4957 3112 5023 passer?
3140 4953 3402 5020 Quoniam

1828 5069 1943 5107 ecce
1979 5060 2275 5120 peccatores
2305 5049 2640 5104 intenderunt
2698 5061 2906 5108 arcum,
2935 5052 3256 5114 rararerunt
3315 5061 3404 5097 sa-

1829 5145 1990 5214 gittas
2021 5159 2145 5197 suas
2180 5143 2232 5194 in
2265 5141 2514 5211 pharetra
2537 5141 2604 5192 ’⁸.
2638 5135 2773 5190 Nam
2808 5151 2931 5190 cum
2975 5135 3130 5189 multi
3164 5135 3274 5189 sint
3311 5134 3404 5205 qni

1831 5233 2071 5304 religiosi
2107 5235 2207 5288 viri
2231 5234 2464 5286 animam
2491 5247 2589 5285 ceu
2616 5229 2825 5299 laqueis
2855 5227 3205 5296 intercipere,
3239 5233 3294 5281 et
3320 5240 3406 5280 re-

1834 5325 1981 5380 tibus
2010 5339 2108 5379 ceu
2154 5320 2340 5376 venari
2371 5329 2666 5381 conantur,
2700 5333 2824 5373 cum
2876 5333 2937 5373 ea
2969 5317 3114 5370 ultro
3159 5317 3408 5386 citroque

1831 5415 2006 5470 evolet
2031 5429 2094 5468 ac
2124 5413 2550 5480 circumquaque
2581 5425 2639 5464 se
2660 5417 2852 5473 vertat,
2877 5408 3022 5479 quod
3051 5407 3102 5461 in
3127 5407 3229 5461 hac
3257 5422 3404 5462 mor-

1833 5507 1924 5560 tali
1959 5506 2090 5572 vita,
2122 5503 2310 5574 requie
2341 5502 2488 5555 nulla
2539 5500 2784 5566 fruatur,
2815 5500 2869 5554 in
2917 5499 3050 5554 solis
3085 5499 3174 5554 Dei
3222 5499 3403 5553 laber-

1835 5595 2045 5650 naculis
2103 5600 2380 5661 receptum
2435 5591 2638 5644 habere
2693 5591 2889 5660 potuit.
2931 5588 3269 5658 QuaprOptcr
3322 5586 3404 5640 di-

1839 5697 1984 5740 ctum
2041 5693 2163 5740 εει·
2241 5683 2446 5736 Etenim
2512 5698 2694 5751 passer
2743 5683 2938 5744 inueni;
2987 5682 3088 5741 sibi
3151 5681 3402 5744 domum,

234 5842 270 5873 "
313 5839 500 5899 Matth.
537 5860 710 5908 tvm,
736 5844 823 5901 ‘20.
901 5848 946 5879 "
987 5833 1175 5901 Matth.
1218 5863 1337 5912 xm,
1375 5846 1460 5901 l7.
1538 5845 1583 5879 "
1616 5843 1760 5900 Psal.
1801 5858 1969 5908 cvm,
2006 5841 2057 5896 i.
2139 5843 2182 5872 "*
2223 5839 2371 5898 Psal.
2405 5855 2575 5894 cxxzu
2600 5879 2614 5908 ,
2653 5841 2702 5892 7.
2776 5802 2824 5872 ὐ
2863 5837 3009 5895 Psal.
3047 5853 3114 5901 κ,
3151 5834 3287 5903 2,3.
