3798 6282
406 334 553 404 ⁵⁸1007

1124 347 1394 404 EUSEBll
1422 345 1904 405 CESARIENSIS
1942 347 2094 405 OPP.
2129 349 2309 406 PARS
2348 351 2951 423 Ill.—_EXEGETICA.

3496 366 3602 420 l008

398 458 725 528 pariterque
778 462 955 512 turtur
1008 459 1100 513 uid
1129 476 1253 527 um;
1324 461 1575 518 videlicet
1631 464 1815 518 anima
1876 479 1990 534 qua.I

2101 466 2200 518 καὶ
2233 466 2465 536 τρυγὼν
2494 466 2782 522 νοσσιάν·
2831 470 2865 537 ή
2897 471 3039 523 κατὰ
3073 470 3170 541 τὴν
3191 465 3464 530 ἐνεστῶσαν
3498 481 3605 553 ζωήν

402 552 472 604 ’ἱη
540 551 795 621 pra-senti
868 551 1159 608 honestam
1218 561 1273 609 et
1347 555 1721 611 continentem
1780 564 2001 613 exercet

417 644 582 698 vitam
636 643 998 714 (hujusmodi
1058 660 1296 714 namque
1355 661 1480 702 esse
1543 647 1634 701 illa
1693 648 1810 703 avis
1861 647 2001 703 dici-

402 733 561 805 tur),
588 749 653 789 ae
682 749 804 806 qua:
843 734 1125 790 hominum
1151 737 1417 792 malitiam
1451 740 1598 810 luget
1625 745 1680 793 et
1708 739 1996 811 deplorat,

400 825 537 896 ‘ipsa
583 823 890 896 perfugium
942 828 1165 897 reperit,
1214 829 1472 883 nimirum
1526 831 1722 885 altaria
1775 832 1830 886 in
1877 840 1997 888 toto

415 917 550 973 orbe
591 931 691 987 per
720 916 927 974 Christi
969 917 1276 973 doctrinam
1330 920 1568 975 excitata
1602 940 1615 976 :
1652 921 1742 977 ubi
1792 937 1892 979 ceu
1941 925 1997 979 in

415 1007 548 1063 nido
578 1024 644 1063 ae
680 1009 1032 1080 receptaculo
1060 1025 1258 1066 recens
1296 1018 1479 1065 natam
1510 1027 1575 1067 ac
1606 1020 1849 1069 teneram
1881 1028 2000 1085 pro-

418 1101 522 1156 lem
559 1102 818 1172 deponet,
855 1110 1030 1157 tutum
1063 1102 1392 1173 insidiisque
1420 1119 1654 1159 vacuum
1691 1111 1851 1161 nacta
1871 1108 1996 1178 pul-

416 1193 487 1250 lis
516 1196 638 1250 suis
672 1195 1054 1250 domicilium:
1090 1196 1165 1249 ita
1199 1202 1257 1250 ut
1298 1196 1491 1250 altaria
1529 1205 1624 1251 tua
1656 1199 1867 1267 passeri
1894 1214 1996 1271 pro

415 1285 600 1350 domo,
628 1287 830 1341 turturi
866 1302 963 1357 pro
987 1286 1116 1341 nido
1145 1285 1473 1342 habeantur.
1502 1287 1597 1343 Hae
1623 1290 1823 1360 quippe
1845 1306 1994 1355 aves,

417 1392 608 1448 passer
644 1380 856 1434 scilicet
888 1387 941 1432 et
970 1387 1172 1446 turtur,
1206 1380 1335 1434 olim
1368 1388 1661 1450 antequam
1699 1397 1794 1451 per
1824 1391 1997 1436 totum

415 1470 604 1526 orbem
637 1472 830 1526 altaria
871 1483 1310 1542 exstruerentur,
1344 1476 1554 1529 nullum
1591 1476 1833 1531 habuere
1876 1491 1998 1547 per-

418 1561 649 1632 fugium,
680 1572 736 1618 at
772 1563 1035 1620 diuturno
1078 1573 1326 1639 tempore
1367 1567 1691 1623 errabunda!
1724 1567 1999 1638 pelleban-

418 1661 508 1709 tur
534 1663 586 1711 et
618 1656 983 1726 captabantur
1010 1674 1041 1713 a
1071 1659 1443 1716 venatoribus.
1475 1659 1602 1716 Ideo
1620 1660 1713 1731 qui
1746 1676 1845 1716 ceu
1871 1675 1999 1731 pas-

416 1762 509 1803 ser
550 1749 874 1819 pellebatur,
929 1750 1044 1805 haec
1090 1751 1308 1807 dicebat
1340 1771 1350 1806 :
1385 1750 1450 1806 In
1492 1751 1719 1806 Domino
1764 1752 1993 1822 conﬁdo,

2103 560 2407 631 σεμνότητα
2440 560 2535 613 καὶ
2566 560 2922 632 σωφροσύνην
2948 561 3191 615 ἀσκοῦσα
3214 565 3354 636 ψυχὴ
3400 571 3604 635 (τοιοῦτον

2099 648 2209 720 γὰρ
2232 646 2372 702 εἶναι
2404 649 2615 718 λέγεται
2645 650 2706 704 τὸ
2740 650 2970 721 ὄρνεον),
3000 652 3376 725 ἀποκλαομένη
3407 659 3485 712 καὶ
3508 659 3607 732 om.

2101 740 2269 795 νοῦσα
2300 742 2397 814 τὴν
2428 743 2485 795 ὲν
2513 733 2821 814 ἀνθρώποις
2844 744 3063 808 κακίαν,
3094 738 3219 815 εὗρε
3242 749 3522 820 καταφυγήν
3541 752 3609 804 καὶ

2100 831 2235 902 αὐτὴ
2266 831 2335 885 τὰ
2372 832 2492 885 καθ’
2521 832 2649 905 ὅλης
2681 836 2780 904 τῆς
2808 835 3134 906 οἰκουμένης
3164 830 3428 907 ἱδρυθέντα
3449 839 3522 894 διὰ
3539 842 3611 913 τῆς

2097 920 2192 974 τού
2218 922 2454 994 Χριστοῦ
2486 939 2579 975 σου
2606 922 2950 988 διδασκαλίας
2990 924 3368 996 θυσιαστήριαο
3404 925 3514 981 ἔνθα
3536 929 3612 982 ὦσ-

2099 1028 2205 1083 περ
2238 1016 2297 1067 ἐν
2345 1014 2560 1077 καλιαῖς
2603 1014 2697 1068 καὶ
2733 1016 2997 1079 νεοττίαις
3030 1016 3099 1068 τὰ
3138 1016 3388 1088 ἀρτιγενῆ
3426 1018 3509 1072 καὶ
3538 1038 3614 1075 νεο-

2098 1104 2200 1174 γνὰ
2224 1104 2331 1159 τῶν
2355 1106 2528 1177 αὐτῆς
2564 1107 2768 1162 τέκνων
2801 1107 3155 1178 ἀποϐήσεται,
3187 1108 3398 1178 ἀσφαλῆ
3432 1111 3512 1163 καὶ
3534 1112 3614 1165 ἀνε-

2100 1196 2447 1250 πιϐούλευτον
2491 1198 2729 1270 εὑροῦσα
2772 1202 2885 1263 τοῖς
2937 1200 3135 1271 ἑαυτῆς
3189 1203 3412 1263 νεοττοῖς
3464 1203 3613 1274 μονήν·

2097 1287 2235 1341 ὥστε
2264 1284 2400 1343 εἶναι
2423 1291 2489 1343 τὰ
2533 1291 2890 1362 θυσιαστήριά
2934 1308 3025 1343 σου
3060 1290 3323 1362 στρουθίῳ
3356 1292 3446 1361 μὲν
3467 1294 3616 1359 οὶκίαν,

2099 1380 2290 1433 καλιὰν
2321 1381 2377 1435 δὲ
2400 1382 2640 1453 τρυγόνι.
2671 1381 2857 1436 Ταῦτα
2884 1381 2990 1453 γὰρ
3017 1381 3085 1434 τὰ
3111 1381 3292 1455 ὄρνεα,
3318 1382 3376 1436 τὸ
3399 1383 3617 1453 στρουθίον

2098 1470 2240 1539 λέγω
2279 1472 2372 1524 καὶ
2411 1474 2446 1543 ἡ
2476 1473 2712 1544 τρυγὼν,
2763 1472 2929 1527 πάλαι
2978 1474 3103 1544 μὲν,
3133 1473 3238 1544 πρὸ
3280 1473 3371 1526 τοῦ
3412 1475 3618 1544 συστῆναι

2096 1564 2166 1617 τὰ
2188 1566 2461 1637 πανταχοῦ
2488 1566 2593 1637 γῆς
2633 1567 3010 1638 θυσιαστήρια,
3050 1567 3151 1620 οὐκ
3182 1561 3296 1637 εἶχε
3328 1570 3616 1639 καταφυγήν·

2097 1658 2368 1711 ἐπλανᾶτο
2409 1657 2467 1711 δὲ
2512 1662 2742 1730 μακροῖς
2791 1650 3022 1730 χρόνοις,
3075 1660 3133 1710 ὲν
3170 1652 3253 1721 οἷς
3296 1657 3530 1728 ἠλαύνετο
3555 1662 3621 1712 καὶ

2100 1749 2350 1804 ἐδιώκετο
2381 1751 2516 1822 πρὸς
2543 1750 2649 1805 τῶν
2679 1749 2973 1822 θηρευτῶν.
3010 1750 3102 1803 Διὸ
3139 1749 3206 1819 δὴ
3246 1750 3424 1820 ἔλεγον
3452 1753 3479 1804 ὁ
3509 1752 3621 1822 δίκην

414 1840 675 1911 quomodo
724 1842 911 1897 dicetis
946 1844 1139 1899 aninw
1185 1861 1335 1908 mete,
1382 1844 1730 1916 Transmigra
1767 1845 1822 1898 in
1851 1861 1990 1900 mon-

2104 1841 2385 1914 στρουθίου
2436 1843 2818 1913 ἐλαυνόμενος·
2864 1842 2989 1896 Ἐπὶ
3042 1840 3123 1908 τῷ
3159 1843 3358 1909 Κυρίῳ
3404 1843 3621 1905 πέποιθα,

416 1941 518 1987 tem
549 1934 686 1987 sicut
724 1936 945 2001 passer?
1011 1934 1181 1991 Iidem
1212 1951 1341 1991 vero
1394 1936 1498 2007 ipsi
1539 1952 1605 1991 ex
1643 1936 1995 1990 inimicorum

414 2023 673 2077 manibus
711 2024 906 2094 erepti,
941 2023 1057 2080 haec
1102 2024 1505 2080 conﬁtebantur
1535 2034 1549 2079 ἑ
1579 2025 1775 2079 Anima
1814 2034 1999 2078 nostra

414 2115 550 2169 sicut
588 2131 772 2183 passer
832 2126 1011 2184 erepta
1056 2126 1134 2172 est
1174 2116 1239 2173 de
1287 2117 1470 2188 laqueo
1513 2122 1834 2174 venantium.
1886 2117 1997 2174 0c—

414 2209 551 2262 cuiti
592 2224 725 2279 ergo
755 2217 809 2265 et
838 2209 1142 2266 invisibiles
1168 2218 1456 2267 venatores
1519 2211 1808 2268 animabus
1831 2211 1999 2266 cmic-

417 2302 486 2357 sti
526 2316 591 2357 ac
638 2303 857 2357 sublimi
899 2303 1025 2357 vitae
1062 2318 1285 2372 operam
1333 2301 1594 2360 dantibus
1644 2304 1993 2368 insidiantes,

415 2394 552 2449 retia
600 2402 658 2450 et
701 2395 928 2464 laqueos
969 2393 1289 2458 tendebant,
1322 2410 1388 2449 ac
1440 2397 1706 2451 venabula
1750 2396 1996 2465 cujusvis

414 2485 633 2557 generis
668 2485 1011 2539 adornabant
1064 2486 1132 2540 ad
1160 2485 1394 2542 insidias
1440 2490 1732 2558 parandas.
1768 2484 1900 2553 Quae
1938 2487 1995 2542 in

416 2577 745 2649 praecedenti
796 2579 883 2633 his
949 2578 1132 2633 verbis
1182 2578 1465 2632 enuntiata
1521 2587 1698 2633 sunt:
1733 2576 1996 2643 Quoniam

414 2685 532 2725 ecce
559 2669 766 2723 inimici
796 2668 872 2722 tui
888 2674 1199 2733 sonuerunt,
1228 2676 1279 2722 et
1306 2669 1396 2738 qui
1425 2666 1648 2722 oderunt
1696 2678 1745 2721 te
1788 2668 1994 2722 extule-

416 2773 540 2818 runt
566 2770 741 2830 caput.
776 2759 947 2828 Super
965 2760 1217 2829 populum
1246 2768 1395 2814 tuum
1427 2758 1847 2831 malignaverunt
1878 2777 1996 2814 con-

416 2855 619 2919 silium,
667 2854 1023 2925 cogilaverunt
1041 2853 1289 2907 adversus
1304 2863 1518 2907 sanctos
1555 2862 1672 2907 tuos
1695 2851 1838 2907 """.
1863 2850 1996 2907 Per-

416 2947 764 3003 secutionum
786 2954 1052 3017 tempore,
1077 2962 1187 3016 quo
1218 2946 1428 3000 inimici
1466 2945 1559 3001 Dei
1592 2945 1994 3017 populunrejus

416 3039 813 3111 impugnabant
843 3039 1243 3109 vexabantque,
1271 3036 1363 3094 Dei
1394 3038 1644 3094 homines
1678 3037 1853 3092 instar
1876 3052 1996 3108 pas—

416 3143 601 3186 serum
629 3130 736 3185 buc
765 3129 896 3185 illuc
926 3128 1219 3199 fugientes,
1252 3129 1472 3184 demum
1499 3129 1685 3184 oblata
1716 3143 1872 3200 pace,
1909 3136 1993 3183 ta-

2099 1933 2227 2001 πῶς
2261 1934 2446 2003 ἐρεῖτε
2486 1934 2560 2003 τῇ
2598 1933 2770 2003 ψυχῇ
2807 1953 2948 2004 μου,
2983 1934 3429 2003 μεταναστεύου
3464 1935 3543 1988 ἐπὶ
3575 1936 3625 1990 τὰ

2100 2023 2206 2092 ὄρη
2243 2024 2325 2091 ὡς
2357 2026 2709 2093 στρουθι¹ον;
2743 2026 2851 2079 Καὶ
2878 2025 3164 2096 ῥυσθέντες
3193 2043 3260 2094 γε
3293 2027 3355 2079 ἐκ
3388 2027 3539 2098 χειρὸς
3563 2030 3626 2096 ἐκ·

2098 2111 2281 2185 θρῶν,
2338 2111 2651 2185 ὡμολόγουν
2704 2113 2952 2184 λέγοντες
3008 2115 3101 2169 καὶ
3150 2114 3340 2169 αὐτοί·
3386 2116 3451 2171 Ἠ
3496 2116 3624 2185 Ψυχὴ

2095 2204 2268 2275 ἡμῶν
2316 2207 2397 2273 ὡς
2455 2207 2781 2275 στρουθίον
2830 2206 3092 2275 ἐρῥύσθη
3148 2206 3220 2259 ἐκ
3278 2204 3387 2273 τῆς
3430 2205 3627 2274 παγίδος

2096 2296 2215 2353 τῶν
2241 2300 2630 2367 θηρευόντων.
2680 2300 2927 2369 Ἀςρανεῖς
2969 2295 3061 2352 οὗν
3106 2300 3201 2353 καὶ
3246 2298 3461 2370 ἀόρατοι
3487 2300 3528 2351 οἱ

2100 2392 2286 2464 ρευταὶ
2310 2395 2430 2455 ταῖς
2455 2392 2548 2446 τὸν
2589 2392 2836 2463 οὐράνιον
2881 2391 2976 2445 καὶ
3024 2393 3320 2463 μετάρσιον
3368 2391 3471 2461 βξον
3505 2408 3628 2461 psu—

2094 2482 2417 2547 διωκούσαις
2443 2483 2642 2554 ψυχαῖς
2674 2482 3131 2547 ἐπιϐουλεύοντες,
3164 2483 3362 2536 δίκτυα
3388 2482 3475 2536 καὶ
3509 2483 3627 2551 παγίς

2094 2574 2187 2638 δας
2216 2575 2489 2640 ἱστῶντες,
2523 2574 2772 2647 θήρατρὰ
2807 2592 2866 2628 τε
2907 2576 3135 2628 παντοῖα
3175 2574 3553 2638 κατεσκεύαζον
3571 2576 3628 2636 εἰς

2095 2666 2380 2739 ἐπιϐουλὴν
2422 2667 2618 2722 αὐτῶν.
2661 2668 2773 2721 Κα)⁸
2815 2668 2989 2723 ταῦτά
3025 2685 3089 2737 γε
3129 2668 3431 2737 παρίστατο
3459 2666 3532 2720 διὰ
3559 2664 3628 2721 τοῦ

2094 2757 2507 2829 προηγουμένου
2551 2756 2790 2828 ψαλμοῦ,
2843 2759 2901 2811 ὲν
2938 2751 2983 2826 ᾧ
3034 2758 3246 2829 εἴρητο·
3288 2758 3407 2811 Ὅτι
3453 2757 3559 2811 ἰδοὺ
3591 2759 3630 2810 oi

2092 2848 2295 2916 ἐχθροί
2344 2855 2461 2902 σου
2505 2845 2771 2917 ἤχησαν,
2810 2850 2905 2903 καὶ
2944 2851 2998 2903 οἱ
3040 2841 3382 2919 μισοῦντές
3415 2866 3483 2902 σε
3506 2841 3630 2920 ᾖρον

2092 2940 2382 3010 κεφαλήν.
2445 2941 2571 2995 Ἐπὶ
2632 2942 2740 2994 τὸν
2788 2943 2942 2996 λαόν
2994 2956 3112 2997 σου
3169 2943 3630 3010 κατε-πανουργεύ-

2092 3049 2284 3088 amo
2327 3032 2592 3103 γνώμην,
2641 3035 3082 3090 ἐϐουλεύσαντο
3120 3036 3278 3090 κατὰ
3333 3033 3445 3087 τῶν
3489 3034 3630 3087 ὁσίων

2093 3142 2230 3180 σου.
2270 3125 2430 3180 Κατὰ
2465 3126 2687 3190 τούτους
2730 3127 2839 3180 τῶν
2877 3126 3132 3198 διωγμῶν
3164 3126 3417 3198 καιροὺς,
3443 3124 3545 3177 καθ’
3562 3122 3630 3186 οὓς

414 3220 735 3287 bernacula,
765 3220 907 3275 atria
932 3227 987 3275 et
1021 3221 1217 3274 altaria
1246 3219 1342 3274 Dei
1380 3220 1436 3274 in
1470 3218 1777 3291 perfugium
1815 3234 1879 3274 ac
1902 3234 1990 3275 re-

2097 3219 2140 3270 οἱ
2191 3216 2376 3289 ἐχθροὶ
2429 3216 2524 3271 τοῦ
2581 3217 2717 3271 Θεοῦ
2763 3218 2855 3271 τὸν
2902 3216 3030 3271 λαὸν
3090 3216 3261 3270 αὐτοῦ
3324 3213 3630 3285 πολεμοῦντες

413 3309 598 3380 quiem
645 3310 995 3367 invenerunt.
1030 3309 1072 3363 E
1112 3326 1171 3366 re
1204 3316 1387 3366 autem
1428 3310 1654 3376 dixeris,
1704 3312 1989 3382 expeditos

2092 3306 2341 3381 ἤλαυνον,
2369 3310 2419 3361 οἱ
2452 3309 2547 3362 τοῦ
2583 3309 2716 3363 Θεοῦ
2756 3309 3030 3381 ἄνθρωποι
3068 3310 3230 3382 δίκην
3259 3309 3537 3382 στρουθίων
3558 3300 3631 3359 ὦδε

415 3401 541 3456 illos
579 3400 804 3466 milites,
839 3400 932 3471 qui
968 3402 1329 3456 monasticam
1360 3401 1527 3456 vitam
1574 3401 1806 3473 amplexi
1840 3410 1989 3469 sunt,

2097 3402 2315 3454 κάκεῖσε
2348 3399 2791 3472 περιφεύγοντες,
2824 3401 3047 3472 ὕστερόν
3089 3419 3222 3455 ποτε
3269 3403 3484 3474 εἰρήνης
3508 3414 3631 3453 κατα-

415 3503 517 3562 pro
561 3491 883 3559 passeribus
923 3490 1205 3546 habendos
1247 3507 1409 3559 esse;
1452 3508 1548 3547 eos
1587 3500 1767 3547 autem
1798 3494 1891 3563 qui
1927 3494 1990 3548 li-

2097 3492 2395 3558 ξιωθέντες,
2426 3486 2586 3565 εὗρον
2626 3493 2695 3547 τὰ
2732 3493 3063 3565 σκηνώματα
3093 3494 3187 3549 τοῦ
3238 3495 3397 3559 Θεοῦ,
3443 3495 3525 3547 καὶ¹
3559 3492 3632 3552 τὰς

416 3581 565 3638 beris
593 3581 726 3636 dant
752 3596 999 3652 operam,
1036 3592 1091 3637 et
1138 3583 1365 3653 reliquis
1392 3582 1519 3638 vitae
1551 3584 1784 3654 negotiis
1813 3592 1867 3638 et
1903 3600 1990 3637 cu-

2097 3584 2262 3649 αὺλὰς
2295 3582 2481 3650 αὑτοῦ,
2515 3587 2608 3640 καὶ
2636 3585 2707 3639 τὰ
2731 3585 3091 3659 θυσιαστήρια
3119 3587 3444 3658 καταφυγὴν
3469 3585 3631 3645 ἑαυτοῖς

415 3674 493 3730 ris
537 3688 596 3730 se
630 3673 855 3736 dedunt,
912 3675 1146 3731 turturis
1181 3675 1356 3730 vicem
1393 3690 1558 3747 agere
1589 3693 1604 3732 :
1636 3692 1798 3745 quam
1837 3677 1990 3746 jubet

2098 3679 2191 3732 καὶ
2216 3678 2539 3733 ἀνάπαυσιν.
2576 3679 2763 3742 Εἰποις
2803 3680 2848 3730 δ’
2880 3678 2945 3732 ἂν
2971 3679 3098 3742 τοὺς
3134 3680 3237 3749 μὲν
3285 3678 3535 3742 εὐζώνους
3564 3675 3631 3727 καὶ

414 3764 608 3821 olferre
634 3764 746 3822 Deo
775 3766 955 3837 pullos
987 3780 1141 3832 suos,
1177 3782 1382 3838 eosque
1413 3767 1467 3822 in
1498 3769 1767 3823 altaribus
1797 3785 1898 3825 ceu
1933 3769 1990 3825 in

2097 3769 2190 3822 τὸν
2221 3771 2428 3840 μονήρη
2455 3769 2562 3840 βίον
2594 3769 3043 3844 ἐπανῃρημένους
3065 3765 3204 3824 εἷναι
3232 3770 3519 3842 στρουθίον,
3540 3766 3630 3827 τοὺς

416 3857 547 3913 nido
575 3859 848 3929 deponere
874 3866 930 3915 et
961 3873 1311 3915 consecrare.

2097 3861 2155 3915 δὲ
2201 3863 2539 3931 παιδοποιίας
2570 3865 2664 3917 καὶ
2711 3864 2810 3935 τῆς
2856 3863 3023 3934 ἄλλης
3063 3865 3380 3935 οἰκονομίας
3428 3863 3631 3933 πρόνοιαν

414 3953 836 4023 πεποιημένους,
869 3954 968 4026 τὴν
994 3955 1250 4027 τρυγόνα,
1293 3956 1360 4028 ἢν
1410 3955 1489 4028 τῷ
1519 3957 1639 4028 Θεῷ
1687 3974 1820 4030 φησι
1853 3957 2183 4033 προσφέρειν
2211 3957 2319 4014 δεῖν
2344 3959 2470 4024 τοὺς
2527 3958 2753 4023 ἑαυτοὺς
2804 3959 3052 4022 νεοττοὺς
3087 3958 3182 4011 καὶ
3248 3955 3537 4012 ἀνατιθέναι
3560 3949 3630 4005 αύ-

413 4047 560 4111 τοὺς,
589 4047 664 4110 ὡς
692 4049 748 4101 ὲν
780 4048 940 4119 καλιᾷ
972 4051 1030 4101 ὲν
1053 4052 1167 4112 τοῖς
1190 4048 1594 4123 θυσιαστηρίοις
1620 4049 1809 4105 αὐτοῦι

486 4158 649 4216 Vsus.
703 4159 755 4216 5.
800 4160 907 4216 Rea:
961 4179 1103 4217 meus
1135 4171 1185 4217 et
1235 4161 1374 4218 Deus
1422 4180 1590 4229 meus,
1635 4164 1774 4219 beati
1812 4182 1990 4220 omnes

413 4255 503 4327 qui
533 4253 777 4309 habitant
807 4255 860 4309 in
895 4254 1051 4308 donzo
1082 4264 1197 4317 tua,
1228 4256 1281 4308 in
1309 4256 1506 4310 swcula
1536 4256 1851 4312 swcuforum
1876 4258 1993 4311 lau-

413 4348 616 4402 dabunt
639 4360 709 4404 te.
729 4347 1065 4417 Diapsalmu.
1092 4349 1273 4414 Quare
1293 4344 1490 4403 dilecta
1510 4356 1564 4404 et
1584 4348 1840 4403 amabilia
1860 4351 1993 4426 milr

415 4447 545 4494 sunt
573 4437 922 4494 tabernacula
959 4447 1073 4501 tua,
1103 4444 1157 4492 et
1186 4452 1287 4492 cur
1329 4438 1604 4493 desiderio
1640 4453 1832 4493 eorum
1862 4437 1995 4501 defie

2177 4166 2230 4218 Ὁ
2279 4162 2578 4232 ,βασιλεύς
2629 4178 2750 4235 μου
2803 4164 2902 4219 καὶ
2948 4167 2982 4219 ό
3031 4165 3175 4230 Cedo
3211 4182 3360 4232 μου,
3403 4157 3630 4233 μακάριοι

2095 4257 2318 4325 πάντες
2349 4260 2404 4312 οἱ
2442 4257 2858 4322 κατοικοῦντες
2896 4256 2966 4311 ἐν
2996 4255 3075 4321 τῷ
3100 4256 3245 4322 οἴκῳ
3265 4272 3405 4317 σου,
3432 4256 3510 4317 εὶς
3526 4250 3630 4313 τοὺς

2095 4350 2314 4416 αἰῶνας
2342 4349 2460 4403 τῶν
2487 4348 2709 4404 αιὼνων
2737 4346 3054 4401 αἱνέσουσί
3081 4362 3176 4400 σε.
3205 4346 3533 4416 alapam.
3558 4340 3631 4394 Διὰ

2095 4442 2149 4495 τί
2167 4442 2436 4515 προσφιλῆ
2464 4459 2553 4514 μοι
2578 4441 2830 4511 τυγχάνει
2855 4440 2947 4493 καὶ
2970 4439 3225 4508 ἀγαπητὰ
3256 4438 3325 4490 τὰ
3354 4431 3631 4507 σκηνώματά

415 4529 491 4583 cit
519 4527 699 4581 anima
725 4542 867 4592 mea,
911 4525 979 4580 ad
1020 4525 1136 4579 haec
1165 4525 1332 4581 etiam
1365 4525 1421 4580 in
1450 4541 1561 4597 quo
1580 4510 1875 4581 exsultavit
1898 4500 1990 4580 co'i

2098 4551 2215 4596 σου,
2241 4534 2334 4587 καὶ
2361 4533 2504 4595 τίνος
2525 4532 2685 4584 ’ἑνεκα
2718 4529 2956 4584 ἐκλείπει
2988 4530 3020 4600 ή
3048 4529 3190 4600 ψυχή
3222 4546 3327 4599 μου
3360 4527 3481 4599 περὶ
3509 4522 3627 4584 αὐτὰ,

413 4635 596 4674 meum
626 4627 679 4674 et
705 4634 834 4674 caro
857 4618 1014 4672 mea?
1038 4617 1174 4684 Quia
1200 4634 1384 4688 passer
1405 4619 1599 4672 invenit
1624 4617 1725 4672 sibi
1751 4616 1989 4681 domum,

2097 4591 2230 4671 ἀλλα
2275 4619 2367 4672 καὶ
2426 4591 2697 4689 ή-καρδία
2748 4634 2848 4688 μου
2886 4616 2981 4670 καὶ
3009 4591 3072 4686 ’ή-
3290 4633 3391 4686 μου
3431 4591 3514 4667 επὶ
3551 4612 3629 4663 tiu

414 4721 466 4765 et
496 4721 672 4764 turtur
716 4710 920 4775 nidum,
967 4710 1171 4764 altaria
1220 4720 1332 4772 tua,
1371 4709 1595 4764 Domine
1624 4711 1897 4764 virtutum.
1933 4710 1990 4762 ln

415 4802 618 4872 quibus
666 4801 932 4857 altaribus
981 4801 1075 4871 qui
1127 4817 1233 4856 non
1287 4802 1354 4854 ad
1401 4802 1566 4856 breve
1611 4809 1844 4871 tempus.
1897 4801 1994 4856 sed

416 4893 636 4949 assidue
662 4903 718 4948 et
757 4902 1171 4963 perseveranter
1194 4898 1609 4949 commorantur
1634 4896 1690 4948 et
1716 4893 1990 4957 habitant,

414 4993 500 5041 ter
539 4985 686 5041 beati
736 4994 885 5041 sunt.
935 4984 1032 5041 llis
1082 5001 1246 5056 porro
1289 4984 1453 5042 dictis
1502 4986 1697 5053 legalis
1744 4988 1925 5040 omnia
1960 5000 1993 5039 a

414 5077 600 5149 Moyse
642 5077 843 5132 tradita
874 5077 1283 5133 circumscribit
1322 5087 1377 5133 et
1411 5077 1647 5148 ablegat.
1682 5075 1801 5130 Non
1843 5076 1989 5132 enim

419 5171 608 5233 beatos
637 5168 774 5227 dixit
807 5169 1191 5233 circumcisus,
1226 5185 1338 5224 non
1364 5184 1460 5225 eos
1489 5169 1582 5240 qui
1621 5168 1856 5223 Sabbata
1890 5167 1992 5222 ob-

414 5269 667 5328 servant,
723 5276 832 5317 non
897 5260 1262 5317 Mosaicorum
1319 5261 1717 5317 sacriﬁciorum
1777 5267 1996 5315 caetero-

342 5354 347 5358 '
414 5366 647 5423 rmuque
702 5351 1006 5423 corporalis
1074 5351 1210 5424 legis
1262 5359 1661 5423 praeceptorum
1713 5351 1991 5414 cultores,

415 5455 592 5514 neque
620 5445 789 5499 etiam
815 5460 912 5501 eos
943 5443 1037 5515 qui
1073 5459 1140 5499 ex
1168 5442 1465 5499 Abrahami
1492 5444 1664 5514 stirpe
1696 5450 1846 5504 sunt,
1879 5457 1990 5497 non

414 5532 692 5602 lsraelem,
722 5551 901 5608 neque
927 5534 1213 5591 Judaicam
1246 5544 1458 5607 gentem
1481 5554 1499 5600 ;
1545 5534 1640 5591 sed
1670 5534 1992 5604 simpliciter

406 5639 604 5681 omnes
660 5628 754 5697 qui
800 5626 1047 5684 habitant
1097 5630 1151 5683 in
1208 5628 1373 5684 domo
1421 5626 1535 5685 Dei.
1579 5627 1721 5694 Quid
1777 5627 1990 5682 beatius

484 5782 599 5816 ,ων
638 5778 784 5838 Psal.
818 5796 1026 5845 Lxxxu.
1068 5782 1125 5849 5,
1162 5785 1216 5835 4-

2095 4710 2492 4781 ὴγαλλιάσατο;
2540 4708 2864 4780 Ἐπειδήπερ
2904 4704 3083 4777 εὗρεν
3129 4706 3324 4773 ἑαυτῷ
3365 4701 3629 4773 στρουθίον

2095 4803 2293 4856 οὶκίαν
2324 4802 2420 4854 καὶ
2450 4800 2682 4870 τρυγὼν
2709 4798 2988 4862 νοσσιὰν,
3019 4799 3090 4852 τὰ
3117 4793 3505 4865 θυσιαστήριά
3524 4808 3626 4850 σου.

2094 4895 2273 4963 Κύριε
2302 4893 2421 4947 τῶν
2446 4891 2783 4962 δυνάμεων’
2818 4892 2948 4961 παρ’
2976 4885 3057 4954 οἷς
3081 4888 3482 4959 θυσιαστηρίοις
3508 4884 3549 4935 oi
3574 4878 3626 4951 μὴ

2096 4987 2232 5062 πρὸς
2268 4986 2439 5060 βραχὺ
2471 4985 2854 5057 διατρίϐοντες,
2893 4983 3005 5037 ἀλλ’
3055 4984 3134 5045 εἰς
3180 4981 3240 5034 τὸ
3291 4977 3521 5050 διηνεκὲς

2090 5059 2416 5141 τοικοῦντες,
2466 5078 2559 5131 καὶ
2600 5076 2928 5146 παραμόνως
2982 5072 3335 5144 ἐμμένοντες,
3379 5059 3625 5140 τρισμακά·

2094 5188 2199 5243 ριοι
2240 5171 2583 5240 τυγχάνουσι.
2625 5167 2797 5221 Τοῦτο
2840 5165 2883 5218 δ’
2935 5163 3124 5228 εἰπὼν,
3175 5162 3354 5217 πάντα
3403 5160 3466 5213 τὰ

2094 5240 2321 5315 Μωῦσεῖ
2339 5260 2542 5331 νόμιμα
2568 5256 2954 5329 περιέγραψεν.
2985 5256 3058 5309 Οὐ
3092 5254 3199 5325 γὰρ
3226 5251 3510 5324 μακαρίους
3533 5240 3623 5297 εἶπε

2092 5355 2221 5416 τοὺς
2279 5352 2704 5425 ὲμπεριτόμους,
2745 5349 2868 5404 οὐδὲ
2908 5348 3032 5412 τοὺς
3066 5347 3135 5400 τὰ
3175 5344 3427 5399 Σάϐϐατα
3462 5338 3621 5408 φυλάτ-

2095 5424 2322 5509 τοντας,
2341 5424 2460 5497 οὖδὲ
2503 5445 2628 5506 τοὺς
2662 5441 2763 5504 τὰς
2791 5441 2941 5512 παρὰ
2972 5439 3193 5492 Μωῦσεῖ
3221 5434 3410 5496 Θυσίας
3439 5432 3519 5483 καὶ
3550 5424 3620 5484 τὰς

2094 5534 2289 5599 λοιπὰς
2321 5534 2414 5588 τοῦ
2459 5531 2767 5605 σωματικοῦ
2794 5532 2957 5602 νόμου
3007 5527 3222 5588 ἐντολὰς
3262 5520 3617 5595 ἐπιτηροῦντας.

2096 5625 2208 5679 ἀλλ’
2235 5625 2356 5679 οὐδὲ
2383 5625 2507 5689 τοὺς
2541 5624 2840 5693 ἀπογόνους
2874 5620 3143 5693 Ἀϐραὰμ,
3163 5618 3285 5671 οὐδὲ
3310 5617 3398 5670 τὸν
3430 5605 3616 5676 Ἰσραὴλ.
