3798 6282
231 373 266 428 1
279 370 390 428 0'09

1393 369 1898 428 COMMENTARIA
1923 370 2002 439 ‘IN
2041 367 2378 426 PSALMOS.

3359 373 3516 435 .1310

228 485 369 540 οὐδὲ
419 486 481 539 τὸ
525 487 792 541 ’ῐουδαίων
827 487 998 554 ἔθνος,
1051 486 1165 541 ἀλλ’
1206 484 1540 549 ἁπαξαπλῶς
1594 485 1728 538 ἆπακ

2019 484 2087 538 im
2120 482 2308 548 fuerit,
2345 497 2507 553 quam
2546 483 2713 540 Deum
2744 500 2902 542 suum
2939 496 2992 542 et
3039 485 3328 542 Dominum
3355 486 3519 541 vim!»

229 578 372 640 τοὺς
403 579 790 644 κατοικοῦντας
822 582 879 633 ὲν
908 578 985 650 τῷ
1012 579 1146 650 οἴκῳ
1187 577 1278 631 τοῦ
1323 576 1477 630 Θεοῦ,
1514 577 1577 628 Τί
1613 576 1722 648 γὰρ
1765 575 1832 630 ἂν

232 670 458 738 γένοιτο
507 670 722 740 ἀληθῶς
771 670 1182 742 μακαριώτερον
1212 669 1306 722 τοῦ
1352 669 1575 738 βασιλέα
1614 669 1710 740 μὲν
1740 667 1831 720 τὸν

231 758 386 812 Θεὸν
415 760 599 825 αὐτοῦ,
632 763 724 814 καὶ
771 761 860 813 τὸν
906 760 1108 832 Κύριον
1154 759 1259 812 τῶν
1291 759 1573 830 δυνάμεων
1604 758 1832 830 ἐπιγρά-

232 850 464 918 φεσθαι,
500 853 667 905 οἰκεῖν
714 852 769 904 δὲ
811 852 899 904 τὸν
949 848 1095 905 οἷκον
1133 850 1300 915 αὑτοῦ
1343 850 1625 920 διηνεκῶς,
1672 847 1730 913 ἐξ
1770 845 1832 903 οῦ

233 941 529 1012 πορίζεται
561 945 592 1013 ἡ
621 943 712 995 τοῦ
751 942 884 996 Θεοῦ
919 942 1185 996 ἀθανασία
1217 943 1310 995 καὶ
1361 944 1393 1013 ἡ
1439 939 1656 1004 αἰώνιος
1683 940 1829 1012 ζωῆς

231 1034 418 1087 Τοῦτο
446 1034 577 1103 γοῦν
607 1034 932 1105 παρίστησιν
980 1037 1009 1088 ὁ
1047 1036 1204 1103 λόγος
1247 1034 1499 1104 φάσκων·
1553 1035 1656 1098 Εἰς
1691 1032 1832 1097 τοὺς

219 1124 467 1190 αἰῶνας
502 1122 619 1176 τῶν·
655 1123 884 1176 auom-ir
920 1122 1237 1177 αίνέσουσί
1273 1138 1347 1176 σε
1389 1124 1442 1174 οἱ
1487 1118 1832 1174 κατοικοῦν-

231 1233 347 1284 τες
384 1218 454 1269 ἐν
478 1215 558 1281 τῷ
601 1216 743 1283 οῖκῳ
779 1231 915 1269 σου.
949 1216 1072 1279 Πῶς
1109 1215 1153 1267 δ’
1192 1215 1258 1268 ἂν
1295 1214 1469 1277 ἄλλως
1500 1213 1714 1267 δύναιτό
1750 1230 1833 1275 τις

235 1311 326 1370 εἰς
351 1310 477 1371 τοὺς
511 1307 711 1370 αἰῶνας
733 1307 842 1360 τῶν
871 1306 1079 1362 αἰώνων
1106 1307 1197 1361 τὸν
1225 1307 1358 1360 Θεὸν
1387 1309 1556 1361 αἰνεῖν
1587 1307 1620 1378 ἢ
1654 1306 1834 1360 διαιω-

235 1401 412 1464 νίζων
443 1399 534 1453 καὶ
563 1399 745 1464 αὐτὸς,
775 1399 942 1453 ἀΐδιόν
967 1416 1028 1452 τε
1061 1400 1155 1453 καὶ
1193 1399 1459 1453 ἀθάνατον
1497 1397 1834 1469 κεκτημένος

235 1492 426 1562 ζωήν,
457 1490 759 1558 Μακάριος
795 1491 950 1560 ἀνὴρ
987 1488 1060 1548 οὗ
1083 1493 1253 1546 ἐστιν
1281 1491 1602 1560 ἀντίληψις
1645 1490 1832 1544 αὑτοῦ

232 1589 408 1656 παρὰ
441 1588 576 1652 σοῦ,
599 1586 924 1653 ἀναϐάσεις
947 1587 1008 1641 ἐν
1037 1587 1112 1655 τῇ
1139 1586 1348 1655 καρδίᾳ
1376 1586 1562 1640 αὑτοῦ
1587 1584 1830 1651 διέθετο,

231 1681 331 1744 εὶς
369 1678 483 1746 τὴν
509 1678 762 1732 κοιλάδα
793 1678 900 1732 τοῦ
947 1678 1356 1748 κλαυθμῶνος,
1393 1681 1479 1743 εἰς
1514 1677 1622 1731 τὸν
1646 1677 1833 1731 τόπον

229 1769 314 1822 ὃν
343 1769 532 1825 ἔθετο.
561 1768 863 1841 Πληρώσας
897 1771 988 1823 τὸν
1032 1769 1224 1840 εἱρμὸν
1257 1771 1350 1823 καὶ
1381 1769 1482 1842 τὴν
1513 1768 1832 1822 ἀκολουθίαν

1940 583 2055 631 tum
2082 575 2136 629 in
2169 591 2349 646 regem
2397 575 2503 631 sibi
2551 577 2847 644 ascribere,
2879 587 2934 633 et
2972 579 3026 632 in
3056 578 3220 633 domo
3245 578 3364 649 ejhs
3395 595 3520 648 per-

1939 676 2106 738 petuo
2141 668 2409 736 habitare,
2442 684 2506 724 ex
2535 684 2644 738 quo
2678 668 2772 724 Dei
2810 669 3194 724 immortalitas
3219 677 3273 724 ct
3311 678 3516 724 aeterna

1939 760 2049 815 vita
2077 761 2466 829 comparatur?
2499 759 2556 814 Id
2591 775 2725 815 sane
2754 760 2997 815 declarat
3026 761 3158 814 illud
3193 777 3206 811 :
3233 760 3338 826 Qui
3361 761 3516 814 habt-

1941 861 2054 906 tant
2092 851 2146 904 in
2176 849 2332 904 domo
2381 860 2493 915 tua,
2525 851 2579 903 in
2611 851 2809 904 swcula
2855 851 3172 913 saeculorum
3225 853 3517 906 laudabunt

1942 953 2007 996 te.
2046 941 2163 1008 Qua
2196 942 2410 996 ratione
2447 950 2628 1000 autem
2657 943 2783 1011 quis
2810 942 2987 995 valeat
3023 942 3078 996 in
3109 945 3307 997 sarcula
3340 961 3516 1000 samu-

1941 1035 2118 1088 lorum
2169 1033 2337 1087 Deum
2387 1033 2630 1096 laudare,
2666 1034 2773 1092 nisi
2821 1041 2875 1090 et
2923 1034 3040 1106 ipse
3089 1046 3352 1105 perpetuo
3408 1054 3519 1092 ma-

1941 1134 2089 1191 neat,
2115 1141 2179 1180 ac
2203 1135 2460 1179 azternam
2499 1123 2974 1194 immortalemque
3003 1124 3279 1192 possideat
3310 1128 3476 1179 vitam
3495 1126 3521 1180 τ

1941 1215 2182 1271 ——Vr:ns.
2210 1216 2264 1280 6,
2300 1219 2346 1269 7.
2378 1215 2574 1270 Beatus
2608 1217 2684 1270 vir
2722 1217 2874 1286 cujus
2913 1227 2989 1270 est
3031 1217 3293 1273 auxilium
3322 1219 3413 1270 abs
3436 1228 3508 1279 te,

1942 1310 2268 1364 escensiones
2300 1309 2353 1362 in
2390 1307 2545 1364 corde
2573 1323 2669 1360 suo
2701 1306 2963 1376 disposuit
2999 1309 3052 1362 in
3084 1309 3218 1363 valle
3250 1309 3516 1376 lacrym-u-

1939 1417 2081 1463 rum,
2117 1400 2171 1454 in
2205 1397 2317 1452 loco
2347 1414 2497 1467 quem
2523 1397 2719 1466 posuit.
2757 1395 3056 1468 Postquam
3089 1399 3286 1454 seriem
3321 1397 3518 1452 verbo-

1939 1505 2172 1558 rumque
2203 1489 2530 1544 sententiam
2565 1487 2899 1552 absolverat,
2933 1504 2961 1540 a
3002 1487 3362 1557 diapsalmate
3402 1501 3546 1546 sua

1939 1581 2119 1636 monis
2158 1582 2512 1636 mutationem
2543 1579 2774 1634 orditur.
2801 1579 3168 1654 Quamobrem
3193 1595 3318 1634 cum
3362 1594 3519 1649 supe-

1939 1670 2058 1727 rius
2088 1685 2184 1726 eos
2215 1673 2309 1740 qui
2349 1670 2594 1730 habitant
2624 1671 2681 1726 in
2721 1671 2886 1725 domo
2921 1669 3014 1724 Dei
3070 1671 3258 1728 beatos
3291 1672 3518 1742 plurali-

1940 1770 2025 1818 ter
2053 1761 2305 1829 dixisset,
2332 1763 2422 1818 hic
2451 1778 2617 1818 unum
2649 1765 2960 1834 quempiam
2998 1763 3051 1817 in
3077 1764 3270 1834 primis
3294 1765 3514 1818 beatum

224 1862 341 1931 τῆς
370 1862 628 1926 διανοίας,
661 1862 927 1933 μεταϐολῇ
973 1862 1237 1935 κέχρηται
1265 1861 1359 1914 τοῦ
1393 1861 1551 1931 λόγου
1581 1861 1689 1914 ἀπὸ
1718 1864 1724 1909 ἐ

2016 1858 2213 1914 edicat.
2249 1858 2422 1926 Quem
2456 1874 2606 1924 vero,
2643 1860 2752 1915 nisi
2789 1875 2912 1915 eum
2948 1861 3039 1930 qui
3074 1862 3128 1914 iu
3157 1860 3298 1915 valle
3336 1860 3516 1930 lacry-

227 1955 544 2026 ψάλματος.
585 1955 784 2026 Διόπερ
824 1955 1080 2025 ἀνωτέρω
1123 1954 1500 2025 πληθυντικῶς
1531 1954 1834 2025 μακαρίους

223 2049 366 2111 τοὺς
399 2047 786 2111 κατοικοῦντας
823 2049 880 2100 ὲν
921 2046 999 2117 τῷ
1039 2045 1174 2117 οἴκῳ
1230 2047 1324 2100 τοῦ
1355 2047 1492 2100 Θεοῦ
1526 2045 1715 2111 εἰπὼν,
1756 2048 1835 2100 ἐν-

223 2139 414 2194 ταῦθα
455 2140 552 2194 ἕνα
601 2139 722 2193 τινὰ
765 2139 1057 2210 μακαρίζει
1110 2139 1250 2193 κατὰ
1289 2137 1584 2210 ἐξαίρετον.
1617 2139 1750 2194 Τίνα
1776 2140 1833 2201 δὲ

229 2229 430 2282 τοῦτον
472 2230 504 2300 ἢ
552 2230 642 2282 τὸν
679 2229 736 2281 ἐν
774 2232 838 2300 τῇ
874 2229 1080 2282 κοιλάδι
1112 2228 1207 2282 τοῦ
1234 2227 1586 2298 κλαυθμῶνος
1620 2228 1835 2297 ἀντιλη-

228 2323 388 2392 ψεως
423 2326 521 2394 τῆς
554 2322 705 2395 παρὰ
733 2321 824 2374 τοῦ
858 2321 992 2374 Θεοῦ
1035 2321 1358 2393 ἠξιωμένον,
1386 2320 1476 2374 τὸν
1509 2321 1602 2374 καὶ
1640 2320 1836 2374 ἀναϐά-

232 2431 356 2478 σεις
384 2414 652 2485 ἐσχηκότα
679 2412 812 2466 Θεοῦ
839 2416 898 2466 ὲν
922 2416 988 2484 τῇ
1026 2412 1222 2484 καρδίᾳ
1255 2411 1423 2467 αὐτοῦ
1446 2429 1460 2477 ;
1494 2412 1694 2468 Τοῦτον
1724 2412 1831 2483 γὰρ

233 2503 334 2556 τὸν
378 2505 544 2574 ἄνδρα
591 2503 750 2556 πάλιν
796 2500 1118 2573 μακαρίζει·
1167 2502 1280 2557 ἀλλ’
1314 2503 1374 2556 οὑ
1417 2503 1508 2557 τὸν
1545 2501 1653 2555 τῶν
1684 2503 1831 2573 παρά

229 2596 467 2647 Μωῡσεῖ
484 2593 808 2664 σωματικῶν
833 2593 1059 2648 ἐντολῶν
1094 2595 1326 2664 φύλακα.
1351 2593 1604 2656 Τοιοῦτος
1633 2594 1689 2646 δέ
1715 2596 1829 2655 ἐστι

227 2689 346 2750 πᾶς
372 2689 400 2739 ὁ
426 2685 833 2757 ἁποκλᾳόμενος
862 2688 1051 2740 ἑαυτὸν
1074 2690 1130 2739 ὲν
1157 2685 1236 2756 τῷ
1268 2685 1448 2758 θνητῷ
1487 2687 1579 2739 καὶ
1619 2686 1830 2756 ἀνθρω-

227 2777 378 2848 πίνῳ
416 2776 534 2848 βίῳ,
571 2779 664 2830 καὶ
706 2778 805 2848 τὴν
843 2779 1082 2846 ἐπίγειον
1127 2779 1332 2853 ταύτην
1379 2781 1523 2853 ζωὴν
1567 2781 1830 2853 βαρούμε-

227 2885 346 2931 νος,
379 2868 446 2938 ἢν
475 2867 696 2921 κοιλάδα
727 2867 1079 2940 κλαυθμῶνος
1104 2872 1133 2922 ό
1168 2869 1326 2939 λόγος
1348 2871 1622 2940 ὀνομάζει,
1654 2871 1740 2924 διὰ
1769 2870 1828 2923 τὸ

227 2959 516 3030 κλαυθμοῦ
550 2957 674 3023 ἄξια
711 2955 849 3012 εἶναι
881 2960 949 3013 τά
985 2960 1238 3026 ἐνταῦθα,
1287 2959 1565 3031 κλαυθμοῦ
1610 2978 1669 3014 τε
1701 2961 1826 3027 ἄξια

229 3052 499 3123 πράττειν
527 3053 651 3115 τοὺς
684 3053 776 3104 ἐπὶ
818 3055 922 3122 γῆς
963 3051 1302 3122 ἀνθρώπους,
1333 3054 1425 3106 καὶ
1462 3051 1551 3108 διὰ
1592 3053 1652 3104 τὸ
1699 3054 1826 3117 τοὺς

226 3145 426 3213 ἁγίους
453 3143 545 3196 τοῦ
569 3143 703 3196 Θεοῦ
729 3145 869 3198 κατά
897 3144 988 3196 τὸν
1015 3144 1258 3214 παρόντα
1288 3144 1401 3215 βίον
1432 3144 1823 3213 ἀποκλᾴεσθαι,

1938 1967 2151 2006 marum
2199 1951 2294 2007 Dei
2328 1952 2636 2023 patrocinio
2665 1953 2945 2025 dignatur,
2990 1953 3086 2022 qui
3118 1953 3282 2008 etiam
3325 1967 3518 2008 ascea-

1937 2044 2121 2100 sioues
2142 2043 2237 2098 Dei
2269 2045 2433 2100 habet
2466 2047 2523 2101 in
2555 2046 2721 2100 corde
2759 2045 2894 2102 suo?
2926 2045 3082 2101 Ηιιιιο
3109 2044 3310 2116 quippe
3340 2045 3512 2100 virum

1936 2152 2130 2220 rursus
2161 2137 2564 2208 beatumgdicit;
2587 2154 2697 2193 non
2721 2147 2900 2194 autem
2923 2139 3289 2207 corporalium
3309 2137 3513 2209 Moysis

1935 2238 2334 2302 praeceptorum
2365 2231 2652 2289 cultorem.
2684 2229 2833 2285 Talis
2863 2245 3028 2300 porro
3059 2240 3142 2285 est
3168 2230 3420 2300 quisquis
3457 2230 3511 2284 in

1935 2319 2041 2374 hac
2079 2322 2294 2375 mortali
2325 2329 2380 2377 et
2422 2322 2659 2377 humana
2704 2323 2816 2379 vita
2862 2322 3104 2394 seipsum
3135 2322 3422 2399 deplorat;
3458 2329 3514 2376 et

1935 2414 2394 2474 terrenamzhanc
2442 2415 2632 2477 Vitam,
2688 2428 2852 2484 quam
2900 2414 3097 2475 vallem
3144 2413 3512 2484 lacrymarum

1933 2519 2112 2563 sermo
2157 2514 2460 2575 nuncupat,
2512 2513 2736 2574 gravate
2789 2513 2845 2560 et
2884 2521 3025 2577 aegre
3065 2504 3305 2562 sustinet
3337 2522 3351 2559 :
3384 2505 3514 2575 quia

1931 2596 2096 2666 hujus
2123 2597 2247 2652 vitae
2281 2613 2370 2652 res
2403 2596 2530 2653 ﬂetu
2562 2597 2738 2667 dignae
2783 2606 2934 2661 sunt,
2971 2607 3137 2669 atque
3175 2596 3514 2655 homines~in

1931 2699 2078 2744 terra
2110 2689 2369 2761 degentes
2404 2692 2664 2763 lacrymis
2694 2689 3031 2760 deploranda
3073 2695 3390 2767 perpetrant
3423 2695 3514 2744 :et

1930 2783 2057 2853 quia
2095 2784 2270 2838 sancti
2308 2783 2401 2839 Dei
2448 2785 2503 2838 in
2546 2785 2651 2838 hac
2697 2785 2806 2837 vita
2841 2783 3083 2845 ﬂetibus,
3134 2781 3430 2852 gemitibus
3459 2789 3514 2834 ct

1925 2873 2190 2928 aerumnis
2227 2872 2413 2927 traditi
2450 2881 2580 2932 sunt
2615 2874 2918 2929 secundum
2961 2872 3304 2942 Apostolum.
3350 2870 3514 2937 Quis-

1925 2964 2050 3034 quis
2093 2979 2222 3034 ergo
2272 2966 2326 3017 in
2364 2965 2506 3023 valle
2536 2965 2925 3036 lacrymarum,
2971 2965 3024 3021 id
3066 2974 3150 3019 est
3203 2964 3256 3017 in
3291 2964 3509 3018 mortali
3597 2992 3607 3000 α

1925 3055 2037 3109 vita
2084 3056 2394 3126 patrocinio
2448 3055 2546 3112 Dei
2591 3057 2824 3122 fruitur,
2895 3073 3022 3112 vere
3075 3058 3276 3112 beatus.
3321 3055 3507 3118 fuerit,

1925 3145 2146 3218 quando
2183 3149 2420 3203 maxime
2450 3152 2806 3207 ascensiones
2835 3149 2926 3203 Dei
2962 3150 3016 3202 in
3056 3148 3222 3203 corde
3247 3149 3367 3217 ejus
3413 3163 3509 3218 po-

231 3235 592 3298 στενάξοντας
633 3235 730 3288 καὶ
770 3234 1139 3305 βαρουμένους
1177 3233 1318 3289 κατά
1354 3236 1446 3288 τὸν
1485 3237 1731 3290 Ἀπόστο)

2009 3253 2051 3294 αι
2082 3249 2229 3294 sunt.
2258 3238 2396 3295 Cum
2418 3240 2565 3302 enim
2595 3241 2688 3296 alii
2717 3241 2967 3295 homines
3001 3239 3327 3306 mortalibus
3359 3239 3509 3310 cogi-

228 3327 350 3388 Πᾶς
379 3321 470 3378 οὖν
503 3326 530 3377 ὁ
561 3327 619 3378 ἐν
652 3329 716 3397 τῇ
767 3325 968 3378 κοιλάδι
1000 3324 1094 3377 τοῦ
1127 3325 1506 3398 κλαυθμῶνος,
1551 3328 1826 3383 τουτέστιν

227 3419 289 3469 ἐν
338 3414 414 3485 τῷ
465 3415 642 3487 θνητῷ
693 3417 794 3487 βίῳ
848 3417 948 3486 τῆς
995 3417 1145 3486 παρὰ
1185 3417 1274 3470 τοῦ
1319 3418 1455 3471 Θεοῦ
1491 3419 1826 3490 ἀντιλήψεως

225 3509 543 3577 τυγχάνων,
603 3510 872 3581 μακάριος
919 3509 1134 3580 ἀληθῶς
1185 3510 1250 3564 ἂν
1287 3511 1405 3582 εἴη,
1455 3512 1542 3564 ὅτε
1593 3511 1824 3582 μάλιστα

227 3600 523 3664 ἀναϐάσεις
563 3602 656 3654 τοῦ
695 3602 828 3655 Θεοῦ
875 3603 933 3654 ὲν
987 3606 1054 3674 τῇ
1110 3605 1307 3676 καρδίᾳ
1350 3605 1512 3658 αὑτοῦ
1554 3605 1820 3674 γίνονται.

225 3692 352 3744 Τῶν
377 3691 689 3764 γάρηᾶλλων
724 3693 1028 3764 ἀνθρώπων
1066 3695 1279 3765 θνητοῖς
1316 3697 1594 3767 λογισμοῖς
1632 3697 1825 3751 καθελ-

228 3781 478 3851 κομένων
503 3785 582 3846 εἰς
614 3785 722 3836 πᾶν
757 3779 898 3846 εἶδος
931 3784 1224 3855 ἁμαρτίας,
1265 3785 1400 3839 ἀλλὰ
1428 3787 1522 3839 καὶ
1554 3785 1822 3856 δαιμόνων

226 3871 528 3936 ἐπιϐολαῖς,
560 3873 653 3926 καὶ
687 3875 935 3944 πονηρῶν
967 3876 1295 3946 πνευμάτων
1328 3876 1657 3948 ὲνθυμήσεσι
1691 3878 1822 3930 ὑπο-

227 3962 646 4034 σκελιζομένων,
703 3967 741 4022 ὁ.
791 3968 864 4037 μὴ
907 3967 1117 4030 τούτοις
1163 3968 1537 4039 ἁλισκόμενος,
1580 3969 1720 4028 κάτά
1764 3971 1820 4024 δὲ

222 4053 362 4107 Θεοῦ
387 4055 545 4126 χάριν
572 4056 864 4120 ἀναϐάσεις
897 4057 1109 4126 ἀγαθὰς
1141 4060 1233 4112 καὶ
1264 4060 1558 4130 λογισμοὺς
1587 4062 1651 4113 ἐκ
1681 4061 1817 4114 Θεοῦ

221 4147 608 4216 πεμπομένους
660 4148 717 4199 ὲν
761 4150 827 4218 τῇ
883 4150 1079 4221 καρδίᾳ
1119 4150 1282 4203 αὐτοῦ
1335 4151 1631 4222 κτώμενος,
1663 4145 1818 4216 οὗτος

1929 3319 2232 3388 tationibus
2282 3333 2336 3388 in
2374 3343 2600 3406 peccata
2647 3335 2827 3391 omnis
2867 3336 3084 3404 generis
3126 3334 3507 3400 detrahantur,

1932 3425 2350 3496 da’anonumque
2380 3427 2668 3481 conatibus
2716 3441 2779 3482 ac
2814 3427 3178 3496 malignorum
3214 3425 3508 3502 spirituum

1927 3517 2375 3591 suggestionibus
2399 3519 2858 3590 supplantentur;
2887 3520 2980 3588 qui
3020 3533 3211 3572 eorum
3236 3517 3508 3571 machinis

1925 3623 2036 3670 non
2057 3611 2294 3680 capitur,
2325 3609 2422 3666 sed
2450 3610 2544 3666 Dei
2576 3611 2752 3682 gratia
2794 3612 3150 3673 ascensiones
3193 3611 3367 3667 bonas
3391 3619 3447 3665 et
3474 3626 3504 3663 a

1925 3699 2036 3755 Deo
2059 3702 2259 3756 missas
2293 3701 2658 3774 cogitationes
2691 3703 2748 3758 in
2781 3703 2947 3758 corde
2981 3719 3083 3757 suo
3111 3701 3376 3773 possidet,
3414 3702 3506 3755 hic

1922 3807 2050 3847 vere
2085 3793 2315 3860 beatus;
2351 3793 2444 3864 qui
2478 3794 2644 3853 etiam
2688 3795 2741 3850 in
2771 3795 2936 3849 domo
2973 3793 3065 3848 Dei
3100 3809 3318 3863 semper
3358 3793 3506 3848 babi-

1923 3891 2022 3948 tat,
2057 3894 2111 3940 et
2143 3885 2302 3955 quasi
2336 3884 2596 3947 sacerdos
2638 3886 2912 3957 quispiam
2944 3887 3048 3943 soli
3083 3885 3178 3940 Dei
3216 3872 3389 3940 cultui
3417 3903 3504 3942 va-

1921 3983 2031 4042 cat,
2071 3991 2206 4032 sane
2252 3987 2304 4032 et
2348 3977 2545 4042 beatus
2590 3978 2680 4033 ille
2715 3979 2934 4048 :primo
2976 3979 3104 4056 quia
3150 3978 3205 4032 in
3246 3977 3502 4032 omnibus

1921 4068 2134 4128 actibus
2159 4069 2276 4124 suis
2302 4068 2472 4124 Deum
2498 4070 2662 4124 habet
2693 4079 3070 4142 susceptorem
3096 4076 3150 4125 et
3172 4077 3502 4140 patronum;

1919 4155 2115 4212 deinde
2155 4157 2284 4227 quia
2342 4159 2698 4216 ascensiones
2749 4158 2848 4216 Dei
2904 4160 2959 4216 in
3009 4160 3174 4217 corde
3218 4158 3500 4228 possidet;

219 4236 438 4305 ἀληθῶς
487 4240 775 4310 μακάριος,
805 4242 834 4292 ὁ
881 4241 974 4294 καὶ
999 4241 1086 4296 διὰ
1124 4242 1323 4306 παντὸς
1353 4243 1624 4296 κατοικῶν
1652 4247 1708 4297 ἐν

1999 4248 2117 4305 ibus
2147 4250 2564 4306 ascensionibus
2597 4252 2982 4321 significantur
3011 4254 3372 4325 cogitationes
3401 4253 3499 4307 bo-

221 4329 360 4398 οἴκῳ
387 4329 480 4382 τοῦ
517 4329 672 4392 Θεοῦ,
701 4333 796 4384 καὶ
834 4331 1024 4405 ὥσπερ
1076 4335 1252 4406 ἱερεύς
1297 4353 1381 4400 τις
1430 4336 1567 4409 μόνῃ
1615 4341 1679 4408 τῇ

1998 4367 2019 4405 η,
2046 4357 2168 4411 quae
2195 4358 2258 4396 ex
2288 4341 2382 4397 Dei
2412 4353 2548 4397 nutu
2581 4343 2635 4396 in
2669 4346 2988 4405 memoriam
3029 4347 3150 4414 ejus
3179 4346 3272 4414 qui
3307 4346 3498 4400 beatus

221 4418 382 4489 τρείᾳ
411 4419 503 4471 τοῦ
530 4419 665 4473 Θεοῦ
702 4422 1008 4491 σχολάζων,
1036 4426 1129 4477 καὶ
1174 4425 1442 4498 μακάριος
1479 4421 1664 4490 οὗτος·
1717 4458 1721 4479 ι

1997 4434 2245 4488 edicatur
2275 4435 2581 4492 ascendunt
2610 4444 2665 4495 ct
2695 4445 3017 4492 accurrunt.
3050 4436 3102 4489 Id
3137 4451 3304 4506 porro
3339 4437 3497 4490 intel-

221 4509 443 4580 πρῶτον
473 4513 568 4579 μὲν
613 4514 981 4586 ἀντιλήπτορα
1029 4515 1167 4586 ἔχων
1215 4518 1308 4570 τὸν
1348 4518 1479 4572 Θεὸν
1518 4519 1721 4591 βοηθοῦ·

1997 4539 2072 4590 as,
2119 4526 2166 4582 si
2213 4526 2343 4582 huic
2385 4528 2532 4585 dicto
2585 4529 2842 4586 conferas
2872 4529 3006 4584 illud
3030 4530 3074 4561 ’⁸
3105 4550 3116 4583 :
3145 4528 3279 4584 Cum
3322 4544 3497 4591 perae--

218 4597 391 4668 αὐτῷ,
432 4600 523 4652 καὶ
556 4602 1084 4674 ἀντιλαμϐανόμενον
1128 4607 1184 4658 ὲν
1235 4608 1438 4671 πάσαις
1483 4610 1644 4663 αὑτοῦ
1692 4629 1718 4663 τ

1997 4626 2138 4676 antur
2175 4635 2263 4673 vos
2310 4630 2361 4681 et
2396 4619 2660 4676 adducent
2692 4623 2747 4676 in
2784 4623 3032 4685 concilia,
3064 4621 3225 4676 nolite
3266 4624 3497 4692 cogitare

218 4688 516 4759 πράξεσιν·
545 4692 734 4746 ἔπειτα
769 4695 1104 4766 κεκτημένος
1130 4697 1423 4762 ἀναϐάσεις
1463 4701 1594 4754 Θεοῦ
1641 4704 1700 4754 ἐν
1739 4705 1805 4773 τῇ

219 4780 418 4852 καρδίᾳ
448 4783 612 4836 αὑτοῦ
635 4801 648 4812 ·
677 4786 913 4854 ἀγαθοὺς
951 4787 1008 4840 δὲ
1049 4788 1340 4860 λογισμοὺς
1375 4793 1726 4861 σημαίνουσιν
1753 4797 1808 4847 αἱ

219 4873 514 4939 ἀναϐάσεις
544 4877 638 4930 καὶ
665 4877 876 4946 ἀγαθὰς
899 4879 1224 4952 ἐνθυμήσεις
1245 4882 1344 4946 τὰς
1371 4884 1510 4938 κατὰ
1535 4885 1669 4940 Θεοῦ
1697 4887 1814 4958 βου-

217 4962 316 5034 λὴν
347 4965 600 5030 ἀνιούσας
636 4968 731 5021 καὶ
769 4971 1170 5042 ἀνατρεχούσας
1202 4975 1294 5031 ἐπὶ
1326 4973 1422 5045 τὴν
1447 4976 1670 5048 μνήμην
1716 4979 1809 5032 τοῦ

219 5055 682 5127 μακαριζομένου.
707 5061 818 5132 Νοή
829 5079 939 5126 σεις
961 5064 1016 5116 δε
1039 5064 1196 5117 τοῦτο
1217 5065 1482 5136 παραθεὶς
1505 5067 1566 5121 τό
1587 5085 1596 5095 ·
1629 5068 1805 5123 Ὅταν

215 5141 510 5199 διώκωσιν
537 5146 690 5216 ὑμᾶς
720 5153 820 5206 καὶ
851 5151 1078 5222 ἄγωσιν
1112 5157 1200 5220 είς
1223 5156 1532 5225 συνέδρια,
1570 5159 1658 5228 μὴ
1694 5179 1804 5230 με·

1916 4712 2172 4780 quomodo
2223 4725 2317 4768 aut
2359 4717 2488 4789 quid
2537 4718 2826 4788 loquamini
2857 4731 2874 4769 :
2905 4715 3120 4778 dabitur
3171 4717 3308 4770 enim
3354 4715 3495 4770 vobis

1915 4819 2087 4858 sermo
2112 4805 2167 4857 in
2203 4809 2472 4872 apertione
2503 4811 2612 4863 oris
2656 4810 2814 4870 vestri
2837 4810 2903 4863 ".
2934 4806 3057 4862 Non
3089 4809 3227 4862 enim
3254 4825 3342 4862 vos
3370 4808 3494 4862 estis

1915 4898 2004 4966 qui
2044 4897 2358 4968 loquimini,
2409 4901 2500 4957 sed
2539 4901 2772 4972 Spiritus
2824 4901 3009 4962 Patris
3062 4905 3252 4966 vestri,
3305 4903 3397 4971 qui
3440 4903 3495 4957 in

1917 4986 2062 5040 oculis
2085 4999 2184 5051 est,
2225 4991 2316 5058 qui
2349 4991 2582 5062 loquitur
2614 4992 2666 5051 in
2707 4993 2870 5048 vobis.
2901 4991 3036 5048 Nam
3076 4993 3124 5048 is
3151 4993 3206 5046 in
3231 5009 3340 5062 quo
3373 4991 3495 5062 Spi-

1915 5077 2056 5134 ritus
2094 5079 2186 5135 Dei
2233 5082 2496 5152 loquitur,
2543 5084 2598 5138 in
2623 5084 2788 5138 corde
2820 5085 3175 5139 ascensiones
3228 5083 3319 5138 Dei
3351 5084 3494 5137 obti-

1910 5177 2026 5224 net.
2061 5169 2215 5230 Unde
2246 5174 2438 5228 merito
2465 5173 2660 5232 beatus
2689 5176 3036 5252 prmdicatur.
3072 5176 3123 5230 Is
3153 5176 3270 5246 ipse
3294 5177 3348 5229 in
3372 5175 3493 5228 loco

205 5236 545 5343 plur-iiuna
587 5255 714 5308 πως
759 5241 798 5311 ἢ
843 5245 900 5296 τί
935 5244 1277 5315 λαλήσητε·
1331 5247 1650 5320 δοθήσεται
1693 5273 1705 5323 ς

1991 5270 2090 5327 lus,
2128 5263 2182 5318 id
2200 5272 2305 5328 est,
2349 5265 2406 5326 in
2441 5267 2567 5324 loco
2598 5236 2838 5332 terreno.
2879 5268 2974 5323 Dei
3004 5236 3393 5323 testamentum
3439 5275 3491 5322 et

213 5329 356 5393 ὑμῖν
383 5329 416 5379 ό
437 5330 620 5397 λόγος
639 5331 710 5384 ἐν
733 5332 960 5398 ἀνοίξει
1009 5335 1115 5390 τοῦ
1164 5341 1460 5408 στόματος
1493 5339 1677 5410 ὑμῶν.

1781 5347 1800 5398 '1
1908 5352 2124 5424 eloquia
2155 5356 2277 5427 ejus
2305 5372 2408 5412 ceu
2438 5357 2713 5429 legatione
2733 5359 2968 5430 fungens
2999 5361 3281 5430 disposuit.

542 5423 708 5534 fqu
737 5429 790 5534 of
825 5430 1186 5534 faloﬁrtec:
1442 5435 1509 5534 to
1556 5438 1800 5509 Πνεῦμα
1835 5445 1942 5501 τοῦ
1981 5423 2211 5518 Πατρός·
2238 5452 2406 5522 ὑμῶν
2436 5423 2542 5508 τοῦ
2569 5456 2640 5509 ἐν
2667 5423 2946 5525 οὐρακοῖς
2988 5459 3052 5511 τὸ
3084 5423 3093 5430 Ι
3124 5458 3363 5513 λαλοῦν
3421 5459 3482 5511 ἐν

421 5513 509 5568 Ἕν
534 5513 713 5622 ᾢνγὰρ
739 5519 1048 5622 τξξῖνεῦμζα
1086 5524 1198 5622 τοῦ-
1219 5526 1355 5580 Θεοῦ
1404 5529 1571 5622 λαλεῖ,
1603 5534 1794 5589 τούτου
1831 5513 2124 5608 ἀναϐάσεις
2164 5513 2300 5599 Θεοῦ
2328 5548 2387 5601 ὲν
2426 5549 2624 5622 καρδίᾳ
2678 5513 2844 5606 αῦτοῦ
2877 5513 3169 5622 γίγνονται.
3196 5553 3288 5606 Διὸ
3347 5551 3491 5605 εἰκό-

359 5605 754 5718 έξῗξίζεταίχ
778 5607 946 5718 οξτξξ
987 5612 1041 5667 δὲ
1081 5617 1244 5718 “Pref-
1283 5621 1340 5672 έν
1380 5620 1670 5718 τξῦ-χωρίιρ
1705 5627 1798 5681 τοῦ
1840 5605 2209 5705 κλαυθμῶνος,
2241 5605 2516 5697 τουτέστιν
2541 5605 2608 5698 ex;
2623 5642 2703 5715 τῷ
2753 5605 3018 5718 περιγεσίῳ
3041 5605 3194 5718 τόπιρ
3233 5646 3335 5717 τὴν
3389 5645 3497 5709 τοῦ

209 5699 344 5751 Θεοῦ
369 5699 642 5772 Διαθῆκην
672 5704 764 5756 καὶ
788 5705 855 5758 τὰ
882 5706 1038 5775 λόγια
1065 5709 1227 5764 αὐτοῦ
1250 5716 1568 5783 πρεσδεύων
1592 5719 1836 5779 διέθετο.
1859 5729 1871 5756 ε
2015 5699 2028 5705 ’
2170 5699 2204 5705 ’⁷
2672 5699 2686 5715 ⁸
2817 5699 2838 5718 "
2896 5699 2908 5715 '
2988 5699 3014 5718 "
3088 5699 3095 5701 '
3137 5699 3185 5718 Ὗ
3249 5699 3254 5700 ⁷
3276 5699 3322 5717 τ
3405 5699 3411 5700 ν
3437 5699 3454 5709 π

281 5814 326 5856 ³⁸
368 5813 557 5875 Matth.
596 5832 660 5883 κ,
699 5819 790 5889 i9,
817 5823 907 5876 20.
983 5827 1028 5857 ’³
1071 5826 1266 5901 Ephcs.
1307 5847 1392 5897 γι,
1429 5833 1510 5888 i9.
