3798 6282
421 391 557 448 1011

421 599 784 672 Symmachus
813 606 894 656 sic
913 600 1096 663 habet,
1124 599 1485 677 Pra'grediens
1516 603 1703 658 vallem
1726 603 1993 672 plorabat.

422 690 521 746 llic
556 707 720 763 porro
756 708 850 762 per
871 692 1062 747 vallem
1090 694 1477 764 lacrymarum,
1505 696 1797 750 humanam
1826 696 1995 749 vitam

420 791 651 846 lndicari
688 790 949 855 diximus,
1007 804 1168 860 quam
1206 791 1251 845 is
1280 791 1373 861 qui
1427 790 1620 847 beatus
1670 791 1997 862 praedicatur

421 880 796 951 pertransiens
815 889 869 937 et
905 888 1292 937 transcurrens
1317 882 1474 952 quasi
1497 882 1703 938 advena
1721 883 1994 953 quispiam

418 979 473 1026 et
505 971 846 1041 peregrinus,
880 970 1125 1026 cmlestis
1158 971 1347 1041 patriae
1388 986 1575 1027 amore
1604 971 1862 1043 ﬂagrans,
1902 973 1998 1029 lle-

418 1061 568 1115 tihus
625 1061 993 1132 lacrymisque
1031 1062 1425 1117 beatitudinem
1474 1063 1821 1133 parientibus
1873 1080 1997 1122 sese

419 1159 679 1217 macerat,
717 1151 1016 1206 secundum
1056 1152 1222 1217 illud,
1260 1152 1417 1207 Beati
1440 1154 1531 1224 qui
1555 1153 1731 1225 lugent
1754 1155 1818 1211 ³⁸.
1851 1155 1998 1226 Qua-

418 1241 487 1296 lis
519 1251 636 1294 erat
664 1239 866 1296 Paulus
909 1242 1001 1312 qui
1032 1242 1162 1295 talia
1196 1242 1344 1297 fatur
1374 1262 1388 1298 :
1423 1243 1537 1299 Nos
1587 1247 1679 1316 qui
1720 1263 1900 1301 sumus
1942 1248 1999 1304 in

420 1334 785 1399 tabernaculo,
836 1336 1227 1407 ingemiscimus
1257 1338 1468 1408 gravati
1499 1338 1564 1391 ³¹.
1598 1338 1704 1395 Pro
1755 1340 1850 1395 illo
1894 1355 1996 1395 au-

418 1426 639 1491 tem,ln
672 1428 784 1482 loco
825 1424 977 1499 quem
1022 1430 1219 1497 posuit,
1267 1429 1484 1501 Aquila,
1537 1429 1761 1486 Fontem
1805 1441 1998 1502 ponent

415 1535 569 1584 eam;
604 1518 966 1593 Symmachus
998 1536 1148 1587 vero,
1207 1518 1353 1576 Fons
1402 1521 1754 1580 ordinabitur.
1798 1523 1994 1590 Quem,

416 1611 615 1680 inquit,
651 1610 854 1665 fontem
906 1617 1131 1681 ponent,
1177 1611 1288 1667 nisi
1342 1614 1537 1668 vallem
1596 1613 1999 1687 lacrymarum?

418 1701 617 1758 Totum
647 1712 827 1755 autem
871 1702 1049 1757 locum
1073 1703 1153 1758 sic
1179 1701 1375 1772 Aquila
1398 1702 1789 1777 interpretatur
1822 1722 1836 1759 :
1863 1704 1997 1760 Per-

419 1804 749 1849 transeuntes
776 1797 832 1849 in
857 1794 995 1849 valle
1016 1796 1191 1853 ﬂetus.
1223 1796 1419 1854 fontem
1449 1806 1641 1866 ponent
1691 1815 1829 1854 eam.
1898 1798 1995 1856 His

1164 392 1433 448 EUSEBII
1465 393 1946 451 CAESARIENSIS
1984 393 2134 451 OPP.
2178 392 2359 450 PARS
2384 392 2969 457 [IL—EXEGE'HCA.

492 510 599 565 Pro
636 510 728 565 illo
772 518 952 564 autem
974 551 988 574 ,
1028 507 1297 578 Disposuit
1353 512 1405 565 in
1430 511 1565 565 valle
1597 512 1991 583 lacrymarum,
2025 519 2068 576 Α

3493 397 3595 454 lOl‘!

2180 511 2323 564 Ἀντὶ
2341 511 2397 564 δὲ
2417 509 2512 563 τοῦ
2527 551 2540 574 ,
2564 508 2790 564 Διέθετο
2814 510 2900 574 εις
2919 506 3035 574 τὴν
3058 504 3302 559 κοιλάδα
3321 506 3417 560 τοῦ
3436 512 3599 564 κλαυθ-

2092 605 2310 679 ιιῶνος,
2325 605 2353 657 ὁ
2364 603 2659 675 Σύμμαχος
2674 620 2828 674 φησι.
2846 600 3189 670 Προοδεύων
3204 599 3436 654 κοιλάδα
3446 602 3599 656 ἔκλαι-

2097 714 2184 751 εν.
2224 695 2458 751 Κοιλάδα
2483 695 2539 749 δὲ
2575 693 2923 764 κλαυθμῶνος
2952 695 3009 746 ὲν
3034 691 3240 754 τούτοις
3267 691 3354 744 τὸν
3382 692 3599 760 ἀνθρώπι-

2097 806 2185 844 νον
2208 788 2415 858 ἔφαμεν
2435 784 2725 857 δηλοῦσθαι
2749 784 2881 856 βίον,
2907 784 2965 836 ὃν
2983 783 3013 835 6
3041 783 3451 855 μακαριζόμενος
3472 801 3601 856 παρο-

2095 878 2263 932 δεύων
2294 876 2387 931 καὶ
2417 875 2772 948 παρατρέχων
2794 915 2809 940 ,
2843 873 3030 945 ὥσπερ
3047 890 3133 952 τις
3151 874 3402 945 πάροικος
3423 874 3502 927 καὶ
3529 892 3603 929 πτι-

2098 970 2427 1043 ρεπίδημος,
2467 969 2564 1039 τὴν
2605 966 2924 1039 ἐπουράνιον
2969 964 3161 1020 ἑαυτοῦ
3194 964 3416 1045 πατρίδα
3449 966 3602 1033 ποθῶν,

2095 1062 2427 1133 ἀποκλᾴεται
2477 1058 2752 1131 κλαυθμὸν
2798 1057 2889 1112 τὸν
2947 1058 3332 1129 μακαριοποιὸν
3372 1057 3498 1111 κατὰ
3531 1061 3601 1114 τά·

2095 1152 2384 1223 Μακάριοι
2416 1156 2467 1208 ol
2513 1153 2847 1222 κλαίοντες.
2906 1146 3031 1216 υἷος
3073 1146 3141 1223 ἦν
3167 1152 3195 1203 6
3224 1149 3604 1220 Παῦλος-λέγων’

2106 1245 2297 1319 Ἡμεῖς
2318 1247 2371 1299 ol
2393 1244 2561 1311 ὄντες
2577 1245 2648 1297 ἐν
2671 1242 2748 1309 τῷ
2776 1241 2986 1308 σκήνει
3007 1239 3362 1310 στενάῷμεν
3372 1241 3608 1311 ﬁmi”

2094 1357 2207 1395 νοι.
2250 1338 2392 1390 Ἀντὶ
2415 1335 2473 1390 δὲ
2494 1334 2587 1388 τοῦ
2608 1376 2622 1400 ,
2652 1337 2755 1400 Εὶς
2782 1334 2968 1387 τόπον
2994 1331 3067 1385 ὃν
3088 1330 3253 1385 ἔθετο
3270 1372 3285 1396 ,
3318 1333 3346 1384 6
3372 1332 3460 1401 μὲν
3493 1333 3609 1386 Ἀκύ-

2094 1431 2193 1495 λας
2222 1428 2375 1500 φησὶ.
2406 1427 2615 1497 Πηγὴν
2648 1410 2935 1493 θήσονται
2961 1423 3179 1490 αὑτήν·
3216 1425 3247 1476 6
3272 1422 3329 1476 δὲ
3351 1424 3605 1495 Σύμμαχος,

2097 1522 2264 1595 Πηγὴ
2289 1519 2547 1586 τάξεται.
2570 1520 2701 1572 Τίνα
2722 1518 2777 1572 δὲ
2800 1517 2986 1595 αὐτὴν,
3012 1517 3164 1589 φησι,
3187 1516 3368 1587 πηγὴν
3388 1516 3607 1587 θήσονται,

2095 1614 2128 1688 ἢ
2162 1613 2400 1685 δηλονότι
2429 1610 2526 1683 τὴν
2561 1611 2778 1666 κοιλάδα
2802 1609 2895 1664 τοῦ
2920 1609 3311 1681 κλαυθμῶνοςς
3345 1609 3489 1663 Ὅλον
3516 1612 3610 1679 γοῦν

2094 1707 2265 1771 οὓτως
2298 1704 2639 1776 ήρμήνευσεν
2670 1702 2703 1755 6
2731 1700 2963 1765 Ἀκύλας
2996 1700 3163 1754 εἰπών
3182 1718 3196 1731 ·
3239 1702 3615 1770 Παρερχόμετοι

2094 1798 2164 1853 ὲν
2184 1795 2417 1852 κοιλάδι
2440 1794 2549 1849 τοῦ
2569 1792 2897 1864 κλαυθμοῦ,
2924 1790 3128 1863 πηγὴν
3145 1790 3425 1859 θήσονται
3446 1793 3609 1859 αὐτὴν.

418 1901 582 1957 porro
612 1884 907 1956 signiﬁcat,
956 1886 1195 1942 advenas
1223 1896 1277 1943 et
1311 1890 1632 1960 peregrinos
1670 1891 1724 1946 in
1778 1891 1879 1947 hac
1913 1893 1993 1947 vi-

2096 1890 2256 1962 Δηλοϊ
2294 1888 2351 1942 δὲ
2383 1887 2471 1942 διὰ
2500 1886 2736 1949 τούτων,
2768 1886 2844 1950 ὡς
2871 1886 2980 1958 ἄρα
3012 1888 3063 1941 οἱ
3090 1887 3343 1958 πάροικοι
3374 1885 3460 1938 καὶ
3485 1901 3611 1954 παρε-

417 1988 492 2045 ta,
526 1980 807 2034 hominum
840 1979 1036 2033 vallem
1062 1980 1115 2034 in
1149 1980 1352 2035 fontem
1384 1984 1680 2051 posituros,
1707 1986 1823 2041 sive
1876 1985 1995 2042 lon-

418 2080 525 2126 tcm
556 2072 913 2127 ordinaturos
943 2087 1068 2129 esse
1097 2088 1164 2127 ex
1220 2072 1571 2145 Symmacho,
1600 2076 1814 2149 hacque
1862 2095 1997 2138 voce

415 2163 656 2218 divinam
684 2163 990 2218 doctrinam
1024 2164 1502 2235 appellant.>Fons
1527 2168 1730 2239 quippe
1745 2170 1870 2225 vitae
1898 2185 1997 2247 po-

415 2263 507 2310 tus
543 2256 974 2313 immortalitatis
1005 2259 1059 2312 in
1102 2259 1243 2316 valle
1276 2259 1436 2318 ﬂetus
1469 2276 1500 2316 a
1535 2260 1631 2319 Dei
1658 2273 1714 2318 et
1759 2263 1997 2329 homini-

414 2347 522 2402 bus
557 2348 699 2417 apud
730 2349 1013 2402 hominum
1046 2364 1219 2420 genus
1260 2353 1639 2421 constituitur,
1686 2369 1783 2427 per
1815 2354 1995 2410 viviﬁ-

415 2453 538 2494 cam
581 2441 794 2496 scilicet
823 2450 877 2497 et
922 2441 1068 2511 piam
1108 2443 1445 2508 doctrinam.
1499 2461 1663 2516 quam
1718 2461 1844 2501 cum
1887 2446 1996 2518 ipsi

418 2528 689 2594 adierunt,
721 2538 836 2584 tum
873 2531 997 2588 aliis
1028 2547 1127 2602 per
1155 2533 1359 2600 scripta
1386 2549 1487 2589 sua
1539 2535 1901 2605 reliquerunt.
1924 2518 1995 2577 ἔ-

416 2618 586 2677 Veas.
618 2620 671 2676 8.
701 2619 772 2677 lis
802 2637 932 2676 vero
978 2622 1112 2693 ipsis
1162 2622 1219 2678 in
1268 2624 1634 2697 lacrymarum
1682 2624 1994 2682 mercedem

417 2712 864 2785 condignumque
917 2712 1177 2781 fructum,
1240 2715 1677 2773 benedictionem
1730 2719 1994 2789 rependet

417 2805 662 2875 ipsorum
692 2804 995 2875 legislator.
1036 2805 1375 2872 Quibusnam
1403 2806 1836 2865 benedictionem
1889 2811 1995 2865 im-

417 2896 638 2966 pertiat,
666 2897 773 2953 nisi
805 2897 873 2953 iis
900 2897 992 2968 qui
1047 2897 1108 2951 in‘
1141 2897 1245 2952 hac
1308 2898 1445 2953 vaHe
1498 2900 1757 2973 Iacrymis
1799 2901 1991 2973 dediti,

418 2987 623 3044 fontem
655 2989 710 3043 in
743 2990 834 3043 illa
868 2989 1190 3060 posuerint?
1243 2988 1348 3045 Pro
1379 2990 1474 3045 illo
1505 2999 1710 3057 autem,
1764 2982 1993 3065 legisla-

417 3089 534 3143 tor;
570 3080 789 3149 Aquila,
844 3080 1175 3141 matutinus;
1233 3078 1597 3152 Symmachus
1636 3099 1788 3146 vero,
1846 3101 1995 3139 com-

415 3181 769 3235 monstrator,
798 3171 970 3239 dixit;
1009 3173 1197 3242 quinta
1225 3181 1405 3228 autem
1430 3173 1621 3241 editio,
1657 3177 1764 3242 Qui
1790 3177 1993 3231 illumi-

417 3274 545 3330 nat,
577 3262 683 3317 alia
708 3263 835 3317 item
870 3261 1118 3331 quisedam
1155 3269 1309 3317 sexta
1357 3262 1548 3328 editio,
1577 3265 1683 3332 Qui
1709 3264 1878 3322 docet.
1913 3267 1994 3322 lta

418 3361 479 3407 ut
508 3370 572 3410 ex
605 3353 861 3409 omnibus
891 3353 1132 3408 salutare
1158 3350 1395 3408 Verbum
1448 3354 1703 3421 indicari,
1731 3357 1995 3413 subintel-

417 3446 587 3516 ligere
611 3445 791 3500 liceat.
826 3444 947 3516 Ipse
973 3458 1212 3516 namque
1254 3451 1339 3499 est
1366 3446 1667 3517 legislator,
1717 3448 1996 3504 illumina-

417 3544 527 3603 tor,
566 3538 776 3601 doctor,
834 3537 1085 3608 idemque
1131 3537 1435 3595 matutinus
1483 3548 1537 3594 et
1586 3549 1994 3597 commonstra-

413 3640 544 3701 tor;
576 3632 878 3688 secundum
906 3633 1150 3703 singulas
1183 3632 1446 3687 virtutum
1495 3647 1718 3689 suarum
1752 3635 1994 3692 rationes

418 3723 505 3778 his
535 3739 670 3779 usus
697 3723 1001 3779 vocabulis.
1034 3723 1079 3776 Α
1112 3738 1222 3794 (ιιιο
1253 3722 1690 3780 benedictionem
1724 3725 1868 3780 nacti
1897 3725 1993 3796 qui

417 3813 475 3868 in
512 3814 654 3868 valle
684 3814 1080 3886 lacrymanurr,
1110 3815 1290 3880 ibunt,
1321 3815 1426 3870 iter
1457 3830 1618 3872 suum
1644 3815 1991 3886 perﬁcientes

416 3919 482 3959 ac
513 3904 566 3958 in
599 3904 717 3960 dies
746 3905 1025 3972 roborati;
1056 3905 1128 3959 ita
1161 3915 1219 3960 ut
1248 3921 1464 3977 semper
1493 3906 1808 3978 proﬁciant,
1841 3918 1896 3964 et
1922 3924 1993 3964 et:

414 3994 615 4050 minori
647 3995 700 4050 in
729 3996 992 4066 majorem
1019 3998 1277 4054 virtutem
1311 3998 1599 4067 accedant,
1628 4008 1683 4056 et
1741 4015 1773 4055 a
1819 4002 1993 4073 gloria

417 4086 472 4141 in
496 4087 747 4156 gloriam,
781 4096 842 4142 ut
892 4092 969 4143 ait
1013 4090 1234 4146 divinus
1284 4092 1581 4162 Apostolus
1612 4108 1627 4145 :
1663 4091 1728 4147 In
1757 4094 1993 4149 eamdem

416 4181 700 4249 imaginem
725 4180 1155 4250 transformati‘a
1182 4183 1355 4253 gloria
1384 4185 1437 4238 in
1467 4185 1690 4255 gloriam
1721 4185 1784 4238 ³².
1813 4184 1994 4251 Quare

417 4270 783 4342 Symmachus
807 4273 888 4327 sic
936 4274 1327 4345 interpretatus
1357 4284 1483 4332 est:
1522 4276 1632 4331 her
1688 4277 1882 4345 facient
1928 4294 1993 4333 ea:

416 4360 607 4414 virtute
631 4361 688 4415 in
710 4363 977 4417 virtutem.

2094 1983 2322 2054 πίδημοι
2347 1983 2404 2035 ὲν
2423 1980 2504 2053 τῷ
2535 1981 2636 2053 βίῳ
2662 1979 2835 2056 τούτῳ
2862 1978 2961 2050 τὴν
2991 1976 3098 2031 τῶν
3126 1976 3224 2031 ἀνθ
3235 1976 3423 2056 ρώπων
3442 1974 3614 2029 κοιλάδι

2093 2075 2277 2147 πηγὴν
2298 2074 2523 2146 θήσουσι
2550 2114 2565 2138 ,
2588 2071 2621 2144 ἢ
2642 2071 2862 2139 τάξουσι
2879 2068 3065 2142 πηγὴν
3091 2067 3235 2122 κατὰ
3248 2067 3337 2120 τὸν
3354 2066 3617 2136 Σύμμαχον,

2091 2168 2191 2240 τὴν
2205 2166 2385 2221 ἔνθεον
2402 2165 2745 2235 διδασκαλίαν
2763 2162 2950 2216 τοῦτον
2968 2162 3328 2232 ὀνομάσαντες
3343 2159 3427 2213 τὸν
3443 2159 3612 2230 τρόπον.

2092 2258 2252 2331 Πηγὴ
2275 2258 2385 2331 γὰρ
2409 2258 2553 2329 ζωῆς
2576 2257 2669 2312 καὶ
2694 2257 2855 2310 ποτὸν
2872 2254 3170 2319 ἀθανασίας
3189 2256 3249 2309 ὲν
3265 2256 3331 2326 τῇ
3354 2244 3613 2306 κοιλάδι

2093 2332 2447 2424 κλαυθμῶνος
2467 2349 2545 2421 τῷ
2563 2349 2672 2404 τῶν
2693 2347 2995 2421 ἀνθρώπων
3021 2348 3120 2419 βίῳ
3140 2346 3520 2414 καταϐέϐληται
3539 2344 3615 2396 inab

2091 2441 2199 2495 τῶν
2225 2441 2320 2494 τοῦ
2351 2439 2485 2494 Θεοῦ
2515 2437 2817 2512 ἀνθρώπων
2842 2437 2928 2491 διὰ
2954 2438 3053 2509 τῆς
3077 2434 3342 2502 ζωοποιοῦ
3370 2435 3457 2489 καὶ
3481 2433 3616 2487 θεοσε-

2093 2531 2222 2599 ϐοῦς
2265 2530 2643 2597 διδασκαλίας,
2695 2532 2764 2603 ἦν
2798 2530 2953 2583 αὑτοὶ⁵
2988 2528 3253 2601 μετῆλθον
3276 2569 3290 2592 ,
3335 2529 3425 2581 καὶ
3454 2526 3613 2597 ἑτέροις

2096 2623 2551 2691 καταλελοίπασιν
2581 2626 2639 2676 ὲν
2666 2625 2783 2686 ταῖς
2819 2620 3027 2676 ἑαυτῶν
3051 2622 3315 2694 γραφαῖς.
3363 2615 3553 2678 Τούτοις
3575 2615 3616 2667 ἃ

2092 2716 2298 2779 αὐτοῖς,
2323 2715 2506 2785 φησιν,
2534 2713 2784 2782 εὐλογίας
2806 2712 2993 2784 μισθὸν
3014 2711 3109 2766 τοῦ
3131 2708 3406 2782 κλαυθμοῦ
3427 2708 3507 2762 καὶ
3524 2723 3617 2777 mp-

2092 2808 2192 2863 πὸν
2216 2806 2435 2873 ἐπάξιον
2453 2806 2614 2860 δώσει
2638 2807 2666 2860 6
2685 2805 2981 2877 νομοθέτης
3007 2804 3207 2858 αὐτῶν.
3236 2804 3359 2857 Τίσι
3382 2802 3435 2855 δὲ
3456 2799 3617 2859 τούτοις

2091 2897 2250 2952 δώσει
2277 2898 2376 2961 τὰς
2396 2896 2665 2965 εὐλογίας,
2694 2896 2726 2967 ἢ
2752 2894 2990 2963 δηλονότι
3016 2896 3130 2958 τοῖς
3147 2894 3205 2948 ὲν
3230 2896 3300 2965 τῇ
3330 2890 3515 2947 κοιλάδι
3527 2889 3617 2943 ταύ-

2092 3007 2162 3062 τῃ
2183 2988 2611 3062 ἀποκλᾳομένοις
2640 2973 2737 3041 καῖ
2758 2987 2940 3058 πηγὴν
2967 2988 3023 3039 ὲν
3053 2987 3187 3057 αὐτῇ
3214 2971 3481 3058 θεμένοιςς
3509 2980 3617 3036 ’Δντὶ

2092 3082 2150 3136 δὲ
2175 3081 2290 3147 τοῦ,
2323 3085 2357 3137 ὁ
2387 3071 2742 3154 νομοθετῶν,
2767 3085 2795 3136 6
2825 3083 2921 3153 μὲν
2949 3079 3197 3144 Ἀκύλας,
3229 3079 3492 3148 πρὼτμος,
3520 3076 3618 3129 ὠνό-

2100 3185 2292 3239 μασεν,
2325 3169 2353 3221 ὁ
2381 3169 2438 3222 δὲ
2468 3168 2781 3241 Σύμμαχος,
2816 3171 2849 3222 ό
2880 3167 3238 3236 ὐποδείκτης
3258 3184 3272 3197 ·
3300 3169 3333 3240 ἡ
3360 3168 3414 3219 δὲ
3444 3165 3617 3236 πέμπτη

2019 3222 2064 3281 c
2100 3222 2327 3326 ἔκδυσις,
2359 3263 2393 3315 d
2410 3222 2701 3329 ςιοωστίζίιιν,ἶ
2726 3222 2860 3332 άλλη
2889 3222 2947 3313 δέ
2976 3222 3235 3331 τιςπαρα
3268 3222 3432 3312 ταῦτα

2100 3352 2233 3424 ἕκτη
2252 3392 2266 3417 ,
2312 3356 2345 3407 ὀ
2375 3352 2705 3407 διδάσκων·
2737 3351 2877 3405 ὥστε
2905 3351 2965 3417 ἐξ
2999 3351 3254 3405 ἁπάντων
3290 3351 3380 3404 τὸν
3406 3348 3617 3418 σωτήριον

2100 3443 2255 3514 λόγον
2285 3444 2550 3499 ὑπονοεῖν.
2601 3444 2772 3507 Αὐτὸς
2793 3444 2903 3515 γάρ
2930 3428 3075 3498 ἐστιν
3099 3445 3130 3498 6
3148 3442 3472 3514 νομοθετῶν·
3495 3437 3616 3499 αὒτδς

2099 3536 2193 3590 καὶ
2213 3539 2241 3590 6
2270 3537 2516 3605 φωτίζων
2544 3535 2639 3590 καὶ
2658 3538 2692 3590 6
2709 3534 2973 3589 διδάσκων
2992 3553 3005 3565 ’
3035 3534 3195 3599 αὐτὸς
3226 3535 3325 3589 καὶ
3347 3535 3374 3587 6
3399 3531 3615 3605 πρώῖμος.

2099 3628 2261 3692 αὐτὸς
2293 3628 2386 3682 καὶ
2414 3628 2442 3681 6
2471 3626 2793 3699 ὑποδείκτης
2813 3666 2829 3692 ,
2873 3625 3003 3680 acab"
3024 3627 3261 3696 ἑκάστην
3298 3623 3518 3678 ἐπίνοιαν
3539 3617 3618 3672 τῶν

2099 3717 2158 3771 ὲν
2178 3716 2324 3789 αὑτῷ
2338 3717 2615 3788 δυνάμεων
2634 3715 2856 3779 ταύταις
2877 3714 3153 3787 χρώμενος
3170 3718 3297 3779 ταῖς
3316 3710 3616 3781 ἐπωνυμίαις,

2099 3809 2229 3880 παρ’
2271 3802 2332 3863 οὗ
2369 3810 2419 3861 ot
2453 3810 2512 3863 ὲν
2557 3810 2623 3881 τῇ
2666 3806 2870 3862 κοιλάδι
2916 3807 3227 3872 κλαίοντες,
3285 3801 3617 3878 μεταλαϐόντες

2099 3900 2367 3970 εὐλογίας,
2390 3900 2745 3974 πορεύσονται
2763 3899 2861 3972 τὴν
2878 3897 3085 3953 ἑαυτῶν
3104 3898 3330 3970 πορείαν
3348 3895 3616 3954 διανύοντεςι

2094 3981 2191 4046 καὶ
2217 3992 2608 4064 δυναμούμενοι
2635 3992 2904 4064 ὁσημέραι
2921 4008 2933 4021 ·
2962 3991 3037 4055 ὡς
3077 3992 3165 4044 ἀεὶ
3200 3991 3510 4063 προκόπτειν
3529 3987 3617 4039 ἐπι·

2097 4084 2295 4139 διδόναι
2315 4086 2379 4138 ὲκ
2401 4084 2682 4155 δυνάμεως
2708 4083 3044 4156 βραχυτέρας
3064 4086 3156 4137 ἐπὶ
3178 4084 3403 4155 δύναμιν
3424 4078 3614 4152 μείζονας

2099 4174 2190 4226 καὶ
2216 4173 2323 4226 ἀπὸ
2351 4174 2509 4246 δόξης
2536 4176 2616 4239 είς
2643 4172 2816 4239 δόξαν,
2845 4172 2921 4237 ὣς
2949 4191 3111 4245 φησιν
3141 4175 3170 4227 6
3198 4174 3341 4240 θεῖος
3355 4168 3617 4229 Ἀπόστολος

2097 4263 2271 4332 λέγων
2293 4302 2310 4330 ,
2344 4263 2458 4332 τὴν
2494 4264 2688 4333 αὐτὴν
2728 4265 2932 4319 εἰκόνα
2971 4265 3504 4334 μεταμορφούμενοι
3527 4255 3616 4314 ἀπὸ

2096 4356 2281 4426 δόξης
2306 4359 2393 4423 εις
2417 4354 2626 4421 δόξαν.
2664 4356 2825 4410 Ὅθεν
2854 4356 2947 4410 καὶ
2967 4359 2996 4410 6
3021 4355 3313 4432 Σύμμαχος
3333 4355 3615 4427 ἡρμήνευσεν

2095 4450 2264 4504 εἰπών
2283 4467 2296 4480 ·
2339 4449 2727 4504 Ὁδεύσουσιν
2750 4449 2818 4503 ἐκ
2846 4449 3152 4520 δυνάμεως
3178 4453 3267 4516 εἰς
3292 4449 3538 4516 δύναμιν.

490 4556 655 4613 Vens.
685 4557 738 4612 9.
789 4557 1062 4613 Videbitur
1092 4558 1231 4613 Deus
1284 4558 1504 4614 deorum
1537 4558 1590 4612 in
1622 4548 1769 4612 Sion.
1805 4559 1992 4614 Domi-

2175 4562 2524 4633 Ὀφθήσεται
2558 4564 2592 4616 ὀ
2625 4562 2768 4633 Θεὸς
2796 4560 2916 4615 τῶν
2961 4560 3111 4617 θεῶν
3138 4561 3208 4614 ἐν
3245 4557 3414 4620 Σιών.
3463 4555 3611 4622 Κύριε,

416 4667 480 4704 ne
502 4651 645 4705 Deus
668 4651 946 4718 virtutum,
978 4650 1176 4706 exaudi
1207 4653 1500 4705 orationem
1534 4667 1739 4715 meam;
1773 4653 1994 4707 auribus

421 4740 649 4809 percipe,
674 4737 816 4793 Deus
839 4739 1025 4795 Iacob.
1055 4738 1351 4811 Postquam
1396 4739 1629 4806 dixerat,
1667 4741 1995 4803 Benedictio-

415 4848 534 4886 nem
581 4830 734 4885 dabit
788 4832 1081 4904 legislator,
1140 4833 1388 4905 apposite
1434 4833 1592 4889 docet
1640 4849 1749 4904 qua
1784 4836 1995 4891 ratione

414 4921 765 4977 versantibus
796 4921 851 4976 in
877 4923 1016 4977 valle
1062 4923 1376 4978 hominibus
1404 4923 1841 4978 benedictionem
1896 4924 1990 4979 da-

414 5021 576 5068 turus
606 5013 698 5068 sit.
744 5012 863 5079 Quo
896 5021 1057 5084 pacto
1093 5014 1266 5080 dabit,
1298 5015 1407 5072 nisi
1454 5015 1711 5088 dignatus
1741 5018 1797 5072 in
1845 5026 1992 5074 terra

414 5106 710 5177 conspici?
737 5105 1046 5160 Admodum
1070 5116 1490 5180 consequenter,
1524 5110 1855 5173 vaticinatus
1885 5120 1996 5167 tor-

415 5197 625 5252 eularia
657 5194 750 5252 Dei
783 5211 879 5266 per
909 5204 1082 5251 totum
1107 5199 1295 5254 orbem
1328 5200 1498 5256 multa
1531 5200 1713 5256 futura
1736 5217 1881 5267 esse,
1906 5211 1993 5256 ta-

417 5289 714 5345 bernacula
745 5290 873 5344 item
902 5291 1080 5360 plura,
1105 5290 1244 5344 atria
1271 5307 1492 5363 quoque
1518 5302 1574 5348 et
1602 5294 1796 5347 altaria
1827 5308 1993 5364 quam

415 5380 673 5452 plurima,
697 5395 920 5437 causam
954 5382 1110 5437 aﬂ‘crt
1133 5398 1235 5438 cur
1255 5383 1372 5438 htec
1393 5385 1576 5439 omnia
1610 5384 1665 5440 in
1694 5393 1841 5441 terra
1862 5400 1996 5440 con-

417 5474 694 5530 stituenda
728 5475 860 5530 sint.
922 5475 1180 5543 Quanam
1211 5494 1377 5549 porro
1428 5479 1502 5535 sit
1551 5480 1665 5547 illa,
1700 5480 1861 5536 docet
1908 5479 1996 5537 bis

417 5566 600 5622 verbis
629 5585 643 5620 :
675 5566 948 5622 Videbitur
980 5568 1122 5625 Deus
1158 5570 1377 5627 deorum
1408 5573 1463 5626 in
1495 5571 1661 5638 Sion;
1700 5572 1993 5630 adventum

418 5652 512 5710 Dei
542 5656 609 5712 ad
637 5656 897 5715 homines
932 5667 991 5714 et
1017 5668 1374 5734 conspectum
1410 5663 1533 5735 ejus
1573 5672 1764 5742 aperte
1811 5665 1997 5722 decla-

2104 4657 2137 4709 ό
2164 4653 2307 4729 Θεὸς
2333 4652 2452 4709 τῶν
2472 4653 2799 4723 δυνάμεων,
2822 4654 3185 4708 εἰσάκουσον
3202 4651 3312 4722 τῆς
3329 4645 3615 4721 προσευχῆς

2096 4763 2246 4815 μου,
2280 4746 2554 4799 ἐνώτισαι
2575 4787 2590 4811 ,
2622 4749 2655 4799 ό
2685 4744 2829 4817 Θεὸς
2868 4745 3077 4799 Ἰακώϐ.
3125 4742 3339 4809 Εἰπὼν,
3371 4738 3613 4808 Εὐλογίας

2100 4816 2278 4890 δώσει
2307 4839 2340 4891 ὁ
2367 4835 2721 4905 νομοθετῶν,
2753 4816 3058 4900 ἀκολούθως
3079 4835 3317 4893 διδάσκει
3338 4837 3471 4901 ὅπως
3494 4828 3612 4883 δώσει

2098 4932 2210 4991 τοῖς
2244 4930 2301 4981 ὲν
2330 4932 2401 5007 τῇ.
2429 4928 2635 4994 κοιλάδι
2662 4928 2761 4993 τὰς
2785 4929 3053 4998 εὐλογίας.
3080 4929 3205 4992 Πῶς
3234 4927 3347 4992 οὖν,
3375 4927 3510 4997 φησι,
3535 4917 3610 4975 δὼ-

2101 5038 2204 5085 σει,
2233 5020 2346 5074 ἀλλ’
2375 5021 2408 5091 ἢ
2438 5018 2779 5097 καταξιώσας
2802 5020 3031 5093 ὀφθῆναι
3059 5021 3150 5075 ἐπὶ
3178 5021 3276 5093 τῆς
3304 5021 3401 5091 γῆς
3418 5035 3431 5083 ;
3450 5012 3610 5085 Σφόδρα

2100 5111 2156 5164 δὲ
2190 5111 2495 5175 ἀκολούθως
2523 5110 2784 5175 θεσπίσας
2811 5110 3013 5181 δλόγος
3039 5109 3232 5183 ληνοὺς
3253 5109 3383 5164 Θεοῦ
3408 5104 3607 5163 πλείστας

2103 5203 2316 5275 μέλλειν
2345 5204 2560 5269 ἔσεσθαι
2583 5205 2703 5259 καθ’
2723 5203 2851 5276 ὅλης
2881 5202 3202 5275 οἰκουμένης
3223 5205 3312 5266 καὶ
3337 5196 3606 5271 σκηνώματι

2101 5292 2328 5351 πλεῖστα
2355 5294 2449 5348 καὶ
2471 5294 2640 5359 αὐλὰς
2660 5295 2896 5373 πλείους,
2923 5295 3018 5349 καὶ
3046 5293 3393 5367 θυσιαστήρια
3413 5290 3601 5345 πλεῖστα,

2101 5389 2294 5457 ἐπάγει
2322 5387 2421 5467 τὴν
2444 5388 2644 5455 αἰτίαν,
2664 5388 2733 5451 δι’
2753 5388 2820 5461 ἦν
2844 5387 3043 5461 ἤμελλε
3063 5388 3234 5453 ταῦτα
3258 5387 3418 5440 πάντα
3440 5380 3514 5434 ἐπὶ
3530 5375 3603 5444 τῆς

2098 5477 2470 5532 συνίστασθαι.
2504 5477 2599 5543 Τίς
2627 5478 2685 5533 δὲ
2716 5474 2783 5551 ἦν
2811 5481 2850 5558 ἡι
2874 5479 3022 5534 αἰτία
3046 5479 3285 5532 διδάσκει
3303 5477 3484 5545 λέγων·
3520 5469 3599 5534 Ὀφ

2099 5570 2343 5637 θήσεται
2371 5575 2404 5625 ό
2431 5572 2575 5637 Θεὸς
2601 5573 2720 5627 τῶν
2765 5571 2917 5628 θεῶν
2946 5572 3017 5627 ἐν
3041 5573 3219 5628 Σιών·
3254 5570 3422 5641 σαφῶς
3445 5578 3578 5633 πειρον

2099 5665 2219 5719 σίαν
2250 5665 2329 5730 εἰς
2366 5663 2681 5741 ἀνθρώπους
2710 5665 2845 5739 Θεοῦ
2878 5664 2972 5720 καὶ
3001 5666 3303 5740 φανέρωσιν
3327 5660 3473 5719 αὑτοῦ
3488 5652 3595 5710 ὀιδὰπ

493 5813 540 5845 ⁸⁸⁵
581 5811 770 5866 Matth.
807 5829 858 5876 γ,
895 5814 946 5867 5.
1025 5816 1063 5847 ³³
1111 5816 1152 5870 ll
1178 5818 1308 5874 Cor.
1343 5836 1396 5884 ν,
1436 5819 1487 5876 4.
1567 5821 1610 5852 ³³
1650 5819 1841 5875 ιιιιυτ.
1871 5836 1929 5875 ιιι
1956 5862 1969 5883 ,
2011 5821 2094 5877 IS.
