3798 6282
214 369 365 426 1015

1401 370 1899 426 COMMENTAIIIA
1941 371 2008 426 ιΝ
2038 372 2373 429 PSALMOS.

3340 367 3476 422 10M

215 489 530 553 σκων.Θεδς
552 489 608 543 δὲ
632 490 768 544 θεῶν
791 491 820 543 6
841 488 934 546 τοῦ
954 488 1088 543 Θεοῦ
1113 489 1284 558 Λόγος
1306 489 1640 560 ὠνόμασται,
1665 507 1802 543 νοου-

1909 510 2058 552 rans.
2098 495 2240 550 Deus
2266 503 2447 548 autem
2481 493 2707 548 deorum
2729 489 2824 548 Dei
2859 489 3098 546 Verbum
3122 494 3376 554 vocatur;
3400 488 3474 543 ita

220 581 402 651 μένων
426 582 555 651 ἡμῖν
573 581 711 634 θεῶν
731 581 839 634 τῶν
865 581 1147 653 μακαρίων
1168 582 1262 636 καὶ
1284 581 1545 651 θεοφιλῶν
1568 581 1799 654 ἀνδρῶν,

216 671 363 744 πρὸς
392 672 486 734 οὓς
515 673 543 724 6
576 672 731 740 λόγος
754 671 847 725 τοῦ
880 672 1014 726 Θεοῦ
1042 671 1257 741 ἐγένετο
1277 693 1288 704 ·
1324 667 1405 736 οἷς
1431 673 1520 729 καὶ
1543 673 1755 744 εἴρηται
1785 690 1800 705 ο

231 762 387 831 Ἐγὼ
419 756 622 816 εἷπον·
654 763 788 816 Θεοί
807 761 974 815 ἐστε·
1006 762 1130 827 καὶ,
1176 762 1237 814 '0
1255 761 1398 827 Θεὸς
1426 761 1573 828 ἔστη
1598 761 1666 812 ἐν
1693 776 1804 818 συ-

213 850 461 922 ναγωγῇ
480 849 648 906 θεῶν’
673 851 790 916 καὶ,
815 850 958 918 Θεὸς
991 851 1140 907 θεῶν¹
1161 853 1375 919 Κύριος
1395 851 1680 918 ἐλάλησε,
1706 851 1803 904 καὶ

214 943 480 998 ἐκάλεσε
499 941 616 1011 τὴν
633 941 769 1012 γῆν.
800 944 910 996 Καὶ
929 943 1036 1016 γὰρ
1058 945 1115 1002 ὲν
1137 943 1347 1007 τούτοις
1370 942 1500 1006 Θεὸς⁸
1528 941 1664 994 θεῶν
1685 941 1806 994 οὐδὲ

216 1037 384 1101 ἄλλος
416 1038 450 1107 ἢ
483 1037 639 1108 μόνος
669 1037 697 1088 6
717 1037 774 1090 ὲν
807 1037 948 1108 ἀρχῇ
980 1037 1117 1108 πρὸς
1145 1037 1236 1092 τὸν
1259 1036 1394 1092 Θεὸν,
1419 1036 1589 1104 Λόγος
1614 1033 1806 1104 ἀνηγόι

218 1149 418 1202 ρευται
438 1145 451 1159 ⁸
499 1132 527 1184 6
557 1129 620 1200 δὴ
653 1130 748 1183 καὶ
791 1129 945 1193 θεοὺς
972 1131 1169 1195 αὐτοὺς
1203 1130 1290 1183 διὰ
1319 1130 1417 1201 τῆς
1444 1127 1608 1182 αὑτοῦ
1639 1145 1804 1198 χορη-

215 1224 350 1291 γίας
395 1223 488 1275 καὶ
535 1221 766 1291 μετοχῆς
811 1220 906 1274 τοῦ
945 1220 1110 1276 αὑτοῦ
1138 1221 1454 1293 Πνεύματος
1484 1219 1808 1291 ἁπεργασά-.

217 1332 409 1385 μενος.
470 1313 638 1375 Θεοὺς
674 1311 784 1384 γὰρ
814 1308 952 1366 εἷναί
984 1330 1146 1385 φησιν
1175 1312 1415 1377 ἐκείνους
1434 1353 1449 1377 ,
1495 1312 1631 1383 πρὸς
1657 1310 1750 1374 οὓς
1777 1313 1806 1364 6

212 1406 398 1475 Λόγος
458 1403 551 1458 τοῦ
581 1401 716 1456 Θεοῦ
743 1405 979 1474 ἐγένετο.
1027 1405 1188 1476 Ἑξῆς
1221 1405 1264 1458 δ’
1294 1399 1387 1460 οὖν
1429 1404 1523 1459 κει.)⁵
1548 1401 1807 1474 ὀνομαστὶ

211 1497 318 1550 τοῦ
354 1497 590 1568 Χριστοῦ
625 1496 986 1569 μνημονεύει,
1019 1495 1192 1565 λέγων
1225 1495 1284 1550 ὲν
1313 1495 1444 1566 εὐχῇ
1466 1511 1480 1526 ·
1537 1493 1649 1548 Καὶ
1674 1494 1805 1553 ἐπί-

213 1593 458 1660 ϐλεψον
487 1590 588 1644 ἐπὶ
610 1591 680 1645 τὸ
705 1590 1028 1659 πρόσωπον
1057 1589 1163 1646 τοῦ
1187 1588 1448 1659 Χριστοῦ
1479 1603 1615 1642 σου.
1660 1589 1808 1640 Ἀντὶ

210 1681 277 1736 δὲ
316 1680 411 1736 τοῦ
431 1722 448 1746 ,
491 1681 847 1752 Ὀεοθήσεται
878 1683 912 1734 ὀ
952 1680 1097 1747 Θεὸς
1138 1679 1258 1734 τῶν
1286 1677 1436 1734 θεῶν
1462 1679 1532 1732 ἐν
1558 1677 1742 1745 Σιὼν,
1777 1679 1807 1738 6

228 1773 466 1836 Ἀκύλας
488 1773 670 1844 φησιν,
720 1771 1068 1842 Ὀφθήσεται
1101 1770 1349 1841 ἰσχυρὸς
1373 1769 1516 1835 Θεὸς
1535 1769 1605 1828 ἐν
1632 1768 1802 1824 Σιών.

213 1867 319 1931 Τίς
355 1868 403 1922 δ’
433 1867 505 1922 ἂν.
537 1867 622 1938 εἴη
649 1858 803 1929 οὗτος
836 1866 864 1917 6
916 1863 1121 1935 μέλλων
1159 1861 1352 1934 ὁρατὸς
1387 1862 1480 1915 καὶ
1508 1860 1806 1932 ὀφθαλμοῖς
1837 1851 1880 1906 Β

213 1960 414 2024 Dea-:6;
442 1959 658 2020 ἔσεσθαι
677 1998 690 2022 ,
715 1958 954 2012 διδάσκει
984 1954 1186 2027 προῖὼν
1210 1955 1305 2008 καὶ
1326 1954 1500 2023 λέγων
1520 1972 1532 1984 ο
1577 1954 1804 2008 Ἑνώτιε

212 2069 326 2105 σαι
351 2092 366 2115 ,
398 2055 430 2105 ὀ
465 2051 610 2117 Θεὸς
653 2049 878 2106 Ἰακώϐ.
917 2041 1086 2111 Οὗτος
1120 2046 1226 2118 γὰρ
1255 2043 1322 2118 ἦν
1348 2046 1511 2109 αὐτὸς
1545 2047 1750 2109 ἐκεῖνος
1777 2047 1805 2099 6

211 2141 317 2194 τοῦ
344 2141 478 2195 Θεοῦ
506 2142 700 2210 Λόγος,
727 2141 755 2194 6
785 2139 951 2193 πάλαι
975 2139 1068 2192 καὶ
1093 2137 1170 2206 τῷ
1212 2136 1405 2189 Ἰακὼϐ
1430 2138 1488 2190 ὲν
1514 2135 1804 2208 ἀνθρώπου

215 2233 464 2303 σχήματι
487 2232 692 2302 ὀφθεὶς,
715 2232 890 2302 φήσας
917 2249 975 2282 τε
1007 2230 1143 2301 πρὸς
1168 2228 1328 2282 αὐτόν
1349 2244 1360 2256 ⁸
1397 2231 1518 2282 Οὐκ
1548 2231 1635 2282 ἐτι
1661 2232 1806 2296 κλη-

211 2323 471 2392 θήσεται
498 2322 564 2375 τὸ
586 2320 772 2391 ὄνομα
791 2337 906 2375 σου
944 2318 1166 2384 Ἰακὼϐ,
1193 2317 1329 2373 ἀλλ’
1366 2317 1610 2386 Ἰσραὴλ
1636 2316 1808 2373 ἔσται

213 2414 288 2466 τὸ
313 2406 498 2482 ὅνοιὶά
520 2427 637 2467 σου
658 2430 668 2440 ·
694 2413 782 2465 ὅτι
805 2411 1142 2480 ὲνίσχυσας
1160 2411 1310 2480 μετὰ
1334 2409 1502 2474 Θεοῦ,
1532 2409 1630 2463 καὶ
1655 2409 1807 2478 μετὰ

212 2505 549 2575 ἀνθρώπων
566 2505 845 2571 δυνατός.
881 2506 993 2573 Ἐφ’
1074 2505 1166 2558 καὶ
1185 2505 1213 2556 6
1235 2502 1505 2575 θεοφιλὴς,
1526 2502 1806 2556 συναισθό-

219 2617 387 2671 μενος
411 2598 502 2652 τοῦ
526 2598 956 2671 χρηματίζοντος
998 2595 1162 2650 αὑτοῦ
1209 2593 1343 2648 Θεοῦ
1393 2611 1523 2666 φησι
1561 2611 1574 2624 '
1627 2589 1808 2646 Εἶδον

217 2691 378 2746 Θεὸν
408 2693 730 2760 πρόσωπον
758 2690 908 2758 πρὸς
945 2691 1269 2757 πρόσωπον
1288 2727 1302 2752 ,
1331 2687 1425 2740 καὶ
1459 2685 1654 2752 ἐσώθη
1687 2703 1804 2754 μου

219 2783 261 2852 7}
288 2782 479 2852 ψυχή.
505 2783 676 2846 Αὐτὸς
699 2777 790 2836 οῦν
811 2783 1016 2844 ἐκεῖνος
1035 2783 1063 2834 6
1089 2780 1218 2844 Θεὸς
1237 2781 1265 2832 ὁ
1291 2779 1370 2850 τῷ
1405 2778 1598 2832 Ἰακὼὸ
1621 2777 1806 2846 ὀφθεὶς

215 2873 383 2938 αὖθις
421 2875 737 2948 ὀφθήσεται,
764 2875 948 2946 φησὶν,
982 2875 1039 2926 ὲν
1073 2871 1232 2939 Σιὼν,
1260 2871 1556 2942 διαρρήδην
1585 2871 1683 2941 τῆς
1711 2869 1811 2926 τοῦ,

216 2967 363 3023 Θεοῦ
389 2968 562 3038 Λόγου
596 2971 674 3032 εἰς
695 2966 1011 3038 ἀνθρώπους
1041 2963 1358 3034 ἐπιφανείας
1390 2962 1577 3025 τοῦτον
1609 2978 1807 3032 σημαι-

219 3060 460 3130 νομένης
485 3059 578 3114 τὸν
607 3059 825 3131 τρόπον.
881 3058 1052 3112 Αὐτὸν
1085 3057 1149 3128 δὴ
1190 3052 1283 3110 οῦν
1328 3054 1513 3109 τοῦτον
1553 3055 1644 3109 τὸν
1664 3053 1806 3106 ’Θεὸν

233 3153 436 3208 Ἰακὼὸ
483 3151 947 3224 ἐπικαλούμενος,
992 3137 1463 3221 ὲπισπεῦσαιίτὴν.
1504 3146 1807 3218 παρουσίαν

214 3245 391 3300 αὑτοῦ
427 3245 676 3299 ἱκετεύει.
725 3241 1175 3312 ’Υπερασπιστὰ
1205 3239 1396 3310 ἡμῶν,
1429 3238 1538 3305 ἰδὲ,
1571 3243 1604 3293 ό
1637 3239 1800 3305 Θεός.

214 3337 390 3402 Τίνας
427 3337 484 3391 δέ
531 3354 693 3408 φησιν
737 3337 841 3401 ἰδὲ,
876 3335 990 3390 ἀλλ’
1029 3335 1062 3405 ἢ
1110 3335 1234 3397 τοὺς
1278 3334 1336 3386 ὲν
1379 3335 1444 3403 τῇ
1474 3331 1680 3394 κοιλάδι
1710 3329 1805 3384 τοῦ

216 3428 580 3499 κλαυθμῶνος
622 3429 1164 3499 καταπονουμένους;
1225 3425 1495 3493 Ἐπιλέγει
1541 3425 1598 3478 δὲ
1645 3425 1770 3496 ἑξῆς
1789 3443 1806 3465 ·.

217 3521 333 3577 Hui
355 3522 686 3589 ἐπίϐλεψον
705 3520 804 3575 ἐπὶ
824 3519 888 3574 τὸ
914 3522 1238 3589 πρόσωπον
1257 3519 1364 3574 τοῦ
1386 3518 1642 3586 Χριστοῦ
1666 3535 1802 3583 σου,

213 3613 512 3685 εὐχόμενος
537 3614 853 3685 ὲπιταχῆναι
879 3613 976 3684 τὴν
999 3613 1092 3671 τοῦ
1112 3612 1245 3665 Θεοῦ
1269 3611 1442 3680 Λόγου
1471 3611 1550 3674 είς
1567 3609 1657 3668 τὸν
1679 3611 1722 3662 Χ
1729 3628 1807 3682 ρι-

220 3704 352 3757 στὸν
377 3703 562 3769 αὐτοῦ,
587 3705 647 3758 ὃν
668 3706 732 3758 ὲκ
755 3704 1064 3778 σπέρματος
1090 3703 1252 3762 Δαυῒδ
1273 3703 1588 3765 ἐνεδύσατο,
1607 3720 1806 3776 παρου-

220 3797 368 3849 σίαν.
401 3796 490 3850 Διὸ
508 3797 645 3852 καὶὸ
678 3797 908 3860 Ἀκύλας
931 3797 1082 3868 φησι,
1106 3795 1288 3865 Θυρεὲ
1314 3795 1501 3866 ἡμῶν,
1535 3795 1646 3860 ἴδε,
1675 3796 1809 3860 Θεὲ,

217 3887 324 3946 καὶ
359 3887 726 3957 ἐπίστρεψον
754 3890 1085 3957 πρόσωπον
1107 3888 1471 3958 ἰἰλειμμένου
1500 3904 1616 3942 σου
1635 3905 1648 3919 ⁶
1685 3891 1714 3942 6
1745 3890 1804 3947 δὲ

218 3978 537 4050 Σύμμαχος,
569 3981 1018 4050 Ὑπερασπιστὰ
1043 3980 1241 4050 ἡμῶν,
1275 3980 1363 4034 ὶδὲ
1385 4021 1399 4046 ,
1433 3984 1464 4035 ό
1493 3980 1636 4048 Θεὸς
1656 4022 1670 4045 ,
1701 3984 1801 4035 καὶ

216 4073 616 4141 πρόσϐλεψον
636 4075 703 4129 τὸ
733 4073 1056 4142 πρόσωπον
1076 4073 1183 4127 τοῦ
1208 4072 1466 4140 Χριστοῦ
1489 4089 1626 4127 σου.
1659 4072 1809 4125 Ταῦ-.

216 4183 290 4219 τα
325 4164 382 4218 δὲ
424 4164 670 4237 εὔχονται
709 4169 757 4220 οἱ
784 4167 876 4221 τὸν
904 4167 1081 4220 πάντα
1108 4164 1322 4235 ψαλμὸν
1347 4164 1595 4231 λέγοντες
1615 4181 1628 4194 ·
1657 4155 1808 4224 οῦτοι,

213 4258 277 4318 δὲ
317 4252 456 4327 ἦσαν
493 4260 544 4311 οἱ
583 4259 677 4313 τοῦ
707 4259 843 4313 Θεοῦ
883 4261 1192 4332 προφῆται,
1233 4259 1282 4310 οἱ
1313 4257 1667 4320 διασωθέντες
1691 4258 1802 4310 ἀπὸ

214 4348 332 4401 τῶν
360 4350 565 4418 νοητῶν
596 4351 868 4422 πολεμίων
891 4393 906 4415 ,
943 4352 1045 4411 καὶ,
1080 4349 1470 4422 μεταϐαλόντες
1499 4350 1606 4403 ἀπὸ
1639 4351 1801 4402 πολέ-

217 4457 328 4510 μου
364 4441 446 4503 εἰς
481 4443 730 4513 εἰρήνην,
761 4443 831 4497 τά
857 4461 914 4495 τε
953 4441 1286 4513 σκηνώματα
1315 4442 1410 4496 τοῦ
1451 4442 1587 4495 Θεοῦ
1614 4443 1800 4496 λοιπὸν

1907 595 1965 640 ut
1995 587 2331 657 intelligatur
2363 586 2497 643 deos
2526 601 2670 651 esse,
2697 587 2884 642 beatos
2911 597 2966 640 et
2988 583 3275 654 religiosos
3302 581 3474 644 viros,

1905 678 1974 733 ad
2005 694 2146 748 quos
2175 678 2376 732 factum
2407 686 2493 734 est
2523 677 2762 733 Verbum
2803 678 2895 732 Dei
2928 697 2941 731 :
2977 675 3178 746 quibus
3207 674 3370 730 etiam
3393 671 3478 726 di-

1904 780 2051 825 ctum
2075 780 2180 834 est,
2217 769 2327 839 Ego
2354 769 2491 835 dixi,
2523 769 2613 824 Dii
2641 770 2768 824 estis
2803 768 2884 834 ³³;
2939 774 3015 835 ct,
3048 766 3189 821 Deus
3226 765 3373 820 stetit
3421 762 3478 816 in

1906 879 2178 934 synagoga
2206 862 2423 918 deorum
2456 862 2531 929 3‘;
2555 874 2630 925 et,
2664 861 2801 915 Deus
2853 858 3070 916 deorum
3102 857 3360 912 Dominus
3397 854 3478 908 io-

1906 963 2057 1009 catus
2087 963 2186 1018 est,
2221 964 2272 1008 et
2323 955 2522 1008 vocavit
2555 963 2754 1008 terr-am
2787 950 2856 1006 ³⁵.
2881 948 2940 1004 In
2989 949 3076 1005 bis
3104 963 3338 1018 namque
3368 960 3479 1000 non

1907 1048 2047 1103 alius
2070 1045 2212 1102 Deus
2251 1046 2477 1102 deorum
2507 1055 2736 1101 vocatus
2773 1050 2878 1109 est,
2909 1057 3072 1115 quam
3118 1041 3165 1098 is
3201 1041 3352 1096 solus
3383 1037 3481 1108 qui

1909 1139 1964 1193 in
2001 1139 2269 1208 principio
2309 1136 2540 1192 Verbum
2564 1144 2681 1193 erat
2704 1135 2848 1206 apud
2883 1133 3053 1188 Deum
3086 1148 3100 1186 :
3151 1131 3247 1202 qui
3269 1130 3482 1185 scilicet

1907 1245 2133 1284 munere
2157 1244 2258 1284 suo
2295 1237 2349 1284 et
2368 1228 2615 1298 ejusdem
2647 1226 2888 1298 Spiritus
2913 1223 3328 1295 participatione
3347 1221 3480 1275 deos

1909 1322 2036 1378 illos
2088 1320 2288 1378 efecit.
2311 1320 2454 1376 Deos
2483 1334 2723 1389 namque
2747 1318 2873 1375 illos
2905 1332 3028 1374 esse
3055 1315 3211 1379 dicit,
3241 1313 3310 1370 ad
3341 1326 3481 1382 quos

1909 1429 2094 1470 sermo
2116 1413 2213 1470 Dei
2243 1414 2424 1470 factus
2451 1423 2561 1470 est.
2600 1411 2808 1468 Deinde
2836 1425 2966 1464 vero
2989 1406 3270 1464 Christum
3301 1403 3483 1460 nomi-

1907 1507 2081 1563 natim
2135 1513 2403 1562 memor-at
2429 1506 2486 1561 in
2515 1505 2766 1561 oratione
2813 1503 3027 1563 dicens,
3072 1499 3139 1552 Et
3175 1498 3374 1568 respice
3426 1496 3484 1548 in

1909 1600 2102 1670 faciem
2131 1600 2334 1657 Christi
2362 1601 2459 1656 tui.
2500 1598 2607 1654 Pro
2637 1598 2729 1652 illo
2758 1605 2963 1660 autem,
3016 1592 3288 1648 Videbitur
3337 1589 3481 1644 Deus

1909 1694 2128 1749 deorum
2172 1693 2228 1747 in
2254 1691 2405 1755 Sion,
2437 1691 2634 1760 Aquila
2664 1690 2746 1746 sic
2783 1688 2970 1750 habet,
3012 1684 3288 1740 Videbitur
3323 1683 3482 1754 fortis

1909 1787 2053 1842 Deus
2082 1787 2136 1839 in
2168 1784 2317 1840 Sion.
2370 1783 2636 1849 Quisnam
2668 1796 2796 1836 vero
2855 1781 2927 1835 sit
2963 1779 3074 1843 ille,
3109 1778 3203 1848 Qui
3243 1775 3482 1832 visibilis

1907 1876 2192 1945 oculisque
2245 1873 2564 1944 spectabiiis
2597 1870 2816 1927 futurus
2851 1879 2956 1936 est,
2991 1867 3187 1923 deinde
3238 1866 3484 1921 declarat

1907 1968 2011 2022 hoc
2055 1967 2218 2022 modo
2247 1981 2260 2018 ε
2293 1965 2524 2019 Auribus
2562 1966 2789 2034 percipe,
2828 1963 2968 2017 Deus
3000 1960 3187 2016 Iacob-
3222 1958 3359 2014 Nam
3395 1957 3484 2014 hic

1908 2060 2024 2129 ipse
2055 2068 2174 2115 erat
2198 2057 2295 2114 Dei
2314 2057 2576 2123 Verbum,
2602 2057 2694 2128 qui
2717 2056 2846 2110 olim
2873 2053 3078 2109 Jacobo
3094 2051 3332 2108 hominis
3357 2066 3482 2120 spe-

1907 2152 1990 2207 cie
2020 2152 2193 2218 visus,
2228 2151 2308 2207 sic
2352 2165 2476 2206 eum
2508 2150 2704 2205 ali'atus
2732 2157 2820 2208 est
2847 2168 2860 2204 ε
2888 2147 3012 2202 Non
3037 2147 3182 2204 ultra
3211 2143 3483 2200 vocabitur

1907 2259 2094 2297 nomen
2125 2253 2272 2296 tuum
2321 2240 2530 2308 Iacob;
2577 2242 2667 2298 scd
2701 2240 2996 2300 Israeterit
3052 2255 3243 2295 nomen
3289 2247 3480 2292 tuum:

1905 2339 2032 2410 quia
2062 2337 2218 2407 fortis
2242 2337 2394 2407 fuisti
2425 2352 2544 2392 cum
2567 2335 2700 2401 Deo,
2740 2344 2791 2390 et
2829 2351 2950 2390 cum
2978 2331 3278 2391 hominibus
3300 2342 3481 2399 potens

1907 2433 2010 2485 eris
2045 2431 2110 2486 ³⁸.
2141 2430 2322 2496 Quare
2351 2429 2434 2485 vir
2470 2431 2570 2485 ille.
2608 2428 2922 2500 religiosus,
2952 2441 3078 2482 cum
3115 2423 3484 2496 persentisce-

1908 2533 1993 2577 ret
2017 2539 2142 2579 eum
2174 2523 2267 2593 qui
2299 2523 2474 2594 ipsius
2509 2521 2653 2577 Deus
2691 2531 2938 2584 vocatur,
2997 2518 3074 2572 ait
3107 2533 3119 2568 :
3161 2515 3278 2570 Vidi
3319 2515 3485 2569 Deum

1909 2618 2045 2687 facie
2067 2615 2138 2670 ad
2159 2616 2372 2685 faciem,
2397 2625 2447 2669 et
2479 2613 2630 2668 salva
2658 2613 2812 2683 facta.
2838 2621 2916 2666 est
2957 2610 3139 2670 anima
3169 2625 3286 2667 mea
3331 2607 3396 2661 ³⁷.
3433 2605 3484 2662 Is

1907 2711 2026 2779 ipse
2055 2709 2219 2772 Deus,
2253 2707 2454 2778 inquit,
2489 2706 2585 2776 qui
2612 2703 2819 2760 Jacobo
2854 2702 3006 2758 visus
3031 2709 3135 2766 est,
3172 2715 3368 2755 rursus
3396 2699 3482 2752 vi-

1908 2801 2210 2855 debiturin
2253 2798 2408 2862 Sion,
2438 2797 2535 2854 Dei
2562 2797 2725 2852 Verbi
2772 2796 3064 2851 adventum
3120 2793 3176 2848 in
3229 2791 3484 2847 homines

1909 2889 2062 2944 hisce
2091 2889 2378 2944 manifeste
2397 2887 2708 2942 declarans.
2738 2884 2896 2940 llunc
2922 2883 3090 2940 Deum
3122 2881 3296 2937 Jacob
3327 2881 3486 2935 invo-

1908 2998 2063 3046 cans,
2095 2981 2390 3036 adventum
2414 2989 2692 3035 maturare
2715 2995 2875 3034 suum
2901 2984 3077 3047 rogat.
3108 2973 3362 3030 -Vsns.
3388 2974 3479 3030 10.

1907 3071 2397 3139 Protectornoster,
2444 3073 2642 3141 aspice,
2675 3069 2849 3129 Deus.
2896 3068 3175 3135 Quosuam
3234 3065 3484 3136 aspicere

1833 3185 1888 3242 ο
1911 3172 2087 3234 rogat,
2117 3164 2224 3220 nisi
2247 3179 2343 3219 eos
2371 3163 2466 3234 qui
2498 3163 2555 3218 iu
2604 3163 2743 3218 valle
2774 3163 3139 3232 laci-ymarum
3187 3156 3484 3212 afﬂictione

1908 3255 2271 3324 premuntur?
2309 3253 2517 3310 Deinde
2543 3267 2674 3310 vero
2726 3251 3042 3322 subiungit,
3075 3258 3125 3310 et
3179 3249 3376 3318 respice
3427 3247 3484 3301 in

1908 3345 2100 3414 faciem
2128 3343 2332 3399 Christi
2365 3344 2463 3407 tui,
2491 3358 2694 3414 rogans
2723 3341 2817 3397 Dei
2855 3339 3012 3396 Verbi
3065 3340 3360 3395 adventum
3414 3339 3484 3394 ad

1907 3437 2187 3493 Christum
2212 3452 2396 3500 suum,
2426 3450 2592 3505 quem.
2622 3449 2688 3489 ex
2725 3433 2934 3488 semine
2962 3431 3135 3488 David
3163 3431 3360 3497 induit,
3393 3445 3485 3485 ac-

1907 3526 2153 3582 celerari.
2180 3524 2545 3591 Quamobrem
2567 3523 2760 3594 Aquila
2781 3524 2862 3579 sic
2884 3523 3261 3593 habet,Clypee
3284 3531 3482 3589 noster,

1907 3615 2040 3680 vide,
2075 3615 2238 3683 Deus,
2267 3627 2313 3671 et
2365 3629 2602 3670 converte
2635 3617 2834 3670 vultum
2879 3616 3026 3669 uncti
3073 3614 3172 3668 tui.
3229 3613 3481 3684 Symma-

1905 3710 2044 3766 chus
2076 3727 2223 3774 νει-ο,
2255 3709 2534 3765 Protector
2575 3719 2754 3764 noster
2795 3708 2930 3772 vide,
2981 3708 3145 3771 Deus,
3205 3717 3255 3760 et
3310 3705 3486 3775 aspice

1905 3802 2108 3856 vultum
2137 3801 2338 3857 Christi
2366 3804 2459 3856 tui.
2491 3801 2617 3856 Haec
2643 3817 2808 3870 porro
2838 3806 3130 3871 precantur
3178 3798 3238 3861 ii,
3269 3798 3362 3867 qui
3397 3805 3485 3853 to-

1905 3902 2018 3947 tum
2068 3894 2337 3962 psalmum
2387 3894 2747 3964 pronuntiant
2800 3891 2901 3946 :hi
2947 3896 3130 3944 autem
3173 3895 3331 3946 erant
3387 3887 3485 3943 Dei

1904 3985 2202 4055 prophetae,
2235 3986 2329 4054 qui
2356 4001 2386 4038 a
2419 3984 2803 4055 spiritualibus
2839 3983 3080 4042 inimicis
3129 3981 3334 4041 servati
3365 3980 3485 4036 fue-

1904 4083 2049 4140 rant,
2083 4082 2138 4130 et
2167 4091 2197 4128 a
2227 4075 2369 4132 bello
2391 4076 2457 4137 ad
2489 4091 2678 4144 pacem
2721 4075 2993 4142 translati,
3025 4075 3215 4130 divino
3265 4072 3486 4129 aﬂlante

1903 4167 2100 4236 spiritu
2128 4166 2481 4222 tabernacula
2503 4166 2596 4222 Dei
2651 4169 3074 4238 prospiciebant,
3122 4167 3390 4222 atriorum
3429 4173 3487 4222 et

1904 4259 2157 4312 altarium
2181 4258 2302 4328 ejus
2335 4258 2643 4328 percupidi.
2699 4261 2801 4327 Qui
2859 4262 3026 4316 etiam
3079 4260 3175 4316 Dei
3218 4259 3494 4328 Verbum,

1904 4366 2062 4405 suum
2087 4350 2142 4404 in
2167 4359 2415 4420 tempore
2437 4350 2564 4408 belli
2617 4358 2981 4421 protectorem
3037 4351 3269 4417 factum,
3321 4352 3486 4408 obse-

1903 4444 2252 4503 crantutad
2275 4443 2470 4502 faciem
2497 4443 2701 4504 Christi
2766 4445 2852 4502 sui
2911 4444 3194 4514 respiciat,
3253 4453 3312 4500 ut
3363 4446 3486 4516 ipso
3587 4484 3600 4496 .

213 4532 302 4602 τῷ
330 4533 460 4604 θείῳ
484 4535 760 4605 Πνεύματι
791 4535 1150 4606 προορῶντες,
1185 4535 1281 4588 καὶ
1315 4535 1411 4597 τὰς
1436 4534 1604 4599 αὐλὰς
1635 4536 1798 4589 αὑτοῦ

1909 4545 2201 4608 apparente
2246 4549 2312 4592 ac
2334 4535 2637 4600 Christum,
2664 4552 2731 4591 ex
2752 4535 2961 4592 semine
2985 4534 3156 4590 David
3180 4536 3482 4595 secundum

216 4626 317 4678 καὶ
342 4625 408 4678 τὰ
442 4625 796 4698 θυσιαστήρια
829 4625 1140 4690 ποθοῦντες.
1203 4625 1266 4680 Οἳ
1302 4626 1393 4681 καὶ
1423 4625 1800 4695 παρακαλοῦσι

215 4717 314 4772 τὸν
359 4718 452 4773 τοῦ
480 4720 614 4774 Θεοῦ
636 4720 840 4789 Λόγον,
877 4719 965 4773 τὸν
1010 4721 1067 4772 ὲν
1091 4719 1168 4789 τῷ
1204 4718 1377 4789 καιρῷ
1407 4717 1514 4770 τῶν
1548 4718 1802 4789 πολέμων

215 4810 638 4882 ὑπερασπιστὴν
677 4812 856 4864 αὐτῶν
897 4813 1218 4882 γενόμενον,
1279 4809 1565 4880 ἐπιϐλέψαι
1597 4811 1688 4865 ἐπὶ
1733 4812 1800 4864 τὸ.

1907 4640 2128 4684 carnem
2176 4635 2357 4682 ortum
2399 4637 2737 4690 assumentc,
2792 4625 2952 4680 malis
2983 4624 3236 4696 pristinis
3290 4640 3485 4681 omnes

1908 4723 2238 4786 eximantur,
2273 4721 2666 4792 hominumque
2713 4737 2884 4792 genus
2908 4722 3050 4777 bona
3077 4735 3174 4791 per
3199 4717 3483 4778 Christum

1907 4815 2281 4870 nanciscatur.

212 4901 513 4970 πρόσωπον
539 4901 634 4956 τοῦ
659 4903 893 4976 Χριστοῦ
915 4903 1099 4962 αὐτοῦ,
1137 4903 1224 4966 ἵν’,
1253 4902 1606 4972 ἐπιφανέντος
1632 4903 1795 4956 αὐτοῦ
1836 4904 2041 4958 καὶ-τὸν
2073 4908 2138 4959 ἐκ
2161 4907 2470 4979 σπέρματος
2493 4906 2654 4961 Act-IE6
2672 4906 2810 4959 κατᾶ
2869 4907 3048 4977 σάρκα
3069 4906 3301 4978 Χριστὸν
3355 4906 3482 4958 άνα-

213 4992 507 5061 λαϐόντος,
550 4996 702 5060 λύσις
748 4997 844 5068 μὲν
881 4999 1104 5071 γένηται
1179 4998 1465 5070 προτέρων,
1525 4997 1709 5051 κακῶν
1751 5003 1864 5065 τοῖς
1901 5003 2096 5069 πᾶσιν,
2129 5001 2310 5072 ἀγαθὰ
2336 5004 2393 5057 δὲ
2425 5003 2512 5056 διὰ
2544 5002 2638 5056 τοῦ
2669 5003 2904 5074 Χριστοῦ
2939 5003 3000 5057 τὸ
3039 5003 3156 5057 τῶν
3179 5000 3482 5074 ἀνθρώπων

212 5087 527 5160 διαδέξηται
559 5089 734 5158 γένος,

275 5204 406 5256 Ὅτι
422 5204 722 5271 κρείσσων
735 5205 926 5274 ἡμέρα
935 5204 1042 5274 μία
1056 5206 1125 5258 ἐν
1137 5205 1266 5272 ταῖς
1286 5205 1501 5272 αὐλαῖς
1512 5220 1587 5260 σο
1597 5225 1628 5260 υ
1645 5207 1796 5276 ὑπὲρ

213 5294 517 5364 χιλιάδας.
547 5296 660 5365 Τῆς
687 5297 781 5350 τοῦ
808 5297 942 5350 Θεοῦ
974 5297 1276 5369 παρουσίας
1301 5298 1399 5369 τὴν
1426 5299 1573 5370 μίαν,
1602 5299 1703 5369 τῆς
1728 5302 1793 5354 ὲκ

213 5386 428 5457 νεκρῶν
460 5387 808 5455 ἀναστάσεως
839 5391 1074 5461 ἡμέραν,
1111 5391 1245 5444 πολὺ
1280 5392 1514 5461 κρείττω
1541 5393 1795 5464 χιλιάδων

211 5479 314 5534 καὶ
344 5481 745 5553 προτιμοτέραν
767 5485 796 5538 6
826 5484 917 5537 τὸν
945 5484 1192 5554 παρόντα
1215 5484 1429 5554 ψαλμὸν
1451 5486 1624 5554 λέγων
1648 5487 1795 5557 ἡγεῖ-

208 5588 325 5626 ται.
352 5572 691 5627 Λὶνίττεσθαι
711 5574 767 5629 δὲ
790 5575 1028 5647 ἠγοῦμαι
1050 5576 1136 5630 διὰ
1154 5577 1262 5631 τῶν
1282 5577 1534 5648 χιλιάδων
1553 5579 1643 5632 τὸν
1666 5580 1793 5652 χρό-

211 5681 306 5726 νον
332 5665 433 5735 τῆς
465 5666 772 5733 συστάσεως
799 5670 898 5741 τῆς
935 5669 1306 5743 Ἰερουσαλήμ.
1379 5671 1466 5724 Ἐν
1507 5670 1648 5735 ὅλοις
1682 5672 1790 5742 γὰρ

1973 5208 2141 5264 Vens.
2159 5209 2244 5263 11.
2266 5209 2406 5276 Quia
2433 5208 2617 5261 melior
2640 5220 2714 5261 est
2743 5209 2854 5262 dies
2878 5225 2981 5261 una
2997 5209 3050 5262 in
3079 5209 3234 5261 atriis
3254 5208 3358 5262 tuis
3388 5224 3483 5262 su-

1898 5318 1991 5372 per
2012 5303 2206 5356 millia.
2251 5301 2424 5356 Unam
2457 5299 2552 5356 Dei
2583 5301 2884 5370 prtesentiae
2904 5341 2919 5362 ,
2973 5300 3027 5355 id
3060 5309 3178 5367 est,
3227 5314 3480 5356 resurre-

1900 5394 2099 5448 ctionis
2128 5409 2195 5448 ex
2224 5391 2455 5446 mortuis
2484 5391 2628 5446 diem
2650 5431 2665 5456 ,
2691 5392 2774 5445 vel
2808 5393 3047 5447 millibus
3081 5392 3275 5448 diebus
3303 5392 3475 5448 multo

1900 5489 2178 5543 meliorem
2212 5495 2267 5541 et
2296 5485 2746 5558 praestabiliorem
2785 5501 2908 5542 esse
2947 5485 3247 5540 arbitratur
3304 5486 3352 5542 is
3380 5487 3474 5555 qui

1899 5579 2167 5649 psalmum
2200 5578 2347 5633 hunc
2375 5577 2603 5648 profert.
2641 5578 2739 5632 Illo
2785 5585 2967 5634 autem
2999 5577 3304 5633 millenario
3338 5588 3474 5649 puto

1899 5670 2242 5733 subindicari
2258 5679 2495 5742 tempus,
2521 5684 2632 5742 quo
2671 5669 3011 5742 Jerosolyma
3041 5669 3318 5728 substitit:
3346 5684 3493 5732 nam.

287 5820 332 5854 ³³
373 5819 517 5882 Psal.
559 5836 751 5891 tam,
785 5826 818 5880 6
917 5826 959 5859 3"
1001 5826 1168 5892 ibid.,
1211 5828 1259 5882 1.
1339 5830 1382 5862 ³⁸
1416 5826 1562 5885 Psal.
1602 5842 1763 5898 ιιι»,

1931 5827 1973 5860 ³⁸
2008 5826 2142 5886 Gcn.
2179 5841 2362 5898 xuii,
2397 5826 2488 5885 28.
2568 5827 2612 5861 ³⁷
2652 5826 2784 5886 ibid.
2823 5828 2909 5884 50.
