3798 6282
399 363 538 424 illis
1142 361 1408 417 EUSEBII
1447 359 1928 418 CAESARIENSIS
1959 357 2110 414 OPP.
2153 357 2333 421 PARS
2370 357 2940 418 lll.—EXEGETICA.
3474 376 3580 430 {om

394 484 527 544 totis
569 483 714 538 mille
764 486 922 536 annis
970 483 1228 553 templum
1277 482 1399 551 ejus
1451 481 1698 548 duravit;
1749 478 1894 535 lOlidl

2081 477 2268 549 χιλίοις
2299 477 2443 531 ἔτεσι
2473 479 2702 550 συνέστη
2735 482 2764 535 6
2800 483 2857 534 ἐν
2884 481 3019 552 αὐτῇ
3063 481 3220 547 νεώς·
3254 485 3467 541 τοσαῦτα
3499 495 3581 564 γὰρ

395 576 597 645 quippe
628 581 987 628 numerantur
1019 589 1050 626 a
1095 574 1279 642 templi
1313 571 1624 628 Salomonis
1654 571 1895 625 fundatio

2082 567 2140 642 ἧν
2157 571 2226 625 τὰ
2251 571 2358 624 ἀπὸ
2375 572 2474 642 τῆς
2493 571 2835 643 Σολομῶντος
2860 575 3200 646 κατασκευῆς
3213 576 3303 629 τοῦ
3330 579 3445 631 ναοῦ
3460 582 3582 656 μέχρι

394 682 569 737 usque
610 666 676 720 ad
729 666 1029 722 Salvatoris
1066 667 1240 720 nostri
1279 664 1595 720 adventum.
1644 668 1794 733 Quos
1842 664 1894 717 itt

2083 663 2170 733 τῆς
2191 661 2286 714 τοῦ
2310 662 2560 733 Σωτῆρος
2580 664 2738 734 ἡμῶν
2760 666 3078 736 παρουσίας,
3108 666 3143 721 ἃ
3164 669 3255 721 καὶ
3275 666 3419 734 αὖθις
3434 673 3583 745 δηλοῦ-

392 755 625 812 indicari
668 765 801 828 puto
844 758 900 810 in
941 772 1139 812 Luxu
1170 757 1420 826 psalmo,
1475 757 1569 825 qui
1612 755 1892 818 inscribitu

2086 752 2197 806 ςθαι
2225 753 2464 824 ἠγοῦμαι
2495 753 2580 806 διὰ
2605 752 2700 806 τοῦ
2735 754 2832 809 πθ¹
2857 754 3072 826 ψαλμοῦ
3092 797 3107 822 ,
3150 757 3206 822 ὃς
3238 759 3586 832 ἐπιγέγρατπαι

396 848 584 902 Oratio
619 847 860 919 Moysis;
893 848 946 902 in
981 848 1340 918 sequentibus
1374 848 1575 918 quippe
1616 847 1732 902 haec
1761 847 1896 902 habe

2087 844 2194 908 ιὲν,
2212 843 2529 912 Προσευχὴ
2545 843 2860 912 Μωῦσέως,
2889 847 3022 918 φησὶ
3048 849 3142 900 καὶ
3157 848 3374 920 προῖὼν,
3398 851 3502 906 Ὅτι
3521 857 3587 922 χί-

395 940 659 1006 Quouiam
691 941 833 996 mille
863 943 990 996 anni
1015 952 1137 995 ante
1166 942 1345 998 oculos
1377 951 1492 996 tuos
1513 982 1528 1004 ,
1579 953 1831 1012 tanquam
1859 941 1893 993 d

2085 939 2173 989 tta
2207 935 2312 1003 ἔτη
2351 937 2422 989 ἐν
2462 936 2789 1007 ὀφθαλμοῖς
2816 953 2932 991 σου
2959 937 3102 993 ὡσεί
3138 939 3326 1010 ἡμέρα
3356 943 3393 1008 ἠ
3433 943 3585 1013 ἐχθὲς,

391 1030 636 1087 hesterna
663 1048 780 1102 quae
804 1034 1089 1100 preteriit,
1129 1041 1176 1086 et
1209 1031 1451 1088 custodia
1480 1032 1533 1085 in
1562 1040 1730 1088 nocte.
1765 1030 1891 1101 Hujt

2091 1028 2205 1096 ἥτις
2233 1027 2460 1097 διῆλθε,
2497 1031 2595 1082 καὶ
2622 1029 2866 1099 φυλακὴ
2887 1032 2956 1084 ἐν
2977 1033 3173 1086 νυκτί.
3207 1033 3318 1104 Τῆς
3341 1031 3426 1088 οῦν
3454 1037 3591 1105 χιλιά·

391 1124 539 1178 modi
575 1125 758 1194 itaque
786 1123 1093 1179 millenario
1122 1123 1204 1177 vel
1239 1139 1346 1178 una
1385 1125 1504 1180 dies
1546 1123 1891 1179 resurrectio:

2091 1125 2159 1186 ῑος
2188 1123 2402 1195 ἐκείνης
2430 1125 2463 1195 ἡ
2499 1124 2597 1194 μία
2622 1125 2806 1197 ἡμέρα
2833 1125 2933 1196 τῆς
2965 1127 3028 1180 ὲκ
3062 1127 3268 1198 νεκρῶν
3295 1128 3591 1195 ἀναστάσεως

393 1213 696 1270 Salvatoris
728 1217 901 1271 nostri
936 1232 1001 1270 ex
1040 1216 1275 1272 mortuis
1306 1214 1706 1286 praeponenda,
1745 1224 1800 1270 et
1834 1230 1893 1284 pr

2091 1213 2163 1267 τοῦ
2181 1215 2432 1286 Σωτῆρος
2447 1216 2602 1286 ήμῶν
2624 1217 2922 1288 προκριτέα
2940 1220 3032 1271 καὶ
3051 1220 3419 1291 προτιμοτέρα
3434 1226 3591 1294 τυγχὰ-

393 1307 592 1362 tiosior
620 1308 811 1362 haberi
837 1308 998 1364 debet
1063 1309 1112 1364 ei
1169 1311 1262 1379 qui
1297 1310 1542 1378 ejusdem
1585 1323 1773 1362 amore
1817 1309 1893 1362 du

2093 1323 2150 1360 νει
2175 1307 2251 1378 τῷ
2279 1307 2483 1380 ταύτης
2514 1309 2825 1380 ἐπιθυμητῇ
2860 1310 3155 1382 γενομένῳ.
3186 1311 3278 1364 Διδ
3303 1311 3502 1383 εὔχεται
3523 1332 3593 1368 τα-

393 1405 504 1454 tur.
539 1397 719 1463 Quare
749 1400 1040 1454 adventum
1063 1408 1338 1455 maturare
1365 1415 1523 1455 suum
1555 1405 1712 1470 rogat
1739 1398 1893 1454 dicen

2091 1399 2228 1470 εῦναι
2251 1399 2350 1470 τὴν
2371 1402 2674 1472 παρουσίαν
2698 1401 2861 1455 αὑτοῦ
2889 1402 3061 1471 λέγων
3077 1421 3089 1433 ·
3135 1403 3267 1467 Ἰδὲ,
3299 1408 3331 1458 ό
3353 1405 3498 1471 Θεὸς,
3521 1409 3591 1460 καὶ

391 1489 602 1558 Aspice,
640 1491 810 1555 Deus,
846 1501 895 1545 et
927 1492 1124 1561 respice
1155 1493 1210 1546 in
1242 1492 1434 1562 faciem
1462 1491 1663 1548 Christi
1697 1493 1806 1557 tui,
1839 1508 1891 1562 qi

2095 1491 2402 1560 ’πίϐλεψον
2431 1495 2518 1571 εὶς
2542 1492 2607 1545 τὸ
2631 1496 2956 1561 πρόσωπον
2976 1494 3082 1548 τοῦ
3107 1495 3366 1563 Χριστοῦ
3386 1512 3505 1560 σου,
3531 1497 3595 1551 ὅτι

391 1581 537 1634 uiam
567 1583 752 1636 melior
776 1591 854 1636 est
889 1582 999 1638 dies
1025 1601 1131 1637 una
1158 1585 1211 1637 in
1250 1585 1403 1638 atriis
1437 1585 1540 1639 tuis
1571 1599 1729 1653 super
1771 1583 1888 1648 mill

2095 1583 2373 1652 ερείσσων
2397 1583 2590 1654 ἡμέρα
2619 1587 2729 1654 μία
2746 1587 2818 1640 ἐν
2839 1587 2966 1655 ταῖς
2992 1587 3207 1654 αὐλαῖς
3228 1601 3348 1646 σου
3371 1589 3506 1656 ὑπὲρ
3532 1608 3595 1658 χι-

388 1670 577 1741 Ncque
606 1689 737 1728 vero
760 1675 930 1729 millia
988 1675 1076 1730 hic
1131 1676 1416 1746 pluraliter
1449 1674 1768 1746 accipienda
1816 1691 1880 1729 su

2094 1674 2302 1742 ῑιάὸας.
2361 1675 2436 1730 οὐ
2481 1677 2698 1740 πάντως
2722 1677 2779 1731 δὲ
2810 1677 3186 1748 πληθυντικῶς
3217 1679 3493 1733 ἀκουστέον
3515 1680 3594 1732 τῶν

389 1763 526 1816 Nam
565 1765 708 1835 apud
738 1765 995 1825 llebrasos
1027 1767 1140 1824 haec
1165 1783 1268 1823 vox
1295 1769 1582 1829 millenare
1603 1783 1774 1822 unum
1801 1769 1884 1838 sig

2096 1766 2357 1837 [ιλιάδωνο
2393 1767 2542 1839 παρὰ
2567 1767 2676 1842 γάρ
2715 1768 2981 1839 Ἑϐραίοις
3004 1768 3141 1840 αῦτη
3175 1772 3210 1840 ἡ
3242 1767 3384 1833 λέξις
3404 1769 3516 1840 μίαν
3537 1789 3596 1840 χι.

388 1853 516 1908 licat
541 1894 555 1920 ,
607 1865 666 1911 ut
694 1859 892 1930 cuique
943 1859 1316 1917 consideranti
1350 1859 1529 1929 palam
1562 1859 1688 1914 erit.
1725 1858 1792 1914 Et
1838 1827 1888 1929 qi

2095 1827 2225 1914 :thtl
2250 1827 2524 1930 σημαίνει,
2544 1827 2620 1923 di;
2641 1827 2899 1931 παντὶτῷ
2919 1827 3273 1933 ἐπιστήσαῦτι
3295 1827 3445 1931 δῖιλον
3465 1827 3595 1917 ἔσται.

388 1953 506 2008 dies
541 1967 648 2007 una
679 1952 732 2005 in
764 1951 919 2008 atriis
948 1966 1044 2022 per
1073 1959 1248 2007 totum
1276 1952 1462 2007 orbem
1493 1952 1548 2006 in
1581 1951 1818 2008 adventu
1851 1950 1888 2004 D

2099 1953 2180 2006 ἰαὶ
2223 1952 2525 2024 ἐπειδήπερ
2558 1954 2590 2022 ἡ
2640 1954 2736 2024 μία
2774 1954 2956 2026 ἡμέρα
2991 1956 3361 2028 προτιμοτέρα
3400 1956 3503 2009 ἐπὶ
3527 1958 3599 2027 τῆς

387 2047 482 2116 qui
512 2045 931 2116 praenuntiatum
972 2043 1213 2100 fundatis
1239 2084 1255 2106 ,
1297 2043 1645 2112 praestantior
1674 2049 1760 2097 est
1806 2043 1879 2096 mi

2097 2043 2302 2114 ίιλιάδος
2322 2045 2380 2095 ἐν
2398 2043 2520 2106 ταῖς
2539 2043 2729 2106 αὐλαῖς
2751 2048 2869 2108 ταῖς
2892 2044 3014 2098 καθ’
3034 2045 3160 2115 ὅλης
3181 2047 3282 2116 τῆς
3301 2046 3597 2115 οἰκουμένης,

387 2139 522 2205 bus;
561 2138 684 2193 ideo
722 2138 978 2208 superius
1013 2154 1232 2208 quoque
1256 2137 1510 2193 dicebat:
1555 2135 1887 2205 Concupiscit

2101 2134 2155 2188 ιὰ
2187 2135 2288 2205 τῆς
2326 2134 2643 2203 θεοφανείας
2672 2134 2764 2188 τοῦ
2798 2137 3279 2208 προφητευομένου
3310 2137 3456 2199 Θεοῦ,
3493 2137 3601 2208 ἰδρυ-

388 2229 569 2299 deﬁcit
595 2231 775 2283 anima
801 2245 917 2283 mea
948 2230 1002 2282 in
1041 2231 1185 2283 atria
1234 2227 1469 2284 Domini.
1506 2227 1574 2282 Et
1615 2244 1810 2284 rursus
1839 2245 1888 2299 qt

2105 2230 2275 2292 είσαις
2294 2246 2307 2260 ·
2366 2227 2454 2282 διὰ
2493 2233 2652 2286 τοῦτο
2683 2231 2776 2282 καὶ
2807 2231 3064 2302 ἀνωτέρω
3089 2231 3304 2300 ἔλεγεν·
3353 2231 3605 2286 Ἐπιποθεῐ

383 2321 498 2392 jam
523 2336 687 2392 supra
715 2323 946 2385 dixerat,
969 2321 1119 2374 Beati
1140 2323 1229 2400 qui
1251 2323 1492 2376 habitant
1516 2323 1573 2374 in
1601 2319 1757 2376 domo
1775 2331 1883 2386 tua,

2099 2321 2166 2382 :al
2183 2321 2444 2376 ἐκλείπει
2463 2322 2502 2388 ἡ
2519 2320 2694 2390 ψυχή
2702 2339 2822 2391 μου
2837 2323 2924 2388 εἰς
2942 2321 3052 2388 τὰς
3069 2322 3265 2389 αὐλὰς
3282 2321 3388 2377 τοῦ
3402 2323 3599 2400 Κυρίου.

386 2414 586 2468 sarculo
609 2415 922 2469 stimulorum
958 2394 1251 2468 laudabunt
1299 2426 1386 2468 te:
1437 2415 1524 2469 his
1556 2414 1713 2468 [idem
1762 2413 1886 2468 habt

2101 2414 2178 2467 Lai.
2205 2413 2369 2467 πάλιν
2401 2413 2706 2484 ἐπειδήπερ
2747 2414 3004 2484 ἀνωτέρω
3035 2413 3185 2483 ἔλεγε
3214 2415 3276 2468 τὸ
3296 2453 3310 2477 ,
3363 2394 3601 2482 Μακάριοι

387 2519 451 2558 ac
476 2520 664 2558 verum
689 2520 812 2559 esse
843 2505 1051 2559 dictum
1089 2504 1401 2574 hujusmodi
1435 2519 1763 2574 persuasus,
1803 2519 1868 2559 ea

2103 2508 2121 2558 ί
2150 2505 2570 2572 κατοικοῦντες
2593 2506 2665 2559 ἐν
2691 2503 2770 2571 τῷ
2791 2505 2936 2572 οἴκῳ
2965 2521 3081 2560 σου
3101 2545 3118 2571 ,
3143 2508 3232 2572 εὶς
3258 2505 3401 2573 τοὺς
3428 2504 3603 2570 αἰῶνας

387 2610 555 2651 causa
585 2597 708 2652 dico
737 2617 750 2652 :
787 2597 936 2668 Elegi
957 2597 1191 2666 abjectus
1219 2614 1330 2652 esse
1352 2598 1405 2650 in
1428 2597 1583 2653 domo
1606 2597 1703 2662 Dei
1730 2597 1831 2658 mei
1854 2613 1887 2649 η

2103 2595 2186 2650 ὧν
2203 2596 2430 2651 αἰώνων
2444 2596 2761 2650 αὶνέσουσί
2781 2613 2855 2651 σε
2873 2614 2886 2627 ·
2906 2597 3077 2667 τούτῳ
3096 2597 3372 2653 πιστεύων
3391 2599 3476 2650 καὶ
3489 2598 3603 2664 ἀκρι-

385 2688 503 2758 gis;
536 2695 598 2742 ut
633 2689 687 2742 in
712 2689 874 2744 domo
906 2688 997 2744 Dei
1032 2690 1345 2745 consistens
1399 2689 1455 2742 in
1506 2688 1707 2748 saacula
1741 2702 1881 2744 saecu

2103 2689 2177 2751 ὧς
2225 2689 2586 2760 πεπεισμένος
2617 2688 2789 2760 ἀληθῆ
2823 2684 2962 2741 εἶναι
2999 2689 3090 2742 τὸν
3128 2688 3322 2756 λόγον,
3364 2687 3447 2741 διὰ
3481 2686 3602 2740 τοῦτό

386 2795 510 2837 rum
545 2779 713 2836 Deum
758 2781 982 2841 laudare
1020 2783 1251 2838 valeam.
1291 2781 1396 2837 Sed
1426 2782 1590 2838 etiam
1627 2782 1772 2838 sicut
1819 2782 1886 2837 dit

2109 2799 2208 2852 ημι
2229 2797 2244 2811 ο
2293 2780 2700 2850 Ἐξελεξάμην
2725 2780 3256 2849 παραρριπτεῖσθαι
3282 2781 3353 2834 ἐν
3393 2779 3467 2845 τῷ
3495 2781 3604 2841 circa:

385 2887 551 2926 unam
575 2873 816 2929 millibus
843 2874 1070 2929 antetuli
1093 2914 1108 2938 ,
1141 2875 1215 2938 ita
1243 2883 1296 2929 et
1326 2874 1546 2934 domum
1575 2874 1690 2939 Dei,
1716 2889 1836 2944 quae
1883 2901 1885 2918 ι

2101 2873 2172 2927 οῦ
2203 2871 2349 2927 Θεοῦ
2365 2891 2485 2941 μου
2517 2872 2760 2942 μᾶλλον
2777 2889 2793 2904 ⁸
2832 2871 2896 2926 ἵν’
2920 2875 2977 2926 ὲν
3007 2871 3085 2943 τῷ
3110 2873 3248 2943 οἴκῳ
3273 2870 3368 2924 τοῦ
3389 2869 3510 2924 Θεοῦ
3529 2868 3600 2932 ὢν,

387 2963 634 3048 Ecclesia
669 2963 764 3020 Dei
826 2965 1060 3024 viventis
1087 3005 1101 3030 ,
1157 2967 1411 3021 columna
1463 2974 1518 3021 et
1553 2965 1887 3021 fundamenti

2120 2963 2309 3032 ὶνωμαι
2341 2964 2421 3026 είς
2447 2964 2572 3026 τοὺς
2591 2963 2792 3026 αἰῶνας
2817 2962 2927 3016 τῶν
2952 2960 3161 3028 αἰώνων
3183 2964 3358 3016 αἰνεῖν
3382 2961 3465 3014 τὸν
3481 2960 3598 3012 Θεόν.

380 3055 653 3119 veritatis,
677 3057 862 3127 potius
891 3057 1050 3128 elegi,
1081 3071 1244 3128 quam
1285 3057 1533 3120 habitare
1561 3057 1619 3112 in
1648 3058 1836 3113 multis

2103 3054 2284 3108 ίᾶλλον
2314 3056 2371 3109 δὲ
2397 3054 2725 3125 ἐξελεξάμην
2757 3053 2945 3126 ὥσπερ
2977 3055 3076 3125 τὴν
3109 3053 3242 3125 μίαν
3271 3053 3475 3127 ἡμέραν
3495 3049 3603 3121 ὑπὲρ

382 3147 699 3203 bernaculis
722 3158 1095 3220 peccatorum.
1147 3147 1282 3207 Nam
1329 3149 1433 3220 ipsi
1466 3164 1684 3220 quoque
1713 3164 1877 3219 pecca

2101 3147 2170 3214 iw
2222 3147 2436 3217 χιλιάδα
2457 3186 2471 3211 ,
2505 3146 2648 3200 οὔτω
2699 3145 2790 3198 τὸν
2831 3140 2977 3199 οἷκον
3010 3144 3104 3198 τοῦ
3133 3145 3274 3199 Θεοῦ
3296 3186 3310 3210 ,
3349 3147 3461 3217 ἥτις
3488 3144 3601 3195 ἐστὶν

385 3254 478 3294 res
508 3239 562 3293 in
593 3242 830 3310 speciem
857 3241 1338 3300 tabernaculorum
1367 3239 1462 3295 Dei
1492 3256 1614 3299 sese
1641 3256 1885 3310 compos:

2105 3238 2376 3310 Εκκλησία
2394 3239 2526 3292 Θεοῦ
2544 3238 2766 3303 ζῶντος,
2791 3237 2980 3301 στῦλος
2995 3240 3090 3292 καὶ
3107 3237 3390 3311 ἑδραίωμα
3403 3237 3493 3308 τῆς
3503 3235 3605 3304 άληε

385 3339 516 3386 ι·υηι
544 3349 556 3386 :
609 3331 703 3387 sed
735 3332 1086 3392 tabernacula
1117 3331 1234 3396 Dei,
1259 3331 1546 3399 amabilia;
1593 3340 1882 3402 peccatoru

2105 3331 2222 3393 είας
2245 3371 2258 3394 ,
2315 3330 2515 3401 μᾶλλον
2557 3331 2589 3402 ἢ
2635 3333 2801 3385 οἰκεῖν
2839 3333 2897 3383 ὲν
2938 3330 3150 3397 πολλοῖς
3187 3333 3500 3401 σκηνώμασι
3523 3328 3602 3379 τῶν

382 3423 512 3478 odio
541 3421 704 3493 digna
737 3431 884 3479 sunt.
919 3454 990 3494 τ
1022 3423 1190 3480 Vens.
1244 3424 1332 3484 12.
1374 3425 1514 3491 Quia
1546 3423 1882 3477 misericordi

2101 3423 2426 3494 ,paprw‘m'bv.
2486 3425 2794 3492 Μιμήματα
2827 3422 2936 3494 γὰρ
2988 3421 3097 3475 τῶν
3142 3423 3502 3493 σκηνωμάτων
3533 3417 3601 3472 τοῦ

382 3526 432 3570 et
464 3517 732 3569 veritatem
779 3513 951 3585 diligit
989 3514 1242 3576 Dominus
1285 3516 1460 3583 Deus,
1497 3517 1729 3588 gratiam
1767 3526 1816 3570 et
1852 3532 1882 3586 g

2104 3515 2202 3567 ἐοὖ
2231 3531 2324 3567 και
2348 3517 2397 3568 οἱ
2429 3515 2739 3584 ἁμαρτωλοὶ
2766 3516 2991 3577 ἑαυτοὺς
3019 3514 3430 3568 κατεσκεύασαν
3448 3531 3461 3543 ·
3501 3511 3604 3564 ἀλλὰ

383 3607 525 3659 riam
559 3603 707 3658 dabit
744 3603 1023 3671 Dominus.
1075 3605 1178 3659 Pro
1228 3607 1341 3671 illo,
1369 3607 1511 3673 Quia
1545 3607 1883 3660 misericordi

2103 3605 2136 3658 ά
2170 3605 2268 3676 μὲν
2306 3605 2398 3659 τοῦ
2427 3605 2562 3658 Θεοῦ
2589 3606 2850 3678 ἀγαπητὰ
2875 3607 3130 3677 τυγχάνει
3155 3647 3169 3670 ,
3207 3607 3402 3676 μίσους
3430 3606 3481 3659 δὲ
3509 3603 3603 3668 ἄξια

383 3707 434 3752 et
459 3698 731 3754 veritatem
760 3698 934 3768 diligit
963 3697 1249 3765 Dominus,
1266 3698 1486 3769 Aquila,
1504 3697 1641 3764 Quia
1663 3698 1883 3756 miseria

2105 3695 2136 3750 ὰ
2155 3696 2263 3752 τῶν
2289 3696 2644 3767 ᾁμαρτωλῶν.
2677 3698 2798 3750 ’Ότι
2816 3698 2987 3764 ἕλεος
3009 3697 3108 3751 καὶ
3130 3696 3423 3764 ἀλήθειαν
3445 3692 3605 3766 ἀγαπᾷ

383 3791 477 3844 dia
497 3800 544 3844 et
570 3790 781 3861 clypeus
813 3790 1072 3852 Dominus
1114 3791 1290 3856 Deus;
1341 3791 1535 3862 quinta
1585 3806 1716 3846 vero
1761 3793 1883 3846 editi

2099 3789 2283 3865 ι’ὐριος
2322 3790 2356 3841 ό
2395 3788 2571 3862 Θεὸς,
2608 3788 2786 3857 χάριν
2813 3789 2912 3843 καὶ
2956 3789 3143 3852 δόξαν
3185 3787 3369 3844 δώσει
3406 3788 3599 3855 Κύριος.

387 3883 528 3949 Quia
554 3881 637 3936 sol
673 3891 724 3938 et
759 3891 1025 3952 protector
1069 3882 1329 3947 Dominus
1378 3883 1553 3946 Deus;
1603 3881 1887 3953 Symmach

2101 3883 2226 3935 Αντὶ
2247 3880 2363 3945 τοῦ,
2395 3881 2524 3933 Ὀτι
2548 3881 2726 3936 ἔλεον
2754 3883 2851 3935 καὶ
2871 3881 3158 3949 ἀλήθειαν
3178 3880 3382 3950 ἀγαπᾷ
3408 3879 3601 3949 Κύριος,

346 4003 352 4008 -
386 3977 663 4040 similiter,
689 3975 832 4041 Quia
860 3975 962 4038 sol,
990 3975 1148 4029 dixit.
1172 3973 1300 4030 ldeo
1324 3990 1580 4046 namque,
1618 3975 1712 4040 ait,
1739 3991 1846 4036 una

2137 3973 2364 4035 Ἀκύλας
2397 3974 2591 4044 φησὶν,
2624 3973 2744 4026 Ὅτι
2780 3972 2953 4040 ἕλεος
2990 3974 3090 4030 καὶ
3122 3973 3336 4041 θυρεὸς
3366 3972 3603 4041 Κύριοςό

385 4066 503 4122 dies
535 4067 776 4122 millibus
806 4068 998 4123 melior
1020 4075 1124 4132 est,
1155 4069 1283 4137 quia
1310 4066 1574 4123 Dominus
1596 4066 1693 4123 Dei
1729 4069 1885 4122 Verbi

2102 4065 2213 4130 Dedo
2232 4082 2243 4093 ·
2282 4065 2375 4118 καὶ
2406 4067 2438 4136 ἡ
2469 4065 2694 4137 πέμπτη
2723 4066 2966 4131 ἑκδοσις,
3005 4068 3134 4120 Ὅτι.
3179 4067 3353 4134 ἣλιος
3380 4065 3471 4120 καὶ
3496 4079 3602 4118 σκε-

386 4160 495 4216 diei
527 4158 675 4215 illius
724 4159 808 4216 sol
845 4165 951 4213 est.
1001 4157 1159 4214 llunc
1203 4172 1336 4213 vero
1369 4159 1539 4214 solem
1569 4160 1832 4236 propheta
1881 4160 1886 4212 l

2101 4155 2309 4228 ῖαστὴς
2332 4157 2548 4224 Κύριος
2576 4161 2609 4210 ὀ
2638 4159 2782 4222 Θεός
2801 4173 2815 4186 ·
2845 4155 2939 4210 καὶ
2969 4159 2997 4210 6
3023 4155 3322 4234 Σύμμαχος
3351 4156 3405 4209 δὲ
3433 4155 3601 4215 τούτοις

384 4251 570 4308 verbis
602 4250 1008 4306 subindicavit:
1063 4250 1390 4306 Timentibus
1439 4262 1615 4310 autem
1649 4268 1727 4306 me
1768 4253 1884 4304 orie

2097 4247 2410 4318 πυμφώνως,
2445 4249 2574 4302 Ὅτι
2592 4247 2770 4316 ἥλιον
2805 4249 2902 4320 (i),
2937 4248 3330 4319 ὠνόμασε,Διὰ
3345 4245 3597 4315 τοῦτογὰρς

385 4345 481 4399 Sol
515 4344 782 4414 justitiw,
819 4352 868 4397 et
903 4341 1105 4407 medela
1138 4343 1192 4395 in
1220 4343 1320 4396 alis
1359 4343 1472 4412 ejus
1508 4343 1573 4396 ³³.
1615 4342 1753 4409 Eum
1790 4346 1885 4414 lpSl

2099 4338 2236 4408 ›ησὶν
2255 4378 2268 4402 ,
2299 4338 2481 4410 ἐκείνη
2517 4340 2550 4410 ή
2588 4326 2686 4409 μία
2718 4339 2902 4410 ἡμέρα
2929 4340 3197 4410 κρείσσων
3222 4340 3342 4392 ἐστὶ
3371 4337 3599 4410 χιλιάδων,

382 4435 723 4506 signiﬁcabat
742 4434 835 4504 qui
865 4433 1003 4487 dixit
1029 4453 1040 4487 ε
1077 4433 1146 4488 Et
1178 4432 1376 4494 occidet
1395 4433 1477 4488 sol
1501 4450 1658 4503 super
1687 4435 1878 4506 prop/ie

2102 4431 2367 4504 πειδήπερ
2414 4431 2574 4495 αὐτὸς
2611 4434 2638 4484 6
2676 4431 2878 4501 Κύριος
2919 4433 2948 4483 6
2986 4431 3078 4483 τοῦ
3114 4431 3246 4484 Θεοῦ
3279 4432 3447 4500 Λόγος
3486 4429 3600 4499 ἥλιος

381 4527 472 4598 qui
502 4542 684 4582 errare
735 4526 939 4596 faciunt
966 4525 1220 4595 populum
1262 4541 1435 4582 meum
1463 4526 1541 4593 ³⁹;
1573 4511 1832 4597 lapertius
1867 4542 1881 4580 ι

2098 4525 2326 4595 ῖυγχάνει
2361 4525 2461 4596 τῆς
2494 4525 2705 4597 ἡμέρας
2731 4525 2964 4602 ἐκείνης.
3018 4524 3217 4577 Τοῦτον
3241 4523 3297 4580 δὲ
3334 4525 3423 4579 καὶ
3450 4525 3476 4576 6
3497 4537 3598 4592 apo—

381 4628 490 4673 tem
520 4619 712 4682 Isaias,
746 4617 869 4677 Non
899 4618 1000 4679 erit
1035 4617 1132 4670 tibi
1185 4616 1265 4673 sol
1293 4618 1541 4680 in'lucem
1576 4617 1713 4681 diei,
1756 4618 1881 4686 inqu

2097 4615 2251 4686 ρήτης
2283 4615 2372 4668 τὸν
2401 4615 2550 4683 ἥλιον
2577 4617 2820 4686 ᾐνίττετο
2847 4617 3052 4686 φήσας
3111 4615 3239 4681 Τοῖς
3259 4614 3328 4668 δὲ
3354 4611 3597 4684 φοϐουμέ-

381 4709 472 4766 sed
500 4711 602 4765 erit
634 4712 730 4765 tibi
763 4711 1017 4774 Dominus
1045 4711 1140 4767 tua:
1175 4711 1516 4779 sempiterna,
1546 4719 1596 4764 et
1633 4709 1772 4774 Deus
1797 4711 1881 4781 glo

2099 4721 2206 4769 ron;
2214 4721 2292 4774 με
2307 4706 2488 4758 dicate
2499 4704 2799 4770 Ἵιλεῑλιος
2821 4704 3209 4773 δικαιοσύνης
3224 4744 3239 4769 ,
3263 4705 3364 4760 καὶ
3392 4704 3533 4767 ἴασις
3549 4701 3599 4752 έν

384 4812 475 4857 tua
495 4803 563 4859 δ”.
599 4802 736 4858 Cum
763 4804 886 4868 talis
921 4804 1004 4859 sol
1031 4802 1296 4862 Dominus
1325 4803 1440 4870 sit,
1481 4803 1714 4874 gratiam
1761 4809 1816 4856 et
1849 4818 1880 4873 g

2099 4796 2202 4862 ἀἷς
2231 4796 2516 4868 πτέρυξιν
2548 4797 2754 4853 αὐτοῦ.
2783 4796 2886 4850 Τὸν
2911 4796 3072 4850 αὑτὸν
3091 4796 3148 4848 δὲ
3179 4796 3364 4866 ἐδήλου
3392 4795 3476 4849 καὶ
3501 4795 3525 4845 6
3550 4792 3599 4842 εξ-

379 4897 520 4952 riam
571 4910 636 4950 ac
676 4895 840 4951 etiam
874 4896 1007 4969 quid
1048 4896 1402 4966 praestantius
1431 4903 1485 4951 et
1517 4894 1744 4958 melius,
1799 4901 1879 4965 atq

2098 4887 2210 4941 τών·
2236 4888 2347 4942 Καὶ
2369 4889 2615 4942 δύο-εται
2636 4889 2880 4956 δ”Ηλιος
2899 4889 2997 4953 ἐπὶ
3015 4889 3156 4955 τοὺς
3175 4887 3471 4958 προφήτας
3490 4883 3598 4947 τοὺς

381 4988 655 5044 ineffabile
708 4996 764 5043 et
815 4987 1161 5044 reconditum
1197 4988 1401 5048 bonum
1433 4986 1585 5041 dabit
1633 4985 1701 5040 iis
1732 4986 1825 5056 qui
1855 5001 1881 5038 a

2094 4980 2430 5047 τλανῶντας
2451 4982 2554 5034 τὸν
2568 4983 2722 5035 λαόν
2736 5000 2856 5050 μου
2870 4999 2883 5011 ο
2908 4982 3236 5052 γυμνότερον
3254 4983 3311 5035 δὲ
3340 4984 3367 5035 6
3393 4980 3594 5036 Ἡσαῖσςι

380 5081 572 5142 bulant
600 5081 654 5134 in
690 5079 1042 5146 innocentia;
1072 5079 1202 5134 sive
1243 5077 1544 5134 secundum
1586 5075 1874 5147 Symmach

2093 5076 2191 5127 ὶὺκ
2222 5074 2391 5128 ἔσται
2412 5090 2510 5127 σοι
2540 5077 2572 5127 ὁ
2603 5074 2775 5141 ἣλιος
2800 5077 2884 5140 εὶς
2908 5074 3034 5143 φῶς
3061 5073 3168 5143 τῆς
3195 5075 3428 5144 ἡμέρας,
3449 5071 3593 5141 φησὶν.

381 5172 572 5243 (Vsus.
597 5173 705 5242 i5),
731 5173 797 5228 iis
829 5173 918 5242 qui
952 5170 1227 5226 ambulant
1263 5171 1319 5229 in
1342 5169 1679 5240 perfectione.
1724 5168 1854 5223 Ideo

2094 5167 2212 5222 ω’
2247 5166 2419 5220 ἔσται
2455 5181 2555 5220 σοι
2596 5167 2812 5234 Κύριος
2844 5165 2969 5236 φῶς
3003 5166 3273 5232 αἰώνιον,
3305 5165 3396 5221 καὶ
3428 5169 3458 5218 o'
3485 5160 3594 5223 Θεὸς

382 5262 484 5317 ctis
530 5261 689 5317 iidem
726 5261 963 5325 habens,
1020 5274 1088 5322 ac
1126 5261 1299 5330 probe
1342 5274 1641 5330 persuasus
1697 5273 1824 5314 vera
1880 5260 1882 5310 Ι

2093 5259 2223 5323 Ξόξα
2249 5275 2385 5314 σου.
2417 5258 2666 5322 Τοιοῦτος
2687 5259 2744 5312 δὲ
2768 5245 2915 5330 ἥλιος
2945 5259 3020 5312 ὣν
3049 5260 3078 5311 ὁ
3106 5259 3326 5330 Κύριος,
3357 5257 3499 5328 χάριν
3523 5251 3593 5305 καὶ

381 5368 525 5418 esse,
545 5356 626 5410 sic
649 5369 958 5411 sermonem
973 5354 1169 5410 claudo
1194 5373 1207 5408 :
1246 5353 1472 5421 Domine
1488 5353 1763 5416 virtutum,
1787 5351 1881 5404 bea

2091 5351 2230 5417 Ξόξαν
2264 5351 2358 5403 καὶ
2388 5350 2468 5403 ἔτι
2509 5350 2698 5421 μεῖζον
2731 5351 2824 5404 καὶ
2857 5354 3102 5420 κρεῖττον
3125 5393 3140 5417 ,
3176 5351 3401 5423 ἄῤῥητὸν
3432 5365 3484 5400 τε
3522 5342 3591 5397 καὶ

383 5443 534 5503 ίιοηιο
559 5446 652 5515 qui
677 5456 852 5515 sperat
884 5448 940 5501 in
976 5455 1044 5501 te.
1080 5444 1216 5501 Nam
1265 5446 1312 5502 si
1356 5445 1480 5516 quis
1513 5446 1674 5499 aliter
1711 5459 1742 5498 a
1784 5459 1883 5497 mu

2085 5443 2384 5514 άπόρῤητον
2425 5443 2628 5512 ἀγαθὸν
2669 5443 2828 5496 δώσει
2861 5447 2970 5508 τοῖς
3005 5445 3381 5516 πορευομένοις
3405 5444 3457 5494 ἐν
3483 5439 3585 5492 ἀκα-

382 5534 578 5597 beatus
609 5537 834 5607 dicitur;
874 5538 982 5610 ipsi
1003 5553 1136 5595 sane
1171 5537 1310 5594 falsa
1337 5536 1619 5593 beatitudo
1653 5537 1874 5594 ascribit

2085 5537 2197 5608 κίᾳο
2235 5538 2266 5607 ἢ
2303 5535 2442 5590 κατὰ
2473 5536 2564 5590 τὸν
2597 5536 2909 5609 Σύμμαχον,
2951 5538 3078 5605 Τοῖς
3102 5537 3408 5594 ὁδεύουσιν
3439 5533 3498 5586 ἐν
3525 5542 3585 5584 τες

463 5690 508 5721 ³⁸
548 5691 778 5746 Malach.
815 5708 889 5755 iv,
921 5691 976 5745 2.
1056 5693 1100 5724 ³⁹
1138 5691 1308 5747 Micb.
1342 5708 1442 5755 In,
1481 5693 1534 5749 6.
1610 5693 1654 5725 ⁴⁰
1696 5693 1799 5747 lsa.
1841 5708 1944 5753 LX,
1986 5691 2068 5746 19.

469 5808 543 5886 (1)
587 5806 726 5862 Vera
757 5808 921 5862 lectio
950 5816 1031 5862 est
1063 5809 1271 5872 Ἤλιος,
1301 5815 1475 5879 utﬁt).
