3798 6282
143 387 270 444 1017

1224 390 1725 448 ΟΟΜΜΕΝΤΑΒΙΔ
1765 394 1830 450 ΙΝ
1869 395 2206 455 PSALMOS.

3273 414 3394 470 iJl8

138 511 412 577 λειότητι.
469 508 564 560 Διά
604 509 761 563 τοῦτο
793 510 1060 565 πιστεύων
1091 514 1205 576 τοῖς
1233 515 1543 585 εἰρημένοις
1565 557 1579 581 ,
1622 533 1685 570 κα

1879 519 1951 583 :d,
1978 527 2037 574 ut
2057 534 2186 575 vere
2220 518 2456 587 dicatur,
2490 525 2641 582 solus
2674 526 2765 582 ille
2790 529 2982 586 beatus
3008 531 3095 586 cui
3121 546 3287 603 supra
3311 535 3396 588 di-

140 600 373 673 ἁκριδῶς
398 601 634 671 ἐμαυτὸν
661 603 855 667 πείσας
879 603 1098 676 ἀληθεῖς
1127 600 1264 658 εἶναι
1293 607 1420 670 τοὺς
1448 608 1574 676 περὶ
1600 610 1716 662 τού-

137 711 238 746 των
283 692 512 761 λόγους,
546 693 699 759 τέλος
733 695 826 748 τοῦ
878 697 1079 760 παντὸς
1111 697 1270 766 λόγου
1305 700 1474 769 φημί·
1535 701 1725 768 Κύριε,

138 782 252 838 τῶν
280 783 593 854 δυνάμεων
617 825 632 850 ,
667 785 961 855 μακάριος
1001 790 1034 841 d
1071 787 1380 856 ἅνθρωπος
1405 793 1437 843 ὁ
1462 789 1714 851 ἐλπίζων

134 879 226 932 ἐπὶ
251 877 344 931 σέ.
393 878 511 940 Πᾶς
541 878 648 950 γάρ
675 880 704 931 ὁ
728 878 902 942 ἄλλως
927 879 1077 952 παρά
1108 885 1221 945 τοῖς
1245 882 1458 946 πολλοῖς
1486 901 1714 956 μακαρι-

135 969 351 1042 ζόμενος
381 971 815 1042 πεπλανημένως
839 973 905 1027 ἂν
939 975 1311 1046 μακαρίζοιτο.
1349 977 1524 1040 Μόνος
1555 977 1633 1044 δὲ,
1662 979 1711 1030 εί

135 1063 231 1135 χρὴ
264 1062 474 1134 τάληθῆ
518 1064 716 1133 φάναι,
755 1067 1022 1138 μακάριος
1054 1066 1143 1121 διὰ
1185 1068 1255 1122 τά
1284 1069 1708 1141 προλελεγμένα,

131 1154 201 1216 ὡς
232 1152 297 1206 ἂν
327 1152 549 1206 πάντων
581 1154 688 1208 τῶν
719 1156 939 1224 ἀγαθῶν
967 1157 1218 1229 έμπλεος,
1252 1159 1280 1212 ὃ
1309 1176 1390 1212 σοι
1420 1158 1565 1230 μόνῳ
1593 1161 1713 1212 ἐαυ-

131 1243 214 1297 τὸν
243 1243 587 1314 ἀναρτήσας,
623 1247 718 1299 καὶ
759 1246 940 1312 πάσας
981 1249 1173 1303 ἐαυτοῦ
1208 1248 1308 1313 τάς
1339 1248 1561 1313 ἐλπίδας
1591 1252 1710 1314 ταῖς

134 1334 272 1407 παρά
298 1336 380 1389 σοὶ
406 1336 763 1405 ἐπαγγελίαις
790 1339 1026 1405 ἀναθείς.
1082 1341 1220 1413 Ἤδη
1252 1341 1308 1396 δὲ
1338 1341 1518 1412 τρίτον
1546 1341 1603 1394 ἐν
1633 1341 1710 1413 τῷ

131 1428 348 1501 παρόντι
369 1427 574 1499 ψαλμῷ
601 1431 909 1502 μακαρίσας
928 1434 956 1486 ὁ
979 1433 1135 1502 λόγος
1154 1435 1280 1497 τοὺς
1301 1434 1710 1507 ὲμφερομένους

130 1519 182 1569 ἐν
210 1515 377 1588 αὐτῷ,
406 1517 661 1588 οὐδαμῶς
689 1519 784 1572 τοῦ
813 1521 1082 1578 Ἰουδαίων
1095 1522 1441 1592 ἑθνους,ξούδὲ
1472 1523 1563 1578 τοῦ
1608 1525 1709 1576 ’ῐσ-

133 1611 257 1682 ραὴλ
288 1610 718 1682 ἐμνημόνευσεν,
752 1614 873 1668 οὐδέ
897 1616 1022 1680 τοὺς
1056 1615 1126 1670 τά
1142 1616 1422 1681 Μωῦσέως
1440 1616 1508 1671 δι’
1531 1616 1709 1689 ἔργων

129 1700 571 1773 ἁποπληροῦντας
598 1704 934 1778 ἐμακάρισεν
954 1724 968 1739 ·
1006 1707 1144 1762 ἀλλὰ
1170 1708 1387 1779 πρῶτον
1413 1710 1511 1780 μὲν
1543 1711 1706 1764 καθό-

128 1795 210 1848 λου
230 1797 353 1860 τοὺς
381 1798 774 1865 κατοικοῦντας
797 1803 856 1855 ἐν
880 1801 957 1872 τῷ
984 1801 1117 1875 οἴκῳ
1139 1800 1230 1855 τοῦ
1252 1800 1386 1855 Θεοῦ
1401 1819 1416 1833 ο
1454 1803 1707 1876 δεύτερον

128 1890 292 1943 πάντα
324 1889 497 1963 ἄνδρα
525 1884 587 1945 οὗ
618 1894 766 1946 ἐστιν
793 1892 1076 1964 ἀντίληψις
1102 1891 1248 1968 αὐτῷ
1282 1893 1435 1967 παρὰ
1461 1897 1666 1966 Κυρίου
1688 1913 1702 1928 °

1815 623 1902 666 cta
1945 619 2297 684 competunt,
2347 616 2618 686 siquidem
2674 621 2790 691 ipse
2839 625 3095 682 omnibus
3153 627 3397 697 repletur

1814 701 1996 767 bonis,
2016 703 2111 773 qui
2143 719 2264 760 sese
2295 705 2389 760 tibi
2415 706 2518 762 soli
2539 711 2901 778 concredidit,
2935 721 3217 786 totamque
3240 733 3392 786 spem

1815 794 1870 847 in
1901 794 2186 863 promissis
2227 797 2335 853 luis
2364 798 2639 869 deposuit.
2669 801 2808 856 Cum
2860 820 3023 874 porro
3054 807 3108 862 in
3140 811 3393 878 praesenti

1813 884 2025 953 psalmo
2054 885 2167 954 jam
2206 889 2367 943 tertio
2399 890 2544 945 beati
2575 894 2854 962 przedicati
2880 895 3081 951 fuerint
3111 899 3148 953 ii
3181 899 3248 955 de
3269 901 3395 971 qui-

1813 977 1916 1032 bus
1945 993 2146 1043 sermo,
2177 982 2327 1035 nulla
2362 980 2603 1040 Judaicaa
2643 989 2821 1057 gentis
2855 990 2938 1043 vel
2982 988 3198 1046 lsraelis
3248 993 3392 1047 facta

1812 1069 2019 1124 mentio
2051 1077 2166 1138 est;
2210 1087 2392 1144 neque
2419 1075 2583 1130 etiam
2618 1091 2714 1133 eos
2743 1079 2838 1149 qui
2888 1092 3160 1152 praeepta
3191 1083 3396 1156 Moysis

1811 1163 2055 1217 exsecuti
2093 1171 2221 1220 sunt
2243 1165 2433 1223 beatos
2463 1170 2818 1238 praedicavit:
2863 1173 2958 1227 sed
2994 1174 3173 1243 primo
3225 1191 3391 1246 gene—

1813 1252 1971 1306 ratim
1999 1268 2094 1310 eos
2124 1257 2219 1326 qui
2249 1257 2501 1315 habitant
2544 1261 2601 1315 in
2637 1261 2799 1319 domo
2828 1263 2922 1320 Dei
2949 1283 2962 1332 ;
3000 1266 3245 1321 secundo
3275 1283 3394 1322 om-

1811 1359 1934 1399 nem
1967 1345 2245 1405 hominem
2275 1351 2362 1406 cui
2396 1359 2482 1407 est
2513 1353 2780 1409 auxilium
2819 1371 2851 1410 a
2881 1355 3146 1426 Domino;
3199 1373 3264 1413 ac
3297 1359 3394 1413 de-

1811 1451 1960 1491 mum
1991 1439 2046 1494 in
2077 1439 2184 1496 ﬁne
2223 1445 2516 1512 sermonis,
2548 1447 2832 1504 indefinite
2871 1457 2924 1505 et
2949 1452 3249 1520 generatim
3278 1469 3395 1508 om-

1811 1546 1935 1585 nem
1970 1532 2246 1591 hominem
2288 1539 2345 1592 in
2381 1538 2670 1596 Dominum
2716 1552 3050 1612 sperantem.
3083 1545 3218 1600 Nam
3265 1561 3390 1601 cum

1811 1621 1995 1678 futura
2040 1625 2140 1682 Dei
2181 1631 2472 1699 praesentia
2517 1623 2591 1690 let
2646 1634 2853 1692 Christi
2887 1636 2956 1690 ad
3011 1638 3261 1694 homines
3290 1639 3389 1692 ad-

1808 1726 2006 1773 ventus
2036 1723 2463 1779 annuntiaretur
2486 1765 2500 1790 ,
2535 1741 2645 1781 non
2672 1724 2875 1786 Iudaeis
2899 1737 3134 1796 tantum,
3164 1731 3259 1787 sed
3279 1747 3392 1787 om-

1809 1809 1970 1864 nibus
1998 1811 2163 1867 etiam
2200 1813 2518 1872 hominibus
2553 1817 2922 1878 beatitudines
2955 1823 3098 1890 illas,
3124 1839 3246 1894 qua:
3296 1840 3391 1894 pe-

1807 1917 1906 1957 nes
1937 1901 2107 1960 Deum
2137 1915 2288 1973 sunt,
2319 1911 2635 1966 annuntiari
2666 1919 2930 1984 oportuit.

127 1985 212 2051 καὶ
242 1986 332 2038 ἐπὶ
364 1987 512 2041 τέλει
549 1987 642 2041 τοῦ
713 1989 913 2053 παντὸς
966 1990 1125 2059 λόγου
1192 1990 1460 2064 ἀορίστως
1522 1993 1617 2045 καὶ
1653 1995 1958 2064 καθολικῶς
2004 2003 2180 2056 πάντα
2231 2004 2518 2078 ἄνθρωπον
2564 2008 2656 2063 τὸν
2698 2009 2988 2075 ἐλπίζοντα
3030 2012 3123 2064 ἐπὶ
3160 2012 3384 2083 Κύριον.

125 2078 265 2179 Χρῆν
304 2079 413 2152 γάρ
455 2083 781 2152 ἐπιφανείας
820 2084 954 2138 Θεοῦ
991 2086 1086 2139 καὶ
1123 2084 1359 2158 Χριστοῦ
1402 2088 1702 2156 παρουσίας
1740 2093 1818 2156 είς
1850 2094 2171 2166 ἀνθρώπους
2230 2102 2742 2176 καταγγελλομένης
2780 2105 2854 2177 μὴ
2895 2106 3164 2171 Ἰουδαίοις
3207 2078 3364 2179 μόνον

125 2170 247 2230 ἀλλά
275 2174 369 2228 καὶ
397 2177 536 2230 πᾶσι
560 2179 672 2241 τοῖς
699 2176 1007 2250 ἀνθρώποις
1035 2181 1160 2244 τοὺς
1186 2180 1337 2253 παρά
1355 2181 1433 2254 τῷ
1454 2181 1574 2260 Θεῷ
1598 2191 1983 2260 μακαρισμοὺς
2013 2170 2486 2264 ἀναγγελίζεσθαι.

158 2332 256 2385 ΕΙΣ
288 2334 329 2388 Τ
335 2334 534 2405 ΕΛΟΣ⁹
567 2336 722 2390 ΤΟΙΣ
754 2339 937 2394 ΪἸΟΙΣ
969 2338 1154 2395 KOPE
1188 2342 1504 2407 ΨΑΛΜΟΣ.
1543 2344 1666 2396 ΠΔ’.

1901 2354 1970 2411 IN
2007 2356 2238 2424 FINEM,
2281 2358 2485 2416 FlLliS
2511 2360 2697 2418 CORE
2736 2363 3080 2422 PSALMUS.
3098 2363 3385 2418 LXXXIV.

185 2492 573 2574 Εὑδόκησας,
599 2495 804 2565 Κύριε,
840 2494 956 2564 τὴν
987 2495 1105 2565 γῆν
1134 2510 1251 2550 σου
1270 2537 1285 2562 ,
1315 2495 1702 2573 ἀπέστρεψας

123 2583 225 2649 τὴν
253 2587 680 2655 αἰχμαλωσίαν
719 2585 933 2644 Ἰακώϐ.
989 2587 1321 2652 Ἀκολούθως
1343 2588 1422 2660 τῷ
1449 2590 1555 2658 πρὸ
1586 2589 1704 2643 τού-

122 2692 205 2729 του
234 2677 430 2750 ψαλμῷ
469 2679 610 2750 μετά
649 2679 746 2752 τὴν
776 2683 835 2734 ἐν
861 2680 1057 2752 ἐκείνῳ
1091 2681 1475 2736 θεσπισθείσαν
1508 2683 1704 2752 θεοφά-

124 2786 255 2822 νειαν
280 2771 336 2823 ἐν
356 2769 436 2842 τῷ
461 2771 600 2841 μετὰ
627 2774 814 2844 χεῖρας
837 2773 1024 2834 κακῶν
1049 2773 1343 2845 ἀπαλλαγὴ
1370 2774 1702 2846 προφητεύεε

124 2879 224 2927 ται,
257 2863 348 2916 καὶ
378 2863 652 2935 λύτρωσις
683 2865 784 2936 μὲν
816 2866 1192 2938 αἰχμαλωσίας
1216 2905 1232 2930 ,
1267 2865 1615 2939 συγχώρησις
1642 2866 1700 2931 δὲ

125 2955 210 3019 καὶ
231 2954 418 3023 ἄφεσις
445 2957 884 3027 ἁμαρτημάτων.
939 2959 1141 3012 Εἵπετο
1169 2957 1278 3029 γάρ
1307 2957 1479 3012 ταῦτα
1502 2961 1568 3029 τῇ
1602 2956 1697 3012 τοῦ

125 3045 243 3100 Θεοῦ
269 3049 346 3111 είς
374 3046 702 3119 ἀνθρώπους
735 3049 1009 3122 παρουσίᾳ
1033 3090 1049 3116 ,
1081 3051 1177 3103 καὶ
1207 3053 1319 3113 τοῖς
1346 3050 1553 3115 λοιποῖς
1584 3054 1698 3116 τοῖς

123 3135 204 3195 ἐπὶ
227 3136 300 3210 τῷ
331 3138 437 3210 πρὸ
459 3138 652 3192 τούτου
679 3139 878 3212 ψαλμῷ
904 3140 1312 3211 δεδηλωμένοις.
1349 3141 1562 3212 Ἐπειδὴ
1587 3141 1696 3213 γὰρ

125 3227 174 3279 ἐν
219 3230 404 3302 ἐκείνῳ
460 3229 800 3301 σκηνώματα
840 3231 976 3285 Θεοῦ
1019 3233 1246 3287 πλεῖστα
1277 3235 1370 3299 καὶ
1409 3234 1570 3288 αὐλαὶ
1601 3237 1695 3289 καὶ

126 3318 461 3393 θυσιαστήρια
489 3321 583 3374 ἐπὶ
607 3321 706 3391 τῆς
727 3321 832 3392 γῆς
852 3321 1167 3386 ἐθεσπίζετο
1191 3324 1574 3396 συστήσεσθαι,
1600 3325 1694 3389 καὶ

122 3406 175 3460 τὸ
197 3410 393 3465 τούτων
426 3411 604 3465 αἴτιον
634 3411 764 3476 Θεὸς
795 3408 862 3483 ἦν
890 3412 1098 3484 μέλλων
1135 3416 1228 3469 ἐπὶ
1256 3417 1358 3488 γῆς
1384 3418 1690 3486 φαίνεσθαι,

123 3500 204 3551 καὶ
218 3500 472 3572 ὀνομαστὶ
488 3504 532 3555 Χ
543 3504 725 3574 ριστὸς
741 3499 810 3576 ἦν
828 3504 1272 3577 ἐπιϐλεπόμενοςο
1295 3508 1512 3578 ἐλέγετο
1529 3510 1658 3578 γοῦν
1674 3528 1687 3552 ε

134 3588 474 3658 Ὀρθήσεται
504 3596 537 3649 ὀ
560 3595 704 3661 Θεὸς
725 3595 844 3650 τῶν
881 3595 1034 3651 θεῶν
1060 3597 1130 3652 ἐν
1160 3599 1312 3654 Σιών
1329 3617 1342 3631 ·
1371 3602 1463 3654 καὶ
1492 3602 1650 3656 πάλιν
1672 3619 1685 3633 ·

1879 2489 2047 2550 Vens.
2079 2493 2134 2551 2.
2168 2494 2519 2562 Benediasisti,
2548 2496 2793 2564 Domine,
2818 2509 3013 2552 terram
3037 2507 3206 2563 tuam,
3239 2514 3388 2552 arer-

1808 2583 1921 2638 tisti
1953 2588 2310 2654 captivitatem
2365 2587 2555 2645 Iacob.
2619 2589 2912 2661 Postquam
2954 2590 3010 2645 in
3059 2589 3387 2660 praecedenti

1806 2675 2022 2743 psalmo
2054 2676 2151 2732 Dei
2184 2677 2453 2734 adventus
2484 2681 2886 2748 praenuntiatus
2933 2679 3145 2744 fuerat,
3189 2694 3384 2734 conse-

1804 2777 2041 2836 quenter
2063 2768 2120 2823 in
2163 2769 2268 2825 hoc
2294 2772 2506 2840 ereptio
2541 2787 2570 2825 a
2603 2771 2781 2836 malis,
2811 2787 3025 2827 necnon
3048 2772 3386 2842 captivitatis

1803 2859 2188 2925 solutio,venia
2201 2878 2419 2934 quoque
2435 2872 2488 2919 et
2510 2865 2761 2920 remissio
2779 2872 3126 2935 peccatorum
3145 2864 3390 2934 praedici-

1801 2956 1911 3004 tur.
1940 2949 2068 3006 Haec
2091 2953 2290 3022 quippe
2311 2955 2496 3008 omnia
2524 2954 2614 3010 Dei
2631 2957 2697 3010 ad
2719 2955 2968 3011 homines
2999 2955 3294 3010 adventum
3329 2963 3383 3010 et

1800 3040 2080 3109 reliquain
2099 3042 2364 3111 superiori
2395 3045 2606 3114 psalmo
2635 3048 2917 3100 enuntiata
2969 3045 3384 3116 subsequeban-

1799 3136 1910 3183 tur.
1936 3129 2072 3198 Quia
2096 3131 2242 3186 enim
2267 3133 2322 3186 in
2344 3133 2437 3188 illo
2459 3135 2629 3188 multa
2657 3134 2752 3190 Dei
2777 3122 3296 3200 tabernacula,atria
3327 3145 3382 3190 et

1799 3220 1990 3276 altaria
2007 3221 2064 3275 in
2096 3230 2243 3276 terra
2269 3224 2654 3280 constituenda
2675 3239 2799 3281 esse
2819 3225 3138 3296 praedictum
3167 3225 3379 3294 fuerat;

1797 3309 2104 3382 horumque
2133 3320 2330 3367 auctor
2366 3313 2508 3370 Deus
2537 3323 2656 3371 erat
2679 3315 2744 3370 ad
2795 3316 3044 3372 homines
3072 3325 3338 3373 venturus
3363 3358 3378 3382 ,

1797 3417 1862 3457 ac
1891 3405 2217 3464 nominatim
2240 3406 2498 3462 Christus
2520 3407 2611 3462 hic
2643 3410 3094 3479 conspiciendus,
3126 3409 3271 3464 unde
3295 3411 3379 3464 dio.

1795 3497 2048 3564 cebatur,
2071 3497 2346 3553 Videbitur
2365 3499 2506 3554 Deus
2528 3501 2747 3556 deorum
2775 3505 2828 3556 in
2860 3501 3029 3569 Sion;
3064 3518 3129 3557 ac
3157 3519 3375 3569 rursus,

1794 3590 2006 3659 Appare
2067 3590 2134 3645 ad
2179 3592 2369 3661 [aciem
2421 3592 2624 3648 Christi
2679 3594 2752 3647 tui
2785 3594 2956 3663 :jure
3003 3593 3058 3647 in
3123 3595 3378 3664 praesenti

134 3681 443 3753 Ἐπίφανον
485 3687 585 3740 ἐπὶ
630 3687 696 3741 τὸ
739 3689 1064 3756 πρόσωπον
1093 3692 1200 3746 τοῦ
1241 3693 1499 3762 Χριστοῦ
1537 3711 1684 3748 σουε

1879 3681 2003 3736 ιιιηο
2033 3697 2154 3752 quae
2176 3698 2274 3753 per
2305 3691 2477 3738 totum
2521 3685 2710 3738 orbem
2747 3683 2929 3737 futura
2964 3691 3095 3738 sunt
3121 3663 3378 3752 praenun-

125 3773 324 3840 εἰκότως
355 3779 413 3832 ἐν
448 3777 528 3849 τῷ
569 3780 916 3852 προκειμένῳ
941 3781 1144 3854 ψαλμῷ
1172 3783 1243 3838 τά
1279 3767 1541 3855 μέλλοντα
1569 3785 1687 3838 ἐσε-

126 3865 233 3920 σθαι
258 3869 535 3948 καθ’-ὅλης
563 3872 663 3942 τῆς
698 3871 807 3926 τῶν
838 3872 1140 3946 ἀνθρώπων
1162 3875 1488 3948 οἰκουμένης
1519 3895 1688 3948 προα-

123 3945 444 4028 ναφωνεῖται.
485 3965 553 4015 Ἃ
580 3963 643 4036 δὴ
679 3965 776 4017 καὶ
805 3964 1162 4037 πεπλήρωται
1194 3967 1286 4024 ἐπὶ
1323 3945 1420 4040 τῆς
1445 3945 1540 4022 τοῦ
1566 3945 1684 4022 Σω-

121 4046 270 4119 τῆρος
295 4054 455 4125 ὴμῶν
482 4055 808 4126 παρουσίας,
832 4057 952 4109 καθ’
973 4056 1040 4126 ἢν
1067 4057 1356 4130 εὐδόκησεν
1380 4062 1408 4112 ὁ
1428 4058 1561 4124 Θεὸς
1587 4077 1686 4114 κα-

120 4138 372 4210 ταξιώσας
407 4147 581 4216 αὐτὴν
623 4147 720 4219 τῆς
758 4148 1065 4214 ἐπιϐάσεως
1103 4150 1197 4204 τοῦ
1225 4151 1461 4224 Χριστοῦ
1495 4151 1682 4212 αὐτοῦ.

122 4227 279 4285 Πάλαι
308 4235 401 4304 μὲν
428 4236 539 4307 γάρ
565 4235 750 4308 εἴρητο
776 4235 854 4307 τῷ
887 4236 1324 4309 πρωτοπλάστῳ·
1361 4238 1452 4306 Γῆ
1479 4239 1552 4304 εἷ,
1585 4238 1684 4292 καὶ

57 4356 62 4361 λ
121 4321 194 4386 εἰς
213 4323 319 4393 γῆν
337 4327 670 4399 ἀπελεύσῃ,
694 4328 807 4392 καὶ,
837 4327 1303 4396 Ἐπικατάρατος
1316 4329 1355 4397 ἠ
1379 4330 1454 4400 γῆ
1470 4330 1541 4384 ἐν
1560 4329 1686 4396 τοῖς

121 4408 294 4481 ἔργοις
319 4431 434 4472 σου
456 4433 470 4447 ⁸
529 4418 623 4471 καὶ
648 4417 806 4481 ἄλλος
837 4417 1134 4488 προφητῶν
1167 4416 1350 4485 ἔλεγεν
1373 4434 1385 4447 ·
1429 4418 1558 4486 Ἀρὰ
1585 4417 1685 4472 καὶ

121 4501 288 4568 φόνος
325 4507 422 4560 καὶ
451 4505 680 4574 ψεῦδος
699 4546 713 4570 ,
743 4505 841 4559 καὶ
873 4504 1074 4574 κλοπὴ
1103 4505 1201 4558 καὶ
1233 4507 1474 4574 μοιχεία
1502 4506 1683 4576 κέχυ-

122 4605 202 4642 ται
227 4592 319 4659 ent
349 4596 461 4665 τῆς
493 4595 606 4666 γῆς
626 4614 639 4626 ·
692 4595 790 4649 καὶ
826 4597 1045 4665 αἵματα
1069 4596 1161 4665 ἐφ’
1193 4597 1405 4665 αἵμασι
1427 4597 1683 4666 μίσγου-

122 4695 241 4733 σιν·
284 4685 367 4750 Ὠς
392 4687 449 4740 δὲ
477 4688 737 4759 ἐπεδήμει
768 4690 834 4759 τῇ
861 4690 931 4760 γῇ
966 4688 995 4740 ὀ
1021 4689 1149 4752 Υἱὸς
1171 4687 1264 4752 τοῦ
1294 4688 1458 4756 Θεοῦ,
1497 4689 1591 4742 καὶ
1621 4692 1683 4745 τὸ

119 4768 215 4825 ἀπὸ
242 4775 340 4846 γῆς
367 4778 526 4850 σῶμα
551 4779 889 4850 ἀνελάμὸανε
911 4797 924 4810 ο
965 4780 1236 4853 μεταϐολὴ
1267 4781 1550 4854 προτέρων
1579 4783 1686 4851 ἐγί-

121 4878 260 4939 γνετο
280 4871 461 4925 κακῶν
479 4913 494 4938 ,
521 4873 615 4932 καὶ
641 4872 702 4925 τὸ
732 4874 840 4935 πᾶν
872 4873 972 4944 τῆς
998 4875 1101 4946 γῆς
1125 4859 1386 4944 στοιχεῖον
1426 4874 1547 4927 ἀντὶ
1585 4875 1684 4944 τῆς

123 4960 366 5032 προτέρας
394 4965 534 5037 ἀρᾶς
562 4962 812 5032 εὐλογίας
844 4963 979 5017 Θεοῦ
1013 4965 1450 5037 μετελάμϐανεν,
1486 4963 1684 5035 ἐκκλη-

123 5045 222 5100 σίαι
258 5067 315 5104 τε
351 5057 447 5110 καὶ
487 5050 623 5108 οἶκοι
669 5054 748 5125 τῷ
782 5053 900 5125 Θεῷ
932 5057 1352 5134 προσευκτήριοι
1399 5053 1520 5122 καθ’
1550 5054 1680 5132 ὅλης

120 5133 209 5204 τῆς
230 5141 541 5218 οἰκουμένης
581 5146 914 5202 συνίσταντο.
983 5133 1075 5201 Διὸ
1111 5148 1206 5202 νῦν
1256 5149 1355 5220 μὲν
1393 5147 1673 5202 λέλεκται·

124 5227 452 5305 Εὺδόκησας
470 5281 486 5305 ,
511 5240 690 5308 Κύριε
713 5279 728 5305 ,
775 5238 888 5308 τὴν
920 5239 1040 5309 γῆν
1067 5255 1184 5296 σου
1208 5259 1221 5271 ·
1262 5244 1318 5295 ἐν
1353 5241 1567 5313 ἑτέροις
1595 5241 1676 5306 δὲ,

124 5317 315 5394 Κύριος
337 5328 762 5392 ἐϐασίλευσεν,
794 5331 1225 5400 ἁγαλλιάσεται
1253 5334 1289 5401 ἡ
1317 5331 1420 5402 γῆ,
1455 5335 1549 5387 καὶ
1574 5334 1678 5386 πά-

123 5407 193 5462 λιν
211 5429 222 5441 ·
248 5417 460 5488 ’ᾼσατε
482 5421 562 5489 τῷ
587 5423 784 5490 Κυρίῳ
809 5421 978 5478 πᾶσα
999 5425 1037 5492 ἡ
1195 5425 1432 5489 Εἰκότως
1456 5421 1549 5479 οὖν
1581 5426 1675 5479 καὶ

124 5503 269 5560 αὐτοῦ
299 5511 539 5570 λέλεκται
571 5514 665 5569 τοῦ
694 5515 898 5586 Κυρίου
926 5517 959 5586 ή
990 5517 1060 5587 γῆ
1084 5503 1092 5575 ξ
1119 5515 1262 5569 κατὰ
1287 5517 1345 5569 τὸ
1365 5557 1380 5580 ,
1406 5517 1676 5584 E23662”;-

124 5608 245 5661 σας,
259 5603 445 5671 Κύριε,
463 5607 578 5676 τὴν
594 5606 713 5677 γῆν
727 5622 862 5662 σου.
885 5609 960 5662 Οὐ
984 5607 1142 5677 μόνον
1163 5606 1269 5675 γὰρ
1286 5607 1489 5676 κτίσμα
1507 5607 1671 5660 αὐτοῦ

127 5685 208 5737 καλ⁵
226 5693 442 5766 ποίημα,
468 5699 604 5753 ἀλλά
625 5699 718 5752 καὶ
743 5699 928 5770 κτῆμα
950 5698 1140 5768 γέγονε
1160 5698 1246 5753 διὰ
1262 5698 1328 5752 τὰ
1351 5699 1669 5770 λελεγμένα.

1789 3774 2018 3828 tiantur.
2078 3771 2209 3839 Quae
2261 3790 2395 3831 sane
2448 3775 2504 3829 in
2563 3775 2799 3829 adventu
2839 3775 3148 3830 Servatoris
3198 3775 3376 3833 nostri

1789 3864 2057 3932 completa
2086 3871 2216 3918 sunt
2249 3883 2261 3917 :
2301 3881 2411 3936 quo
2440 3865 2702 3934 placitum
2723 3864 2830 3920 Deo
2863 3866 2964 3918 fuit
2992 3876 3192 3920 terram
3210 3865 3374 3919 Chrio-

1787 3954 1858 4010 sti
1889 3955 1974 4009 sui
2014 3954 2163 4018 aditu
2193 3954 2430 4026 dignari.
2477 3954 2758 4025 Siquidem
2795 3956 2922 4010 olim
2953 3955 3130 4025 primo
3161 3954 3377 4026 parenti

1787 4049 1996 4104 dictum
2028 4046 2243 4102 fuerat:
2280 4047 2446 4107 Terra
2473 4063 2550 4114 es,
2583 4057 2632 4100 et
2667 4049 2725 4100 in
2765 4058 2962 4101 terram
2993 4051 3266 4102 reverteris
3295 4049 3372 4118 “;

1785 4149 1860 4202 et,
1892 4135 2185 4192 Maledicta
2235 4147 2378 4192 terra
2429 4139 2485 4191 in
2535 4128 2781 4206 operibus
2829 4139 2934 4192 tuis
2982 4139 3059 4205 ";
3121 4140 3374 4213 aliusque

1787 4230 2054 4301 propheta
2078 4228 2214 4284 dicit
2245 4248 2258 4284 :
2294 4228 2643 4290 Maledictum
2671 4237 2721 4283 et
2751 4229 2918 4284 caedes
2957 4239 3008 4285 et
3034 4231 3369 4294 mendacium

1784 4304 1834 4377 et
1861 4322 2063 4392 furtum
2099 4330 2147 4376 et
2169 4321 2493 4377 adulterium
2515 4323 2685 4392 e/fusa
2711 4331 2834 4376 sunt
2864 4338 3021 4393 super
3045 4334 3243 4378 terram
3266 4342 3284 4379 :
3316 4336 3367 4380 ot

1786 4416 2096 4487 sanguinem
2149 4416 2405 4486 sanguine
2458 4415 2675 4471 miscent
2704 4415 2788 4468 υτ
2827 4415 2920 4470 ubi
2964 4424 3146 4472 autem
3192 4414 3366 4474 Filius

1785 4503 1882 4560 Dei
1915 4505 2296 4577 peregrinatus
2329 4512 2414 4560 est
2462 4504 2519 4566 in
2545 4513 2726 4568 terra,
2752 4512 3139 4576 terrenumque
3165 4523 3368 4578 corpus

1786 4583 2104 4670 assumpsit,
2136 4599 2381 4668 priorum
2419 4598 2686 4654 malorum
2727 4598 3037 4652 immutatio
3068 4598 3212 4654 facta
3241 4608 3362 4666 est,

1785 4698 2070 4761 totumque
2097 4698 2256 4745 terrae
2290 4691 2620 4745 elementum
2644 4728 2659 4754 ,
2709 4690 2829 4742 loco
2857 4689 3105 4761 pristina:
3135 4692 3367 4747 maledi-

1785 4784 2006 4849 ctionis,
2034 4783 2474 4838 benedictionem
2510 4782 2764 4837 sortitum
2788 4791 2894 4849 est,
2926 4797 2992 4839 ac
3031 4784 3281 4840 ecclesia
3311 4795 3367 4840 et

1784 4877 2024 4937 oratoria
2047 4877 2159 4931 Deo
2189 4892 2285 4947 per
2300 4884 2474 4930 totum
2497 4878 2685 4932 orbem
2701 4876 2998 4931 constituta
3018 4885 3166 4941 sunt.
3186 4877 3368 4946 Quare

1779 4969 1893 5040 jam
1927 4970 2149 5035 dicitur,
2171 4969 2501 5025 Benedixisti
2523 5011 2538 5037 ,
2585 4969 2828 5036 Domine,
2861 4979 3059 5026 terram
3087 4979 3235 5023 tuam
3279 4968 3367 5035 “;

1786 5063 1842 5118 in
1871 5063 1994 5119 aliis
2023 5078 2178 5128 vero,
2206 5063 2485 5130 Dominus,
2509 5063 2765 5134 regnavit,
2791 5061 3081 5117 exsultabit
3112 5071 3255 5115 terra
3283 5062 3364 5128 “;

1786 5169 1852 5208 ac
1879 5169 2122 5219 rursum,
2152 5153 2377 5209 Cantate
2406 5152 2655 5218 Domino,
2681 5155 2852 5206 omnis
2884 5162 3028 5206 terra
3048 5152 3114 5206 “.
3173 5150 3373 5207 Merito

1785 5245 1971 5315 itaque
1998 5245 2170 5322 ipsius
2195 5243 2411 5298 Domini
2440 5259 2564 5300 esse
2609 5255 2755 5299 terra
2790 5243 2992 5298 dicitur
3020 5243 3126 5297 hoc
3155 5242 3322 5296 modo
3348 5261 3364 5305 ι

1784 5338 2137 5404 Benediasisti,
2167 5338 2412 5404 Domine,
2447 5347 2644 5392 terram
2671 5348 2840 5394 tuam.
2869 5337 2988 5394 Non
3024 5339 3171 5392 enim
3207 5337 3365 5407 opill-

1783 5433 1928 5486 cium
1951 5433 2235 5497 duntaxat,
2257 5432 2352 5487 sed
2373 5432 2540 5486 etiam
2568 5432 2846 5502 possessio
2869 5431 2991 5502 ejus
3014 5432 3158 5487 facta
3185 5441 3271 5487 est
3293 5431 3369 5492 ob

1783 5525 1976 5578 allatas
2006 5525 2258 5594 superius
2281 5540 2500 5581 causas.

220 5842 668 5920 “Gen.ut,i9.
744 5854 788 5887 ιι
829 5853 963 5910 ibid.
1001 5853 1085 5908 17.
1163 5821 1568 5931 "meme.
1646 5856 1685 5890 δε

1905 5871 2137 5924 exxxtv,
2172 5855 2230 5914 2.
2305 5858 2351 5891 ³⁵
2398 5856 2784 5927 Psal.xcv1,.i.
2863 5858 2908 5892 “
2947 5856 3092 5920 Psal.
3131 5874 3255 5925 xcv,
3296 5857 3355 5933 1,.
