3798 6282
440 360 578 417 1019

1158 361 1424 419 EUSEBII
1465 365 1945 422 ΟᾹΞΒΑΚΙΕΝΞΙΒ
1982 367 2009 423 C

2120 409 2132 422 .
2177 366 2358 424 mus
2397 336 2973 422 lll.-—EXEGETICA.

3508 361 3610 416 me

507 479 621 544 Qua
651 478 861 533 ratione
890 486 1069 533 autem
1097 479 1341 544 dicatur,
1375 482 1624 535 Avertisti
1653 485 2007 551 captivitatem

2181 481 2304 546 Πῶς
2342 481 2398 534 δὲ
2427 481 2637 552 είρηται
2666 478 2747 544 τὸ,
2793 477 3186 543 Ἀπέστρεψας
3224 473 3336 541 τὴν
3371 475 3612 540 αίχμολω-

434 569 622 637 Jacob,
650 570 916 641 intelliges
940 586 1005 627 ex
1037 572 1126 626 illa
1172 570 1480 628 Servatoris
1506 587 1638 627 voce
1658 614 1672 639 ,
1718 589 1825 643 qua
1863 573 2005 627 hanc

2110 575 2254 628 σίαν
2295 573 2508 636 Ἰακὼϐ,
2531 573 2744 642 νοήσεις
2777 571 2840 622 ὲκ
2870 569 2968 639 τῆς
2993 567 3257 637 σωτηρίου
3291 565 3476 634 φωνῆς,
3497 566 3549 616 δι’
3568 562 3616 636 ἧς

445 662 599 718 Isaia:
633 662 973 733 prophetiam
997 702 1012 727 ,
1070 661 1300 732 Spiritus
1340 662 1552 717 Domini
1582 680 1738 732 super
1783 681 1896 725 me.
1946 681 2006 719 eo

2116 664 2204 734 τὴν
2237 665 2484 732 φήσασαν
2515 660 2608 713 τοῦ
2651 659 2869 713 Ἡσαΐου
2899 655 3264 730 προφητείαν,
3293 654 3512 721 Πνεῦμα
3535 658 3619 707 Κυ-

434 753 573 829 quod
606 755 816 812 unxerit
847 770 949 818 me,
987 755 1346 824 euangelizare
1379 753 1691 822 pauperibus
1712 755 1857 808 misit
1886 771 1966 809 me
1991 795 2006 820 ,

434 846 726 914 praedicare
759 846 978 915 captivis
1006 846 1388 907 dimissionem,
1423 855 1471 900 et
1503 847 1654 901 cwcis
1688 847 1828 900 visus
1856 848 2009 901 resti-

437 937 690 990 tutionem
719 936 785 1000 ⁵⁷,
808 952 930 992 cum
962 935 1206 1006 legisset,
1237 936 1466 1000 addidit,
1505 935 1676 990 Hodie
1701 938 1912 1004 impleta
1932 944 2010 990 est

435 1027 545 1080 luce
577 1026 847 1095 prophetia
874 1027 927 1080 in
948 1025 1165 1084 auribus
1185 1025 1368 1082 vestris
1393 1025 1458 1094 δι’
1489 1025 1544 1080 in
1588 1042 1648 1083 se
1680 1026 2009 1096 completum

435 1097 718 1170 oraculum
749 1115 1084 1188 significans.
1119 1115 1256 1182 Quia
1289 1117 1500 1172 scilicet
1528 1118 1646 1188 ipse
1677 1115 1935 1179 Servator
1956 1123 2012 1172 et

436 1207 747 1281 redemptor
767 1208 1073 1265 animarum
1104 1207 1386 1262 hominum
1436 1218 1616 1275 esset,
1647 1225 1792 1280 quas.
1813 1226 1843 1264 a
1874 1211 2011 1266 dura

436 1299 816 1371 multiplicium
860 1299 1146 1354 numinum
1177 1301 1384 1357 erroris
1426 1309 1481 1356 et
1510 1303 1816 1361 dzemonum
1848 1317 2012 1357 vexa-

435 1390 602 1447 limis
625 1392 905 1457 servitute,
929 1392 1122 1447 solutis
1145 1401 1493 1464 peccatorum
1526 1394 1782 1457 vinculis,
1816 1394 2012 1448 libera-

435 1482 548 1537 bat.
579 1482 733 1556 Quod
761 1485 924 1539 etiam
965 1485 1018 1538 in
1059 1485 1312 1554 pnesenti
1342 1486 1552 1555 psalmo
1594 1484 1886 1540 denotatur
1926 1486 2012 1541 his

434 1574 619 1628 verbis
645 1593 657 1605 ·
693 1605 764 1614 -
789 1572 954 1630 Vens.
984 1575 1038 1629 5.
1079 1575 1351 1629 Remisisti
1377 1576 1682 1646 iniquitates
1703 1575 1840 1644 plebi
1871 1585 1974 1629 tuw
1994 1615 2010 1640 ,

436 1666 686 1738 aperuisti
734 1667 914 1720 omnia
956 1677 1169 1738 peccata
1218 1683 1418 1722 eorum.
1473 1665 1792 1736 lniquitates
1830 1675 2011 1722 autem

435 1757 696 1810 remissas
748 1763 803 1809 et
853 1765 1074 1830 opertas
1119 1755 1260 1810 alius
1308 1757 1434 1810 item
1493 1771 1673 1811 sermo
1718 1756 2007 1811 meminit:

2101 754 2239 821 ρίου
2262 753 2354 805 ἐπ’
2372 749 2496 820 ἐμὲ,
2512 746 2582 805 οὗ
2605 750 2811 804 ἕνεκεν
2829 747 3033 817 ἐχρισέ
3059 763 3156 816 με,
3176 744 3619 812 εὐαγγείίσασθαι

2111 843 2368 914 πτωχοῖς
2423 840 2772 898 ἀπέσταλκέ
2811 858 2926 909 με,
2978 837 3227 910 κηρῦξαι
3287 837 3621 904 αἰχμαλώτοις

2109 935 2331 1004 ἄφεσιν
2355 935 2452 989 καὶ
2476 933 2725 1003 τυφλοῖς
2743 931 3096 998 ἀνάϐλεψιν,
3115 929 3376 996 ἀναγνοὺς
3399 928 3621 998 ἐπήγαγε,

2112 1026 2384 1096 Σήμερον
2411 1025 2791 1093 πεπλήρωται
2828 1025 2866 1091 ἡ
2903 1021 3234 1092 προφητεία
3270 1018 3415 1085 αὕτη
3459 1019 3624 1083 ἐντοῖς

2109 1117 2260 1172 ὠσὶν
2285 1116 2472 1186 ὑμῶν,
2506 1116 2772 1170 διδάσκων
2805 1116 2883 1175 εἰς
2910 1113 3102 1173 ἑαυτὸν
3131 1109 3462 1182 πληροῦσθαι
3485 1110 3536 1162 τὸ
3565 1110 3626 1162 λό-

2110 1225 2248 1278 γιον.
2276 1209 2397 1262 Ὀτι
2441 1208 2506 1279 δὴ
2545 1207 2704 1270 αὐτὸς
2735 1202 2802 1277 ἦν
2845 1207 2872 1256 ὁ
2910 1204 3098 1274 Σωτὴρ
3137 1204 3230 1262 καὶ
3263 1200 3519 1270 λυτρωτὴς
3550 1201 3625 1252 τῶν

2113 1299 2468 1371 ἀνθρωπίνων
2499 1297 2708 1368 ψυχῶν,
2738 1295 2801 1360 ἃς
2833 1294 2939 1348 ἀπὸ
2963 1292 3061 1362 τῆς
3097 1293 3298 1364 πικρᾶς
3323 1286 3540 1352 δουλείας
3555 1290 3626 1358 τῆς

2113 1390 2371 1445 πολυθέου
2400 1389 2605 1459 πλάνης
2635 1389 2730 1448 καὶ,
2758 1387 2856 1457 τῆς
2886 1385 3200 1455 δαινμονικῆς
3231 1381 3496 1453 ἐνεργείας
3514 1379 3628 1449 ἠλευ-

2114 1480 2296 1556 θέρου,
2328 1480 2494 1545 λύσας
2517 1479 2694 1533 αὐτῶν
2726 1479 2825 1542 τὰς
2857 1477 3041 1550 σειρὰς
3063 1477 3172 1529 τῶν
3203 1473 3628 1547 ἀμαρτιῶν.”οδὴ

2113 1575 2207 1632 καὶ
2246 1573 2376 1626 αὐτὸ
2430 1573 2755 1643 παρίσταται
2790 1570 2876 1624 διὰ
2923 1568 3018 1622 τοῦ
3060 1567 3420 1639 προκειμένου
3465 1564 3629 1635 ψαλμοῦ

2114 1666 2446 1735 φάσκοντος·
2491 1662 2749 1736 Ἆφῆκας
2803 1661 2908 1728 τὰς
2955 1661 3207 1730 ἀνομίας
3260 1657 3341 1722 τῷ
3519 1673 3630 1716 σου,

2119 1755 2435 1822 ὲκάλυψας
2464 1753 2665 1820 πάσας
2709 1753 2814 1819 τὰς
2845 1752 3136 1822 ἁμαρτίας
3177 1748 3397 1804 αὐτῶν.
3433 1747 3632 1816 Ἀνομίας

435 1841 589 1894 Beati
609 1859 832 1911 quorum
873 1844 1107 1898 remissa:
1139 1853 1260 1898 sunt
1313 1845 1615 1915 iniquitates
1641 1886 1655 1910 ,
1703 1855 1752 1899 et
1788 1862 2009 1916 quorum

2116 1847 2167 1900 δὲ
2201 1846 2502 1916 ἀφιεμένας
2523 1845 2616 1898 καὶ
2659 1844 3071 1914 καλυπτομένας
3107 1838 3215 1896 οἶδε
3252 1842 3348 1902 καὶ
3381 1837 3576 1908 ἀλλαχοῦ
3613 1840 3633 1889 ὸ

437 1939 572 1983 tecta
609 1944 732 1985 sunt
760 1943 975 2000 peccata
1020 1933 1083 1987 δ’.
1117 1931 1211 1988 llis
1243 1949 1404 2004 porro
1438 1932 1674 2005 Spiritus
1717 1935 2010 2006 signiﬁcat,

434 2022 792 2090 pristinorum
847 2036 1197 2094 peccatorum
1246 2025 1624 2082 remissionem
1671 2026 1767 2090 iis‘,
1809 2028 1901 2098 qui
1946 2044 2013 2082 ex

434 2114 705 2177 Spirituali
749 2117 1052 2170 animarum
1086 2118 1399 2188 captivitate
1455 2119 1722 2189 redempti
1773 2130 1942 2187 sunt,
1983 2136 2013 2174 a

435 2205 724 2261 Servatore
746 2223 1098 2264 concessam:
1135 2209 1370 2280 quibus,
1405 2211 1448 2265 si
1481 2220 1604 2281 post
1634 2213 2012 2268 remissionem

433 2297 629 2351 iterum
655 2301 1022 2368 peccaverint,
1067 2317 1176 2356 non
1209 2302 1452 2357 secundo
1493 2313 1716 2374 peccata
1755 2305 2010 2370 remittit,

434 2392 528 2445 sed
558 2392 752 2460 operit.
800 2390 931 2446 Nam
984 2393 1052 2448 ab
1093 2393 1186 2448 illo
1231 2409 1553 2449 concessum
1598 2403 1719 2460 est,
1761 2406 1822 2451 ut
1855 2397 2013 2453 bonis

432 2480 690 2548 operibus
730 2482 971 2537 secundo
1009 2483 1178 2552 gestis
1221 2483 1450 2553 pristina
1479 2484 1678 2539 delicta
1717 2497 2012 2558 contegan-

435 2577 544 2625 tur.
565 2569 689 2624 liaac
714 2587 840 2627 vero
861 2575 1042 2629 omnia
1064 2575 1182 2630 orbi
1209 2585 1389 2642 teme,
1409 2576 1662 2632 videlicet
1685 2579 1832 2632 illam
1861 2583 2014 2635 inco-

433 2663 775 2727 colentibus,
809 2681 905 2735 per
947 2664 1248 2723 Salvatoris
1297 2667 1589 2724 adventuum
1631 2671 2013 2726 universorum

434 2752 578 2808 Deus
607 2756 864 2828 elargitus
887 2766 990 2821 est,
1011 2758 1196 2813 sedata
1229 2760 1306 2813 ira
1326 2777 1389 2816 ac
1409 2762 1652 2832 mitigato
1683 2761 1885 2828 furore,
1907 2779 2016 2834 quo

432 2845 653 2914 quidem
685 2856 844 2902 antea
872 2851 1158 2920 terrigena:
1197 2851 1273 2905 illi
1305 2851 1452 2921 digni
1497 2863 1674 2917 erant,
1707 2855 1778 2909 ob
1816 2855 2012 2926 impie-

432 2938 565 2993 tatis
601 2942 1041 3008 exsuperantiam
1090 2943 1294 2998 inimiei
1341 2944 1461 3014 ejus
1496 2945 1710 3012 ell'ecti;
1764 2958 1821 3002 at
1871 2947 2014 3004 Deus

433 3029 553 3100 ipse
581 3042 718 3094 erat,
743 3034 833 3102 qui
872 3034 924 3087 in
949 3034 1170 3091 Christo
1219 3036 1325 3092 sibi
1375 3038 1639 3092 mundum
1691 3041 2015 3095 reconcilia-

433 3121 548 3184 bat,
574 3139 751 3194 neque
780 3126 912 3195 ipsis
946 3128 1175 3196 pristina
1210 3138 1430 3198 peccata
1464 3131 1787 3199 imputabat.
1811 3131 2015 3197 Quam-

2115 1938 2338 2008 φάσκων
2371 1937 2527 2005 λόγος
2546 1952 2558 1965 ⁸
2592 1935 2878 2005 Μακάριοι
2900 1929 2986 1990 ὧν
3010 1933 3328 2004 ἀφέθησαν
3352 1935 3409 1985 ai
3429 1931 3632 1999 ἀνομίαι,

2115 2031 2214 2084 καὶ
2231 2025 2318 2083 ὧν
2343 2029 2773 2098 ἐκαλύφθησαν
2802 2032 2859 2082 al
2883 2029 3156 2097 ἁμαρτίαι
3177 2045 3189 2056 ·
3222 2028 3298 2096 Ση
3308 2025 3478 2095 μαίνει
3506 2023 3550 2074 δὲ
3573 2022 3634 2073 διὰ

2113 2122 2318 2175 τούτων
2361 2121 2422 2174 τὸ
2469 2119 2691 2191 Πνεῦμα
2734 2121 2832 2193 τὴν
2875 2120 2979 2173 ὑπὸ
3011 2118 3104 2172 τοῦ
3156 2118 3411 2188 Σωτῆρος
3452 2115 3634 2184 δεδωρη-

2117 2213 2285 2284 μένην
2317 2213 2506 2281 ἄφεσιν
2539 2212 2646 2265 τῶν
2672 2211 2950 2283 προτέρων
2991 2211 3404 2282 ἁμαρτημάτων
3441 2211 3536 2270 τοῖς
3558 2207 3634 2259 ἀπὺ

2113 2306 2213 2375 τῆς
2245 2305 2441 2375 venti};
2463 2307 2572 2358 τῶν
2600 2304 2789 2375 ψυχῶν
2822 2304 3196 2376 αἰχμαλωσίας
3225 2299 3632 2372 λελυτρωμένοις·

2113 2394 2215 2462 οἷς,
2246 2402 2293 2452 εί
2326 2399 2462 2470 μετὰ
2485 2400 2582 2470 τὴν
2609 2399 2804 2468 ἄφεσιν
2829 2400 2987 2452 πάλιν
3018 2399 3340 2469 ἁμάρτοιεν,
3364 2395 3528 2448 ούκέτι
3552 2392 3635 2445 δεν-

2114 2492 2279 2562 τέραν
2301 2491 2512 2559 ἄφεσιν,
2538 2490 2994 2560 ἀλλίὲπικάλυψιν
3022 2489 3308 2561 ἁμαρτιῶν
3335 2485 3635 2558 eamme

2115 2583 2226 2654 γὰρ
2271 2583 2540 2654 δευτέρων
2598 2582 3036 2654 κατορθωμάτων
3101 2581 3401 2635 καλύπτειν
3443 2578 3503 2631 τὰ
3540 2594 3637 2647 προ-

2113 2675 2481 2748 ημαρτημένα
2530 2673 2896 2745 συνεχώρησε.
2944 2673 3127 2726 Ταῦτα
3165 2673 3227 2725 δὲ
3277 2672 3450 2725 πάντα
3481 2673 3534 2739 τῇ
3560 2667 3635 2720 τῶν

2115 2767 2419 2840 ἀνθρώπων
2450 2770 2542 2838 γῇ,
2587 2769 2679 2822 καὶ
2711 2767 2909 2838 δηλαδὴ
2948 2769 3060 2828 τοῖς
3099 2764 3446 2818 κατοικοῦσιν
3490 2761 3634 2826 αὐτὴν,

2113 2859 2201 2913 διὰ
2234 2860 2333 2928 τῆς
2376 2857 2469 2911 τοῦ
2517 2859 2769 2930 Σωτῆρος
2814 2856 3106 2928 ἐπιδημίας
3148 2857 3178 2908 ὁ
3223 2854 3337 2908 τῶν
3379 2851 3504 2905 ὅλων
3542 2847 3636 2909 Θεὸς

2116 2949 2452 3021 ἐδωρήσατο,
2499 2947 2859 3011 καταπαύσας
2891 2948 2990 3018 τὴν
3027 2946 3195 3017 ὀργὴν
3244 2945 3340 2998 καὶ
3379 2943 3464 2995 τὸν
3492 2939 3634 3008 θυμὸν,

2113 3036 2188 3095 ὧν
2212 3042 2352 3106 ἄξιοι
2376 3041 2438 3094 τὸ
2474 3041 2600 3113 πρὶν
2631 3041 2928 3110 ἐτύγχανον
2945 3040 2996 3092 οἱ
3018 3039 3112 3110 τὴν
3135 3037 3245 3108 γῆν
3272 3035 3544 3096 οἰκοῦντες,
3570 3032 3634 3083 its

2114 3135 2178 3206 δὴ
2212 3135 2398 3206 ἐχθροὶ
2438 3134 2590 3197 ὄντες
2635 3133 2799 3186 αὐτοῦ
2829 3131 2916 3186 διὰ
2943 3132 3042 3195 τὰς
3076 3130 3183 3184 τῶν
3220 3127 3479 3184 ἀσεϐειῶν
3507 3123 3637 3182 αὒτῶν

436 3214 624 3268 obrem
657 3215 864 3270 dictum
892 3225 976 3272 est
1006 3237 1020 3272 :
1055 3248 1125 3258 —
1155 3217 1321 3275 Vens.
1361 3219 1479 3275 4-7.
1517 3219 1781 3291 Mitigasti
1810 3239 2009 3276 omnem

2117 3224 2454 3298 ὑπερϐολάς·
2489 3224 2626 3277 ἀλλὰ
2652 3224 2784 3287 Θεὸς
2814 3219 2882 3294 ἦν
2919 3224 2975 3274 ὲν
3005 3221 3232 3294 Χριστῷ
3262 3217 3460 3290 κόσμον
3483 3217 3635 3270 καταλ-

435 3307 575 3358 iram
606 3316 772 3368 tuam,
816 3311 1050 3363 avertisti
1089 3309 1155 3363 ab
1184 3311 1268 3363 ira
1303 3311 1680 3381 indignationis
1712 3324 1836 3369 tute.
1873 3314 2013 3369 Con-

436 3405 573 3450 verte
594 3415 708 3461 nos,
734 3398 875 3453 Deus
900 3401 1221 3454 salutarium
1252 3410 1572 3468 nostrorum,
1597 3414 1644 3457 et
1676 3415 1848 3458 averte
1873 3407 2014 3459 iram

438 3498 586 3542 tuam
612 3507 644 3544 ι
674 3490 844 3544 nobis.
875 3489 1133 3562 Nunquid
1179 3493 1232 3546 in
1265 3503 1517 3546 wternum
1547 3494 1793 3550 irasceris
1823 3497 2015 3553 nobis?

439 3591 532 3633 aut
570 3581 814 3636 extendes
846 3583 982 3636 iram
1014 3593 1160 3637 tuam
1197 3601 1230 3638 a
1265 3587 1602 3654 generatione
1624 3588 1678 3640 in
1719 3590 2014 3657 generatio-

437 3676 592 3729 nem?
636 3674 794 3735 Deus,
817 3683 872 3727 tu
892 3685 1192 3729 convertens
1216 3679 1502 3745 viviﬁcabis
1526 3696 1642 3743 nos,
1672 3690 1721 3734 et
1754 3681 1896 3749 plebs
1922 3693 2013 3735 tua

438 3765 709 3820 ltrtabitur
755 3768 808 3820 in
866 3776 934 3824 te.
970 3767 1159 3822 Priora
1194 3769 1413 3838 quidem
1448 3769 1516 3824 de
1561 3770 1762 3827 futuris
1811 3774 1865 3827 in
1897 3781 2016 3828 toto

438 3857 572 3912 orbe
600 3860 1128 3926 praenuntiabantur,
1151 3877 1272 3929 qum
1303 3864 1602 3918 secundum
1621 3865 1874 3934 superius
1901 3874 2014 3920 tra-

437 3949 609 4002 ditam
629 3950 1130 4018 interpretationem
1163 3953 1216 4005 in
1247 3953 1482 4008 adventu
1505 3953 1808 4010 Salvatoris
1837 3957 2013 4012 nostri

440 4039 508 4094 ad
546 4039 703 4094 linem
735 4042 970 4096 deducta
1000 4050 1148 4098 sunt.
1187 4042 1312 4099 Hzec
1344 4061 1472 4100 vero
1515 4061 1635 4116 quae
1688 4054 2012 4111 tractamus,

439 4131 738 4185 orationem
771 4134 1052 4188 continent
1092 4151 1190 4204 pro
1227 4137 1425 4206 populo
1456 4153 1524 4192 ex
1572 4138 2010 4194 circumcisione.

439 4221 577 4287 Quia
611 4221 755 4275 enim
789 4223 1049 4291 propheta
1080 4224 1267 4279 divino
1295 4226 1506 4282 amatus
1535 4224 1742 4297 Spiritu
1771 4226 2015 4284 Iudaica)

352 4327 372 4341 ‘
437 4312 615 4381 gentis
641 4327 769 4380 erga
809 4312 1089 4368 Christum
1139 4315 1574 4370 incredulitatem
1603 4317 1971 4387 prospiciebat
1996 4357 2011 4383 ,

437 4417 651 4457 necnon
677 4402 972 4457 vindictam
989 4403 1290 4459 facinorum
1309 4421 1473 4462 causa
1488 4407 1619 4475 ipsis
1637 4407 2010 4477 inlligendam;

437 4491 580 4545 hanc
635 4507 736 4560 pro
782 4493 918 4563 ipsis
971 4496 1276 4550 orationem
1333 4498 1534 4550 emittit
1573 4504 2012 4567 peropportune;

2119 3319 2332 3372 λάσσων
2360 3317 2568 3388 ἐαυτῷ,
2600 3318 2674 3388 μὴ
2704 3315 3048 3386 λογιζόμενος
3079 3315 3136 3367 δὲ
3177 3314 3368 3376 αὐτοῖς
3406 3312 3470 3365 τὰ
3502 3325 3635 3378 περσ-

2120 3410 2408 3481 πτώματα.
2443 3409 2534 3463 Διὸ
2571 3409 2847 3462 λέλεκταιο
2882 3412 3286 3473 Κατέπαυσας
3329 3403 3519 3460 πᾶσαν
3558 3400 3637 3464 τὴν

2120 3501 2306 3571 ὀργήν
2338 3518 2484 3567 σου,
2517 3502 2905 3570 ἁπέστρεψας
2941 3500 3058 3554 ἀπὸ
3105 3499 3295 3568 ὀργῆς
3339 3493 3513 3564 θυμοῦ
3537 3509 3633 3545 σου.

2133 3595 2530 3663 Ἐπίστροφον
2558 3593 2736 3663 ἡμᾶς,
2762 3596 2794 3647 ό
2825 3593 2970 3658 Θεὸς
3006 3590 3126 3644 τῶν
3158 3589 3465 3657 σωτηρίων
3495 3582 3634 3654 ἡμῶν.

2120 3685 2217 3737 καὶ
2239 3684 2626 3753 ἀπόστρεψον
2650 3683 2756 3738 τὸν
2779 3685 2970 3752 θυμόν
2995 3697 3110 3736 σου
3131 3681 3233 3749 ἀφ’
3257 3677 3442 3749 ἡμῶν.
3478 3677 3556 3741 Μὴ
3578 3675 3635 3735 εἰς

2121 3773 2228 3825 τὸν
2288 3773 2476 3828 αἰῶνα
2527 3773 2860 3845 όργισθήσῃ
2903 3774 3049 3843 ἡμῖν
3070 3789 3088 3836 ;
3127 3772 3165 3840 ἢ
3229 3769 3506 3834 διατενεῖς
3556 3764 3635 3828 τὴν

2121 3865 2309 3936 ὀργήν
2341 3879 2460 3920 σου
2495 3866 2614 3920 ἀπὸ
2661 3864 2872 3936 γενεᾶς
2901 3869 2987 3932 είς
3028 3863 3281 3934 τενεάν;
3318 3863 3371 3914 '0
3415 3860 3554 3922 Θεὸς,
3580 3857 3634 3908 σὺ

2121 3957 2492 4026 ἐπιστρέψας
2538 3957 2786 4026 ζακῦσεις
2819 3958 3009 4028 ἡμᾶς,
3055 3959 3153 4011 καὶ
3195 3961 3230 4012 ό
3260 3956 3409 4021 λαός
3429 3967 3532 4006 σου
3565 3948 3633 4002 εὑ-

2121 4049 2525 4118 φρανθήσεται
2546 4051 2643 4104 ἐπὶ
2668 4052 2788 4104 σοί.
2805 4051 2887 4104 Τὰ
2915 4052 3014 4122 μὲν
3033 4052 3273 4123 πρότερα
3297 4043 3634 4122 προεφητεύετο

2122 4141 2250 4210 περὶ
2290 4140 2399 4194 τῶν
2431 4141 2809 4212 γενησομένων
2841 4141 2960 4194 καθ’
2988 4141 3116 4213 ὅλης
3149 4141 3251 4211 τῆς
3282 4141 3404 4210 γῆς,
3427 4138 3460 4192 ἃ
3487 4136 3542 4205 δὴ
3568 4130 3633 4185 καὶ

2120 4231 2306 4294 τέλους
2334 4231 2489 4302 ἔτυχε
2518 4232 2606 4286 διὰ
2637 4233 2735 4302 τῆς
2767 4233 3068 4304 παρουσίας
3106 4232 3198 4286 τοῦ
3247 4232 3488 4301 Σωτῆρος
3520 4222 3632 4295 ἡμῶν

2123 4321 2263 4375 κατὰ
2291 4324 2392 4394 τὴν
2425 4323 2780 4378 ἀποδοθεῖσαν
2809 4325 3136 4395 ἑρμηνείαν·
3166 4323 3236 4376 τὰ.
3265 4324 3323 4376 δὲ
3360 4319 3631 4391 προκείμενι

2122 4414 2286 4486 εὐχὴν
2315 4415 2556 4486 περιέχει
2590 4415 2727 4485 ὑπὲρ
2749 4414 2844 4467 τοῦ
2879 4418 2942 4468 ἐκ
2968 4416 3273 4487 περιτομῆς
3305 4413 3449 4467 λαοῦ.
3473 4406 3633 4472 Ἐπειδὴ

2121 4505 2230 4576 γὰρ
2258 4507 2286 4558 ὁ
2321 4508 2602 4578 προφήτης
2632 4507 2887 4578 προεώρα
2915 4507 2992 4576 τῷ
3018 4505 3146 4576 θείῳ
3186 4505 3456 4575 Πνεύματι
3484 4500 3560 4570 τὴν
3579 4499 3631 4556 εἰς

438 4582 514 4634 ita
552 4590 610 4634 ut
647 4583 796 4636 nulla
826 4583 880 4637 in
911 4585 1126 4654 psalmo
1155 4587 1518 4642 contradictio
1546 4585 2009 4657 deprehendatur,

2116 4597 2208 4650 τὸν
2244 4598 2476 4670 Χριστὸν
2495 4597 2776 4652 ἀπείθειαν
2805 4597 2898 4652 τοῦ
2933 4599 3201 4652 Ἰουδαίων
3230 4598 3432 4660 ἔθνους,
3460 4595 3536 4648 καί
3563 4591 3629 4656 τὴν

436 4673 582 4743 quod
613 4689 736 4728 cum
788 4676 946 4730 initio
1000 4678 1223 4732 meliora
1284 4679 1404 4733 orbi
1447 4680 1778 4736 vaticinatus
1823 4691 1970 4738 esset
1999 4722 2014 4745 ,

407 4769 545 4836 :jam
573 4769 731 4838 quasi
762 4770 898 4824 nihil
929 4771 1055 4825 boni
1084 4772 1340 4825 collatum
1394 4772 1466 4826 sit
1502 4788 1691 4841 preces
1741 4773 2012 4828 instituat.

435 4862 619 4916 Prima
647 4863 830 4932 itaque
861 4863 928 4916 de
952 4863 1234 4918 beneﬁciis
1290 4877 1320 4915 a
1355 4862 1641 4918 Salvatore
1672 4873 1864 4920 nostro
1913 4866 2016 4920 hu-

435 4966 599 5004 mano
619 4953 800 5021 generi
818 4951 1187 5008 concedendis
1211 4954 1470 5022 prtedicta
1493 4954 1740 5021 fuerant;
1773 4955 2016 5011 secundo

434 5047 617 5096 autem
668 5042 788 5097 loco
834 5056 934 5111 pro
981 5043 1387 5100 contribulibus
1445 5059 1474 5096 a
1531 5043 1792 5113 propheta
1823 5059 2015 5114 preces

434 5135 798 5202 emittuntur,
843 5145 902 5190 ut
939 5137 1020 5190 ira
1071 5136 1220 5207 ipsos
1253 5137 1510 5191 invasura
1541 5136 1792 5203 sedetur;
1850 5146 2014 5208 atque

435 5225 538 5294 ipsi
571 5225 790 5282 demum
827 5225 921 5282 Dei
959 5226 1027 5281 ad
1065 5241 1126 5283 se
1161 5227 1556 5292 conversione,
1612 5235 1774 5297 atque
1819 5227 1909 5280 illa
1961 5231 2016 5285 in

435 5319 656 5372 Christo
685 5317 780 5373 Dei
805 5318 993 5373 laztitia
1023 5318 1172 5390 digni
1204 5319 1529 5374 habeantur.

2121 4689 2576 4762 καταληψομένην
2615 4692 2810 4756 αὐτοὺς
2857 4691 3024 4764 ὀργὴν
3055 4691 3164 4745 τῶν
3202 4683 3629 4761 τολμηθησομένων

2118 4780 2302 4843 αὐτοῖς
2358 4782 2541 4836 ἕνεκεν
2566 4824 2580 4847 ,
2643 4785 2868 4848 εἰκότως
2937 4785 3034 4856 τὴν
3093 4783 3451 4855 προκειμένην
3510 4773 3628 4842 εὐχὴν

2119 4873 2261 4941 ὑπὲρ
2287 4875 2466 4928 αὐτῶν
2498 4877 2813 4947 ἀναπέμπει
2836 4893 2850 4907 ·
2890 4877 2966 4941 ὡς
3010 4877 3205 4949 μηκέτι
3247 4877 3418 4928 δοκεῖν
3446 4873 3626 4923 ἐναντιο-

2119 4964 2305 5033 λογίαν
2334 4967 2609 5040 περιέχειν
2636 4969 2730 5022 τὸν
2763 4970 2997 5042 ψαλμὸν,
3023 4970 3280 5040 ἀνωτέρω
3307 4968 3402 5038 μὲν
3437 4964 3495 5016 τά
3527 4971 3623 5029 19η·

2118 5057 2347 5130 στότερα
2367 5061 2699 5115 θεσπίσαντα
2735 5063 2881 5135 πάσῃ
2913 5065 2980 5134 τῇ
3005 5064 3100 5132 γῇ,
3147 5063 3206 5113 ὲν
3231 5061 3288 5114 δὲ
3325 5061 3429 5120 τοῖς
3454 5065 3620 5125 προκει-

2121 5147 2323 5218 μένοις,
2355 5151 2431 5214 ὡς
2465 5151 2692 5222 μηδενὸς
2727 5153 2935 5223 ἀγαθοῦ
2971 5153 3356 5224 πεπραγμένου
3385 5149 3471 5217 τὴν
3505 5139 3622 5208 εύχῆν

2116 5237 2398 5303 διεξιόντα.
2441 5243 2524 5297 Τὰ
2549 5247 2729 5298 τοίνυν
2766 5245 2961 5318 πρῶτα
2996 5245 3124 5317 περὶ
3170 5245 3279 5297 τῶν
3320 5241 3402 5295 διὰ
3429 5235 3509 5290 τοῦ
3546 5231 3623 5281 Si!"

2115 5330 2282 5402 τῆρος
2311 5333 2469 5404 ἡμῶν
2508 5337 2951 5412 παρασχεθεισῶν
2980 5336 3060 5408 τῷ
3103 5335 3212 5389 τῶν
3252 5330 3524 5405 ἀνθρώπων
3552 5319 3619 5412 βίῳ

437 5413 765 5484 εὐεργεσιῶν
783 5412 1216 5484 προεφητεύετο·
1241 5413 1310 5466 τὰ
1335 5412 1391 5466 δὲ
1422 5413 1650 5486 δεύτερα
1701 5415 1730 5467 ὁ
1761 5418 2043 5490 προφήτης
2081 5420 2221 5494 ὑπὲρ
2271 5426 2379 5479 τῶν
2428 5410 2703 5501 ὁμοεθνῶν
2767 5431 3024 5502 εὔχεται,
3074 5429 3329 5484 ἱκετεύων
3378 5410 3617 5510 παύσασθαι

441 5503 541 5571 μὲν
573 5555 578 5559 ,
609 5505 712 5576 τὴν
749 5507 871 5558 κατ’
947 5505 1128 5558 αὐτῶν
1181 5503 1352 5575 ὀργὴν
1375 5546 1392 5574 ,
1423 5505 1823 5578 καταξιωθῆναι
1873 5508 1931 5562 δὲ
1993 5511 2086 5566 καὶ
2122 5515 2320 5582 αὐτοὺς
2356 5519 2456 5592 τῆς
2499 5521 2591 5577 τοῦ
2645 5522 2780 5579 Θεοῦ
2813 5524 3146 5597 ἐπιστροφῆς
3186 5523 3278 5578 καὶ
3319 5519 3410 5590 τῆς
3453 5509 3527 5565 ἐπὶ
3560 5503 3614 5570 τῷ

435 5597 662 5670 Χριστῷ
683 5599 777 5654 τοῦ
809 5601 946 5655 Θεοῦ
979 5601 1336 5673 εὐφροσύνης.

508 5799 554 5830 ⁸⁷
592 5796 695 5856 lsa.
731 5810 854 5860 ιιι.
892 5799 940 5854 1.

1019 5800 1062 5833 ⁸⁸
1101 5799 1232 5859 Luc.
1270 5816 1340 5870 iv,
1378 5802 1462 5859 18.
1542 5803 1584 5835 θ’
1618 5801 1762 5860 Psal.
1786 5817 1937 5870 xui,
1962 5802 2011 5860 1.
