3798 6282
118 381 234 439 ιιιει

1217 345 1724 421 communem
1764 362 1829 417 IN
1870 360 2206 419 PSALMOS.

3212 366 3351 422 i029.

176 493 369 555 Δεῖξον
412 486 578 559 ἡμῖν,
607 486 806 554 Κύριε,
842 484 909 538 τὸ
942 483 1117 550 ἔλεός
1151 500 1269 539 σου
1303 485 1400 539 καὶ
1440 487 1507 539 τὸ
1547 501 1663 539 σω-

1836 483 2004 540 Vsus.
2042 484 2095 539 8.
2140 482 2367 540 Ostende
2408 484 2594 551 nobis,
2643 486 2896 553 Domine,
2931 485 3351 544 misericordiam

118 590 299 659 τιῇριόν
329 600 443 638 σου
464 580 617 646 δῴης
650 579 813 649 ἡμῖν.
840 579 959 631 Ἔτι
994 578 1088 632 καὶ¹
1121 578 1296 632 ταῦτα
1318 582 1345 632 ό
1372 580 1667 650 Προφήτης

117 683 331 752 εὔχεται,
360 672 614 728 ἱκετεύων
648 670 1047 741 καταξιωθῆναι
1074 670 1167 725 καὶ
1190 671 1351 733 αὐτὸς
1373 670 1668 741 ὀφθαλμοῖς

120 768 432 843 παραλαϐεῖν
464 764 533 818 τά
560 764 817 835 μέλλοντα
851 764 1070 817 ἔσεσθαι
1110 764 1199 817 διά
1230 763 1324 816 τοῦ
1361 763 1544 826 ἐλέους
1574 761 1665 815 τοῦ

115 860 255 923 Θεοῦ,
278 858 313 911 ἃ
334 856 395 927 δὴ
416 858 473 908 ὲν
499 856 610 916 τοῖς
635 854 892 925 ἀνωτέρω
912 854 1333 925 προεφήτεύετο.
1356 853 1673 925 Παρακαλεῖ

117 953 165 1006 δὲ
196 952 282 1004 καὶ
316 948 411 1018 τῆς
436 944 531 998 τοῦ
576 944 816 1015 Χριστοῦ
850 948 929 1009 εἰς
966 945 1286 1017 ἀνθρώπους
1320 946 1670 1017 ὲπιλάμψεως

114 1044 314 1113 τυχεῖν,
359 1039 445 1092 διὰ
499 1037 595 1091 τοῦ
638 1038 900 1107 φάσκειν·
945 1039 1054 1099 Καὶ
1090 1040 1155 1093 τὸ
1210 1039 1507 1109 σωτήριόν
1553 1054 1669 1094 σου

115 1134 256 1201 δῴης
280 1130 440 1201 ἡμῖν.
470 1130 667 1199 Σαφῶς
698 1131 754 1184 δὲ
794 1131 857 1183 τὸ
897 1133 1165 1203 σωτήρων
1212 1133 1373 1187 αὐτὸν
1414 1128 1552 1185 εἶναι
1580 1132 1671 1185 τὸν

118 1225 327 1297 Χριστὸν
387 1210 683 1288 ὲδίδαξενό
739 1223 964 1294 Συμεὼν
1013 1227 1071 1277 ὲν
1123 1227 1232 1288 τοῖς
1286 1225 1667 1293 Εὐαγγελίοις·

114 1316 273 1371 λαϐὼν
300 1315 427 1384 γοῦν
466 1314 605 1385 μετὰ
632 1317 820 1386 χεῖρας
853 1315 935 1368 ἔτι
962 1317 1154 1387 νήπιον
1183 1317 1309 1371 ὄντα
1328 1316 1418 1369 τὸν
1442 1317 1667 1387 Ἰησοῦν,

114 1404 252 1462 εἷπε·
292 1407 418 1461 Νῦν
438 1407 731 1473 ἀπολύεις
760 1408 867 1462 τὸν
916 1407 1144 1462 δοῦλόν
1183 1425 1299 1462 σου
1322 1449 1336 1471 ,
1371 1408 1668 1472 δέσποτα,

116 1497 247 1563 κατὰ
290 1498 394 1551 τὸν
434 1499 624 1569 λόγιον
670 1515 787 1552 σου
843 1500 914 1552 ἐν
953 1498 1181 1567 εἰρήνῃ.
1234 1502 1353 1553 Ὅτι
1412 1497 1576 1553 εἶδον
1619 1504 1672 1553 οἱ

117 1591 386 1659 ὀφθαλμοί
433 1608 554 1659 μου
582 1590 649 1644 τὸ
684 1590 989 1660 Σωτήριόν
1030 1607 1169 1646 σου.
1218 1592 1389 1647 Τοῦτο
1418 1589 1510 1646 οὖν
1542 1594 1673 1647 αὐτὸ

120 1686 200 1752 καὶ
231 1684 257 1749 ό
288 1684 582 1755 Προφήτης
608 1684 735 1738 ἰδεῖν
776 1684 993 1755 εὐχεται
1015 1702 1026 1715 ·
1060 1685 1141 1738 διό
1181 1704 1344 1757 φησιν
1387 1689 1414 1740 ὁ
1444 1687 1633 1758 Σωτήρ
1655 1704 1668 1717 ·

118 1776 315 1843 Πολλοὶ
350 1775 647 1844 προφῆται
683 1776 781 1830 καί
804 1777 1019 1831 δίκαιοι
1048 1778 1435 1847 ἐπεθύμησαν
1455 1779 1604 1834 ἰδεῖν
1634 1778 1672 1832 ἃ

119 1868 269 1936 ὑμεῖς
294 1868 581 1934 βλέπετε,
614 1869 711 1923 καὶ
740 1872 851 1924 οὐκ
887 1866 1070 1924 εἶδον.
1106 1872 1457 1940 Ἀκούσομαι
1488 1871 1545 1923 τι
1564 1874 1672 1929 λα-

114 1959 273 2027 λήσει
291 1961 359 2014 ἐν
378 1960 507 2031 ἐμοὶ
535 1962 752 2030 Κύριος
773 1964 805 2015 ό
836 1962 1000 2027 Θεὸς,
1027 1962 1115 2015 ὅτι
1135 1962 1393 2029 λαλήσει
1423 1962 1672 2031 εἰρήνην

114 2052 201 2103 ἐπὶ
233 2051 335 2106 τὸν
354 2052 507 2107 λαὸν
531 2053 740 2118 αὐτοῦ,
784 2054 882 2107 καὶ
911 2055 1007 2107 ἐπὶ
1043 2056 1185 2121 τοὺς
1229 2056 1441 2123 ὁσίους
1462 2055 1670 2118 αὐτοῦ,

116 2146 200 2198 καί
236 2147 329 2200 ἐπὶ
363 2146 505 2214 τοὺς
538 2147 1012 2217 ἐπιστρέφοντας
1056 2148 1331 2218 καρδίαν.
1362 2149 1674 2221 Εὐξάμενος

112 2238 137 2289 ὁ
158 2232 448 2309 Προφήτης,
478 2240 544 2308 τῇ
572 2241 749 2309 σιωπῇ
779 2239 971 2293 ἑαυτὸν
993 2240 1350 2311 παραδίδωσι,
1375 2242 1673 2305 πιστεύσας

116 2328 622 2400 ἑπακουσθήσεσθαι.
640 2327 773 2383 Εἶτα
806 2332 1182 2402 προσδοκήσας
1213 2333 1559 2404 ἀποκρίσεως
1582 2352 1675 2387 τυ-

113 2422 213 2503 χεῖν
256 2439 413 2491 φησιν
461 2423 627 2486 αὐτὸς
670 2423 805 2493 πρὸς
852 2424 1042 2485 αὐτόν·
1081 2423 1163 2477 Τὰ
1223 2424 1319 2495 μὲν
1362 2426 1462 2496 τῆς
1507 2425 1674 2497 εὐχῆς

115 2529 192 2580 μοι
216 2512 429 2566 τοιαῦτα
466 2514 695 2582 γέγονε·
724 2515 913 2585 καιρὸς
940 2515 996 2567 δὲ
1029 2515 1214 2569 λοιπὸν
1244 2516 1546 2572 ἐπακοῦσαι
1578 2516 1673 2571 τοῦ

113 2600 251 2668 ἁγίου
276 2602 623 2674 Πνεύματος,
664 2605 756 2658 καὶ
812 2604 1002 2676 μαθεῖν
1041 2608 1170 2678 παρ’
1200 2608 1364 2661 αὐτοῦ
1397 2608 1447 2662 τί
1489 2609 1675 2680 μέλλοι

116 2690 365 2755 θεσπίζειν
398 2696 653 2766 περὶτῆς
681 2698 905 2768 εἰρήνης
928 2697 1021 2750 τοῦ
1042 2698 1173 2751 λαοῦ
1199 2700 1386 2765 αὐτοῦ,
1425 2703 1519 2754 καὶ
1550 2704 1675 2773 ’περὶ⁸

114 2784 207 2837 τῶν
244 2787 546 2856 μελλόντων
578 2788 668 2842 διὰ
694 2790 788 2843 τοῦ
830 2791 1066 2863 Χριστοῦ
1102 2792 1267 2846 αὐτοῦ
1304 2793 1672 2866 ἐπιστρέφειν.

116 2872 231 2943 Εἶτα
260 2877 424 2950 βραχύ
450 2882 895 2952 τιὲφησυχάσας,
923 2882 1225 2954 πληροῦται
1246 2884 1339 2937 τοῦ
1360 2884 1677 2955 Πνεύματος

114 2968 195 3021 τοῦ
226 2970 383 3036 θείου,
439 2974 543 3027 καὶ
590 2973 922 3045 προφητεύει
969 2975 1097 3045 ἑξῆς
1148 2970 1251 3030 ὧδέ
1299 2994 1415 3041 πως
1472 2977 1672 3046 λέγων·

116 3058 268 3127 Πλὴν
288 3060 465 3132 ἐγγὺς
492 3062 610 3116 τῶν
630 3063 1016 3133 φοϐουμένων
1049 3064 1237 3119 αὑτὸν
1280 3066 1347 3119 τὸ
1379 3065 1679 3134 σωτήριον

1773 588 1940 643 tuam,
1962 586 2012 631 et
2032 578 2270 631 salutare
2293 587 2439 631 tuum
2462 579 2535 632 da
2564 581 2735 636 nobis.
2772 581 2872 637 Hic
2891 582 3054 637 etiam
3074 580 3351 651 Propheta

1774 671 2049 741 precando
2083 670 2313 735 insistit,
2346 678 2407 724 ut
2440 671 2559 741 ipse
2586 689 2803 743 quoque
2829 673 3028 745 dignus
3060 674 3347 739 habeatur,

1770 765 1862 833 qui
1888 779 1950 818 ea
1998 780 2117 834 quae
2142 780 2240 834 per
2266 764 2703 819 misericordiam
2735 765 2827 821 Dei
2855 775 3115 822 eventura
3134 804 3150 829 ,
3202 780 3351 836 quaa-

1770 871 1877 923 que
1903 864 2061 914 antea
2089 856 2452 925 praenuntiata
2478 866 2627 921 sunt,
2657 857 2830 913 oculis
2859 858 3143 927 percipiat.
3175 856 3352 929 Rogat

1772 948 1899 1001 item
1930 954 1989 1000 ut
2020 946 2339 1015 splendendi
2390 946 2536 1002 illius
2588 946 2792 1001 Christi
2833 947 2899 1001 ad
2944 947 3197 1002 homines
3249 946 3350 1001 ad-

1772 1047 1968 1093 ventus
1999 1040 2113 1109 ipse
2146 1054 2375 1093 consors
2396 1037 2680 1102 eﬂiciatur,
2710 1053 2833 1093 cum
2862 1038 2973 1101 ait,
3005 1036 3074 1091 Et
3114 1039 3352 1092 salutare

1774 1142 1922 1186 tuum
1951 1132 2020 1187 da
2046 1133 2217 1187 nobis.
2253 1131 2503 1187 Salutare
2534 1140 2723 1187 autem.
2750 1132 2893 1186 illud.
2915 1131 3197 1186 Christum
3227 1146 3353 1187 esse

1773 1228 1920 1283 clare
1950 1228 2108 1283 docet
2140 1228 2193 1281 in
2224 1226 2533 1299 Evangeliis
2559 1225 2780 1280 Simcon
2809 1245 2822 1279 :
2855 1225 2972 1295 qui,
3005 1223 3136 1281 Jesu
3172 1225 3353 1280 adhuc

1775 1322 1983 1378 infante
2012 1323 2067 1375 in
2103 1322 2248 1377 ulnis
2284 1328 2530 1392 accepto,
2562 1318 2742 1374 dixit:
2785 1311 2941 1372 Nunc
2973 1317 3198 1372 dimittis
3240 1334 3354 1371 ser-

1772 1432 1893 1469 vum
1955 1425 2143 1478 tuum,
2199 1413 2457 1477 Domine,
2507 1412 2793 1467 secundum
2844 1411 3054 1466 verbum
3088 1422 3236 1464 tuum
3297 1410 3353 1463 in

1772 1523 1917 1576 pace.
1952 1508 2090 1574 Quia
2128 1508 2367 1560 viderunt
2412 1505 2553 1560 oculi
2612 1505 2709 1557 mei
2769 1504 3005 1556 salutare
3064 1513 3214 1556 tuum
3280 1501 3349 1556 ⁸³.

1775 1599 2011 1669 Idipsum
2061 1597 2249 1651 videre
2289 1604 2542 1667 peroptat
2572 1594 2846 1664 Propheta
2880 1613 2893 1648 :
2947 1594 3070 1648 idco
3102 1590 3355 1647 Salvator

1774 1692 1870 1754 ait,
1900 1689 2061 1743 Multi
2091 1688 2353 1759 prophetae
2380 1701 2431 1742 et
2449 1687 2588 1758 justi
2616 1687 2888 1741 voluerunt
2920 1686 3089 1739 videre
3118 1701 3234 1755 qua:
3264 1702 3353 1738 vos

1775 1781 1981 1845 videtis,
2012 1789 2061 1834 et
2092 1797 2194 1833 non
2220 1779 2457 1833 viderunt
2488 1779 2555 1832 '“.
2581 1808 2649 1816 —
2672 1775 2838 1831 Vens.
2874 1776 2928 1829 9.
2965 1774 3196 1835 Audiam
3225 1774 3353 1843 quid

1776 1874 2017 1944 loquetur
2058 1875 2114 1926 in
2148 1868 2228 1925 me
2284 1871 2540 1924 Dominus
2587 1870 2766 1933 Deus,
2811 1869 3059 1939 quoniam
3114 1868 3355 1938 loquetur

1772 1983 1952 2035 pacem
1982 1968 2036 2020 in
2063 1966 2260 2035 plebem
2281 1982 2456 2030 suam,
2480 1973 2528 2018 et
2572 1965 2626 2017 in
2677 1972 2888 2017 sanctos
2919 1979 3042 2015 suos
3074 1970 3123 2015 et
3178 1962 3231 2013 in
3265 1977 3352 2013 eos

1772 2063 1862 2131 qui
1890 2068 2260 2115 convertuntur
2286 2058 2461 2113 corde.
2492 2056 2787 2126 Postquam
2816 2063 3072 2127 precatus
3108 2061 3193 2108 est
3222 2054 3356 2105 Pro-

1776 2154 1971 2224 pheta,
2026 2162 2211 2206 certus
2260 2169 2319 2207 se
2373 2150 2772 2205 exaudiendum
2823 2164 2979 2211 esse,
3036 2147 3256 2202 silentio
3295 2161 3355 2200 se

1776 2245 1965 2301 tradit.
2002 2244 2143 2298 Hinc
2173 2245 2302 2298 dum
2333 2242 2750 2312 responsionem
2780 2246 3084 2311 exspectat,
3125 2253 3245 2293 sese
3272 2238 3353 2292 sic

1776 2336 2074 2407 alloquitur
2107 2354 2120 2389 :
2154 2333 2303 2390 Talis
2358 2332 2460 2387 fuit
2517 2334 2759 2404 precatio
2809 2346 2962 2397 mea;
2994 2330 3105 2400 jam
3141 2340 3355 2398 tempus

1776 2434 1861 2483 est
1891 2437 1952 2482 ut
1984 2424 2250 2498 Spiritum
2305 2434 2558 2481 sanctum
2590 2424 2845 2489 audiam,
2895 2430 2950 2478 et
2992 2423 3060 2477 ab
3112 2422 3205 2475 illo
3243 2421 3357 2475 edi-

1776 2535 1951 2587 scam,
1984 2518 2116 2589 quid
2149 2518 2217 2573 de
2245 2532 2379 2588 pace
2426 2516 2608 2587 populi
2660 2516 2744 2571 sui
2806 2524 2859 2570 et
2914 2514 2982 2569 de
3014 2513 3081 2569 iis
3110 2513 3202 2583 qui
3262 2529 3359 2583 per

1776 2613 2058 2669 Christum
2118 2628 2279 2668 suum
2336 2610 2687 2667 convertendi
2740 2615 2901 2671 sunt,
2961 2607 3357 2662 vaticinaturus

1779 2704 1872 2761 sit.
1912 2702 2119 2759 Deinde
2169 2718 2299 2758 vero
2349 2712 2637 2772 postquam
2703 2700 2925 2769 paulum
2994 2697 3242 2755 substitit
3303 2704 3358 2751 et

1778 2796 2005 2868 quievit,
2072 2793 2280 2865 Spiritu
2337 2792 2522 2847 divino
2598 2790 2868 2862 repletur;
2951 2799 3005 2843 et
3079 2788 3183 2843 sub
3243 2786 3359 2841 haec

1780 2888 2120 2961 prophetiam
2166 2887 2277 2943 edit
2319 2886 2404 2941 his
2436 2884 2657 2941 verbis:
2695 2881 2959 2961 "Vens.
3012 2881 3098 2935 10.
3138 2880 3359 2934 Verum-

1778 2958 1956 3035 lumen
1989 2995 2147 3049 prope
2178 2979 2416 3035 timentes
2447 2993 2567 3031 eum
2602 2958 2838 3033 salutare
2857 2975 3047 3044 ipsius,
3072 2982 3128 3026 ut
3151 2972 3361 3027 inhabi-

1785 3082 1853 3130 tet
1880 3074 2053 3145 gtoria
2098 3074 2153 3126 in
2186 3082 2326 3126 terra
2378 3079 2581 3133 nostra.
2615 3068 2713 3125 llis
2741 3076 2921 3125 autem
2949 3067 3191 3123 declarat
3217 3064 3363 3134 jamn

115 3153 300 3217 αὐτοῦ,
336 3145 441 3209 τοῦ
478 3155 948 3225 κατασκηνῶσαι
978 3155 1164 3219 δόξαν
1186 3156 1255 3209 ὲν
1286 3155 1361 3224 τῇ
1382 3154 1458 3226 τῇ
1488 3157 1675 3227 ἡμῶν·

1789 3166 1891 3236 iam
1923 3164 2283 3220 adventurum
2322 3162 2639 3219 hominibus
2686 3176 2811 3217 esse
2860 3159 3102 3215 salutare
3146 3155 3264 3220 Dei,
3292 3156 3362 3210 de

118 3240 401 3317 Eripis-mat
433 3248 496 3301 δὲ
524 3247 613 3301 διὰ
636 3248 865 3312 τούτων,
896 3249 1019 3300 ὅσον
1052 3248 1264 3301 οὐδέπω
1302 3248 1514 3319 μέλλειν
1562 3250 1679 3301 ἐπι-

117 3338 387 3405 στήσεσθαι
413 3338 728 3411 ἀνθρώποις
756 3338 818 3392 τὸ
850 3341 1115 3410 σωτήριον
1140 3338 1231 3391 τοῦ
1273 3337 1428 3401 Θεοῦ,
1452 3340 1582 3410 περὶ
1617 3332 1678 3392 οῦ

116 3428 352 3503 ἀνωτέρω
403 3431 612 3505 ηὐξατο
644 3429 841 3485 εἰπών·
892 3429 1098 3495 Δεῖξον
1146 3428 1324 3498 ἡμῖν,
1359 3430 1562 3499 Κύριε,
1612 3430 1679 3481 τὸ

117 3520 268 3587 ἔλεός
297 3539 430 3588 σου,
455 3523 560 3577 καὶ
586 3522 651 3577 τὸ
682 3520 977 3590 σωτήριόν
1007 3537 1123 3575 σου
1149 3519 1307 3589 δῴης
1343 3520 1505 3590 ἡμῖν.
1540 3519 1682 3573 Αὐτὸ

117 3610 171 3682 δὴ
203 3609 289 3667 οῦν
322 3616 485 3669 τοῦτό
522 3633 653 3687 φησι
690 3615 751 3669 τὸ
789 3616 1064 3687 Σωτήριον
1093 3613 1328 3683 ἔγγιστα
1374 3613 1679 3684 τυγχάνειν,

118 3704 201 3755 καὶ
244 3705 468 3777 πλησίον
508 3707 609 3778 ήδη
636 3706 729 3759 καὶ
768 3707 934 3780 me;
975 3704 1086 3758 τῶν
1127 3703 1476 3775 φοϐουμένων
1522 3704 1683 3765 αὐτὸν

119 3790 264 3865 εἶναι,
288 3798 459 3854 αἴτιον
505 3800 747 3871 ὐπάρχον
784 3797 878 3851 τοῦ
928 3797 1354 3868 κατασκηνῶσαι
1390 3794 1545 3859 δόξαν
1590 3796 1684 3848 καὶ

120 3890 436 3962 σκηνώματα
496 3893 758 3963 συστῆσαι
790 3893 847 3945 ὲν
877 3894 944 3963 τῇ
980 3893 1049 3965 γῇ
1093 3888 1268 3960 ἡμῶν.
1306 3887 1468 3951 Ἔθος
1513 3888 1571 3940 δὲ
1616 3890 1683 3959 τῇ

120 3979 228 4053 θείᾳ
265 3984 454 4056 Γραφῇ
488 3985 580 4038 τὸν
626 3985 859 4056 Χριστὸν
890 3983 985 4035 τοῦ
1019 3981 1153 4035 Θεοῦ
1192 3982 1459 4052 σωτήριον
1484 3980 1685 4051 ὀνομά-

120 4070 241 4139 ζειν,
273 4077 535 4141 πολλάκις
583 4078 672 4131 διὰ
704 4077 912 4131 πολλῶν
962 4075 1345 4145 ἀπεδείξαμεν.
1377 4075 1444 4127 Ὀ
1488 4072 1553 4143 δὴ
1594 4072 1689 4125 καὶ

120 4163 204 4217 νῦν
240 4166 510 4234 θεσπίζων
552 4170 580 4223 ὁ
631 4167 809 4237 λόγος,
850 4169 1087 4243 παρίστη
1122 4166 1389 4220 διδάσκων
1426 4164 1548 4219 ἀντὶ
1589 4162 1689 4236 τῆς

121 4258 374 4330 προτέρας
403 4262 630 4331 ἀτιμίας
652 4264 750 4329 τῆς
780 4261 921 4323 κατά
947 4260 1042 4331 τήν
1073 4255 1516 4328 εἰδωλολατρείαν
1556 4255 1690 4308 ὐπο-

122 4350 312 4421 στάσης
358 4355 418 4407 ἐν
450 4356 514 4424 τῇ
545 4356 617 4425 γῇ
651 4353 807 4419 δόξαν
832 4356 889 4406 ἐν
930 4353 1066 4421 αὐτῇ
1100 4347 1564 4420 κατασκηνώσειν,
1595 4346 1690 4400 καὶ

123 4444 445 4516 σκηνώματα
483 4436 760 4519 πανταχοῦ
818 4446 919 4515 γῆς
970 4442 1353 4515 ίδρυθήσεσθαι
1398 4440 1557 4511 δόξης
1589 4439 1689 4509 τῆς

1783 3273 1892 3330 quo
1934 3255 2189 3327 superius
2212 3252 2327 3310 haec
2357 3254 2684 3325 precabatur
2715 3270 2729 3305 :
2767 3250 2995 3308 Ostende
3036 3248 3206 3315 nobis,
3245 3246 3359 3300 Do-

1783 3349 1942 3412 mine,
1980 3346 2398 3403 misericordiam
2428 3355 2598 3409 tuam,
2626 3354 2676 3400 et
2710 3342 2948 3399 salutare
2980 3352 3128 3395 tuum
3158 3339 3229 3392 da
3269 3354 3365 3393 no-

1784 3441 1884 3496 bis.
1904 3441 2017 3496 Hoc
2036 3442 2212 3512 ipsum
2237 3434 2602 3508 salutare'jam
2624 3436 2946 3507 proximum.
2980 3449 3104 3489 esse
3125 3431 3367 3487 declarat

1784 3549 1849 3588 ac
1879 3534 2118 3589 vicinum
2144 3533 2462 3589 timentibus
2496 3546 2619 3586 eum
2641 3570 2656 3594 ,
2700 3530 2991 3601 ipsumque
3023 3541 3208 3582 veram
3242 3540 3365 3580 esse

1784 3640 2007 3679 causam
2042 3640 2143 3679 cur
2192 3624 2363 3695 gloria
2411 3621 2677 3677 inhabitet
2723 3627 2777 3673 et
2817 3616 3167 3673 tabernacula
3197 3620 3366 3684 ponat

1788 3718 1844 3772 in
1884 3725 2030 3772 terra
2053 3724 2263 3773 nostra.
2300 3714 2355 3770 ld
2384 3722 2566 3769 autem
2592 3712 2764 3767 moris
2789 3725 2913 3765 esse
2960 3708 3256 3777 Scriptune
3288 3704 3367 3758 di-

1788 3810 1945 3876 vinat,
1977 3817 2039 3863 ut
2066 3809 2343 3863 Christum
2372 3806 2465 3861 Dei
2512 3805 2755 3860 salutare
2793 3811 3093 3870 nuncupet.
3123 3814 3267 3868 saepe
3311 3806 3367 3851 et

1788 3903 2037 3973 pluribus
2063 3899 2563 3970 comprobavimus.
2597 3894 2755 3962 Quod
2796 3909 2927 3949 sane
2981 3893 3082 3946 hoc
3131 3891 3184 3945 in
3226 3890 3365 3945 vali-

1788 3991 1934 4045 cinio
1979 3989 2309 4049 declaratur,
2342 3986 2553 4041 scilicet
2574 3985 2696 4037 loco
2726 3980 2928 4052 prioris
2960 3978 3216 4041 infaxiiim,
3246 3990 3368 4046 quae

1790 4081 2112 4143 idololatriae
2157 4092 2403 4149 tempore
2448 4078 2506 4135 in
2550 4083 2696 4129 terra
2746 4071 3086 4134 versabatur,
3139 4068 3368 4138 gloriam

1789 4173 1989 4235 ibidem
2024 4158 2416 4231 habitaturam,
2441 4173 2495 4222 et
2524 4164 2876 4220 tabernacula
2904 4162 3092 4233 gloriae
3134 4159 3245 4215 Dco
3272 4173 3370 4229 per

1791 4264 2159 4335 evangelicam
2187 4261 2493 4317 doctrinam
2527 4258 2848 4320 referendae,
2874 4256 3077 4325 ubique
3099 4262 3369 4307 terrarum

1794 4358 2006 4429 ﬁgenda
2052 4373 2195 4413 esse.
2253 4353 2567 4409 Secundum
2616 4352 2733 4409 haec
2781 4349 3005 4404 modum
3051 4347 3226 4415 aperit
3261 4359 3371 4413 quo

1796 4450 2063 4519 promissa
2086 4445 2408 4516 complenda
2446 4450 2597 4509 sunt,
2623 4442 2708 4497 his
2736 4439 2917 4495 verbis
2945 4457 2958 4491 :
2984 4466 3055 4479 -—
3079 4434 3247 4488 Vsus.
3279 4433 3368 4486 11.

120 4534 191 4604 τῷ
225 4536 342 4611 Θεῷ
373 4540 462 4592 διὰ
498 4540 597 4610 τῆς
638 4538 999 4608 εὐαγγελικῆς
1032 4534 1376 4597 διδασκαλίας
1424 4531 1680 4602 ἀνατεθη-

1794 4540 2165 4597 Misericordia
2200 4549 2248 4593 et
2292 4539 2484 4597 veritas
2521 4536 2855 4597 obviaverunt
2904 4529 3027 4595 sibi,
3078 4525 3295 4596 justitia
3320 4534 3369 4578 et

124 4629 368 4701 σομένης.
428 4626 563 4685 Εἶτα
611 4631 822 4693 τούτοις
880 4628 1009 4698 ἑξῆς
1056 4627 1147 4681 τὸν
1194 4627 1420 4697 τρόπον,
1463 4623 1585 4678 καθ’
1632 4620 1691 4677 ὃν

122 4717 333 4788 ἔμελλεν
379 4721 946 4795 ἀποπληρωθήσεσθαι
996 4718 1065 4771 τὰ
1107 4718 1526 4789 ἐπηγγελμένα,
1573 4718 1690 4771 δια-

124 4817 274 4880 σαφεῖ
316 4816 526 4884 λέγων·
566 4817 775 4880 Ἔλεος
819 4812 918 4867 καὶ
976 4810 1227 4879 ἀλήθεια
1268 4807 1689 4876 συνήντησαν,

124 4901 468 4977 δικαιοσύνη
516 4908 617 4962 καὶ
643 4906 852 4975 εἰρήνη
896 4904 1332 4973 κατεφίλησαν.
1367 4901 1471 4955 Δύο
1501 4900 1565 4971 δὴ
1604 4900 1693 4967 διὰ

122 4995 315 5052 τούτων
344 5001 602 5070 συζυγίας
633 5000 797 5070 φησὶν
824 4998 1082 5070 ἀλλήλαις
1108 4993 1527 5067 συνηντηκέναι,
1560 4986 1635 5047 ὧν
1660 4995 1693 5064 ή

124 5087 308 5161 πρώτη
336 5078 517 5158 ἐλέους
548 5088 616 5164 ἦν
647 5092 743 5147 καὶ
772 5090 1051 5161 ἀληθείας,
1082 5091 1116 5161 ή
1144 5088 1200 5142 δὲ
1233 5086 1462 5159 δευτέρα
1492 5086 1695 5152 δικαιο-

124 5177 281 5251 σύνης
324 5185 419 5237 καὶ
459 5186 703 5256 εἰρήνης.
740 5183 1085 5252 Συνήνεησαν
1118 5180 1392 5252 ἀλλήλαις,
1417 5178 1571 5251 φησὶν
1603 5177 1695 5248 καθ’

127 5269 367 5345 φιλικούς
418 5278 741 5347 ἀσπασμοὺς
770 5274 1175 5329 ἀποδεδώκασι·
1226 5271 1593 5343 κατεφίλησάν
1635 5286 1696 5322 τε

126 5363 254 5431 ὁμοῦ
276 5366 378 5437 τὴν
410 5368 754 5441 δικαιοσύνην
776 5368 871 5434 καὶ
900 5367 1000 5439 τὴν
1035 5368 1258 5437 εἰρήνην
1287 5367 1321 5435 ἡ
1349 5364 1576 5435 ἀλήθεια
1603 5362 1699 5433 καὶ

128 5451 186 5515 ’ξύ
211 5452 376 5519 ἔλεος.
417 5451 583 5513 Πόθεν
612 5460 671 5513 δὲ
693 5458 1026 5530 ἀφικόμεναι
1051 5455 1307 5527 ἀλλήλαις
1338 5456 1697 5527 συνήντησαν,

133 5545 287 5600 πάλιν
316 5541 520 5615 ὑποϐὰς
549 5552 789 5610 διδάσκει
808 5551 1011 5620 λέγων·
1056 5548 1324 5616 Ἀλήθεια
1356 5548 1425 5603 ἐκ
1452 5547 1563 5617 τῆς
1589 5546 1702 5619 γῆς

132 5638 415 5708 ἀνέτειλε,
440 5644 537 5698 καὶ
575 5644 926 5714 δικαιοσύνη
969 5644 1037 5699 ἐκ
1070 5642 1177 5697 τοῦ
1218 5641 1478 5711 οὐρανοῦ
1503 5640 1699 5697 διέκυ-

200 5822 242 5849 ⁵⁰
286 5821 414 5879 Luc.
454 5841 527 5889 ιι,
563 5826 763 5889 29,50.
839 5826 879 5857 δ’
927 5823 1117 5882 Matth.
1157 5838 1287 5889 χω,
1325 5822 1410 5879 Π.

1791 4652 1898 4705 pax
1932 4634 2184 4689 osculata:
2227 4641 2371 4685 sunt.
2422 4628 2518 4684 His
2568 4642 2733 4699 porro
2767 4626 2924 4680 binas
2955 4618 3372 4690 conjugationes

1793 4725 2067 4779 coaluisse
2096 4723 2277 4788 docet,
2309 4735 2541 4791 quarum
2578 4718 2751 4787 prima
2785 4722 2871 4769 est
2904 4709 3295 4765 misericordiae
3318 4716 3374 4761 et

1792 4817 2073 4882 veritatis;
2107 4814 2349 4871 secunda
2377 4829 2525 4878 vero,
2552 4809 2781 4881 iustitia:
2810 4815 2864 4862 et
2906 4804 3081 4877 pacis.
3106 4803 3374 4858 Occurre-

1795 4916 1946 4974 runt,
1984 4908 2183 4977 inquit,
2227 4914 2441 4970 mutuo,
2477 4904 2796 4971 amicasque
2838 4898 3199 4955 salutationes
3241 4909 3376 4949 con-

1795 5001 2041 5056 tulerunt
2088 5018 2102 5056 :
2143 5000 2333 5055 oscula
2370 4997 2641 5055 dederunt
2677 4994 2842 5052 simul
2890 4992 3119 5064 iustitiae
3156 4996 3211 5044 et
3254 4986 3374 5059 paci

1796 5090 2003 5147 veritas
2028 5097 2083 5145 et
2101 5088 2509 5146 misericordia.
2540 5085 2699 5144 Unde
2736 5100 2865 5141 vero
2899 5082 3155 5154 profectae
3183 5087 3375 5133 mutuo

1798 5183 2167 5249 occurrerint,
2219 5181 2521 5239 secundum
2571 5181 2688 5235 haec
2729 5176 2971 5233 declarat
3018 5174 3104 5229 his
3142 5171 3372 5228 verbis:

1798 5308 1869 5318 —
1891 5275 2058 5332 Vsus.
2092 5277 2182 5331 12.
2228 5275 2432 5329 Veritas
2462 5272 2526 5327 de
2554 5282 2693 5325 terra
2717 5280 2836 5325 orta
2864 5276 2962 5333 est,
2994 5277 3043 5321 et
3065 5266 3284 5336 justitia
3312 5263 3377 5319 de

1802 5370 1928 5434 caelo
1949 5369 2239 5440 prospexit.
2261 5366 2459 5436 Utpote
2481 5365 2644 5436 igitur
2664 5379 2732 5418 ex
2753 5375 2949 5432 magna
2969 5355 3379 5427 intercapedine

1802 5470 1995 5518 mutuo
2026 5467 2440 5521 concurrentes,
2478 5472 2599 5512 sese
2636 5455 2871 5511 invicem
2910 5452 3172 5522 amplexa:
3201 5457 3256 5505 et
3287 5464 3379 5505 os-

1802 5554 1999 5610 culata:
2029 5559 2178 5614 sunt,
2215 5549 2344 5604 hinc
2382 5548 2602 5618 justitia
2631 5563 2753 5618 qua:
2795 5546 2863 5601 de
2905 5544 3047 5600 ctelo
3086 5544 3139 5598 in
3176 5550 3380 5598 terram

1804 5643 2107 5718 prospexit,
2149 5640 2275 5698 inde
2312 5641 2518 5697 veritas
2564 5655 2686 5711 qua:
2730 5638 2798 5695 de
2845 5638 2955 5693 imo
2982 5636 3099 5693 sive
3133 5634 3199 5690 dc
3234 5641 3381 5695 terra
