3798 6282
457 358 600 415 1025

1169 356 1445 415 EUSEBII
1483 354 1958 414 CIESARIENSIS
1994 356 2146 414 OPP.
2186 355 2368 411 PARS
2403 354 2493 412 Ill.
2532 387 2601 399 -—
2640 357 3046 416 EXEGETICA.

3532 371 3631 429 {094

455 488 579 535 orta
609 484 715 535 est.
755 476 854 535 His
884 484 1289 549 consequenter
1318 476 1643 547 adjiciemus
1666 484 1721 531 et
1752 475 2040 547 subjunge-

2150 480 2291 545 ψεν.
2334 476 2422 540 Ὡς
2452 478 2517 530 ὲκ
2557 478 2768 549 μακροῦ
2809 476 3098 548 τοιγαροῦν
3131 479 3475 552 διαστήματος
3502 502 3639 541 mw.

454 585 581 625 mus
611 584 676 624 ea
711 584 837 640 qua:
865 569 921 623 in
953 567 1227 639 principio
1259 567 1455 638 psalmi
1477 568 1658 637 posita
1699 574 1852 631 sunt,
1882 575 1937 622 et
1966 567 2048 622 sic

460 660 667 716 habent
693 660 1078 726 :Benediasisti,
1110 659 1358 725 Domine,
1383 668 1581 713 terram
1612 668 1777 726 tuam,
1810 658 2049 714 avertisti

456 753 823 823 captivitatem
850 751 887 806 .1
891 752 1041 807 acab.
1073 751 1346 807 Remisisti
1375 751 1706 821 iniquitatem
1729 749 1894 818 plebis
1919 759 2044 815 ture,

460 846 719 916 aperuisti
750 847 931 899 omnia
972 854 1190 915 peccata
1219 856 1423 922 eorum.
1468 842 1594 897 Haec
1621 842 1822 913 quippe
1860 841 2046 897 omnia

450 946 570 992 tum
605 936 790 991 futura
822 936 1349 1006 prmnuntiabantur,
1388 948 1517 988 cum
1569 933 1814 988 salutare
1843 930 1940 992 Dei
1981 932 2040 987 in

453 1037 605 1084 terra
628 1028 808 1083 visum
833 1035 1000 1083 esset.
1037 1025 1318 1098 Siquidem
1338 1039 1448 1081 una
1476 1038 1604 1080 cum
1643 1024 1871 1079 salutari
1893 1024 2039 1078 veri-

456 1128 545 1176 tas
581 1120 650 1176 de
682 1128 827 1175 terra
856 1128 995 1186 orta,
1027 1134 1092 1175 ac
1118 1118 1338 1189 justitia
1373 1132 1495 1188 quas
1525 1116 1595 1171 de
1635 1116 1779 1171 creto
1825 1116 2043 1187 prospi-

452 1212 607 1267 ciens
659 1212 760 1282 ipsi
806 1211 1076 1274 occurrit,
1131 1207 1228 1265 Dei
1279 1209 1516 1281 gratiam
1564 1223 1633 1264 ex
1677 1222 1836 1278 aequo
1864 1223 2043 1279 exque

453 1317 714 1373 suprema
768 1301 907 1373 justi
956 1301 1172 1357 ratione
1215 1301 1275 1356 in
1325 1314 1520 1356 omnes
1568 1299 1820 1356 homines
1867 1298 2043 1357 edun-

457 1395 564 1451 dit.

2146 568 2338 638 χοῦσαι
2376 566 2666 638 ἀλλήλαις.
2710 568 3139 641 περιεπτύξαντο
3175 571 3273 624 καὶ
3320 573 3636 646 κατεφίλησαν·

2144 656 2352 711 ἄνωθεν
2383 658 2483 729 μὲν
2505 656 2565 723 ἐξ
2593 659 2823 730 οὐρανοῦ
2847 660 3153 730 διακύψασα
3182 662 3277 716 ἐπὶ
3302 664 3396 734 τὴν
3431 664 3519 733 γῆν
3541 669 3640 738 ήδι·

2144 747 2428 819 καιοσύνη,
2482 748 2729 803 κάτωθεν
2774 749 2833 803 δὲ
2879 749 2991 804 ἀπὸ
3030 750 3131 822 τῆς
3177 751 3284 822 γῆς
3332 754 3641 830 iussiiussi}

2145 840 2392 912 ἀλήθεια.
2417 837 2640 905 Τούτοις
2677 841 2984 907 ἀκολούθως
3012 843 3138 915 ἑξῆς
3170 842 3562 915 παραθησόμεθα
3581 851 3643 901 καὶ

2147 932 2459 1004 συνάψομεν
2487 933 2557 987 τὰ
2602 932 2797 1006 πρῶτα
2828 932 2922 988 τοῦ
2960 933 3212 1005 ψαλμοῦ,
3244 937 3303 987 ὲν
3345 928 3420 998 οἷς
3458 934 3641 1003 ἐλέγετο·

2142 1025 2522 1095 Εὐδόκησας,
2547 1028 2742 1096 Κύριε,
2767 1025 2882 1096 τὴν
2901 1026 3021 1097 γῆν
3038 1041 3175 1092 σσυ,
3196 1026 3551 1097 ἀπέστρεψας
3569 1029 3645 1096 τὴν

2144 1120 2564 1189 αἰχμαλωσίαν
2615 1117 2829 1174 Ἰακώϐ.
2881 1117 3137 1189 Ἅφῆκας
3181 1117 3297 1186 τὴν
3326 1119 3551 1188 ἀνομίαν
3575 1121 3645 1173 τοῦ

2144 1209 2299 1265 λαοῦ
2325 1225 2462 1274 σου,
2482 1208 2795 1278 ἐκάλυψας
2828 1208 3031 1276 πάσας
3049 1208 3157 1276 τὰς
3181 1209 3461 1278 ἁμαρτίας
3488 1210 3643 1265 αὐτῶν.
3760 1268 3761 1271 η

2145 1299 2331 1355 Ταῦτα
2356 1300 2466 1372 γὰρ
2496 1300 2673 1355 πάντα
2696 1300 2911 1372 μέλλειν
2941 1300 3159 1355 ἔσεσθαι
3189 1301 3645 1372 προεφητεύετοηώ
3760 1299 3761 1372 ᾖ

2153 1391 2423 1463 σωτηρίου
2455 1392 2549 1447 τοῦ
2590 1391 2725 1446 Θεοῦ
2749 1394 2843 1446 ἐπὶ
2874 1392 2978 1468 γῆς
3038 1390 3316 1461 ὀφθέντος.
3351 1391 3488 1444 Ἐπεὶ
3506 1393 3648 1463 abst

450 1484 717 1555 Σωτηρίῳ
760 1482 988 1555 ἀλήθεια
1017 1483 1084 1535 ὲκ
1114 1482 1215 1553 τῆς
1244 1481 1349 1552 γῆς
1383 1480 1733 1547 ἁνατείλςισα,
1773 1481 1950 1557 ταύτῃ
2017 1498 2078 1536 τε
2119 1483 2500 1556 συναντήσασα
2537 1485 2572 1556 ἡ
2623 1486 2687 1538 ὲκ
2731 1484 2825 1537 τοῦ
2865 1483 3097 1554 ούρανοῦ
3166 1481 3467 1551 διακύψασα
3505 1483 3648 1537 Staats-

452 1577 586 1649 σύνη
609 1617 624 1641 ,
660 1579 739 1640 εἰς
788 1578 1000 1641 πάντας
1031 1574 1355 1647 ἀνθρώπους
1399 1573 1461 1641 ἐξ
1506 1574 1623 1639 ἴσου
1659 1577 1756 1629 καὶ
1803 1577 1946 1631 κατὰ
1978 1576 2039 1631 τὸ
2077 1576 2417 1637 δικαιότατον
2441 1577 2541 1649 τὴν
2569 1577 2662 1631 τοῦ
2686 1577 2823 1632 Θεοῦ
2849 1578 3007 1650 χάριν
3037 1576 3339 1649 ὲξήπλωσε.

528 1693 625 1750 His
663 1708 832 1764 porro
881 1693 1103 1750 divinus
1163 1693 1379 1749 Domini
1412 1701 1467 1749 et
1501 1692 1816 1754 Servatoris
1865 1697 2040 1755 nostri

2218 1697 2413 1769 Σαφῶς
2445 1699 2503 1753 δὲ
2530 1698 2619 1752 διὰ
2656 1698 2860 1752 τούτων
2887 1701 2920 1777 ἡ
2952 1698 3242 1769 θεοφάνεια
3262 1697 3355 1752 τοῦ
3384 1699 3558 1772 Κυρίου
3589 1702 3651 1754 καὶ

446 1782 576 1840 Jcsu
608 1784 821 1841 Christi
888 1785 1155 1841 adventus
1197 1786 1487 1858 perspicue
1540 1787 1901 1856 enuntiatur;
1945 1803 2040 1859 per

2144 1794 2394 1865 Σωτῆρος
2441 1792 2599 1865 ἡμῶν
2641 1791 2815 1865 Ἰησοῦ
2865 1793 3103 1864 Χριστοῦ
3154 1792 3500 1864 παρίσταται·
3545 1791 3649 1848 iis}

450 1892 616 1947 quem
661 1877 838 1931 solum
876 1877 1079 1934 veritas
1127 1877 1195 1934 de
1241 1885 1387 1932 terra
1426 1884 1547 1937 orta
1578 1888 1664 1934 est
1697 1895 1715 1935 :
1748 1879 1877 1951 quia
1925 1879 2045 1951 ipse

443 1970 652 2024 veritas
691 1976 832 2033 erat,
868 1983 930 2024 ac
973 1969 1242 2027 doctrina:
1287 1970 1410 2039 ejus
1453 1972 1783 2042 evangelicae
1829 1988 2036 2040 sermo,

445 2075 557 2115 non
582 2068 641 2114 ut
667 2062 795 2115 olim
822 2061 877 2115 in
920 2061 1111 2132 figuris
1152 2070 1208 2115 et
1248 2062 1537 2135 symbolis,
1570 2063 1668 2119 sed
1723 2078 1818 2136 per
1865 2064 2041 2135 ipsam

444 2152 739 2223 veritatem
797 2153 1139 2209 tradebatur.
1192 2151 1320 2209 Ideo
1371 2155 1578 2211 dictum
1623 2165 1709 2211 est
1759 2173 1772 2210 :
1812 2154 1923 2215 Lee:
1950 2172 2042 2225 per

444 2242 690 2314 Moysem
719 2245 853 2299 data
894 2254 994 2310 est,
1023 2246 1201 2317 gratia
1232 2256 1284 2301 et
1312 2248 1506 2312 veritas
1546 2263 1637 2317 per
1668 2234 1854 2305 Iesum
1886 2248 2043 2304 Chri-

443 2344 585 2389 stum
611 2335 758 2404 facta
786 2335 928 2389 est"
953 2336 977 2389 ?
1025 2335 1293 2394 Universa
1332 2347 1514 2394 autem
1548 2353 1715 2408 opera
1744 2338 1866 2409 ejus
1894 2340 2040 2395 veri-.-

442 2433 530 2480 tas
556 2434 736 2491 erant,
767 2441 983 2481 necnon
1012 2437 1170 2483 ortus
1195 2430 1338 2499 ejus,
1370 2429 1558 2500 passio
1585 2436 1640 2485 et
1666 2438 1887 2498 caetera,
1919 2447 2041 2504 quae

442 2517 629 2587 specie
658 2519 840 2573 solum
873 2527 928 2574 et
956 2519 1249 2590 phantasia
1274 2530 1429 2593 gesta
1460 2522 1634 2580 fuisse
1672 2525 2041 2595 opinabantur

446 2611 594 2665 athel
633 2610 903 2669 haeretici.
936 2612 1095 2679 Quod
1129 2616 1176 2673 si
1220 2618 1402 2673 omnis
1435 2617 1601 2672 homo
1634 2617 1893 2683 mendax,
1924 2632 2041 2673 me-

443 2701 559 2757 rito
590 2704 711 2773 ipse
742 2704 917 2771 solus,
954 2706 1049 2776 qui
1085 2708 1288 2765 veritas
1317 2716 1425 2775 est,
1473 2709 1543 2766 de
1573 2717 1722 2766 terra
1753 2718 1908 2768 ortus
1930 2721 2036 2778 est,

441 2796 791 2867 peregrinum
822 2799 1104 2870 quidpiam
1137 2809 1191 2856 et
1233 2801 1520 2872 insolens;
1555 2811 1700 2860 term
1720 2806 1881 2875 quale
1904 2822 2041 2861 nun-

445 2901 615 2956 quam
651 2890 853 2945 tulerat
881 2891 1087 2955 bonum
1118 2892 1453 2964 proferente,
1482 2897 1534 2950 in
1562 2913 1674 2968 quo
1703 2898 1923 2968 justitia
1947 2899 2036 2958 illa

445 2978 516 3035 de
541 2981 684 3035 cmlo
723 2984 1068 3056 prospiciens
1111 2987 1401 3057 requievit.
1451 2988 1671 3044 Justitia
1721 3006 1872 3057 vero,
1918 3007 2040 3062 qua:

443 3073 505 3128 in
537 3075 772 3131 veritate
803 3078 1095 3149 requievit,
1127 3095 1377 3151 quasnam
1401 3083 1506 3137 alia
1539 3082 1728 3149 fuerit,
1774 3084 1883 3143 nisi
1920 3085 2037 3156 ipse
2060 3119 2110 3183 ο

445 3161 761 3183 ,μμ-τι
852 3167 932 3183 ν.
1460 3181 1467 3183 _
1612 3175 1771 3183 Α.-

443 3161 593 3224 Deus
626 3163 867 3221 Verbum
900 3167 969 3223 de
996 3183 1107 3238 quo
1143 3169 1351 3225 dictum
1389 3181 1474 3228 est
1530 3193 1543 3230 :
1602 3175 1705 3241 Qui
1744 3175 1918 3245 [actus
1956 3187 2034 3232 est

443 3253 601 3315 nobis
632 3256 895 3324 sapientia
925 3273 959 3310 a
993 3255 1126 3322 Deo,
1150 3258 1373 3328 justitia
1410 3271 1462 3316 et
1494 3265 1849 3335 sanctiﬁcatio
1875 3275 1927 3319 et
1953 3282 2036 3320 re-

444 3344 676 3414 demptio
725 3347 813 3400 "‘3
858 3346 960 3404 Hic
1011 3364 1251 3421 namque
1295 3367 1363 3408 ex
1405 3353 1563 3409 caelis
1603 3354 1943 3413 descendens
1977 3357 2032 3411 in

442 3436 699 3503 veritate,
733 3453 855 3509 quae
889 3440 957 3496 de
993 3452 1139 3497 terra
1170 3451 1295 3498 orta
1337 3453 1442 3509 est,
1488 3447 1776 3516 requievit,
1822 3448 2037 3520 ipsique

441 3526 796 3597 conjunctus,
830 3545 931 3586 ceu
965 3532 1221 3588 dilectam
1252 3535 1564 3592 amabiliter
1591 3552 1712 3592 eam
1744 3540 2036 3609 amplexa-

448 3623 543 3672 tus
568 3626 673 3674 est.
710 3618 946 3678 Veritati
985 3639 1152 3695 porro
1209 3624 1277 3681 de
1330 3633 1475 3681 terra
1516 3638 1651 3683 ortae
1691 3646 2035 3701 praecurrens

446 3709 640 3772 aderat
665 3712 1043 3770 misericordia
1069 3733 1084 3771 :
1109 3733 1206 3788 per
1228 3718 1664 3776 misericordiam
1691 3724 1892 3795 quippe
1914 3724 2032 3790 Dei,

448 3809 566 3858 tota
595 3807 844 3863 veritatis
885 3808 1227 3880 dispensatio
1271 3811 1415 3866 facta
1446 3820 1553 3869 est.
1583 3812 1865 3871 Justitiam
1906 3832 2037 3873 vero

443 3895 516 3950 de
548 3897 690 3952 coelo
724 3898 1003 3971 delapsam
1039 3917 1141 3972 pax
1176 3905 1543 3974 sequebatur;
1567 3916 1626 3960 ut
1653 3906 1905 3965 homines
1927 3918 2038 3965 ter-

443 4004 566 4043 ram
597 3990 927 4056 incolentes,
968 4009 1077 4049 non
1109 3997 1285 4051 solum
1320 3998 1695 4055 misericordia
1726 3999 1820 4056 Dei
1855 4009 1909 4056 et
1942 4018 2034 4059 ve—

445 4080 635 4146 ritate,
671 4083 766 4138 sed
794 4086 961 4139 etiam
992 4085 1333 4145 illa'cmlesti
1371 4090 1591 4160 justitia
1622 4101 1677 4148 et
1711 4093 1832 4163 ejus
1859 4093 2033 4150 amica

446 4185 586 4242 pace
633 4169 969 4230 fruerentur.
1001 4174 1137 4231 Nam
1169 4178 1298 4233 olim
1344 4179 1563 4250 quidem
1596 4181 1823 4252 justitia:
1852 4190 1908 4238 et
1939 4199 2036 4254 ρει-

443 4260 528 4317 cis
557 4260 898 4319 domicilium
930 4266 1132 4327 cmlum
1177 4278 1336 4336 erat;
1375 4288 1520 4326 nunc
1559 4290 1690 4329 vero
1731 4281 1874 4329 terra
1908 4291 2031 4330 cum

445 4354 831 4410 misericordia
856 4355 950 4411 Dei
975 4359 1029 4412 in
1055 4367 1202 4414 terra
1234 4361 1496 4417 substitit.
1519 4361 1655 4418 Nam
1685 4364 1800 4420 haec
1827 4366 2034 4421 subse-

2148 1885 2309 1958 μόνου
2353 1883 2642 1958 ἠὰλήθεια
2686 1885 2751 1938 ὲκ
2782 1884 2880 1954 τῆς
2929 1884 3033 1956 γῆς
3075 1882 3383 1937 ἀνέτειλεν·
3424 1884 3649 1957 ἐπειδήπερ

2143 1979 2308 2045 αὐτὸς
2352 1974 2420 2053 ἦν
2459 1980 2493 2051 ἠ
2532 1977 2782 2049 ἀλήθεια,
2834 1979 2862 2032 ὅ
2909 1995 2967 2032 τε
3001 1976 3102 2047 τῆς
3149 1977 3500 2048 εύαγγελικῆς
3535 1979 3650 2031 αὑτοῦ

2141 2071 2490 2136 διδασκαλίας
2521 2071 2680 2140 λόγος
2718 2071 2818 2124 οὐκ
2851 2069 2927 2124 ἔθ’
2962 2070 3038 2134 ὡς
3068 2070 3129 2123 τὸ
3163 2070 3393 2125 παλαιὸν
3436 2071 3488 2123 ἐν
3517 2070 3650 2133 τύποις

2143 2165 2238 2219 καὶ
2267 2165 2357 2219 διὰ
2390 2163 2677 2235 συμϐόλων
2721 2162 3072 2235 παραδέδοτο,
3105 2162 3244 2216 ἀλλὰ
3294 2162 3362 2215 δι’
3387 2163 3535 2234 αὐτῆς
3563 2162 3649 2232 ili,—

2143 2257 2311 2320 θείας.
2338 2255 2429 2308 Διὸ
2450 2255 2662 2327 εἴρηται
2684 2272 2696 2284 ·
2737 2255 2791 2307 '0
2820 2255 3005 2324 νόμος
3035 2253 3441 2320 διὰΜωϋσέως
3461 2254 3649 2322 ἐδόθτΜί
3760 2312 3761 2315 η

2140 2348 2313 2420 χάρις
2347 2348 2448 2402 καὶ
2474 2347 2513 2415 ἡ
2542 2347 2798 2417 ἀλήθεια
2822 2345 2920 2402 διὰ
2954 2346 3150 2414 Ἰησοῦ
3174 2345 3433 2415 Χριστοῦ
3458 2345 3649 2415 ἐγένετο.
3760 2394 3761 2420 ἰ

2140 2440 2253 2496 Καὶ
2281 2440 2451 2498 πᾶσαι
2478 2438 2537 2491 δὲ
2566 2437 2729 2493 αὑτοῦ
2757 2439 2811 2492 αἱ
2861 2436 3088 2510 πράξεις
3127 2437 3357 2510 ἀλήθεια
3387 2433 3528 2508 ἦσαν,
3557 2438 3584 2507 ἡ
3613 2450 3651 2490 τε

2140 2532 2355 2604 γένεσις
2389 2531 2554 2586 αὐτοῦ
2588 2532 2767 2586 καὶτὸ
2796 2530 2967 2596 πάθος
2999 2532 3092 2591 καὶ⁷
3113 2531 3182 2584 τὰ
3216 2531 3400 2595 λοιπὰ,
3420 2530 3453 2585 ἃ
3478 2531 3532 2603 δὴ
3555 2531 3650 2584 ιζ.τὰ

2139 2626 2362 2698 δόκησιν
2394 2624 2489 2679 καὶ
2535 2623 2840 2694 φαντασίαν
2876 2623 3145 2678 ὑπέλαϐον
3170 2623 3447 2694 γεγονέναι
3478 2624 3519 2674 οἱ
3550 2621 3651 2675 ἄθεοι

2141 2714 2479 2786 αἰρεσιῶται.
2518 2715 2584 2768 Εἰ
2604 2715 2660 2769 δὲ
2698 2714 2793 2768 καὶ
2819 2716 2926 2778 πᾶς
2960 2714 3247 2786 ἄνθρωπος
3277 2713 3518 2785 ψεύστης,
3542 2712 3651 2783 μόνος

2141 2808 2208 2871 ἃν
2236 2807 2397 2871 αὐτὸς
2420 2807 2665 2873 εἰκότως,
2691 2808 2914 2881 ἀλήθεια
2942 2807 3039 2872 ὣν,
3066 2808 3174 2864 ἀπὸ
3200 2806 3304 2878 τῆς
3332 2807 3432 2878 γῆς
3456 2806 3649 2866 ἀνέτειλε,

2143 2897 2294 2973 ξένον
2323 2916 2374 2953 τι
2398 2901 2585 2971 χρῆμα
2619 2900 2718 2972 τῆς
2754 2903 2892 2973 γῆς,
2941 2900 3035 2957 καὶ
3069 2894 3179 2954 οἷον
3220 2898 3543 2954 οὐδεπώποτε
3564 2911 3651 2969 ςερν-

2141 2992 2411 3064 ηνέγκατο
2439 2991 2668 3061 ἀγαθὸν,
2690 2993 3028 3066 ἀποδούσηςο
3064 2994 3150 3062 ἐφ’
3182 2993 3247 3047 ὃν
3273 2995 3367 3057 καὶ
3395 2996 3427 3064 ὴ
3459 2992 3510 3056 ἐξ
3536 2992 3650 3061 οὖρα·

2142 3084 2234 3141 νοῦ
2264 3085 2573 3157 διακύψασα
2596 3086 2908 3159 δικαιοσύνη
2941 3086 3308 3142 ἀνεπαύσατο.
3337 3086 3428 3150 Τίς
3457 3086 3495 3139 δ⁴
3522 3085 3571 3139 ἂν
3595 3086 3650 3152 εἴη

2139 3182 2172 3251 ἠ
2194 3179 2507 3251 δικαιοσύνη
2529 3182 2560 3251 ή
2585 3180 3020 3254 ἅναπαυσαμένη
3045 3182 3138 3235 ὲπὶ
3157 3182 3260 3253 τὴν
3284 3178 3648 3253 ἀλήθειαν

2138 3273 2300 3337 αὐτὸς
2334 3274 2362 3326 ὁ
2395 3271 2527 3336 Θεὸς
2568 3272 2741 3341 Λόγος
2762 3311 2777 3335 ,
2811 3274 2939 3344 περὶ
2967 3267 3027 3327 οῦ
3056 3271 3298 3346 εἴρηται,
3337 3275 3430 3340 Ὃς
3463 3270 3649 3342 ἐγενήθη

2136 3365 2281 3436 ἡμῖν
2325 3363 2513 3434 σοφία
2556 3363 2675 3418 ἀπὸ
2710 3363 2881 3431 Θεοῦ,
2914 3363 3275 3433 δικαιοσύνη
3317 3381 3380 3419 τε
3427 3362 3649 3429 sald-fta-
3760 3354 3761 3373 ‘

2136 3457 2293 3526 σμὸς
2335 3456 2432 3509 καί
2482 3455 2934 3522 ἀπολύτρωσιςς
2978 3449 3144 3519 Οὗτος
3182 3456 3326 3525 γὰρ,
3361 3454 3420 3521 ἐξ
3463 3452 3647 3525 οὐρανῶν

2137 3548 2401 3612 καταϐὰς,
2433 3547 2848 3601 ὲπανεπαύσατο
2877 3549 2943 3619 τῇ
2982 3547 3089 3602 ἀπὸ
3118 3547 3217 3618 τῆς
3248 3548 3355 3617 γῆς
3392 3543 3650 3612 ἀνατειλάςῃ

2137 3641 2384 3713 ἀληθείᾳ,
2412 3639 2597 3714 ἡνώθη
2633 3657 2692 3695 τε
2742 3641 2918 3712 αὐτῇ,
2949 3642 3045 3695 καὶ
3090 3641 3166 3704 ὡς
3212 3640 3344 3711 φίλῃ
3387 3633 3650 3711 περιπλοκᾶς
3760 3716 3761 3721 η

2137 3735 2305 3790 ἔδωκε
2336 3734 2580 3806 φιλικὰς.
2608 3734 2781 3805 Συνῆν
2811 3736 2868 3789 δὲ
2906 3737 2974 3807 τῇ
3008 3734 3107 3806 μὲν
3142 3736 3252 3789 ἀπὸ
3300 3735 3398 3805 τῆς
3439 3732 3531 3802 γῆς
3557 3731 3649 3784 ἀνι·

2137 3826 2361 3899 τειλάσῃ
2389 3824 2619 3898 ἀληθείᾳ
2645 3825 2707 3878 τὸ
2744 3823 2894 3888 ἔλεος
2928 3824 3228 3897 προτρέχον
3270 3824 3433 3895 αὐτῆς
3453 3841 3467 3865 οη
3488 3821 3560 3875 διὰ
3578 3817 3649 3887 γὰρ

2135 3916 2197 3969 τὺ
2224 3915 2315 3969 τοῦ
2343 3914 2478 3969 Θεοῦ
2512 3914 2661 3979 ἔλεος
2683 3915 2717 3987 ἠ
2753 3915 2905 3968 πᾶσα
2929 3913 3029 3985 τῆς
3051 3912 3310 3984 ἀληθείας
3334 3911 3533 3982 γέγονεν
3554 3909 3649 3958 οἰκο-

2136 4007 2329 4079 νομία·
2381 4010 2449 4078 τῇ
2486 4007 2543 4060 δὲ
2597 4005 2656 4071 ἐξ
2692 4005 2936 4078 οὐρανῶν
3000 4003 3338 4077 κατελθούσῃ
3397 3997 3647 4068 δικαιοσύνῃ

2137 4100 2374 4171 εἴπετοῤ)
2397 4102 2609 4172 εἰρήνη,
2635 4100 2784 4162 ὅπως
2804 4099 2973 4169 οἰ,ὲπ“ι
3006 4098 3108 4169 γῆς
3134 4096 3413 4159 οἰκοῦντες
3437 4092 3648 4163 cis/Optem:

2141 4192 2215 4264 μὴ
2260 4190 2418 4262 μόνον
2473 4191 2622 4245 ἐλέου
2660 4190 2795 4244 Θεοῦ
2843 4191 2938 4244 καὶ
2990 4189 3247 4259 ἀληθείας
3302 4184 3645 4243 ἀπολαύσωσιν,

2137 4284 2276 4338 ἀλλὰ
2299 4285 2392 4338 καὶ
2433 4284 2533 4355 τῆς
2565 4282 2622 4351 ἐξ
2654 4282 2899 4356 οὐρανῶν
2938 4282 3310 4356 δικαιοσύνης,
3350 4283 3458 4352 ἅμα
3481 4273 3648 4342 καὶτῆς

2137 4374 2342 4448 ταύτης
2392 4376 2553 4447 φίλης
2604 4376 2849 4447 εἰρήνης.
2898 4374 3075 4432 Πάλαι
3124 4373 3223 4445 μὲν
3255 4374 3366 4444 γὰρ
3406 4368 3647 4441 οἰκητήριον

442 4446 734 4516 quentium
763 4462 931 4505 causa
968 4448 1072 4504 fuit
1123 4469 1136 4505 :
1184 4452 1455 4524 siquidem
1490 4467 1713 4527 propter
1741 4455 1837 4512 Dei
1872 4458 2036 4516 mise-

2141 4446 2401 4534 ἐτύγχανε
2429 4446 2529 4536 τῆς
2553 4446 2897 4535 δικαιοσύνης
2925 4464 3020 4517 καὶ
3046 4463 3146 4534 τῆς
3188 4464 3409 4535 εἰρήνης
3447 4452 3644 4529 οὐρανός

441 4536 741 4594 ricordiam
772 4540 981 4611 reliqua
1005 4543 1189 4602 omnia
1223 4554 1412 4602 secuta
1444 4554 1574 4603 sunt
1603 4567 1616 4603 :
1648 4556 1774 4619 post
1806 4550 2032 4606 miseri-

443 4629 691 4685 cordiam
723 4632 925 4703 quippe
952 4635 1177 4699 veritas,
1205 4637 1334 4692 hinc
1359 4638 1597 4707 justitia,
1627 4639 1863 4710 denique
1895 4657 2027 4713 pax.

442 4721 524 4778 De
560 4721 856 4781 Servatore
892 4734 1042 4782 certe
1072 4736 1266 4784 nostro
1297 4729 1503 4785 diserte
1540 4731 1802 4787 scribitur
1836 4752 1849 4788 :
1891 4733 2032 4799 Quia

442 4814 556 4884 ipse
584 4823 664 4867 est
689 4828 797 4882 pax
830 4826 1033 4882 nostra,
1067 4819 1157 4889 qui
1200 4818 1323 4889 fecit
1357 4830 1581 4890 utraque
1623 4838 1786 4876 unum
1820 4823 1896 4893 “;
1930 4832 1985 4880 et
2015 4846 2028 4881 :

444 4903 751 4974 Paei/icans
777 4922 870 4976 per
893 4926 947 4963 se
975 4911 1080 4964 sive
1106 4927 1225 4982 quae
1245 4912 1300 4966 in
1327 4913 1493 4975 cwlis,
1528 4914 1635 4969 sive
1662 4933 1780 4987 quae
1809 4918 1864 4971 in
1890 4929 2032 4974 terra

424 4984 571 5051 sunt
593 4997 673 5065 ⁸³;
696 5012 761 5054 ac
788 5013 1010 5055 rursum
1045 5022 1057 5056 :
1100 5001 1322 5058 Veniens
1354 5007 1732 5079 euangelizavit
1757 5024 1939 5079 pacem
1964 5013 2030 5068 iis

444 5091 537 5161 qui
568 5091 739 5162 longe,
775 5100 828 5146 et
867 5093 935 5148 iis
995 5095 1085 5164 qui
1113 5110 1272 5165 prope
1323 5107 1448 5151 sunt
1479 5098 1548 5154 ".
1606 5076 1919 5173 Iure-ergo
1973 5104 2029 5161 in

443 5180 664 5240 Psalmo
703 5183 910 5240 dicitur
939 5186 1075 5241 illud
1112 5207 1125 5242 :
1173 5188 1548 5244 Verumtamen
1585 5208 1745 5263 prope
1789 5195 2027 5251 timentes

445 5291 566 5333 eum
623 5275 864 5331 salutare
896 5276 1086 5345 ipsius,
1109 5287 1166 5331 ut
1190 5279 1443 5335 inhabitet
1473 5282 1647 5352 gloria
1677 5285 1731 5337 in
1762 5294 1903 5339 terra
1935 5304 2030 5340 no-

446 5375 582 5428 stra.
615 5367 784 5423 Multa
806 5370 1008 5440 quippe
1038 5384 1341 5443 magnaque
1362 5375 1543 5445 gloria
1574 5376 1629 5430 in
1655 5384 1800 5431 terra
1819 5386 2029 5446 nostra,

448 5461 704 5517 videlicet
725 5461 783 5516 in
810 5463 962 5529 orbe,
994 5477 1090 5533 per
1111 5467 1522 5535 pmphetiarum
1546 5478 1799 5524 eventum
1821 5471 2033 5526 consti—

449 5551 535 5616 tit.
562 5552 626 5607 Et
647 5554 761 5623 qui,
776 5571 984 5627 quasso,
1003 5569 1113 5612 non
1135 5557 1448 5614 habitatura
1469 5570 1589 5616 erat
1609 5563 1780 5630 gloria
1801 5564 1858 5618 in
1886 5570 2032 5618 terra

452 5649 662 5709 nostra,
687 5646 907 5713 quando
940 5648 1187 5702 salutare
1215 5649 1409 5718 ipsius,
1441 5650 1696 5708 Christus
1718 5651 1836 5717 Dei,
1860 5661 1916 5709 et
1938 5652 2031 5708 illa

524 5796 569 5839 ’Ψ
596 5794 757 5858 Joan.
792 5814 845 5865 ι,
886 5799 971 5853 17.

2138 4546 2230 4611 νῦν
2260 4556 2316 4609 δὲ
2342 4557 2435 4609 καὶ
2460 4559 2493 4626 ἡ
2519 4556 2612 4627 γῆ,
2640 4556 2728 4609 ὅτε
2758 4556 2852 4608 ἐπὶ⁸
2872 4556 2972 4628 τῆς
3003 4556 3104 4628 γῆς
3125 4555 3334 4627 ὑπέστη
3362 4554 3419 4607 τὸ
3447 4551 3568 4612 ἔλεος
3583 4543 3643 4598 τοῦ

2135 4645 2466 4701 Θεοῦ.Τοῦτο
2480 4646 2586 4719 γὰρ
2602 4642 2667 4718 ἦν
2685 4645 2899 4700 καὶτῶν
2916 4644 3040 4718 ἑξῆς
3058 4646 3249 4703 αἴτιονο
3263 4646 3351 4700 διὰ
3368 4644 3469 4715 γὰρ
3481 4642 3531 4696 τὸ
3545 4640 3645 4697 ἕλεος

2138 4738 2232 4792 τοῦ
2257 4737 2394 4791 Θεοῦ
2436 4739 2532 4791 καὶ
2567 4737 2634 4790 τὰ
2679 4737 2845 4790 λοιπὰ
2876 4737 3053 4791 πάντα
3108 4736 3525 4811 ἐπηκολούθησε·
3552 4725 3643 4801 μεῖά

2137 4829 2247 4902 γὰρ
2280 4830 2338 4883 τὸ
2365 4829 2510 4893 ἕλεος
2547 4831 2580 4902 ἡ
2606 4829 2851 4901 ἀλήθεια,
2879 4828 3069 4884 ἔπειτα
3090 4831 3123 4902 ή
3142 4829 3465 4899 δικαιοσύνη,
3485 4823 3562 4878 καὶ
3584 4819 3642 4873 ἐπὶ

2135 4924 2301 4976 πᾶσιν
2318 4925 2350 4993 ἡ
2377 4922 2906 4995 εἰρήνη.Γέγραπται
2927 4922 2985 4977 δὲ
3010 4921 3193 4993 σαφῶς
3216 4921 3444 4994 περὶτοῦ
3458 4915 3641 4985 Σωτῆρος

2131 5017 2164 5088 ἡ
2175 5013 2310 5086 μῶν,
2346 5015 2466 5066 Ὅτι
2492 5014 2673 5080 αὑτός
2700 5014 2873 5068 ἐστιν
2913 5014 2953 5082 ἡ
2985 5013 3194 5084 εἰρήνη
3226 5013 3409 5084 ἡμῶν,
3445 5006 3641 5103 statim?

2133 5107 2207 5162 τὰ
2231 5107 2531 5177 ἀμφότερα
2554 5104 2624 5159 ἐν
2643 5120 2656 5136 ο
2689 5106 2804 5171 καὶ,
2828 5104 3309 5175 Εἰρηνοποιήσας
3326 5104 3397 5158 δι’
3420 5096 3571 5155 αὐτοῦ
3594 5096 3640 5145 td

2134 5199 2205 5254 ἐν
2231 5197 2355 5263 τοῖς
2390 5196 2669 5266 οὐρανοῖς
2702 5198 2801 5251 καὶ
2841 5196 2913 5251 τὰ
2950 5197 3048 5250 ἐπὶ
3079 5197 3190 5266 τῆς
3223 5197 3333 5268 γῆς
3354 5214 3366 5229 ο
3392 5194 3475 5249 καὶ

2147 5288 2368 5343 Ἐλθὼν
2419 5288 2858 5359 εὐηγγελίσατο
2896 5288 3146 5359 εἰρήνην
3190 5272 3636 5375 τοῖς

2136 5379 2260 5447 τοῖς
2291 5379 2490 5449 ἐγγύς.
2519 5378 2760 5445 Εἰκότως
2805 5375 2898 5434 οῦν
2948 5378 3037 5433 διὰ
3059 5379 3236 5435 ταῦτα
3281 5383 3335 5435 ὲν
3380 5378 3450 5449 τῷ
3493 5369 3633 5442 (Σκιλίιῷ

2135 5470 2351 5541 εἴρηται
2375 5469 2455 5537 τὸ,
2483 5469 2659 5539 Πλὴν
2683 5469 2865 5542 ἐγγὺς
2886 5470 3006 5531 τῶν
3028 5471 3403 5541 φοϐουμένων
3425 5462 3573 5522 αὐτὸν
3588 5454 3632 5509 τὸ

2133 5561 2433 5630 σωτήριον
2481 5559 2700 5626 αὐτοῦ,
2757 5562 2866 5616 τοῦ
2905 5562 3361 5632 κατασκηνῶσαι
3402 5557 3555 5622 δόξαν
3585 5548 3631 5603 έν

2135 5651 2213 5724 τῇ
2238 5651 2322 5728 Πῖῖ
2338 5652 2863 5726 ῆμῶνκΠολλὴγᾲρ
2887 5655 2982 5709 καὶ
3010 5654 3219 5727 μεγάλη
3248 5655 3365 5723 δόξα
3388 5654 3440 5708 ὲν
3465 5652 3518 5721 τῇ
3536 5645 3628 5723 ἦμες

1073 5801 1119 5834 ⁸³
1157 5801 1178 5856 l
1217 5801 1343 5860 Cor.
1384 5820 1434 5870 ι,
1470 5804 1560 5862 '50.
1638 5806 1684 5839 “
1722 5804 1921 5884 Ephes.
1959 5823 2032 5876 ιι,

2141 5848 2157 5865 .
2232 5809 2278 5844 ⁸³
2316 5807 2437 5865 Col.
2475 5823 2528 5873 ι,
2561 5808 2649 5864 20.
2727 5810 2789 5841 "-
2814 5806 3010 5885 Ephes.
3049 5822 3088 5864 ιι
3112 5849 3128 5876 ,
3167 5809 3255 5871 1⁸1.
