3798 6282
112 350 238 405 10⁵25

1261 334 1759 398 COMMENTARIA
1804 342 1871 397 1N
1910 342 2249 400 PSALMOS.

3212 356 3234 408 1
3244 356 3350 413 026

107 472 227 543 τέρᾳ
251 469 340 537 γῇ,
380 465 523 533 λέγω
548 463 603 517 δὲ
631 465 697 534 τῇ
746 461 852 515 τῶν
884 461 1196 534 ἀνθρώπων
1228 464 1542 536 οἰκουμένῃ,
1583 464 1655 517 διέ

1783 465 1843 519 de.
1873 466 2013 520 coelo
2046 464 2261 534 justitia
2293 463 2362 520 ad
2391 477 2510 520 eam
2537 467 2795 524 accedere
2817 469 3038 539 dignata
3058 478 3144 527 est
3166 472 3190 525 ?
3212 472 3352 528 Cum

106 566 191 633 τῆς
232 559 335 611 τῶν
380 558 870 627 προφητευομένων
928 555 1207 619 ἐκϐάσεως
1249 556 1503 627 συνέστη.
1558 558 1666 609 Καὶ

108 654 211 716 πῶς
249 651 355 721 γάρ
392 649 494 701 οὐκ
543 648 744 719 ἤμελλε
792 647 1163 718 κατασκηνοῦν
1212 647 1339 714 δόξα
1382 649 1439 701 ἐν
1482 651 1547 719 τῇ
1594 652 1665 719 γῇ

105 746 265 819 ήμῶν,
292 744 379 795 ὅτε
408 740 584 794 καὶτὸ
623 744 886 811 σωτήριον
913 739 1007 793 τοῦ
1053 738 1243 805 αὐτοῦ,
1272 739 1433 803 αὐτὸς
1470 742 1497 793 ὁ
1530 742 1667 811 Χρι-

106 839 213 899 στὸς
235 833 417 897 αὐτοῦ,
442 834 535 885 καί⁸
560 832 592 902 ἡ
620 831 677 896 ἐξ
699 830 929 903 οὐρανοῦ
954 830 1289 901 δικαιοσύνη,
1321 830 1520 901 ταύτης
1549 832 1667 883 ἐπι-

106 929 246 999 ϐῆναι
278 921 617 995 κατηξίωσε;
659 923 843 977 Ταῦτα
882 924 939 977 δὲ
988 923 1164 976 πάντα
1213 923 1522 987 ἐπακούσας
1569 922 1665 977 τοῦ

104 1019 220 1073 Θεοῦ
250 1016 636 1087 προορίσαντος
663 1016 755 1068 καὶ
798 1015 1233 1086 προλαλήσαντος
1267 1016 1359 1067 ἐπὶ
1410 1014 1502 1069 τὸν
1536 1015 1665 1069 λαὸν

107 1109 277 1173 αὐτοῦ,
303 1107 547 1170 θεσπίζει
575 1107 711 1177 μετὰ
738 1107 835 1178 τὴν
862 1108 1049 1178 εὐχὴν,
1078 1108 1275 1161 εἰπών’
1317 1110 1665 1177 Ἁκούσομαι

107 1203 155 1254 τί
178 1199 432 1267 λαλήσει
456 1200 670 1267 Κύριος
691 1202 723 1252 ό
750 1202 894 1264 Θεός
912 1215 924 1229 ·
953 1200 1032 1252 διὸ
1053 1200 1333 1271 ἐπήγαγεν
1364 1199 1516 1270 ἐξῆς⁸
1544 1201 1665 1254 Ὅτι

103 1290 342 1358 λαλήσει
372 1290 621 1358 εἰρήνην
641 1290 739 1343 ἐπὶ
764 1292 873 1345 τὸν
904 1291 1067 1365 λαὸν,
1093 1292 1297 1345 αὑτοῦ.
1341 1290 1489 1362 Αὐτη
1540 1292 1598 1346 δέ
1629 1294 1662 1364 ἡ

103 1384 276 1453 εἰρήνη
301 1381 491 1450 γέγονε
515 1381 591 1451 τῷ
613 1382 748 1452 λαῷ,
772 1383 859 1435 ὅτε
880 1382 941 1435 τὸ
956 1382 1101 1446 ἕλεος
1122 1384 1264 1454 καὶὴ
1290 1384 1515 1455 ἀλήθεια
1538 1401 1663 1436 συν-

105 1477 342 1545 ήντησαν,
376 1476 410 1544 ἦ
449 1492 509 1527 τε
537 1475 849 1547 δικαιοσύνη
876 1477 969 1528 καὶ
996 1478 1028 1547 ἡ
1051 1478 1241 1548 εἰρήνη
1273 1476 1658 1547 κατεφίλησαν.

104 1563 189 1620 Ὧν
205 1568 367 1631 οὕτως
393 1565 648 1637 ἐχόντων,
681 1568 866 1621 καὶτὰ
904 1568 1000 1638 τῆς
1029 1569 1197 1639 εὐχῆς
1223 1570 1539 1623 ἀποδέδοται
1566 1568 1659 1621 τοῦ

102 1662 384 1731 Προφήτου,
425 1662 523 1713 καὶ
548 1661 614 1713 τὰ
651 1660 757 1731 πρὸ
784 1662 883 1731 τῆς
911 1660 1077 1730 εὐχῆς
1098 1662 1382 1733 εἰρημένα.
1421 1663 1529 1715 Καὶ
1553 1662 1660 1732 γὰρ

102 1752 333 1822 εὐδόκησε
375 1750 583 1823 Κύριος
608 1752 703 1822 τὴν
740 1753 843 1822 γῆν
878 1753 1066 1817 αὐτοῦ,
1116 1754 1460 1817 καταξιώσας
1488 1755 1658 1825 αὐτὴν

1770 556 1883 610 haec
1905 563 2085 611 autem
2115 556 2299 609 omnia
2322 570 2354 611 a
2382 554 2493 610 Deo
2516 557 2741 613 deﬁnita
2776 570 2829 615 et
2858 564 3222 631 praenuntiata
3248 580 3348 619 au-

1768 645 1962 712 disset,
2021 652 2146 716 post
2186 646 2389 700 editam
2437 647 2741 701 orationem
2784 653 2895 704 haec
2946 654 3278 707 vaticinatur
3331 672 3347 709 :

1766 737 1999 793 Audiam
2024 738 2149 809 quid
2176 737 2416 808 loquetur
2437 739 2491 792 in
2514 755 2595 793 me
2622 739 2879 794 Dominus
2904 742 3047 799 Deus
3072 762 3090 810 ,'
3118 746 3351 816 ideoque

1767 830 1965 901 pergit,
1989 832 2234 901 quoniam
2258 832 2496 901 loquetur
2516 848 2697 899 pacem
2720 834 2771 886 in
2801 834 2999 903 plebem
3021 854 3197 893 suam.
3222 838 3350 894 Haec

1766 938 1897 979 vero
1927 938 2032 994 pax
2062 931 2177 977 tum
2218 923 2417 992 populo
2456 939 2719 979 concessa
2749 934 2855 988 est.
2892 943 3015 981 cum
3048 932 3351 985 misericor-

1766 1014 1857 1068 dia
1889 1023 1938 1068 et
1968 1017 2157 1069 veritas
2188 1015 2522 1069 obviaverunt
2554 1016 2676 1081 sibi,
2706 1016 2924 1086 justitia
2964 1028 3014 1072 et
3059 1037 3164 1088 pax
3192 1040 3353 1081 oscu-

1768 1106 1892 1161 lata
1920 1118 2063 1161 sunt.
2108 1106 2241 1173 Qua:
2290 1122 2416 1162 cum
2459 1108 2534 1161 ita
2573 1124 2633 1163 se
2668 1109 2926 1173 habeant,
2974 1127 3097 1166 cum
3134 1130 3198 1169 ea
3230 1132 3352 1186 quae

1768 1196 2045 1267 Propheta
2078 1206 2334 1268 precatus
2364 1198 2561 1265 fuerat,
2597 1208 2712 1254 tum
2736 1216 2797 1255 ea
2830 1218 2951 1272 quae
2983 1212 3109 1257 ante
3144 1208 3351 1261 oratio-

1765 1303 1891 1342 nem
1923 1288 2154 1355 dixerat,
2184 1304 2448 1347 concessa
2481 1288 2656 1346 fuere.
2691 1289 2825 1345 Nam
2849 1292 3126 1347 benedixit
3154 1293 3339 1349 Domi-
3409 1345 3415 1351 .

1765 1394 1869 1433 nus
1912 1387 2115 1434 terram
2158 1396 2339 1446 suam,
2372 1381 2751 1436 misericordia
2780 1391 2835 1436 et
2871 1383 3095 1438 veritate
3129 1399 3192 1437 ac
3224 1385 3350 1439 reli-

1764 1472 1888 1542 quis
1916 1473 2174 1542 dignatus
2208 1487 2350 1539 eam;
2374 1474 2507 1543 quin
2543 1475 2705 1528 etiam
2741 1475 3045 1527 animarum
3080 1475 3349 1529 humana-

1765 1579 1883 1617 rum
1920 1564 2290 1631 captivitatem
2325 1564 2542 1630 avertit,
2580 1565 2759 1618 soluto
2806 1565 2945 1618 bello
2976 1565 3241 1632 quolibet,
3282 1582 3348 1622 ac

1765 1657 2117 1711 reconciliata
2161 1672 2311 1725 pace,
2347 1655 2643 1727 fractisque
2678 1658 2914 1712 vinculis
2961 1673 3024 1710 ac
3066 1660 3345 1728 compedi-

1768 1748 1873 1803 bus
1897 1764 1991 1818 per
2018 1758 2302 1818 peccatum
2330 1749 2590 1803 inductis.
2617 1748 2979 1813 Quamobrem
3006 1749 3131 1804 huic
3154 1750 3300 1803 dicto
3325 1769 3340 1805 :

101 1843 262 1907 ἐλέους
288 1844 379 1896 καὶ
412 1843 671 1915 ἀληθείας
710 1844 931 1897 καὶτῶν
955 1844 1159 1899 λοιπῶν
1178 1862 1192 1876 ⁸
1227 1846 1363 1899 ἀλλά
1388 1847 1482 1901 καὶ
1522 1846 1655 1900 ἀπέ-

1783 1841 2019 1894 lvertisti
2044 1841 2401 1908 captivitatem
2424 1838 2613 1904 Jacob,
2644 1840 2789 1894 istud
2815 1840 3164 1910 subiungitur
3196 1858 3208 1893 :
3245 1839 3345 1893 Re-

105 1936 276 2007 στρεῴε
319 1936 415 2007 τὴν
470 1938 849 2008 αἰχμαλωσίαν
880 1938 990 1992 τῶν
1042 1938 1398 2010 ἀνθρωπίνων
1450 1938 1657 2009 ψυχῶν,

102 2028 245 2091 λύσας
280 2028 375 2099 μὲν
405 2030 588 2083 πάντα
628 2029 883 2099 πόλεμον,
914 2030 1279 2102 χαρισάμενος
1312 2030 1368 2083 δὲ
1395 2030 1490 2101 τὴν
1511 2032 1662 2101 εἰρή-

99 2137 203 2191 νην,
234 2122 322 2175 καὶ
350 2122 651 2194 διαρρήξας
688 2123 815 2187 τοὺς
850 2123 1104 2193 δεσμοὺς,
1135 2123 1229 2176 καὶ
1277 2124 1403 2187 τοὺς
1446 2123 1661 2185 κλοιούς

100 2215 206 2277 τοὺς
240 2213 342 2267 ἀπὸ
367 2215 467 2285 τῆς
507 2214 783 2286 ἁμαρτίας
822 2216 1232 2285 ἐγγενομένους.
1261 2213 1351 2267 Διὸ
1396 2213 1491 2267 καὶ
1536 2232 1661 2267 συν-

101 2306 248 2376 ἧπται
270 2304 364 2375 τῷ,
400 2304 811 2373 Ἀπέστρεψας
839 2304 955 2372 τὴν
985 2301 1407 2373 αἰχμαλωσίαν
1440 2304 1655 2369 Ἰακὼϐ,

101 2398 167 2460 τὸ,
218 2396 463 2465 Ἀφῆκας
533 2396 639 2462 τὰς
674 2397 925 2466 ἀνομίας
965 2396 1045 2461 τῷ
1078 2394 1206 2461 λαῷ
1251 2411 1406 2460 σου,
1450 2396 1545 2449 καὶ
1576 2396 1655 2461 τὺ,

110 2485 424 2555 Ἐκάλυψας
458 2486 665 2553 πάσας
707 2490 814 2552 τὰς
850 2487 1141 2556 ἁμαρτίας
1197 2486 1414 2541 αὐτῶν.
1458 2488 1521 2539 Ἥ
1550 2488 1657 2559 γάρ

98 2579 370 2649 ἐπιστροφὴ
413 2578 517 2648 τῆς
549 2577 927 2648 αἰχμαλωσίας
969 2579 1069 2631 οὐκ
1099 2578 1273 2642 ἄλλως
1316 2578 1655 2651 ἀπετελέσθη

98 2668 204 2738 ἢδι’
233 2669 474 2738 ἀφέσεως
506 2669 615 2723 τῶν
636 2670 941 2742 ἁμαρτιῶν.
975 2670 1096 2723 Ὀτι
1124 2668 1181 2723 δὲ
1226 2670 1321 2723 καὶ
1356 2670 1531 2724 ταῦτα
1568 2672 1657 2725 διά

99 2764 180 2831 τῆς
218 2762 304 2815 τοῦ
347 2763 600 2833 Σωτῆρος
647 2762 806 2832 ήμῶν
853 2761 1178 2830 ἐπιφανείας
1219 2761 1407 2824 τέλους
1442 2762 1652 2831 ἔτυχεν,

100 2852 235 2915 αὐτὸς
260 2852 497 2919 ἐδίδαξεν
535 2857 592 2906 ὲν
625 2856 737 2916 τοῖς
769 2852 1143 2920 Εὐαγγελίοις,
1176 2854 1288 2915 ὅτε,
1335 2852 1513 2905 λαϐὼν
1556 2854 1656 2922 τὴν

101 2940 258 3009 βίϐλον
284 2943 374 2996 τοῦ
407 2944 655 3007 Ἡσαΐου,
692 2943 787 2996 καὶ
838 2942 1104 3010 ἀναγνοὺς
1135 2942 1215 3007 τὸ,
1258 2940 1499 3010 Πνεῦμα
1534 2947 1651 2996 Κυ-

96 3040 208 3104 ρίου
239 3038 324 3091 ἐπ¹
352 3038 478 3109 ἐμὲ,
515 3035 586 3094 οὗ
628 3038 862 3091 εἵνεκεν
898 3032 1105 3104 ἐχρισέ
1137 3050 1232 3103 με,
1263 3032 1655 3102 εὐαγγελίσαι

99 3132 217 3185 σθαι
236 3132 485 3200 πτωχοῖς
509 3129 857 3184 ἀπέσταλκέ
868 3144 964 3197 με,
984 3124 1233 3194 κηρῦξαι
1256 3122 1652 3219 αἰχμαλώτοις
1678 3157 1724 3219 C

100 3218 308 3287 ἄφεσιν,
341 3225 433 3275 καὶ
469 3222 539 3274 τά
597 3218 757 3291 ἑξῆς,
808 3220 1109 3288 ἐπήνεγκεν
1142 3213 1311 3270 εἰπών
1337 3233 1349 3245 ·
1383 3214 1652 3283 Σήμερον

98 3312 442 3379 πεπλήρωται
471 3313 511 3379 ή
544 3311 754 3380 Γραφὴ
797 3311 951 3377 αὓτη
986 3310 1056 3361 ἐν
1100 3307 1227 3375 τοῖς
1264 3306 1414 3360 ὠσὶν
1456 3306 1643 3375 ὑμῶν.

99 3400 150 3452 Εἰ
174 3402 210 3453 δ’
237 3399 323 3455 οὖν
352 3403 624 3474 ἐννοήσειέ
651 3420 753 3467 τις,
777 3402 920 3454 εἴποι
950 3400 1015 3453 ἂν
1036 3401 1097 3452 τὸ
1128 3400 1283 3469 γένος
1302 3398 1410 3451 τῶν
1441 3396 1648 3469 ἀνθρώ-

100 3507 197 3543 πων
223 3494 379 3548 πάλαι
410 3495 677 3566 πρότερον
698 3492 1074 3563 αἰχμαλωσίαν
1115 3491 1219 3543 ὐπὸ
1250 3488 1357 3542 τῶν
1398 3488 1646 3559 ἀοράτων

98 3582 361 3653 πολεμίων,
386 3586 497 3638 τῶν
523 3584 739 3657 ἀληθῶς
760 3583 968 3656 ἐχθρῶν
992 3582 1083 3636 τοῦ
1103 3580 1259 3645 Θεοῦ,
1282 3579 1646 3634 καθελκυσθὲν

98 3674 163 3736 εἰς
190 3676 640 3747 εἰδωλολατρείας,
677 3676 772 3729 καὶ
814 3674 992 3737 πάσας
1035 3672 1262 3742 πράξεις
1292 3670 1523 3742 αἰσχρὰς
1554 3670 1646 3723 καὶ

100 3764 380 3835 ἀθεμίτους,
411 3771 515 3823 οὐκ
545 3768 610 3823 ἂν
637 3768 856 3839 ὀκνήσει
894 3765 1072 3835 δεινὴν
1102 3763 1306 3834 ταύτην
1346 3763 1507 3830 φάναι
1543 3760 1645 3829 ψυ-

99 3855 191 3924 χῶν
239 3861 607 3930 αἰχμαλωσίαν
636 3898 649 3923 ,
700 3855 770 3930 ἧς
829 3854 1143 3919 ἀπαλλάξας
1193 3854 1287 3906 καὶ
1335 3850 1649 3923 ἐλευθέρους

98 3954 547 4026 καταστησάμενος
593 3953 741 4023 ἡμᾶς
779 3952 807 4003 ὀ
850 3948 1041 4019 Σωτὴρ
1073 3946 1167 4001 καί
1210 3944 1414 4016 Κύριος
1450 3944 1604 4015 ἡμῶν
1628 3984 1643 4010 ,

97 4038 262 4107 ἄφεσίν
296 4063 352 4097 τε
373 4046 463 4099 διὰ
483 4043 709 4116 λουτροῦ
738 4040 1156 4109 παλιγγενεσίας
1190 4037 1434 4093 παλαιῶν
1463 4038 1645 4109 πλημ-

1763 1933 1961 1985 misisti
2016 1933 2323 2002 iniquitates
2355 1931 2491 2001 plebi
2550 1940 2685 1993 tum;
2730 1942 2781 1987 et
2831 1932 2962 1985 illud
3011 1947 3022 1981 :
3076 1931 3343 1999 Operuisti

1762 2026 1937 2078 omnia
1970 2034 2185 2092 peccata
2210 2040 2414 2080 eorum.
2455 2023 2590 2078 Nam
2649 2024 2858 2078 reditus
2890 2040 2954 2078 ex
3003 2024 3340 2093 captivitate,

1761 2132 1870 2170 non
1903 2117 2011 2170 alio
2034 2132 2198 2187 quam
2221 2132 2320 2187 per
2370 2115 2756 2172 remissionem
2805 2124 3147 2185 peccatorum
3180 2116 3342 2170 modo

1761 2216 1951 2278 partus
1976 2216 2081 2264 est.
2111 2206 2267 2275 Quod
2309 2214 2491 2263 autem
2540 2207 2654 2261 haec
2690 2221 2787 2277 per
2818 2206 3113 2261 adventum
3145 2205 3343 2261 Serva-

1761 2302 1896 2355 toris
1927 2302 2100 2354 nostri
2132 2301 2200 2356 ad
2220 2300 2470 2356 eﬂ'ectum
2493 2299 2727 2355 deducta
2762 2300 2892 2365 sint,
2921 2300 3039 2369 ipse
3074 2300 3130 2353 in
3163 2299 3342 2355 Evan-

1759 2392 1914 2462 geliis
1948 2392 2153 2458 docuit,
2218 2407 2343 2445 cum
2393 2400 2620 2460 accepto
2658 2390 2809 2445 Isaia:
2854 2391 3011 2454 libro,
3051 2398 3339 2461 postquam

1760 2484 1980 2554 legisset
2016 2484 2149 2538 illud
2184 2502 2195 2538 :
2231 2482 2461 2552 Spiritus
2513 2483 2722 2537 Domini
2764 2499 2921 2552 super
2970 2499 3072 2545 me,
3102 2499 3161 2537 eo
3201 2482 3339 2552 quod

1759 2578 1970 2629 unxerit
2002 2593 2101 2641 me,
2136 2576 2497 2645 euangelizare
2526 2574 2845 2643 pauperibus
2885 2575 3031 2628 misit
3073 2590 3172 2639 me,
3202 2589 3342 2642 pra:-

1757 2668 1937 2723 dicare
1966 2671 2186 2738 captivis
2210 2670 2571 2723 dimissionem
2602 2670 2668 2734 '7,
2694 2676 2748 2723 et
2776 2676 3006 2735 caetera;
3045 2668 3227 2721 intulit
3253 2668 3338 2723 bis

1756 2761 1937 2815 verbis
1967 2780 1979 2814 :
2021 2761 2189 2815 Hodie
2216 2762 2429 2831 impleta
2457 2768 2534 2815 est
2568 2760 2678 2813 ha'c
2722 2758 2999 2828 Scriptura
3030 2760 3084 2812 in
3116 2758 3335 2812 auribus

1757 2852 1939 2904 vestris
1971 2851 2037 2905 ".
2076 2849 2172 2905 His
2202 2854 2248 2906 si
2287 2852 2410 2919 quis
2446 2851 2687 2904 animum
2717 2849 2993 2916 adhibeat,
3029 2850 3177 2903 dicat
3203 2864 3335 2904 sane

1756 2960 1928 3013 genus
1957 2943 2237 2997 hominum
2273 2944 2403 2997 olim
2438 2942 2807 3012 captivitatem
2844 2956 3063 3012 passum
3111 2957 3234 2997 esse
3265 2942 3338 2995 ab

1755 3036 2120 3090 invisibilibus
2142 3036 2400 3098 inimicis,
2437 3051 2563 3089 vere
2596 3034 2690 3089 Dei
2737 3034 3010 3099 hostibus,
3058 3034 3111 3086 in
3157 3033 3336 3086 idolo-

1754 3125 1970 3179 latriam
2031 3134 2085 3179 et
2115 3126 2170 3179 in
2200 3126 2377 3194 turpia
2403 3126 2587 3179 omnia
2624 3124 2939 3193 nefariaque
2972 3138 3137 3194 opera
3166 3123 3335 3193 pelle-

1753 3224 1937 3283 ctum;
1973 3231 2148 3285 neque
2181 3223 2469 3271 cunctetur
2506 3232 2626 3272 eam
2652 3231 2870 3286 gravem
2896 3216 3203 3269 animarum
3231 3230 3330 3268 ca-

1756 3311 2058 3380 ptivitatem
2094 3311 2473 3381 pronuntiare,
2517 3326 2624 3379 qua
2660 3325 2785 3364 cum
2817 3323 2919 3363 nos
2947 3307 3241 3377 eripuisset
3277 3304 3336 3359 li-

1756 3400 2025 3471 berosque
2059 3402 2438 3456 constituisset
2474 3400 2727 3456 Salvator
2754 3409 2807 3454 et
2831 3398 3095 3455 Dominus
3118 3407 3332 3465 noster,

1754 3504 2015 3545 concessa
2048 3486 2143 3561 per
2185 3491 2462 3545 lavacrum
2505 3491 2937 3561 regenerationis
2973 3490 3333 3559 pristinorum

1754 3581 2021 3634 scelerum
2047 3587 2100 3634 et
2124 3580 2461 3649 impietatum
2489 3580 2645 3634 venia
2672 3595 2737 3634 ac
2764 3580 3111 3645 remissione,
3142 3590 3335 3635 auctor

1751 3671 1911 3726 nobis
1946 3671 2049 3725 fuit
2105 3673 2405 3741 gratiarum
2450 3671 2683 3727 actionis
2736 3672 2793 3725 in
2858 3671 3069 3741 psalmo
3118 3672 3331 3741 positae,

1750 3767 1825 3821 ita
1859 3774 1918 3819 ut
1955 3782 2057 3821 nos
2107 3782 2324 3837 quoque
2380 3767 2563 3820 dicere
2606 3766 2884 3819 valeamus
2925 3784 2937 3819 :
2982 3764 3330 3829 Benedixisti,

1760 3859 2009 3925 Domine,
2047 3868 2241 3913 terram
2286 3870 2429 3912 tuam
2453 3898 2466 3921 ,
2500 3858 2736 3910 avertisti
2763 3857 3118 3925 captivitatem
3140 3854 3328 3911 Iacob.

1753 3951 2033 4005 Remisiin
2094 3952 2400 4021 iniquitates
2449 3948 2613 4018 plebis
2659 3958 2784 4015 tute,
2846 3948 3100 4017 aperuisti
3151 3948 3331 4001 omnia

1750 4050 1963 4108 peccata
2003 4056 2205 4095 eorum.

100 4130 392 4204 μελημάτων
425 4137 521 4191 καὶ
555 4108 707 4189 λύ’σιν
778 4134 1059 4206 προτέρων
1094 4132 1457 4202 ἀσεϐημάτων
1496 4108 1811 4203 παρασχὼν,
1885 4134 2057 4198 αἴτιος
2099 4134 2231 4205 ἡμῖν
2270 4132 2503 4205 κατέστη
2547 4133 2645 4204 τῆς
2707 4108 2777 4186 ἐν⁹
2800 4133 2878 4204 τῷ
2943 4131 3142 4204 ψαλμῷ
3174 4127 3334 4202 εὐχα-

99 4224 399 4293 Ριστίας,ὼς
436 4228 694 4283 δύνασθαι
740 4227 839 4280 καὶ
886 4228 1039 4297 ἡμᾶς
1071 4225 1282 4293 λέγειν·
1323 4224 1701 4293 Εὐδόκησας,
1751 4229 1950 4297 Κύριε,
1986 4228 2103 4297 τὴν
2151 4226 2268 4299 γῆν
2320 4242 2456 4292 σου,
2512 4226 2897 4295 ἀπέστρεψας
2954 4225 3069 4293 τὴν·
3123 4228 3333 4294 αἰχμα-

98 4315 302 4372 λωσίαν
339 4320 549 4377 Ἰακώϐ.
591 4320 845 4390 Ἀφῆκας
889 4319 997 4385 τὰς
1025 4320 1277 4388 ἀνομίας
1322 4318 1429 4373 τοῦ
1477 4320 1632 4374 λαοῦ
1669 4333 1807 4388 σου,
1830 4322 2150 4391 ἐκάλυψας
2171 4321 2373 4388 πάσας
2398 4322 2506 4388 τὰς
2540 4322 2829 4391 ἁμαρτίας
2858 4319 3075 4375 αὐτῶν.

155 4427 251 4479 Kal
288 4434 392 4500 γὰρ
430 4436 462 4487 ό
489 4434 703 4502 Κύριος
729 4432 909 4486 δώσει
940 4428 1340 4501 χρηστότητα,
1373 4434 1471 4487 καί
1495 4434 1534 4500 ἡ
1564 4432 1642 4503 τῆ

1822 4438 1986 4494 Vens.
2022 4440 2110 4495 15.
2146 4438 2355 4493 Etenim
2394 4438 2649 4493 Dominus
2680 4438 2827 4491 dabit
2868 4437 3257 4508 benignitatem,
3281 4446 3331 4490 et

98 4515 242 4584 ἡμῶν
266 4522 437 4579 δώσει
469 4524 576 4578 τὸν
617 4524 850 4594 καρπὸν
894 4527 1104 4593 αὑτης.
1178 4525 1354 4579 Πάλαι
1389 4526 1509 4597 μὲν,
1554 4527 1645 4580 ὅτε

1783 4547 1896 4587 arra
1931 4544 2112 4588 nostra
2137 4534 2286 4588 dabit
2315 4536 2550 4605 fructum
2579 4552 2751 4589 suum.
2776 4534 2918 4602 Olim
2950 4534 3170 4605 quidem
3202 4550 3327 4588 cum

98 4606 185 4660 ὐπὸ
210 4614 442 4689 κατάραν
480 4612 547 4687 ἦν
576 4618 610 4688 ή
638 4616 732 4686 γῆ,
776 4616 1017 4681 ἀκάνθας
1051 4616 1146 4670 καὶ
1174 4618 1451 4687 τριϐόλους
1490 4619 1643 4689 ἔφυε,

1786 4624 1855 4677 ub
1878 4623 2168 4678 maledicto
2192 4634 2334 4679 terra
2366 4635 2531 4690 esset,
2567 4626 2754 4694 spinas
2782 4640 2845 4679 ac
2869 4626 3103 4680 tribulos
3133 4624 3330 4695 germi-

98 4701 220 4753 κατὰ
256 4702 314 4757 τὸ
368 4708 673 4779 εἰρημένον·
736 4708 1195 4777 Ἐπικατάρατος
1232 4710 1271 4777 ἡ
1310 4710 1386 4781 γῆ
1426 4711 1496 4764 ἐν
1524 4711 1649 4779 τοῖς

1783 4714 1941 4777 altat,
1975 4717 2275 4770 secundum
2313 4717 2445 4770 illud
2480 4736 2492 4769 :
2520 4715 2804 4769 Maledicta
2834 4727 2971 4770 terra
3006 4719 3059 4770 in
3090 4717 3328 4786 operibus

97 4786 267 4860 ἔργοις
295 4812 425 4863 σου,
451 4800 720 4866 ἀκάνθας
750 4802 847 4855 καὶ
871 4804 1185 4871 τριϐόλους
1216 4803 1503 4859 ἀνατελεῖ
1526 4818 1646 4858 σοι·

1783 4807 1876 4869 uis,
1906 4806 2086 4873 spinas
2126 4815 2174 4859 et
2218 4806 2439 4861 tribulos
2473 4807 2786 4876 germinabit
2815 4808 2911 4859 tibi
2939 4808 2984 4838 ³⁹
3014 4826 3027 4861 :
3056 4823 3201 4861 nunc
3231 4823 3328 4859 au-

97 4883 177 4935 νῦν
204 4887 243 4939 δ’
270 4891 353 4945 ὅτε
390 4895 611 4948 τοιαῦτα
652 4895 833 4964 ἀγαθά
874 4898 955 4957 εἰς
994 4895 1164 4967 αὐτὴν
1210 4896 1486 4967 ἐλήλυθεν,
1519 4898 1651 4950 ἀκο-

1783 4912 1880 4964 em,
1908 4914 2033 4952 cum
2068 4899 2123 4953 in
2145 4915 2208 4957 ea
2240 4899 2429 4954 talium
2463 4900 2730 4953 bonorum
2762 4900 3006 4954 accessio
3039 4898 3181 4953 facta
3219 4906 3323 4960 est,

97 4971 275 5046 λούθως
303 4988 393 5040 καὶ
418 4987 553 5059 αὐτὴ
581 4988 673 5042 τὸν
706 4989 1051 5059 προσήκοντα
1090 4990 1301 5060 καρπὸν
1339 4989 1647 5042 ἀποδιδόναι

1810 5006 1869 5046 re
1902 5001 2293 5062 congruentem
2328 4995 2526 5049 dicitur
2562 4991 2806 5063 proferre
2836 4990 3071 5044 fructum
3101 5008 3114 5054 ;
3142 4998 3328 5058 utpote

98 5064 312 5136 λέγεται,
342 5080 433 5133 ἀτε
462 5082 525 5152 δὴ
568 5081 807 5152 τυχοῦσα
837 5081 935 5152 τῆς
964 5081 1114 5152 παρά
1141 5081 1236 5133 τοῦ
1271 5081 1477 5151 Κυρίου
1511 5098 1645 5151 χρη-

1783 5102 1872 5155 uae
1924 5085 2135 5141 Domini
2179 5088 2567 5157 benignitatem
2622 5091 2917 5137 consecuta
2951 5082 3041 5135 sit.
3090 5080 3326 5135 Fructus

101 5163 345 5237 (νεότητος.
380 5175 603 5247 Καρπὸς
633 5176 689 5228 δὲ
730 5174 950 5238 ἐπάξιος
988 5174 1122 5227 Θεοῦ
1153 5175 1252 5227 οὐκ
1282 5174 1512 5227 ἄκανθαι
1547 5173 1642 5227 καὶ

1787 5185 1945 5235 utem
1972 5178 2082 5233 Deo
2111 5178 2308 5249 dignus
2339 5194 2446 5231 non
2491 5180 2661 5248 spinm
2695 5184 2749 5231 et
2782 5173 2965 5228 tribuli
3000 5180 3129 5227 sunt
3156 5190 3171 5236 ;
3230 5169 3325 5225 sed

99 5254 327 5327 τρίϐολοι,
360 5267 493 5321 ἀλλά
528 5268 745 5330 πάντως
770 5280 872 5319 που
895 5266 1066 5320 ταῦτα
1096 5267 1162 5320 δι’
1191 5260 1266 5320 ὧν
1295 5266 1642 5332 καταξιοῦται

1784 5285 1813 5323 a
1862 5272 2023 5339 plane
2063 5272 2262 5342 quibus
2318 5268 2413 5324 Dei
2468 5269 2903 5324 benedictionem
2958 5266 3151 5320 sortita
3216 5270 3323 5317 est.

100 5345 320 5418 εὐλογίας
344 5360 440 5428 τῆς
469 5360 618 5431 παρὰ
645 5359 738 5413 τοῦ
767 5358 921 5413 Θεοῦ.
954 5360 1029 5429 Γῆ
1060 5358 1117 5412 δὲ
1148 5360 1181 5430 ἡ
1215 5357 1413 5410 πιοῦσα
1442 5358 1531 5410 τὸν
1554 5358 1641 5411 ἐπ’

1783 5362 1919 5417 'erra
1956 5380 2084 5419 vero
2125 5378 2244 5433 quae
2283 5362 2623 5417 decidentem
2675 5361 2909 5431 pluviam
2946 5358 3145 5426 sacpius
3174 5356 3323 5411 exci-

100 5435 247 5509 αὐτῆς
276 5446 556 5520 ἐρχόμενον
594 5451 853 5514 πολλάκις
898 5450 1071 5515 ὑετὸν,
1106 5449 1348 5521 φέρουσά
1385 5467 1444 5502 τε
1483 5450 1643 5520 βοτά-

1783 5455 1829 5507 iit
1852 5464 1905 5509 et
1938 5454 2093 5517 bibit,
2121 5470 2184 5507 ac
2212 5452 2516 5508 cultoribus
2544 5453 2659 5508 suis
2678 5460 3069 5521 congruentem
3100 5448 3323 5502 herbam

100 5540 183 5615 Wi‘t
200 5532 404 5595 εὔθετον
436 5543 682 5606 ἐκείνοις,
725 5543 790 5595 δι’
818 5542 912 5606 οὓς
950 5542 1046 5597 καὶ
1075 5545 1423 5613 γεωργεῖται,
1471 5560 1639 5613 μετα-

1788 5545 1977 5611 rot‘crt,
2008 5561 2069 5600 ea
2100 5546 2496 5601 benediCtionis
2526 5562 2556 5599 a
2589 5544 2697 5599 Deo
2722 5543 2865 5597 datae
2907 5542 3179 5612 particeps
3217 5548 3322 5594 est.

102 5613 339 5690 λαμϐάνει
362 5634 605 5703 εὐλογίας
640 5636 736 5705 τῆς
770 5635 920 5706 παρά
957 5636 1051 5687 τοῦ
1092 5633 1248 5691 Θεοῦ.
1284 5635 1520 5698 Εἰκότως
1547 5631 1639 5689 οῦν

1783 5653 1877 5693 ure
1910 5652 2040 5707 ergo
2074 5652 2213 5691 nova
2241 5637 2455 5692 cantica
2482 5638 2643 5693 edere
2681 5644 2826 5690 terra
2863 5635 3105 5705 jubetur,
3139 5638 3325 5701 utpote

164 5776 203 5809 "
236 5784 334 5841 lsa,
371 5805 490 5857 ut,
528 5792 573 5845 ι,
651 5792 694 5821 ⁸⁸
735 5789 867 5855 Luc,
906 5806 973 5857 tv,
1018 5790 1101 5846 l8.
1179 5790 1223 5825 ⁸ο
1263 5789 1397 5845 Gen.
1440 5804 1521 5857 in,
1559 5789 1751 5855 l7,l8.
