3798 6282
466 331 605 398 £027

1213 287 1483 393 EUSEBlI
1522 329 1997 392 CESARIENSIS
2019 335 2174 392 OPP.
2208 335 2392 392 PARS
2421 336 2510 392 ΙΠ.
2539 349 2610 380 -—'-
2643 337 3052 398 EXEGETICA.

3543 343 3642 406 tm

467 475 590 532 qua:
626 459 739 530 jam
773 452 1029 513 indicatis
1058 456 1217 511 bonis
1248 456 1468 527 dignata
1502 455 1595 521 sit,
1638 470 1762 510 cum
1806 453 2040 526 Spiritus

2145 455 2213 509 τὰ
2249 455 2408 509 καινὰ
2460 455 2682 528 ᾅσματα
2710 455 2857 527 ᾄδειν
2885 452 3278 527 προστάττεται
3307 456 3342 526 ἡ
3384 456 3469 528 γῆ,
3509 459 3568 523 ὼς
3599 463 3646 516 ἂν

469 562 696 608 sanctus
731 552 836 624 ipSi
865 551 1080 605 accinat
1103 558 1157 605 et
1189 549 1368 620 dicat].
1395 547 1620 603 Cantate
1651 548 1900 613 Domino,
1931 565 2044 603 om-

469 643 552 696 nis
607 652 771 710 terra,
800 652 1011 696 cantate
1059 640 1284 694 Domino
1318 641 1606 694 canticum»
1637 657 1825 694 novum
1857 640 1932 704 “;
1965 646 2041 706 et,

472 734 734 788 Dominus
789 734 1047 803 regnavit,
1097 731 1384 785 exsultabit
1425 740 1565 784 terra
1597 730 1662 794 “,
1709 738 1764 786 et
1807 731 1912 784 alia
1959 731 2044 786 bis

470 826 696 882 similia.
734 855 805 864 —
835 823 1000 879 Vens.
1045 822 1132 877 14.
1166 821 1392 876 Justitia
1420 831 1540 876 ante
1567 839 1684 876 eum
1727 822 2040 889 ambulabit,

469 931 520 976 et
549 929 704 990 ponet
729 921 786 972 in
818 920 904 972 via
930 934 1138 989 gressus
1165 920 1305 986 ejus.
1349 915 1524 986 Hujus
1553 917 1684 972 dicti
1719 919 2044 973 sententiam

471 1013 737 1083 liquidius
785 1009 1019 1064 elierunt
1066 1010 1260 1079 reliqui
1311 1011 1660 1079 interpretes,
1699 1011 2044 1078 maximeque

471 1105 834 1177 Symmachus
863 1105 955 1175 qui
1011 1104 1092 1159 sic
1123 1103 1285 1157 habet
1328 1120 1342 1157 :
1379 1100 1606 1157 Iustitia
1631 1101 2044 1172 uniuscujusque

467 1198 722 1267 p‘rtecedet
774 1199 966 1266 ipsum,
997 1205 1046 1250 et
1079 1205 1231 1266 ponet
1266 1198 1320 1250 in
1350 1199 1435 1251 via
1461 1199 1614 1266 pedes
1652 1197 1787 1266 ejus.
1817 1195 2044 1252 Collatia

474 1304 716 1358 namque
737 1296 896 1342 terrae
920 1286 1100 1351 bonis,
1129 1286 1381 1358 quisquis
1403 1295 1604 1342 terram
1629 1287 1838 1351 incolit,
1858 1294 2045 1358 utpote

468 1381 560 1450 qui
584 1381 811 1449 justitia‘
839 1379 905 1432 de
941 1380 1084 1433 cmlo
1117 1379 1500 1450 prospicientis
1532 1394 1762 1435 consors
1790 1378 1881 1443 sit,
1917 1393 2046 1449 pro-

467 1472 642 1541 priam
666 1472 771 1526 sibi
790 1471 1054 1540 justitiam
1081 1471 1358 1532 obtinens.
1377 1486 1497 1526 eam
1523 1471 1578 1524 in
1597 1472 1680 1525 via
1713 1470 1782 1525 ad
1808 1485 2046 1542 superna

468 1557 686 1620 ducem,
717 1571 780 1610 ac
803 1573 1026 1628 gressus
1056 1576 1187 1616 suos
1217 1560 1538 1630 dirigentem
1572 1560 1787 1615 habebit
1813 1578 1828 1628 ;
1862 1569 1920 1615 ut
1941 1561 2044 1615 iter

467 1647 537 1702 ad
575 1649 745 1704 caelos
776 1664 1051 1718 emensus,
1088 1654 1492 1722 roboratusque
1520 1661 1575 1707 et
1603 1667 1635 1706 a
1674 1661 2046 1723 praecurrente

465 1741 678 1810 iustitia
713 1757 809 1798 sua
840 1756 1002 1796 manu
1019 1743 1236 1810 ductus,
1261 1759 1495 1814 superna
1528 1746 1798 1815 promissa
1842 1745 2038 1799 nanci-

2145 548 2402 602 τοιούτων
2456 549 2657 619 ἀρτίως
2707 547 3094 618 δεδηλωμένων
3151 547 3540 620 κατηξιωμένη,
3578 555 3646 607 τοῦ

2144 642 2299 712 ἁγίου
2336 642 2652 714 Πνεύματος
2690 640 3086 711 ἐπιφωνοῦντος
3134 641 3266 712 αὐτῇ
3305 643 3397 695 καὶ
3435 642 3647 711 λέγοντος

2148 736 2375 805 ’ᾼσατε
2406 735 2487 801 τῷ
2527 735 2724 802 Κυρίῳ
2765 733 2934 789 πᾶσα
2972 733 3010 800 ἡ
3057 731 3155 802 γῆ,
3181 733 3366 800 ᾷσατε
3394 733 3467 798 τῷ
3505 739 3651 803 Κυρίῳ

2143 821 2310 896 ᾆσμα
2339 827 2566 880 καινόν’
2599 827 2712 894 καὶ,
2743 828 2958 896 Κύριος
2979 826 3397 890 ἐϐασίλευσεν,
3427 827 3651 896 ἀγαλλιά-

2143 931 2314 973 σεται
2357 919 2396 987 ἠ
2439 919 2540 990 γῆ,
2588 919 2684 974 καὶ
2718 920 2817 972 ὅσα
2860 918 3067 982 τούτοις
3103 919 3264 989 ὃμοια
3301 920 3552 989 τυγχάνει.
3590 924 3653 973 Δι-

2143 1011 2440 1079 καιοσύνη
2493 1011 2771 1065 ἐναντίον
2827 1010 3016 1064 αὐτοῦ
3073 1011 3543 1080 προπορεύσετιιι,
3585 1014 3654 1068 uti

2144 1102 2318 1171 θήσει
2351 1106 2440 1169 είς
2469 1103 2613 1158 ὁδὸν
2650 1103 2722 1158 τὰ
2757 1105 3085 1174 διαδήματα
3128 1103 3336 1158 αὐτοῦ.
3381 1104 3557 1156 Τούτου
3585 1105 3654 1175 τὴν

2142 1195 2381 1249 διάνοιαν
2411 1197 2743 1269 σαφέστερον
2774 1197 3130 1252 ἐκδεδὼκασιν
3165 1199 3215 1249 οἱ
3245 1196 3421 1250 λοιποὶ
3449 1197 3654 1266 ἑρμηνευι

2141 1286 2254 1348 ταὶ,
2296 1287 2390 1338 καὶ
2429 1287 2662 1356 μάλιστα
2711 1289 2739 1340 ὁ
2767 1287 3076 1368 ,Σύμμαχος
3119 1287 3308 1340 εἰπών·
3361 1289 3652 1354 Δικαιοσύνη

2142 1376 2402 1432 ἑκάστου
2429 1381 2855 1447 προελεύσεται
2885 1381 3091 1446 αὐτὸν,
3123 1381 3222 1434 καὶ
3255 1381 3425 1447 θήσει
3454 1382 3529 1446 είς
3554 1379 3655 1434 ὁδί-ν

2143 1469 2284 1535 τοὺς
2312 1471 2502 1538 πόδας
2528 1474 2734 1530 αὐτοῦ.
2763 1474 2918 1529 Μετὰ
2935 1473 3042 1546 γὰρ
3061 1473 3131 1527 τὰ
3153 1477 3220 1546 τῇ
3248 1477 3320 1545 γῇ
3352 1475 3657 1544 κεχαρισμένα

2142 1559 2323 1628 ἀγαθὰ
2347 1560 2576 1625 ἕκαστος
2595 1561 2702 1614 τῶν
2728 1563 2824 1634 τὴν
2851 1563 2954 1634 γῆν
2983 1564 3408 1624 κατοικούντων,
3433 1562 3499 1626 ὡς
3518 1561 3569 1614 ἂν
3587 1561 3656 1630 τῆς

2143 1649 2203 1714 ἐξ
2239 1651 2484 1722 οὐρανῶν
2526 1653 2867 1726 διακυψὰσης
2913 1655 3258 1725 δικαιοσύνης
3292 1652 3568 1725 μετασχὼν,
3593 1656 3660 1705 καὶ

2146 1741 2310 1806 αὐτὸς
2341 1743 2476 1797 ἰδίαν
2506 1746 2846 1816 κτησάμενος
2874 1745 3237 1816 δικαιοσύνην,
3268 1745 3382 1809 ἕξει
3409 1742 3554 1814 αὐτὴν
3571 1760 3659 1813 προ-

473 1841 662 1887 scatur
693 1852 705 1887 :
747 1850 868 1904 qua:
905 1833 1157 1890 Salvator
1180 1843 1234 1890 et
1264 1833 1528 1890 Dominus
1573 1844 1761 1891 noster
1790 1835 2040 1890 omnibus

2145 1832 2384 1901 άγουσαν
2416 1834 2577 1887 αὑτὸν
2617 1837 2696 1899 είς
2738 1836 2837 1906 τὴν
2876 1837 2988 1890 ἄνω
3033 1836 3302 1906 φέρουσαν
3334 1835 3467 1897 ὁδὸν,
3504 1835 3581 1886 καὶ
3611 1834 3658 1884 2'2

468 1923 784 1980 hominibus
814 1924 1156 1980 annuntiavit
1187 1925 1375 1981 dicens
1407 1945 1420 1981 :
1453 1927 1904 1998 Appropinquavit
1953 1942 2042 1980 re-

465 2030 626 2084 gnum
681 2015 930 2070 caelorum
961 2017 1040 2084 ⁶¹;
1105 2025 1159 2072 et
1212 2016 1368 2071 Beati
1430 2017 1733 2086 hujusmodi
1776 2017 2038 2083 homines,

465 2107 715 2177 quoniam
746 2109 980 2177 ipsorum
1004 2117 1083 2162 est
1118 2124 1335 2177 regnum
1365 2110 1615 2164 caelorum
1654 2110 1720 2164 ⁸³.

2146 1924 2458 1997 διαδήματα
2487 1928 2656 1998 αὐτῆς
2693 1929 3153 1982 κατατάττουσαψ
3197 1929 3349 1992 ὅπως
3381 1925 3575 1990 ὁδεύσας
3592 1927 3659 1995 τὴν

2147 2020 2227 2083 είς
2251 2019 2514 2090 οὐρανοὺς
2545 2021 2835 2092 φέρουσαν,
2865 2021 3352 2094 ἐπιστηριζόμενός
3385 2037 3442 2074 τε
3477 2019 3556 2072 καὶ
3580 2035 3659 2087 χει·

2149 2112 2566 2182 ραγωγούμενος
2598 2114 2702 2167 ὑπὸ
2741 2115 2843 2185 τῆς
2887 2115 3236 2188 προαγούσης
3269 2113 3430 2167 αὐτὸν
3450 2109 3660 2164 δικαιωᾶ-

466 2216 564 2271 νης
596 2196 782 2266 αὐτοῦ,
813 2200 964 2271 τύχοι
997 2199 1106 2253 τῶν
1148 2202 1486 2274 ἐπουρανίων
1519 2203 1880 2272 ἐπαγγελιῶν,
1920 2203 1986 2267 ἃς
2015 2204 2044 2256 ὁ
2081 2202 2271 2277 Σωτὴρ
2334 2205 2427 2258 καὶ
2454 2205 2658 2277 Κύριος
2688 2207 2848 2277 ἡμῶν
2882 2209 3148 2280 ἐκήρυττε
3191 2209 3360 2261 πᾶσιν
3410 2204 3659 2276 ἀνθρώπωις

467 2294 660 2364 λέγων·
690 2299 964 2367 Ἤγγικεν
988 2297 1026 2364 ἡ
1051 2297 1341 2362 ,βασιλεία
1363 2296 1482 2351 τῶν
1503 2297 1796 2367 οίιρανῶν·
1824 2300 1939 2366 καὶ,
1971 2299 2261 2371 Μακάριοι
2289 2305 2344 2357 οί
2405 2301 2646 2368 τοιοίδε,
2676 2301 2764 2357 ὅτι
2792 2301 2990 2357 αὐτῶν
3011 2303 3179 2356 ἐστιν
3202 2303 3242 2370 ἠ
3279 2301 3549 2368 ,βασιλεία
3578 2296 3661 2352 τῶν

467 2393 540 2445 οὐ
564 2391 756 2446 κινῶν.

754 2552 1015 2609 ORATIO
1054 2550 1185 2607 INSI
1224 2552 1452 2610 DAVID.
1496 2554 1756 2611 LXXXV.

541 2691 709 2748 Vens.
743 2691 795 2746 i.
831 2687 1063 2759 Inclina,
1090 2689 1334 2757 Domine,
1384 2709 1566 2748 aurem
1598 2703 1742 2746 tuam
1770 2701 1818 2747 et
1847 2691 2042 2748 exaudi

471 2804 573 2852 me,
607 2785 856 2857 quoniam
901 2777 1050 2850 inops
1101 2795 1150 2839 et
1185 2800 1385 2854 pauper
1414 2801 1532 2839 sum
1563 2802 1675 2857 ego.
1703 2785 1840 2841 Cum
1869 2786 1956 2841 his
1984 2785 2042 2840 in

471 2878 610 2947 locis
639 2885 874 2949 quatuor
902 2878 1098 2947 psalmi
1127 2878 1362 2947 ﬁliorum
1397 2875 1532 2933 Core
1569 2876 1815 2949 inscripti
1849 2893 2042 2934 conse-

471 2977 704 3040 quenter
730 2977 1024 3040 ponantur,
1055 2985 1286 3039 quorum
1316 2969 1526 3038 primus
1566 2977 1651 3024 est
1682 2983 1913 3032 Lxxxul,
1956 2984 2041 3024 se-

471 3064 686 3119 cundus
709 3079 931 3126 Lxxxw,
963 3063 1158 3118 tertius
1192 3066 1411 3126 Lxxxvl,
1443 3070 1754 3132 postremus
1780 3071 2001 3116 Lxxxvu
2022 3102 2037 3126 ,

471 3166 774 3226 opportune
794 3162 1002 3225 quaerat
1033 3155 1230 3224 aliquis
1255 3154 1383 3224 quid
1417 3169 1598 3210 causae
1634 3154 1726 3217 sit,
1752 3155 1895 3224 quod
1921 3169 2043 3208 ora-

2462 2544 2833 2610 npozerxn
2877 2556 2964 2627 Tn
3014 2557 3238 2610 ΑΑΥιΔ.
3269 2556 3395 2610 ns'.

2213 2683 2458 2748 κλῖνον,
2489 2684 2685 2752 Κύριε,
2713 2683 2780 2737 τὸ
2802 2677 2912 2750 οὖς
2933 2700 3070 2747 σου,
3093 2684 3191 2738 καὶ
3215 2683 3546 2740 ἐπάκουσον
3559 2696 3658 2756 μοι,

2143 2778 2232 2832 ὅτι
2264 2778 2498 2848 πτωχὸς
2526 2777 2625 2830 καί
2672 2779 2862 2845 πένης
2897 2778 3013 2847 εἰμὶ
3047 2777 3178 2848 ἐγώ.
3223 2779 3510 2850 Τεσσάρων
3539 2781 3658 2832 ὄντων

2144 2871 2340 2943 ἐφεξῆς
2390 2871 2621 2941 ψαλμῶν
2671 2870 2779 2925 τῶν
2835 2872 3337 2943 ἐπιγεγραμμένων
3386 2871 3520 2928 υίῶν
3547 2872 3656 2941 Κορὲ

2147 2964 2287 3018 κατὰ
2335 2965 2462 3028 τοὺς
2499 2962 2775 3035 παρόντας
2819 2963 3038 3027 τόπους,
3082 2962 3304 3034 πρώτου
3353 2957 3449 3035 μὲν
3471 2964 3550 3018 τοῦ
3579 2972 3656 3030 ιιι-τ’.

2146 3053 2334 3107 ἔπειτα
2374 3053 2469 3106 τοῦ
2512 3053 2614 3118 πδν,
2651 3055 2744 3107 καὶ
2781 3055 2965 3126 τρίτου
3000 3054 3095 3108 τοῦ
3128 3063 3247 3122 πςν,
3281 3058 3377 3110 καὶ
3417 3057 3657 3111 τελευταίου

2146 3149 2238 3201 τοῦ
2276 3147 2383 3211 πζ’,
2427 3146 2544 3210 πῶς
2572 3149 2899 3220 ἡπροσευχὴ
2935 3149 3025 3202 τοῦ
3061 3149 3225 3203 Δαυῒδ
3255 3151 3509 3223 ἀκαίρως,
3535 3150 3593 3213 ὼς
3615 3150 3659 3202 ἂν

471 3247 550 3300 tio
596 3245 814 3300 Davidis
863 3246 1263 3314 intempestive,
1299 3254 1358 3298 ut
1404 3247 1672 3316 quispiam
1725 3247 1943 3312 dixerit,
1983 3247 2038 3300 in

2145 3241 2281 3292 εἴποι
2317 3257 2422 3304 τις,
2465 3239 2910 3310 παρεμὸέϐληται
2953 3241 3115 3312 μέση,
3154 3240 3397 3310 εὐλόγως
3435 3243 3493 3296 ἄν
3517 3240 3658 3305 1t;

472 3337 654 3392 medio
686 3353 876 3392 eorum
908 3338 1083 3391 locata
1117 3339 1300 3392 fuerit.
1336 3337 1572 3393 Estimo
1605 3339 1772 3409 igitur
1792 3355 1897 3393 non
1924 3340 2044 3394 sine

472 3444 676 3496 causa,
729 3428 824 3485 sed
866 3431 1331 3500 opportunissime
1383 3431 1659 3486 vaticiniis
1704 3430 1771 3486 de
1822 3432 2044 3486 Christo

474 3519 775 3574 immistam
806 3518 948 3572 hanc
974 3519 1276 3574 orationem
1307 3519 1496 3575 fuisse.
1527 3519 1666 3586 Quia
1693 3522 1838 3576 enim
1873 3522 2044 3576 bono-

473 3624 596 3664 rum
634 3609 924 3679 promissa,
955 3611 1169 3664 veniam
1216 3621 1586 3681 peccatorum,
1620 3612 1716 3669 Dei
1751 3612 1818 3668 ad
1863 3611 2042 3670 homi-

472 3717 570 3758 nes
620 3703 934 3769 adventum,
970 3703 1174 3760 Christi
1225 3705 1586 3775 redemptoris
1629 3721 1694 3761 ac
1738 3705 2043 3764 Servatoris

471 3794 754 3849 hominum
785 3796 1310 3867 peregrinationem,
1348 3798 1510 3867 primi
1559 3799 1755 3869 psalmi
1805 3800 2044 3870 ﬁliorum

471 3887 606 3940 Core
663 3889 911 3958 inscripti
946 3889 1407 3952 vaticinabantur,
1444 3890 1699 3946 videlicet
1747 3907 1955 3946 Lxxxnl
1989 3898 2045 3948 et

470 3996 691 4046 Lxxxw,
723 3981 832 4035 imo
857 3981 1020 4036 etiam
1049 3982 1142 4054 qui
1191 3993 1376 4052 postea
1410 3982 1647 4052 ﬁliorum
1683 3981 1817 4039 Core
1846 3985 2043 4040 inscri-

471 4073 694 4138 buntur,
730 4074 968 4143 gentium
1003 4074 1368 4140 focationem,
1404 4074 1607 4132 Christi
1651 4084 1856 4142 ortum,
1895 4092 2044 4131 mor-

471 4172 578 4218 tem
611 4164 680 4218 ab
702 4179 767 4218 eo
798 4178 896 4233 pro
926 4163 1240 4220 hominibus
1271 4176 1602 4236 susceptam,
1635 4167 2038 4236 praedicabant;

469 4255 709 4310 arbitror
731 4254 786 4310 in
813 4253 994 4310 medio
1019 4256 1316 4326 prophetiae
1344 4257 1508 4313 hasce
1552 4273 1642 4314 res
1671 4259 2041 4329 pramuntian-

469 4352 542 4406 tis
579 4351 895 4407 necessario
946 4351 1179 4420 positam
1219 4351 1390 4408 fuisse
1445 4351 1666 4409 Davidis
1713 4355 2037 4420 orationem,

468 4459 573 4513 qua
607 4443 876 4513 supplicat
907 4443 1048 4498 bona
1073 4460 1169 4514 per
1194 4443 1529 4500 Salvatorem
1561 4446 1830 4502 universis
1863 4446 2042 4501 homi-

2143 3330 2401 3383 ετάσειεν,
2441 3329 2712 3401 Ἠγοῦμαι
2737 3329 2915 3384 τοίνυν
2941 3331 3039 3384 οὐκ
3061 3331 3295 3400 ἀλόγως,
3330 3332 3441 3386 ἀλλ’
3472 3332 3657 3401 εὐκαιρό-

2142 3438 2279 3474 τατα
2318 3423 2439 3485 ταῖς
2481 3421 2609 3492 περὶ
2647 3421 2742 3474 τοῦ
2787 3421 3024 3494 Χριστοῦ
3075 3425 3435 3496 προφητείαις
3465 3440 3656 3494 παραμεο

2146 3512 2334 3584 μίχθαι
2360 3513 2461 3585 τὴν
2493 3514 2856 3586 προκειμένην
2891 3517 3074 3588 εὐχήν.
3123 3516 3343 3588 Ἐπειδὴ
3371 3518 3473 3588 γὰρ
3495 3515 3659 3584 ἀγαθῶν

2143 3604 2474 3673 ἐπαγγελίας
2507 3607 2602 3660 καὶ
2642 3608 2862 3675 ἀφέσεις
2907 3607 3343 3679 ἁμαρτημάτων,
3381 3607 3506 3661 Θεοῦ
3532 3624 3579 3660 τε
3605 3608 3658 3667 εἰς

2142 3695 2463 3766 ἀνθρώπους
2489 3700 2790 3770 παρουσίαν
2832 3699 2925 3752 καὶ
2963 3698 3200 3770 Χριστοῦ
3240 3700 3424 3768 ἄφιξιν
3447 3696 3657 3769 λυτρωτοὺ

2145 3789 2238 3842 καὶ
2266 3789 2515 3861 Σωτῆρος
2559 3789 2880 3862 ἀνθρώπων,
2916 3793 2963 3844 οἱ
3004 3791 3210 3862 πρῶτοι
3243 3791 3356 3844 τῶν
3383 3793 3656 3859 ἐπιγεγραμ-

2147 3881 2320 3951 μένων
2371 3880 2515 3938 υίῶν
2546 3885 2696 3952 Κορὲ
2749 3887 3144 3957 προεφήτευον,
3201 3885 3295 3938 ὅτε
3336 3891 3425 3953 πγ¹
3467 3883 3547 3936 καί
3585 3878 3653 3931 πθ.

2157 3973 2316 4027 Ἀλλὰ
2353 3976 2444 4028 καὶ
2480 3976 2530 4028 οἱ
2562 3973 2688 4047 ἑξῆς
2718 3977 3089 4048 ἐπιλεγόμενοι
3121 3977 3233 4031 τῶν
3265 3977 3413 4032 υἱῶν
3428 3974 3574 4044 Κορὲ,
3593 3971 3654 4024 καὶ

2143 4066 2296 4120 αὐτοὶ
2321 4067 2492 4121 ἐθνῶν
2526 4067 2718 4140 κλῆσιν
2741 4069 3171 4142 εὐηγγελίζοντο,
3199 4071 3296 4123 καὶ
3321 4067 3539 4140 Χριστοῦ
3555 4065 3655 4132 γένει

2144 4176 2248 4223 σιν,
2281 4161 2493 4214 καὶτὸν
2534 4161 2674 4232 ὑπὲρ
2712 4161 3013 4234 ἀνθρώπων
3058 4161 3222 4217 αὑτοῦ
3265 4162 3500 4215 Θάνατον·
3537 4159 3654 4220 ἀνατί

2142 4253 2311 4316 καίως
2342 4250 2580 4325 ἡγοῦμαι
2617 4255 2716 4325 τῆς
2767 4255 2894 4327 περὶ
2931 4254 3137 4308 τούτων
3173 4253 3501 4324 προφητείας
3530 4249 3654 4320 μέπν

2142 4345 2630 4416 παρεμὸεὸλῆσθαι
2655 4348 2755 4418 τὴν
2779 4347 3086 4420 προσευχὴν
3107 4348 3201 4401 τοῦ
3226 4348 3406 4412 Δαυῒδ,
3428 4347 3487 4400 δι’
3503 4341 3558 4416 ῆς
3575 4346 3650 4395 ἱκε-

2139 4435 2286 4489 τεύει
2320 4439 2504 4507 τυχεῖν
2545 4439 2639 4492 καὶ
2677 4439 2840 4504 αὐτὸς
2879 4439 2986 4494 τῶν
3017 4439 3107 4493 διὰ
3137 4440 3230 4493 τοῦ
3535 4437 3650 4488 nam

468 4536 632 4590 nibus
663 4535 1028 4607 procuranda,
1061 4537 1162 4592 sibi
1189 4553 1406 4608 quoque
1439 4537 1718 4604 conferri;
1748 4548 1808 4595 ut
1849 4549 1902 4597 et
1922 4542 2040 4614 ipse

2145 4527 2446 4601 ἀνθρώποις
2472 4530 2910 4603 προξενουμένων
2937 4531 3176 4600 ἀγαθῶνο
3203 4532 3280 4595 ὼς
3315 4532 3400 4597 ἂν,
3429 4530 3512 4583 καὶ
3538 4524 3650 4585 αὐτὰ

468 4627 736 4682 bonorum
759 4643 880 4698 quae
904 4628 954 4681 in
980 4628 1265 4698 pr0phctia
1291 4629 1649 4684 cnuntiantur
1671 4645 1920 4696 consors,
1944 4611 2038 4686 ve-

2145 4623 2431 4694 γενόμενος
2459 4623 2716 4688 κοινωνὸς
2747 4623 2857 4677 τῶν
2891 4624 3404 4697 προφητευομένων,
3431 4621 3558 4692 τύχοι
3583 4617 3649 4687 μὲν

467 4721 614 4775 niam
649 4729 999 4790 peccatorum
1056 4729 1445 4790 consequatur,
1492 4737 1799 4792 magnoque
1835 4723 1928 4778 illo
1975 4738 2040 4778 ac

469 4813 694 4866 salutari
730 4813 874 4867 bono
905 4813 1136 4878 fruatur,
1166 4814 1307 4884 quod
1343 4814 1598 4871 omnibus
1631 4816 1886 4887 gentibus
1914 4833 2040 4888 pro-

468 4904 722 4959 mittitur.
759 4906 815 4959 ln
848 4905 950 4960 hac
990 4905 1173 4975 itaque
1217 4906 1466 4961 oratione
1509 4906 1677 4962 David
1721 4907 1944 4964 eﬂ‘usam
1985 4910 2040 4964 in

465 5012 657 5051 omnes
685 5004 874 5066 gentes
913 4996 1143 5066 gratiam
1180 5004 1468 5060 memorat,
1496 5012 1658 5067 quam
1689 4997 1947 5053 demirari
1978 5012 2038 5054 se

466 5100 521 5146 et
575 5101 798 5159 stupere
848 5091 1134 5158 prolitetur
1181 5087 1265 5143 his
1295 5088 1480 5144 verbis
1517 5107 1531 5143 :
1566 5088 1689 5142 Non
1728 5097 1805 5143 est
1843 5089 2036 5144 similis

466 5180 546 5234 tui
573 5180 627 5233 in
657 5179 782 5241 diis,
819 5177 1056 5239 Domine,
1086 5185 1134 5229 et
1165 5192 1268 5229 non
1298 5185 1375 5230 est
1421 5178 1701 5231 secundum
1733 5193 1890 5246 opera
1921 5187 2032 5231 tua.

470 5272 662 5326 Omnes
692 5280 862 5340 gentes
893 5283 1226 5337 quascunque
1248 5267 1420 5337 fecisti
1445 5268 1643 5321 venient
1667 5278 1713 5322 et
1738 5268 2036 5322 adorabunt

465 5379 646 5416 coram
678 5372 740 5415 te.
777 5361 916 5428 Quia
948 5361 1114 5430 igitur
1143 5359 1258 5429 ipse
1287 5375 1504 5430 quoque
1541 5359 1692 5428 paria
1724 5359 1864 5413 bona
1903 5374 2034 5414 con--

468 5455 618 5525 sequi
649 5455 995 5525 precabatur,
1027 5453 1330 5507 orationem
1373 5467 1526 5508 suam
1558 5453 1612 5506 in
1664 5450 1842 5506 medio
1889 5451 2035 5521 psal-

468 5561 680 5599 morum
704 5545 1140 5615 evangelicorum
1168 5553 1532 5614 congruenter
1563 5544 1785 5599 locavit.
1818 5542 1942 5597 Haec
1968 5543 2036 5598 de

469 5632 743 5702 proposita
779 5633 1078 5701 quaestione
1113 5631 1258 5687 dicta
1308 5633 1440 5686 sint.
1487 5631 1599 5688 Nec
1646 5633 2030 5705 ignorandum,

537 5783 582 5814 ⁶⁰
621 5782 763 5835 Psal.
805 5797 924 5848 xcv,
962 5783 1012 5837 l.
1091 5785 1132 5814 ⁶¹
1173 5783 1319 5840 Psal.
1357 5801 1511 5852 πίονι,
1553 5789 1599 5840 l.

1680 5789 1722 5820 θ’
1763 5786 1954 5844 Matth.
1991 5805 2085 5856 Ill,
2119 5788 2172 5843 ‘2.

2145 4715 2390 4784 ἀφέσεως
2427 4717 2728 4788 ἁμαρτιῶν,
2771 4717 3064 4772 ἀπολαύσοι
3098 4717 3155 4771 δὲ
3183 4719 3284 4790 τῆς
3324 4713 3562 4786 σωτηρίου
3584 4725 3647 4779 με·

2145 4808 2482 4882 γαλοδωρεᾶς
2523 4810 2622 4880 τῆς
2668 4811 2799 4863 πᾶσι
2838 4814 2950 4874 τοῖς
2987 4810 3164 4864 ἔθνεσι
3203 4803 3644 4879 εὐαγγελιζομένης-

2145 4903 2486 4974 Μνημονεύει
2521 4902 2650 4971 γοῦν
2679 4904 2736 4957 ἐν
2775 4906 2838 4975 τῇ
2871 4902 3036 4957 αὐτοῦ
3067 4905 3341 4975 προσευχῇ
3369 4903 3396 4954 ὁ
3421 4896 3559 4952 Δαυῖὄ
3578 4891 3643 4956 τῆς

2142 4997 2221 5059 εἰς
2252 4995 2322 5048 τὰ
2349 4995 2472 5066 ἔθνη
2503 4995 2758 5067 χυθείσης
2793 4995 2885 5048 τοῦ
2929 4995 3062 5049 Θεοῦ
3111 4995 3350 5067 χάριτος,
3393 4983 3642 5054 ἀποθαυμά-

2143 5087 2249 5152 ζων
2281 5087 2372 5142 καὶ
2406 5088 2835 5158 ἐκπληττόμενος
2859 5089 2956 5161 τὴν
2981 5089 3160 5161 χάριν,
3189 5088 3254 5141 δι’
3281 5081 3354 5140 ῶν
3383 5097 3544 5155 φησιν’
3560 5078 3642 5129 θίνί

2139 5178 2312 5230 ἐστιν
2341 5177 2541 5247 ὅμοιός
2576 5195 2674 5232 σοι
2727 5179 2798 5231 ἐν
2835 5177 3007 5244 θεοῖς,
3057 5179 3251 5246 Κύριε,
3296 5175 3391 5229 καί
3436 5174 3528 5226 οὐχ
3550 5167 3640 5219 ἐστι

2142 5275 2290 5322 κατὰ
2317 5272 2387 5322 τὰ
2421 5269 2562 5337 ἔργα
2594 5287 2732 5324 σου.
2767 5270 2967 5323 Πάντα
2997 5271 3070 5323 τὰ
3097 5271 3240 5337 ἔθνη
3277 5267 3388 5322 ὅσα
3414 5261 3639 5323 ἐποίησας

2144 5358 2360 5425 ἥξουσι
2387 5362 2485 5413 καὶ
2516 5363 3057 5427 προσκυνήσουσιν
3097 5359 3346 5414 ἐνώπιόν
3371 5372 3492 5410 σου.
3531 5344 3636 5400 Ἐπίἱ

2139 5450 2318 5502 τοίνυν
2359 5452 2454 5503 καὶ
2501 5452 2662 5515 αὐτὸς
2706 5452 2900 5523 ηὔχετο
2942 5451 3035 5505 τοῦ
3083 5452 3210 5504 ίσων
3248 5447 3453 5518 ἀγαθῶν
3485 5439 3632 5508 τυχεῖνν

2140 5543 2363 5604 εἰκότως
2395 5543 2492 5612 τὴν
2526 5543 2720 5596 ἑαυτοῦ
2755 5545 3060 5615 προσευχὴν
3093 5545 3260 5615 μέσην
3286 5541 3387 5594 τῶν
3418 5528 3632 5601 εὐαγγελι-

2141 5634 2250 5687 κῶν
2291 5634 2520 5706 ψαλμῶν
2568 5635 2960 5706 παρεμϐάλλει.
3007 5636 3192 5690 Ταῦτα
3245 5635 3339 5706 μὲν
3370 5627 3452 5684 οὖν
3477 5627 3540 5686 εἰς
3564 5617 3629 5687 τὴν

2253 5791 2296 5820 ⁸³
2337 5789 2522 5845 Matth.
2553 5808 2607 5854 ν,
2637 5790 2690 5853 ’5,
2730 5792 2815 5844 10.
