3798 6282
143 330 262 390 ΙθΞθ

1223 317 1738 376 ἘΟΜΜΕΝΤΛΜΛ
1776 317 1844 373 1N
1884 298 2235 376 PSALMOSI

3229 323 3366 381 1050

139 444 390 518 λεχθεῖσαν
418 433 673 506 πρότασιν
699 431 954 505 εἰρήσθω.
984 431 1104 505 Χρὴ
1134 433 1191 487 δὲ
1227 433 1301 505 μὴ
1331 434 1563 503 ἀγνοεῖν,
1597 435 1667 486 ὅτι

1783 434 1922 490 alios
1944 433 2234 506 plerosque
2261 433 2500 506 psalmos
2529 452 2650 494 esse
2673 437 2786 509 qui,
2813 436 3022 503 Oratio,
3051 437 3363 494 inscribun-

140 541 219 595 καὶ
249 532 384 589 ἄλλοι
426 526 637 587 πλείους
679 526 784 578 εἰσὶ
816 525 1170 594 Προσευχῆς
1218 526 1682 598 ἐπιγεγραμμένοι

136 622 331 696 ψαλμοί·
355 617 464 672 ἀλλ’
491 609 642 678 οὗτος
671 618 807 686 μετὰ
841 615 1175 686 προσθήκης,
1219 617 1327 670 τοῦ
1362 619 1562 683 Δαυῒδ,
1601 619 1681 672 εί.

139 728 295 786 ρηται·
317 710 492 779 ἕτερος
516 705 571 758 δὲ
599 705 1024 775 ἐπιγέγραπται,
1053 707 1367 777 Προσευχὴ
1390 709 1495 761 τοῦ
1516 712 1684 764 Mori)-

134 804 204 872 σῆ
229 799 522 868 ἀνθρώπου
552 796 656 850 τοῦ
695 797 860 850 Θεοῦ·
898 799 988 850 καὶ
1014 797 1189 862 ἄλλος,
1228 801 1544 870 Προσευχὴ
1574 802 1681 856 τοῦ

133 894 365 964 πτωχοῦ,
391 891 535 944 ὅταν
558 889 857 958 ἁκηδιιίσῃ
890 890 985 943 καὶ
1025 891 1300 945 ἐναντίον
1327 894 1430 947 τοῦ
1460 895 1682 963 Κυρίου

131 989 292 1058 ἐκχέῃ
319 984 429 1049 τὴν
455 981 670 1049 δέησιν
693 983 898 1036 αὐτοῦ.
946 983 1082 1037 Ἀλλ’
1105 985 1178 1048 ὡς
1212 986 1680 1057 ἐπαναϐεϐηκότες

128 1081 212 1143 τὰς
241 1081 292 1130 ὲν
317 1077 378 1146 τῇ
413 1074 620 1144 Παλαιᾷ
646 1074 832 1144 Γραφῇ
869 1076 1195 1146 προσευχὰς,
1227 1078 1276 1129 οἱ
1309 1076 1399 1129 τοῦ
1432 1078 1682 1150 Σωτῆρος

129 1168 265 1241 ἡμῶν
309 1165 607 1222 ἀπόστολοιζ
636 1166 1022 1236 προσελθόντες
1055 1167 1238 1236 ἠξίουν
1276 1169 1436 1222 αὐτὸν
1475 1170 1680 1238 διδάξαι

126 1261 298 1322 αὐτοὺς
337 1255 765 1328 προσεύχεσθαι·
813 1258 842 1309 6
875 1259 931 1312 δὲ
963 1258 1224 1327 διδάσκει,
1276 1262 1457 1333 μόνοις
1495 1266 1678 1332 αὐτοῖς

126 1352 332 1412 καὶτοῖς
362 1349 568 1419 ὁμοίοις
613 1338 945 1421 κατάλληλον
977 1353 1304 1424 παραδιδοὺς
1348 1359 1676 1430 προσευχήν.

125 1443 202 1498 Διό
239 1459 362 1513 φησι
408 1441 546 1512 πρὸς
595 1441 812 1504 αὐτούς·
865 1442 1060 1510 Οὕτως
1109 1443 1220 1499 οὖν
1268 1449 1681 1518 προσεύχεσθε

125 1535 286 1604 ὑμεῖς·
318 1532 506 1599 Πάτερ
536 1533 705 1603 ἡμῶν
731 1537 764 1588 ό
784 1534 853 1587 ἐν
874 1534 997 1601 τοῖς
1016 1536 1310 1604 οὐρανοῖς,
1341 1539 1680 1610 ἁγιασθήτω

124 1628 179 1680 τὸ
213 1625 386 1694 ὄνομά
416 1641 556 1690 σου,
599 1627 690 1680 καὶ
733 1625 802 1679 τὰ
849 1627 995 1697 ἑξῆς.
1045 1630 1315 1694 Ἕκαστος
1350 1627 1444 1684 οὖν
1490 1633 1678 1686 ἑαυτὸν

122 1718 450 1789 δοκιμαζέτω,
494 1720 604 1772 εἴτε
634 1719 783 1784 ἄξιός
820 1720 986 1786 ἐστιν,
1020 1723 1095 1786 ὠς
1133 1723 1232 1795 ήδη
1277 1725 1390 1788 υίὸς
1416 1725 1548 1778 Θεοῦ
1587 1744 1679 1795 γε-

1784 534 1913 593 tur;
1946 527 2040 582 sed
2071 527 2161 580 hic
2190 542 2317 580 cum
2361 528 2466 583 hoc
2517 531 2912 598 additamento,
2945 533 3186 598 Doridis,
3236 552 3365 606 pro-

1785 617 1997 685 fertur;
2031 618 2172 674 alius
2222 619 2267 650 εδ
2320 635 2451 674 vero
2483 622 2802 678 inscribitur
2848 644 2860 681 :
2913 627 3100 681 Oratio
3158 626 3360 698 Moysis

1784 709 2008 763 hominis
2042 709 2171 776 Dei;
2195 709 2336 767 alius
2365 713 2432 777 “,
2470 711 2660 767 Oratio
2695 720 2963 785 pauperis,
3001 735 3121 772 cum
3166 721 3360 774 anxius

1783 802 1977 872 fuerit,
2025 812 2074 856 et
2127 804 2179 856 in
2230 816 2506 874 conspectu
2563 805 2774 861 Domini
2863 809 3106 879 effuderit
3158 827 3361 879 precem

1783 912 1956 952 suam.
1983 895 2089 950 Sed
2145 899 2604 967 quemadmodum
2662 903 2894 971 apostoli
2931 902 3231 961 Salvatoris
3267 922 3362 960 no-

1783 987 1924 1051 stri,
1971 987 2187 1043 Veteris
2269 987 2568 1060 Scriptura:
2637 993 2982 1049 orationibus
3049 997 3362 1066 superiores

1782 1076 1994 1142 effecti,
2053 1080 2375 1136 accedentes
2425 1083 2693 1152 rogabant
2748 1099 2912 1146 cum,
2956 1095 3015 1140 ut
3061 1102 3119 1141 se
3167 1089 3358 1142 orandi

1782 1168 2002 1223 modum
2037 1170 2320 1236 edoceret;
2369 1171 2460 1226 ille
2503 1188 2633 1226 vero
2682 1173 2818 1243 ipsis
2861 1175 2993 1230 solis
3053 1186 3105 1229 ct
3162 1178 3362 1231 simili-

1780 1260 1884 1317 bus
1965 1263 2208 1332 ipsorum
2278 1273 2673 1334 congruentem
2739 1266 2961 1322 tradidit
3016 1268 3358 1331 orationem,

1782 1367 1906 1408 cum
1939 1352 2079 1406 dixit
2109 1354 2236 1417 illis,
2283 1353 2370 1408 Sic
2421 1372 2509 1410 vos
2570 1365 2718 1411 orate
2762 1358 2979 1414 :Pater
3043 1369 3238 1428 noster,
3271 1363 3361 1432 qui

1780 1460 1833 1498 es
1896 1445 1949 1497 in
1983 1444 2148 1508 acetis,
2213 1446 2578 1514 sanctiﬁcatur
2645 1465 2833 1502 nomen
2893 1459 3041 1502 tuum
3069 1452 3135 1517 “,
3171 1460 3225 1506 et
3254 1467 3360 1505 cac-

1779 1543 1926 1602 tera;
1969 1537 2151 1604 itaque
2196 1536 2438 1608 seipsum
2475 1538 2711 1610 quisque
2740 1541 2954 1610 probet,
2994 1559 3124 1596 num
3156 1543 3358 1614 dignus

1780 1629 1872 1695 sit,
1910 1637 2094 1699 utpote
2130 1629 2242 1698 jam
2279 1631 2425 1685 ﬁlius
2466 1631 2557 1686 Dei
2595 1631 2844 1695 eﬂ'ectus,
2882 1633 3099 1690 Patrem
3148 1637 3243 1706 qui
3297 1638 3356 1692 in

1779 1719 1934 1774 cmlis
1960 1729 2041 1773 est
2078 1719 2354 1787 invocare,
2390 1736 2454 1776 ac
2484 1722 2617 1777 illud
2644 1723 2910 1794 proferre,
2956 1724 3120 1780 Pater
3145 1737 3345 1796 noster,

121 1811 289 1880 γονὼς,
327 1809 417 1863 τὸν
456 1813 517 1864 ὲν
563 1814 676 1875 τοῖς
716 1813 964 1884 οὐρανοῖς
1007 1815 1383 1871 ἐπικαλεῖσθαι
1430 1819 1667 1891 Πατέρα,

1777 1813 1868 1882 qui
1896 1827 1949 1867 es
1992 1813 2045 1867 in
2075 1814 2240 1879 cretis,
2290 1822 2398 1870 etc.
2440 1814 2596 1880 Quod
2649 1818 2695 1871 si
2739 1817 2864 1871 talis
2913 1834 3019 1874 non
3053 1820 3148 1886 sit,
3199 1828 3355 1876 curet

121 1904 199 1958 καὶ
227 1904 394 1972 λέγειν
419 1905 502 1967 τὸ,
533 1905 721 1974 Πάτερ
751 1907 920 1975 ἡμῶν
951 1909 984 1961 d
1010 1907 1082 1961 ἐν
1106 1909 1232 1977 τοῖς
1254 1911 1553 1979 οὐρανοῖς,
1580 1914 1675 1968 καὶ

117 1995 176 2048 τὰ
204 1995 340 2066 ἑξῆς.
393 1997 459 2050 Εἰ
509 1997 582 2068 μὴ
631 1997 883 2062 τοσοῦτος
929 2001 1036 2070 εἴη,
1085 2001 1442 2072 ἀναλέγεσθαι
1496 2007 1674 2078 ἑαυτῷ

119 2090 437 2154 σπουδαζέτω
485 2091 583 2163 τὴν
631 2092 978 2164 ἁρμόζουσαν
1033 2097 1097 2166 τῇ
1140 2095 1305 2149 αὑτοῦ
1343 2099 1674 2153 καταστάσει

115 2182 396 2253 προσευχὴν
423 2184 535 2238 ἀπό
563 2202 622 2238 τε
649 2185 748 2256 τῆς
779 2185 963 2256 βίϐλου
995 2187 1104 2243 τῶν
1127 2188 1376 2262 Ψαλμῶν
1427 2192 1520 2246 καὶ
1565 2193 1674 2246 ἀπὸ

114 2274 207 2326 τιῖιν
237 2275 586 2347 προφητικῶν
623 2278 836 2347 φωνῶν.
895 2280 960 2333 Ἦ
993 2280 1176 2350 μέντοι
1209 2283 1458 2354 παροῦσα
1504 2303 1672 2357 προσ-

114 2368 228 2440 ευχὴ
247 2368 335 2422 τοῦ
356 2369 520 2424 Δαυῒδ
542 2365 677 2425 οὖσα
696 2371 975 2442 τυγχάνει·
1002 2371 1175 2438 οὕτως
1201 2373 1309 2446 γὰρ
1329 2375 1673 2448 ήρμήνευσεν

112 2457 207 2510 ὅτε
245 2459 466 2525 Ἀκύλας
505 2462 600 2514 καὶ
631 2463 659 2514 6
691 2456 1003 2534 Σύμμαχος,
1035 2465 1157 2518 ἀντὶ
1187 2465 1303 2530 τοῦ,
1349 2467 1430 2533 τῷ
1470 2469 1670 2534 Δαυῒδ,

111 2550 202 2604 τοῦ
247 2551 440 2619 Δαυῒδ,
477 2554 779 2626 εἰρηκότες.
828 2558 985 2610 Δοκεῖ
1031 2557 1086 2610 δὲ
1138 2560 1166 2611 6
1216 2558 1380 2613 Δαυῖδ
1421 2560 1500 2631 τῷ
1543 2561 1672 2638 θείῳ

111 2641 363 2714 Πνεύματι
402 2646 478 2718 μὴ
513 2647 843 2718 ἠγνοηκέναι
874 2648 965 2702 τὸν
1003 2652 1132 2722 περὶ
1164 2651 1274 2705 τῶν
1306 2653 1537 2724 πτωχῶν
1566 2654 1672 2708 ὑπὸ

109 2734 189 2787 τοῦ
214 2737 456 2810 Σωτῆρος
498 2740 654 2811 ἡμῶν
683 2741 973 2813 εἰρημένον
1009 2744 1378 2816 μακαρισμόν·
1413 2745 1493 2798 διὸ
1521 2764 1670 2799 πτω-

109 2826 188 2897 χὸν
209 2830 388 2884 ἑαυτὸν
411 2833 508 2885 καὶ
538 2833 745 2904 πένητα
777 2834 1043 2904 ὑπάρχειν
1069 2835 1340 2906 ὁμολογεῖ,
1377 2837 1470 2891 καὶ
1496 2838 1670 2893 ταῦτα.

109 2919 335 2987 βασιλεὺς
367 2925 444 2978 ὢν
476 2927 569 2978 καὶ
601 2925 812 2996 πλούτῳ
839 2925 1019 2997 πολλῷ
1048 2928 1490 3000 περιρῤεόμενος.
1530 2930 1669 2985 Ἀλλ’

108 3014 270 3086 ἐπειδὴ
297 3016 373 3087 τῷ
406 3017 683 3089 πνεύματι
709 3017 945 3082 τοιοῦτος
965 3015 1054 3089 ἦν,
1093 3019 1232 3073 κατὰ
1263 3020 1346 3087 τὸ,
1377 3019 1668 3089 Μακάριοι

105 3109 151 3159 οὶ
178 3111 386 3178 πτωχοὶ
423 3109 505 3176 τῷ
547 3112 860 3180 πνεύματι,
893 3112 1117 3176 εἰκότως
1157 3113 1214 3166 ἐν
1255 3114 1322 3183 τῇ
1366 3117 1664 3186 προσευχῇ,

104 3198 169 3262 ὡς
212 3202 404 3272 ἀρετάς
455 3203 653 3257 ἑαυτοῦ
723 3204 817 3258 καὶ
860 3203 929 3257 τὰ
973 3203 1372 3276 κατορθώματα
1429 3206 1665 3276 προϐάλ-

102 3289 233 3346 λεται
279 3295 375 3367 τὴν
436 3297 710 3366 πτωχείαν
781 3296 876 3349 καὶ
940 3297 1148 3350 πενίαν.
1211 3298 1320 3350 Καὶ
1380 3297 1553 3362 ἄλλως
1606 3300 1664 3354 δὲ

101 3383 248 3454 ἐρεῖς,
292 3388 391 3453 ὅτι,
439 3388 629 3458 ὥσπερ
674 3389 934 3460 Μωῦσῆς,
990 3391 1172 3460 φωνῆς
1219 3390 1458 3455 ἀκούσας
1505 3392 1662 3457 Θεοῦ,

103 3473 407 3546 ἰσχνόφωνον
441 3480 636 3534 ἑαυτὸν
663 3475 802 3534 εἶναι
834 3479 1123 3551 ὡμολόγει,
1173 3482 1316 3536 κατὰ
1362 3483 1664 3554 παράθεσιν

99 3569 185 3639 τῆς
213 3571 358 3638 θείας
391 3576 578 3646 φωνῆς
619 3575 777 3629 τοῦτο
819 3577 1014 3648 φήσας·
1053 3577 1194 3631 οὕτω
1227 3579 1318 3632 καὶ
1343 3581 1371 3633 6
1399 3580 1580 3653 Δαυῒδ,
1615 3583 1665 3636 εἰ

98 3661 181 3713 καί
223 3663 390 3733 μέγας
434 3662 503 3738 ἦν
557 3667 650 3720 καὶ
698 3667 951 3732 πλούσιος
1003 3669 1096 3723 καὶ
1149 3669 1310 3740 σοφὸς
1357 3671 1663 3743 ἀνθρώποις

99 3759 526 3830 συγκρινόμενος,
564 3760 680 3814 ἀλλ’
712 3761 998 3825 ἀνατείνας
1047 3763 1184 3833 πρὸς
1230 3763 1322 3816 τὸν
1367 3763 1501 3817 Θεὸν
1535 3767 1663 3830 τοὺς

95 3846 404 3922 ὀφθαλμοὺς,
437 3855 538 3924 ὁρᾷ
567 3853 755 3907 ἑαυτὸν
778 3853 838 3907 τὸ
863 3854 1027 3924 μηδὲν
1051 3854 1197 3908 ὅντα⁸
1229 3855 1322 3908 καὶ
1348 3856 1469 3908 ἐπεὶ
1493 3857 1566 3926 μή
1578 3875 1660 3910 πω

93 3932 154 4008 ἦν
170 3940 384 4008 δυνατὸς
415 3947 630 4018 πατέρα
653 3946 743 3999 τὸν
771 3945 902 3999 Θεὸν
922 3946 1230 4018 ὀνομάζειν,
1265 3946 1469 4019 Κύριον
1498 3948 1658 4002 αὐτὸν

93 4031 252 4097 καλεῖ,
279 4035 468 4090 δούλου
504 4036 689 4109 χώραν
725 4038 916 4093 ἑαυτὸν
958 4039 1175 4110 ἐπέχειν
1219 4039 1516 4112 σημαίνων.
1546 4037 1658 4093 Εἶθ’

92 4122 159 4186 ὡς
183 4128 340 4193 αὐτὸς
374 4129 548 4201 μένων
578 4131 729 4184 κάτω
762 4149 863 4184 που
897 4132 992 4186 καὶ
1016 4132 1074 4185 ὲν
1116 4130 1283 4202 βυθῷ,
1319 4131 1412 4186 τοῦ
1441 4131 1497 4185 δὲ
1522 4131 1657 4185 Θεοῦ

89 4214 225 4282 ὄντος
247 4223 303 4273 ὲν
325 4221 471 4291 ὕψει,
504 4223 679 4276 κλῖναι
706 4223 797 4276 τὸν
826 4224 957 4277 Θεὸν
985 4222 1214 4276 ἱκετεύει
1240 4224 1300 4276 τὸ
1324 4218 1415 4287 οῦς
1438 4221 1652 4277 ἑαυτοῦ·

90 4303 172 4359 ἆτε
219 4312 290 4383 μὴ
337 4314 596 4370 τοσοῦτον
653 4315 780 4386 βοᾷν
828 4317 1125 4387 δυνάμενος
1172 4316 1258 4370 διὰ
1312 4316 1408 4388 τὴν
1452 4317 1657 4371 οἰκείαν

1777 1905 1942 1960 statui
1966 1921 2067 1962 suo
2089 1915 2477 1978 congruentem
2503 1910 2803 1966 orationem
2833 1911 3089 1980 deligere,
3116 1927 3181 1967 ex
3212 1913 3357 1968 libro

1775 1996 2119 2053 Psalmorum
2153 2006 2208 2054 et
2236 2015 2302 2055 ex
2337 2001 2673 2072 propheticis
2720 2003 2950 2058 vocibus
2983 2004 3353 2076 desumptam.

1775 2089 1902 2145 Haec
1930 2091 2097 2162 igitur
2122 2091 2300 2146 oratio
2332 2090 2555 2148 Davidis
2587 2101 2672 2148 est
2699 2117 2713 2149 :
2738 2110 2864 2149 nam
2891 2096 2972 2152 sic
3005 2097 3352 2167 explicarunt

1774 2182 1972 2253 Aquila
2001 2189 2055 2237 et
2091 2180 2475 2254 Symmachus,
2504 2184 2599 2253 qui
2634 2200 2732 2255 pro
2763 2186 2878 2244 illo.
2914 2185 3129 2253 Davidi,
3173 2188 3351 2244 inter-

1774 2276 1970 2346 pretati
2003 2285 2150 2337 sunt,
2191 2274 2428 2332 Davidis.
2485 2277 2712 2333 Videtur
2741 2294 2907 2348 porro
2937 2277 3132 2345 David,
3163 2280 3354 2337 divino

1775 2366 1986 2423 aﬁlatus
2019 2367 2248 2439 Spiritu,
2285 2371 2684 2428 beatitudinem
2733 2373 2880 2426 illam
2912 2372 2980 2427 de
3011 2374 3350 2444 pauperibus

1775 2472 1805 2510 a
1841 2456 2121 2514 Salvatore
2149 2470 2339 2516 nostro
2375 2464 2641 2533 prolatam
2675 2479 2782 2518 non
2827 2464 3113 2534 ignorasse
3141 2487 3152 2520 :
3182 2481 3351 2535 quare

1775 2564 1834 2604 se
1862 2564 2156 2620 pauperem
2184 2561 2237 2605 et
2270 2551 2486 2622 inopem
2516 2568 2639 2609 esse
2670 2553 2893 2618 fatetur,
2917 2555 3132 2610 etiamsi
3164 2572 3257 2611 rex
3287 2571 3352 2612 ac

1773 2638 1978 2694 divitiis
2027 2640 2330 2697 instructus
2384 2643 2572 2698 multis
2605 2651 2772 2698 esset.
2827 2643 2933 2699 Sed
2975 2646 3102 2716 quia
3151 2647 3350 2716 spiritu

1771 2730 1896 2786 talis
1924 2740 2042 2786 erat
2067 2732 2371 2788 secundum
2410 2733 2566 2800 illud,
2599 2733 2753 2788 Beati
2779 2750 3032 2804 pauperes
3061 2736 3253 2804 spiritu
3269 2739 3346 2806 o7;

1770 2826 1970 2878 merito
2010 2832 2389 2896 paupertatem
2431 2833 2484 2880 et
2538 2827 2779 2896 inopiam
2829 2827 2972 2882 inter
3021 2829 3254 2884 virtutes
3292 2839 3349 2884 et

1770 2924 1920 2972 recte
1975 2916 2117 2972 facta
2164 2932 2263 2973 sua
2309 2920 2364 2972 in
2415 2919 2665 2975 oratione
2717 2927 2989 2976 recenset.
3048 2921 3170 2976 Alio
3219 2923 3346 2977 item

1770 3010 1934 3066 modo
1970 3011 2210 3078 dixeris;
2255 3012 2396 3066 sicut
2444 3011 2679 3083 Moyses,
2715 3012 2899 3066 audita
2947 3012 3042 3068 Dei
3092 3031 3243 3079 voce,
3289 3031 3350 3070 se

1768 3124 2160 3180 balbutientem
2191 3141 2316 3181 esse
2364 3123 2658 3192 fatebatur,
2695 3127 2860 3196 idque
2902 3127 3119 3184 dicebat
3156 3145 3345 3184 vocem

1773 3235 1927 3275 suam
1989 3234 2112 3273 cum
2177 3219 2363 3273 divina
2425 3219 2827 3289 comparando;
2887 3220 2960 3273 ita
3026 3228 3082 3275 et
3145 3219 3346 3287 David,

1773 3312 1987 3366 etiamsi
2028 3327 2280 3382 magnus,
2313 3311 2467 3368 dives
2511 3322 2563 3367 et
2601 3313 2844 3382 sapiens,
2877 3328 3001 3367 cum
3035 3313 3347 3368 hominibus

1771 3409 2123 3472 comparatus
2181 3412 2354 3469 esset;
2390 3410 2444 3456 at
2473 3403 2702 3458 elevatis
2741 3403 2808 3457 ad
2851 3403 3020 3459 Deum
3052 3405 3248 3468 oculis,
3287 3422 3345 3460 St.-

1770 3495 1908 3550 nihil
1942 3511 2065 3551 esse
2096 3496 2231 3550 vidit
2258 3517 2269 3551 :
2302 3503 2354 3551 et
2379 3497 2506 3566 quia
2549 3495 2791 3550 nondum
2822 3504 3006 3566 posset
3036 3496 3204 3550 Deum
3249 3513 3345 3567 pa-

1770 3596 1908 3643 trem
1949 3603 2168 3653 vocare,
2201 3588 2492 3643 Dominum
2524 3605 2649 3644 eum
2696 3589 3005 3658 appellavit,
3058 3604 3117 3644 se
3156 3588 3343 3644 famuli

1768 3681 1949 3735 locum
1984 3688 2172 3736 tenere
2210 3681 2548 3750 signiﬁcans.
2584 3680 2809 3744 Deinde,
2845 3688 3031 3750 utpote
3054 3681 3144 3750 qui
3178 3681 3230 3734 in
3263 3683 3344 3734 in-

1769 3771 1913 3826 ﬁmis
1944 3779 1997 3826 et
2054 3771 2109 3825 in
2153 3769 2426 3840 profundo
2472 3778 2710 3832 maneat,
2761 3783 2887 3822 cum
2938 3766 3081 3822 Deus
3131 3767 3185 3820 in
3232 3769 3344 3821 alto

1767 3864 2036 3925 exsistat,l
2067 3870 2227 3931 rogat
2266 3868 2325 3914 ut
2363 3860 2590 3914 inclinet
2608 3875 2796 3914 aurem
2827 3872 3008 3922 suam,
3042 3859 3204 3928 quod
3226 3859 3341 3927 ipse

1765 3968 1877 4023 prae
1917 3951 2233 4005 inﬁrmitate
2279 3957 2489 4004 tantum
2525 3948 2688 4003 edere
2735 3948 3029 4002 clamorem
3067 3962 3178 4001 non
3217 3963 3343 4017 po?

1764 4043 1858 4107 sit,
1900 4041 1992 4112 qui
2027 4041 2080 4095 in
2110 4041 2281 4094 altum
2312 4039 2616 4110 perveniat,
2648 4045 2703 4094 et
2737 4037 2805 4092 ad
2840 4037 3010 4092 Deum
3043 4039 3338 4108 pertingat.

1763 4131 2128 4199 Quamobrem
2198 4129 2470 4202 supplicat
2527 4137 2587 4183 ut
2653 4127 2797 4184 Deus
2853 4128 3080 4184 inclinet
3151 4144 3338 4186 aurem

1761 4240 1938 4288 suam,
1971 4230 2025 4280 et
2057 4231 2116 4278 ut
2140 4222 2361 4278 divinus
2401 4221 2624 4277 auditus
2654 4221 2956 4276 humilitati
2994 4237 3108 4278 suae
3143 4230 3341 4278 attem-

1759 4326 2000 4385 peretur.

88 4397 375 4468 ἀσθένειαν,
401 4405 476 4469 ὡς
501 4407 845 4478 ἀναπέμπειν
877 4409 956 4472 εἰς
982 4407 1113 4478 ὕψος
1142 4410 1236 4462 καὶ
1273 4408 1470 4462 τείνειν
1504 4409 1640 4480 πρὸς
1667 4407 1758 4460 τὸν
1783 4407 1914 4460 Θεὸν
1939 4406 2036 4478 τὴν
2063 4405 2258 4459 ἑαυτοῦ
2294 4407 2498 4478 φωνήν.
2532 4405 2624 4459 Διὸ
2649 4405 2817 4460 δεῖται
2849 4405 3025 4460 κλῖναι
3056 4405 3249 4458 ἑαυτοῦ
3277 4405 3338 4458 τὸ

87 4485 170 4553 οὖς
195 4493 284 4546 τὸν
308 4497 461 4562 Θεὸν,
483 4500 576 4552 καὶ
593 4502 658 4570 τῇ
694 4500 887 4552 ἑαυτοῦ
955 4501 1301 4571 ταπεινότητι
1370 4500 1779 4571 συγκαταϐῆναι
1809 4500 1907 4570 τὴν
1937 4498 2088 4552 θείαν
2111 4499 2301 4569 ἀκοήν.

151 4613 428 4680 Φύλαξον
449 4617 564 4684 τὴν
586 4617 799 4686 ψυχήν
825 4630 966 4687 μου,
991 4617 1079 4671 ὅτι
1102 4617 1270 4683 ὅσιός
1291 4620 1426 4688 εἰμι·
1454 4618 1664 4673 σῶσον

1833 4616 2001 4672 Vsus.
2043 4619 2096 4673 2.
2141 4615 2361 4671 Custodi
2403 4615 2638 4668 animam
2680 4629 2870 4678 meam,
2916 4612 3166 4682 quoniam
3211 4628 3338 4666 sau-

85 4703 182 4757 τὸν
209 4706 436 4763 δοῦλόν
473 4727 611 4775 σου,
653 4714 686 4764 ό
731 4711 896 4778 Θεὸς,
937 4711 1044 4765 τὸν·
1073 4710 1391 4773 ἐλπίζοντα
1429 4713 1524 4766 ἐπὶ
1558 4711 1651 4767 σέ.

95 4795 176 4850 Ἐν
195 4795 272 4864 οἷς
295 4798 385 4872 ἦν,
414 4806 470 4856 ἐν
498 4805 707 4868 τούτοις
735 4805 1069 4876 φυλαχθῆναι
1095 4804 1238 4870 ἀξιοῖ
1257 4806 1362 4859 ὑπὸ
1379 4805 1473 4860 τοῦ
1497 4805 1652 4872 Θεοῦ,

83 4887 150 4953 ὡς
178 4891 241 4945 ἂν
284 4894 360 4968 μὴ
393 4897 646 4969 συληθείη
682 4897 846 4954 αύτεῦ
882 4899 914 4969 ἡ
942 4898 1087 4970 ψυχὴ
1128 4892 1202 4951 ὧν
1233 4899 1496 4970 ἐκέκτητο
1529 4899 1655 4971 ἀρε-

80 4981 202 5037 τῶν·
244 4988 310 5052 ἃς
356 4989 591 5062 ἐδήλωσε
641 4990 856 5062 πρῶτον
902 4990 1094 5052 εἰπὼν,
1136 4991 1256 5044 Ὅτι
1293 4989 1527 5059 πτωχὸς
1555 4990 1653 5043 καί

82 5072 262 5143 πένης
289 5079 407 5148 εἰμί
438 5079 571 5151 ἐγώ·
601 5080 873 5151 δεύτερον,
916 5081 1034 5134 Ὅτι
1073 5080 1243 5147 ὅσιός
1283 5082 1419 5150 εἰμι·
1450 5081 1530 5133 διὸ
1557 5080 1652 5133 καὶ

84 5164 310 5238 ἀλλαχοῦ
332 5171 549 5240 φάσκει·
579 5172 674 5240 Μὴ
693 5173 912 5226 ἐλθέτω
927 5190 1029 5242 μοι
1051 5173 1204 5239 ποῦς
1222 5173 1653 5241 ὑπερηφανίας.

94 5256 237 5312 Ἐπεὶ
263 5262 319 5315 δὲ
353 5265 560 5337 συνῄδει
580 5265 754 5336 ἑαυτῷ
780 5265 1005 5337 μηδέπω
1019 5265 1132 5318 ὄντι
1148 5265 1268 5337 υἱῷ,
1291 5265 1510 5328 εἰκότως
1531 5263 1653 5317 δοῦ-

82 5349 164 5403 λον
208 5354 398 5409 ἑαυτὸν
438 5359 686 5429 ὁμολογεῖ
729 5357 821 5411 καί
869 5373 1021 5429 φησι·
1056 5356 1266 5410 Σῶσον
1302 5357 1408 5411 τὸν
1432 5356 1656 5410 δοῦλόν

82 5457 213 5507 σου,
257 5450 289 5500 ὀ
340 5450 505 5516 Θεὸς,
556 5449 662 5503 τὸν
712 5449 1031 5510 ἐλπίζοντα
1075 5447 1171 5502 ἐπὶ
1217 5448 1311 5504 σέ.
1360 5448 1556 5512 Δοῦλος
1599 5447 1655 5501 δὲ

81 5534 211 5590 Θεοῦ
241 5542 390 5594 ἐστιν
413 5544 442 5594 6
475 5543 547 5613 μὴ
585 5542 850 5597 δουλεύων
891 5541 1156 5614 ἁμαρτίᾳ,
1195 5540 1327 5612 μηδέ
1361 5559 1464 5594 τινι
1495 5539 1654 5594 πάθει

1759 4719 1873 4763 ctus
1903 4726 2018 4763 sum
2044 4725 2062 4762 :
2087 4709 2292 4763 salvum
2337 4709 2423 4778 {ac
2457 4723 2662 4762 servum
2707 4715 2876 4772 tuum,
2915 4703 3078 4765 Deus,
3125 4720 3338 4773 sperau-

1761 4809 1863 4854 tem
1897 4801 1948 4852 in
1996 4808 2062 4852 te.
2099 4797 2156 4852 ln
2191 4813 2301 4867 quo
2339 4804 2485 4852 statu
2528 4804 2646 4852 erat
2684 4810 2744 4851 se
2803 4793 3122 4848 conservari
3151 4808 3180 4846 a
3223 4792 3335 4847 Deo

1757 4892 2017 4964 postulat,
2059 4899 2121 4946 ut
2145 4907 2214 4946 ne
2259 4890 2441 4946 anima
2491 4903 2589 4945 sua
2622 4885 2918 4942 virtutibus
2951 4901 3088 4956 quas
3117 4886 3334 4941 obtine-
3405 4965 3407 4968 Ι

1758 4987 1851 5040 bat
1901 4985 2275 5054 spoliaretur:
2323 4997 2461 5052 quas
2516 4981 2770 5044 virtutes,
2835 4979 2921 5033 bis
2981 4978 3330 5042 declarabat,

1757 5078 1934 5146 primo
1967 5092 2088 5132 cum
2121 5075 2348 5138 diceret,
2403 5073 2663 5138 Quoniam
2707 5072 2854 5138 inops
2888 5077 2938 5124 et
2980 5085 3178 5139 pauper
3217 5085 3333 5122 sum

1755 5186 1879 5240 ego;
1932 5169 2173 5222 secundo
2203 5206 2219 5230 ,
2271 5166 2535 5232 Quoniam
2583 5173 2798 5218 sanctus
2832 5177 2980 5226 sum;
3006 5175 3176 5232 quare
3202 5160 3330 5214 alibi

1755 5263 1906 5324 dicit,
1936 5260 2059 5315 Non
2091 5261 2263 5315 veniat
2305 5257 2432 5312 mihi
2463 5275 2550 5327 pes
2591 5256 2850 5324 superbire
2871 5255 2936 5308 ⁸⁸.
2981 5253 3117 5308 Cum
3151 5260 3330 5308 autem

1757 5372 1816 5412 se
1845 5357 2086 5410 nondum
2129 5354 2296 5408 ﬁlium
2330 5367 2454 5407 esse
2489 5358 2664 5421 putet,
2697 5365 2756 5404 se
2785 5349 2908 5419 jure
2949 5362 3167 5404 servum
3199 5361 3332 5401 con-

1757 5447 1940 5502 ﬁtetur
1979 5454 2029 5499 et
2058 5444 2154 5507 ait,
2192 5443 2411 5498 Salvum
2441 5442 2526 5510 fac
2556 5457 2762 5494 servum
2797 5449 2966 5500 tuum,
3025 5437 3183 5504 Deus,
3216 5451 3332 5504 spe-

1754 5548 1957 5592 rantem
2005 5537 2061 5589 in
2101 5544 2166 5587 te.
2221 5532 2425 5589 Servus
2465 5547 2630 5601 porro
2685 5531 2776 5584 Dei
2823 5538 2929 5592 est,
2965 5531 3057 5599 qui
3107 5537 3331 5600 peccato

82 5627 622 5705 ύποκείμενος,]μόνῳ
649 5635 703 5688 δὲ
733 5635 867 5689 Θεοῦ
890 5635 1049 5706 Λόγῳ
1070 5632 1526 5703 ὑποτεταγμένος,
1561 5633 1658 5686 καὶ

1767 5645 1865 5684 non
1902 5627 2093 5693 servit,
2145 5626 2389 5698 nullique
2419 5624 2633 5680 aﬁ‘ectui
2678 5623 2931 5680 subditus
2976 5632 3079 5689 est,
3114 5621 3210 5678 sed
3239 5621 3330 5676 uni

150 5786 192 5818 “
226 5786 375 5846 Psal.
410 5804 644 5860 LXXXIX,
679 5793 730 5848 i.
795 5794 851 5870 _"
892 5792 1036 5849 Psal.
1071 5807 1120 5845 (ιι
1145 5831 1159 5857 ,
1198 5793 1246 5844 i.
1325 5791 1374 5850 ⁸⁸,
1409 5787 1596 5844 Matth.
1635 5804 1665 5844 γ

1767 5784 1814 5841 9.
1881 5785 1936 5862 4⁸⁷
1980 5781 2170 5839 Matth.
2214 5781 2350 5856 ηδ.
2407 5781 2477 5859 ﬁ“
2515 5777 2661 5835 Psal.
2701 5793 2866 5842 xxxv,
2903 5774 2990 5830 12.
