3798 6282
438 325 567 381 1051

434 438 527 493 Dei
569 435 748 492 Verbo
773 437 1092 508 subjectus;
1124 448 1179 494 et
1202 439 1298 509 qui
1329 438 1385 492 in
1408 437 1560 492 nullo
1589 437 1696 493 alio
1725 451 1878 508 spem
1908 437 2007 491 ha-

430 531 539 594 bet,
576 531 680 587 nisi
711 534 764 586 in
801 548 910 586 uno
940 531 1070 588 Deo.
1099 562 1170 573 —
1197 531 1366 587 Vsus.
1408 533 1465 601 5,
1505 531 1560 587 4.
1599 530 1849 586 Miserere
1883 531 2006 596 mei,

431 625 673 687 Domine,
723 626 972 695 quoniam
1023 625 1091 679 ad
1123 634 1171 679 te
1209 625 1454 678 clamabo
1485 633 1596 678 tota
1629 623 1754 678 die:
1789 624 2009 693 lwtiﬁca

430 718 664 771 animam
704 719 840 773 servi
886 719 986 784 tui,
1018 719 1266 788 quoniam
1290 718 1452 784 ad'te,
1478 716 1721 779 Domine,
1774 717 2009 770 animam

430 823 598 862 meam
641 808 827 864 levavi.
863 807 1014 863 Licet
1050 817 1278 862 sanctus
1307 809 1434 870 sim,
1476 807 1573 870 ait,
1608 805 1736 860 licet
1768 806 1926 876 inops
1953 813 2008 860 et

428 915 636 969 pauper
669 901 900 971 spiritu;
936 899 1030 956 sed
1061 898 1305 953 nondum
1341 897 1474 951 mihi
1505 897 1681 952 ﬁdens
1704 898 2006 952 orationem

430 991 641 1046 emitto.
687 991 888 1045 Precor
910 998 1090 1044 autem
1121 996 1174 1044 et
1201 1003 1331 1059 rogo
1360 996 1508 1042 tuam
1543 989 1805 1061 consequi
1849 990 2008 1044 mise-

428 1085 724 1138 ricordiam
761 1102 772 1136 :
806 1091 860 1136 et
908 1083 1022 1136 haec
1067 1088 1329 1151 perpetua
1370 1080 1550 1134 oratio
1599 1095 1719 1136 mea
1759 1089 1862 1136 est.
1899 1080 2006 1136 Pro

428 1176 520 1231 illo
553 1183 758 1239 autem,
790 1174 926 1228 Tota
973 1173 1078 1239 die,
1117 1171 1482 1244 Symmachus
1525 1172 1605 1229 sic
1635 1172 1830 1240 edidit,
1865 1172 2006 1238 Quia

427 1269 496 1322 ad
526 1279 574 1322 te
603 1268 836 1321 clamans
876 1267 1097 1336 singulis
1135 1264 1338 1320 diebus.
1375 1264 1495 1320 Non
1539 1265 1684 1320 enim
1733 1279 1842 1320 una
1881 1273 2006 1319 tan-

425 1368 542 1414 tum
587 1360 676 1414 die
705 1359 940 1415 orationi
967 1357 1296 1416 vacandum.
1347 1357 1442 1413 sed
1483 1372 1579 1428 per
1607 1365 1778 1412 totam
1812 1358 2002 1412 vitam.

430 1450 496 1506 Et
525 1453 653 1523 quia
687 1452 754 1506 de
786 1451 934 1505 nulla
978 1450 1214 1504 humana
1269 1464 1330 1504 re
1367 1448 1659 1503 admodum
1694 1450 2000 1520 gaudebat;

427 1545 560 1600 illud
589 1545 750 1600 etiam
796 1559 825 1596 a
869 1542 979 1599 Deo
1012 1542 1242 1613 praeberi
1279 1542 1385 1596 sibi
1420 1543 1667 1613 rogabat,
1709 1541 1765 1596 id
1812 1548 1916 1606 est,
1946 1551 2004 1595 ut

425 1639 610 1693 lmtitia
646 1637 736 1690 illa
769 1651 888 1706 quae
923 1635 1068 1706 apud
1110 1635 1290 1705 ipsum
1325 1633 1496 1690 Deum
1531 1634 1785 1701 habetur,
1820 1634 2003 1688 anima

423 1747 519 1786 sua
547 1731 708 1800 digna
744 1729 1072 1784 haberetur:
1101 1743 1305 1798 gnarus
1339 1729 1528 1798 utique
1553 1741 1757 1797 corpus
1792 1735 1847 1782 et
1875 1741 2002 1781 car-

423 1839 546 1879 nem
599 1839 753 1878 suam
801 1822 1081 1892 corporeis
1128 1821 1292 1875 rebus
1356 1821 1614 1890 gaudere.
1661 1819 1842 1886 Quare
1885 1820 1999 1874 haac

422 1913 638 1983 quidem
676 1912 905 1982 respuit,
948 1911 1120 1967 solam
1173 1924 1325 1974 vero,
1357 1925 1481 1980 quae
1513 1910 1657 1979 apud
1693 1909 1858 1963 Deum
1889 1915 1996 1970 est,

423 2005 661 2062 laetitiam
709 2004 969 2074 postulat,
1022 2002 1217 2056 animae
1263 2016 1376 2056 suae
1423 2003 1758 2071 voluptatem
1800 2014 2001 2070 procu-

421 2115 571 2155 rans.
608 2098 826 2153 Sciebat
851 2096 1074 2166 quippe,
1111 2110 1221 2150 non
1266 2109 1430 2164 posse
1454 2109 1646 2149 omnes
1688 2094 1835 2147 illam
1866 2108 2000 2147 con-

421 2190 614 2260 sequi;
639 2189 736 2244 sed
763 2203 860 2242 eos
894 2197 1106 2241 tantum
1140 2187 1234 2258 qui
1275 2201 1306 2240 a
1335 2185 1554 2240 mortali
1587 2185 1697 2239 vita
1726 2191 1780 2240 et
1818 2199 1848 2239 a
1879 2201 2002 2239 cor-

421 2283 603 2354 poreis
632 2280 984 2351 cupidinibus
1018 2295 1142 2336 sese
1186 2285 1464 2342 amovent,
1509 2285 1565 2332 et
1607 2277 1675 2331 ad
1709 2275 1878 2332 Deum
1913 2292 2002 2332 so-

422 2376 535 2429 lum
583 2381 763 2429 mente
809 2381 863 2428 et
909 2371 1336 2442 cogitationibus
1383 2367 1680 2435 accedunt;
1732 2369 1854 2424 ideo
1877 2369 2002 2438 jure

423 2467 632 2537 adjicit,
677 2467 941 2533 Quoniam
981 2464 1050 2517 ad
1093 2474 1162 2531 te,
1187 2462 1438 2528 Domine,
1474 2462 1710 2516 animam
1732 2478 1902 2516 meam
1926 2461 2001 2516 le-

421 2560 554 2612 vavi.
588 2557 844 2612 —Vsns.
881 2558 934 2612 5.
990 2556 1256 2622 Quoniam
1313 2564 1391 2619 tu,
1440 2554 1682 2620 Domine,
1732 2554 1909 2608 suavis
1951 2563 2000 2608 et

423 2651 588 2711 mitis,
631 2660 679 2704 et
721 2650 899 2704 multa?
937 2648 1313 2703 misericordirc
1357 2647 1598 2702 omnibus
1640 2646 2000 2702 invocantibus

424 2756 493 2798 te.
538 2743 644 2798 Pro
674 2743 787 2804 illo,
823 2751 872 2796 et
912 2741 1076 2805 mitis,
1114 2740 1306 2811 Aquila
1348 2748 1404 2795 et
1445 2739 1768 2802 Theodotio,
1801 2748 1849 2794 et
1879 2757 2002 2808 pro-

421 2836 607 2903 pitius,
654 2833 979 2898 ediderunt;
1019 2829 1383 2903 Symmachus
1419 2846 1572 2895 vero,
1616 2840 1665 2884 et
1705 2830 1998 2886 dimittens.

426 2925 552 2980 limo
593 2940 757 2996 porro
801 2923 1153 2980 commodum
1211 2937 1243 2979 a
1307 2922 1510 2979 Davide
1548 2923 1696 2978 dicta
1743 2933 1890 2989 sunt,
1941 2931 2001 2979 ut

420 3019 648 3076 verbum
696 3017 911 3082 leniret,
959 3016 1106 3088 quod
1156 3030 1288 3071 sane
1337 3015 1537 3071 durum
1586 3015 1757 3072 videri
1787 3016 1998 3087 possit;

424 3113 586 3182 quale
621 3109 754 3164 illud
793 3114 930 3174 erat,
982 3107 1065 3162 Ad
1123 3116 1172 3162 te
1202 3107 1436 3161 animam
1483 3122 1651 3160 meam
1699 3107 1892 3170 levavi;
1935 3121 2000 3162 ac

427 3218 649 3258 rursum
701 3201 975 3270 superius,
1033 3199 1300 3266 Quoniam
1347 3209 1562 3253 sanctus
1617 3216 1754 3253 sum.
1789 3198 1854 3252 Et
1885 3199 1999 3254 haec

425 3292 646 3364 quidem
677 3290 831 3355 mihi,
875 3289 972 3354 ait,
1004 3303 1114 3343 non
1153 3303 1271 3342 mea
1301 3288 1504 3343 virtute
1534 3295 1689 3358 parta
1720 3295 1872 3354 sunt,
1903 3287 2001 3345 sed

423 3384 599 3457 gratia
635 3392 752 3437 tua.
782 3379 863 3436 Tu
892 3382 1038 3437 enim
1073 3395 1160 3436 me
1189 3380 1254 3434 ad
1287 3378 1404 3434 haec
1426 3378 1654 3444 duxisti,
1690 3380 1784 3449 qui
1815 3379 2000 3436 suavis

421 3493 481 3534 es
518 3487 570 3532 et
600 3483 821 3548 peccata
850 3473 1100 3536 dimittis,
1134 3488 1244 3528 non
1272 3473 1407 3526 mihi
1439 3480 1673 3538 tantum,
1708 3473 1801 3528 sed
1834 3473 2000 3528 etiam

421 3569 676 3624 omnibus
704 3566 1086 3622 invocantibus
1120 3573 1171 3622 te
1199 3584 1212 3618 :
1240 3579 1366 3619 nam
1392 3564 1577 3618 multae
1606 3563 2000 3622 misericordia:

419 3677 501 3718 es.
530 3661 667 3716 Cum
701 3669 882 3716 autem
922 3659 1038 3714 hzcc
1070 3659 1128 3713 in
1159 3658 1437 3714 communi
1467 3657 1691 3723 dixerit,
1741 3657 1999 3713 Omnibus

420 3752 780 3806 invocantibus
821 3759 890 3818 te,
923 3765 1026 3806 nos
1052 3764 1244 3804 omnes
1274 3749 1343 3805 ad
1372 3763 1557 3819 parem
1601 3749 1904 3804 orationem
1945 3755 2000 3804 et

422 3860 573 3916 spem
601 3844 872 3898 hortatur.
904 3872 974 3883 —
1001 3840 1170 3899 Vens.
1203 3843 1257 3908 6,
1291 3843 1343 3896 7.
1367 3841 1603 3896 Auribus
1630 3842 1854 3910 percipe,
1888 3840 2000 3896 Do-

422 3937 583 4000 mine,
629 3937 920 3990 orationem
957 3952 1150 4002 meam,
1179 3943 1229 3989 et
1261 3934 1472 3989 intende
1523 3933 1634 3988 voci
1671 3933 2000 4004 deprecatio-

421 4029 502 4082 nis
547 4043 692 4080 meae.
744 4025 812 4079 In
862 4025 947 4078 die
993 4025 1351 4080 tribulationis
1398 4041 1527 4079 mere
1557 4024 1785 4079 clamavi
1827 4023 1896 4077 ad
1929 4033 1997 4090 te,

418 4117 545 4186 quia
570 4114 839 4169 exaudiui
869 4131 969 4168 me.
1001 4113 1141 4169 Hinc
1172 4115 1300 4169 item
1336 4114 1650 4169 declaratur
1675 4114 1823 4170 hunc
1852 4115 2001 4184 psal-

421 4223 571 4262 mum
599 4222 722 4262 esse
752 4207 1079 4270 orationem,
1117 4214 1177 4260 ut
1221 4207 1338 4277 ipse
1371 4207 1565 4262 titulus
1595 4206 1814 4262 indicat.
1857 4207 1996 4272 Quia

419 4313 552 4356 vero
585 4301 652 4357 de
685 4300 958 4370 praeterito
985 4307 1229 4370 tempore
1272 4299 1407 4364 haec,
1441 4299 1688 4368 clamavi,
1727 4309 1802 4364 et,
1829 4316 1998 4355 exau-

419 4393 567 4456 disti,
600 4393 894 4457 dicuntur;
936 4390 1342 4446 animadvertas
1381 4391 1634 4462 Aquilam
1667 4391 1872 4458 dicere,
1900 4389 1997 4445 In-

1140 320 1410 381 EUSEBII
1447 310 1928 379 CIESARIENSIS
1959 321 2111 378 OPP.
2141 319 2318 377 PARS
2346 319 2435 376 111.
2479 349 2550 363 -
2587 311 2994 376 EXEGETICA.

3508 327 3527 379 Ι
3536 329 3620 382 05?.

2033 443 2082 498 Α
2104 439 2134 491 6
2161 436 2254 489 ἐπὶ
2286 436 2488 509 μηδένα
2517 437 2705 507 ἕτερον
2745 435 2980 499 ἐλπίζων
3009 436 3041 507 ἢ
3075 435 3165 489 ἐπὶ
3200 435 3361 508 μόνον
3393 441 3475 492 τὸν
3507 443 3627 501 Θεό-δ.

2125 525 2410 594 Ἐλέησόν
2432 545 2528 596 με,
2548 529 2744 596 Κύριε,
2762 527 2850 580 ὅτι
2877 527 3027 596 πρὸς
3048 527 3122 582 σὲ
3147 528 3492 600 κεκράξομαι
3514 535 3632 604 ὅλην

2109 619 2224 686 τὴν
2267 617 2514 687 ἡμέραν·
2571 620 2871 690 εὔφρανεν
2921 619 3035 689 τὴν
3070 620 3281 690 ψυχὴν
3323 622 3426 675 τοῦ
3451 626 3633 684 δούλου

2107 728 2244 776 σου,
2279 712 2366 766 ὅτι
2390 711 2539 780 πρὸς
2567 714 2661 777 σὲ,
2702 714 2897 782 Κύριε,
2935 713 3048 782 τὴν
3073 715 3286 784 ψυχήν
3310 730 3426 783 μου
3453 713 3566 786 ἦρα.
3586 721 3634 774 Εἰ

2108 805 2202 858 καὶ
2226 804 2372 868 ὅσιός
2405 807 2543 875 εἰμι,
2579 806 2845 876 (gnatm-ei
2885 807 2979 859 καὶ
3019 808 3242 876 πτωχὸς
3275 807 3368 860 καὶ
3406 809 3554 881 πένης
3577 812 3634 883 τῷ

2107 897 2396 968 πνεύματι·
2427 898 2542 952 ἀλλ’
2575 898 2727 953 οὔπω
2753 899 2970 971 θαρσῶν
2999 901 3217 971 ἐμαυτῷ
3244 902 3344 972 τὴν
3370 903 3519 974 εὐχὴν
3539 907 3637 959 ἀνα.

2106 990 2330 1062 πέμπω.
2371 991 2572 1062 Δέομαι
2615 991 2673 1044 δὲ
2709 991 2803 1045 καὶ
2843 991 3070 1045 ἱκετεύω
3106 992 3259 1046 ἐλέου
3289 993 3384 1046 τοῦ
3413 996 3548 1067 παρὰ
3568 997 3635 1050 σοῦ

2104 1087 2310 1156 τυχεῖν,
2353 1085 2447 1138 καὶ
2495 1083 2634 1156 αὕτη
2684 1085 2784 1155 μού
2831 1087 2978 1138 ὲστιν
3019 1087 3052 1156 ἠ
3089 1085 3342 1157 διηνεκὴς
3384 1091 3634 1159 προσευχὴ.

2117 1180 2263 1232 Ἀντὶ
2289 1179 2419 1247 γοῦν
2449 1179 2564 1243 τοῦ,
2594 1179 2747 1246 ὅλην
2774 1178 2888 1246 τὴν
2917 1178 3166 1248 ἡμέραν,
3189 1181 3218 1231 6
3249 1179 3530 1250 Σύμμαχος
3554 1181 3638 1247 ἐξέ.

2104 1273 2295 1336 δωκεν,
2331 1273 2451 1326 Ὅτι
2477 1272 2628 1340 πρὸς
2667 1271 2743 1325 σὲ
2772 1271 2940 1337 βοῶν
2968 1274 3094 1326 καθ’
3131 1272 3405 1340 ἑκάστην
3433 1274 3634 1343 ἡμέραν.

2105 1366 2180 1419 Οὐ
2210 1365 2319 1435 γὰρ
2362 1363 2496 1436 πρὸς
2543 1365 2672 1436 μίαν
2714 1365 2927 1438 ἡμέραν
2960 1366 3042 1419 δεῖ
3078 1368 3144 1436 τῇ
3180 1368 3459 1435 προσευχῇ
3489 1366 3638 1436 σχολὰο

2106 1457 2240 1523 ζειν,
2280 1458 2413 1513 ἀλλὰ
2445 1459 2531 1513 διὰ
2565 1459 2746 1529 πάσης
2770 1461 2869 1530 τῆς
2896 1459 3103 1514 ἑαυτῶν
3140 1458 3312 1528 ζωῆς.
3337 1461 3445 1512 Καὶ
3467 1461 3637 1532 ἐπειδή-

2106 1568 2209 1623 περ
2239 1555 2324 1604 ἐπ’
2363 1553 2538 1606 οὐδενὶ
2579 1553 2689 1606 τῶν
2723 1553 3079 1624 ἀνθρωπίνων
3119 1552 3460 1622 πραγμάτων
3496 1553 3638 1623 ἔχαιρε

2109 1646 2272 1716 μέγα,
2303 1645 2458 1715 ἠξίου
2486 1645 2574 1699 διὰ
2603 1645 2702 1715 τῆς
2741 1646 3048 1716 προσευχῆς
3087 1643 3494 1715 παρασχεθῆναι
3527 1646 3639 1714 αὐτῷ

2105 1738 2211 1791 ὑπὸ
2243 1738 2333 1792 τοῦ
2363 1739 2517 1792 Θεοῦ·
2546 1737 2704 1791 τοῦτο
2741 1739 2797 1790 δὲ
2819 1733 2886 1808 ἦν
2928 1738 2989 1790 τὸ
3025 1736 3370 1808 εὐφροσύνης
3415 1735 3508 1805 τῆς
3543 1739 3638 1807 παρ’

2034 1806 2074 1860 Β
2104 1832 2252 1902 αύτῷ
2291 1831 2369 1902 τῷ
2413 1831 2532 1902 Θεῷ
2579 1806 2977 1900 καταξιωθῆναι
3017 1806 3356 1900 τὴνήὲαυτοῦ
3399 1827 3570 1898 ψυχήνο
3596 1806 3639 1881 τὸ

2108 1925 2204 1996 μὲν
2232 1924 2341 1996 γὰρ
2372 1924 2528 1994 σῶμα
2565 1921 2758 1976 ἑαυτοῦ
2791 1921 2886 1974 καὶ
2928 1921 3026 1992 τὴν
3081 1922 3264 1991 σάρκα
3297 1922 3409 1982 τοῖς
3447 1936 3641 1989 σωματι-

2103 2019 2219 2080 κοῖς
2245 2017 2454 2088 χαίρειν
2485 2016 2775 2086 ὴπίστατο.
2823 2013 2920 2066 Διὸ
2962 2013 3134 2066 ταῦτα
3174 2015 3278 2083 μὲν
3320 2014 3636 2083 παραιτεῖται·

2107 2108 2274 2179 μόνην
2297 2109 2353 2162 δὲ
2383 2109 2481 2180 τὴν
2514 2107 2672 2180 παρὰ
2714 2105 2808 2159 τοῦ
2851 2105 2986 2158 Θεοῦ
3033 2104 3378 2176 εὐφροσύνην
3417 2106 3544 2156 αἰτεῖ
3567 2103 3640 2174 τῆς

2103 2201 2246 2256 κατὰ
2276 2203 2451 2273 ψυχὴν
2493 2201 2702 2274 τρυφῆς
2751 2196 3233 2270 μεταποιούμενος.
3291 2195 3457 2258 Εἰδὼς
3488 2194 3553 2256 δὲ,
3579 2196 3638 2247 ὅτι

2101 2296 2165 2348 οὐ
2207 2293 2425 2347 πάντων
2474 2293 2591 2347 ἐστὶ
2628 2291 2890 2346 δύνασθαι
2933 2290 3138 2360 ταύτης
3167 2291 3356 2359 τυχεῖν
3388 2286 3639 2357 ἀλλ’ἠτῶν

2107 2385 2491 2456 μακρυνόντων
2539 2384 2635 2456 μὲν
2676 2384 2898 2446 ἑαυτοὺς
2950 2382 3045 2436 τοῦ
3084 2381 3284 2453 θνητοῦ
3316 2381 3428 2451 βίου
3454 2381 3637 2433 καὶτῶν

2105 2478 2436 2549 σωματικῶν
2481 2476 2807 2548 ἐπιθυμιῶν,
2861 2475 3007 2546 μόνῳ
3054 2474 3110 2527 δὲ
3132 2473 3288 2542 αὐτῷ
3332 2471 3410 2542 τῷ
3453 2470 3556 2540 Θεῷ
3589 2472 3636 2541 τῆ

2101 2571 2313 2642 διανοίᾳ
2355 2572 2450 2624 καὶ
2493 2573 2608 2634 τοῖς
2647 2570 2928 2640 λογισμοῖς
2977 2565 3411 2637 πλησιαζόντων,
3461 2563 3636 2624 εἰκότως

2103 2665 2365 2732 ἐπιλέγει,
2417 2664 2538 2717 ’Ότι
2584 2663 2732 2731 πρὸς
2773 2660 2870 2727 σὲ,
2923 2661 3124 2728 Κύριε,
3169 2657 3291 2726 τὴν
3332 2654 3527 2725 ψυχήν
3549 2671 3636 2723 μου

2101 2753 2236 2827 ἦρα.
2285 2757 2405 2810 Ὅτι
2453 2755 2556 2821 σὺ,
2603 2757 2797 2824 Κύριε,
2847 2755 3111 2823 χρηστὸς
3156 2753 3258 2804 καὶ
3294 2748 3540 2814 ἐπιεικὴς
3563 2745 3632 2799 καὶ

2103 2849 2436 2916 πολυέλεος
2487 2848 2638 2905 πᾶσι
2686 2847 2810 2915 τοῖς
2855 2845 3360 2913 ἐπικαλουμένοις
3400 2859 3484 2895 σε.
3529 2839 3636 2890 Ἀντὶ

2103 2941 2220 3008 τοῦ,
2267 2943 2367 2996 καὶ
2412 2941 2701 3010 ἐπιεικὴς,
2737 2943 2766 2996 6
2805 2940 2904 3012 μὲν
2955 2939 3182 3002 Ἀκύλας
3236 2938 3334 2992 καὶ
3375 2933 3632 2990 Θεοδοτίων,

2104 3036 2204 3089 καὶ
2239 3035 2513 3104 ἱλαστὴς,
2542 3036 2845 3108 εἰρήκασινο
2873 3035 2902 3087 6
2924 3033 2982 3086 δὲ
3001 3029 3325 3104 Σύμμαχος,
3352 3031 3444 3083 καὶ
3465 3027 3632 3096 ἀρέων.

2025 3141 2073 3203 c
2103 3127 2214 3183 Καὶ
2238 3129 2408 3182 ταῦτα
2428 3129 2485 3183 δὲ
2504 3129 2789 3200 χρησίμως
2813 3126 3007 3197 ἐλέχθη
3021 3125 3100 3196 τῷ
3122 3124 3312 3187 Δαυτδ,
3335 3119 3632 3193 θεραπεύοντι

2101 3212 2164 3273 τὸ
2190 3220 2444 3291 νομισθὲν
2489 3221 2744 3292 φορτικὸν
2783 3219 2954 3291 ῥῆμα·
3002 3219 3246 3272 τοιοῦτον
3281 3217 3338 3270 δὲ
3363 3212 3426 3287 ἦν
3451 3213 3503 3269 τὸ
3523 3209 3632 3278 πρός

2102 3313 2178 3366 σὲ
2224 3313 2341 3382 τὴν
2363 3312 2578 3382 ψυχήν
2619 3331 2740 3382 μου
2786 3308 2920 3382 ἦρα·
2973 3311 3066 3364 καὶ
3109 3309 3277 3364 πάλιν
3323 3306 3552 3376 ἀνωτέρω
3573 3300 3630 3358 τδρ

2103 3404 2226 3458 Ὅτι
2257 3405 2428 3471 ὅσιός
2454 3407 2591 3474 ειμι.
2628 3405 2739 3458 Καὶ
2769 3404 2942 3458 ταῦτα
2973 3404 3081 3475 γάρ
3123 3420 3236 3474 μοι,
3275 3401 3454 3473 φησὶν,
3489 3397 3570 3448 οὐκ
3591 3391 3632 3456 ἐξ

2100 3496 2244 3568 ἐμῆς
2284 3497 2568 3567 δυνάμεως
2607 3496 2893 3568 ἐπορίσθη,
2931 3495 3046 3549 ἀλλ’
3075 3496 3141 3547 ἐκ
3176 3493 3284 3564 τῆς
3317 3492 3412 3562 σῆς
3439 3487 3628 3559 χάριτος-

2101 3590 2173 3642 Σὺ
2198 3590 2306 3660 γάρ
2343 3607 2411 3660 με
2435 3589 2530 3642 ἐπὶ
2557 3588 2732 3643 ταῦτα
2761 3591 2988 3661 ἤγαγες,
3019 3587 3259 3660 χρηστὸς
3290 3584 3364 3637 ὢν
3389 3582 3475 3636 καὶ
3499 3577 3631 3647 eam
3727 3619 3735 3636 .

2101 3679 2397 3751 ἁμαρτίας,
2435 3682 2498 3734 σὺ
2539 3682 2698 3751 μόνον
2726 3682 2867 3751 ἐμοὶ,
2897 3681 3033 3735 ἀλλὰ
3060 3681 3154 3734 καὶ⁵
3185 3682 3323 3733 πᾶσι
3355 3680 3458 3739 τοῖς
3475 3677 3627 3726 ἐπικα-

2099 3771 2381 3842 λουμένοις
2407 3789 2485 3824 σε·
2513 3773 2803 3837 πλυέλεος
2829 3773 2937 3845 γὰρ
2957 3772 3269 3844 τυγχάνεις.
3293 3767 3628 3836 Κοινοποιήςαξ

2099 3863 2155 3916 δὲ
2185 3864 2274 3917 τὸν
2304 3863 2460 3933 λόγον
2489 3865 2575 3918 διὰ
2603 3865 2718 3930 τοῦ,
2765 3865 2863 3918 καὶ
2907 3865 3096 3920 πᾶσιν
3137 3865 3264 3931 τοῖς
3293 3854 3627 3926 ἐπικαλουμέ-

2099 3969 2230 4018 νοις
2258 3969 2352 4016 σε,
2385 3954 2687 4025 προτρέπει
2714 3957 2881 4008 πᾶσιν
2907 3958 3042 4026 ⁴ἡμῖν
3075 3956 3168 4008 ἐπὶ
3195 3955 3277 4026 τῷ
3304 3955 3374 4007 τὰ
3407 3953 3486 4005 ἴσα
3518 3944 3627 4012 αὒτῷ

2100 4041 2500 4116 προσεύχεσθαί
2543 4063 2603 4099 τε
2652 4049 2746 4102 καὶ
2792 4047 3053 4112 ἐλπίζειν.
3114 4047 3434 4108 Ἐ’νὼτισαι,
3475 4043 3622 4108 Κύριε.

2098 4135 2212 4204 τὴν
2238 4138 2589 4208 προσευχήν
2610 4157 2752 4209 μου,
2801 4138 2900 4194 καί
2939 4139 3206 4209 πρόσχες
3259 4140 3334 4208 τῇ
3376 4134 3524 4208 φωνῇ
3549 4129 3626 4195 τῆς

2097 4227 2362 4295 δεήσεώς
2405 4249 2545 4299 μου.
2609 4233 2704 4284 Ἐν
2735 4232 2926 4302 ἡμέρᾳ
2957 4231 3219 4302 θλίψεως
3254 4251 3373 4302 μου
3413 4228 3540 4297 πρὸς
3570 4220 3623 4275 σὲ

2095 4320 2409 4390 ἐκέκραξα,
2439 4323 2527 4377 ὅτι
2555 4323 2905 4392 ἐπήκουσάς
2929 4343 3069 4395 μου.
3116 4327 3225 4380 Καὶ
3272 4322 3502 4378 ἐντεῦθεν
3521 4331 3622 4384 παρ·

2102 4411 2334 4474 ίσταται,
2357 4415 2439 4466 ὄτι
2471 4416 2745 4486 προσευχὴ
2769 4417 3027 4486 τυγχάνει
3057 4418 3086 4469 6
3115 4411 3346 4486 ψαλμδς,
3375 4414 3446 4476 ὡς
3466 4403 3620 4463 mliti

419 4485 610 4542 vocabo
642 4495 708 4550 te,
743 4485 868 4556 quia
907 4483 1156 4537 exaudies
1191 4499 1303 4547 me;
1337 4484 1409 4537 ita
1444 4492 1501 4538 ut
1534 4483 1801 4538 orationis
1828 4484 1991 4538 verba

2102 4500 2196 4570 τῆς
2224 4483 2569 4576 προγραφῆς.
2623 4483 2776 4559 Ἐπεὶ
2803 4507 2859 4560 δὲ
2878 4483 3042 4560 ⁷κατὰ.
3088 4483 3446 4577 παριμχηκὸτα
3476 4498 3618 4570 χρόνον

418 4592 518 4649 pro
552 4576 740 4631 futuro
785 4581 1030 4644 tempore
1072 4573 1334 4627 auxilium
1374 4587 1406 4626 a
1438 4569 1549 4629 Deo
1581 4573 1895 4644 postulent;
1933 4581 1992 4626 ut

2102 4569 2410 4664 εἴρηται
2433 4569 2747 4665 ἐκέκραξα,
2769 4598 2960 4662 καὶτὸ,
2983 4569 3350 4664 emissaeque,
3372 4588 3613 4665 σημειώσηο

419 4671 464 4725 si
495 4670 715 4740 quando
756 4668 1137 4724 calamitosum
1172 4674 1386 4736 tempus
1429 4667 1676 4734 accedat,
1716 4667 1991 4736 instetque

2102 4683 2176 4735 ὅτι
2213 4686 2242 4737 6
2289 4685 2518 4750 Ἀκύλας
2557 4689 2753 4760 φησὶν,
2806 4689 3261 4759 Ἐπικαλέσομαί
3294 4703 3382 4750 σε,
3416 4686 3493 4738 ὅτι
3526 4681 3612 4732 εἱσ-

417 4761 658 4824 alllictio,
690 4758 979 4814 Dominum
1004 4759 1057 4813 in
1084 4758 1527 4813 tribulationibus
1556 4758 1845 4821 invocans,
1867 4773 1992 4827 pro-

2102 4777 2378 4844 ακούσεις
2402 4794 2541 4846 μου·
2570 4779 2710 4833 ῶστε
2731 4775 2953 4834 εἶναιτὰ
2973 4781 3071 4852 τῆς
3098 4781 3396 4852 προσευχῆς
3416 4778 3607 4838 ἀναπεμ-

417 4855 611 4926 p'rtium
646 4853 799 4906 illum
834 4852 1208 4906 nanciscatur.
1254 4849 1462 4905 Bonum
1517 4856 1700 4905 autem
1743 4860 1826 4904 est
1865 4858 1991 4906 ante

2102 4863 2308 4933 πὸμενα
2344 4868 2424 4930 είς
2447 4867 2706 4938 μέλλοντα
2731 4869 2917 4942 χρόνον
2951 4849 3203 4923 αἰτοῦντα
3404 4863 3484 4918 τοῦ
3513 4854 3609 4912 Θίοῧ

417 4945 736 5001 allictiones
764 4953 817 5000 et
847 4944 1028 5000 tristia
1061 4953 1302 5014 tempora
1335 4958 1444 4997 non
1475 4942 1670 5012 supine
1700 4943 1754 4996 in
1789 4957 1992 4997 concu-

2102 4953 2368 5025 βοήθειαν·
2424 4959 2512 5024 ἵν’,
2569 4960 2750 5013 εἴποτε
2797 4962 2988 5034 καιρὸς
3023 4962 3233 5030 γένοιτο
3271 4952 3606 5033 περιστατικδςν

419 5037 724 5108 piscentiis,
765 5051 942 5108 neque
972 5037 1212 5106 segniter
1250 5050 1410 5105 agere
1439 5035 1496 5089 in
1540 5035 1892 5090 orationibus
1923 5033 1991 5087 ad

2102 5048 2193 5098 καὶ
2219 5048 2398 5102 εἴποτε
2432 5049 2610 5120 Ολίψις
2637 5052 2870 5117 ἐπέλθοι,
2907 5053 3328 5126 ἐπικαλούμενος
3355 5053 3435 5106 τὸν
3455 5045 3606 5115 Κύριον

419 5127 707 5182 Dominum
750 5126 1098 5192 emittendis;
1148 5125 1242 5181 sed
1283 5125 1349 5180 ad
1388 5123 1634 5180 futurum
1677 5132 1892 5195 tempus
1933 5139 1992 5180 se

2103 5139 2159 5189 ἐν
2178 5141 2298 5203 ταῖς
2317 5140 2579 5212 θλίψεσιν,
2618 5145 2853 5216 ἐπήκοον
2881 5145 3041 5199 αὐτὸν
3072 5123 3244 5218 σχοίη.
3282 5141 3442 5198 Καλὸν
3464 5138 3508 5190 δὲ
3531 5130 3607 5202 πρὸ

418 5233 742 5290 praeparare.

420 5312 542 5366 σθαι
581 5314 638 5364 ὲν
685 5316 804 5376 ταῖς
847 5311 1183 5383 ἐπιθυμίαις,
1247 5311 1381 5383 μηδὲ
1422 5312 1832 5385 ἀπορῤᾳθυμεῐν
1882 5315 1992 5370 τῶν

419 5409 498 5472 εἰς
533 5409 626 5462 τὸν
655 5409 916 5479 μέλλοντα
950 5405 1160 5478 χρόνον.

492 5518 659 5576 Vens.
692 5522 849 5576 8-i0.
877 5521 998 5576 Non
1021 5532 1098 5577 est
1121 5523 1313 5578 similis
1344 5525 1422 5578 tui
1445 5525 1500 5578 in
1522 5525 1649 5590 diis,
1675 5521 1918 5592 Domine,
1941 5536 1991 5581 et

421 5627 522 5664 non
549 5621 627 5664 est
660 5614 944 5667 secundum
972 5631 1129 5683 opera
1155 5626 1267 5671 tua.
1309 5615 1500 5671 Omnes
1537 5627 1710 5688 gentes
1729 5636 1990 5689 quascun~

419 5715 513 5770 quo
543 5701 711 5755 fecisti
759 5706 958 5758 venient
1001 5717 1048 5759 et
1087 5705 1385 5760 adorabunt
1427 5724 1605 5760 coram
1637 5718 1703 5775 te,
1748 5709 1988 5774 Domine,

421 5801 465 5842 ei
496 5791 866 5858 gloriﬁcabunt
896 5810 1078 5848 nomen
1113 5805 1278 5851 tuum.
1305 5798 1567 5862 Quoniam
1594 5815 1812 5868 magnus
1843 5817 1896 5855 es
1935 5812 1991 5853 tu

2103 5229 2332 5301 θλίψεως
2361 5235 2450 5287 καὶ
2485 5235 2590 5307 πρὸ
2617 5237 2725 5290 τῶν
2762 5237 3098 5307 σκυθρωπῶν
3129 5238 3330 5311 καιρῶν
3357 5235 3421 5306 μὴ
3446 5219 3604 5282 ὑπτιοίν

2030 5323 2166 5394 πρὸς
2231 5329 2322 5381 τὸν
2362 5321 2564 5400 Κύριον
2617 5333 2831 5403 εὐχῶν,
2875 5333 3011 5388 ἀλλὰ
3063 5317 3601 5406 -προπαρασκευάζεσοαι

2172 5532 2294 5584 Οὐκ
2321 5531 2495 5587 ἔστιν
2521 5524 2724 5602 ὅμοιός
2757 5550 2856 5590 σοι
2885 5538 2956 5590 ἐν
2986 5538 3161 5604 θεοῖς,
3196 5539 3390 5604 Κύριε,
3420 5529 3497 5584 καὶ
3518 5527 3595 5580 οὐκ

2098 5621 2230 5674 ἐστι
2263 5622 2413 5677 κατὰ
2441 5623 2513 5678 τὰ
2536 5625 2679 5694 ἔργα
2711 5641 2848 5681 σου.
2877 5627 3081 5681 Πάντα
3110 5629 3181 5682 τὰ
3203 5629 3342 5693 ἔθνη
3366 5625 3464 5679 ὅσα
3481 5613 3596 5672 ἑποίί

2098 5729 2277 5780 ησας,
2309 5715 2528 5782 ἥξουσι
2563 5717 2660 5769 καὶ
2690 5720 3232 5787 προσκυνήσουσιν
3257 5717 3474 5774 ἐνώπιόν
3490 5723 3588 5768 σου,

2098 5807 2294 5873 Κύριε,
2336 5808 2430 5861 καὶ
2473 5808 2806 5871 δοξάσουσι
2846 5813 2910 5864 τὸ
2945 5812 3129 5880 ὄνομά
3156 5829 3291 5868 σου.
3331 5813 3430 5863 Ὅτι
3451 5803 3588 5874 μένας
