3798 6282
84 370 93 378 ‘
178 362 326 419 1055

176 573 353 623 πᾶσαι
383 571 493 642 μὲν
520 572 779 642 ὠφέλιμοι
814 575 904 627 καὶ
937 577 1227 643 ἀναγκαῖαι
1255 578 1310 629 ai
1336 577 1442 633 τῶν
1467 580 1636 647 ἁγίων
1663 580 1756 633 τοῦ

165 661 314 715 Θεοῦ
349 666 674 736 προσευχαί’
718 667 921 737 νομίζω
962 670 1054 721 καὶ
1098 670 1171 740 μὴ
1213 670 1390 734 πάσας
1428 674 1756 744 γεγράφθαι,

172 752 291 805 ἀλλ’
320 754 353 823 ἢ
391 755 566 824 μόνας
598 757 813 821 ἐκείνας
842 761 897 812 ἐν
930 755 1017 823 αἷς
1048 762 1469 833 προσευχόμενοι
1508 767 1571 817 ἐκ
1612 765 1755 818 θείου

168 842 505 914 Πνεῦματος
535 848 880 920 ἐκινήθησαν,
912 852 986 915 ὼς
1030 854 1123 905 καὶ
1167 856 1509 926 προφητικὰς
1544 858 1756 926 ἀφεῖναι

173 933 381 1001 φωνάς.
425 934 591 1002 Ἠγοῦ
600 955 696 1007 μαι
716 937 760 990 δ’
786 934 877 993 οὖν
900 942 1101 994 καὶτὸν
1121 941 1282 996 Δαυῒδ
1307 946 1609 1017 προσευχὰς
1632 949 1758 1002 πολ-

167 1021 266 1088 λὰς
300 1026 630 1098 ἀναπέμψαι
669 1027 746 1099 τῷ
775 1029 912 1101 Θεῷ,
950 1027 1024 1087 ὧν
1057 1034 1280 1105 οὐδεμία
1308 1040 1489 1109 γραφῇ
1529 1036 1752 1111 ἠξιώθη,

164 1112 283 1166 ἀλλ’
331 1115 392 1167 αἱ
450 1117 775 1187 μετέχουσαι
824 1123 1237 1194 προγνωπικῆς
1278 1126 1371 1178 καὶ
1414 1128 1755 1201 προφητικῆς

163 1203 476 1276 δυνάμεως.
507 1210 705 1281 Διόπερ
739 1212 830 1265 καὶ
856 1213 887 1285 ἡ
918 1215 1166 1285 παροῦσα
1192 1219 1550 1292 προσευχὴτῇ
1587 1221 1754 1295 βίϐλῳ

163 1294 271 1347 τῶν
297 1296 555 1369 Ψαλμῶν
574 1301 915 1375 παρελήφθη,
937 1306 1028 1357 καὶ
1056 1306 1193 1379 μέση
1217 1309 1324 1363 τῶν
1346 1312 1472 1382 περὶ
1498 1313 1592 1366 τοῦ
1614 1315 1659 1367 Χ
1666 1294 1753 1386 pt-

164 1388 291 1440 ο·τοῦ
326 1392 682 1463 προφητειῶν
724 1397 1191 1469 παρεμϐέϐληται,
1231 1401 1306 1464 ὡς
1339 1404 1750 1479 ἀνακεκραμένη

162 1485 530 1552 προφητικῶς
575 1484 772 1553 λόγοις,
824 1488 917 1540 καὶ
960 1489 1148 1560 κλῆσιν
1191 1492 1358 1547 ἐθνῶν
1402 1497 1745 1567 περιέχουσα.

166 1570 463 1642 Ἀντικρυς
520 1573 651 1641 γοῦν
699 1576 890 1646 κλῆσις
935 1579 1043 1631 τῶν
1088 1579 1255 1635 ἐθνῶν
1291 1585 1381 1637 καὶ
1431 1585 1518 1640 διὰ
1549 1588 1749 1644 τούτων

158 1659 505 1725 θεσπίζεται.
548 1666 765 1738 Ἐπειδὴ
786 1669 892 1740 γὰρ
917 1669 983 1724 τὰ
1018 1672 1185 1727 πολλὰ
1220 1676 1347 1747 περὶ
1372 1676 1559 1731 ἐαυτοῦ
1585 1682 1745 1750 μόνου

1348 370 1849 430 COMMENTARIA
1890 376 1956 431 IN
1993 375 2333 440 PSALMOS.

176 481 285 545 σὺ,
336 480 443 534 καὶ
484 481 667 535 ποιῶν
704 482 1023 552 θαυμάσια,
1055 486 1134 540 σὺ
1167 486 1224 541 εἴ
1252 489 1395 554 Θεὸς
1412 493 1618 558 μόνος.
1648 492 1693 543 Κ

1823 529 1829 556 ι
1859 502 1907 547 ει
1930 496 2126 563 faciens
2144 499 2430 562 mirabilia,
2464 510 2516 554 tu
2536 520 2587 556 es
2617 504 2753 560 Dens
2776 511 2938 569 solus.

3275 408 3417 465 ιοδι

2975 514 3175 574 Omnes
3196 524 3419 593 quidem
3452 546 3457 553 '

1854 586 2132 641 orationes
2163 602 2193 640 a
2222 590 2431 645 sanctis
2456 592 2549 647 Dei
2578 598 2809 663 emissae,
2840 606 2997 661 utiles
3018 615 3072 662 et
3096 586 3421 674 necessaria:

1859 684 2015 729 sunt:
2036 679 2245 733 aestimo
2269 687 2448 735 tamen
2480 698 2586 739 non
2619 701 2808 747 omnes
2836 696 3039 766 scripto
3072 705 3421 776 consignatas

1859 765 2050 831 fuisse,
2073 770 2168 824 sed
2196 785 2292 825 eas
2313 774 2486 827 Solum
2514 790 2655 845 quas
2685 778 2889 850 Spiritu
2907 765 3097 845 sancto
3126 765 3259 850 moti
3285 804 3421 856 emi-

1858 866 2083 925 serunt,
2126 861 2198 915 ita
2224 872 2288 917 ut
2319 867 2667 936 propheticas
2688 873 2911 931 ederent
2934 895 3115 941 voces.
3145 884 3286 946 Puto
3318 892 3419 965 ἱεὶς-

1855 954 1947 1003 tur
1977 949 2231 1007 Davidem
2262 957 2461 1014 multas
2497 958 2605 1015 Deo
2642 964 2893 1023 emisisse
2927 974 3239 1045 orationes,
3277 949 3418 1053 qua-

1855 1054 1975 1094 rum
1999 1042 2147 1097 nulla
2173 1048 2378 1115 scripto
2406 1053 2723 1123 consignata
2754 1056 2876 1124 fuit,
2903 1067 3145 1134 exceptis
3185 1042 3253 1127 iis
3293 1042 3417 1144 quae

1855 1129 1905 1182 vi
1950 1133 2316 1203 prospiciendi
2350 1145 2404 1192 et
2450 1143 2780 1201 vaticinandi
2812 1129 3055 1217 pmditai
3078 1169 3253 1214 erant.

1854 1220 1969 1276 haec
1992 1227 2168 1281 oratio
2187 1228 2240 1281 in
2280 1229 2418 1286 libro
2444 1233 2780 1293 Psalmorum
2805 1246 3000 1312 posita,
3024 1255 3077 1303 et
3099 1250 3150 1304 in
3175 1220 3412 1311 medium

1852 1315 2250 1384 prophetiarum
2285 1322 2352 1377 de
2381 1323 2600 1381 Christo
2630 1329 2832 1388 inserta
2881 1328 3018 1402 fuit,
3065 1350 3247 1411 utpote
3292 1363 3415 1418 qua

1851 1405 2182 1475 prapheticis
2224 1411 2385 1470 dictis
2416 1419 2633 1473 condita
2684 1423 2776 1486 sit,
2807 1437 2859 1480 et
2892 1405 3229 1489 vocationem
3281 1405 3414 1508 gen-

1850 1493 1986 1547 tium
2052 1501 2464 1569 complectatur.
2528 1506 2623 1564 llis
2679 1510 2860 1582 itaque
2908 1520 3118 1577 vocatio
3166 1493 3410 1595 gentium

1848 1587 2135 1645 manifeste
2157 1596 2569 1661 praenuntiatum
2604 1598 2897 1671 Postquam
2926 1600 3069 1664 enim
3097 1587 3265 1668 multa
3302 1617 3409 1671 sibi

1847 1678 1951 1733 soli
1979 1694 2234 1749 precatus
2267 1696 2432 1751 esset,
2465 1689 2672 1759 dicens,
2699 1693 2912 1750 Exaudi
2941 1715 3041 1767 me,
3078 1710 3153 1769 et,
3190 1704 3410 1763 Custodi

159 1752 383 1826 ηὔξατο,
428 1758 815 1813 Ἐπάκουσόν
824 1780 966 1831 μου,
994 1765 1183 1831 εἰπὼν,
1204 1769 1317 1833 καὶ,
1343 1770 1619 1836 Φύλαξον
1632 1773 1699 1841 τὴ

162 1849 203 1865 ,17
278 1845 323 1865 η(
653 1852 664 1865 ι
736 1853 810 1865 -ι-
1011 1854 1021 1865 ι
1116 1856 1136 1865 Α
1187 1857 1212 1865 ..-
1238 1861 1252 1865 -
1282 1858 1294 1865 .

1844 1769 2081 1824 animam
2111 1790 2299 1839 meam,
2331 1785 2404 1844 et,
2438 1776 2651 1835 Salvum
2691 1783 2777 1852 [ac
2818 1804 3022 1842 servum
3052 1802 3198 1846 tuum
3218 1833 3233 1859 ,
3266 1796 3407 1853 Deus
3464 1859 3474 1865 _

158 1845 368 1914 ψυχήν
390 1866 542 1917 μου,
580 1852 695 1915 καὶ,
728 1853 936 1907 Σῶσον
964 1854 1070 1909 τὸν
1106 1856 1331 1912 δοῦλόν
1362 1877 1498 1926 σου,
1532 1866 1565 1916 ό
1602 1840 1699 1917 Θεέ

1844 1878 2008 1924 meus,
2033 1873 2111 1929 et,
2146 1864 2397 1923 Miserere
2435 1874 2566 1938 mei,

151 1957 286 2009 μου.
303 1940 505 2009 καὶτὸ,
525 1943 810 2012 Ἐλέησόν
825 1963 922 2014 με,
938 1946 1051 2012 καὶ,
1077 1949 1393 2017 Εῠςρρανον
1410 1952 1741 2025 tigni-vgilas

157 2030 258 2083 τοῦ
279 2029 512 2086 δούλου
531 2048 648 2088 σου
664 2052 676 2063 ·
710 2036 830 2089 ἐπεὶ
851 2037 1030 2092 τοίνυν
1050 2038 1117 2091 τὰ
1138 2040 1371 2094 τοσαῦτα
1400 2046 1526 2116 περὶ
1546 2046 1736 2101 ἐαυτοῦ

154 2118 374 2190 ηὔξατο,
405 2124 435 2176 6
470 2123 723 2189 πλούσιος
752 2126 846 2179 καὶ
882 2127 1257 2201 μεγαλόδωρος
1302 2132 1436 2197 Θεὸς
1468 2135 1736 2190 δείκνυσιν

155 2210 318 2280 αὐτῷ,
338 2212 421 2264 ὅτι
444 2214 521 2284 μὴ
550 2215 697 2286 αὐτῷ
727 2216 873 2288 μόνῳ
898 2218 965 2271 τά
985 2219 1086 2291 τῆς
1108 2223 1415 2293 προσευχῆς
1437 2227 1736 2298 αἰτουμένῳ

152 2300 394 2370 παρέξει,
427 2302 812 2375 ἀπλωθήσεται
842 2306 897 2359 δὲ
920 2308 953 2378 ἡ
980 2308 1100 2363 θεία
1131 2311 1287 2385 χάρις
1318 2315 1415 2367 καί
1440 2316 1519 2379 είς
1560 2318 1735 2373 πάντα

153 2389 215 2443 τὰ
235 2390 383 2465 ἔθνη,
421 2395 502 2458 ὼς
537 2396 629 2447 καὶ
649 2397 826 2450 αὐτῶν
858 2399 1159 2469 μελλόντων
1186 2403 1477 2459 ἀπολαύειν
1508 2409 1729 2473 τούτων,

149 2472 221 2535 ὧν
242 2485 269 2535 6
294 2484 465 2537 Δαυῖδ
490 2488 673 2556 τυχεῖν
702 2488 1060 2557 ὴξίουέὍθεν
1082 2492 1158 2564 τῷ
1185 2495 1461 2567 Πνεῦματι
1490 2500 1569 2571 τῷ
1594 2502 1732 2573 ἁγίῳ

150 2574 435 2641 φωτισθεὶς
471 2578 568 2630 καὶ
602 2579 662 2631 τὸ
697 2578 887 2649 μέλλον
914 2580 1265 2656 θεασάμενος,
1296 2588 1732 2665 ὑπερεκπλήττε-

149 2678 232 2717 ται
270 2665 372 2736 τῆς
415 2668 514 2720 τοῦ
577 2668 711 2723 Θεοῦ
762 2671 984 2742 χάριτος
1032 2676 1130 2747 τὴν
1173 2680 1595 2753 μεγαλοδωρίαν,
1635 2686 1729 2739 καί

151 2771 275 2827 φησι
305 2758 373 2811 τὰ
413 2760 809 2832 προλεγόμενα.
845 2764 1011 2830 Θεοὺς
1051 2766 1108 2821 δὲ
1162 2768 1393 2826 ἐνταῦθα
1424 2773 1674 2843 λέγεσθαι
1700 2780 1728 2831 6

152 2845 244 2916 μέν
261 2864 344 2919 τις
366 2850 631 2921 ἡγήσεται
653 2855 781 2917 τοὺς
810 2856 867 2909 ἐν
897 2858 1203 2930 ἀνθρώποις
1234 2863 1473 2930 δικαίους
1495 2868 1591 2922 καὶ
1612 2870 1728 2924 θεο-

56 2968 66 2977 α
151 2936 314 3005 φιλεῖς
334 2938 559 3013 ἄνδρας,
585 2943 673 2997 διὰ
698 2945 761 2997 τὸ
788 2945 943 3016 λέγον
965 2968 980 2981 ’
1015 2952 1155 3022 Ἐγὼ
1182 2950 1372 3023 εἶπον,
1410 2959 1542 3012 Θεοί
1561 2960 1723 3030 ἐστε,

149 3027 241 3081 καὶ
276 3031 398 3085 υἱοὶ
446 3032 741 3101 ’Υψίστου
775 3037 1031 3107 πάντεςο
1064 3044 1093 3096 6
1131 3043 1187 3096 δὲ
1216 3044 1315 3108 τὰς
1356 3048 1476 3101 κατ’
1500 3027 1725 3122 οὐρανὸν

2606 1883 2692 1941 et,
2726 1878 2965 1949 Lwtiﬁca
3003 1886 3241 1941 animam
3269 1892 3407 1945 servi

1843 1953 1920 2004 tui
1942 1968 1960 2015 ;
1986 1968 2132 2019 cum,
2170 1957 2411 2028 inquam,
2444 1964 2571 2018 talia
2613 1981 2710 2035 pro
2738 1970 2921 2039 seipso
2951 1984 3205 2043 precatus
3235 1989 3404 2047 esset,

1839 2044 1991 2100 dives
2018 2047 2105 2103 ille
2134 2056 2187 2104 et
2220 2052 2507 2108 munificus
2531 2054 2671 2112 Deus
2701 2063 2940 2115 ostendit
2992 2065 3104 2130 illi,
3140 2083 3248 2125 non
3294 2044 3400 2141 ipsi

1834 2136 1941 2191 soli
1974 2141 2255 2208 precanti,
2290 2158 2411 2212 quae
2451 2145 2503 2199 in
2538 2149 2785 2204 oratione
2838 2151 3171 2223 ferebantur,
3196 2160 3299 2216 abs
3341 2177 3404 2217 se

1835 2230 2219 2299 concedenda;
2298 2234 2393 2288 sed
2472 2236 2710 2293 divinam
2775 2245 2912 2299 arati

1834 2411 1939 2465 illa:
1969 2428 2187 2483 quoque
2221 2415 2287 2471 iis
2316 2415 2646 2479 fruerentur.
2676 2437 2797 2490 qua:
2824 2423 2989 2479 David
3023 2431 3283 2500 consequi
3308 2447 3397 2487 r0-

1831 2506 2013 2574 gabat.
2047 2506 2227 2573 Quare
2262 2507 2464 2579 Spiritu
2511 2522 2701 2567 sancto
2750 2518 3088 2584 illustratus,
3121 2530 3175 2577 et
3212 2524 3398 2580 futura

1831 2599 2194 2669 proSpiciens,
2224 2617 2479 2672 magnum
2500 2603 2589 2659 Dei
2614 2609 2801 2675 gratia:
2819 2610 3020 2665 donum
3045 2629 3393 2687 summopere

1830 2689 2078 2753 miratur,
2108 2700 2162 2746 et
2194 2709 2359 2763 supra
2406 2695 2553 2749 dicta
2591 2699 2751 2753 verba
2784 2701 3008 2770 profert.
3060 2703 3221 2761 Putet
3262 2724 3393 2763 vero

1830 2781 2098 2851 quispiam
2128 2782 2216 2837 hic
2235 2785 2366 2840 deos
2383 2788 2567 2841 vocari
2590 2787 2772 2857 justus
2798 2791 3190 2863 religiososque
3217 2798 3388 2861 viros,

1826 2871 1953 2941 quia
1974 2873 2177 2926 dictum
2210 2881 2327 2938 est,
2365 2873 2477 2946 Ego
2507 2876 2621 2931 dixi
2643 2895 2662 2932 :
2691 2878 2782 2932 Dii
2808 2883 2957 2945 estis,
2984 2892 3035 2937 et
3066 2885 3167 2952 lilii
3218 2887 3390 2943 Altis-

1825 2962 1947 3016 simi
1973 2980 2147 3018 omnes
2175 2966 2253 3031 ⁶⁹;
2279 2967 2420 3022 alius
2468 2984 2597 3025 vero
2644 2984 2757 3037 eas,
2788 2987 2908 3041 qua:
2937 2975 2991 3028 in
3027 2978 3168 3032 caelo
3223 2989 3384 3048 sunt,

1824 3053 2038 3111 divinas
2088 3056 2357 3123 virtutes,
2406 3060 2533 3130 quia
2586 3061 2880 3132 Apostolus
2931 3067 3049 3124 ait:
3088 3068 3227 3124 Nam
3283 3074 3386 3129 etsi

150 3117 287 3183 θείας
308 3120 591 3194 δυνάμεις,
628 3125 716 3181 διὰ
746 3129 806 3182 τὸ
836 3132 1065 3200 φάσκειν
1101 3139 1193 3189 τὸν
1234 3117 1582 3195 Ἀπὸστολονί
1608 3147 1696 3198 Κα

1823 3156 1945 3201 sunt
1983 3149 2074 3218 qui
2120 3148 2368 3205 dicantur
2411 3153 2520 3217 dii,
2570 3154 2676 3208 sive
2707 3155 2759 3209 in
2797 3157 2955 3223 cwlo,
2998 3161 3102 3216 sive
3132 3164 3186 3216 in
3242 3174 3383 3221 terra

146 3211 247 3281 τὰρ
289 3215 457 3283 εἴπερ
509 3218 628 3271 εισι
669 3222 979 3291 λεγόμενοι
1028 3225 1169 3291 θεοὶ,
1198 3229 1319 3283 εἴτε
1357 3230 1427 3283 ὲν
1467 3235 1716 3301 οὐρανῷ,

146 3304 256 3358 εἴτε
280 3306 378 3360 ἐπὶ
398 3306 533 3378 γῆς,
568 3309 790 3383 (ὥσπερ
818 3316 939 3368 εἰσὶ
968 3316 1090 3370 θεοὶ
1118 3321 1362 3386 πολλοὶ,
1395 3325 1493 3377 καί
1526 3327 1717 3395 κύριοι

146 3400 354 3452 πολλοί
367 3400 405 3470 ·)
438 3401 588 3471 ἡμῖν
611 3398 701 3469 εἷς
728 3404 872 3471 Θεὸς
899 3408 932 3460 d
958 3408 1183 3478 Πατήρ.
1221 3411 1370 3467 Ἐπεὶ
1396 3415 1574 3470 τοίνυν
1593 3417 1715 3473 οὔτε

146 3488 377 3559 ἀγγέλων
408 3511 461 3546 τι
477 3513 518 3557 ς,
550 3493 674 3549 οὔτε
706 3499 1000 3569 προφητῶν
1035 3502 1134 3572 τὴν
1166 3503 1275 3557 τῶν
1319 3505 1489 3561 ἐθνῶν
1524 3510 1714 3579 κλῆσιν

146 3582 444 3655 ἐποιήσατο,
480 3587 706 3652 εἰκότως
736 3591 817 3653 είς
860 3592 1149 3663 πρόσωπον
1190 3596 1547 3668 ἡγοῦμαιτοῦ
1580 3603 1713 3673 Χρι-

148 3674 262 3726 ατοῦ
305 3676 556 3747 λέγεσθαι
590 3681 669 3744 τὸ,
714 3684 833 3735 Οὐκ
873 3683 1044 3738 ἐστιν
1084 3686 1287 3756 ὅμοιός
1313 3703 1412 3744 σοι
1438 3692 1508 3745 ἐν
1534 3694 1706 3761 θεοῖς,

145 3764 329 3832 Κύριε.
364 3770 558 3834 Ἀλλος
588 3771 643 3825 δέ
685 3790 768 3836 τις
809 3776 995 3845 φήσει,
1030 3776 1117 3832 διὰ
1140 3779 1202 3832 τὸ
1241 3780 1451 3849 ψευδῶς
1495 3785 1591 3855 μὲν
1618 3787 1710 3840 καὶ

146 3857 562 3931 πεπλανημένως
589 3865 739 3935 παρὰ
762 3869 875 3929 τοῖς
903 3868 1114 3933 πολλοῖς
1145 3871 1254 3924 τῶν
1282 3872 1584 3944 ἀνθρώπων
1615 3895 1706 3932 νο-

147 3944 383 4013 μίζεσθαι
426 3950 566 4008 εἶναι
614 3956 786 4022 θεοὺς,
836 3960 930 4011 καὶ
978 3961 1128 4033 παρὰ
1171 3965 1303 4017 πᾶσι
1349 3969 1460 4029 τοῖς
1500 3967 1706 4023 έθνεσιν

144 4035 285 4092 ἄλλον
310 4042 541 4115 ἀλλαχοῦ
566 4046 946 4115 θεοποιεῖσθαι,
975 4053 1130 4123 μόνον
1157 4055 1214 4108 δὲ
1243 4056 1337 4109 τὸν
1358 4059 1585 4131 Σωτῆρα
1610 4062 1704 4115 καὶ

145 4126 330 4201 Κύριον
357 4137 513 4207 ἡμῶν
553 4140 675 4193 καθ’
700 4140 829 4212 ὅλης
852 4144 950 4214 τῆς
979 4146 1300 4219 οἰκουμένης
1330 4149 1463 4204 θεὸν
1500 4126 1701 4221 ἇνηγο-

146 4220 372 4293 ρεῦσθαι,
403 4228 463 4294 ἐξ
503 4230 756 4285 ἁπάντων
782 4252 840 4286 τε
869 4235 975 4289 τῶν
1011 4237 1178 4292 ἐθνῶν
1211 4240 1372 4305 λαοὺς
1400 4243 1576 4314 ἐαυτῷ
1604 4262 1699 4298 πε-

146 4320 509 4390 ριπεποιῆσθαι
530 4339 543 4352 ·
580 4323 769 4377 τούτου
800 4326 959 4398 χάριν
987 4331 1338 4401 προφητικῶς
1369 4334 1449 4395 είς
1484 4334 1698 4406 πρόσω-

142 4419 232 4460 πον
259 4410 418 4465 αὑτοῦ
448 4416 546 4479 τάς
578 4420 943 4489 προκειμένας
975 4423 1372 4491 άναφωνείσθαι
1397 4425 1692 4495 θεολογίας.

1820 3238 1981 3309 (sicut
2014 3252 2135 3296 sunt
2160 3243 2236 3296 dii
2265 3244 2438 3307 multi,
2471 3254 2520 3298 et
2556 3246 2757 3299 domini
2788 3248 2987 3316 multi),
3028 3252 3177 3308 nobis
3207 3263 3383 3312 tamen

1817 3344 1951 3383 unus
1977 3330 2137 3395 Deus,
2161 3331 2324 3386 Pater
2357 3335 2423 3389 ⁷⁰.
2455 3334 2723 3401 Quoniam
2755 3338 2920 3409 igitur
2955 3357 3131 3413 neque
3162 3347 3381 3416 angelo-

1815 3434 1959 3486 rum,
1988 3436 2163 3491 neque
2192 3425 2576 3494 prophetarum
2604 3429 2898 3499 quispiam,
2925 3431 3225 3492 vocationis
3243 3452 3378 3507 gen-

1816 3511 1948 3565 tium
1973 3524 2164 3568 auctor
2196 3515 2335 3578 fuit,
2379 3516 2502 3585 jure
2526 3520 2766 3577 arbitror
2796 3523 2864 3579 de
2905 3539 3141 3594 persona
3169 3527 3378 3584 Christi

1813 3601 2018 3657 dictum
2050 3603 2237 3669 fuisse,
2259 3604 2383 3661 Non
2403 3618 2483 3663 est
2504 3611 2698 3666 similis
2730 3613 2810 3666 tui
2843 3614 2898 3667 in
2936 3614 3045 3669 diis
3070 3656 3086 3683 ,
3131 3615 3376 3672 Domine.

1809 3691 1966 3748 Alius
1987 3692 2149 3758 dicet,
2178 3696 2304 3765 quia
2337 3712 2366 3750 a
2399 3698 2587 3754 multis
2638 3700 2948 3758 hominibus
2976 3718 3165 3758 errore
3192 3704 3376 3760 ductis

1809 3782 1882 3838 dii
1911 3798 2034 3840 esse
2065 3783 2204 3839 [also
2233 3785 2636 3852 existimantur,
2659 3798 2714 3844 et
2746 3790 2887 3859 apud
2920 3807 3110 3847 omnes
3141 3800 3329 3862 gentes
3352 3834 3371 3859 ,

1809 3874 1949 3927 alius
1975 3874 2081 3927 alio
2110 3874 2163 3927 in
2194 3874 2316 3928 loco
2343 3875 2479 3930 deus
2515 3876 2781 3944 habetur,
2832 3879 3091 3949 solusque
3123 3879 3374 3938 Salvator

1805 3972 1860 4017 et
1881 3963 2143 4020 Dominus
2180 3974 2366 4021 noster
2392 3981 2487 4036 per
2512 3973 2686 4021 totum
2712 3969 2899 4024 orbem
2930 3968 3075 4027 Deus
3104 3971 3370 4043 praedica-

1804 4061 1913 4118 tur,
1946 4064 2001 4111 et
2033 4071 2098 4110 ex
2131 4058 2384 4115 omnibus
2413 4057 2664 4129 gentibus
2714 4062 2971 4130 populum
3000 4063 3105 4118 sibi
3143 4072 3371 4134 coopta-

1802 4148 1918 4213 vit;
1979 4147 2099 4203 ideo
2135 4148 2275 4203 hanc
2321 4150 2649 4220 theologiam
2707 4153 3021 4222 prophetice
3075 4153 3143 4209 de
3198 4155 3369 4225 ipsius

1801 4254 2033 4309 persona
2069 4239 2320 4309 proferri.
2352 4240 2552 4297 Deinde
2585 4243 2711 4312 quia
2752 4251 2880 4298 ante
2902 4244 3239 4300 Salvatorem
3269 4262 3370 4300 no-

1800 4340 1972 4385 strum
2004 4332 2279 4401 prophetae
2300 4333 2457 4386 multi
2490 4333 2819 4388 mirabilium
2850 4349 3074 4404 operum
3113 4343 3367 4393 auctores

1800 4422 2056 4490 fuerunt;
2099 4440 2274 4494 neque
2301 4431 2483 4480 tamen
2513 4426 2657 4481 ullus
2705 4427 2833 4480 talia
2884 4426 3127 4483 edidisse
3159 4428 3362 4485 scribi-

141 4492 238 4550 Εἶτ⁹
282 4502 572 4578 ἐπειδήπερ
612 4509 796 4563 πολλοὶ
839 4514 1112 4584 προφῆται
1161 4516 1267 4587 πρὸ
1309 4516 1401 4569 τοῦ

1823 4524 1906 4580 ur,
1930 4516 2111 4585 qualia
2162 4492 2215 4570 in
2273 4515 2580 4589 Evangeliis
2628 4517 2875 4572 Salvator
2922 4529 3107 4573 noster
3166 4518 3364 4576 fecisse

140 4587 279 4679 ἡμῶν
308 4599 618 4668 παραδόξων
669 4602 843 4673 ἔργων
870 4606 1123 4673 γεγόνασι
1155 4608 1395 4679 ποιηταὶ,
1434 4587 1612 4673 οὐδεὶς.
1640 4611 1694 4664 δὲ

140 4678 338 4769 πώποτε
368 4693 589 4746 τοιαῦτα
621 4696 830 4765 πράξας
865 4678 1294 4769 ἀναγέγραπται,
1326 4703 1483 4754 ὁποῖα
1503 4704 1559 4754 ἐν
1582 4705 1692 4765 τοῖς

140 4768 466 4863 ξῖθαγγελίοις
491 4784 584 4837 τοῦ
616 4787 867 4859 Σωτῆρος
897 4791 1053 4861 ἡμῶν
1085 4792 1400 4863 ἐμφέρεται,
1427 4794 1518 4846 καὶ
1536 4796 1691 4848 ὁποῖα

140 4857 383 4957 δέδεικται
422 4873 508 4929 διὰ
537 4880 635 4948 τῆς
677 4857 790 4932 τῶν
818 4857 984 4934 ἐθνῶν
1021 4857 1275 4937 ἁπάντων
1320 4885 1685 4957 ἐπιστροφῆς·

138 4948 215 5005 διὰ
238 4959 385 5016 τοῦτο
405 4965 653 5035 λέγεσθαι
694 4971 787 5023 καὶ
814 4973 896 5036 τὸ,
937 4977 1057 5029 οὐκ
1092 4978 1222 5030 ἔστι
1254 4976 1403 5031 κατὰ
1444 4948 1517 5032 τά

140 5056 261 5137 trav.
293 5052 397 5106 Καὶ
426 5061 550 5112 ποῖα
582 5059 717 5131 ἔργα
744 5062 982 5116 διδάσκει
1009 5064 1180 5133 λέγων
1209 5066 1333 5137 ἑξῆς
1353 5085 1367 5098 ⁸
1390 5067 1593 5120 Πάντα
1615 5069 1687 5123 τὰ

139 5132 264 5224 ἔθνη
291 5141 402 5197 ὅσα
424 5149 711 5220 ἐποίησας
754 5153 975 5221 ἥξουσι
1014 5132 1111 5208 καὶ
1149 5132 1686 5224 προάκυνήσουσιν

1794 4613 2273 4668 commemoratur,
2292 4614 2346 4661 et
2369 4607 2551 4677 qualia
2574 4622 2668 4677 per
2688 4606 2927 4678 gentium
2946 4608 3360 4664 conversionem

1792 4697 2150 4764 exhibentur;
2200 4698 2407 4753 idcirco
2448 4697 2583 4752 illud
2613 4701 2776 4753 etiam
2824 4697 3030 4753 dictum
3065 4698 3258 4767 fuisse,
3287 4701 3359 4754 Et

1789 4798 1991 4841 nonest
2018 4788 2303 4842 secundum
2348 4803 2505 4855 opera
2541 4801 2652 4841 tua.
2685 4788 2942 4853 Quaenam
2967 4789 3077 4843 sint
3111 4790 3201 4844 illa
3229 4805 3359 4861 ope-

1792 4890 1872 4938 ra,
1903 4876 2006 4930 sub
2040 4876 2152 4930 haec
2184 4877 2343 4931 docet
2370 4878 2455 4932 bis
2488 4876 2668 4931 verbis
2698 4896 2711 4931 :
2746 4876 2937 4931 Omnes
2985 4888 3159 4949 gentes
3190 4896 3356 4950 quas-

1786 4983 1986 5037 cunque
2019 4968 2191 5036 fecisti
2238 4970 2459 5032 uenient,
2489 4979 2539 5022 ει
2564 4968 2861 5022 adorabunt
2886 4986 3066 5024 coram
3101 4981 3170 5028 te.
3197 4972 3355 5038 Quod

1788 5058 1833 5112 si
1885 5059 2017 5112 illud
2057 5060 2368 5128 adjiciatur,
2414 5059 2490 5113 Tu
2518 5077 2572 5114 es
2603 5060 2740 5115 Deus
2770 5062 2949 5126 solus;
3004 5063 3058 5117 id
3110 5065 3351 5133 applices

1786 5150 2079 5215 Salvatori,
2106 5154 2208 5206 hoc
2239 5154 2361 5206 item
2386 5167 2680 5222 apponens,
2720 5151 2843 5207 Non
2868 5165 2945 5207 est
2970 5156 3159 5209 similis
3187 5156 3264 5209 tui
3293 5156 3350 5209 in

139 5222 369 5289 ἐνώπιόν
401 5255 533 5298 σου,
579 5245 703 5297 Ἐὰν
746 5246 802 5298 δὲ
851 5222 1286 5317 ἐπιφέρηταιήτὸ,
1328 5250 1411 5303 Σὺ
1440 5222 1499 5303 εἴ
1539 5251 1683 5317 Θεὸς

1823 5245 1908 5309 iis,
1942 5245 2162 5299 Domine
2189 5260 2206 5298 :
2236 5244 2376 5299 sicut
2404 5246 2548 5299 enim
2576 5246 2620 5301 si
2652 5253 2706 5300 te
2735 5262 2860 5300 cum
2900 5248 3211 5303 memoratis
3241 5248 3347 5304 diis

137 5316 317 5412 ιξόνος,
356 5329 447 5381 καὶ
484 5332 640 5386 τοῦτο
670 5316 1102 5408 ἐφαρμόσειςγτῷ
1142 5339 1370 5410 Σωτῆρι,
1415 5339 1682 5412 παραθεὶς

1823 5351 2183 5406 omparemus,
2216 5351 2324 5389 non
2359 5344 2441 5409 est
2465 5336 2656 5390 similis
2689 5338 2765 5390 tui
2793 5356 2807 5404 ;
2839 5340 2918 5393 sic
2942 5340 2987 5393 si
3019 5349 3071 5395 te
3091 5340 3345 5395 confera-

139 5404 209 5472 τὸ,
243 5416 355 5469 Οὐκ
384 5420 548 5476 ἔστιν
582 5404 789 5495 ὄμοιόςί
811 5404 911 5480 σοι
952 5429 1021 5480 ἐν
1047 5404 1220 5495 θεοῖς,
1250 5404 1425 5498 Ιὼριε
1444 5448 1456 5460 ·
1488 5404 1677 5503 ῶσπερ

1823 5404 2048 5480 ιυεήευιιι
2081 5426 2293 5488 iisdem,
2329 5432 2385 5478 tu
2411 5405 2415 5409 ’
2441 5441 2500 5479 es
2536 5424 2678 5481 Dcus
2730 5428 2901 5482 solus.
2943 5427 3219 5497 Siquidem
3252 5445 3344 5485 so-

140 5497 235 5570 γὰρ
256 5506 339 5560 ἐπὶ
374 5516 646 5586 συγκρίσει
681 5518 789 5570 τῶν
819 5519 1185 5573 ἀποδοθέντων
1214 5522 1349 5575 θεῶν
1394 5525 1492 5576 οὐκ
1532 5524 1677 5577 ἐστιν

1823 5533 1863 5571 IS
1893 5516 2140 5570 Salvator
2165 5524 2220 5569 et
2252 5515 2515 5571 Dominus
2565 5526 2751 5571 noster
2799 5519 2851 5571 in
2884 5520 3149 5590 principio
3177 5530 3293 5577 erat
3321 5558 3338 5585 ,

141 5586 300 5659 ὅμοιός
331 5616 427 5666 σοι,
455 5606 619 5670 οὕτως
642 5610 698 5660 ἐν
721 5609 1015 5679 παραθέσει
1044 5611 1149 5663 τῶν
1183 5611 1355 5665 αὐτῶν
1384 5614 1445 5666 σὺ
1473 5609 1523 5667 εἷ
1546 5614 1675 5677 Θεὸς

207 5770 243 5801 ⁸³
277 5772 413 5837 Psal.
445 5799 625 5851 ωιτη,
662 5784 714 5842 6.
789 5789 833 5820 ⁷⁰
874 5788 892 5841 1
924 5787 1047 5843 Cor.
1086 5804 1222 5852 νην,
1250 5789 1304 5853 5,
1330 5789 1378 5841 6.

549 5881 812 5942 ΡΑτιιοι.
856 5881 971 5941 Gn.
1022 5882 1253 5943 XXIII.

1775 5607 1869 5665 Dei
1906 5608 2136 5663 Verbum
2169 5615 2308 5672 erat,
2345 5604 2487 5677 apud
2523 5607 2692 5663 Deum
2736 5620 2873 5677 erat,
2906 5619 2959 5667 et
3009 5610 3150 5693 Deus
3180 5624 3297 5668 erat
3320 5630 3334 5645 “

3022 5879 3100 5939 33
