3798 6282
218 299 344 363 N51

1343 290 1847 350 COMMENTARIA
1885 291 1953 348 IN
1990 290 2325 351 PSALMOS.

3265 301 3404 356 1058

211 419 294 470 τὸν
321 408 578 480 πυθμένα,
614 405 737 479 περῖ
767 399 826 460 οὗ
855 405 1094 478 εἴρηται·
1139 406 1290 460 Ὀδοι
1319 407 1537 475 ἀνδρὸς
1565 409 1625 461 at
1655 405 1749 459 δο-

1851 406 1976 460 dum
2008 409 2198 478 inferni
2233 412 2298 465 ⁷⁸.
2325 409 2518 468 Verum
2549 415 2692 479 inde,
2724 415 2820 479 ait,
2855 430 2939 470 me
2971 415 3184 477 eruisti,
3213 414 3404 486 (Vens.

210 506 406 561 κοῦσαι
461 500 623 569 ὀρθαὶ
654 496 824 560 εἶναι,
866 499 936 550 τὰ
973 497 1174 566 μέντοι
1209 498 1516 552 τελευταῖα
1553 495 1752 550 αὐτῶν⁴

205 596 401 666 βλέπει
447 593 534 657 εις
566 590 834 659 πυθμένα
883 588 1051 656 ᾅδου.
1105 589 1240 641 Ἀλλ’
1286 588 1514 654 ἐκεῖθεν,
1567 589 1748 658 φησὶν,

207 687 402 764 ἑῤῥύσω
440 701 525 754 με,
565 681 771 750 ἐπειδὴ
812 681 1018 752 γέγονε
1047 680 1112 733 τὸ
1143 681 1314 748 ἔλεός
1343 696 1460 735 σου
1487 681 1639 751 μέγα
1658 679 1751 733 ἐπ’

205 781 315 852 ἐμέ.
353 776 656 846 Εὑξάμενος
691 774 800 846 γὰρ
831 773 1066 845 μεγάλου
1095 775 1278 843 τυχεῖν
1319 773 1497 838 ἐλέους
1526 775 1582 826 ὲν
1609 771 1684 842 τῷ
1709 777 1752 825 ν’

202 869 404 942 ψαλμῷ,
447 869 504 920 ὲν
538 861 583 936 ᾧ
618 868 858 938 εἴρηκεν,
910 863 1203 931 Ἐλέησόν
1217 881 1296 936 με
1321 865 1469 918 κατά
1506 864 1571 917 τὸ
1599 863 1754 933 μέγα

205 963 361 1026 ἔλεός
388 974 523 1024 σου,
565 960 622 1012 ὲν
651 957 855 1020 τούτοις
898 957 1235 1028 ὁμολογεῖται
1274 956 1626 1027 τετυχηκέναι
1655 956 1751 1025 τῆς

203 1052 383 1122 εὐχῆς·
413 1049 491 1104 διὸ
519 1050 614 1103 καὶ
639 1048 1040 1120 ὲξομολογεῖται
1077 1049 1176 1118 οὐχ
1204 1047 1407 1113 ἁπλῶς,
1438 1047 1553 1103 ἀλλ’
1580 1049 1637 1100 ὲν
1656 1045 1751 1116 ὅλῃ

203 1144 351 1198 αὐτοῦ
378 1145 442 1214 τῇ
497 1140 711 1212 καρδίᾳ.
757 1141 810 1192 '0
845 1137 1011 1205 Θεὸς,
1048 1139 1376 1209 παράνομοι
1420 1139 1752 1205 ἐπανέστη-

198 1251 312 1290 σαν
342 1235 428 1288 ἐπ’
463 1230 569 1303 ἐμὲ
584 1273 600 1297 ,
653 1231 748 1286 καὶ
802 1230 1120 1302 συναγωγὴ
1164 1229 1456 1299 κραταιῶν
1507 1229 1754 1298 ἐζήτησε

199 1323 304 1392 τὴν
332 1322 540 1392 ψυχήν
572 1339 711 1390 μου,
743 1320 840 1375 καὶ
879 1323 951 1374 οὐ
976 1321 1254 1389 προέθετο
1275 1337 1348 1376 σε
1375 1323 1629 1375 ἐνώπιον
1650 1322 1754 1374 αὐε-

197 1415 322 1469 «in».
360 1414 464 1468 Καὶ
494 1414 600 1476 σὺ,
634 1415 812 1482 Κύριε
839 1416 873 1468 ὁ
911 1413 1075 1479 Θεὸς,
1105 1412 1420 1481 οἰκτίρμων
1447 1411 1542 1469 καὶ
1583 1411 1750 1479 ensi;-

196 1524 328 1577 μων.
371 1506 748 1576 μακρόθυμος
794 1504 892 1558 καὶ
939 1503 1269 1570 πολυέλεος
1316 1503 1415 1557 καὶ
1449 1504 1748 1573 ἀληθινός.

195 1596 514 1652 Μεταόαλὼν
552 1595 660 1650 ἀπὸ
695 1596 793 1668 τῆς
836 1597 1140 1667 προσευχῆς
1178 1595 1258 1657 εἰς
1283 1595 1380 1666 τὴν
1428 1595 1752 1668 ἐξομολόγηο

198 1707 291 1753 σιν,
324 1689 414 1743 καὶ
435 1688 780 1759 ὁμολογήσας
812 1686 889 1756 τῷ
920 1686 1037 1758 Θεῷ
1058 1687 1155 1760 τὴν
1180 1687 1358 1760 χάριν,
1386 1687 1467 1743 ὅτι
1488 1687 1753 1763 ἐρρύσατο

194 1782 281 1851 τὴν
300 1780 473 1851 ψυχὴν
501 1778 664 1833 αὑτοῦ
686 1780 746 1844 ἐξ
771 1780 894 1851 ᾅδου
920 1778 1252 1840 κατωτάτου,
1287 1778 1632 1847 ἀπολογεῖται
1651 1781 1750 1852 τὴν

194 1871 357 1928 αἰτίαν
384 1868 720 1940 ἐξαγορεύων
756 1870 821 1922 δι’
851 1870 918 1942 ἢν
958 1870 1196 1940 ἥμαρτε,
1223 1868 1316 1922 καί
1362 1886 1544 1940 φησιν,
1578 1870 1657 1925 ὅτι
1693 1870 1751 1937 ἐξ

192 1959 468 2031 ἐπιϐουλῆς
503 1958 714 2014 πολλῶν
761 1960 1007 2031 ἀοράτων
1034 1959 1245 2031 ἐχθρῶν
1288 1959 1448 2014 τοῦτο
1493 1961 1749 2027 πέπονθε,

192 2050 559 2122 φθονησάντων
604 2050 766 2106 αὐτοῦ
787 2053 850 2122 τῇ
879 2050 1020 2104 κατά
1056 2045 1188 2103 Θεὸν
1228 2053 1496 2123 προκοπῇ.
1533 2053 1622 2104 Διό
1653 2070 1753 2124 φη-

192 2158 294 2194 σιν’
336 2143 397 2194 Ὀ
442 2143 608 2209 Θεὸς,
653 2141 979 2211 παράνομοι
1019 2143 1446 2209 ἐπανέστησαν
1493 2143 1586 2196 ἐπ’
1626 2143 1748 2213 ἐμέ.

192 2234 248 2286 0!
272 2233 323 2286 δὲ
354 2232 531 2287 λοιποὶ
570 2233 768 2298 πάντες
814 2235 1161 2304 ἐρμηνευταὶ,
1192 2234 1581 2303 ὑπερήφανοι,
1606 2236 1755 2308 εἰρή-

189 2341 325 2388 κασι,
355 2323 454 2386 τὰς
498 2325 762 2398 ἀοράτους
797 2325 890 2380 καὶ
919 2324 1299 2396 ὑπερηφάνους
1334 2325 1590 2396 δυνάμεις
1617 2329 1754 2379 αἰνι-

191 2413 414 2484 ξάμενοι.
453 2414 675 2468 Ὀποίαν
703 2415 759 2468 δὲ
790 2414 911 2485 βίαν
945 2414 1210 2470 πέπονθεν
1237 2417 1269 2487 ἡ
1296 2415 1389 2471 τοῦ
1421 2417 1578 2471 Δαυῖδ
1607 2418 1752 2492 ψυχὴ

186 2507 276 2576 οὐχ
297 2508 398 2560 ὑπὸ
431 2509 564 2578 μιᾶς
594 2507 894 2576 δυνάμεως,
929 2505 1041 2560 ἀλλ’
1069 2507 1174 2560 ὑπὸ
1205 2508 1485 2574 πλειόνων,
1515 2505 1752 2566 διδάσκει

185 2595 346 2666 λέγων
365 2617 378 2630 ·
415 2600 528 2653 Καὶ
565 2597 880 2670 συναγωγὴ
909 2598 1198 2667 κραταιῶν
1219 2616 1232 2629 ·
1265 2600 1297 2670 ἦ
1331 2599 1406 2666 ὡς
1431 2599 1459 2654 ὁ
1504 2599 1750 2667 Ἀκύλας,

185 2688 286 2743 Καὶ
308 2689 630 2761 συναγωγὴ
673 2687 1294 2759 κατισχυρευομένων·
1329 2691 1363 2762 ἢ
1402 2692 1477 2755 ὡς
1521 2690 1750 2765 Σύμμα-

186 2795 291 2848 χος,
322 2779 428 2832 Καὶ
481 2777 802 2847 συναγωγὴ
858 2777 1295 2831 ἀνυποστάτων
1346 2779 1594 2850 ἐζήτησε
1636 2779 1751 2851 τὴν

183 2870 384 2938 ψυχήν
405 2888 550 2940 μου.
593 2869 727 2924 Ἀλλ’
758 2871 791 2940 ὴ
825 2869 920 2940 μὲν
951 2869 1060 2925 τῶν
1082 2869 1290 2942 ἐχθρῶν
1323 2871 1611 2944 συναγωγὴ
1633 2871 1750 2944 ἐζή-

182 2977 305 3030 τησε
332 2961 428 3032 τὴν
461 2961 642 3033 ψυχήν
675 2978 797 3032 μου,
836 2961 909 3032 μὴ
940 2961 1179 3032 θεμένων
1208 2961 1315 3033 πρὸ
1341 2960 1630 3032 ὀφθαλμῶν
1657 2963 1748 3016 τὸν

180 3049 324 3118 Θεὸν,
366 3054 430 3106 σὺ
461 3054 543 3117 δὲ,
583 3053 773 3125 Κύριε,
815 3055 1000 3125 φησιν,
1046 3055 1188 3128 ἆπερ
1237 3056 1430 3107 ἐκεῖνοι
1468 3056 1541 3126 μὴ
1577 3070 1745 3125 προσ·
1773 3079 1817 3137 C

181 3144 453 3216 εδόκησαν,
489 3147 870 3217 συνεχώρησας
900 3147 991 3199 καὶ
1010 3146 1284 3217 ἐδωρήσω,
1309 3145 1607 3217 ῥυσὰμενός
1641 3162 1743 3216 μου

181 3234 270 3306 τὴν
287 3235 461 3307 ψυχὴν
486 3237 549 3300 ἐξ
568 3236 693 3306 ᾆδου
728 3236 1036 3289 κατωτάτου
1055 3253 1068 3265 ·
1105 3238 1198 3290 καὶ
1217 3236 1358 3290 τοῦτ’
1387 3236 1646 3311 ἔπραξας,
1671 3236 1746 3301 ὡς

179 3325 468 3397 οῑκτίρμων
520 3326 614 3379 καὶ
643 3325 888 3398 ἐλεήμων
927 3329 1022 3382 καὶ
1052 3327 1400 3400 μακρόθυμος
1429 3328 1523 3381 καὶ
1556 3327 1748 3382 πολυέ-

179 3413 309 3482 λεος,
337 3418 430 3471 καὶ
457 3419 520 3471 ὲν
553 3418 686 3470 πᾶσι
717 3417 923 3482 τούτοις
949 3419 1198 3490 ἀληθινὸς
1237 3418 1516 3494 ὑπάρχων.

256 3534 625 3604 Ἐπίόλεψον
669 3535 762 3588 ἐπ’
805 3535 909 3605 ἐμὲ
945 3535 1042 3588 καὶ
1088 3532 1350 3602 ἐλέησόν
1382 3548 1494 3602 με*
1523 3532 1630 3599 δὸς
1679 3532 1748 3586 τὸ

176 3623 387 3691 κράτος
414 3626 500 3693 τῷ
550 3626 715 3681 παιδί
745 3642 882 3690 σου,
932 3626 1032 3681 καὶ
1079 3625 1285 3679 σῶσον
1310 3625 1418 3678 τὸν
1463 3626 1598 3679 υἱὸν
1641 3623 1748 3692 τῆς

177 3715 496 3787 παιδίσκης
514 3733 649 3773 σου.
668 3719 838 3790 Ὁρῶν
854 3737 941 3789 με,
965 3719 1148 3789 φησιν,
1163 3717 1382 3788 ἐλέησόν
1400 3717 1748 3788 με.Δεὶκνυσι

174 3803 227 3858 δὲ
255 3808 447 3862 ἑαυτοῦ
473 3811 504 3864 ὁ
534 3810 695 3862 Δαυῒδ
722 3811 818 3882 τὴν
847 3810 1170 3866 ταπείνωσιν
1202 3809 1298 3880 καὶ
1327 3808 1424 3879 τῆς
1451 3809 1628 3878 ψυχῆς
1649 3807 1749 3881 τὴν

174 3895 434 3965 κάκωσιν,
464 3899 534 3971 ἢν
568 3901 804 3971 παρίστη
848 3900 943 3954 καὶ
977 3898 1272 3972 ἀρχόμενος
1295 3896 1396 3966 τῆς
1443 3898 1750 3968 προσευχῆς

173 3987 228 4042 ἐν
254 3982 334 4052 οἷς
362 3989 550 4059 ἐλεγε-
588 3985 829 4059 Πτωχὺς
857 3989 955 4044 καὶ
983 3988 1172 4055 πένης
1203 3987 1316 4057 ἐγώ
1351 3988 1485 4056 εἰμι.
1526 3987 1668 4039 Ἀντὶ
1689 3986 1747 4039 δὲ

173 4079 282 4144 τοῦ,
312 4078 427 4148 Δὸς
473 4080 540 4134 τὸ
576 4062 789 4149 κράτος
828 4079 909 4146 τῷ
953 4080 1118 4134 παιδί
1161 4095 1299 4143 σου,
1352 4077 1682 4149 σαφέστερον
1718 4079 1747 4131 ὁ

172 4165 465 4244 Σύμμαχος
491 4173 832 4246 ήρμήνευσεν
865 4169 1050 4236 εἰπὼν,
1086 4171 1194 4238 Δὸς
1228 4169 1411 4240 ἰσχὺν
1441 4170 1602 4237 παρά
1629 4167 1746 4221 σοῦ

170 4261 248 4332 τῷ
275 4262 478 4334 δούλῳ
503 4279 639 4319 σου.
673 4265 790 4317 Ἵνα
827 4264 935 4336 γὰρ
969 4265 1042 4336 μὴ
1069 4263 1432 4333 ὲξασθενήσας
1455 4260 1742 4331 ὀλισθήσω,

174 4355 308 4427 μετὰ
353 4357 468 4410 τῶν
506 4356 678 4409 ἄλλων
723 4346 796 4410 ὧν
826 4357 1118 4427 παρέσχου,
1163 4353 1539 4426 δυναμωθῆναι
1584 4351 1739 4418 ἀξιῶ,

1853 499 1940 567 15)
1969 502 2219 569 quoniam
2250 504 2467 556 miseria.
2492 505 2608 558 rdia
2641 519 2731 561 tua
2765 525 2955 577 magna
2996 518 3074 563 est
3115 523 3272 577 super
3303 525 3403 565 me.

1851 588 1985 644 Cum
2050 590 2194 645 enim
2249 593 2681 648 miscricordiam
2715 585 2990 668 imagnam
3035 598 3297 668 consequi
3351 599 3406 652 in

1852 681 2300 752 quinquagesimo
2344 685 2552 752 psalmo
2596 697 2844 754 precatus
2890 689 2981 752 sit,
3017 689 3070 742 in
3112 704 3222 759 quo
3261 688 3406 744 dice-

1852 775 1964 836 bat,
1999 773 2248 830 Miserere
2273 777 2374 829 mei
2402 777 2684 831 secundum
2717 796 2962 849 magnam
2986 781 3406 836 misericordiam

1854 873 2022 929 tuam,
2071 865 2160 920 hic
2186 881 2245 920 se
2293 875 2416 922 vota
2448 876 2755 925 assecutum
2797 869 3070 938 declarat;
3097 888 3264 942 quare
3297 888 3406 928 non

1852 955 2189 1024 simpliciter,
2221 958 2314 1012 sed
2363 958 2417 1012 in
2459 965 2572 1012 toto
2603 959 2768 1014 corde
2795 959 3104 1016 conﬁtetur.
3136 993 3205 1002 —
3238 962 3402 1020 Vens.

1854 1048 1940 1110 14,
1981 1048 2068 1103 iii.
2104 1047 2266 1113 Deus,
2296 1049 2464 1120 iniqui
2514 1053 2910 1106 insurrexerunt
2943 1069 3096 1122 super
3121 1071 3220 1123 me,
3247 1065 3298 1111 et
3320 1073 3408 1127 sy-

1853 1153 2054 1208 nagoga
2082 1143 2370 1208 potentium
2403 1143 2721 1211 quieuerunt
2744 1143 2975 1197 animam
3008 1160 3197 1212 meam,
3219 1157 3269 1200 et
3303 1163 3407 1203 non

1850 1239 2227 1298 proposuerunt
2252 1239 2299 1284 te
2321 1232 2374 1285 in
2395 1242 2671 1299 conspectu
2692 1249 2807 1288 suo.
2839 1233 2906 1290 Et
2926 1245 3004 1298 tu,
3037 1235 3254 1290 Domine
3269 1236 3409 1292 Deus

1852 1322 2130 1375 miseratur
2157 1333 2205 1376 et
2235 1323 2551 1386 misericors,
2575 1324 2779 1392 patiens
2806 1333 2856 1378 et
2896 1327 3076 1380 multa:
3114 1328 3410 1382 misericor—

1851 1413 1955 1466 dia:
2009 1423 2059 1468 et
2103 1429 2282 1470 uerax.
2311 1413 2447 1470 Cum
2485 1430 2552 1470 ex
2581 1415 2828 1472 oratione
2884 1417 2952 1471 ad
3007 1417 3406 1477 confessionem

1852 1517 2150 1560 conversus
2171 1513 2338 1568 esset,
2366 1506 2545 1561 fassus
2568 1521 2626 1561 se
2649 1504 2758 1562 Deo
2787 1509 3015 1578 gratiam
3041 1509 3260 1575 habere,
3279 1512 3408 1581 quia

1851 1595 2138 1664 eripuisset
2167 1596 2400 1650 animam
2425 1611 2578 1651 suam
2608 1613 2675 1653 ex
2707 1599 2920 1654 inferno
2949 1596 3226 1667 inferiori;
3254 1603 3408 1671 quasi

1853 1687 1920 1742 ad
1952 1687 2324 1742 defensionem
2368 1703 2544 1753 suam,
2577 1704 2798 1745 causam
2836 1691 2991 1746 aﬂert
3019 1706 3118 1746 cur
3148 1707 3413 1762 peccave-

1854 1778 1943 1844 rit,
1976 1778 2337 1848 complurium
2369 1779 2725 1836 invisibilium
2767 1781 3136 1848 inimicorum,
3177 1785 3270 1854 qui
3309 1800 3411 1840 suo

1852 1867 2147 1924 secundum
2177 1868 2344 1925 Deum
2380 1868 2644 1938 profectni
2669 1871 2992 1938 inviderent,
3025 1874 3237 1931 insidiis
3261 1876 3312 1931 id
3348 1893 3411 1932 se

1852 1975 2172 2030 perpessum
2219 1960 2514 2018 atlirmans.
2550 1961 2730 2028 Quare
2757 1964 2834 2020 ait
2865 1983 2879 2018 :
2914 1965 3052 2021 Deus
3079 2006 3094 2032 ,
3124 1967 3290 2040 iniqui
3321 1970 3408 2024 in.

1850 2060 2192 2104 surrexerunt
2236 2067 2392 2120 super
2437 2069 2536 2106 me.
2573 2052 2784 2124 Reliqui
2826 2070 2955 2109 vero
2993 2071 3187 2113 omnes
3241 2058 3410 2114 inter-

1851 2151 2052 2211 pretes,
2105 2142 2336 2209 superbi,
2378 2143 2651 2208 dixerunt,
2683 2145 2984 2202 invisibiles
3035 2158 3094 2203 et
3145 2151 3409 2218 superbas

1849 2233 2079 2288 virtutes
2112 2233 2544 2290 snbindicantes.
2573 2234 2744 2302 Quam
2784 2251 2950 2308 porro
2997 2238 3102 2292 vim
3153 2255 3408 2309 perpessa

1853 2323 1925 2377 sit
1955 2323 2178 2381 Davidis
2207 2327 2414 2388 anima,
2449 2342 2554 2380 non
2599 2327 2668 2382 ab
2703 2342 2808 2383 una
2840 2328 3058 2393 virtute,
3089 2331 3185 2384 sed
3216 2347 3245 2384 a
3290 2331 3404 2400 plu-

1852 2412 2024 2477 ribus,
2059 2413 2176 2485 ipse
2219 2415 2374 2469 docet
2411 2415 2494 2470 his
2544 2416 2765 2472 verbis:
2800 2415 2868 2469 Et
2916 2433 3183 2488 synagoga
3229 2429 3411 2490 poten~

1853 2504 2019 2568 tium;
2039 2506 2154 2559 sive
2175 2514 2234 2559 ut
2253 2505 2471 2575 Aquila,
2502 2505 2568 2562 Et
2593 2523 2860 2578 synagoga
2893 2507 3290 2572 roboratorum;
3317 2519 3411 2568 aut

1853 2603 1910 2649 ut
1937 2594 2320 2667 Symmachus,
2349 2597 2416 2653 Et
2449 2615 2712 2671 synagoga
2735 2599 3144 2654 iutolerabilium
3173 2603 3410 2672 quwsiuit

1850 2684 2084 2742 animam
2121 2705 2310 2745 meam.
2350 2688 2550 2746 Verum
2583 2706 2852 2762 synagoga
2906 2693 3121 2763 quidem
3159 2695 3406 2750 inimico-

1849 2793 1969 2831 rum
2003 2779 2250 2848 quaesivit
2289 2780 2524 2838 animam
2563 2797 2758 2846 meam,
2808 2783 2901 2853 qui
2942 2799 3048 2838 non
3108 2794 3408 2854 posuerunt

1847 2869 2016 2926 Deum
2071 2879 2196 2927 ante
2249 2873 2436 2928 oculos
2487 2889 2617 2930 suos
2653 2892 2666 2927 :
2699 2882 2756 2929 tu
2804 2882 3004 2940 autem,
3060 2875 3305 2943 Domine,
3343 2893 3409 2938 ea

1847 2965 2191 3031 concessisti,
2215 2980 2277 3020 ea
2311 2963 2547 3030 dedisti,
2575 2981 2695 3036 quze
2727 2966 2828 3037 ipsi
2864 2982 2971 3023 non
2994 2969 3400 3038 exspectabant,

1849 3068 1973 3106 cum
2024 3053 2262 3108 animam
2288 3069 2459 3108 meam
2490 3055 2734 3112 liberasti
2772 3072 2835 3112 ex
2872 3057 3082 3115 inferno
3129 3057 3398 3118 inferiori.

1847 3142 2014 3214 quue
2043 3143 2367 3214 praestitisti,
2405 3153 2592 3215 utpote
2628 3147 2960 3213 misericors,
3001 3150 3307 3216 miserator,
3347 3159 3401 3206 et

1847 3237 2058 3307 patiens
2079 3246 2133 3294 et
2157 3239 2339 3293 multa:
2371 3239 2755 3297 misericordia:
2781 3257 2801 3298 :
2833 3241 2889 3296 in
2919 3242 3284 3315 omnibusque
3337 3244 3410 3300 iis

1849 3344 2014 3385 verax
2046 3328 2069 3382 l'
2069 3330 2221 3386 nisti.

1918 3524 2086 3583 Vens.
2132 3527 2218 3582 16.
2253 3527 2466 3597 Respice
2509 3529 2560 3582 in
2587 3545 2666 3584 me
2691 3539 2743 3583 et
2773 3530 3015 3585 miserere
3045 3532 3145 3585 mei
3174 3531 3285 3595 ;da
3313 3531 3412 3587 imo

1846 3619 2050 3685 perium
2070 3635 2232 3687 puero
2267 3628 2377 3683 tuo,
2405 3629 2454 3672 et
2484 3619 2687 3673 salvum
2715 3618 2804 3688 [ac
2835 3619 3008 3689 [ilium
3029 3620 3241 3676 ancillae
3277 3628 3405 3676 tum.

1846 3709 2192 3780 Respiciens,
2229 3711 2424 3780 inquit,
2466 3726 2572 3775 me,
2629 3712 2887 3768 miserere
2927 3711 3052 3766 mei.
3088 3710 3186 3767 Hic
3243 3726 3410 3781 porro

1853 3798 2020 3854 David
2055 3800 2417 3854 humilitatem
2450 3815 2604 3855 suam
2634 3808 2692 3856 et
2739 3801 2907 3856 animi
2936 3800 3282 3858 aﬂlictionem
3313 3817 3410 3857 ex-

1847 3891 2021 3957 hibet,
2054 3907 2218 3963 quam
2256 3892 2384 3945 item
2425 3891 2480 3946 in
2510 3892 2776 3948 orationis
2817 3891 3045 3947 exordio
3090 3893 3408 3961 declaravit,

1847 4000 1972 4041 cum
1996 3982 2223 4047 diceret,
2256 3981 2417 4052 Inops
2449 3993 2498 4038 et
2523 3999 2722 4053 pauper
2757 4000 2876 4038 sum
2912 4000 3025 4054 ego.
3052 3983 3157 4038 Pro
3187 3984 3280 4037 illo
3311 4000 3408 4037 au-

1846 4083 1977 4138 tem,
2007 4074 2093 4129 Da
2116 4075 2394 4144 imperium
2433 4091 2594 4144 puero
2629 4084 2738 4141 tuo,
2770 4077 3010 4142 apertius
3051 4075 3412 4147 Symmachus

1847 4165 2237 4235 interpretatus
2265 4170 2350 4220 est
2400 4164 2486 4220 his
2517 4165 2698 4220 verbis
2730 4182 2745 4220 :
2793 4164 2878 4220 Da
2917 4165 3078 4222 robur
3113 4183 3146 4220 a
3187 4176 3236 4221 te
3263 4183 3410 4220 servo

1849 4265 1958 4310 tuo.
1986 4254 2267 4325 Siquidem
2316 4268 2385 4310 ne
2412 4269 2480 4310 ex
2526 4254 2840 4313 inﬁrmitate
2877 4272 3114 4327 peream,
3139 4272 3262 4313 cum
3287 4257 3411 4310 aliis

1847 4364 1968 4420 qua:
1993 4348 2224 4419 largitus
2252 4365 2333 4413 es,
2361 4347 2524 4404 etiam
2564 4348 2813 4416 roborari
2843 4364 2929 4404 me
2957 4348 3207 4419 postulo,
3245 4357 3305 4402 ut
3343 4363 3413 4404 ne

171 4444 304 4517 πρὸς
348 4447 410 4501 τὸ
453 4448 529 4521 μὴ
563 4445 716 4512 αὖθις
765 4447 1272 4517 καταπαλαισθῆναι
1311 4446 1417 4500 ὑπὸ
1446 4447 1544 4518 τῆς
1582 4462 1745 4499 συνα-

1851 4441 2045 4494 iternm
2071 4439 2355 4510 impngner
2384 4455 2416 4494 a
2435 4454 2710 4511 synagoga
2737 4438 3056 4509 potentium.
3098 4437 3190 4492 Sic
3217 4439 3413 4495 robore

171 4535 355 4609 γωγῆς
398 4537 511 4588 τῶν
563 4537 853 4608 κραταιῶν.
916 4535 1069 4589 Οὕτω
1110 4535 1168 4588 δέ
1218 4553 1285 4607 με
1331 4536 1746 4609 ἰσχυροποιήσας

172 4625 385 4691 σώσεις,
414 4628 493 4691 ὡς
525 4629 588 4682 ἄν
615 4645 707 4681 σου
729 4627 912 4680 δοῦλον
938 4618 1244 4697 γενόμενον,
1274 4625 1386 4679 υἱὸν
1417 4624 1473 4682 δὲ
1497 4625 1594 4696 τῆς
1622 4643 1749 4680 παι-

170 4713 356 4788 δίσκης
394 4734 513 4783 σου,
546 4718 663 4788 ἦτοι
717 4719 814 4789 τῆς
856 4717 1174 4790 Ἐκκλησίας
1205 4735 1319 4780 σου,
1350 4716 1383 4790 ἢ
1429 4718 1522 4771 καὶ
1552 4715 1651 4786 τῆς
1689 4717 1748 4768 ὲν

170 4809 233 4877 τῇ
250 4809 395 4862 κατὰ
414 4809 550 4863 Θεὸν
567 4809 780 4881 παιδείᾳ
794 4809 1136 4882 θρεψαμένης
1150 4809 1310 4863 αὑτὸν
1332 4808 1557 4881 μητρός.
1580 4806 1751 4876 Ποίη-

169 4913 283 4954 σον
300 4903 434 4971 μετ’
475 4901 619 4972 ἐμοῦ
651 4903 900 4972 σημεῖον
933 4905 1020 4971 εὶς
1045 4902 1288 4972 ἀγαθὸν,
1325 4901 1421 4954 καὶ
1458 4898 1750 4954 ῑδέτωσαν

169 4995 222 5047 oi
255 4997 589 5065 μισοῦντές
622 5015 720 5066 με,
781 4995 879 5048 καὶ
927 4994 1450 5066 αἰσχυνθήτωσαν,
1507 4991 1596 5044 ὅτι
1640 4988 1745 5051 σὺ,

169 5089 380 5158 Κύριε,
440 5090 781 5166 ἐᾷοήθησὰς
835 5107 956 5159 μοι,
1021 5088 1118 5141 καὶ
1177 5082 1597 5154 παρεκάλεσάς
1649 5097 1747 5150 με.

170 5179 383 5253 Ὥσπερ
414 5181 498 5235 τῶ
526 5184 663 5238 Κάῖν
710 5184 932 5252 σημεῖον
973 5179 1121 5233 ἔθετο
1150 5180 1178 5232 ὁ
1201 5179 1332 5241 Θεὸς
1359 5178 1458 5246 τῆς
1487 5175 1748 5248 πονηρίας

168 5271 333 5326 αὐτοῦ
352 5273 675 5344 δηλωτικὸν,
699 5275 834 5346 ὅπερ
853 5274 1073 5342 σημεῖον
1095 5270 1143 5326 οἱ
1165 5266 1488 5341 θεωροῦντες
1506 5267 1749 5338 εἴργοντο

168 5362 260 5416 τοῦ
288 5363 504 5418 ἀνελεῖν
537 5365 717 5428 αὐτὸν,
746 5363 833 5417 διὰ
862 5364 920 5418 τὸ
944 5366 1118 5434 κρῖναι
1149 5361 1239 5414 τὸν
1264 5361 1394 5416 θεὸν
1431 5359 1632 5412 στένειν
1654 5358 1748 5412 καὶ

169 5452 392 5524 τρέμειν
433 5453 600 5507 αὑτὸν
633 5455 724 5508 ἐπὶ
755 5454 890 5527 γῆς·
926 5453 1066 5506 οὕτω
1113 5451 1207 5504 καὶ
1246 5453 1358 5513 τοῖς
1401 5449 1622 5510 τελείοις
1650 5448 1748 5504 αὐ-

167 5544 263 5597 τοῦ
293 5545 526 5618 σημεῖον
551 5546 628 5607 εἰς
655 5543 853 5615 ἀγαθὸν
875 5544 1104 5608 δίδωσιν,
1127 5545 1261 5612 ὅπερ
1293 5541 1544 5615 ὁρῶντες,
1572 5541 1621 5594 οἱ
1649 5538 1746 5610 μὲν

243 5710 291 5740 ’⁸
320 5708 487 5761 Prov.
517 5719 626 5769 ut,
655 5703 745 5758 2-3.
821 5705 865 5736 τι
905 5703 1038 5759 Gen.
1074 5719 1144 5769 tv,
1188 5702 1269 5759 15.

1848 4532 2036 4589 addito
2067 4549 2150 4587 me
2177 4531 2443 4597 servabis,
2464 4539 2650 4602 utpote
2680 4545 2898 4585 servum
2931 4539 3104 4597 tuum;
3123 4529 3290 4588 tilium
3321 4547 3413 4585 an-

1849 4623 1988 4678 cilla:
2041 4630 2177 4685 tute,
2221 4624 2336 4678 sive
2382 4621 2640 4680 Ecclesia;
2683 4628 2827 4686 tuae;
2859 4621 2940 4675 vel
2987 4621 3176 4676 matris
3208 4636 3329 4691 qua:
3356 4622 3411 4679 in

1848 4723 2002 4768 recto
2028 4715 2330 4772 secundum
2361 4713 2534 4770 Deum
2573 4714 2828 4768 instituto
2861 4712 3038 4782 ipsum
3067 4711 3414 4769 educavit.—

1851 4807 2018 4864 Yans.
2055 4807 2143 4865 Π.
2181 4806 2294 4862 Fac
2329 4823 2530 4864 mecum
2559 4806 2768 4876 signum
2796 4805 2856 4862 in
2886 4806 3097 4872 bonum,
3114 4815 3168 4860 et
3202 4805 3413 4862 uideant

1847 4902 1938 4970 qui
1974 4901 2195 4954 oderunt
2218 4916 2319 4966 me,
2351 4907 2402 4952 et
2452 4895 2867 4966 confundantur,
2898 4897 3148 4966 quoniam
3187 4905 3267 4962 tu,
3305 4895 3411 4951 Do.

1849 4993 2006 5057 mine,
2025 4991 2275 5060 adjuviin
2298 5006 2376 5044 me
2402 4998 2452 5042 et
2480 4987 2782 5046 consolatus
2807 5003 2860 5041 es
2901 5003 3002 5042 me.
3049 4986 3416 5054 Quemadmo-

1849 5083 1980 5139 dum
2032 5082 2203 5136 Caino
2243 5082 2461 5151 signum
2523 5082 2706 5149 posuit
2752 5076 2918 5142 Deus,
2960 5077 3215 5148 nequitiae
3265 5077 3413 5134 illius

1850 5171 2135 5234 indicium,
2167 5171 2309 5244 quod
2339 5169 2556 5239 signum
2593 5167 2688 5238 qui
2722 5165 2996 5231 videbant,
3020 5166 3087 5220 ab
3114 5181 3180 5223 eo
3206 5164 3413 5222 interﬁ-

1850 5265 2043 5322 ciendo
2069 5265 2397 5318 arcebantur
2417 5263 2484 5326 ⁷⁵⁵,
2506 5263 2632 5333 quia
2661 5261 2805 5317 Dens
2833 5260 3152 5316 decreverat
3179 5267 3238 5313 ut
3264 5258 3412 5329 inge-
3493 5318 3497 5323 ,

1848 5359 2103 5415 misceret
2131 5364 2184 5411 et
2224 5362 2480 5410 tremeret
2509 5370 2673 5425 super
2703 5365 2901 5408 terram
2939 5372 2952 5410 :
2986 5353 3066 5407 sic
3102 5351 3264 5408 etiam
3291 5366 3412 5421 per.

1849 5449 2006 5504 fectis
2059 5446 2171 5502 suis
2210 5445 2422 5515 signum
2454 5445 2547 5500 dat
2592 5444 2648 5498 in
2677 5443 2902 5507 bonum,
2936 5441 3082 5512 quod
3120 5448 3426 5499 cernentcs‘

1848 5539 2004 5592 amici
2051 5535 2322 5606 gaudent;
2365 5533 2572 5590 inimici
2601 5548 2732 5591 vero
2776 5541 2830 5589 et
2857 5532 2952 5606 qui
2991 5532 3222 5589 oderunt
3260 5545 3412 5602 cum.
