3798 6282
272 357 404 415 1011

1433 339 1931 409 cem-munem
1970 354 2032 408 ιιι
2074 353 2410 410 PSALMOS.

3364 347 3498 403 101?.

266 474 395 527 υίῶν
419 471 582 541 Κορὲ,
625 467 714 532 οὓς
745 468 838 522 καὶ
866 467 1171 530 ἀκολούθως
1211 467 1445 536 συνάψας
1473 468 1531 520 ὲν
1568 465 1646 537 τῷ
1673 467 1831 539 τρίτῳ

1942 468 2128 523 Oratio
2155 468 2372 524 Davidis
2400 475 2609 537 reperta
2635 468 2845 536 fuisset,
2879 484 2996 525 eam
3027 476 3146 539 post
3171 477 3368 522 Lxxxlv
3408 485 3496 522 re-

266 564 361 621 xat
393 568 445 613 π’
477 561 570 614 καὶ
591 559 666 630 τῷ
688 558 769 611 ττδι
800 555 1107 622 κατέταξεν.
1135 553 1265 611 Εἶτα
1293 557 1493 628 μεταξὺ
1521 556 1612 610 τοῦ
1644 559 1831 629 χρόνου

265 655 361 724 τῆς
394 651 485 705 τοῦ
517 649 676 702 Δαυῒδ
721 649 1034 720 Προσευχῆς
1085 647 1420 720 εὑρεθείσης,
1475 648 1707 701 ἐνθεῖναι
1740 648 1833 702 καὶ

267 745 467 814 ταύτην
508 743 644 814 μετὰ
671 742 759 794 τὸν
785 742 888 797 «6'.
912 742 1210 796 Καὶιπάλιν
1243 740 1382 812 μετὰ
1403 742 1500 812 τὴν
1523 741 1834 812 Προσευχὴν

267 838 358 892 τοῦ
384 835 562 900 Δαυῒδ,
589 838 644 888 ἐν
669 841 749 887 πε¹
779 835 927 904 τόπῳ
949 834 1392 904 καταλεχθεῖσαν,
1417 833 1703 905 εὑρεθῆναι
1729 833 1838 886 ἑτέ-

268 947 392 1002 ρους
442 926 533 981 δύο
562 928 682 980 Τῶν
715 927 845 981 υἱῶν
873 927 1036 998 Κορὲ,
1081 926 1173 981 τὸν
1207 925 1344 997 μετὰ
1383 929 1570 998 χεῖρας
1611 928 1703 979 καὶ
1747 926 1836 979 τὸν

265 1022 462 1094 ἐφεξῆς
494 1021 640 1091 αὑτῷ
661 1038 672 1049 ·
701 1021 758 1087 ἐξ
801 1020 1043 1091 ἀνάγκης
1071 1037 1128 1074 τε
1156 1021 1250 1073 καὶ
1276 1021 1470 1084 αὐτοὺς
1516 1018 1838 1089 συναχθῆναι

1939 562 2137 631 posuit.
2176 564 2253 616 Ac
2303 577 2518 616 rursum
2581 569 2702 631 post
2750 562 3061 616 Orationem
3113 555 3500 630 Davidis,qu:e

1940 673 2116 710 Lxxxv
2151 672 2378 710 numero
2433 657 2608 726 posita
2647 657 2841 719 fuerat,
2868 658 3116 712 inventos
3156 656 3325 710 fuisse
3357 656 3500 711 dicet

1939 747 2077 800 duos
2106 747 2242 800 alios
2269 745 2532 800 Filiorum
2549 747 2712 813 Core,
2747 747 2890 801 hunc
2919 763 3077 816 quem
3105 755 3423 808 tractamus,
3445 753 3501 801 et

1940 850 2254 909 sequentem
2311 857 2324 892 :
2374 854 2436 892 ac
2487 840 2567 894 sic
2621 840 2936 895 necessario
2979 839 3222 894 Orationi
3279 838 3501 894 Davidis

1941 930 2263 998 conjunctos
2305 929 2496 984 fuisse.
2547 928 2785 999 ldipsum
2835 943 3000 998 porro
3028 928 3223 982 dixerit
3269 927 3409 981 idem
3443 927 3501 982 in

1941 1019 2277 1088 reliquorum
2309 1019 2640 1088 psalmorum
2675 1019 3015 1074 ordinatione
3042 1019 3355 1087 contigisse.

263 1120 330 1187 τῇ
362 1117 643 1188 Προσευχῇ
665 1114 758 1169 τοῦ
780 1114 962 1170 Δαυῒδ.
984 1115 1086 1169 Τὸν
1106 1115 1265 1170 αὑτὸν
1297 1115 1351 1167 δὲ
1375 1114 1531 1185 λόγον
1556 1115 1822 1187 ὑπάρχειν
1858 1116 1886 1167 ὁ
1908 1114 2070 1178 αὐτὸς
2097 1114 2239 1168 είπιοι
2258 1114 2325 1169 ἂν
2354 1115 2447 1168 καὶ
2465 1116 2557 1168 ἐπὶ
2584 1118 2682 1187 τῆς
2705 1115 2810 1169 τῶν
2839 1114 3039 1169 λοιπῶν
3097 1115 3325 1185 ψαλμῶν
3378 1132 3501 1168 συν-

266 1209 488 1274 θέσεως.

335 1327 670 1384 Πιστώσεται
697 1329 753 1384 δὲ
777 1329 838 1384 τὸ
863 1329 1186 1402 λελεγμένον
1209 1330 1315 1384 ἀπὸ
1334 1329 1682 1402 προφητικῶν
1704 1331 1838 1384 άπο-

260 1420 476 1485 δείξεων
494 1437 508 1451 ·
545 1421 667 1474 ἐπεὶ
689 1420 798 1493 γάρ
837 1422 894 1475 ἑν
923 1423 1041 1484 ταῖς
1080 1424 1442 1492 προφητικαῖς
1472 1421 1671 1492 βίϐλοις
1703 1421 1836 1475 πολ-

262 1511 419 1576 λάκις
448 1513 594 1566 ἐστὶν
625 1513 804 1584 εὑρεῖν
831 1512 900 1566 τὰ
923 1513 1001 1584 τῷ
1023 1513 1196 1585 χρόνῳ
1222 1514 1582 1585 προλεχθέντα
1608 1514 1836 1586 δεύτερα

263 1606 488 1677 κείμενα
510 1608 576 1676 τῇ
607 1605 776 1673 τάξει,
805 1607 897 1659 καὶ
924 1605 992 1659 τά
1018 1606 1458 1678 προφητευθέντα
1479 1605 1681 1678 ὕστερα
1699 1625 1834 1678 προ-

261 1695 569 1768 τεταγμένα
589 1695 698 1750 τῶν
732 1696 1078 1768 προαγόντων
1104 1699 1214 1759 τοῖς
1245 1696 1472 1766 χρόνοις.
1491 1696 1548 1749 ’0
1581 1695 1711 1764 γοῦν
1743 1695 1839 1748 Ἰε-

2009 1327 2131 1381 Haec
2169 1339 2294 1380 vero
2325 1324 2590 1381 sententia
2635 1323 2965 1394 propheticis
3011 1326 3272 1396 exemplis
3300 1325 3501 1382 confir-

1937 1430 2117 1473 matur
2147 1435 2160 1472 :
2198 1431 2323 1470 nam
2355 1416 2410 1470 in
2439 1415 2775 1486 propheticis
2811 1415 2964 1471 libris
3004 1415 3317 1486 frequenter
3348 1434 3501 1488 repe-

1933 1509 2046 1564 rire
2074 1516 2157 1564 est
2187 1524 2270 1570 ea,
2297 1522 2417 1577 quae
2443 1507 2594 1576 prius
2624 1506 2768 1560 dicta
2800 1515 2947 1569 sunt,
2981 1508 3220 1563 secundo
3249 1511 3368 1564 loco
3403 1525 3500 1580 po-

1937 1602 2062 1665 sita,
2113 1607 2167 1653 et
2218 1615 2338 1669 qua:
2384 1608 2658 1670 postremo
2705 1600 3060 1669 praenuntiata
3107 1610 3253 1665 sunt,
3282 1601 3349 1658 iis
3379 1618 3502 1672 quae

1938 1699 2328 1765 prmCesserant
2353 1691 2653 1763 prmmissa.
2683 1690 2815 1744 Nam
2846 1690 3109 1748 Jcremias
3134 1692 3342 1747 initium
3375 1710 3500 1764 pro-

263 1789 462 1860 ρεμίας
494 1786 856 1860 προφητεύειν
889 1788 986 1858 μὲν
1011 1787 1235 1858 ἄρχεται
1283 1788 1375 1840 ἐπὶ
1406 1787 1629 1849 Ἰωσίου,
1658 1804 1831 1859 παρα-

1941 1785 2195 1855 phetandi
2223 1784 2374 1837 ducit
2403 1799 2433 1836 a
2463 1793 2704 1853 tempore
2730 1782 2924 1848 Josiae;
2953 1789 3007 1836 et
3036 1798 3208 1852 usque
3235 1783 3302 1837 ad
3333 1782 3498 1839 Sede:

259 1878 422 1932 τείνει
448 1879 505 1932 δὲ
538 1878 696 1950 μέχρι
727 1877 971 1931 Σεδεκίου
1001 1878 1094 1932 καί⁹
1121 1878 1217 1948 τῆς
1245 1877 1616 1947 αἰχμαλωσίας
1635 1894 1647 1906 ·
1674 1876 1827 1929 Σεδε-

260 1971 386 2036 κίας
418 1971 462 2023 δ’
488 1967 554 2043 ῆν
586 1971 840 2042 τέταρτος
872 1971 978 2026 ἀπὺ
1013 1970 1215 2024 Ἰωσίου
1252 1969 1520 2041 βασιλεύς.
1544 1970 1699 2023 Μετὰ
1723 1972 1829 2042 γὰρ

271 2063 482 2117 Ἰωσίαν
510 2063 757 2134 δεύτερος
789 2064 1042 2133 Ἰωακεὶμ
1073 2062 1184 2125 υἱὸς
1216 2061 1377 2114 αὐτοῦ
1407 2061 1699 2132 διαδέχεται
1732 2061 1829 2133 τὴν

256 2155 435 2226 ἀρχήν
454 2171 468 2184 ·
510 2153 628 2225 μεθ’
655 2154 714 2206 ὃν
739 2153 918 2226 τρίτος
953 2154 1223 2224 Ἰεχωνίας
1253 2156 1366 2218 υίὸς
1396 2154 1678 2225 Ἰωακείμ·
1712 2153 1828 2226 μεθ’

255 2247 318 2302 δν
362 2248 620 2318 τέταρτος
671 2248 925 2312 Σεδεκίας
975 2249 1200 2318 ἀδελφὸς
1246 2248 1530 2318 Ἰωακείμ·
1574 2248 1694 2302 καθ’
1736 2247 1830 2311 οὒς

259 2336 502 2398 ἅπαντας
534 2335 628 2390 τοῦ
661 2336 924 2408 Ἰερεμίου
952 2337 1444 2408 προφητεύσαντος,
1474 2339 1506 2408 ή
1545 2337 1830 2407 ἐπώνυμος

256 2427 426 2480 αὑτοῦ
457 2428 642 2501 γραφῂ
662 2427 886 2500 ἄρχεται
913 2431 1008 2500 μὲν
1031 2429 1136 2482 ἀπὸ
1168 2429 1397 2482 Ἰωσίου·
1429 2425 1545 2482 εἶτα
1568 2430 1828 2501 προϊοῦσα

257 2516 537 2588 μέμνηται
565 2496 822 2587 Ἰεχωνίου
846 2519 938 2571 τοῦ
954 2519 1134 2589 τρίτου
1162 2519 1268 2572 ἀπὸ
1302 2519 1531 2571 Ἰωσίου·
1554 2513 1672 2572 εἶτα
1694 2536 1830 2590 προ-

256 2608 482 2678 φητεύει
509 2609 577 2662 τὰ
603 2610 695 2662 ἐπὶ
723 2603 988 2674 Σεδεκίου,
1019 2610 1077 2673 ὃς
1106 2606 1171 2681 ἦν
1190 2610 1446 2681 τέταρτος
1464 2611 1570 2664 άπὸ
1603 2610 1825 2662 Ἰωσίου·

250 2696 338 2762 οἷς
369 2699 498 2769 ἑξῆς
528 2700 708 2772 τίθησι
737 2701 804 2754 τὰ
839 2704 895 2755 ἐν
919 2701 994 2772 τῷ
1024 2702 1268 2774 τετάρτῳ
1295 2703 1386 2756 ἐπὶ
1419 2704 1672 2773 Ἰωακε“ιμ
1697 2719 1828 2773 προ-

254 2790 615 2862 φητευθέντα,
651 2792 709 2856 ὃς
739 2789 807 2863 ἦν
835 2792 1081 2864 δεύτερος
1128 2793 1263 2864 μετὰ
1295 2793 1520 2846 Ἰωσίαν.
1554 2791 1664 2847 Εἶθ’
1704 2793 1830 2863 ἑξῆς

255 2878 454 2948 ἑπάγει
480 2880 547 2934 τά
570 2882 628 2934 ἐν
659 2884 800 2951 ἀρχῇ
829 2882 922 2936 τοῦ
955 2883 1119 2940 αὐτοῦ
1156 2882 1436 2954 Ἰωακείμ·
1469 2879 1586 2936 εἶτα
1625 2882 1696 2936 τὰ
1738 2885 1829 2938 ἐπὶ

253 2973 529 3039 Σεδεκίου,
561 2975 654 3028 καὶ
680 2976 841 3029 πάλιν
868 2975 936 3030 τά
965 2979 1055 3030 ἐπὶ
1089 2978 1358 3048 Ἰωακείμ.
1392 2971 1523 3030 Εἶτα
1559 2978 1828 3048 μέμνηται

251 3063 357 3132 τῆς
388 3063 764 3133 αἰχμαλωσίας
795 3066 891 3136 τῆς
919 3067 998 3128 εἰς
1022 3065 1334 3127 Βαϐυλῶνα,
1357 3066 1450 3119 καὶ
1470 3065 1546 3129 ὡς
1576 3068 1711 3136 μετὰ
1734 3067 1828 3118 Σε-

1932 1879 2070 1932 ciam
2095 1885 2148 1930 et
2177 1876 2544 1945 captivitatem
2568 1874 2826 1945 pertingit
2859 1895 2871 1928 :
2903 1873 3158 1930 Sedecias
3186 1890 3313 1929 vero
3335 1891 3502 1944 quar-

1931 1977 2018 2024 tus
2049 1977 2165 2023 erat
2205 1984 2235 2022 a
2281 1966 2428 2022 Josia
2463 1983 2579 2022 rex.
2612 1966 2742 2021 Post
2782 1966 2986 2022 Josiam
3031 1968 3176 2022 enim
3225 1969 3500 2026 secundus

1930 2076 2155 2131 regnum
2185 2060 2385 2130 excipit
2410 2057 2655 2113 Joachim
2689 2058 2829 2114 (ilius
2855 2059 2995 2128 ejus,
3027 2060 3130 2113 sub
3163 2060 3278 2114 lucc
3307 2061 3499 2116 tertius

1928 2151 2220 2209 Jechonias
2245 2152 2386 2206 [ilius
2410 2149 2680 2214 Joachim,
2711 2159 2764 2205 et
2794 2159 2914 2220 post
2937 2166 3058 2204 cum
3084 2159 3311 2220 quartus
3333 2150 3498 2206 Sede-

1930 2246 2042 2299 cias
2077 2244 2241 2298 frater
2267 2242 2512 2297 Joachim
2545 2262 2557 2297 :
2593 2259 2656 2298 ac
2688 2257 2809 2296 cum
2837 2241 3100 2296 Jeremias
3131 2242 3216 2297 his
3243 2243 3502 2297 omnibus

1929 2337 2284 2406 regnantibus
2320 2337 2748 2406 prephetavcrit,
2792 2336 2911 2404 ejus
2957 2334 3239 2405 Scriptura
3269 2351 3299 2388 a
3347 2332 3498 2389 Josia

1930 2428 2063 2493 iuit;
2097 2428 2200 2481 sub
2240 2429 2353 2482 haec
2400 2427 2693 2489 Jechonirc,
2725 2425 2816 2495 qui
2862 2425 3057 2480 tertius
3105 2441 3135 2478 a
3175 2423 3324 2480 Josia
3359 2433 3500 2488 erat,

1930 2521 2177 2574 meminit
2202 2538 2217 2587 ;
2243 2532 2356 2575 tum
2384 2537 2446 2575 ea
2477 2535 2600 2590 qua:
2637 2519 2740 2573 sub
2775 2517 2999 2573 Sedccia
3027 2518 3378 2580 vaticinatur,
3403 2519 3497 2588 qui

1929 2620 2157 2681 quartus
2183 2621 2301 2666 erat
2327 2627 2356 2664 a
2386 2611 2535 2666 Josia
2574 2631 2586 2666 :
2626 2613 2708 2666 his
2739 2620 2934 2682 quarto
2963 2613 3083 2665 loco
3127 2612 3407 2681 subjungit
3431 2627 3497 2666 ea

1929 2719 2048 2772 qua:
2075 2703 2437 2772 prmnuutiata
2488 2711 2614 2757 sunt
2654 2704 2755 2758 sub
2783 2702 3051 2767 Joachim,
3083 2703 3176 2772 qui
3222 2703 3496 2758 secundus

1929 2801 2052 2862 post
2084 2792 2287 2846 Josiam
2319 2802 2454 2847 erat.
2487 2795 2689 2863 Adjicit
2740 2801 2926 2864 postea
2980 2810 3101 2864 qua:
3134 2793 3187 2847 in
3228 2793 3494 2863 principio

1931 2883 2105 2952 ipsius
2138 2881 2381 2937 Joachim
2411 2883 2554 2938 dicta
2583 2892 2710 2938 sunt
2736 2902 2751 2950 ;
2791 2885 2917 2938 hinc
2946 2901 3065 2954 qua:
3096 2884 3200 2938 sub
3233 2881 3492 2951 Sedccia;

1930 2990 2145 3028 rursum
2177 2991 2240 3029 ea
2265 2990 2384 3044 qua:
2413 2975 2514 3030 sub
2553 2973 2818 3029 Joachim.
2867 2975 3070 3029 Deinde
3119 2975 3492 3044 captivitatem

1929 3066 1984 3120 in
2017 3067 2342 3138 Babylonem
2378 3068 2644 3130 meminit,
2671 3076 2725 3122 et
2751 3067 3024 3138 quomodo
3055 3079 3177 3138 post
3210 3067 3492 3122 Sedeciam

249 3151 439 3205 δεκίαν
468 3153 703 3224 κατέστη
734 3155 1033 3226 ἡγούμενος
1065 3154 1172 3209 τῶν
1205 3155 1639 3224 ἀπολειφθέντων
1678 3157 1715 3208 Γ
1718 3157 1831 3209 οδο-

1932 3158 2135 3213 residui
2169 3159 2351 3227 populi
2390 3158 2499 3212 dux
2532 3157 2790 3215 Godolias
2822 3161 3152 3214 constitutus
3185 3159 3273 3224 sit,
3305 3167 3358 3213 et
3384 3175 3500 3230 quo.

249 3244 395 3308 λίας,
428 3246 522 3299 καὶ
564 3245 638 3309 ὼς
673 3246 894 3318 Ἰσμαὴλ
937 3248 1146 3319 ἀναιρεῖ
1188 3248 1281 3300 τὸν
1325 3249 1592 3311 Γοδολίαν,
1628 3248 1744 3319 μεθ’
1770 3248 1828 3301 ὃν

261 3335 488 3388 Ἰωανάν
521 3336 633 3399 υίὸς
663 3338 835 3408 Καριὲ
859 3339 1090 3404 ἡγεῖται.
1120 3339 1230 3391 Καὶ
1261 3338 1399 3408 μετὰ
1419 3338 1637 3402 τούτους
1659 3338 1829 3394 ᾶπαν-

248 3446 351 3491 τας
384 3429 510 3501 ἑξῆς
534 3430 728 3498 ἐπάγει
756 3431 852 3494 τὰς
885 3432 942 3484 ἐν
963 3429 1040 3497 τῷ
1066 3429 1106 3483 δ’
1129 3431 1236 3484 ἔτει
1266 3431 1518 3502 Ἰωακεὶμ
1547 3430 1829 3506 λεχθείσας

248 3520 610 3591 προφητείας,
652 3521 745 3574 καὶ
780 3522 938 3580 πάλιν
969 3521 1066 3584 τὰς
1101 3524 1158 3574 ἐν
1191 3523 1329 3594 ἀρχῇ
1372 3523 1645 3593 βασιλείας
1670 3525 1826 3579 Σεδε-

247 3613 388 3688 adeo,
413 3611 726 3684 εἰρημένας.
757 3615 962 3690 Εὖροις,
980 3616 1024 3669 δ’
1059 3616 1124 3669 ἂν
1155 3618 1247 3669 καὶ
1282 3617 1434 3687 παρὰ
1473 3615 1550 3688 τῷ
1580 3615 1827 3690 Ἐζεκιὴλ

242 3705 319 3759 τά
367 3706 738 3777 παραπλήσια.
765 3708 916 3760 Ἐπεὶ
949 3708 1042 3765 καὶ
1072 3709 1129 3761 ὲν
1166 3711 1233 3778 τῇ
1276 3709 1462 3761 τούτου
1504 3713 1691 3782 γραφῇ
1730 3711 1829 3781 οὐχ

245 3797 379 3866 ἑξῆς
405 3799 516 3860 τοῖς
550 3798 759 3867 χρόνοις
796 3798 1104 3866 σύγκεινται
1132 3801 1188 3852 αἱ
1215 3802 1568 3871 προφητεῖαι·
1599 3801 1712 3854 ἀλλ’
1747 3803 1825 3854 εἰ-

247 3885 341 3937 σιν
372 3886 429 3938 αἱ
466 3885 564 3955 μὲν
597 3887 736 3940 κατὰ
760 3887 820 3939 τὺ
849 3886 928 3951 κζ’
958 3886 1074 3951 ἔτος
1111 3889 1208 3958 τῆς
1236 3889 1605 3959 αἰχμαλωσίας
1634 3907 1829 3960 προτε-

241 3973 524 4043 ταγμέναι
565 3974 641 4045 τῷ
685 3983 751 4028 ια’
784 3977 882 4047 τῆς
926 3977 1297 4046 αἰχμαλωσίας
1337 3979 1642 4049 εἰρημένῳ·
1687 3979 1826 4049 μετά

243 4063 362 4135 γὰρ
396 4064 494 4127 τὰς
525 4067 583 4118 ὲν
621 4064 698 4135 τῷ
739 4065 819 4128 κζ’
849 4065 958 4118 ἔτει
991 4067 1244 4140 φέρονται
1274 4069 1327 4119 αἱ
1352 4067 1621 4138 λεχθεῖσαι
1665 4071 1721 4121 ὲν
1748 4068 1825 4141 τῷ

244 4163 322 4209 ια’
357 4156 457 4226 τῆς
482 4159 856 4228 αἰχμαλωσίας
890 4159 999 4214 ἑτει
1018 4177 1030 4188 ·
1069 4161 1161 4216 καὶ
1190 4161 1348 4216 πάλιν
1380 4161 1514 4231 μετὰ
1535 4161 1633 4225 τὰς
1656 4164 1713 4215 ἐν
1745 4161 1822 4232 τῷ

244 4256 323 4302 ια’
352 4249 506 4302 ἄλλαι
541 4251 792 4322 φέρονται
836 4254 893 4305 ἑν
929 4252 1005 4324 τῷ
1040 4260 1068 4306 ι’
1102 4253 1210 4306 ἔτει
1242 4254 1547 4325 εἰρημέναι,
1576 4255 1668 4307 καὶ
1699 4255 1822 4326 ἑξῆς

239 4343 304 4399 αἱ
337 4343 393 4394 ἐν
425 4341 501 4412 τῷ
532 4349 607 4395 κε’
634 4343 761 4398 ἔτει.
798 4345 908 4398 Καὶ
949 4347 1147 4400 τούτων
1180 4349 1432 4401 ἁπάντων
1477 4347 1619 4400 εἴποι
1651 4349 1718 4402 ἄν
1743 4365 1825 4414 τις

239 4430 351 4501 τὴν
389 4431 566 4484 αἰτίαν
612 4433 710 4486 οὐκ
750 4434 913 4505 ἄλλην
941 4431 1080 4489 εἶναι
1107 4437 1202 4507 τῆς
1235 4437 1648 4508 ἀποδεδομένης.
1685 4439 1821 4492 Σπο-

1932 3257 2091 3319 pacto
2122 3249 2314 3303 lsmael
2345 3247 2626 3303 Godoliam
2647 3248 2930 3314 occiderit,
2958 3258 3078 3321 post
3098 3265 3257 3319 quem
3282 3248 3492 3303 Joanan

1930 3343 2072 3397 ﬁlius
2103 3341 2261 3397 Carie
2305 3341 2413 3395 dux
2449 3340 2568 3395 fuit.
2598 3340 2729 3396 Post
2769 3342 2869 3396 hos
2910 3352 3086 3396 autem
3117 3357 3306 3395 omnes
3338 3342 3494 3396 atTert

1929 3434 2125 3489 deinde
2155 3433 2469 3503 prephetias
2497 3448 2641 3486 anno
2670 3440 2867 3502 quarto
2896 3432 3142 3487 Joachim
3176 3434 3494 3504 pronuntia—

1929 3531 2048 3590 tas;
2087 3524 2191 3578 sub
2229 3524 2342 3577 haec
2378 3523 2500 3578 illas
2533 3539 2654 3593 quae
2685 3523 2841 3577 initio
2870 3525 3019 3592 regni
3049 3521 3289 3578 Sedecite
3332 3523 3494 3578 dictae

1929 3624 2076 3671 sunt.
2113 3615 2325 3669 Similia
2365 3631 2580 3685 quoque
2621 3616 2676 3669 in
2729 3614 3009 3669 Ezechiele
3055 3629 3314 3684 reperias.
3355 3613 3490 3666 Nam

1929 3708 1980 3761 in
2017 3707 2178 3777 hujus
2222 3723 2437 3778 quoque
2482 3709 2752 3777 scriptura
2801 3706 3095 3776 prophetia:
3141 3721 3249 3760 non
3300 3704 3496 3760 ordine

1929 3801 2190 3869 temporis
2212 3801 2430 3870 jacent;
2462 3799 2555 3854 sed
2582 3815 2702 3869 quae
2727 3799 3045 3853 vicesimum
3077 3799 3365 3868 septimum
3397 3813 3490 3852 ca-

1927 3891 2195 3961 ptivitatis
2223 3907 2424 3945 annum
2453 3900 2722 3960 spectant,
2750 3890 3152 3961 praemittuntur
3180 3889 3246 3944 iis
3273 3904 3393 3958 qua:
3417 3889 3485 3943 de

1927 3981 2214 4045 umiecimo
2255 3981 2584 4052 captivitatis
2632 3993 2776 4034 anno
2807 3981 2948 4036 dicta
2985 3988 3111 4036 sunt
3143 4000 3154 4035 :
3190 3989 3311 4051 post
3356 3981 3476 4034 illas

1926 4072 2068 4127 enim
2100 4071 2345 4126 vicesimi
2375 4070 2590 4140 septimi
2633 4072 2760 4124 anni
2791 4071 3124 4141 prophetias,
3153 4085 3273 4140 qua:
3317 4070 3488 4124 unde-

1926 4165 2067 4219 cimo
2101 4179 2244 4217 anno
2278 4162 2436 4219 dieue
2474 4172 2622 4226 sunt,
2655 4162 2905 4217 feruntur
2937 4181 2950 4217 :
2987 4163 3181 4218 deinde
3209 4179 3339 4218 vero
3368 4173 3490 4234 post

1927 4255 2046 4308 illas
2069 4254 2339 4309 undecimi
2370 4253 2519 4315 anni,
2545 4253 2789 4323 quaedam
2818 4254 3086 4308 habentur
3108 4253 3320 4308 decimo
3347 4271 3490 4308 anno

1925 4341 2103 4404 dictae,
2127 4341 2251 4395 hinc
2273 4357 2393 4412 qua:
2418 4343 2547 4396 anui
2573 4342 2818 4417 vicesimi
2847 4344 3023 4412 quinti
3056 4351 3202 4398 sunt.
3242 4343 3486 4410 Quorum

1927 4433 2172 4486 omnium
2200 4449 2310 4488 non
2346 4433 2506 4488 aliam
2537 4431 2758 4488 causam
2791 4436 2914 4504 quis
2940 4434 3127 4488 alIerat
3159 4436 3496 4505 praeterjam.

238 4521 423 4597 ρῶην
455 4522 583 4594 γὰρ,
604 4525 678 4588 ὡς
705 4527 870 4591 εἰκὸς,
892 4527 1000 4580 τῶν
1024 4528 1164 4581 κατὰ
1187 4528 1406 4596 χρόνους
1433 4529 1524 4582 καὶ
1554 4529 1674 4582 καθ’
1695 4530 1824 4584 ἕκας-

1930 4524 2202 4578 traditam.
2248 4523 2380 4577 Nam
2414 4541 2536 4578 cum
2568 4527 2821 4594 sparsim,
2863 4534 2922 4579 ut
2946 4526 3239 4580 verisimile
3260 4536 3364 4588 est,
3396 4543 3487 4578 va—

242 4628 379 4664 στον
414 4612 633 4682 βασιλέα
665 4615 902 4686 μερικῶς
935 4617 1482 4688 προπεφητευμένων,
1505 4619 1562 4672 τὸ
1598 4618 1822 4672 παλαιὸν

239 4700 406 4771 παρὰ
431 4705 544 4765 τοῖς
574 4704 881 4767 σπουδαίοις
919 4703 1262 4776 σωζομένων,
1291 4707 1408 4777 ἦτοι
1449 4707 1540 4760 τὸν
1567 4709 1818 4782 Ἔσδραν,

235 4792 277 4864 ἢ
323 4793 417 4846 καί
447 4811 598 4858 τινας
632 4797 872 4866 ἑτέρους,
901 4797 1005 4850 ὑπὸ
1033 4798 1158 4868 μίαν
1190 4799 1533 4870 περιγραφὴν
1567 4801 1822 4868 συνάγον-

235 4901 352 4946 τας
383 4884 451 4937 τά
483 4886 696 4957 ἑκάστῳ
730 4887 838 4941 τῶν
876 4889 1167 4961 προφητῶν
1208 4890 1349 4944 κατὰ
1379 4893 1602 4962 χρόνους
1635 4893 1821 4961 διαφό-

238 4993 381 5055 ρους
417 4977 692 5048 λεχθέντα,
721 4983 845 5045 τοὺς
886 4981 1132 5052 πρώτους
1173 4983 1589 5054 εὑρισκομένους
1633 4985 1822 5053 λόγους

236 5067 611 5120 κατατάσσειν
639 5067 884 5140 πρώτους
905 5087 918 5100 ·
947 5067 1044 5123 εἷθ’
1069 5071 1193 5141 ἑξῆς
1221 5073 1509 5128 συνάπτειν
1532 5075 1654 5138 τοὺς
1685 5075 1820 5145 μετὰ

233 5156 425 5210 ταῦτα
457 5160 894 5231 εὑρισκομένους,
923 5165 970 5216 εἰ
1001 5164 1092 5215 καὶ
1119 5166 1357 5234 προῆγον
1387 5166 1465 5236 τῷ
1491 5167 1684 5237 χρόνῳ.
1719 5168 1820 5220 Τὸν

229 5247 288 5299 δ’
313 5246 480 5300 αὑτὸν
507 5243 643 5300 εἶναι
662 5248 817 5317 λόγον
844 5250 936 5303 καὶ
959 5251 1050 5302 ἐπὶ
1077 5250 1176 5319 τῆς
1201 5249 1404 5315 τάξεως
1427 5252 1533 5305 τῶν
1554 5252 1817 5323 Ψαλμῶν,

232 5338 478 5392 καθόλου
517 5341 612 5410 μὲν
643 5341 914 5406 ἁπάντων,
953 5341 1094 5405 ἰδίως
1126 5342 1182 5394 δὲ
1217 5345 1442 5398 καὶτῶν
1471 5343 1609 5414 μετὰ
1634 5347 1819 5416 χεῖρας

230 5435 383 5504 ἡμῖν
429 5432 861 5503 ἐξεταζομένων·
908 5435 957 5488 εἰ
1007 5432 1080 5503 μὴ
1114 5434 1222 5505 ἄρα
1264 5452 1349 5498 τις
1382 5436 1673 5508 βαθύτερος
1697 5438 1821 5501 νοῦς

228 5522 528 5576 λανθάνων
565 5525 708 5593 ἡμᾶς
747 5523 966 5594 ἑτέρους
991 5524 1141 5587 τινάς
1168 5525 1459 5596 λογισμοὺς
1482 5530 1819 5600 παραστήσει

227 5615 348 5682 τῆς
372 5614 480 5667 τῶν
514 5613 862 5684 ἑζητημένων
893 5615 1070 5679 αἰτίας
1129 5617 1211 5669 Τά
1249 5635 1311 5685 γε
1373 5619 1479 5689 μὴν
1511 5621 1642 5689 ἡμῖν
1686 5621 1818 5672 ὑπο-

228 5707 487 5759 πεσόντα
529 5705 609 5768 εἴς
655 5723 715 5758 τε
760 5723 858 5777 την
890 5707 1040 5773 τάξιν
1067 5709 1186 5762 Τῶν
1223 5710 1354 5763 υἱῶν
1388 5711 1554 5782 Κορὲ,
1579 5713 1671 5766 καὶ
1696 5715 1818 5784 περὶ

227 5797 347 5869 τῆς
393 5799 705 5871 Προσευχῆς
757 5798 845 5853 τοῦ
892 5801 1052 5856 Δαυῒδ
1082 5802 1179 5874 τῆς
1208 5803 1309 5877 πρὸ
1341 5803 1432 5856 τοῦ
1466 5803 1605 5877 μετὰ
1636 5807 1818 5878 χεῖρας

1923 4615 2020 4669 riis
2047 4616 2400 4685 temporibus,
2432 4622 2498 4671 ρι’
2533 4617 2634 4671 sub
2673 4618 2900 4687 singulis
2949 4619 3164 4692 regibus
3194 4619 3487 4687 separatim

1921 4705 2078 4760 edita:
2101 4707 2413 4774 prophetiae,
2439 4723 2466 4760 a
2499 4707 2760 4763 studiosis
2778 4709 3079 4777 antiquitus
3102 4717 3327 4763 servatae
3353 4709 3488 4764 fuis-

1924 4800 2078 4856 sent,
2133 4795 2248 4849 sive
2295 4795 2516 4860 Iisdras,
2564 4797 2678 4850 sive
2734 4797 2952 4866 quidam
2983 4798 3096 4860 alii,
3144 4799 3484 4868 singulorum

1924 4884 2308 4953 prophetarum
2337 4886 2502 4952 dicta,
2535 4887 2702 4940 variis
2733 4886 3068 4955 temporibus
3117 4891 3345 4956 prolata,
3377 4906 3487 4941 uno

1925 4976 2198 5030 volumine
2236 4978 2773 5035 circumscribentcs.
2807 4994 2869 5030 ea
2905 4995 3024 5047 qua:
3054 4961 3228 5048 primo
3279 4991 3486 5050 reperta

1925 5068 2159 5131 fuerant,
2192 5070 2366 5139 primo
2404 5070 2522 5124 loco
2553 5080 2870 5139 posuerunt.
2902 5071 3098 5125 deinde
3135 5088 3198 5126 ea
3235 5088 3354 5144 qua:
3387 5090 3486 5142 po-

1923 5169 2036 5214 stca
2096 5161 2163 5216 ad
2231 5177 2451 5214 manum
2511 5171 2809 5222 venerunt,
2863 5162 3212 5231 subjunxere,
3270 5163 3487 5218 etiamsi

1923 5260 2164 5322 tempore
2191 5254 2464 5324 prmirent.
2494 5253 2692 5308 Eadem
2727 5270 2853 5308 vero
2882 5256 3090 5310 ratione
3114 5253 3312 5310 Psalmi
3343 5256 3486 5326 dige-

1922 5346 1991 5399 sti
2024 5354 2171 5412 sunt,
2203 5348 2316 5401 sive
2353 5361 2543 5401 omnes
2572 5361 2679 5400 una
2709 5355 3048 5416 spectentur,
3089 5349 3203 5402 sive
3253 5348 3286 5401 ii
3335 5363 3485 5402 seor-

1920 5437 2021 5492 sim
2047 5453 2183 5510 quos
2212 5437 2323 5507 jam
2364 5445 2685 5493 tractamus.
2728 5438 2840 5493 Nisi
2889 5437 3120 5493 fortasse
3161 5439 3485 5509 profundior

1921 5528 2100 5598 aliqua
2131 5529 2460 5597 intelligendi
2504 5531 2663 5594 ratio,
2697 5531 2858 5584 nobis
2890 5531 3126 5592 occulta,
3162 5532 3322 5584 aliam
3353 5548 3485 5586 cau-

1921 5637 2035 5676 sam
2066 5621 2130 5675 ad
2158 5622 2486 5690 quaestiones
2508 5623 2830 5677 solutionem
2864 5622 3069 5679 alTerat.
3102 5621 3176 5676 Ea
3208 5638 3336 5678 vero
3361 5639 3493 5692 quae

1920 5713 1984 5767 de
2017 5713 2206 5768 ordine
2229 5714 2557 5784 psalmorum
2583 5713 2842 5768 Filiorum
2865 5715 3023 5778 Core,
3054 5724 3108 5770 et
3140 5714 3204 5769 de
3226 5713 3484 5770 Oratione

1923 5805 2136 5864 Davidis
2167 5824 2283 5880 qius:
2320 5814 2443 5864 ante
2465 5807 2607 5864 hunc
2639 5811 2904 5879 psalmum
2944 5808 3120 5880 posita
3177 5815 3230 5863 et
3277 5807 3332 5860 in
3365 5819 3481 5859 ma-
