3798 6282
351 316 500 374 “HS

1549 327 2050 390 COMMENTARIA
2088 335 2156 391 ΙΝ
2195 334 2534 395 PSALMOS.

3461 334 3616 396 Nili"

426 437 540 509 Τῆς
562 435 656 492 οὗν
683 440 941 513 μεγίστης
967 441 1168 514 ταύτης
1195 445 1286 497 καί
1321 443 1653 518 θεοπρεποῦς
1693 452 1866 506 πόλεω

1991 517 1994 528 _
2091 454 2265 526 Hujus
2295 456 2476 525 itaque
2510 456 2757 510 maximae
2780 466 2833 511 ct
2860 456 2968 511 Deo
2993 457 3170 528 dignm
3201 454 3595 520 civitatis,-sci-

345 525 495 598 λέγω
521 530 578 584 δέ
600 533 697 602 τῆς
723 533 814 584 τοῦ
841 534 976 586 Θεοῦ
1017 533 1359 607 Ἐκκλησίας,
1380 539 1472 592 καὶ
1497 539 1588 592 τοῦ
1615 544 1733 595 κατ’
1755 544 1924 614 αὐτὴν

345 621 746 693 διαφαινομένου
797 625 1079 692 θεοσεϐοῦς
1130 631 1540 704 πολιτεύματος,
1587 638 1635 688 οἱ
1683 637 1921 708 θεμέλιοι

342 716 709 785 τυγχάνουσιν
737 719 796 770 ἐν
829 722 940 783 τοῖς
980 721 1132 792 ὄρεσι
1158 728 1269 788 τοῖς
1293 726 1486 795 ἁγίοις.
1505 729 1822 801 Ἑρμηνεύει
1864 732 1921 786 δὲ

341 804 442 858 τὸν
493 804 647 872 λόγον
692 809 720 860 ὀ
756 809 1071 875 Ἀπόστολος
1107 815 1362 882 φάσκων·
1408 817 1922 890 Ἐποικοὸομηθέν-

341 913 447 962 τες
480 897 577 950 ἐπὶ
606 897 685 964 τῷ
715 903 962 968 θεμελίῳ
1002 904 1120 957 τῶν
1165 906 1524 962 ἀποστόλων
1551 901 1649 964 καί
1693 929 1920 983 προφη-

338 986 484 1054 τῶν,
525 990 697 1058 ὄντος
730 993 1158 1062 ἀκρογωνιαίου
1187 1001 1372 1054 αὑτοῦ
1408 1003 1604 1070 Ἰησοῦ
1637 1009 1916 1074 Χριστοῦ.

338 1081 455 1134 Καὶ
505 1083 680 1149 ἄλλως
725 1087 782 1140 δὲ
825 1089 875 1141 οἱ
919 1089 1155 1161 θεμέλιοι
1194 1094 1356 1148 αὑτοῦ
1383 1097 1481 1150 οὐκ
1507 1098 1741 1153 ἐνταῦθα
1769 1102 1917 1155 κάτω

335 1173 438 1226 καὶ
466 1175 594 1246 παρ’
620 1178 766 1247 ἡμᾶς
795 1182 1170 1251 τυγχάνουσιν,
1195 1185 1308 1238 ἀλλ’
1334 1187 1445 1241 ἄνω
1467 1207 1573 1242 που
1603 1193 1695 1245 καὶ
1725 1193 1781 1245 ἐν
1805 1199 1916 1261 τοῖς

338 1261 698 1333 καλουμένοις
734 1267 910 1335 ἁγίοις
937 1270 1108 1342 ὄρεσι.
1142 1273 1233 1326 Διὸ
1259 1273 1502 1331 λέλεκται
1521 1293 1536 1307 ·
1569 1281 1632 1331 Ol
1659 1281 1914 1350 θεμέλιοι

331 1352 524 1407 αὑτοῦ
566 1354 636 1408 ἐν
678 1356 800 1423 τοῖς
828 1358 992 1426 ὄρεσι
1016 1362 1141 1429 τοῖς
1170 1364 1378 1434 ἁγίοις.
1414 1363 1537 1420 Εἶεν
1574 1372 1604 1422 δ
1649 1370 1715 1424 ἂν
1743 1373 1914 1428 ταῦτα

331 1442 408 1494 τὰ
433 1443 533 1514 ὄρη
561 1446 608 1498 οἱ
637 1448 856 1530 οὐρανοὶ
887 1450 996 1506 τῶν
1025 1453 1288 1525 οὐρανῶν,
1322 1457 1449 1511 ἔνθα
1485 1458 1543 1512 τὸ
1585 1461 1726 1530 μέγα
1758 1464 1912 1517 πολί-

329 1550 513 1626 τευμα
537 1535 634 1605 τῆς
665 1525 986 1610 ἐπουρανίου
1011 1542 1170 1608 Σιὼν,
1199 1549 1291 1602 καὶ
1314 1549 1414 1618 τῆς
1435 1525 1649 1622 ἀληθῶς
1667 1525 1912 1626 ⁷μεγάλης

327 1625 432 1680 τοῦ
458 1626 590 1681 Θεοῦ
622 1629 830 1695 πόλεως
861 1633 1208 1708 συνέστηκεν.
1238 1641 1351 1694 Οὐκ
1371 1641 1502 1712 ἐμὸς
1529 1643 1584 1696 δὲ
1612 1639 1762 1710 οὗτος
1779 1647 1808 1699 ὁ
1828 1625 1912 1701 λό-

327 1732 450 1784 γος,
482 1716 616 1771 ἀλλὰ
650 1721 741 1773 καὶ
774 1722 933 1787 αὐτὸς
969 1725 1061 1778 τοῦ
1097 1730 1363 1799 φήσαντος
1379 1732 1822 1791 Ἀποστόλουο.Ὴ
1845 1736 1913 1792 δὲ

2024 549 2150 602 licet
2199 546 2454 602 Ecclesiae
2514 546 2709 612 Dei,ct
2746 549 2816 616 pii
2871 549 3105 603 instituti
3133 549 3188 602 in
3243 563 3308 604 ea
3369 547 3591 611 servati,

2024 638 2373 693 l’uiidamcnt-a
2394 647 2520 692 sunt
2544 639 2602 692 in
2630 640 2903 694 montibus
2932 641 3158 696 sanctis.
3182 639 3384 693 Locum
3412 647 3593 693 autem

2022 729 2255 798 explicat
2288 728 2579 798 Apostolus
2609 728 2693 783 his
2735 729 2917 783 verbis
2944 747 2957 783 :
2985 727 3405 799 Supera'diﬁcati
3435 743 3590 797 super

2021 819 2420 888 fundamentum
2445 821 2804 888 apostolorum
2832 831 2880 875 et
2898 823 3288 890 prophetarum,
3308 822 3420 891 ipso
3441 835 3590 873 sum-

2022 911 2388 981 mo,angulari
2432 911 2605 979 lapide
2647 910 2778 965 Jesu
2808 912 3019 966 Christo
3041 913 3109 965 ⁷⁸.
3143 911 3207 965 Et
3242 927 3369 967 vero
3391 911 3590 966 funda-

2021 1017 2198 1059 menta
2233 1005 2355 1074 ejus
2390 1020 2500 1060 non
2535 1005 2764 1059 interius
2799 1007 2976 1073 posita
3006 1014 3058 1058 et
3091 1020 3256 1075 penes
3287 1020 3390 1060 nos
3427 1011 3584 1071 sunt;

2019 1095 2112 1148 sed
2157 1110 2399 1161 sursum,
2425 1104 2479 1150 et
2507 1095 2559 1148 in
2597 1096 2663 1149 iis
2696 1096 2787 1164 qui
2825 1103 3037 1149 montes
3081 1095 3254 1148 sancti
3295 1104 3584 1150 vocantur.

2016 1187 2197 1252 Quare
2243 1187 2468 1250 dicitur,
2507 1185 2881 1241 Fundamenta
2927 1187 3040 1255 ejus
3075 1188 3130 1239 in
3163 1185 3428 1240 montibus
3456 1203 3584 1242 san-

2014 1278 2135 1330 ctis.
2183 1276 2263 1330 llli
2313 1292 2475 1347 porro
2507 1287 2722 1334 montes
2757 1278 2951 1340 sancti,
2985 1284 3114 1331 sunt
3145 1277 3268 1330 coeli
3292 1275 3580 1337 caelorum,

2015 1368 2107 1422 ubi
2157 1385 2409 1438 maguum
2460 1369 2591 1423 illud
2630 1370 2940 1424 institutum
2991 1369 3231 1424 coelestia
3292 1365 3476 1422 Sionis
3527 1376 3583 1421 et

2013 1475 2142 1516 vere
2169 1476 2378 1531 magnae
2404 1459 2499 1515 Dei
2523 1461 2760 1516 civitatis
2799 1460 3070 1515 consistit.
3095 1459 3281 1530 Neque
3305 1474 3460 1514 meus
3491 1458 3584 1512 hic

2013 1567 2194 1608 sermo
2225 1560 2329 1616 est,
2345 1552 2441 1609 sed
2472 1551 2718 1622 ejusdem
2745 1552 2990 1623 Apostoli
3023 1552 3254 1607 dicentis
3283 1570 3295 1605 :
3325 1551 3437 1606 Illa
3461 1566 3580 1606 vero

2012 1661 2128 1714 qua
2173 1661 2385 1699 sursum
2441 1654 2520 1700 est
2573 1643 2891 1707 Jerusalem,
2949 1643 3113 1697 libera
3169 1652 3284 1708 est,
3332 1659 3449 1713 quae
3498 1647 3580 1696 est

2015 1747 2182 1789 mater
2210 1747 2393 1791 nostra
2421 1738 2495 1802 ⁸⁰;
2521 1745 2598 1802 et,
2623 1738 2934 1792 Aecessistis
2984 1737 3055 1790 ad
3087 1734 3216 1790 Sion
3253 1744 3499 1800 montem,
3525 1739 3581 1788 et

324 1807 458 1861 ἄνω
497 1809 878 1879 Ἰερουσαλὴμ
909 1817 1191 1887 ἐλευθέρα
1230 1822 1421 1888 ἐστίν,
1459 1824 1590 1893 ἥτις
1620 1827 1750 1882 ἐστὶ
1794 1835 1867 1900 ιιιζ

2012 1827 2274 1880 civitatem
2316 1825 2414 1880 Dei
2456 1827 2694 1890 viventis,
2732 1825 3031 1880 Jerusalem
3057 1825 3334 1891 caelestem,
3363 1831 3415 1878 et
3440 1823 3578 1876 mul-

327 1915 445 1966 τηρ
501 1899 688 1969 ἡμῶν,
734 1906 860 1957 καί⁹
897 1911 1394 1977 Προσεληλύθατε
1446 1918 1600 1969 Σιὼν
1645 1919 1764 1985 ὄρει
1800 1899 1867 1975 ἐκ(

2011 1928 2184 1988 eorum
2211 1915 2440 1970 millium
2471 1915 2778 1988 angelorum
2806 1916 3176 1987 frequentiam,
3201 1923 3251 1969 et
3283 1913 3576 1968 Ecclesium

326 1989 504 2044 πόλει
548 1993 696 2046 Θεοῦ
732 1994 968 2064 ζῶντος,
987 1999 1370 2073 Ἰερουσαλὴμ
1409 2006 1758 2076 ἐπουρανίῳ,
1807 2013 1906 2066 καὶ

319 2082 614 2150 μυριάσιν
627 2085 898 2154 ἀγγέλων
915 2094 1265 2162 πανηγύρει,
1285 2096 1383 2150 καὶ
1418 2098 1740 2167 Ἐκκλησία
1763 2119 1907 2170 πρω-

319 2174 592 2263 τοτόκων
641 2177 1181 2251 ἀπογεγραμμένων
1231 2185 1301 2239 ἐν
1351 2190 1646 2256 οὐρανοῖς.
1679 2179 1905 2263 ’Ταύτης

317 2259 422 2318 οὖν
454 2268 550 2336 τῆς
587 2269 828 2340 μεγάλης
856 2273 1060 2338 πόλεως
1090 2276 1185 2329 τοῦ
1218 2277 1352 2331 Θεοῦ
1395 2279 1558 2335 εἰκὼν
1594 2285 1691 2353 μὲν
1717 2298 1804 2357 ε;η
1837 2259 1902 2339 ἄν

319 2356 360 2428 ἡ
409 2357 499 2410 ἐπὶ
546 2359 648 2430 γῆς
686 2361 978 2436 Ἐκκλησία
1009 2367 1104 2421 τοῦ
1137 2369 1306 2423 Geo-3°
1350 2371 1420 2426 τὰ
1457 2373 1514 2428 δὲ
1556 2377 1901 2448 στηρίγματα

315 2449 497 2522 αὐτῆς
545 2453 638 2506 καὶ
687 2453 943 2524 θεμέλιοι,
975 2459 1024 2512 οἱ
1072 2461 1130 2514 ἐν
1176 2463 1285 2526 τοῖς
1328 2465 1738 2537 ἀποδεδομένας
1766 2473 1900 2542 ἡμῖν

317 2542 502 2610 ἁγίοις
529 2545 710 2617 ὄρεσιν
732 2549 1117 2621 ὑφεστήκασιν·
1147 2556 1204 2608 αἱ
1231 2557 1288 2611 δὲ
1314 2558 1509 2614 εἴσοδοι
1541 2562 1636 2616 καὶ
1663 2564 1720 2616 αἱ
1745 2562 1897 2634 πρῶ-

315 2649 414 2686 ται
462 2637 827 2707 στοιχειώσεις
881 2643 1052 2715 αὐτῆς
1099 2647 1313 2719 ἐκείνης
1354 2651 1455 2720 τῆς
1493 2652 1898 2725 οὐρανοπόλεως

314 2723 558 2778 ἐνταῦθα
589 2729 913 2798 τυγχάνουσι
965 2735 1093 2806 παρ’
1119 2738 1490 2813 ήμῖν.”Ασπερ
1535 2723 1772 2809 είσόδους
1802 2746 1896 2799 καὶ

312 2816 630 2886 εἰσαγωγὰς
658 2820 752 2874 τοῦ
786 2821 1070 2890 θεοσεϐοῦς
1101 2828 1492 2902 πολιτεύματος
1543 2834 1717 2900 πύλας
1763 2837 1895 2891 ὠνό-

317 2921 467 2973 μασε
489 2907 625 2962 Σιὼν
648 2910 844 2980 ὁλὸγος
883 2915 1106 2984 φάσκων
1123 2935 1137 2950 ο
1185 2919 1400 2990 Ἀγαπᾷ
1421 2925 1636 2991 Κύριος
1665 2926 1771 2992 τὰς
1788 2928 1895 2981 πύ-

311 3001 437 3063 λας
494 2999 649 3054 Σιὼν
717 3003 868 3072 ὑπὲρ
921 3006 1117 3062 πάντα
1168 3011 1240 3064 τὰ
1285 3013 1644 3084 σκηνώματα
1677 3019 1888 3075 Ἰακώϐ.

318 3087 665 3178 Σκηνώματα
689 3091 745 3146 δὲ
783 3095 973 3149 Ἰακὼὸ
1002 3099 1058 3150 al
1093 3100 1378 3156 Ἰουδαικαὶ
1421 3107 1763 3178 παραδόσεις,
1795 3113 1887 3166 καὶ

2003 2009 2390 2076 primitivorum
2439 2008 2530 2078 qui
2581 2007 2832 2076 descripti
2877 2017 3001 2061 sunt
3040 2009 3094 2061 in
3134 2007 3276 2061 ca'lis
3299 2005 3365 2062 ⁸⁸.
3397 2004 3574 2075 Hujus

2003 2108 2186 2170 itaque
2233 2115 2444 2170 magna:
2491 2099 2584 2155 Dei
2641 2100 2878 2155 civitatis
2907 2099 3086 2170 imago
3131 2096 3294 2153 fuerit
3329 2095 3574 2152 Ecclesia

2004 2189 2120 2259 Dei,
2155 2207 2278 2262 quae
2303 2199 2388 2248 est
2415 2192 2469 2246 in
2499 2199 2676 2260 terra;
2721 2191 2893 2246 fulcra
2921 2200 3100 2247 autem
3123 2198 3178 2247 et
3215 2189 3570 2244 fundamenta

1998 2285 2120 2352 ejus
2149 2301 2212 2340 ea
2259 2291 2410 2348 sunt,
2437 2300 2559 2354 qua)
2597 2289 2852 2356 superius
2883 2303 2978 2358 per
3008 2293 3220 2342 montes
3253 2291 3474 2340 sanctos
3501 2284 3590 2338 eis

1997 2374 2242 2444 gniﬁcari
2281 2374 2642 2444 tradidimus;
2674 2377 2957 2448 ingressus
2983 2387 3162 2433 autem
3183 2383 3238 2433 et
3263 2377 3418 2447 primi
3451 2375 3570 2431 adi-

1999 2476 2088 2523 tus
2118 2467 2358 2522 cmlestis
2392 2459 2542 2524 illius
2571 2469 2808 2525 civitatis
2857 2470 3001 2541 apud
3031 2486 3134 2526 nos
3167 2476 3314 2525 sunt.
3351 2468 3454 2535 Qui
3484 2469 3569 2522 in-

1994 2573 2218 2628 gressus
2244 2567 2300 2614 et
2325 2559 2508 2616 aditus
2529 2560 2596 2614 ad
2624 2562 2938 2632 religiosum
2972 2562 3104 2617 illud
3125 2563 3458 2625 institutum,
3477 2562 3568 2617 hic

1997 2658 2167 2721 porta:
2199 2650 2332 2706 Sion
2355 2662 2640 2717 vocantur,
2673 2669 2797 2709 cum
2816 2653 3018 2710 dicitur
3045 2673 3059 2710 :
3093 2654 3279 2726 Diligit
3305 2654 3565 2709 Dominus

1994 2751 2175 2810 portas
2222 2743 2357 2799 Sion
2406 2762 2564 2816 super
2613 2747 2793 2800 omnia
2849 2746 3192 2801 tabernacula
3242 2745 3430 2820 Iacob.
3461 2745 3564 2802 Hic

1992 2843 2176 2890 autem
2201 2835 2332 2890 mihi
2366 2852 2460 2906 per
2491 2837 2581 2891 illa
2605 2837 2956 2892 tabernacula
2983 2837 3173 2903 Iacob,
3191 2837 3430 2895 Judaicas
3449 2847 3563 2893 tra-

1992 2925 2228 2982 ditiones
2256 2934 2309 2982 et
2338 2926 2563 2984 Mosaici
2595 2929 2908 2999 corporales
2944 2930 3126 2986 cultus
3155 2930 3450 3002 signiﬁcari
3475 2932 3560 2986 vi-

1991 3018 2191 3076 dentur
2234 3038 2249 3075 :
2295 3022 2497 3092 quibus
2553 3025 2961 3094 praestantiores
3011 3025 3154 3096 apud
3208 3026 3377 3083 Deum
3432 3036 3562 3084 sunt

1993 3121 2162 3180 porta:
2195 3110 2347 3176 Sion,
2396 3112 2449 3167 id
2483 3122 2587 3180 est,
2619 3114 2900 3184 ingressus
2937 3123 2992 3171 ct
3021 3116 3201 3172 aditus
3230 3117 3295 3171 ad
3329 3132 3556 3187 regnum

310 3176 377 3230 αἱ
408 3179 546 3231 κατὰ
576 3181 852 3246 Μωῦσέως
870 3189 1194 3279 ασωματικαὶ
1225 3176 1511 3262 θρησκείαι
1539 3197 1772 3254 ἐνταῦθά
1803 3219 1867 3272 μο

1993 3176 2237 3266 cmleste,
2278 3203 2334 3258 in
2389 3176 2630 3261 Ecclesia
2674 3176 2923 3263 stabiliti.
2958 3206 3016 3262 ln
3049 3223 3113 3264 ea
3154 3176 3420 3279 namque"
3440 3210 3558 3265 sola

306 3267 531 3365 δοκοῦσι
557 3269 834 3340 λέγεσθαι’
862 3269 937 3330 ὧν
966 3283 1352 3354 προτιμότεραι
1378 3289 1700 3358 τυγχάνουσι
1734 3267 1884 3365 παρὰ

307 3357 396 3428 τῷ
422 3358 541 3430 Θεῷ
582 3363 638 3415 al
673 3364 835 3418 πύλαι
863 3367 962 3438 τῆς
987 3367 1145 3432 Σιὼν,
1176 3373 1451 3428 τουτέστιν
1479 3357 1533 3430 αἱ
1562 3379 1754 3434 εἴσοδοι
1791 3357 1886 3438 καὶ

303 3453 615 3542 είσιίγωγαὶ
640 3455 740 3524 τῆς
761 3457 1083 3528 ἐπουρανίου
1117 3462 1388 3533 βασιλείας
1419 3469 1512 3522 ἐπὶ
1535 3471 1634 3542 τῆς
1665 3474 1884 3542 Ἐκκλη-

308 3525 760 3635 σίαξὶδρυμέναι.
780 3546 866 3600 Ἐν
889 3525 1024 3623 μόνῃ
1043 3525 1150 3624 γὰρ
1171 3554 1340 3627 ταύτῃ
1365 3525 1883 3635 κηρύσσεται

302 3631 555 3702 οὐρανῶν
584 3633 859 3704 βασιλεία,
890 3640 985 3692 καὶ
1031 3642 1124 3694 τοῦ
1173 3647 1437 3717 σωτηρίου
1464 3665 1525 3717 γε
1555 3652 1880 3722 Εὑαγγελίου

301 3721 336 3772 ὁ
385 3724 491 3785 πᾶς
534 3725 731 3791 σκοπὸς
757 3729 933 3781 ἐκεῖσε
969 3729 1345 3800 βλέπει.Ἐπεὶ
1380 3740 1473 3792 καὶ
1518 3743 1573 3794 al
1626 3721 1881 3815 σωτήριοι

302 3815 654 3883 ἐπαγγελίαι,
697 3821 790 3873 καὶ
816 3820 875 3874 τὸ
897 3823 1247 3890 εύαγγελικὸν
1272 3829 1551 3900 κήρυγμα,
1587 3833 1680 3887 καὶ
1708 3837 1740 3906 ἡ
1773 3840 1877 3891 πᾶ-

303 3921 381 3998 σα
412 3905 566 3970 ἐλπὶς
592 3908 687 3962 τοῦ
721 3911 861 3965 κατὰ
887 3915 1116 3985 Χριστὸν
1150 3918 1560 3990 πολιτεύματος,
1583 3926 1682 3996 τὴν
1728 3905 1879 3998 βασι-

300 3988 456 4047 λείαν
479 3995 585 4049 τῶν
603 3998 846 4069 οὐρανῶν
870 4004 991 4074 ὁρᾷ.
1011 4004 1322 4077 Γέγραπται
1345 3988 1494 4078 γοῦν,
1515 4013 1595 4066 ὅτι
1620 3988 1878 4088 ἐκήρυξεν

298 4085 332 4137 ὁ
359 4086 566 4178 -Σιιηὴρ
595 4088 768 4158 λέγων
788 4106 805 4124 ⁸
839 4093 1112 4163 Ἤγγικεν
1141 4098 1178 4165 ri
1212 4099 1502 4162 ,βασιλειά
1539 4105 1658 4158 τῶν
1702 4085 1876 4178 οὐρα-

296 4175 447 4230 νῶν.
466 4178 796 4253 Ἐμακάριζὲ
836 4201 896 4238 τε
941 4188 1066 4251 τοὺς
1098 4189 1279 4256 ἀξίους
1303 4192 1412 4246 τῶν
1454 4197 1668 4252 οἰκείων
1696 4218 1875 4272 μακα-

295 4267 544 4362 ρισμῶν,
579 4272 1044 4362 ἐπαγγελλόμενος
1087 4281 1268 4346 αὐτοῖς
1295 4283 1567 4353 βασιλείαν
1592 4267 1834 4362 οὐρανῶν
1857 4312 1870 4324 ·

294 4356 438 4409 ἀλλὰ
467 4360 559 4412 καὶ
585 4361 861 4417 ἐδίδασκεν
887 4365 1140 4438 εὔχεσθαι
1166 4373 1292 4437 τοὺς
1319 4375 1482 4430 αὐτοῦ
1509 4356 1753 4452 μαθητὰς
1779 4386 1873 4438 καὶ

293 4448 403 4518 τὴν
430 4450 536 4502 τῶν
565 4453 810 4520 οὐρανῶν
826 4452 1112 4527 ’βασιλείαν
1137 4461 1461 4526 ἐξαιτεῖσθαι
1490 4470 1791 4538 φάσκοντας
1813 4476 1870 4528 ἐν

292 4539 366 4610 τῇ
394 4545 699 4614 προσευχῇ·
727 4546 1042 4614 Γενηθήτω
1064 4549 1132 4603 τὸ
1167 4553 1393 4623 θέλημά
1417 4572 1555 4620 σου,
1585 4561 1801 4616 ἐλθέτω
1830 4565 1868 4633 ἡ
1902 4541 1946 4595 D

283 4632 580 4694 βασιλεία
609 4651 744 4690 σου.
769 4637 1005 4704 Εἰκότως
1029 4642 1205 4697 τοίνυν
1227 4646 1402 4700 πάντα
1425 4649 1495 4703 τά
1524 4651 1746 4708 τοιαῦτα
1767 4632 1869 4709 uti?

289 4723 389 4776 λαι
413 4725 514 4794 τῆς
535 4725 644 4779 τῶν
669 4728 910 4800 οὐρανῶν
942 4731 1217 4802 βασιλείας
1233 4735 1646 4812 ὠνομάσθησαν,
1673 4747 1867 4802 εἴσοδοί

289 4831 442 4879 τινες
475 4817 568 4870 καὶ
584 4820 884 4890 είσαγωγαὶ
908 4825 1268 4896 τυγχάνουσαι
1289 4830 1388 4901 τῆς
1413 4832 1589 4887 ἐκεῖσε
1618 4838 1861 4908 πορείας.

303 4905 522 4980 ’ᾼγαπᾷ
567 4911 746 4966 τοίνυν
795 4913 997 4980 ταύτας
1047 4917 1146 4983 τὰς
1197 4921 1370 4985 πύλας
1410 4924 1508 4994 τῆς
1539 4927 1858 5000 ἐπουρανίου

287 4999 434 5054 Σιων
467 5001 608 5073 ὑπὲρ
653 5002 752 5068 τὰς
794 5006 1026 5077 νομικὰς
1056 5011 1148 5063 καὶ
1182 5012 1477 5079 ἰουδαῖκάς
1517 4999 1856 5089 συναγωγάς,

290 5091 476 5163 ἇσπερ
501 5092 749 5164 ὠνόμασε
775 5097 1103 5169 σκηνώματα
1138 5102 1350 5160 Ἰακώϐ.
1381 5106 1547 5160 Οὐδὲν
1574 5109 1702 5176 γοῦν
1729 5114 1858 5184 παρ’

284 5185 524 5247 ἐκείνοις
550 5187 678 5263 περὶ
712 5186 810 5258 τῆς
848 5189 1171 5261 ἐπουρανίου
1203 5194 1409 5259 πόλεως
1448 5198 1540 5252 τοῦ
1565 5199 1697 5254 Θεοῦ
1728 5220 1860 5273 μνη·

283 5274 596 5345 μονεύεται,
625 5277 745 5331 οὑδέ
769 5294 852 5344 τις
878 5281 1058 5345 αὐτοῖς
1089 5286 1287 5350 σκοπὸς
1322 5274 1447 5359 περὶ
1475 5289 1750 5360 βασιλείας
1778 5294 1859 5346 οὐ·

288 5368 471 5438 εανῶν
513 5368 874 5437 ἕνεστι,κάτω
903 5374 959 5427 δὲ
997 5375 1066 5428 δι’
1093 5375 1213 5430 ὅλου
1245 5380 1554 5446 νενευκότες
1581 5383 1679 5446 τὰς
1706 5384 1858 5438 ἐλπί-

1987 3292 2313 3362 praedicatur
2367 3312 2593 3366 regnum
2652 3299 2916 3352 caelorum
2955 3318 2968 3353 :
3001 3308 3256 3370 totusque
3298 3302 3568 3357 salutaris

1984 3383 2262 3455 Evangelii
2320 3401 2518 3457 scapus
2564 3403 2631 3442 eo
2674 3389 2915 3460 respicit.
2971 3389 3248 3461 Siquidem
3291 3393 3553 3447 salutaria

1983 3474 2277 3543 promissa,
2313 3477 2622 3547 evangelica
2653 3479 2990 3550 praedicatio,
3009 3489 3232 3554 totaque
3255 3481 3555 3540 Christiani

1984 3565 2220 3621 instituti
2245 3583 2392 3640 spes,
2423 3585 2647 3640 regnum
2677 3572 2938 3627 cmlorum
2974 3584 3241 3644 spectant.
3277 3574 3551 3646 Scriptura

1981 3673 2065 3715 est
2115 3659 2260 3714 enim
2311 3659 2424 3715 haec
2474 3664 2801 3731 praedicasse
2840 3665 3175 3721 Salvatorem
3207 3683 3220 3718 :
3251 3666 3553 3736 Appropin-

1978 3750 2156 3818 quavit
2172 3766 2384 3820 regnum
2407 3753 2749 3822 caelorum";
2782 3757 3003 3826 ipseque
3032 3757 3217 3813 beatos
3241 3761 3550 3827 przedicavit

1979 3857 2074 3896 eos
2113 3843 2206 3912 qui
2253 3845 2472 3914 propria
2512 3846 2616 3900 sibi
2653 3847 2989 3903 beatitudine
3023 3848 3172 3920 digni
3208 3857 3358 3916 sunt,
3384 3851 3550 3922 ipsis-

1977 3945 2084 4000 que
2121 3948 2346 4004 regnum
2380 3938 2643 3990 ccelorum
2675 3939 2949 4007 pollicitus
2986 3949 3107 4007 est;
3130 3941 3242 3995 imo
3269 3941 3433 3998 etiam
3464 3942 3552 3998 di-

1978 4023 2219 4093 scipulos
2252 4040 2383 4080 suos
2407 4028 2664 4096 precandi
2697 4037 2751 4085 et
2781 4046 3007 4101 regnum
3038 4033 3298 4088 ccelorum
3328 4035 3559 4104 petendi-

1977 4115 2196 4168 modum
2239 4115 2479 4183 edocuit,
2511 4119 2652 4174 hanc
2691 4122 2959 4177 orationis
3007 4123 3236 4178 formam
3281 4125 3542 4180 tradens:

1977 4201 2104 4257 Fiat
2147 4205 2388 4260 voluntas
2443 4216 2553 4271 tua,
2604 4207 2847 4264 adveniat
2892 4228 3110 4283 regnum
3150 4216 3381 4270 tuum“.
3413 4213 3548 4271 Jure

1973 4309 2104 4366 ergo
2137 4297 2250 4352 haec
2283 4299 2464 4353 omnia
2495 4308 2664 4370 portae
2692 4303 2842 4374 regni
2882 4306 3147 4360 caelorum
3173 4314 3361 4362 vocata
3394 4321 3542 4373 sunt,

1974 4395 2158 4455 utpote
2193 4389 2475 4460 ingressus
2497 4391 2787 4463 aditusque
2822 4395 3038 4451 itineris
3072 4395 3167 4450 illo
3195 4397 3539 4453 instituendi.

1973 4476 2158 4548 Diligit
2209 4495 2338 4552 ergo
2379 4481 2644 4540 Dominus
2705 4487 2804 4542 has
2857 4487 3099 4543 caelestis
3130 4487 3313 4544 Sionis
3355 4499 3541 4559 portas

1973 4569 2096 4640 plus
2152 4585 2315 4640 quam
2375 4586 2566 4628 omnes
2606 4573 2808 4640 legales
2839 4583 2895 4630 et
2927 4574 3186 4632 Judaicas
3214 4593 3538 4650 synagogas,

1970 4674 2108 4730 quas
2159 4661 2516 4717 tabernacula
2561 4662 2732 4720 Jacob
2775 4666 3086 4736 appellavit.
3123 4666 3278 4739 Apud
3320 4668 3541 4728 Iudaeos

1967 4754 2114 4804 enim
2156 4753 2396 4808 caelestis
2435 4754 2525 4807 illa
2562 4754 2657 4811 Dei
2686 4756 2880 4812 civitas
2911 4757 3228 4815 nullatenus
3265 4775 3537 4818 memora-

1968 4847 2077 4904 tur,
2103 4856 2280 4912 neque
2299 4859 2398 4912 pro
2425 4859 2594 4916 secpo
2620 4846 2821 4903 habent
2845 4847 2949 4918 ipsi
2980 4863 3205 4920 regnum
3233 4852 3534 4920 oculorum;

1966 4933 2062 4988 sed
2090 4934 2344 4992 deorsum
2391 4939 2569 5008 proni,
2599 4940 2653 4994 in
2688 4946 2834 4994 terra
2880 4957 3030 5010 spem
3066 4942 3286 5008 habent,
3321 4953 3376 5000 et
3404 4961 3535 5015 pro-

1966 5027 2135 5082 missa
2191 5029 2297 5084 sibi
2346 5029 2474 5085 data
2509 5031 2607 5087 hic
2638 5040 2960 5102 exspectant
2989 5053 3002 5089 :
3034 5050 3203 5105 quare
3229 5044 3399 5106 porta:
3431 5037 3538 5092 illa:

1965 5117 2206 5173 caelestis
2247 5117 2398 5182 Sion,
2429 5135 2565 5191 quas
2595 5137 2756 5191 supra
2791 5122 3214 5188 declaravimus,
3241 5126 3446 5194 majore
3476 5127 3533 5181 in

1965 5210 2140 5278 pretio
2188 5211 2332 5281 apud
2387 5211 2554 5268 Deum
2632 5213 2922 5280 habentur,
2961 5232 3122 5286 quam
3182 5217 3531 5275 tabernacula

1961 5295 2150 5353 Jacob.
2170 5299 2339 5369 Cujus
2362 5300 2546 5358 Sionis
2570 5303 2921 5360 fundamenta
2956 5323 3064 5361 non
3093 5307 3181 5362 hic
3203 5315 3256 5362 et
3281 5309 3336 5364 in
3358 5315 3528 5374 terra,

1959 5387 2151 5443 humili
2200 5390 2319 5445 loco
2357 5391 2533 5460 posita
2559 5401 2722 5460 sunt,
2756 5395 2850 5451 sed
2882 5397 2936 5451 in
2970 5399 3249 5455 montibus
3291 5399 3524 5465 sanctis,

279 5459 383 5523 δας
409 5461 502 5513 ἐπὶ
523 5462 624 5532 γῆς
648 5462 827 5534 ἔχουσι
847 5505 864 5530 ,
895 5468 989 5520 καὶ
1026 5468 1122 5532 τὰς
1147 5472 1477 5540 ἐπαγγελίας
1495 5474 1730 5530 ἐνταῦθά
1750 5494 1852 5531 που

1997 5480 2035 5533 ti
2063 5496 2228 5542 supra
2265 5459 2680 5552 explicavimus.

277 5553 636 5622 προσσωκῶσι
655 5572 670 5584 '
707 5555 786 5610 διὸ
813 5560 1200 5634 προτιμότεραι
1230 5564 1381 5635 παρά
1404 5563 1480 5636 τῷ
1509 5566 1627 5638 Θεῷ
1656 5569 1976 5638 τυγχάνουσι
2002 5571 2111 5625 τῶν
2160 5573 2528 5644 σκηνωμάτων
2560 5576 2752 5630 Ἰακὼϐ
2799 5581 2854 5631 αἱ
2913 5579 3336 5650 προδηλωθεῖσαι
3391 5581 3524 5652 ἡμῖν

349 5706 395 5736 τ’
438 5703 639 5776 Ephes.
676 5725 748 5774 ιι,
780 5710 868 5764 ‘20.
947 5711 991 5746 "
1031 5713 1148 5770 Gal.
1189 5731 1263 5782 tv,
1296 5717 1386 5773 ἓθ.
1465 5720 1505 5752 ³¹
1549 5719 1710 5779 Hebr.
1747 5738 1854 5789 sn,
1885 5725 1994 5792 '22,
2026 5725 2115 5782 23.
2192 5729 2235 5759 “
2278 5725 2465 5782 Matth.
2503 5746 2534 5784 ι
2562 5769 2577 5796 ,
2617 5731 2666 5786 7.
2745 5733 2787 5763 ⁸³
2828 5731 3017 5789 Matth.
3051 5751 3135 5804 νι,
3179 5737 3273 5792 ιο..
