3798 6282
220 322 368 381 iii-£9

1382 332 1893 390 COMMENTARIA
1932 333 1997 390 IN
2026 333 2347 391 PSALMOS

3318 345 3458 402 £050

212 440 406 529 τέχθαι
439 440 555 493 ἐκεῖ
585 438 837 509 φάσκων,
873 437 1166 511 παρίστησι
1196 440 1295 513 τὴν
1325 444 1380 496 ὲν
1408 444 1485 514 τῷ
1517 445 1778 518 ἀνθρώπῳ

1891 446 1999 501 illic
2032 455 2214 499 natum
2243 448 2393 510 dicit,
2424 442 2515 503 Diri
2552 450 2707 506 V'crli
2736 453 2787 507 in
2814 452 3033 507 homine
3064 453 3454 510 habitationem

212 531 309 584 τοῦ
344 530 481 583 Θεοῦ
508 530 681 599 Λόγου
713 531 1045 601 κατοίκησιν.
1085 533 1294 605 ’Ὠσπερ
1314 534 1471 607 γὰρὴ
1505 536 1661 598 Σιὼν,
1691 540 1786 591 πό-

213 620 300 684 λις
335 616 467 675 οὖσα
493 620 587 675 τοῦ
620 621 753 674 Θεοῦ
774 662 787 687 ,
827 620 976 694 χώρα
1002 623 1254 693 τυγχάνει
1285 625 1378 679 τοῦ
1412 627 1691 698 τεχθέντος
1728 631 1785 681 έν

213 716 351 785 αὐτῇ
386 713 608 785 ἀνδρὸς,
642 714 782 770 οῦτω
830 717 926 779 καὶ
968 717 1130 781 αὐτὸς
1162 718 1189 770 6
1227 719 1363 792 ἀνὴρ
1396 718 1545 792 χώρα
1578 721 1785 789 γίνεται

214 809 311 861 καὶ
344 808 543 877 δοχείον
574 808 667 861 τοῦ
692 810 750 861 ὲν
778 808 924 881 αὐτῷ
948 811 1293 883 γεννηθέντος
1317 812 1451 866 Θεοῦ
1486 814 1681 882 Λόγου,
1709 813 1785 877 ὡς

206 900 274 951 -ὲν
301 898 429 970 ἱερῷ
461 897 598 969 ἁγίῳ
621 900 713 952 κα)⁸
737 899 869 971 ναῷ,
900 901 1097 972 μᾶλλον
1126 904 1182 957 δὲ
1205 902 1281 967 ὡς
1314 905 1370 957 ὲν
1392 904 1662 976 ἀγάλματι
1690 905 1785 958 καὶ

213 992 405 1063 δοχείῳ
426 991 523 1062 τῆς
542 990 703 1045 αὐτοῦ
725 991 972 1063 θεότητος
990 995 1048 1047 ὲν
1072 994 1219 1066 αὐτῷ
1244 998 1643 1067 κατῳκηκότος.
1674 998 1784 1050 Καὶ

216 1082 389 1153 ταῦτα
419 1083 474 1136 δὲ
500 1083 808 1152 ἀναγκαίως
834 1085 862 1136 6
880 1085 1049 1153 Λόγος
1080 1086 1313 1153 ἐδίδαξεν
1340 1089 1416 1150 εἰς
1449 1088 1507 1141 τὸ
1539 1087 1783 1157 γνωσθῆ-

218 1192 307 1227 ναι
340 1175 457 1237 πῶς
484 1174 765 1244 ἀλλόφυλοι
792 1176 886 1229 καὶ
914 1176 1087 1249 Τύρος
1115 1179 1206 1232 καὶ
1226 1178 1351 1242 λαὸς
1380 1178 1649 1232 Αἰθιόπων
1672 1180 1785 1247 ἐγε-

213 1268 452 1339 νήθησαν
472 1269 529 1321 ἐν
550 1271 615 1339 τῇ
635 1267 729 1321 τοῦ
750 1268 882 1330 Θεοῦ
908 1271 1079 1335 πόλει,
1103 1271 1196 1324 καὶ
1215 1272 1500 1341 γεγόνασιν
1522 1273 1628 1325 υἱοὶ
1647 1272 1781 1325 Θεοῦ

210 1361 300 1415 διὰ
323 1361 420 1432 τῆς
444 1366 572 1433 παρ’
596 1360 744 1433 αὑτῷ
764 1363 1382 1435 άναγεννήσεως.”οπως
1401 1364 1508 1435 γὰρ
1528 1364 1621 1418 καὶ
1644 1364 1782 1418 κατὰ

209 1456 332 1510 τίνα
374 1456 574 1528 τρόπον
611 1457 644 1528 ἡ
673 1456 905 1529 τοσαύτη
937 1459 1017 1522 εἰς
1055 1459 1314 1529 οὐρανοὺς
1342 1459 1565 1531 ἐξεχύθη
1601 1461 1778 1531 χάρις,

210 1547 553 1619 παρέστησεν
585 1548 754 1603 εἰπὼν
779 1550 847 1603 τὰ
879 1551 1020 1604 κατὰ
1040 1532 1133 1604 ’τὸν
1166 1551 1331 1623 ἄνδρα
1346 1551 1436 1604 τὸν
1451 1552 1780 1622 γεννηθέντα

204 1636 352 1700 ἐκεῖ,
391 1636 483 1691 καὶ
512 1637 602 1691 τὸν
636 1638 694 1690 ὲν
718 1637 795 1709 τῷ
825 1638 980 1710 ἀνδρὶ
1010 1639 1171 1694 πάλιν
1196 1640 1523 1711 γεννηθέντα
1556 1639 1775 1711 Κύριον.

205 1727 302 1793 Οἷς
322 1730 522 1784 ἅπασιν
546 1730 782 1800 ἐπιλέγει
810 1731 892 1797 τὸ,
926 1732 1018 1797 Ὠς
1042 1732 1518 1802 εὐφραινομένων
1537 1732 1779 1785 πάντων

1885 537 2142 591 declarat.
2176 537 2642 603 Quemadmodum
2690 544 2832 596 enim
2887 544 3056 609 Sion,
3091 561 3209 613 qua:
3260 548 3455 601 civitas

1887 624 1979 679 Dei
2019 636 2122 689 est,
2155 629 2305 683 locus
2327 638 2410 683 est
2439 630 2535 684 viri
2566 632 2619 685 in
2650 647 2711 686 ea
2740 634 2881 698 nati;
2937 636 3009 687 ita
3042 635 3157 705 ipse
3188 638 3270 689 vir
3302 638 3454 693 locus

1884 715 2113 769 ellicitur
2142 728 2194 771 et
2230 722 2629 788 receptaculum
2662 720 2751 776 Dei
2782 721 2943 778 Verbi
2981 725 3035 777 in
3063 742 3121 780 se
3156 728 3264 781 natl
3288 768 3302 790 ,
3357 730 3453 799 qui

1883 811 2039 879 quasi
2072 811 2125 865 in
2155 812 2273 867 loco
2298 828 2457 867 sacro
2495 821 2550 869 et
2584 814 2638 868 in
2680 815 2905 884 templo,
2942 817 3049 872 imo
3085 820 3265 888 potius
3294 824 3454 892 quasi

1883 903 1936 957 in
1973 910 2149 957 statua
2178 912 2233 957 et
2271 905 2614 975 receptaculo
2654 905 2875 961 deitatis
2900 923 3033 973 suae,
3065 910 3117 964 in
3145 912 3263 981 ipso
3296 913 3453 968 babi-

1882 1004 1978 1050 tat.
2013 996 2077 1052 Et
2114 997 2228 1052 haec
2274 1000 2583 1054 necessario
2642 998 2800 1055 docet
2860 1000 2976 1055 haec
3016 1000 3339 1075 Scriptura,
3391 1012 3455 1061 ut

1883 1098 2069 1143 notum
2114 1090 2185 1143 sit
2232 1106 2335 1160 qua
2372 1091 2583 1145 ratione
2624 1091 2939 1163 alienigenae
2974 1102 3028 1148 et
3062 1094 3238 1167 Tyrus
3267 1109 3320 1153 et
3347 1114 3450 1169 po-

1883 1181 2043 1249 pulus
2076 1179 2388 1251 Ethiopum
2425 1182 2478 1235 in
2514 1182 2733 1237 civitate
2789 1182 2882 1239 Dei
2934 1185 3059 1241 facti
3115 1188 3335 1253 fuerint,
3397 1198 3454 1245 et

1884 1267 1977 1321 ﬁlii
2011 1266 2106 1321 Dei
2165 1284 2260 1338 per
2300 1270 2763 1335 regenerationem
2800 1270 2876 1325 ibi
2921 1280 3197 1342 acceptam
3232 1276 3342 1329 sint
3380 1276 3459 1331 ef-

1882 1358 2026 1414 fecti.
2057 1359 2191 1416 Nam
2219 1378 2324 1431 qua
2358 1362 2567 1418 ratione
2596 1370 2747 1417 tanta
2789 1363 2844 1417 in
2878 1365 3035 1420 caelis
3070 1367 3244 1437 gratia
3280 1369 3452 1423 ell‘nsa

1881 1453 1969 1517 sit,
2008 1452 2186 1510 allatis
2221 1456 2284 1510 iis
2317 1470 2437 1525 qua:
2467 1454 2534 1508 ad
2568 1456 2743 1510 virum
2787 1473 2853 1512 eo
2880 1458 2935 1512 in
2969 1458 3086 1512 loco
3119 1459 3356 1523 editum,
3400 1469 3457 1514 et

1880 1545 1944 1599 ad
1979 1544 2264 1600 Dominum
2298 1548 2423 1613 item
2474 1548 2527 1603 in
2576 1548 2889 1619 hujusmodi
2920 1551 3036 1605 viro
3066 1561 3252 1606 natum
3287 1552 3456 1622 perli-

1879 1646 2029 1699 nent,
2061 1648 2247 1708 aperte
2276 1638 2540 1695 declarat.
2601 1640 2814 1706 Quibus
2851 1644 3107 1699 omnibus
3159 1644 3345 1699 subdit
3395 1643 3457 1697 il-

1881 1729 1992 1785 lud.
2024 1763 2092 1771 —
2124 1730 2288 1788 Vens.
2318 1732 2369 1789 7.
2409 1732 2557 1787 Sicut
2597 1736 2892 1790 laetantium
2922 1739 3154 1791 omnium
3195 1738 3453 1795 habitatio

202 1818 242 1886 ἡ
288 1820 555 1873 κατοικία
588 1821 660 1875 ἐν
694 1821 825 1874 σοι’
881 1820 997 1874 ἀνθ’
1031 1815 1090 1876 οὗ
1126 1823 1154 1874 6
1198 1822 1297 1891 μὲν
1341 1821 1570 1885 Ἀκύλας
1620 1821 1772 1892 φησὶ,

1877 1830 1954 1875 est
1978 1821 2031 1874 in
2063 1829 2146 1886 te;
2184 1838 2283 1892 pro
2315 1839 2422 1893 quo
2449 1824 2644 1894 Aquila
2680 1825 2845 1891 dicit,
2899 1826 2966 1881 Et
3006 1837 3249 1884 canentes
3298 1831 3456 1900 quas;

201 1910 311 1965 Kal
352 1911 599 1979 ᾅδοντες
642 1913 724 1978 ὼς
760 1910 924 1981 χοροί
967 1911 1154 1967 πᾶσαι
1180 1912 1360 1981 πηγαί
1391 1913 1462 1967 ἐν
1493 1914 1593 1967 σοί
1614 1929 1629 1946 ο
1656 1914 1685 1965 ό
1717 1913 1773 1967 δὲ

200 2001 529 2073 Σύμμαχος,
578 2003 685 2058 Καὶ
722 2002 1076 2058 αὶνέσουσιν
1120 2005 1199 2070 ὡς
1230 2005 1299 2058 ἐν
1335 2006 1544 2072 αὐλοῖς
1586 2006 1776 2060 πᾶσαι

196 2095 260 2146 at
296 2094 476 2163 πηγαί
498 2096 566 2148 ὲν
593 2097 712 2149 σοί.
743 2092 908 2165 Οἶμαι
937 2095 995 2149 δὲ
1027 2096 1384 2167 σημαίνεσθαι
1420 2098 1512 2151 καὶ
1540 2096 1629 2150 διὰ
1656 2097 1776 2151 τού-

196 2204 306 2241 των
328 2189 428 2260 τὴν
460 2188 568 2241 τῶν
600 2187 805 2241 πιστῶν
828 2187 1101 2251 ἁπάντων,
1128 2186 1236 2240 τῶν
1264 2187 1327 2259 δὴ
1359 2188 1457 2258 τῆς
1487 2188 1651 2257 ἁγίας
1677 2188 1772 2242 τοῦ

196 2280 333 2333 Θεοῦ
363 2280 574 2344 πόλεως
589 2278 1166 2350 καταξιωθησομένων,
1199 2279 1617 2351 ἐπισυναγωγὴν
1638 2320 1653 2345 ,
1677 2280 1772 2334 καὶ

194 2372 296 2443 τὴν
326 2374 406 2437 είς
435 2372 531 2427 ἕνα
561 2371 719 2445 χορὸν
742 2369 1201 2426 ἀποκατάστασιν.
1250 2372 1340 2443 Τῷ
1364 2373 1471 2445 γάρ
1495 2371 1771 2441 λέγεσθαι,

196 2462 269 2516 ἐν
296 2464 395 2516 σοι
413 2504 428 2529 ,
462 2462 555 2517 τὸν
579 2463 745 2517 τόπον
775 2462 936 2517 πάλιν
969 2460 1254 2533 σημαίνειν
1286 2461 1652 2533 ὑπολαμϐάνω
1676 2462 1774 2534 τῆς

194 2551 289 2606 τοῦ
322 2553 457 2608 Θεοῦ
481 2554 687 2617 πόλεως
702 2570 716 2584 ο
738 2549 806 2625 ἦς
829 2553 877 2607 οἱ
907 2551 1005 2623 μὲν
1030 2551 1267 2624 θεμέλιοι
1292 2548 1434 2625 ἦσαν
1455 2556 1513 2608 ἐν
1531 2556 1642 2617 τοῖς
1660 2553 1775 2624 δρε-

198 2662 253 2698 σι
281 2646 396 2708 τοῖς
423 2644 630 2713 ἁγίοις,
667 2647 723 2700 αἱ
754 2645 812 2700 δὲ
856 2645 1018 2700 πύλαι
1050 2647 1145 2701 καὶ
1176 2650 1229 2701 αἱ
1268 2648 1460 2701 εἴσοδοι
1489 2647 1642 2702 κάτω
1667 2664 1770 2701 που

195 2735 293 2790 καὶ
326 2740 458 2807 παρ’
486 2740 617 2809 ἡμῖν
635 2757 648 2771 ο
676 2741 734 2794 ἐν
760 2740 900 2816 μέσῃ
931 2743 988 2796 δὲ
1008 2742 1143 2813 αὐτῇ
1176 2740 1377 2804 πάντες
1402 2740 1478 2804 ὡς
1506 2741 1564 2795 ὲν
1584 2740 1773 2813 χορείᾳ

192 2828 286 2882 καὶ
311 2828 545 2900 ἁρμονία
572 2828 691 2902 θείᾳ
717 2833 831 2902 μετ’
860 2831 1195 2903 εὐφροσύνης
1218 2829 1572 2905 συναγόμενοι
1596 2847 1771 2884 κατοι-

191 2920 383 2992 κήσειν
411 2922 860 2993 προφητεύονται.
899 2923 1039 2995 Ὅρα
1071 2923 1128 2976 δὲ
1158 2921 1278 2976 τίνα
1298 2922 1495 2994 τρόπον
1521 2923 1550 2975 6
1582 2920 1769 2992 παρὼν

189 3012 428 3084 ψαλμὺς,
458 3012 590 3067 Θεοῦ
620 3014 833 3083 γένεσιν
865 3014 1137 3080 θεσπίζων
1170 3014 1310 3069 κατὰ
1333 3014 1432 3086 τὴν
1463 3013 1769 3084 ἀνάγνωσιν

189 3102 294 3173 τῆς
307 3103 416 3157 τῶν
431 3103 827 3177 Ἐϐδομὴκοντα
849 3106 1164 3181 ἑρμηνείας,
1182 3105 1458 3179 ὲπέκρυψε
1482 3105 1542 3159 τὸ
1562 3107 1766 3179 μυστή-

190 3210 327 3267 ριον.
393 3194 465 3249 Τὸ
495 3196 640 3269 γάρ,
688 3198 904 3266 Κύριος
936 3198 1246 3267 ἀριθμήσει
1279 3197 1519 3269 γράφων
1539 3198 1757 3265 λαούς’

190 3282 383 3355 Οὗτος
413 3288 623 3358 ἐτέχθη
648 3290 805 3357 ἐκεῖ,
834 3290 973 3345 κατὰ
1002 3290 1296 3362 Σύμμαχον
1314 3309 1328 3322 ·
1360 3292 1393 3363 ἢ
1426 3293 1568 3347 κατὰ
1609 3292 1765 3346 Ἀκύ-

184 3379 287 3433 λαν
311 3420 326 3443 ,
375 3381 587 3449 Κύριος
624 3380 973 3451 διηγήσεται
1022 3384 1094 3438 ἐν
1134 3381 1214 3449 τῷ
1247 3381 1494 3454 τράφειν
1538 3384 1761 3450 λαούς*

188 3467 385 3537 οὗτος
406 3471 616 3542 ἐτέχθη
644 3473 796 3527 ἐκεῖο
826 3474 858 3545 ἦ
892 3474 1033 3529 κατὰ
1052 3474 1141 3529 τὸν
1170 3475 1517 3540 Θεοδοτίωνα,
1552 3476 1764 3545 Κύριος

182 3564 536 3634 διηγήσεται
554 3567 625 3620 ἐν
654 3565 851 3637 γραφῇ
879 3566 1069 3621 λαῶν’
1095 3563 1285 3634 Οὗτος
1303 3568 1592 3639 ἐγεννήθη
1616 3568 1760 3633 ἐκεῖ,

181 3654 247 3708 οὐ
289 3654 476 3709 τοῦτον
515 3658 853 3728 ἡρμήνευται
892 3659 1044 3731 παρὰ
1080 3662 1191 3723 τοῖς
1233 3658 1631 3730 Ἑϐδομήκοντα
1673 3658 1762 3712 τὸν

178 3747 420 3819 τρόπον’
453 3746 568 3801 ἀλλ’
599 3750 831 3821 εἴρηται,
867 3751 1085 3818 Κύριος
1102 3748 1450 3820 διηγήσεται
1478 3750 1548 3804 ἐν
1565 3749 1763 3821 γραφῇ

176 3836 351 3893 λαῶν
386 3838 484 3891 καί
517 3839 826 3909 ἀρχόντων
855 3842 1079 3895 τούτων
1112 3841 1233 3896 τῶν
1265 3841 1763 3918 γεγενημένωνὲν

174 3929 340 3998 αὐτῇ
359 3946 372 3960 ⁸
401 3930 820 4003 ἐπικρυψάντων
842 3971 857 3997 ,
897 3933 975 3997 ὡς
1022 3929 1175 4003 οἶμαι
1197 3972 1213 3996 ,
1246 3934 1345 4004 τὴν
1380 3933 1615 3986 διάνοιαν
1653 3932 1761 3986 τῶν

174 4021 282 4092 τὴν
311 4022 605 4093 ἑρμηνείαν
640 4023 1018 4096 πεποιημένων
1036 4063 1051 4088 ,
1078 4024 1165 4079 διά
1199 4024 1261 4078 τὸ
1288 4024 1495 4078 ἔθνεσιν
1525 4022 1758 4093 ἀλλοφύ-

173 4110 296 4177 λοις
323 4112 537 4183 μέλλειν
558 4115 855 4169 ἐκδίδοσθαι
884 4115 982 4186 τὴν
1008 4115 1229 4188 Γραφὴν
1253 4114 1393 4170 κατὰ
1417 4115 1542 4179 τοὺς
1564 4116 1761 4168 Πτολε-

174 4204 351 4276 μαίου
384 4205 629 4278 χρόνους,
655 4206 807 4260 οῠπω
832 4208 926 4261 τοῦ
956 4208 1206 4280 Σωτῆρος
1233 4208 1390 4280 ἡμῶν
1415 4207 1758 4279 ἐπιλάμψαν-

170 4314 274 4360 τος
313 4296 389 4369 τῷ
435 4297 552 4369 βίῳ.
595 4299 705 4352 Καὶ
738 4302 765 4353 6
799 4301 905 4363 πᾶς
934 4299 992 4353 δὲ
1024 4299 1234 4370 ψαλμὸς
1269 4300 1473 4371 σφόδρα
1503 4301 1754 4371 αἰνιγμα-

167 4386 357 4459 τώδης
381 4390 476 4444 καὶ
504 4389 790 4453 σκοτεινῶς
816 4391 1103 4463 εἰρημένος
1124 4391 1379 4461 τυγχάνει
1399 4430 1413 4455 ,
1445 4392 1756 4460 θεμελίους

1878 1914 2024 1970 cliori
2072 1932 2248 1970 omnes
2300 1916 2467 1985 fontes
2504 1919 2557 1972 in
2607 1930 2688 1982 te;
2747 1917 3110 1987 Symmachus
3162 1936 3325 1986 vero,
3384 1921 3450 1974 Et

1877 2006 2171 2061 laudabunt
2213 2010 2367 2077 quasi
2414 2010 2467 2062 in
2521 2009 2662 2062 tibiis
2695 2025 2871 2062 omnes
2918 2009 3089 2078 fontes
3129 2012 3181 2063 in
3228 2022 3297 2065 te.
3349 2011 3450 2067 llis

1875 2117 2037 2172 porro
2093 2100 2385 2171 signiﬁcari
2438 2102 2675 2155 arbitror
2728 2101 2967 2156 ﬁdelium
3005 2103 3292 2164 omnium,
3355 2104 3449 2173 qui

1872 2203 2063 2249 sancta
2087 2192 2182 2249 Dei
2206 2193 2423 2248 civitate
2451 2192 2689 2248 donandi
2739 2202 2888 2257 sunt,
2920 2203 3403 2263 congregationem
3428 2234 3451 2260 ,

1872 2295 2035 2356 atque
2058 2287 2115 2340 in
2145 2286 2373 2341 chorum
2407 2301 2574 2339 unum
2606 2284 3003 2340 reductionem.
3038 2283 3172 2338 Nam
3204 2300 3328 2339 cum
3363 2286 3450 2340 div-

1871 2378 2034 2444 citnr,
2059 2378 2115 2431 in
2150 2387 2218 2442 te,
2256 2377 2489 2431 indicari
2538 2377 2788 2447 suspicor
2819 2376 3061 2430 civitatis
3095 2374 3189 2431 Dei
3223 2376 3447 2442 locum,

1870 2470 2031 2540 cujus
2088 2469 2436 2525 fundamenta
2492 2469 2711 2540 quidem
2768 2470 2828 2522 in
2896 2469 3177 2525 montibus
3241 2470 3451 2527 sanctis

1869 2571 2051 2625 erant,
2080 2572 2250 2633 porta:
2274 2575 2403 2615 vero
2442 2571 2495 2614 et
2523 2559 2706 2615 aditus
2737 2559 2923 2613 inﬁmo
2974 2559 3029 2613 in
3065 2559 3188 2614 loco
3214 2567 3269 2615 et
3300 2560 3449 2631 apud

1868 2668 1971 2708 nos
1993 2653 2081 2708 siti
2110 2660 2230 2708 sunt
2268 2671 2282 2707 :
2315 2654 2367 2707 in
2400 2651 2579 2705 medio
2607 2658 2787 2705 autem
2821 2650 2989 2715 illius,
3028 2652 3187 2721 quasi
3225 2651 3281 2705 in
3314 2651 3447 2707 cho-

1868 2759 1960 2799 rea
1999 2755 2053 2798 et
2094 2753 2361 2800 concentu
2397 2744 2602 2805 divino,
2640 2742 2950 2813 congregati
3010 2742 3089 2797 illi
3146 2742 3443 2798 liabitaturi

1866 2851 1988 2891 esse
2015 2837 2468 2906 przenuntiantur.
2502 2834 2885 2889 Animadverte
2915 2849 3080 2904 porro
3098 2847 3203 2904 qua
3227 2834 3441 2890 ratione

1869 2926 1957 2981 hic
1989 2927 2255 2997 psalmus,
2288 2925 2380 2981 Dei
2406 2927 2811 2996 generationem
2866 2924 3173 2980 secundum
3207 2923 3439 2994 Septua-

1867 3019 2016 3090 ginta
2055 3017 2416 3089 lnterpretum
2451 3019 2735 3073 lectionem
2762 3018 3087 3082 vaticinans,
3119 3018 3439 3089 mysteriqu

1866 3110 2175 3168 occultarit.
2202 3108 2297 3164 llla
2326 3109 2469 3163 enim
2511 3108 2809 3165 secundum
2844 3108 3231 3180 Symmachum
3265 3108 3442 3178 expli-

1789 3180 1835 3242 c
1864 3202 2028 3269 catio,
2052 3202 2311 3256 Dominus
2343 3200 2641 3255 numerabit
2675 3201 2906 3255 scribens
2945 3200 3193 3270 populos,
3224 3199 3324 3253 llic
3342 3216 3443 3255 na-

1866 3304 1949 3348 tus
1976 3303 2053 3348 est
2087 3294 2198 3359 ibi;
2227 3295 2310 3349 vel
2336 3292 2633 3349 secundum
2661 3293 2935 3363 Aquilam,
2957 3292 3216 3347 Dominus
3246 3307 3440 3347 narra-

1866 3384 1937 3439 bit
1974 3386 2028 3439 in
2056 3385 2328 3440 scribendo
2352 3386 2592 3456 populos,
2630 3384 2732 3438 llic
2763 3394 2918 3438 natus
2971 3393 3049 3438 est
3096 3384 3201 3449 ibi;
3240 3384 3325 3439 vel
3354 3399 3439 3441 se-

1864 3475 2102 3529 cundum
2133 3474 2559 3530 Theodotionem
2585 3514 2600 3538 ,
2630 3474 2888 3528 Dominus
2934 3473 3175 3529 narrabit
3212 3475 3264 3529 in
3303 3476 3438 3530 seri-

1862 3576 2020 3635 ptura
2046 3567 2378 3635 populorum,
2404 3565 2501 3619 llic
2517 3577 2673 3619 natus
2696 3575 2771 3619 est
2796 3566 2908 3631 tibi,
2938 3580 3047 3620 non
3077 3566 3263 3621 eadem
3293 3566 3437 3636 apud

1863 3660 2005 3715 LXX
2027 3662 2329 3731 reperitur;
2383 3661 2477 3715 sed
2528 3660 2762 3723 dicitur,
2811 3659 3040 3713 Domino
3099 3657 3338 3710 narrabit
3381 3658 3436 3712 in

1862 3755 2125 3821 scriptura
2172 3756 2488 3823 populorum
2528 3762 2577 3806 et
2632 3753 2923 3822 principum
2977 3751 3159 3803 horum
3182 3750 3272 3818 qui
3322 3748 3439 3816 fue-

1862 3856 1986 3904 runt
2021 3848 2075 3900 in
2113 3861 2209 3909 ea;
2252 3847 2377 3916 quia
2403 3884 2419 3909 ,
2472 3852 2532 3899 ut
2578 3845 2837 3905 arbitror,
2887 3843 3215 3913 interpretes
3248 3856 3432 3895 veram

1861 3938 2187 3993 sententiam
2218 3936 2587 3999 occultarunt,
2618 3935 2764 4006 quod
2789 3934 2980 3989 alienis
3003 3932 3275 4004 gentibus.
3296 3941 3434 3987 tem-

1860 4044 1990 4100 pore
2013 4027 2320 4088 Ptolemaei.
2375 4026 2713 4097 Seripturam
2771 4025 3434 4103 interpretatnriessent,

1859 4137 1982 4177 cum
2022 4122 2263 4176 nondum
2301 4120 2556 4176 Servatur
2584 4128 2772 4175 noster
2809 4122 2863 4173 in
2910 4118 3113 4173 mundo
3150 4121 3439 4192 apparuit-

1860 4221 1963 4268 set.
2017 4212 2297 4283 Totusque
2329 4213 2572 4282 psalmus
2618 4210 2913 4266 admodum
2953 4208 3333 4284 :ertigmaticus
3381 4218 3438 4267 es

1856 4304 2128 4359 obscurus
2156 4315 2238 4359 est
2267 4321 2280 4357 :
2314 4304 2511 4375 quippe
2542 4290 2635 4373 qui
2681 4302 3028 4372 [αηιιιιηιειιιο
3056 4305 3168 4373 ejus
3192 4305 3358 4368 dicat,
3382 4320 3435 4358 eu.

1856 4398 1980 4467 quis
2004 4396 2074 4451 sit
2103 4396 2148 4451 is
2174 4394 2242 4450 de
2271 4410 2379 4464 quo
2404 4395 2645 4465 loquitur
2674 4402 2878 4463 taceat,
2896 4412 2997 4452 nec
3029 4397 3231 4452 indicet
3257 4397 3428 4459 illum;

166 4475 369 4530 αὑτοῦ
394 4475 567 4545 λέγων
599 4479 1048 4550 σεσιωπημένως,
1076 4482 1218 4544 τίνος
1241 4480 1286 4534 δ’
1332 4479 1498 4535 αὑτοῦ
1533 4481 1608 4553 μὴ
1634 4479 1753 4535 δια-

1866 4505 1923 4544 iIC
1947 4503 2162 4545 rursum
2200 4498 2412 4550 “IOIIICS
2446 4496 2669 4542 sanctos
2711 4496 2993 4555 memoret,
3016 4498 3309 4558 portasque
3342 4496 3429 4541 ιιι-

170 4566 400 4635 σαφῶν·
454 4568 548 4622 καὶ
593 4568 752 4623 πάλιν
793 4569 894 4641 ὅρη
937 4571 1067 4639 ᾰγια
1098 4570 1408 4643 ὀνομάζων,
1457 4571 1551 4625 καὶ
1583 4570 1755 4636 πύλας

1866 4580 2166 4636 bernaculis
2208 4578 2379 4634 Jacob
2412 4595 2443 4634 a
2478 4579 2707 4635 Domino
2736 4582 3034 4647 antelatas;
3083 4582 3321 4651 itemque
3349 4582 3428 4635 ci-

168 4655 322 4709 Σιὼν
365 4659 785 4731 προτιμωμένας
822 4660 925 4714 ὑπὸ
949 4661 1042 4714 τοῦ
1082 4663 1287 4734 Κυρίου
1318 4661 1430 4715 τῶν
1469 4662 1755 4733 σκηνωμά-

164 4764 287 4802 mv
333 4749 555 4814 Ἰακὼϐ,
589 4752 683 4804 καὶ
714 4752 866 4806 πόλιν
898 4753 1031 4807 Θεοῦ
1064 4754 1464 4825 δεδοξασμένως
1493 4753 1754 4825 λαλουμέ-

84 4896 91 4903 ,
164 4857 307 4911 νην·
343 4843 435 4895 κα)⁸
463 4843 557 4895 ἐπὶ
589 4845 719 4905 πᾶν,
755 4845 812 4898 ἐν
836 4848 903 4917 τῇ
938 4845 1124 4910 πόλει,
1158 4848 1218 4899 ού
1252 4846 1344 4900 τὸν
1385 4845 1629 4918 Ἰσραὴλ,
1658 4845 1751 4898 οὐ-

161 4931 233 4985 δὲ
270 4931 333 4986 τὸ
375 4934 641 4989 Ἰουδαίων
677 4935 859 5002 ἔθνος,
889 4937 1026 4992 ἀλλὰ
1063 4938 1231 4992 Ῥαὰϐ
1261 4940 1359 5010 τήν
1391 4955 1519 4992 ποτε
1548 4936 1753 5008 πόρνην

164 5026 273 5080 καὶ
301 5027 596 5082 Βαϐυλῶνα
615 5067 630 5093 ,
661 5030 891 5102 Τυρίους
940 5048 1000 5084 τε
1043 5032 1137 5085 καὶ
1177 5030 1440 5095 Αἰθίοπας
1472 5030 1569 5085 καὶ
1594 5030 1747 5084 ἀλλο-

161 5115 398 5180 φύλους.
432 5116 665 5181 Τούτους
690 5118 798 5190 γὰρ
837 5119 1043 5185 πάντας
1072 5118 1431 5193 τεχθήσεσθαι
1462 5122 1521 5173 ὲν
1551 5121 1617 5190 τῇ
1651 5118 1749 5173 πό-

162 5221 256 5260 Αει
299 5207 395 5261 τοῦ
432 5208 567 5262 Θεοῦ
600 5210 688 5264 διὰ
718 5210 877 5264 ποίαν
906 5210 1083 5266 αἰτίαν
1110 5211 1212 5264 οὐκ
1239 5211 1305 5266 ἂν
1342 5210 1453 5282 έχοι
1475 5228 1560 5275 τις
1583 5210 1747 5283 ἄλλην

158 5299 402 5373 εἰπεῖνῆ
423 5301 511 5355 διὰ
532 5299 628 5373 τὴν
650 5302 860 5371 γένεσιν
882 5302 974 5356 τοῦ
996 5304 1053 5356 ὲν
1074 5303 1211 5375 αὐτῇ
1233 5303 1513 5375 τεχθέντος
1533 5303 1744 5375 ἀνδρὸς,

160 5390 270 5445 καὶ
305 5393 398 5446 τοῦ
431 5394 635 5466 Κυρίου
684 5393 963 5464 τεχθέντος
999 5397 1146 5458 ἐκεῖ,
1177 5395 1375 5468 δηλαδὴ
1406 5397 1464 5449 ὲν
1492 5396 1642 5468 αὐτῷ
1668 5395 1749 5467 τῷ

161 5484 527 5556 προλεχθέντι
561 5485 710 5558 ἀνδρί
730 5502 745 5517 ⁸
778 5487 863 5556 ἐφ’
886 5484 967 5550 οἷς
999 5488 1177 5540 πᾶσαν
1205 5488 1542 5561 εὐφροσύνην
1564 5490 1747 5560 κοινὴν

159 5578 268 5630 καὶ
296 5575 535 5647 χορείας,
568 5577 708 5647 ᾠδάς
740 5594 798 5630 τε
828 5578 922 5631 καὶ
953 5576 1134 5641 αἷνους
1155 5580 1247 5633 καὶ
1272 5582 1453 5651 πηγὰς
1474 5580 1632 5634 θείων
1653 5580 1748 5634 καὶ

159 5667 340 5738 ἱερῶν
360 5666 533 5734 λόγων
566 5667 653 5719 ἔ.τῖ
686 5668 826 5721 τέλει
845 5669 938 5723 τοῦ
958 5671 1172 5741 ψαλμοῦ
1197 5670 1456 5734 θεσπίζει.
1499 5670 1667 5724 Ἑπὰν
1690 5672 1747 5723 δὲ

155 5760 313 5832 λέγῃ
342 5760 399 5813 ἐν
423 5761 605 5830 γραφῇ
634 5757 775 5815 λαῶν
799 5762 966 5821 ταῦτα
996 5780 1167 5818 παντα
1197 5763 1438 5830 ἔσεσθαι,
1470 5764 1744 5835 σημαίνειν

1856 4676 2077 4731 vitalem
2133 4672 2229 4729 Dei
2289 4673 2526 4744 gloriose
2583 4674 2911 4728 celebratam
2952 4693 2963 4727 :
3002 4673 3069 4726 ad
3131 4672 3245 4728 haec
3296 4689 3425 4729 vero

1856 4765 2060 4831 omnia,
2091 4762 2147 4818 in
2177 4762 2418 4827 civitate,
2450 4780 2561 4818 non
2593 4763 2867 4829 lsraelem,
2902 4780 3079 4834 neque
3137 4764 3422 4821 Judaicam

1854 4859 2067 4923 gentem
2093 4870 2110 4920 ;
2142 4852 2237 4909 sed
2292 4851 2479 4907 Bahal)
2507 4852 2634 4907 olim
2666 4852 3026 4915 meretricem,
3058 4850 3381 4923 Babylonem
3403 4890 3421 4917 ,

1854 4940 2049 5014 'lyrias
2083 4982 2099 5009 ,
2155 4943 2484 5015 IEthiopas,
2548 4943 2988 5013 alienigenasque
3052 4944 3314 4998 nominet.
3355 4942 3419 4997 Hi

1852 5036 2053 5106 quippe
2085 5049 2276 5092 omnes
2306 5050 2405 5090 cur
2436 5037 2492 5089 in
2525 5033 2744 5091 civitate
2768 5033 2863 5090 Dei
2892 5034 3154 5090 nascitnri
3184 5051 3304 5090 esse
3337 5035 3421 5088 di-

1856 5139 2072 5193 cantur,
2094 5145 2205 5183 non
2239 5129 2399 5183 aliam
2434 5142 2656 5187 causam
2689 5128 2813 5198 quis
2838 5127 3100 5196 proferat,
3123 5128 3229 5183 nisi
3254 5142 3419 5196 gene-

1856 5222 2121 5275 rationem
2144 5219 2243 5272 viri
2267 5219 2360 5288 qui
2394 5218 2447 5272 in
2493 5218 2584 5272 illa
2615 5228 2778 5274 natus
2810 5226 2913 5283 est,
2941 5227 2995 5273 et
3025 5217 3238 5271 Domini
3284 5217 3415 5271 item

1852 5311 1907 5367 in
1938 5312 2027 5367 illa
2060 5310 2195 5375 nati,
2228 5309 2477 5364 videlicet
2515 5308 2568 5361 in
2613 5309 2731 5362 viro
2767 5323 2926 5379 quem
2986 5307 3095 5377 iam
3152 5307 3411 5364 diximus.

1852 5403 2190 5473 Quapropter
2244 5398 2611 5454 omnimodam
2665 5402 3114 5470 communemque
3151 5398 3410 5467 laetitiam,

1851 5493 2101 5554 choreas,
2134 5490 2374 5553 cantica,
2406 5488 2594 5543 laudes
2615 5527 2630 5552 ,
2686 5487 2995 5542 divinorum
3027 5504 3413 5557 sacrorumque

1849 5582 2188 5651 eloquiorum
2236 5580 2410 5635 fontes
2442 5580 2497 5633 in
2530 5582 2633 5635 ﬁne
2668 5580 2861 5651 psalmi
2894 5580 3238 5636 vaticinatur.
3273 5580 3408 5635 Cum

1850 5683 2029 5726 autem
2061 5671 2215 5734 dicit,
2248 5671 2301 5724 in
2334 5672 2605 5741 scriptura
2652 5673 2973 5743 populorum
3019 5675 3203 5729 omnia
3255 5688 3411 5742 repo-

1850 5762 2025 5819 nenda
2047 5778 2183 5831 esse,
2211 5764 2445 5820 arbitror
2470 5778 2592 5821 eum
2618 5772 2831 5836 tempus
2851 5766 3236 5840 descriptionis
3268 5783 3369 5840 gen
3384 5795 3409 5809 ν
