3798 6282
439 367 442 370 ’
479 351 610 406 1051

1160 340 1427 400 EUSEBII
1457 338 1934 398 CA'ZSARlENSIS
1969 334 2120 398 OPP.
2163 335 2342 392 PARS
2379 334 2467 392 Ill.
2503 366 2570 376 —
2609 334 3018 392 EXEGETICA.

3543 342 3647 398 1052

474 467 610 520 tium
637 503 653 530 ,
688 479 814 536 qua:
861 463 913 518 iu
958 469 1081 516 ortu
1124 459 1423 516 Salvatoris
1461 457 1633 513 nostri
1679 456 1808 512 Jesu
1837 455 2023 510 Christ

2146 453 2382 525 ἡγοῦμαι
2416 450 2505 505 τὸν
2534 466 2722 523 καιρον
2751 449 2850 522 τῆς
2873 451 3195 521 ἀπογραφῆς
3223 451 3329 505 τῶν
3358 452 3537 519 ἐθνῶν,
3559 456 3649 527 ἥτις

478 561 618 614 tacta
640 564 746 622 est,
768 557 1041 612 indicare:
1069 563 1198 608 tunc
1220 553 1364 608 enim
1391 552 1518 607 exiit
1535 552 1758 605 edictum
1781 567 1812 603 a
1835 548 2045 605 Caesare

474 651 738 719 Augusto,
766 657 823 702 ut
857 647 1240 701 describeretur
1290 644 1562 698 universus
1613 640 1754 695 orbis
1791 641 1868 707 ⁸⁸;
1918 656 2043 694 cum

473 742 742 814 Cyrenius
767 742 823 796 in
867 739 1109 795 Judzeam
1150 737 1373 793 veniens
1397 751 1624 791 censum
1668 734 1857 789 edidit.
1888 732 2043 799 Quod

477 834 746 906 signiﬁcat
777 831 1109 902 evangelista
1164 828 1354 883 dicens
1391 846 1405 882 :
1457 825 1588 882 Ηατ
1616 825 1893 896 descriptio
1927 826 2041 895 pri-

477 945 566 982 ma
593 928 638 960 "
666 945 681 994 ;
714 928 784 980 ita
808 933 865 979 ut
895 933 1110 992 tempus
1153 919 1283 974 illud
1316 919 1371 974 in
1416 917 1521 973 hoc
1550 919 1758 988 psalmo
1790 925 2042 974 accurate

475 1020 829 1091 signiﬁcetur.
865 1015 1002 1069 Num
1038 1014 1176 1069 forte
1227 1011 1350 1066 ideo
1397 1009 1634 1081 psalmus
1669 1011 1772 1066 iste
1801 1025 2044 1082 segrega-

474 1120 584 1176 tus,
621 1111 881 1181 longeque
911 1107 980 1162 ab
1014 1106 1134 1160 aliis
1156 1103 1248 1174 qui
1276 1099 1540 1156 Filiorum
1561 1101 1698 1158 Core
1726 1102 2039 1157 inscribun-

474 1209 565 1255 tur
603 1201 707 1253 hoc
757 1197 990 1252 consilio
1037 1195 1246 1266 positus
1292 1200 1398 1256 est,
1432 1200 1491 1247 ut
1547 1192 1805 1264 mysteria
1861 1192 1934 1246 ibi
1973 1192 2040 1248 de

470 1291 678 1347 Christi
719 1301 842 1346 ortu
873 1287 1152 1345 enuntiata
1199 1285 1640 1351 occultarentur;
1698 1284 1774 1339 ita
1819 1293 1878 1340 ut
1933 1283 2038 1340 ista

470 1399 688 1453 quoque
718 1381 857 1435 ratio
887 1388 940 1434 et
989 1377 1278 1446 responsio
1307 1375 1487 1430 aﬂ‘erri
1526 1375 1698 1446 possit
1719 1375 1785 1430 ad
1810 1374 2036 1446 quzesita

470 1484 658 1532 nostra
692 1471 848 1528 initio
879 1470 1147 1527 sermonis
1198 1469 1499 1542 proposita.
1555 1466 1791 1538 ldipsnm
1820 1482 2037 1536 quoque

467 1569 622 1622 dicas
649 1565 715 1620 de
753 1579 993 1626 Lxxxvu,
1025 1561 1118 1632 qui
1169 1561 1316 1615 hunc
1353 1563 1598 1630 sequitur
1625 1601 1640 1624 ,
1691 1568 1745 1614 et
1772 1557 2035 1613 Filiorum

467 1659 604 1711 Core
655 1654 856 1726 pariter
908 1652 1204 1730 inscriptus
1254 1658 1356 1707 est.
1415 1651 1553 1717 Quia
1589 1651 1683 1706 ille
1730 1649 2036 1705 Sen'atoris

469 1748 641 1804 nostri
667 1752 894 1802 mortem
924 1743 1275 1808 vaticinatur,
1299 1751 1695 1815 consequenter
1735 1742 1804 1797 ad
1847 1742 1992 1796 hunc
2015 1781 2032 1808 ,

465 1840 557 1910 qui
590 1846 768 1895 ortum
801 1837 921 1907 ejus
959 1835 1304 1907 praedixerat.

2145 543 2447 616 ἐπληροῦτο
2472 544 2562 596 ἐπὶ
2580 542 2680 614 τῆς
2703 543 2793 596 τοῦ
2816 543 3064 614 Σωτῆρος
3095 543 3244 614 ἡμῶν
3279 544 3444 614 Ἰησοῦ
3463 547 3649 617 Χριστοῦ

2143 637 2438 706 γενέσεως⁸
2475 635 2595 688 τότε
2631 635 2738 706 γὰρ
2770 631 2990 703 ἐξῆλοε
3017 631 3201 704 δόῃια
3229 634 3389 703 παρὰ
3411 638 3651 708 Κᾶίσιιμς

2143 729 2492 798 Αὐγούστου
2508 727 2950 796 ἀπογράφεσθαι
2965 723 3169 780 πᾶσαν
3187 725 3301 793 τὴν
3316 727 3648 799 οἰκουμένην⁹

2141 819 2228 872 ὅτε
2276 819 2542 891 Κυρήνιος
2586 817 2811 880 ἐπιστὰς
2851 820 2916 888 τῇ
2977 817 3200 888 Ἰουδαίᾳ
3242 817 3345 879 τὰς
3388 819 3652 890 ἀπογριᾳάς

2141 912 2390 964 ἐποιεῖτο.
2427 910 2616 980 Ἐπιση
2626 909 2871 980 μαίνεται
2897 907 3025 977 γοῦν
3045 909 3072 960 6
3097 909 3476 980 εύαγγελιστὴς
3492 911 3649 978 λέγων’

2138 1002 2300 1070 Αὕτη
2348 1003 2385 1070 ἡ
2435 1000 2751 1072 ἀπογραφὴ
2799 1000 3028 1070 πρώτη·
3080 999 3216 1054 ὥστε
3252 1001 3349 1054 καὶ
3387 1000 3472 1052 τὸν
3510 1004 3653 1074 καιρὺν

2139 1093 2299 1148 αὐτὸν
2331 1093 2568 1166 ἀκριϐῶς
2591 1093 2680 1148 διὰ
2709 1093 2801 1146 τοῦ
2839 1093 3103 1165 παρόντος
3149 1091 3366 1162 ψαλμοῦ
3397 1093 3650 1165 δηλοῦσθαι.

2138 1187 2365 1258 Μήποτε
2403 1187 2458 1240 δὲ
2503 1187 2598 1240 καὶ
2638 1186 2726 1240 διὰ
2754 1185 2909 1258 τοῦτο
2948 1183 3251 1256 ἀφώρισται
3282 1186 3312 1238 6
3337 1185 3560 1255 ςαλμδς,
3588 1189 3654 1242 καὶ

2139 1278 2356 1350 μακρὰν
2381 1279 2783 1350 ἀπεσχοίνισται
2818 1278 2924 1331 τῶν
2947 1277 3147 1331 λοιπῶν
3169 1278 3278 1331 τῶν
3302 1280 3653 1350 ἐπιγεγραμμέ-

2136 1390 2240 1425 νων
2263 1371 2394 1426 υῐῶν
2418 1374 2580 1444 Κορὲ,
2611 1371 2794 1443 ἐπειδὴ
2815 1371 3150 1440 κρύπτεσθαι
3179 1373 3208 1424 6
3239 1371 3399 1438 λόγος
3426 1372 3488 1424 τὰ
3514 1372 3654 1444 δηλού-

2138 1482 2274 1536 μενα
2315 1467 2374 1518 ὲν
2415 1465 2562 1535 αὐτῷ
2598 1465 2872 1537 μυστήρια
2905 1465 3032 1536 περὶ
3068 1463 3169 1534 τῆς
3199 1465 3298 1518 τοῦ
3328 1466 3518 1536 Κυρίου
3542 1469 3653 1534 γενέ-

2137 1573 2274 1620 σεως
2300 1556 2574 1610 ἐϐούλετοο
2626 1556 2766 1611 ὥστε
2794 1557 2886 1610 καὶ
2911 1557 3112 1626 ταύτην
3139 1557 3335 1628 ἑτέραν
3365 1552 3494 1609 εἶναι
3522 1558 3653 1613 altis;

2135 1648 2242 1703 τῶν
2265 1649 2609 1720 ὲζητημένων
2645 1651 2773 1720 ἡμῖν
2802 1652 2944 1703 κατά
2968 1648 3064 1719 τὴν
3093 1648 3267 1720 ἀρχὴν
3287 1647 3394 1700 τῶν
3417 1651 3654 1718 προκειμέ-

2135 1758 2258 1795 νων.
2290 1741 2364 1795 Τὸ
2387 1743 2516 1796 αὐτὸ
2542 1743 2585 1796 δ’
2613 1742 2677 1796 ἂν
2707 1744 2882 1805 εἴποις
2916 1741 3010 1794 καὶ
3040 1741 3130 1792 ἐπὶ
3146 1740 3238 1793 τοῦ
3258 1739 3358 1802 πζ¹
3387 1739 3504 1809 ἑξῆς
3527 1739 3655 1810 τούτῳ

2059 1823 2102 1880 Β
2131 1833 2531 1904 ὲπιλεγομένου,
2554 1832 3030 1906 ἐπιγεγραμμένου
3057 1850 3117 1886 τε
3137 1832 3232 1886 καὶ
3250 1831 3413 1884 αὑτοῦ
3447 1831 3543 1885 τῶν
3557 1831 3653 1884 υἱῶν

465 1931 640 2004 Κορὲ·
670 1934 792 1985 ἐπεὶ
819 1931 913 1983 καὶ
942 1929 1100 1994 αὐτὸς
1122 1929 1212 1984 τὸν
1239 1928 1466 1984 θάνατον
1495 1927 1588 1984 τοῦ
1609 1927 1860 2000 Σωτῆρος
1878 1925 2034 1998 ἡμῶν
2073 1925 2404 1999 προφητεύει
2442 1926 2748 1992 ἀκολούθως
2803 1927 2882 1998 τῷ
2951 1925 3086 1999 μετὰ
3127 1927 3319 1998 χεῖρας
3357 1926 3451 1998 τὴν
3491 1926 3654 1995 γένεσιν

462 2024 627 2080 αὐτοῦ
661 2023 988 2096 περιέχοντι.

461 2198 816 2254 (ΣΛΝΤοΟυΜ
852 2199 1144 2267 PSAlMl,
1200 2200 1397 2258 FILIIS
1446 2202 1648 2264 CORE.
1693 2202 1759 2257 IN
1799 2201 2030 2269 FINEM,

534 2269 670 2324 PRO
709 2269 1081 2324 MAIllCLETII
1122 2271 1214 2325 AD
1288 2273 1876 2332 RESPONMENDUM.
1941 2274 2033 2329 IN-

533 2339 934 2396 TELLECTUS
977 2341 1192 2396 ᾸΞΜΛΝ
1231 2341 1616 2401 ΕδῡΙῖΑΙΤᾸΞ.
1659 2343 1958 2399 LXXXVII.

533 2477 700 2535 Vens.
745 2480 800 2536 2.
848 2478 1068 2535 Domine
1113 2480 1252 2536 Deus
1282 2482 1470 2536 salutis
1511 2499 1658 2548 ntew,
1695 2485 1752 2538 in
1789 2485 1874 2540 die
1914 2485 2028 2540 cla-

461 2573 622 2637 mavi,
644 2582 694 2626 et
725 2583 872 2628 nocte
915 2591 1096 2627 coram
1127 2585 1194 2629 te.
1235 2575 1482 2632 Praesens
1512 2591 1728 2647 quoque
1761 2579 2023 2648 psalmus,

461 2669 523 2713 ut
553 2661 887 2731 praecedens,
921 2662 1183 2718 Filiorum
1227 2664 1367 2721 Core
1406 2675 1512 2724 est.
1551 2667 1656 2722 Sed
1692 2668 1780 2724 ille
1807 2668 2025 2738 quidem

459 2749 666 2806 Christi
717 2760 896 2807 ortum
944 2753 1325 2809 subindicahat
1376 2755 1462 2812 his
1510 2757 1738 2813 verbis:
1780 2757 1844 2812 Et
1877 2758 2028 2813 Sioni

457 2846 680 2915 dicetur,
727 2847 822 2902 Vir
845 2857 896 2904 et
940 2850 1018 2905 vir
1050 2861 1204 2906 natus
1229 2861 1305 2906 est
1336 2852 1391 2906 in
1433 2869 1517 2918 ea,
1549 2861 1598 2908 et
1643 2855 1754 2922 ipse
1794 2853 2029 2923 ﬁrmabit

455 2955 595 3003 eam,
628 2947 687 2994 ut
727 2940 920 3012 Aquila
970 2942 1355 3014 interpretatur
1397 2962 1410 2998 :
1443 2951 1655 3015 tempus
1681 2945 1843 3000 etiam
1873 2953 2027 3002 ortus

459 3032 703 3112 praedicti
751 3033 856 3088 viri
911 3035 1181 3106 signiﬁcat
1215 3035 1270 3091 in
1320 3037 1676 3109 sequentibus
1703 3037 1912 3102 dicens,
1958 3035 2025 3092 In

457 3124 732 3179 scribendo
760 3129 1000 3196 populos,
1029 3129 1111 3182 hic
1141 3139 1297 3184 natus
1330 3138 1407 3184 est
1434 3129 1524 3183 ibi.
1551 3129 1726 3198 Hujus
1755 3144 1919 3202 porro
1941 3130 2025 3186 di-

2135 2196 2268 2270 ῼΔῐῐ
2306 2196 2606 2254 ΨΑΛΜΟΥ
2643 2199 2798 2253 ΤΟῘΣ
2832 2200 3016 2256 ΥΙΟΙΣ
3053 2201 3272 2265 KOPE,
3314 2201 3421 2253 ΕΙΣ
3466 2202 3541 2254 T0
3571 2201 3652 2254 TE-

2203 2270 2364 2332 on,
2426 2270 2606 2324 ΥΠΕΡ
2656 2271 2968 2339 MAEAEe,
3006 2271 3142 2324 'ror
3178 2271 3649 2339 _AHOKPIBHNAI.

2202 2339 2550 2394 messos
2585 2341 2806 2395 AIMAN
2843 2342 2930 2414 To
2953 2333 3307 2414 ἘΣΔΡΑῘΤῌ
3347 2342 3442 2413 (ι).
3492 2342 3601 2398 nz'.

2200 2478 2375 2547 Κύριε
2405 2481 2438 2533 ό
2469 2479 2612 2546 Θεὸς
2652 2479 2762 2549 τῆς
2797 2482 3087 2550 σωτηρίας
3114 2499 3259 2551 μου,
3296 2471 3510 2550 ἡμέρας
3558 2479 3652 2534 ἐκέ-

2130 2571 2322 2640 κραξα
2346 2571 2443 2625 καὶ
2481 2571 2553 2626 ἐν
2579 2573 2749 2626 νυκτὶ
2787 2573 3068 2627 ἐναντίον
3087 2573 3230 2627 σοῦ.
3289 2573 3400 2626 Καὶ
3444 2574 3470 2625 6
3508 2571 3647 2642 παρὼν

2127 2661 2339 2735 ψαλμδς
2366 2663 2487 2717 Τῶν
2519 2663 2648 2718 υἱῶν
2674 2664 2839 2735 Κορὲ,
2871 2665 2946 2730 ὡς
2975 2665 3069 2718 καὶ
3095 2665 3123 2718 6
3156 2664 3267 2736 πρὸ
3289 2663 3471 2728 αὐτοῦ,
3495 2661 3649 2732 tuui-

2129 2769 2230 2808 νει.
2272 2753 2408 2806 Ἀλλ’
2437 2756 2466 2808 6
2495 2754 2593 2825 μὲν
2617 2755 2721 2826 πρὸ
2752 2755 2939 2818 αὑτοῦ,
2967 2756 3202 2828 Χριστοῦ
3230 2756 3442 2825 γένεσιν
3461 2757 3648 2827 ᾐνίττετο

2133 2844 2357 2915 φάσκων
2371 2863 2383 2875 ·
2405 2843 2512 2900 Kal
2534 2843 2606 2914 τῇ
2626 2845 2778 2899 Σιὼν
2803 2846 3158 2916 λεχθήσεται
3175 2865 3189 2876 ·
3230 2846 3412 2914 Ἀνὴρ
3431 2846 3516 2900 καὶ
3534 2846 3648 2913 ἀνὴρ

2131 2935 2341 3005 ἐτέχθη
2371 2935 2441 2988 ἐν
2474 2932 2654 3004 αὐτῇ,
2707 2937 2806 2990 καὶ
2839 2936 3020 3004 αὐτὸς
3051 2935 3292 3006 ἐδράσει
3317 2933 3529 3004 αὐτὴν,
3553 2937 3646 3001 ὠςό

2143 3024 2372 3090 Ἀκύλας
2393 3027 2732 3098 ἡρμήνευσεο
2763 3026 2972 3080 καὶτὸν
3004 3027 3198 3099 καιρόν
3227 3045 3293 3098 γε
3325 3025 3556 3098 σημαίνει
3577 3026 3646 3097 τῆς

2129 3117 2393 3187 γενέσεως
2415 3117 2508 3172 τοῦ
2531 3117 2819 3192 εἰρημένου
2843 3119 3054 3192 ἀνδρὸς,
3081 3119 3290 3191 προϊὼν
3311 3121 3434 3191 ἑξῆς
3453 3137 3465 3149 ·
3490 3119 3643 3188 ἔφασκε

455 3215 529 3268 cti
583 3219 910 3272 sententiam
962 3220 1205 3290 apertius
1261 3221 1453 3276 extulit
1489 3220 1681 3291 quinta
1728 3222 1915 3287 editio,
1969 3222 2022 3276 in

2131 3209 2285 3279 γοῦνο
2330 3211 2425 3264 Ἐν
2458 3210 2538 3277 τῷ
2564 3211 2810 3281 γράφειν
2847 3211 3036 3280 λαοὺς
3054 3252 3069 3276 ,
3098 3207 3282 3280 οὗτος
3308 3214 3508 3281 ἐτέχθη
3540 3209 3643 3264 ἐκεῖ.

455 3321 564 3374 qua
611 3306 819 3362 dictum
866 3318 969 3376 est,
1026 3309 1092 3365 In
1141 3313 1487 3377 descriptione
1535 3314 1882 3382 papulorum,
1941 3314 2024 3368 hic

457 3407 703 3450 nascetur
734 3399 825 3454 ibi.
873 3400 1316 3459 Manifestissime
1361 3405 1562 3475 quippe
1602 3405 2022 3475 descriptionem

457 3489 797 3551 memoravit,
843 3489 1002 3558 cujus
1052 3497 1298 3562 tempore
1349 3490 1598 3547 Salvator
1660 3503 1714 3550 et
1761 3493 2024 3550 Dominus

456 3585 648 3631 noster
677 3588 838 3634 natus
871 3590 972 3642 est,
1008 3581 1152 3636 sicut
1182 3591 1404 3638 enarrat
1426 3583 1752 3654 evangelista
1779 3605 1791 3639 :
1821 3585 1885 3638 In
1912 3585 2023 3640 die-

459 3667 553 3722 bus
587 3667 720 3734 illis,
747 3670 873 3725 exiit
899 3671 1126 3726 edictum
1157 3692 1188 3727 a
1219 3673 1430 3730 Caesare
1453 3675 1708 3747 Augusto,
1743 3687 1800 3730 ut
1825 3676 2024 3731 descri-

459 3759 666 3813 beretur
692 3762 961 3818 universus
991 3765 1154 3823 orbis.
1193 3765 1316 3821 (hec
1349 3767 1629 3836 descriptio
1670 3770 1843 3838 prima
1877 3769 2021 3838 facta

455 3859 556 3912 est,
595 3851 818 3918 praeside
867 3853 1037 3924 Syria
1087 3856 1312 3927 Cyrenio
1337 3859 1403 3914 ".
1438 3857 1635 3914 Verum
1679 3859 1769 3916 ille
1801 3859 2019 3930 quidem

364 3998 366 4002 τ
457 3940 700 4009 psalmus
731 3951 908 3997 ortum
941 3945 1059 4010 ejus
1091 3947 1466 4016 srgniﬁcabat;
1498 3949 1586 4002 hic
1610 3964 1739 4004 vero
1766 3957 2019 4005 mortem.

457 4031 592 4084 illud
621 4042 821 4099 autem,
839 4049 932 4103 pro
956 4034 1242 4109 Mabeleth,
1269 4036 1647 4108 Symmachus,
1671 4056 1761 4109 per
1784 4040 2018 4107 chorum,

458 4121 848 4192 interpretatus
877 4135 960 4182 est
985 4145 1000 4192 ;
1032 4105 1223 4198 Aquila
1254 4105 1403 4194 vero,
1449 4149 1605 4202 super
1633 4105 1894 4188 eboreum.
1926 4105 2021 4189 Vi;

455 4209 724 4283 deturque
769 4215 900 4270 mihi
949 4217 1036 4272 hic
1060 4218 1263 4276 Christi
1296 4223 1554 4293 populum
1585 4233 1637 4278 et
1673 4223 2020 4280 Eeclesiasti-

454 4319 574 4357 eam
615 4305 869 4362 choream
900 4309 1237 4378 adumbrari,
1284 4313 1336 4367 in
1372 4330 1477 4384 qua
1519 4331 1666 4372 mors
1711 4315 2017 4374 Servatoris

455 4393 630 4447 nostri
660 4394 878 4482 hymnis
910 4399 1238 4456 celebratur.
1270 4403 1406 4470 Quia
1435 4421 1564 4460 vero
1593 4413 1748 4463 ortus
1779 4408 1898 4477 ejus
1923 4424 2020 4479 per

454 4482 596 4538 hanc
649 4485 902 4542 choream
945 4490 1182 4557 canitur,
1228 4492 1353 4563 jure
1399 4496 1710 4564 praecedens
1750 4498 2014 4568 psalmus,

2125 3299 2327 3353 Τούτου
2349 3299 2406 3353 δὲ
2429 3300 2524 3371 τὴν
2544 3300 2779 3354 διάνοιαν
2801 3301 3129 3373 σαφέστερον
3157 3303 3486 3356 ἀποδέδωκεν
3503 3303 3530 3372 ἡ
3549 3301 3643 3369 πέμ-

2125 3406 2234 3460 πτη
2277 3385 2517 3455 ἕκδοσις,
2557 3384 2680 3463 ὲνῇ
2727 3389 2974 3461 εἴρηταιο
3019 3391 3121 3445 Ἐν
3151 3391 3470 3462 ἀπογραφῇ
3501 3388 3640 3448 λιτῶν,

2123 3476 2300 3547 οὗτος
2325 3480 2757 3552 γεννηθήσεται
2782 3481 2922 3535 ἐκεῖ.
2954 3482 3276 3552 Σαφέστατα
3306 3483 3412 3555 γὰρ
3438 3482 3523 3552 τῆς
3546 3482 3640 3534 ἀπο-

2123 3573 2340 3643 γραφῆς
2387 3573 2790 3646 ὲμνημόνευσε,
2825 3575 2945 3628 καθ’
2979 3575 3046 3646 ἣν
3072 3579 3100 3630 6
3138 3577 3334 3649 Σωτὴρ
3377 3576 3464 3630 καὶ
3487 3575 3639 3644 Κύρικ

2122 3662 2279 3734 ἡμῶν
2308 3665 2566 3737 ἐγεννήθη
2591 3707 2605 3731 ,
2627 3666 2812 3739 ῶσπερ
2843 3663 2934 3722 οῦν
2972 3666 3121 3738 δηλοῖ
3149 3666 3326 3736 λέγων
3357 3668 3384 3720 6
3415 3663 3638 3732 εὐαγγελι-

2124 3756 2273 3826 στής⁶
2293 3756 2395 3810 Ἐν
2409 3757 2536 3824 ταῖς
2550 3757 2795 3827 ἡμέραις
2812 3759 3070 3825 ἐκείναις
3087 3757 3311 3826 ἐξῆλθε
3331 3758 3504 3826 δόγμα
3522 3751 3636 3819 τηιιὰ

2121 3847 2421 3914 Καίσαρος
2453 3850 2802 3918 Αὐγούστου
2849 3849 3300 3919 ἀπογράφεσθαι
3339 3848 3526 3902 πᾶσαν
3557 3844 3636 3911 τὴν

2121 3937 2494 4008 οἰκουμένην.
2521 3940 2683 4009 Αὕτη
2704 3942 2741 4007 ἡ
2757 3940 3070 4011 ἀπογραφὴ
3095 3941 3296 4010 πρώτη
3311 3941 3526 4010 ἐγένετο
3544 3937 3635 4004 ἠγε-

2115 4029 2525 4098 μονεύσαντος
2555 4029 2666 4098 τῆς
2697 4032 2914 4099 Σιφίας
2938 4033 3256 4100 Κιφηνίου.
3325 4029 3459 4083 Ἀλλ’
3479 4030 3634 4087 ἐκεῖνος

2124 4121 2223 4192 μὲν
2251 4121 2346 4194 τὴν
2369 4123 2580 4192 γένεσιν
2601 4125 2868 4194 ἐσήμανεν
2891 4123 3075 4187 αὑτοῦ,
3096 4125 3123 4176 6
3143 4124 3198 4177 δὲ
3226 4123 3365 4194 μετὰ
3389 4124 3550 4193 χεῖρας
3569 4116 3632 4171 τὸν

2121 4212 2368 4268 θάνατον.
2402 4214 2476 4267 Τὸ
2503 4214 2559 4268 δὲ
2579 4254 2594 4279 ,
2649 4215 2800 4284 ὑπὲρ
2826 4214 3061 4268 Μαελὲθ
3081 4254 3096 4277 ,
3131 4213 3228 4267 διὰ
3259 4214 3463 4284 χοροῦ,
3493 4209 3628 4282 ἡρμή-

2120 4321 2305 4359 νευσεν
2331 4306 2358 4358 6
2391 4305 2683 4376 Σύμμαχος
2702 4323 2715 4336 ο
2745 4307 2772 4358 6
2799 4305 2857 4359 δὲ
2891 4305 3142 4369 Ἀκύλας,
3167 4306 3266 4358 ἐπὶ
3295 4305 3526 4374 χορείας.
3551 4299 3629 4354 Καὶ

2123 4413 2211 4467 μοι
2234 4395 2382 4449 δοκεῖ
2397 4396 2487 4450 τὸν
2510 4395 2745 4469 Χριστοῦ
2768 4396 2894 4450 λαὸν
2914 4396 3242 4451 αἰνίττεσθαι
3271 4397 3363 4450 καὶ
3383 4396 3471 4467 τὴν
3487 4391 3628 4460 Euxin-

2121 4487 2400 4558 σιαστικὴν
2429 4488 2644 4561 χορείαν
2664 4528 2677 4553 ,
2719 4489 2777 4540 ὲν
2871 4487 2965 4541 τοῦ
3001 4489 3253 4559 Σωτῆρος
3285 4487 3434 4560 ἡμῶν
3457 4488 3481 4540 6
3508 4483 3626 4538 θάνοι

373 4599 378 4602 -
452 4575 546 4646 qui
573 4583 752 4632 ortum
789 4579 907 4650 ejus
937 4583 1357 4648 vaticinabatur,
1390 4585 1506 4640 hmo
1533 4587 1689 4654 dixit,
1727 4566 1795 4641 Et
1827 4606 2019 4644 canen-

2131 4596 2210 4642 τος
2235 4579 2570 4650 ἀνυμνεῖται.
2615 4578 2766 4632 Ἐπεὶ
2800 4579 2855 4633 δὲ
2880 4580 2974 4634 καὶ
2997 4583 3030 4652 ἠ
3065 4581 3278 4649 γένεσις
3297 4578 3449 4634 αὐτοῦ
3469 4577 3540 4630 διὰ
3556 4573 3624 4643 τῆς

453 4673 529 4719 tes
549 4667 684 4721 sicut
715 4669 859 4723 clum
889 4688 1064 4726 omnes
1092 4673 1261 4741 fontes
1293 4676 1345 4728 in
1369 4685 1456 4728 te:
1482 4676 1639 4746 queis
1668 4677 2017 4734 declarantur

450 4752 656 4810 Christi
694 4757 848 4814 chori
886 4761 940 4814 in
978 4760 1220 4818 Ecclesia
1259 4773 1519 4821 canentes
1558 4775 1612 4820 et
1647 4767 1862 4836 hymnis
1893 4786 2013 4841 my-

453 4845 618 4899 steria
669 4848 791 4916 ejus
840 4851 1198 4909 celebrantes.
1260 4854 1456 4910 Emau
1515 4872 1644 4912 vero
1693 4857 2010 4926 Esdraiten,

404 4969 421 4988 .
451 4951 621 4992 unum
650 4953 715 4993 ex
751 4939 876 4997 ﬁliis
909 4942 1059 4999 Zarm
1092 4944 1184 4999 ﬁlii
1213 4943 1352 5000 Juda
1381 4962 1501 5002 esse
1530 4948 1701 5012 aiunt,
1734 4959 2014 5005 vocatum-

452 5042 558 5096 que
598 5029 742 5100 apud
789 5030 1047 5090 Hebraeos
1078 5037 1451 5107 patronymice
1495 5037 1746 5095 Zaraiten
1773 5055 1788 5094 :
1817 5040 2011 5096 fuisse-

451 5135 557 5189 que
601 5121 740 5177 ﬁlios
792 5123 943 5179 Zarae
997 5142 1225 5183 numero
1275 5128 1534 5200 quinque,
1583 5138 1641 5184 ut
1693 5132 2013 5188 testiﬁcatur

451 5213 663 5281 primus
687 5212 1136 5287 Paralipomenon
1165 5220 1300 5274 liber
1328 5219 1413 5275 his
1437 5221 1618 5278 verbis
1642 5241 1656 5274 :
1684 5221 1814 5277 Filii
1842 5222 2008 5289 Iuda,

455 5298 654 5356 Phares
685 5311 734 5356 et
771 5301 916 5357 Zara
943 5321 960 5358 :
983 5304 1116 5360 Filii
1149 5305 1325 5371 Zarw,
1358 5307 1595 5376 Zambri,
1625 5322 1675 5364 et
1703 5309 1925 5365 Etham
1961 5321 2011 5366 et

451 5386 652 5445 £man
670 5401 720 5447 et
737 5391 992 5449 Chalchal
1017 5406 1067 5450 et
1096 5395 1300 5464 Derda,
1327 5414 1540 5452 numero
1567 5400 1789 5470 quinque
1809 5400 1875 5455 ⁸⁷.
1903 5399 2012 5458 llos

2119 4670 2335 4744 χορείας
2359 4670 2561 4742 ταύτης
2587 4671 2787 4742 ᾄδεται,
2819 4673 3040 4736 εἰκότως
3061 4673 3153 4726 καὶ
3173 4675 3200 4726 6
3224 4673 3329 4744 πρὸ
3349 4670 3516 4725 τούτου
3531 4664 3622 4736 ψιλ-

2121 4765 2220 4834 μὸς
2240 4765 2340 4836 τὴν
2364 4765 2574 4833 γένεσιν
2596 4766 2758 4820 αὐτοῦ
2785 4765 3044 4829 Θεσπίσας
3066 4768 3311 4837 ἐπήγαγε
3341 4766 3495 4835 λέγων
3511 4779 3523 4792 ο
3541 4757 3617 4812 Καὶ

2114 4854 2361 4923 ᾄδοντες
2375 4858 2453 4922 ὡς
2467 4857 2628 4926 χοροὶ
2646 4856 2830 4911 πᾶσαι
2848 4872 2929 4925 πη
2937 4858 3025 4928 γα)
3042 4859 3111 4912 ἐν
3126 4859 3245 4922 σοὶ,
3263 4859 3383 4921 τοὺς
3403 4859 3452 4909 ὲν
3468 4855 3522 4924 τῇ
3534 4851 3618 4903 Ἕκ·

2117 4947 2314 5019 κλησίᾳ
2345 4947 2579 5019 Χριστοῦ
2611 4949 2801 5019 χοροὺς
2825 4948 3042 5020 ᾅδοντας
3065 4950 3228 5003 αὐτοῦ
3262 4949 3352 5003 καὶ
3381 4940 3616 5016 ἀνυμνοῦνο

2117 5055 2213 5101 τος
2239 5038 2307 5091 τὰ
2348 5039 2618 5110 μυστήρια
2646 5037 2910 5110 δηλώσας.
2972 5039 3077 5094 Τὸν
3105 5040 3161 5092 δὲ
3193 5039 3462 5109 λεγόμενον
3483 5029 3615 5101 illud?

2114 5127 2205 5182 τὸν
2247 5129 2560 5202 Ἐσδραῒτην
2601 5131 2762 5199 φασὶν
2807 5127 2945 5184 εἶναι
2978 5131 3073 5185 ἕνα
3106 5131 3213 5186 τῶν
3245 5131 3368 5184 υἱῶν
3390 5125 3516 5197 Ζαρᾶ
3548 5119 3614 5174 to;

2116 5219 2230 5273 υἱοῦ
2265 5219 2455 5286 Ἰούδα,
2507 5220 2804 5288 κεκλῆσθαί
2830 5239 2889 5275 τε
2917 5222 3077 5276 αὑτὸν
3109 5223 3239 5296 παρ’
3282 5219 3518 5292 Ἑϐραίοις
3537 5229 3611 5265 παι

2113 5313 2468 5384 τρωνυμίκῶς
2501 5314 2770 5386 Ζαραῖτην
2790 5332 2804 5346 ⁶
2837 5309 2973 5368 εἶναι
3015 5316 3070 5369 δὲ
3102 5315 3258 5369 πέντε
3286 5315 3401 5376 τοὺς
3429 5309 3587 5364 πάντας
3597 5317 3607 5329 ⁸

2120 5407 2414 5477 μαρτυρεῖν
2443 5404 2498 5458 δὲ
2529 5405 2605 5477 τῷ
2625 5405 2764 5477 λόγῳ
2790 5405 2886 5478 τὴν
2915 5405 3136 5481 πρώτην
3157 5407 3259 5462 τῶν
3281 5391 3608 5477 Παραλειπῡμέ·

521 5570 568 5602 ⁸³
604 5570 737 5628 Luc.
779 5587 816 5627 κ
841 5613 857 5640 ,
895 5573 944 5627 l.
1021 5572 1068 5606 ⁸⁵
1105 5573 1235 5630 ibid.
1270 5574 1324 5629 2.
1399 5574 1446 5608 ⁸⁸
1483 5574 1620 5630 Luc.
1657 5591 1725 5640 ιι,
1764 5575 1827 5644 l,
1863 5577 1916 5631 2.
1993 5579 2023 5611 "

2135 5578 2258 5637 Par.
2296 5593 2335 5637 ll
2355 5621 2370 5650 ,
2408 5581 2462 5639 6.

521 5747 598 5817 (Ι)
633 5746 694 5801 In
729 5749 871 5803 cusis
899 5743 1083 5806 Bibliis
1120 5749 1226 5806 τῶν
1260 5754 1335 5816 0',
1398 5752 1757 5825 Ἰσραηλίτῃ.
1793 5755 1949 5811 male.
