3798 6282
179 374 309 438 i035

1289 366 1791 431 COMMENTAM
1825 374 1898 429 ιη
1921 369 2265 430 μελικῆς.

3257 367 3396 424 ιαμ

174 513 304 555 νων,
335 492 519 546 τοῦτον
558 495 912 566 περιέχουσαν
945 497 1034 550 τὸν
1077 496 1277 569 τρόπον
1301 515 1314 527 ·
1383 499 1502 552 Υἱοὶ
1543 498 1717 552 Ἰούδα

1833 498 2088 554 Hebraeus
2116 497 2191 550 ait
2217 497 2271 550 in
2302 493 2537 566 Egypto
2568 504 2695 552 ante
2723 495 2934 568 παγεὶς
2959 496 3176 550 mrem

125 529 150 658 ζ
175 532 351 653 Φαρές
376 584 474 640 καὶ
503 529 665 654 Ζαριιί
683 605 696 616 ’
718 529 822 640 ξιαὶ
865 588 980 641 υἱοὶ
1009 529 1167 656 Ζαρῗὶ
1185 629 1200 652 ,
1230 589 1446 658 Ζαμϐρὶ
1464 529 1731 653 fulti/ii:

129 639 280 745 ’θάλι
311 639 408 729 αέαι
449 639 634 745 Αιμδῖν
672 639 768 730 καὶ
802 639 1200 748 xeat-.325
1230 639 1477 748 issi
1511 639 1731 746 alia,

139 763 358 823 ἷπέντε.
401 767 631 832 Τούτους
667 769 848 839 ἔλεγεν
879 773 908 825 6
947 769 1193 843 Ἐϐραῖος
1225 772 1282 824 ἐν
1309 765 1565 844 Αἰγύπτῳ
1595 782 1727 843 προ-

142 848 152 897 ί
170 859 427 932 φητεῦσαι
448 900 462 924 ,
488 860 594 932 πρὸ
621 860 895 927 Μωῦσέως
919 863 1261 933 γενομένους,
1290 863 1470 916 αὐτῶν
1501 880 1564 916 τε
1593 859 1730 917 εἶναι

169 951 287 1012 τοὺς
303 949 548 1020 ψαλμοὺς
561 951 685 1014 τοὺς
703 953 779 1016 είς
794 951 963 1024 ὄνομα
983 953 1161 1007 αὐτῶν
1179 953 1698 1025 προγεγραμμένους
1713 969 1726 983 ·

167 1035 272 1094 οἷον
307 1041 394 1095 τὸν
431 1040 568 1112 μετά
600 1045 819 1112 χεῖρας,
854 1043 1062 1099 καὶτὸν
1088 1045 1215 1116 ἑξῆς
1240 1045 1418 1117 αὐτῷ,
1444 1046 1536 1099 καὶ
1570 1045 1729 1099 αὑτὸν

168 1131 652 1202 ἐπιγεγραμμένον,
673 1133 855 1204 Αιθὰμ
877 1134 956 1202 τῷ
985 1136 1329 1207 Ἐσδραΐτῃο
1353 1137 1490 1198 ἀλλὰ
1515 1138 1606 1191 καὶ
1635 1155 1730 1190 πε-

169 1221 220 1291 ρὶ
245 1221 420 1276 αὐτῶν
441 1221 688 1294 λελέχθαι
717 1224 774 1277 ὲν
815 1223 882 1296 τῇ
910 1226 1074 1300 τρίτῃ
1097 1229 1206 1281 τῶν
1237 1229 1529 1282 Βασιλειῶν
1548 1246 1561 1260 ·
1617 1229 1730 1285 Καὶ

162 1315 484 1381 ἐσοφίσατο
512 1314 797 1385 Σολομὼν
823 1317 975 1387 ὑπὲρ
1010 1320 1195 1375 Amer
1215 1318 1319 1374 τὸν
1354 1321 1726 1390 Ἔσδραΐτην,

165 1407 255 1461 καὶ
279 1407 489 1477 Αὶμὰν,
518 1409 615 1462 καὶ
638 1409 743 1462 τὸν
766 1411 1016 1478 Χαλχὰλ
1040 1411 1136 1464 καὶ
1168 1409 1275 1465 τὸν
1298 1410 1550 1481 Δαρδάν.
1581 1411 1726 1465 Ταῦ-

162 1509 225 1550 τα
253 1496 348 1568 μὲν
377 1493 470 1550 οὖν
494 1499 574 1561 είς
604 1498 702 1570 τὴν
735 1499 978 1571 ἱστορίαν
1005 1499 1266 1572 είρήσθω.
1327 1498 1388 1554 Εἰ
1417 1498 1473 1555 δέ
1505 1515 1554 1555 τι
1588 1519 1725 1572 συμ-

163 1587 434 1642 ϐάλλονται
463 1592 529 1660 τῇ
563 1589 656 1642 τοῦ
688 1590 906 1661 ψαλμοῦ
937 1591 1138 1663 θεωρίᾳ
1166 1593 1221 1644 ai
1256 1589 1457 1647 τούτων
1486 1592 1595 1647 τῶν
1615 1594 1728 1645 ὀνο-

164 1676 338 1746 μάτων
371 1679 677 1750 ἑρμηνεῖαι,
713 1681 803 1734 καὶ
835 1680 996 1745 αὐτὸς
1021 1683 1352 1754 ἐπιστήσεις.
1374 1683 1640 1746 ’Ὑστατος
1670 1683 1727 1737 δὲ

159 1766 228 1822 ὥν
263 1770 291 1822 6
333 1769 524 1841 παρὼν
553 1771 661 1824 τῶν
707 1773 1200 1844 ἐπιγεγραμμένων
1243 1775 1387 1828 Υίῶν
1421 1769 1594 1846 Κορὲ,
1629 1774 1728 1845 τὴν

1838 599 1994 644 natos
2035 605 2179 651 esse,
2231 596 2590 658 auctoresque
2621 605 2744 644 esse
2783 591 3113 658 psalmorum
3163 592 3256 662 qui
3303 605 3402 646 no-

1837 682 1981 734 mine
2025 694 2126 734 suo
2166 678 2412 748 inscripti
2451 686 2577 731 sunt
2604 695 2620 732 3
2651 680 2828 748 qualis
2859 688 2942 734 est
2987 681 3073 735 hic
3103 697 3262 751 quem
3287 689 3400 735 tra-

1836 777 2046 824 ctamus
2100 776 2153 823 et
2181 769 2538 838 subsequens,
2576 768 2666 838 qui
2707 768 3002 838 inscriptus
3034 777 3137 835 est,
3173 770 3397 824 zEtItam

1836 861 2245 918 Eadraitw:de
2291 863 2399 916 illis
2441 876 2657 931 quoque
2693 861 2806 915 haec
2837 862 2888 915 in
2920 863 3078 917 tertio
3118 864 3256 919 libro
3297 861 3402 919 Re-

1834 971 1959 1026 gum
1989 954 2135 1008 dicta
2180 969 2301 1009 esse
2333 961 2486 1024 putat
2516 972 2528 1006 :
2565 951 2633 1006 Et
2664 954 2957 1020 sapientior
2988 965 3101 1008 erat
3143 951 3399 1010 Salomon

1836 1043 2040 1098 .Etltan
2086 1043 2366 1108 Etdraita,
2396 1043 2468 1097 Ε
2476 1062 2597 1097 man
2625 1054 2674 1098 et
2705 1043 2963 1099 Cltalclml
3005 1055 3054 1098 et
3091 1045 3307 1100 Dardan
3326 1048 3398 1102 ⁵⁸.

1836 1136 1960 1192 llaec
1999 1136 2066 1190 de
2091 1137 2316 1189 historia
2353 1135 2496 1189 dicta
2525 1143 2706 1190 sunto.
2738 1135 2816 1189 An
2836 1150 2962 1190 vero
2995 1135 3186 1189 horum
3217 1136 3398 1190 nomi-

1835 1243 1964 1281 num
1999 1226 2431 1296 signiflcationes
2460 1225 2528 1280 ad
2564 1225 2758 1296 psalmi
2799 1226 3224 1296 speculationem
3261 1242 3400 1281 con-

1836 1318 2032 1381 ferant,
2071 1327 2125 1372 tu
2169 1316 2286 1386 ipse
2328 1316 2643 1372 consideres
2695 1316 2877 1371 velim.
2909 1317 3043 1372 Cum
3088 1324 3267 1373 autem
3309 1317 3399 1372 hic

1813 1409 2081 1479 'psalmus
2120 1416 2428 1478 postremus
2470 1408 2542 1463 sit
2572 1423 2785 1470 eorum,
2818 1407 2909 1478 qui
2948 1404 3210 1461 Filiorum
3259 1406 3403 1464 Core

1835 1500 2082 1570 inscripti
2122 1507 2272 1561 sunt,
2298 1499 2602 1554 Salvatoris
2636 1500 2809 1554 nostri
2837 1499 2902 1554 ad
2941 1499 3144 1554 inferos
3174 1495 3403 1564 descen-

1835 1608 1953 1648 smn
1987 1593 2399 1662 complectitur;
2433 1593 2506 1646 ita
2553 1601 2610 1646 ut
2639 1590 2796 1661 quasi
2821 1589 2889 1645 de
2919 1590 3189 1645 industria
3225 1591 3403 1660 provi-

1813 1699 1953 1738 sum
1976 1685 2067 1747 sit,
2105 1690 2163 1736 ut
2197 1684 2386 1738 mortis
2426 1683 2547 1752 ejus
2588 1681 2905 1754 mysterittm
2941 1681 2994 1735 in
3021 1681 3124 1734 fine
3154 1681 3398 1734 omnium

1835 1774 2158 1828 traderetur.
2189 1772 2564 1843 Videnturque
2612 1772 2743 1826 mihi
2776 1771 2830 1824 hi
2877 1778 3110 1840 quatuor
3137 1766 3400 1823 Filiorum

157 1859 370 1914 κάθοδον
398 1861 498 1934 τὴν
525 1863 606 1925 είς
635 1863 726 1916 τὸν
759 1863 888 1933 ᾅδην
917 1863 1012 1916 τοῦ
1039 1865 1288 1937 Σωτῆρος
1325 1863 1481 1936 ἡμῶν
1515 1864 1717 1937 περιεί-

1828 1863 1964 1919 Core
2017 1865 2231 1934 psalmi,
2282 1879 2476 1935 nempe
2525 1878 2757 1929 uuln,
2811 1877 3032 1925 Lxxxw,
3093 1876 3289 1915 Lxxxw
3346 1867 3402 1914 et

156 1948 314 2022 ληφεν
337 1991 353 2015 ,
387 1951 578 2026 ὥσπερ
608 1953 921 2025 ἐξεπίτηδες
952 1956 1388 2027 ταμιευσαμένου
1430 1955 1525 2009 τοῦ
1565 1956 1724 2025 λόγου

153 2043 211 2097 τὺ
239 2047 531 2118 μυστήριον
552 2043 644 2100 τοῦ
669 2047 898 2102 θανάτου
925 2048 1015 2101 ἐπὶ
1038 2047 1182 2102 τέλει
1203 2047 1297 2101 τοῦ
1325 2048 1527 2112 παντὸς
1549 2065 1727 2120 παρα-

153 2133 340 2189 δοῦναι.
373 2137 485 2190 Καί
516 2155 607 2209 μοι
631 2139 878 2194 δοκοῦσιν
909 2142 956 2194 οἱ
980 2140 1028 2193 δ’
1063 2133 1208 2194 οὗτοι
1240 2140 1362 2192 Τῶν
1396 2139 1528 2194 υἱῶν
1559 2138 1723 2211 Κορὲ,

155 2223 284 2293 λέγω
303 2226 357 2279 δὲ
375 2229 403 2281 ὁ
431 2228 613 2298 τρίτος
633 2231 726 2284 καὶ
755 2236 839 2294 π’,
867 2231 960 2285 καὶ
983 2234 1011 2286 6
1033 2231 1087 2284 δ’
1114 2233 1210 2286 καλ⁸
1241 2250 1283 2285 π
1300 2238 1334 2298 ',
1365 2232 1395 2286 ὃ
1417 2249 1478 2284 τε
1504 2238 1612 2297 πς¹
1637 2232 1733 2286 καὶ

151 2319 178 2371 6
197 2315 266 2381 πζ
276 2318 289 2336 ’
308 2318 394 2389 ἔχε
404 2336 452 2372 ιν
480 2319 601 2374 τινά
615 2321 752 2393 πρὸς
766 2321 1027 2394 ἀλλήλους
1048 2322 1385 2377 ἀκολουθίαν.
1418 2323 1476 2376 '0
1495 2320 1594 2394 μὲν
1614 2321 1722 2392 γὰρ

153 2407 248 2476 πγ¹
277 2407 462 2477 σαφῶς
496 2409 632 2463 Θεοῦ
664 2412 962 2484 παρουσίαν
995 2415 1072 2478 εἰς
1104 2408 1425 2486 ἀνθρώπους
1456 2413 1549 2467 καὶ
1587 2414 1724 2483 Χρι-

152 2497 268 2553 στοῦ
298 2502 637 2574 προφητείαν
663 2504 918 2576 ὀνομαστὶ
947 2508 1248 2577 περιεῖχεν·
1283 2507 1312 2559 6
1338 2505 1400 2560 ’δὲ
1423 2504 1551 2576 ἑξῆς
1577 2504 1727 2576 αὐτῷ

151 2586 182 2666 ᾔ
221 2592 376 2664 τάχος
409 2597 696 2668 ἐπιστῆναι
751 2596 820 2650 τά
848 2597 1251 2670 τεθεσπισμένα
1298 2597 1532 2671 ηὔχετοο
1585 2598 1614 2650 6
1664 2587 1724 2650 at

1823 1967 2041 2007 unum
2075 1953 2280 2023 aliquid
2327 1953 2685 2009 connexionis
2718 1952 2864 2006 inter
2908 1967 2968 2006 se
3007 1951 3228 2006 habere.
3263 1949 3398 2004 Nam

1824 2057 2030 2099 unm
2077 2043 2170 2100 Dei
2207 2046 2499 2099 adventum
2545 2045 2612 2100 ad
2653 2045 2908 2100 homines
2946 2052 3000 2099 et
3030 2043 3235 2099 Christi
3269 2057 3403 2113 pro-

1825 2137 2061 2208 phetiam
2100 2134 2387 2191 manifeste
2438 2137 2853 2206 complectitur;
2891 2149 3126 2206 sequens
3172 2149 3302 2189 vero
3335 2148 3402 2188 ea

1829 2243 1949 2298 quae
1980 2227 2035 2281 in
2069 2225 2324 2280 vaticinio
2352 2224 2671 2281 ferebantur
2701 2227 3102 2294 quampriumm
3139 2225 3403 2280 accedere

1829 2317 2156 2389 precabatur
2198 2315 2559 2386 :praecedens
2621 2324 2802 2372 autem
2864 2316 3107 2386 psalmus
3161 2315 3282 2386 ejus
3343 2315 3400 2370 in

1830 2425 1997 2466 carne
2039 2416 2218 2463 ortum
2267 2408 2381 2479 jam
2427 2408 2844 2474 subindicabat;
2899 2407 2986 2462 hic
3025 2421 3152 2462 vero
3202 2421 3399 2462 conse-

1831 2508 2065 2573 quenter
2091 2499 2160 2554 ad
2185 2514 2281 2555 eos
2308 2514 2500 2556 omnes
2539 2507 2769 2554 mortem
2792 2498 2935 2569 ejus,
2974 2511 3137 2569 quam
3166 2513 3264 2568 pro
3296 2496 3396 2552 ho-

1834 2595 2074 2650 minibus
2099 2591 2365 2663 suscepit,
2401 2591 2755 2663 praenuntiat.

151 2683 247 2756 πρὸ
267 2684 358 2739 τοῦ
391 2686 532 2758 μετά
554 2690 742 2760 χεῖρας
770 2689 870 2761 ἤδη
895 2689 994 2762 τὴν
1020 2689 1281 2762 ένσαρκον
1307 2687 1471 2743 αὑτοῦ
1499 2687 1713 2758 γένεσιν
1746 2686 1992 2758 ᾐνίττετο
2009 2703 2024 2717 ·
2055 2682 2264 2748 τούτοις
2286 2683 2343 2737 δὲ
2379 2683 2545 2736 πᾶσιν
2609 2681 2918 2747 ἀκολούθως
2953 2683 2983 2736 6
3044 2680 3403 2754 προκείμενος

149 2777 229 2832 τὸν
253 2779 479 2834 θάνατον
497 2823 513 2848 ,
543 2781 602 2836 ὃν
634 2783 773 2856 ὑπὲρ
800 2784 896 2838 ἀνθ
907 2783 1103 2856 ρώπων
1125 2784 1411 2850 ἀνεδέξατο
1431 2826 1446 2850 ,
1471 2783 1871 2855 προαναφωνετ.

210 2897 380 2964 Κύριε
399 2899 431 2950 ό
461 2896 606 2963 Θεὸς
626 2896 734 2965 τῆς
761 2901 1058 2968 σωτηρίας
1071 2918 1212 2971 μου,
1234 2900 1458 2970 ἡμέρας
1475 2899 1717 2968 ἐκέκρα-

149 2983 247 3051 Ea,
274 2987 367 3041 καὶ
403 2989 480 3041 ἐν
502 2989 675 3042 νυκτὶ
704 2991 984 3045 ἐναντίον
1012 3007 1149 3046 σου.
1185 2990 1519 3046 Εἱσελθέτω
1549 2992 1717 3045 ἐναν-

1896 2896 2114 2950 Domine
2144 2894 2285 2949 Deus
2312 2894 2503 2948 salutis
2537 2908 2686 2957 mele,
2719 2892 2771 2946 in
2801 2891 2887 2945 die
2916 2889 3144 2944 clamavi
3171 2898 3219 2942 et
3252 2895 3402 2941 nocte

1821 3005 2000 3043 coram
2041 2996 2109 3041 te.
2145 3017 2216 3026 —
2241 2984 2409 3041 Vens.
2443 2986 2496 3040 5.
2543 2983 2713 3039 Intret
2752 2984 2806 3037 in
2829 2989 3103 3050 conspectu
3156 2991 3244 3032 tuo
3276 2995 3400 3033 ora-

148 3079 269 3132 τίον
292 3093 406 3134 σου
437 3081 480 3149 ή
515 3082 826 3153 προσευχὴ
851 3101 990 3152 μου,
1020 3084 1232 3138 κλῖνον
1257 3086 1323 3138 τὸ
1349 3079 1458 3150 οὖς
1486 3098 1603 3138 σου
1628 3085 1716 3150 εις

1828 3081 1897 3132 lio
1928 3095 2082 3133 mea:
2109 3078 2308 3132 inclina
2340 3094 2521 3133 aurem
2569 3087 2715 3131 tuam
2760 3075 2829 3128 ad
2859 3089 3060 3142 precem
3110 3089 3302 3126 meam.
3339 3072 3399 3125 In

150 3168 252 3238 τὴν
268 3168 484 3239 δέησίν
503 3188 643 3240 μου.
678 3172 766 3224 Ἐν
790 3171 868 3244 τῷ
891 3180 988 3226 κα¹
1011 3173 1210 3244 ψαλμῷ
1231 3174 1323 3228 καὶ
1346 3171 1495 3242 αὐτῷ
1521 3173 1602 3236 είς
1629 3171 1717 3226 τὸν

1828 3172 2086 3228 vicesimo
2131 3171 2308 3243 primo
2357 3171 2586 3242 psalmo,
2631 3170 2727 3241 qui
2775 3167 2962 3224 itidem
3011 3166 3078 3220 ad
3123 3165 3401 3220 Christum

147 3259 368 3333 Χριστὸν
388 3263 801 3335 ἀναφερομένῳ,
821 3264 916 3318 καὶ
934 3264 993 3318 τὸ
1014 3265 1182 3329 πάθος
1203 3264 1364 3318 αὐτοῦ
1388 3263 1574 3332 σαφῶς
1596 3279 1721 3335 προ-

148 3349 456 3420 mra-.5th,
488 3351 624 3423 ὅπερ
665 3351 754 3405 διὰ
795 3352 894 3424 τῆς
919 3355 1094 3426 ἀρχῆς
1131 3354 1459 3425 παρίστησιν
1490 3355 1519 3406 6
1562 3352 1720 3423 λόγος

147 3437 387 3510 φάσκων·
416 3444 485 3496 Ὃ
510 3443 676 3510 Θεὸς,
704 3446 738 3498 ὁ
773 3445 916 3510 Θεός
942 3463 1082 3515 μου,
1105 3446 1371 3516 πρόσχες
1394 3463 1517 3516 μοι,
1538 3446 1641 3500 ἵνα
1663 3445 1720 3498 τι

146 3533 520 3601 ἐγκατέλιπές
562 3551 676 3605 ys;
720 3536 748 3590 ὃ
797 3537 892 3590 καὶ¹
927 3537 1348 3610 μεμαρτύρηται
1398 3536 1542 3592 κατὰ
1573 3535 1718 3602 λέξιν

147 3625 231 3677 ἐπὶ
255 3626 344 3678 τοῦ
373 3626 584 3690 πάθους
605 3629 633 3680 6
656 3628 847 3699 Σωτὴρ
865 3630 897 3699 ὴ
907 3628 1022 3700 μῶν
1043 3629 1300 3701 εἰρηκὼς,
1333 3629 1471 3700 μετά
1497 3627 1594 3701 τὴν
1619 3629 1718 3699 ἀρ-

149 3714 240 3784 χὴν
267 3713 391 3786 ἑξῆς
418 3715 728 3785 ὲπιλέγεται
751 3735 762 3747 ·
779 3719 833 3770 '0
859 3721 1004 3785 Θεός
1025 3737 1166 3788 μου,
1193 3719 1552 3789 κεκράξομαι
1572 3701 1715 3788 ἠμέ-

143 3819 265 3868 ρας,
285 3805 382 3860 καὶ
413 3807 528 3858 οὐκ
553 3807 917 3876 εὶσακούσῃ,
952 3809 1050 3861 καὶ
1081 3809 1302 3874 νυκτὸς
1321 3849 1336 3873 ,
1366 3809 1464 3862 καὶ
1495 3811 1606 3863 οὐκ
1629 3811 1717 3876 είς

148 3894 350 3949 ἄνοιαν
376 3897 530 3967 ἐμοί.
581 3900 691 3952 Καὶ
718 3901 747 3952 6
770 3899 958 3971 παρὼν
987 3900 1045 3953 δὲ
1076 3899 1289 3970 ψαλμὸς
1319 3917 1479 3972 φησιν
1497 3917 1512 3932 ο
1557 3900 1715 3970 Ἡμέ-

143 4001 244 4052 ρας
265 3987 580 4056 ἐκέκραξα,
611 3990 708 4044 καὶ
727 3991 796 4043 ἐν
818 3989 990 4044 νυκτὶ
1015 3991 1292 4045 ἐναντίον
1309 4005 1448 4044 σου.
1483 3990 1594 4045 Καί
1623 4007 1713 4061 μοι

146 4071 356 4128 δοκεῖτὸ
379 4076 560 4144 λόγιον
585 4077 676 4130 τὸν
706 4077 820 4148 βίον
864 4079 965 4150 τῆς
988 4078 1451 4151 ὲνανθρωπήσεως
1477 4078 1573 4132 τοῦ
1602 4079 1714 4132 Σω-

146 4165 294 4236 τῆρος
331 4169 490 4239 ἡμῶν
531 4170 868 4242 ὑπογράφειν
888 4171 977 4224 διά
1009 4172 1190 4244 πάσης
1218 4173 1279 4225 οὐ
1314 4171 1474 4242 μόνον
1498 4171 1712 4244 ἡμέρας

147 4254 272 4321 ἀλλὰ
315 4258 408 4310 καὶ
433 4258 628 4320 νυκτὸς
656 4260 1016 4330 ἀνακειμένου
1045 4260 1123 4331 τῷ
1156 4259 1292 4332 Θεῷ.
1354 4261 1509 4330 Ἔχει
1530 4260 1587 4313 δὲ
1620 4260 1712 4313 καὶ

147 4346 200 4398 tv
243 4352 350 4412 τοῖς
395 4350 747 4419 Εὐαγγελίοις
796 4352 942 4416 ὅπως
992 4355 1112 4417 ταῖς
1161 4353 1348 4424 εὐχαῖς
1389 4352 1476 4406 διά
1514 4352 1712 4416 παντὸς

1823 3262 2082 3330 refertur,
2118 3263 2348 3332 ejusque
2383 3263 2694 3332 passionem
2737 3269 2922 3330 aperte
2944 3257 3297 3320 vaticinatur,
3337 3264 3400 3310 ut

1821 3355 1890 3410 ab
1924 3354 2078 3409 initio
2107 3353 2418 3408 declaratur
2443 3353 2530 3409 his
2550 3352 2752 3416 verbis,
2783 3351 2920 3405 Deus
2955 3349 3093 3403 Deus
3123 3365 3287 3411 meus,
3317 3364 3400 3404 re-

1820 3445 1958 3514 spice
1982 3445 2036 3498 in
2065 3461 2166 3508 me,
2199 3461 2360 3514 quare
2403 3461 2481 3498 me
2515 3443 2842 3514 dereliquisti
2865 3441 2990 3494 ‘°'?
3021 3440 3166 3511 quod
3206 3437 3399 3494 Salva-

1820 3543 1994 3591 torem
2019 3537 2086 3591 ad
2119 3537 2344 3592 verbum
2367 3536 2422 3590 in
2455 3535 2710 3606 passione
2739 3533 2947 3589 dixisse
2980 3539 3266 3597 narratur;
3292 3537 3399 3584 sta-

1821 3628 1915 3681 tim
1959 3636 2080 3697 post
2105 3627 2320 3681 initium
2369 3625 2612 3689 additur,
2661 3623 2802 3678 Deus
2837 3638 2980 3676 meus
3023 3618 3266 3674 clamabo
3306 3633 3400 3686 per

1817 3718 1953 3772 diem
1980 3725 2030 3770 et
2055 3733 2158 3770 non
2185 3715 2458 3780 exaudies,
2487 3723 2536 3769 et
2567 3723 2715 3768 nocte
2733 3723 2781 3767 et
2812 3729 2917 3766 non
2940 3708 3010 3764 ad
3037 3707 3397 3776 insipientiam

1819 3808 1970 3862 mihi.
2010 3808 2258 3863 Pratsens
2286 3807 2414 3860 item
2446 3805 2689 3876 psalmus
2730 3803 2827 3866 ait,
2860 3800 2926 3856 In
2959 3798 3044 3853 die
3077 3798 3306 3853 clamavi
3341 3805 3395 3852 et

1815 3908 1968 3954 nocte
1994 3915 2175 3954 coram
2201 3911 2266 3954 te.
2293 3899 2626 3968 Videturque
2656 3896 2787 3950 mibi
2807 3896 2893 3950 his
2920 3893 3272 3950 subindicare
3308 3901 3393 3946 to-

1819 3997 1931 4044 tam
1959 3990 2226 4044 incarnati
2264 3989 2564 4044 Salvatoris
2596 3986 2770 4043 nostri
2803 3987 2990 4048 vitam,
3021 3999 3143 4054 qua:
3172 3997 3281 4038 non
3314 3997 3402 4038 so-

1817 4083 1929 4137 lum
1966 4083 2054 4138 die
2102 4083 2196 4139 sed
2230 4083 2396 4137 etiam
2451 4089 2612 4136 nocte
2657 4077 2768 4134 Deo
2813 4084 3134 4133 consecrata
3181 4074 3303 4130 fuit.
3337 4076 3395 4128 In

1813 4171 2124 4242 Evangeliis
2175 4187 2338 4243 porro
2385 4170 2589 4226 dicitur
2621 4184 2747 4224 eum
2797 4181 3012 4236 semper
3055 4162 3397 4222 orationibus

1814 4278 2061 4320 vacasse.
2097 4263 2154 4318 In
2187 4262 2441 4335 praesenti
2464 4277 2596 4318 vero
2618 4261 2832 4316 Patrem
2866 4258 3122 4314 obsecrat
3151 4265 3208 4312 et
3238 4263 3396 4326 rogat

1813 4364 1877 4410 ut
1909 4356 2135 4412 inclinet
2169 4371 2357 4411 aurem
2387 4356 2452 4411 ad
2481 4370 2698 4426 precem
2741 4367 2931 4418 suam;
2972 4351 3026 4405 id
3057 4355 3163 4412 est,
3192 4355 3253 4402 ut
3295 4363 3397 4402 an-

147 4439 444 4510 ὲσχόλαζεν.
496 4443 621 4497 Ἐπὶ
665 4444 834 4498 δὲτοῦ
875 4445 1139 4516 παρόντος
1161 4445 1340 4499 δέεται
1378 4445 1472 4499 τοῦ
1496 4445 1708 4517 Πατρδς

1828 4459 1954 4505 nuat
1994 4453 2351 4522 petitionibus
2394 4452 2534 4507 suis.
2573 4450 2742 4522 quue
2777 4457 3034 4520 precatur
3067 4453 3256 4516 utpote
3297 4447 3392 4514 qui

147 4529 236 4583 καὶ
274 4533 416 4600 ἀξιοῖ
465 4533 641 4589 κλῖναι
673 4536 734 4589 τὸ
786 4530 882 4599 οὖς
937 4535 1073 4609 πρὸς
1121 4536 1220 4608 τὴν
1269 4537 1454 4606 δέησιν
1504 4535 1670 4591 αὐτοῦ
1689 4552 1704 4566 ’

147 4625 407 4678 τουτέστιν
437 4625 717 4680 ἐπινεῦσαι
759 4629 872 4690 τοῖς
907 4628 1198 4698 αἰτήμασιν
1229 4629 1410 4681 αὐτοῦ.
1439 4629 1546 4682 Καὶ
1567 4628 1708 4682 τοῦτ’

146 4714 372 4786 εὔχεται,
395 4717 471 4782 ὡς
500 4717 566 4771 ἂν
589 4718 796 4789 μέλλων
825 4718 970 4790 ὑπὲρ
987 4719 1241 4774 ἁπάντων
1266 4720 1374 4773 τῶν
1396 4720 1584 4783 ὲθνῶν,
1612 4720 1710 4773 αὐ-

145 4807 228 4871 τὸς
251 4810 437 4864 ἑαυτὸν
455 4811 531 4881 τῷ
552 4812 726 4883 Πατρὶ
748 4816 1076 4884 προσφέρειν
1101 4813 1309 4867 θυσίαν.
1334 4814 1509 4868 Πολλά
1531 4815 1587 4867 δὲ
1612 4831 1711 4867 πε-

149 4897 198 4968 ρὶ
222 4899 312 4953 τοῦ
348 4901 478 4956 ίδίου
508 4901 739 4957 θανάτου
772 4903 980 4974 μέλλων
1012 4903 1139 4976 ἑξῆς
1167 4904 1451 4972 διεξιέναι,
1485 4907 1625 4978 ὁρῶν
1647 4925 1707 4961 τε

143 4987 234 5061 τὴν
259 4992 394 5061 μετά
417 4991 642 5047 θάνατον
663 4993 1043 5067 διαδεξομένην
1063 4995 1226 5050 αὑτὸν
1253 4997 1547 5068 σωτηρίαν,
1567 4999 1709 5051 εἰκό-

147 5094 247 5144 τως
265 5082 362 5154 τὴν
393 5085 648 5158 ἀπαρχὴν
675 5085 770 5140 τοῦ
791 5087 1006 5158 ψαλμοῦ
1025 5091 1093 5160 τῇ
1120 5088 1283 5142 αὐτοῦ
1315 5091 1558 5161 σωτηρίᾳ
1577 5107 1710 5161 προ-

145 5167 316 5225 λαϐὼν
343 5174 656 5247 ἀνατίθησι·
687 5176 767 5230 διό
799 5195 954 5249 φησι,
979 5181 1153 5248 Κύριε
1175 5183 1207 5233 ὁ
1230 5179 1374 5247 Θεὸς
1393 5180 1504 5248 τῆς
1527 5197 1712 5248 σωτη-

138 5260 266 5327 ρίας
285 5282 427 5332 μου.
459 5269 587 5323 Ὅτι
613 5269 892 5337 ἐπλήσθη
920 5269 1122 5324 κακῶν
1151 5272 1188 5337 ἠ
1227 5273 1399 5341 ψυχή
1421 5290 1570 5341 μου,
1612 5273 1710 5327 καὶ

145 5347 178 5415 ’l
207 5349 312 5422 ζωή
337 5374 458 5425 μου
493 5358 575 5426 τῷ
606 5360 720 5430 ᾄδῃ
752 5359 966 5430 ἥγνισε
984 5401 998 5424 ,
1033 5365 1520 5433 προσελογιίσθην
1555 5367 1706 5433 μετὰ

145 5441 253 5497 τῶν
279 5451 754 5504 καταϐαινόντων
783 5453 870 5515 εἰς
893 5449 1145 5504 λάκκον.
1175 5453 1367 5520 Σαφῶς
1387 5454 1476 5518 διὰ
1505 5455 1707 5510 τούτων

141 5532 235 5605 τὴν
275 5539 353 5601 είς
384 5539 476 5594 τὸν
517 5541 650 5612 ᾅδην
683 5543 906 5596 κάθοδον
939 5543 1101 5596 αὑτοῦ
1143 5544 1476 5616 παρίστησι,
1514 5547 1610 5601 καὶ
1641 5547 1709 5602 τά

144 5626 282 5680 κακά
323 5621 398 5682 ὧν
443 5632 831 5704 πεπληρῶσθαι
880 5635 1072 5688 ἑαυτοῦ
1117 5634 1322 5704 ἔφασκε
1367 5637 1463 5708 τὴν
1510 5638 1706 5712 ψυχήν.

217 5777 259 5808 ⁸⁸
298 5778 359 5832 Ill
395 5780 521 5854 Reg.
563 5801 632 5848 tv,
669 5785 753 5839 5|.
834 5785 900 5819 ”⁸’
940 5735 1061 5842 Ρδέιί
1122 5802 1207 5840 xx'
1278 5785 1332 5841 2.

1820 4557 1920 4611 pro
1949 4544 2207 4598 omnibus
2236 4543 2490 4614 gentibus
2522 4543 2640 4614 ipse
2681 4557 2741 4597 se
2770 4539 2916 4594 Patri
2955 4539 3009 4592 in
3057 4535 3392 4593 sacriﬁcium

1815 4633 2100 4690 oblaturus
2133 4645 2300 4691 esset.
2340 4633 2476 4689 Cum
2512 4643 2692 4689 autem
2748 4631 2916 4684 multa
2957 4630 3025 4683 de
3070 4634 3246 4681 morte
3291 4639 3393 4680 sua
3505 4691 3512 4696 _

1816 4723 2076 4796 deinceps
2104 4737 2450 4791 narraturus,
2495 4723 2838 4797 prospiceret
2869 4736 2988 4776 eam
3019 4734 3142 4790 quae
3181 4734 3241 4774 se
3266 4724 3392 4788 post

1815 4829 2046 4873 mortem
2075 4831 2369 4890 exceptura
2395 4823 2514 4873 erat
2549 4816 2805 4874 salutem.
2836 4811 3050 4867 initium
3078 4808 3270 4880 psalmi
3297 4821 3389 4860 sa-

1816 4914 1915 4968 luti
1961 4927 2078 4967 suaa
2139 4917 2502 4980 congruenter
2553 4904 2790 4975 applicat
2843 4917 2968 4956 cum
3021 4900 3140 4953 ait:
3171 4897 3390 4952 Domine

1816 5007 1956 5062 Deus
2008 5005 2199 5060 salutis
2243 5019 2392 5057 mete.
2425 4999 2682 5053 —Vsns.
2711 4997 2766 5060 4,
2804 4996 2855 5050 5.
2893 4994 3034 5060 Quia
3079 4992 3278 5061 repleta
3311 4998 3388 5042 est

1815 5101 1973 5154 malis
2001 5099 2181 5151 anima
2219 5113 2353 5160 mea,
2391 5105 2442 5149 et
2472 5095 2580 5149 vita
2619 5107 2736 5145 mea
2764 5090 2970 5159 inferno
2997 5084 3387 5154 appropinqua-

1816 5193 1922 5254 vit,
1966 5190 2260 5245 aestimatus
2320 5203 2436 5240 sum
2481 5199 2600 5238 cum
2647 5176 3075 5235 descendentibus
3103 5176 3157 5228 in
3188 5173 3383 5225 lacum.

1817 5281 1912 5336 llis
1933 5280 2261 5336 descensum
2282 5277 2347 5332 ad
2379 5275 2586 5331 inferos
2612 5287 2773 5328 suum
2797 5269 3087 5323 manifeste
3117 5263 3384 5325 declarat,

1811 5389 2028 5430 necnon
2050 5373 2191 5426 mala
2223 5371 2310 5424 illa
2330 5368 2485 5439 queis
2505 5367 2754 5421 afflictam
2781 5362 3018 5416 animam
3041 5371 3194 5413 suam
3217 5353 3386 5407 fuisse

1813 5464 2157 5519 testificatur.
2236 5460 2372 5514 Mala
2427 5473 2598 5520 vero,
2679 5450 3020 5510 calamitates
3083 5444 3320 5515 appellat
3361 5461 3381 5498 τ

1815 5567 1940 5608 nam
1994 5552 2122 5605 mali
2175 5565 2372 5605 nomen
2417 5549 2580 5603 latius
2642 5541 3003 5612 intelligitur;
3054 5534 3382 5591 sive‘etiam

1818 5642 1902 5698 his
1934 5642 2134 5698 indicat
2164 5641 2441 5696 hominum
2478 5638 2762 5699 malitiam,
2799 5646 2904 5704 qua
2939 5629 3196 5698 repletam
3243 5622 3387 5684 dixit
