3798 6282
461 336 602 395 1065

1165 333 1436 392 EUSEBII
1473 333 1950 391 CESABIENSIS
1988 334 2136 391 OPP.
2179 334 2357 391 PARS
2394 332 2483 390 Ill.
2522 367 2590 377 —
2638 334 3049 393 EXECE’HCA.

3517 337 3634 395 mss

453 457 691 514 animam
716 472 906 523 suam;
939 457 1048 513 imo
1068 457 1232 514 etiam
1255 464 1475 528 peccata
1499 464 1705 514 nostra.
1729 472 1851 527 quae
1871 456 1927 511 in
1957 472 1994 512 se

2117 457 2276 512 Κακὰ
2306 458 2362 512 δὲ
2385 459 2503 529 ἦτοι
2549 458 2646 521 τὰς
2684 457 3028 530 περιστάσεις
3062 454 3346 526 ὀνομάζει,
3370 454 3627 528 κοινότερον

455 552 571 620 ipse
593 551 857 620 suscepit,
884 565 952 605 ac
980 565 1213 622 quorum
1241 565 1409 605 causa
1439 549 1616 605 factus
1647 557 1732 605 est
1775 564 1873 618 pro
1910 563 2015 603 no-

452 638 538 696 bis
580 640 951 706 maledictum,
992 641 1292 698 secundum
1339 641 1653 705 Apostolum
1696 641 2011 700 dicentem:

448 725 708 782 Dominus
746 744 841 798 pro
889 730 1037 785 nobis
1080 739 1318 784 mortuus
1357 738 1455 794 est,
1503 729 1678 799 factus
1717 744 1814 795 pro
1864 728 2013 784 nobis

450 820 813 884 maledictum.
859 825 985 895 quia
1025 826 1278 892 scriptum
1325 833 1453 881 est:
1482 824 1799 880 Haledictus
1842 825 2011 881 omnis

447 911 749 1001 qui-pendet
776 914 829 968 in
859 912 1001 983 ligno
1021 915 1089 969 ”.
1120 915 1300 985 Quare
1322 954 1338 979 ,
1373 925 1430 970 ut
1470 915 1523 970 in
1569 916 1778 987 psalmo
1815 915 2011 981 fertur,

448 1000 655 1070 repleta
692 1009 777 1058 est
821 1003 980 1057 malis
1020 1004 1201 1059 anima
1247 1004 1389 1074 ejus,
1419 1012 1477 1060 et
1501 1010 1610 1060 vita
1646 1006 1766 1075 eius
1795 1005 2010 1063 inferno

447 1093 927 1164 appropinquavit,
985 1093 1130 1164 quod
1178 1094 1357 1165 ipsum
1411 1081 1736 1153 descensum
1781 1099 1902 1166 eius
1950 1099 2008 1154 in

448 1190 679 1238 mortem
709 1184 856 1240 clare
883 1182 1170 1254 signiﬁcat.
1208 1183 1332 1240 Ideo
1364 1185 1556 1256 Aquila
1590 1187 1671 1243 sic
1696 1187 1866 1243 edidit
1893 1206 1908 1244 :
1940 1187 2007 1243 Et

446 1272 553 1326 vita
584 1289 698 1327 mea
716 1275 771 1329 in
799 1275 1061 1345 infernum
1075 1275 1324 1339 elevavit;
1348 1274 1706 1347 Symmachus
1739 1294 1867 1333 vero
1884 1294 1905 1331 ‘:
1930 1277 2001 1333 Et

447 1364 552 1420 vita
588 1383 704 1421 mea
766 1367 1030 1429 infernum
1069 1368 1264 1438 attigit.
1302 1366 1371 1422 Ut
1411 1376 1591 1423 autem
1630 1369 1758 1425 alibi
1800 1370 2005 1426 dictum

442 1464 529 1514 est
568 1472 582 1510 :
626 1456 761 1512 Cum
803 1460 995 1529 iniquis
1031 1470 1299 1530 reputatus
1336 1470 1453 1527 est;
1497 1462 1579 1518 sic
1613 1470 1667 1517 et
1704 1463 1807 1517 hoc
1839 1463 2000 1518 loco:

446 1539 766 1602 Estimatus
796 1564 935 1614 sum,
974 1549 1170 1621 inquit,
1207 1566 1324 1604 cum
1354 1549 1776 1606 descendentibus
1820 1551 1875 1605 in
1923 1551 2005 1606 la-

440 1653 580 1693 cum.
618 1636 724 1694 Pro
768 1654 877 1712 quo
927 1639 1287 1714 Symmachus
1319 1642 1487 1697 edidit
1521 1661 1535 1698 :
1571 1640 1859 1712 Reputatus
1886 1658 2003 1697 sunt

440 1745 561 1784 cum
591 1730 829 1788 deductis
866 1733 922 1787 in
950 1732 1147 1788 lacum.
1183 1731 1463 1804 Siquidem
1513 1749 1700 1790 omnes
1754 1732 2000 1788 homines

2117 547 2499 619 ὲξακουομένου
2524 549 2616 604 τοῦ
2640 550 2746 604 τῶν
2766 548 2950 604 κακῶν
2967 548 3245 619 ὀνόματος,
3271 548 3307 619 ἢ
3333 547 3425 600 καὶ
3440 547 3526 618 τὴν
3542 548 3628 601 τῶν

2112 639 2411 713 ἀνθρώπων
2442 641 2659 705 κακίαν,
2685 637 2753 713 ἦς
2775 639 3154 712 πεπληρῶσθαι
3177 639 3280 711 τὴν
3307 637 3475 710 ψυχὴν
3496 638 3629 697 αὐτοῦ

2112 732 2322 802 ἔλεγεν·
2348 732 2484 787 ἀλλὰ
2503 734 2598 789 καὶ
2625 732 2722 797 τὰς
2752 731 3022 804 ἁμαρτίας
3047 732 3143 797 τὰς
3161 731 3466 803 ἡμετέρας,
3494 731 3549 792 ἃς
3567 731 3634 791 εἰς

2111 821 2297 876 ἑαυτὸν
2316 822 2568 894 ἀνείληφε
2582 864 2597 888 ,
2612 822 2678 876 δι’
2693 821 2759 886 ἃς
2777 823 2872 877 καὶ
2887 821 3105 892 γέγονεν
3127 816 3270 892 ὑπὲρ
3287 822 3321 891 ἡ
3331 818 3443 889 μῶν
3455 818 3627 889 κατάρα

2110 915 2252 970 κατὰ
2289 916 2381 969 τὸν
2436 916 2751 970 Ἀπόστολον
2773 955 2789 979 ,
2814 914 2874 980 ὃς
2902 915 3003 985 ἔφη
3025 932 3039 947 ν
3070 915 3287 980 Κύριος
3313 911 3464 979 ὑπὲρ
3493 911 3627 981 ἡμῶν

2107 1004 2385 1071 ἀπέθανε,
2410 1006 2724 1077 γενόμενος
2736 1004 2885 1073 ὑπὲρ
2897 1004 3065 1075 ἡμῶν
3083 1003 3309 1072 κατάρα
3327 1020 3343 1033 ο
3370 1001 3453 1054 ὅτι
3472 1001 3631 1072 τέτμ-

2107 1113 2247 1151 attat
2261 1113 2275 1128 ’
2310 1096 2762 1165 Ἐπικατάρατος
2779 1095 2897 1163 πᾶς
2916 1100 2948 1151 ό
2962 1094 3328 1165 κρεμάμενος
3346 1093 3442 1147 ἐπὶ
3456 1093 3627 1157 ξύλου.

2106 1186 2196 1241 Διὸ
2210 1188 2303 1242 καὶ
2317 1187 2456 1242 κατὰ
2470 1188 2561 1241 τὸν
2574 1187 2806 1260 ψαλμὸν,
2820 1187 3060 1260 ἐπλήσθη
3077 1185 3265 1240 κακῶν
3280 1185 3468 1258 ἡψυχὴ
3478 1186 3628 1252 αὐτοῦ,

2106 1279 2199 1334 καὶ
2219 1281 2252 1351 ἡ
2276 1279 2388 1351 ζωὴ
2405 1278 2565 1333 αὐτοῦ
2582 1278 2659 1351 τῷ
2683 1279 2785 1353 ᾅδῃ
2808 1279 3050 1351 ήγγισενο
3079 1277 3108 1330 6
3139 1277 3201 1349 δὴ
3226 1277 3329 1331 καὶ
3342 1276 3469 1330 αὐτὸ
3482 1276 3634 1348 σαφῶς

2102 1368 2201 1441 τὴν
2223 1372 2302 1433 εἰς
2320 1370 2414 1424 τὸν
2436 1370 2662 1426 θάνατον
2681 1369 2902 1427 κάθοδον
2919 1368 3080 1425 αὐτοῦ
3102 1368 3272 1439 δηλοῖ.
3304 1367 3499 1439 Διόπερ
3518 1369 3637 1439 ὁμὲν

2118 1459 2345 1523 Ἀκύλας
2380 1458 2640 1527 ἐξέδωκεν
2673 1458 2873 1525 εἰπὼν,
2899 1460 3008 1514 Καὶ
3042 1461 3080 1525 vi
3110 1458 3222 1526 ζωή
3257 1477 3383 1529 μου
3411 1460 3494 1524 εἰς
3513 1458 3632 1525 ᾅδην

2104 1548 2509 1617 κατήντηκενο
2538 1551 2567 1603 6
2591 1550 2648 1603 δὲ
2678 1548 2991 1621 Σύμμαχος,
3018 1549 3128 1605 Kal
3157 1550 3195 1619 ἠ
3237 1547 3353 1615 ζωή
3396 1566 3507 1619 μου
3542 1547 3638 1618 ᾄδῃ

2103 1641 2320 1709 ἥψατο.
2341 1642 2549 1714 Ὠσπερ
2573 1642 2631 1695 δὲ
2657 1643 2866 1714 εἴρηται
2890 1642 3121 1714 ἀλλαχοῦ
3146 1642 3228 1707 τὸ,
3258 1642 3421 1697 Μετὰ
3439 1642 3634 1711 ἀνόμων

2101 1732 2410 1802 ἐλογίσθη·
2444 1732 2601 1786 Οὕτω
2631 1737 2724 1788 καὶ
2745 1734 2993 1800 ἐνταῦθα,
3014 1736 3525 1803 Προσελογισθην,
3557 1752 3635 1807 φη-

441 1820 497 1877 in
528 1822 706 1877 locum
736 1824 949 1889 mortis,
980 1825 1072 1895 qui
1100 1824 1215 1895 iam
1255 1825 1394 1879 lacui
1426 1833 1796 1893 comparatur,
1821 1823 1994 1878 detra-

2104 1824 2156 1876 σὶ
2174 1863 2189 1887 ,
2232 1824 2381 1894 μετὰ
2409 1825 2528 1879 τῶν
2550 1829 3019 1881 καταϐαινόντων
3043 1830 3134 1895 εις
3157 1827 3398 1882 λάκκον
3418 1845 3432 1858 ο
3467 1828 3567 1882 ἀνθ’

439 1909 646 1967 buntur
671 1921 725 1969 et
752 1913 1103 1970 deducuntur
1130 1934 1145 1971 :
1179 1916 1359 1986 itaque
1388 1914 1515 1969 illuc
1541 1923 1758 1984 propter
1779 1922 2001 1984 peccata

433 2015 560 2068 sua,
592 2004 694 2060 ista
722 2005 941 2077 regione
972 2006 1118 2078 digni
1143 2006 1391 2077 iudicati,
1413 2006 1771 2061 descendunt.
1810 2005 1875 2059 Et
1900 2020 2002 2076 ego

438 2106 656 2163 quoque
681 2094 735 2149 in
766 2111 954 2151 eorum
982 2112 1209 2151 numero
1229 2104 1573 2167 computatus
1598 2112 1738 2158 sum.
1765 2096 1867 2152 etsi
1895 2111 2001 2151 non

437 2183 492 2240 id
526 2186 873 2256 promeritus.
927 2187 1024 2243 sed
1067 2186 1213 2242 Patri
1256 2188 1563 2258 obsequens
1598 2186 1795 2241 fuerim
1826 2201 2003 2256 usque

434 2275 504 2332 ad
536 2285 786 2336 mortem.
816 2278 916 2336 Hie
943 2280 1125 2351 itaque
1153 2282 1258 2335 vita
1281 2296 1415 2343 mea,
1448 2280 1645 2350 inquit,
1677 2279 1880 2349 inferno
1906 2293 2001 2347 ap-

422 2370 818 2441 propinquavit,
846 2378 922 2440 et,
941 2371 1263 2426 lEstimatus
1282 2387 1399 2425 sum
1426 2386 1545 2425 cum
1570 2369 2001 2426 descendentibus

431 2464 489 2519 in
521 2464 716 2519 lacum.
744 2462 805 2519 In
835 2465 946 2521 alio
981 2466 1106 2521 item
1136 2464 1344 2535 psalmo
1372 2464 1486 2519 hac
1512 2464 1629 2534 ipsa
1664 2478 1997 2519 commemo-

433 2570 584 2619 rans.
608 2554 838 2612 reditum
857 2555 981 2613 inde
1000 2557 1270 2629 signiﬁcat
1284 2556 1369 2612 his
1383 2554 1594 2611 verbis:
1615 2554 1855 2618 Domine,
1874 2554 1999 2609 edu-

429 2647 559 2702 xisti
573 2647 637 2702 ab
654 2648 858 2718 inferno
872 2650 1104 2704 animam
1118 2665 1307 2715 nteant,
1323 2647 1543 2703 salvasti
1558 2663 1636 2701 me
1647 2664 1680 2701 a
1692 2646 1997 2702 descenden-

431 2736 570 2793 tibus
585 2740 640 2794 in
657 2740 833 2795 laeum
846 2740 893 2775 ’°
913 2760 928 2809 ;
948 2757 1012 2797 ac
1046 2758 1265 2798 rursum
1295 2741 1422 2797 alibi
1449 2760 1462 2796 :
1485 2739 1807 2809 Exspectans
1821 2754 2000 2808 empse

429 2832 568 2885 ctavi
584 2830 889 2897 Dominum,
906 2843 955 2889 et
973 2834 1193 2888 intendit
1210 2833 1373 2887 mihi:
1387 2842 1437 2888 et
1465 2832 1733 2887 exaudivit
1753 2830 1997 2901 depreca-

432 2921 628 2976 tionem
653 2939 841 2989 meam,
863 2932 910 2978 et
929 2923 1109 2978 eduxit
1128 2941 1206 2979 me
1225 2925 1287 2979 de
1304 2925 1420 2979 lacu
1438 2923 1682 2979 miseria.
1714 2920 1777 2974 Et
1804 2921 1995 2977 statuit

426 3028 588 3081 supra
609 3024 812 3083 petram
832 3014 983 3085 pedes
1003 3032 1141 3071 meos
1166 3016 1235 3083 υς
1260 3026 1313 3071 ει
1335 3014 1388 3069 in
1405 3014 1617 3070 decimo
1631 3013 1824 3086 quinto
1848 3014 1995 3084 psal-

427 3119 517 3158 mo
541 3105 745 3162 dictum
775 3116 886 3163 est:
906 3106 1029 3164 Non
1048 3107 1374 3179 derelinquas
1392 3108 1626 3162 animam
1648 3124 1815 3162 meam
1833 3108 1887 3160 in
1907 3106 1991 3160 in-

2102 1911 2363 1978 ὲξέδωκεν
2389 1915 2418 1966 6
2447 1913 2761 1986 Σύμμαχος,
2806 1918 3161 1987 Ἐλογίσθην
3207 1919 3369 1986 μετὰ
3400 1916 3511 1971 τῶν
3532 1935 3639 1972 κατ-

2099 2003 2407 2073 αγομένων
2432 2007 2519 2071 εἰς
2542 2005 2868 2066 λάκκονιοῐ
2901 2010 2998 2080 μὲν
3030 2009 3139 2082 γὰρ
3170 2009 3376 2072 πάντες
3401 2008 3635 2078 ἄνθρωποι

2100 2096 2452 2152 καθέλκονται
2490 2100 2582 2153 καὶ
2610 2102 2931 2170 κατάγονται
2957 2104 3037 2168 εἰς
3066 2104 3127 2156 τὸ
3156 2102 3365 2176 χωρίον
3386 2100 3476 2156 τοῦ
3502 2102 3634 2157 θανά-

2098 2204 2192 2241 του
2208 2230 2223 2256 ,
2248 2189 2309 2242 τὸ
2335 2189 2430 2246 νῦν
2454 2190 2641 2262 λάκκῳ
2663 2194 3163 2266 παραϐαλλόμενον·
3192 2196 3293 2249 καὶ
3318 2196 3633 2248 καταϐαίνον-

2100 2296 2185 2335 σιν
2214 2283 2330 2336 ἐκεῖ
2349 2282 2438 2337 διὰ
2468 2283 2566 2348 τὰς
2597 2285 2804 2341 ἔλυε-ῶν
2826 2287 3120 2359 ἁμαρτίας,
3146 2288 3248 2357 τῆς
3271 2287 3461 2342 αὐτόθι
3487 2287 3634 2358 χώρας

2099 2373 2237 2441 ἄξιοι
2266 2370 2401 2430 εἶναι
2430 2376 2723 2448 κριθέντες.
2762 2378 2931 2446 Κάγὼ
2956 2378 3011 2432 δὲ
3039 2381 3100 2433 ὲν
3122 2379 3341 2443 τούτοις
3368 2379 3632 2450 ἐλογίσθην,

2095 2465 2197 2520 οὐκ
2225 2465 2300 2519 ῶν
2330 2466 2480 2532 ἄξιος
2496 2507 2512 2530 ,
2537 2467 2650 2522 ἀλλ’
2688 2470 2928 2542 ὑπήκοος
2956 2470 3247 2540 γενόμενος
3272 2470 3354 2542 τῷ
3378 2471 3542 2542 [lupi
3560 2469 3633 2540 μέ-

2097 2573 2188 2628 χρι
2215 2556 2464 2612 θανάτου.
2508 2558 2723 2615 Ἐνθάδε
2756 2561 2852 2632 μὲν
2872 2556 2966 2614 οὖν
3002 2562 3041 2630 ἠ
3077 2560 3189 2630 ζωή
3215 2578 3365 2630 μου,
3406 2561 3547 2631 φησὶ,
3572 2557 3633 2624 τῷ

2096 2647 2210 2718 ᾄδῃ
2239 2646 2473 2718 ἤγγικεν
2503 2649 2617 2715 καὶ,
2652 2653 3162 2722 Πρυσελογίσθην,
3198 2653 3359 2722 φησὶ,
3380 2653 3524 2721 μετὰ
3544 2648 3634 2703 τῶν

2096 2741 2570 2795 καταϐαινόντων
2604 2743 2692 2810 εὶς
2720 2742 2985 2798 λάκκον
3018 2744 3076 2800 ἐν
3117 2744 3296 2815 ἑτέρῳ
3344 2742 3404 2796 δὲ
3447 2741 3633 2812 ψαλμῷ,

2095 2829 2296 2885 τούτων
2313 2831 2489 2885 αὐτῶν
2509 2833 2878 2903 μνημονεύων,
2904 2834 3001 2904 τὴν
3028 2834 3239 2887 ἐκεῖθεν
3263 2833 3450 2887 ἄνοδον
3476 2829 3633 2903 σημαί-

2094 2937 2175 2976 νει
2202 2922 2423 2992 φάσκων
2442 2939 2455 2955 ·
2478 2923 2672 2993 Κύριε,
2697 2924 2994 2995 ἀνήγαγες
3023 2925 3093 2991 ἐξ
3128 2926 3282 2994 ᾅδου
3311 2923 3430 2994 τὴν
3456 2924 3635 2994 ψυχήν

2087 3031 2227 3083 μου,
2256 3012 2496 3080 ἕσωσάς
2519 3033 2596 3085 με
2618 3016 2735 3070 ἀπὸ
2760 3016 2877 3070 τῶν
2897 3020 3385 3072 καταϐαινόντων
3414 3019 3497 3084 εις
3524 3015 3633 3068 λάι-

2094 3121 2239 3159 xor-
2285 3105 2396 3159 Καὶ
2439 3106 2602 3160 πάλιν
2651 3105 2884 3178 ἀλλαχοῦ
2907 3123 2920 3138 ·
2986 3108 3339 3178 ’Υπομένων
3381 3108 3635 3179 ὑπέμεινα

424 3196 596 3266 ferno,
614 3215 704 3252 nec
720 3198 871 3253 dabis
882 3211 1120 3254 sanctum
1138 3209 1285 3253 tuum
1301 3199 1471 3254 videre
1493 3199 1878 3269 corruptionem
1890 3199 1983 3252 ⁹¹⁹.

2096 3197 2194 3252 τὸν
2210 3198 2446 3267 Κύριον,
2473 3198 2572 3252 καὶ
2597 3199 2900 3271 προσέσχε
2920 3218 3021 3271 μοι
3039 3215 3056 3232 ο
3080 3199 3179 3256 καὶ
3205 3199 3531 3270 εὶσήκουσε
3548 3198 3633 3266 τῆς

422 3288 687 3363 δεήσεώς
710 3313 830 3365 μου
851 3335 867 3360 ,
897 3295 995 3350 καὶ
1031 3296 1296 3366 ἀνήγαγέ
1321 3314 1398 3366 με
1428 3297 1498 3350 ἐκ
1529 3297 1757 3351 λάκκου
1790 3294 2204 3362 ταλαιπωρίας.
2236 3294 2345 3349 Καὶ
2371 3294 2596 3364 ἔστησε
2617 3296 2715 3349 ἐπὶ
2771 3296 2993 3366 πέτραν
3049 3297 3195 3363 τοὺς
3259 3296 3454 3365 πόδας
3505 3311 3629 3367 pov'

425 3388 519 3442 καὶ
549 3389 606 3442 ὲν
646 3389 723 3461 τῷ
759 3397 830 3442 ιε’
866 3388 1068 3462 ψαλμῷ
1107 3390 1354 3463 εἴρηταιο
1390 3393 1511 3447 οὐκ
1543 3391 1993 3462 ἐγκαταλείψεις
2026 3390 2142 3459 τὴν
2171 3390 2383 3460 ψυχήν
2405 3408 2526 3460 μου
2563 3392 2651 3457 εὶς
2717 3390 2825 3444 τὸν
2888 3390 3072 3462 ᾅδην,
3117 3391 3263 3447 οὐδὲ
3308 3390 3516 3456 δώσεις
3548 3387 3633 3440 τόν

423 3482 598 3538 ὅσιόν
624 3500 741 3540 σου
772 3484 921 3540 ἰδεῖν
951 3484 1296 3555 διαφθοράν.

494 3604 663 3663 Vns.
695 3606 748 3662 6.
776 3605 975 3663 Factus
999 3608 1280 3664 sum'sieut
1311 3588 1377 3663 Ite
1399 3623 1464 3662 so
1487 3607 1599 3662 sine
1619 3606 1885 3678 adiutorio
1908 3606 1991 3660 in-

426 3708 507 3753 ter
535 3706 770 3753 mortuos
794 3697 924 3753 liber
956 3713 975 3751 :
1002 3699 1140 3754 sicut
1181 3698 1442 3754 vulnerati
1469 3699 1782 3755 dormientes
1825 3701 1880 3754 in
1908 3716 1992 3754 se-

428 3789 636 3854 pulcro,
665 3804 890 3860 quorum
920 3806 1022 3846 non
1061 3799 1140 3846 est
1179 3807 1376 3847 memor
1403 3792 1649 3860 amplius,
1692 3802 1741 3846 et
1787 3793 1891 3862 ipsi
1927 3792 1992 3848 de

418 3894 586 3934 manu
617 3887 713 3933 tua
739 3878 938 3949 repulsi
976 3890 1121 3937 sunt.
1158 3880 1260 3948 Qui
1296 3897 1422 3938 vere
1444 3882 1565 3938 sine
1590 3882 1864 3951 adiutorio
1889 3882 1993 3938 sub

421 3969 614 4024 mortis
644 3968 871 4039 imperio
903 3968 1126 4042 degunt.
1149 3971 1219 4026 ab
1246 3972 1368 4042 ipsa
1393 3971 1715 4028 deferuntur
1736 3977 1793 4027 et
1822 3970 1989 4025 abdue

416 4066 643 4114 cuntur.
682 4058 844 4114 Solus
883 4065 1065 4115 autem
1110 4058 1366 4117 Servator
1398 4070 1454 4118 et
1502 4062 1765 4118 Dominus
1802 4070 1988 4118 noster

418 4151 662 4223 seipsum
688 4151 988 4207 exinanivit
1007 4159 1064 4206 et
1088 4152 1396 4209 humiliavit
1422 4169 1596 4224 usque
1619 4154 1688 4209 ad
1715 4163 1941 4210 mortem
1967 4172 1983 4209 :

414 4250 475 4299 et
511 4241 657 4299 sicut
685 4241 862 4299 factus
891 4250 980 4298 est
1016 4243 1071 4299 in
1104 4244 1515 4301 similitudinem
1544 4246 1729 4302 carnis
1755 4247 1984 4317 peccati,

420 4335 499 4391 ita
527 4333 707 4391 factus
728 4341 814 4392 est
836 4334 981 4390 sicut
1007 4351 1150 4392 unus
1174 4351 1243 4392 ex
1272 4337 1584 4394 hominibus
1619 4338 1740 4395 sine
1769 4338 1988 4409 adjuto-

419 4426 521 4482 rio.
550 4424 620 4481 At
637 4426 765 4497 quia
799 4442 910 4482 non
940 4442 1063 4484 vere
1101 4435 1155 4483 et
1196 4429 1376 4500 reipsa
1411 4431 1466 4483 in
1510 4429 1857 4485 multitudine
1889 4430 1982 4485 illa

416 4519 828 4584 mutuabatur,
876 4518 1028 4575 solus
1057 4519 1199 4575 inter
1253 4526 1500 4578 mortuos
1532 4520 1668 4576 liber
1711 4528 1850 4584 erat.
1883 4536 1984 4576 nec

416 4607 523 4665 sub
565 4609 759 4665 mortis
810 4608 1076 4664 servitute
1135 4610 1422 4665 remansit.
1477 4610 1583 4665 Pro
1623 4611 1716 4665 illo
1754 4619 1977 4666 autem:

418 4696 569 4757 Inter
590 4710 825 4758 mortuos
855 4702 1008 4768 liber,
1030 4701 1249 4773 Aquila,
1282 4701 1348 4761 In
1368 4704 1588 4759 mortuis
1612 4702 1760 4769 liber,
1779 4703 1977 4771 edidit;

420 4790 782 4863 Symmachus
830 4807 997 4859 vero,
1058 4793 1209 4849 Inter
1246 4802 1481 4851 mortuos
1525 4793 1778 4848 dimissus
1825 4794 1976 4849 liber.

406 4859 545 4947 quiec
579 4859 745 4954 parre
770 4898 896 4938 cum
922 4884 1277 4940 distinctione
1317 4885 1465 4955 legas
1481 4893 1503 4952 ;'
1544 4885 1618 4939 ita
1648 4892 1707 4940 ut
1738 4884 1975 4941 isthaec-:

419 4971 618 5029 Factus
645 4989 764 5029 sum
792 4976 927 5030 sicut
950 4974 1105 5031 homo
1127 4977 1236 5031 sine
1262 4974 1527 5046 adiutorio
1556 4976 1693 5032 inter
1719 4987 1976 5041 mortuos,

416 5063 703 5134 seiungas;
722 5061 932 5123 deinde
957 5078 1089 5119 vero
1122 5063 1305 5120 addita
1333 5070 1455 5134 post
1488 5062 1644 5129 illud,
1676 5063 1812 5118 inter
1834 5077 1977 5116 mor-

415 5164 557 5219 tuos,
581 5155 1039 5225 interpunctione,
1066 5154 1226 5225 quasi
1270 5153 1517 5225 negative
1553 5154 1784 5224 adiicias
1823 5154 1992 5225 illud,“

418 5244 579 5301 liber:
610 5253 671 5301 ut
713 5246 829 5302 haec
873 5246 948 5327 sit
977 5245 1109 5302 dicti
1142 5246 1414 5302 sententia
1450 5265 1481 5300 :6
1507 5233 1906 5317 Egoqui'liber‘
1927 5253 1981 5299 et

415 5335 567 5391 solus
591 5350 717 5391 vere
745 5335 986 5391 omnium
1019 5332 1282 5392 Dominus
1313 5350 1458 5399 sum,
1487 5332 1663 5390 factus
1689 5349 1810 5390 sum
1837 5333 1987 5391 sicut.

418 5421 581 5479 homo
604 5424 725 5482 sine
749 5426 1020 5494 adiutorio
1061 5425 1477 5493 intermortuos
1501 5442 1516 5494 ;
1558 5441 1670 5481 non
1700 5441 1825 5481 vere
1855 5425 1979 5494 qui-

416 5513 541 5571 dem
571 5515 690 5572 sine
722 5517 1017 5586 adiutorio,
1040 5517 1135 5573 sed
1165 5517 1324 5588 quasi
1359 5516 1478 5573 sine
1522 5516 1813 5589 adiutorio.
1854 5515 1978 5571 Haec

416 5610 597 5677 autem
631 5606 785 5665 dicta
815 5609 906 5667 alii
948 5607 1151 5667 nemini
1191 5615 1500 5679 competere
1531 5623 1707 5678 posse,
1734 5623 1896 5679 quam
1928 5608 1978 5663 ei

2167 3600 2484 3671 Ἐτενήθην
2503 3599 2642 3654 ὡσεὶ
2660 3600 2969 3669 ἅνθρωπος
2990 3599 3329 3668 ἀϐοήθητος
3346 3601 3417 3655 ἐν
3438 3597 3633 3668 νεκροῖς

2082 3694 2413 3763 ἐλεύθερος*
2432 3693 2576 3747 ὡσεὶ
2600 3694 2943 3763 τραυματίαι
2963 3692 3363 3758 καθεύδοντες
3385 3694 3455 3747 ἐν
3477 3691 3629 3760 τάφῳ,

2083 3775 2172 3836 ὧν
2195 3784 2307 3838 οὐκ
2330 3782 2635 3850 ἐμνήσθης
2659 3781 2766 3842 ἔτι.
2793 3781 2891 3835 καὶ
2916 3783 3084 3836 αὐτοὶ
3106 3782 3177 3836 ἐκ
3193 3783 3311 3850 τῆς
3336 3785 3518 3852 χειρός
3539 3796 3631 3835 σου

2085 3872 2507 3941 ἀατεώσθησαν.
2530 3874 2594 3928 Οἱ
2623 3872 2837 3945 ἀληθῶς
2863 3860 3153 3944 ἀϐοήθητοι
3180 3875 3288 3928 ὑπὸ
3311 3875 3409 3929 τοῦ
3434 3874 3632 3927 Gaudeas

2087 3965 2481 4037 κυριευόμενοι,
2513 3966 2840 4034 κατάγονται
2886 3967 2979 4020 καὶ
3009 3967 3316 4035 ἀπάγονται
3360 3967 3451 4021 ὑπ’
3472 3962 3621 4020 αὐτοῦ.

2087 4056 2264 4120 Μόνος
2296 4056 2352 4110 δὲ
2385 4059 2414 4110 6
2443 4055 2630 4127 Σωτὴρ
2663 4057 2756 4110 καὶ
2782 4055 2983 4126 Κύριος
3008 4057 3167 4126 ήμῶν
3200 4057 3395 4111 ἑαυτὸν
3428 4057 3624 4110 ὲκένωσε

2087 4151 2179 4202 καὶ
2210 4149 2398 4203 ἑαυτὸν
2445 4148 2774 4202 ἐταπείνωσε
2823 4149 2982 4219 μέχρι
3025 4148 3278 4203 θανάτουυ
3332 4150 3425 4203 καὶ
3469 4148 3627 4216 ῶσπερ

2085 4239 2304 4309 γέγονεν
2324 4240 2381 4292 ἐν
2399 4238 2703 4310 ὁμοιώματι
2731 4240 2931 4310 σαρκὴς
2954 4240 3247 4309 ἁμαρτιας,
3270 4240 3455 4303 οὕτως’
3469 4240 3624 4307 ἐγενή-

2088 4329 2156 4401 θη
2189 4332 2265 4393 ὡς
2296 4325 2375 4393 εἷς
2401 4329 2509 4384 τῶν
2551 4330 2867 4401 ἁὸοηθήτων
2896 4330 3212 4402 ἀνθρώπων.
3263 4332 3404 4384 Ἀλλ’
3430 4332 3539 4383 ἐπεὶ
3564 4329 3621 4399 μὴ

2085 4421 2301 4494 ἀληθῶς
2325 4416 2405 4485 εἷς
2431 4417 2498 4493 ἦν
2524 4421 2631 4475 τῶν
2653 4421 2882 4483 πολλῶν,
2913 4423 3069 4493 μόνος
3094 4424 3151 4475 ὲν
3173 4427 3391 4495 νεκροῖς
3413 4419 3478 4493 ἦν
3503 4420 3621 4473 ἐλεύ-

2087 4513 2261 4584 θερος,
2291 4513 2587 4577 ἁδούλωτος
2630 4512 2708 4583 τῷ
2756 4513 2968 4584 Θανάτῳ
3019 4513 3226 4584 μείνας.
3286 4514 3429 4566 ’Δντὶ
3454 4513 3507 4566 δὲ
3528 4509 3617 4571 τοῦ.

2013 4577 2058 4632 D
2099 4577 2201 4661 ’ἐν
2234 4602 2467 4670 νεκροῖς
2491 4577 2821 4669 ἐλεύθερος.
2852 4604 2885 4654 6
2910 4577 3156 4665 ’Ᾰκιλλας,
3176 4603 3270 4655 Ἐν
3298 4601 3620 4668 τεθνηκόσιν

2083 4692 2414 4763 ἐλεύθερος,
2440 4692 2715 4756 ἐξέδωκεν·
2732 4692 2761 4745 6
2786 4693 2845 4746 δὲ
2875 4692 3184 4763 Σύμμαχος,
3202 4692 3408 4758 Ἐντὸς
3432 4687 3619 4757 νεκρῶν

2084 4785 2257 4855 ἀφεὶς
2288 4785 2624 4855 ἐλεύθερος.
2688 4783 3000 4856 ’Λναγνώσῃ
3044 4785 3100 4837 δὲ
3141 4784 3235 4839 καὶ
3268 4784 3406 4855 μετὰ
3435 4781 3615 4837 ὑποδια-

2085 4875 2297 4946 στολῆς,
2333 4874 2475 4939 ἰδίως
2511 4875 2607 4946 μὲν
2638 4875 2900 4945 ἀφορίσας
2926 4874 3357 4943 τὺ,Ἐγενήθην
3379 4872 3512 4928 ὡσεὶ
3535 4871 3617 4924 ἄν·

2083 4971 2312 5036 θρωπος
2347 4967 2675 5036 ἀϐοήθητος
2710 4967 2780 5021 ἐν
2806 4966 3054 5036 νεκροῖς·
3087 4963 3204 5021 εἶτα
3246 4965 3523 5030 ὑποστέξας
3553 4962 3612 5022 εἰς

2080 5059 2161 5125 τὸ,
2193 5058 2264 5113 ἐν
2289 5058 2542 5128 νεκροῖς,
2579 5058 2932 5127 ἁποφατικῶς
2959 5058 3176 5124 ἐπάξεις
3205 5058 3284 5123 τὸ,
3313 5058 3609 5123 ἐλεύθερος·

2084 5151 2182 5221 τῆς
2208 5151 2444 5214 διανοίας
2472 5150 2631 5204 τοῦτο
2675 5149 2959 5222 δηλούσης,
2988 5151 3070 5204 ὅτι
3114 5148 3255 5216 Ἐγὼ
3289 5151 3320 5204 6
3369 5146 3609 5214 ἐλεύθερος

2085 5243 2180 5297 καὶ
2208 5242 2365 5313 μόνος
2391 5241 2604 5312 ἀληθῶς
2643 5243 2896 5297 ἁπάντων
2937 5241 3137 5313 Κύριος
3171 5243 3368 5312 γέγονα
3396 5237 3516 5293 ὡσεὶ
3538 5236 3610 5288 ἄν·

2083 5332 2297 5405 θρωπος
2323 5332 2623 5404 ἀϐοήθητος
2650 5333 2707 5386 ὲν
2728 5335 2957 5405 νεκροῑς·
2983 5331 3096 5386 ἀλλ’
3124 5331 3226 5385 οὐκ
3251 5329 3456 5400 ἀληθῶς
3474 5324 3604 5393 ἀϐοή-

2083 5424 2263 5497 θητος,
2292 5423 2407 5479 ἀλλ’
2437 5424 2513 5488 ὼς
2540 5423 2855 5494 ἀϐοήθητος.
2896 5423 3081 5477 Ταῦτα
3108 5422 3166 5476 δὲ
3191 5424 3272 5476 ὅτι
3316 5419 3491 5492 μηδενὶ
3514 5412 3603 5467 ὲτέ·

2086 5533 2165 5586 ρῳ
2190 5515 2365 5584 λέγειν
2390 5515 2621 5587 ἁρμόζει
2651 5515 2682 5584 ἢ
2715 5515 2793 5587 τῷ
2833 5515 3094 5585 ἁψαμένῳ
3145 5514 3242 5585 μὲν
3271 5511 3362 5567 τοῦ
3389 5509 3596 5565 θανάτου.

2085 5606 2178 5671 καὶ
2220 5608 2299 5671 εἰς
2342 5606 2474 5678 ᾅδην
2519 5605 2932 5678 καταϐεϐηκότι,
2971 5605 3045 5678 μὴ
3097 5601 3520 5659 καταδουλωθέντῑ
3553 5593 3597 5647 δὲ

525 5762 568 5796 ⁸³
607 5725 722 5815 Gal.
766 5775 854 5825 ιιι,
894 5762 991 5823 l3;
1029 5759 1187 5818 Deut.
1225 5778 1336 5829 ut,
1369 5763 1458 5819 25.
1536 5765 1580 5800 ⁸⁸
1619 5763 1760 5822 Psal.
1799 5780 1960 5830 xxix,
1997 5764 2049 5819 ι.
2126 5766 2167 5799 υ
2209 5763 2353 5821 Psal.
2392 5778 2577 5831 usu,
2614 5761 2670 5828 2,
2698 5763 2750 5821 3.
2780 5722 2801 5740 ‘
2826 5763 2894 5797 "'
2924 5760 3069 5818 Psal.
3108 5779 3197 5830 xv,
3238 5760 3316 5819 l0.
