3798 6282
130 299 266 362 ίθὸτ

1238 291 1742 360 COMMENTARIA
1779 302 1847 358 IN
1882 303 2221 361 PSALMOS.

3213 315 3361 374 £058

125 422 273 497 αὐτῷ
293 461 311 490 ,
361 421 519 477 παντί
549 439 626 494 τῳ
673 417 826 494 οἶμαι
869 420 1100 494 φανερὸν
1139 423 1444 493 τυγχάνεινι
1493 423 1568 488 ὡς
1615 422 1675 493 μ’]

1792 423 1886 494 qui
1916 431 2146 479 mortem
2168 421 2385 494 quidem
2419 424 2619 496 attigit,
2649 434 2703 481 et
2728 423 2795 481 ad
2821 425 3027 484 inferos
3051 426 3353 494 descendit,

127 517 379 573 δύνασθαι
425 517 508 585 ἐφ’
546 517 730 588 ἕτερον
763 514 1044 586 ἄνθρωπον
1069 514 1395 587 ἐφαρμόζειν
1423 515 1491 570 τὰ
1528 518 1586 569 ὲν
1611 515 1690 587 τῷ

130 609 316 680 ψαλμῷ
347 610 611 681 λεγόμενα
641 590 794 680 ilia-ri.
828 609 988 679 μόνον
1028 608 1121 662 τὸν
1146 608 1410 680 ἡμέτερον
1438 609 1685 682 Σωτῆρα.

129 701 329 772 Ὥσπερ
351 702 411 754 δὲ
448 702 668 770 γέγονεν
694 701 824 753 ὡσεὶ
855 700 1138 771 ἄνθρωπος
1172 701 1504 773 ἀϐοήθητος,
1548 701 1691 755 οὕτω

128 793 214 845 καὶ
257 792 401 846 ὡσεὶ
446 792 789 861 τραυματίαι
837 791 1229 858 καθεύδοντες
1271 792 1343 844 ἐν
1379 790 1564 862 τάφῳ,
1602 788 1692 846 ὧν

123 888 229 940 οὐκ
257 881 562 953 ἐμνήσθης
597 884 703 938 ἐτι.
729 883 826 936 Διὰ
851 883 908 936 δὲ
937 882 1140 936 τούτων
1170 884 1264 936 καὶ
1292 885 1326 954 ἡ
1351 883 1495 954 ταφὴ
1523 882 1689 936 αὐτοῦ

125 975 458 1045 σημαίνεται,
508 971 576 1046 ἦς
619 975 712 1028 καὶ
762 977 790 1028 6
833 974 973 1038 θεῖος
995 974 1309 1039 Ἀπόστολος
1365 974 1689 1046 μνημονεύει

124 1069 341 1138 γράφων
378 1067 705 1139 Κορινθίοις,
735 1067 925 1137 λέγων·
964 1060 1282 1136 ’Παρέδωκα
1313 1069 1423 1138 γὰρ
1455 1068 1596 1137 ὑμῖν
1621 1069 1690 1121 ἐν

123 1159 381 1227 πρώτοις,
412 1159 442 1213 ὃ
472 1159 568 1212 καὶ
597 1159 952 1227 παρέλαϐον·
984 1159 1073 1213 ὅτι
1112 1161 1364 1229 Χριστὸς
1391 1160 1689 1214 ἀπέθανεν

121 1251 264 1320 ὑπὲρ
294 1251 415 1304 τῶν
454 1252 950 1321 ἁμηρτιῶν.ἠμ‹ἷ›ν
981 1252 1128 1307 κατὰ
1153 1252 1258 1319 τὰς
1286 1251 1552 1322 Γραφὰς,
1587 1251 1684 1306 καὶ

121 1343 201 1396 ὅτι
223 1342 429 1412 ἐτάφη.
465 1344 576 1396 Καὶ
616 1345 838 1407 Ἡσαΐας
865 1344 920 1397 δὲ
951 1344 1050 1414 τῆς
1077 1345 1253 1415 ταφῆς
1276 1345 1440 1398 αὑτοῦ
1479 1343 1687 1414 μέμνη-

117 1445 202 1485 ται
251 1431 444 1500 λέγων·
499 1434 594 1485 Ἐν
634 1433 843 1502 εἰρήνῃ
903 1435 940 1502 ἡ
976 1433 1132 1503 ταφὴ
1187 1436 1370 1491 αὐτοῦ
1406 1431 1683 1507 ἦρταιέκ

113 1519 315 1588 μέσου.
360 1521 506 1574 ’Δντὶ
538 1521 594 1574 δὲ
620 1522 906 1586 τοῦ,Ὡσεὶ
939 1525 1306 1595 τραυματίαι,
1341 1527 1369 1578 6
1401 1527 1496 1596 μὲν
1524 1524 1684 1580 Ἀκύ-

117 1610 207 1673 λας
251 1611 696 1681 φησίν,”ομοιος
745 1612 1155 1681 ἀνῃρημένοις·
1199 1615 1228 1666 6
1273 1614 1331 1667 δὲ
1371 1614 1681 1686 Σύμμαχος,

129 1703 272 1755 Ὠσεὶ
298 1705 668 1772 τετρωμένοι·
703 1706 794 1758 καὶ
824 1705 990 1775 σαφές
1013 1724 1135 1759 τινα
1169 1708 1368 1778 τρόπον
1406 1709 1500 1762 καλ⁸
1521 1709 1681 1764 τοῦτο

117 1793 427 1863 ἐπληροῦτο,
460 1795 698 1865 ὁπηνίκα
722 1797 750 1848 6
779 1797 1111 1868 στρατιώτης
1138 1798 1302 1870 λόγχῃ
1332 1799 1565 1870 ἔτρωσεν
1596 1801 1684 1854 αὐ·
1713 1783 1755 1838 Β

115 1870 198 1937 τοῦ
220 1884 316 1955 τὴν
349 1884 612 1957 πλευράν.
662 1887 801 1940 Ἀλλ’
851 1889 932 1941 ὃτι
973 1889 1071 1958 μὲν
1109 1891 1447 1960 τραυματίας
1493 1893 1682 1962 γέγονα

115 1975 200 2026 καὶ
231 1976 285 2028 ὲν
315 1976 496 2046 τάφῳ,
528 1977 711 2045 σαφῶς
738 1977 1083 2049 παρίσταται·
1119 1981 1258 2051 πλὴν
1285 1983 1332 2034 εἰ
1357 1981 1501 2050 λέγοι
1525 2000 1683 2052 γεγο-

105 2067 251 2119 ’νὲναι
281 2066 413 2120 ώσεὶ
439 2069 799 2140 τραυματίας,
827 2071 918 2123 καὶ
958 2072 1140 2142 ὅμοιος
1179 2075 1290 2136 τοῖς
1335 2073 1680 2128 καθεύδουσιν

104 2157 167 2210 ἐν
187 2158 355 2230 τάφῳ,
390 2159 508 2212 ἀλλ’
541 2161 601 2213 οὐ
637 2161 798 2233 μέχρι
839 2162 1026 2215 τούτου
1057 2163 1290 2217 ἵσταται·
1325 2166 1441 2220 ὅλον
1467 2167 1524 2219 δὲ
1565 2183 1684 2220 συν-

104 2247 262 2316 άψας,
291 2249 410 2318 ὕψει
443 2251 544 2322 τὴν
583 2251 822 2306 διάνοιαν
853 2254 946 2307 τού
971 2255 1148 2324 λόγου.
1183 2255 1414 2326 Feror-t1
1440 2258 1548 2328 γάρ
1576 2275 1682 2330 φη-

105 2353 211 2402 σιν,
257 2341 397 2394 ὡσεὶ
447 2345 821 2413 τραυματίαι,
867 2339 954 2398 ὧν
991 2348 1101 2399 οὐκ
1128 2344 1434 2416 ἐμνήσθης
1460 2347 1568 2402 ἔτι.
1615 2349 1680 2402 Oi

109 2432 202 2502 μὲν
235 2432 342 2504 γὰρ
379 2434 580 2500 λοιποὶ,
628 2435 763 2506 μετὰ
802 2437 894 2490 τὸν
944 2436 1174 2490 θάνατον
1225 2440 1282 2491 ἐν
1333 2441 1446 2502 τοίς
1487 2437 1680 2508 τάφοις

112 2523 408 2594 γενόμενοι,
469 2525 893 2598 ἀπελείφθησαν,
951 2529 1046 2582 καὶ
1103 2530 1400 2600 ἀπέμειναν
1459 2531 1529 2602 γῆ
1585 2530 1678 2584 καὶ

110 2617 263 2680 κόνις,
299 2619 501 2688 μηκέτι
533 2619 670 2690 μετὰ
707 2620 799 2673 τὸν
836 2620 1063 2674 θάνατον
1091 2620 1557 2692 μνημονεύσαντικ
1583 2625 1680 2676 αὐ-

109 2707 206 2760 τῶν
231 2709 320 2762 τοῦ
349 2709 512 2763 Θεοῦ·
545 2709 653 2780 ἐγὼ
679 2711 736 2764 δὲ
761 2711 1025 2783 ἐγενήθην
1049 2711 1126 2777 ὡς
1162 2707 1243 2776 εἷς
1266 2713 1372 2768 τῶν
1399 2713 1674 2779 τοιούτων,

108 2801 178 2872 μὴ
197 2800 271 2854 ὣν
293 2803 482 2872 ὅμοιος
509 2803 715 2868 αὐτοῖς·
747 2804 882 2874 ἐμοῦ
910 2804 1017 2876 γὰρ
1051 2806 1187 2876 μετὰ
1227 2807 1328 2878 τὴν
1357 2806 1554 2878 τρῶσιν
1583 2809 1676 2861 καὶ

110 2895 240 2962 μετὰ
259 2895 350 2948 τὸν
374 2894 607 2948 θάνατον
631 2895 726 2948 καὶ
749 2894 886 2966 μετὰ
910 2895 1008 2968 τὴν
1033 2898 1092 2950 ὲν
1113 2895 1189 2967 τῷ
1215 2897 1366 2968 ταφῳ
1388 2898 1676 2952 κατάθεσιν

108 2983 388 3057 ἐμνήσθης,
425 2987 574 3057 ζωῆς
607 2989 744 3058 μετὰ
790 2987 966 3042 ταύτὰ
1013 3005 1080 3059 με
1122 2990 1217 3042 καὶ
1263 2989 1534 3060 σωτηρίας
1573 2993 1674 3062 τῆς

1792 531 1967 586 neque
2007 523 2188 570 tamen
2225 518 2276 568 in
2319 517 2632 571 servitutem
2659 517 2778 587 ejus
2812 519 3066 575 redactus
3093 529 3200 584 est,
3236 520 3357 574 cui-

1791 608 1874 664 vis
1918 614 2048 680 puto
2078 606 2424 663 manifestum
2457 623 2610 675 esse;
2655 608 2728 662 ita
2775 619 2833 665 ut
2867 611 2998 665 nulli
3038 612 3129 665 alii
3177 611 3355 665 homi-

1790 715 1922 754 num
1949 700 2142 770 psalmi
2171 698 2334 754 verba
2363 699 2574 768 possint
2604 697 2801 769 aptari,
2843 708 3198 772 prmterquam
3235 698 3354 754 Sal-

1789 791 1962 845 vatori
1985 799 2190 846 nostro.
2222 787 2688 856 Quemadmodum
2722 800 2900 844 autem
2921 792 3095 848 factus
3122 802 3206 849 est
3235 795 3354 847 sic--

1790 893 1849 939 ιιι
1891 884 2054 938 homo
2087 883 2206 938 sine
2248 883 2550 952 adjutorio;
2600 885 2672 938 ita
2720 886 2883 940 etiam
2914 887 3048 939 sicut
3089 887 3356 940 vulnerati

1789 977 2106 1032 dormientes
2143 975 2198 1029 in
2226 977 2483 1045 sepulcro,
2513 993 2734 1046 quorum
2765 993 2865 1030 non
2899 993 2952 1031 es
3003 993 3198 1032 memor
3233 994 3352 1032 am-

1787 1068 1946 1136 plius.
1976 1066 2070 1122 llis
2098 1067 2261 1120 ctiam
2294 1069 2568 1136 sepultura
2595 1067 2714 1136 ejus
2746 1067 3034 1130 indicatur,
3076 1083 3237 1138 quam
3264 1069 3348 1124 di-

1787 1159 1948 1214 vinus
1979 1157 2274 1228 Apostolus
2299 1158 2363 1211 ad
2393 1158 2704 1214 Corinthios
2735 1159 2980 1215 scribens
3009 1159 3093 1214 his
3119 1176 3355 1216 comins»

1788 1260 1963 1308 moral
1988 1271 2002 1308 :
2025 1249 2248 1304 Tradidi
2271 1250 2572 1305 enimovobis
2599 1251 2653 1304 in
2683 1251 2866 1318 primis
2887 1252 3024 1322 quod
3051 1261 3102 1304 et
3133 1255 3306 1321 accepi
3330 1269 3352 1306 .'

1786 1342 2032 1411 quoniam
2069 1338 2308 1395 Christus
2346 1347 2580 1393 mortuus
2629 1349 2706 1393 est
2740 1355 2834 1408 pro
2877 1342 3104 1408 peccatis
3151 1344 3354 1397 nostris

1787 1439 2073 1488 secundum
2107 1433 2433 1500 Scripturas,
2468 1441 2516 1486 et
2552 1432 2678 1502 quia
2706 1433 2937 1500 sepultus
2969 1443 3046 1488 est
3075 1436 3142 1486 θ’.
3179 1435 3349 1490 Isaias

1785 1540 2003 1595 quoque
2063 1522 2394 1592 sepulturam
2443 1523 2564 1589 ejus
2618 1533 2881 1576 memorat
2915 1523 2998 1577 his
3031 1524 3251 1579 verbis:
3280 1524 3353 1580 In

1783 1629 1911 1683 pace
1936 1613 2206 1682 sepultura
2231 1613 2343 1680 ejus
2379 1609 2590 1664 sublata
2619 1620 2695 1665 est
2723 1627 2788 1665 ea:
2822 1611 2990 1666 medio
3019 1614 3085 1667 ⁸³.
3119 1616 3224 1668 t’ro
3253 1615 3351 1671 illo

1786 1714 1988 1765 autent.
2019 1704 2167 1759 Sicut
2192 1703 2474 1767 vulnerati,
2518 1703 2710 1774 Aquila
2756 1703 3021 1758 :Perinde
3060 1712 3215 1774 atque
3254 1721 3352 1762 oc-

1785 1799 1913 1862 cisi;
1956 1797 2317 1868 Symmachus
2370 1811 2500 1850 vero
2555 1813 2569 1850 :
2620 1796 2788 1861 Quasi
2838 1798 3098 1852 vulnerati
3129 1815 3149 1855 :
3183 1798 3349 1870 idque

1783 1891 1928 1945 clare
1983 1889 2384 1959 quodammodo
2438 1889 2713 1959 impletum
2751 1897 2853 1954 est,
2914 1891 3132 1960 quando
3188 1893 3356 1949 miles

1783 1982 1970 2036 lancea
2009 1981 2149 2036 latus
2182 1980 2302 2050 ejus
2328 1979 2632 2034 vulneravit
2657 2000 2669 2034 :
2694 1980 2840 2050 quod
2867 1993 3045 2036 autem
3075 1981 3129 2036 in
3163 1986 3347 2053 sepul-

1780 2087 1874 2127 cro
1906 2072 2069 2126 etiam
2100 2072 2416 2127 vulneratus
2453 2070 2711 2140 jacuerit,
2758 2071 3036 2141 propalam
3084 2082 3186 2128 est.
3229 2073 3346 2130 Ca:-

1783 2171 1957 2219 terum
1987 2179 2112 2218 cum
2139 2163 2272 2218 dicit
2314 2178 2374 2218 se
2408 2163 2608 2218 factum
2651 2179 2772 2219 esse
2803 2163 2946 2219 sicut
2976 2165 3344 2231 vulneratum.

1778 2269 1832 2314 et
1858 2258 2088 2312 similem
2113 2257 2507 2311 dormientibus
2543 2257 2595 2310 in
2623 2257 2894 2326 sepulcro,
2927 2257 3015 2313 hic
3042 2260 3212 2315 series
3234 2276 3347 2318 non

1779 2345 2140 2412 terminatur;
2169 2345 2264 2400 sed
2292 2345 2337 2398 si
2363 2351 2533 2398 totum
2554 2355 2844 2401 connectas
2864 2347 2991 2401 dicti
3017 2349 3341 2404 sententiain

1777 2436 2150 2505 deprehendes
2184 2454 2197 2490 :
2232 2435 2432 2491 Factus
2463 2453 2604 2500 sum,
2637 2437 2830 2507 inquit,
2877 2439 3012 2492 sicut
3057 2439 3342 2505 uulnerati,

1775 2543 1997 2597 quarunt
2017 2543 2120 2581 non
2150 2544 2204 2582 es
2235 2543 2432 2582 memor
2455 2527 2699 2597 amplius.
2729 2528 2920 2583 ϐαδιοτὶ
2952 2545 3186 2601 namque
3219 2542 3343 2600 post

1777 2627 2006 2674 mortem
2055 2621 2111 2674 in
2148 2620 2412 2690 sepulcris
2440 2621 2692 2690 depositi,
2722 2622 2894 2677 relicti
2917 2629 3066 2686 sunt,
3108 2635 3172 2677 ac
3193 2634 3344 2679 terra

1775 2719 1830 2768 et
1867 2712 2046 2782 pulvis
2087 2723 2490 2778 remanserunt,
2542 2713 2653 2769 Deo
2686 2723 2813 2784 post
2863 2725 3090 2769 mortem
3132 2716 3341 2772 nullam

1773 2819 1963 2858 eorum
2011 2788 2326 2859 memoriam
2356 2805 2662 2861 retinente:
2694 2819 2796 2874 ego
2836 2820 2965 2860 vero
2998 2804 3174 2860 fartus
3215 2820 3341 2862 sum

1775 2895 1918 2952 sicut
1948 2911 2090 2950 unus
2113 2908 2324 2960 eorum,
2359 2896 2486 2950 licet
2534 2910 2643 2950 non
2667 2896 2774 2951 illis
2821 2895 3013 2952 similis
3052 2898 3184 2963 sim;
3213 2912 3340 2952 nam

1773 2989 1880 3044 mei
1911 2995 2036 3058 post
2069 2987 2330 3042 indictum
2353 2989 2572 3054 vulnus,
2606 2995 2730 3058 post.
2763 2995 2993 3042 mortem
3016 2996 3068 3042 et
3096 2999 3219 3059 post
3242 2991 3340 3044 de-

107 3075 243 3147 παρὰ
273 3078 355 3130 σοι
383 3077 735 3144 καταξιώσας
805 3079 891 3134 Διὸ
934 3081 1027 3133 καὶ
1054 3079 1351 3152 ἀρχόμενος
1399 3082 1490 3134 καὶ
1517 3082 1674 3152 εὐχα-

1777 3080 2094 3148 positionem
2139 3079 2196 3134 in
2236 3080 2510 3150 sepulcro,
2557 3092 2767 3134 memor
2805 3077 2978 3143 fuisti,
3016 3094 3081 3133 ac
3126 3079 3234 3134 vita
3283 3089 3338 3136 ct

109 3169 368 3240 ριστήριον
396 3170 714 3242 ἀνέπεμπεν
733 3171 917 3242 ὕμνον.
937 3171 1128 3241 λέγων·
1153 3174 1330 3240 Κύριε
1349 3175 1382 3226 ὀ
1399 3175 1542 3241 Θεὸς
1561 3173 1672 3243 τῆς

105 3262 384 3328 σωτηρίας
406 3280 546 3331 μου,
575 3262 799 3332 ἡμέρας
821 3264 1112 3332 ἐκέκραξα
1145 3266 1242 3319 καὶ
1276 3265 1546 3320 (ἓν-’νυκτὶ
1577 3267 1672 3320 ἐν·

104 3353 300 3406 αντίον
317 3369 458 3406 σου»
481 3355 591 3407 Καὶ
620 3353 688 3408 τὰ
719 3356 815 3426 μὲν
841 3358 960 3408 κατ’
988 3357 1088 3427 ἐμὲ
1109 3357 1331 3411 τοιαῦτα
1359 3353 1445 3428 ἦν.
1484 3359 1672 3429 Ὅμως

104 3440 145 3492 δ’
170 3438 256 3496 οὖν
277 3444 482 3513 γέγονα
509 3446 694 3520 ὅμοιος
720 3449 834 3511 τοῖς
859 3447 1073 3513 πολλοῖς
1096 3451 1208 3514 τοῖς
1239 3452 1298 3504 ἐν
1330 3450 1486 3520 τάφῳ
1514 3466 1670 3518 γενο·

109 3529 290 3598 μένοις,
326 3533 419 3584 καὶ
457 3533 652 3604 μηκέτι
685 3533 784 3603 τῆς
835 3538 932 3606 σῆς
966 3537 1390 3607 κατηξιωμένοις
1432 3540 1668 3610 μνήμης,

101 3619 183 3701 θιὰ
207 3622 266 3675 τὺ
294 3624 402 3679 ἀπὸ
435 3624 536 3694 τῆς
562 3625 660 3695 σῆς
688 3627 867 3698 χειρὸς
894 3627 1191 3681 ἀπεῶσθαι.
1235 3628 1380 3682 ’Δντὶ
1411 3631 1520 3701 γὰρ
1552 3630 1670 3693 τοῦ,

101 3696 206 3762 ’Ὧν
242 3714 349 3766 οὐκ
391 3712 704 3782 ἐμνήσθης
733 3696 841 3778 ἔτι,
880 3717 978 3768 καὶ
1013 3715 1183 3769 αὐτοὶ
1231 3717 1300 3770 ἐκ
1330 3696 1439 3784 τῆς
1473 3696 1671 3786 χειρός

102 3817 210 3856 σου
250 3804 675 3872 ἀπεώσθησαν,
728 3807 757 3858 6
803 3807 899 3876 μὲν
961 3806 1188 3869 Ἀκύλας
1230 3806 1508 3872 ἐξέδωκεν,
1561 3801 1672 3857 Ὧν

101 3894 205 3945 οὐκ
221 3894 531 3962 ἐμνήσθης
554 3895 752 3949 αὐτῶν
774 3897 882 3957 ἐτι,
909 3895 1007 3948 καὶ
1039 3896 1208 3948 αὐτοὶ
1241 3896 1308 3948 ἐκ
1340 3893 1448 3962 τῆς
1475 3895 1670 3963 χειρός

103 3997 209 4036 σου
253 3985 708 4056 ἀπετμήθησαν·
745 3989 774 4040 6
812 3987 869 4039 δὲ
899 3986 1194 4056 Σύμμαχός
1239 4003 1424 4057 φησιν,
1452 3979 1562 4039 Ἦν
1597 3987 1668 4040 οὐ

101 4080 520 4145 μνιυιονεύσὲις
575 4079 685 4144 ἔτι,
739 4080 957 4146 οἵτινες
997 4079 1118 4134 ὑπὸ
1159 4078 1269 4148 τῆς
1304 4079 1505 4148 χειρός
1551 4092 1667 4132 σου

103 4166 494 4237 ἐξεκόπησαν.

169 4262 407 4317 Ἔθεντό
439 4281 516 4334 με
540 4265 610 4317 ἐν
633 4263 835 4330 λάκκῳ
858 4261 1186 4324 κατωτάτω,
1213 4262 1283 4315 ἐν
1311 4260 1666 4326 σκοτεινοῖς,

103 4352 192 4405 καὶ
235 4355 303 4406 ἐν
338 4354 486 4421 σκιᾷ
509 4355 786 4410 θανάτου.
831 4356 975 4408 Ἀντὶ
1006 4355 1377 4416 τοῦ,¹Ἐθεντό
1393 4369 1489 4422 με,
1515 4354 1543 4406 6
1571 4351 1667 4422 μὲν

1775 3171 1970 3235 salute,
2001 3186 2122 3240 quae
2151 3187 2316 3241 penes
2345 3179 2397 3224 te
2426 3178 2532 3234 est,
2561 3171 2814 3241 dignatus
2840 3185 2925 3224 me
2960 3185 3039 3225 es.
3058 3168 3240 3237 Quare
3269 3171 3344 3226 ab

1773 3263 1930 3318 initio
1948 3263 2240 3332 gratiarum
2266 3261 2496 3317 actionis
2519 3260 2776 3332 hymnum
2797 3260 2973 3316 emisit
3003 3261 3089 3316 his
3113 3261 3293 3316 verbis
3319 3281 3334 3318 :

1773 3354 1996 3409 Domine
2039 3353 2180 3409 Deus
2209 3354 2398 3409 salutis
2437 3370 2584 3416 meas,
2624 3353 2682 3407 in
2713 3353 2798 3406 die
2845 3351 3070 3406 clamavi
3097 3361 3146 3406 et
3189 3363 3345 3408 nocte

1772 3463 1952 3502 coram
1982 3455 2048 3500 te.
2077 3446 2208 3514 Quae
2237 3461 2323 3502 me
2345 3445 2663 3516 spectabant
2707 3443 2835 3499 talia
2872 3451 3050 3498 erant.
3081 3445 3336 3500 Attamen

1773 3537 1950 3593 factus
1979 3552 2100 3592 sum
2157 3537 2342 3590 multis
2372 3537 2426 3590 in
2476 3534 2726 3604 sepulcro
2759 3532 3066 3603 jacentibus
3110 3533 3336 3597 similia,

1770 3628 1864 3698 qui
1889 3643 1996 3682 non
2026 3627 2262 3697 amplius
2299 3625 2558 3680 memoria
2587 3632 2676 3678 tua
2700 3623 2850 3692 digni
2879 3623 3168 3687 habentur,
3202 3623 3337 3691 quia

1771 3718 1840 3773 de
1869 3734 2030 3773 manu
2067 3727 2159 3772 tua
2207 3717 2408 3787 repulsi
2453 3723 2601 3771 sunt.
2632 3715 2769 3769 Nam
2800 3715 2946 3769 illius
2988 3715 3110 3770 loco
3143 3733 3158 3769 :
3189 3716 3336 3780 Quo-

1771 3827 1888 3864 rum
1911 3827 2013 3864 non
2033 3826 2086 3863 es
2113 3824 2310 3862 memor
2334 3807 2580 3875 amplius,
2604 3815 2652 3860 et
2690 3807 2792 3874 ipsi
2819 3808 2883 3860 dc
2918 3821 3080 3858 manu
3115 3814 3208 3859 tua
3257 3821 3337 3859 re-

1769 3902 1908 3970 pulsi
1929 3911 2072 3962 sunt,
2099 3899 2293 3969 Aquila
2315 3897 2478 3952 edidit
2511 3916 2524 3952 :
2551 3897 2788 3962 Quorum
2816 3911 2920 3949 non
2949 3894 3258 3950 recordatus
3280 3910 3336 3950 es

1769 3991 1936 4052 ultra,
1958 3998 2006 4042 et
2025 3988 2127 4057 ipsi
2151 4002 2216 4041 es:
2246 4002 2406 4040 manu
2433 3993 2522 4039 tua
2541 3984 2764 4039 abscissi
2783 3996 2904 4039 sunt
2930 3999 2950 4048 ,°
2973 3982 3337 4056 Symmachus

1770 4089 1950 4136 autem
1984 4098 1997 4135 ι
2035 4078 2272 4144 Quorum
2301 4093 2402 4132 non
2430 4074 2790 4130 recordaberis
2813 4075 2980 4141 ultra,
3002 4074 3092 4145 qui
3113 4090 3145 4128 ιι
3173 4088 3337 4128 manu

1771 4181 1862 4225 tua
1891 4170 2055 4224 excisi
2089 4178 2228 4223 sunt.

1839 4254 2005 4311 Vsus.
2049 4255 2098 4308 7.
2139 4254 2438 4309 Posuerunt
2468 4269 2549 4307 me
2574 4253 2630 4306 in
2661 4251 2781 4306 lacu
2825 4250 3084 4320 inferiori,
3113 4251 3168 4305 in
3194 4259 3336 4306 tene-

1769 4345 1938 4402 brosis
1963 4355 2014 4400 ct
2043 4347 2100 4400 in
2143 4344 2331 4399 umbra
2379 4343 2584 4398 mortis.
2628 4340 2773 4398 Loco
2823 4342 2988 4404 illius,
3035 4340 3335 4395 Posuernnt

113 4443 541 4510 Ἀκύλας-,Ἔθου
567 4464 664 4515 με,
693 4449 721 4500 6
753 4448 811 4500 δὲ
832 4443 1412 4517 Σύμμαχος,”Εταξὰς
1437 4460 1533 4513 με,
1576 4444 1666 4496 ὲκ-

1777 4455 1871 4502 me,
1913 4437 2129 4508 Aquila,
2168 4435 2404 4490 Posuisti
2441 4449 2554 4498 me;
2612 4431 2970 4504 Symmachus
3008 4447 3160 4499 vero,
3213 4431 3335 4484 Sta.

101 4535 370 4591 δεδώκασι.
406 4540 484 4591 Δι’
509 4532 584 4591 ὧν
608 4539 950 4610 παρίστησιν,
973 4539 1056 4591 ὅτι
1082 4536 1308 4605 νεύματι
1337 4535 1430 4587 τοῦ
1459 4534 1670 4605 Πατρός

103 4633 188 4684 καὶ
217 4632 400 4703 βουλῇ,
436 4633 533 4702 οὐχ
575 4631 762 4694 ἁπλῶς
791 4631 870 4693 εἰς
908 4629 999 4682 τὸν
1029 4629 1277 4691 θάνατον,
1321 4626 1440 4679 οὐδὲ
1473 4627 1552 4689 εἰς
1580 4625 1672 4677 τὸν

103 4723 223 4796 ᾅδην
266 4727 361 4780 καὶ
407 4725 496 4778 τὸν
529 4724 857 4794 καλούμενον
882 4721 1084 4776 λάκκον
1113 4716 1493 4789 κατελήλυθεν,
1535 4714 1672 4770 ἀλλὰ

101 4817 186 4868 καὶ
216 4819 292 4880 εἰς
314 4817 385 4870 τὰ
407 4817 682 4888 βαθύτατα
707 4815 799 4868 καὶ
823 4815 893 4868 τὰ
919 4811 1206 4866 κατώτατα
1234 4809 1328 4863 καὶ
1349 4807 1419 4861 τὰ
1447 4807 1667 4877 ἔσχατα,

97 4904 166 4965 ὡς
189 4904 251 4958 ἂν
281 4907 425 4959 εἴποι
453 4924 555 4969 τις,
579 4905 686 4958 τῶν
717 4905 832 4958 ἐκεῖ
860 4903 1091 4974 χωρίων.
1126 4899 1429 4970 Παρίστησι
1455 4897 1510 4950 δὲ
1539 4895 1662 4950 τοῦ·

97 5011 152 5047 το
180 4997 270 5050 καὶ
303 4997 464 5061 αὐτὸς
507 4999 565 5050 ὲν
613 4998 725 5059 τοῖς
757 4993 1107 5064 Εὖαγγελίοις
1143 4992 1384 5061 φάσκων·
1431 4989 1528 5042 Δεῖ
1553 4989 1661 5042 τὸν

1769 4531 1918 4584 luisti
1950 4545 2052 4592 me,
2075 4528 2384 4583 ediderunt.
2425 4525 2591 4592 Qucis
2622 4524 2864 4580 declarat
2912 4539 2970 4578 se
3002 4538 3069 4578 ex
3111 4530 3244 4576 nutu
3277 4530 3332 4576 ct

1766 4622 2044 4676 voluntate
2085 4618 2288 4683 Patris,
2335 4632 2444 4676 non
2494 4617 2656 4670 modo
2704 4615 2760 4669 in
2808 4624 3073 4676 mortem,
3131 4613 3186 4668 iu
3250 4612 3332 4666 in-

1766 4715 1979 4768 fernum
2039 4719 2094 4767 et
2157 4711 2212 4766 in
2286 4715 2642 4766 memoratum
2694 4707 2868 4760 lacum
2939 4704 3333 4768 descendisse;

1767 4804 1858 4859 sed
1902 4804 2067 4858 etiam
2098 4802 2152 4856 in
2192 4798 2644 4871 profundissima,
2681 4795 2866 4849 intima
2891 4802 2944 4848 et
2974 4802 3242 4855 extrema,
3271 4801 3331 4846 ut

1765 4895 1841 4950 ita
1873 4893 2159 4958 dicam,ibi
2185 4893 2358 4964 posita
2393 4893 2535 4946 loca.
2563 4887 2910 4958 ldipsumque
2941 4887 2994 4941 in
3021 4882 3334 4957 Evangeliis

1765 4991 1953 5038 narrat.
1986 4983 2074 5038 his
2099 4983 2320 5038 verbis:
2355 4980 2568 5050 Oportet
2603 4973 2804 5033 Filium
2852 4977 3076 5030 hominis
3121 4989 3341 5031 manere.

105 5090 233 5143 Υἱὸν
259 5093 364 5145 τοῦ
390 5089 702 5160 ἀνθρώπου
721 5087 968 5157 ποιῆσαι
993 5088 1062 5141 ἐν
1085 5085 1160 5154 τῇ
1175 5083 1385 5152 καρδίᾳ
1411 5082 1521 5150 τῆς
1545 5081 1658 5151 γῆς

1777 5076 1820 5130 in
1853 5073 2010 5129 corde
2053 5083 2204 5129 terra:
2250 5072 2418 5127 tribus
2451 5071 2631 5127 diebus
2677 5079 2727 5125 et
2781 5068 2947 5122 tribus
2992 5066 3228 5122 noctibus
3258 5067 3328 5124 ".

99 5180 244 5246 τρεῖς
277 5181 500 5252 ἡμέρας
543 5182 643 5236 καὶ
678 5180 836 5248 τρεῖς
876 5179 1120 5244 νύκτας.
1168 5177 1313 5229 Ἀντὶ
1343 5175 1399 5228 δὲ
1437 5173 1554 5238 τοῦ,
1585 5175 1657 5227 ἐν

1763 5167 1870 5223 Pro
1908 5168 2001 5222 illo
2029 5175 2236 5232 autem,
2266 5167 2321 5219 in
2369 5163 2649 5219 tenebrosis
2683 5171 2732 5217 et
2779 5162 2834 5216 in
2880 5160 3069 5214 umbra
3118 5159 3328 5220 mortis.

99 5248 439 5339 σκοτεινοῖς,
475 5248 574 5328 καὶ
606 5274 676 5326 ἐν
703 5270 847 5339 σκιᾷ
883 5268 1160 5332 θανάτου,
1208 5267 1237 5320 6
1301 5265 1549 5329 Ἀκύλας,
1590 5266 1661 5318 έν

1777 5261 1956 5330 Aquila
1984 5259 2062 5314 sic
2087 5259 2269 5322 habet,
2296 5257 2351 5310 in
2375 5255 2657 5310 tenebrosis
2679 5264 2728 5308 et
2758 5255 2812 5306 in
2841 5250 3116 5322 profundis
3138 5265 3158 5313 ;
3177 5248 3331 5339 Sym-

98 5365 436 5430 σκοτεινοῖς,
495 5367 645 5435 φησι,
702 5363 801 5418 καὶ
842 5363 912 5416 ἐν
937 5360 1168 5426 βινθοῗς·
1199 5361 1227 5412 6
1260 5358 1315 5411 δὲ
1345 5357 1659 5429 Σύμμαχος,

98 5451 499 5530 ἐνσκοτεινοῖς
529 5454 1001 5522 ἐσκεπασμένον·
1095 5451 1150 5503 δὲ
1177 5449 1399 5520 πέμπτη
1428 5449 1656 5511 ἐκδοσις,

99 5541 163 5595 ἐν·
185 5547 532 5613 σκοτεινοῖς,
571 5544 639 5600 ἐν
671 5545 1040 5608 καταδύτοις.
1087 5539 1255 5593 Τοῦτο
1278 5539 1332 5593 δέ
1366 5557 1454 5609 μοι
1483 5555 1658 5609 παρα-

1761 5350 1988 5405 machus
2017 5363 2164 5412 vero,
2192 5348 2246 5400 in
2281 5345 2562 5400 tenebrosis
2595 5343 2889 5405 obtectum;
2920 5341 3108 5411 quinta
3135 5338 3326 5401 editio.

1758 5443 1814 5496 in
1842 5441 2147 5503 tenebrosis,
2189 5440 2244 5492 in
2287 5435 2546 5491 latibulis.
2580 5433 2692 5488 Hoc
2723 5441 2904 5487 autem
2944 5429 3256 5486 necessario
3291 5444 3326 5484 ιι

1761 5549 1848 5589 me
1876 5534 2221 5588 observation
2265 5537 2370 5596 est,
2419 5543 2486 5583 uc
2517 5527 2640 5597 quis
2691 5525 3000 5596 suspicetur
3047 5523 3225 5593 ipsum
3263 5521 3321 5577 in

165 5698 208 5731 υ
245 5695 262 5752 1
297 5699 420 5758 Cor.
455 5715 543 5766 xv,
577 5701 644 5764 3,
683 5701 733 5755 4.
811 5699 855 5731 ⁰³
897 5697 998 5754 lsa.
1037 5712 1165 5763 Ltu,
1197 5697 1249 5751 8.
1328 5696 1370 5728 9‘
1417 5692 1600 5748 Matth.
1645 5707 1670 5744 ιι

1789 5688 1876 5743 40.
