3798 6282
486 264 626 324 £059

1186 264 1452 322 EUSEBII
1489 266 1962 354 C.£SARIENSI_S
1984 266 2133 325 OPP.
2177 269 2354 326 PARS
2385 269 2469 326 lli.
2511 303 2563 313 -
2601 272 3008 332 EXEGETICA.

3517 289 3620 347 ωω

480 394 658 438 morte
689 397 796 437 non
826 381 1019 445 fuisse,
1052 383 1184 453 quia
1216 399 1244 438 a
1277 383 1417 438 LXX
1468 383 1863 456 lnterprctibus
1907 387 2031 441 ilici-

2143 389 2434 461 τετήρηται
2468 392 2797 460 αναγκαίως.
2824 395 2901 457 ὡς
2940 395 3006 449 ἂν
3035 397 3108 467 μή
3146 415 3226 461 τις
3509 406 3566 478 μὴ
3588 412 3628 460 ἑν

477 481 587 538 tur,
632 477 685 528 in
735 473 1019 528 tenebrosis
1067 475 1202 529 etin
1250 477 1440 528 umbra
1472 477 1677 529 mortis.
1722 476 1856 529 Nam
1896 493 2048 531 com-

478 575 822 622 monstratur
851 582 976 622 eum
1013 568 1066 620 in
1101 567 1427 633 tenebrosis,
1450 568 1739 639 profundis
1764 577 1819 624 et
1848 570 2048 624 latibu-

478 658 547 714 lis
573 659 748 729 ipsius
781 659 974 714 mortis
1008 658 1178 714 fuisse
1201 661 1585 730 :quamobrem
1619 677 1793 731 neque
1821 659 2048 718 Hebrai-

474 764 600 805 cum
648 751 948 820 exemplar,
978 765 1155 820 neque
1197 751 1390 822 reliqui
1431 753 1774 821 interpretes,
1803 753 2045 807 umbram

475 842 661 894 mortis
705 842 1048 910 interpretati
1098 849 1245 898 sunt.
1297 841 1431 896 Nam
1485 851 1807 912 praesentem
1854 844 2044 910 vitam,

476 933 726 986 umbram
761 932 956 986 mortis
994 934 1317 1005 plerumque
1353 949 1550 990 vocare
1585 933 1865 1004 Scriptura
1912 950 2046 989 con-

475 1024 672 1079 suevit.
702 1023 801 1078 Hic
818 1039 947 1078 vero
978 1024 1252 1092 Salvator,
1271 1029 1326 1081 in
1351 1027 1468 1096 ipsa
1494 1034 1666 1080 morte
1688 1025 2043 1092 constitutus,

473 1121 643 1168 totam
678 1117 1042 1170 (nconomiam
1089 1133 1248 1171 suam
1297 1117 1580 1173 describit.
1609 1147 1678 1157 —
1711 1116 1875 1172 Vens.
1903 1117 1958 1181 8.
1986 1117 2040 1172 9.

473 1207 640 1276 Super
663 1225 743 1262 me
761 1211 1106 1279 conﬁrmatus
1127 1221 1204 1264 est
1235 1211 1388 1280 [uror
1401 1221 1555 1274 tuus,
1577 1221 1625 1266 et
1645 1228 1822 1266 omnes
1852 1212 2043 1280 ﬂuctus

474 1305 591 1352 tetas
631 1299 891 1353 induxisti
927 1315 1080 1367 super
1108 1315 1207 1354 me.
1259 1300 1593 1370 Diapsalma.
1640 1300 1815 1371 Longe
1873 1302 2044 1370 fecisti

472 1397 624 1442 notos
660 1406 799 1444 meos
832 1407 863 1442 a
902 1407 1001 1452 me.
1020 1400 1304 1459 posuerunt
1339 1408 1420 1447 me
1453 1392 1896 1447 abominationem
1918 1392 2040 1449 sibi.

473 1478 727 1534 Traditus
760 1496 898 1544 sum,
935 1490 985 1534 et
1007 1497 1111 1535 non
1139 1482 1461 1552 egrediebar.
1496 1482 1762 1549 Quoniam
1791 1486 2044 1542 Christus

469 1585 572 1640 pro
599 1570 759 1625 nobis
782 1579 1031 1627 mortuus
1053 1583 1157 1636 est,
1179 1574 1478 1628 secundum
1504 1575 1843 1643 Apostolum.
1867 1577 2042 1634 factus

469 1676 571 1730 pro
623 1661 779 1716 nobis
827 1661 1205 1728 maledictum;
1235 1662 1357 1718 ideo
1407 1673 1686 1730 scribitur,
1726 1665 2042 1722 Maledictus

2149 481 2362 551 Θανάτῳ
2388 482 2550 536 αὐτὸν
2591 485 2890 553 γεγονέναι,
2923 485 3008 539 διὰ
3042 487 3104 540 τὸ
3143 488 3380 558 λέγεσθαι
3405 496 3530 566 παρὰ
3551 502 3629 561 τοῖς

2161 573 2586 645 Ἐϐδομήκηντα,
2618 576 2689 628 ἐν
2711 576 3041 643 σκοτεινοῖς
3057 580 3150 632 καί
3173 581 3239 632 ἐν
3259 581 3394 648 σκιᾷ
3416 586 3626 642 θανάτου.

2147 663 2423 718 Δέδεικται
2466 665 2594 736 γὰρ,
2625 666 2708 719 ὃτι
2736 668 2794 719 ὲν
2831 667 3228 738 ἑσκοτισμένοις
3265 671 3354 724 καὶ
3395 673 3543 742 suae;
3564 679 3630 730 ul

2148 753 2464 818 καταδύτοις
2485 755 2648 808 αὑτοῦ
2681 755 2776 808 τοῦ
2805 756 3033 809 θανάτου
3055 758 3260 826 γέγονε·
3297 760 3466 832 διόπερ
3483 764 3575 817 οὔτε
3589 769 3631 820 τὺ

2156 842 2462 914 Ἐϐραῖκδν,
2509 843 2632 897 οὕτε
2659 847 2706 897 0i
2737 845 2909 899 λοιποὶ
2940 847 3286 918 ἐρμηνιυταὶ,
3327 851 3487 905 σκιὰν
3505 857 3631 908 θανά·

2145 950 2272 998 του,
2315 935 2681 1006 ήρμήνευσαν.
2712 936 2815 989 Τὸν
2839 936 2946 1008 γάρ
2975 938 3214 1008 παρόντα
3241 939 3349 1009 βίον
3378 943 3460 994 καὶ
3482 943 3557 1012 τήν
3576 948 3632 998 ὲν-

2144 1024 2388 1079 εστῶσαν
2415 1024 2582 1096 ζωὴν,
2613 1026 2867 1091 πολλάκις
2903 1029 2932 1081 ὁ
2963 1028 3117 1098 λόγος
3144 1030 3296 1084 σκιὰν
3325 1031 3526 1086 θανάτου
3552 1038 3634 1090 εἴω-

2145 1114 2237 1169 Θεν
2279 1116 2592 1172 ἀποκαλεῖν.
2654 1119 2915 1173 Ἐνταῦθα
2955 1120 3010 1174 δὲ
3042 1124 3070 1174 ὁ
3099 1123 3305 1193 Σωτὴρ,
3343 1124 3398 1176 ἐν
3437 1125 3558 1197 αὐτῷ
3583 1129 3635 1198 τῷ

2144 1205 2357 1278 θανάτῳ
2380 1207 2636 1276 γεγονὼς,
2666 1211 2843 1262 πᾶσαν
2865 1211 3027 1264 αὐτοῦ
3053 1213 3150 1283 τήν
3168 1214 3461 1285 οἰκονομίαν
3481 1216 3637 1291 διαγράα

2145 1314 2254 1367 φει.
2301 1301 2425 1354 Ἐπ’
2455 1301 2560 1370 ἐμὲ
2581 1300 2905 1372 ἐστηρίχθη
2932 1306 2965 1358 ὁ
2992 1305 3174 1372 θυμός
3196 1318 3331 1368 σου,
3356 1308 3444 1360 καὶ
3469 1309 3637 1380 πάντας

2143 1388 2285 1456 τοὺς
2308 1393 2763 1461 ’μετεωρισμούς
2792 1409 2908 1447 σου
2949 1393 3246 1464 ἐπήγαγες
3287 1396 3376 1449 ἐπ’
3419 1398 3523 1466 ἐμέ.
3555 1402 3640 1455 Διό-

2142 1484 2369 1550 ψαλμα.
2408 1483 2768 1553 Ἐμὰκρυνας
2787 1485 2926 1551 τοὺς
2945 1489 3249 1556 γνωστούς
3275 1507 3390 1557 μου
3411 1491 3497 1544 ἀπ’
3518 1493 3637 1561 ἐμοῦ.

2141 1575 2345 1629 ἕθεν-τό
2364 1593 2441 1645 με
2470 1577 2785 1648 ,ϐδέλυγμα
2812 1579 3062 1645 ἑαυτοῖς.
3092 1581 3444 1649 Παρεδόθην,
3474 1585 3546 1638 καὶ
3564 1589 3639 1640 οὐκ

2141 1664 2602 1736 ἐξεπορευόμην.
2638 1668 2852 1741 Ἐπειδὴ
2869 1670 3100 1741 Χριστὸς
3120 1672 3262 1743 ὑπὲρ
3282 1675 3314 1743 ή
3321 1673 3429 1743 μῶν
3446 1676 3638 1740 ἀπέθανε,

468 1753 638 1806 cumis
661 1753 750 1824 qui
787 1753 973 1822 pendet
996 1754 1053 1807 in
1081 1754 1222 1824 ligno
1245 1754 1341 1809 ".z
1367 1761 1422 1808 et
1457 1755 1584 1825 quia
1617 1771 1763 1820 eum,
1791 1759 1885 1828 qui
1915 1774 2031 1829 νεα

2139 1758 2279 1812 κατά
2306 1758 2396 1811 τὸν
2440 1758 2776 1824 ’Δπόστολον,
2806 1762 3092 1832 γενόμενος
3129 1765 3270 1834 ὑπὲρ
3295 1765 3444 1836 ἡμῶν
3466 1767 3637 1838 κατάρα·

465 1855 648 1900 catum
686 1861 796 1901 nou
834 1853 1079 1910 noverat,
1111 1845 1254 1902 Deus
1282 1856 1380 1916 pro
1410 1847 1566 1903 nobis
1595 1857 1879 1918 peccatum
1903 1849 2032 1906 elic-

466 1935 564 2000 cit,
613 1935 917 1990 secundum
957 1937 1207 1991 eumdem
1237 1935 1558 2006 Apostolum
1581 1939 1648 2002 ",
1688 1937 1813 2008 jure
1849 1939 2034 1996 immi-

466 2033 688 2082 rientem
721 2028 902 2092 nobis,
935 2031 1028 2101 qui
1061 2044 1236 2099 nuper
1275 2029 1426 2100 impii
1453 2038 1508 2084 et
1554 2039 1874 2101 peccatores
1904 2047 2032 2088 era-

467 2134 613 2184 mus,
647 2119 784 2174 iram
815 2119 935 2186 Dei,
965 2128 1019 2176 et
1046 2121 1288 2176 furorem
1311 2121 1432 2192 ejus
1465 2120 1760 2179 instantem
1790 2112 1948 2182 nobis
1979 2127 2034 2180 in

467 2229 529 2270 se
561 2215 904 2284 pertrahens,
925 2223 1086 2286 atque
1114 2214 1186 2268 ob
1215 2215 1321 2268 vim
1351 2215 1437 2270 sui
1461 2231 1588 2288 erga
1621 2216 1868 2274 homines
1885 2233 2038 2274 amo-

465 2305 566 2368 ris,
607 2305 931 2375 supplicium
959 2312 1012 2360 et
1041 2305 1369 2360 destinatam
1401 2307 1560 2362 nobis
1601 2308 1864 2363 ultionem
1900 2309 1954 2362 in
1978 2324 2037 2363 se

466 2395 792 2464 suscipiens,
837 2397 934 2449 has
963 2395 1267 2465 prol‘erebat
1288 2412 1452 2452 voces
1478 2415 1492 2460 ;
1515 2404 1703 2466 utpote
1741 2399 1834 2468 qui
1859 2398 2037 2454 factus

460 2492 614 2540 esset
643 2487 828 2555 Agnus
857 2484 949 2539 Dei
980 2485 1073 2557 qui
1107 2485 1249 2539 tollit
1285 2496 1574 2555 peccatum
1610 2486 1821 2540 mundi.
1857 2486 2037 2552 Quare

468 2573 583 2627 limc
630 2573 696 2628 de
725 2575 818 2628 illo
847 2575 1112 2645 propheta
1147 2574 1386 2644 loquitur
1417 2593 1432 2630 :
1471 2574 1574 2628 llic
1600 2585 1814 2643 peccata
1855 2585 2038 2631 nostra

463 2674 664 2735 portat,
691 2675 742 2719 et
767 2681 863 2735 pro
886 2666 1034 2720 nobis
1067 2666 1336 2719 cruciatur
1365 2680 1385 2720 .'
1414 2666 1528 2735 ejus
1554 2665 1712 2720 vibice
1741 2683 1834 2721 nos
1861 2669 2038 2721 sanati

464 2773 669 2820 sumus,
703 2768 751 2810 et
787 2757 1046 2811 Dominus
1081 2757 1303 2811 tradidit
1332 2773 1452 2811 eum
1479 2759 1706 2826 peccatis
1741 2760 1938 2812 nostris
1969 2759 2036 2810 ⁵⁷.

466 2845 592 2901 Haec
621 2849 785 2921 igitur
822 2859 874 2902 et
905 2849 1023 2921 ipse
1051 2848 1292 2903 declarat
1322 2848 1375 2902 in
1403 2849 1633 2919 psalmo,
1663 2849 1854 2904 dicens
1888 2840 1902 2904 ξ
1934 2845 2038 2903 Su-

463 2957 555 3010 per
599 2958 681 2996 me
723 2947 1068 3012 confirmatus
1086 2955 1165 2998 est
1193 2942 1344 3013 furor
1370 2955 1512 3008 tuus,
1544 2953 1593 2998 et
1628 2956 1804 2998 onmes
1845 2940 2038 3010 ﬂuctus

466 3044 586 3089 tuos
639 3035 902 3089 induxiin
944 3051 1100 3104 super
1125 3051 1223 3089 me.
1255 3034 1361 3089 Pro
1388 3051 1498 3106 quo
1545 3033 1907 3106 Symmachus
1936 3040 2034 3096 ait.

2132 1848 2199 1901 δι’
2227 1848 2255 1902 ὃ
2277 1848 2601 1919 γέγραπται’
2646 1851 3103 1920 Ἐπικατάρατος
3139 1853 3256 1920 πᾶς
3288 1858 3321 1909 ό
3347 1857 3641 1926 κρεμάμενος

2131 1932 2231 1985 ἐπὶ
2274 1935 2486 1998 ξύλου,
2537 1934 2633 1988 καὶ
2679 1935 2864 2008 ἐπειδὴ
2917 1936 3007 1989 τὸν
3044 1937 3119 2010 μὴ
3149 1939 3348 2006 γνόντα
3384 1942 3642 2013 ἀμαρτίιινὸ

2133 2024 2265 2088 Θεὸς
2293 2025 2430 2098 ὑπὲρ
2461 2026 2617 2097 ήμῶν
2653 2028 2927 2099 ἁμαρτίαν
2953 2028 3204 2100 ἐποίησε,
3236 2030 3376 2084 κατά
3399 2031 3481 2084 τὸν
3507 2031 3638 2091 αὑτὸν,

2133 2117 2356 2181 εἰκότως
2384 2117 2478 2188 τὴν
2506 2119 2635 2189 ημῖν
2661 2121 2774 2182 τοῖς
2800 2121 3059 2192 πρότερον
3083 2120 3306 2174 ἀσεϐέσι
3331 2122 3422 2174 καὶ
3443 2122 3641 2192 ἁμαρτω-

2134 2207 2244 2272 λοῖς
2277 2209 2629 2280 ἐπικειμένην
2655 2211 2824 2282 ὀργὴν
2855 2211 2947 2264 τοῦ
2975 2212 3130 2275 Θεου,
3165 2213 3260 2266 καὶ
3298 2213 3387 2265 τὸν
3412 2212 3556 2282 θυμὸν
3575 2213 3641 2266 αὺ-

2133 2300 2228 2356 τοῦ
2275 2303 2365 2356 τὸν
2405 2303 2524 2355 καθ’
2567 2303 2724 2374 ἡμῶν
2769 2306 2848 2366 εἰς
2893 2304 3082 2360 ἑαυτὸν
3127 2304 3564 2374 ἐπισπασάμενος.
3596 2304 3638 2357 δι’

2136 2392 2575 2464 ὑπερϐάλλουσάν
2616 2411 2675 2446 τε
2710 2395 3113 2466 φιλανθρωπίαν
3163 2394 3536 2464 ἀναδεξάμενος
3575 2395 3642 2465 τὴν

2135 2487 2272 2558 ὒπὲρ
2303 2486 2458 2559 ἡμῶν
2485 2487 2753 2559 τιμωρίαν
2782 2503 2844 2540 τε
2885 2487 2979 2540 καὶ
3008 2486 3253 2553 κόλασιν,
3283 2486 3381 2550 τὰς
3413 2485 3642 2556 προκειμέ-

2136 2593 2233 2642 νας
2263 2577 2592 2649 προφέρεται
2617 2577 2817 2648 φωνάς’
2844 2578 2940 2632 ἀτε
2970 2577 3034 2647 δὴ
3066 2577 3359 2648 γενόμενος
3395 2577 3560 2648 Ἀμνὸς
3579 2575 3642 2628 τοῦ

2135 2667 2270 2721 Θεοῦ
2301 2669 2330 2721 ό
2359 2669 2527 2740 αἴρων
2553 2667 2652 2741 τήν
2680 2668 2949 2740 ἁμαρτίαν
2979 2667 3074 2721 τοῦ
3103 2669 3334 2740 κόσμου.
3371 2669 3455 2723 Διό
3483 2669 3645 2738 φησινό

2137 2759 2417 2831 προφήτης
2466 2759 2592 2831 περὶ
2635 2759 2816 2812 αὑτοῦ·
2848 2754 3036 2826 Οὗτος
3082 2759 3190 2826 τὰς
3229 2758 3503 2830 ἁμαρτίας

2135 2847 2318 2918 φέρει,
2344 2850 2440 2904 καὶ
2467 2849 2600 2918 περὶ
2625 2849 2794 2920 ἡμῶν
2815 2849 3116 2907 ὀδυνᾶται·
3150 2848 3232 2916 τῷ
3256 2849 3490 2920 μώλωπι
3511 2847 3645 2902 αὑτοῦ

2135 2940 2306 3011 ἡμεῖς
2333 2940 2598 3011 ιὰθημεν,
2633 2941 2732 2995 καὶ
2759 2941 2971 3010 Κύριος
2999 2942 3346 3010 παρέδωκεν
3371 2940 3538 2994 αὑτὸν
3558 2940 3646 3003 ταῖς

2138 3032 2445 3102 ἁμαρτίαις
2476 3031 2660 3102 ἡμῶν.
2697 3030 2865 3086 Τοῦτο
2893 3033 3069 3087 τοίνυν
3107 3034 3202 3086 καὶ
3225 3033 3390 3098 αὐτὸς
3416 3032 3646 3104 παρίστησι

465 3124 634 3193 Super
656 3142 736 3180 me
763 3099 1081 3196 aggravatus
1109 3136 1186 3180 est
1217 3126 1367 3195 [uror
1390 3099 1531 3192 tuus,
1555 3099 1605 3181 et
1629 3127 1873 3196 procellis
1901 3129 2031 3198 afﬂi-

2137 3099 2227 3184 aia
2255 3099 2358 3180 τοῦ
2394 3099 2608 3199 cantas
2638 3122 2879 3197 φάσκων
2938 3125 3062 3181 Ἐπ’
3102 3124 3205 3197 ἐμὲ
3239 3099 3646 3198 mamma

462 3231 623 3273 ctam
665 3237 765 3274 me.
799 3220 932 3274 Nam
987 3236 1087 3276 ceu
1144 3221 1364 3291 quidam
1412 3222 1824 3277 amantissimus
1858 3230 2030 3290 pater,

462 3311 807 3380 tempestatis
837 3321 931 3365 aut
962 3313 1086 3367 belli
1118 3322 1360 3382 tempore
1387 3313 1656 3384 genuinos
1686 3313 1823 3367 lllios
1848 3321 2031 3382 prote-

464 3416 621 3471 gens,
655 3401 780 3456 illos
811 3402 1034 3471 quidem
1073 3403 1390 3468 occultavit,
1419 3404 1472 3457 in
1497 3405 1640 3458 ulnis
1667 3402 1924 3473 obtegens
1948 3409 2033 3455 at-

461 3507 570 3564 que
593 3493 644 3546 in
671 3501 788 3546 tuto
815 3508 1020 3563 ponens
1041 3511 1056 3560 ;
1074 3508 1198 3548 sese
1234 3509 1365 3550 vero
1394 3495 1651 3565 procellis
1685 3511 1750 3550 ac
1777 3496 1904 3551 telis
1932 3510 2032 3566 pro

460 3583 716 3638 omnibus
744 3583 966 3652 objccit,
999 3591 1230 3638 mortem
1257 3599 1414 3639 suam
1445 3600 1542 3654 pro
1580 3585 1819 3640 ﬁliorum
1849 3587 2028 3641 salute

461 3675 518 3730 in
549 3676 1032 3730 commutationem
1066 3675 1310 3740 tradens,
1344 3686 1398 3731 et
1427 3677 1564 3730 iram
1595 3677 1703 3733 illis
1741 3677 2028 3732 imminen-

462 3774 570 3817 tem
611 3763 677 3816 ad
731 3779 791 3819 se
835 3770 1185 3819 convertens.
1210 3763 1574 3830 Quamobrem
1599 3766 1690 3836 qui
1723 3765 2029 3821 benedictio

460 3853 556 3910 Dei
610 3865 750 3919 erat,
790 3855 968 3912 factus
1000 3863 1086 3912 est
1119 3856 1508 3924 maledictum;
1559 3865 1616 3912 et
1665 3858 1758 3928 qui
1811 3857 2026 3927 justitia

457 3952 599 4008 erat,
632 3944 809 4001 factus
832 3953 918 4001 est
964 3954 1248 4016 peccatum
1288 3964 1301 4000 :
1336 3946 1685 4018 furoremque
1713 3947 1806 4002 Dei
1835 3955 2025 4002 contra

457 4035 710 4091 homines
741 4047 1092 4108 aggravatum
1119 4039 1185 4094 ad
1221 4055 1281 4094 se
1315 4039 1663 4110 pertrahens,
1699 4039 1878 4110 ipsum
1904 4040 2026 4110 qui-

460 4132 584 4186 dem
617 4131 714 4186 abs
733 4147 792 4186 se
816 4134 1052 4201 repulit;
1084 4133 1158 4188 ita
1193 4141 1251 4186 ut
1282 4149 1456 4203 neque
1482 4149 1541 4188 se
1576 4148 1750 4202 neque
1777 4133 1914 4188 alios
1942 4133 2024 4188 vel

460 4222 746 4276 minimum
789 4223 1044 4290 laederet;
1089 4224 1239 4278 illum
1275 4239 1404 4278 vero
1428 4234 1612 4293 utpote
1654 4222 1892 4288 Patrem,
1927 4224 2024 4278 lio-

457 4314 668 4368 minum
695 4316 876 4384 generi
907 4316 1178 4383 placatum
1233 4315 1496 4369 reddidit.
1529 4315 1812 4381 Quomodo
1843 4320 2020 4367 autem

455 4419 650 4461 omnes
682 4405 938 4475 discipuli
970 4407 1090 4475 ejus
1121 4417 1362 4477 tempore
1416 4395 1686 4477 passionis
1718 4404 1892 4474 ipsum
1923 4403 2021 4458 de-

455 4495 763 4562 seruerint;
800 4497 890 4550 alii
933 4503 1113 4551 autem
1147 4497 1484 4567 negaverint,
1513 4512 1620 4549 non
1655 4504 1738 4550 est
1763 4494 1907 4563 quod
1935 4508 2020 4548 re-

455 4586 716 4651 feramus,
777 4587 997 4657 quando
1053 4596 1288 4657 quatuor
1324 4586 1668 4656 evangelista:
1727 4583 1888 4639 simul
1937 4582 2022 4637 id—

452 4678 633 4748 ipsum
684 4693 784 4732 nos
827 4678 1079 4732 edocent.
1124 4675 1247 4730 Haec
1280 4678 1447 4746 igitur
1491 4678 1580 4730 ille
1624 4674 2017 4744 praenuntiam,

455 4770 543 4824 bis
573 4770 798 4823 vocibus
828 4769 1178 4832 vaticinatur,
1210 4783 1346 4837 quas
1379 4765 1740 4836 Symmachus
1793 4765 1893 4818 hac
1928 4779 2018 4816 ra-

451 4865 603 4918 tione
652 4861 1038 4929 interpretatus
1064 4867 1169 4924 est,
1193 4858 1367 4928 Longe
1398 4857 1569 4926 fecisti
1609 4864 1757 4909 notos
1789 4871 1929 4909 meos
1980 4872 2016 4910 a

451 4968 536 5008 me
569 4966 588 5005 :
618 4952 838 5020 posuisti
871 4967 948 5004 me
995 4950 1396 5004 abominabilem
1432 4951 1583 5018 ὅροις,
1613 4947 1930 5002 custoditum
1965 4957 2013 5000 et

450 5058 554 5098 non
582 5041 1014 5111 pragredientem.
1051 5037 1206 5093 Tunc
1238 5040 1420 5110 ilaque
1444 5042 1621 5110 ipsum
1651 5038 1900 5108 discipuli
1924 5039 2016 5092 ab-

451 5141 741 5202 negarunt,
775 5147 898 5185 cum
950 5130 1007 5184 in
1064 5131 1227 5185 domo
1254 5131 1474 5200 Caiplue
1513 5130 1708 5186 summi
1744 5129 2016 5199 pontiﬁcis

453 5225 510 5278 in
557 5223 806 5278 custodia
855 5222 1211 5277 detineretur.
1243 5251 1316 5261 —-
1350 5223 1516 5276 Vens.
1560 5222 1649 5276 10.
1710 5219 1865 5276 Oculi
1915 5220 2016 5278 mei

451 5317 763 5388 languerunt
794 5332 904 5384 pra:
939 5316 1134 5384 impia.
1169 5315 1410 5370 Ctamavi
1430 5314 1498 5369 ad
1529 5324 1596 5378 te,
1631 5313 1869 5376 Domine,
1901 5322 2013 5366 tota

450 5406 553 5471 die,
580 5407 805 5477 expandi
834 5407 901 5460 ad
938 5416 985 5460 te
1035 5423 1220 5460 manus
1270 5423 1432 5461 meas.
1485 5405 1608 5460 llaec
1644 5407 1768 5460 item
1809 5405 2012 5459 clarius

453 5494 810 5567 Symmachus
841 5497 1006 5553 edidit
1049 5499 1133 5554 his
1159 5499 1338 5554 verbis
1371 5518 1383 5554 :
1413 5500 1608 5553 Oculus
1645 5515 1784 5552 meus
1813 5498 2010 5569 efﬂuxit

518 5655 562 5685 ³⁵
604 5651 758 5709 Deut.
797 5670 917 5717 ssi,
952 5655 1058 5720 9.5;
1102 5654 1217 5709 Gal.
1259 5671 1347 5724 Ill,
1393 5655 1470 5710 l5.
1547 5655 1592 5685 9°
1637 5654 1674 5709 ll
1708 5657 1830 5710 Cor.
1872 5671 1924 5720 γ,
1956 5652 2047 5710 ‘ll.

2136 3223 2322 3290 θυμός
2353 3235 2490 3284 σου,
2527 3231 2625 3272 και
2674 3217 2902 3285 πάντας
2946 3218 3086 3285 τοὺς
3114 3218 3539 3288 μετεωρισμούς
3566 3231 3645 3267 σου

2133 3313 2431 3383 ἐπήγαγες
2453 3312 2545 3366 ἐπ’
2564 3310 2688 3380 ἐμέ.
2705 3311 2843 3370 Ἀνθ’
2873 3303 2934 3363 οὗ
2965 3327 3127 3382 φησιν
3158 3313 3188 3364 ό
3214 3311 3518 3382 Σύμμαχος,
3530 3305 3644 3376 Ἐμοὶ

2133 3405 2445 3471 ἐπέϐρισεν
2471 3406 2504 3457 ό
2527 3403 2710 3472 θυμός
2735 3406 2892 3467 ’σου,
2925 3403 3022 3455 καὶ
3049 3401 3178 3468 ταῖς
3203 3402 3529 3469 καταιτίσιν
3548 3394 3645 3451 at.

2133 3492 2331 3558 κωσὰς
2381 3507 2478 3561 με.
2511 3486 2612 3545 Οἷα
2650 3489 2757 3562 γάρ
2781 3507 2863 3553 τις
2895 3488 3244 3560 φιλόστοργος
3283 3489 3462 3562 πατὴρ
3483 3491 3532 3542 ἐν
3566 3485 3648 3556 ὥρᾳ

2133 3583 2450 3655 χειμῶνοςῆ
2476 3580 2732 3652 πολέμου,
2761 3581 2998 3651 γνησίων
3028 3579 3159 3633 υίῶν
3187 3578 3542 3651 προασπίζων,
3559 3577 3645 3640 τοὺς

2135 3676 2234 3747 μὲν
2285 3673 2585 3729 ἐκάλυπτεν
2632 3673 2999 3745 ἀποκρύπτων
3052 3672 3147 3726 καὶ
3199 3672 3418 3725 σκέπων
3454 3671 3544 3725 ὑπὸ
3578 3670 3645 3731 τὰς

2135 3768 2271 3831 ιδίας
2299 3767 2564 3835 ἀγκάλας·
2596 3767 2785 3820 ἑαυτὸν
2804 3765 2861 3818 δὲ
2882 3765 3003 3819 ἀντὶ
3033 3764 3249 3818 πάντων
3278 3765 3400 3827 ταῖς
3427 3759 3643 3831 καταιγίσι

2131 3858 2226 3912 καὶ
2269 3858 2381 3920 τοῖς
2425 3855 2600 3926 βέλεσι
2643 3857 2890 3925 παρεῖχε,
2925 3855 3022 3926 τῆς
3050 3854 3157 3908 τῶν
3201 3855 3410 3910 παίδων
3433 3850 3644 3922 σωτηρίας

2128 3949 2220 4001 τὸν
2245 3947 2407 4002 αὐτοῦ
2435 3947 2660 4002 θάνατον
2685 3945 3323 4017 ἀντικαταλλαπόμενος,
3353 3945 3441 3999 καὶ
3466 3944 3544 3998 τὸν
3561 3941 3642 3994 κατ’

2129 4039 2351 4094 ἐκείνων
2393 4039 2563 4110 θυμὸν
2604 4039 2682 4102 εἰς
2718 4039 2906 4091 ἑαυτὸν
2938 4039 3318 4109 ἀποστρέφων.
3350 4040 3427 4094 Δι’
3457 4036 3642 4104 ὃγέγονε

2129 4133 2362 4204 κατάρα,
2405 4133 2439 4203 ἡ
2480 4130 2696 4199 εὐλογία
2733 4129 2826 4182 τοῦ
2875 4128 3008 4182 Θεοῦ
3041 4129 3201 4194 αὐτὸς
3231 4129 3329 4183 ὢν·
3363 4129 3452 4184 καὶ
3475 4127 3642 4195 γέγονεν

2126 4224 2388 4296 ἁμαρτία,
2427 4222 2734 4294 δικαιοσύνη
2767 4222 3068 4292 τυγχάνων,
3110 4221 3205 4273 καὶ
3231 4221 3325 4273 τὸν
3352 4220 3465 4274 κατ’
3487 4213 3643 4286 ἀνθρὼ-

2128 4331 2244 4367 πων
2289 4311 2644 4384 ἐπιϐρίσαντα
2689 4310 2858 4380 θυμὸν
2899 4309 2993 4362 τοῦ
3040 4308 3174 4362 Θεοῦ
3209 4311 3292 4374 εἰς
3324 4308 3503 4362 ἑαυτὸν
3530 4322 3642 4375 περι-

2129 4405 2362 4468 σπάσας,
2397 4405 2488 4457 τὸν
2533 4405 2630 4474 μὲν
2667 4402 2726 4466 ἐξ
2757 4401 2951 4455 ἑαυτοῦ
2996 4401 3368 4462 διεσκέδασεν,
3411 4398 3480 4463 ὡς
3522 4395 3642 4470 μηδὲν

2129 4497 2250 4568 μήτ’
2279 4495 2458 4559 αὐτὸν,
2488 4494 2610 4566 μήθ’
2637 4493 2854 4564 ἑτέρους
2877 4491 3143 4562 ἀδικῆσαι·
3180 4491 3272 4544 τὸν
3295 4490 3342 4544 δ’
3366 4485 3449 4543 οἷα
3475 4483 3638 4555 Πατέρα

2123 4583 2282 4637 ἵλεων
2311 4581 2388 4650 τῷ
2418 4580 2526 4632 τῶν
2555 4578 2858 4650 ἀνθρώπων
2901 4579 3272 4649 κατεστήσατο
3312 4577 3463 4644 γένει.
3503 4575 3638 4631 ὀπως

2121 4674 2180 4731 δὲ
2204 4675 2401 4737 πάντες
2426 4675 2474 4726 οἱ
2505 4673 2741 4744 μαθηταὶ
2765 4671 3213 4726 καταλελοίπασιν
3240 4672 3401 4726 αὑτὸν
3426 4668 3556 4740 παρὰ
3576 4664 3637 4716 τὶν

2119 4766 2309 4837 καιρὸν
2339 4765 2433 4822 τοῦ
2475 4765 2696 4828 πάθους,
2741 4765 2790 4816 0i
2837 4764 2889 4816 δὲ
2943 4765 3035 4817 καὶ
3066 4765 3392 4837 ἠρνήσαντο,
3423 4762 3552 4815 οὐδὲν
3583 4755 3637 4812 δεῖ

2118 4857 2315 4926 λέγειν,
2369 4857 2476 4910 τῶν
2521 4857 2802 4928 τεσσάρων
2842 4855 3240 4923 εύαγγελιστῶν
3288 4853 3562 4925 συμφώνως
3590 4845 3634 4900 τὶ

2116 4949 2256 5003 αύτά
2285 4949 2659 5007 διδασκόντων.
2687 4947 2834 5000 aera;
2857 4946 2920 5018 δὴ
2952 4943 3044 5000 οὖν
3071 4946 3242 5000 ταῦτα
3277 4945 3513 5018 προλέγει
3538 4956 3633 5010 apo-

2115 5041 2362 5111 φητεύων
2393 5041 2466 5092 τὸ·
2493 5039 2685 5110 μέλλον
2713 5040 2802 5094 διὰ
2833 5039 2942 5091 τῶν
2987 5038 3361 5110 προκειμένων
3389 5033 3572 5106 φωνῶν,
3589 5027 3633 5087 ἃς

2112 5135 2144 5186 ὁ
2172 5133 2466 5204 Σύμμαχος
2495 5131 2684 5187 τοῦτον
2709 5131 3019 5203 ἡρμήνευσε
3052 5131 3142 5185 τὸν
3174 5129 3390 5202 τρόπον·
3441 5119 3632 5189 Μαιρὰν

2112 5225 2406 5291 ἐποίησας
2442 5224 2586 5291 τοὺς
2630 5224 2938 5290 γνωτούς
2973 5241 3091 5292 μου
3127 5221 3225 5276 ἀπ’
3259 5220 3422 5290 ἐμοῦ·
3463 5208 3631 5275 ἔταξά

2110 5332 2188 5384 με
2209 5314 2553 5379 ,ϐδελυκτὸν
2578 5312 2802 5379 αὐτοῖς,
2829 5313 3272 5383 φρουρούμενον
3309 5311 3402 5365 καὶ
3422 5305 3500 5380 μὴ
3525 5316 3628 5370 προ·

2115 5406 2458 5473 ερχόμενον.
2498 5404 2632 5457 Τότε
2661 5401 2792 5474 γοῦν
2837 5402 2987 5456 sine»
3027 5402 3121 5456 καὶ
3151 5402 3443 5474 ἠρνήσαντο
3479 5395 3518 5448 oi
3555 5405 3627 5460 με·

2116 5496 2294 5568 θηταὶν
2329 5497 2490 5568 ἡνίκα
2515 5497 2825 5570 ἐφρουρεῐτο
2851 5496 2907 5551 ὲν
2938 5498 3008 5566 τῇ
3039 5494 3184 5568 οἰκίᾳ
3216 5493 3429 5562 Καῖάφα
3457 5483 3533 5541 τοῦ
3553 5480 3624 5551 ἀρ

2124 5654 2166 5685 9⁷
2210 5650 2311 5709 lsa.
2350 5667 2471 5718 Lm,
2505 5651 2621 5706 5-5.
