3798 6282
135 287 281 344 ιοει

1306 288 1802 346 COMMENTARIA
1847 280 1912 345 IN
1948 282 2289 346 ΡδΑῐιΜΟΞ.

3254 300 3396 357 10θῖ

133 409 393 481 χιερέως.
432 412 495 463 Οἱ
537 409 828 479 ὀφθαλμοί
874 427 996 479 μου
1032 409 1385 479 ἠσθένησαν
1410 411 1528 466 ἀπὸ
1569 425 1698 464 πτω

1823 419 2031 480 propter
2064 415 2387 465 vexationem
2430 429 2447 464 :
2484 414 2722 469 invocavi
2748 425 2794 471 te
2818 417 3038 487 singulis
3067 417 3271 481 diebus.
3293 437 3390 475 ex-

133 504 332 572 χείας.
374 502 696 570 Ἐκέκραεα
744 502 894 569 πρὸς
913 503 1006 568 σὲ,
1033 505 1227 571 Κύριε,
1256 503 1408 570 ὅλην
1434 504 1548 571 τὴν
1578 503 1721 572 ἠμέ-

127 609 275 661 par,
308 592 631 646 διεπέτασα
654 590 804 659 πρὸς
828 592 905 646 σὲ
927 594 1034 659 τὰς
1060 593 1263 663 χεῖράς
1284 612 1423 663 μου.
1452 594 1721 661 Σαφέστε-

138 701 237 755 ρον
270 685 365 737 καὶ
390 682 564 739 ταῦτα
598 684 628 735 6
659 683 953 755 Σύμμαχος
997 685 1257 749 ἐξέδωκεν
1298 685 1485 738 εἰπών·
1527 687 1581 738 Ὀ
1615 687 1721 754 ὀφ-

135 778 371 845 θαλμός
395 792 514 844 μου
543 774 900 843 ἐξέῤῥευσεν
929 776 1045 829 ἀπὸ
1077 774 1188 841 τῆς
1220 775 1553 841 κακώσεως-⁸
1582 776 1716 828 ἐπε-

132 865 497 935 καλεσάμην
540 881 614 919 σε
646 865 772 920 καθ’
800 865 1065 934 ἑκάστην
1108 866 1357 934 ἡμέραν,
1395 865 1720 920 διεπέτασα

131 957 294 1024 πρὸς
325 956 401 1010 σὲ
436 956 543 1021 τὰς
588 954 787 1024 χεῖράς
812 974 951 1024 μου.
1006 956 1330 1028 Ἀπεκλᾲετο
1370 957 1478 1029 γὰρ
1509 959 1595 1011 ἀεὶ
1622 958 1720 1023 τὰς

128 1048 249 1101 τῶν
296 1046 596 1119 ἀνθρώπων
651 1046 1041 1117 ταλαιπωρίας,
1095 1048 1185 1100 καὶ
1240 1050 1365 1112 τοὺς
1405 1030 1718 1119 ὀφθαλμοὺς

131 1140 331 1194 ἑαυτοῦ
359 1138 661 1195 κατεπόνει.
691 1138 915 1209 δάκρυσι
949 1138 1159 1191 πενθῶν
1184 1139 1282 1209 τὴν
1315 1138 1586 1193 ἀπώλειαν
1610 1140 1717 1193 τῶν

135 1230 217 1302 μὴ
252 1229 701 1300 καταδεξαμένων
730 1229 911 1283 αὐτόν.
960 1230 1069 1282 Καὶ
1114 1228 1187 1292 ὡς
1219 1230 1318 1301 τήν
1368 1230 1719 1301 Ἰερουσαλὴμ.

130 1321 538 1383 ἀπεκλαύσατο,
572 1320 744 1383 οὕτως
786 1320 927 1384 εἰκὸς
970 1316 1038 1391 ἦν
1071 1320 1166 1373 καὶ
1200 1320 1293 1374 τοῦ
1325 1322 1717 1393 προδεδωκότος

128 1413 304 1465 αὑτὸν
322 1411 627 1465 ἀποστόλου
653 1410 749 1480 τὴν
772 1410 1086 1464 ἀπόπτωσιν
1118 1410 1324 1464 καὶτοῦ
1352 1412 1551 1474 παντὸς
1588 1413 1717 1464 Ἰου-

128 1504 303 1558 δαίων
342 1503 525 1566 έθνους
571 1503 670 1573 τήν
714 1501 1014 1573 ἀποϐολὴν,
1064 1504 1157 1556 καὶ
1207 1503 1315 1555 τῶν
1358 1502 1561 1555 λοιπῶν
1608 1502 1716 1556 τῶν

1820 502 1981 571 pandi
2009 502 2077 554 ad
2106 511 2153 555 te
2176 518 2363 555 manus
2388 519 2553 556 meas.
2585 504 2653 557 At
2673 507 2819 560 enim
2865 524 3080 578 semper
3107 509 3390 567 hominum

1821 594 2073 649 miserias
2104 593 2357 656 deﬂebat,
2391 595 2693 665 oeulosqne
2722 598 2991 668 afﬂigebat
3018 615 3171 665 suos,
3197 616 3392 657 eorum

1818 684 1912 754 qui
1944 700 2003 739 se
2027 699 2132 738 non
2166 694 2522 754 susceperant
2545 688 2841 756 perniciem
2865 690 3176 759 deplorans.
3211 692 3393 763 Atque

1820 782 1881 828 ut
1924 773 2350 846 Hierosolymam
2383 776 2638 848 lacrymis
2673 781 3133 848 prosequebatur;
3179 782 3256 836 ita
3293 799 3392 852 par

1818 874 1935 921 erat
1963 881 2087 921 eum
2118 874 2303 936 utpote
2332 867 2612 921 hominum
2646 873 3255 942 amantem,0ptimique
3285 874 3391 927 Pa-

1821 956 1921 1010 tris
1953 956 2143 1020 iilium,
2176 957 2471 1025 proditoris
2502 957 2733 1026 apostoli
2770 973 2982 1024 casum,
3005 962 3171 1016 totius
3194 960 3388 1016 Judai-

1818 1061 1896 1100 ea:
1920 1046 2100 1118 gentis
2135 1046 2522 1115 abjectionem,
2553 1062 2617 1101 ac
2645 1048 2981 1118 reliquorum
3011 1052 3103 1120 qui
3136 1054 3391 1121 peribant

1818 1138 2033 1192 ruinam
2064 1138 2260 1193 deﬂere
2284 1157 2296 1192 :
2326 1154 2431 1207 qua
2452 1138 2519 1193 de
2546 1154 2711 1195 causa
2742 1156 2935 1195 manus
2958 1143 3296 1213 expandebat
3320 1160 3390 1199 ac

1817 1227 2237 1290 vociferabatur,
2274 1229 2327 1282 in
2363 1230 2700 1286 orationibus
2738 1231 2803 1285 ad
2845 1230 3058 1288 Patrem
3119 1234 3386 1303 clamans,

1816 1320 2113 1390 gannitibus
2139 1320 2599 1377 inenarrabilibus
2621 1322 2764 1391 apud
2782 1321 2996 1377 Patrem
3021 1325 3384 1382 intercedens.

1816 1414 1939 1467 Alio
1966 1412 2092 1467 item
2124 1412 2287 1467 modo
2316 1414 2557 1478 oculum,
2594 1414 2708 1469 sive
2734 1415 2925 1469 oculos
2957 1416 3078 1484 ejus
3107 1415 3388 1472 inﬁrman—

1816 1512 1923 1569 tes,
1947 1506 2265 1577 neutiquam
2295 1506 2518 1562 aberres
2554 1507 2599 1562 si
2630 1508 2783 1563 dicas
2808 1510 3086 1579 apostolos
3108 1525 3230 1565 esse
3257 1527 3271 1575 ;
3311 1512 3387 1564 si-

127 1595 520 1666 ἁπολλυμένων
549 1594 639 1648 τὸν
664 1594 901 1665 ὄλεθρον,
944 1590 1030 1647 οἷα
1060 1594 1436 1667 φιλάνθρωπον
1464 1595 1559 1647 καὶ.
1577 1610 1698 1649 παν-

1815 1598 2035 1669 quidem
2065 1614 2265 1668 corpus
2296 1599 2439 1669 ejus,
2465 1608 2610 1654 totus
2654 1601 2886 1670 populus
2914 1601 3035 1670 ejus
3067 1608 3172 1664 est,
3206 1610 3264 1656 ut
3287 1602 3387 1673 do-

126 1687 339 1756 αγάθου
365 1687 575 1757 Ηατρὸς
619 1686 734 1739 υἱὸν
768 1686 1234 1740 ἀποκλαύσασθαι·
1268 1686 1336 1738 δι’
1381 1678 1442 1739 οὗ
1491 1688 1584 1739 καὶ
1613 1685 1698 1749 τὰς

1815 1700 1900 1745 cet
1928 1690 1975 1745 is
2003 1690 2095 1759 qui
2126 1690 2263 1744 dixit
2294 1705 2307 1741 :
2351 1689 2451 1743 Vos
2479 1700 2850 1745 autemomncs
2884 1707 3070 1761 corpus
3096 1690 3389 1756 Christi,et

127 1781 323 1849 χεῖρας
358 1778 586 1846 ἐξήπλου
617 1781 709 1830 καὶ
752 1777 933 1848 φωνάς
968 1779 1272 1849 ἀνέπεμπε,
1322 1777 1459 1848 βοῶν
1485 1779 1542 1831 ἐν
1595 1779 1698 1839 ταῖς

1817 1780 2050 1835 membra
2078 1794 2143 1833 ea:
2184 1778 2423 1847 parte”;
2458 1793 2654 1833 manus
2684 1786 2862 1834 autem
2893 1795 3045 1844 suas,
3078 1794 3242 1849 opera
3279 1781 3387 1836 sci-

128 1870 274 1941 πρδς
301 1869 390 1922 τὸν
420 1869 635 1939 Πατέρα
674 1871 1025 1940 προσευχαῖς,
1070 1871 1390 1939 στεναγμοῖς
1427 1868 1698 1937 ἀλαλήτοις

1816 1874 1943 1928 licet
1989 1872 2055 1926 ad
2094 1870 2273 1925 Patris
2307 1870 2535 1942 gloriam
2570 1870 2741 1936 edita,
2784 1871 3146 1942 expandebat,
3180 1872 3230 1926 ei
3291 1873 3387 1942 qui

127 1961 616 2032 ὐπερεντυγχάνων
658 1960 735 2033 τῷ
765 1960 959 2030 Πατρί.
1009 1961 1119 2012 Καὶ
1145 1959 1315 2023 ἄλλως
1341 1960 1397 2012 δὲ
1434 1958 1698 2030 ὀφθαλμὼ

1816 1963 1967 2019 solus
2001 1961 2151 2031 ipsas
2181 1960 2366 2016 videre
2387 1968 2600 2031 poterat
2626 1961 2929 2017 obtendens
2953 1981 2966 2017 :
2988 1963 3098 2017 imo
3132 1962 3292 2018 etiam
3329 1963 3388 2019 in

125 2051 361 2123 αὐτοῦῆ
408 2051 719 2122 ὀφθαλμοὺς
753 2049 1157 2122 ἀσθενήσαντος
1199 2051 1298 2104 οὐκ
1341 2051 1407 2104 ἂν
1445 2051 1698 2121 ἁμάρτοις

1810 2052 2193 2127 frequentibus
2226 2052 2567 2107 orationibus
2601 2059 2655 2105 et
2691 2052 2745 2105 in
2776 2053 3031 2121 passione
3057 2070 3154 2108 sua
3186 2068 3386 2108 manus

124 2138 274 2197 εἶναι
305 2142 471 2196 εἰπὼν
503 2145 628 2207 τοὺς
660 2143 1009 2207 ἀποστόλους,
1054 2143 1103 2194 εἰ
1133 2143 1196 2213 δὴ
1225 2142 1383 2212 σῶμα
1406 2142 1569 2195 αὑτοῦ
1599 2143 1698 2206 πᾶς

1812 2161 1911 2216 pro
1944 2145 2168 2207 mundo,
2199 2144 2357 2213 cujus
2387 2151 2668 2214 peccatum
2692 2144 2992 2209 auferebat,
3018 2146 3298 2217 expandit,
3325 2149 3387 2196 ut

123 2239 157 2287 6
178 2236 308 2298 λαὸς
330 2236 495 2289 αὑτοῦ
525 2238 799 2307 τυγχάνει,
844 2238 921 2301 ὡς
951 2237 1185 2303 ἐδίδαξεν
1215 2236 1243 2288 6
1277 2234 1465 2288 εἰπών’
1521 2235 1698 2304 Ὑμεῖς

1815 2236 2027 2291 Patrem
2062 2235 2327 2304 placaret.

122 2329 197 2382 δὲ
235 2330 455 2396 πάντες
494 2330 664 2399 σῶμα
702 2328 991 2399 Χριστοῦ,
1043 2332 1141 2384 καὶ
1171 2331 1326 2399 μέλη
1356 2330 1424 2383 ἐκ
1468 2329 1706 2398 μέρους·
1749 2332 1935 2399 χεῖρας
1983 2328 2041 2381 δέ
2076 2328 2259 2393 αὑτοῦ,
2289 2327 2389 2392 τὰς
2445 2329 2672 2399 πράξεις
2715 2330 2782 2394 ἃς
2846 2330 3063 2400 ἐνήργει
3104 2327 3183 2390 είς
3225 2325 3385 2392 δόξαν

122 2423 222 2476 τοῦ
273 2423 503 2494 Πατρός,
549 2422 945 2486 διεπετάννυεν,
1012 2422 1257 2486 ἐξαπλῶν
1289 2422 1457 2485 αὑτάς
1493 2420 1573 2491 τῷ
1609 2421 1752 2492 μόνῳ
1791 2419 2086 2474 θεάσασθαι
2124 2418 2294 2481 αὑτάς
2339 2419 2638 2491 δυναμένῳ·
2679 2421 2815 2474 άλλά
2861 2423 2955 2474 καὶ
3001 2422 3059 2473 ἐν
3098 2422 3216 2483 ταῖς
3261 2436 3384 2471 συν-

122 2516 309 2587 εχέσιν
331 2516 513 2586 εὐχαῖς
538 2516 593 2569 ἐν
636 2533 697 2569 τε
744 2515 821 2586 τῷ
853 2516 1014 2570 πάθει
1042 2516 1139 2580 τὰς
1175 2518 1363 2587 χεῖρας
1388 2515 1707 2569 διεπέτασεν
1746 2516 1888 2587 ὑπὲρ
1913 2513 2007 2568 τοῦ
2031 2514 2260 2585 κόσμου,
2284 2507 2344 2568 οὗ
2373 2513 2620 2586 περιῄρει
2650 2515 2750 2587 τὴν
2802 2514 3096 2587 ἁμαρτίαν,
3125 2514 3216 2567 τὸν
3277 2513 3382 2567 Πα-

122 2608 263 2679 τέρα
294 2608 664 2680 ἱλασκόμενος.

197 2722 331 2777 Τίνα
358 2724 415 2775 δὲ
443 2718 510 2795 ἦν
536 2723 677 2795 άπερ
707 2723 803 2788 τὰς
831 2726 1018 2797 χεῖρας
1042 2722 1288 2790 ἐξαπλῶν
1314 2723 1451 2796 πρὸς
1474 2724 1564 2778 τὸν
1594 2724 1709 2777 Πα-

121 2812 267 2881 τέρα
315 2812 673 2883 προσηύχετο,
710 2814 802 2865 καὶ
832 2814 951 2866 κατ’
986 2813 1198 2886 ἐκείνην
1233 2815 1332 2885 τὴν
1381 2813 1712 2885 δηλουμένην

127 2904 346 2975 ἡμέραν
394 2904 542 2976 αὐτῷ
592 2905 728 2976 πρὸς
780 2905 870 2958 τὸν
919 2905 1136 2977 Πατέρα
1186 2905 1351 2961 αὑτοῦ
1387 2906 1708 2978 βεδοημένα,

131 2995 341 3067 προῖὼν
370 2997 609 3053 διδάσκει
646 2999 704 3050 ὲν
731 2996 961 3062 τούτοις
999 2998 1095 3067 Μὴ
1126 2998 1252 3063 τοῖς
1277 2999 1512 3068 νεκροῖς
1541 2998 1713 3069 ποιή-

1877 2720 2137 2787 Quamam
2172 2728 2356 2775 autem
2391 2718 2651 2789 expansis
2682 2716 2937 2772 manibus
2972 2714 3185 2770 Patrem
3220 2729 3383 2785 roga-

1806 2814 1966 2878 verit,
2011 2821 2066 2869 et
2109 2827 2354 2883 quaenam
2401 2818 2700 2865 memorata
2732 2809 2821 2864 die
2849 2807 2917 2861 ad
2950 2807 3165 2861 Patrem
3217 2822 3379 2862 suum

1806 2905 2143 2969 clamaverit,
2169 2904 2287 2974 ipse
2304 2918 2427 2956 mox
2451 2902 2627 2972 aperit
2655 2902 2844 2955 dicens
2878 2897 3152 2955 :——Vsns.
3184 2898 3376 2951 11-15.

1809 2993 2062 3065 Nunquid
2098 2994 2322 3048 mortuis
2344 2991 2504 3060 facies
2526 2989 2813 3052 mirabilia,
2839 2998 2932 3041 aut
2950 2985 3137 3041 medici
3151 2986 3379 3040 suscita-

129 3105 266 3154 σεις
289 3088 607 3157 θαυμάσια,
660 3089 698 3158 ἦ
738 3090 925 3158 Ita-poi
973 3090 1397 3156 ἀναστήσουσι
1437 3089 1537 3142 καὶ
1575 3090 1698 3151 d50-

1810 3082 1957 3146 bunt,
2009 3092 2059 3137 et
2122 3082 2510 3151 conﬁtebuntur
2551 3079 2688 3135 tibi?
2742 3078 3074 3148 Diapsalma.
3121 3074 3375 3146 Nunquid

115 3179 580 3250 μολογήσονταὶ
603 3195 736 3245 σοι;
766 3181 1096 3251 Ardea/11m.
1122 3184 1176 3236 Μ
1185 3181 1218 3250 ἡ
1235 3181 1591 3251 διηγήσεταί
1618 3198 1709 3247 τις

120 3273 201 3327 ἐν
231 3273 396 3342 τάφῳ
423 3273 489 3326 τὸ
528 3273 704 3341 ἔλεός
740 3289 859 3328 σου
898 3274 997 3328 καὶ
1041 3274 1156 3343 τὴν
1197 3273 1487 3343 ἀλήθειαν
1523 3275 1593 3327 ἐν
1632 3272 1707 3342 τῇ

124 3364 428 3431 daedala;
474 3364 569 3433 Μὴ
600 3364 1009 3436 γνωσθήσεται
1040 3364 1111 3418 ἐν
1131 3364 1212 3431 τῷ
1230 3365 1432 3417 σκότει
1460 3364 1533 3418 τὰ
1563 3367 1706 3419 θαυ-

119 3456 315 3525 μάσιά
352 3472 490 3521 σου,
536 3458 636 3510 καὶ
671 3459 710 3525 ἠ
756 3456 1106 3525 δικαιοσύνη
1146 3473 1261 3511 σου
1303 3456 1373 3509 ἐν
1409 3455 1486 3525 τῇ
1512 3456 1707 3510 ἐπιλε-

123 3546 401 3617 λησμένῃ
426 3563 444 3611 ;
485 3548 630 3600 Ἀντῒ
649 3547 764 3613 τοῦ,
792 3548 888 3616 Μὴ
909 3548 980 3600 ἐν
1005 3546 1243 3615 νεκροῖς
1268 3546 1540 3615 ποιήσεις
1566 3550 1706 3600 θαυ-

118 3636 346 3707 prima;
391 3640 555 3708 φησὶν
586 3639 619 3691 6
648 3639 960 3710 Σύμμαχος,
990 3634 1143 3706 *Αρα
1170 3637 1403 3707 νεκροῖς
1434 3637 1707 3704 ποιήσεις

123 3728 441 3795 τεράστιας
489 3730 597 3782 Καὶ
630 3730 697 3783 δι’
734 3730 869 3783 ὅλων
910 3730 1020 3782 τῶν
1060 3726 1207 3800 ἐξῆς,
1250 3732 1307 3783 ἐν
1349 3725 1433 3794 οἷς
1465 3730 1703 3798 λέγεται,

122 3821 225 3889 Μὴ
253 3819 602 3889 διηγήσεταί
637 3838 727 3887 τις
755 3821 825 3875 ἐν
856 3820 1055 3891 τάφου
1088 3823 1181 3875 καὶ
1204 3822 1384 3888 πάλιν,
1421 3822 1516 3891 Μὴ
1554 3840 1705 3893 γνω-

121 3911 415 3978 σθήσεται
439 3913 509 3964 ἐν
534 3912 611 3978 τῷ
635 3915 868 3976 σκότεις
900 3915 927 3966 6
965 3912 1278 3984 Σύμμαχος,
1319 3915 1393 3968 ’Ἠ
1428 3912 1705 3982 διηγήσε-

120 4019 242 4066 ται,
275 4002 315 4072 ἢ
364 4003 817 4072 γνωσθήσεταις
867 4004 1147 4069 ἐξέδωκεν.
1185 4004 1260 4058 Οὐ
1284 4004 1391 4076 γάρ
1436 4005 1706 4074 ἀπογινώ-

124 4111 275 4148 σκων
296 4095 365 4148 τά
393 4095 679 4166 λεγόμενα,
715 4095 915 4160 ταύτας
939 4096 1206 4168 προέφερε
1237 4096 1333 4159 τὰς
1357 4097 1558 4165 φωνάς,
1585 4097 1704 4150 κατ’

120 4185 340 4257 ἐκείνην
365 4185 464 4256 τὴν
490 4185 700 4258 ἡμέραν
721 4184 919 4257 δηλαδὴ
939 4184 1035 4255 τὴν
1064 4183 1159 4236 τοῦ
1185 4183 1409 4247 πάθουςο
1432 4182 1509 4255 τῷ
1529 4184 1704 4255 Πατρὶ

120 4279 180 4333 δὲ
206 4279 352 4350 μόνῳ
378 4278 596 4333 δύναται
622 4274 759 4331 εἶναι
785 4278 956 4332 ταῦτα
983 4278 1366 4348 πεπεισμένος,
1398 4276 1497 4340 τὰς
1525 4276 1705 4339 αἰτίας

118 4370 225 4441 τῆς
252 4370 333 4430 είς
357 4367 582 4421 θάνατον
606 4366 771 4420 αὐτοῦ
800 4366 1043 4420 ἐδίδασκε
1070 4366 1298 4419 καθόδου
1332 4365 1526 4434 λέγων·
1561 4362 1706 4432 Ἆρα

1808 3176 2048 3231 narrabit
2078 3175 2276 3244 aliquis
2302 3175 2360 3227 in
2385 3177 2627 3244 sepulcro
2656 3170 3073 3225 misericordiam
3118 3177 3284 3232 tuam,
3325 3176 3377 3223 ct

1806 3269 2079 3322 ueritatem
2111 3278 2256 3320 tuam
2278 3266 2335 3319 in
2359 3265 2686 3335 perditione?
2729 3261 2983 3333 Nunquid
3003 3268 3382 3331 cognoscentur

1806 3360 1860 3411 in
1892 3357 2115 3411 tenebris
2140 3354 2408 3409 mirabilia
2432 3364 2540 3416 tua,
2565 3363 2614 3408 et
2640 3352 2856 3423 justitia
2883 3361 2974 3405 tua
3002 3352 3056 3405 in
3079 3360 3220 3404 terra
3244 3348 3381 3402 obli-

1806 3450 2018 3506 vionis?
2046 3448 2154 3503 Pro
2188 3449 2300 3515 illo,
2336 3447 2588 3517 Nunquid
2624 3446 2843 3499 mortuis
2876 3445 3038 3514 facies
3062 3442 3331 3497 mirabilia
3351 3443 3380 3498 2

1809 3542 2171 3614 Symmachus
2215 3541 2314 3606 ait,
2347 3540 2429 3594 An
2461 3541 2684 3594 mortuis
2712 3539 2876 3608 facies
2896 3537 3141 3607 prodigia
3164 3539 3189 3591 .9
3215 3545 3269 3591 et
3319 3536 3399 3589 in.

1807 3634 2164 3704 sequentibus
2193 3634 2505 3700 ubicunque
2541 3631 2773 3693 dicitur,
2818 3628 3076 3699 Nunquid
3130 3628 3373 3681 narrabit

1807 3729 1998 3798 aliquis
2041 3728 2098 3781 in
2144 3726 2424 3795 sepulcro?
2474 3739 2541 3778 ac
2589 3738 2832 3786 rursum,
2888 3719 3143 3791 Nunquid
3182 3735 3379 3790 cogno-

1805 3829 2017 3874 scentur
2046 3819 2101 3872 in
2158 3817 2421 3872 tenebris?
2465 3814 2847 3886 Symmachus,
2890 3813 2971 3867 An
3001 3810 3266 3876 narrabit,
3302 3825 3377 3864 an

1804 3918 2179 3981 cognoscentur
2196 3912 2220 3964 .9
2236 3907 2424 3962 edidit.
2444 3906 2562 3960 Non
2582 3907 2725 3961 enim
2743 3905 2887 3976 quod
2919 3904 3031 3959 hac
3063 3902 3177 3958 ﬁeri
3211 3915 3375 3973 posse

1805 3998 2141 4067 desperaret,
2191 3998 2265 4051 ita
2310 3996 2526 4051 locutus
2580 4002 2684 4058 est,
2738 3996 2790 4049 in
2843 3995 2934 4048 illa
2991 3994 3200 4050 scilicet
3246 4008 3373 4064 pas-

1805 4091 1977 4146 sionis
2006 4106 2117 4146 suae
2145 4090 2269 4155 die;
2303 4088 2396 4145 sed
2430 4103 2459 4141 a
2493 4087 2654 4142 Patre
2697 4088 2814 4142 solo
2835 4087 2963 4141 talia
2989 4085 3172 4157 perlici
3209 4100 3371 4155 posse

1805 4195 2123 4249 persuasum
2151 4180 2379 4241 habens,
2410 4180 2491 4235 sui
2523 4179 2589 4233 ad
2627 4188 2853 4234 mortem
2896 4179 3195 4233 descensus
3238 4193 3370 4231 cau-

1804 4286 1921 4326 sam
1965 4272 2037 4326 ita
2091 4279 2315 4325 narrat:
2346 4270 2427 4324 An
2469 4272 2692 4325 mortuis
2742 4270 2905 4335 [acies
2956 4269 3240 4339 prodigia?
3285 4269 3369 4321 An

1806 4363 1934 4416 talia
1961 4370 2015 4418 et
2052 4363 2180 4416 talia
2224 4362 2500 4430 patrabis?
2551 4361 2736 4432 Neque
2788 4362 2932 4416 enim
2988 4376 3075 4416 nte
3125 4374 3370 4429 eousque

118 4462 360 4531 νεκροῖς
413 4460 687 4529 ποιήσεις
764 4461 1084 4530 τεράστια;
1160 4462 1231 4513 Ἢ
1270 4460 1394 4513 τάδε
1423 4499 1439 4525 ,
1483 4461 1516 4531 ἢ
1572 4459 1698 4512 τάδε

1810 4458 2131 4525 devenire,o
2161 4456 2339 4521 Pater,
2371 4472 2435 4511 ac
2491 4457 2545 4511 in
2599 4466 2771 4512 morte
2806 4463 2859 4511 et
2907 4456 2959 4509 in
3005 4458 3123 4508 lacu
3180 4453 3369 4507 intimo

122 4557 409 4626 ποιήσεις;
473 4557 548 4608 Οὐ
606 4556 716 4625 γάρ
774 4555 840 4608 ἂν
887 4553 1061 4616 ἄλλως
1121 4550 1409 4621 ἠθέλησας,
1473 4545 1519 4604 ὦ
1582 4551 1697 4605 Πά-

118 4665 242 4719 τερ,
271 4648 431 4720 μέχρι
459 4647 645 4700 τούτου
681 4664 744 4717 με
781 4644 1083 4717 προελθεῖν,
1115 4644 1207 4697 καὶ
1233 4646 1288 4696 ἐν
1317 4643 1528 4715 θανάτῳ
1549 4645 1699 4713 γενέ-

124 4741 275 4804 σθαι,
318 4742 412 4793 καὶ
440 4742 497 4793 ἐν
521 4739 599 4809 τῷ
629 4738 815 4808 λάκκῳ
848 4737 926 4809 τῷ
955 4735 1270 4805 κατωτάτῳ,
1301 4737 1348 4788 εί
1380 4735 1453 4807 μὴ
1481 4737 1698 4800 πάντως

122 4844 230 4883 που
252 4830 343 4884 καὶ
368 4831 425 4882 ἐν
444 4832 552 4892 τοῖς
572 4831 783 4900 νεκροῖς
805 4828 1078 4898 θαυμάσια
1100 4826 1355 4897 παρέχειν
1381 4825 1694 4896 ἐϐουλήθης,

121 4923 192 4975 ἵν’
241 4924 385 4993 άπερ
435 4923 510 4995 μὴ
563 4918 813 4976 δύνανται
862 4922 1056 4994 ἰατροὶ,
1104 4919 1342 4992 ταύταή
1376 4921 1441 4990 σὴ
1474 4920 1701 4990 δύναμις

122 5016 555 5086 κατεργάσηται·
601 5014 894 5078 τουτέστιν,
946 5014 1093 5078 ὅπως
1125 5015 1175 5066 οἱ
1222 5014 1277 5065 ἐν
1312 5010 1524 5082 θανάτῳ
1550 5011 1701 5078 γενό-

124 5124 301 5177 μενοι,
336 5107 683 5170 ἀναστάντες,
715 5104 1190 5179 ἐξομολογήσονταί
1220 5121 1321 5157 σοι.
1371 5103 1445 5155 Οὐ
1479 5102 1586 5173 γὰρ
1621 5104 1701 5155 ἱα-

121 5197 274 5270 τρῶν
302 5194 370 5269 ἦν
412 5197 581 5253 ταῦτα
605 5198 865 5252 δύνασθαι
890 5197 1151 5267 ἐνεργεῖν,
1181 5194 1317 5248 ἀλλὰ
1351 5194 1452 5261 τῆς
1481 5194 1580 5263 σῆς
1614 5195 1701 5246 ὲν-

122 5290 250 5344 θέου
289 5291 700 5363 μεγαλουργίας.
750 5289 873 5362 ’Ἆρ’
902 5284 994 5341 οὖν
1025 5287 1111 5341 διὰ
1141 5286 1312 5340 ταῦτα
1347 5285 1595 5339 ὑπελθεῖν
1629 5302 1698 5356 με

120 5382 218 5435 τὸν
268 5382 493 5436 θάνατον
544 5380 857 5453 ἐϐουλήθης,
900 5381 966 5433 ἵν’
1019 5379 1079 5431 ἐν
1131 5378 1230 5448 μὲν
1274 5379 1387 5441 τοῖς
1413 5377 1604 5445 τάφοις
1638 5376 1699 5427 τὸ

123 5470 274 5537 ἔλεός
306 5488 398 5525 σου
434 5472 686 5549 διηγηθῇ,
733 5474 789 5525 ἐν
835 5472 889 5529 δὲ
917 5472 983 5547 τῇ
1016 5468 1256 5543 ἀπωλείᾳ
1288 5470 1321 5543 ή
1351 5468 1576 5540 ἀλήθειά
1605 5484 1696 5525 σου

199 5725 250 5759 ’⁸
293 5725 310 5781 Ι
348 5725 472 5779 Cor.
509 5740 619 5788 ιιι,
656 5725 743 5779 27.

1802 4548 1997 4618 deponi
2023 4547 2311 4610 voluisses,
2346 4547 2450 4601 nisi
2504 4547 2667 4600 etiam
2719 4545 2775 4597 in
2826 4544 3057 4599 mortuis
3098 4543 3367 4597 mirabilia

1803 4641 2058 4696 exhibere
2090 4641 2146 4694 in
2181 4641 2361 4693 animo
2389 4640 2546 4709 plane
2576 4639 2898 4703 habuisses;
2931 4644 2989 4691 ut
3015 4651 3135 4707 qum
3167 4634 3365 4689 medici

1802 4747 1911 4786 non
1944 4732 2140 4793 valent,
2168 4736 2405 4799 potestas
2452 4738 2543 4783 tua
2573 4737 2921 4799 Operaretur;
2959 4727 3010 4781 id
3040 4733 3144 4786 est,
3176 4714 3247 4778 ιη’
3271 4725 3366 4794 qui

1803 4825 1859 4879 in
1907 4831 2082 4879 morte
2131 4824 2291 4893 positi
2340 4832 2527 4886 erant,
2575 4828 2921 4892 resurgentes
2977 4817 3370 4874 conﬁterentur

1801 4918 1920 4972 tibi.
1957 4916 2074 4971 Non
2103 4918 2248 4972 enim
2277 4914 2611 4970 medicorum
2634 4923 2718 4969 est
2739 4914 2852 4968 huic
2874 4911 3128 4977 facultas,
3159 4909 3254 4964 sed
3282 4909 3371 4963 di-

1800 5010 1940 5064 vina:
1967 5007 2379 5077 magniﬁcentiae
2411 5014 2535 5060 tuae.
2594 5004 2761 5075 Igitur
2814 5018 2903 5059 me
2959 5009 3191 5057 mortem
3244 4999 3364 5054 ideo

1804 5100 1987 5154 subire
2034 5097 2284 5161 voluisti,
2331 5103 2390 5150 ut
2440 5095 2494 5148 in
2549 5094 2818 5163 sepulcris
2862 5089 3236 5146 misericordia
3270 5096 3367 5141 tua

1803 5196 2141 5251 narraretur,
2166 5196 2220 5242 et
2274 5188 2328 5241 in
2381 5186 2683 5256 perditione
2712 5184 2917 5239 veritas
2949 5190 3040 5236 tua
3070 5194 3366 5251 cognoscev

1804 5289 1980 5346 retur,
2024 5279 2079 5332 in
2103 5278 2342 5333 tenebris
2380 5276 2647 5330 mirabilia
2675 5282 2768 5328 tua
2808 5273 3230 5343 praedicarentur
3253 5308 3269 5334 ,
3308 5268 3364 5321 in

1804 5379 1949 5426 terra
2008 5368 2300 5423 oblivionis
2337 5366 2550 5435 justitia
2607 5372 2700 5418 tua
2747 5369 3165 5417 memoraretur.
3209 5356 3364 5423 Quod

1805 5466 1849 5520 si
1893 5463 2014 5532 quis
2043 5460 2281 5514 animum
2314 5458 2565 5513 adhibeat
2593 5457 2689 5523 iis,
2732 5472 2855 5528 qua:
2902 5462 3091 5511 nostro
3122 5460 3365 5523 tempore
