3798 6282
454 269 593 326 totis
1085 265 1355 323 susum:
1387 262 1863 320 cassammsis
1900 262 2049 320 ore.
2088 261 2272 321 rans
2307 253 2502 321 uti:
2528 255 2934 322 EXECETICA‘.
3472 227 3580 328 ἰκι

450 385 518 441 ad
559 383 866 453 sepulcrum
909 391 962 438 et
1007 383 1082 452 (l)
1119 383 1436 454 martyrium
1485 380 1784 436 Salvatoris
1841 389 1950 435 nosn

2083 435 2084 441 η
2115 381 2327 452 γνωσθῇ
2349 399 2362 411 ·
2411 383 2468 434 tv
2493 381 2548 434 δὲ
2576 382 2653 454 τῷ
2682 385 2859 437 σκότει
2883 385 2950 437 τὰ
2975 383 3240 454 θαυμάσιά
3266 402 3348 439 σου
3375 393 3583 465 κηρυχθῇ,

449 484 660 548 patrata
691 483 840 535 sunt.
865 474 1225 537 mirabilibus,
1258 476 1304 529 is
1346 489 1476 528 sane
1513 470 1876 543 deprehendet
1905 487 1949 542 (ιι

2116 474 2174 527 έν
2193 491 2254 527 τε
2285 477 2348 544 τῇ
2381 474 2772 545 ἐπιλελησμένῃ
2801 476 2872 544 γῇ
2903 475 2936 544 ἡ
2980 474 3278 546 δικαιοσύνη
3311 492 3393 529 σου
3430 496 3587 552 μνημο-

448 577 608 641 pacto
652 583 716 624 ea
767 583 887 638 qua:
920 569 1273 637 praanuntiata
1327 565 1540 620 fuerant
1564 578 1726 634 Opere
1747 564 1948 633 comple

2115 560 2304 635 νευθῇζ
2325 566 2386 617 El
2428 564 2486 616 δέ
2509 581 2591 627 τις
2623 564 2713 617 τὸν
2752 564 2874 618 νοῦν
2904 565 3202 635 ἐπιστήσειε
3229 569 3333 630 τοίς
3355 569 3458 621 καθ’
3481 571 3589 640 ἡμᾶς

446 663 578 717 sint.
613 644 994 733 Animadverte
1024 673 1186 728 porro
1211 664 1342 728 quot
1362 655 1592 711 diversis
1622 655 1797 710 modis
1816 655 1905 710 hic
1929 670 1946 708 ι

2117 657 2260 727 ἀμφὶ
2283 655 2343 709 τὸ
2360 654 2565 726 μνῆμα,
2596 656 2686 710 καὶ
2711 654 2772 708 τδ
2804 655 3096 727 μαρτύριον
3119 656 3209 709 τοῦ
3237 657 3460 730 Σωτῆρος
3474 663 3592 733 ἡμῶν

447 750 662 818 gionem
697 729 889 804 mortis
911 748 1160 817 explicet.
1189 745 1320 800 Nam
1353 748 1528 815 primo
1553 751 1796 800 mortuos
1823 760 1947 800 voca

2113 745 2497 798 ἑπιτελεσθεϊσι
2537 743 2874 815 θαυμασίοις,
2903 744 3113 815 ἀληθῶς
3153 745 3345 799 εἴσεται
3381 729 3597 813 ma.-

447 837 710 900 secundo,
737 838 830 909 qui
860 838 1109 891 habitant
1140 837 1196 890 in
1232 835 1520 903 sepulcro;
1552 834 1737 897 tertio,
1764 834 1857 903 qui
1887 849 1947 889 su

2115 836 2392 908 πλήρωται
2419 836 2598 908 ἔργοις
2625 836 2694 890 τὰ
2718 835 3131 906 τεθεσπισμένα.
3172 837 3279 890 Θέα
3307 839 3360 891 δὲ
3398 839 3474 893 διὰ
3507 843 3594 896 τού-

447 930 502 983 in
533 931 867 1000 perditione;
923 938 1154 999 quarto,
1183 928 1275 996 qui
1315 926 1372 980 in
1406 925 1646 980 tenebris
1683 933 1940 981 versantu

2112 946 2218 982 των
2249 929 2396 991 ὅπως
2423 927 2521 998 τὴν
2556 929 2614 979 tv
2639 925 2718 996 τῷ
2753 925 2968 996 θανάτῳ
2997 925 3176 997 χώραν
3203 927 3450 1000 διαφόρως
3473 931 3596 1002 ἑρμη-

447 1022 657 1090 quinto.
678 1021 768 1090 qui
797 1027 923 1075 sunt
950 1020 1004 1073 in
1036 1027 1178 1073 terra
1195 1014 1647 1074 oblivionis.Haec
1671 1016 1870 1086 quippe
1895 1032 1947 1070 οι

2111 1019 2272 1073 νεύει.
2289 1019 2508 1090 Πρῶτον
2527 1017 2624 1089 μὲν
2645 1019 2867 1090 νεκροὺς
2889 1017 3072 1087 σαφῶς
3086 1018 3383 1083 ἀποκαλῶν,
3408 1020 3597 1095 δεύτερον

448 1127 540 1167 nia
585 1111 652 1166 de
702 1111 893 1168 iisdem
925 1109 1205 1176 enuntiat;
1246 1109 1400 1179 queis
1427 1107 1708 1162 hominum
1738 1123 1928 1164 amans

2111 1111 2236 1175 τοὺς
2261 1112 2320 1164 tv
2345 1111 2518 1181 τάφῳ,
2538 1109 2720 1181 τρίτον
2750 1110 2874 1173 τοὺς
2899 1111 2955 1162 tv
2977 1109 3236 1180 ἀπωλείᾳ,
3260 1111 3492 1182 τέταρτον
3509 1117 3597 1178 τοὺς

447 1203 714 1274 benignus
769 1203 907 1259 Deus
956 1202 1221 1257 mirabilia
1255 1200 1596 1256 exbibiturus
1618 1207 1736 1254 erat
1761 1217 1774 1254 :
1796 1200 1831 1254 ii
1861 1201 1947 1254 vid

2110 1205 2169 1256 tv
2215 1202 2424 1270 σκότῳ,
2475 1186 2720 1271 πέμπτον
2767 1201 2892 1263 τοὺς
2930 1202 2988 1254 tv
3032 1203 3096 1271 τῇ
3142 1201 3506 1276 ἐπιλελησμένῃ
3533 1208 3597 1276 γῇ.

448 1295 575 1349 licet
609 1293 1058 1359 misericordiam,
1083 1292 1363 1346 veritatem
1391 1300 1444 1347 et
1469 1291 1739 1362 justitiam
1764 1289 1856 1345 Dei
1882 1307 1948 1346 na

2110 1294 2294 1346 Ταῦτα
2322 1293 2430 1364 γὰρ
2462 1294 2637 1346 πάντα
2667 1292 2794 1363 περὶ
2827 1292 2936 1346 τῶν
2979 1292 3159 1346 αὐτῶν
3206 1293 3524 1364 διεξέρχεται,
3545 1292 3602 1360 οἷς

449 1386 666 1440 rabunt.
699 1385 816 1451 Qua
845 1383 1054 1439 ratione
1081 1390 1261 1438 autem
1310 1382 1424 1438 hch
1463 1383 1711 1438 videlicet
1740 1383 1949 1436 mirabil

2109 1385 2336 1457 ῆμελλεν
2360 1387 2390 1438 ό
2415 1385 2787 1456 φιλάνθρωπος
2806 1386 2900 1437 καὶ
2928 1383 3127 1453 ἀγαθὸς
3149 1386 3280 1449 Θεὸς
3305 1386 3539 1439 δεικνύναι
3559 1404 3601 1440 τι

446 1474 566 1540 Dei,
598 1475 970 1531 misericordia
991 1514 1006 1537 ,
1057 1475 1360 1530 veritas‘et
1392 1473 1603 1544 justitia
1634 1475 1753 1543 ejus
1788 1473 1854 1528 ad
1888 1474 1944 1528 ill

2109 1479 2203 1531 καὶ
2229 1479 2484 1549 παρέχειν
2515 1479 2787 1549 θαυμάσια
2806 1494 2820 1507 ⁸
2868 1478 2931 1530 τὺ
2961 1479 3106 1541 ἔλεος
3132 1476 3297 1531 αὑτοῦ
3336 1477 3509 1548 δηλαδὴ
3534 1479 3601 1531 καί

447 1568 578 1622 olim
613 1576 857 1621 mortuos
882 1606 896 1628 ,
930 1567 997 1620 ad
1049 1568 1297 1637 sepulcra
1322 1605 1338 1630 ,
1392 1565 1458 1620 ad
1492 1566 1849 1636 perditionem
1871 1606 1887 1631 ,
1939 1584 1947 1621 ε

2107 1569 2206 1640 τὴν
2248 1569 2502 1639 ἀλήθειαν
2545 1571 2638 1623 καὶ⁵
2669 1570 2769 1641 τὴν
2814 1567 3152 1638 δικαιοσύνην
3175 1567 3270 1621 τοῦ
3310 1567 3435 1622 Θεοῦ
3457 1567 3601 1639 διηγή-

446 1659 699 1714 tenebras
718 1671 772 1713 et
799 1660 864 1714 ad
896 1668 1096 1713 terram
1124 1658 1417 1714 oblivionis
1452 1661 1793 1730 pervenerint
1813 1697 1828 1722 ,
1865 1660 1941 1714 sci

2110 1679 2309 1716 σονται.
2349 1662 2500 1714 Ἔστι
2521 1661 2578 1715 δὲ
2607 1661 2895 1730 ἐπιγνῶναι
2921 1662 3067 1724 ὅπως
3088 1661 3265 1714 πάντα
3293 1659 3474 1723 ταῦτα,
3502 1659 3605 1725 λέγω

448 1751 654 1816 licebit,
682 1751 726 1806 si
759 1753 1059 1822 cogitemus
1103 1758 1236 1822 quot
1288 1751 1554 1807 bonorum
1585 1753 1745 1807 nobis
1772 1753 1900 1806 olim

2107 1753 2163 1806 δὲ
2189 1752 2257 1806 τά
2288 1752 2561 1824 θαυμάσια
2602 1753 2698 1806 τοῦ
2729 1751 2862 1806 Θεοῦ
2904 1753 2996 1806 καὶ
3025 1751 3086 1805 τὸ
3118 1751 3266 1814 ἔλεος
3295 1749 3466 1814 αὑτοῦ,
3488 1749 3605 1818 καὶὴ

447 1851 625 1898 morte
655 1843 1024 1906 versantibus,
1059 1851 1249 1898 auctor
1280 1841 1442 1896 fuerit
1480 1840 1728 1897 Salvator
1752 1851 1807 1898 et
1835 1842 1947 1898 Don

2110 1845 2330 1916 ἀλήθεια
2358 1845 2543 1910 αὑτοῦ,
2579 1847 2672 1898 κα)⁸
2766 1845 3071 1917 δικαιοσύνη
3106 1842 3268 1898 αὑτοῦ
3313 1841 3518 1912 ἔφθασεν
3544 1844 3610 1894 ἐπὶ

445 1949 552 1991 nus
578 1941 782 1997 noster,
807 1949 1035 2004 quorum
1067 1935 1240 2004 gratia
1277 1934 1332 1989 in
1358 1933 1447 1988 illa
1475 1934 1592 1988 loca
1619 1933 1920 1998 descendit,

2111 1937 2232 2000 τοὺς
2263 1936 2427 1990 πάλαι
2451 1938 2696 2008 νεκροὺς,
2739 1937 2834 1991 καὶ
2869 1938 2926 1990 tv
2954 1937 3163 2005 τάφοις,
3192 1935 3288 1990 καὶ
3317 1935 3375 1988 tv
3403 1931 3611 2005 ἀπωλείᾳ,

449 2041 557 2080 non
602 2025 741 2081 vivis
772 2025 956 2090 modo,
1004 2027 1099 2081 sed
1132 2025 1296 2081 etiam
1327 2026 1557 2082 mortuis
1589 2025 1949 2080 dominaretur

2113 2028 2203 2082 καὶ
2228 2029 2284 2082 tv
2319 2029 2512 2100 σκότῳ,
2545 2029 2635 2083 καὶ
2669 2030 2729 2082 tv
2753 2033 2821 2101 γῇ
2866 2028 3281 2099 ὲπιλελησμένῃ,
3322 2028 3371 2080 εἰ
3406 2027 3613 2098 νοήσομεν

447 2131 572 2194 nam
609 2131 730 2186 qua:
758 2131 921 2170 causa
973 2115 1133 2171 fuerit
1163 2115 1461 2172 descensus
1490 2117 1610 2186 ejus
1659 2117 1714 2170 in
1747 2126 1947 2171 mortem

2116 2120 2255 2174 ὅσων
2301 2121 2518 2190 ἀγαθῶν
2557 2121 2723 2185 αἴτιος
2764 2121 2983 2190 γέγονεν
3031 2121 3059 2172 ό
3101 2118 3291 2190 Σωτὴρ
3337 2117 3426 2171 καὶ
3462 2116 3614 2188 Κύριος

448 2207 536 2260 hic
566 2207 908 2276 apertissime
935 2204 1230 2262 declaravit
1257 2227 1270 2263 :
1304 2225 1424 2278 qua:
1447 2207 1746 2264 secundum
1775 2223 1946 2276 evang

2115 2210 2270 2281 ⁴ἡμῶν
2295 2211 2408 2274 τοῖς
2437 2209 2602 2263 πάλαι
2632 2211 2689 2262 tv
2712 2209 2800 2280 τῷ
2817 2208 3026 2279 θανάτῳ
3062 2207 3450 2279 γεγενημένοις,
3475 2207 3531 2258 δι’
3551 2205 3615 2266 οὓς

447 2296 604 2352 listas
641 2307 770 2350 tunc
802 2297 1020 2366 impleta
1070 2307 1217 2362 sunt,
1255 2314 1394 2352 cum-
1423 2297 1592 2352 multa
1618 2311 1847 2368 corpora
1878 2313 1947 2354 sal

2114 2302 2209 2354 καὶ
2237 2303 2294 2354 tv
2327 2300 2552 2366 ἐκείνοις
2581 2300 2931 2372 κατεληλύθει
2979 2301 3086 2364 τοῖς
3116 2299 3325 2363 τόποις,
3355 2299 3435 2351 ἵνα
3465 2297 3526 2368 μὴ
3548 2294 3614 2367 μό-

448 2394 693 2452 ctorum,
736 2388 828 2458 qui
875 2387 1247 2453 dormierunt,
1311 2397 1753 2454 resurrexerunt,
1785 2396 1839 2445 et
1883 2405 1948 2444 cu

2117 2409 2202 2447 νον
2241 2393 2474 2458 ζώντων,
2508 2393 2644 2448 ἀλλά
2679 2393 2773 2447 καὶ
2795 2393 3002 2464 νεκρῶν
3031 2390 3314 2463 κυριεύσῃ.
3349 2387 3426 2440 Τὰ
3447 2386 3536 2454 γὰρ
3556 2383 3617 2436 al-

445 2477 567 2548 ipso
605 2476 885 2536 Salvatorc
916 2479 970 2534 in
1001 2487 1244 2535 sanctam
1276 2478 1371 2535 Dei
1398 2479 1671 2536 civitatem
1695 2518 1713 2546 ,
1763 2481 1945 2536 videlit

2117 2501 2202 2540 τια
2246 2485 2347 2555 τῆς
2395 2485 2553 2557 μέχρι
2582 2485 2675 2539 τοῦ
2723 2485 2950 2540 θανάτου
2996 2483 3220 2539 καθόδου
3254 2477 3414 2536 αὐτοῦ
3449 2474 3617 2531 διαιτῶν

445 2571 504 2626 in
530 2570 676 2623 illam
705 2571 1004 2634 cmlestem,
1035 2571 1268 2642 ingrcssi
1301 2580 1449 2628 sunt.

2119 2577 2484 2648 προκειμένων
2511 2577 2792 2648 τηλαυγῶς
2813 2577 3172 2648 παρέστησεν·
3210 2575 3352 2643 άπερ
3380 2567 3619 2640 ἐπληροῦτο

447 2662 585 2716 κατά
616 2663 741 2726 τοὺς
779 2663 1186 2731 εὐαγγελιστάς,
1220 2667 1310 2720 ὅτε
1356 2665 1527 2720 πολλά
1574 2666 1800 2738 σώματα
1844 2669 2256 2741 κεκοιμημένων
2310 2671 2478 2741 ἁγίων
2505 2671 2832 2743 ἠγέρθησαν,
2895 2671 2991 2726 καὶ
3028 2671 3123 2724 σὺν
3181 2668 3329 2739 αὐτῷ
3360 2665 3432 2737 τῷ
3459 2663 3620 2736 Σωτῆρι

444 2755 692 2826 είσῆλθον
725 2759 802 2823 είς
833 2764 931 2832 τὴν
975 2759 1134 2829 ἁγίαν
1181 2759 1334 2813 πόλιν
1361 2759 1455 2813 τοῦ
1493 2759 1647 2824 Θεοῦ,
1688 2760 1888 2833 δηλαδὴ
1915 2759 2016 2832 τὴν
2047 2762 2380 2835 ἐπουράνιον.
3137 2789 3154 2802 ·

519 2853 681 2910 Vsus.
717 2856 802 2910 is.
841 2854 904 2908 Et
945 2872 1038 2926 ego
1069 2855 1139 2909 ad
1175 2865 1224 2909 te
1266 2855 1521 2919 clamavi,
1551 2865 1598 2910 et
1645 2872 1799 2910 mane
1839 2857 2012 2910 oratio

2189 2857 2292 2914 Kal
2323 2858 2437 2929 ἐγὼ
2467 2859 2616 2928 πρὸς
2638 2859 2714 2913 σὲ
2739 2857 3020 2928 κέκραξα,
3048 2855 3145 2910 καὶ
3161 2854 3227 2909 τὸ
3243 2853 3392 2923 πρωῒ
3417 2853 3453 2921 ἠ
3479 2861 3620 2920 προσ-

445 2963 562 3002 mea
600 2949 873 3015 prwveniet
923 2956 990 3002 te.
1025 2947 1492 3014 Quemadmodum
1541 2947 1595 3001 in
1631 2947 1790 3002 titulo
1816 2949 1945 3018 psall

2123 2950 2262 3019 ευχή
2285 2969 2402 3021 μου
2426 2949 2752 3020 προφθάσει
2779 2964 2873 3004 σε.
2930 2950 3136 3018 Ὥσπερ
3173 2948 3234 3002 tv
3265 2945 3345 3017 τῷ
3373 2945 3450 2999 κα⁶
3473 2939 3623 3013 Win]:

447 3057 561 3107 xxi,
596 3043 690 3112 qui
723 3050 907 3112 aperte
935 3057 1000 3096 ex
1054 3055 1287 3111 persona
1319 3037 1619 3097 Salvatoris
1669 3043 1842 3098 nostri
1889 3059 1947 3114 pr

2122 3041 2306 3111 σαφῶς
2338 3043 2404 3095 ὲκ
2444 3039 2731 3112 προσώπου
2777 3041 2870 3094 τοῦ
2916 3040 3164 3110 Σωτῆρος
3205 3037 3362 3109 ήμιῖιν
3403 3033 3622 3105 εἰρημένῳ

448 3131 656 3194 fertur,
704 3133 933 3196 dicitur,
985 3131 1090 3186 Pro
1121 3133 1448 3200 susceptione
1473 3134 1766 3198 matutina,
1796 3150 1907 3205 quo
1939 3151 1948 3189 ι

2122 3130 2255 3184 κατά
2272 3131 2369 3202 τὴν
2384 3130 2701 3202 προγραφὴν
2715 3131 2951 3195 λέλεκτο,
2978 3129 3154 3198 ’Υπὲρ
3173 3127 3287 3195 τῆς
3306 3127 3622 3193 (inermia-lc

446 3224 718 3277 surrectio
755 3222 1057 3278 Salvatoris
1107 3224 1323 3287 nostri,
1382 3239 1505 3293 qua:
1558 3240 1716 3280 mane
1748 3227 1946 3297 contigi

2122 3218 2225 3288 τῆς
2249 3219 2513 3289 ἑωθινῆς,
2557 3220 2652 3274 τοῦ
2684 3220 2840 3289 λόγου
2870 3221 2970 3292 τὴν
3003 3220 3302 3274 ἀνάστασιν
3346 3217 3435 3272 τοῦ
3480 3213 3622 3282 Σωτῆ-

445 3312 866 3377 subindicatur;
915 3311 1150 3382 idipsum
1195 3312 1307 3380 jam
1356 3311 1441 3366 bis
1490 3313 1784 3383 signiﬁcari
1843 3324 1945 3385 puti

2125 3329 2211 3383 ρος
2251 3312 2405 3382 ήμῶν
2438 3313 2804 3382 αἰνιττομένου
2845 3311 2986 3365 κατά
3021 3309 3116 3382 τὴν
3160 3310 3390 3381 ἑωθινὴν
3411 3309 3540 3380 ὤραν
3558 3321 3625 3373 γε·

449 3399 609 3453 Mane
638 3401 810 3453 oratio
837 3416 952 3453 mea
984 3402 1256 3468 prrrveniet
1295 3409 1385 3454 te:
1424 3417 1533 3470 quo
1559 3402 1852 3470 indicatur,
1889 3421 1949 3460 or

2121 3401 2421 3473 γενημένην
2440 3419 2454 3432 ·
2487 3401 2629 3456 οὕτω
2657 3401 2750 3456 καὶ
2780 3400 2875 3454 νῦν
2907 3399 3102 3454 ταύτὸν
3138 3399 3486 3472 σημαίνεσθαι
3512 3391 3621 3466 ἡγοῦ-

446 3495 651 3549 tionem
680 3489 978 3548 Salvaturis
1008 3507 1116 3546 non
1163 3492 1270 3546 alio
1318 3499 1564 3562 tempore
1593 3493 1842 3549 eiTectum
1885 3511 1946 3551 co

2123 3509 2219 3562 μαι
2245 3490 2332 3544 διὰ
2359 3490 2570 3555 τούτου,
2611 3491 2766 3560 ΙΙρωῒ
2792 3492 2830 3558 ἡ
2859 3488 3168 3559 προσευχὴ
3201 3506 3318 3554 μου
3345 3485 3623 3557 προφθάσει

448 3591 692 3639 secutam
725 3598 865 3646 esse,
901 3583 1005 3638 nisi
1042 3584 1390 3639 illucescente
1421 3597 1615 3637 aurora
1650 3589 1705 3638 et
1736 3585 1948 3638 matutir

2124 3598 2211 3648 σε,
2256 3583 2538 3655 δηλοῦντος
2577 3583 2668 3636 τοῦ
2697 3583 2855 3651 λόγου
2873 3621 2886 3647 ,
2909 3583 2988 3636 ὅτι
3022 3581 3096 3653 μὴ
3131 3581 3275 3654 ἄλλῳ
3301 3578 3468 3652 καιρῷ
3482 3578 3538 3630 τὰ
3556 3575 3624 3644 τῆς

449 3675 623 3738 boris,
654 3689 778 3729 cum
801 3675 1129 3730 resurrectio
1157 3683 1498 3729 mortuorum
1523 3673 1791 3730 accidisse
1823 3688 1949 3729 narr

2124 3677 2422 3746 προσευχῆς
2444 3676 2536 3729 τοῦ
2571 3675 2816 3747 Σωτῆρος
2843 3677 2922 3738 εἰς
2946 3673 3080 3746 ἔργα
3115 3672 3315 3744 ἐχώρει
3344 3674 3376 3745 ἢ
3409 3672 3531 3726 κατὰ
3555 3669 3624 3738 τὴν

448 3774 559 3822 tur.
584 3764 764 3834 Quare
805 3783 976 3837 neque
1008 3782 1263 3838 vespere,
1303 3782 1480 3837 neque
1522 3767 1788 3831 meridie,
1845 3783 1946 3838 neq

2126 3769 2192 3821 έω
2207 3769 2300 3822 καὶ
2315 3768 2374 3821 τὸ
2391 3768 2552 3840 πρωῒ,
2582 3769 2670 3821 ὅτε
2701 3768 2794 3821 καὶ
2811 3767 2876 3820 τὰ
2891 3767 2989 3836 τῆς
3012 3769 3076 3818 ὲκ
3103 3765 3315 3836 νεκρῶν
3338 3763 3626 3820 ἀναστάσεως

449 3860 558 3915 alio
585 3861 818 3931 quodam
855 3868 1117 3930 tempore,
1147 3860 1242 3916 sed
1294 3858 1491 3930 (Vens.
1525 3860 1616 3931 15)
1654 3875 1808 3914 omne
1848 3876 1949 3913 ora.

2125 3853 2440 3924 γεγενῆσθαι
2470 3854 2902 3928 μεμαρτύρηται.
2942 3857 3020 3906 Δι’
3047 3855 3078 3907 δ
3117 3853 3240 3907 οῦτε
3271 3853 3516 3924 ἑσπέρας,
3537 3848 3625 3902 οὔτε

448 3968 566 4006 mea
591 3953 863 4021 praeveniet
891 3961 957 4006 te.
1005 3951 1226 4022 thuid,
1257 3951 1499 4015 Domine,
1545 3953 1752 4020 repellis
1785 3953 1948 4007 aniim

2128 3945 2481 4017 μεσημϐρίας,
2497 3945 2620 3998 οὔτε
2633 3946 2775 4017 ἄλλῳ
2786 3947 2890 3999 τινὶ
2911 3944 3103 4018 καιρῷ,
3119 3944 3257 3999 ἀλλά
3281 3944 3362 4010 τῷ
3384 3942 3530 4010 πρωῒ,
3556 3956 3628 4009 φη·

447 4059 642 4108 meam,
675 4043 864 4114 avertis
901 4042 1089 4112 faciem
1117 4053 1263 4097 utam
1293 4061 1325 4097 a
1357 4060 1438 4096 me
1458 4046 1483 4098 ?
1515 4043 1574 4097 In
1599 4044 1858 4098 vicesimo
1883 4059 1947 4114 qu

2127 4038 2224 4096 ulv.
2255 4039 2294 4106 ἡ
2321 4039 2627 4108 προσευχὴ
2645 4053 2763 4108 μου
2785 4037 3114 4108 προφθάσει
3129 4053 3225 4092 σε.
3269 4036 3458 4097 Ἰνατί,
3477 4034 3627 4100 Κύριε,

443 4149 558 4204 que
592 4113 776 4204 primo.
817 4133 1070 4187 dicebat:
1120 4133 1294 4198 Deus,
1344 4134 1486 4188 Deus
1518 4151 1683 4197 meus,
1716 4113 1914 4204 respice?

2128 4131 2378 4196 ἀπωθεῖς
2399 4131 2514 4199 τὴν
2535 4131 2744 4200 ψυχήν
2757 4149 2875 4200 μου
2894 4172 2908 4196 ,
2937 4131 3337 4201 ἀποστρέφεις
3367 4131 3431 4183 τὸ
3455 4128 3628 4196 πρόσω-

449 4239 553 4285 me,
583 4237 744 4294 quare
772 4238 852 4276 me
875 4221 1236 4292 dereliquisti?
1274 4221 1371 4278 Hic
1418 4231 1600 4279 autem
1630 4224 1782 4287 dicit,
1809 4224 1949 4293 utqui

2126 4225 2239 4277 πόν
2271 4240 2386 4278 σου
2432 4223 2530 4276 ἀπ’
2571 4223 2750 4291 ἐμοῦ;
2801 4223 2912 4276 Καὶ
2957 4224 3013 4276 ὲν
3045 4223 3123 4293 τῷ
3171 4223 3256 4276 κα’
3287 4223 3437 4290 ἔλεγε
3478 4218 3546 4285 τὸ,
3589 4216 3626 4266 Ὁ

447 4312 836 4382 interrogando
855 4327 960 4382 qua
983 4312 1049 4367 de
1078 4327 1243 4368 causa
1277 4313 1568 4369 derelictus
1595 4329 1624 4367 a
1653 4312 1814 4368 Patre
1847 4315 1938 4378 sit,

2126 4314 2282 4380 Θεὸς,
2305 4317 2339 4368 0'
2361 4316 2504 4379 Θεός
2524 4332 2665 4384 μου,
2683 4315 2948 4382 πρόσχες
2961 4331 3080 4382 μοι,
3099 4313 3258 4367 ενοιτί
3297 4303 3626 4395 ἐγκατέλιπές

444 4417 621 4472 quare
651 4402 737 4456 ille
765 4401 999 4456 animam
1038 4416 1192 4456 suam
1223 4403 1514 4473 repulerit;
1567 4412 1626 4458 ut
1674 4404 1721 4458 si
1769 4419 1870 4459 nos
1919 4419 1944 4457 a

2127 4420 2192 4471 με
2207 4419 2224 4467 ;
2239 4402 2385 4471 λέγει
2412 4401 2467 4455 δὲ
2485 4404 2540 4454 tv
2556 4403 2782 4467 τούτοις,
2812 4405 2911 4456 ἵνα
2937 4405 3014 4466 τί,
3037 4405 3211 4475 ἐρώτη
3220 4401 3457 4473 ματικῶς
3476 4394 3627 4449 πυνθα-

449 4492 669 4563 quando
696 4493 844 4547 dubii
881 4509 1188 4562 quaeramus
1229 4511 1399 4565 quare
1428 4496 1571 4550 Deus
1602 4493 1739 4550 Filio
1765 4512 1865 4552 suo
1909 4513 1949 4550 n

2123 4494 2341 4565 νόμενος
2371 4496 2436 4547 δι’
2456 4499 2520 4566 ἢν
2553 4495 2730 4548 αἰτίαν
2763 4493 3246 4564 ἐγκαταλέλειπται
3295 4493 3399 4546 ὑπὸ
3435 4489 3516 4544 τοῦ
3544 4485 3623 4539 Πα-

449 4585 715 4651 pepercit,
741 4585 834 4638 sed
874 4584 1249 4640 tradidit‘eum
1273 4625 1290 4650 ,
1320 4586 1505 4642 volens
1536 4586 1814 4642 hominum
1846 4602 1949 4641 mai

2126 4586 2264 4658 τρὸς,
2297 4585 2391 4640 καὶ
2429 4586 2568 4640 ἱνατί
2611 4583 2865 4641 ἀπώσατο
2908 4585 3071 4640 αὐτοῦ
3100 4586 3198 4656 τὴν
3251 4585 3458 4656 ψυχήν·
3502 4575 3626 4642 ὡςᾶν

453 4675 557 4730 bus
580 4674 880 4729 dedititium
914 4693 1035 4732 esse
1067 4676 1142 4746 (Id
1170 4678 1316 4732 enim
1373 4686 1492 4732 erat
1536 4694 1660 4733 eum
1709 4680 1953 4750 relinque

2124 4679 2217 4731 καὶ
2239 4677 2420 4748 ἡμεῖς,
2450 4676 2503 4730 εῐ
2532 4694 2665 4730 ποτε
2702 4678 3050 4750 διαποροῖμεν
3075 4677 3141 4731 δι’
3179 4678 3246 4748 ἣν
3277 4677 3449 4730 αἰτίαν
3479 4674 3504 4725 ὁ
3530 4667 3624 4726 Θεὸς

451 4779 517 4818 ιο
544 4766 853 4834 repellere);
895 4768 1204 4823 ediscamus
1248 4768 1300 4821 id
1333 4769 1504 4824 nostri
1549 4771 1720 4839 gratia
1748 4771 1908 4841 plane
1946 4779 1951 4825 1

2123 4769 2212 4823 τοῦ
2244 4769 2372 4823 ίδίου
2400 4768 2531 4822 Υίοῦ
2569 4770 2668 4824 οὐκ
2701 4769 2975 4839 ἐφείσατο,
3012 4768 3146 4822 ἀλλὰ
3183 4768 3488 4839 παρέδωκεν
3507 4759 3623 4816 αὑτὸν

447 4863 622 4920 ctum,
659 4867 716 4911 ut
750 4856 934 4912 docuit
961 4858 1252 4929 Apostolus
1286 4859 1371 4914 his
1396 4861 1578 4916 verbis
1608 4880 1622 4916 :
1655 4861 1755 4916 Sed
1788 4879 1882 4932 pro
1923 4880 1947 4917 ri

2127 4860 2352 4931 θελήσας
2385 4859 2692 4931 ὑποχείριον
2721 4859 3026 4931 ἀνθρώποις
3055 4858 3308 4928 γενέσθαι
3333 4874 3348 4889 ο
3393 4855 3531 4908 τοῦτο
3549 4848 3627 4919 γὰρ

448 4949 532 5004 bis
553 4949 847 5004 hominibus
876 4951 948 5014 ",
971 4963 1030 5005 ut
1059 4951 1211 5006 ﬁeret
1226 4968 1399 5022 agnus
1416 4953 1508 5008 Dei
1533 4961 1588 5007 et
1606 4955 1722 5008 ovis
1740 4955 1948 5011 immola

2127 4945 2186 5022 ἧν
2215 4950 2276 5003 τὸ
2319 4949 2634 5005 καταλιπεῖν
2663 4950 2824 5005 αὑτὸν
2870 4951 2965 5004 καὶ
3009 4949 3364 5031 ἀπώσασθαι·
3397 4944 3627 5018 μανθάνοι-

452 5055 556 5113 pro
599 5042 775 5096 salute
826 5041 1033 5097 mundi.
1086 5041 1450 5108 Quamobrem
1507 5045 1768 5114 propheta
1801 5055 1952 5114 quoq!

2126 5057 2242 5112 μεν,
2302 5041 2383 5093 ὅτι
2429 5040 2586 5095 τοῦτο
2647 5041 2788 5112 ὑπὲρ
2832 5041 2988 5112 ἡμῶν
3037 5029 3278 5110 γέγονεν,
3335 5040 3406 5100 ὡς
3443 5029 3626 5092 ἐδίδαξεν

449 5131 668 5186 dicebat
699 5150 713 5185 :
751 5129 816 5183 Et
847 5130 1102 5184 Dominus
1135 5131 1352 5185 tradidit
1382 5148 1501 5186 eum
1543 5135 1766 5201 peccatis
1796 5144 1949 5187 nostri

2123 5135 2146 5188 ὁ
2201 5133 2516 5186 Ἀπόστολος
2563 5133 2728 5187 εἰπών
2750 5150 2762 5163 ·
2808 5133 2970 5186 Ἀλλ’
3013 5131 3160 5200 ὑπὲρ
3197 5129 3365 5200 ἡμῶν
3411 5125 3623 5180 πάντων,

519 5290 564 5323 θ’
602 5288 764 5342 Rom.
798 5304 916 5352 vui,
945 5286 1038 5342 52.

534 5404 598 5472 _l)
630 5404 868 5475 Scilicet
895 5404 1134 5475 ecclesia
1169 5402 1235 5456 ad
1266 5401 1572 5475 sepulcrum
1622 5399 1843 5475 Christi,
1884 5415 2005 5474 qua:
2107 5401 2310 5475 gliristi
2333 5403 2440 5458 555
2463 5404 2710 5462 dedicata
2749 5411 2852 5467 est,
2883 5404 3026 5458 unde
3056 5412 3265 5475 tempus
3281 5401 3539 5475 editorum
3565 5390 3616 5470 ψ

452 5467 856 5527 ου’ᾹιΙιιιιιιιείο
893 5473 947 5526 in
983 5476 1207 5541 epistola
1247 5467 1437 5540 synodi
1479 5467 2002 5541 liierosolymi}:tiue,
2111 5473 2345 5528 Eusebio
2370 5477 2885 5530 commentariorum
2924 5467 3251 5529 eruimus'in
3281 5467 3614 5541 Praaliminart‘

448 5556 506 5608 ρ.
542 5542 661 5602 199,
706 5542 996 5613 μαρτύριον
1019 5533 1117 5594 τοῦ
1160 5533 1948 5613 Σωτῆρος,νηιονιῃνὶιὺιιμδαίο.

2112 5543 2234 5598 bus-
2276 5545 2388 5610 Qua
2422 5546 2488 5599 de
2518 5561 2574 5602 re
2595 5556 2651 5603 et
2670 5547 2737 5602 de
2760 5546 3101 5600 mirabilibus
3131 5560 3192 5599 ea
3217 5546 3267 5598 in
3295 5539 3505 5598 ecclesia
3524 5533 3610 5589 edi-

454 5613 613 5670 toris,
653 5611 795 5677 apud
839 5611 1198 5665 Sozomenum
1233 5623 1413 5663 autem
1445 5611 1538 5662 lib.
1579 5627 1638 5668 ιι,
1673 5625 1723 5663 c.
1747 5611 1836 5669 27,
1867 5611 2007 5678 μέγα
2109 5615 2184 5671 tis
2213 5615 2288 5670 ibi
2320 5615 2456 5675 vide.

452 5680 772 5746 μαρτύριον,
812 5698 1055 5742 umquam
1099 5682 1411 5744 martyrium
1451 5680 1666 5735 dicitur.
1712 5679 1836 5736 “LUC
1865 5695 2008 5735 anno
