3798 6282
157 276 280 334 1065

1291 276 1796 334 COMMENTARIA
1825 275 1893 330 lN
1933 275 2274 332 PSAIMOS.

3241 282 3376 334 1066

155 392 469 464 ἴναιένηται
513 393 683 463 ἀμνὸς
730 391 864 446 Θεοῦ
916 392 1009 444 καὶ
1059 391 1328 464 πρόϐατον
1381 391 1695 462 ἱερουργού-

1806 389 1870 444 Et
1895 389 1979 443 hic
2011 400 2228 458 peccata
2263 399 2448 442 nostra
2483 400 2681 462 portat,
2709 402 2759 445 et
2788 409 2882 461 pro
2910 391 3058 448 nobis
3089 395 3380 452 cruciatur.

155 501 295 554 μενον
322 485 466 556 ὑπὲρ
505 485 604 555 τῆς
635 485 729 538 τοῦ
779 477 985 554 κόσμου
1021 488 1315 555 σωτηρίας.
1351 484 1553 555 Διόπερ
1586 483 1699 536 ἕλε-

151 591 210 644 γε
239 577 320 628 καὶ
358 577 387 627 ὁ
413 577 730 647 προφήτηςο
761 576 870 629 Καὶ
903 577 1118 644 Κύριος
1147 573 1488 644 παρέδωκεν
1512 574 1700 628 αὑτὸν

152 664 264 731 ταῖς
295 667 598 735 ἁμαρτίαις
643 665 830 734 ἡμῶν.
885 667 996 719 Καὶ
1044 663 1224 732 οὗτος
1262 666 1371 731 τὰς
1408 666 1696 735 ἁμαρτίας

150 756 299 825 ἡμῶν
325 756 508 825 φέρει,
535 757 634 809 καὶ
663 757 795 825 περὶ
832 757 999 825 ἡμῶν
1029 755 1330 810 όὸυνᾶτιιι.
1373 757 1486 810 Καὶ
1513 757 1696 823 αὐτὸς

149 845 559 915 ἑτραυματίσθη
589 845 686 899 διὰ
716 846 822 912 τὰς
849 847 1136 915 ἁμαρτίας
1166 844 1354 916 ἡμῶν,
1386 847 1483 900 καὶ
1504 863 1692 916 μεμα-

148 937 402 989 λάκισται
437 936 537 989 διὰ
564 936 673 1002 τὰς
703 938 952 1006 ἀνομίας
985 935 1154 1007 ἡμῶν
1173 953 1185 966 ·
1209 937 1289 1003 τῷ
1303 937 1548 1006 μιὶιλωπι
1574 940 1694 992 αὑ-

147 1029 244 1082 τοῦ
275 1027 435 1099 ἡμεῖς
471 1027 737 1097 ὶὰθημεν.
787 1030 1066 1101 Ἐπιφὲρει
1096 1029 1154 1082 δὲ
1179 1029 1352 1099 λέγων
1384 1031 1443 1084 ὲν
1471 1027 1556 1082 κσ]
1583 1046 1597 1059 ·
1640 1030 1694 1082 Ὁ

147 1121 297 1186 Θεὸς,
323 1119 683 1190 κεκράξομαι
734 1119 958 1189 ’ἡμέρας
979 1162 995 1186 ,
1040 1124 1141 1177 καὶ
1185 1125 1297 1176 οὐκ
1339 1123 1696 1191 εὶσακούσῃ,

143 1218 233 1271 καὶ
264 1217 496 1284 νυκτὸς,
527 1217 626 1272 καὶ
652 1218 764 1270 οὐκ
801 1220 888 1283 εις
919 1215 1118 1270 ἄνοιαν
1155 1218 1287 1286 ἐμοι
1310 1233 1321 1244 ·
1370 1217 1466 1270 καὶ
1498 1219 1556 1270 ἰν
1584 1221 1696 1281 τοῖς

143 1306 506 1378 προκειμένοις
536 1322 550 1335 ⁸
623 1305 1046 1374 Ἀποστρέςρεις
1094 1307 1158 1358 τὸ
1203 1305 1530 1374 πρόσωπόν
1581 1320 1696 1359 σου

141 1401 235 1452 ἀπ’
265 1398 421 1468 ἐμοῦ.
456 1399 656 1468 Ὅμοια
685 1397 741 1450 δὲ
767 1398 1004 1467 ἠγοῦμαι
1031 1394 1170 1451 εἶναί
1197 1397 1370 1451 ταῦτα
1399 1400 1515 1460 τοῖς
1541 1398 1598 1449 ὲν
1617 1394 1698 1466 τῷ

141 1491 440 1562 Εὑαγγελίῳ
475 1491 620 1562 ἔργῳ
659 1490 1124 1562 τετελειωμένοις,
1165 1490 1294 1544 ἔνθα
1329 1490 1551 1553 διαστὰς
1588 1487 1697 1543 τῶν

1803 483 1872 537 Ει
1899 485 2009 552 ipse
2029 482 2333 536 vulneratus
2370 492 2450 538 est
2499 495 2710 552 propter
2740 496 2956 552 peccata
2991 498 3196 552 nostra,
3230 489 3383 556 inﬁr-

1799 585 1976 627 matus
2023 582 2102 628 est
2157 582 2371 642 propter
2420 573 2726 644 iniquitates
2769 588 3021 633 nostras:
3059 581 3220 634 vibice
3265 581 3381 650 ejus

1796 681 1891 719 nos
1912 663 2096 718 sanati
2133 679 2320 716 sumus
2352 665 2394 718 ⁸.
2429 664 2488 717 ln
2524 679 2613 717 xxi
2645 673 2823 719 autem
2861 667 3168 737 subjungit,
3199 667 3342 722 Deus
3364 707 3380 731 ,

1791 754 2034 809 clamabo
2065 770 2154 822 per
2177 755 2337 822 diem,
2361 764 2410 808 et
2444 771 2547 809 non
2573 754 2846 820 exaudies;
2867 767 2917 811 et
2940 769 3107 819 nocte.
3125 769 3174 812 et
3194 776 3294 813 non
3313 761 3383 814 ad

1795 847 2154 916 insipientiam
2211 846 2340 899 mihi
2381 848 2441 912 ἰ
2475 846 2530 900 in
2568 849 2816 917 praesenti
2868 865 3016 914 vero,
3053 852 3259 906 Auertis
3297 854 3383 923 fa-

1797 941 1927 993 ciem
1953 949 2096 991 tuam
2119 955 2152 990 a
2184 954 2283 992 me.
2322 937 2447 992 Hinc
2475 954 2636 1008 porro
2674 939 2883 995 similia
2905 951 3035 1009 puto
3061 941 3129 997 iis
3159 957 3279 1011 quae
3326 941 3380 994 iu

1802 1029 2092 1099 Evangelia
2121 1045 2284 1100 opere
2307 1031 2576 1100 completa
2604 1031 2876 1098 feruntur,
2906 1033 2998 1088 ubi
3031 1048 3062 1086 a
3094 1033 3383 1102 discipulis

1807 1132 2083 1189 semotus,
2137 1123 2191 1176 in
2227 1124 2420 1177 faciem
2479 1125 2769 1194 procubuit
2827 1142 2994 1183 orans
3041 1137 3097 1182 et
3147 1127 3377 1181 dicens:

1799 1211 1981 1278 Pater,
2014 1215 2060 1267 si
2093 1214 2343 1282 possibile
2369 1224 2470 1278 est,
2510 1224 2744 1269 transeat
2770 1217 2854 1271 hic
2879 1218 3023 1272 calix
3063 1235 3096 1271 ιι
3127 1234 3226 1271 me.
3286 1216 3384 1270 Ve-

1798 1315 2092 1360 rumtamen
2140 1323 2243 1360 non
2291 1308 2428 1360 sicut
2465 1325 2559 1377 ego
2611 1309 2747 1372 volo,
2800 1309 2890 1364 sed
2949 1311 3086 1364 sicut
3120 1321 3176 1364 tu
3208 1311 3283 1375 νς
3318 1324 3384 1364 ac

1799 1414 2040 1463 rursum,
2072 1398 2256 1465 Pater,
2283 1400 2329 1452 si
2356 1416 2457 1454 non
2485 1411 2652 1468 potest
2681 1401 2765 1454 hic
2791 1405 3040 1468 transire,
3073 1403 3178 1457 nisi
3208 1400 3382 1456 bibam

1798 1489 1971 1554 illum,
2004 1490 2101 1559 ﬁat
2126 1490 2367 1544 voluntas
2404 1501 2495 1545 tua
2519 1493 2558 1546 ³.

141 1585 400 1656 μαθητῶν,
421 1585 614 1638 ἔπεσεν
643 1586 734 1638 ἐπὶ
758 1585 1043 1657 πρόσωπον
1065 1585 1230 1638 αὐτοῦ
1259 1585 1689 1656 προσευχόμενος
1721 1584 1814 1636 καὶ
1846 1583 2046 1652 λέγων·
2087 1583 2299 1651 Πάτερ,
2343 1587 2397 1638 εὶ
2435 1585 2716 1653 δυνατὸν,
2755 1587 3100 1655 παρελθέτω
3159 1585 3228 1641 τὸ
3276 1594 3384 1639 πο·

137 1680 326 1749 τὴριον
355 1679 530 1733 τοῦτο
571 1681 671 1734 ἀπ’
703 1680 868 1749 ἐμοῦ.
898 1679 1073 1748 Πλὴν
1103 1683 1214 1749 οὐχ
1249 1681 1329 1746 ὡς
1392 1678 1507 1750 ἐγὼ
1540 1677 1708 1743 θέλω,
1745 1679 1880 1733 cur
1906 1681 1985 1744 ὡς
2011 1680 2091 1732 σύ
2113 1697 2126 1710 σ
2151 1681 2244 1733 καὶ
2266 1679 2427 1733 πάλιν
2451 1701 2462 1711 ·
2492 1679 2708 1750 Πάτερ,
2730 1684 2784 1736 el
2808 1685 2880 1737 οὺ
2905 1681 3155 1736 δύναται
3207 1681 3382 1736 τοῦτο

136 1769 457 1838 παρελθεῖν,
518 1768 627 1822 ἐὰν
661 1768 748 1839 μὴ
793 1770 940 1823 αὐτὸ
987 1771 1120 1834 πίω,
1173 1769 1476 1839 γενηθήτω
1529 1771 1598 1822 τὸ
1662 1767 1890 1839 θέλημά
1921 1785 2036 1823 σου

203 1862 433 1931 Πτωχός
452 1864 568 1931 ειμι
591 1861 706 1931 ἐγὼ
733 1863 828 1915 καὶ
845 1863 916 1914 ὲν
936 1863 1145 1928 κόποις
1164 1862 1232 1915 ἐκ
1248 1863 1527 1929 νεότητός
1541 1877 1682 1929 μουο

1861 1858 2023 1916 Vnus.
2055 1860 2234 1917 16-19.
2274 1862 2484 1929 Pauper
2533 1879 2650 1916 sum
2697 1879 2788 1934 ego
2823 1873 2873 1917 et
2914 1864 2966 1917 in
3022 1864 3293 1919 laboribus
3347 1881 3381 1918 a

135 1956 381 2023 ὑψωθεὶς
421 1955 490 2007 δὲ
532 1953 933 2022 ἐταπεινώθην
970 1955 1069 2009 καὶ
1111 1953 1514 2022 ἐξηπορήθην.
1561 1953 1685 2006 Ἐπ’

131 2047 233 2110 ἐμὲ
261 2044 502 2114 διῆλθον
527 2049 586 2098 al
621 2046 790 2115 ὀργαί
809 2060 947 2109 σου,
979 2049 1032 2099 ol
1061 2047 1406 2114 φοϐερισμοι
1441 2059 1556 2098 σου
1601 2043 1692 2108 ἐξ·

132 2136 420 2206 ετιίραξὰν
451 2153 550 2207 με.
600 2136 991 2191 Ἐκύκλωσάν
1019 2154 1096 2207 με
1125 2136 1373 2205 ὡςῦδωρ
1396 2135 1551 2204 ὅλην
1577 2136 1692 2203 τὴν

1785 1949 2054 2018 juventute
2110 1967 2223 2004 mea
2248 1967 2266 2004 :
2321 1951 2586 2006 ett-altatus
2637 1963 2811 2008 autem
2841 1953 3152 2006 humiliatus
3178 1970 3297 2008 sum
3329 1950 3382 2036 cf

1789 2041 2088 2110 perplexas.
2125 2040 2285 2096 Inme
2333 2045 2652 2097 transierunt
2688 2045 2783 2098 irae
2826 2055 2928 2098 tua:
2958 2085 2974 2109 ,
3019 2054 3240 2099 terrores
3307 2041 3382 2097 tu‘

1791 2131 2228 2186 conturbauerunt
2276 2149 2376 2188 me.
2427 2133 2897 2188 Circumdederunt
2936 2151 3016 2188 me
3053 2135 3191 2188 sicut
3243 2150 3383 2205 aqua

130 2229 370 2298 ἡμέραν,
406 2228 728 2298 περιέσχον
746 2245 824 2298 με
850 2228 989 2298 ἅμα.
1031 2227 1394 2298 Ἐμάκρυνας
1423 2228 1524 2280 ἀπ’
1544 2225 1690 2295 ἐμοῦ

1806 2232 1904 2275 tota
1951 2224 2070 2289 die,
2120 2225 2576 2279 circumdederunt
2626 2242 2708 2279 me
2771 2226 2966 2280 simul.‘
3025 2224 3304 2296 Elongasti
3345 2244 3380 2280 a

128 2320 306 2385 φίλον
331 2317 430 2370 καὶ
460 2319 750 2385 πλησίον,
782 2319 878 2371 καὶ
914 2317 1056 2383 τοὺς
1093 2318 1404 2386 τνωστούς
1434 2334 1551 2386 μου
1573 2315 1690 2370 ἀπὸ

1806 2328 1874 2366 rue
1927 2315 2156 2366 amicum
2195 2324 2252 2368 et
2304 2317 2647 2384 prosi-mum,
2703 2324 2752 2369 et
2819 2325 2968 2369 notos
3010 2332 3150 2370 meos
3196 2333 3228 2368 a
3283 2316 3381 2369 mi-

129 2410 542 2477 ταλαιπωρίας.
597 2409 708 2462 Καὶ
740 2409 916 2466 ταῦτα
946 2411 974 2462 ὁ
1015 2408 1305 2480 Σύμμαχος
1365 2407 1693 2479 σαφέστερόν

1806 2407 1951 2460 seria.
2005 2406 2132 2462 Ηωο
2169 2408 2382 2462 ‘clarius
2415 2405 2775 2478 Symmachus
2815 2407 2987 2461 edidit
3019 2408 3103 2462 his
3153 2407 3376 2462 verbis:

129 2517 246 2561 πως
275 2499 532 2563 ἐξέδωκεν
575 2499 742 2553 εἰπών
766 2517 782 2529 ο
830 2501 1075 2570 Πτωχὸς
1119 2500 1204 2553 ὢν
1253 2499 1350 2554 καὶ
1401 2500 1696 2553 ἐκλείπων

124 2593 246 2648 ἀπὸ
276 2595 575 2662 νεότητος,
629 2595 928 2650 ἀνέλαϐον
977 2595 1085 2648 τὸν
1131 2595 1318 2663 φόϐον
1360 2609 1496 2648 σου.
1539 2597 1696 2662 Πρὸς

125 2689 354 2755 τούτοις
376 2688 448 2742 δι’
472 2687 618 2758 ἐμοῦ
645 2688 1039 2757 παρώδευσαν
1071 2693 1130 2743 al
1156 2689 1324 2758 ὀργαί
1351 2703 1486 2752 σου,
1515 2690 1574 2741 al
1601 2688 1697 2741 ἐκ·

122 2780 376 2849 πλήξεις
401 2795 516 2834 σου
546 2779 1008 2848 κατεσιιὶιπησὰν
1033 2797 1129 2850 με.
1166 2779 1501 2848 Περιῆλθόν
1516 2797 1593 2848 με
1617 2780 1698 2846 ὡς

122 2872 332 2935 ὕδατα,
357 2870 570 2925 πᾶσαν
631 2870 745 2938 τὴν
791 2871 1022 2939 ’ἡμέραν
1068 2869 1559 2938 περιεκύκλωο-άν
1598 2885 1694 2939 με.

121 2967 237 3019 Καὶ
263 2967 290 3018 ὁ
329 2964 578 3028 Ἀκύλας,
607 2965 726 3016 Ἐπ’
759 2963 884 3032 ἐμὲ,
930 2963 1084 3034 φησι,
1109 2962 1420 3030 παρῆλθον
1445 2965 1505 3016 al
1534 2962 1702 3031 ὀργαί

121 3074 264 3109 σου.
301 3057 485 3119 Ὅπως
519 3056 578 3108 δὲ
608 3056 829 3126 πτωχὸς
857 3052 924 3127 ἦν
963 3057 1059 3109 καὶ
1093 3056 1152 3107 ὲν
1177 3055 1370 3119 κόποις
1407 3047 1477 3109 ὲκ
1514 3057 1702 3126 νεότη-

117 3163 214 3207 τος
234 3187 248 3209 ,
271 3144 508 3198 διδάσκει
542 3144 704 3208 αὐτὸς
731 3147 788 3196 ἐν
815 3148 926 3206 τοῖς
965 3143 1316 3212 Εὑαγγελίοις
1351 3145 1477 3214 περὶ
1509 3143 1700 3196 ἑαυτοῦ

1797 2497 2004 2568 Pauper
2033 2515 2150 2552 cum
2177 2500 2280 2554 sim
2325 2511 2375 2553 et
2433 2499 2681 2569 deﬁciens
2730 2517 2764 2552 a
2799 2499 3073 2569 juventute
3100 2539 3116 2564 ,
3175 2501 3380 2569 suscepi

1799 2590 2039 2643 timorem
2071 2598 2240 2644 tuum.
2280 2588 2364 2642 Ad
2399 2589 2510 2643 huic
2561 2605 2654 2658 per
2702 2605 2780 2643 me
2817 2598 3246 2658 prwtermearunt
3285 2592 3383 2644 ira:

1799 2688 1902 2734 tua:
1921 2720 1936 2744 ,
1981 2689 2208 2733 terrores
2233 2680 2311 2732 tui
2345 2689 2518 2733 tacere
2535 2696 2614 2733 me
2635 2679 2890 2748 fecerunt.
2913 2680 3382 2736 Circumvenerunt

1800 2788 1878 2825 me
1915 2772 2053 2825 sicut
2081 2787 2253 2841 aqua,
2299 2780 2410 2824 tota
2438 2773 2521 2824 die
2553 2771 3009 2826 circumdederunt
3039 2789 3136 2826 me.
3184 2774 3380 2843 Aquila

1800 2878 1950 2927 vero,
1976 2863 2147 2932 Super
2170 2881 2270 2928 me,
2304 2862 2499 2935 inquit,
2523 2866 2893 2934 praeterierunt
2920 2867 3018 2921 ira:
3066 2877 3188 2920 tute.
3241 2867 3382 2931 Quo‘

1803 2952 1963 3006 modo
1988 2962 2170 3008 autem
2199 2969 2402 3023 pauper
2439 2953 2605 3007 fuerit
2633 2955 2770 3009 et-in
2794 2955 3078 3010 laboribus
3108 2970 3139 3008 a
3182 2956 3380 3024 juven-

1802 3050 1938 3107 tute,
1971 3043 2134 3098 docet
2163 3045 2280 3114 ipse
2337 3046 2392 3098 in
2439 3044 2747 3116 Euangelus
2797 3045 2864 3100 de
2903 3060 2961 3101 se
3015 3046 3246 3116 loquens
3293 3046 3382 3102 his

1805 3143 2025 3198 verbis:
2069 3142 2272 3198 Discite
2330 3161 2364 3198 α
2414 3162 2495 3199 me
2546 3147 2669 3215 quia
2720 3147 2868 3200 utilis
2898 3163 3015 3201 sum
3068 3154 3118 3199 et
3164 3147 3380 3200 humilis

115 3233 298 3302 λέγων
319 3251 332 3264 ·
371 3233 600 3288 Μάθετε
631 3235 732 3288 ἀπ’
767 3234 934 3304 ἐμοῦ,
967 3234 1055 3287 ὅτι
1089 3232 1280 3301 πρᾶός
1317 3236 1436 3303 εἰμι
1469 3236 1567 3287 καὶ
1594 3250 1695 3286 τα-

1806 3235 1958 3288 corde
1996 3234 2038 3286 ⁵.
2073 3235 2366 3303 Apostolus
2393 3236 2521 3291 item
2551 3236 2630 3290 ait
2659 3255 2673 3290 :
2711 3236 2816 3302 Qui
2843 3253 2964 3289 cum
2987 3238 3039 3290 in
3077 3237 3252 3307 forma
3281 3237 3382 3292 Dei

113 3327 330 3392 ,τείν-ὸς
374 3325 449 3395 τῇ
488 3326 722 3396 καρδίᾳ.
767 3327 878 3380 Καὶ
923 3328 951 3379 ὁ
998 3326 1312 3390 Ἀπόστολός
1347 3343 1507 3397 φησιν
1533 3343 1546 3356 ’
1599 3327 1695 3392 ⁸ος

1806 3334 1955 3389 esset,
1987 3341 2090 3379 non
2127 3327 2372 3394 rapinam
2409 3326 2705 3380 arbitratus
2752 3336 2830 3381 est
2863 3344 2979 3382 esse
3019 3345 3074 3382 se
3128 3327 3380 3398 tequalem

113 3420 191 3471 ἐν
205 3416 412 3486 μορφῇ
445 3418 590 3472 Θεοῦ
621 3417 925 3486 ὑπάρχων,
953 3419 1067 3487 οὐχ
1093 3419 1406 3488 ἁρπαγμὸν
1428 3416 1695 3486 ἡγήσατο

1806 3415 1908 3470 Deo
1925 3457 1940 3481 ,
1980 3418 2071 3470 sed
2092 3419 2427 3486 semetipsum
2453 3419 2740 3473 exinanivit
2761 3421 2781 3450 ⁸
2804 3439 2820 3486 ;
2850 3420 2926 3474 ita
2951 3430 3010 3474 ut
3031 3422 3382 3492 perspicuum

113 3507 278 3563 εἶναι
319 3509 424 3562 ἴσα
449 3509 588 3574 Θεῷ,
615 3509 754 3564 ἀλλ’
781 3511 999 3563 ἑαυτὸν
1025 3509 1324 3564 ἐκένωσεν
1343 3527 1356 3542 °
1391 3509 1532 3563 ὥστε
1559 3507 1695 3564 εἶναι

1806 3510 1869 3564 sit
1882 3526 1988 3580 qua
2006 3509 2073 3565 de
2083 3525 2250 3565 causa
2264 3511 2405 3581 apud
2420 3510 2562 3565 LXX
2579 3512 2909 3583 Interpretes
2925 3513 3382 3583 dicatur,Pauper

116 3602 296 3669 σαφὲς
349 3601 465 3664 πῶς
528 3602 744 3672 εἴρηται
796 3603 950 3674 παρὰ
997 3605 1111 3667 τοῖς
1175 3603 1576 3677 Ἐὅδομήκοντα
1615 3607 1697 3671 τὸ,

111 3694 368 3760 Πτωχός
392 3696 508 3762 ειμι
539 3693 655 3762 ἐγὼ
678 3695 774 3748 καὶ
797 3696 875 3746 ιὲν
904 3695 1113 3761 κόποις
1150 3696 1220 3749 ἐκ
1250 3699 1532 3767 νεότητός
1555 3717 1697 3768 μου.

125 3787 276 3840 Ἀλλ’
306 3789 366 3839 ὲν
407 3787 505 3857 μὲν
547 3789 614 3856 τῇ
655 3787 868 3856 νεότητι
905 3787 1092 3851 αὑτοῦ,
1131 3789 1226 3841 καὶ
1263 3789 1437 3852 ἄλλως
1469 3791 1575 3843 ὑπὸ
1607 3791 1700 3844 τὸν

108 3877 480 3949 νομιζόμενον
501 3879 714 3948 πατέρα
737 3878 826 3930 τὸν
863 3878 1080 3948 Ἰωσὴφ,
1109 3879 1204 3931 καὶ
1233 3880 1333 3951 τὴν
1354 3881 1497 3933 κατὰ
1524 3882 1701 3953 σάρκα

107 3971 343 4042 μητέρα
375 3972 729 4042 τρεφόμενος,
757 3971 969 4041 πτωχὸς
1001 3967 1069 4042 ἦν
1099 3974 1157 4024 ὲν
1183 3977 1455 4043 πτωχοῖς·
1489 3976 1584 4027 καὶ
1609 3975 1699 4028 τὸν

103 4065 280 4118 ἄλλον
311 4064 368 4116 δὲ
393 4065 558 4118 αὐτοῦ
597 4065 711 4135 βίον
749 4065 1001 4127 πλούσιος
1026 4063 1123 4129 ὢν,
1152 4065 1220 4117 δι’
1248 4068 1395 4136 ἡμᾶς
1426 4065 1699 4136 ἐπτώχευο

105 4174 242 4220 σεν,
289 4159 438 4218 ὅπως
474 4159 636 4228 ἡμεῖς
681 4159 748 4227 τῇ
783 4157 943 4210 αὑτοῦ
996 4159 1239 4229 πτωχείᾳ
1289 4158 1697 4229 πλουτήσωμεν.

1798 3621 1914 3660 sum
1937 3622 2029 3676 ego
2059 3615 2109 3659 et
2137 3607 2192 3659 in
2223 3605 2494 3661 laboribus
2546 3626 2580 3659 α
2600 3607 2875 3676 juventute
2924 3626 3056 3662 mea.
3094 3610 3292 3663 Verum
3325 3611 3382 3664 in

1794 3695 2082 3765 iuventute
2113 3711 2233 3760 sua,
2266 3712 2394 3750 cum
2431 3697 2672 3767 alioquin
2709 3714 2739 3752 a
2768 3698 3028 3768 Josepho,
3094 3702 3186 3768 qui
3228 3708 3383 3769 pater

1798 3787 1918 3856 ejus
1943 3801 2064 3842 esse
2100 3788 2416 3856 putabatur,
2441 3795 2495 3842 et
2525 3803 2556 3840 ιι
2589 3797 2760 3842 matre
2797 3804 2895 3844 sua
2930 3791 3230 3845 secundum
3261 3806 3382 3844 car-

1799 3894 1946 3940 nem,
1977 3878 2322 3938 educaretur,
2358 3895 2564 3948 pauper
2613 3880 2757 3933 inter
2816 3895 3083 3950 pauperes
3131 3891 3283 3949 erat;
3328 3891 3384 3938 et

1801 3986 1924 4024 cum
1956 3971 2254 4025 secundum
2288 3972 2446 4024 aliam
2477 3973 2638 4023 vitam
2663 3987 2815 4026 suam
2845 3973 2996 4027 dives
3021 3982 3187 4038 esset,
3209 3976 3380 4030 nostri

1801 4077 1968 4115 causa
2011 4063 2169 4132 in0ps
2198 4062 2423 4116 eﬂ'ectus
2449 4071 2554 4124 est,
2589 4071 2648 4115 ut
2679 4078 2779 4117 nos
2811 4063 2931 4132 ejus
2966 4063 3150 4134 inopia
3183 4067 3382 4122 divites

1801 4168 2068 4209 essemus.
2099 4154 2234 4208 Cum
2265 4168 2429 4224 porro
2461 4152 2680 4207 demum
2726 4153 2969 4224 prodigia
2997 4163 3050 4208 et
3082 4154 3175 4211 Dei
3210 4159 3383 4212 virtu-

1801 4254 1882 4297 tes
1911 4244 2100 4306 edens,
2136 4244 2407 4298 exaltatus
2429 4252 2605 4307 est,et
2634 4259 2730 4314 per
2753 4244 3062 4314 passionem
3098 4261 3251 4300 suam
3275 4249 3383 4302 elc-

1803 4344 1982 4399 vatus,
2011 4336 2329 4391 humiliatus
2361 4343 2464 4390 est.
2498 4334 2678 4401 Quare
2699 4336 2912 4390 dicebat
2946 4357 2958 4390 :
2994 4337 3142 4391 Sicut
3169 4338 3381 4410 Moyses

104 4249 254 4301 ’Ότε
301 4248 360 4300 δὲ
418 4249 600 4300 λοιπὸν
644 4246 1085 4318 παραδοξοτωιῶν
1131 4250 1224 4302 καὶ
1263 4249 1398 4302 Θεοῦ
1442 4250 1701 4320 δυνάμεις

99 4341 437 4403 ἀποτελῶν,
486 4339 676 4410 ὑψώθη
714 4357 772 4392 τε
843 4343 935 4394 καὶ
966 4341 1054 4396 διὰ
1097 4341 1192 4394 τοῦ
1237 4342 1441 4405 πάθους
1468 4341 1702 4412 ὑψωθεὶς

95 4431 487 4502 ἐταπεινώθη.
520 4435 594 4485 Δι’
642 4433 672 4486 ὃ
706 4434 887 4502 ἔλεγεν
911 4451 924 4464 ·
973 4435 1197 4501 ’Ὠσπερ
1234 4433 1457 4501 Μωσῆς
1492 4435 1695 4502 iiii-was

1806 4425 2061 4480 exultavit
2110 4435 2400 4494 serpentem
2443 4427 2498 4478 in
2529 4426 2758 4490 deserto,
2790 4429 2870 4480 ita
2918 4429 3148 4482 exaltari
3183 4441 3382 4499 oportet

92 4523 226 4575 τὸν
265 4521 411 4591 ὅφιν
442 4523 511 4575 ἐν
540 4521 613 4589 τῇ
643 4521 859 4592 ἐρήμῳ,
904 4523 1091 4588 οὕτως
1125 4522 1438 4592 ὑψωθῆναι
1476 4522 1571 4576 δεῖ
1598 4523 1695 4576 τὸν

1806 4511 2007 4566 Filium
2035 4514 2264 4569 hominis
2285 4516 2340 4581 °;
2374 4531 2437 4570 ac
2461 4532 2701 4580 rursum,
2732 4517 2865 4571 Cum
2893 4520 3254 4575 exaltaneritis
3289 4521 3383 4576 Fi—

106 4614 268 4667 Υἱὸν
299 4615 406 4668 τοῦ
433 4615 747 4682 ἀνθρώπου
771 4632 784 4644 ·
824 4616 917 4668 καὶ
949 4615 1108 4668 πάλιν
1139 4632 1154 4645 ·
1203 4616 1380 4669 Ὅταν
1415 4616 1695 4684 ὑψώσητε

1807 4605 1934 4657 lium
1978 4604 2226 4672 hominis,
2281 4616 2404 4660 tunc
2453 4610 2773 4676 cognoscetis
2823 4611 2947 4679 quia
2979 4627 3072 4680 ego
3097 4614 3278 4680 sum”;
3327 4615 3381 4668 in

90 4708 223 4760 τὸν
267 4707 412 4759 Υὶόν
442 4707 550 4760 τοῦ
577 4707 908 4774 ἀνθρώπου,
952 4709 1082 4760 τότε
1110 4708 1437 4777 γνώσεσθε,
1470 4709 1560 4761 ὅτι
1591 4708 1695 4778 ἐγώ

1806 4698 2058 4766 praesenti
2089 4713 2220 4752 vero
2248 4700 2342 4763 ait,
2365 4698 2652 4754 Exattatus
2693 4710 2891 4765 autem,
2919 4704 3233 4759 humiliatus
3263 4724 3384 4759 sum

87 4802 231 4867 εἰμι
264 4813 280 4827 ⁸
332 4800 427 4851 καὶ
461 4800 518 4850 ὲν
556 4797 632 4870 τῷ
673 4801 1017 4870 προκειμένῳ
1045 4816 1059 4828 ⁸
1124 4800 1411 4868 Ὑψωθεὶς
1457 4800 1527 4853 δὲ
1567 4801 1695 4855 ἐτα-

1806 4799 1853 4842 et
1895 4793 2190 4858 perplexus.
2238 4792 2377 4844 Illud
2416 4801 2626 4855 autem,
2666 4791 2770 4846 Per
2824 4811 2903 4847 me
2947 4805 3382 4863 printer-mearum

86 4889 428 4957 πεινώθην
465 4890 562 4942 καὶ
598 4889 1001 4959 ἐξηπορήθην.
1052 4890 1125 4942 Τὸ
1155 4891 1235 4954 δὲ,
1264 4893 1345 4943 Δι’
1383 4892 1530 4960 ἐμοῦ
1553 4906 1695 4960 παρ-

1806 4883 1903 4936 irte
1959 4892 2084 4947 tute,
2143 4883 2441 4938 secundum
2497 4883 2919 4955 Symmachum;
2951 4889 3037 4942 vel
3078 4892 3380 4946 secundum

82 4983 406 5036 ώδευσαν
441 4986 506 5036 al
567 4983 738 5052 ὀργαί
773 4998 922 5044 σου,
971 4982 1110 5036 κατὰ
1162 4984 1256 5036 τὸν
1310 4985 1622 5055 Σύμμαχον,
1669 4985 1695 5056 ἤ

1806 4973 2076 5042 Aquilam,
2116 4973 2283 5040 Super
2306 4992 2386 5028 me
2407 4975 2770 5044 prazterieruut
2797 4978 2890 5032 ira:
2913 4991 3042 5046 tutu,
3068 4981 3153 5036 vel
3179 4999 3382 5037 secun-

84 5075 260 5129 κσιτὰ
307 5077 398 5128 τὸν
451 5075 680 5129 Ἀκύλαν
705 5092 718 5104 °
767 5075 892 5128 Ἐπ’
930 5075 1036 5144 ἐμὲ
1082 5076 1396 5145 παρῆλθον
1420 5080 1481 5130 al
1527 5078 1694 5146 ὀργαί

1806 5066 1932 5118 dum
1967 5063 2127 5127 LXX,
2168 5065 2234 5118 In
2259 5083 2339 5120 me
2363 5068 2690 5120 transierunt
2725 5069 2822 5122 ira:
2849 5079 2972 5133 tuae,
3003 5072 3150 5133 clare
3172 5073 3386 5127 den-un-

81 5184 255 5229 σου,
295 5167 330 5238 ἢ
362 5167 505 5220 κατὰ
537 5169 664 5230 τοὺς
700 5167 1124 5237 Ἐΰδομήκοντα,
1171 5170 1295 5222 Ἐπ’
1315 5169 1420 5238 ἐμὲ
1452 5169 1695 5237 διῆλθον

1809 5161 1928 5222 tiat,
1965 5173 2073 5210 non
2120 5158 2172 5212 in
2209 5158 2302 5212 illo
2362 5160 2697 5221 constitisse,
2733 5163 2826 5216 sed
2881 5179 2974 5232 per
3018 5180 3141 5217 eum
3160 5176 3386 5234 praeter-

80 5264 154 5314 al
195 5262 392 5331 ὀργαί
416 5278 554 5323 σου,
595 5261 779 5330 σαφῶς
807 5261 1156 5331 παρίστησιν,
1193 5263 1276 5314 ὃτι
1303 5263 1403 5314 οὐκ
1434 5265 1512 5325 εις
1537 5265 1695 5318 αὑτὸν

1811 5247 1968 5314 iisse;
2039 5263 2221 5318 neque
2257 5251 2496 5312 stetisse,
2531 5250 2625 5304 sed
2663 5253 2969 5307 transiisse.
3010 5255 3140 5308 Illud
3178 5263 3382 5321 autem,

78 5355 471 5427 ἐπέσκηψαν,
507 5353 642 5407 ἀλλὰ
684 5354 749 5406 δι’
785 5351 949 5406 αὑτοῦ
997 5353 1270 5424 παρῆλθον
1294 5372 1310 5386 ο
1362 5357 1457 5408 καὶ
1500 5357 1582 5410 ὅτι
1627 5358 1695 5429 μὴ

1809 5341 2247 5394 conturbauerunt
2283 5357 2382 5404 me,
2424 5341 2732 5397 secundum
2777 5342 2943 5408 LXX,
2979 5344 3109 5398 huic
3139 5344 3386 5416 Evange-

77 5438 386 5518 ἔστησαν,
417 5445 553 5500 ἀλλὰ
583 5446 815 5517 διῆλθον.
851 5447 922 5498 Τὸ
953 5446 1030 5509 δὲ,
1055 5444 1422 5514 ἐξετὰραξάν
1439 5466 1536 5517 με,
1562 5451 1695 5504 κατὰ

1812 5432 2006 5485 Iiorum
2051 5431 2198 5486 dicto
2235 5432 2415 5488 simile
2459 5443 2544 5488 est
2579 5452 2592 5487 :
2622 5433 2779 5487 Nunc
2810 5437 2990 5489 anima
3016 5453 3130 5491 mea
3168 5437 3384 5491 turbata

75 5544 237 5603 τοὺς
281 5539 710 5610 ,Εδδομήκοντα,
746 5538 928 5608 ὅμοιόν
949 5537 1064 5591 ἐστι
1093 5537 1168 5609 τῷ
1203 5539 1480 5609 εἰρημένῳ
1510 5542 1567 5593 ἐν
1592 5545 1695 5606 τοῖς

1809 5535 1884 5577 est
1903 5525 1955 5587 ⁸;
1979 5531 2053 5589 ct,
2103 5523 2296 5576 Tristis
2322 5534 2400 5578 est
2425 5526 2605 5578 anima
2627 5542 2740 5579 mea
2765 5543 2924 5598 usque
2946 5528 3015 5580 ad
3039 5537 3282 5583 mortem.
3305 5539 3385 5588 τρι

168 5686 190 5718 ⁸
244 5683 369 5758 lsa.
406 5696 541 5742 LIII,
576 5679 712 5758 3-5“
750 5681 769 5710 ³
809 5677 953 5758 [’sal,
991 5695 1116 5741 xm,
1153 5680 1206 5735 '5.
1231 5681 1328 5758 M"
1368 5680 1556 5758 hiatu).
1598 5700 1757 5748 xxvn,
1795 5687 1884 5758 ὃς).
1962 5686 1982 5758 ξ
2020 5683 2280 5758 ιιήιιηισι.
2358 5684 2378 5714 ⁸
2420 5684 2611 5742 Matth.
2649 5701 2732 5751 It,
2767 5687 2858 5741 29.
2935 5687 2956 5719 ⁸
2997 5686 3194 5758 Philip.
3238 5705 3302 5755 ιι,
3327 5690 3383 5756 6,

75 5755 143 5814 7.
240 5757 269 5788 ⁸
313 5751 482 5808 Joan.
521 5765 615 5813 ιιι,
656 5751 738 5804 lli.
814 5751 833 5780 ⁷
869 5748 1025 5803 Joau.
1064 5765 1196 5813 vui,
1229 5750 1317 5805 28.
1395 5753 1414 5782 ⁸
1454 5751 1612 5807 Joan.
1650 5771 1759 5823 xu,
1795 5756 1884 5810 ‘27.
1962 5756 1983 5786 ⁹
2024 5754 2209 5808 Matth.
2250 5769 2372 5807 χχιί
2401 5795 2414 5818 ,
2453 5758 2540 5809 58.

421 5849 686 5906 ινιτιιοι..
723 5846 837 5906 Gn.
887 5844 1124 5906 XXI”:
3028 5851 3105 5909 3's
