3798 6282
447 291 586 349 ίθϐἹ

1154 292 1422 349 EUSEBII
1451 292 1934 351 CESARIENSIS
1973 291 2342 352 OPP..PARS
2378 296 2470 354 ill.
2513 331 2581 341 —
2612 299 3034 358 EXEGETICA.

3551 313 3661 368 1068

444 420 641 468 οειιειυο
689 427 906 483 quoque
955 411 1256 467 secundum
1293 413 1577 470 historiam
1632 415 1970 483 implebantu

2119 417 2484 486 Εὑαγγελίοις
2518 436 2530 448 ·
2573 420 2704 472 Νῦν
2728 421 2978 490 bubuli}
3020 440 3139 490 μου
3177 426 3533 494 τετάρακται,
3570 431 3660 482 καὶ·

445 523 568 562 cum
601 523 668 562 eo
705 509 892 562 relicto
923 506 1154 577 apostoli
1207 507 1620 568 abscesserunt.
1650 507 1844 562 Petrus
1900 523 2029 563 vero

443 604 530 654 ter
554 601 769 666 negavit
798 613 944 653 eum.
981 597 1045 651 Et
1075 598 1180 652 alia
1207 613 1433 668 quoque
1453 601 1664 652 ratione
1699 599 1813 653 lucc
1845 601 2028 655 omnia

444 689 680 752 dicebat,
728 690 958 742 aliorum
1013 689 1152 742 mala
1211 689 1314 744 sibi
1348 698 1405 742 ut
1439 693 1661 760 propria
1721 692 2026 761 ascribens,

444 780 692 834 videlicet
743 780 1038 850 proditoris
1059 777 1223 834 «Iudae
1257 782 1578 850 perniciem,
1613 783 1895 853 totiusque
1930 783 2028 839 Ju-

442 873 614 929 daicaz
640 875 818 944 gentis
851 873 1068 928 ruinam
1095 893 1106 927 :
1131 874 1198 929 de
1233 876 1452 945 quibus,
1489 877 1647 946 quasi
1669 877 1737 932 de
1769 877 1895 935 filiis
1927 879 2028 934 im-

441 966 649 1036 probis,
681 966 984 1036 iniquitatis
1037 981 1150 1021 sua:
1201 982 1369 1022 causa
1433 969 1812 1038 pereuntibus,
1863 971 2026 1026 vehe-

442 1058 610 1113 menti
669 1057 1040 1113 miserationis
1069 1066 1123 1113 et
1169 1059 1525 1115 humanitatis
1586 1061 1780 1117 affectu
1835 1079 2022 1119 eorum

442 1151 584 1205 mala
624 1150 690 1205 ad
731 1166 1021 1220 personam
1069 1150 1347 1221 propriam
1383 1150 1650 1219 referens,
1695 1153 2023 1224 ingemisce-

440 1243 552 1298 bat.
608 1242 664 1297 ld
713 1259 878 1312 porro
910 1243 1180 1313 intelligas
1219 1243 1265 1299 si
1297 1243 1384 1298 his
1412 1244 1692 1315 propheta:
1718 1247 1899 1302 verbis
1939 1256 2021 1300 at-

437 1334 628 1390 tendas
658 1352 672 1389 :
696 1333 800 1388 llic
826 1343 1041 1404 peccata
1067 1343 1251 1389 nostra
1293 1345 1492 1404 portat,
1523 1347 1572 1390 et
1598 1352 1702 1406 prn-
1723 1338 2023 1393 nobiscru-

436 1428 612 1480 ciatur
632 1429 695 1480 ¹⁰.
716 1426 897 1492 Quare
911 1442 1099 1482 eorum
1115 1428 1286 1496 gratia
1300 1426 1486 1483 dolore
1499 1428 1727 1485 allectus
1747 1431 2019 1485 exclama-

436 1520 528 1574 bat
554 1519 743 1574 dicens
778 1538 791 1572 :
829 1516 892 1572 In
930 1535 1010 1571 me
1054 1520 1381 1572 transierunt
1410 1521 1504 1573 irae
1530 1529 1654 1580 tute,
1688 1530 1914 1576 terrores
1942 1523 2018 1575 tui

433 1610 874 1665 conturbauerunt
903 1626 1003 1663 me.
1031 1607 1262 1664 Videbat
1293 1611 1437 1664 enim
1465 1625 1575 1665 non
1603 1611 1675 1666 ita
1703 1613 1875 1666 multo
1897 1621 2020 1684 post

433 1707 718 1756 venturam
769 1700 929 1765 iram,
969 1714 1090 1770 qua:
1139 1699 1325 1753 omnia
1362 1699 1471 1754 illis
1502 1709 1735 1770 augusta
1771 1711 1825 1756 et
1857 1717 2019 1758 vene-

2138 509 2475 577 Περίλυπός
2513 511 2687 564 ἐστιν
2710 512 2746 575 ἡ
2786 513 2961 580 ψυχή,
2979 531 3102 580 μου
3135 514 3242 581 ἕως
3276 517 3527 572 θανάτου
3547 535 3558 547 ·
3592 521 3665 573 καὶ

2135 599 2202 652 τὰ
2235 599 2397 652 λοιπά
2420 600 2478 652 δὲ
2512 599 2653 654 κατά
2682 601 2781 672 τὴν
2811 602 3051 672 ἱστορίαν
3081 603 3399 676 ἐπληροῦτο,
3422 607 3505 659 ὃτε
3530 625 3664 662 κατα-

2135 690 2384 753 λιπόντες
2407 691 2566 744 αὑτὸν
2588 693 2638 743 οἱ
2680 692 2967 746 ἀπόστολοι
2997 693 3202 764 ᾤχοντο
3220 712 3233 725 ⁸
3255 698 3284 750 ὁ
3308 696 3365 749 δὲ
3395 697 3581 770 Πέτρος
3595 703 3666 753 καὶ

2133 781 2313 852 τρίτον
2349 781 2513 834 αὑτὸν
2557 783 2854 852 ἠρνήσατο.
2902 784 3009 836 Καὶ
3059 784 3232 850 ἄλλως
3271 787 3330 840 δὲ
3375 786 3446 840 τά
3485 790 3665 859 προκεί-

2137 889 2274 942 μενα
2317 873 2533 926 ἅπαντα
2587 874 2860 942 ἔφασκεν,
2925 875 3351 948 ἰδιοποιούμενος
3391 879 3665 951 τάἐτέρων

2134 965 2310 1018 κακά’
2350 963 2493 1034 λέγω
2529 965 2585 1018 δὲ
2626 965 2722 1018 τοῦ
2753 967 3015 1038 προδότου
3059 969 3230 1022 Ἰούδα
3271 971 3374 1042 τὴν
3409 971 3664 1034 ἀπώλειαν,

2131 1055 2225 1108 καὶ
2245 1054 2340 1108 τού
2363 1057 2563 1118 παντὸς
2600 1057 2867 1110 Ἰουδαίων
2893 1057 3080 1123 ἔθνους
3111 1059 3571 1130 τὴνάπόπτωσιν·
3601 1065 3664 1136 ἐφ’

2130 1140 2212 1208 οἷς
2241 1143 2309 1197 δι’
2341 1145 2646 1216 ὑπερϐολὴν
2681 1147 3085 1219 εὐσπλαγχνίας
3138 1152 3231 1205 καὶ
3279 1152 3664 1224 φιλανθρωπίας,

2128 1235 2204 1300 ὡς
2225 1237 2454 1305 ὲφ⁹υίοῖς
2474 1241 2746 1309 πονηροῖς,
2765 1239 2854 1292 διὰ
2866 1241 2964 1304 τάς
2975 1241 3155 1295 αὑτῶν
3171 1244 3384 1307 κακίας
3405 1244 3665 1316 ἀπολλυμέ-

2129 1342 2260 1389 νοις,
2278 1324 2447 1378 ταῦτα
2458 1343 2485 1379 ε
2493 1329 2540 1390 ίς
2551 1327 2742 1380 ἑαυτοῦ
2759 1331 3049 1400 πρόσωπον
3059 1329 3482 1402 ἀναλαμϐάνων,
3495 1333 3665 1388 ἀπωδὺ-

2131 1435 2273 1489 ρετο.
2294 1419 2406 1491 Not]
2414 1437 2527 1483 σεις
2541 1420 2598 1473 δὲ
2608 1419 2766 1473 τοῦτο
2792 1423 3090 1494 ἐπιστήσας
3105 1423 3180 1476 τῶ
3196 1424 3414 1493 λέγοντι
3432 1429 3662 1499 προφήτῃ·

2137 1507 2333 1577 Οὗτος
2371 1510 2480 1577 τὰς
2507 1511 2796 1580 ἁμαρτίας
2826 1511 2994 1580 ἡμῶν
3019 1512 3201 1582 φέρει,
3255 1515 3360 1568 καὶ
3389 1517 3516 1583 περὶ
3537 1517 3666 1586 ἡμῶν

2115 1600 2431 1656 ’ὀδυνᾶταα
2471 1602 2564 1655 Διὸ
2597 1602 2735 1673 ὑπὲρ
2775 1603 2954 1657 αὑτῶν
2990 1603 3332 1676 ὀδυνώμενος
3354 1607 3480 1660 ἐϐόα
3498 1607 3662 1676 λέγων·

2139 1696 2192 1747 Ἐ
2197 1695 2255 1747 π’
2283 1693 2388 1763 ἐμὲ
2425 1693 2678 1762 διῆλθον
2728 1698 2788 1750 αἱ
2831 1697 2999 1765 ὀργαί
3035 1710 3152 1751 σου
3184 1739 3200 1763 ,
3257 1698 3315 1750 οἱ
3365 1701 3666 1768 φοῧερισμοί

432 1793 604 1848 randa
643 1792 711 1848 de
743 1792 924 1845 medio
972 1791 1229 1857 sustulit;
1266 1791 1338 1844 ita
1372 1799 1432 1846 ut
1477 1791 1679 1846 Sancta
1708 1800 1965 1848 sanctoru

2127 1806 2243 1843 σου
2297 1787 2666 1857 ἐξετάραξὰν
2696 1809 2793 1860 με.
2855 1791 3031 1864 Ἐώρα
3073 1792 3182 1863 γὰρ
3218 1791 3323 1864 τὴν
3363 1793 3461 1847 οὑκ
3487 1795 3556 1858 εἰς
3585 1811 3664 1864 μσ-

429 1892 484 1939 ct
522 1886 694 1940 altare
736 1897 767 1936 a
814 1881 1184 1938 fundamentis
1217 1882 1591 1946 diruerent'ur,
1625 1899 1891 1955 regesque
1923 1900 2018 1940 eo-

431 1990 549 2029 rum
603 1974 696 2045 qui
750 1972 1010 2027 diuturna
1056 1965 1342 2026 atavorum
1393 1974 1745 2029 successione
1787 1974 1855 2028 ad
1886 1975 2019 2030 illud

430 2081 605 2136 usque
666 2073 882 2136 tempus
933 2065 1290 2128 devenerant,
1337 2063 1498 2120 finem
1532 2064 1839 2134 imperandi
1871 2063 2019 2122 face-

430 2166 584 2224 rent;
609 2157 702 2226 jus
731 2165 784 2212 et
812 2156 1046 2212 facultas
1071 2157 1162 2211 illa
1193 2157 1311 2213 suis
1337 2155 1557 2211 vivendi
1586 2157 1820 2228 legibus,
1852 2172 1959 2228 qua
1988 2171 2019 2211 a

429 2251 750 2321 longissimo
784 2265 899 2305 aevo
931 2250 1012 2302 usi
1039 2249 1277 2314 fuerant,
1300 2249 1490 2319 legalis
1529 2249 1716 2305 cultus
1742 2264 1866 2304 cum
1899 2249 2021 2320 ipso

428 2344 761 2408 sacerdotio,
791 2359 856 2400 ac
884 2344 1114 2414 reliquis
1147 2343 1381 2398 ducibus
1415 2342 1872 2413 principibusque
1901 2344 2018 2398 suis

425 2443 942 2514 exstinguerentur;
977 2442 1050 2494 ita
1081 2449 1140 2494 ut
1172 2456 1250 2495 ne
1264 2440 1555 2512 vestigium
1577 2440 1798 2512 quidem
1825 2455 2016 2495 eorum

429 2532 497 2588 ad
551 2533 652 2588 hoc
700 2548 877 2602 usque
935 2541 1152 2602 tempus
1209 2531 1492 2587 residuum
1544 2533 1831 2590 manserit.
1885 2531 2017 2599 Quae

425 2623 611 2676 omnia
656 2623 901 2694 perpessi
947 2632 1101 2687 sunt,
1123 2623 1204 2676 ira
1237 2621 1478 2678 Dei'non
1511 2624 1609 2678 diu
1644 2632 1770 2695 post
1803 2628 2017 2694 passio-

427 2728 550 2768 nem
579 2714 721 2784 ejus,
751 2715 821 2769 ob
851 2715 1089 2770 admissa
1125 2724 1316 2769 contra
1349 2716 1526 2786 ipsum
1557 2716 1822 2781 facinora,
1846 2725 2013 2772 totam

424 2817 616 2858 eorum
652 2811 869 2874 gentem
899 2803 1209 2860 invadente.
1243 2804 1375 2872 Qua:
1414 2807 1530 2878 ipse
1563 2806 1906 2878 significabat
1929 2807 2014 2865 his

425 2893 626 2959 verbis,
660 2893 722 2948 In
769 2911 849 2948 me
901 2894 1226 2948 transierunt
1271 2895 1367 2949 ine
1420 2905 1546 2961 tute,
1580 2911 1646 2951 ac
1689 2897 1734 2951 si
1783 2897 2012 2963 diceret,

430 2983 653 3053 Propter
690 3002 801 3050 me;
841 2985 954 3042 sive
976 2988 1277 3043 secundum
1308 2987 1720 3060 Symmachum,
1757 2989 1863 3044 Per
1894 3006 2008 3050 nte;

423 3078 554 3148 quia
612 3079 918 3135 secundum
974 3081 1054 3134 rei
1097 3081 1384 3136 veritatem
1413 3081 1541 3134 talia
1575 3089 1797 3152 propter
1831 3083 2007 3152 ipsum

422 3172 571 3241 passi
613 3179 761 3227 sunt.
796 3170 912 3227 lmo
954 3173 1120 3229 etiam
1166 3175 1384 3228 illorum
1417 3174 1628 3228 cladem
1667 3175 2009 3245 prospiciens

421 3263 656 3326 dicebat,
717 3264 966 3320 Terrores
1013 3267 1088 3319 tui
1137 3266 1580 3320 conturbauerunt
1627 3280 1728 3321 me.
1780 3266 2009 3321 Etiamsi

419 3358 567 3412 enim
603 3365 850 3414 terrores
883 3358 998 3424 Dei,
1025 3375 1166 3430 quos
1193 3360 1326 3430 ipsis
1360 3361 1638 3429 prophetae
1687 3360 2002 3414 intermina-

420 3449 641 3516 bantur,
659 3467 754 3506 eos
772 3453 840 3506 ob
858 3451 1113 3507 duritiem
1133 3452 1315 3507 cordis
1339 3468 1459 3506 non
1475 3453 1864 3507 conturbarent
1885 3470 1900 3519 ;
1922 3467 2010 3507 me

419 3551 623 3607 tamen,
644 3543 844 3614 inquit,
864 3544 958 3614 qui
978 3545 1304 3600 terribilium
1327 3559 1644 3599 sermonum
1661 3551 1878 3597 tuorum
1893 3542 2008 3598 exi-

418 3644 533 3688 tum
579 3635 978 3706 prospicerem,
1015 3645 1252 3691 terrores
1275 3635 1359 3688 tui
1393 3635 1881 3690 conturbaverunt.
1909 3631 2007 3687 'Sic

417 3726 602 3797 itaque
636 3728 707 3781 ob
739 3743 928 3783 eorum
971 3727 1281 3797 impietates
1305 3727 1521 3782 Patrem
1557 3741 1656 3797 pro
1679 3725 1790 3781 illis
1813 3724 2006 3795 depre—

414 3833 572 3883 cans,
608 3819 794 3875 animo
825 3820 982 3876 valde
1005 3829 1259 3884 moestus,
1293 3821 1652 3891 ipsorumque
1696 3833 1862 3874 causa
1888 3826 2005 3871 tur-

415 3911 596 3974 batus,
624 3914 802 3975 tristis
832 3921 948 3969 erat
973 3929 1147 3981 usque
1175 3913 1241 3967 ad
1279 3921 1507 3968 mortem
1545 3933 1556 3966 :
1592 3912 1720 3982 quia
1751 3911 1997 3966 immine-

412 4006 547 4059 bant
599 4007 705 4063 illis
755 4009 850 4061 ira:
896 4007 987 4061 Dei
1023 4009 1159 4074 tela;
1197 4009 1270 4060 ita
1304 4016 1363 4061 ut
1396 4007 1698 4070 orationes,
1731 4022 1869 4076 quas
1905 4021 2004 4076 pro

414 4098 524 4152 illis
575 4099 883 4160 emittebat,
911 4099 1051 4152 nihil
1105 4099 1207 4153 loci
1255 4099 1556 4153 haberent:
1591 4113 1762 4166 quare
1791 4112 1916 4151 cum
1947 4096 2002 4150 in

412 4190 724 4262 Evangeliis
757 4207 964 4261 pronus
992 4198 1045 4244 et
1075 4191 1443 4260 procumbens
1476 4191 1529 4244 in
1565 4191 1756 4244 faciem
1783 4189 2002 4258 jacens-

410 4297 515 4352 que
545 4298 735 4353 preces
778 4283 1072 4348 emitteret,
1116 4283 1338 4352 haecque
1379 4284 1645 4336 clamaret
1674 4299 1689 4336 :
1723 4280 1913 4347 Pater,
1948 4281 2000 4334 si

408 4375 658 4444 possibile
685 4385 783 4440 est,
812 4384 1046 4429 transeat
1074 4393 1104 4430 a
1146 4391 1226 4429 me
1255 4376 1398 4429 calix
1423 4375 1521 4428 iste
1550 4374 1590 4404 “
1615 4391 1628 4439 ;
1659 4373 1876 4437 deinde,
1907 4371 2000 4426 ubi

2125 1882 2256 1952 κρὸν
2321 1883 2752 1954 ἐπελευσομένην
2824 1884 3006 1948 αὑτοῖς
3049 1885 3217 1956 ὀργὴν
3249 1926 3264 1948 ,
3334 1886 3459 1954 ἥτις
3525 1889 3664 1942 αὐτῶν

2123 1972 2332 2043 ἀθρόως
2373 1973 2440 2027 τά
2495 1973 2668 2044 σεμνὰ
2715 1974 2894 2029 πάντα
2946 1974 3274 2046 ἐξηφάνισεν
3315 1993 3329 2007 ·
3381 1977 3456 2040 ὡς
3487 1977 3548 2031 τὰ
3580 1979 3662 2049 μὲν

2125 2067 2292 2134 ’Ἅγια
2328 2065 2436 2119 τῶν
2479 2065 2680 2134 ἁγίων,
2726 2067 2820 2119 καὶ
2859 2065 2920 2120 τὸ
2952 2066 3342 2139 θυσιαστήριον
3387 2070 3451 2122 ἐκ
3490 2069 3662 2142 βάθρων

2121 2157 2415 2210 ἀπολέσθαι
2441 2197 2456 2221 ,
2499 2156 2752 2227 βασιλέας
2798 2157 2854 2212 δὲ
2894 2159 3096 2222 αὐτῶν,
3144 2161 3278 2224 τοὺς
3318 2161 3386 2213 ἐκ
3431 2162 3662 2230 προγόνων

2119 2249 2371 2319 διαδοχῆς
2404 2251 2482 2312 είς
2504 2249 2681 2301 ἐκεῖνο
2714 2247 2908 2319 καιροῦ
2940 2248 3368 2320 διὰρκέσαντας,
3403 2250 3660 2320 καταλυθῆ-

2120 2362 2228 2408 ναι,
2274 2345 2374 2414 τήν
2414 2360 2473 2396 τε
2509 2343 2839 2413 αὐτονομίαν
2878 2343 3000 2396 καθ’
3033 2343 3101 2415 ἠν
3135 2343 3194 2410 ἐξ
3243 2345 3447 2408 αἰῶνος
3491 2343 3658 2416 μακροῦ

2119 2438 2528 2498 ἐπολιτεύοντο,
2566 2436 2660 2491 καὶ
2691 2436 2790 2505 τὴν
2837 2438 2978 2491 κατὰ
3025 2438 3220 2509 νόμους
3267 2437 3522 2509 λατρείαν
3553 2437 3657 2506 αὐτῇ

2120 2529 2385 2603 ἱερωσύνῃ
2436 2529 2530 2582 καὶ
2584 2531 2696 2592 τοῖς
2735 2530 2947 2593 λοιποῖς
2991 2529 3225 2600 ἡγεμόσι
3278 2547 3340 2583 τε
3388 2529 3554 2582 αὐτῶν
3591 2529 3658 2582 καὶ

2117 2621 2371 2694 ἄρχουσιν
2401 2619 2807 2692 ἀποσϐεσθῆναι
2827 2637 2840 2650 ο
2874 2619 2951 2684 ὡς
2982 2621 3116 2692 μηδὲ
3150 2622 3301 2692 ἴχνος
3326 2620 3500 2674 αὐτῶν
3529 2621 3655 2674 εἰσέτι

2117 2713 2211 2766 νῦν
2252 2711 2683 2785 περιλείπεσθαι.
2718 2714 2784 2764 Ἀ
2807 2711 2871 2783 δὴ
2906 2713 3083 2768 πάντα
3113 2713 3450 2767 πεπόνθασιν
3479 2712 3654 2782 ὑπὸτῆς

2115 2807 2284 2879 ὀργῆς
2312 2804 2408 2858 τοῦ
2440 2803 2599 2869 Θεοῦ,
2632 2806 2732 2876 τῆς
2767 2807 2868 2859 οὑκ
2895 2807 2975 2870 εἰς
3016 2806 3226 2879 μακρὸν
3261 2806 3405 2877 μετά
3438 2808 3497 2860 τὸ
3525 2805 3652 2867 πάθος

2117 2899 2280 2954 αὑτοῦ
2330 2899 2390 2952 τὸ
2437 2900 2545 2952 πᾶν
2598 2898 2779 2951 αὑτῶν
2830 2898 2981 2962 ἔθνος
3034 2898 3456 2970 καταλαϐούσης
3493 2897 3568 2952 διά
3604 2896 3652 2950 τὰ

2115 2991 2493 3062 τετολμημένα
2523 2992 2707 3054 αὑτοῖς
2729 2993 2849 3044 κατ’
2881 2989 3048 3044 αὑτοῦ
3069 3008 3081 3020 ·
3117 2991 3152 3044 ἃ.
3173 2991 3239 3062 δὴ
3273 2991 3460 3063 ἐδήλου
3487 2990 3650 3059 λέγων’

2127 3084 2252 3138 Ἐπ’
2283 3083 2388 3152 ἐμὲ
2428 3083 2682 3153 διῆλθον
2715 3088 2772 3138 αἱ
2823 3085 2992 3153 ὀργαί
3028 3099 3146 3138 σου
3181 3100 3196 3115 ο
3233 3084 3375 3136 ὡσεὶ
3399 3083 3568 3152 ἔλεγε,
3591 3078 3650 3133 Δι’

2108 3175 2214 3243 ἐμέ
2235 3191 2248 3206 ο
2284 3174 2317 3246 ἢ
2351 3174 2493 3229 κατά
2515 3175 2605 3228 τὸν
2632 3174 2949 3245 Σύμμαχον,
2975 3174 3057 3226 Δι’
3078 3174 3225 3243 ἐμοῦ
3248 3190 3264 3204 ⁸
3299 3172 3423 3227 ἐπεὶ
3447 3172 3530 3228 οιαὶ
3545 3171 3647 3224 κατὰ

2109 3267 2200 3320 τὸν
2226 3266 2397 3338 ἀληθῆ
2445 3267 2601 3335 λόγον
2642 3267 2713 3320 δι’
2730 3267 2892 3320 αὑτὸν
2925 3265 3097 3320 ταῦτα.
3131 3265 3317 3320 πάντα
3347 3264 3643 3319 πεπόνθασιν.

2123 3359 2282 3412 Ἀλλὰ
2329 3361 2424 3414 καὶ
2470 3359 2718 3433 προορῶν
2757 3359 2937 3412 αὑτῶν
2981 3359 3073 3412 τὸν
3115 3358 3236 3412 δλεθ
3249 3377 3343 3432 ρον
3384 3361 3576 3427 ἔλεγεν·
3601 3359 3645 3409 Ol

2109 3449 2461 3518 φοϐερισμοί
2505 3463 2622 3504 σου
2665 3447 3037 3516 ἐξετάραξάν
3079 3465 3176 3518 με.
3228 3450 3297 3502 Εἰ
3336 3449 3444 3520 γάρ
3488 3448 3567 3502 καὶ
3597 3446 3644 3498 τὰ

2113 3541 2349 3612 μάλιστα
2395 3541 2483 3596 διὰ
2521 3542 2620 3613 τὴν
2658 3542 3014 3613 ἀναισθησίαν
3057 3542 3157 3594 οὑκ
3207 3542 3502 3613 ἐτάραττον
3541 3539 3642 3593 ἐκεί·

2108 3651 2232 3698 νους
2268 3635 2317 3687 οἱ
2348 3633 2438 3686 διά
2476 3634 2584 3686 τῶν
2617 3635 2914 3706 προφητῶν
2955 3633 3348 3705 ἀπειλούμενοι
3373 3635 3487 3687 κατ’
3507 3631 3639 3686 αὑτῶν

2110 3724 2433 3796 φοϐερισμοὶ
2466 3723 2560 3778 τοῦ
2589 3724 2748 3788 Θεοῦ,
2797 3724 2912 3778 ἀλλ’
2941 3727 3061 3795 ἐμὲ,
3101 3725 3292 3795 φησὶν,
3334 3724 3532 3796 ὁρῶντα
3561 3722 3637 3774 τῶν

2108 3817 2356 3889 φοϐερῶν
2408 3835 2504 3870 σου
2551 3818 2725 3886 λόγων
2773 3819 2872 3882 τὰς
2913 3819 3200 3883 ἐκϐάσεις,
3238 3819 3575 3891 ὲξετάρασσον
3604 3814 3636 3866 cl

2107 3903 2430 3976 φοϐερισμοί
2461 3922 2576 3960 σου.
2611 3903 2802 3970 Οὖτως
2836 3902 2928 3960 οὖν
2968 3907 3056 3960 διὰ
3094 3908 3190 3972 τάς
3233 3910 3460 3962 ἐκείνων
3487 3910 3632 3961 δυσσε-

2106 3993 2260 4058 ϐείας
2291 3996 2630 4068 παρακαλῶν
2662 3998 2756 4052 τὸν
2796 3999 3018 4069 Πατέρα
3049 3999 3189 4070 ὑπὲρ
3213 4001 3422 4064 αὑτῶν,
3457 3999 3536 4053 καὶ
3563 3996 3632 4064 τὴν

2103 4083 2278 4156 ψυχὴν
2303 4086 2627 4157 ὑπεραλγῶν
2653 4088 2746 4140 καὶ
2777 4088 2844 4140 δι’
2873 4089 3071 4152 αὑτοὺς
3094 4091 3504 4162 ταραττόμενος,
3521 4086 3630 4155 περίο

2103 4176 2272 4238 λυπος
2309 4172 2377 4248 ἦν
2422 4177 2583 4251 μέχρι
2623 4178 2888 4233 θανάτουνο
2922 4181 3116 4252 ἐπειδὴ
3146 4180 3216 4234 τὰ
3254 4185 3357 4252 τῆς
3389 4179 3538 4251 ὀργῆς
3564 4173 3628 4227 τοῦ

2102 4269 2236 4323 Θεοῦ
2270 4269 2517 4341 σφοδρῶς
2549 4272 2802 4325 ἐπέκειτο
2833 4273 2956 4326 κατ’
2985 4275 3184 4336 αὑτῶν,
3219 4274 3301 4337 ὡς
3324 4274 3450 4345 μηδὲ
3475 4267 3628 4338 τυγχὰ-

2101 4379 2212 4415 νειν
2247 4362 2355 4416 τῶν
2387 4362 2582 4433 εὑχῶν,
2630 4357 2706 4418 ὧν
2734 4365 3050 4436 ἀνέπεμπεν
3084 4365 3224 4437 ὑπὲρ
3256 4366 3433 4420 αὐτῶν
3453 4382 3464 4394 ο
3500 4362 3553 4414 δι’
3572 4353 3622 4411 ὧν

409 4468 544 4520 vidit
571 4465 748 4522 Patris
771 4467 1104 4522 voluntatem
1135 4467 1399 4530 abnuere,
1424 4464 1731 4535 subiunxit,
1775 4462 1968 4517 Verum

2114 4454 2436 4526 παρακαλῶν
2475 4457 2568 4508 καὶ
2592 4456 2847 4526 δεόμενος
2876 4459 2934 4511 ἐν
2962 4460 3074 4520 τοῖς
3110 4458 3460 4526 Εὑαγγελίοις
3506 4466 3623 4522 προσ-

408 4565 582 4609 tamen
612 4573 715 4609 non
759 4558 893 4611 sicut
915 4573 1007 4625 ego
1035 4555 1173 4620 volo,
1205 4556 1294 4608 sed
1325 4557 1461 4610 sicut
1495 4555 1629 4607 tu”.
1660 4551 1726 4606 Et
1749 4551 1995 4606 secundo

407 4645 598 4700 abiens
625 4646 938 4715 procumbit
965 4647 1019 4699 in
1053 4645 1268 4709 faciem,
1288 4653 1342 4699 et
1375 4645 1460 4699 his
1487 4643 1667 4699 verbis
1696 4652 1816 4696 orat
1841 4661 1852 4696 :
1882 4639 1993 4695 Pa-

405 4746 504 4800 ter,
537 4737 584 4790 si
635 4735 885 4805 possibile
939 4753 1042 4791 non
1079 4748 1155 4790 est
1189 4746 1247 4788 ut
1275 4736 1358 4789 hic
1388 4743 1650 4797 transeat,
1684 4735 1786 4788 nisi
1819 4733 2014 4818 bibam.

403 4828 580 4892 illum,
619 4829 715 4898 ﬁat
747 4832 988 4882 voluntas
1023 4827 1215 4890 tua“;
1251 4842 1314 4879 at:
1336 4826 1496 4881 tertio
1529 4825 1809 4896 profectus
1839 4840 1996 4879 eum-

402 4920 525 4976 dem
585 4935 891 4976 sermonem
925 4921 1173 4989 protulit.
1201 4919 1381 4985 Quare
1411 4919 1650 4988 idipsum
1683 4918 1768 4972 his
1807 4916 1990 4972 verbis

401 5009 746 5081 significabat
774 5026 790 5064 :
823 5007 1042 5080 thuid,
1064 5009 1305 5076 Domine,
1327 5011 1533 5080 repellis
1553 5011 1787 5063 animam
1802 5025 1994 5066 meam,

399 5103 594 5156 avertis
650 5103 842 5171 [aciem
879 5110 1025 5154 tuam
1073 5120 1105 5155 a
1155 5106 1276 5158 me?
1300 5112 1354 5158 et
1388 5103 1543 5167 illud,
1566 5101 1631 5156 In
1655 5118 1736 5156 me
1759 5101 1988 5155 transie-

398 5203 524 5247 runt
572 5196 668 5248 ira:
737 5204 882 5258 ture,
954 5203 1179 5248 terrores
1237 5196 1314 5248 tui
1360 5193 1804 5249 conturbauerunt
1867 5209 1970 5247 me.

399 5283 604 5341 Videns
640 5295 820 5342 autem
849 5286 1006 5358 longe
1035 5300 1066 5339 a
1094 5286 1272 5341 salute
1317 5285 1413 5341 Dei
1444 5287 1719 5342 excidisse
1749 5301 1844 5341 eos
1876 5300 1976 5355 pro

399 5379 598 5446 quibus
645 5380 921 5436 orationes
973 5378 1307 5441 effundebat,
1341 5394 1441 5449 pro
1489 5380 1684 5436 iisdem
1727 5378 1828 5434 sibi
1875 5393 1973 5448 pa-

401 5480 540 5523 trum
579 5487 803 5526 suorum
834 5487 997 5528 causa
1025 5471 1847 5533 charissimisetdilectissimis.
1875 5471 1976 5525 di-

399 5561 554 5615 cebat
589 5583 599 5616 :
634 5562 911 5634 Elongasti
941 5583 972 5618 a
1001 5581 1083 5619 me
1110 5567 1337 5620 amicum
1363 5574 1412 5620 et
1435 5567 1755 5636 proximum,
1785 5575 1832 5619 et
1879 5582 1971 5618 no.

472 5740 513 5767 ι’
555 5735 656 5791 lsa.
694 5753 817 5800 LIII,
857 5740 907 5792 5.
988 5742 1020 5770 ”
1073 5739 1258 5797 Matth.
1302 5757 1427 5795 xxvi
1455 5783 1468 5808 ,
1507 5743 1594 5798 ὄρ.
1675 5743 1717 5774 ¹¹
1761 5741 1896 5796 ibid.

2104 4547 2334 4599 έπιπτεν
2377 4548 2591 4618 πρηνής
2627 4565 2686 4601 τε
2729 4549 2869 4603 κατά
2917 4549 3209 4622 προσώπου
3246 4549 3484 4620 κείμενος
3503 4541 3618 4600 ἐϐόα.

2105 4636 2323 4706 Πάτερ,
2357 4637 2550 4707 λέγων,
2593 4641 2646 4692 εὶ
2677 4639 2962 4705 δυνατὸν,
2998 4641 3339 4709 παρελθέτω
3381 4637 3441 4693 τὸ
3487 4632 3617 4695 ποτή-

2094 4747 2232 4797 ριον
2276 4729 2452 4784 τοῦτο
2495 4731 2597 4784 ἀπ’
2628 4731 2774 4800 ἐμοῦ
2799 4749 2810 4760 ·
2847 4727 2944 4785 εἷθ’
2982 4731 3124 4803 ὁρῶν
3170 4731 3514 4786 ἀνανεύουοαν
3549 4721 3614 4789 τὴν

2102 4821 2296 4895 βουλὴν
2337 4821 2432 4876 τοῦ
2485 4823 2699 4896 Πατρὸς
2718 4864 2731 4885 ,
2781 4824 3015 4894 ἐπέφερε
3036 4842 3049 4854 ·
3083 4823 3258 4891 Πλὴν
3285 4822 3416 4877 ἀλλ’
3439 4821 3531 4886 οὐχ
3559 4814 3612 4875 ὡς

2098 4914 2213 4983 ἐγὼ
2239 4914 2412 4980 θέλω,
2446 4917 2584 4970 ἀλλ’
2619 4917 2699 4983 ὡς
2723 4918 2824 4970 σύ.
2861 4918 2971 4971 Καὶ
3003 4917 3252 4989 δεύτερον
3285 4913 3526 4972 ἀπελθὼν,
3547 4905 3609 4959 ἐπὶ

2103 5009 2395 5080 πρόσωπον
2433 5010 2642 5074 πίπτει,
2689 5010 2782 5064 καὶ
2817 5009 3181 5080 προσεύχεται
3213 5010 3410 5078 λέγων·
3445 5001 3603 5064 Πάτερ

2094 5104 2147 5155 εὶ
2175 5104 2246 5156 οὺ
2277 5101 2525 5156 δύναται
2554 5102 2729 5156 τοῦτο
2755 5102 3092 5171 παρελθεῖν,
3121 5101 3229 5155 ἐὰν
3245 5101 3331 5171 μὴ
3359 5095 3486 5152 αὐτὸ
3508 5091 3601 5146 πίω»

2089 5196 2394 5267 γενηθήτω
2409 5197 2473 5250 τὸ
2495 5194 2726 5266 θέλημὰ
2737 5214 2852 5251 σου
2874 5212 2887 5224 ·
2911 5197 3003 5249 καὶ
3014 5197 3196 5268 τρίτον
3211 5196 3266 5248 δὲ
3281 5183 3599 5265 πορευθεπςὺν

2095 5289 2256 5342 αὑτὸν
2271 5289 2425 5357 λόγον
2443 5288 2650 5360 προὺφε
2660 5305 2733 5360 ρε.
2760 5288 2850 5340 Διὸ
2872 5287 2934 5358 δὴ
2948 5287 3119 5340 ταῦτα
3155 5285 3418 5358 σημαίνων
3439 5273 3521 5332 Ακαὶ
3537 5271 3596 5326 διὰ

2081 5380 2192 5434 τῶν
2212 5381 2584 5452 προκειμένων
2595 5381 2778 5450 ἔλεγεν
2793 5398 2807 5410 ο
2828 5381 2886 5434 ’Ἰ
2886 5397 2960 5433 να
2976 5380 3033 5432 τί
3049 5419 3064 5443 ,
3086 5370 3503 5447 Κύριε,ἀπωθεῑς
3515 5363 3593 5452 till

2080 5449 2293 5541 Ψυχήί⁴
2314 5449 2453 5542 μού,
2492 5449 2891 5542 ἀποστρέφεις
2931 5471 2997 5525 τὸ
3046 5470 3361 5538 πρόσωπόν
3389 5479 3486 5518 σου
3517 5449 3589 5556 d1:

2079 5564 2262 5635 ἐμοῦ;
2298 5566 2392 5620 καὶ⁸
2419 5565 2508 5632 τὸ,
2551 5567 2678 5620 Ἐπ’
2718 5565 2822 5635 ἐμὲ
2861 5563 3108 5632 διῆλθον
3150 5568 3208 5617 αἱ
3244 5560 3396 5630 (τρῃαὶ
3420 5557 3582 5612 σου,οί

1981 5742 2022 5774 ¹³
2065 5740 2197 5798 ibid.
2238 5741 2326 5794 42.

3739 4113 3741 4157 l

3731 4519 3733 4565 l

3725 4819 3727 4871 Ι

3721 4903 3725 4988 l

3721 4991 3723 5075 ί

3720 5081 3721 5159 l

3739 4113 3741 4157 Ι

3731 4519 3733 4565 |

3725 4819 3727 4871 Ι

3721 4903 3725 4988 l

3715 5081 3721 5379 ί

3711 5397 3715 5481 ι

3711 5495 3713 5583 ι

3709 5597 3711 5685 ι

3705 5705 3709 5787 4

3703 5807 3707 5908 ι

3702 5909 3705 5991 ι

3702 6019 3703 6093 1
