3798 6282
149 327 270 386 1069
1283 324 1682 381 ΟΟΜΜΕΝΤΑΙ

1860 329 1899 384 N
1938 327 2278 415 PSA-LMOS.
2715 328 2718 330 ‘
3247 339 3384 393 1070

145 436 462 512 ροϐερισμοί
494 451 611 491 σου
639 437 1010 506 ἑξετιὶραξιίν
1031 457 1128 509 με.
1177 441 1350 513 Ὁρῶν
1382 443 1437 497 δὲ
1474 447 1682 518 μακράκ

1860 470 1875 501 ς
1935 467 2076 504 meos
2132 467 2164 502 a
2223 449 2455 504 miseria.
2489 450 2699 505 Iudicat
2729 461 2908 508 autem
2943 469 3038 509 eos
3071 454 3124 508 in
3154 453 3382 511 Judaica

146 530 478 590 ἐκπίπτοντας
510 528 608 598 τῆς
659 527 751 581 τοῦ
796 528 932 582 Θεοῦ
980 531 1254 603 σωτηρίας
1294 534 1421 597 τοὺς
1448 535 1588 606 ὑπὲρ
1617 530 1682 590 ὧι

1860 550 1961 597 ante
1983 544 2076 613 qui
2108 542 2318 612 pridem
2341 543 2463 596 noti
2499 543 2599 597 sibi
2625 554 2677 598 et
2697 548 2856 600 amici
2879 554 3086 612 essent,
3120 548 3381 616 quoniam

144 623 229 685 τὰς
258 618 412 690 εὐχὰς
442 619 676 673 ἐποιεῖτο
709 621 996 692 φιλτάτους
1035 622 1195 688 ὄντας
1229 624 1392 678 αὐτοῦ
1437 627 1532 680 καὶ
1563 628 1682 696 ἀγα.

1860 633 1984 685 »τῑίο
2012 639 2066 685 et
2096 632 2390 687 haereditas
2437 631 2612 701 ipsius
2646 643 2824 697 erant,
2863 637 2958 689 sed
2989 640 3059 690 ob
3092 650 3248 691 suam
3291 636 3382 691 in-

143 714 326 783 πητοὺς
351 710 436 764 διά
461 712 587 776 τοὺς
612 713 875 785 πατέρας,
921 715 1104 785 ἔλεγεν
1121 733 1134 746 ·
1180 716 1556 786 Ἐμάκρυνας
1589 719 1682 773 ἀπ’

1860 723 2179 778 'edulilatem
2211 740 2340 778 vere
2365 725 2552 794 procul
2589 725 2658 778 ab
2684 740 2750 779 eo
2781 727 2976 780 remoti
3008 734 3172 794 sunt;
3206 735 3260 782 et
3285 728 3380 799 qui

137 803 266 873 ἐμοῦ
293 803 470 872 φίλον
494 804 592 857 καί
628 807 914 873 πλησίον,
941 809 1038 862 καὶ
1070 810 1212 876 τοὺς
1243 815 1552 880 τνωστούς
1569 832 1682 884 μου

1860 815 1929 869 im
1952 817 2113 870 amici
2151 815 2389 881 fuerant,
2419 832 2540 872 sese
2564 817 2821 872 inimicos
2857 819 3297 886 constituerunt;
3326 829 3382 876 et

137 896 239 948 ἀπὸ
271 895 684 963 ταλαιπωρίας.
727 899 888 968 Δηλοί
926 899 982 952 δὲ
1022 901 1144 965 τοὺς
1167 904 1224 955 ἐν
1252 903 1331 976 τῷ
1368 905 1510 960 ἔθνει
1549 923 1682 974 γνω-

1860 922 1923 960 Im
1964 907 2080 962 noti
2109 907 2230 976 ejus
2270 915 2484 971 essent,
2523 907 2832 962 venientem
2865 909 3042 976 ipsum
3069 924 3177 962 non
3211 925 3381 964 nove-

140 989 280 1050 στοὺς
296 986 449 1050 ὄντας
473 988 638 1042 αὐτοῦ
668 991 930 1063 πρότερον
956 995 1048 1048 καὶ
1069 994 1282 1063 φίλους·
1318 997 1439 1052 ἐπεὶ
1467 1000 1562 1052 καὶ
1595 1000 1682 1070 μέ-

1867 1005 1946 1064 nt,
1973 1013 2149 1067 neque
2179 1005 2562 1066 susceperunt.
2599 994 2842 1062 Quorum
2872 998 3113 1052 omnium
3149 1015 3316 1054 causa
3350 1015 3380 1054 a

137 1097 215 1150 ρος
237 1076 368 1152 ἦσαν
394 1081 558 1134 αὐτοῦ
596 1084 690 1136 καὶ
723 1084 1054 1159 κληρονομία
1074 1106 1088 1118 ·
1123 1088 1238 1142 ἀλλ’
1266 1090 1682 1162 ἐμακρύνθησαν

1860 1105 1906 1143 :0
1954 1090 2114 1159 longe
2158 1088 2287 1143 facti
2320 1096 2470 1153 sunt,
2505 1088 2577 1142 ob
2605 1087 2879 1144 miseriam
2911 1085 3166 1146 videlicet
3199 1107 3377 1146 suam.

134 1170 329 1240 ἀληθῶς
371 1172 463 1225 ἀπ’
509 1174 672 1227 αὐτοῦ
723 1176 812 1230 διὰ
865 1179 963 1250 τῆς
1004 1180 1212 1233 ἑαυτῶν
1249 1183 1543 1247 ἀπιστίαςο
1593 1185 1682 1236 καὶ

1860 1198 1889 1238 c
1923 1183 2090 1254 igitur
2109 1197 2138 1236 a
2162 1182 2271 1236 Deo
2294 1181 2616 1236 exciderunt
2648 1182 2947 1237 secundum
2973 1183 3104 1237 illud
3128 1184 3332 1237 dictum
3361 1203 3374 1237 :

133 1262 280 1315 πάλαι
327 1264 475 1330 ὄντες
524 1266 693 1334 φίλοι,
747 1269 976 1343 ἐχθροὺς
1022 1274 1248 1338 ἑαυτοὺς
1302 1275 1682 1346 κατέστησαν·

1860 1276 2061 1329 ιοηίαηι
2083 1277 2172 1346 qui
2201 1275 2448 1345 elongant
2480 1293 2534 1330 se
2575 1294 2608 1330 a
2637 1285 2684 1330 te
2709 1279 2950 1346 peribunt
2971 1277 3034 1330 ”.
3069 1277 3246 1347 Atque
3272 1277 3380 1332 huc

129 1351 211 1404 καὶ
236 1354 458 1420 γνωστοὶ
496 1357 856 1430 τυγχάνοντες
894 1362 1080 1428 αὐτοῦ,
1129 1365 1353 1420 ἐλθόντα
1393 1368 1555 1420 αὑτὸν
1583 1369 1682 1421 οὐκ

1864 1370 2053 1424 sinunt
2076 1370 2270 1439 psalmi
2292 1368 2556 1423 Filiorum
2587 1369 2721 1424 Core
2750 1371 3022 1440 inscripti.

126 1444 420 1514 ἐπέγνωσαν
441 1490 455 1513 ,
510 1451 632 1504 οὐδὲ
681 1455 1063 1526 παρεδέξαντο.
1113 1452 1213 1512 Ὧν
1263 1460 1425 1514 ’ἑνεκα
1469 1463 1684 1516 πάντων
1724 1466 1820 1518 καὶ
1850 1465 1958 1517 ἀπὸ
1987 1463 2079 1517 τοῦ
2125 1463 2261 1517 Θεοῦ
2293 1463 2714 1534 ἐμακρύνθησαν
2742 1463 2807 1515 δι’
2833 1465 3011 1516 αἰτίαν
3041 1463 3142 1533 τῆς
3173 1463 3380 1517 ἑαυτῶν

125 1536 496 1611 ταλαιπωρίας.
563 1542 719 1596 Οὕτω
781 1545 825 1598 δ’
900 1545 994 1602 οῦν
1048 1551 1140 1603 καὶ
1199 1555 1588 1607 ἐκπεπτώκασι
1643 1555 1736 1608 τοῦ
1777 1555 1912 1609 Θεοῦ
1945 1555 2172 1610 κατὰτὸ
2231 1554 2437 1624 φάσκον
2472 1556 2672 1624 λόγιον,
2714 1556 2830 1608 Ὅτι
2874 1558 2928 1607 οἱ
2965 1557 3379 1624 μακρύνοντες

123 1631 354 1701 ἑαυτοὺς
413 1637 533 1691 ἀπὸ
581 1640 699 1694 σοῦ
734 1643 1120 1701 ἀπολοῦνται.
1158 1649 1266 1702 Καὶ
1307 1651 1387 1713 εἰς
1423 1650 1582 1704 τοῦτο
1624 1651 2020 1724 καταλήγουσιν
2059 1655 2107 1705 οἱ
2145 1653 2614 1724 ἐπιγεγραμμένοι
2657 1652 2764 1706 τῶν
2803 1651 2950 1706 υἱῶν
2968 1652 3118 1720 Κορὲ
3150 1653 3374 1723 ψαλμοί.

247 1776 598 1833 ΣΥΝΕΣΕΩΣ
633 1782 844 1837 ΑΙΘΑΝ
882 1785 969 1856 Τῼ
1008 1787 1362 1862 ΕΣΔΡΑΙΤῌ.
1410 1790 1542 1846 ΠΗ¹.

185 1913 253 1968 Τὰ
285 1915 424 1985 ἐλέη
458 1918 565 1971 τοῦ
593 1922 814 1988 Kvpt'o-v
848 1927 934 1992 είς
969 1927 1076 1981 τὸν
1099 1928 1282 1983 αἰῶνα
1307 1929 1544 2002 ᾄσομαι.
1584 1934 1686 2001 Εἰς

116 2011 310 2075 γενεὰν
354 2011 454 2064 καὶ
498 2015 714 2081 γενεὰν
755 2018 1072 2088 ἀπαγγελῶ
1098 2022 1216 2090 τὴν
1254 2024 1545 2094 ἀλήθειάν
1567 2044 1682 2083 σου

115 2101 174 2151 ἐν
196 2099 269 2166 τῷ
309 2104 566 2173 στόματί
597 2125 736 2175 μου.
757 2110 972 2182 Ἐπειδὴ
1004 2113 1206 2183 προῖὼν
1229 2113 1356 2185 ἑξῆς
1387 2115 1567 2187 μέλλει
1594 2117 1682 2170 λέ-

112 2209 246 2260 γειν·
282 2197 407 2250 Ποῦ
447 2202 567 2252 εισι
604 2199 678 2254 τὰ
717 2202 855 2271 eam
898 2219 1015 2258 σου
1053 2205 1124 2259 τὰ
1157 2207 1392 2276 ἀρχαῖα,
1427 2211 1621 2278 Κύριε,
1645 2210 1684 2265 ἂ

111 2283 332 2354 ὤμοσας
351 2285 431 2352 τῷ
453 2290 637 2343 Δαυῒδ
656 2293 726 2344 ἐν
747 2292 819 2361 τῇ
841 2295 1090 2363 ἀληθείᾳ
1112 2313 1261 2361 σου;
1282 2299 1682 2372 προθεραπεύει

107 2375 161 2428 τὸ
188 2377 372 2446 μέλλον
405 2382 744 2454 ῥηθήσεσθαι
771 2385 858 2439 διὰ
882 2387 991 2440 τῶν
1026 2391 1426 2461 προκειμένων,
1456 2392 1681 2464 δυνάμει

107 2467 249 2520 τοῦτο
289 2469 502 2539 λέγων·
547 2474 610 2526 Ei
648 2476 743 2529 καὶ
785 2477 853 2530 τὰ
897 2479 1210 2552 ἀνθρώπινα
1259 2484 1559 2556 πράγματα
1583 2486 1682 2557 τὴν

105 2559 230 2628 ἐμὴν
257 2559 435 2634 ψυχὴν
465 2563 546 2626 εἰς
571 2565 878 2636 ἀμηχανίαν
901 2569 1206 2640 ἐμϐαλόντα
1240 2573 1516 2644 ταράττει,
1539 2573 1682 2644 ἴλιγ-

105 2651 188 2718 γόν
215 2653 272 2705 τέ
301 2673 394 2725 μοι
431 2657 530 2709 καὶ
556 2658 790 2732 ἀπορίαν
820 2662 1055 2732 ἐμποιεῖ,
1087 2664 1194 2718 τῶν
1227 2667 1356 2728 σῶν,
1398 2661 1443 2720 ὦ
1486 2667 1677 2740 Κύριε,

104 2746 391 2818 χριμάτων,
427 2748 506 2812 ὡς
533 2749 745 2819 μέλλειν
783 2755 976 2824 μικρὸν
1002 2755 1226 2830 ὕστερον
1253 2760 1565 2834 ἁποτολμᾷν
1587 2763 1681 2816 καὶ

102 2837 328 2908 ἀπορεῖν,
358 2840 508 2913 ὑπὲρ
552 2836 627 2896 ὧν
677 2845 741 2897 σὺ
786 2845 884 2915 μὲν
928 2848 956 2898 ὁ
998 2849 1234 2922 ἀψευδὴς
1253 2851 1387 2916 Θεὸς
1423 2853 1560 2925 πρὸς
1588 2854 1679 2908 τὸν

99 2927 249 2982 Δαυῒδ
275 2933 626 3001 ἐπαγγελιῶν
647 2935 943 3009 πεποίησαι
965 2954 976 2966 ·
1002 2940 1258 2996 τάναντία
1283 2943 1340 2996 δὲ
1363 2944 1678 3018 συμϐέϐηκε

97 3023 208 3085 ταῖς
239 3027 360 3087 σαῖς
397 3026 764 3096 ὑποσχέσεσι·
799 3028 878 3081 διὸ
926 3031 1021 3083 καὶ
1067 3032 1244 3102 μέλλω
1291 3035 1470 3106 λέγειν
1496 3055 1510 3069 ’
1551 3039 1677 3093 Ποῦ

95 3115 202 3166 εἱσι
226 3117 295 3170 τὰ
332 3116 482 3185 ἑλέ-η
504 3135 622 3173 σου
646 3121 718 3175 τὰ
751 3121 987 3190 ἀρχαῖα,
1018 3125 1230 3192 Κύριε;
1256 3127 1368 3180 ἀλλ’
1403 3131 1551 3200 ὅμως
1583 3150 1678 3184 πε-

96 3207 398 3276 πεισμένος,
426 3209 512 3262 ὄτι
545 3210 619 3280 μὴ
644 3211 994 3282 διαψεύσεταί
1028 3232 1118 3268 σου
1148 3219 1181 3288 ἡ
1213 3220 1534 3288 ἐπαγγελία,
1559 3225 1680 3278 οὐδὲ

91 3297 420 3354 διαπεσεῖται
456 3303 492 3372 ἡ
522 3301 617 3355 τοῦ
649 3302 745 3356 σοῦ
778 3304 936 3374 λόγου
959 3307 1205 3380 ἀλήθεια,
1241 3312 1528 3385 προλαϐὼν
1554 3317 1679 3380 τοὺς

96 3391 380 3461 μέλλοντας
425 3395 489 3460 ἐξ
528 3395 876 3470 ἀνθρωπίνης
905 3400 1191 3468 ἀσθενείας
1217 3404 1550 3477 ῥηθήσεσθαι
1587 3427 1678 3480 μοι

90 3482 290 3553 λόγους,
319 3488 423 3561 τὴν
454 3491 697 3560 ἐμαυτοῦ
721 3492 902 3546 πίστιν
921 3495 1016 3550 καὶ
1039 3497 1098 3548 τὸ
1125 3497 1346 3563 εὐσεϐὲς
1383 3501 1482 3572 τῆς
1506 3501 1676 3573 ἐμαυ-

89 3576 173 3630 τοῦ
222 3578 459 3652 γνώμης
502 3584 1008 3655 προασφαλίςομαι’
1061 3586 1141 3640 διό
1193 3604 1364 3661 φημιο
1421 3592 1497 3645 Τὰ
1535 3593 1675 3661 ἑλέη

86 3683 212 3734 σου,
236 3673 442 3740 Κύριε,
477 3676 566 3739 εἰς
592 3674 698 3727 τὸν
718 3675 903 3729 αἰῶνα
925 3675 1165 3747 ᾄσομαι.
1200 3681 1274 3732 Οὐ
1319 3681 1426 3756 γὰρ
1460 3681 1556 3736 νῦν
1581 3684 1679 3754 μό-

87 3776 186 3824 νον,
218 3763 307 3816 ὄτε
329 3764 514 3819 ταῦτα
545 3765 692 3820 λαλῶ
723 3769 815 3822 καὶ
847 3769 1174 3842 φθέγγομαι,
1199 3770 1267 3824 τὰ
1295 3773 1418 3844 ἑλέη
1444 3775 1538 3828 τοῦ
1565 3777 1677 3829 Κυ-

85 3853 194 3922 ρίου
217 3855 454 3929 ᾄσομαι,
490 3859 625 3914 ἀλλὰ
653 3863 748 3916 καὶ
792 3865 850 3916 ἐν
881 3867 994 3928 τοῖς
1046 3863 1520 3937 σκυθρωποτέροις
1551 3885 1674 3922 και-

86 3949 212 4014 ροῖς,
234 3951 331 4003 καὶ
361 3953 424 4004 ἐν
447 3953 628 4017 αὐτοῖς
656 3953 884 4019 ἐκείνοις
912 3957 976 4010 δι’
996 3957 1089 4022 οὓς
1115 3958 1292 4031 μέλλω
1318 3959 1497 4028 λέγειν
1517 3975 1530 3987 ⁸
1549 3960 1675 4014 Ποῦ

81 4039 191 4092 εισι
231 4041 307 4095 τὰ
348 4042 499 4111 ὲλέη
535 4060 651 4098 σου
672 4046 744 4099 τὰ
769 4046 1006 4114 ἀρχαῖα,
1033 4050 1243 4117 Κύριε;
1273 4051 1380 4104 Καὶ
1414 4051 1535 4104 τότε
1568 4052 1676 4125 γὰρ

80 4131 167 4182 καὶ
211 4134 294 4196 εἰς
341 4134 438 4186 τὸν
482 4135 620 4204 μετὰ
659 4135 829 4190 ταῦτα
863 4140 1074 4210 χρόνον,
1107 4139 1201 4195 καὶ
1235 4141 1323 4195 διὰ
1353 4143 1554 4208 παντὸς
1579 4143 1674 4197 τοῦ

77 4218 270 4285 αἰῶνος
306 4222 370 4275 οὐ
418 4225 701 4295 παύσομαι
752 4227 1004 4298 ἀνυμνῶν
1044 4229 1114 4285 τά
1147 4231 1273 4303 ὲλὲη
1317 4250 1432 4298 σου,
1479 4233 1672 4306 Κύριε,

77 4308 321 4380 ἀκριϐῶς
356 4313 538 4379 εἰδὼς,
577 4316 660 4370 ὅτι
684 4355 699 4380 ,
729 4317 874 4385 ἅπαξ
897 4320 1359 4394 ἐπαγγειλάμενος
1388 4324 1482 4388 τὰς
1515 4327 1572 4380 ἑν
1597 4325 1675 4396 τῷ

73 4398 269 4474 ψαλμῷ
304 4405 672 4476 προφητείας,
708 4408 770 4462 οὐ
794 4407 1124 4480 διαψεύσεις,
1157 4412 1250 4466 ἆτε
1275 4413 1408 4478 Θεὸς
1442 4413 1516 4468 ὣν
1548 4416 1671 4488 ἀλη-

78 4490 194 4562 θής.
214 4495 434 4570 Διόπερ
449 4497 510 4550 οὐ
532 4497 690 4568 μόνον
711 4500 780 4553 τὰ
792 4501 916 4574 ἐλὲη
943 4520 1057 4567 σου,
1077 4503 1268 4575 Κύριε,
1294 4508 1374 4570 εἰς
1394 4507 1484 4561 τὸν
1498 4507 1670 4562 αἰῶνα

71 4583 297 4656 ᾄσομαι,
336 4587 480 4642 ἀλλὰ
505 4591 598 4644 καὶ
623 4591 721 4662 τὴν
747 4592 1004 4662 ἀλήθειάν
1036 4611 1128 4647 σου
1160 4595 1282 4648 καθ’
1314 4597 1552 4669 ἑκάστην
1577 4615 1670 4666 γε·

71 4675 194 4732 νεὰν
223 4679 557 4748 ἀπαγγελῶ.
585 4682 648 4737 Ei
671 4682 778 4755 γὰρ
807 4684 899 4736 καὶ
924 4683 991 4740 τὰ
1026 4684 1261 4756 μάλιστα
1294 4688 1514 4745 τοιαῦτά
1548 4709 1672 4746 τινα

71 4768 278 4836 μεταξὺ
309 4772 629 4842 γενήσεται,
661 4773 736 4838 ὡς
772 4775 937 4841 δοκεῖ,
976 4778 1194 4830 ἐναντία
1221 4782 1341 4842 ταῖς
1374 4784 1494 4845 σαῖς
1534 4781 1671 4854 πρὸς

66 4859 156 4910 τὸν
197 4861 372 4915 Δαυῖδ
419 4865 773 4934 ἐπαγγελίαις
805 4868 1142 4939 συμϐαίνειν,
1184 4871 1320 4925 ἀλλὰ
1361 4874 1454 4926 καὶ
1498 4872 1671 4938 οὕτως

65 4949 176 5017 ἐγὼ
212 4953 594 5019 πεπίστευκα,
629 4959 724 5011 καὶ
750 4959 966 5030 ἀληθῶς
1017 4963 1256 5032 ἐμαυτὸν
1301 4963 1554 5029 πέπεικα,
1590 4967 1671 5020 ὅτι
1714 5027 1723 5032 _

63 5040 171 5093 τῶν
199 5043 387 5112 λόγων
423 5062 538 5112 σου,
568 5041 613 5100 ὦ
643 5049 837 5120 Κύριε,
873 5053 906 5122 ἡ
939 5052 1166 5126 ἀλήθεια
1198 5056 1450 5110 οὐδέποτε
1483 5057 1667 5113 διαπε-

63 5133 260 5189 σεῖται.
320 5134 532 5209 Διόπερ
580 5139 669 5192 τὸν
716 5142 894 5195 πάντα
932 5161 1032 5214 μου
1065 5146 1254 5217 χρόνον
1285 5147 1384 5217 τῆς
1417 5147 1562 5220 ζωῆς
1603 5151 1664 5202 οὐ

61 5224 356 5295 παύσομαι
391 5229 454 5279 ἐν
483 5228 560 5300 τῷ
589 5231 817 5302 στόματί
846 5250 946 5304 μου
967 5235 1065 5306 τὴν
1091 5235 1348 5307 ἀλήθειάν
1370 5254 1462 5290 σου
1488 5240 1665 5307 ἀπαγ-

60 5315 294 5382 γέλλων.
317 5318 488 5375 Ἀλλά
509 5323 600 5376 καὶ
624 5324 954 5398 παραδιδοὺς
973 5330 1039 5399 τῇ
1072 5329 1309 5400 ἐμαυτοῦ
1331 5335 1516 5405 γραφῇ
1536 5332 1666 5385 ταύ-

57 5425 156 5478 την
192 5411 528 5482 καταλείψω
562 5420 673 5480 τοῖς
714 5421 1214 5493 μεταγενεστέροις,
1242 5425 1323 5487 εἰς
1353 5424 1415 5477 τὸ
1443 5425 1536 5478 καὶ¹
1570 5425 1668 5477 αὐ-

55 5502 184 5567 τοὺς
215 5504 584 5560 διδάσκεσθαί
619 5527 679 5562 τε
709 5511 800 5563 καὶ
843 5510 1132 5579 μανθάνειν
1154 5514 1354 5585 ὁμοίως
1387 5515 1510 5586 ἐμοὶ
1543 5515 1665 5569 καθ’

59 5595 310 5667 ἑκάστην
343 5599 546 5666 γενεὰν
570 5601 667 5672 τὴν
699 5602 956 5675 ἀλήθειάν
987 5623 1080 5660 σου
1121 5605 1210 5663 διὰ
1255 5607 1519 5678 στόματος
1569 5608 1666 5679 φέ-

136 5753 184 5785 ¹⁸
216 5753 378 5810 Psal.
421 5760 602 5822 Lxxu‘,
635 5755 726 5812 27.

1720 1832 1760 1884 Β

1702 4549 1747 4602 D

1793 1791 1842 1844 1.
1870 1790 2346 1846 INTELLECTUS
2371 1789 2629 1847 JETHAN
2657 1788 3048 1844 EZRAITJEJ.
3087 1789 3373 1848 XXXVIII.

1860 1924 2029 1980 Vsus.
2072 1924 2127 1978 2.
2171 1924 2573 1979 Misericordias
2604 1925 2818 1978 Domini
2859 1925 2913 1977 in
2946 1935 3199 1979 reternum
3247 1942 3375 1980 can-

1788 2019 1934 2074 tabo.
1975 2018 2042 2073 In
2081 2019 2473 2091 generationem
2515 2027 2564 2071 et
2610 2017 2998 2088 generationem
3047 2017 3373 2071 annuntiabo

1787 2115 2058 2168 veritatem
2089 2122 2234 2165 tuam
2264 2113 2317 2165 in
2344 2127 2431 2165 ore
2461 2128 2593 2164 meo.
2627 2110 2897 2176 Quoniam
2929 2110 2982 2164 in
3017 2110 3373 2179 sequentibus

1786 2206 2034 2258 dicturus
2083 2211 2189 2265 est,
2237 2201 2338 2255 Ubi
2369 2209 2492 2255 sunt
2543 2199 2924 2253 misericordia:
2966 2206 3074 2252 ture
3115 2197 3368 2267 antiquw,

1786 2298 2031 2359 Domine,
2066 2313 2198 2366 quas
2215 2295 2423 2364 jurasti
2452 2292 2624 2346 David
2655 2293 2716 2345 in
2739 2291 2955 2345 veritate
2978 2292 3110 2345 tua?
3145 2289 3213 2344 iis
3250 2303 3372 2358 quae

1788 2396 1977 2460 postea
2027 2388 2270 2459 proferet
2318 2387 2432 2457 jam
2482 2383 2818 2455 respondere
2859 2383 3170 2445 antevertit,
3221 2398 3286 2437 ac
3323 2383 3369 2437 si

1786 2482 1994 2537 diceret
2025 2500 2038 2535 :
2073 2479 2303 2534 Etiamsi
2325 2479 2578 2532 humanae
2606 2493 2696 2532 res
2715 2476 2954 2530 animam
2979 2491 3155 2530 meam
3189 2475 3243 2528 in
3272 2491 3372 2528 an-

1784 2574 2022 2645 gustiam
2062 2580 2116 2626 et
2146 2570 2544 2626 dubitationem
2595 2568 2897 2637 conjic‘iant
2928 2581 2992 2620 ac
3024 2567 3368 2636 perturbent,

1785 2665 2127 2736 caligineque
2176 2678 2264 2718 me
2317 2671 2372 2717 et
2428 2660 2773 2716 haesitatione
2827 2656 3064 2712 adiciant
3115 2659 3188 2713 ob
3233 2665 3366 2721 tua,

1784 2772 1818 2810 ο
1842 2755 2089 2818 Domine,
2128 2753 2372 2824 judicia;
2410 2753 2485 2806 ita
2515 2761 2574 2806 ut
2604 2765 2731 2804 mox
2761 2751 3117 2820 quaestionem
3150 2764 3370 2804 movere

1784 2849 1961 2904 ausim
1987 2848 2054 2902 de
2091 2847 2402 2917 promissis,
2433 2861 2557 2915 qua:
2587 2851 2645 2898 tu
2684 2843 2828 2898 Deus
2870 2841 3139 2897 mendacii
3169 2858 3369 2912 expers

1784 2939 1974 2996 Davidi
2010 2939 2246 3004 dedisti;
2280 2946 2334 2993 et
2366 2945 2550 2990 tamen
2580 2934 3074 3006 pollicitationibus
3099 2934 3209 2988 tuis
3235 2950 3370 2988 con-

1783 3033 1951 3087 traria
1999 3031 2336 3095 acciderunt,
2381 3027 2739 3099 quamobrem
2791 3026 3041 3081 dicturus
3084 3040 3230 3091 sum,
3268 3025 3369 3079 Ubi

1782 3136 1908 3179 sunt
1952 3123 2334 3179 misericordia:
2366 3131 2472 3175 tua:
2506 3120 2759 3190 antiqua),
2794 3117 3058 3174 Domine?
3089 3128 3370 3172 verumta-

1785 3235 1910 3275 men
1948 3226 2136 3273 certus
2166 3216 2590 3287 promissionem
2636 3223 2784 3267 tuam
2812 3225 2922 3266 non
2971 3212 3183 3266 irritam
3225 3211 3364 3277 fore,

1782 3327 1962 3382 neque
2002 3310 2272 3367 sermonis
2319 3307 2397 3362 tui
2441 3307 2726 3363 veritatem
2762 3305 3038 3374 lapsuram
3071 3318 3216 3369 esse,
3247 3320 3368 3359 ser-

1783 3418 1976 3459 mones
2008 3417 2148 3474 quos
2177 3417 2242 3457 ex
2276 3402 2515 3455 humana
2549 3399 2864 3453 inﬁrmitate
2891 3397 3208 3468 prolaturus
3246 3413 3366 3452 sum

1781 3503 2151 3569 praeverteris,
2205 3495 2367 3549 ﬁdem
2424 3508 2601 3548 meam
2658 3499 2716 3547 et
2762 3491 3020 3560 pietatem
3083 3490 3370 3545 sententia:

1780 3607 1916 3646 mea:
1956 3590 2113 3661 prius
2155 3587 2439 3658 proﬁteor,
2484 3600 2548 3639 ac
2584 3585 2730 3651 dico,
2771 3581 3169 3637 Misericordiae
3221 3591 3363 3645 tuas,

1780 3683 2025 3746 Domine,
2057 3682 2110 3734 in
2141 3691 2396 3734 a’ternum
2427 3677 2674 3732 cantabo.
2709 3675 2826 3730 Non
2854 3679 3000 3730 enim
3047 3689 3193 3729 nunc
3222 3675 3367 3728 duu-

1779 3782 1954 3838 taxat,
1997 3788 2121 3828 cum
2171 3773 2285 3825 haec
2332 3772 2528 3841 loquor
2577 3777 2634 3824 et
2673 3767 2914 3839 profero,
2953 3767 3364 3821 misericordias

1779 3865 1997 3920 Domini
2024 3865 2281 3927 cantabo,
2313 3877 2502 3918 verum
2533 3863 2698 3916 etiam
2745 3862 2802 3916 in
2839 3861 3185 3915 tristioribus
3220 3868 3360 3916 tem-

1778 3959 2026 4029 poribus,
2059 3957 2114 4011 in
2150 3957 2286 4026 ipsis
2313 3955 2570 4010 videlicet
2598 3953 2760 4024 queis
2789 3954 3043 4008 dicturus
3073 3968 3218 4019 sum,
3262 3952 3383 4008 Ubi

1775 4060 1901 4106 sunt
1930 4048 2307 4104 misericordiae
2331 4059 2435 4102 tua:
2467 4048 2720 4118 antiqua’,
2752 4046 3012 4100 Domine?
3039 4046 3196 4101 Tunc
3215 4046 3359 4100 enim

1776 4149 1830 4195 et
1863 4141 2011 4195 omni
2034 4140 2286 4210 sequenti
2320 4147 2585 4208 tempore,
2617 4137 2728 4192 imo
2758 4153 2856 4208 per
2878 4152 3041 4192 omne
3075 4139 3358 4202 saeculum,

1776 4248 1884 4287 non
1914 4231 2070 4286 finem
2096 4232 2290 4286 faciam
2320 4229 2633 4285 celebrandi
2664 4230 3076 4285 misericordias
3090 4237 3234 4294 tuas,
3255 4230 3361 4285 Do-

1776 4324 1960 4378 mine:
1987 4322 2158 4393 probe
2184 4323 2366 4378 sciens
2391 4330 2467 4386 te,
2502 4321 2725 4392 quando
2753 4322 2922 4377 semel
2951 4337 3016 4377 ea
3043 4322 3099 4376 in
3125 4323 3360 4392 prophe-

1773 4416 1851 4469 tia
1899 4415 2092 4485 psalmi
2134 4414 2412 4484 pollicitus
2452 4430 2535 4478 es,
2583 4429 2693 4468 non
2739 4413 2892 4467 irrita
2947 4414 3036 4467 illa
3085 4413 3354 4468 facturum

1773 4523 1916 4574 esse,
1944 4515 2132 4578 utpote
2163 4506 2330 4561 Deum
2359 4521 2633 4561 veracein.
2663 4505 3030 4571 Quamobrem
3062 4520 3170 4558 non
3193 4507 3356 4561 modo

1774 4599 2186 4654 misericordias
2219 4609 2365 4662 tuas,
2403 4597 2652 4660 Domine,
2690 4598 2743 4652 in
2791 4603 3056 4651 aeternum
3097 4599 3357 4666 cantabo,

1775 4691 1870 4746 sed
1913 4693 2079 4746 etiam
2109 4692 2394 4745 veritatem
2443 4699 2592 4745 tuam
2640 4705 2738 4760 per
2774 4690 3021 4760 singulas
3051 4692 3363 4760 generatio-

1765 4798 1873 4838 nes
1897 4782 2258 4836 annuntiabo.
2282 4781 2413 4836 Etsi
2449 4781 2594 4835 enim
2633 4780 2816 4850 aliqua
2849 4779 3066 4834 interim
3096 4789 3360 4836 eventura

1775 4877 1908 4938 sint,
1941 4890 2062 4944 quae
2088 4875 2198 4928 tuis
2231 4873 2418 4927 Davidi
2443 4874 2586 4928 datis
2619 4871 3110 4943 pollicitationibus
3139 4881 3361 4928 contra-

1774 4968 1859 5022 ria
1894 4967 2213 5034 videantur;
2265 4967 2625 5021 nihilominus
2670 4977 2854 5021 tamen
2887 4966 3054 5021 credo
3095 4981 3161 5020 ac
3200 4967 3360 5037 plane

1776 5076 2099 5132 persuasum
2136 5061 2268 5114 milii
2315 5068 2421 5123 est,
2455 5075 2770 5114 sermonum
2815 5069 3056 5123 tuorum,
3104 5059 3356 5123 Domine,

1776 5149 2058 5204 veritatem
2095 5164 2376 5218 nunquam
2408 5163 2531 5202 esse
2571 5148 2869 5217 lapsuram.
2900 5146 3026 5203 Ideo
3058 5159 3153 5219 per
3184 5156 3356 5204 totum

1773 5241 1899 5296 vitae
1948 5257 2082 5296 mea:
2127 5249 2341 5312 tempus
2391 5256 2502 5293 non
2552 5241 2712 5294 linem
2763 5239 2960 5295 faciam
2994 5241 3356 5295 annuntiandi

1775 5333 2064 5386 veritatem
2094 5340 2241 5385 tuam
2291 5332 2346 5385 in
2397 5347 2490 5385 ore
2535 5346 2676 5385 meo.
2713 5330 2911 5386 Verum
2948 5334 3111 5386 etiam
3150 5333 3357 5402 scripto

1776 5424 2155 5493 consignatam
2211 5423 2357 5477 illam
2395 5423 2631 5491 posteris
2678 5423 2887 5476 tradam
2919 5442 2934 5478 :
2961 5431 3023 5478 ut
3066 5423 3170 5493 ipsi
3218 5439 3358 5495 quo-

1775 5531 1903 5586 que,
1935 5513 2162 5585 perinde
2193 5520 2355 5582 atque
2383 5529 2503 5584 ego,
2556 5515 2892 5569 edoceantur
2925 5523 2979 5570 et
3007 5515 3226 5572 discant
3257 5533 3356 5588 per

1776 5606 2021 5680 singulas
2043 5605 2426 5680 generationes
2459 5606 2743 5662 veritatem
2778 5613 2928 5662 tuam
2955 5608 3012 5665 in
3043 5623 3139 5665 ore
3169 5608 3310 5667 ferre
3335 5649 3354 5680 ,
