3798 6282
169 457 189 509 i
201 455 290 509 075

1349 443 1856 502 COMMENTARIA
1897 445 1963 499 ΙΝ
2004 444 2345 500 PSALMOS.

3267 451 3407 496 10'”

167 571 262 639 τὰρ
283 566 389 632 τὴν
417 563 700 631 ἀλήθειάν
726 579 841 618 σου
865 563 920 617 ὲὺ
968 561 1290 630 Ἐκκλησία
1310 563 1514 632 ἁγίων.
1536 563 1724 632 Σαφῶς

1836 562 2080 616 Ecclesia
2103 571 2432 615 sanctorum.
2470 557 2595 613 [hec
2626 575 2691 612 es
2723 574 2954 629 persona
2982 556 3079 612 Dei
3119 555 3408 612 maniieste

163 657 317 710 ταῦτα
354 655 416 705 ἐκ
453 652 744 724 προσώπου
782 652 876 704 τοῦ
911 651 1046 704 Οεοῦ
1077 651 1322 723 εἴρηται·
1363 652 1555 723 διόπερ
1578 653 1726 705 δοκεῖ

167 763 244 816 μοι
289 743 430 814 παρὰ
469 745 582 805 τοῖς
623 742 1026 812 Ἑϐδομήκοντα
1067 741 1324 812 ἀνωτέρω
1349 741 1600 812 εἰρῆσθαι
1630 741 1721 794 τό’

165 833 278 889 ’στι
304 831 500 899 εἶπας·
537 836 640 898 Εἰς
687 829 795 886 τὸν
832 832 1016 886 αἰῶνα
1045 833 1217 898 ἕλεος
1263 832 1726 902 οἰκοδομηθήσε-

161 946 261 992 ται,
292 928 358 980 ὲν
394 925 517 991 τοῖς
548 924 830 992 οὐρανοῖς
869 924 1365 994 ἐτοιμασθήσεται
1400 925 1437 992 ἡ
1473 923 1728 994 ἀλήθειά

158 1035 291 1074 σου·
327 1013 405 1081 οἷς
438 1017 771 1086 ἐπισυνῆπτε
817 1016 878 1068 τό
895 1033 916 1045 ··
960 1013 1571 1083 Διεθέμην-διαθήκην
1602 1013 1726 1080 τοῖς

157 1107 439 1174 ἐδαίεκτοῖς
470 1125 621 1176 μου·
662 1108 748 1160 ἵνα
791 1107 911 1161 καθ’
945 1106 1253 1178 ὑπερϐατὸν
1277 1107 1360 1177 εἴη
1393 1105 1566 1170 οὕτως
1588 1106 1726 1178 ἔχων

155 1202 180 1252 6
205 1199 318 1262 νοῦς
347 1198 448 1250 τῶν
487 1197 898 1269 προκειμένωνο
941 1195 1161 1268 Ἐπειδὴ
1209 1197 1272 1250 σὺ
1315 1197 1498 1259 αὐτὸς,
1533 1190 1579 1248 ῶ
1609 1195 1723 1249 Κύ-

158 1308 250 1361 ριε,
275 1293 329 1342 ἐν
364 1292 481 1352 ταῖς
527 1291 654 1360 περὶ
695 1290 789 1343 τοῦ
827 1288 986 1348 Δαυῒδ
1016 1286 1590 1358 ὲπαγγελίαιςεῖπας·
1631 1291 1724 1352 Εἰς

153 1384 234 1437 τὸν
261 1382 424 1436 αἰῶνα
457 1383 520 1435 τὸ
547 1383 692 1446 ἔλεός
723 1399 823 1453 μου
853 1382 913 1434 τὺ
942 1383 1079 1453 πρὸς
1119 1383 1209 1436 τὸν
1243 1383 1424 1446 Δαυῖδ,
1453 1383 1486 1454 ἢ
1528 1383 1622 1436 καὶ⁵
1664 1382 1724 1435 τὸ

153 1478 224 1539 είς
256 1477 458 1538 πάντας
493 1473 813 1545 ἀνθρώπους
847 1473 1367 1545 οὶκοδομηθήσεται’
1414 1476 1508 1528 καὶ
1551 1493 1722 1547 προσ-

152 1566 337 1637 έθηκας
383 1566 586 1634 λέγων·
619 1565 902 1635 Διεθέμην
927 1564 1222 1633 διαθήκην
1263 1566 1389 1632 τοῖς
1419 1567 1724 1634 ἐκλεκτοῖς

146 1673 272 1724 μου,
316 1656 434 1726 ἦτοι
482 1655 753 1726 ἑπιλέκτῳ
798 1674 928 1726 μου,
969 1657 1094 1710 καί·
1147 1659 1376 1727 ᾯμοσα
1418 1657 1599 1710 Δαυῒδ
1642 1656 1722 1723 τῷ

149 1748 330 1809 δούλῳ
369 1766 514 1816 μου,
563 1749 655 1801 καὶ
702 1748 770 1801 τὰ
821 1747 1027 1812 τούτοις
1059 1747 1357 1802 ἁκόλουθα’
1397 1746 1719 1818 πέπεισμαι,

149 1842 222 1892 ὅτι
251 1837 446 1892 οὔποτε
478 1838 966 1910 διαψευσθήσονταί
991 1858 1084 1893 σου
1128 1841 1184 1894 αἱ
1219 1839 1564 1909 ἐπαγγελίαι,
1629 1840 1724 1911 μέ-

1832 655 1979 710 dicta
2035 665 2166 709 sunt
2199 672 2212 706 :
2249 668 2312 706 ac
2343 650 2563 705 videtur
2610 651 2743 704 mihi
2798 651 2920 705 ideo
2953 651 3096 721 apud
3132 648 3273 703 LXX
3315 664 3406 703 su-

1833 747 2017 816 perius
2065 746 2272 800 dictum
2328 743 2500 798 fuisse
2525 785 2540 809 ,
2583 743 2846 809 Quoniam
2879 743 3064 796 dixisti
3095 757 3112 795 :
3143 740 3211 796 In
3257 750 3410 796 aiter-

1832 855 1958 892 num
1988 836 2353 896 misericordia
2380 833 2754 904 aediﬁcabilur,
2775 836 2828 888 in
2854 835 2996 887 catlis
3020 833 3411 903 prwparabitur

1830 931 2022 984 veritas
2049 928 2390 998 tua;quibus
2421 926 2534 980 haec
2557 926 2940 988 subdiderunt,
2961 924 3210 993 Disposui
3243 934 3408 978 testa-

1832 1031 2066 1074 mentum
2099 1021 2278 1075 electis
2321 1019 2486 1081 meis;
2523 1026 2581 1072 ut
2613 1032 2709 1087 per
2741 1017 3080 1087 hyperbaton
3111 1016 3241 1070 dicti
3287 1031 3413 1071 sen-

1830 1113 2000 1167 tentia
2057 1114 2137 1168 sic
2182 1111 2522 1183 exprimatur
2549 1129 2561 1164 :
2592 1107 2860 1174 Quoniam
2892 1116 2949 1161 tu
2994 1108 3132 1176 ipse,
3162 1106 3410 1171 Domine,

1831 1206 1885 1258 in
1917 1203 2379 1274 promissionibus
2405 1201 2625 1255 Davidis
2650 1199 2840 1254 dixisti
2876 1218 2888 1253 :
2923 1200 2983 1253 In
3014 1211 3279 1252 internum
3314 1200 3413 1252 mi-

1831 1295 2133 1353 sericordia
2164 1310 2286 1348 mea
2316 1309 2448 1364 erga
2482 1292 2763 1355 Davidem,
2793 1291 2909 1346 sive
2938 1306 3066 1360 ergo
3093 1304 3284 1344 omnes
3316 1294 3413 1343 ho-

1829 1389 2010 1442 mines
2075 1385 2474 1453 :ediiicabitur;
2533 1393 2587 1439 et
2638 1385 2754 1438 haec
2810 1383 3094 1452 adjecisti,
3161 1381 3414 1451 Disposui

1831 1488 2203 1535 testamentum
2247 1480 2426 1532 electis
2469 1478 2622 1541 uicis,
2656 1477 2888 1542 scilicet,
2921 1476 3097 1530 electo
3138 1491 3283 1539 meo,
3336 1482 3410 1538 et,

1827 1572 2019 1627 λιιι·αυί
2053 1571 2402 1626 Davidsert‘o
2426 1587 2558 1635 meo,
2591 1578 2647 1624 et
2679 1579 2874 1624 caetera
2897 1588 2910 1623 :
2933 1582 3257 1638 persuasum
3283 1567 3412 1621 mihi

1827 1672 1916 1720 est
1952 1665 2224 1734 prrmissa
2285 1670 2379 1716 tua
2423 1675 2704 1731 nunquam
2767 1660 2927 1714 irrita
2962 1659 3099 1722 fore,
3133 1659 3228 1713 sed
3283 1673 3411 1714 vera

1830 1757 2099 1826 ﬁrmaque
2131 1769 2392 1810 mansura
2427 1768 2596 1818 esse;
2629 1751 2724 1806 sed
2777 1767 2890 1805 non
2938 1750 3038 1813 ita,
3075 1759 3133 1806 ut
3163 1750 3218 1804 in
3268 1759 3410 1804 terra

1829 1847 2135 1900 consistant
2169 1864 2182 1901 :
2215 1861 2392 1915 neq-ue
2435 1844 2582 1898 enim
2615 1850 2834 1898 terrena
2882 1851 2936 1900 et
2991 1843 3216 1896 sensilia
3261 1850 3412 1907 sunt,

149 1946 284 1984 νουσι
306 1930 361 1982 δὲ
407 1929 627 2001 ἀληθεῖς
660 1930 753 1983 καὶ
786 1931 1145 1986 ἀδιάπτωτοι·
1179 1931 1293 1984 ἀλλ’
1327 1932 1426 2001 οὐχ
1460 1930 1599 1984 ὥστε
1633 1931 1724 1985 ἐπὶ

1829 1952 2006 2008 neque
2035 1936 2264 1991 venalia,
2305 1945 2360 1990 et
2407 1935 2562 1990 brevi
2617 1941 2865 2003 tempore
2909 1934 3198 1995 duratura,
3229 1933 3409 2002 qualis

146 2021 233 2092 τῆς
271 2022 372 2091 γῆς
416 2021 766 2076 συνίστασθαι
806 2024 1007 2087 αὐτάς·
1057 2025 1177 2077 οὐδὲ
1207 2023 1316 2095 γὰρ
1360 2024 1594 2091 ἐπίγειοι
1632 2026 1728 2078 καὶ

144 2112 408 2183 αἰσθηταὶ,
443 2113 564 2166 οὐδὲ
605 2114 812 2184 ὠνηταὶ
846 2115 941 2168 καὶ
966 2115 1316 2186 ὀλιγοχρόνιοι
1347 2116 1724 2186 τυγχάνουσιν,

142 2199 242 2268 οἷός
279 2207 426 2258 ἐστιν
460 2209 490 2258 6
521 2205 630 2259 τῶν
662 2205 966 2278 ἀνθρώπων
1001 2207 1135 2277 βίος,
1182 2207 1297 2261 ἀλλ’
1330 2210 1589 2264 ἀθάνατοι
1635 2210 1728 2262 καὶ

141 2296 335 2351 suum:
363 2297 458 2350 καὶ
492 2301 556 2368 τῇ
588 2301 652 2369 σῇ
684 2298 898 2370 θεότητι
935 2301 1480 2374 πρέπουσαι.Διόπερ
1504 2303 1605 2355 οὐκ
1633 2303 1726 2355 ἐπὶ

139 2389 230 2457 τῆς
256 2390 377 2460 γῆς,
409 2390 528 2444 ἀλλ’
557 2393 615 2443 ἐν
646 2393 758 2455 τοῖς
787 2393 1037 2464 οὐρανοῖς
1063 2395 1572 2466 ἐτοιμασθήσεταιή
1597 2394 1727 2464 ἀλή-

141 2479 251 2533 θεια
303 2480 410 2534 τῶν
464 2481 574 2535 σῶν
623 2483 759 2554 πρὸς
792 2484 884 2536 τὸν
915 2484 1075 2538 Δαυῒδ
1109 2484 1635 2554 ἐπαγγελιῶν.⁵Αντὶ
1668 2484 1725 2538 δὲ

137 2567 256 2620 τοῦ·
297 2569 588 2639 Διεθέμην
631 2570 922 2640 διαθήκην
966 2573 1091 2639 τοῖς
1139 2576 1445 2641 ἐκλεκτοῖς
1484 2594 1625 2644 μου,
1675 2579 1723 2630 oi

138 2659 303 2713 λοιποὶ
341 2663 545 2725 πάντες
584 2665 944 2734 ἐρμηνευταί·
979 2665 1063 2730 Τῷ
1091 2666 1387 2734 emitiqu
1405 2685 1544 2736 μου,
1571 2668 1723 2739 εἰρή-

137 2769 275 2810 κασι.
307 2755 417 2812 Καὶ
465 2754 668 2824 μᾶλλον
704 2755 932 2826 ἁρμόζει
967 2759 1032 2827 τῇ
1065 2757 1273 2834 διανοίᾳ
1305 2761 1338 2829 ή
1366 2760 1590 2829 τοιαύτη
1634 2760 1724 2812 ἕκ-

135 2839 271 2908 δοσις
293 2860 304 2873 ·
335 2844 461 2896 οὐδὲ
484 2844 593 2916 γὰρ
615 2846 744 2916 περὶ
774 2845 980 2899 πολλῶν
1007 2849 1155 2905 ἐστιν
1183 2851 1212 2900 6
1237 2848 1410 2917 λόγος,
1435 2849 1568 2904 ἀλλὰ
1593 2849 1723 2920 περὶ

137 2936 290 3003 μόνου
334 2937 431 2991 τοῦ
475 2938 669 2992 Δαυῒδ·
714 2938 862 3008 αὐτῷ
902 2939 1030 3011 γὰρ,
1065 2941 1218 3010 φησὶ,
1252 2943 1345 2995 καὶ
1378 2941 1587 3013 ῶμοσα,
1625 2943 1720 2999 ἆτε

133 3023 295 3096 δούλῳ
317 3045 422 3098 μου
447 3028 561 3082 ὄντι
583 3030 677 3088 καὶ
697 3030 965 3102 ἐπιλέκτῳ
989 3049 1110 3101 μου.
1131 3033 1204 3086 Οὐ
1226 3035 1332 3105 γὰρ
1351 3035 1511 3106 ἤρκει
1534 3035 1724 3104 ἁπλῶς

131 3121 405 3180 διαθέσθαι
437 3126 586 3198 αὐτῷ
611 3127 898 3199 διαθήκην,
933 3128 1122 3200 ὥσπερ
1160 3130 1416 3202 διεθέμην
1452 3131 1530 3201 τῷ
1569 3130 1717 3196 Νῶε,

1828 2027 2112 2082 hominum
2144 2027 2254 2080 vita
2289 2034 2413 2093 est;
2459 2026 2556 2081 sed
2589 2023 2941 2088 immortalia,
2977 2033 3180 2079 aeterna
3210 2031 3264 2078 et
3297 2023 3395 2078 dei'

1828 2121 1928 2173 tali
1953 2127 2058 2173 tuae
2083 2119 2471 2191 congruentia.
2501 2116 2849 2186 Quapropter
2881 2131 2989 2169 non
3025 2116 3273 2182 interra,
3313 2116 3411 2170 sed

1828 2211 1883 2265 in
1935 2213 2093 2267 caelis
2135 2212 2537 2282 praeparabitur
2563 2209 2772 2264 veritas
2822 2223 3014 2263 eorum
3065 2223 3187 2280 qua?
3215 2206 3408 2262 Davidi

1826 2303 2106 2372 pollicitus
2138 2319 2219 2358 es.
2251 2303 2361 2357 Pro
2390 2303 2486 2356 illo
2516 2309 2719 2367 autem,
2755 2301 3006 2370 Disposui
3036 2307 3407 2357 testamentum

1823 2395 2000 2448 electis
2037 2397 2188 2458 meis,
2221 2394 2420 2465 reliqui
2453 2409 2647 2450 omnes
2683 2395 3040 2463 interpretes,
3066 2391 3247 2445 Electa
3272 2407 3410 2454 meo,

1825 2484 2101 2540 dixerunt.
2141 2483 2275 2552 Quae
2325 2501 2459 2542 sane
2520 2485 2898 2555 interpretatio
2927 2497 3070 2538 verm
3121 2482 3407 2538 sententi?

1826 2576 2004 2646 magis
2026 2577 2316 2648 congruit:
2348 2593 2458 2630 non
2491 2577 2636 2633 enim
2669 2575 2964 2632 demultis-
2981 2589 3162 2629 sermo
3191 2573 3406 2636 est,sed

1824 2665 1892 2721 de
1921 2682 2029 2721 uno
2070 2664 2307 2733 Davide;
2340 2667 2445 2736 ipsi
2471 2667 2700 2736 quippe
2748 2665 2950 2736 juravi,
2985 2665 3182 2735 inquit,
3223 2672 3406 2734 utpote

1826 2774 1986 2814 servo
2027 2774 2151 2812 meo
2200 2767 2255 2813 et
2284 2759 2460 2813 electo
2510 2773 2652 2812 meo.
2702 2757 2891 2828 Neque
2935 2758 3082 2814 enim
3124 2759 3258 2812 satis
3289 2765 3400 2810 erat

1825 2849 1925 2918 ipsi
1963 2858 2350 2906 testamentum
2378 2851 2694 2920 disponere,
2721 2851 2863 2904 sicut
2891 2848 3024 2914 Noe,
3058 2857 3250 2918 postea
3276 2863 3404 2903 vero

1823 2940 2160 3006 Ahrahamo,
2191 2943 2494 3011 deindeque
2545 2943 2671 2997 tiliis
2724 2940 2892 2997 Israel
2945 2941 3267 2996 indeserto
3310 2956 3402 3010 per

1822 3031 2062 3104 Moysem
2094 3033 2340 3104 disposui
2370 3053 2383 3086 :
2413 3049 2538 3087 nam
2575 3049 2699 3087 cum
2728 3033 2796 3089 iis
2826 3033 2945 3089 sine
2970 3034 3330 3103 iuramento;
3351 3038 3409 3087 at

1823 3139 1948 3179 cum
1995 3125 2192 3188 electo,
2231 3141 2390 3180 servo
2420 3134 2475 3179 et
2508 3125 2710 3179 famulo
2747 3141 2868 3181 meo
2907 3124 3131 3187 Davide.
3158 3124 3412 3181 adhibito

133 3217 219 3269 καὶ
250 3219 392 3287 μετὰ
421 3219 598 3272 ταῦτα
628 3220 704 3291 τῷ
741 3221 1011 3295 Ἀϐραὰμ,
1043 3222 1136 3276 καὶ
1179 3222 1339 3277 πάλιν
1369 3225 1484 3294 μετ’
1513 3225 1720 3278 ἐκεῖνον

1824 3216 2200 3286 jurejurando,
2225 3215 2402 3271 fmdus
2424 3226 2478 3271 et
2503 3223 2888 3272 testamentum
2925 3214 3237 3270 inii.Jurav—i
3257 3215 3405 3270 enim

128 3310 232 3372 τοῖς
251 3284 395 3374 υἱοῖς
435 3311 654 3382 Ἰσραὴλ
676 3284 778 3365 ’ἐπὶ
809 3284 909 3382 τῆς
934 3284 1142 3384 ἐρήμου
1166 3313 1252 3366 διὰ
1277 3284 1541 3379 Μωσέως·
1577 3315 1720 3368 ἐκεί-

1825 3307 1929 3377 ipsi
1985 3306 2226 3361 futurum
2261 3323 2384 3362 esse
2421 3317 2481 3362 ut
2509 3323 2694 3362 semen
2735 3308 2855 3377 ejus
2880 3308 2933 3362 in
2955 3317 3220 3363 aeternum
3262 3322 3408 3378 pm-

129 3415 232 3462 νοις
280 3400 391 3473 γὰρ
435 3402 559 3473 δίχα
591 3404 966 3475 ὁρκωμοσίαςο
995 3403 1072 3475 τῷ
1103 3406 1147 3458 δ’
1181 3406 1452 3478 ἐπιλέκτῳ
1490 3425 1604 3478 μου·
1626 3409 1719 3460 καὶ

125 3492 198 3561 τῷ
247 3493 370 3563 ἐμῷ
418 3494 714 3567 θεράποντι
762 3497 856 3552 καὶ
907 3495 1078 3568 δούλῳ
1105 3497 1268 3551 Δαυῒδ
1294 3498 1548 3570 διεθέμην
1582 3499 1719 3570 μετὰ

124 3584 283 3655 ὅρκου
320 3586 724 3658 παραλήψεως·
765 3587 954 3660 ῶμοσα
996 3590 1106 3662 γὰρ
1150 3590 1296 3662 αὐτῷ
1327 3593 1454 3664 περὶ
1483 3592 1577 3645 τοῦ
1609 3592 1718 3646 δεῖν

121 3674 177 3726 τὸ
230 3677 458 3748 σπέρμα
505 3678 669 3738 αὐτοῦ
721 3682 800 3743 εἰς
829 3681 918 3735 τὸν
962 3681 1136 3736 αἰῶνα
1168 3683 1478 3753 ἑτοιμάσειν
1509 3685 1716 3738 καὶτὸν

122 3767 306 3838 θρόνον
339 3771 510 3824 αὐτοῦ
538 3773 935 3844 οἰκοδομήσειν,
973 3776 1067 3830 καὶ
1097 3779 1197 3832 οὐκ
1235 3780 1314 3842 εἰς
1343 3777 1470 3848 μίαν
1502 3779 1715 3846 γενεὰν,

119 3855 229 3908 ἀλλ’
261 3861 346 3922 εἰς
395 3859 590 3927 γενεὰν
637 3862 730 3916 καὶ
755 3864 968 3930 γενεάν.
997 3866 1131 3936 Περὶ
1157 3865 1213 3920 δὲ
1239 3865 1332 3919 τοῦ
1366 3867 1596 3937 ὀμνύναι
1624 3869 1714 3921 τὸν

118 3949 268 4013 Θεὸν,
298 3952 327 4003 6
357 3952 504 4022 ἱερὸς
519 3953 845 4018 Ἀπόστολος
873 3956 929 4006 ἐν
959 3958 1023 4026 τῇ
1042 3955 1180 4028 πρὸς
1215 3957 1496 4030 Ἑϐραίους
1519 3960 1710 4030 φησίνο

119 4037 239 4093 Ἵνα
263 4041 369 4096 διὰ
401 4043 511 4096 δύο
550 4045 907 4116 πραγμάτων
935 4048 1326 4116 ἀμεταθέτων,
1366 4051 1435 4104 ἐν
1467 4046 1557 4116 οἷς
1579 4050 1716 4104 ἀδύ-

115 4148 300 4186 νατον
325 4136 678 4202 ψεύσασθαι
710 4138 815 4191 τὸν
851 4140 1019 4205 Θεὸν,
1047 4141 1304 4210 ἰσχυρὰν
1329 4141 1715 4212 παράκλησιν

113 4223 373 4295 ἔχωμεν.
408 4229 546 4281 Κατ’
579 4231 830 4283 ἐπίτασιν
866 4231 978 4304 γὰρ
1007 4232 1255 4302 μείζονος
1281 4232 1714 4299 διαϐεϐαιώσεως

113 4315 204 4367 καὶ
237 4317 410 4388 ὅρκος
444 4319 816 4390 παρείληπται
848 4322 928 4392 τῷ
958 4321 1096 4394 Θεῷ.
1137 4324 1295 4378 Κατὰ
1323 4326 1467 4390 τίνος
1500 4325 1554 4380 δὲ
1575 4327 1602 4378 ὁ
1625 4327 1716 4398 ὅρ-

109 4424 204 4472 κος
240 4409 378 4480 ἑξῆς
421 4411 625 4484 προῖὼν
657 4412 897 4466 διδάσκει
927 4412 1132 4481 λέγων·
1178 4415 1366 4481 "Aerati
1401 4415 1608 4485 ὤμοσα

109 4498 188 4566 τῷ
207 4501 364 4570 ἁγίῳ
384 4502 706 4568 μου.Ἐνθα
737 4504 830 4557 καὶ
859 4505 1196 4575 ἐπιστήσεις,
1225 4507 1309 4570 τίς
1333 4525 1464 4560 ποτε
1486 4509 1593 4579 ἄρα
1620 4502 1712 4561 οῦ-

1823 3406 2070 3466 paretur,
2097 3405 2149 3451 et
2168 3400 2398 3452 thronus
2432 3398 2552 3468 ejus
2569 3398 2889 3465 aediﬁcetur,
2912 3415 3020 3454 non
3043 3399 3098 3452 in
3117 3413 3280 3455 unam
3313 3413 3407 3468 ge-

1791 3487 2188 3556 nerationem,
2232 3486 2326 3542 sed
2352 3488 2404 3541 in
2439 3488 2847 3558 generationem
2881 3495 2934 3542 et
2968 3487 3411 3557 generationem-

1820 3575 1932 3632 Cur
1965 3588 2146 3633 autem
2185 3578 2327 3634 Deus
2352 3578 2640 3648 juraverit,
2675 3578 2732 3633 S.
2759 3579 3052 3649 Apostolus
3077 3579 3132 3634 in
3162 3577 3404 3647 Epistula

1821 3669 1890 3725 ad
1925 3669 2182 3725 Hebraeos
2207 3672 2532 3726 testiﬁcatur
2560 3691 2573 3726 :
2602 3670 2671 3723 Ut
2699 3688 2790 3740 per
2811 3670 2946 3724 duas
2980 3687 3062 3724 res
3087 3670 3401 3734 immobiles,

1819 3763 2007 3834 quibus
2046 3763 2371 3833 impossibile
2425 3773 2501 3816 est
2545 3765 2758 3817 mentiri
2798 3762 3001 3827 Deum,
3049 3762 3402 3831 fortissimum

1819 3856 2073 3909 solatium
2113 3855 2401 3908 habeamus
2426 3856 2489 3909 ’⁵.
2516 3853 2651 3908 Nam
2683 3855 2751 3910 ad
2782 3855 3155 3911 accessionem
3179 3854 3403 3924 majoris

1820 3946 2164 4000 certitudinis
2180 3944 2390 4014 Deusju
2400 3953 2705 4000 ramentum
2722 3946 2987 4008 adhibuit.
3009 3946 3111 4002 Per
3127 3962 3286 4016 quem
3305 3961 3385 4000 au-

1820 4045 1924 4092 tem
1945 4039 2299 4109 juraverit,in
2321 4040 2678 4110 sequentibus
2697 4041 2858 4094 docet
2878 4040 2964 4095 his
2985 4040 3168 4096 verbis
3187 4061 3199 4094 z
3227 4039 3402 4096 Semel

1809 4132 1995 4201 juravi
2046 4134 2100 4186 in
2154 4144 2337 4188 sancto
2397 4151 2530 4188 meo.
2579 4132 2681 4189 Ubi
2737 4135 3044 4205 perpendes
3078 4134 3171 4204 qui
3212 4136 3284 4189 sit
3315 4135 3402 4196 ille

1819 4237 2046 4282 sanctus
2078 4225 2195 4288 Dei,
2223 4242 2319 4296 per
2351 4242 2512 4297 quem
2535 4228 2696 4298 quasi
2716 4244 2811 4297 per
2830 4227 3029 4286 Filium
3057 4228 3399 4298 unigenitum

1815 4316 2000 4385 jurat,
2043 4318 2111 4370 ad
2169 4316 2596 4386 promissionem
2660 4318 2885 4372 omnino
2942 4315 3397 4374 conﬁrmandam.

1821 4411 1966 4464 Sane
1999 4427 2127 4465 vero
2172 4418 2424 4464 sanctum
2462 4411 2612 4464 illum
2645 4412 2726 4466 vel
2758 4409 3034 4466 daemones
3063 4410 3117 4464 in
3154 4409 3398 4480 Evange-

1820 4503 1907 4559 liis
1924 4503 2164 4558 confessi
2191 4511 2341 4562 sunt.
2369 4520 2493 4557 cum
2524 4503 2905 4573 divinam'cjus
2932 4510 3276 4572 potestatem,
3293 4517 3396 4572 qua

107 4605 198 4654 τος
235 4588 308 4664 ’ἦν
347 4595 378 4646 6
420 4593 574 4661 ἆγιος
621 4593 714 4646 τοῦ
760 4595 916 4658 Θεοῦ,
954 4596 1073 4649 καθ’
1099 4591 1160 4650 οὗ
1196 4598 1423 4668 ὄμνυσιν
1466 4600 1541 4664 ὡς
1572 4602 1712 4655 κατὰ

1824 4611 1878 4651 se
1923 4595 2185 4664 puniebat
2233 4603 2286 4648 et
2327 4595 2581 4664 ejiciebat
2610 4611 2719 4650 non
2749 4595 3009 4658 ferentes,
3048 4595 3163 4648 haec
3195 4594 3399 4648 clama-

108 4680 239 4734 Υίοῦ
265 4684 616 4753 μονογενοῦς,
643 4687 722 4750 εἰς
747 4687 810 4739 τὸ
833 4686 890 4753 ἐξ
911 4687 1148 4753 ἅπαντος
1167 4689 1234 4742 τὰ
1258 4690 1355 4760 τῆς
1377 4692 1709 4761 ἐπαγγελίας

104 4774 506 4846 κρατυνθῑψαι.
543 4776 647 4829 Τὸν
699 4778 798 4848 μὲν
849 4775 940 4832 οὖν
989 4779 1141 4848 ἆγιον
1179 4780 1490 4852 ὡμολόγουν
1536 4783 1629 4835 καὶ
1659 4784 1710 4836 οἱ

103 4866 372 4937 δαίμονες
397 4870 452 4921 ἐν
485 4871 596 4934 τοῖς
627 4869 1002 4939 Εὐαγγελίοις,
1025 4871 1113 4923 ὅτε
1146 4873 1220 4942 μὴ
1252 4873 1507 4942 φέροντες
1540 4873 1720 4926 αὐτοῦ

103 4959 204 5030 τὴν
235 4960 429 5013 ἔνθεον
457 4961 685 5033 δύναμιν
712 4963 1039 5034 κολαστικὴν
1060 4960 1224 5018 οὖσαν
1245 4965 1424 5018 αὐτῶν
1472 4967 1566 5019 καὶ
1605 4967 1707 5020 άπ-

102 5050 430 5122 ελαστικὴν,
462 5053 632 5106 ἐϐόων
679 5054 926 5123 λέγοντες
946 5071 959 5084 ·
1017 5057 1124 5108 Ἔα
1144 5096 1157 5119 ,
1198 5057 1254 5108 τί
1282 5055 1424 5126 ἡμῖν
1446 5057 1544 5110 καὶ
1585 5057 1705 5119 σοί,

113 5142 320 5208 Ἰησοῦ
372 5144 707 5214 Ναζαρῆνε;
740 5145 1000 5216 Οἴδαμέν
1025 5162 1098 5200 σε
1121 5148 1212 5214 τίς
1244 5145 1316 5211 εἷ,
1345 5152 1376 5202 ό
1404 5148 1570 5218 ἅγιος
1603 5150 1708 5203 τοῦ

102 5235 282 5293 Θεοῦ.
317 5237 478 5291 Κατὰ
517 5239 707 5291 τούτου
745 5239 926 5292 τοίνυν
959 5240 1126 5309 ὀμνὺς
1158 5243 1185 5294 ό
1218 5241 1369 5306 Θεὸς,
1403 5239 1492 5294 οἷα
1525 5242 1708 5312 πατὴρ

100 5323 248 5377 κατὰ
290 5327 616 5394 μονογενοῦς
661 5329 752 5381 καὶ
792 5328 1077 5398 ἀγαπητοῦ
1126 5329 1265 5392 υίοῦ,
1303 5329 1381 5400 τῷ
1407 5331 1567 5384 Δαυῒδ
1611 5330 1707 5401 τὴν

95 5415 450 5484 ἐπαγγελίαν
509 5421 764 5474 ὲποιεῖτου
795 5424 860 5473 Ὃ
923 5421 986 5490 δὴ
1049 5421 1142 5474 καὶ
1195 5422 1432 5476 διδάσκει
1492 5423 1702 5492 λέγων·

99 5507 306 5572 ’Ἀπαξ
335 5506 540 5580 ὤμοσα
565 5512 627 5564 ἐν
664 5511 743 5578 τῷ
772 5513 917 5582 ἁγίῳ
946 5531 1086 5582 μου,
1119 5516 1171 5567 εὶ
1219 5513 1299 5580 τῷ
1342 5514 1524 5569 Δαυῒδ
1556 5515 1703 5582 ψεύ-

95 5614 320 5667 σομαι.
354 5601 536 5670 Ζητῶν
573 5601 628 5653 δὲ
673 5603 798 5673 παρ’
825 5602 1045 5673 ἐμαυτῴ
1072 5604 1169 5673 τὴν
1202 5606 1399 5669 αἰτίαν,
1429 5607 1496 5658 δι’
1520 5607 1586 5677 ἣν
1617 5608 1705 5660 ού-

95 5687 213 5740 δενὶ
242 5688 357 5758 μὲν
381 5688 522 5758 ἄλλῳ
551 5691 656 5743 τῶν
689 5693 880 5758 ἁγίων,
911 5695 1059 5763 μόνῳ
1086 5693 1140 5747 δὲ
1170 5695 1248 5764 τῷ
1269 5694 1428 5749 Δαυῖὂ
1451 5696 1517 5749 δι’
1539 5698 1701 5768 ὅρκου

177 5847 224 5876 ³⁵
272 5844 427 5900 l-lebr
480 5864 550 5908 γι,
595 5848 672 5901 18.
753 5850 794 5879 ³⁸
832 5848 962 5903 Luc.
1003 5865 1076 5914 tv,
1112 5850 1198 5905 3i.

1818 4686 1952 4740 bant
1983 4707 1994 4739 :
2036 4684 2180 4750 Sine,
2202 4687 2328 4756 quid
2357 4686 2504 4742 nobis
2538 4697 2586 4742 et
2611 4687 2728 4751 tibi,
2759 4685 2891 4742 Jesu
2931 4685 3252 4743 Nazarene?
3282 4683 3400 4742 No-

1814 4781 1980 4834 uimus
2017 4789 2063 4834 te
2088 4783 2204 4851 quis
2233 4783 2329 4848 sis,
2351 4792 2566 4837 sanctus
2589 4780 2685 4835 Dei
2711 4782 2772 4832 η.
2790 4780 2896 4834 Per
2925 4779 3071 4834 hunc
3103 4780 3286 4849 itaque
3305 4779 3397 4852 ju-

1817 4888 1950 4929 rans
1979 4872 2144 4938 Deus,
2179 4882 2240 4928 ut
2274 4885 2428 4944 pater
2449 4889 2546 4945 per
2567 4873 2911 4944 unigenitum
2941 4880 3012 4926 et.
3033 4872 3292 4928 dilectum
3335 4870 3398 4926 ﬁ-

1816 4965 1972 5028 lium,
2019 4963 2206 5019 Davidi
2267 4964 2690 5036 promissionem
2727 4963 2912 5017 dabat.
2966 4961 3121 5028 Quod
3170 4961 3286 5032 ipse
3323 4960 3396 5014 ita

1816 5056 1973 5111 docet
1999 5076 2011 5110 :
2041 5056 2214 5112 Semel
2227 5057 2410 5126 juravi
2437 5058 2489 5110 iu
2509 5065 2694 5110 sancto
2716 5073 2850 5123 meo,
2879 5056 2924 5110 si
2949 5053 3122 5109 David
3144 5054 3391 5112 mentiar.

1809 5150 1945 5204 Cum
1994 5159 2176 5205 autem
2212 5166 2422 5205 mecum
2463 5164 2784 5220 quaererem,
2808 5163 2907 5203 cur
2939 5147 3143 5203 nemini
3179 5154 3396 5202 sancto-

1811 5259 1953 5308 rum,
1982 5243 2092 5299 nisi
2127 5242 2342 5307 Davidi,
2377 5242 2900 5312 promissionemtde
2959 5242 3168 5296 semine
3219 5239 3394 5310 ipsius

1810 5349 1935 5388 cum
1967 5334 2286 5405 juramento
2326 5333 2472 5388 Deus
2508 5331 2776 5398 ediderit;
2813 5332 2954 5384 hanc
2981 5347 3066 5385 me
3090 5330 3394 5400 deprehen-

1812 5426 1959 5481 disse
2002 5442 2226 5482 causam
2267 5426 2477 5480 zestimo
2517 5445 2528 5479 :
2564 5425 2807 5494 comperi
2865 5439 3101 5495 namque
3132 5423 3390 5484 Davidem

1813 5523 1938 5570 ante
1969 5518 2114 5572 illam
2157 5533 2186 5569 a
2223 5515 2332 5569 Deo
2381 5516 2482 5570 sibi
2535 5515 2716 5567 datam
2773 5514 3197 5587 promissionem
3238 5513 3392 5583 jura-

1813 5615 1999 5662 mento
2052 5624 2212 5662 usum
2268 5607 2458 5662 fuisse.
2507 5605 2734 5660 Jurasse
2789 5615 2970 5664 autem
3010 5607 3186 5677 ipsum
3230 5606 3389 5661 docet

1815 5697 2054 5768 Spiritus
2103 5698 2322 5754 divinus
2359 5697 2412 5752 in
2457 5713 2640 5765 CXXXI,
2678 5697 2866 5752 dicens
2903 5717 2915 5751 :
2961 5696 3242 5766 Memento,
3287 5695 3392 5750 Do-
