3798 6282
410 429 546 488 1073

1053 431 1325 489 EUSEBII
1371 429 1856 488 ϐίΕδΑΒΙΕΝΒὶδ
1891 429 2041 485 OPP.
2089 429 2270 484 PARS
2306 430 2391 486 Ill.
2434 458 2502 470 -—
2543 430 2553 484 l

1445 429 1856 487 ESABIENSlS
1891 429 2041 485 OPP.
2089 429 2270 484 PARS
2306 430 2391 486 Ill.
2434 458 2502 470 -—
2543 429 2945 492 EXEGETICA.

3505 441 3607 497 1076

404 551 564 612 mine,
597 549 791 614 David,
847 560 897 604 et
947 552 1117 605 omnis
1175 551 1596 606 mansuetudinis
1652 552 1766 620 ejus
1803 567 1821 604 :
1851 553 1904 605 sit

2109 550 2384 622 τεποίηται
2409 551 2507 622 τὴν
2537 552 2664 622 περὶ
2689 549 2783 604 τοῦ
2812 551 3121 622 σπέρματος
3148 552 3308 605 αὑτοῦ
3335 555 3609 624 ἐπαγγελίαν

401 641 601 710 iuravit
654 641 902 705 Domino,
942 645 1074 698 vovit
1134 643 1243 698 Deo
1280 641 1448 697 Iacob
1477 659 1495 696 :
1527 643 1588 698 Si
1623 642 1882 696 introiere
1933 643 1987 694 in

405 736 806 791 tabernaculum
855 737 1044 791 domus
1101 753 1248 797 mete,
1281 738 1329 791 si
1373 737 1656 791 ascendere
1709 737 1762 788 in
1795 735 1987 788 lectum

404 830 564 885 strati
609 832 711 884 mei
738 845 755 882 :
783 833 830 885 si
864 829 1054 885 dedero
1089 846 1332 884 somnum
1358 830 1526 884 oculis
1560 831 1710 894 meis,
1741 840 1790 884 et
1810 831 1988 899 palpe-

405 922 514 975 bris
570 925 699 978 meis
752 923 1220 984 dormitationem,
1269 921 1434 976 donec
1491 923 1752 977 inveniam
1816 923 1988 977 locum

403 1013 655 1082 Domino,
693 1017 1092 1070 tabernaculum
1141 1015 1248 1069 Deo
1290 1013 1480 1070 Iacob.
1515 1014 1701 1069 Davidi
1739 1015 1854 1070 haec
1888 1034 1987 1071 vo-

405 1101 552 1154 veuti
582 1110 637 1156 et
662 1103 963 1171 pollicenti,
991 1120 1053 1158 ac
1107 1104 1192 1158 bis
1240 1103 1307 1158 de
1341 1104 1506 1160 rebus
1541 1105 1770 1175 juranti.
1800 1121 1986 1176 parem

405 1189 550 1247 Deus
574 1194 748 1248 vicem
780 1195 1265 1264 reddens,juravit
1299 1203 1352 1248 et
1391 1196 1530 1264 ipse,
1564 1206 1620 1250 et
1666 1212 1764 1277 pro
1797 1197 1984 1267 singu-

404 1283 472 1336 lis
520 1285 1014 1353 pollicitationibus
1055 1287 1304 1354 singulas
1363 1289 1570 1351 retulit,
1610 1288 1984 1357 juramentum

398 1373 713 1441 juramento
762 1376 1033 1445 pensavit.
1071 1375 1418 1447 Quapropter
1467 1377 1522 1430 in
1574 1379 1986 1444 eodemeum,

402 1466 459 1520 in
509 1484 618 1538 quo
660 1468 863 1524 dicitur
897 1470 1114 1540 jurasse
1163 1471 1446 1534 Davidem,
1485 1471 1683 1528 deinde
1733 1473 1988 1542 adjicitur

402 1554 642 1626 Spiritus
662 1559 836 1612 sancti
867 1561 1266 1624 testimonium,
1299 1561 1443 1631 quod
1470 1561 1550 1616 sic
1586 1561 1783 1616 habet;
1821 1560 1987 1616 Iura-

400 1648 473 1701 vit
515 1647 778 1704 Dominus
827 1651 1001 1707 David
1039 1654 1333 1718 veritatem,
1378 1663 1427 1708 et
1481 1671 1585 1708 non
1637 1654 1988 1724 [rustrabitur

399 1756 518 1793 eum
555 1740 681 1795 :De
719 1742 897 1810 fructu
950 1747 1148 1800 ventris
1184 1748 1262 1800 tui
1309 1763 1505 1816 ponam
1553 1763 1710 1816 super
1741 1747 1985 1801 thronum

401 1841 566 1883 tuum.
602 1830 760 1886 Prior
787 1833 972 1904 itaque
1004 1834 1173 1891 David
1199 1837 1405 1906 juravit
1424 1856 1446 1904 ;Δ
1467 1838 1664 1893 deinde
1692 1839 1865 1893 vicem
1895 1854 1984 1893 rc~

2088 644 2116 694 6
2148 641 2298 704 Θεδς,
2334 639 2474 694 δοκῶ
2523 657 2612 710 μοι
2644 638 2846 710 ταύτην
2885 638 3195 720 εὑρηκένμι,
3226 641 3521 694 καταλαϐὼν
3542 646 3613 698 καί

2089 734 2250 787 αὑτὸν
2286 734 2376 787 τὸν
2415 732 2576 788 Δαυῖδ
2607 733 2754 804 ὅρκῳ
2780 734 3117 804 κεχρημένον
3141 731 3245 802 πρὸ
3275 733 3371 802 τῆς
3402 735 3518 804 πρὸς
3539 737 3612 789 αὑ·

2088 825 2178 878 τὸν
2201 824 2534 893 ἐπαγγελίας
2561 823 2654 878 τοῦ
2685 822 2840 876 Θεοῦ.
2859 823 3233 894 Ὀμωμοκέναι
3257 822 3312 874 δὲ
3340 823 3486 877 αὑτὸν
3509 826 3615 880 6:65:-

2091 937 2209 972 σκει
2236 918 2295 970 τὸ
2329 918 2469 972 θεῖον
2496 917 2724 988 Πνεῦμα
2760 918 2818 968 ὲν
2842 915 2955 987 ρλα⁹
2978 915 3135 984 λέγον
3153 931 3165 942 ·
3191 915 3510 982 Μνήσθητι,
3533 922 3616 972 Κύ-

2080 1029 2194 1079 ριε,
2223 1011 2330 1065 τοῦ
2365 1010 2564 1076 Δαυῒδ,
2593 1009 2694 1064 καὶ
2716 1009 2918 1075 πάσης
2941 1007 3052 1075 τῆς
3076 1008 3408 1075 πραΰτητος
3438 1011 3614 1064 αὐτοῦ·

2088 1105 2168 1170 ὼς
2206 1101 2403 1172 ὠμοσε
2447 1101 2526 1168 τῷ
2564 1103 2780 1170 Κιιρίῳ,
2805 1099 3031 1169 ηὔξατο
3058 1096 3138 1164 τῷ
3171 1098 3293 1164 Θεῷ
3329 1101 3537 1154 Ἰακώϐ·
3569 1105 3617 1156 Et

2088 1195 2510 1263 εἰσελεύσομαι
2538 1195 2624 1260 εὶς
2652 1191 2945 1262 σκήνωμα
2975 1191 3145 1246 οἴκου
3182 1209 3326 1260 μου,
3355 1193 3406 1244 ει
3449 1193 3620 1258 ἀναϐή-

2089 1303 2269 1356 σομαι
2295 1286 2394 1339 ἐπὶ
2426 1287 2643 1352 κλίνης
2671 1282 2990 1353 στρωμνῆς
3017 1302 3135 1353 μου
3159 1298 3174 1313 ⁸
3199 1286 3254 1337 εὶ
3280 1283 3444 1337 δώσω
3470 1285 3621 1338 ὕπνον

2088 1380 2210 1446 τοῖς
2252 1378 2579 1448 ὀφθαλμοῖς
2603 1394 2744 1447 μου,
2775 1377 2873 1431 καὶ
2900 1377 3024 1444 τοῖς
3060 1374 3395 1445 βλεφάροις
3415 1394 3520 1446 μου
3542 1396 3619 1432 νυ-

2087 1471 2376 1542 σταγμόν,
2405 1471 2516 1538 ἓως
2548 1466 2619 1526 οὗ
2646 1469 2798 1538 εὕρω
2826 1471 3013 1523 τόπον
3036 1469 3116 1536 τῷ
3140 1469 3364 1538 Κυρίῳ,
3388 1470 3622 1539 σκήνωμα

2087 1563 2168 1630 τῷ
2211 1562 2332 1628 Θεῷ
2374 1560 2590 1616 Ἰακώϐ.
2625 1559 2861 1614 Τοιαῦτα
2894 1560 3177 1632 εὐξαμένῳ
3209 1562 3306 1614 καὶ
3349 1562 3622 1629 ἐπαγγειλα-

2091 1656 2236 1728 μένῳ
2279 1655 2357 1726 τῷ
2400 1654 2584 1719 Δαυῒδ,
2624 1653 2718 1706 καὶ
2764 1655 2856 1706 ὲτέι
2896 1653 3160 1717 τοιούτοις
3213 1654 3622 1724 ὀμωμοκότι,τὶ;ν

2089 1748 2211 1820 ἴσην
2237 1747 2471 1819 ἀμοιϐὴν
2502 1745 2800 1808 ἀντιδιδοὺς
2833 1748 2862 1800 6
2895 1746 3026 1810 Θεὸς
3059 1745 3230 1815 αὐτῷ,
3272 1745 3537 1814 ἀπομνὺει
3557 1748 3625 1798 καὶ

2087 1842 2267 1908 αὐτὸς,
2292 1842 2386 1894 καὶ
2428 1837 2926 1907 ἀντεπαγγέλλεται
2965 1837 3024 1890 ἓν
3063 1837 3178 1890 ἀνθ’
3207 1838 3329 1901 ὲνὺς
3360 1837 3533 1900 διδοὺς,
3556 1837 3625 1889 καῖ

399 1922 650 1993 pendens
677 1923 843 1991 Deus,
879 1935 1074 1982 mutuo
1123 1939 1177 1985 et
1203 1905 1330 2000 ipse
1359 1929 1574 2000 juravit.
1604 1948 1618 1986 :
1657 1929 1806 2000 prior
1855 1930 1898 1983 it

2123 1948 2237 2004 ρκῳ
2254 1905 2344 1984 τὸν
2365 1930 2525 2000 ὅρκον
2552 1905 2934 2000 ἀμειϐόμενος.
2955 1929 3155 2000 Διόπερ
3183 1928 3244 1980 ὲν
3268 1927 3415 1997 αὐτῷ
3434 1927 3500 1997 τῷ
3523 1928 3623 1999 ρλιί,

400 2016 592 2082 David,
630 2019 719 2088 pia
757 2026 939 2074 motus
976 2022 1326 2091 cogitatione,
1361 2021 1642 2092 quidpiam
1687 2022 1797 2078 Deo
1827 2023 1986 2093 polli-

397 2109 541 2165 citus
573 2119 689 2178 est;
723 2111 852 2166 hinc
888 2111 1031 2169 Deus
1071 2130 1171 2170 ceu
1215 2115 1444 2185 gratiam
1500 2118 1676 2187 gratia
1720 2131 1981 2186 pensans,

397 2200 501 2270 ipsi
548 2203 666 2258 vice
697 2219 857 2260 versa
889 2207 1164 2274 promisit,
1210 2207 1514 2263 secundum
1561 2207 1861 2264 Salvatoris
1885 2224 1983 2262 no-

395 2292 498 2348 stri
554 2310 718 2351 voces
770 2313 894 2367 quae
931 2298 1012 2352 sic
1037 2298 1263 2359 habent.
1305 2299 1370 2352 In
1400 2317 1506 2370 qua
1540 2316 1793 2354 mensura
1817 2302 1986 2354 mensi

396 2383 629 2453 fueritis,
663 2389 964 2442 remetiatur
998 2389 1160 2444 vobis.
1217 2389 1528 2446 Mansuram
1567 2391 1780 2458 bonam,
1804 2393 1980 2462 agita-

396 2484 528 2539 tam,
562 2493 937 2546 compressam,
973 2484 1439 2553 supereﬂluentem,
1471 2484 1672 2538 dabunt
1715 2485 1769 2538 in
1803 2487 1976 2540 sinum

395 2575 626 2622 vestrum
652 2570 716 2625 ¹⁷.
752 2569 881 2636 Qua.
902 2588 1158 2627 mensura
1194 2574 1362 2646 igitur
1400 2575 1570 2630 David
1614 2593 1838 2634 mensus
1872 2587 1978 2643 est,

396 2673 520 2712 eum
552 2675 619 2714 ex
652 2661 796 2715 bona
825 2670 880 2717 et
912 2664 1168 2734 religiosa
1211 2667 1546 2736 Cogitatione
1587 2679 1977 2740 congruentem

397 2751 824 2819 promissionem.
858 2755 1078 2825 juratus
1121 2758 1293 2822 dedit,
1329 2759 1517 2814 eadem
1577 2777 1834 2816 mensura
1895 2777 1982 2816 re-

395 2858 624 2914 pensum
657 2847 734 2900 illi
764 2856 872 2912 est,
901 2863 966 2904 ac
1003 2849 1143 2904 datae
1163 2860 1294 2906 sunt
1325 2853 1402 2906 illi
1436 2854 1828 2910 retributiones
1854 2871 1980 2926 pro-

397 2935 798 3010 missionesque
820 2955 944 2994 eum
981 2941 1298 3010 juramente
1331 2941 1448 2996 Dei.

2085 2027 2144 2078 ὲν
2171 2017 2215 2092 ᾧ
2243 2023 2460 2091 λέγεται
2505 2022 2856 2091 ὀμωμοκέναι
2884 2022 2913 2075 6
2951 2018 3144 2083 Δαυῗδ,
3182 2020 3449 2090 συνῆπται
3483 2019 3624 2090 ἑξῆςή

2085 2117 2178 2170 τοῦ
2231 2116 2386 2185 ἁγίου
2430 2115 2748 2186 Πνεῦματος
2790 2113 3083 2186 μαρτυρία,
3129 2108 3236 2166 ὧδέ
3281 2128 3359 2182 πη
3403 2111 3624 2181 λέγουσα·

2089 2212 2306 2279 Ὧμοσε
2338 2211 2550 2276 Κύριος
2574 2207 2653 2273 τῷ
2679 2206 2862 2262 Δαυῒδ
2881 2204 3189 2272 ἀλήθειαν,
3221 2204 3321 2257 καὶ
3348 2207 3418 2258 οὺ
3434 2205 3510 2272 μὴ
3535 2207 3626 2258 d08-

2087 2302 2260 2368 τήσει
2283 2301 2490 2354 αὐτόν.
2509 2300 2606 2352 Ἐκ
2624 2297 2854 2367 καρποῦ
2883 2295 2994 2365 τῆς
3024 2297 3262 2363 κοιλίας
3282 2311 3399 2350 σου
3421 2295 3626 2366 θήσομαι

2085 2393 2183 2446 ἐπὶ
2206 2392 2312 2446 τοῦ
2331 2393 2546 2460 θρόνου
2567 2406 2704 2445 σου.
2731 2387 2940 2443 Οὐκοῦν
2967 2387 3182 2459 πρῶτος
3204 2387 3419 2459 ὤμοσεν
3443 2391 3469 2441 6
3485 2389 3624 2450 Δαυῖδ,

2087 2483 2208 2540 εἶτα
2236 2484 2596 2556 ἀμειϐόμενος
2630 2483 2790 2534 αὑτὸν
2811 2483 2839 2534 6
2862 2480 3016 2544 Θεὸς,
3046 2480 3392 2550 ἀντωμοσίαν
3417 2479 3535 2551 πρὸς
3559 2479 3628 2531 αὖε

2086 2578 2178 2632 τὸν
2202 2577 2526 2647 ἐποιήσατο·
2553 2576 2647 2629 καὶ
2684 2572 2897 2644 πρῶτος
2926 2574 2954 2625 6
2977 2571 3161 2634 Δαυῖδ,
3199 2573 3415 2625 εὐσεϐεῖ
3434 2571 3626 2642 λογισμῷ

2089 2670 2352 2742 κινηθεὶς,
2381 2666 2747 2738 ὲπηγγεέλατό
2774 2683 2827 2719 τι
2855 2664 2933 2736 τῷ
2956 2663 3076 2734 Θεῷ
3094 2680 3108 2694 ο
3134 2659 3257 2718 εἶτα
3285 2665 3443 2718 πάλιν
3466 2667 3491 2717 6
3511 2663 3625 2727 856;,

2091 2762 2278 2833 ὥσπερ
2313 2759 2609 2824 ἀντιδιδοὺς
2641 2757 2787 2828 αὐτῷ
2814 2757 2970 2829 χάριν
3011 2755 3130 2810 ἀντὶ
3175 2757 3420 2828 χάριτος,
3456 2756 3536 2809 καὶ
3563 2755 3630 2807 αὑ-

2086 2857 2177 2920 τὸς
2211 2851 2674 2924 ἀντεπηγγείλατο
2703 2853 2821 2914 ταῖς
2850 2848 2943 2901 τοῦ
2972 2848 3230 2919 Σωτῆρος
3261 2848 3419 2918 ἡμῶν
3450 2846 3627 2900 ἀκολού-

2089 2947 2196 3011 θως
2225 2949 2450 3014 φωναῖς,
2478 2944 2544 2997 δι’
2571 2936 2646 2997 ὧν
2673 2959 2834 3012 φησιν
2855 2958 2868 2972 ·
2905 2936 2981 3010 ⁷ῼ
3011 2940 3211 3010 μέτρῳ
3258 2939 3533 3008 μετρεῖτε,
3549 2939 3629 3013 όν..

392 3031 880 3101 τιμετρηθήσεται
911 3032 1073 3102 ὑμῖν.
1109 3032 1343 3102 Μέτρον
1373 3035 1583 3098 καλὸν.
1615 3037 2103 3104 σεσαλευμένον,
2143 3036 2568 3106 πεπιεσμένον,
2609 3033 3190 3102 ὑπερεκχυνόμενον,
3242 3029 3533 3085 δώσουσιν
3568 3034 3629 3097 εις

393 3125 499 3178 τὸν
525 3126 756 3180 κόλπον
778 3125 964 3196 ὑμῶν.
997 3120 1069 3178 Ὦ
1098 3127 1285 3198 μέτρῳ
1328 3127 1506 3180 τοίνυν
1555 3129 1649 3182 καὶ
1678 3130 1706 3181 6
1738 3129 1904 3183 Δαυῒδ
1957 3132 2292 3205 ἐμέτρησεν,
2323 3133 2408 3184 ἐπ’
2456 3128 2646 3200 ἀγαθῷ
2698 3127 2792 3181 καὶ
2820 3125 3062 3180 θεοσεϐεῖ
3088 3124 3338 3197 λογισμῷ
3366 3124 3627 3198 πρέπουσαν

387 3220 738 3288 ἐπαγγελίαν
764 3221 881 3292 μεθ’
937 3221 1104 3292 ὅρκου
1137 3221 1526 3292 ποιησάμενος,
1554 3223 1929 3295 ἀντεμετρήθη
1997 3225 2166 3297 αὐτῷ,
2236 3227 2331 3281 καὶ
2362 3225 2592 3279 δίδονται
2627 3224 2774 3296 αὑτῷ
2806 3221 3054 3294 ἀμοιϐαὶ,
3089 3223 3146 3276 αἱ
3192 3221 3508 3291 ἐπαγγελίαι
3539 3220 3627 3292 μεθ’

393 3315 748 3386 ὁρκωμοσίας.
771 3314 934 3369 Θεοῦσ

464 3434 604 3502 Quid
635 3435 740 3490 sibi
770 3435 900 3490 velit
930 3443 1110 3492 autem
1139 3437 1229 3490 illa
1265 3437 1483 3492 Davidis
1515 3454 1639 3492 cum
1664 3439 1964 3509 juramentt

2161 3439 2225 3492 Τί
2255 3438 2312 3492 δὲ
2343 3436 2589 3508 βούλεται
2617 3436 2650 3506 ἡ
2683 3432 2777 3486 τοῦ
2807 3431 2970 3497 Δαυῖδ
3006 3430 3126 3501 μεθ’
3157 3431 3326 3502 ὅρκου
3357 3427 3624 3498 ἐπαγγελία,

394 3525 740 3598 pollicitatio,
768 3525 883 3595 jam
922 3527 1261 3598 perpendere
1295 3537 1666 3599 opportunum
1692 3531 1816 3586 erit.
1847 3528 1984 3584 Cum

393 3618 605 3674 videret
636 3627 830 3689 gentes
884 3633 980 3688 per
1016 3626 1192 3673 totum
1248 3621 1437 3675 orbem
1473 3620 1749 3676 diabolica
1787 3623 1987 3677 multo-

395 3726 518 3765 rum
553 3711 842 3765 numinum
879 3712 1055 3765 errori
1100 3711 1402 3782 subjectas,
1435 3729 1500 3768 ac
1553 3714 1756 3784 ubique
1812 3721 1988 3769 terra-

397 3817 516 3856 rum
573 3802 797 3873 templa,
830 3802 1085 3869 delubra,
1121 3820 1280 3860 sacra
1339 3806 1596 3877 malignis
1643 3807 1986 3862 daemonibus

395 3909 492 3964 per
535 3893 722 3957 urbes,
754 3894 1011 3965 regiones
1052 3904 1108 3950 et
1130 3896 1282 3952 vicos
1309 3898 1570 3963 excitata,
1613 3914 1677 3954 ac
1703 3900 1759 3954 in
1785 3899 1988 3953 monti-

395 3983 498 4039 bus
557 3991 612 4038 et
667 3985 901 4040 collibus
959 3985 1264 4056 improbam
1322 3988 1469 4041 illam
1517 3997 1583 4052 et,
1615 3989 1986 4046 adversariam

395 4082 717 4146 potestatem
774 4076 919 4146 apud
982 4091 1174 4134 omnes
1232 4078 1482 4135 homines
1552 4081 1834 4144 honorari,
1889 4080 1985 4135 Dei

396 4174 580 4221 autem
612 4167 855 4221 omnium
893 4168 1107 4238 upilicis
1138 4177 1194 4224 et
1225 4172 1534 4227 conditoris
1581 4186 1650 4227 ne
1701 4172 1984 4226 minimam

395 4274 627 4329 usquam
673 4261 992 4314 memoriam
1035 4262 1277 4329 servari;
1310 4264 1378 4319 de
1427 4281 1486 4320 re
1529 4266 1624 4319 tali
1665 4266 1986 4320 vulneratus

395 4352 601 4412 animo.
622 4352 877 4422 bonoque
897 4353 1080 4408 studio
1103 4354 1384 4421 incensus,
1409 4359 1712 4412 secundum
1748 4374 1871 4412 eum
1891 4357 1982 4427 qui

394 4441 554 4506 dixit,
569 4438 694 4496 Zeto
713 4443 916 4497 zelatus
943 4460 1063 4497 sum
1085 4444 1390 4511 Domino“,
1412 4457 1596 4501 votum
1622 4449 1768 4502 vovit
1793 4456 1847 4503 et
1867 4463 1989 4517 pro—

395 4532 712 4588 missionem
732 4533 924 4601 edidit,
947 4551 1110 4604 quam
1127 4535 1490 4605 jurejurando
1515 4539 1805 4606 astrinxit;
1841 4538 1990 4593 vide-

399 4623 521 4677 licet
546 4624 1136 4693 seprimum,omnium
1157 4628 1268 4697 regi
1291 4626 1400 4682 Deo
1422 4630 1681 4697 templum
1699 4638 1752 4684 et
1765 4646 1982 4686 sacrum

395 4716 449 4768 iu
463 4722 609 4769 terra
625 4715 1076 4781 excitaturumjn
1099 4733 1209 4788 quo
1229 4719 1641 4775 tabernaculum
1659 4723 1980 4788 testimonii,

391 4814 448 4861 et
495 4823 689 4862 arcam
723 4807 1061 4865 Testamenli
1114 4826 1145 4865 a
1205 4810 1392 4883 Moyse
1443 4813 1506 4867 in
1558 4815 1782 4871 deserto
1816 4817 1976 4888 jussu
2011 4807 2057 4864 Ι)

391 4899 489 4955 Dei
529 4909 932 4966 constructam,
967 4901 1288 4974 deponeret.
1335 4904 1471 4959 Nam
1522 4905 1615 4960 illa
1647 4908 1714 4962 ad
1764 4920 1978 4981 tempus

391 5007 568 5063 usque
609 4991 836 5049 Davidis
875 4994 1310 5066 circumquaque
1355 4996 1656 5063 ferebatur,
1705 5009 1766 5054 et
1799 5015 1830 5054 a
1860 5002 1982 5056 loco

392 5087 447 5140 in
488 5087 691 5149 locum,
740 5101 806 5140 ac
848 5087 1014 5141 modo
1052 5089 1108 5142 in
1151 5087 1396 5159 Galgala,
1432 5091 1596 5145 modo
1626 5091 1681 5145 in
1731 5091 1980 5149 Manase-

390 5177 522 5247 plna,
554 5192 678 5232 mox
707 5178 764 5231 in
795 5176 932 5239 Silo,
985 5179 1282 5249 aliquando
1313 5182 1456 5252 apud
1492 5182 1821 5255 allophylos,
1853 5185 1979 5240 inde

391 5269 448 5322 in
502 5267 780 5340 Besamys,
815 5271 944 5325 hinc
985 5272 1041 5326 in
1081 5271 1466 5339 C‘arialhirim',
1515 5285 1705 5344 postea
1755 5277 1810 5329 in
1871 5277 1974 5332 d'o-

390 5372 541 5414 mum
565 5361 894 5430 Aminadab,
918 5363 1055 5420 iude'
1077 5365 1131 5418 in
1160 5365 1383 5420 domum
1416 5367 1974 5435 Abeddara,advecta

391 5449 530 5515 fuit,
565 5453 709 5508 unde
749 5469 868 5509 eam
921 5455 978 5508 in
1021 5458 1211 5511 urbem
1262 5455 1394 5512 Sion
1453 5457 1623 5513 David
1668 5461 1969 5514 transtulit.

392 5543 548 5609 Quod
577 5545 668 5601 ille
697 5550 1070 5618 conspicatus,
1109 5550 1332 5605 domum
1375 5567 1589 5607 sacram
1621 5561 1675 5609 et
1709 5555 1971 5624 templum

391 5636 634 5693 excitare
665 5639 946 5709 cogitavit,
984 5641 1074 5696 ubi
1099 5658 1280 5698 arcam
1305 5641 1401 5700 Dei
1446 5645 1747 5716 deponeret
1778 5655 1831 5702 et
1860 5656 1974 5701 sta-

2089 3531 2364 3602 θεωρῆσαι
2395 3528 2604 3600 καιρός.
2623 3525 2794 3598 Ὁρῶν
2825 3523 2894 3577 τὰ
2928 3522 3050 3577 καθ’
3073 3523 3202 3602 ὅλης
3229 3523 3330 3595 τῆς
3357 3519 3625 3590 οἰκουμένης

2089 3623 2213 3694 ἔθνη
2245 3624 2310 3694 τῇ
2344 3623 2632 3692 δαιμονικῇ
2673 3620 2769 3672 καὶ
2798 3616 3045 3688 πολυθέῳ
3073 3615 3252 3687 πλάνῃ
3281 3610 3622 3683 δεδουλωμένα,

2088 3715 2184 3768 καὶ⁹
2228 3712 2503 3783 πανταχοῦ
2547 3711 2653 3782 γῆς
2703 3710 2864 3774 ναοὺς
2903 3709 2999 3762 καὶ
3041 3706 3246 3779 τεμένη
3293 3707 3386 3760 καὶ
3415 3705 3521 3774 ἱερὰ
3546 3705 3624 3764 τάς

2089 3809 2346 3877 πονηροῖς
2386 3803 2635 3873 δαίμοσιν
2669 3801 3104 3873 ἀνεγηγερμένα,
3145 3799 3203 3852 ἕν
3247 3817 3310 3852 τε
3352 3799 3523 3851 πόλεσι
3558 3795 3624 3848 καὶ

2088 3895 2293 3966 χώραις
2317 3895 2410 3948 καὶ
2436 3893 2668 3965 κώμαις,
2703 3895 2762 3946 ὲν
2791 3892 2942 3964 ὄρεσι
2987 3909 3046 3944 τε
3093 3890 3186 3944 καὶ
3220 3889 3428 3960 βουνοῖς
3455 3888 3539 3957 τὴν
3561 3904 3625 3937 που

2088 3987 2261 4058 νηράν
2288 3986 2382 4040 καὶ
2414 3984 2799 4056 ἀντικειμένην
2831 3983 3058 4054 δύναμιν
3094 3981 3248 4054 παρὰ
3279 3983 3438 4034 πᾶσιν
3462 3976 3622 4048 ἀνθρώ-

2090 4097 2213 4143 ποις
2238 4079 2552 4149 τιμωμένην
2572 4095 2584 4108 ·
2623 4077 2757 4130 Θεοῦ
2782 4075 2839 4129 δὲ
2864 4074 2957 4129 τοῦ
2988 4075 3208 4128 πάντων
3243 4072 3462 4144 ποιητοῦ
3488 4089 3537 4124 τε
3555 4071 3621 4122 καὶ

2087 4169 2420 4242 δημιουργοῦ
2458 4168 2708 4240 μηδαμοῦ
2742 4169 2961 4239 μνήμην
2988 4166 3140 4237 παρά
3165 4181 3279 4220 τισι
3308 4163 3618 4235 γιγνομένην·

2087 4263 2306 4335 δηχθεϊς
2335 4263 2436 4334 τὴν
2467 4261 2647 4333 ψυχὴν
2677 4263 2768 4314 ἐπὶ
2801 4261 2881 4332 τῷ
2902 4262 3210 4334 πράγματι,
3239 4263 3334 4315 καὶ
3362 4259 3506 4330 ζῆλον
3523 4261 3620 4326 ἀγει-

2089 4354 2180 4408 θδν
2213 4353 2483 4426 ζηλώσας,
2524 4354 2665 4407 κατά
2707 4353 2800 4406 τὸν
2847 4354 3102 4406 εἰπόντα·
3159 4352 3364 4422 Ζῆλον
3403 4351 3620 4419 ἐόξλωσα

2088 4447 2168 4514 τῷ
2208 4447 2421 4516 Κυρίῳ,
2455 4445 2618 4517 εὐχὴν
2655 4445 2879 4516 ηὔξατο,
2907 4448 3002 4499 καὶ
3032 4446 3368 4515 ἐπαγγελίαν
3408 4439 3617 4512 ἐπηγγεί-

2087 4544 2235 4606 λατο,
2263 4543 2358 4595 καὶ
2385 4540 2589 4610 ταύτην
2618 4540 2765 4611 ὅρκῳ
2793 4539 3126 4610 κατεδήσατο
3153 4535 3190 4611 ἦ
3220 4540 3328 4611 μὴν
3348 4539 3421 4609 τῷ
3446 4533 3617 4606 παμϐα-

2091 4635 2228 4688 σιλεῖ
2259 4632 2378 4704 Θεῷ
2413 4631 2629 4702 πρῶτος
2655 4630 2788 4684 νεὼν
2814 4631 2907 4685 ἐπὶ
2934 4633 3038 4703 γῆς
3061 4632 3153 4684 καὶ
3183 4631 3327 4703 ἱερὸν
3349 4631 3490 4697 ἅγιον
3510 4627 3614 4679 οἱκο-

2086 4729 2364 4798 δομήσειν,
2400 4726 2528 4779 ἔνθα
2567 4723 2664 4796 τὴν
2705 4723 2910 4795 σκηνὴν
2961 4724 3054 4776 τοῦ
3109 4722 3404 4796 μαρτυρίου
3444 4715 3614 4785 ait???

2088 4818 2317 4874 κιὸωτδν
2369 4816 2467 4887 τῆς
2516 4815 2794 4889 Διαθήκης
2834 4817 2934 4887 τὴν
2968 4817 3072 4868 ὑπὸ
3101 4817 3377 4880 Μωῦσέως
3409 4813 3528 4868 κατὰ
3545 4809 3613 4879 τὴν

2088 4913 2293 4986 ἔρημον
2352 4911 2419 4962 ἐκ
2474 4907 2894 4981 προστάγματος
2955 4907 3090 4960 Θεοῦ
3138 4904 3612 4960 κατασκευασθεῖσαν

2087 5002 2422 5074 ἀποθέμενος
2448 5000 2802 5055 ἀναπαύσειν.
2833 4989 3138 5072 ⁸Περιήγετο
3163 4999 3294 5068 γοῦν
3322 4990 3414 5051 ὦδε
3441 4993 3610 5048 κάκεῖσε

2091 5097 2252 5168 μέχρι
2285 5094 2394 5149 τῶν
2425 5094 2520 5148 τοῦ
2547 5093 2711 5148 Δαυῖδ
2737 5093 2945 5164 χρόνων
2973 5092 3140 5146 τόπου
3169 5085 3606 5163 μετακομιζομένην

2088 5185 2218 5238 ποτε
2254 5185 2352 5255 μὲν
2384 5187 2441 5238 ὲν
2472 5184 2790 5252 Γαλγάλοις,
2827 5183 2958 5236 ποτέ
2987 5183 3045 5236 δὲ
3079 5185 3136 5236 ὲν
3170 5182 3482 5252 Μανασῆφα,
3515 5173 3606 5227 πΰτὲ

2084 5278 2139 5331 δὲ
2167 5281 2224 5331 ὲν
2249 5277 2425 5350 Σηλὼ,
2455 5277 2550 5330 καὶ
2575 5275 2761 5330 ἄλλοτε
2797 5274 3282 5346 παρ”ἀλλοφύλοις,
3308 5270 3530 5328 κάκεῖθεν
3552 5264 3605 5322 εἰς

2085 5371 2356 5439 Βεσαμὺς,
2389 5370 2540 5424 ένθεν
2599 5371 2677 5433 εἰς
2730 5367 3158 5441 Καρειαθιρείμ·
3209 5363 3324 5420 εἶτα
3378 5368 3448 5426 εἰς
3498 5355 3602 5412 οἷκον

2099 5463 2394 5534 Ἀμιναδάϐ
2413 5480 2426 5493 ·
2453 5463 2710 5517 κάκεῖθεν
2741 5464 2819 5526 εἰς
2854 5457 3003 5515 οἷκον
3049 5459 3337 5530 Ἀϐεδδαρά
3355 5476 3366 5486 ο
3395 5454 3523 5509 ἔνθεν
3546 5448 3599 5506 εἰς

2085 5553 2222 5608 Σιὼν
2255 5555 2354 5626 τὴν
2403 5555 2556 5608 πόλιν
2581 5556 2610 5607 6
2643 5553 2804 5609 Δαυῒδ
2839 5552 3303 5624 μετεστήσατο,“0
3333 5549 3391 5620 δὴ
3424 5537 3597 5598 συνιδὼν

2083 5646 2386 5716 γινόμενον,
2418 5647 2664 5718 διενοήθη
2694 5643 2842 5700 οἷκον
2881 5644 3027 5715 ἱερὸν
3075 5646 3282 5713 ἐγεῖραι
3316 5641 3401 5695 καὶ
3416 5635 3522 5691 ναὸν
3540 5627 3592 5686 ολ-

471 5877 510 5910 ¹”’
555 5878 742 5933 Matth.
779 5896 888 5935 vn.
923 5882 999 5940 ‘2;
1046 5881 1176 5938 Luc.
1216 5901 1302 5945 v1.
1338 5887 1424 5940 38.
1509 5889 1549 5920 "
1585 5887 1648 5940 l'll
1684 5886 1812 5948 Reg.
1856 5904 1971 5950 xix,

779 5896 888 5935 vn.
923 5882 999 5940 ‘2;
1046 5881 1176 5938 Luc.
1216 5901 1302 5945 v1.
1338 5887 1424 5940 38.
1509 5889 1549 5920 "
1585 5887 1648 5940 l'll
1684 5886 1812 5948 Reg.
1856 5904 1977 5950 xix,
2031 5887 2111 5950 l0,
2157 5889 2236 5942 Ην.
