3798 6282
163 410 288 468 1077

1195 395 1699 454 COMMENTARIA
1735 391 1804 449 ΙΝ
1841 390 2182 450 PSALMOS.

3253 392 3390 447 1078

159 522 460 594 κοδομῆσαι,
492 519 726 574 ἐνταῦθα
747 535 804 571 τε
827 516 924 587 τὴν
951 515 1182 568 κιϐωτὸν
1211 514 1423 587 ἱδρῦσαι
1437 514 1532 567 τοῦ
1554 511 1711 566 Θεοῦ.

1826 511 2017 565 biliret.
2050 509 2168 574 Qua
2202 507 2268 563 de
2301 522 2359 563 re
2380 507 2547 561 David
2577 506 2809 563 Domino
2832 506 3062 577 juravit,
3112 513 3166 561 et
3206 512 3390 560 votum

160 616 257 669 Καὶ
285 611 408 684 περὶ
438 609 626 664 τούτου
651 609 831 680 ὤμοσε
868 607 1028 661 Δαυῖδ
1050 606 1129 678 τῷ
1159 606 1368 679 Κυρίῳ,
1399 609 1492 659 καὶ
1515 604 1716 676 ηὔξατο

157 701 226 771 τῷ
255 698 367 770 Θεῷ
408 697 600 752 Ἰακὼό
632 697 835 766 λέγων’
872 700 943 750 Εἰ
972 697 1394 765 εἰσελεύσομαι
1431 698 1518 762 εἰς
1561 697 1714 764 σκή-

156 809 307 863 νωμα
331 793 497 845 οἴκου
515 809 659 859 μου,
683 793 735 844 εἰ
762 789 1137 859 ἀναϐήσομαι
1160 789 1258 842 ἐπὶ
1284 790 1497 857 κλίνης
1527 807 1715 858 στρω--

151 882 300 954 μνῆς
314 898 454 951 μου,
482 883 535 934 εἰ
559 878 731 933 δώσω
761 879 957 934 ὕπνον
979 879 1103 945 τοῖς
1132 879 1461 949 ὀφθαλμοῖς
1471 897 1589 947 μου
1617 880 1714 933 καί

156 976 267 1043 τοῖς
287 973 617 1044 βλεφάροις
653 991 772 1042 μου
803 972 1170 1042 νυσταγμὸν,
1201 973 1312 1040 ἕως
1345 970 1416 1029 οὗ
1441 974 1594 1041 εὕρω
1624 975 1718 1026 τό-

154 1083 261 1122 πον
285 1065 362 1132 τῷ
386 1066 600 1134 Κυρίῳ,
626 1063 1020 1135 σκήνωμα.τῷ
1051 1064 1172 1131 Θεῷ
1211 1065 1422 1119 Ἰακώϐ.
1454 1065 1644 1119 Ταῦτα
1662 1064 1719 1118 δὲ

154 1159 305 1216 αὑτοῦ
347 1159 737 1230 διανοηθέντος,
781 1159 880 1231 τὴν
927 1159 1024 1230 μὲν
1067 1159 1388 1230 προαίρεσιν
1425 1158 1525 1228 τῆς
1567 1159 1719 1212 εὐσε-

153 1253 291 1316 ϐείας
321 1251 638 1322 ἀποδέχεται
662 1252 690 1304 ὁ
720 1252 851 1315 Sed;
870 1267 886 1282 ·
911 1252 972 1304 οὐ
1007 1252 1112 1322 μὴν
1141 1252 1424 1324 ἐπιτρέπει
1458 1252 1551 1304 τὸν
1572 1247 1718 1305 οἷκον

152 1343 415 1413 γενέσθαιο
451 1343 525 1415 μὴ
555 1344 664 1415 γὰρ
693 1343 897 1397 δεῖσθαι
941 1343 1076 1396 Θεὸν
1103 1343 1230 1398 ὄντα
1257 1345 1406 1398 οἴκου
1437 1344 1715 1414 αἰσθητοῦ,

155 1437 268 1507 μηδ’
289 1437 346 1501 ἐξ
365 1436 587 1506 ἀψύχων
615 1436 778 1490 λίθων
810 1436 1098 1507 οἰκοδομῆς
1132 1438 1532 1508 συστησομένου
1558 1455 1570 1467 ·
1603 1437 1717 1490 ἀλλ’

151 1532 194 1581 εἰ
217 1530 317 1599 ἄρα
351 1531 517 1600 ὲχρῆν
553 1528 685 1582 Θεὸν
717 1530 885 1584 οἰκεῖν
913 1531 1005 1582 ἐπὶ
1032 1531 1153 1601 γῆς,
1191 1532 1255 1584 ὲκ
1285 1531 1597 1601 σπέρματος
1624 1531 1720 1583 αὐ-

147 1619 251 1683 τοῦ,
276 1619 366 1672 τοῦ
393 1620 554 1673 Δαυῒδ
582 1621 1005 1692 προελεύσεσθαι
1025 1623 1117 1675 τὸν
1138 1622 1525 1693 ὑποδεξάμενον
1551 1621 1716 1676 αὐτοῦ

149 1712 237 1781 τὴν
268 1712 515 1783 θεότητα.
553 1713 614 1776 ὃς
650 1714 744 1767 καὶ
776 1714 1118 1785 οἰκοδομήσει
1150 1713 1228 1785 τῷ
1254 1714 1373 1786 Θεῷ
1404 1715 1622 1780 ἐπάξιον
1646 1717 1720 1767 ἱε-

149 1804 233 1874 ρὸν
263 1799 408 1857 οἷκον
446 1806 541 1858 καὶ
575 1805 700 1859 ναὸν
722 1806 896 1875 ἅγιον,
922 1799 982 1860 οὗ
1011 1807 1101 1861 τὸν
1132 1807 1320 1879 Θρόνον
1349 1808 1429 1872 εἰς
1461 1808 1551 1861 τὸν
1581 1808 1720 1878 σύμ-

148 1913 315 1949 παντα
342 1897 652 1970 διαρκέσειν
679 1898 872 1954 αἰῶνα.
891 1899 1116 1970 Ἐδήλου
1141 1900 1197 1952 δὲ
1226 1899 1335 1971 ἄρα
1366 1900 1458 1953 τὸν
1486 1901 1719 1972 Χριστὸν

146 1986 298 2042 αὐτοῦ
336 1989 428 2041 τὸν
472 1991 536 2042 ὲκ
567 1989 884 2061 σπέρματος
920 1990 1083 2044 Δαυῒδ
1121 1991 1264 2046 κατὰ
1293 1991 1470 2063 σάρκα
1497 1989 1720 2063 γενησό-

148 2097 314 2150 μενον,
354 2079 452 2133 καὶ
499 2081 596 2152 τὴν
639 2081 708 2134 δι’
737 2080 903 2135 αὐτοῦ
941 2081 1062 2134 καθ’
1092 2083 1221 2154 ὅ)ης
1254 2082 1356 2154 τῆς
1395 2083 1720 2156 οἰκουμένης

147 2175 544 2247 ωστησομένην
577 2175 1051 2249 Ἐκκλησίαν.”οτι
1073 2178 1130 2232 δὲ
1154 2180 1308 2234 ταῦθ’
1334 2180 1507 2245 οὕτως
1528 2179 1714 2252 ἕχει,ἡ

143 2265 240 2320 τῶν
284 2267 583 2322 Βασιλειῶν
630 2269 814 2341 γραφὴ
862 2271 1050 2326 τοῦτον
1096 2271 1336 2327 διδάσκει
1369 2273 1458 2328 τὸν
1482 2274 1714 2346 τρόπον’

144 2357 240 2409 Καὶ
270 2357 508 2427 ἐγένετο
537 2359 636 2413 ὅτε
657 2357 899 2414 ἐκάθισε
930 2360 1112 2414 Δαυῒδ
1138 2363 1209 2414 ἑν
1229 2361 1308 2427 τῷ
1339 2362 1482 2430 οἴκῳ
1507 2364 1715 2430 αὑτοῦ,

145 2449 230 2501 καί
260 2450 474 2518 Κύριος
508 2455 1112 2524 κατεκληρονόμησεν
1142 2456 1329 2509 αὑτὸν
1372 2459 1574 2521 κύκλῳ
1599 2457 1719 2512 ἀπὸ

145 2536 372 2594 πάντων
398 2539 519 2596 τῶν
549 2543 776 2612 ἐχθρῶν
807 2545 966 2611 αὐτῷ
985 2565 998 2578 ·
1031 2548 1128 2602 καί
1157 2544 1326 2602 εἶπεν
1355 2551 1388 2603 ὁ
1418 2549 1718 2615 ,βασιλεὺς

147 2630 285 2696 πρὸς
312 2633 522 2688 Ναθὰν
551 2636 658 2689 τὸν
682 2637 1026 2706 προφήτην·
1068 2639 1216 2706 Ἰδοὺ
1256 2639 1334 2709 δὴ
1367 2640 1482 2711 ἐγὼ
1523 2657 1717 2694 κατοι-

144 2719 220 2771 κῶ
242 2721 310 2775 ἐν
333 2723 480 2790 οἴκῳ
507 2724 773 2794 κεδρίνῳ,
808 2728 906 2790 καὶ
941 2730 978 2798 η
1008 2727 1252 2797 κιϐωτὸς
1279 2730 1384 2786 τοῦ
1425 2731 1572 2785 Θεοῦ
1617 2731 1719 2786 κά-

145 2813 301 2878 θηται
333 2814 403 2867 ἐν
424 2814 597 2884 μέσῳ
641 2815 750 2884 τῆς
766 2819 1003 2887 σκηνῆς
1027 2836 1041 2851 ·
1071 2821 1129 2891 ἢ,
1158 2821 1228 2874 ἐν
1249 2821 1418 2890 μέσῳ
1439 2821 1716 2892 δέρῤεως,

143 2900 212 2965 ὡς
257 2904 288 2975 ὴ
335 2903 598 2978 Ἐὅραῖκὴ
657 2906 801 2972 λέξις
853 2910 1130 2980 σημαίνει.
1181 2910 1292 2964 Kal
1343 2907 1474 2965 εἷπε
1513 2913 1718 2968 Ναθὰν

145 3003 282 3063 προς
322 2996 433 3050 τὸν
469 2999 764 3062 βασιλέα·
804 3001 1008 3055 Πάντα
1035 3001 1152 3054 ὅσα
1177 3001 1254 3056 ἂν
1289 3002 1359 3056 ἐν
1396 3003 1474 3072 τῇ
1504 3003 1718 3073 καρδία

141 3100 250 3139 σου
283 3085 491 3150 ,ϐάδιζε
534 3088 635 3142 καί
675 3089 849 3155 ποίει,
896 3090 984 3144 ὅτι
1022 3092 1236 3160 Κύριος
1256 3092 1406 3162 μετὰ
1435 3093 1572 3148 σοῦ.
1604 3095 1716 3148 Καὶ

141 3176 365 3245 ἐγένετο
412 3177 490 3248 τῇ
530 3181 703 3234 νυκτί
739 3182 966 3251 ἐκείνῃ,
1004 3183 1101 3237 καὶ
1135 3184 1372 3254 ἐγένετο
1400 3185 1568 3255 ῥῆμα
1598 3191 1717 3241 Κυ-
1745 3207 1790 3267 C

135 3266 262 3334 ρίου
293 3269 448 3336 πρὸς
473 3271 677 3326 Ναθὰν
700 3271 922 3341 λέγων·
963 3276 1230 3342 Πορεύου
1263 3275 1413 3346 πρὸς
1437 3277 1548 3330 τὸν
1577 3277 1718 3332 δοῦ-

140 3360 247 3412 λον
268 3377 388 3428 μου
417 3361 618 3427 Δαυῒδ,
646 3363 744 3416 καί
773 3364 904 3418 εἰπέ
929 3382 942 3396 ο
990 3364 1134 3419 Τάδε
1164 3367 1325 3437 λέγει
1357 3369 1600 3439 Κύριος·
1637 3373 1720 3425 Οὐ

141 3452 216 3504 σὺ
262 3453 682 3524 οἰκοδομήσεις
722 3475 824 3527 μοι
872 3455 1042 3514 οἷκον
1089 3460 1194 3514 τοῦ
1235 3463 1593 3533 κατοικῆσαι
1611 3482 1754 3535 με’,

141 3541 223 3597 ὄττι
259 3546 332 3599 οὺ
370 3545 696 3616 κατῴκησα
722 3549 792 3602 ἐν
823 3551 966 3619 οἴκῳ
1005 3553 1105 3622 ἀφ’
1138 3549 1213 3623 ἧς
1246 3553 1471 3623 ἡμέρας
1497 3555 1722 3626 ἀνήγα-

138 3655 242 3706 γον
287 3639 435 3706 τοὺς
483 3640 652 3706 υἱοὺς
694 3641 932 3712 Ἰσραὴλ
983 3645 1053 3708 ἐξ
1103 3646 1405 3715 Αἰγύπτου
1452 3646 1565 3713 ἓως
1615 3645 1722 3717 τῆς

139 3730 358 3798 ἡμέρας
384 3733 610 3799 ταύτης
626 3751 639 3764 ·
671 3734 770 3787 καί
814 3733 978 3803 ἤμην
1002 3734 1417 3806 ἐμπεριπατῶν
1443 3739 1514 3792 ἐν
1543 3757 1726 3794 καταρ-

140 3823 350 3892 λύματι
394 3823 497 3877 καί
537 3825 608 3878 ἐν
649 3824 854 3894 σκηνῇ
899 3827 968 3880 ἐν
1006 3826 1196 3882 πᾶσιν
1230 3825 1321 3897 οἷς
1357 3829 1609 3899 διῆλθον
1651 3832 1723 3885 ἐν

140 3914 311 3967 παντὶ
354 3914 595 3984 Ἰσραήλ
611 3935 624 3946 ⁸
657 3919 710 3970 εἰ
735 3917 942 3971 λαλῶν
969 3918 1249 3987 ἐλάλησα
1274 3920 1424 3989 πρὸς
1442 3921 1591 3990 μίαν
1611 3941 1723 3992 spv-
1748 3969 1750 3972 ,

139 4004 255 4074 λὴν
278 4008 388 4062 τοῦ
433 4007 702 4076 Ἰσραὴλ,
730 4001 778 4075 ᾧ
803 4009 1193 4079 ἐνετειλάμην
1236 4013 1576 4081 ποιμαίνειν
1615 4012 1723 4067 τὸν

139 4099 286 4151 λαόν
328 4117 452 4169 μου
491 4101 735 4169 Ἰσραὴλ
762 4099 983 4171 λέγων·
1038 4104 1098 4156 Tl
1143 4104 1254 4156 οὐκ
1303 4103 1725 4174 ᾡκοδομήκατέ

136 4206 233 4258 μοι
261 4187 436 4244 οἷκον
461 4189 770 4258 κέδρινον;
794 4191 906 4245 Kal
926 4191 1043 4246 νῦν
1067 4191 1209 4246 τάδε
1238 4192 1393 4263 ἐρεῖς
1419 4192 1498 4258 τῷ
1524 4193 1724 4259 δούλῳ

135 4299 250 4349 μου
304 4282 521 4338 Δαυΐδ·
584 4282 728 4338 Τάδε
781 4283 942 4352 λέγει
989 4286 1203 4353 Κύριος
1251 4285 1676 4356 παντοκράτωρ
1706 4308 1719 4319 ο

143 4374 399 4427 Ἐλαϐόν
441 4391 517 4428 σε
564 4375 634 4428 ἐκ
678 4371 786 4442 τῆς
832 4373 1104 4444 μάνδρας
1149 4376 1270 4431 ἀπὸ
1312 4376 1563 4434 ὄπισθεν
1605 4378 1724 4432 τῶν

137 4465 464 4534 προϐάτων,
499 4465 605 4519 τοῦ
649 4463 805 4520 εἷναί
844 4483 920 4520 σε
964 4469 1052 4533 εἰς
1093 4467 1430 4538 ἡγούμενον
1469 4470 1569 4524 ἐπὶ
1619 4471 1726 4526 τὸν

1818 602 1967 656 vovit
2005 600 2118 656 Deo
2138 599 2309 655 Iacob
2348 599 2578 656 dicens:
2613 599 2674 654 Si
2702 600 2954 654 introiere
2993 600 3050 653 in
3081 598 3396 652 tabernacu-

1819 696 1934 748 lum
1955 694 2142 747 domus
2180 709 2329 755 mete,
2363 692 2410 746 si
2438 690 2721 746 ascendere
2754 695 2807 745 in
2851 692 3037 746 lectum
3072 692 3228 744 strati
3258 691 3393 744 mei:

1818 786 1864 840 si
1891 784 2079 838 dedero
2109 800 2352 839 somnum
2378 781 2546 837 oculis
2582 783 2731 845 meis,
2758 791 2806 836 et
2831 780 3092 852 palpebris
3120 781 3248 835 meis
3269 779 3397 835 ἀοι-ι·

1819 879 2168 940 mitationem,
2195 875 2358 930 donec
2385 875 2645 929 inveniam
2673 874 2842 927 locum
2876 874 3121 937 Domino,
3153 872 3396 927 taberna-

1818 969 1995 1024 culum
2029 969 2136 1023 Deo
2175 967 2344 1022 Iacob
2371 968 2435 1020 ¹⁹.
2471 967 2596 1021 Haec
2635 965 2726 1020 illo
2771 965 3068 1036 cogitante,
3091 966 3240 1034 pium
3274 963 3397 1035 qui-

1818 1061 1940 1118 dem
1972 1061 2312 1132 prepositum
2345 1059 2488 1115 Deus
2513 1058 2780 1131 approbat
2813 1077 2825 1112 :
2857 1072 3032 1128 neque
3064 1066 3246 1112 tamen
3273 1070 3398 1127 per-

1820 1154 1986 1208 mittit
2026 1154 2248 1209 domum
2293 1151 2529 1218 exstrui,
2567 1167 2676 1206 non
2709 1165 2847 1221 Opus
2896 1164 3020 1204 esse
3069 1147 3182 1202 Deo
3211 1147 3400 1203 dicens

1819 1244 1984 1300 domo
2025 1243 2299 1307 sensibili,
2335 1243 2421 1297 vel
2465 1258 2530 1297 ex
2588 1238 2906 1294 inanimatis
2957 1237 3231 1308 lapidibus
3275 1249 3399 1290 con-

1820 1335 2113 1402 struenda;
2145 1333 2239 1389 sed
2265 1334 2312 1389 si
2340 1348 2480 1404 opus
2505 1339 2662 1388 esset
2679 1330 2846 1386 Deum
2876 1316 3104 1384 in-ierra
3129 1327 3399 1393 habitare,

1819 1443 1885 1483 ex
1914 1425 2087 1497 ipsius
2120 1425 2289 1479 David
2323 1425 2531 1480 semine
2575 1422 2921 1494 proditurum
2949 1435 3094 1483 esse,
3119 1420 3214 1489 qui
3245 1433 3400 1474 suam

1819 1520 2078 1576 deitatem
2113 1519 2410 1588 exciperet,
2444 1516 2648 1587 quique
2683 1528 2898 1571 sacram
2927 1513 3149 1567 domum
3180 1519 3235 1566 et
3259 1519 3400 1567 tem-

1819 1613 1965 1682 plum
1995 1619 2246 1667 sanctum
2278 1609 2388 1665 Deo
2429 1610 2654 1679 dignum
2686 1613 3015 1669 exstrueret,
3052 1605 3213 1675 cujus
3240 1604 3399 1660 thro-

1819 1722 1923 1761 nus
1955 1721 2051 1777 per
2089 1719 2253 1760 omne
2283 1705 2544 1760 saeculum
2574 1703 2876 1758 duraturus
2903 1710 3069 1757 esset.
3107 1699 3399 1770 Signiﬁca-

1821 1797 1917 1852 bat
1958 1803 2140 1851 autem
2178 1794 2654 1850 Christum'suum
2685 1809 2751 1848 ex
2788 1791 2998 1849 semine
3047 1788 3268 1844 Davidis
3316 1804 3400 1843 se-

1821 1887 2060 1943 cundum
2096 1901 2316 1941 carnem
2355 1886 2648 1951 oriturum,
2689 1891 2743 1938 et
2782 1881 3082 1936 Ecclesium
3115 1882 3184 1934 ab
3211 1893 3277 1935 eo
3308 1895 3400 1950 per

1822 1988 1997 2034 totum
2036 1979 2225 2034 orbem
2257 1975 2724 2033 constituendam.
2759 1973 2916 2042 Quod
2959 1981 3138 2029 autem
3186 1973 3302 2027 haec
3329 1972 3400 2026 ita

1823 2085 1883 2126 se
1935 2069 2218 2133 haberent,
2268 2068 2581 2139 Regnorum
2629 2068 2902 2137 scriptura
2951 2067 3110 2121 docet
3157 2063 3263 2119 hoc
3307 2077 3400 2134 pa-

1820 2170 1947 2218 cto:
1976 2161 2204 2216 Factum
2230 2171 2308 2216 est
2346 2170 2522 2216 autent
2565 2176 2684 2213 cum
2714 2161 2912 2214 sederet
2957 2157 3128 2212 David
3166 2158 3220 2210 in
3246 2156 3402 2210 domo

1822 2273 1940 2321 sua,
1975 2252 2045 2310 et'
2060 2256 2320 2309 Dominus
2347 2254 2732 2323 possessionem
2757 2253 2805 2306 ei
2839 2249 3067 2306 dedisses
3091 2251 3146 2304 in
3175 2249 3402 2302 circuitu

1823 2348 1888 2402 ab
1918 2348 2156 2402 omnibus
2189 2347 2420 2402 inimicis
2456 2346 2600 2406 suis;
2643 2345 2778 2399 dixit
2812 2360 2905 2398 rex
2931 2344 2998 2398 ad
3024 2342 3246 2397 Natlmn
3273 2356 3402 2407 pro-

1821 2440 2030 2510 phetam
2062 2456 2079 2493 :
2109 2438 2244 2493 Ecce
2282 2456 2375 2510 ego
2419 2438 2599 2492 habito
2631 2438 2685 2491 in
2713 2437 2868 2492 domo
2906 2435 3141 2500 eedrina,
3177 2444 3227 2488 et
3277 2450 3402 2487 area

1821 2531 1921 2586 Dei
1952 2530 2095 2586 sedet
2121 2533 2177 2585 in
2206 2532 2376 2585 medio
2407 2529 2772 2592 tabernaculi;
2794 2535 2907 2590 aut,
2943 2528 2999 2581 in
3035 2525 3205 2580 medio
3229 2524 3403 2594 pellis.

1821 2632 1883 2677 ut
1925 2621 2190 2678 Hebraica
2229 2623 2391 2678 lectio
2433 2619 2727 2692 signiﬁcat.
2780 2618 2846 2672 Et
2899 2619 3037 2672 dixit
3072 2617 3292 2671 Nathan
3337 2617 3403 2670 ad

1798 2731 2012 2785 .regem,
2058 2714 2254 2769 Omnia
2291 2729 2409 2784 qua:
2456 2720 2578 2766 sunt
2607 2716 2659 2764 in
2709 2710 2864 2764 corde
2905 2720 2992 2764 tuo
3038 2708 3166 2764 vade
3208 2719 3258 2763 et
3293 2709 3403 2778 fac,

1819 2808 1944 2876 quia
1965 2807 2220 2861 Dominus
2261 2815 2429 2860 tecum
2457 2815 2556 2860 est.
2603 2803 2668 2856 Et
2690 2803 2890 2872 factum
2920 2813 2996 2857 est
3029 2803 3083 2856 in
3112 2812 3261 2856 nocte
3285 2801 3402 2863 illa,

1819 2911 1869 2955 et
1920 2900 2119 2970 factum
2155 2910 2232 2954 est
2274 2899 2486 2954 verbum
2529 2898 2746 2952 Domini
2798 2896 2866 2950 ad
2916 2895 3138 2950 Natltan
3184 2893 3360 2950 dicens
3389 2936 3401 2948 .

1830 2993 1973 3048 Vade
2002 2993 2071 3046 ad
2103 3010 2305 3048 servum
2337 3007 2507 3045 meum
2535 2989 2728 3054 David,
2757 2998 2806 3044 et
2829 2989 2915 3043 dic
2944 3004 2963 3042 .'
2997 2988 3120 3044 ch
3151 2989 3280 3042 dicit
3304 2987 3401 3043 Do-

1821 3087 2016 3153 minus,
2055 3084 2177 3139 Non
2209 3093 2264 3137 tu
2291 3081 2582 3152 a'di/icabis
2624 3082 2754 3136 mihi
2792 3085 3006 3136 domum
3056 3080 3126 3134 ad
3155 3080 3396 3134 habitan-

1820 3177 1947 3233 dum
1972 3195 1989 3232 :
2015 3179 2141 3249 quia
2171 3194 2272 3231 non
2303 3176 2617 3230 habitaviin
2646 3173 2803 3229 domo
2824 3192 2856 3228 a
2885 3175 2970 3228 die
2992 3173 3088 3227 illa
3109 3189 3214 3243 qua
3245 3173 3401 3227 edux!

1822 3273 1962 3340 ﬁlios
2015 3270 2190 3325 Israel
2239 3286 2305 3325 ea:
2356 3268 2608 3339 lEgypto,
2648 3283 2812 3337 usque
2857 3267 2912 3320 in
2959 3265 3098 3320 diem
3149 3266 3325 3319 hanc:
3357 3276 3404 3320 et

1824 3359 2164 3414 ambulabam
2194 3360 2249 3413 in
2277 3359 2564 3414 diversorio
2593 3366 2641 3412 et
2663 3358 2718 3411 in
2746 3357 3083 3411 tabernaculo
3112 3358 3167 3411 in
3205 3359 3405 3412 cunctis

1824 3455 1955 3509 locis
1983 3469 2073 3523 per
2109 3469 2228 3522 quae
2257 3452 2476 3506 transivi
2509 3468 2626 3506 cum
2671 3450 2815 3504 omni
2856 3449 3068 3514 Israel;
3118 3450 3166 3503 si
3192 3449 3405 3520 loquens

1824 3549 2028 3601 locutus
2054 3561 2168 3599 sum
2194 3544 2262 3599 ad
2296 3561 2458 3598 unam
2485 3544 2678 3598 tribum
2722 3543 2914 3606 Israel,
2951 3543 3038 3596 cui
3062 3543 3284 3610 pra'cepi
3309 3557 3399 3610 pa!-

1823 3657 1963 3695 scere
1980 3638 2232 3710 populum
2261 3654 2430 3692 meum
2465 3637 2639 3692 Israel
2659 3637 2836 3690 dicens
2858 3650 2877 3688 :
2909 3634 3086 3699 Quare
3107 3650 3212 3686 non
3235 3632 3400 3701 aedi/i-

1823 3731 1986 3784 castis
2039 3728 2167 3782 mihi
2214 3725 2430 3781 domum
2473 3727 2787 3781 cedrinam?
2838 3724 2908 3778 Et
2957 3740 3096 3778 nunc
3115 3723 3226 3778 Ιιωε
3261 3722 3404 3776 dices

1824 3837 1971 3874 servo
2018 3835 2131 3874 meo
2164 3818 2333 3872 David
2367 3834 2385 3871 :
2416 3817 2546 3872 Hcce
2593 3817 2722 3871 dicit
2757 3817 3014 3871 Dominus
3052 3816 3403 3885 omnipotens,

1825 3912 1938 3984 Ego
1965 3913 2063 3966 tuli
2102 3922 2150 3966 te
2178 3926 2244 3966 ex
2282 3911 2408 3966 ouili
2435 3920 2732 3981 sequentem
2757 3925 2896 3972 oves,
2953 3916 3012 3962 ut
3050 3924 3189 3963 esses
3219 3909 3275 3962 in
3303 3907 3404 3961 du-

1824 4021 1933 4059 cem
1973 4003 2176 4068 Israel,
2208 4012 2258 4057 et
2297 4019 2446 4058 eram
2499 4012 2668 4056 tecum
2722 4004 2778 4054 in
2825 4001 3070 4055 omnibus
3114 4000 3404 4070 ubicunque

1824 4096 2182 4151 ambulabas:
2225 4106 2273 4150 et
2321 4093 2528 4165 perdidi
2569 4111 2744 4148 omnes
2789 4094 3030 4147 inimicos
3070 4102 3238 4147 tuosa
3272 4091 3404 4161 facit

1827 4186 1941 4256 tua,
1975 4199 2026 4244 et
2058 4189 2234 4258 feci-te
2267 4189 2598 4242 nominatum
2637 4185 2924 4241 secundum
2961 4202 3148 4240 nomen
3187 4201 3399 4257 magno-

1827 4299 1941 4335 rum
1972 4283 2062 4352 qui
2097 4289 2220 4334 sunt
2249 4281 2304 4334 in
2345 4289 2508 4334 terra.
2536 4277 2604 4332 Et
2629 4294 2822 4346 ponam
2851 4277 3026 4331 locum
3064 4276 3255 4346 populo
3295 4293 3406 4330 meo

1827 4373 2023 4440 Israel,
2067 4382 2117 4428 et
2149 4371 2400 4443 plantabo
2441 4388 2561 4426 eum
2609 4380 2657 4425 et
2695 4370 2954 4424 habitabit
2983 4386 3074 4439 per
3115 4385 3189 4432 se,
3221 4377 3271 4422 et
3303 4385 3405 4422 non

1825 4467 2088 4522 sollicitus
2118 4466 2220 4520 erit
2251 4463 2479 4533 amplius
2505 4478 2522 4516 :
2547 4472 2596 4517 et
2625 4479 2729 4517 non
2761 4461 2918 4516 addet
2948 4461 3092 4531 ﬁlius
3111 4461 3406 4530 iniquitatis

148 4555 420 4626 Ἰσραὴλ,
452 4557 552 4611 καὶ
581 4555 744 4626 ἤμην
769 4556 920 4628 μετὰ
947 4557 1062 4611 σοῦ
1100 4558 1170 4611 ὲν
1210 4558 1400 4614 πᾶσιν
1446 4559 1537 4627 οἷς
1581 4562 1716 4616 ἐπο-

1826 4557 2104 4611 humiliare
2139 4557 2308 4624 ipsum
2356 4555 2493 4609 sicut
2536 4570 2569 4606 a
2608 4553 2888 4620 principio,
2935 4568 2966 4604 a
3003 4551 3186 4605 diebus
3219 4552 3406 4623 quibus

131 4649 313 4714 ρεύου
340 4664 355 4678 θ
406 4649 505 4702 καὶ
542 4649 964 4717 ἐξωλόθρευσα
1005 4647 1238 4716 πάντας
1285 4651 1426 4718 τοὺς
1473 4653 1728 4723 ἐχθρούς

137 4756 252 4794 σου
285 4741 406 4795 ἀπὸ
435 4740 760 4810 προσώπου
786 4756 901 4795 σου
921 4757 936 4771 ο
981 4741 1082 4794 καὶ
1113 4742 1476 4812 ἐποίησάσε
1508 4747 1725 4816 ὀνομα-

139 4833 290 4887 στὸν
338 4834 486 4887 κατὰ
538 4832 608 4887 τὸ
651 4832 840 4902 ὄνομα
874 4831 994 4887 τῶν
1021 4833 1308 4905 μεγάλων
1341 4837 1460 4891 τῶν
1489 4838 1588 4892 ἐπὶ
1617 4837 1726 4908 τῆς

139 4925 270 4994 γῆς.
316 4925 426 4979 Καὶ
470 4925 731 4995 θήσομαι
767 4926 958 4979 τόπον
998 4925 1080 4992 τῷ
1121 4926 1249 4993 λαῷ
1289 4945 1409 4998 μου
1455 4930 1724 5000 Ἰσραὴλ,

140 5017 239 5070 καί
288 5017 721 5086 καταφυτεύσω
753 5017 939 5072 αὐτὸν
975 5018 1075 5075 καὶ
1103 5022 1560 5090 κατασκηνώσει
1593 5026 1723 5080 καθ’

139 5107 387 5162 ἑαυτόνσ
419 5109 517 5162 καί
539 5111 611 5163 οὐ
635 5109 990 5179 μεριμνήσει
1004 5111 1339 5177 οὐκέτι,καί
1368 5116 1441 5168 οὐ
1467 5116 1726 5185 προσθή-

138 5215 234 5254 σει
279 5200 411 5268 me;
451 5200 688 5266 ἀδικίας
732 5200 837 5254 τοῦ
879 5205 1242 5259 ταπεινῶσαι
1295 5206 1483 5261 αὐτὸν
1529 5207 1726 5274 καθὼς

139 5291 240 5344 ἀπ’
275 5290 467 5361 ἀρχῆς
492 5292 611 5347 ἀπὸ
648 5291 768 5346 τῶν
797 5293 1054 5364 ἡμερῶν,
1073 5290 1160 5350 ὧν
1185 5298 1370 5364 ἔταξα
1401 5301 1604 5368 κριτὰς
1625 5302 1725 5355 ἐπὶ

139 5381 246 5434 τὸν
297 5383 453 5437 λαόν
489 5401 610 5452 μου
648 5383 924 5452 ἰσραήλο
965 5386 1064 5439 καί
1106 5387 1437 5444 ἀναπαύσω
1485 5408 1558 5445 σε
1606 5393 1726 5447 ἀπὸ

142 5471 387 5527 πάντων
417 5474 535 5528 τῶν
560 5473 789 5544 ἐχθρῶν
821 5491 956 5529 σου.
988 5477 1096 5530 Καὶ
1117 5481 1446 5551 ἀπαγγελεῖ
1487 5500 1586 5537 σοι
1618 5485 1725 5538 Κύ-

134 5581 291 5632 ριος,
322 5564 410 5618 ὅτι
435 5561 603 5619 οἷκον
625 5565 1040 5635 οὶκοδομήσεις
1066 5570 1245 5636 αὐτῷ.
1265 5575 1372 5627 Καὶ
1399 5573 1590 5639 ἔσται,
1615 5574 1725 5627 ἐὰν

143 5654 544 5722 πληρωθῶσιν
574 5660 632 5712 al
666 5657 874 5728 ἡμέραι
915 5673 1052 5725 σου,
1087 5661 1184 5714 καί
1217 5665 1556 5734 κοιμηθήσῃ
1575 5666 1724 5735 μετὰ

226 5836 270 5868 ¹⁹
308 5837 449 5894 Psal.
488 5857 678 5895 cxxxl.
717 5843 832 5896 3~5.

1827 4650 2078 4704 constitui
2119 4647 2338 4718 judices.
2387 4661 2544 4715 super
2598 4646 2849 4714 populum
2896 4661 3067 4698 meum
3117 4643 3446 4700 Israel:etw.

1828 4743 2059 4814 requiem
2093 4741 2231 4794 dabo
2270 4740 2366 4793 tibi
2397 4739 2462 4793 ab
2505 4737 2748 4792 omnibus
2785 4737 3012 4790 inimicis
3048 4737 3174 4792 tuis.
3219 4736 3289 4790 Et
3320 4754 3402 4792 an-

1825 4834 2090 4890 nuntiabit
2134 4832 2228 4888 tibi
2275 4832 2554 4894 Dominus,
2592 4839 2648 4883 ut
2671 4829 2888 4882 domum
2921 4828 3150 4898 azdiﬁces
3178 4831 3302 4898 ipsi.
3339 4828 3408 4884 Et

1825 4928 1948 4993 erit,
1979 4943 2096 4981 cum
2143 4925 2343 4994 impleti
2371 4923 2568 4992 fuerint
2605 4919 2714 4976 dies
2747 4921 2846 4984 tui,
2877 4929 2940 4974 ‘et
2969 4921 3250 4976 dormieris
3290 4938 3410 4975 cum

1826 5019 2071 5090 patribus
2105 5019 2233 5082 tuis,
2261 5028 2311 5073 et
2333 5014 2599 5071 suscitabo
2637 5030 2814 5068 semen
2854 5024 3002 5067 tuum
3025 5023 3141 5082 post
3173 5023 3243 5078 te,
3271 5013 3412 5084 quod

1827 5114 1928 5167 erit
1959 5114 2012 5166 in
2057 5121 2230 5166 ventre
2262 5119 2371 5173 tuo,
2397 5120 2446 5163 et
2481 5105 2792 5176 prwparabo
2836 5122 3050 5176 regnum
3083 5114 3254 5160 tuum.
3292 5104 3413 5173 Ipse

1830 5204 2117 5273 wdiﬁcabit
2147 5202 2275 5257 mihi
2298 5200 2534 5262 domum,
2558 5207 2608 5251 et
2633 5197 2832 5268 erigam
2856 5213 3070 5267 regnum
3102 5195 3216 5264 ejus
3250 5213 3413 5267 usque

1833 5297 1889 5350 in
1936 5294 2212 5350 sarculum.
2263 5291 2374 5362 Ego
2404 5307 2516 5345 «ει-ο
2565 5289 2647 5343 illi
2697 5289 2753 5342 in
2790 5297 3016 5356 patrem,
3071 5301 3119 5342 et
3159 5289 3268 5356 ipse
3309 5289 3412 5342 erit

1834 5389 1964 5443 mihi
1998 5390 2053 5442 in
2091 5387 2286 5456 ﬁlium.
2333 5383 2403 5437 Et
2441 5384 2488 5437 si
2530 5381 2728 5436 venerit
2767 5381 3020 5451 iniquitas
3051 5381 3190 5450 ejus,
3221 5390 3271 5436 et
3322 5399 3413 5435 ar-

1831 5495 1991 5551 guam
2028 5494 2145 5532 eum
2177 5479 2232 5529 in
2273 5476 2420 5545 virga
2467 5475 2720 5540 virorum,
2772 5483 2823 5528 et
2875 5475 2929 5528 in
2959 5473 3130 5544 plagis
3173 5474 3412 5544 filiorum

1831 5571 2122 5626 hominum.
2169 5565 2594 5620 Misericordiam
2627 5574 2803 5618 autem
2840 5580 3009 5618 meam
3033 5581 3137 5618 non
3166 5565 3411 5634 auferam

1833 5664 1898 5716 ab
1929 5679 2009 5726 ea,
2046 5662 2180 5714 sicut
2214 5659 2410 5713 abstuli
2451 5658 2515 5712 ab
2548 5660 2613 5712 iis
2651 5673 2787 5727 quos.
2813 5657 3016 5712 abstuli
3050 5677 3081 5711 a
3109 5659 3246 5728 facie
3269 5675 3406 5715 mea.
