3830 6288
162 400 276 458 1081

1219 399 1719 456 COMMENTAMA
1757 399 1822 454 IN
1875 399 2215 456 PSALMOS.

3242 404 3385 459 108%

155 515 306 585 ἀλλ’ἢ
334 513 391 569 τῦ
417 513 668 568 ἐκλεκτὸν
697 513 791 567 τοῦ
833 514 967 568 Θεοῦ
997 517 1332 588 χρηματίσαι
1381 520 1472 573 τὸν
1522 519 1703 584 Δαυῒδ,

1809 535 1939 573 num
1988 528 2252 574 aeternum
2298 527 2589 574 nact'urum
2630 523 2740 588 sit;
2787 529 2950 592 atque
2995 529 3378 577 testamentum

156 611 238 663 aui.
258 606 313 660 τὸ
342 603 585 671 ὲξς,αὐτοῦ
614 605 866 672 γενέσθαι
903 608 1123 680 σπέρμα
1146 609 1332 680 θρόνον
1361 611 1578 665 αἰώνιον
1607 631 1706 667 κα-

155 699 309 764 θέξον,
338 697 428 748 καὶ
457 694 808 767 ’τὸ-διαθήκην
837 696 1404 755 αἰώνιον-διατίθεσθαι
1438 703 1572 774 πρὸς
1604 705 1708 758 αὐ-

154 789 232 843 τὸν
258 787 340 840 τὸν
363 786 509 850 Θεὸν,
537 786 570 856 ἢ
604 786 873 858 συνθήκην
896 789 1032 859 πρὸς
1054 790 1214 843 αὐτὸν
1242 792 1530 860 γενέσθαι;
1563 793 1708 848 οὕτω

152 882 248 953 γὰρ
281 883 311 933 0'
340 879 565 942 Ἀκύλας
605 881 698 933 καὶ
741 880 1032 952 Σύμμαχος
1071 886 1443 955 ἠρμήνευσαν,
1486 887 1709 956 συνθή-

153 991 259 1043 κην
293 973 410 1027 ἀντϊ
449 971 707 1043 διαθήκης
736 975 1036 1044 εἰρηκότες.
1067 977 1376 1048 Θαυμάσιον
1417 975 1486 1050 ἦν
1525 981 1616 1033 καὶ
1647 981 1708 1034 τὸ

151 1062 358 1132 ὀμνύναι
397 1062 484 1114 τὸν
513 1062 644 1114 Θεὸν
685 1064 955 1135 ἀνθρώπῳ
991 1069 1082 1121 καὶ
1115 1069 1173 1121 τὸ
1201 1070 1429 1138 φάσκειν
1455 1072 1592 1143 πρὸς
1616 1072 1706 1126 τὸν

151 1154 293 1206 αὐτόν
311 1170 325 1184 ο
354 1155 497 1219 Ἕως
529 1154 633 1206 τοῦ
661 1154 875 1222 αἰῶνος
898 1158 1192 1229 ἑτοιμάσω
1221 1163 1285 1215 τὸ
1309 1161 1545 1232 σπέρμα
1564 1179 1702 1227 σου,

150 1245 275 1299 κατὰ
297 1245 384 1297 τὸν
416 1246 741 1317 Σΰμμαχονο
766 1250 874 1304 Καὶ
918 1252 1290 1322 οἰκοδομήσω
1321 1257 1408 1320 εὶς
1440 1255 1706 1323 ἑκάστην

147 1335 341 1404 γενεὰν
362 1334 470 1387 τὸν
495 1338 710 1404 θρόνον
742 1355 879 1404 σου,
918 1341 1056 1394 κατὰ
1082 1342 1172 1396 τὸν
1207 1345 1388 1400 αὐτόν.
1412 1346 1483 1397 Τὸ
1509 1345 1564 1397 δὲ
1589 1349 1706 1416 μεῖ-

147 1428 227 1492 ζον
256 1429 502 1482 ἁπάντων
536 1429 718 1499 θαῦμα
740 1431 897 1486 τοῦτο
930 1429 1018 1504 ἦν,
1045 1435 1105 1488 τὸ
1132 1436 1358 1490 τοιαῦτα
1379 1438 1705 1506 ἐπαγγελλό-

147 1537 290 1592 μενον
319 1521 408 1572 τὸν
432 1521 563 1574 Θεὸν
587 1521 734 1593 ὅρκῳ
763 1523 935 1578 ταῦτα
956 1527 1454 1598 ἐπισφραγίσασθαι
1479 1546 1493 1560 ·
1528 1530 1620 1582 καὶ
1645 1530 1705 1582 τὸ

148 1611 346 1664 πάντων
391 1610 831 1686 θαυμασιώτερον
860 1615 920 1668 τὸ
961 1617 1098 1687 μετά
1135 1618 1226 1670 τὸν
1254 1618 1395 1671 θεῖον
1429 1619 1589 1691 ὅρκον
1620 1620 1708 1673 δο-

144 1707 245 1757 κεῖν
272 1705 341 1774 μὴ
364 1705 516 1768 τέλος
539 1707 814 1778 εἰληφέναι
835 1710 958 1771 τοὺς
983 1709 1077 1763 τοῦ
1100 1710 1233 1764 Θεοῦ
1267 1711 1477 1780 λόγους,
1506 1713 1702 1766 τάναν-

142 1796 219 1848 τία
248 1795 300 1848 δὲ
334 1799 396 1867 τῇ
429 1800 745 1870 ὀρκωμοσίᾳ
781 1800 1072 1871 συμϐῆναι.
1093 1802 1370 1874 Ἐπιφέρει
1395 1802 1524 1871 γοῦν
1553 1803 1700 1873 ὲξῆς,

142 1889 338 1944 ἐναντία
364 1892 487 1952 ταῖς
510 1890 606 1943 τοῦ
631 1891 764 1944 Θεοῦ
795 1893 1147 1962 ἐπαγγελίαις
1171 1871 1345 1965 δηλῶν
1370 1871 1704 1966 συμϐεϐηκέο
1735 1871 1775 1924 Β

140 1997 246 2032 ναν
274 1979 336 2032 δι’
369 1979 406 2034 ἃ
434 1982 530 2035 καὶ
563 1983 795 2053 μάλιστα
829 1985 1190 2056 ἐκπλήττεται
1229 1989 1321 2040 καὶ
1369 1987 1636 2057 θαυμάζει
1675 1990 1702 2041 ὁ

140 2074 414 2145 Προφήτης
433 2089 446 2104 ⁸
483 2076 844 2130 ὰποδυσπετεῖ
876 2077 1005 2146 γοῦν
1035 2079 1161 2149 ἑξῆς
1190 2079 1362 2147 λέγων
1381 2097 1394 2109 ·
1420 2080 1544 2133 Ποῦ
1572 2080 1703 2132 ἐστι

138 2168 202 2219 τὰ
224 2167 358 2234 ἐλέη
385 2183 505 2222 σου
533 2169 603 2224 τὰ
627 2169 863 2238 ἀρχαῖα,
886 2171 1082 2237 Κύριε,
1104 2171 1141 2224 ἅ
1163 2170 1404 2239 ὤμοσας
1429 2170 1510 2236 τῷ
1525 2171 1704 2223 Δαυῖδ

137 2258 201 2309 ἐν
224 2257 292 2325 τῇ
316 2259 570 2326 ἀληθείᾳ
603 2277 753 2325 σου;
792 2261 930 2314 Ἀλλ’
949 2261 1352 2330 ἀποθεραπεύει
1380 2261 1478 2332 τὴν
1507 2260 1702 2314 ἑαυτοῦ

136 2351 453 2422 ἀμηχανίαν,
491 2352 750 2423 ἀνωτέρω
783 2353 881 2423 μὲν
915 2351 1182 2423 είρηκώς’
1233 2354 1336 2406 Ἔν
1371 2352 1494 2417 τοῖς
1535 2355 1706 2420 cupa.

135 2441 249 2506 νοῐς
273 2442 770 2512 ἑτοιμασθήσεται
794 2446 831 2512 ἡ
859 2443 1109 2511 ἀλήθειά
1134 2462 1271 2507 σου,
1303 2446 1359 2497 ἐν
1387 2444 1442 2496 δὲ
1470 2446 1580 2507 τοῖς
1611 2461 1704 2514 με-

134 2531 194 2583 τὰ
223 2535 436 2604 χεῖρας·
491 2535 1068 2606 Ἐξομολογνὶσονται
1107 2541 1159 2592 ol
1192 2537 1433 2606 οὐρανοὶ
1463 2538 1536 2590 τὰ
1571 2541 1704 2591 θαυ-

130 2623 305 2691 μάσιά
338 2640 481 2689 σου,
511 2627 608 2678 καὶ
634 2625 746 2694 γὰρ
773 2627 887 2695 τὴν
907 2627 1210 2694 ἀλήθειάν·
1223 2645 1338 2682 σου
1373 2630 1443 2683 ἐν
1468 2629 1708 2697 Ἐκκλη-

133 2715 229 2784 ίτίεῑ
261 2718 465 2786 ἁγίων.
484 2719 602 2772 Ὅτι
646 2721 736 2785 τίς
777 2721 845 2773 ἐν
890 2720 1173 2790 νεφέλαις
1221 2722 1578 2790 ὶσωθήσεται
1624 2721 1704 2786 τῷ

131 2808 791 2878 Κυρίιι›,ὀμοιωθήσεται
836 2810 916 2876 τῷ
963 2813 1158 2879 Κυρίῳ
1203 2813 1270 2865 ἐν
1319 2813 1470 2879 υἱοῖς
1520 2814 1703 2880 Θεοῦ;

143 2898 277 2953 Ἀντὶ
316 2901 442 2954 τοῦ·
495 2905 565 2956 ἐν
603 2906 905 2972 νεφέλαις,
967 2906 995 2956 ὁ
1049 2905 1342 2975 Σύμμαχός
1393 2923 1546 2975 φησι·
1609 2907 1704 2970 Τίς

131 2989 228 3058 πὰρ
275 2992 342 3045 ἐν
393 2995 620 3060 αἱθέρι;
649 2993 864 3064 Σφόδρα
915 2994 970 3046 δὲ
1017 2993 1324 3057 ἀκολούθως
1363 2997 1608 3066 ἐπήγαγε
1637 2995 1704 3048 τὰ

131 3089 458 3158 προκείμενα
486 3088 963 3160 τοῖς.προλεχθεῖσι
990 3106 1002 3119 ’
1043 3088 1138 3159 τὴν
1168 3090 1278 3159 γὰρ
1304 3089 1560 3159 ἀλήθειάν
1589 3106 1700 3151 σου,

129 3179 271 3247 φησὶ,
297 3180 492 3234 καὶτὰ
517 3179 796 3250 θαυμάσια
827 3196 944 3248 σου,
972 3179 1020 3230 εί
1050 3180 1142 3230 καὶ
1172 3178 1247 3248 μὴ
1276 3179 1551 3248 ἄνθρωποι
1581 3195 1702 3232 συν-
1731 3208 1772 3264 C

128 3273 256 3323 εἶναι
282 3271 576 3326 δύνανται·
609 3271 675 3324 δι’
707 3271 736 3324 ὃ
783 3271 960 3342 μέλλω
1001 3270 1178 3338 λέγειν
1213 3271 1406 3341 μικρὸν
1440 3271 1663 3342 ὕστερον
1686 3288 1700 3302 '

127 3361 239 3413 Ποῦ
261 3361 393 3415 ἐστι
421 3362 499 3414 τὰ
518 3360 660 3429 ἐλέη
691 3377 807 3414 σου
835 3363 906 3413 τὰ
927 3360 1166 3430 ἀρχαῖα,
1188 3361 1384 3427 Κύριε,
1403 3358 1441 3412 ἂ
1463 3359 1704 3426 ὤμοσας

126 3452 197 3517 τῷ
219 3454 430 3516 Δαυΐδ;
479 3455 616 3506 Ἀλλ’
642 3455 862 3526 οὐρανοῖ
891 3453 1242 3524 διηγήσονται
1283 3455 1376 3507 καὶ
1410 3453 1705 3524 Ἐκκλησία

127 3545 286 3612 ἁγίων
332 3547 703 3617 μαρτυρήσει,
734 3546 814 3600 ὅτι
867 3545 1032 3617 μηδὲν
1063 3537 1138 3599 ὧν
1165 3544 1388 3614 ὤμοσας
1417 3541 1495 3614 τῷ
1520 3543 1701 3607 Δαυῖδ,

124 3636 478 3699 διαπεσεῦται,
511 3637 632 3690 οὐδὲ
661 3637 952 3707 ψεύσονται
985 3654 1077 3690 σου
1112 3638 1166 3690 αἱ
1199 3636 1556 3705 ἐπαγγελίαν
1586 3636 1706 3690 ἁδύ-

124 3745 271 3784 νατον
299 3733 410 3802 γάρ
451 3733 568 3782 ἐστι
601 3731 661 3783 τὸ
691 3731 749 3783 σὲ
779 3730 1108 3800 ψεύσασθαι.
1141 3730 1237 3793 Τίς
1267 3731 1375 3800 γάρ
1401 3747 1481 3782 σοι
1509 3727 1701 3795 ἐξισω-

125 3820 346 3892 θήσεταιι
372 3826 432 3878 ἐν
461 3823 704 3894 ἀληθείᾳ,
736 3823 768 3894 ἢ
797 3824 880 3886 τίς
909 3823 1305 3893 ὁμοιωθήσεται
1338 3822 1394 3876 ἐν
1418 3820 1495 3892 τῷ
1525 3819 1705 3888 λέγειν

121 3915 208 3965 καὶ
230 3914 562 3968 πιστοῦσθαί
598 3930 688 3966 σου
723 3913 823 3975 τὰς
855 3911 1218 3980 ὲπαγγελίας;
1257 3910 1391 3963 Οὐδὲ
1424 3909 1533 3980 γὰρ
1555 3911 1703 3962 ἀντι-

123 4005 304 4074 στῆναί
341 4023 438 4058 σου
471 4009 536 4076 τῇ
570 4005 730 4075 βουλῇ
769 4003 990 4056 δύναταί
1035 4019 1140 4066 τις,
1175 4003 1248 4065 ὡς
1279 4000 1606 4072 ἀνατρέπειν
1633 3998 1704 4052 τὰ

120 4092 258 4160 ἅπαξ
289 4095 395 4148 ὑπὸ
429 4094 526 4148 σοῦ
553 4095 851 4166 ὡρισμένα,
877 4096 1070 4164 μήτιγε
1091 4092 1161 4146 τὰ
1195 4091 1312 4163 μεθ’
1338 4092 1502 4164 ὅρκου
1529 4093 1703 4162 ἐπηγ-

118 4185 382 4256 γελμένα·
432 4186 574 4240 ὥστε
618 4188 666 4238 εἰ
705 4185 778 4256 μὴ
810 4186 904 4238 καὶ
949 4186 1080 4255 ἡμῖν
1119 4183 1382 4253 ἔγνωσταί
1415 4201 1502 4236 πω
1535 4183 1702 4255 ἡτῶν

116 4278 463 4346 ἐπαγγελιῶν
490 4294 582 4329 σου
609 4275 853 4347 ἀλήθεια,
886 4274 1000 4328 ἀλλ’
1027 4277 1204 4326 ἐκεῖνο
1229 4273 1472 4346 ἀκριϐῶς
1507 4274 1665 4342 ἴσμεν
1684 4311 1698 4337 ,

117 4367 200 4422 ὅτι
239 4369 507 4434 δυνατὸς
536 4365 608 4428 εἴ,
635 4369 828 4436 Κύριε,
859 4367 956 4420 καὶ
994 4367 1032 4435 ἡ
1069 4367 1320 4434 ἀλήθειά
1351 4380 1466 4418 σου
1499 4366 1702 4428 κύκλῳ

115 4475 248 4514 σου.
283 4461 453 4517 Πάντ¹
482 4456 576 4513 οὖν
606 4461 703 4512 ὅσα
735 4458 828 4511 καὶ
852 4457 1175 4528 βεϐούλησαι
1204 4456 1448 4522 δύνασαι,
1475 4457 1568 4508 καὶ
1593 4455 1700 4508 τῶν

1806 620 2071 665 aeternum
2094 651 2108 674 ,
2144 612 2260 666 sive
2290 619 2510 681 pactum
2543 613 2610 665 ab
2639 615 2732 666 illo
2762 630 2886 668 cum
2922 613 3032 668 Deo
3060 631 3378 684 percussum

1808 703 2018 758 fuisse?
2047 703 2125 756 sie
2151 703 2295 756 enim
2327 703 2519 772 Aquila
2551 715 2602 758 et
2637 701 2996 774 Symmachus
3041 706 3384 774 interpretati

1808 804 1971 856 sunt.
2005 795 2096 863 qui
2131 807 2341 862 poclum
2385 811 2481 865 pro
2511 802 2844 849 testamento
2890 795 3164 850 dixerunt.
3216 797 3380 850 Mira-

1807 889 1915 943 bile
1943 901 2161 957 quoque
2188 897 2305 941 erat
2325 890 2514 957 jurare
2547 886 2714 939 Deum
2762 886 2967 939 homini
2993 928 3006 949 ,
3044 889 3254 957 ipsique
3291 889 3379 942 di-

1806 995 1930 1034 cere
1948 1020 1961 1042 ,
1993 979 2166 1049 Usque
2189 981 2242 1032 in
2266 991 2519 1035 aeternum
2542 979 2858 1048 pra'parabo
2881 995 3050 1032 semen
3082 991 3228 1032 tuum
3247 1021 3260 1040 ,
3292 997 3379 1035 se-

1806 1073 2043 1127 cundum
2077 1071 2460 1142 Symmachum
2488 1090 2501 1125 :
2537 1070 2604 1124 Et
2637 1072 2910 1140 a'diﬁcabo
2952 1073 3004 1124 in
3036 1089 3382 1142 unamquam-

1805 1180 1902 1234 que
1920 1164 2305 1234 generationem
2326 1164 2568 1217 thronum
2591 1173 2734 1215 tuum
2753 1205 2766 1228 ,
2789 1169 3086 1218 secundum
3105 1163 3374 1217 eumdem.

1805 1256 1869 1309 At
1889 1255 2452 1310 maximum-omnium
2475 1255 2794 1309 miraculum
2817 1255 2946 1309 illud
2965 1263 3103 1320 erat,
3128 1255 3380 1309 videlicet

1807 1349 1921 1402 haec.
1939 1349 2236 1417 pollicitum
2262 1347 2428 1404 Deum
2450 1389 2463 1411 ,
2480 1347 2794 1417 iuramento
2807 1347 2996 1401 eadem
3015 1348 3335 1416 obsignasse
3361 1367 3374 1401 :

1805 1456 1994 1495 verum
2039 1442 2183 1511 quod
2215 1441 2460 1494 omnium
2493 1440 2719 1493 omnino
2754 1439 3226 1494 mirabilissimum
3259 1448 3378 1505 est,

1805 1532 1900 1587 Dei
1929 1549 2243 1595 sermones,
2276 1548 2416 1603 quos
2442 1532 2662 1601 juratus
2698 1531 3031 1601 protulerat,
3066 1547 3173 1584 non
3205 1529 3271 1583 ad
3301 1530 3380 1584 el-

1806 1624 2008 1679 fectum
2053 1625 2322 1680 deductos
2369 1641 2536 1690 esse;
2588 1623 2681 1678 sed
2731 1623 3062 1690 iuramentis
3103 1623 3379 1677 contraria

1804 1720 2051 1773 evenisse
2095 1718 2288 1774 videri.
2336 1717 2472 1770 Nam
2517 1716 2710 1771 deinde
2755 1717 2961 1786 pergit,
3010 1717 3210 1771 divinis
3254 1732 3381 1786 pro-

1807 1810 1995 1864 missis
2029 1812 2276 1881 opposita
2301 1809 2600 1878 contigisse
2629 1822 2862 1862 narrans
2891 1828 2902 1862 :
2935 1823 3168 1877 quorum
3202 1808 3377 1860 maxi-

1805 1916 1890 1955 me
1913 1917 2077 1955 causa
2105 1900 2437 1968 obstupescit
2461 1900 2796 1968 miraturque
2820 1897 3088 1968 Propheta
3105 1938 3118 1961 ,
3144 1905 3196 1952 et
3221 1897 3378 1967 quasi

1804 2009 1918 2048 rem
1947 2010 2090 2065 aegre
2122 1991 2300 2048 ferens
2329 1995 2402 2046 ait
2432 2011 2444 2046 :
2476 1991 2575 2045 Ubi
2607 2001 2729 2045 sunt
2758 1992 3134 2045 misericordia:
3163 2000 3266 2044 tua:
3293 2007 3382 2042 on-

1804 2084 1996 2152 tiquaz,
2030 2083 2283 2149 Domine,
2315 2100 2448 2152 quas
2471 2082 2674 2151 jurasti
2702 2081 2875 2135 David
2920 2083 2972 2134 in
3003 2082 3220 2135 veritate
3249 2081 3380 2134 tua?

1804 2175 1873 2228 At
1903 2175 2168 2246 angustia:
2197 2191 2311 2230 suae
2338 2175 2600 2229 medelam
2639 2174 2916 2236 adhibuit,
2963 2182 3074 2227 tum
3123 2173 3381 2242 superius

1804 2283 1929 2322 cum
1971 2267 2214 2331 diceret,
2272 2267 2336 2321 In
2389 2267 2531 2322 curiis
2575 2267 2966 2336 pra'parabimr
3007 2266 3200 2320 ueritas
3244 2275 3380 2327 tua;

1807 2364 1920 2411 tum
1967 2358 2020 2411 in
2063 2357 2149 2412 bis
2193 2373 2314 2426 quae
2360 2365 2662 2414 tractamus
2704 2359 2929 2421 dicens,
2980 2356 3383 2425 (Ionﬂtebuntur

1804 2446 1921 2500 coeli
1951 2446 2220 2500 mirabilia
2254 2457 2345 2500 tua
2366 2486 2378 2509 ,
2409 2449 2600 2500 etenim
2631 2449 2904 2502 veritatem
2938 2454 3082 2499 tuam
3110 2448 3162 2500 in
3193 2445 3380 2500 Eccle-

1805 2540 1887 2592 sia
1941 2549 2268 2592 sanctorum.
2291 2569 2362 2578 —
2387 2538 2550 2593 Vens.
2606 2540 2658 2594 '7.
2709 2539 2971 2605 Quoniam
3005 2539 3120 2608 quis
3154 2539 3208 2591 in
3230 2538 3383 2590 nubi-

1805 2629 1900 2683 bus
1935 2629 2230 2694 a'quabilur
2256 2629 2482 2684 Domino
2510 2671 2524 2694 ,
2557 2631 2746 2686 similis
2775 2633 2876 2685 erit
2907 2631 3134 2684 Domino
3166 2630 3218 2682 in
3253 2629 3383 2698 ﬁliis

1811 2721 1903 2774 Dei
1933 2724 1957 2776 ?
1984 2721 2090 2774 Pro
2122 2722 2246 2788 illo,
2278 2723 2333 2774 in
2381 2722 2640 2785 nubibus,
2687 2722 3050 2794 Symmachus
3097 2722 3173 2774 ait
3195 2761 3208 2784 ,
3249 2722 3382 2786 Quis

1804 2817 1942 2868 enim
1986 2815 2042 2867 in
2090 2814 2328 2869 (cluere?
2373 2815 2678 2868 Admodum
2723 2826 3089 2884 congruenter
3122 2814 3236 2868 haec
3266 2814 3379 2883 jam

1805 2905 2104 2975 praemissis
2139 2903 2380 2972 adiecit:
2417 2908 2701 2959 veritatem
2742 2907 2886 2958 enim
2931 2913 3116 2968 tuam,
3162 2905 3376 2973 inquit,

1806 3007 1860 3052 et
1903 2998 2178 3052 mirabilia
2227 3005 2319 3050 tua
2367 2998 2581 3052 etiamsi
2626 2997 2875 3051 homines
2923 2997 3226 3068 intelligere
3271 3011 3378 3050 non

1805 3090 2061 3156 valeant;
2097 3104 2202 3159 qua
2253 3089 2320 3144 de
2349 3103 2518 3143 causa
2545 3089 2770 3158 jamja-m
2807 3089 3058 3144 dicturus
3085 3104 3205 3143 sum
3229 3131 3244 3153 ,
3283 3087 3382 3141 Ubi

1805 3192 1928 3236 sunt
1967 3181 2348 3236 misericordia:
2391 3191 2496 3234 huc
2535 3183 2769 3250 antiquae
2793 3224 2806 3246 ,
2843 3179 3100 3241 Domine,
3133 3197 3264 3248 quas
3289 3181 3384 3249 ju-

1806 3274 1942 3326 rasti
1976 3271 2147 3326 David
2176 3275 2198 3326 ?
2227 3280 2282 3324 at
2311 3273 2435 3325 caeli
2463 3271 2831 3332 enarrabunt,
2864 3277 2919 3323 et
2964 3269 3210 3323 Ecclesia
3254 3287 3382 3325 san-

1804 3375 2015 3420 ctorum
2039 3364 2442 3426 testiﬁcabitur,
2465 3364 2601 3416 nihil
2624 3378 2812 3417 eorum
2836 3378 2955 3430 qua:
2974 3360 3163 3415 Davidi
3186 3361 3384 3430 jurasti

1805 3458 2086 3527 lapsorum
2131 3471 2294 3522 esse,
2349 3471 2529 3524 neque
2579 3455 2767 3508 irritas
2818 3453 2934 3508 fore
2987 3454 3384 3524 promissiones

1804 3558 1931 3604 tuas
1960 3568 1974 3603 :
2005 3548 2120 3604 ﬁeri
2147 3549 2294 3603 enim
2318 3549 2506 3618 nequit
2533 3555 2583 3600 te
2610 3545 2851 3599 mentiri.
2883 3544 3016 3610 Quis
3037 3546 3181 3599 enim
3209 3560 3386 3614 mqua-

1805 3641 1874 3698 lis
1908 3641 2006 3696 tibi
2033 3641 2140 3696 erit
2173 3641 2228 3694 in
2259 3641 2522 3701 veritate,
2555 3645 2650 3690 aut
2679 3637 2804 3705 quis
2835 3636 3032 3690 similis
3063 3635 3168 3690 erit
3197 3636 3294 3688 tibi
3328 3636 3382 3688 in

1803 3747 1898 3796 eo,
1925 3731 2070 3800 quod
2098 3731 2341 3800 loquaris
2364 3737 2419 3783 et
2443 3727 2835 3798 promissiones
2864 3735 2968 3778 tuae
2994 3724 3160 3780 timur
3188 3731 3242 3778 et
3271 3725 3383 3793 ple-

1803 3837 1886 3876 ne
1921 3821 2045 3876 (idei
2091 3821 2372 3876 evadant?
2401 3817 2532 3872 Tua)
2560 3817 2762 3887 quippe
2792 3815 3058 3870 voluntati
3091 3830 3252 3870 nemo
3281 3830 3380 3884 po-

1802 3922 1911 3969 test
1940 3913 2246 3976 obsistere,
2296 3912 2372 3964 ita
2411 3917 2474 3964 ut
2517 3924 2617 3973 ea,
2663 3923 2782 3977 qua:
2813 3921 2842 3958 a
2874 3916 2926 3960 te
2956 3907 3124 3961 semel
3157 3905 3380 3960 deﬁnita

1805 4015 1964 4070 sunt,
1995 4012 2239 4068 evertat,
2275 4002 2476 4058 nedum
2509 4019 2572 4056 ea
2603 4019 2724 4072 qua:
2755 4015 2879 4054 cum
2909 3999 3223 4068 iuramento
3252 4014 3380 4068 pro-

1803 4095 1974 4151 missa
2019 4101 2189 4160 sunt;
2237 4093 2313 4146 ita
2357 4099 2416 4146 ut
2455 4090 2672 4145 etiamsi
2718 4089 2880 4144 nobis
2923 4096 3050 4141 nota
3090 4103 3198 4141 non
3237 4095 3384 4142 esset

1803 4187 2203 4260 promissorum
2237 4193 2456 4238 tuorum
2488 4183 2691 4238 veritas
2713 4223 2731 4248 ,
2761 4189 2816 4234 at
2854 4180 2985 4234 illud
3031 4181 3197 4246 probe
3239 4180 3382 4232 scia-

1804 4294 1961 4342 mus,
1991 4277 2240 4348 quouiam
2272 4284 2453 4342 potens
2482 4291 2568 4338 es,
2604 4273 2860 4333 Domine,
2893 4280 2942 4325 et
2975 4273 3168 4324 veritas
3204 4279 3292 4322 tua
3327 4271 3382 4322 in

1803 4371 2028 4425 circuitu
2062 4379 2172 4423 tuo.
2213 4367 2408 4424 Omnia
2453 4367 2620 4438 igitur
2646 4381 2987 4436 quacunque
3019 4363 3256 4416 volueris
3286 4378 3382 4431 po-

1804 4475 1924 4526 tes,
1968 4471 2023 4518 et
2050 4460 2439 4532 prmdictorum
2480 4457 2546 4514 de
2593 4457 2798 4512 Davide
2847 4457 3137 4510 verborum
3179 4463 3380 4508 veritas

116 4552 284 4622 λόγων
319 4570 418 4606 σου
450 4552 558 4606 τῶν
583 4553 712 4620 περὶ
741 4549 834 4602 τοῦ
855 4548 1015 4602 Δαυῒδ
1041 4548 1460 4621 προρρηθέντων
1503 4549 1536 4616 ἡ
1565 4548 1698 4618 ἀλή-

1805 4557 1950 4610 eirea
1982 4562 2034 4608 te
2063 4554 2343 4618 volvitur;
2376 4550 2450 4604 ita
2484 4560 2543 4604 ut
2571 4550 2827 4603 omnibus
2850 4587 2863 4611 ,
2901 4548 2993 4617 qui
3023 4548 3167 4600 circa
3201 4555 3251 4599 te
3285 4561 3382 4614 po-

115 4644 232 4698 θεια
260 4645 412 4716 ἀμφὶ
450 4647 510 4698 σὲ
531 4644 782 4698 εἱλεῖται·
818 4641 893 4703 ὡς
919 4643 1052 4693 πᾶσι
1083 4641 1180 4712 μὲν
1203 4645 1316 4704 τοῖς
1339 4641 1464 4712 περὶ
1496 4640 1554 4693 σὲ
1584 4635 1704 4694 οὖσι

115 4737 203 4794 καὶ
237 4737 338 4807 τὴν
366 4733 468 4805 σὴν
499 4733 725 4804 θεότητα
749 4729 1111 4801 δορυφοροῦσι
1143 4728 1528 4797 γινώσκεσθαι,
1543 4731 1704 4798 ἀγνο-

112 4828 286 4881 εἰσθαι
314 4827 373 4880 δὲ
397 4829 512 4889 τοῖς
547 4823 761 4896 μακρὰν
794 4821 1156 4890 ἀφεστηκόσιν
1183 4822 1292 4875 ἀπὸ
1322 4820 1436 4874 σοῦ.

178 4921 340 4972 Δοκεῖ
386 4918 448 4971 δέ
501 4934 590 4988 μοι
637 4916 724 4972 διὰ
754 4917 956 4967 τούτων
978 4915 1006 4966 ὁ
1041 4914 1351 4984 Προφήτης,
1378 4911 1516 4982 ἁγίῳ
1546 4909 1710 4964 Ilvati-

115 5031 244 5083 ματι
277 5010 660 5082 θεοφορηθεὶς,
689 5007 929 5070 καὶτοὺς
947 5006 1046 5076 τῆς
1064 5005 1243 5076 ψυχῆς
1266 5004 1578 5074 ὀφθαλμοὺς
1599 5021 1705 5072 φω-

108 5106 161 5156 τὶ
185 5103 363 5176 νοερῷ
389 5099 813 5170 καταυγασθεὶς,
837 5098 938 5168 τὴν
966 5097 1122 5163 δόξαν
1155 5097 1458 5168 ἑωρακέναι
1481 5095 1573 5148 τοῦ
1598 5097 1707 5149 Μο-

108 5187 367 5263 νογενοῦς
419 5193 513 5246 τοῦ
559 5191 708 5249 Θεοῦ,
745 5192 828 5262 ἢέν
878 5187 1029 5259 μέσῳ
1079 5188 1177 5258 τῆς
1223 5185 1547 5258 Ἐκκλησίας
1591 5185 1702 5239 τῶν

109 5289 278 5353 ἁγίων
312 5287 574 5349 ἑστῶτος,
603 5286 696 5337 καὶ
727 5279 1194 5352 δορυφορουμένου
1237 5277 1342 5331 ὑπὸ
1382 5277 1490 5331 τῶν
1533 5276 1702 5345 ἁγίων

105 5382 211 5433 τῶν
247 5384 307 5433 ἐν
353 5379 606 5450 βασιλεία
646 5374 830 5433 αὐτοῦ.
869 5371 1264 5442 Μνημονεύσας
1295 5370 1427 5439 γοῦν
1467 5369 1576 5423 τῶν
1607 5369 1700 5422 οὐ-

109 5471 312 5540 ρανῶν,
348 5468 448 5523 καὶ
496 5467 571 5538 τῷ
623 5466 753 5532 θείῳ
804 5462 1080 5532 Πνεύματι
1119 5461 1430 5525 ὲνατενίσας
1477 5463 1543 5532 τῇ
1593 5459 1700 5513 τῶν

107 5562 280 5629 ἁγίων
333 5559 657 5629 Ἐκκλησία,
689 5557 862 5610 ἔοικεν
911 5553 1212 5626 ἑωρακέναι
1254 5554 1420 5623 μέσον
1455 5552 1546 5604 τὸν
1571 5551 1697 5604 Υἱὸν

104 5653 198 5705 τοῦ
233 5650 378 5704 Θεοῦ
399 5667 416 5682 ·
443 5647 557 5702 εἶτα
583 5648 720 5719 μετὰ
749 5648 844 5717 τὴν
867 5646 1074 5701 ἐκείνου
1102 5645 1426 5715 κατανόησιν
1454 5643 1699 5714 ἐπιστρέ-

105 5763 228 5815 φειν
265 5743 404 5806 τοὺς
449 5740 756 5811 ὀφθαλμοὺς
790 5738 881 5791 ἐπὶ
923 5737 1033 5792 τῶν
1063 5737 1221 5805 πέριξ
1247 5737 1417 5804 ἁγίων
1449 5735 1696 5803 ἀγγέλων

107 5838 200 5897 καὶ
230 5831 622 5906 ἀρχαγγέλων,
672 5829 994 5900 πνευμάτων
1013 5845 1070 5883 τε
1097 5827 1253 5882 θείων
1291 5829 1384 5881 καὶ
1415 5826 1693 5895 δι’νὰμεων

1806 4647 1896 4702 siti
1927 4653 2056 4700 sunt
2084 4653 2138 4699 et
2167 4643 2425 4698 deitatem
2456 4642 2660 4712 stipant
2691 4646 2840 4693 tuam
2863 4681 2877 4705 ,
2912 4648 3042 4692 nota
3073 4638 3174 4705 sit,
3210 4637 3278 4690 ab
3311 4638 3380 4691 iis

1806 4754 1939 4793 vero
1967 4738 2060 4807 qui
2091 4736 2285 4807 procul
2316 4745 2368 4790 te
2396 4742 2524 4790 sunt
2544 4775 2559 4800 ,
2587 4734 2886 4803 ignoretur.

1876 4911 1955 4965 Ex
1985 4910 2073 4966 his
2106 4925 2272 4980 porro
2299 4907 2518 4963 videtur
2547 4906 2678 4960 mihi
2702 4903 2980 4974 Propheta
3015 4903 3224 4975 Spiritu
3254 4920 3382 4959 san-

1804 5013 1894 5060 cto
1923 5004 2106 5058 ditine
2139 5004 2418 5073 repletus,
2459 5015 2524 5054 ac
2554 4999 2752 5056 mentis
2779 4998 2960 5052 oculis
2993 4998 3263 5068 spirituali
3296 4999 3381 5051 lu-

1807 5098 1954 5153 mine
1981 5097 2326 5159 illustratus,
2358 5092 2590 5163 gloriare
2620 5090 2825 5145 vidisse
2857 5088 3129 5160 Unigeniti
3161 5089 3288 5156 Dei,
3325 5090 3380 5144 in

1804 5188 1984 5243 medio
2006 5187 2262 5244 Ecclesia:
2285 5193 2604 5240 sanctorum
2628 5183 2848 5246 stantis,
2872 5191 2926 5237 et
2951 5191 3264 5237 sanctorum
3285 5183 3380 5252 qui

1805 5280 1861 5334 in
1901 5295 2071 5350 regno
2095 5279 2216 5349 ejus
2245 5285 2374 5333 sunt
2402 5275 2750 5329 multitudine
2779 5275 2988 5345 stipati.
3030 5272 3166 5330 Cum
3210 5275 3382 5329 cteles

1802 5383 2038 5437 namque
2070 5374 2467 5430 memorasset,
2501 5372 2554 5418 et
2589 5362 2794 5433 Spiritu
2823 5365 3012 5418 divino
3062 5373 3378 5420 sanctorum

1804 5457 2104 5515 Ecelesiam
2141 5459 2468 5522 intueretur,
2498 5456 2717 5511 videtur
2749 5457 2804 5510 in
2838 5458 3018 5512 medio
3061 5473 3249 5513 eorum
3289 5458 3382 5513 Fi-

1800 5548 1931 5601 lium
1947 5547 2038 5602 Dei
2066 5547 2440 5616 conspexisse,
2457 5545 2651 5602 deinde
2669 5557 2847 5603 autem
2867 5550 2986 5620 ipso
3007 5552 3376 5617 considerato,

1800 5641 1991 5696 oculos
2021 5648 2235 5695 vertere
2277 5640 2345 5693 ad
2384 5649 2703 5697 sanctorum
2749 5645 3100 5714 angelorum,
3147 5646 3380 5702 archan-

1800 5732 2079 5802 gelorum,
2108 5731 2398 5800 spirituum
2423 5731 2734 5788 divinorum
2767 5742 2819 5789 et
2850 5739 3110 5791 virtutum
3145 5740 3376 5793 circum-

1800 5823 2034 5893 positum
2061 5823 2288 5879 chorum
2315 5843 2326 5877 :
2372 5823 2566 5882 horum
2610 5826 2951 5884 divinitatem
2984 5829 3167 5884 mirari
3194 5847 3209 5896 ;
3242 5845 3368 5885 eum
