3830 6288
373 375 515 433 1085

1076 368 1346 426 EUSEBII
1383 367 1857 425 CESARIENSIS
1893 366 2045 426 OPP.
2081 365 2266 423 PARS
2299 364 2385 423 ΙΙΙ.
2426 394 2497 407 -
2525 361 2934 419 EXEGETICA.

3475 361 3601 415 ιθει

378 507 505 547 vero
533 491 625 561 qui
652 502 843 545 omnes
883 485 1126 551 excedit,
1155 501 1357 542 omnes
1383 493 1642 557 superat,
1674 483 1934 556 Unigeni-

2046 485 2193 556 χορόν
2211 502 2226 516 ⁸
2253 484 2348 538 καὶ
2375 480 2672 553 θαυμάζειν
2694 480 2794 551 τὴν
2821 478 3025 533 τούτων
3058 477 3315 547 θειότητα
3335 494 3349 506 ·
3380 477 3604 551 ὑπερεκε

377 594 487 639 tum
517 582 646 646 Dei,
677 596 801 636 eum
833 587 1055 650 stupore
1088 577 1439 634 considerare
1464 597 1477 632 :
1510 576 1706 633 deinde
1733 592 1813 633 ex.
1844 577 1943 632 ad—

377 675 660 731 miratione
682 673 797 729 haec
816 671 968 729 eflari
987 711 1001 737 ,
1026 670 1289 736 Quoniam
1308 671 1427 737 quis
1443 671 1497 723 in
1522 668 1744 724 nubibus
1763 686 1945 741 aequa-

377 769 517 823 bitur
543 767 811 824 Domino?
844 766 961 822 sive
1006 765 1311 821 secundum
1342 763 1766 836 Symmachum,
1808 763 1942 832 Quis

375 862 510 915 enim
540 861 599 914 in
622 859 806 914 maere
830 858 1056 927 conferet
1080 873 1136 911 se
1150 855 1372 911 Domino
1400 856 1456 910 in
1480 852 1723 935 ﬁliis‘Dei
1743 859 1769 913 7
1796 854 1943 923 Haec,

376 953 444 1009 de
475 951 764 1023 Unigcnito
787 950 881 1006 Dei
914 951 1059 1005 dicta
1080 989 1095 1014 ,
1132 950 1275 1020 piam
1306 955 1525 1005 servant
1565 948 1890 1004 sententiam
1925 963 1941 1014 ;

377 1044 445 1100 de
474 1044 635 1099 Patre
665 1059 805 1099 vero
825 1058 889 1097 ac
922 1041 1033 1098 Deo
1073 1042 1455 1097 universorum
1494 1055 1655 1097 secus
1683 1059 1697 1095 :
1742 1041 1945 1110 impro-

379 1137 496 1207 pria
525 1135 668 1190 enim
697 1142 752 1190 et
781 1135 945 1204 impia
971 1132 1308 1203 comparatio
1336 1141 1500 1188 esset.
1530 1131 1666 1187 Nam
1698 1132 1824 1189 ﬁliis
1850 1130 1945 1188 Dei

377 1227 620 1283 omnium
648 1241 870 1281 causam
899 1224 1148 1280 conferre
1167 1264 1183 1291 ,
1212 1232 1268 1279 et
1292 1238 1416 1279 eum
1444 1223 1539 1294 qui
1567 1239 1733 1295 supra
1762 1225 1945 1279 omnia

378 1325 462 1373 est
496 1316 638 1372 Deus
669 1316 793 1371 aliis
824 1329 1179 1385 comparare,
1225 1314 1667 1385 improbissimus
1700 1316 1943 1371 omnium

379 1426 548 1468 ausus
573 1418 738 1467 esset.
766 1410 836 1465 At
866 1410 985 1466 sine
1014 1410 1260 1481 periculo
1289 1410 1464 1468 Filius
1501 1410 1596 1469 Dei
1631 1413 1961 1484 unigenitus

381 1501 508 1557 [iliis
546 1501 641 1558 Dei
679 1508 1052 1571 comparatur,
1093 1516 1157 1556 ac
1194 1502 1402 1557 dicitur
1436 1518 1563 1558 cum
1603 1503 1946 1575 incompara-

380 1593 540 1648 bilem
571 1607 719 1659 esse,
749 1608 871 1647 cum
900 1592 1052 1647 nullo
1082 1592 1475 1648 conferendum
1495 1635 1512 1660 ,
1554 1600 1719 1663 atque
1759 1595 1949 1651 admo-

376 1685 504 1739 dum
526 1685 854 1740 antecellere
871 1685 1138 1741 asseritur
1158 1686 1244 1742 his
1268 1686 1473 1749 verbis,
1495 1687 1626 1754 Quis
1650 1687 1704 1741 in
1724 1686 1951 1743 nubibus

376 1778 673 1847 a'quabitur
707 1776 978 1834 Domino?
1019 1793 1085 1833 ae
1127 1778 1175 1833 si
1212 1778 1448 1845 dicatur,
1492 1795 1672 1836 nemo.
1718 1778 1959 1837 Etiamsi

373 1870 516 1924 enim
544 1869 702 1924 multi
730 1870 944 1934 sancti,
968 1878 1022 1925 et
1048 1870 1217 1925 millia
1248 1873 1565 1943 angelorum
1583 1912 1599 1938 ,
1623 1882 1679 1928 et
1703 1872 1947 1930 Ecclesia

374 1957 805 2028 primitivorum,
836 1959 1197 2030 principatus,
1228 1968 1527 2029 potestates
1547 2002 1562 2026 ,
1595 1963 1813 2027 throni,
1844 1963 1952 2019 do-

372 2048 705 2104 minationes
731 2088 746 2113 ,
790 2049 1019 2119 spiritus
1074 2051 1292 2116 sancti,
1338 2052 1574 2109 virtutes
1614 2054 1849 2124 divinae,
1888 2055 1946 2111 in

372 2138 696 2195 ctelestibus
716 2139 1051 2196 exercitibus
1071 2151 1381 2206 versentur,
1405 2144 1684 2200 caelestem
1711 2146 1949 2217 implen-

374 2238 456 2286 tes
487 2229 787 2287 Ecclesiam
815 2250 831 2295 ;
858 2241 914 2287 at
938 2235 1094 2304 quis,
1125 2234 1235 2298 ait,
1259 2234 1314 2289 in
1343 2236 1545 2292 aethere
1572 2251 1738 2307 supra
1765 2238 1947 2294 ilrma-

371 2328 617 2375 mentum
649 2320 830 2392 posito
859 2325 1168 2394 aequabitur
1204 2323 1479 2381 Domino?
1514 2326 1670 2393 Quod
1708 2329 1754 2384 si
1786 2329 1943 2384 multi

372 2410 468 2465 lilii
496 2410 588 2466 Dei
622 2420 751 2468 sunt
779 2414 1043 2485 multique
1083 2414 1193 2480 dii,
1244 2417 1546 2472 secundum
1589 2419 1757 2484 illud,
1800 2419 1955 2475 Deus

320 2566 321 2569 η
370 2503 516 2557 stetit
553 2504 611 2558 in
635 2521 902 2577 synagoga
933 2504 1151 2562 deorum
1184 2511 1226 2542 ¹¹
1248 2525 1264 2575 ;
1289 2516 1344 2565 et
1363 2549 1379 2575 ,
1420 2509 1561 2565 Deus
1590 2510 1810 2566 deorum
1837 2511 1942 2568 Do-

372 2596 545 2650 minus
587 2595 794 2652 locutus
830 2609 910 2653 est
939 2602 984 2633 "
1010 2640 1025 2661 .
1074 2609 1165 2665 et,
1212 2599 1326 2672 Ego
1361 2601 1514 2669 dixi,
1557 2601 1648 2656 Dii
1698 2605 1857 2669 estis,
1892 2612 1941 2659 et

370 2688 472 2758 [iiii
498 2688 764 2745 Altissimi
792 2708 969 2747 omnes
992 2692 1071 2748 "z
1101 2692 1197 2750 sed
1219 2695 1335 2765 quis
1359 2694 1554 2750 similis
1580 2695 1685 2750 erit
1716 2695 1942 2752 Domino

370 2781 425 2832 in
456 2780 586 2850 ﬁliis
630 2780 778 2839 Dei?
818 2782 952 2838 Nam
1001 2799 1126 2839 cum
1179 2787 1456 2842 innumeri
1505 2786 1629 2857 ejus
1676 2787 1771 2843 lilii
1799 2791 1939 2854 sint,

369 2886 570 2938 nemo,
618 2874 831 2946 inquit,
880 2877 1012 2933 huic
1059 2879 1256 2935 similis
1303 2880 1446 2945 erit,
1478 2889 1576 2937 aut
1612 2884 1939 2953 aequabitur,

371 2970 559 3032 utpote
597 2965 691 3035 qui
731 2967 940 3023 electus
967 2968 1073 3033 sit,
1100 2969 1417 3041 unigenitus
1444 2978 1501 3027 et
1542 2973 1942 3045 primogenitus

370 3053 552 3109 omnis
580 3062 866 3125 creatm,
903 3056 1143 3114 Verbum
1174 3059 1306 3115 item
1334 3069 1390 3117 et
1433 3060 1723 3131 sapientia,
1763 3060 1940 3119 virtus

2041 576 2371 649 πλήττεσθαι
2393 576 2452 630 δὲ
2473 575 2565 629 τὸν
2588 573 2845 627 ἐπέκεινα
2869 571 3104 629 πάντων,
3131 571 3227 624 καὶ⁵
3254 569 3395 639 ὑπὲρ
3416 571 3607 632 πάντας

2040 669 2132 725 τὸν
2152 668 2430 738 Μονογενῆ
2456 665 2550 720 τοῦ
2575 664 2710 719 Θεοῦ
2730 680 2745 694 θ
2779 659 2879 717 εἶτ’
2907 664 2971 717 ἐκ
3002 661 3095 716 τοῦ
3122 661 3405 733 θαύματος
3428 661 3611 713 ἀναπεσ

2043 760 2350 831 φωνηκέναι
2375 759 2466 813 τόσ
2494 758 2613 811 Ὅτι
2642 756 2735 819 τίς
2757 755 2829 809 ἐν
2854 753 3135 823 νεφέλαις
3157 751 3517 819 ὶσωθήσεται
3539 749 3610 815 τῷ

2043 852 2272 920 Κυριῳ;
2320 850 2354 923 ἦ
2400 848 2544 905 κατά
2585 847 2676 902 τὸν
2702 846 2991 917 Σύμμαχον
3016 863 3030 876 ·
3070 846 3164 911 Τίς
3193 845 3304 914 γὰρ
3342 844 3417 897 ἐν
3440 842 3611 908 αἰθέρι

2044 944 2510 1013 ἀντιπαραθήσει
2538 942 2617 1009 τῷ
2649 943 2843 1010 Κυρίῳ
2869 942 2938 995 ἐν
2964 937 3112 1005 υἱοῖς
3134 937 3322 999 Θεοῦ;
3357 934 3540 988 Ταῦτα
3559 934 3623 987 δὲ.

2044 1026 2173 1112 περὶ
2218 1040 2315 1110 μὲν
2367 1036 2462 1092 τοῦ
2509 1035 2845 1105 Μονογενοῦς
2880 1032 2973 1087 τοῦ
3005 1029 3140 1085 Θεοῦ
3166 1028 3439 1099 λεγόμενα
3466 1026 3615 1091 σώζοι

2046 1131 2113 1186 ἂν
2149 1129 2349 1200 εὐσεϐῆ
2376 1129 2475 1200 τὴν
2499 1127 2757 1191 διάνοιαν,
2787 1124 2848 1179 οὑ
2879 1123 2977 1195 μὲν
3007 1121 3136 1192 περὶ
3154 1119 3249 1173 τοῦ
3290 1118 3503 1189 Πατρδς
3532 1116 3633 1168 καὶ.

2046 1221 2182 1277 Θεοῦ
2211 1221 2317 1275 τῶν
2342 1221 2478 1275 ὅλων
2496 1237 2510 1251 ο
2534 1218 2801 1281 ἀνοίκειος
2831 1215 2940 1287 γὰρ
2968 1214 3063 1267 καὶ⁵
3088 1211 3292 1282 ἀσεϐὴς
3322 1212 3358 1281 ἡ
3388 1207 3627 1277 παράθε-

2048 1332 2152 1379 σις.
2186 1313 2258 1367 Τὸ
2307 1313 2417 1385 γὰρ
2463 1312 2599 1375 υἱοῖς
2628 1308 2765 1365 Θεοῦ
2801 1305 3169 1379 παραϐάλλειν
3201 1304 3265 1357 τὸ
3294 1304 3514 1357 πάντων
3540 1301 3621 1354 αῖ-

2044 1424 2179 1472 τιον,
2209 1408 2303 1461 καὶ
2331 1406 2393 1460 τὸ
2431 1404 2742 1476 συγκρίνειν
2785 1402 2990 1474 ἑτέροις
3022 1400 3223 1471 τολμᾷν
3248 1398 3340 1452 τὸν
3372 1397 3642 1451 ἐπέκεινα.

2046 1500 2157 1554 τῶν
2176 1499 2312 1553 ὅλων
2332 1497 2486 1562 Θεὸν,
2509 1497 2726 1551 πάντων
2746 1495 2812 1549 ἂν
2826 1494 3035 1563 γένοιτο
3056 1489 3438 1547 ἀνοσιώτατον.
3455 1489 3630 1555 ’Δκίντ

2047 1592 2202 1655 δυνος
2245 1589 2291 1643 δ’
2313 1589 2379 1643 ἂν
2429 1588 2514 1660 είη
2563 1589 2592 1640 ό
2635 1587 2790 1656 λόγος
2824 1588 2961 1648 υἱοῖς
2990 1583 3124 1638 Θεοῦ
3157 1581 3461 1654 συγκρίνων
3498 1580 3637 1633 Tios.

2047 1675 2183 1731 Θεοῦ
2219 1674 2500 1747 μονογενῆ,
2519 1674 2613 1728 καὶ
2638 1672 2700 1727 τὸ
2720 1674 2855 1746 πρὸς
2876 1673 3082 1736 πάντας
3104 1671 3431 1741 ἀσύγκριτον
3457 1668 3653 1723 αὑτοῦ

2049 1769 2143 1821 καὶ
2169 1766 2530 1839 ἁπαράθετον,
2560 1765 2680 1819 καθ’
2710 1765 3013 1837 ὑπερϐολήν
3037 1781 3098 1817 τε
3122 1763 3386 1835 ὑπερέχον
3426 1761 3637 1832 σημαί-

2028 1856 2159 1913 Δνειν
2188 1858 2277 1912 διὰ
2309 1857 2434 1911 τοῦ·
2472 1858 2663 1924 Τίς-ἑν
2692 1858 2975 1927 νεφέλαις
3016 1854 3368 1921 ίσωθήσεται
3402 1851 3491 1918 τῷ
3511 1856 3640 1907 Κυ-

2038 1952 2179 2020 ρίῳ;
2208 1951 2329 2004 ἀντὶ
2374 1949 2491 2014 τοῦ,
2533 1950 2730 2014 ούδείς.
2763 1951 2825 2002 Ei
2848 1950 2957 2022 γὰρ
2999 1948 3094 2003 καὶ
3132 1948 3315 2002 πολλοὶ
3355 1946 3512 2015 ἅγιοι
3541 1947 3642 1999 καὶ

2049 2043 2307 2116 μυριάδες
2341 2042 2608 2111 ἀγγέλων,
2633 2042 2731 2095 καὶ
2766 2041 3058 2112 Ἐκκλησία
3091 2038 3475 2113 πρωτοτόκων,
3530 2041 3639 2108 ἀρ-

2044 2137 2138 2208 χαί
2171 2154 2228 2190 τε
2262 2136 2357 2191 καὶ
2383 2134 2625 2201 ἐξουσίαι
2653 2135 2750 2188 καὶ
2778 2134 2957 2207 θρόνοι
2991 2135 3084 2189 καὶ⁸
3103 2134 3436 2205 κυριότητες,
3462 2133 3644 2186 πνεύσ

2049 2229 2196 2301 μα.τά
2219 2245 2279 2281 τε
2313 2227 2466 2296 ἅγια,
2501 2228 2599 2282 καὶ
2622 2226 2879 2297 δυνάμεις
2911 2226 3051 2281 θεῖαι
3077 2229 3133 2281 ἐν
3161 2228 3281 2289 ταῖς
3306 2227 3427 2278 κατ’
3459 2224 3618 2295 οὖρα

2044 2322 2134 2376 νδν
2169 2324 2446 2393 στρατιαῖς
2470 2319 2862 2384 πολιτεύονται,
2891 2321 2991 2391 τὴν
3023 2319 3336 2390 ἐπουράνιον
3367 2317 3643 2387 συμπλη-

2049 2414 2267 2487 ροῦντες
2309 2413 2663 2484 Ἐκκλησίανο
2691 2411 2827 2466 ἀλλά
2866 2412 2970 2476 τίς,
3006 2411 3187 2482 φησιν.
3218 2414 3275 2464 ἐν
3313 2410 3395 2480 τῷ
3439 2409 3644 2483 αἰθέρι

2045 2506 2125 2577 τῷ
2146 2506 2404 2560 ἐπέκεινα
2426 2504 2519 2558 τοῦ
2546 2504 2922 2576 στερεώματος
2952 2502 3271 2575 ισωθήσεται
3294 2502 3371 2567 τῷ
3396 2502 3645 2573 κυρίως

2044 2600 2108 2652 Ei
2128 2599 2183 2653 δὲ
2204 2597 2383 2652 πολλοὶ
2407 2598 2514 2650 υἱοὶ
2537 2596 2672 2650 Θεοῦ
2694 2597 2789 2650 καὶ
2812 2596 2925 2649 θεοὶ
2944 2594 3084 2649 κατά
3103 2595 3165 2648 τό
3184 2611 3196 2625 ·
3225 2596 3279 2647 '0
3302 2594 3449 2661 Θεὸς
3474 2594 3645 2662 ἔστη

2042 2690 2113 2744 ἐν
2146 2686 2471 2758 συναγωγῇ
2507 2688 2679 2752 θεῶν,
2711 2687 2839 2741 καί·
2875 2686 3021 2753 Θεὸς
3051 2684 3203 2743 θεῶν
3227 2686 3440 2753 Κύριος
3490 2685 3641 2739 ἐλά-

2040 2783 2218 2847 λησε,
2257 2779 2352 2834 καί
2373 2797 2387 2812 ο
2428 2777 2570 2850 Ἐγὼ
2597 2773 2802 2831 εἶπον·
2838 2776 2972 2831 Θεοί
2997 2776 3157 2840 ἐστε,
3184 2775 3279 2828 καὶ
3304 2775 3424 2829 υἱοὶ
3458 2776 3641 2844 ’Υιίιίι

2041 2884 2194 2924 στου
2221 2868 2443 2936 πάντες
2462 2885 2476 2900 ·
2503 2868 2637 2922 ἀλλά
2668 2868 2758 2934 Τίς
2783 2862 3309 2938 ὁμοιωθήσεται-τῷ
3332 2865 3552 2933 Κιιοίφ
3576 2865 3647 2919 ἐν

2041 2960 2193 3027 υἱοῖς
2225 2960 2407 3024 Θειοῦς
2448 2961 2673 3032 Μυρίων
2717 2960 2827 3030 γὰρ
2871 2959 3040 3012 ὅντων
3068 2957 3219 3025 υἱῶν,
3245 2956 3439 3020 οὐδεὶς,
3469 2958 3663 3029 φησι...

2041 3051 2215 3125 τούτῳ
2245 3052 2664 3124 ὁμοιωθήσεται,
2694 3051 2814 3105 οὐδὲ
2840 3049 3247 3122 ἐξισωθήσεται,
3275 3048 3530 3120 ἐκλεκτῷ
3562 3051 3643 3103 ὅτι

367 3155 423 3200 et
453 3146 717 3216 sapientia
746 3147 858 3206 Dei.
907 3149 1146 3221 Mihique
1175 3151 1391 3207 videtur
1442 3153 1640 3208 borum
1689 3155 1938 3210 notitiam

2046 3145 2137 3199 καὶ
2167 3146 2444 3215 μονογενεῖ
2478 3144 2574 3198 καὶ
2606 3142 2936 3215 πρωτοτόκῳ
2963 3142 3142 3212 πάσης
3186 3141 3436 3207 κτίσεως,
3464 3140 3665 3212 Λόγῳ-

369 3235 423 3291 in
455 3237 889 3306 praecedentibus
918 3241 1168 3308 tradere,
1213 3259 1339 3299 cum
1387 3244 1464 3299 ait
1491 3264 1505 3301 :
1538 3246 1943 3315 Conﬁtebuntur

367 3326 485 3382 caeli
518 3328 788 3383 mirabilia
821 3339 934 3384 tua.
982 3330 1263 3404 Siquidem
1296 3350 1364 3391 ex
1395 3335 1743 3393 mirabilibus
1771 3353 1942 3393 unum

368 3418 476 3473 hoc
498 3427 648 3485 erat,
677 3424 820 3491 quod
847 3423 1104 3496 deinceps
1130 3425 1198 3483 de
1211 3425 1505 3498 Unigenito
1528 3426 1624 3485 Dei
1652 3429 1941 3486 additurus

366 3515 517 3573 erat,
548 3516 603 3564 et
627 3510 844 3579 quidem
871 3515 1205 3569 necessario.
1235 3513 1373 3581 Quia
1402 3514 1547 3571 enim
1576 3516 1729 3571 illum
1759 3533 1827 3574 ex
1856 3534 1942 3574 se-

368 3599 517 3655 mine
544 3599 716 3657 David
746 3604 1086 3660 nasciturum
1112 3622 1238 3663 esse
1256 3648 1272 3675 ,
1304 3608 1358 3661 in
1386 3608 1672 3679 prophetia
1698 3608 1941 3665 indican-

366 3691 497 3746 dum
541 3704 694 3763 erat,
737 3695 994 3752 deitatem
1036 3698 1158 3768 ejus
1198 3700 1293 3770 qui
1335 3700 1391 3754 in
1434 3699 1557 3770 ipso
1595 3701 1942 3760 habitaturus

366 3790 486 3837 erat
537 3792 698 3840 antea
751 3789 1263 3858 contemplabatur;
1306 3798 1366 3845 ut
1409 3806 1517 3847 una
1566 3792 1940 3852 edisceremus

367 3890 489 3946 quae
518 3873 696 3933 virtus
740 3878 794 3933 in
848 3879 970 3949 ipso
1017 3880 1329 3936 habitatura
1372 3891 1554 3949 esset,
1587 3891 1640 3941 ct
1670 3885 1940 3942 sciremus

367 3965 544 4034 ipsum
588 3969 809 4038 quidem
860 3970 1031 4026 lilium
1072 3988 1196 4030 esse
1238 3972 1459 4032 Davidis
1480 4009 1506 4039 ,-
1529 3992 1653 4033 eum
1683 3994 1815 4036 vero
1844 3979 1938 4050 qui

367 4053 425 4108 in
454 4055 576 4126 ipso
603 4057 952 4117 habitaturus
980 4069 1128 4118 esset
1147 4102 1163 4129 ,
1195 4062 1395 4120 Filium
1428 4064 1548 4122 Dei.

443 4235 613 4294 Vsus.
655 4239 709 4296 8.
749 4238 890 4295 Deus
917 4242 1008 4312 qui
1035 4241 1367 4313 gloriﬁcatur
1394 4245 1451 4299 in
1475 4248 1699 4303 consilio
1725 4258 1938 4303 sancto-

366 4346 482 4384 rum
501 4373 518 4399 ,
548 4346 767 4400 magnus
791 4340 840 4385 et
863 4332 1110 4386 terribilis
1137 4349 1293 4403 super
1318 4351 1494 4391 omnes
1518 4338 1609 4409 qui
1630 4340 1683 4393 in
1710 4339 1935 4393 circuitu

2041 3253 2102 3290 τε
2130 3237 2293 3308 σοφίᾳ
2325 3236 2421 3290 καὶ
2443 3235 2672 3306 δυνάμει
2711 3234 2806 3288 καὶ
2844 3233 3007 3304 σοφία
3034 3232 3190 3286 Θεοῦ.
3221 3233 3328 3285 Καί
3359 3250 3452 3309 μοι
3484 3232 3661 3285 δοκεί-

2040 3327 2138 3398 τὴν
2167 3324 2370 3379 τούτων
2397 3324 2597 3394 γνῶσιν
2620 3323 2708 3378 διὰ
2730 3324 2839 3378 τῶν
2861 3324 3118 3395 ἀνωτέρω
3140 3321 3443 3394 σημαίνειν,
3461 3323 3534 3376 ὲν
3563 3319 3643 3385 οἷς

2041 3416 2145 3488 ἔφη
2167 3433 2179 3444 ’
2230 3415 2811 3487 Ἐξομολοτήσονται
2838 3418 2893 3469 οἱ
2925 3415 3171 3484 οὐρανοὶ
3204 3414 3276 3468 τὰ
3321 3413 3643 3483 θαυμάσιά

2040 3509 2287 3564 σου.Ἕν
2333 3508 2443 3580 γὰρ
2493 3507 2603 3563 τῶν
2658 3508 2976 3579 θαυμασίων
3023 3508 3117 3561 καὶ
3167 3507 3320 3560 τοῦτο
3364 3500 3458 3577 ἦν,
3490 3506 3642 3578 ὅπερ

2041 3603 2276 3675 ἡμελλεν
2324 3600 2453 3673 ἑξῆς
2499 3601 2773 3672 ἐπιλέγειν
2825 3601 2954 3674 περὶ
3001 3599 3098 3654 τοῦ
3147 3599 3486 3670 Μονογενοῦς
3543 3600 3642 3654 cui

2039 3695 2176 3749 Θεοῦ
2198 3711 2211 3725 ⁸
2244 3695 2561 3762 ἀναγκαίως
2587 3695 2677 3748 δέ’
2706 3693 2894 3766 ἐπειδὴ
2928 3693 3129 3765 ἧμελλε
3157 3693 3247 3747 τὸν
3277 3695 3339 3747 ἐκ
3372 3692 3643 3765 σπέρμαν

2039 3808 2130 3854 τος
2154 3789 2316 3843 Δαυῒδ
2338 3789 2699 3860 γενησόμενον
2721 3787 2809 3841 διὰ
2827 3787 2927 3858 τῆς
2950 3786 3283 3858 προφητείας
3314 3785 3638 3856 σημαίνειν,

2038 3884 2138 3954 τὴν
2168 3882 2400 3953 θεότητα
2430 3881 2524 3935 τοῦ
2560 3883 2979 3951 κατοικήσοντος
3008 3882 3067 3933 ἐν
3102 3878 3250 3950 αὑτῷ
3281 3878 3638 3951 προθεωρεῖ·

2040 3971 2116 4035 ὡς
2146 3969 2212 4024 ἂν
2243 3970 2379 4043 ὁμοῦ
2415 3969 2702 4042 μάθοιμεν,
2729 3969 2812 4033 τίς
2858 3971 2892 4041 ἡ
2946 3968 3214 4040 μέλλουσα
3252 3970 3540 4021 κατοικεῖν
3582 3969 3647 4021 ἐν⁸

2039 4060 2188 4117 αὑτῶ
2208 4062 2456 4134 δύναμις,
2500 4062 2596 4115 καὶ
2626 4061 2703 4124 ὡς
2727 4062 2755 4114 ό
2790 4061 2887 4132 μὲν
2921 4061 3036 4124 υίὸς
3064 4055 3134 4132 ἦν
3164 4058 3340 4123 Δαυῖδ,
3383 4061 3415 4113 ὁ
3454 4059 3515 4113 δὲ
3579 4061 3645 4114 ἐν

2039 4155 2189 4226 αὑτῷ
2221 4156 2563 4227 κατοικήσων
2594 4154 2722 4218 Υίὺς
2751 4153 2844 4207 τοῦ
2877 4151 3034 4208 Θεοῦ.

2123 4251 2181 4303 Ὁ
2215 4248 2360 4315 Θεὸς
2384 4245 2853 4316 ἐτι-δοξαζόμενος
2888 4246 2958 4299 ἐν
2982 4242 3189 4313 βουλῇ
3211 4243 3415 4314 ἁγίων,
3439 4243 3633 4315 μέγα(

2042 4340 2143 4394 καί
2178 4337 2429 4410 φοϐερὸς
2466 4337 2566 4392 ἐπὶ
2615 4337 2847 4404 πάντας
2877 4336 3019 4402 τοὺς
3049 4337 3397 4404 περικύκλῳ.
3410 4336 3631 4391 αὑτοῦ.

362 4423 478 4491 ejus
506 4431 651 4481 sunt.
678 4420 911 4489 Quinam
944 4423 1016 4478 sit
1040 4424 1088 4479 is
1112 4426 1206 4495 qui
1234 4441 1359 4481 cum
1386 4430 1606 4484 nemine
1628 4430 1934 4501 comparari

2046 4432 2147 4485 Τὸν
2169 4429 2245 4503 μὴ
2289 4429 2482 4501 ἔχοντα
2530 4427 2818 4498 σύγκρισιν
2842 4469 2858 4493 ,
2916 4428 3050 4499 μηδὲ
3101 4426 3406 4499 παράθεσιν
3430 4469 3447 4492 ,
3490 4429 3629 4501 μηδὲ

363 4516 448 4570 vel
477 4514 715 4570 conferri
748 4515 959 4586 possit,
987 4515 1261 4572 neminem
1306 4519 1542 4576 similem
1586 4498 1841 4578 admit—tat
1880 4523 1936 4578 in

2046 4498 2476 4596 opoiioewatpoq
2515 4538 2640 4576 τινα
2683 4521 2794 4574 τῶν
2840 4498 3247 4591 ὠνομασμένων
3274 4519 3408 4574 υἱῶν
3454 4498 3627 4587 Θεοῦ,

364 4606 433 4662 iis
465 4606 559 4677 qui
592 4606 689 4661 ﬁlii
720 4605 816 4662 Dei
844 4614 1135 4672 vocantur,
1169 4608 1259 4664 hic
1287 4610 1534 4667 declarat
1560 4612 1753 4670 dicens
1783 4635 1796 4670 :
1834 4617 1937 4670 Hic

2046 4614 2220 4678 ὁποῖός
2264 4613 2346 4678 τίς
2395 4616 2511 4666 ἐστι
2545 4612 2843 4684 παρίστησι
2894 4612 3098 4681 λέγων·
3143 4607 3335 4679 Οὗτός
3377 4613 3562 4667 ἐστιν
3593 4618 3629 4668 ὁ

361 4707 441 4753 est
492 4698 667 4767 Deus,
712 4701 802 4771 qui
843 4700 1182 4772 gloriﬁcatur
1223 4705 1280 4757 in
1330 4705 1557 4761 consilio
1602 4715 1935 4764 sanctorum.

361 4791 665 4847 Consilium
699 4799 879 4848 autem
908 4803 1221 4852 sanctorum
1249 4796 1363 4867 jam
1387 4812 1553 4866 supra
1583 4798 1722 4854 dixit
1752 4798 1942 4856 Eccle-

360 4881 498 4937 siam
528 4890 846 4939 sanctorum
869 4900 995 4943 esse
1012 4928 1029 4954 ,
1053 4888 1376 4959 videturque
1403 4887 1707 4947 Ecclesiam
1732 4893 1939 4962 primo-

361 4976 669 5045 genitorum
689 5015 707 5043 ,
743 4977 839 5048 qui
867 4978 1133 5051 descripti
1164 4988 1295 5036 sunt
1324 4981 1381 5036 in
1411 4982 1602 5048 caelis,
1637 4984 1932 5040 consilium

362 5068 682 5135 nominare,
716 5070 954 5142 quadam
998 5072 1184 5130 habita
1225 5075 1438 5132 ratione
1479 5076 1549 5130 ad
1583 5085 1811 5132 senatus
1839 5077 1931 5148 qui

361 5159 530 5216 variis
577 5159 635 5215 in
682 5160 822 5217 locis
866 5162 1157 5219 exsistunt.
1208 5164 1267 5219 ln
1324 5165 1429 5220 hoc
1471 5172 1653 5221 autem
1699 5168 1934 5224 consilio

362 5260 681 5307 sanctorum
746 5252 919 5325 gloria
982 5255 1104 5325 ejus
1167 5257 1520 5321 celebratur,
1575 5257 1670 5329 qui
1723 5260 1932 5314 nullam

360 5347 828 5414 comparationem
866 5348 953 5403 vel
987 5349 1400 5407 similitudinem
1432 5350 1672 5437 admittit
1701 5366 1830 5406 eum
1865 5352 1934 5409 iis

360 5434 454 5502 qui
493 5435 584 5490 lilii
620 5435 717 5492 Dei
750 5445 1053 5495 vocantur:
1084 5455 1263 5512 neque
1294 5442 1471 5498 solum
1504 5434 1844 5514 gloriﬁcatur
1876 5443 1933 5497 in

363 5523 598 5578 consilio
630 5535 981 5594 sanctorum,
1014 5528 1110 5584 sed
1149 5530 1312 5586 etiam
1348 5533 1609 5589 terribilis
1638 5541 1724 5590 est
1765 5549 1934 5604 super

362 5623 557 5669 omnes
585 5614 677 5683 qui
706 5614 763 5670 in
797 5616 1029 5672 circuitu
1059 5618 1183 5689 ejus
1212 5627 1363 5675 sum.
1397 5620 1631 5688 Quinam
1663 5633 1843 5680 autem
1878 5625 1933 5679 in

439 5789 480 5820 ¹¹
523 5788 665 5846 Psal.
702 5808 903 5860 tum,
946 5799 990 5851 l.

2042 4706 2187 4772 Θεὸς
2224 4710 2258 4762 ὁ
2303 4704 2766 4775 ὲνδοξαζόμενος
2807 4706 2877 4759 ἐν
2909 4704 2983 4774 τῇ
3019 4703 3225 4774 ,βουλῇ
3265 4704 3384 4759 τῶν
3414 4706 3627 4775 ἁγίων.

2040 4796 2247 4868 Βουλὴν
2279 4797 2336 4851 δὲ
2384 4797 2558 4867 ἁγίων
2590 4799 2851 4868 προσεῖπε
2890 4797 2990 4868 τὴν
3039 4798 3298 4869 ἀνωτέρω
3338 4796 3637 4868 λεχθεῖσαν

2051 4889 2377 4961 Ἐκκλησίαν
2417 4890 2588 4959 ἀγίων
2608 4907 2622 4920 ·
2663 4893 2757 4945 καὶ
2794 4890 2957 4961 ἐῴκει
2984 4891 3085 4962 τὴν
3135 4892 3468 4965 Ἐκκλησίαν
3516 4895 3620 4947 τῶν

2040 4983 2401 5054 πρωτοτόκων
2438 4982 2546 5036 τῶν
2587 4982 3096 5055 ἀπογεγραμμένων
3120 4986 3176 5037 ἐν
3213 4986 3471 5057 οὐρανοῖς
3503 4987 3617 5057 βου-

2038 5073 2137 5146 λὴν
2160 5074 2528 5144 ὠνομακέναι,
2557 5074 2835 5143 ἀναλόγως
2870 5077 2985 5139 τοῖς
3022 5077 3164 5129 κατὰ
3209 5076 3374 5130 τόπον
3400 5077 3615 5148 βουλευ-

2039 5167 2269 5238 τηρίοις.
2312 5167 2397 5220 Ἐν
2426 5166 2597 5239 ταύτῃ
2626 5166 2682 5220 δὲ
2713 5170 2781 5239 τῇ
2816 5166 2976 5239 βουλῇ
2999 5167 3109 5221 τῶν
3140 5169 3313 5237 ἁγίων
3345 5169 3615 5237 ἐνδοξαζό-

2043 5256 2201 5326 μενός
2226 5257 2419 5309 ἐστινιό
2445 5256 2520 5327 μὴ
2551 5253 2690 5326 ἔχων
2714 5255 3019 5328 σύγκρισιν,
3044 5257 3180 5329 μηδὲ
3203 5258 3463 5329 ὁμοίωσιν
3484 5259 3612 5332 πρὸς

2035 5347 2160 5409 τοὺς
2193 5345 2625 5418 ὀνομαζομένους
2659 5347 2809 5411 υἱοὺς
2848 5346 2983 5400 Θεοῦ
3005 5364 3019 5378 ’
3057 5349 3151 5401 καὶ
3184 5349 3246 5401 οὑ
3285 5349 3445 5420 μόνον
3470 5349 3608 5403 ἐνδο-

2037 5438 2332 5510 ξαζόμενός
2361 5441 2508 5493 ἐστιν
2550 5440 2608 5495 ἐν
2653 5441 2718 5512 τῇ
2774 5439 2934 5513 βουλῇ
2967 5440 3076 5494 τῶν
3117 5441 3307 5510 ἁγίων,
3336 5441 3473 5495 ἀλλά
3514 5439 3603 5494 καὶ

2038 5528 2269 5601 φοϐερὸς
2293 5531 2527 5603 ὑπάρχει
2553 5533 2645 5585 ἐπὶ
2691 5532 2898 5596 πάντας
2927 5534 3053 5597 τοὺς
3084 5533 3397 5605 περικύκλῳ
3420 5530 3598 5586 αὐτοῦ.

2036 5624 2193 5688 Τίνες
2216 5623 2261 5677 δ’
2285 5624 2351 5679 ἂν
2402 5621 2511 5679 εἷεν
2554 5627 2602 5680 οἱ
2651 5625 2965 5699 περικύκλῳ
3000 5626 3165 5681 αὑτοῦ
3207 5627 3322 5681 ἀλλ’
3350 5626 3380 5699 ἢ
3416 5628 3463 5679 οί
3497 5623 3598 5679 οἱδὶ

1070 5801 1113 5832 ’³
1156 5800 1299 5856 Psal.
1335 5819 1495 5867 χιιι,
1544 5806 1587 5859 l.
1672 5807 1717 5838 ²³
1758 5804 1912 5862 Psal.
1948 5819 2150 5869 nam,
2191 5805 2257 5861 li.
