3830 6288
172 429 303 486 1085

1213 417 1727 473 ΕΟΜΜΕΝΤᾹΒΙΔ
1769 416 1833 470 ΙΝ
1875 412 2208 470 l’SALMOS.

3276 414 3298 468 Ι
3310 412 3413 470 080

163 543 251 600 τοῦ
292 541 460 605 Θεοῦ,
509 539 602 592 καὶ
645 536 800 591 αὐτοὶ
846 534 956 590 θεοὶ
1001 531 1472 606 χρηματίζοντες,
1520 532 1585 584 δι’
1638 530 1732 595 οὓς

1849 531 2068 585 :ircuitu
2098 529 2218 598 ejus
2249 527 2480 592 fuerint,
2524 528 2630 583 nisi
2662 528 2754 583 lllii
2789 527 2916 592 Dei,
2946 528 3037 598 qui
3064 533 3118 583 et
3146 527 3247 597 ipsi
3273 543 3400 598 quo-

163 639 386 708 εἴρηται,
417 634 470 684 '0
500 631 643 695 Θεὸς
665 629 814 694 ἔστη
839 628 909 681 ἐν
933 624 1255 694 συναγωγῇ
1277 624 1460 689 θεῶν;
1483 626 1592 678 Καὶ
1620 625 1730 696 γὰρ

161 729 235 790 τὸ,
271 727 372 780 Ἐν
393 721 597 790 βου.ὶῇ
622 721 823 790 ἁγίων,
853 719 1049 781 καὶτὸ,
1091 719 1192 771 Ἑν
1225 717 1526 786 ἐκκλησίᾳ
1577 732 1722 784 πρωο

160 819 430 873 τοτόκων.
458 814 551 866 καὶ
580 812 660 873 τὸ,
700 812 795 864 Ἐν
824 806 1148 878 συναγωγῇ
1180 806 1351 872 θεῶν,
1392 806 1449 859 ἓν
1477 806 1572 860 καὶ
1606 823 1732 859 ταυ-

157 911 241 964 τὸν
273 903 409 959 εἷναί
444 921 530 975 μοι
551 904 714 956 δοκεῖ.
733 900 950 954 Τούτων
975 898 1262 971 τοιγαροῦν
1288 899 1346 951 ἐν
1382 897 1530 970 μέσῳ
1559 897 1732 961 ἑστὼς

162 999 242 1054 καὶ
289 997 392 1050 ὑπο
438 995 642 1048 τούτων
683 991 1150 1064 δορυφορούμενος
1205 993 1233 1044 ό
1267 990 1393 1054 Υἱὸς
1433 989 1527 1042 τοῦ
1573 989 1729 1056 Θεοῦ,

159 1086 561 1158 ἱνδοξαζὸμενος
591 1086 804 1157 εἴρηται
841 1085 934 1138 καὶ
967 1085 1139 1156 μέγας
1174 1083 1266 1136 καὶ
1294 1082 1544 1154 φοϐερός.
1571 1083 1639 1136 ’Ὀ
1668 1097 1731 1151 γε

163 1183 261 1255 μὴν
299 1180 593 1251 Σύμμαχος
642 1177 710 1231 τὰ
764 1177 1101 1248 προκείμενα
1142 1175 1331 1228 τοῦτον
1381 1173 1610 1241 ἐξέδωκε
1641 1174 1732 1227 τὸν

158 1277 348 1349 τρόπον
368 1292 382 1306 ·
426 1272 533 1327 Θεὲ
561 1271 816 1339 anteme
847 1271 916 1323 ἐν
945 1269 1148 1339 ὁμιλίᾳ
1180 1267 1362 1336 ἁγίων
1382 1265 1606 1334 πολλῇ,
1634 1268 1731 1319 καὶ

160 1369 430 1438 ἐπίφοϐος
456 1367 524 1419 ἐν
553 1362 702 1419 πᾶσι
725 1363 850 1429 τοῖς
879 1362 1011 1430 περὶ
1047 1360 1335 1414 σεαυτόν·
1365 1361 1392 1412 ό
1420 1358 1477 1412 δὲ
1506 1357 1733 1420 Ἀκύλας

161 1461 313 1535 φησί’
380 1457 648 1527 Ἰσχυρὸς
699 1454 1284 1524 κατισχυρευόμενος
1318 1452 1387 1504 ἐν
1420 1449 1735 1518 ἀπορρήτῳ

160 1553 351 1623 ἁγίων,
381 1547 631 1617 πλῆθος,
661 1546 916 1616 πλῆθος,
950 1545 1048 1599 καὶ
1079 1545 1364 1614 ἐπίφοϐος
1383 1541 1481 1595 ἐπὶ
1503 1541 1735 1608 πάντας

159 1644 350 1710 κύκλῳ
385 1641 596 1695 ανὺτοῦι
646 1641 712 1693 Ἦ
739 1639 795 1692 δὲ
831 1638 931 1692 τοῦ.
955 1638 1114 1708 λόγου
1143 1638 1351 1692 διάνοια
1380 1634 1480 1706 τὴν
1509 1634 1734 1688 ἀκολου-

161 1739 271 1792 θίαν
316 1735 668 1807 παρίστησιν.
721 1732 938 1804 Ἐπειδὴ
997 1732 1104 1803 γὰρ
1134 1729 1360 1792 δυνατὸς
1404 1725 1486 1794 εἷ,
1523 1727 1732 1799 Κύριε,

160 1833 334 1904 φησιν,
365 1829 461 1883 καὶ
495 1830 529 1900 ἡ
568 1826 797 1898 ἁλήθειά
831 1844 924 1879 σου
948 1825 1133 1896 κύκλῳ
1168 1841 1285 1887 σου,
1310 1821 1537 1884 εἰκότως
1563 1821 1735 1893 μέγας

1837 636 1946 691 que
1989 619 2062 673 dii
2103 625 2491 688 nuncupantur
2523 636 2534 672 :
2571 633 2806 687 quorum
2851 633 3016 673 causa
3050 618 3256 672 dictum
3289 627 3411 681 est,

1837 713 1979 767 Deus
2007 713 2148 766 stetit
2182 713 2236 766 in
2264 727 2532 781 synagoga
2559 708 2779 763 deorum
2806 711 2851 742 “
2866 711 2898 763 ?'
2922 710 3128 765 Etenim
3153 710 3285 765 illud
3305 750 3320 776 ,
3349 709 3414 764 In

1837 803 2058 857 consilio
2090 811 2393 857 sanctorum
2421 818 2440 866 ,'
2471 808 2525 856 et
2561 801 2694 854 illud
2722 839 2736 862 ,
2794 798 2856 853 In
2904 802 3125 866 ecclesia
3157 803 3398 870 primoge-

1838 897 2108 960 nitorum;
2158 905 2242 957 et,
2280 893 2346 948 In
2393 909 2661 964 synagoga
2693 893 2952 957 deorum;
2987 909 3150 948 unum
3186 902 3241 947 et
3275 894 3415 948 idem

1837 1004 1960 1044 esse
1988 988 2206 1043 videtur
2247 987 2404 1042 mihi.
2453 985 2656 1041 Horum
2697 986 2882 1055 itaque
2929 986 2984 1039 in
3019 985 3203 1040 medio
3227 995 3416 1050 stans,

1838 1080 1926 1134 his
1955 1080 2190 1149 stipatus
2207 1077 2378 1133 Filius
2403 1077 2498 1131 Dei
2523 1117 2539 1141 ,
2569 1076 2906 1147 gloriﬁcatus
2926 1116 2941 1140 ,
2974 1091 3204 1146 magnus
3234 1085 3287 1130 et
3307 1081 3395 1128 ter

1839 1173 2020 1228 ribilis
2053 1171 2279 1226 dicitur.
2327 1169 2455 1224 Haec
2499 1184 2632 1222 vero
2666 1168 3032 1240 Symmachus
3081 1169 3162 1222 sic
3208 1167 3416 1222 edidit:

1838 1266 1979 1320 Deus
2026 1265 2214 1318 invicte
2259 1264 2312 1316 in
2358 1262 2753 1316 conversatione
2797 1270 3103 1315 sanctorum
3134 1261 3334 1319 multa,
3371 1266 3420 1313 et

1842 1355 2103 1412 tremende
2127 1355 2180 1408 in
2210 1353 2451 1408 omnibus
2483 1353 2574 1423 qui
2602 1353 2800 1406 circum
2834 1361 2880 1405 te
2903 1361 3025 1404 sunt
3049 1367 3070 1414 ;
3094 1350 3288 1422 Aquila
3318 1366 3417 1404 au-

1839 1459 1947 1506 tem
1973 1453 2048 1502 ait
2073 1469 2084 1502 :
2114 1447 2291 1500 Fortis
2319 1446 2600 1500 roboratus
2625 1448 2677 1499 in
2701 1455 2897 1498 secreto
2918 1451 3220 1498 sanctorum
3241 1482 3260 1509 ,
3284 1442 3394 1496 mul

1842 1543 2012 1599 titudo
2031 1582 2047 1606 ,
2084 1539 2369 1595 multitudo
2392 1579 2406 1598 .
2437 1547 2486 1593 et
2523 1537 2822 1592 tremendus
2853 1552 3010 1605 super
3039 1551 3218 1589 omnes
3247 1534 3337 1604 qui
3366 1534 3418 1587 in

1841 1634 2070 1689 circuitu
2115 1631 2229 1700 ejus
2276 1637 2422 1684 sunt.
2474 1627 2595 1698 Ipsa
2631 1641 2798 1698 porro
2830 1626 2964 1682 dicti
3011 1626 3280 1680 sententia
3328 1639 3418 1679 se-

1843 1728 1978 1780 riem
2013 1725 2209 1794 aperit.
2243 1721 2377 1776 Nam
2405 1721 2534 1792 quia
2568 1730 2764 1790 potens
2789 1734 2848 1773 es
2868 1759 2883 1782 ,
2920 1719 3180 1783 Domine,
3209 1716 3418 1787 inquit,

1840 1823 1895 1871 et
1927 1815 2131 1869 veritas
2162 1821 2254 1867 tua
2291 1813 2345 1865 in
2377 1811 2611 1865 circuitu
2650 1820 2775 1873 tuo,
2819 1808 2945 1878 jure
2989 1820 3220 1875 magnus
3266 1821 3326 1860 es
3367 1813 3419 1860 et

159 1898 226 1988 ei,
254 1922 344 1975 καὶ
384 1898 616 1990 φοϐερὸς
663 1915 742 1984 εἷ,
791 1919 884 1971 καὶ
930 1915 1346 1986 ὲνδοξαζόμενος
1387 1913 1438 1966 εἶ
1480 1916 1537 1967 ὲν
1573 1913 1734 1986 βουλῇ

1849 1905 2107 1961 terribilis
2149 1910 2204 1959 et
2242 1901 2585 1972 glorihcatus
2617 1900 2672 1954 in
2708 1898 2942 1954 consilio
2988 1906 3336 1959 sanctorum,
3369 1902 3416 1948 et

160 2016 340 2085 ἁγίων,
373 2015 470 2067 καὶ
498 2015 687 2076 ἐντοῖς
715 2010 814 2082 τὴν
842 2011 940 2082 σὴν
975 2010 1206 2078 ϐεότητα
1236 2006 1643 2080 περιπολοῦσιν,
1663 2007 1740 2071 οἳ,

162 2110 260 2162 τῶν
297 2107 403 2161 σῶν
425 2103 773 2174 ἐπαγγελιῶν
804 2105 902 2174 τὴν
953 2103 1212 2175 ἀλήθειαν
1241 2100 1600 2172 συνορῶντες,
1638 2099 1738 2164 τὰς

162 2203 468 2273 πρεπούσας
527 2196 880 2270 εὐχαριστίας
932 2194 1070 2267 μετά
1122 2192 1448 2264 θαυμασμοῦ
1494 2192 1594 2261 τῆς
1640 2192 1740 2262 σῆς

161 2295 401 2366 θεότητος
436 2291 844 2362 ἀναπέμπουσι.
893 2289 984 2342 Διὸ
1029 2285 1210 2359 μικρῷ
1245 2284 1478 2356 πρόσθεν
1517 2283 1733 2349 ἔλεγονο

172 2383 740 2455 Ἐξομολογήσονται
765 2384 820 2435 οί
866 2379 1109 2449 οὐρανοὶ
1157 2377 1227 2432 τὰ
1261 2375 1573 2446 θαυμάσιά
1597 2392 1742 2439 σου,

161 2481 250 2534 καί
282 2480 396 2547 τὴν
428 2476 722 2547 ἀλήθειάν
751 2491 868 2530 σου
901 2475 971 2528 ἐν
1005 2472 1332 2540 Ἐκκλησία
1354 2463 1558 2539 ἁγίῶν.

224 2571 394 2639 Κύριε
427 2573 463 2624 ὀ
503 2570 649 2635 Θεὸς
677 2567 798 2621 τῶν
828 2563 1174 2635 δυνάμεων,
1221 2564 1313 2628 τίς
1349 2561 1551 2631 ὅμοιός
1595 2577 1694 2614 σοι
1714 2576 1739 2622 ;'

161 2665 412 2730 Δυνατὸς
441 2660 517 2727 εἴ,
547 2663 745 2731 Κύριε,
768 2659 866 2713 καὶ
886 2661 925 2729 ἡ
955 2656 1209 2726 ἀλήθειά
1233 2669 1349 2710 σου
1370 2655 1574 2719 κύκλῳ
1600 2669 1735 2707 σου.

163 2756 238 2809 Σὺ
267 2754 578 2821 δεσπόζεις
606 2754 712 2808 τοῦ
748 2751 1006 2820 κράτους
1031 2747 1142 2817 τῆς
1165 2746 1504 2813 θαλάσσης,
1533 2744 1643 2798 τὸν
1673 2743 1747 2797 δὲ

165 2849 350 2903 σάλον
368 2846 495 2901 τῶν
530 2845 811 2915 κυμάτων
836 2840 1029 2910 αὐτῆς
1054 2839 1136 2894 σὺ
1167 2837 1624 2906 καταπραΰνεις.
1655 2834 1740 2889 Σὺ

163 2938 565 3003 ἐταπείνωσας
595 2938 677 3003 ὡς
716 2934 1082 3004 τραυματίαν
1109 2929 1502 2999 ὑπερήφανον
1543 2929 1614 2982 ἐν
1661 2927 1742 2993 τῷ

171 3031 433 3099 ϐραχίονι
479 3027 592 3096 τῆς
623 3025 930 3096 δυνάμεώς
969 3041 1084 3078 σου
1123 3023 1554 3091 διεσκόρπισας
1599 3019 1743 3085 τοὺς

163 3120 404 3189 ἐχθρούς
444 3136 586 3174 σου.
619 3119 726 3172 Καὶ
763 3119 820 3172 ὲν
858 3117 1066 3179 τούτοις
1095 3115 1248 3168 οὐδὲν
1284 3113 1475 3186 ἀφίησι
1512 3113 1620 3166 τῶν
1646 3129 1742 3181 γε-

166 3214 330 3283 νητῶν
363 3209 510 3266 εἶναι
537 3214 720 3282 ὅμοιον
747 3209 827 3280 τῷ
858 3209 1108 3277 θεολογου
1117 3207 1262 3279 μένῳ
1300 3205 1418 3277 Υίῷ
1439 3203 1534 3258 τοῦ
1573 3203 1737 3258 Θεοῦο

163 3308 316 3363 αὐτὸν
345 3309 462 3379 γὰρ
509 3302 648 3360 εῖναι
682 3305 773 3360 τὸν
801 3303 1027 3358 δυνατὸν
1046 3343 1068 3366 ,
1105 3302 1198 3355 καὶ
1222 3301 1314 3354 τὸν
1345 3299 1455 3352 τῶν
1501 3295 1744 3351 δυνατῶν

165 3400 308 3467 Θεὸν,
366 3403 466 3456 καὶ
496 3400 673 3454 αὐτῶν
699 3399 809 3452 τῶν
845 3397 1128 3468 δυνάμεων
1171 3396 1397 3467 Κύριον,
1429 3394 1506 3457 ὼς
1540 3391 1745 3464 μηδένα

165 3494 304 3566 αὐτῷ
328 3492 634 3560 ἀντιλέγειν
659 3490 939 3553 δύνασθαι,
974 3489 1107 3561 μηδὲ
1143 3490 1211 3558 τῇ
1252 3486 1416 3542 αὐτοῦ
1460 3485 1621 3557 βουλῇ
1655 3485 1748 3537 ἀν-

167 3585 478 3640 θίστασθαι·
519 3585 586 3638 δι’
621 3584 650 3637 ὃ
693 3584 872 3653 λέγειν
902 3583 1066 3636 αὐτὸν
1098 3581 1193 3636 καὶ
1235 3583 1427 3645 ποιεῖν,
1451 3580 1546 3634 ἆτε
1589 3577 1747 3650 μόνον

163 3677 411 3743 δυνατὸν,
467 3679 536 3731 τὰ
579 3677 785 3730 πάνταο
820 3675 883 3728 τὸ
911 3674 1051 3746 γὰρ,
1111 3674 1206 3740 Τίς
1237 3673 1439 3743 ὅμοιός
1485 3687 1620 3735 σοι;
1655 3671 1748 3724 καὶ

165 3767 391 3822 ἐνταῦθα
423 3769 530 3822 οὐκ
567 3769 657 3822 ἐπὶ
691 3765 786 3820 τοῦ
819 3767 1068 3832 σπανίου,
1111 3765 1225 3818 ἀλλ’
1268 3765 1362 3818 ἐπὶ
1399 3765 1491 3818 τοῦ
1524 3763 1750 3835 μηδενὸς

166 3861 550 3932 παρείληπται,
587 3859 792 3914 Οὐδένα
815 3857 948 3928 γοῦν
976 3859 1160 3929 ὅμοιον
1195 3853 1336 3911 εἷναί
1372 3873 1504 3927 φησι
1535 3855 1613 3927 τῷ
1652 3873 1750 3908 κυ-

171 3952 591 4024 ριολογουμένῳ,
617 3950 1106 4023 ἀντιπαραϐάλλων
1137 3949 1286 4020 αὐτῷ
1330 3949 1456 4012 τοὺς
1493 3947 1752 4018 ἀνωτέρω

167 4044 487 4117 εἰρημένους
526 4044 674 4108 υἱοὺς
716 4042 876 4097 Θεοῦ.
905 4043 1018 4113 Τῆς
1056 4041 1166 4113 γὰρ
1206 4041 1378 4111 αὐτῆς
1417 4040 1600 4110 ἔχεται
1641 4039 1754 4092 δια-

171 4136 307 4200 νοίας
336 4137 404 4190 τὰ
437 4135 682 4207 παρόντα
710 4135 804 4188 καὶ
824 4133 894 4188 τὰ
921 4134 1183 4206 πρότερα,
1208 4134 1266 4186 ὲν
1288 4127 1369 4195 οἷς
1399 4132 1609 4203 εἴρητο·
1635 4131 1756 4182 ’Ότι

169 4225 330 4292 τίςέν
342 4225 630 4296 νεφέλαις
643 4223 1000 4291 ίσωθήσεται
1013 4223 1092 4290 τῷ
1104 4221 1756 4291 Κυρίῳ,.ὀμοιωοήσετιιι

171 4318 244 4383 τῷ
271 4320 469 4388 Κυρίῳ
494 4319 566 4371 ἐν
587 4316 740 4383 υἱοῖς
769 4315 950 4380 Θεοῦ;
984 4316 1080 4368 καὶ
1103 4315 1198 4369 νῦν
1230 4315 1275 4368 δ’
1305 4310 1418 4378 οὖν,
1449 4316 1540 4379 Τις
1558 4312 1758 4378 ὅμοιός

167 4423 291 4475 Hoc;
309 4411 497 4482 φησὶν,
509 4410 593 4463 ὅτι
606 4408 827 4472 δυνατὸς
845 4404 916 4470 εἶ,
934 4408 1026 4460 καὶ
1042 4409 1073 4467 ἠ
1091 4405 1433 4478 ἀλήθειατῶν
1448 4405 1619 4474 λόγων
1642 4422 1755 4469 σου,

169 4503 225 4554 αἶ
247 4519 306 4555 τε
325 4501 650 4572 ἐπαγγελίαι
674 4517 766 4554 σου
792 4499 920 4572 περὶ
939 4499 998 4552 σὲ
1023 4501 1117 4552 καὶ
1137 4499 1287 4570 παρά
1309 4499 1392 4551 σοὶ
1411 4497 1755 4569 τυγχάνουσι.

1839 2001 1894 2054 in
1926 1998 1992 2053 iis
2021 1997 2115 2066 qui
2155 1995 2420 2050 deitatem
2471 1993 2678 2063 stipant
2724 2001 2911 2053 tuam,
2964 1989 3096 2059 qui,
3125 1996 3418 2057 conspecta

1841 2091 2232 2162 promissorum
2255 2097 2474 2141 tuorum
2504 2083 2758 2145 veritate,
2783 2080 2996 2135 debitas
3026 2095 3148 2134 cum
3181 2080 3405 2133 admira-

1841 2184 1990 2238 tione
2043 2181 2267 2235 deitatis
2327 2187 2435 2233 tuae
2486 2175 2788 2247 gratiarum
2841 2172 3089 2226 actiones
3144 2170 3403 2225 emittunt

1840 2275 2022 2343 Quare
2048 2273 2213 2344 paulo
2241 2279 2400 2325 antea
2429 2269 2678 2324 dicebam
2706 2284 2719 2320 :
2752 2263 3156 2334 Conﬁtebuntur
3182 2260 3297 2316 cazli
3327 2261 3398 2313 nti

1840 2367 2038 2422 rabilia
2063 2374 2154 2418 tua
2172 2404 2186 2430 ,
2209 2373 2256 2418 et
2286 2364 2554 2417 ueritatem
2582 2371 2726 2413 tuam
2753 2359 2809 2412 in
2835 2357 3071 2410 Ecclesia
3097 2364 3420 2410 sanctorum.

1910 2572 2079 2627 Vens.
2121 2569 2287 2624 9-H.
2327 2566 2550 2621 Domine
2580 2563 2720 2616 Deus
2753 2561 3028 2622 uirtutum,
3074 2557 3192 2628 quis
3232 2554 3424 2609 similis

1843 2663 1987 2718 tibi?
2017 2662 2211 2718 Potens
2249 2676 2326 2723 es,
2358 2657 2613 2719 Domine,
2646 2663 2695 2708 et
2739 2652 2931 2706 veritas
2978 2659 3068 2702 tua
3105 2649 3161 2702 in
3204 2645 3424 2700 circuitu

1846 2765 1956 2810 tuo.
2015 2754 2095 2808 Tu
2143 2750 2439 2807 dominaris
2470 2746 2722 2818 potestati
2754 2745 2955 2807 maris,
3003 2749 3202 2795 motum
3250 2747 3423 2790 autem

1841 2848 2098 2917 ﬂuctuum
2125 2845 2240 2915 ejus
2259 2853 2313 2896 tu
2337 2842 2571 2911 mitigas.
2597 2837 2676 2892 Tu
2707 2835 3000 2889 Itumiliasti
3029 2833 3162 2887 sicut
3183 2830 3416 2884 vulnera-

1845 2949 1956 2994 tum
1993 2935 2310 3006 superbum,
2359 2933 2413 2986 in
2457 2929 2672 2984 brachio
2723 2927 2932 2982 virtutis
2981 2934 3084 2978 tua:
3126 2917 3424 2989 dispersisti

1845 3030 2087 3085 inimicos
2121 3037 2261 3080 tuos.
2312 3023 2369 3078 In
2415 3023 2502 3078 liis
2543 3035 2763 3092 quoque
2793 3017 2999 3071 nullam
3033 3014 3299 3068 factarum
3336 3025 3427 3064 re.

1845 3138 1966 3178 rum
1998 3121 2232 3176 similem
2278 3115 2422 3170 Filio
2459 3113 2588 3177 Dei,
2621 3111 2724 3183 qui
2759 3109 2903 3165 Deus
2950 3107 3298 3179 praedicatur,
3331 3102 3428 3156 ad-

1847 3212 2060 3280 mittit;
2095 3211 2276 3281 ipsum
2325 3223 2561 3277 namque
2607 3215 2661 3261 et
2707 3210 2981 3275 potentem
3029 3206 3083 3255 et
3127 3195 3426 3268 potentium

1847 3304 2016 3359 Deum
2045 3317 2110 3357 ac
2135 3303 2394 3357 virtutum
2428 3299 2710 3353 dominum
2744 3294 2912 3360 dicit,
2941 3293 3015 3346 ita
3051 3298 3110 3344 ut
3139 3302 3299 3342 nemo
3325 3285 3429 3356 ipsi

1848 3407 2153 3466 repugnare
2175 3433 2191 3458 ,
2226 3407 2403 3462 neque
2433 3390 2554 3460 ejus
2585 3386 2858 3442 voluntati
2891 3381 3269 3438 contradicere
3298 3392 3429 3447 pos-

1849 3465 1924 3544 sit
1946 3506 1959 3542 :
1995 3500 2198 3557 quare,
2229 3491 2418 3554 utpote
2445 3481 2598 3537 solus
2625 3486 2853 3551 potens,
2884 3473 3067 3530 omnia
3100 3471 3236 3526 dicit
3267 3475 3321 3522 et
3353 3465 3432 3520 fa-

1849 3580 1925 3636 cit
1954 3598 1968 3648 ;
2004 3578 2139 3633 illud
2173 3577 2318 3632 enim
2343 3615 2358 3641 ,
2394 3574 2528 3642 Quis
2557 3571 2751 3627 similis
2782 3569 2928 3623 tibi?
2955 3580 3062 3620 ιιοη
3095 3577 3248 3617 raros
3277 3576 3428 3622 esse,

1850 3672 1944 3728 sed
1974 3670 2186 3725 nullum
2215 3683 2338 3724 esse
2366 3665 2631 3720 declarat.
2665 3661 2948 3716 Neminem
2980 3659 3166 3725 itaque
3195 3651 3428 3707 similem

1851 3780 1976 3820 esse
2007 3765 2084 3817 ait
2113 3762 2230 3829 illi,
2262 3760 2356 3830 qui
2384 3757 2652 3811 Dominus
2697 3751 3048 3824 prmdicatur,
3093 3760 3216 3801 cum
3255 3741 3430 3798 eidem

1854 3855 1978 3909 ilos
2023 3856 2340 3921 comparat,
2383 3846 2474 3917 qui
2521 3843 2774 3913 superius
2819 3839 2912 3893 ﬁlii
2961 3835 3058 3891 Dei
3105 3833 3236 3888 dicti
3279 3835 3428 3886 sunt.

1853 3946 1978 4001 Haec
2008 3945 2152 4000 enim
2187 3942 2362 3996 eidem
2393 3940 2604 3993 haerent
2632 3931 2953 3994 sententiae,
2989 3928 3076 3983 cui
3111 3927 3300 3983 istlmc
3334 3938 3432 3978 su—

1855 4038 2042 4110 perius
2071 4036 2259 4090 dicta:
2309 4030 2576 4097 Quoniam
2615 4025 2730 4096 quis
2778 4025 2832 4077 in
2875 4019 3101 4075 nubibus
3139 4011 3434 4086 a’quabt'tur

1855 4102 2136 4183 Domino?
2183 4122 2376 4179 similis
2425 4120 2525 4174 erit
2572 4116 2798 4171 Domino
2845 4113 2899 4166 in
2949 4111 3078 4180 ﬁliis
3107 4107 3249 4162 Dei?
3277 4102 3432 4158 Nunc

1858 4222 2021 4284 item,
2055 4218 2187 4285 Quis
2221 4213 2411 4270 similis
2439 4211 2570 4265 tibi?
2604 4209 2702 4274 ait,
2743 4205 2877 4276 quia
2913 4213 3107 4273 potens
3130 4215 3190 4255 es
3211 4238 3225 4262 ,
3260 4205 3314 4254 et
3339 4210 3435 4251 ve-

1864 4316 2002 4370 ritas
2063 4323 2378 4366 sermonum
2429 4312 2690 4367 tuorum,
2752 4296 3022 4368 promissa
3070 4306 3288 4362 quoque
3340 4298 3434 4341 tua

1861 4409 2008 4465 circa
2059 4415 2113 4460 te
2159 4411 2214 4458 et
2259 4413 2430 4472 penes
2460 4405 2512 4452 te
2538 4405 2688 4452 sunt.
2720 4393 2896 4448 Penes
2929 4399 2980 4443 te
3007 4388 3205 4457 quippe
3233 4391 3350 4447 est,
3380 4388 3437 4436 et

1862 4516 2030 4574 penes
2053 4514 2147 4554 eos
2179 4497 2272 4566 qui
2315 4503 2370 4550 te
2410 4489 2773 4552 circumdant,
2815 4485 3014 4540 veritas
3063 4491 3193 4536 tua:
3228 4491 3352 4531 nam
3387 4475 3435 4530 si

172 4595 324 4665 Παρά
341 4595 425 4648 σοὶ
450 4567 559 4664 γάρ
583 4596 722 4661 ἐστι,
745 4567 1007 4665 καὶπαρά
1034 4593 1147 4656 τοῖς
1165 4567 1420 4644 κυκλοῦσί
1448 4567 1602 4662 σε,ίή,
1626 4589 1744 4660 ἀλή-

1863 4567 1958 4664 qui
2003 4591 2250 4662 proxime
2289 4597 2345 4642 te
2405 4593 2460 4640 et
2507 4586 2561 4638 in
2605 4577 2838 4637 circuitu
2875 4586 2967 4630 tuo
3001 4577 3163 4634 sunt,
3195 4567 3274 4623 illi
3306 4579 3438 4621 sane

171 4684 288 4739 θειά
309 4703 407 4740 σου
428 4703 444 4717 ο
469 4687 518 4738 εί
563 4685 672 4756 γάρ
703 4685 848 4748 τινές
883 4701 978 4738 σου
1007 4683 1235 4756 πλησίον
1257 4685 1353 4737 καὶ
1371 4682 1554 4752 κύκλῳ
1579 4699 1760 4753 περιε-

172 4777 371 4842 στῶτες
403 4773 535 4841 εἷεν,
558 4772 704 4831 οὗτοι
737 4777 890 4830 αὐτοὶ
913 4776 1012 4848 τὴν
1033 4775 1292 4848 ἀλήθειάν
1315 4793 1408 4829 σου
1457 4773 1725 4844 γινώσκου
1741 4805 1759 4814 -

173 4885 271 4922 σιν.
288 4871 483 4942 Ἡμεῖς
499 4869 556 4923 δὲ
573 4871 623 4922 οἱ
655 4869 747 4922 ἐπὶ
768 4870 892 4941 γῆς,
911 4869 991 4923 ἔτι
1020 4869 1238 4942 μακράν
1260 4886 1354 4923 σου
1379 4869 1758 4938 τυγχάνοντες,

179 4960 267 5027 τὰς
324 4961 728 5036 μεγαλουργίας
787 4979 880 5015 σου
943 4963 1052 5017 ἀπὸ
1112 4962 1225 5017 τῶν
1276 4961 1417 5016 κατά
1482 4960 1759 5015 θάλασσαν

174 5054 584 5128 ἐνεργουμένων
635 5053 740 5108 ὑπὸ
783 5055 882 5127 τῆς
932 5056 1032 5128 σῆς
1094 5055 1352 5129 προνοίας
1407 5050 1758 5124 θεωροῦντες,

174 5149 564 5222 ὁμολογοῦμεν,
594 5151 676 5204 ὅτι
724 5149 947 5213 δυνατὸς
966 5145 1038 5215 εἴ,
1073 5149 1168 5204 καὶ
1203 5151 1236 5221 ἡ
1266 5147 1497 5220 ἀλήθειά
1529 5165 1620 5200 σου
1662 5146 1762 5200 κύ-

177 5243 284 5315 κλῳ
314 5261 430 5298 σου.
453 5245 565 5315 Τῆς
583 5261 643 5296 τε
675 5242 784 5314 γὰρ
815 5241 1093 5312 θαλάσσης
1122 5241 1217 5294 καὶ
1246 5239 1342 5293 τοῦ
1368 5238 1625 5293 τοσούτου
1651 5238 1760 5290 τῶν

177 5335 382 5390 ὑδάτων
418 5337 613 5400 κύτους
648 5336 712 5388 σὺ
769 5334 930 5406 μόνος
962 5332 1264 5399 δεσπόζεις,
1310 5331 1406 5386 καὶ
1459 5331 1554 5385 τδν
1599 5330 1760 5384 σάλον

183 5427 282 5482 τῶν
311 5429 577 5500 κυμάτων
604 5427 773 5498 αὐτῆς
815 5426 880 5479 σὺ
924 5425 1084 5497 μόνος
1129 5425 1566 5497 καταπραΰνεις,
1602 5439 1760 5492 περι-

179 5519 288 5585 θεὶς
314 5521 456 5595 αὐτῇ
490 5520 713 5590 κλεῖθρα
753 5520 847 5572 καὶ
877 5518 1071 5582 πύλας,
1115 5519 1209 5572 καὶ
1251 5519 1373 5588 ὅρια
1420 5518 1559 5587 αὐτῇ
1592 5513 1764 5586 πηξά-

1863 4662 2152 4740 veritatem
2202 4685 2409 4734 norunt
2451 4683 2623 4730 tuam.
2657 4670 2767 4725 Nos
2797 4675 2974 4722 autem
3004 4663 3096 4734 qui
3124 4662 3180 4716 in
3206 4667 3354 4714 terra
3384 4662 3438 4710 et

1865 4776 2046 4831 adhuc
2079 4771 2267 4845 procul
2299 4779 2353 4825 te
2382 4778 2688 4825 versamur,
2720 4776 2786 4815 ex
2817 4758 2886 4812 iis
2918 4769 3038 4825 quas
3069 4752 3185 4808 sive
3211 4750 3268 4804 in
3291 4756 3438 4802 terra

1867 4869 1982 4925 sive
2008 4868 2064 4922 in
2095 4863 2232 4919 mari
2260 4877 2290 4915 a
2317 4856 2663 4932 providentia
2690 4860 2782 4907 tua
2808 4858 3095 4922 geruntur,
3123 4857 3316 4914 magna
3346 4849 3439 4894 tua

1865 4959 2081 5032 opiﬁcis
2112 4954 2574 5024 contemplantes,
2619 4945 2941 5001 conﬁtemur
2968 4949 3020 4994 te
3049 4944 3352 5008 patentem,
3386 4941 3442 4987 et

1861 5024 2146 5108 veritatem
2178 5055 2328 5101 tuam
2361 5045 2418 5097 in
2449 5040 2686 5095 circuitu
2711 5047 2806 5091 tuo
2834 5048 2977 5089 esse.
3008 5029 3144 5084 Nam
3193 5037 3252 5080 tu
3293 5024 3443 5080 solus

1867 5332 2058 5398 portas
2085 5332 2140 5378 et
2164 5318 2432 5376 terminos
2469 5312 2635 5368 ﬁxisti
2661 5351 2675 5374 ,
2712 5325 2780 5364 ne
2814 5313 3264 5378 praetergressum
3297 5297 3426 5366 pela-

1862 5390 1965 5491 éus
1993 5409 2458 5471 inundeborbem.
2484 5403 2643 5472 Quod
2670 5416 2805 5457 sane
2837 5400 2920 5454 vel
2947 5410 3115 5450 unum
3145 5390 3444 5446 maximum

1868 5485 2031 5568 luerit
2075 5503 2360 5579 potestatis
2407 5510 2514 5554 tum
2565 5501 2966 5565 argumentum.
3000 5489 3071 5540 At
3099 5485 3244 5540 enim
3293 5489 3444 5534 tanta

183 5631 362 5682 μενος,
521 5613 589 5666 ἂν
637 5578 712 5682 μὴ
758 5578 1066 5683 ὑπερϐᾶσα-
1100 5578 1458 5664 κατακλύσειε
1657 5578 1744 5660 τῶ·

1869 5617 2138 5675 aquarum
2191 5593 2517 5657 commotio,
2571 5588 2671 5643 tibi
2731 5593 2792 5640 ut
2838 5582 3060 5637 domino
3101 5578 3442 5646 obsequens.

185 5670 481 5778 ἀνθρωπων
508 5670 851 5774 οἰκουμένην.
870 5670 952 5757 "'0
967 5701 1030 5773 δὴ
1064 5702 1156 5756 καὶ
1195 5701 1328 5756 αὐτὸ
1350 5700 1408 5756 ἓν
1433 5717 1485 5754 τι
1508 5670 1744 5768 τύγχανε

1869 5670 2000 5750 dum
2035 5701 2251 5748 tumens
2283 5687 2341 5742 iu
2370 5686 2538 5740 altum
2571 5677 2841 5746 evehitur,
2872 5670 3195 5730 reformidat
3225 5678 3440 5731 tanien,

258 5863 299 5887 ’λ
341 5859 484 5916 Psal.
522 5872 718 5922 Lxut,
751 5859 801 5913 1.
