3830 6288
179 291 307 350 4089
1333 304 1839 366 COMMENTARIA
1879 311 1946 367 1N
1988 313 2327 375 PSALMOS.
3295 338 3434 394 1090

175 411 328 465 αὐτοῦ
371 412 764 485 διασκορπίεει.
816 417 980 485 Λέγει
1039 419 1096 472 δὲ
1159 420 1332 475 ταῦτα
1390 425 1734 494 ἀναγκαίως·
1776 431 2053 502 προειπὼν
2084 436 2213 507 γὰρ,
2261 439 2524 508 Δυνατὸς
2570 445 2645 510 εἷ,
2679 449 2875 516 Κύριε,
2947 450 3046 506 καί
3090 452 3128 521 ἡ
3181 438 3432 520 ἀλήθειά

172 519 278 557 σου
321 505 518 570 κύκλῳ
575 521 725 571 σου,
772 508 1100 580 παρίστησιν
1150 513 1335 577 αὐτοῖς
1388 513 1568 586 ἔργοις
1619 518 1738 582 πῶς
1778 522 2013 594 ὑπάρχει
2039 505 2318 591 δυνατὸςὸ
2353 505 2557 601 Κύριος
2579 505 2660 596 είς
2689 505 2952 592 πίστωσιν
3023 505 3126 612 τῆς
3175 505 3432 614 άληθείας

172 595 361 659 αὐτοῦ,
409 596 545 667 ὑπὲρ
593 598 686 650 τοῦ
729 599 827 664 τὰς
875 603 1209 671 ἐπαγγελίας
1254 606 1390 676 πρὸς
1439 610 1530 662 τὸν
1575 611 1738 664 Δαυῖδ
1774 617 2149 688 γεγενημένας
2173 620 2396 691 ἀληθεῖς
2420 595 2716 692 άποδεῖξαι.

234 692 332 744 Σοί
376 693 533 744 εἰσιν
559 694 837 759 οὐρανοὶ,
888 699 984 751 καὶ
1019 697 1102 765 σή
1154 701 1326 754 ἐστιν
1379 704 1418 772 ἡ
1472 705 1574 775 γῆ,
1621 709 1737 777 τὴν
1764 722 1813 778 Α

168 781 514 850 οἰκουμένην
553 785 650 837 καὶ
699 785 760 837 τὸ
821 787 1112 858 πλήρωμα
1159 791 1350 861 αὐτῆς
1395 795 1478 848 σὺ
1533 797 1734 869 ἐθεμε-

166 876 420 942 λίωσας,
479 876 584 929 τὸν
645 878 879 947 ,βοῤῥιῖν
950 884 1047 936 καὶ
1107 883 1222 952 τὴν
1270 887 1598 945 θάλασσαν
1652 895 1735 949 σὺ

170 967 422 1033 ἔκτισας.
454 969 653 1039 Θαόὼρ
691 973 791 1025 καὶ
834 974 1053 1042 Ἑρμῶν
1099 977 1169 1030 ἐν
1197 978 1276 1044 τῷ
1324 982 1570 1051 ὀνόματί
1617 1005 1735 1042 σου

169 1061 644 1130 ἁταλλιάσονται.
674 1061 736 1117 Ἦ
757 1065 959 1119 διάνοια
981 1068 1089 1121 τῶν
1113 1073 1486 1143 προκειμένων
1509 1080 1732 1151 τοιαύτη

165 1155 239 1216 τίς
270 1156 402 1206 ἐστι·
440 1156 744 1226 Πεποίησαι
782 1159 900 1228 μὲν,
937 1154 981 1212 ὦ
1021 1161 1192 1232 Κύριε
1217 1203 1231 1228 ,
1266 1165 1402 1235 πρὸς
1436 1169 1526 1222 τὸν
1573 1172 1735 1224 Δαυῒδ

165 1247 484 1316 ἐπαγγελίας
510 1251 637 1321 περὶ
679 1251 773 1304 τοῦ
809 1254 1123 1325 σπέρματος
1165 1259 1330 1312 αὐτοῦ
1383 1261 1478 1313 καὶ
1522 1263 1617 1316 τοῦ
1651 1267 1732 1328 είς

163 1337 320 1389 αἰῶνα
345 1336 723 1409 διαρκέπντος
759 1343 950 1414 θρόνου
995 1347 1191 1401 αὐτοῦ’
1226 1351 1320 1403 καὶ
1359 1353 1561 1417 ταύτας
1584 1353 1731 1426 ὤμο-

165 1446 254 1491 σας
281 1428 354 1499 τῷ
381 1430 544 1483 Δαυῖδ
564 1433 920 1489 ἐπιτελέσειν.
964 1438 1210 1510 Ὁρῶμεν
1246 1441 1302 1494 δὲ
1335 1446 1497 1514 ἡμεῖς
1531 1447 1580 1498 οἱ
1632 1448 1729 1501 ἄν-

163 1518 353 1590 θρωποι
384 1521 458 1592 μὴ
496 1523 880 1595 πληρουμένας
905 1528 1093 1593 αὐτὲις.
1127 1531 1251 1586 ὅσον
1275 1535 1367 1586 ἐπὶ
1393 1539 1506 1600 τοῖς
1539 1538 1730 1611 αίσθη-

159 1614 260 1676 τοῖς
283 1613 375 1666 καὶ
417 1615 750 1684 ὁρωμένοις·
786 1617 865 1671 διό
912 1637 1114 1691 φαμεν,
1143 1625 1270 1678 Ποῦ
1306 1629 1424 1679 εἱσι
1470 1630 1543 1682 τὰ
1583 1630 1728 1700 enen

158 1721 262 1757 σου
288 1705 358 1758 τὰ
398 1705 640 1774 ἀρχαῖα,
674 1711 883 1778 Κύριε;
933 1713 1071 1785 πλὴν
1106 1715 1241 1771 ἀλλὰ
1271 1720 1616 1792 πεπείσμεθα
1667 1741 1726 1777 σε

158 1796 208 1862 ἐξ
238 1796 472 1862 ἅπαντος
511 1801 831 1872 ἀληθεύειν,
861 1807 941 1859 ὅτι
979 1807 1238 1877 δυνατὸς
1264 1808 1338 1876 εἷ,
1379 1815 1476 1867 καί
1507 1815 1545 1882 ἡ
1579 1815 1728 1885 ἁλή-

156 1891 270 1944 θειά
295 1905 409 1946 σου
432 1895 635 1960 κύκλῳ
658 1912 794 1949 σου.
819 1898 928 1952 Καὶ
958 1902 1236 1975 μάρτυρές
1255 1922 1319 1972 γε
1344 1907 1444 1977 τῆς
1466 1909 1726 1982 ἀληθείας

156 1999 239 2036 σου
272 1985 472 2050 πάντες
501 1989 550 2040 oi
587 1990 715 2059 περὶ
756 1990 844 2042 σέο
889 1995 945 2045 αἱ
994 1995 1124 2062 γοῦν
1172 1998 1411 2067 οὐράνιοι
1465 2002 1724 2074 δυνάμεις

1919 711 2082 770 Vens.
2118 715 2205 782 19.,
2232 719 2319 772 15.
2343 719 2443 773 Tui
2467 731 2590 774 sunt
2621 724 2737 776 caeli
2756 734 2810 778 et
2831 739 2922 780 tua
2951 739 3030 783 est
3064 740 3227 795 terra,
3250 735 3426 790 orbem

1836 818 1998 862 terrae
2026 819 2076 863 et
2107 812 2486 878 plenitudinem
2517 817 2630 885 ejus
2666 827 2722 871 tu
2753 821 3016 889 fundasti,
3051 829 3350 896 aquilonem
3376 815 3426 886 et

1837 916 1981 956 mare
1996 911 2052 955 tu
2069 905 2498 962 creasti.Tltabor
2512 919 2560 962 et
2582 909 2814 965 Hermon
2832 914 2884 966 in
2904 919 3109 972 nomine
3141 930 3230 974 tuo
3245 924 3427 976 exsul-

1837 993 2044 1050 tabunt.
2069 995 2272 1050 Horum
2302 1000 2426 1054 talis
2461 1004 2730 1056 sententia
2777 1012 2858 1060 est
2885 1025 2898 1060 :
2933 1006 3146 1076 Davidi,
3172 1013 3421 1082 Domine,

1835 1087 2106 1156 promissa
2138 1088 2339 1144 dedisti
2364 1091 2431 1146 de
2461 1095 2670 1149 semine
2705 1095 2850 1164 ejus,
2872 1113 2936 1151 ac
2967 1099 3034 1154 de
3075 1102 3273 1158 throno
3302 1107 3422 1175 ejus

1835 1193 2010 1248 usque
2051 1181 2105 1234 in
2136 1189 2402 1236 aeternum
2431 1184 2700 1238 duraturo
2734 1205 2746 1240 :
2777 1197 2942 1258 atque
2977 1190 3078 1260 ipsi
3112 1191 3298 1247 Davidi
3329 1196 3422 1263 ju-

1835 1271 1972 1326 rasti
2005 1279 2056 1326 te
2083 1288 2145 1327 ea
2189 1274 2560 1344 perfecturum
2603 1293 2746 1334 esse.
2795 1279 2908 1337 Nos
2949 1291 3131 1338 autem
3167 1285 3420 1342 homines

1831 1363 2080 1419 videmus
2109 1365 2225 1419 haec
2267 1382 2373 1421 non
2407 1378 2674 1440 quantum
2722 1371 2788 1425 ad
2813 1387 2877 1426 ea
2908 1388 3030 1442 qua:
3062 1374 3166 1428 sub
3196 1390 3418 1432 sensum

1831 1464 1884 1510 et
1934 1466 2214 1525 aspectum
2249 1459 2457 1513 cadunt
2518 1460 2732 1531 impleri
2767 1479 2978 1534 :quare
3025 1466 3280 1532 dicimus,
3319 1467 3418 1524 Ubi

1831 1558 1956 1602 sunt
1978 1551 2360 1606 misericordia:
2391 1561 2495 1607 tute
2529 1555 2781 1622 antiquce,
2803 1556 3061 1612 Domine?
3093 1575 3418 1628 persuasum

1833 1648 2012 1696 tamen
2070 1643 2338 1701 habemus
2395 1653 2448 1701 te
2506 1662 2733 1716 prorsus
2793 1667 3039 1706 veracem
3099 1669 3241 1720 esse,
3289 1658 3417 1724 quia

1828 1742 2010 1801 potens
2039 1751 2092 1789 es
2128 1745 2178 1789 et
2204 1737 2398 1791 veritas
2425 1745 2515 1791 tua
2544 1739 2598 1791 in
2627 1741 2850 1794 circuitu
2882 1752 2991 1797 tuo.
3029 1741 3220 1802 Testes
3251 1761 3417 1817 porro

1828 1824 2078 1879 veritatis
2120 1833 2228 1880 tute
2264 1834 2395 1882 sunt
2442 1837 2714 1899 quotquot
2761 1834 2909 1885 circa
2948 1841 3002 1889 te
3051 1836 3414 1893 consistunt:

1828 1932 1956 1970 nam
2009 1919 2264 1974 cmlestes
2313 1921 2548 1978 virtutes
2581 1923 2969 1993 conﬁtebuntur
2998 1927 3266 1981 mirabilia
3299 1939 3414 1998 tua,

1827 2019 1878 2063 et
1905 2011 2177 2065 veritatem
2229 2023 2376 2066 tuam
2415 2015 2473 2068 in
2522 2013 2765 2072 Ecclesia
2812 2028 3138 2075 sanctorum.
3172 2019 3237 2075 Et
3283 2037 3416 2079 sane

151 2072 691 2146 ἐξομολογήσονται
712 2082 784 2135 τὰ
807 2085 1110 2153 θαυμάσιά
1132 2103 1269 2156 σου,
1301 2094 1398 2146 καὶ
1434 2094 1549 2163 τὴν
1577 2072 1716 2165 ἀλή-

1823 2103 1947 2172 jure
1981 2105 2236 2162 caelestes
2278 2107 2383 2162 illa:
2410 2108 2640 2164 virtutes
2680 2111 2962 2166 veritatem
2998 2121 3146 2167 tuam
3184 2115 3413 2170 confite-

152 2166 304 2220 θειάν
346 2185 467 2223 σου
513 2171 583 2225 ἐν
634 2173 959 2244 Ἐκκλησία
1009 2182 1211 2234 ὁσίων.
1251 2183 1360 2237 Καὶ
1391 2187 1616 2250 εἰκότως
1667 2190 1722 2241 αἱ

151 2259 373 2330 οὐράνιοι
395 2261 660 2335 δυνάμεις
681 2265 779 2337 τὴν
807 2267 1061 2338 ἀλήθειάν
1085 2289 1176 2325 σου
1215 2274 1720 2349 ἐξομολογήσονται,

150 2351 320 2424 ἐπειδὴ
345 2356 402 2408 ἐν
431 2355 511 2425 τῷ
545 2357 762 2429 οὐρανῷ
790 2360 1242 2434 ἑτοιμασοήσεται
1266 2369 1298 2438 ἡ
1339 2369 1566 2440 ἀλήθειά
1593 2390 1685 2426 σου
1704 2392 1717 2404 ·

147 2445 214 2507 ὡς
248 2450 441 2519 μηκέτι
494 2451 603 2502 δεῖν
635 2453 734 2516 τὰς
779 2455 1112 2522 ἐπαγγελίας
1147 2475 1261 2520 σου,
1296 2459 1394 2523 τὰς
1439 2463 1573 2533 πρὸς
1629 2465 1722 2518 τὸν

147 2539 313 2601 Δαυῒδ,
345 2542 624 2610 ἐπιγείους
656 2541 794 2598 εἶναι
840 2547 932 2599 καὶ
977 2551 1294 2618 σωματικὰς
1342 2557 1608 2624 νομίζειν·
1661 2560 1721 2611 ἐν

147 2632 242 2704 γὰρ
268 2633 343 2704 τῷ
373 2635 594 2707 οὐρανῷ
623 2638 1123 2713 ὲτοιμασθήσεταιή
1153 2644 1382 2716 ἀλήθειά
1403 2665 1515 2702 σου.
1537 2650 1721 2706 Ταῦτα

140 2722 191 2776 δὲ
217 2727 303 2778 καὶ
345 2727 512 2790 αὐτὸς
572 2730 636 2780 ἐκ
680 2730 775 2783 τοῦ
819 2732 976 2800 ἁγίου
1027 2735 1344 2806 Πνεύματος
1383 2741 1720 2813 μεμαθηκώς

145 2833 299 2888 φημι·
342 2820 418 2874 Τὰ
477 2821 618 2890 ὲλέη
669 2839 786 2876 σου
833 2827 920 2890 εὶς
966 2825 1073 2880 τὸν
1103 2827 1290 2882 αἰῶνα
1336 2830 1574 2901 ᾄσομαι.
1614 2839 1719 2903 El;-

143 2910 340 2977 γενεὰν
385 2912 490 2966 καὶ
521 2914 735 2982 γενεὰν
785 2917 1102 2986 ἀπαγγελῶ
1129 2919 1244 2988 τὴν
1283 2922 1572 2989 ἀλήθειάν
1600 2943 1717 2981 σου

141 3001 202 3054 ἐν
228 3003 301 3069 τῷ
330 3005 587 3073 στόματί
604 3023 744 3074 μου.
787 3007 1096 3079 Ἀληθεύειν
1125 3009 1180 3063 δέ
1217 3029 1275 3064 σε
1301 3013 1434 3067 Θεὸν
1471 3015 1600 3069 ὄντα
1622 3020 1716 3072 καὶ

144 3095 328 3168 Κύριον
356 3097 470 3151 τῶν
504 3099 642 3152 ὅλων
677 3101 1122 3172 πεπεῖσθαι-χρὴ,
1143 3103 1231 3156 διὰ
1259 3103 1320 3156 τὸ
1347 3106 1548 3175 μηδένα
1578 3103 1715 3162 εἷναι

139 3190 307 3260 ὅμοιον
347 3196 414 3265 τῇ
451 3193 518 3264 σῇ
553 3193 815 3263 δυνάμει·
854 3197 948 3248 καὶ
979 3197 1087 3269 γάρ
1124 3199 1219 3250 καὶ
1257 3198 1368 3253 τῶν
1407 3201 1716 3273 ἀσωμάτων

140 3284 222 3337 καὶ
251 3283 405 3339 θείων
438 3284 722 3356 δυνάμεων
754 3288 960 3360 Κύριος
999 3284 1069 3353 εἷ,
1099 3291 1193 3344 καί¹
1222 3291 1446 3356 δυνατὸς
1476 3291 1527 3347 εἷ
1555 3297 1714 3366 μόνος

1829 2195 2050 2261 buntur,
2087 2198 2216 2268 quia
2249 2199 2302 2252 in
2341 2201 2482 2253 cmlo
2517 2203 2917 2272 przeparabitur
2940 2205 3144 2260 veritas
3175 2215 3302 2272 tua;
3338 2208 3413 2261 ita

1826 2296 1886 2341 ut
1924 2291 2194 2359 promissa
2229 2298 2322 2345 tua
2351 2293 2417 2346 ad
2450 2292 2708 2348 Davidem
2742 2293 2908 2360 facta,
2942 2311 3050 2350 non
3090 2297 3275 2366 utique
3300 2307 3413 2351 ter-

1827 2395 1954 2433 rena
1985 2390 2036 2434 et
2070 2395 2334 2451 corporea
2369 2382 2622 2438 habenda
2662 2385 2771 2439 sint
2799 2404 2811 2439 :
2843 2403 2968 2440 nam
3015 2387 3069 2441 in
3105 2387 3248 2442 cosio
3272 2403 3414 2457 prae-

1825 2473 2109 2541 parabitur
2147 2462 2351 2530 veritas
2381 2483 2496 2531 tua.
2533 2475 2660 2531 Haec
2696 2491 2827 2533 vero
2866 2494 2895 2532 a
2946 2477 3157 2548 Spiritu
3219 2487 3411 2536 sancto

1822 2566 2052 2619 edoctus
2083 2565 2210 2620 diro
2242 2587 2253 2620 :
2282 2566 2682 2624 Misericordias
2710 2578 2830 2624 tuas
2860 2572 2913 2624 in
2941 2581 3192 2626 azternum
3223 2580 3412 2626 canta-

1824 2653 1906 2709 bo.
1941 2653 2006 2707 In
2037 2658 2430 2726 generationem
2459 2668 2507 2713 et
2539 2661 2931 2730 generationem
2965 2661 3291 2715 annuntiabo
3322 2677 3409 2715 ve-

1823 2747 2036 2800 ritatem
2078 2757 2224 2802 tuam
2258 2750 2310 2803 in
2345 2767 2434 2805 ore
2465 2768 2600 2806 meo.
2633 2751 2710 2807 Te
2743 2767 2928 2824 porro,
2953 2761 3140 2824 utpote
3161 2753 3328 2808 Deum
3356 2763 3412 2810 et

1820 2835 2116 2893 Dominum
2156 2844 2566 2908 universorum,
2591 2859 2843 2899 veracem
2866 2846 3091 2902 credere
3126 2849 3406 2915 convenit,

1821 2930 1950 3000 quia
1989 2931 2174 2988 nullus
2203 2943 2289 2988 est
2339 2935 2432 2989 tibi
2471 2935 2675 2992 virtute
2726 2937 2966 2993 similis:
3002 2939 3270 3009 siquidem
3322 2941 3409 2996 in—

1821 3038 2212 3094 corporearum
2259 3037 2312 3082 et
2353 3029 2662 3084 divinarum
2716 3031 2979 3087 virtutum
3023 3033 3288 3093 Dominus
3320 3054 3404 3102 es,

1820 3115 2083 3186 solusque
2111 3132 2174 3170 ac
2221 3133 2387 3188 super
2428 3137 2620 3176 omnes
2653 3132 2850 3192 potens
2886 3139 2968 3188 es,
2997 3126 3070 3180 ita
3108 3137 3164 3181 ut
3199 3129 3404 3182 verita-

1820 3216 1924 3260 tem
1957 3214 2108 3262 tuam
2145 3212 2463 3267 credibilem
2520 3213 2702 3270 facere
2752 3219 2952 3286 possis.
2991 3217 3145 3284 Quod
3187 3221 3230 3274 si
3281 3221 3411 3290 quis

1818 3299 1872 3351 in
1905 3314 2086 3354 rerum
2125 3311 2320 3357 natura
2358 3307 2630 3375 superbus
2653 3309 2903 3374 exsistat,
2930 3325 3124 3381 nempe
3151 3311 3405 3366 diabolus

139 3377 222 3428 καὶ
245 3377 379 3448 ὑπὲρ
411 3379 645 3442 πάντας,
681 3379 755 3443 ὡς
790 3381 889 3452 τὴν
937 3381 1195 3453 ἀλήθειάν
1229 3401 1323 3438 σου
1366 3389 1708 3446 πιστοῦσθαι.

1823 3390 1912 3444 tibi
1962 3405 2177 3460 semper
2230 3393 2601 3461 adversarius,
2636 3413 2700 3452 ac
2747 3400 3032 3454 veritatem
3082 3415 3408 3470 oppugnatus

137 3465 193 3520 Εί
216 3467 268 3522 δὲ
297 3469 391 3523 καὶ
425 3469 542 3522 ἐστι
568 3488 652 3534 τις
673 3473 730 3524 ὲν
756 3475 871 3538 τοῖς
894 3469 1045 3528 οὖσιν
1074 3477 1438 3550 ὑπερήφανος,
1464 3485 1492 3536 ὁ
1516 3483 1712 3538 καλού-

142 3576 285 3628 μενος
309 3562 559 3627 διάϐολος
596 3565 974 3638 ἀντικείμενος
995 3571 1104 3634 ἀεὶ,
1137 3573 1232 3626 καὶ
1263 3574 1514 3646 πολεμῶν
1543 3581 1610 3650 τῇ
1645 3582 1710 3652 σῇ

137 3652 370 3726 άληθείᾳ,
426 3655 565 3711 ἀλλὰ
613 3659 678 3711 σὺ
725 3659 912 3715 τοῦτον
970 3663 1369 3731 ἐταπείνωσας·
1411 3668 1523 3722 είτε
1567 3673 1713 3738 τινές

136 3745 258 3799 εἰσιν
288 3749 429 3822 ὑπὲρ
461 3749 651 3805 τοῦτον
685 3751 878 3824 ἐχθραὶ
913 3757 1007 3808 καὶ
1031 3757 1408 3828 ἁντικείμεναι
1432 3760 1709 3832 δυνάμεις,

135 3836 260 3893 ἀλλὰ
292 3842 385 3895 καὶ
415 3841 620 3908 ταύτας
647 3844 1058 3918 διεσκόρπισας.
1094 3849 1335 3904 Πάντοτε
1377 3853 1442 3905 σὺ
1469 3858 1708 3924 κρατεῖς,

134 3933 341 4007 καὶτῆς
393 3937 505 3992 τῶν
531 3939 669 3993 ὅλων
718 3942 908 4006 οὐσίας
955 3945 1020 3998 σὺ
1075 3943 1396 4012 δεσπόζεις,
1449 3950 1571 4002 ἐπεὶ
1614 3952 1710 4004 καὶ

133 4027 347 4099 ποιητὴς
388 4029 500 4084 τῶν
538 4031 676 4086 ὅλων
709 4035 1020 4105 τυγχάνεις.
1058 4038 1206 4111 Αὕτη
1255 4039 1363 4112 γὰρ
1400 4042 1432 4112 ἡ
1463 4041 1708 4096 Θάλασσα

133 4117 217 4169 καὶ
243 4120 303 4174 τὸ
343 4123 599 4177 τοσοῦτον
628 4125 730 4195 τῆς
781 4125 956 4198 ὑγρᾶς
1000 4131 1188 4195 οὐσίας
1237 4137 1499 4203 στοιχεῖον
1548 4134 1707 4205 ἔργον

131 4208 355 4283 ὑπάρχει
387 4215 499 4282 σὸν,
534 4217 628 4270 καὶ
660 4217 720 4270 σὲ
763 4219 950 4290 κύριον
992 4222 1378 4294 ἐπιγράφεται.
1427 4226 1492 4279 Ei
1519 4225 1576 4278 δὲ
1613 4227 1707 4279 καὶ

129 4303 335 4374 οὐρανοί
386 4326 532 4372 τινες
562 4309 823 4383 ἀνώτεροι
863 4314 960 4367 τοῦ
1007 4315 1386 4387 στερεώματος
1437 4318 1702 4383 νοοῦνται,

129 4394 278 4452 θείων
305 4402 633 4473 πνευμάτων
668 4404 762 4457 καὶ
803 4403 1088 4477 δυνάμεων
1130 4407 1330 4477 ἁγίων,
1372 4408 1480 4462 τῶν
1512 4427 1569 4462 τε
1605 4411 1704 4480 τὴν

131 4487 219 4562 σὴν
252 4491 482 4564 θεότητα
528 4495 968 4568 περιπολούντων
1004 4499 1251 4568 ἀγγέλων
1286 4501 1379 4554 καὶ
1425 4501 1703 4572 ἀρχαγγέ-

127 4578 225 4634 λων
255 4585 573 4658 οῖκητήρια,
621 4590 715 4642 καὶ
757 4582 906 4643 οὗτοι
940 4592 1023 4644 σοί
1061 4594 1201 4646 εἰσιν
1253 4592 1371 4663 ἃμα
1411 4595 1546 4647 πᾶσι
1591 4597 1703 4660 τοῖς

126 4674 354 4730 οἰκοῦσιν
387 4679 589 4744 αὐτοῖς.
628 4682 737 4734 Καὶ
778 4683 905 4737 ἄλλο
948 4685 1005 4738 δὲ
1039 4689 1298 4757 στοιχεῖον
1343 4691 1402 4738 οὐ
1443 4688 1635 4760 μικρὸν
1669 4691 1700 4760 ἡ

1751 3463 1781 3484 ³
1817 3491 2002 3536 tuam:
2037 3490 2095 3538 tu
2139 3499 2273 3540 sane
2318 3486 2464 3542 hunc
2503 3489 2802 3546 humiliasti
2838 3510 2853 3546 :
2885 3493 2928 3548 si
2965 3507 3097 3546 vero
3141 3493 3267 3547 huic
3306 3507 3397 3548 su-

1817 3577 2060 3644 periores
2097 3579 2345 3648 quaedam
2392 3582 2629 3637 inimicae
2671 3593 2725 3638 et
2764 3584 3009 3640 adversae
3047 3586 3142 3640 tibi
3168 3588 3409 3642 virtutes

1815 3668 1945 3729 sint,
1981 3684 2074 3725 eas
2117 3685 2338 3741 quoque
2369 3672 2673 3745 dissipasti.
2707 3673 2788 3729 Tu
2823 3677 3024 3747 ubique
3047 3677 3306 3747 imperas,
3349 3686 3404 3732 et

1815 3760 2200 3816 universorum
2239 3765 2564 3819 substantia:
2594 3765 2918 3829 dominaris,
2957 3766 3085 3836 quia
3121 3767 3403 3821 universo-

1812 3865 1933 3903 rum
1967 3850 2148 3921 opifex
2180 3868 2260 3907 es.
2304 3853 2485 3924 Ipsum
2517 3855 2718 3926 quippe
2743 3871 2913 3921 mare,
2942 3865 3264 3927 tantumque
3294 3858 3402 3912 bu-

1811 3943 1972 3997 midae
2012 3944 2335 4000 substantiae
2390 3947 2742 4013 elementum,
2782 3957 2936 4003 tuum
2968 3958 3054 4005 est
3091 3951 3399 4020 opiﬁcium,

1810 4043 1972 4106 teque
2003 4037 2286 4093 domi-num
2315 4041 2540 4095 ascribit
2564 4057 2746 4097 suum.
2770 4042 2912 4110 Quid
2934 4044 2981 4100 si
3015 4045 3139 4100 ειεΙί
3171 4043 3399 4116 quidam

1810 4127 1932 4197 ipso
1963 4128 2308 4186 ﬁrmamento
2332 4134 2646 4202 superiores
2690 4136 3023 4206 cogitentur,
3064 4138 3156 4207 qui
3188 4137 3400 4191 scilicet

1807 4221 2121 4276 divinorum
2153 4224 2469 4294 Spirituum,
2497 4236 2813 4283 sanctarum
2850 4230 3136 4294 virtutum,
3171 4231 3394 4301 angelo-

1807 4323 1928 4367 rum
1962 4320 2016 4368 et
2035 4315 2490 4387 archangelorum
2530 4317 2790 4374 deitatem
2840 4327 2992 4374 tuam
3048 4320 3392 4390 stipantium,

1807 4402 2081 4459 domicilia
2100 4407 2243 4474 sint;
2278 4407 2332 4462 hi
2360 4425 2582 4480 quoque
2607 4425 2731 4464 eum
2764 4412 3022 4467 omnibus
3054 4411 3248 4466 incolis
3276 4411 3398 4466 suis

1807 4497 1886 4551 tui
1946 4509 2096 4554 sunt.
2148 4501 2312 4556 Aliud
2343 4504 2510 4558 etiam
2575 4503 2906 4560 elementum
2961 4521 3068 4558 non
3110 4505 3392 4575 exiguum,

1805 4591 1958 4645 arida
1998 4608 2194 4663 nempe
2228 4595 2538 4650 substantia
2561 4603 2614 4651 et
2636 4605 2782 4651 terra
2816 4596 2971 4650 cmlis
3005 4595 3271 4665 subjecta,
3299 4603 3393 4650 tua

1806 4686 1932 4741 item
1967 4693 2073 4742 est.
2099 4687 2237 4742 Cum
2269 4690 2452 4759 itaque
2491 4690 2676 4744 omnia
2719 4699 2810 4743 tuo
2848 4691 3006 4743 nutni
3048 4693 3308 4755 serviant,
3339 4700 3393 4745 et

133 4763 259 4833 Ξηρὰ
280 4770 456 4836 οὐσία,
490 4774 641 4845 καὶή
686 4777 798 4840 τοῖς
841 4778 1092 4850 οὐρανοῖς
1126 4777 1464 4850 ὑποκειμένη
1504 4781 1597 4850 γῆ,
1634 4783 1699 4854 σή

1823 4795 1866 4833 ιιι
1888 4781 2146 4837 omnibus
2172 4783 2429 4853 imperes,
2474 4790 2663 4853 utpote
2694 4783 2939 4837 omnium
2979 4784 3256 4847 dominus,
3295 4800 3392 4839 rex

130 4855 232 4912 ἐστι
265 4864 358 4916 καὶ
395 4865 556 4938 αὕτη.
581 4868 706 4922 Ὅτε
738 4869 919 4924 τοίνυν
963 4871 1032 4925 τὰ
1077 4871 1366 4943 σύμπαντα
1417 4877 1530 4937 τοῖς
1585 4878 1697 4938 σοῖς

126 4950 344 5022 νεύμασι
369 4957 629 5024 δουλεύει,
665 4963 757 5016 καὶ
792 4964 855 5017 σὺ
885 4965 1104 5019 πάντων
1141 4968 1380 5038 κρατεῖς,
1405 4965 1590 5038 κύριος
1620 4967 1696 5020 ὢν

125 5041 366 5101 ἁπάντων
403 5053 496 5106 καὶ
543 5053 798 5124 βασιλεὺς
842 5058 937 5110 καὶ
969 5057 1132 5123 Θεὸς,
1181 5059 1266 5122 τίς
1314 5059 1696 5130 ἀντιστήσεταί

1804 4880 1857 4926 et
1889 4872 2055 4939 Deus,
2085 4875 2213 4946 quis
2252 4877 2475 4931 resistet
2511 4875 2646 4930 tibi?
2699 4875 2767 4928 Et
2813 4873 2946 4946 quid
3000 4876 3392 4946 impedimento

1806 4965 1989 5031 fuerit,
2014 4970 2309 5038 quominus
2349 4978 2440 5023 tua
2467 4970 2643 5023 electo
2666 4977 2762 5023 tuo
2790 4967 2981 5022 Davidi
3009 4969 3134 5023 data
3157 4970 3391 5040 promis-

1806 5073 1887 5123 sa,
1923 5075 2044 5130 qua:
2071 5061 2291 5132 juratus
2321 5061 2559 5125 edidisti,
2593 5061 2876 5117 credibilia
2913 5060 3251 5117 reddantur?

124 5150 227 5201 σοις
261 5141 329 5193 Ἦ
355 5143 405 5196 τί
426 5145 487 5198 τὸ
514 5147 763 5218 ἐμποδὼν
790 5148 942 5204 ἔσται
963 5151 1056 5204 τοῦ
1091 5153 1165 5224 μὴ
1225 5151 1603 5208 πιστώσασθαι
1667 5152 1764 5216 τὰς
1806 5153 1905 5218 σὰς
1956 5155 2094 5228 πρὸς
2123 5155 2213 5209 τὸν
2262 5155 2517 5209 ἐκλεκτόν
2571 5173 2663 5209 σου
2709 5154 2871 5209 Δαυῒδ
2915 5153 3246 5225 ἐπαγγελίας
3271 5193 3284 5218 ,
3325 5152 3390 5216 ἃς

126 5231 234 5298 μεθ’
266 5235 429 5306 ὅρκου
462 5240 598 5312 πρὸς
621 5242 782 5296 αὐτὸν
818 5231 1094 5317 ¹ὲποιήσως

186 5327 395 5399 Σφόδρα
417 5334 596 5388 τοίνυν
619 5338 712 5390 καὶ
742 5338 1052 5404 ἀκολούθως
1074 5345 1185 5406 τοῖς
1210 5343 1522 5418 ἔμπροσθεν
1548 5347 1700 5419 εἰρη-

126 5416 296 5484 μένοις
326 5423 414 5478 διά
440 5428 547 5482 τῶν
579 5433 958 5503 προκειμένων
1005 5436 1254 5508 ἐπήγαγε
1295 5416 1376 5506 τδ,
1407 5442 1512 5494 Σοί
1543 5416 1699 5494 διὰιώ

122 5512 170 5564 ci
201 5515 462 5583 οὐρανοὶ,
497 5523 594 5575 καί
631 5524 714 5592 σή
750 5525 924 5578 ἐστιν⁹
951 5528 988 5596 ἡ
1019 5527 1096 5597 γῆ
1119 5546 1133 5561 ο
1181 5529 1296 5598 τὴν
1338 5531 1699 5602 οἰκουμένην

124 5605 212 5657 καὶ
245 5608 536 5680 πλήρωμα
569 5615 760 5684 αὐτῆς
791 5616 872 5670 σὺ
898 5618 1320 5688 ἐθεμελίωσας.
1350 5623 1425 5675 Οὐ
1455 5622 1565 5694 γὰρ
1602 5623 1697 5694 μό-

122 5710 205 5746 νον
233 5700 322 5753 τὸν
371 5705 615 5775 οὐρανὸν,
643 5711 797 5780 φησὶ,
854 5710 950 5763 καὶ
980 5710 1075 5774 τὰς
1130 5713 1188 5766 ὲν
1231 5713 1380 5784 αὐτῷ
1410 5715 1686 5786 δυνάμεις,

122 5784 247 5841 ἀλλὰ
275 5791 367 5844 καὶ
387 5793 483 5861 τὴν
517 5795 620 5864 γῆν
655 5799 717 5852 σὺ
761 5799 1155 5868 ἐθεμελίωσας·
1192 5804 1496 5874 συμφώνως
1533 5784 1599 5877 ἑῇ
1633 5807 1691 5860 ἐν

1870 5343 2179 5401 Admodum
2212 5352 2584 5416 congruenter
2608 5361 2772 5415 supra
2809 5345 2971 5400 dictis
2999 5345 3111 5415 jam
3161 5344 3388 5414 subjieit

1799 5435 1932 5489 illud
1962 5455 1972 5488 :
2007 5435 2108 5488 Tui
2142 5443 2265 5490 sunt
2320 5435 2438 5488 caeli
2481 5446 2530 5489 et
2561 5445 2655 5488 tua
2697 5445 2774 5489 est
2807 5445 2947 5488 terra
2973 5450 2992 5488 :
3025 5434 3200 5489 orbem
3232 5445 3390 5488 teme

1796 5542 1842 5583 et
1872 5528 2253 5596 plenitudinem
2300 5529 2414 5597 ejus
2450 5537 2502 5581 tu
2556 5529 2819 5598 fundasti.
2869 5527 2988 5582 Non
3038 5529 3200 5582 modo
3237 5529 3384 5583 enim

1795 5622 2018 5685 coelum,
2069 5622 2167 5684 ait,
2201 5629 2255 5675 et
2312 5623 2547 5677 virtutes
2589 5623 2665 5676 ibi
2701 5631 3028 5687 versantes,
3070 5621 3164 5677 sed
3217 5623 3386 5677 etiam

1798 5721 1998 5769 terram
2029 5711 2272 5770 fundasti
2297 5732 2310 5767 ε
2333 5715 2420 5766 cui
2447 5714 2650 5768 accinit
2680 5714 2771 5768 illa
2803 5714 3224 5770 Proverbiorum
3257 5731 3380 5770 scn-

1800 5803 2016 5862 tentia:
2051 5803 2195 5861 Deus
2232 5807 2492 5877 sapientia
2543 5807 2787 5876 {undavit
2824 5817 3019 5864 terram
3050 5825 3068 5862 :
3105 5823 3380 5880 pratparao
