3830 6288
318 286 455 345 Ιῦθί
1001 280 1272 338 EUSEBH
1310 277 1792 338 CESARIENSIS
1817 276 1969 332 OPP.
2008 274 2190 330 PARS
2222 276 2308 332 111.
2348 307 2421 319 -
2457 272 2868 331 EXEGETICA.
3450 277 3589 331 £092

308 407 395 461 .uit
425 413 602 460 autem
625 404 782 461 calas
812 403 869 458 in
896 402 1184 475 prudentia
1213 403 1282 459 ³⁸.
1316 401 1419 458 Ηίο
1446 417 1580 459 vero
1603 402 1820 457 habitat

2082 400 2128 462 ῖς
2167 396 2502 471 Παροιμίαις
2539 396 2775 469 λεγούσῃ
2815 398 2988 469 φωνῇ.
3040 395 3101 450 '0
3126 396 3279 464 Θεὸς
3303 395 3381 467 τῇ
3405 398 3594 468 0'0qu

326 513 486 555 ,ει-ναι
536 505 782 569 partem,
843 496 1003 568 quasi
1069 495 1508 568 praestantiorem
1538 533 1555 559 ,
1582 493 1838 565 οἰκουμέν

2084 489 2361 558 meller
2403 487 2520 558 τὴν
2560 486 2681 558 γῆν
2698 506 2717 518 θ
2757 489 3051 559 ἡτοίμασε
3082 488 3155 543 δὲ
3181 491 3492 558 οὐρανοὺς
3528 489 3596 542 ἐν

325 592 650 658 nominavit,
685 590 752 647 ad
782 590 1083 647 discrimen
1114 589 1259 645 inter
1284 587 1557 644 desertam
1585 596 1642 644 et
1677 586 1837 641 culta:

2089 578 2317 648 ονήσει.
2348 579 2492 633 Κατ’
2517 578 2797 651 ἰξαίρετον
2823 577 2881 634 δὲ
2912 580 3155 636 ἐνταῦθα
3187 582 3251 636 τὺ
3275 582 3601 654 οἰκούμενον

317 684 445 738 .lmo
471 684 634 739 etiam
664 681 1061 754 plenitudinem
1085 680 1237 736 orbis
1262 687 1424 736 terra:
1459 677 1682 747 adiecit,
1718 676 1803 734 liis

2091 690 2175 744 ρος
2200 672 2301 743 τῆς
2332 672 2438 745 γῆς
2482 674 2807 746 οἰκουμένην
2846 675 3152 746 ὠνόμασεν,
3177 675 3603 740 ἀποδιαστείλας

326 775 593 847 gniﬁcans
643 775 942 830 humanum
975 787 1171 845 genus,
1204 770 1352 842 quod
1391 769 1583 826 orbem
1612 775 1774 824 terrae
1800 768 1838 822 it

2094 782 2108 828 ῖ
2166 764 2374 836 ἐρήμου
2432 764 2659 837 καὶτῆς
2711 765 2954 837 οἰκητοῦ.
3023 767 3185 820 ’Δλλα
3227 767 3321 821 καὶ
3351 768 3410 821 τὸ
3456 768 3606 838 πλή-

320 869 459 939 plet.
489 865 675 938 Neque
699 874 881 922 tamen
905 867 1152 931 aberres,
1184 864 1239 922 si,
1259 863 1368 919 alio
1395 861 1707 933 explicandi
1758 875 1832 915 mi

2093 873 2169 928 μα
2229 856 2327 926 τῆς
2366 855 2691 929 οἰκουμένης
2736 858 3076 929 προσέθηκεν
3102 899 3118 924 ,
3165 858 3308 914 οὕτω
3340 862 3605 934 σημήνας

329 960 523 1026 dicas,
590 959 988 1030 plenitudinem
1037 971 1163 1013 esse
1223 954 1528 1011 Salvatoris
1580 953 1841 1010 Ecclesia:

2107 946 2216 1002 τῶν
2250 946 2560 1021 ἀνθρώπιον
2588 949 2764 1017 γένος,
2796 949 2905 1003 τῶν
2947 951 3047 1023 τὴν
3089 953 3413 1024 οἰκουμένην
3460 950 3608 1022 πλη-

329 1067 495 1124 quam
543 1053 722 1122 ipsum
775 1050 872 1106 Dei
914 1049 1153 1106 Verbum
1195 1047 1448 1104 fundavit
1479 1063 1647 1120 supra
1674 1055 1841 1119 petral

2100 1057 2267 1095 ιντων.
2320 1040 2602 1113 Πλήρωμα
2649 1042 2706 1096 δὲ
2755 1043 2849 1096 καὶ
2902 1044 3078 1108 ἄλλως
3124 1045 3224 1116 τῆς
3269 1045 3612 1116 euang-Evt:

330 1142 675 1214 QuaprOpter
740 1143 870 1198 alibi
939 1141 1148 1197 dictum
1195 1149 1283 1196 est
1335 1160 1350 1197 :
1411 1141 1671 1196 Dominus
1721 1157 1842 1211 regit

2102 1149 2110 1184 :
2154 1130 2221 1186 ἂν
2257 1130 2531 1203 ἁμάρτοις
2563 1134 2737 1203 λέγων
2778 1133 2877 1207 τὴν
2925 1136 3020 1189 τοῦ
3054 1137 3311 1209 Σωτῆρος
3360 1137 3614 1206 Ἐκκλη-

2013 1225 2166 1290 σίαν,
2221 1225 2290 1296 ἢν
2321 1226 2484 1290 αὐτὸς
2514 1228 2555 1279 ό
2588 1227 2685 1280 τοῦ
2727 1227 2864 1281 Θεοῦ
2907 1229 3078 1298 Λόγος
3110 1229 3477 1302 ὲθεμελῖωσεν
3514 1229 3619 1281 ἐπὶ

2010 1315 2108 1387 τὴν
2146 1316 2371 1388 πέτραν.
2429 1317 2521 1371 Διὸ
2568 1318 2666 1372 καὶ
2705 1319 2766 1372 ὲν
2810 1319 3027 1391 ἑτέροις
3067 1321 3315 1393 εἴρηταν
3370 1320 3623 1389 Κύριος

2010 1404 2409 1462 ἐϐασίλευσεν
2425 1446 2441 1473 ,
2493 1406 2857 1476 εὐπρέπειαν
2922 1410 3266 1465 ἐνεδύσατο.
3320 1413 3433 1467 Καὶ
3498 1413 3627 1481 γὰρ

2013 1496 2368 1565 κατώρθωσε
2410 1497 2528 1567 τὴν
2566 1501 2963 1569 οἰκουμένην,
3006 1501 3136 1570 ἥτις
3177 1504 3249 1556 οὐ
3291 1500 3627 1571 σαλευθή-

331 1604 544 1657 creasti.
577 1600 914 1673 Videturque
948 1603 1079 1658 mihi
1110 1619 1207 1674 per
1237 1604 1348 1658 duo
1386 1604 1556 1658 latera
1584 1612 1639 1659 et
1666 1614 1843 1659 extren

2114 1605 2209 1643 ἀι.
2238 1589 2363 1654 Πῶς
2389 1589 2446 1643 δὲ
2488 1588 2818 1661 ὲθεμελίωσε
2848 1592 2946 1663 τὴν
2988 1593 3329 1664 οἰκουμένην,
3352 1594 3626 1662 ἐπιλέγει

330 1694 510 1760 orbis,
561 1701 737 1749 totum
795 1694 1062 1751 mundum
1130 1695 1465 1767 signiﬁcare,
1523 1710 1684 1767 quem
1732 1697 1842 1767 repl

2097 1680 2159 1750 ις,
2184 1680 2537 1750 Τὸνβορῤᾶν
2547 1682 2642 1735 καὶ
2680 1682 2794 1751 τὴν
2808 1682 3488 1751 θιϋασσανσὺέκτισας
3515 1688 3609 1742 αὐ

328 1786 407 1840 vit
456 1784 756 1841 Salvatoris
807 1786 986 1843 nostri
1033 1786 1236 1843 virtus.
1277 1786 1701 1842 Animadvertas
1748 1801 1840 1857 por

2125 1773 2159 1843 ή
2177 1771 2233 1825 δὲ
2259 1772 2486 1844 πέμπτη
2506 1773 2732 1839 ἔκδυσις,
2754 1774 2988 1843 Βορῤᾶν
3010 1776 3107 1832 καί
3130 1778 3304 1832 νότον
3330 1778 3412 1832 σὺ
3451 1778 3630 1832 ἔκτι-

330 1878 514 1943 velim,
541 1892 649 1948 quo
672 1888 832 1949 pacto
859 1878 949 1933 hic
974 1893 1074 1949 pro
1099 1877 1238 1933 facie
1266 1877 1442 1934 totius
1488 1877 1701 1942 mundi,
1729 1879 1842 1934 orie

2120 1884 2153 1929 τ.
2186 1866 2344 1918 Δοκεῖ
2374 1865 2432 1918 δέ
2462 1883 2552 1936 μοι
2572 1864 2662 1919 διὰ
2685 1865 2793 1918 τῶν
2817 1865 2912 1919 δύο
2930 1867 3183 1939 πλευρῶν
3205 1886 3265 1922 τε
3286 1872 3381 1924 καὶ
3408 1871 3632 1943 ἄκρων

328 1972 438 2022 tem
469 1974 674 2037 ponat;
717 1982 815 2037 pro
857 1967 1085 2022 sinistra
1111 2005 1128 2032 ,
1190 1966 1465 2022 borealem
1521 1967 1777 2037 plagam;
1817 1982 1840 2037 ι]

2152 1957 2479 2030 οἰκουμένης
2528 1960 2621 2014 τὸν
2672 1960 2963 2032 σύμπαντα
3007 1961 3211 2033 κόσμον
3264 1962 3465 2034 δηλοῦν
3486 2003 3508 2027 ,
3567 1963 3634 2018 ὃν

330 2057 555 2114 dextera
581 2058 993 2114 meridionalem
1034 2064 1090 2114 et
1117 2058 1439 2113 australem.
1478 2055 1613 2112 Nam
1650 2072 1775 2114 cum
1808 2073 1837 2111 a

2122 2047 2331 2119 ήρωσεν
2360 2052 2393 2121 ή
2419 2051 2513 2103 τοῦ
2536 2051 2788 2123 Σωτῆρος
2812 2053 2970 2123 ήμῶν
2994 2051 3242 2124 δύναμις.
3262 2053 3370 2108 Θὲα
3396 2055 3461 2108 δὲ
3500 2055 3634 2111 τινα

330 2151 644 2223 Aquilonem
684 2160 734 2205 et
779 2149 969 2205 dextra
1015 2158 1073 2203 tu
1122 2150 1352 2214 creasti,
1397 2149 1669 2207 borealem
1700 2151 1842 2222 plag:

2123 2158 2217 2196 nov
2258 2141 2347 2196 διὰ
2377 2142 2583 2198 τούτων
2620 2145 2954 2216 παρίσταται
2998 2146 3285 2216 πρόσωπον
3322 2147 3418 2201 τοῦ
3468 2147 3635 2219 σύμ-

330 2243 614 2299 sinistrum
637 2258 759 2299 esse
781 2242 931 2298 latus
953 2242 1227 2309 declarat;
1256 2242 1527 2313 siquidem
1552 2242 1804 2297 dextrum
1831 2260 1842 2295 ε

2125 2251 2223 2299 ιτος
2249 2235 2458 2308 κόσμου
2497 2237 2558 2290 τὸ
2582 2237 2899 2291 ἀνατολικὸν
2934 2238 3121 2309 ημέρος-
3149 2240 3430 2312 ἀριστερὸν
3466 2240 3538 2294 δὲ
3567 2241 3637 2293 τὸ

331 2337 590 2393 australe.
628 2334 688 2391 Si
730 2336 915 2407 itaque
964 2345 1174 2391 stantes
1208 2341 1398 2390 notum
1427 2338 1483 2390 in
1505 2335 1750 2398 dextera,
1769 2350 1843 2405 aq

2125 2343 2250 2394 ειον,
2283 2327 2455 2395 δεξιὸν
2478 2328 2535 2383 δὲ
2565 2330 2625 2384 τὸ
2660 2330 3033 2402 μεσημϐρινὸν
3055 2331 3152 2386 καὶ
3178 2333 3372 2389 νότιον.
3407 2334 3511 2386 Ἐν
3548 2333 3637 2404 τῷ

331 2430 511 2485 Ionem
546 2430 598 2484 in
629 2430 857 2484 sinistra
907 2427 1231 2494 habeamus,
1270 2428 1559 2484 adversum
1595 2428 1843 2484 liabebim

2159 2425 2345 2494 φάναι,
2380 2424 2490 2480 Τὸν
2512 2425 2748 2495 ,Βορῤᾶν
2774 2425 2876 2479 καὶ
2907 2425 2983 2479 τὰ
3014 2425 3183 2490 δεξιὰ
3216 2425 3297 2479 σὺ
3338 2426 3637 2491 ἔκτισας,

2017 2516 2080 2570 τὸ
2102 2518 2311 2591 βόρειον
2335 2519 2568 2591 πλευρὸν
2592 2518 2878 2591 ἀριστερὸν
2904 2514 3044 2572 εἶναι
3067 2518 3321 2585 ἐδίδαξεν·
3360 2518 3413 2570 εἰ
3432 2535 3511 2587 γε
3536 2518 3637 2569 δε-

2021 2608 2131 2674 ξιὸν
2158 2610 2220 2664 τὸ
2247 2611 2441 2667 νότιον.
2483 2612 2548 2664 Εἰ
2579 2609 2645 2682 δὴ
2683 2606 2777 2664 οὖν
2821 2611 3056 2676 ἑστῶτες
3101 2611 3320 2683 ἔχοιμεν
3362 2613 3421 2665 ὲν
3462 2610 3640 2683 δεξιᾷ

2023 2702 2123 2775 μὲν
2150 2703 2360 2781 ἑαυτῶν
2396 2703 2487 2758 τὸν
2521 2703 2695 2770 νότον,
2724 2707 2782 2757 ἐν
2811 2702 2868 2757 δὲ
2892 2707 3004 2769 τοῖς
3028 2705 3338 2776 ἀριστεροῖς
3360 2704 3452 2759 τὸν
3492 2704 3639 2777 βορο

2024 2798 2145 2868 ρᾶν,
2187 2797 2606 2867 ἀντιπρόσωπον
2661 2799 2935 2868 σχήσομεν
2983 2796 3083 2869 τήν
3129 2796 3420 2869 ἀνατολὴν,
3475 2796 3640 2849 κατὰ

335 2885 744 2959 Scripturarum
780 2887 1090 2944 doctrinam
1122 2905 1303 2961 neque
1332 2890 1531 2947 horum
1565 2890 1785 2961 quidem
1822 2905 1847 2945 ι]

2130 2906 2190 2943 ου
2217 2889 2275 2944 δὲ
2302 2890 2404 2963 τὴν
2426 2890 2600 2944 δύσιν’
2633 2890 2774 2943 ὥστε
2801 2890 2946 2945 κατά
2966 2907 3088 2945 τινα
3118 2889 3356 2961 φυσικὴν
3380 2889 3639 2962 θεωρίαν

332 2980 508 3037 titiam
540 2981 977 3053 praetermisisse.
997 2980 1133 3037 Nam
1157 2982 1363 3047 omnia,
1393 2984 1588 3054 inquit,
1614 2990 1672 3037 tn
1694 2997 1844 3039 creas

2128 2980 2273 3053 ᾗσθαι
2305 2978 2500 3049 ταῦτα,
2534 2982 2637 3053 τὴν
2664 2982 2813 3037 θέσιν
2841 2982 2935 3037 τοῦ
2972 2982 3176 3048 παντὸς
3217 2982 3427 3054 κόσμου
3476 2999 3640 3053 παρ-

326 3075 450 3129 sive
496 3072 721 3130 dextras
767 3074 959 3130 mundi
1003 3082 1209 3145 partes,
1241 3075 1359 3131 sive
1411 3076 1687 3131 sinistras.
1719 3074 1838 3131 Veri

2128 3076 2277 3132 ὒντα.
2315 3077 2383 3130 *Α
2422 3077 2519 3131 καὶ
2561 3076 2704 3131 αὐτὰ
2747 3078 3043 3147 ἀναγκαῖον
3066 3075 3520 3152 ἐπισημήνασθαι
3553 3080 3640 3142 εἰς

333 3163 561 3221 dextras
593 3165 773 3221 solum
807 3165 1134 3223 nominatim
1162 3167 1506 3231 memoravit,
1540 3174 1705 3237 atque
1727 3182 1758 3221 a
1788 3167 1845 3221 si:

2124 3171 2368 3227 adornant
2396 3171 2493 3226 τοῦ
2527 3171 2663 3243 μηδὲ
2690 3171 2790 3243 τὴν
2817 3171 3020 3226 τούτων
3059 3172 3260 3241 γνῶσιν
3291 3170 3636 3243 παραλελοι-

335 3256 439 3313 stri
468 3258 690 3315 nomine
727 3260 983 3314 consulto
1036 3258 1321 3315 abstinuit.
1371 3260 1553 3327 Quare
1618 3260 1847 3317 secundi

2129 3280 2185 3317 αι
2213 3264 2314 3335 τήν
2341 3262 2449 3317 τῶν
2473 3263 2634 3318 θείων
2667 3264 2901 3337 Γραφῶν
2936 3264 3303 3319 διδασκαλίαν.
3332 3263 3419 3316 Τὰ
3441 3262 3640 3317 πάντα

338 3347 727 3420 Symmachum
757 3349 981 3416 dicitur,
1014 3347 1081 3403 In
1111 3351 1425 3421 Aquilonem
1469 3360 1521 3406 et
1544 3350 1833 3406 ‘dezteram

2120 3374 2157 3422 π,
2185 3358 2338 3429 φησι,
2372 3358 2435 3412 σὺ
2458 3357 2700 3422 ἔκτισας,
2727 3357 2798 3412 τά
2826 3375 2885 3412 τε
2916 3356 3066 3424 δεξιὰ
3089 3358 3185 3412 τοῦ
3209 3356 3419 3426 κόσμου
3451 3355 3632 3427 μέρη,

334 3437 571 3501 creasti;
634 3438 936 3495 secundum
998 3441 1254 3512 Aquilam
1299 3456 1471 3505 vero,
1514 3440 1824 3510 Aquilonem

2155 3447 2224 3502 τὰ
2251 3448 2536 3520 ἀριστερά.
2583 3447 2744 3502 Ἀλλὰ
2770 3449 2840 3503 τὰ
2863 3450 2962 3521 μὲν
2983 3447 3135 3515 δεξιὰ
3161 3446 3421 3518 ὀνομαστὶ
3446 3461 3637 3516 προσ-

334 3529 611 3586 dexteram
646 3539 704 3586 tu
726 3532 941 3590 creasti.
969 3533 1171 3601 Quinta
1205 3540 1386 3589 autem
1416 3533 1586 3589 editio
1614 3531 1846 3587 accurati

2125 3557 2202 3606 εν,
2227 3539 2531 3609 ἐφυλάξατο
2548 3540 2606 3594 δὲ
2626 3540 2931 3622 χρήσασθαι
2960 3540 3037 3612 τῷ
3066 3538 3159 3594 τοῦ
3185 3535 3478 3610 ἀριστεροῦ
3509 3536 3637 3589 ὀνόο

337 3623 627 3693 explicavit
661 3640 913 3697 quaenam
953 3626 1182 3682 dextera
1203 3633 1392 3683 essent
1421 3624 1614 3682 dicens
1635 3665 1651 3686 .
1700 3624 1849 3695 Aquit

2126 3650 2182 3688 ιι.
2213 3632 2306 3686 Διὸ
2336 3633 2587 3688 λέλεκται
2619 3636 2763 3689 κατὰ
2788 3634 2880 3689 τὸν
2908 3633 3224 3704 Σύμμαχον,
3260 3631 3366 3696 Εἰς
3384 3625 3638 3696 ,ϐοῤῥᾶτ-

337 3730 454 3770 nem
497 3725 547 3770 et
579 3712 762 3771 notum
802 3725 857 3771 tu
887 3718 1105 3774 creasti.
1140 3717 1379 3775 Sinistra
1422 3732 1590 3788 porro
1632 3716 1776 3788 apud
1806 3732 1849 3773 οι

2119 3727 2129 3779 ἰ
2178 3725 2385 3791 δεξιὰν
2424 3726 2509 3780 σὺ
2555 3727 2802 3794 ἔκτισας
2820 3743 2834 3759 ο
2885 3727 2980 3779 καὶ
3020 3723 3162 3780 κατὰ
3210 3723 3303 3776 τὸν
3364 3720 3631 3781 Ἀκύλαν.

339 3822 438 3864 nes
468 3807 797 3881 interpretes
835 3810 1058 3867 silentio
1081 3811 1341 3876 mittitur,
1368 3810 1498 3882 quia
1543 3817 1769 3881 putatur
1793 3826 1851 3881 qi

2124 3816 2265 3887 όρᾶν
2298 3818 2399 3873 καὶ
2425 3817 2634 3883 δεξιὰν·
2659 3818 2743 3874 σὺ
2770 3820 3038 3884 ἔκτισας.
3080 3817 3147 3869 Ἦ
3171 3815 3230 3868 δὲ
3267 3812 3500 3885 πέμπτη
3538 3810 3636 3864 ἐκ·

341 3899 642 3956 inl’austum
671 3917 816 3965 esse,
845 3909 901 3958 et
931 3902 1127 3959 dextro
1157 3903 1509 3976 oppositum:
1559 3902 1700 3958 nihil
1740 3912 1853 3959 aute

2120 3929 2175 3976 ἰς
2219 3912 2554 3985 σαφέστερον
2594 3913 2909 3986 ἡρμήνευσε
2938 3911 3063 3966 τινα
3098 3909 3168 3963 τὰ
3198 3907 3348 3972 δεξιὰ
3377 3908 3632 3977 φήσασα,

339 3993 395 4046 in
420 3992 678 4048 universo
721 3993 1020 4050 infaustum
1052 4005 1107 4051 et
1148 3994 1293 4052 bono
1329 3997 1641 4067 oppositum
1665 4002 1768 4053 est.
1803 3993 1848 4051 Ο

2121 4003 2263 4074 ρῤᾶν
2305 4005 2407 4059 καὶ
2453 4005 2636 4059 νότον
2679 4004 2763 4059 σὺ
2813 4003 3082 4070 ἔκτισας.
3135 4000 3210 4055 Τὸ
3249 3999 3293 4053 δ’
3334 3997 3633 4070 ἀριστερὸν

342 4084 435 4139 nia
463 4085 632 4149 enim,
661 4086 869 4157 inquit,
925 4097 983 4141 tu
1019 4090 1243 4144 creasti.
1279 4088 1398 4145 Duo
1444 4098 1625 4145 autem
1670 4098 1854 4145 monte

2118 4114 2211 4168 ντη
2241 4096 2580 4168 σεσιώπηται
2608 4096 2759 4170 παρὰ
2784 4098 2901 4161 τοῖς
2931 4097 3084 4159 πᾶσι,
3109 4094 3196 4149 διὰ
3220 4092 3281 4145 τὸ
3307 4089 3630 4161 νομίζεσθαι

332 4172 562 4263 ‘l‘habor
588 4183 642 4230 et
665 4174 925 4240 Hcrmon,
963 4192 1061 4247 pcr
1094 4178 1476 4235 excellentiam
1507 4188 1705 4250 praeter
1732 4195 1844 4236 omt

2120 4189 2223 4243 ιιὸν
2254 4185 2394 4242 εἶναι
2432 4191 2527 4244 καὶ
2561 4189 2803 4243 ἐναντίον
2829 4187 2910 4258 τῷ
2949 4185 3126 4258 δεξιῷ·
3171 4184 3324 4237 οὐδὲν
3354 4182 3413 4235 δὲ
3454 4183 3514 4234 ὲν
3552 4179 3632 4251 τῷ

344 4262 481 4318 alios
512 4264 800 4319 memorati
835 4273 999 4321 sunt:
1034 4268 1237 4322 etenim
1270 4268 1325 4323 hi
1373 4269 1428 4323 in
1456 4270 1678 4326 nomine
1706 4280 1800 4325 tuo
1826 4287 1856 4327 e

2121 4280 2196 4334 ντὶ
2230 4281 2438 4344 σκαιὸν,
2489 4281 2611 4334 οὐδὲ
2656 4279 2735 4352 τῷ
2782 4279 2933 4350 καλῷ
2977 4277 3239 4332 ἐναντίον.
3291 4275 3483 4329 Πάντα
3528 4273 3633 4344 μὲν

343 4352 648 4411 sultabunt.
712 4352 1026 4411 Secundum
1084 4356 1338 4427 Aquilam
1382 4374 1554 4424 vero,
1618 4360 1829 4415 Tltabor

2118 4389 2146 4437 ν,
2177 4374 2333 4445 φησί,
2361 4374 2425 4427 σὺ
2451 4374 2693 4437 ἔκτισας.
2732 4374 2874 4443 Ὀρη
2903 4371 2961 4425 δὲ
2989 4369 3101 4435 δύο,
3134 4369 3197 4422 τὸ
3220 4366 3423 4438 Θαὸὼρ
3449 4366 3545 4419 καὶ
3571 4365 3630 4417 τό

347 4444 583 4501 Hermon
616 4447 669 4501 in
696 4448 906 4503 nomine
935 4457 1025 4501 tuo
1058 4447 1390 4515 laudabunt;
1436 4451 1738 4508 secundum
1766 4452 1859 4526 Syt

2117 4444 2262 4535 ρμὼν
2291 4464 2570 4537 ἐξαίρετόν
2598 4481 2651 4518 τι
2689 4463 2954 4534 κέκληται
2999 4461 3151 4533 παρὰ
3184 4460 3385 4513 πάντα·
3518 4458 3629 4529 γὰρ

346 4538 601 4594 machum
635 4547 849 4607 autem,
899 4541 1113 4597 Thabor
1162 4552 1211 4597 et
1262 4541 1497 4598 Hermon
1556 4561 1746 4600 nomen
1780 4554 1858 4599 tut

2112 4555 2257 4626 ἱματί
2283 4573 2377 4609 σου
2404 4555 2577 4610 ταῦτα
2601 4555 3045 4625 ἀγαλλιάσονται.
3072 4552 3231 4606 Κατὰ
3255 4551 3313 4606 δὲ
3333 4552 3428 4605 τὸν
3467 4549 3624 4604 ’Δκύ-

343 4628 702 4684 celebrabunt.
737 4628 946 4685 Horum
992 4647 1158 4702 porro
1192 4632 1458 4688 montium
1505 4634 1674 4691 variis
1705 4634 1759 4690 in
1791 4635 1855 4689 1ος

2114 4666 2154 4714 ν,
2200 4648 2402 4716 Θαϐὼρ
2444 4647 2544 4701 καὶ
2588 4647 2810 4716 Ἑρμὼν
2837 4648 2908 4701 ἐν
2934 4645 3017 4711 τῷ
3052 4644 3298 4713 ὀνόματί
3329 4658 3450 4697 σου
3475 4642 3626 4695 αἰνέ-

348 4721 596 4777 meminit
624 4720 837 4778 Veteris
885 4721 1219 4780 Testamenti
1267 4725 1502 4781 historia
1528 4766 1545 4792 ,
1581 4727 1859 4800 arbitrorq

2117 4754 2245 4794 υσιο
2279 4740 2422 4793 κατὰ
2455 4740 2512 4794 δὲ
2541 4740 2633 4793 τὸν
2669 4738 2984 4810 Σύμμαχον,
3020 4734 3223 4805 Θαΰὼρ
3255 4735 3356 4788 καί
3391 4734 3464 4788 τὸ
3512 4735 3625 4801 Ἑρ-

345 4815 434 4870 his
470 4815 527 4870 in
575 4817 856 4872 montibus
902 4817 1186 4874 mirabiles
1236 4818 1359 4873 illas
1411 4816 1712 4875 Salvatoris
1754 4835 1857 4877 nos

2112 4848 2164 4884 w-
2191 4831 2259 4885 τὸ
2291 4830 2480 4901 ὄνομά
2515 4845 2633 4884 σου
2678 4828 3126 4899 εὐφημήσουσι.
3173 4825 3394 4880 Τούτων
3431 4824 3492 4878 δὲ
3523 4824 3624 4876 τῶν

346 4907 882 4980 transﬁgurationes,
920 4908 1345 4982 frequentesque
1391 4926 1575 4968 moras
1614 4913 1858 4970 exstitiss

2112 4923 2209 4977 ἐων
2242 4922 2518 4995 μέμνηται
2548 4922 2823 4994 διαφόρως
2862 4924 2897 4992 ἡ
2937 4921 3039 4991 τῆς
3071 4918 3317 4982 Παλαιᾶς
3356 4916 3624 4986 Διαθήκης

349 4999 565 5070 quando
596 5015 721 5055 cum
770 5000 1091 5059 hominibus
1135 5003 1482 5059 versabatur.
1514 5002 1600 5058 An
1645 5018 1779 5059 vero
1812 5004 1861 5075 ip

2111 5016 2274 5088 copla'
2301 5016 2395 5070 καὶ
2425 5012 2579 5087 οἶμαί
2607 5033 2671 5086 γε
2700 5017 2759 5069 ὲν
2788 5013 2997 5077 τούτοις
3026 5015 3140 5076 τοῖς
3163 5011 3316 5083 ὄρεσι
3334 5009 3437 5073 τὰς
3458 5024 3623 5081 παρσ-

346 5095 632 5149 nominum
666 5093 998 5166 signiﬁcatio
1046 5094 1254 5167 aliquid
1288 5097 1448 5152 nobis
1490 5096 1559 5151 ad
1604 5097 1801 5153 horum
1849 5100 1858 5153 i

2106 5105 2227 5171 ξους
2254 5106 2347 5160 τοῦ
2380 5107 2632 5180 Σωτῆρος
2663 5105 2819 5178 ήμῶν
2846 5105 3127 5176 γεγονέναι
3155 5100 3618 5174 μεταμορφώσεις,

349 5189 702 5260 telligentiam
741 5188 1010 5254 conferat,
1047 5199 1106 5243 tu
1140 5190 1256 5260 ipse
1286 5190 1607 5247 consideres
1636 5191 1818 5247 velim.

2110 5199 2139 5252 ιι
2169 5199 2269 5264 τὰς
2311 5200 2529 5262 πλείους
2565 5199 2866 5272 διατριϐὰς,
2910 5200 2999 5252 ὅτε
3039 5198 3137 5250 σὺν
3168 5194 3483 5268 ἀνθρώποις
3510 5194 3622 5244 ἐτω-

351 5285 610 5339 λιτεύετο.
636 5285 703 5338 Εἰ
739 5284 795 5340 δὲ
837 5287 930 5340 καὶ
974 5284 1083 5341 τῶν
1129 5285 1408 5357 ὀνομάτων
1452 5288 1488 5358 ἡ
1524 5287 1793 5361 ἑρμηνεία
1829 5290 2199 5363 συμϐάλλεταί
2245 5313 2300 5350 τι
2339 5297 2472 5368 ἡμῖν
2505 5296 2585 5360 εἰς
2619 5295 2717 5367 τὴν
2761 5294 2870 5348 τῶν
2932 5290 3310 5364 προκειμένων
3374 5287 3618 5346 διάνοιαν,

352 5384 446 5439 καὶ
479 5384 642 5448 αὐτὸς
669 5385 1005 5457 ἐπιστήσεις.
2184 5390 2188 5399 '

422 5474 591 5531 Vens.
626 5476 828 5543 14,15.
870 5479 1035 5531 Tuum
1061 5473 1334 5530 brachium
1367 5492 1486 5530 cum
1538 5478 1820 5547 potentia:
1851 5478 1934 5549 ﬁr-

2115 5475 2234 5543 Σὸς
2260 5479 2295 5530 ὁ
2322 5477 2598 5546 ,βραχίων
2620 5477 2770 5546 μετὰ
2806 5474 3188 5540 δυναστείας·
3219 5467 3616 5543 κραταιωθήτω

355 5578 524 5624 metur
549 5584 734 5623 manus
764 5579 878 5634 tua,
902 5569 1168 5624 exaltetur
1199 5568 1419 5623 dextera
1451 5577 1543 5625 tua
1573 5585 1593 5624 :
1637 5569 1855 5640 justitia

2120 5568 2251 5640 χείρ
2282 5582 2422 5635 σου,
2454 5567 2752 5640 summa
2793 5568 2833 5637 ή
2875 5565 3044 5633 δεξιὰ
3083 5579 3222 5621 σου.
3273 5561 3612 5629 Δικαιοσύνη

331 1237 401 1291 vit
424 1276 439 1300 ,
468 1235 705 1291 decorem
738 1236 953 1290 indutus
981 1244 1080 1291 est.
1107 1234 1318 1291 Etenim
1340 1237 1571 1290 correxit
1607 1235 1783 1289 orbem
1804 1244 1910 1288 ter—

330 1344 427 1396 rae,
444 1329 534 1398 qui
562 1345 665 1383 non
690 1327 1098 1383 commovebitur
1116 1327 1179 1379 ³¹.
1202 1326 1488 1394 Quomodo
1507 1337 1690 1382 autem
1713 1327 1911 1382 funda-

327 1422 471 1477 verit
494 1422 680 1477 orbem
714 1429 874 1476 teme
900 1420 1096 1476 deinde
1127 1420 1338 1490 adjicit,
1361 1420 1671 1491 Aquilonem
1693 1428 1743 1474 et
1765 1437 1910 1476 mare

332 1522 390 1568 tu
412 1514 640 1567 creasti:
661 1514 853 1584 quinta
880 1527 1012 1568 vero
1039 1512 1231 1578 editio,
1257 1512 1568 1584 Aquilonem
1583 1522 1632 1567 et
1654 1525 1835 1568 notum
1852 1523 1910 1568 tu

326 2520 620 2583 orientem,
663 2534 695 2573 a
724 2527 881 2590 tergo
906 2527 1089 2576 autem
1116 2519 1458 2575 occidentem
1488 2539 1503 2576 :
1532 2521 1605 2575 ita
1634 2528 1695 2574 ut
1724 2535 1922 2576 secun-

328 2609 462 2666 dum
490 2610 773 2683 physicam
798 2612 1297 2668 considerationem
1333 2612 1449 2669 haec
1486 2613 1633 2669 dicta
1663 2614 1810 2677 sint,
1850 2613 1920 2668 ad

332 2702 502 2759 totius
532 2704 723 2759 mundi
759 2705 1089 2775 positionem
1133 2704 1545 2760 declarandam.
1603 2705 1736 2772 Quae
1786 2704 1922 2760 indi-

328 2807 459 2852 care
488 2796 859 2852 necessarium
894 2794 994 2851 fuit
1033 2798 1100 2852 ad
1130 2796 1576 2870 signiﬁcandum,
1606 2797 1920 2852 divinarum

336 5816 339 5817 ν
427 5747 471 5780 ⁸ο
511 5744 673 5801 Prov.
712 5760 806 5808 tu.
848 5747 934 5801 l9.
1011 5748 1052 5781 ³⁸
1094 5747 1242 5806 Psal.
1278 5762 1389 5805 xcu
1414 5787 1430 5806 .
1468 5747 1520 5803 l.
