3830 6288
198 301 331 355 1095

1315 311 1813 369 COMMENTARIA
1854 316 1924 371 ΙΝ
1954 318 2295 389 ‘PSALMOS.

3293 342 3427 401 1094

194 414 284 467 καί
313 416 487 485 κρζιια
515 418 826 490 ἐτοιμασία
869 425 975 479 τοῦ
1006 427 1222 495 Θρόνου
1252 445 1387 485 σου.
1433 434 1639 501 Ἔλεος
1666 454 1719 490 ac:

1825 469 1833 496 ι
1855 439 2118 508 judicium
2148 445 2468 511 pra’paratio
2496 446 2671 503 throni
2701 451 2796 505 tui.
2831 451 3202 512 Misericordia
3246 469 3295 514 et
3339 479 3428 516 ve-

168 507 433 570 ιάλήθεια
460 516 926 581 προπορεύσεται
960 520 1073 588 πρὸ
1112 524 1438 589 προσώπου
1480 544 1615 581 σου.
1645 532 1755 583 Καὶ

176 596 353 651 ,ταῦτα
391 602 469 663 είς
510 601 606 672 τὴν
628 605 731 657 ετοῦ
780 609 1116 677 Μονογενοῦς
1156 611 1252 665 τοῦ
1290 615 1422 669 Θεοῦ
1451 617 1754 687 δοξολογίαν

172 689 563 761 παρείληπται,
592 694 736 767 ἅπερ
762 700 1089 774 σαφέστερον
1110 706 1139 758 ὁ
1172 705 1400 772 Ἀκύλας
1419 712 1750 781 ἡρμήνευσε,

184 783 365 836 τοῦτον
410 787 641 851 ἀποδοὺς
684 792 776 845 τὸν
816 794 1037 866 τρόπον’
1072 799 1187 864 Σὸς
1227 803 1260 854 ό
1293 801 1565 871 βραχίων
1609 806 1753 874 μετὰ

182 872 550 943 δυναστείας·
586 880 877 951 ἀήττητος
915 889 954 955 η
989 890 1117 957 χείρ
1145 905 1282 955 σου,
1325 893 1535 962 ὑψηλὴ
1573 872 1752 963 ἤδε-

182 963 274 1027 ξιά
305 982 440 1022 σου
467 971 827 1044 δικαιοσύνη
856 979 956 1031 καὶ
993 980 1170 1051 κρῖμα
1192 982 1379 1051 ,ϐάσις
1404 988 1510 1041 τοῦ
1534 990 1749 1056 θρόνου

158 1070 307 1109 σου.
350 1060 459 1111 Καὶ
487 1062 689 1127 ταύτας
720 1065 775 1118 δὲ
802 1069 1115 1136 ἀναγκαίως
1145 1073 1241 1136 τὰς
1275 1073 1596 1146 Θεοπρεπεῖς
1624 1081 1749 1148 ἀρε-

178 1146 270 1210 τὰς
297 1150 354 1200 ὲν
395 1154 458 1221 τῇ
488 1152 732 1228 θεολογίᾳ
763 1160 1062 1233 παρείληφε
1090 1164 1181 1218 διὰ
1208 1167 1307 1230 τὰς
1331 1168 1423 1221 τοῦ
1458 1170 1588 1223 Θεοῦ
1614 1146 1748 1243 πρὸς

174 1236 260 1289 τὸν
274 1239 436 1309 Δαύῒδ
462 1243 812 1313 ἐπαγγελίας.
837 1251 999 1304 υύδὲν
1020 1253 1145 1324 γὰρ,
1166 1258 1349 1326 φησὶν,
1369 1236 1746 1330 ἀντιστήσεται

176 1330 265 1383 σοῦ
294 1335 357 1403 τῇ
391 1334 577 1408 βουλῇ’
628 1340 766 1409 μετὰ
792 1343 902 1415 γὰρ
931 1345 1024 1397 τοῦ
1065 1346 1238 1402 θέλειν
1269 1351 1364 1403 καὶ
1400 1351 1459 1403 τὸ
1489 1352 1745 1409 δύνασθαί

160 1438 251 1476 ,σοι
280 1419 513 1497 οἷανΘεῷ
543 1431 634 1483 καὶ
665 1431 897 1507 δεσπότῃ
925 1436 1033 1490 τῶν
1061 1440 1197 1493 ὅλων
1219 1442 1473 1514 πάρεστι.
1504 1446 1613 1498 Καὶ
1635 1448 1743 1518 γὰρ

172 1513 401 1586 βραχίων
432 1520 515 1572 σοί
545 1523 659 1575 ἐστι
696 1525 867 1594 μέγας
909 1529 1002 1582 καὶ
1029 1513 1316 1587 δυναστεία
1348 1536 1439 1587 καὶ
1469 1536 1609 1608 ἀρχὴ

158 1606 397 1672 πάντων,
422 1617 877 1689 κεκραταιωμένη
898 1637 957 1673 τε
978 1623 1097 1692 χεὶρ
1120 1624 1215 1676 καὶ
1237 1606 1543 1698 ὑψηλοτάτη
1567 1606 1739 1695 δεξιὰ,

172 1697 265 1750 ὅτε
298 1698 488 1771 θρόνος
515 1705 616 1775 τῆς
651 1708 750 1779 σῆς
780 1709 1076 1779 βασιλείας,
1094 1714 1282 1787 ὥσπερ
1310 1720 1358 1771 οἱ
1383 1719 1490 1771 τῶν
1523 1697 1613 1774 ἐπὶ
1637 1723 1740 1793 γῆς

1853 531 1990 583 ritas
2010 533 2300 598 precedent
2323 534 2511 602 faciem
2532 547 2698 596 tuam.
2727 540 2849 596 Haec
2880 542 3007 599 item
3044 546 3111 601 ad
3150 548 3421 621 Unigeniti

1857 618 1949 673 Dei
1978 621 2204 690 gloriam
2227 624 2609 682 celebrandam
2657 641 2992 701 usurpentur
3020 654 3032 690 :
3070 653 3191 708 qua:
3227 618 3420 711 Aquila

1854 710 2058 767 clarius
2113 712 2499 785 interpretatur
2540 719 2643 773 hoc
2689 732 2848 791 pacto
2882 743 2899 779 ε
2932 726 3099 781 Tuum
3149 710 3420 787 brachium

1853 815 1971 852 cum
2014 806 2246 869 potentia
2277 823 2295 860 :
2336 807 2529 861 invicta
2569 826 2757 865 manus
2812 823 2923 878 tua,
2955 818 3159 872 excelsa
3202 820 3420 879 dextera

1853 897 1981 943 tua:
2006 891 2219 959 justitia
2247 904 2295 947 et
2321 895 2583 964 judicium
2607 898 2748 955 basis
2776 904 2950 957 throni
2981 909 3076 960 tui.
3102 906 3418 982 Opportune

1852 988 2028 1034 autem
2058 980 2271 1039 divinas
2301 986 2464 1042 hasce
2500 989 2750 1055 virtutes,
2780 994 2847 1048 de
2882 994 2989 1049 Deo
3030 980 3275 1068 loquens,
3304 1020 3417 1060 me-

1850 1074 2101 1142 moravit,
2133 1077 2204 1131 ob
2231 1080 2499 1146 promissa
2528 1080 2621 1136 Dei
2654 1081 2842 1139 Davidi
2870 1086 3031 1141 facta.
3064 1088 3296 1158 Etenim,
3334 1096 3417 1151 in-

1847 1164 1985 1232 quit,
2016 1167 2151 1220 nihil
2194 1170 2460 1225 voluntati
2504 1173 2735 1229 obsistet
2775 1184 2880 1231 tuae
2913 1198 2926 1233 :
2962 1196 3084 1233 cum
3139 1184 3417 1243 voluntate

1847 1261 2045 1330 quippe
2088 1262 2206 1324 tibi,
2247 1273 2429 1334 utpote
2465 1264 2575 1321 Deo
2625 1277 2681 1321 et
2721 1268 2943 1325 domino
2998 1274 3371 1332 universorum
3395 1320 3412 1343 ,

1846 1352 1999 1407 adest
2032 1362 2295 1422 potestas.
2330 1356 2465 1411 Nam
2506 1375 2760 1431 magnum
2786 1363 2884 1417 tibi
2910 1364 3191 1422 brachium
3225 1378 3328 1436 est,
3360 1380 3415 1426 et

1846 1451 2089 1513 potestas
2118 1455 2171 1500 et
2198 1446 2485 1518 imperium
2512 1451 2564 1504 in
2596 1452 2797 1519 omnia,
2834 1469 3028 1511 manus
3065 1459 3298 1525 ﬁrmata,
3324 1478 3414 1517 ex-

1843 1534 2235 1592 cellentissima
2292 1539 2553 1595 dextera:
2592 1543 2931 1616 tbi-onusque
2987 1551 3136 1619 regni
3186 1553 3305 1619 tui,
3353 1562 3413 1608 ut

1844 1624 2024 1679 throni
2079 1629 2423 1696 regnantium
2472 1630 2525 1684 in
2579 1639 2728 1687 terra
2781 1650 2844 1689 ex
2895 1638 3130 1705 pretiosa
3184 1643 3411 1697 materia

1842 1715 2077 1772 confecti
2108 1728 2259 1787 sunt,
2284 1722 2358 1775 ita
2384 1729 2437 1776 et
2468 1724 2581 1793 ipse
2604 1741 2667 1779 ex
2693 1727 2760 1782 iis
2784 1743 2904 1797 quer
2933 1736 2984 1784 te
3020 1729 3187 1785 Deum
3216 1733 3409 1788 decent

175 1787 561 1891 βασιλεύόντων
588 1796 764 1868 θρόνοι
799 1801 859 1867 ἐξ
887 1802 1019 1874 ὕλης
1050 1807 1237 1877 τιμίας
1267 1811 1610 1881 πεποίηνται,

1839 1811 2203 1865 concinnatus
2233 1820 2335 1867 est.
2370 1813 2575 1870 Divitiae
2627 1818 2807 1888 itaque
2844 1820 3322 1891 virtutes,justitia
3355 1835 3409 1881 et

166 1882 315 1946 αὐτὸς
340 1878 495 1948 οὗτος
524 1888 588 1940 ἐκ
614 1890 723 1943 τῶν
754 1896 1069 1964 πρεπόντων
1101 1916 1181 1951 σοι
1204 1899 1281 1970 τῷ
1303 1900 1421 1972 Θεῷ
1443 1906 1735 1957 κατεσκεύ-

163 1986 335 2025 ασται.
381 1976 594 2046 Ἀρεταὶ
623 1981 752 2048 γοῦν
779 1983 1121 2057 θεοπρεπείς,
1151 1989 1461 2063 δικαιοσύνη
1498 1995 1591 2047 καὶ⁵
1613 1999 1734 2067 κρῖ-

148 2079 253 2131 μα,
293 2065 383 2118 τὸν
424 2068 515 2122 σὸν
556 2076 961 2145 κατακοσμοῢσι
999 2078 1203 2151 Θρόνον.
1240 2082 1436 2154 Διόπερ
1466 2084 1731 2140 τοσούτων

159 2154 322 2208 θύσῶν
353 2161 508 2230 παρὰ
540 2164 621 2216 σοὶ
648 2165 726 2236 τῷ
758 2167 876 2237 Θεῷ
895 2169 1194 2241 δυνάμεων,
1218 2174 1436 2243 ὁμαλῶς
1465 2178 1558 2229 καὶ
1584 2178 1730 2230 ἀκω-

158 2244 318 2312 λύτως
357 2251 389 2320 ὴ
440 2253 670 2324 ἀλήθεια
719 2258 827 2312 τῶν
879 2261 988 2313 σῶν
1029 2264 1369 2332 ἐπαγγελιῶν
1415 2268 1726 2339 προτρέχει,

150 2336 374 2409 μηδενὸς
408 2346 801 2414 παραποδίζειν
828 2349 1124 2422 δυναμένου
1150 2355 1247 2420 τὰς
1276 2356 1373 2421 σὰς
1402 2336 1724 2428 ἀποφάσεις,

157 2429 219 2494 ἃς
245 2431 465 2504 ὤμοσας
491 2437 568 2507 τῷ
593 2440 755 2492 Δαυῖδ
780 2442 916 2513 ἐλέῳ
949 2446 1043 2498 καὶ
1074 2448 1254 2518 χάριτι
1288 2449 1384 2513 τὰς
1414 2451 1726 2519 ἐκτεθείσας

153 2520 476 2591 ἐπαγγελίας
526 2528 663 2598 πρὸς
696 2531 858 2584 αὑτὸν
892 2538 1276 2607 πεποιημένος.
1331 2540 1476 2594 Ἀντὶ
1518 2541 1574 2593 δὲ
1607 2542 1722 2605 τοῦ,

146 2612 501 2684 Δικαιοσύνη
530 2618 627 2671 καί
663 2620 838 2689 κρῖμα
869 2623 1181 2694 ἐτοιμασία
1208 2629 1313 2683 τοῦ
1341 2632 1557 2698 θρόνου
1576 2650 1721 2696 σου,

144 2704 279 2757 κατὰ
312 2704 403 2759 τὸν
454 2708 704 2774 Ἀκύλαν,
730 2716 1087 2785 Δικαιοσύνη
1113 2720 1212 2773 καὶ
1246 2722 1423 2790 κρῖμα
1455 2724 1521 2776 τὸ
1551 2725 1721 2793 ἕδρα-

146 2805 261 2861 σμα
283 2796 385 2851 τοῦ
415 2801 636 2866 θρόνου
662 2805 868 2870 αὐτοῦ,
895 2808 1131 2879 εἴρηται·
1160 2814 1187 2864 ὁ
1211 2812 1267 2864 δὲ
1292 2813 1582 2885 Σύμμαχος
1607 2815 1723 2885 τὴν

140 2884 320 2947 ,ϐάσιν
348 2890 521 2962 αὐτὴν
553 2889 695 2948 εἷναί
722 2914 854 2969 φησι
884 2899 983 2971 τὴν
1013 2901 1358 2977 δικαιοσύνην
1392 2908 1485 2960 καὶ
1510 2909 1572 2961 τὸ
1604 2911 1722 2981 κρῖ-

148 2990 232 3068 μα.
273 2977 384 3048 Τῆς
407 2998 475 3049 γε
512 2983 617 3054 μὴν
649 2985 993 3061 δικαιοσύνης
1025 2994 1119 3046 καὶ
1155 2993 1248 3047 τοῦ
1289 2996 1554 3067 κρίματος
1582 2977 1718 3068 μετὰ

143 3062 478 3141 δικαιοσύνης
500 3075 887 3149 ἐκφερομένου,
924 3084 1215 3155 προτρέχει
1240 3062 1505 3150 ἕλεος-καὶ
1527 3090 1559 3159 ἡ
1582 3062 1719 3159 αλή-

1832 1898 2104 1966 judicium
2131 1940 2147 1965 ,
2177 1902 2432 1957 thronum
2467 1916 2733 1960 exornant
2768 1917 2940 1963 tuum.
2967 1908 3307 1980 Quapmpter
3329 1952 3342 1973 ,
3373 1927 3408 1965 ο

1837 1989 2002 2053 Deus,
2038 2006 2162 2046 cum
2194 2000 2275 2045 tot
2307 2003 2580 2065 tantaeque
2628 2012 2794 2066 penes
2839 2005 2891 2052 te
2930 2006 3225 2067 potestates
3259 2001 3404 2065 sint,

1831 2080 2033 2135 veritas
2055 2083 2214 2150 plana
2239 2084 2326 2136 via
2371 2092 2425 2138 et
2474 2085 2593 2140 sine
2626 2086 2781 2142 obice
2810 2090 3266 2158 promissionihus
3296 2089 3407 2145 tuis

1828 2172 2161 2238 praecurrit:
2217 2188 2339 2227 cum
2401 2190 2561 2229 nemo
2622 2178 2795 2245 possit
2859 2178 3125 2235 obsistere
3169 2180 3405 2236 decretis

1830 2261 1958 2325 tuis,
1989 2262 2188 2331 quibus
2220 2263 2418 2332 iurasti
2448 2264 2663 2331 Davidi,
2687 2281 2753 2321 ex
2792 2269 3165 2325 misericordia
3195 2280 3248 2325 et
3270 2286 3395 2341 gra-

1825 2353 1904 2406 tia
1946 2362 2036 2407 tua
2084 2354 2196 2423 jam
2228 2365 2558 2412 memoratas
2591 2357 2760 2415 edens
2805 2360 3246 2431 pollicitationes.
3295 2359 3402 2417 Pro

1828 2446 1922 2499 illo
1950 2456 2155 2512 autem,
2188 2448 2417 2503 Justitia
2462 2461 2511 2505 et
2534 2450 2804 2520 judicium
2858 2457 3178 2523 prteparatio
3229 2454 3401 2509 throni

1828 2538 1936 2601 tui;
1966 2538 2267 2593 secundum
2313 2540 2566 2611 Aquilam
2593 2581 2609 2602 ,
2642 2542 2863 2598 Iustitia
2900 2556 2949 2598 et
2978 2545 3244 2614 judicium
3276 2546 3401 2615 fun-

1825 2628 2126 2682 damentum
2160 2629 2335 2685 throni
2384 2633 2497 2702 ejus
2523 2673 2537 2699 ,
2585 2633 2821 2703 dicitur;
2880 2636 3237 2708 Symmachus
3270 2653 3397 2693 vero

1825 2720 1976 2774 basin
2004 2722 2139 2778 dixit
2165 2724 2571 2793 essejustitiam
2616 2736 2670 2781 et
2712 2729 3003 2796 judicium.
3038 2729 3273 2785 Iustitiae
3303 2745 3399 2783 au-

1821 2820 1930 2868 tem
1962 2823 2016 2869 et
2037 2815 2270 2884 judicio,
2303 2817 2448 2887 quod
2477 2834 2600 2872 cum
2633 2819 2842 2888 justitia
2868 2821 3091 2876 eﬁ‘ertur
3112 2862 3128 2887 ,
3163 2837 3397 2892 przecur-

1820 2906 1892 2959 rit
1940 2908 2314 2963 misericordia
2342 2918 2395 2965 et
2441 2910 2663 2967 veritas.
2694 2911 2969 2967 Justitiam
3001 2914 3143 2968 enim
3181 2914 3397 2967 miseri-

1819 2998 2005 3052 cordia
2039 3005 2372 3069 temperans,
2403 3001 2649 3056 mitiores
2675 3010 2868 3058 contra
2889 3020 2985 3060 eos
3008 3005 3099 3074 qui
3136 3020 3394 3074 peccave-

1820 3100 1947 3144 runt
1975 3091 2180 3159 profert
2210 3094 2708 3152 comminationes:
2758 3110 2884 3150 nam
2935 3097 3074 3152 alias
3118 3096 3391 3166 justitiam

143 3156 270 3214 θεια.
302 3161 391 3233 Τῷ
425 3165 558 3232 γοῦν
581 3168 717 3239 ἐλέῳ
748 3170 845 3242 τὴν
875 3173 1221 3247 δικαιοσύνην
1244 3156 1561 3250 ἀνακιρνὰς,
1584 3156 1716 3251 πρα-

1825 3181 1940 3252 ejus
1971 3198 2078 3237 non
2107 3192 2461 3253 temperatam
2484 3186 2669 3242 nullus
2692 3187 2971 3243 hominum
3006 3188 3325 3243 sustineret.

138 3254 333 3327 orépag!
351 3264 584 3316 ποιεῖται
611 3264 708 3328 τὰς
731 3268 876 3321 κατὰ
905 3269 1010 3323 τῶν
1034 3272 1431 3343 ἡμαρτηκότων
1456 3276 1702 3340 ἀπειλάς·
1745 3276 1916 3342 ἄλλως
1940 3278 2047 3349 γὰρ
2070 3279 2303 3349 ἄκρατον
2341 3280 2505 3332 αὑτοῦ
2531 3281 2629 3353 τὴν
2685 3282 3030 3356 δικαιοσύνην
3093 3284 3192 3337 οὐκ
3215 3284 3279 3337 ἄν
3306 3299 3391 3345 τις

139 3349 427 3422 ἀνθρώπων
460 3356 802 3427 ὑπομείνειεν

198 3469 501 3539 Μακάριος
533 3475 565 3526 ό
597 3474 747 3541 λαὸς
777 3478 810 3529 ό
843 3477 1152 3547 γινώσκων
1184 3481 1556 3552 ἀλαλαγμόν.
1590 3486 1706 3539 Κύ-

130 3576 233 3626 ριε,
266 3563 335 3615 ὲν
359 3562 445 3629 τῷ
475 3566 622 3633 φωτὶ
650 3567 757 3621 τοῦ
784 3569 1109 3636 προσώπου
1135 3589 1252 3627 σου
1283 3578 1701 3643 πορεύσονται,

135 3650 223 3704 καί
257 3652 326 3706 ἐν
354 3653 438 3720 τῷ
476 3656 721 3725 ὀνόματί
752 3673 868 3713 σου
910 3662 1380 3730 ἀγαλλιάσονται
1412 3667 1565 3736 ὅλην
1591 3669 1705 3737 τὴν

132 3739 367 3809 ἡμέραν,
408 3745 509 3798 καὶ
533 3746 603 3799 ἑν
629 3748 703 3817 τῇ
730 3750 1084 3822 δικαιοσύνῃ
1111 3771 1227 3809 σου
1254 3758 1698 3825 ὐψωθήσονται.

136 3832 243 3886 Ὅτι
263 3838 547 3908 καύχημα
575 3841 685 3910 τῆς
714 3842 1022 3914 δυνάμεως
1054 3846 1253 3901 αὐτῶν
1284 3850 1365 3902 σὺ
1394 3847 1465 3914 εἷ,
1506 3853 1602 3906 καὶ
1628 3855 1697 3906 ἐν

130 3923 199 3994 τῇ
219 3929 467 3998 εὐδοκία
499 3948 616 3987 σου
648 3936 1033 4004 ὑψωθήσεται
1054 3939 1121 3993 τὸ
1155 3941 1332 4009 κέρας
1355 3943 1542 4013 ἡμῶν.
1574 3948 1694 4000 Ὅτι

130 4017 226 4070 τοῦ
267 4022 490 4090 Κυρίου
535 4025 573 4091 ἡ
620 4026 943 4096 ἀντίληψις
993 4030 1181 4100 ἡμῶν,
1229 4033 1325 4085 καὶ
1368 4035 1473 4088 τοῦ
1521 4036 1692 4106 ἁγίου

140 4107 367 4181 Ἰσραὴλ
394 4114 702 4182 ,βασιλέως
727 4118 914 4187 ἡμῶν.
946 4122 1054 4193 Νοή
1064 4140 1176 4187 σεις
1196 4141 1255 4176 τε
1286 4124 1378 4178 καὶ
1405 4125 1579 4190 ἄλλως
1601 4128 1690 4180 τὸν

1888 3477 2053 3534 Vens.
2088 3478 2275 3534 16-19.
2300 3479 2494 3534 Beatus
2524 3481 2746 3536 venulus
2765 3483 2854 3536 aui
2871 3493 2969 3537 scit
2990 3485 3381 3555 jubilalionem.

1814 3570 2037 3625 Domine
2066 3572 2121 3625 in
2147 3571 2343 3625 lumine
2359 3571 2529 3626 vultus
2549 3573 2625 3625 tui
2659 3573 3022 3640 ambulabunt,
3037 3588 3085 3630 et
3103 3580 3155 3632 in
3178 3584 3385 3638 nomine

1813 3673 1900 3717 tuo
1912 3662 2248 3717 exsultabant
2267 3671 2375 3717 tota
2386 3663 2543 3727 die,et
2556 3665 2612 3717 in
2623 3665 2838 3733 justitia
2874 3677 2963 3721 tua
2985 3671 3380 3730 exaltabuntur.

1812 3755 2077 3822 Quoniam
2103 3754 2275 3824 gloria
2307 3755 2514 3809 virtutis
2552 3772 2733 3809 eorum
2764 3765 2819 3808 tu
2857 3774 2933 3820 es,
2974 3768 3023 3811 et
3054 3760 3108 3811 in
3139 3760 3383 3829 bcnepla-

1801 3848 1906 3899 cito
1944 3857 2033 3898 tuo
2057 3845 2383 3898 exaltabitur
2407 3862 2569 3898 cornu
2603 3856 2863 3901 nostrum.
2892 3848 3033 3913 Quia
3058 3849 3272 3906 Domini
3302 3863 3384 3909 est

1800 3937 2090 4004 assumptio
2123 3944 2326 4000 nostra,
2354 3946 2403 3990 et
2428 3938 2599 3990 sancti
2630 3936 2803 3992 Israel
2841 3940 2975 4009 regis
3008 3944 3193 3996 nostri.
3220 3942 3368 3999 Jubi-

1800 4028 2014 4083 lationis
2043 4027 2259 4080 modum
2288 4027 2394 4080 alia
2428 4028 2636 4083 ratione
2678 4029 2948 4101 intelligas
2972 4072 2985 4093 ,
3016 4048 3081 4087 ex
3129 4034 3361 4091 militum

1799 4118 1854 4172 in
1884 4126 2126 4189 tempore
2155 4120 2278 4175 belli
2297 4119 2640 4190 jubilatione,
2663 4129 2722 4175 ut
2752 4122 2939 4178 hostes
2979 4125 3184 4194 majore
3218 4127 3365 4182 edito

130 4200 435 4276 ἀλαλαγμὸν
456 4206 564 4260 ἀπὸ
586 4208 696 4262 τῶν
730 4211 870 4264 κατὰ
901 4214 1025 4277 τοὺς
1056 4215 1284 4285 καιροὺς
1312 4215 1419 4268 τῶν
1451 4216 1702 4288 πολέμων

1825 4210 2061 4275 :lamore,
2087 4210 2380 4281 additaque
2407 4212 2751 4282 symphonia,
2784 4215 3252 4284 perterrefaeiant.
3290 4218 3375 4271 Di-

126 4290 488 4358 ἀλαλαζόντων
511 4302 855 4372 στρατιωτῶν
882 4305 977 4357 καὶ
1004 4306 1165 4373 φόϐον
1198 4309 1568 4379 ἐμποιούντων
1590 4314 1701 4375 τοῖς

1825 4304 1965 4357 riuus
1994 4311 2173 4357 autem
2207 4303 2501 4373 Apostolus
2547 4305 2686 4359 tales
2740 4320 2863 4361 esse
2911 4308 3070 4361 docet
3099 4308 3374 4364 orationes

126 4382 327 4455 ἐχθροῖς
358 4388 447 4443 διὰ
477 4391 579 4462 τῆς
613 4393 854 4464 μείζονος
886 4395 1014 4465 βοῆς
1048 4399 1143 4451 καὶ
1182 4399 1283 4468 τῆς
1324 4400 1465 4454 κατὰ
1495 4402 1699 4473 ταύτην

1825 4410 1857 4449 n
1892 4394 2097 4464 Spiritu
2127 4403 2339 4459 sancto,
2374 4410 2474 4450 nec
2498 4395 2605 4449 alta
2634 4412 2787 4460 voce,
2820 4398 2914 4453 sed
2946 4400 3000 4453 in
3035 4399 3231 4453 virtute
3255 4400 3373 4469 Spi-

129 4476 452 4541 συμφωνίας.
474 4478 530 4531 '0
558 4480 613 4532 δὲ
646 4480 787 4545 Θεῖος
804 4484 1128 4549 Ἀπόστολος
1153 4487 1249 4551 τὰς
1275 4490 1332 4541 ἐν
1360 4491 1499 4562 ἁγίῳ
1531 4492 1699 4545 Πνεύ-

1825 4489 1937 4543 itus
1963 4489 2214 4551 emissas,
2248 4502 2372 4543 cum
2402 4487 2518 4543 ait:
2567 4488 2688 4559 Ipse
2737 4490 2966 4553 Spiritus
3000 4492 3237 4559 postulat
3271 4508 3369 4560 pro

128 4577 245 4627 ματι
275 4567 461 4636 εὐχὰς,
503 4570 602 4634 τὰς
642 4572 717 4645 μὴ
757 4573 845 4627 διὰ
881 4577 1125 4644 γεγωνοῦ
1158 4578 1307 4650 βοῆς,
1343 4580 1478 4635 ἀλλὰ
1513 4585 1569 4636 ἐν
1601 4585 1692 4637 δυ-

1825 4580 1968 4643 Iobis,
1996 4580 2272 4650 gemitibus
2294 4581 2738 4636 inenarrabilibus
2760 4584 2825 4635 ³³.
2856 4582 3027 4636 Tanta
3047 4599 3207 4653 porro
3234 4592 3369 4638 tam-

339 4629 371 4636 --
421 4629 453 4631 -7
582 4629 597 4634 -
642 4629 654 4642 .
700 4629 716 4645 ,
893 4629 904 4643 ,
961 4629 972 4644 ,
1107 4629 1307 4650 πήρη,
1346 4629 1478 4635 κη
1514 4629 1563 4636 -,
1604 4629 1657 4637 --

125 4650 274 4720 νάμει
302 4655 615 4728 Πνεύματος
649 4662 1130 4735 ἀναπεμπομένας,
1171 4669 1425 4734 τοιαύτας
1458 4668 1595 4726 εἶναι
1618 4674 1694 4727 δι-

1996 4629 2269 4650 απωη-
2296 4629 2737 4636 ------η-.κ----,π-
2813 4629 2824 4635 -
2866 4629 3027 4636 η----
3047 4629 3204 4653 rcus
3237 4629 3344 4638 --.η

1825 4688 1901 4741 lue
1922 4688 2046 4727 rara
2072 4685 2155 4730 est
2180 4676 2433 4744 jubilatio
2470 4678 2584 4739 illa,
2606 4676 2806 4747 passim
2831 4691 2860 4729 a
2891 4675 3090 4730 divinis
3118 4673 3366 4747 Scriptu-

122 4737 303 4795 δάσκει
345 4746 540 4815 λέγων’
580 4751 734 4805 Αὐτὸ
781 4753 845 4806 τὸ
889 4754 1135 4826 Πνεῦμα
1191 4761 1690 4832 ὑπερεντυγχάνει

1825 4737 1865 4819 is
1914 4777 2247 4831 memorata,
2295 4779 2356 4822 ut
2385 4768 2579 4824 beatus
2635 4767 2961 4838 praedicetur
3009 4766 3102 4837 qui
3161 4783 3363 4837 gnarus

122 4831 262 4900 ὑπὲρ
286 4835 454 4904 ἡμῶν
472 4843 830 4911 στεναγμοῖς
852 4845 1200 4916 ἀλαλήτοις.
1227 4849 1384 4905 Οὕτω
1423 4852 1480 4905 δὲ
1515 4831 1689 4923 μέγας

1828 4855 1932 4911 lius
1963 4864 2067 4920 est,
2097 4858 2325 4927 perinde
2355 4870 2516 4930 atque
2544 4859 2635 4913 alii
2662 4874 2728 4914 ex
2758 4859 3034 4929 praeclaris
3060 4860 3361 4914 secundum

120 4920 192 4983 τίς
223 4924 335 4978 ἐστι
364 4928 457 4980 καὶ
492 4929 716 4993 σπάνιος
746 4935 774 4985 ὁ
798 4934 1055 5000 πολλάκις
1082 4938 1186 4991 ὑπὸ
1216 4939 1324 4993 τῶν
1350 4920 1526 4995 θείων
1544 4920 1685 5014 Γρα-

1825 4963 1951 5002 eum
1978 4950 2145 5019 gestis
2170 4950 2311 5005 beati
2333 4952 2611 5007 dicuntur.
2642 4952 2765 5006 Ideo
2791 4952 2877 5006 hic
2902 4952 3136 5007 dicitur:
3163 4953 3361 5007 Beatus

121 5016 225 5081 φῶν
260 5020 654 5094 ὀνομαζόμενος
688 5026 1021 5097 ἀλαλαγμὸς,
1064 5032 1139 5095 ὠς
1166 5034 1564 5106 μακαρίζεσθαι
1595 5037 1680 5091 τὸν

118 5106 445 5182 ἐπιστήμονα
473 5116 685 5183 τούτου,
720 5119 922 5190 ὁμοίως
953 5124 1066 5186 τοῖς
1105 5125 1563 5197 μακαριζομένοις
1587 5129 1680 5182 ἐπὶ

114 5204 217 5265 τοῖς
247 5204 425 5273 ἄλλοις
450 5211 591 5265 κατὰ
622 5211 752 5266 Θεὸν
782 5212 1189 5285 κατορθώμασι.
1224 5219 1317 5270 Διὸ
1340 5217 1574 5272 ἐνταῦθα
1596 5219 1682 5272 λέ-

114 5288 309 5347 λεκται·
334 5300 635 5369 Μακάριος
666 5305 698 5357 ό
724 5303 876 5370 λαὸς
910 5308 943 5358 ό
971 5304 1280 5375 γινώσκων
1305 5308 1676 5378 ἀλαλαγμόν.

125 5381 205 5435 Ἐν
234 5387 441 5459 ἑτέροις
466 5392 523 5444 δὲ
557 5395 586 5446 ὁ
628 5393 769 5457 θεῖος
811 5394 966 5463 λόγος
1000 5396 1189 5450 θυσίαν
1220 5396 1355 5452 εἶναι
1386 5402 1476 5454 τὸν
1503 5402 1678 5456 τοιοῦ-

113 5487 195 5525 τον
247 5477 557 5552 ἀλαλαγμὸν
606 5484 846 5540 διδάσκει
899 5487 1071 5557 λέγων
1098 5505 1111 5518 ·
1175 5489 1519 5546 Ἑκύκλωσα
1578 5495 1676 5549 καὶ

113 5563 290 5623 ἔθυσα
325 5572 396 5625 ἐν
444 5574 517 5644 τῇ
566 5577 767 5647 σκηνῇ
809 5580 996 5633 αὐτοῦ
1044 5582 1264 5637 θυσίαν
1302 5585 1677 5657 ἀλαλαγμοῦ.

208 5720 249 5751 ³¹
286 5720 441 5777 Rom.
479 5742 606 5794 \‘lll,
636 5728 727 5785 26.
806 5732 849 5765 ³³
889 5732 1033 5791 Psal.
1074 5750 1236 5801 xxvr,
1273 5736 1326 5803 6,

1777 5040 1998 5107 populus
2026 5042 2117 5110 qui
2138 5043 2235 5096 scit
2255 5043 2645 5111 jubilationem.
2675 5044 2813 5098 Alibi
2839 5058 2969 5097 vero
3000 5043 3214 5099 divinus
3246 5060 3363 5099 ser-

1786 5147 1876 5186 mo
1905 5132 2218 5201 hujusmodi
2249 5134 2630 5203 jubilationem
2663 5136 2897 5191 hostiam
2938 5150 3060 5190 esse
3085 5135 3242 5190 docet
3274 5136 3359 5190 his

1780 5222 2003 5278 verbis:
2045 5222 2279 5279 Circuivi
2335 5235 2385 5279 et
2435 5227 2705 5281 immolavi
2759 5228 2811 5280 in
2855 5225 3193 5281 tabernaculo
3241 5227 3357 5294 ejus

1780 5312 2011 5367 hostiam
2037 5314 2373 5384 jubitationis
2405 5316 2468 5371 ³³.
2517 5316 2615 5370 Hic
2644 5331 2805 5386 porro
2830 5316 3043 5371 videtur
3064 5316 3193 5369 mihi
3229 5315 3356 5386 Spi~

1779 5406 1919 5462 ritus
1949 5417 2174 5462 sanctus
2215 5407 2475 5477 populum
2505 5407 2710 5464 Christi
2752 5415 2939 5478 aperte
2972 5409 3187 5463 beatum
3217 5422 3355 5477 prm-

1779 5497 1964 5569 dicare
1992 5518 2005 5553 :
2037 5500 2153 5569 ipse
2174 5514 2410 5569 namque
2438 5516 2561 5555 cum
2588 5500 2643 5553 in
2673 5501 2919 5554 notitiam
2948 5499 3156 5555 venerit
3176 5501 3351 5554 victo-

1777 5589 1872 5644 riae
1902 5605 1932 5645 a
1966 5588 2250 5645 Salvatore
2277 5600 2469 5646 nostro
2493 5592 2560 5647 de
2583 5591 2819 5648 inimicis
2842 5598 3042 5663 parte,
3087 5591 3368 5667 adversus.
