3830 6288
325 418 460 477 l073

967 420 1240 479 EUSEBII
1285 418 1771 476 ΟιΕὸΑΒΙΕΝΞὶΞ
1805 417 1956 474 ΟΡΡ.

2003 417 2186 473 PARS
2221 419 2306 474 Ill.
2349 447 2416 459 -—
2458 417 2861 481 EXECETICA.
3453 421 3598 477 ωτι

319 541 478 601 mine,
512 538 705 604 David,
761 550 812 594 et
861 541 1032 594 omnis
1089 540 1510 595 mansuetudinis
1567 541 1680 609 ejus
1718 541 1897 593 :sicnt

2006 538 2298 611 πεποίηται
2324 539 2422 611 τὴν
2452 540 2579 610 περὶ
2603 538 2698 592 τοῦ
2727 539 3036 610 σπέρματος
3065 539 3230 592 αὑτοῦ
3258 541 3603 610 ἐπαγγελίαν

316 631 516 700 iuravit
568 630 817 694 Domino,
856 633 989 687 vovit
1048 632 1158 687 Deo
1195 631 1362 686 Jacob
1392 647 1409 685 :
1443 632 1503 687 Si
1538 631 1796 685 introiere
1848 631 1901 683 in

319 725 722 780 tabernaculum
770 726 959 781 domus
1015 743 1164 786 meae.
1196 727 1242 780 si
1287 726 1570 780 ascendere
1623 725 1677 778 in
1710 724 1902 778 lectum

319 820 479 874 strati
525 821 626 872 mei
653 835 670 871 :
698 822 745 873 si
778 819 970 874 dedero
1003 835 1246 874 somnum
1273 819 1441 874 oculis
1474 821 1624 882 meis,
1655 829 1704 874 et
1724 820 1902 888 palpe-

321 911 428 965 bris
485 914 614 968 meis
667 912 1135 973 dormitationem,
1184 910 1348 965 donec
1405 913 1667 966 inveniam
1730 912 1903 966 locum

319 1003 570 1070 Domino,
608 1006 1007 1060 tabernaculum
1057 1005 1163 1058 Deo
1205 1003 1394 1058 Iacob.
1430 1003 1615 1058 Davidi
1654 1004 1768 1060 inec
1804 1023 1902 1060 v0-

318 1091 468 1144 venti
497 1099 552 1145 et
576 1093 879 1160 pollicenti,
905 1108 968 1147 ac
1021 1093 1106 1146 his
1155 1092 1222 1147 de
1255 1093 1420 1148 rebus
1455 1093 1684 1164 juranti,
1714 1109 1900 1164 parem

321 1179 464 1236 Deus
489 1183 664 1238 vicem
695 1184 1180 1253 reddens,juravit
1213 1191 1267 1237 et
1307 1184 1445 1253 ipse,
1479 1195 1535 1239 et
1580 1201 1679 1266 pro
1711 1185 1899 1257 singu-

319 1272 387 1326 lis
435 1275 930 1342 pollicitationibus
969 1276 1219 1343 singulas
1278 1277 1485 1340 retulit,
1524 1277 1900 1345 juramentum

312 1362 628 1431 iuramento
677 1365 948 1434 pensavit.
987 1365 1333 1436 Quapropter
1382 1366 1437 1420 in
1489 1367 1680 1424 eodem
1715 1383 1900 1432 cxxxt,

317 1456 374 1510 in
423 1473 533 1527 quo
575 1458 778 1513 dicitur
811 1459 1030 1529 jurasse
1078 1460 1360 1524 Davidem,
1400 1460 1598 1517 deinde
1647 1461 1903 1532 adjicitur

317 1544 557 1616 Spiritus
577 1549 751 1602 san-cli
781 1550 1182 1614 testimonium,
1214 1550 1358 1620 quod
1385 1550 1465 1605 sic
1501 1550 1698 1604 habet:
1737 1549 1902 1604 Jura-

315 1637 388 1690 vit
430 1637 692 1694 Dominus
742 1641 917 1696 David
954 1644 1248 1707 veritatem,
1293 1652 1342 1697 et
1395 1660 1500 1697 non
1551 1643 1903 1712 frustrabitur

314 1745 433 1782 eum
470 1746 488 1782 :
517 1730 596 1784 De
634 1732 813 1800 [ructu
865 1736 1062 1790 ventris
1099 1737 1177 1789 tui
1224 1752 1420 1804 ponam
1468 1752 1625 1805 super
1656 1735 1900 1789 thronum

315 1831 482 1873 tuum.
517 1819 675 1875 Prior
703 1822 886 1894 itaque
919 1823 1088 1880 David
1113 1827 1356 1895 juravit;
1381 1827 1580 1882 deinde
1608 1827 1780 1882 vicem
1810 1843 1899 1882 το-

2003 632 2031 682 6
2062 630 2212 692 Θεὸς,
2249 628 2390 682 δοκῶ
2437 645 2527 698 μοι
2559 626 2761 698 ταύτην
2800 626 3112 707 εὑρηκέναι,
3145 627 3470 681 καταλαϐὼν
3502 626 3606 679 καὶ

2004 723 2164 776 αὑτὸν
2200 722 2291 775 τὸν
2330 721 2491 776 Δαυῒδ
2522 722 2669 792 ὅρκῳ
2696 723 3032 792 κεχρημένον
3058 719 3163 790 πρὸ
3193 720 3290 790 τῆς
3323 720 3462 791 πρὸς
3493 718 3604 771 αὺ-

2003 813 2092 867 τὸν
2117 813 2449 881 ἐπαγγελίας
2475 811 2570 866 τοῦ
2600 810 2754 864 Θεοῦ.
2775 811 3151 881 Ὀμωμοκέναι
3173 810 3228 863 δὲ
3256 810 3412 864 αὑτὸν
3447 810 3608 862 sese.

2006 925 2124 960 σκει
2151 907 2210 959 τὸ
2245 906 2384 960 θεῖον
2411 905 2640 976 Πνεῦμα
2675 907 2734 956 ὲν
2757 902 2870 974 ρλα⁹
2893 903 3050 972 λέγον
3069 919 3080 930 ·
3109 903 3445 969 Μνήσθητε,
3480 904 3611 955 Κύ-

1995 1017 2109 1068 ριε,
2137 999 2245 1053 τοῦ
2279 998 2479 1064 Δαυῒδ,
2509 997 2608 1052 καὶ
2630 997 2832 1064 πάσης
2856 996 2967 1064 τῆς
2991 996 3322 1063 πραΰτητος
3355 994 3568 1049 αὑτοῦ
3593 1010 3607 1023 ·

2003 1093 2083 1158 ὡς
2121 1091 2318 1161 ὤμοσε
2361 1089 2441 1156 τῷ
2480 1091 2694 1158 Κυρίῳ,
2720 1088 2946 1157 ηὔξατο
2973 1085 3054 1152 τῷ
3086 1086 3206 1152 Θεῷ
3241 1088 3446 1141 Ἰακώϐ
3469 1103 3486 1116 ·
3535 1088 3611 1140 Ei

2003 1184 2425 1251 εἰσελεύσομαι
2454 1183 2539 1248 εὶς
2567 1179 2860 1250 σκήνωμα
2889 1179 3061 1234 οἴκου
3098 1197 3237 1248 μου,
3265 1182 3317 1233 ει
3364 1178 3616 1242 ἀναϐή-

2003 1293 2184 1345 σομαι
2210 1274 2310 1328 ἐπὶ
2341 1275 2558 1340 κλίνης
2586 1271 2904 1342 στρωμνῆς
2931 1289 3051 1341 μου
3075 1286 3089 1301 ·
3115 1274 3168 1324 εὶ
3193 1270 3358 1325 δώσω
3385 1271 3617 1324 ὕπνον

2004 1369 2125 1435 τοῖς
2167 1366 2494 1437 ὀφθαλμοῖς
2518 1383 2659 1435 μου,
2689 1366 2788 1418 καὶ
2815 1365 2939 1432 τοῖς
2974 1362 3302 1432 βλεφάροις
3325 1382 3454 1434 μου
3490 1382 3614 1416 rv-

2003 1459 2292 1531 στιιγμὸν,
2320 1459 2431 1526 ἕως
2463 1454 2534 1514 οὗ
2561 1458 2712 1526 εὕρω
2741 1458 2928 1510 τόπον
2952 1457 3031 1523 τῷ
3055 1457 3270 1525 Κυρίῳ,
3295 1457 3618 1524 σκήνωμα

2002 1552 2084 1618 τῷ
2126 1550 2248 1617 Θεῷ
2289 1548 2505 1605 Ἰακώϐ.
2540 1547 2776 1602 Τοιαῦτα
2809 1549 3092 1621 εὐξαμένῳ
3124 1550 3215 1602 καὶ
3255 1548 3618 1617 ἐπαγγειλα-

2007 1645 2151 1716 μένῳ
2194 1643 2272 1715 τῷ
2315 1641 2500 1707 Δαυῒδ,
2539 1641 2633 1694 καὶ
2679 1643 2771 1694 ἐπὶ
2811 1641 3076 1705 τοιούτοις
3127 1641 3473 1712 ὀμωμοκότι,
3505 1639 3617 1709 τὴν

2005 1736 2126 1808 ῖσην
2153 1735 2386 1807 ἀμοιϐὴν
2417 1733 2714 1797 ἀντιδιδοὺς
2747 1736 2776 1787 6
2810 1734 2942 1797 Θεὸς
2974 1733 3142 1802 αὐτῷ,
3182 1733 3479 1802 ἀντομνύει
3513 1735 3623 1785 καὶ

2001 1831 2182 1896 αὐτὸς,
2207 1830 2302 1882 καὶ
2344 1825 2841 1895 ἀντεπαγγέλλεται
2881 1825 2939 1878 ἓν
2978 1825 3092 1878 ἀνθ’
3121 1826 3236 1888 ἐνὸς
3264 1825 3472 1889 διδοὺς,
3511 1823 3622 1876 καὶ

315 1912 565 1983 pendens
592 1912 758 1980 Deus,
793 1924 988 1971 mutuo
1038 1893 1245 1990 ellipse
1273 1918 1532 1988 juravit:
1572 1918 1721 1989 prior
1770 1918 1897 1973 item

2004 1923 2152 1993 ὅρκῳ
2169 1893 2259 1972 τὸν
2281 1919 2441 1989 ὅρκον
2467 1893 2849 1988 ἀμειϐόμενος,
2870 1917 3070 1987 Διόπερ
3097 1915 3156 1968 ὲν
3177 1915 3320 1985 αὐτῷ
3342 1915 3419 1985 τῷ
3456 1915 3620 1986 ρλιί,

316 2005 508 2072 David,
545 2009 634 2078 pia
673 2015 855 2064 motus
891 2011 1241 2080 cogitatione,
1275 2010 1558 2081 quidpiam
1602 2010 1712 2066 Deo
1742 2011 1902 2082 polli-

313 2098 457 2155 citus
489 2108 604 2167 est;
639 2100 767 2155 hinc
803 2101 947 2158 Deus
986 2119 1086 2159 ceu
1130 2104 1358 2174 gratiam
1415 2106 1591 2176 gratia
1635 2120 1896 2175 pensans,

311 2190 416 2259 ipsi
464 2192 582 2247 vice
613 2208 773 2249 versa
805 2195 1080 2263 promisit,
1125 2197 1430 2252 secundum
1476 2196 1776 2252 Salvatoris
1801 2213 1898 2251 no-

310 2282 414 2338 stri
470 2299 634 2340 voces
686 2302 809 2356 qua:
846 2287 928 2341 sic
953 2287 1178 2348 habent,
1219 2287 1286 2341 In
1315 2307 1420 2360 qua
1455 2305 1709 2342 mensura
1731 2290 1902 2343 mensi

311 2373 544 2442 fueritis,
578 2377 879 2431 remetiatur
913 2378 1075 2433 vobis.
1132 2379 1443 2435 Mensuram
1483 2381 1695 2446 bonam,
1719 2381 1896 2451 agita-

311 2474 444 2528 tam,
477 2482 852 2535 compressam,
888 2472 1354 2542 supere/fluentem,
1385 2472 1588 2526 dabunt
1630 2473 1684 2526 in
1717 2475 1892 2528 sinum

311 2564 542 2611 vestrum
567 2560 632 2614 ¹⁷.
667 2559 796 2625 Qua.
818 2577 1075 2617 mensura
1109 2563 1277 2635 igitur
1315 2563 1486 2619 David
1530 2581 1754 2622 mensus
1787 2576 1893 2631 est,

311 2662 436 2701 cum
468 2664 536 2703 ex
568 2650 710 2705 bona
741 2659 796 2706 et
827 2653 1083 2723 religiosa
1127 2655 1462 2725 cogitatione
1502 2668 1892 2728 congruentem

313 2741 741 2808 promissionem.
773 2745 993 2814 juratus
1037 2747 1208 2810 dedit,
1244 2747 1433 2802 eadem
1492 2765 1750 2805 mensura
1811 2766 1897 2804 re-

311 2847 540 2902 pensum
573 2836 650 2890 illi
679 2845 787 2902 est,
817 2852 881 2892 ac
917 2838 1058 2894 data:
1079 2850 1209 2894 sunt
1241 2841 1317 2894 illi
1351 2843 1743 2898 retributiones
1771 2859 1896 2914 pro-

313 2925 713 2999 missionesque
735 2944 860 2983 eum
897 2930 1214 2999 juramento
1247 2931 1363 2986 Dei.

2001 2015 2059 2066 ὲν
2086 2005 2130 2080 ᾧ
2157 2010 2375 2079 λέγεται
2421 2009 2771 2080 ὀμωμοκέναι
2800 2010 2829 2063 6
2867 2006 3050 2071 Δαυῖδ,
3096 2007 3360 2078 συνῆπται
3397 2007 3554 2078 ἑξῆς
3585 2009 3620 2076 ἡ

1999 2105 2094 2158 τοῦ
2145 2103 2301 2173 ἁγίου
2345 2102 2663 2174 Πνεῦματος
2705 2101 2999 2173 μαρτυρία,
3045 2095 3148 2154 ὧδέ
3189 2116 3263 2170 πη
3307 2100 3577 2169 λέγουσα
3603 2115 3619 2128 ·

2004 2201 2222 2267 Ὧμοσε
2253 2199 2466 2264 Κύριος
2489 2194 2568 2261 τῷ
2595 2193 2777 2249 Δαυῒδ
2797 2191 3103 2260 ἀλήθειαν,
3133 2192 3227 2246 καὶ
3252 2195 3324 2246 οὐ
3342 2193 3432 2260 μὴ
3473 2194 3623 2246 doe-

2001 2289 2176 2358 τήσει
2199 2289 2405 2342 αὐτόν.
2424 2288 2478 2339 Ἐ
2484 2305 2522 2340 κ
2540 2286 2770 2356 καρποῦ
2799 2283 2909 2353 τῆς
2939 2284 3173 2351 κοιλίας
3189 2299 3302 2338 σου
3327 2284 3621 2354 θήσομαι

2000 2381 2099 2434 ἐπὶ
2122 2380 2228 2434 τοῦ
2247 2381 2461 2448 θρόνου
2483 2394 2620 2433 σου.
2646 2375 2856 2431 Οὐκοῦν
2882 2375 3096 2447 πρῶτος
3118 2374 3326 2446 ὤμοσεν
3352 2378 3381 2429 6
3400 2377 3618 2440 Δαυῒδ,

2002 2471 2124 2528 εἶτα
2151 2471 2512 2544 ἀμειϐόμενος
2546 2471 2705 2524 αὐτὸν
2727 2471 2754 2521 6
2778 2468 2932 2532 Θεὸς,
2961 2468 3294 2538 ἀντωμοσίαν
3322 2468 3473 2540 πρὸς
3512 2469 3623 2520 αὖ·

2001 2566 2094 2620 τὸν
2117 2565 2442 2635 ἐποιήσατο·
2469 2564 2563 2617 καὶ
2599 2560 2812 2633 πρῶτος
2841 2561 2870 2613 6
2893 2559 3076 2622 Δαυῖδ,
3112 2561 3321 2612 εὐσεϐεῖ
3342 2560 3622 2631 λογισμῷ

2005 2658 2268 2730 κινηθεὶς,
2297 2655 2662 2727 ἐπηγγείλατο
2689 2672 2743 2706 τι
2771 2652 2849 2724 τῷ
2872 2651 2991 2722 Θεῷ
3009 2669 3023 2682 ο
3050 2647 3167 2706 εἶτα
3194 2652 3353 2706 πάλιν
3380 2656 3408 2705 6
3433 2653 3617 2717 Θεὸς,

2006 2751 2194 2822 ὥσπερ
2229 2748 2525 2813 ἀντιδιδοὺς
2557 2745 2703 2816 αὐτῷ
2730 2744 2886 2817 χάριν
2927 2743 3046 2798 ἀντὶ
3089 2744 3327 2815 χάριτος,
3367 2743 3474 2796 καὶ
3517 2745 3624 2796 αὑ-

2001 2846 2093 2908 τὸς
2127 2839 2590 2912 ἀντεπηγγείλατο
2619 2841 2738 2902 ταὶς
2765 2835 2858 2889 τοῦ
2889 2835 3142 2907 Σωτῆρος
3171 2837 3202 2906 ἡ
3213 2835 3326 2906 μῶν
3362 2836 3620 2889 ἀκολού-

2005 2936 2112 2999 θως
2141 2937 2366 3002 φωναῖς,
2393 2933 2460 2986 δι’
2487 2925 2562 2985 ὧν
2588 2946 2750 3000 φησιν
2770 2946 2783 2960 ’
2822 2923 2896 2998 ⁷ῼ
2927 2928 3123 2998 μέτρῳ
3168 2928 3468 2996 μετρεῖτε,
3493 2930 3622 3003 ⁴ἀν’-ο

308 3021 796 3090 τιμετρηθήσεται
827 3021 988 3091 ὑμῖν.
1025 3021 1259 3091 Μέτρον
1287 3023 1498 3086 καλὸν,
1530 3026 2006 3092 σεσαλευμένον,
2058 3025 2484 3095 πεπιεσμένον,
2525 3021 3104 3090 ὑπερεκχυνόμενον,
3153 3017 3468 3073 δώσουσιν
3524 3025 3620 3089 εις

309 3115 416 3167 τὸν
441 3115 672 3168 κόλπον
694 3113 880 3184 ὑμῶν.
913 3109 985 3167 Ὦ
1014 3117 1201 3187 μέτρῳ
1244 3115 1422 3170 τοίνυν
1471 3117 1564 3170 καὶ
1593 3119 1622 3169 6
1654 3118 1820 3172 Δαυῒδ
1873 3120 2216 3194 ἐμέτρησεν,
2239 3121 2325 3172 ἐπ’
2372 3116 2562 3188 ἀγαθῷ
2615 3115 2708 3169 καὶ
2737 3113 2977 3167 θεοσεϐεῖ
3003 3112 3245 3184 λογισμῷ
3272 3113 3616 3186 πρέπουσαν

304 3209 654 3277 ἐπαγγελίαν·
681 3208 797 3280 μεθ’
853 3210 1019 3281 ὅρκου
1053 3209 1441 3281 ποιησάμενος,
1469 3212 1845 3284 ἀντεμετρήθη
1912 3214 2080 3286 αὐτῷ,
2151 3215 2247 3269 καὶ
2278 3214 2508 3268 δίδονται
2543 3212 2691 3284 αὑτῷ
2722 3210 2969 3282 ἀμοιϐαὶ,
3005 3211 3062 3264 αἱ
3106 3209 3432 3279 ἐπαγγελίαι
3477 3212 3616 3282 μεθ’

309 3302 665 3374 ὁρκωμοσίας.
687 3303 850 3358 Θεοῦτ

381 3422 521 3490 Quid
551 3423 655 3479 sibi
685 3423 816 3479 velit
846 3432 1026 3480 autem
1055 3425 1145 3479 illa
1182 3425 1399 3482 David‘is
1431 3442 1554 3481 eum
1581 3427 1897 3498 juramento

2077 3428 2142 3481 Τί
2171 3426 2228 3480 δὲ
2259 3425 2504 3496 βούλεται
2533 3425 2566 3494 ἡ
2599 3420 2693 3474 τοῦ
2723 3419 2886 3486 Δαυτδ
2923 3418 3041 3489 μεθ’
3073 3419 3234 3490 ὅρκου
3264 3419 3610 3486 ἐπαγγελία,

310 3514 656 3586 pollicitatio,
684 3514 800 3584 jam
838 3516 1177 3586 perpendere
1212 3525 1583 3587 Opportunum
1608 3519 1732 3573 erit.
1763 3517 1900 3573 Cum
1937 3535 1939 3538 ‘

309 3607 522 3662 videret
553 3615 746 3678 gentes
800 3622 896 3677 per
933 3614 1108 3662 totum
1164 3608 1353 3663 orbem
1389 3609 1664 3664 diabolica
1703 3611 1902 3665 multo-

311 3715 434 3754 rum
470 3699 758 3753 numimun
795 3700 971 3753 errori
1016 3700 1318 3770 subjectas,
1351 3717 1416 3756 ac
1469 3703 1672 3772 ubique
1728 3709 1903 3757 terra-

313 3805 432 3845 rum
489 3791 713 3861 templa,
747 3790 1001 3857 delubra,
1037 3808 1196 3849 sacra
1255 3793 1511 3864 malignis
1559 3795 1903 3851 daemonibus

311 3897 408 3953 per
451 3881 638 3946 urbes,
670 3882 927 3953 regiones
969 3893 1024 3938 et
1047 3885 1198 3940 vicos
1225 3887 1487 3951 excitata,
1529 3902 1593 3943 ac
1620 3888 1675 3942 in
1703 3887 1904 3942 monti—

310 3973 414 4028 bus
473 3979 528 4026 et
583 3972 818 4028 collibus
875 3973 1180 4045 improbam
1239 3977 1386 4030 illam
1434 3986 1500 4040 et
1531 3977 1903 4034 adversariam

311 4071 634 4134 potestatem
691 4064 835 4134 apud
899 4079 1091 4122 omnes
1148 4067 1398 4124 homines
1469 4070 1751 4133 honorari,
1807 4069 1902 4124 Dei

312 4163 496 4209 autem
528 4155 772 4210 omnium
810 4157 1023 4225 epiticis
1055 4165 1110 4212 et
1141 4161 1450 4215 conditoris
1498 4175 1567 4215 ne
1618 4160 1900 4214 minimam

311 4262 544 4317 nsquam
589 4249 909 4302 memoriam
952 4250 1193 4318 servari;
1225 4251 1294 4308 de
1344 4270 1402 4308 re
1445 4255 1541 4307 tali
1582 4254 1902 4309 vulneratus

311 4340 517 4401 animo.
539 4341 793 4410 bonoque
814 4341 998 4396 studio
1019 4342 1300 4410 incensus,
1326 4347 1629 4402 secundum
1665 4362 1788 4400 eum
1807 4345 1899 4415 qui

309 4426 611 4494 dixit,Zelo
630 4432 832 4485 relatus
861 4448 979 4485 sum
1002 4431 1306 4500 Domino",
1329 4444 1513 4490 votum
1540 4438 1685 4490 vovit
1710 4445 1764 4491 et
1785 4451 1906 4506 pro—

311 4521 629 4576 missionem
648 4520 840 4589 edidit,
863 4539 1026 4592 quam
1044 4523 1406 4594 jurejurando
1432 4527 1722 4594 astrinxit;
1758 4527 1906 4581 vide-

315 4612 438 4666 licet
462 4613 1053 4682 se'primum,omnium
1073 4616 1185 4685 regi
1208 4615 1317 4671 Deo
1339 4618 1598 4686 templum
1615 4626 1898 4674 etsacrum

311 4705 365 4758 in
379 4704 993 4770 terraexcitaturum,in
1016 4722 1126 4776 quo
1146 4707 1558 4763 tabernaculum
1575 4711 1895 4776 testimonii,

307 4803 364 4851 et
411 4811 596 4851 arcam
640 4796 978 4854 Testamenti
1031 4814 1062 4853 a
1122 4798 1308 4872 Moyse
1360 4803 1422 4856 in
1474 4803 1698 4860 deserto
1732 4806 1892 4876 jussu
1928 4795 1973 4851 ῐ)

308 4887 406 4944 Del
446 4897 849 4956 constructam,
885 4889 1204 4962 deponeret.
1252 4892 1386 4947 Nam
1439 4894 1532 4948 illa
1563 4895 1632 4950 ad
1681 4909 1895 4968 tempus

308 4996 485 5052 usque
527 4980 753 5038 Davidis
792 4983 1226 5054 circumquaque
1273 4983 1572 5051 ferebatur,
1621 4996 1682 5041 et
1715 5003 1746 5041 a
1776 4989 1898 5043 loco

197 5137 202 5142 ι
307 5077 364 5129 in
405 5075 608 5138 locum,
657 5090 723 5129 ac
765 5075 930 5130 modo
969 5079 1025 5130 in
1067 5076 1312 5147 Galgala,
1349 5079 1512 5132 modo
1542 5078 1597 5132 in
1648 5078 1896 5137 Manase-

306 5167 438 5238 pha,
470 5181 595 5221 mox
624 5166 680 5220 in
712 5165 849 5228 Silo,
902 5168 1199 5238 aliquando
1230 5169 1374 5240 apud
1409 5169 1737 5242 allophylos,
1769 5173 1895 5228 inde

306 5259 364 5312 in
417 5257 697 5330 Desamys,
731 5260 860 5314 hinc
902 5261 957 5315 in
997 5259 1383 5326 C'ariathirim,
1431 5272 1622 5332 postea
1671 5264 1726 5317 in
1788 5265 1890 5319 dn-

307 5365 457 5404 mum
482 5351 811 5419 Aminadab,
835 5352 971 5409 inde
994 5354 1047 5407 in
1077 5354 1299 5409 domum
1332 5355 1646 5422 Abeddara,
1665 5357 1890 5413 advecta

307 5439 446 5504 fuit,
482 5442 626 5498 unde
666 5459 785 5499 eam
838 5444 894 5498 in
937 5447 1128 5500 urbem
1179 5445 1310 5500 Sion
1369 5445 1540 5502 David
1585 5448 1886 5502 transtulit;

309 5532 465 5598 Quod
495 5535 591 5591 ille
614 5538 986 5608 conspicatus,
1025 5538 1248 5593 domum
1291 5555 1506 5596 sacram
1537 5549 1592 5597 et
1625 5542 1888 5612 templum

308 5625 551 5682 excitare
582 5629 862 5698 cogitavit,
900 5631 990 5685 ubi
1015 5647 1196 5686 aream
1222 5630 1317 5688 Dei
1362 5633 1664 5705 deponeret
1695 5643 1752 5690 et
1776 5643 1891 5690 sta-

2006 3519 2280 3590 θεωρῆσαι
2311 3517 2520 3588 καιρός.
2539 3513 2710 3586 Ὁρῶν
2741 3512 2810 3565 τὰ
2845 3510 2966 3566 καθ’
2989 3510 3115 3590 ὅλης
3141 3511 3238 3582 τῆς
3265 3510 3612 3581 οἰκουμένης

2005 3611 2130 3683 ἔθνη
2161 3613 2226 3682 τῇ
2261 3611 2548 3680 δαιμονικῇ
2589 3609 2685 3660 καὶ
2714 3604 2961 3676 πολυθέῳ
2989 3603 3164 3673 πλάνῃ
3191 3601 3605 3672 δεδουλωμένα,

2005 3703 2100 3756 καὶ
2145 3700 2419 3772 πανταχοῦ
2463 3701 2569 3770 γῆς
2619 3698 2780 3762 ναοὺς
2819 3697 2915 3751 καὶ
2957 3694 3158 3766 τεμένη
3202 3694 3293 3746 καὶ
3323 3693 3449 3763 ἱερά
3490 3698 3609 3758 τοῖς

2005 3797 2263 3865 πονηροῖς
2302 3792 2551 3862 δαίμοσιν
2585 3789 3019 3862 ἀνεγηγερμένα,
3061 3787 3118 3840 ἐν
3158 3804 3217 3840 τε
3261 3787 3453 3840 πόλεσι
3507 3790 3608 3841 καὶ

2004 3883 2209 3956 χώραις
2234 3883 2327 3936 καὶ
2352 3881 2585 3952 κώμαις,
2619 3883 2678 3934 ὲν
2707 3880 2858 3952 δρεσί
2903 3897 2961 3932 τε
3009 3878 3101 3932 καὶ
3133 3877 3339 3948 βουνοῖς
3373 3877 3478 3947 τὴν
3513 3896 3608 3931 πυ-

2005 3977 2177 4047 νηράν
2205 3974 2299 4028 καὶ
2331 3973 2716 4044 ἀντικειμένην
2747 3971 2974 4041 δύναμιν
3010 3969 3160 4042 παρά
3189 3971 3353 4022 πᾶσιν
3382 3969 3604 4039 ἀνθρώ-

2006 4085 2129 4131 ποις
2154 4067 2469 4137 τιμωμένην
2488 4083 2501 4096 °
2539 4065 2674 4118 Θεοῦ
2699 4064 2756 4117 δὲ
2780 4062 2874 4117 τοῦ
2905 4063 3121 4117 πάντων
3156 4060 3382 4132 ποιητοῦ
3413 4079 3476 4114 τε
3502 4066 3602 4115 καὶ

2004 4157 2336 4230 δημιουργοῦ
2374 4157 2624 4228 μηδαμοῦ
2657 4157 2877 4228 μνήμην
2905 4155 3055 4225 παρά
3080 4169 3191 4207 τισι
3219 4154 3557 4226 γιγνομένην
3582 4173 3597 4185 ο

2003 4252 2222 4323 δηχθεϊς
2252 4251 2351 4322 τὴν
2384 4249 2563 4321 ψυχὴν
2592 4251 2685 4303 ἐπὶ
2717 4249 2796 4320 τῷ
2818 4249 3124 4321 πράγματι,
3151 4251 3245 4302 καὶ
3274 4246 3437 4318 ζῆλον
3457 4252 3598 4319 ἀγα-

2005 4343 2095 4397 θὸν
2129 4342 2400 4414 ζηλώσας,
2440 4342 2582 4395 κατά
2624 4342 2716 4394 τὸν
2763 4341 3018 4394 εἰπόντασ
3074 4339 3276 4409 Ζῆλον
3318 4341 3597 4410 ἑῶξλωσα

2003 4435 2084 4502 τῷ
2124 4436 2338 4505 Κυρίῳ,
2371 4433 2534 4505 εὐχὴν
2571 4433 2796 4504 ηὔξατο,
2823 4435 2919 4488 καὶ
2948 4433 3282 4502 ἐπαγγελίαν
3324 4435 3593 4504 cra-1775i-

2003 4532 2150 4595 λατο,
2180 4531 2274 4584 καὶ
2302 4528 2506 4598 ταύτην
2534 4529 2681 4599 ὅρκῳ
2709 4527 3041 4598 κατεδήσατο
3069 4523 3105 4598 ἦ
3135 4528 3240 4598 μὴν
3261 4527 3339 4597 τῷ
3369 4528 3592 4597 παμῦαη

2006 4624 2143 4676 σιλεϊ
2176 4621 2294 4693 Θεῷ
2330 4619 2545 4691 πρῶτος
2571 4618 2704 4672 νεὼν
2730 4619 2823 4673 ἐπὶ
2851 4620 2954 4690 γῆς
2978 4619 3069 4672 καὶ
3099 4618 3240 4690 ἱερὸν
3264 4619 3424 4686 ἆγιον
3448 4621 3589 4672 οἱκο-

2003 4717 2280 4787 δομήσειν,
2317 4713 2444 4767 ἔνθα
2483 4711 2580 4784 τὴν
2621 4711 2826 4783 σκηνὴν
2878 4712 2970 4765 τοῦ
3025 4710 3324 4784 μαρτυρίου
3369 4713 3466 4765 καὶ
3494 4711 3589 4781 τὴν

2003 4806 2234 4862 κιόωτὸν
2285 4805 2383 4875 τῆς
2433 4804 2710 4877 Διαθήκης
2751 4805 2850 4876 τὴν
2883 4804 2988 4857 ὑπὸ
3017 4804 3296 4868 Μωῦσέως
3329 4806 3474 4858 κατά
3495 4805 3588 4876 τὴν

2004 4901 2210 4974 ἔρημον
2269 4899 2336 4951 ἐκ
2391 4896 2811 4970 προστάγματος
2871 4895 3006 4948 Θεοῦ
3053 4896 3586 4949 κατασκευασθεῖσαν

2004 4989 2339 5062 ἀποθέμενος
2365 4989 2718 5043 ἀναπαύσειν.
2753 4989 3053 5060 Περιήγετο
3079 4987 3210 5055 γοῦν
3239 4979 3340 5040 ὦδε
3369 4989 3584 5040 κάκεῖσε

2007 5085 2169 5156 μέχρι
2201 5083 2311 5136 τῶν
2341 5082 2436 5136 τοῦ
2463 5081 2629 5136 Δαυῒδ
2653 5081 2861 5152 χρόνων
2889 5080 3055 5134 τόπου
3084 5081 3578 5152 μετακομιζομένη,

2005 5173 2136 5226 ποτὲ
2171 5173 2269 5243 μὲν
2301 5176 2358 5226 ἐν
2389 5172 2706 5240 Γαλγάλοις,
2744 5171 2874 5224 ποτὲ
2903 5171 2961 5224 δὲ
2995 5173 3052 5224 ὲν
3086 5170 3424 5243 Μανασῆφα,
3464 5171 3578 5223 ποτὲ

2001 5266 2056 5319 δὲ
2084 5269 2141 5319 ὲν
2166 5264 2342 5337 Σηλὼ,
2371 5265 2466 5318 καὶ
2493 5263 2677 5318 ἄλλοτε
2714 5261 2840 5334 παρ’
2864 5262 3200 5333 ἀλλοφύλοις,
3226 5263 3484 5317 κάκεῖθεν
3513 5263 3578 5322 εἰς

2002 5358 2273 5427 Βεσαμὺς,
2305 5357 2457 5412 ἔνθεν
2515 5360 2594 5420 εἰς
2645 5355 3074 5428 Καρειαθιρείμ’
3125 5351 3244 5409 εἶτα
3304 5358 3384 5418 εἰς
3446 5351 3576 5406 οἷκον

2015 5451 2311 5522 Ἀμιναδἀὸ
2330 5468 2343 5481 ⁸
2370 5451 2626 5504 κάκεῖθεν
2657 5452 2736 5514 εἰς
2771 5445 2918 5502 οἷκον
2964 5447 3258 5519 Ἀϐεδδαρά
3278 5465 3290 5476 ο
3323 5447 3478 5500 ἔνθεν
3506 5447 3571 5506 εἰς

2002 5541 2140 5596 Σιὼν
2171 5543 2272 5614 τὴν
2319 5543 2472 5596 πόλιν
2498 5544 2526 5595 6
2560 5541 2720 5596 Δαυῒδ
2757 5541 3144 5612 μετεστήσατο.
3157 5541 3224 5591 Ὃ
3254 5539 3320 5610 δὴ
3357 5534 3568 5591 συνιδὼν

2001 5634 2302 5704 γινόμενον,
2335 5635 2581 5706 διενοήθη
2610 5631 2759 5688 οἷκον
2797 5631 2942 5702 ἱερὸν
2991 5633 3203 5700 ἐγεῖραι
3239 5631 3333 5684 καὶ
3351 5630 3479 5684 ναὸν
3501 5626 3566 5684 ol-

385 5871 425 5904 "
470 5870 657 5926 Matth.
694 5888 802 5928 vn.
838 5874 914 5932 θὶς
961 5872 1091 5928 Luc.
1131 5891 1218 5935 γι,
1254 5877 1340 5930 38.
1425 5878 1465 5910 ¹⁸
1502 5876 1567 5929 lll
1601 5875 1729 5938 Reg.
1772 5893 1894 5940 χιχ,

2004 5884 2029 5940 l,
2073 5877 2153 5930 Μι.
