3830 6288
176 401 304 459 1077

1215 389 1720 447 COMMENTARIA
1755 385 1823 442 IN
1861 383 2202 442 PSALMOS.

3272 385 3409 441 1078

172 515 478 586 κοδομῆσαι,
512 512 745 567 ἐνταῦθα
767 527 824 564 τε
848 508 946 580 τὴν
972 508 1202 562 κιϐωτὸν
1230 507 1551 580 ἱδρῦσαι.τοῦ
1574 504 1731 559 Θεοῦ.

1841 503 2038 558 biliret.
2071 503 2188 567 Qua
2222 500 2288 556 de
2320 500 2567 556 reDavid
2597 500 2829 556 Domino
2852 499 3081 570 juravit,
3131 506 3185 554 et
3225 505 3410 553 votum

173 607 272 660 Καὶ
302 603 425 675 περὶ
455 603 645 656 τούτου
669 601 850 672 ὤμοσε
888 600 1048 654 Δαυῒδ
1069 599 1148 670 τῷ
1179 599 1388 671 Κυρίῳ,
1418 602 1512 652 καὶ
1535 597 1736 670 ηὔξατο

171 693 241 762 τῷ
271 691 384 762 Θεῷ
423 689 619 745 Ἰακὼῦ
651 690 823 758 λέγων
843 704 855 717 ·
892 693 963 744 Εἰ
991 691 1414 759 εἰσελεύσομαι
1451 691 1538 755 εἰς
1580 689 1732 758 σκή-

169 801 323 855 νωμα
349 785 516 837 οἴκου
535 801 677 852 μου,
702 785 754 837 εἰ
782 782 1157 852 ἀναϐήσομαι
1179 783 1277 836 ἐπὶ
1303 783 1516 850 κλίνης
1547 799 1726 850 στρω-

164 873 316 946 μνῆς
331 890 472 942 μου,
501 875 555 926 εἰ
578 872 750 926 δώσω
781 872 977 926 ὕπνον
998 871 1123 938 τοῖς
1151 873 1480 942 ὀφθαλμοῖς
1490 891 1609 941 μου
1636 873 1734 926 καὶ

169 967 283 1035 τοῖς
304 965 635 1036 ,ϐλεφάροις
672 983 792 1034 μου
823 965 1189 1036 νυσταγμὸν,
1220 966 1331 1033 ἕως
1364 963 1435 1022 οὗ
1460 968 1612 1034 εὕρω
1643 969 1738 1020 τό·

168 1075 276 1114 πον
301 1058 380 1124 τῷ
403 1058 618 1127 Κυρίῳ,
645 1056 1039 1127 σκήνωμα.τῷ
1070 1057 1192 1124 Θεῷ
1230 1057 1441 1112 Ἰακώϐ.
1472 1058 1663 1112 Ταῦτα
1681 1057 1739 1112 δὲ

168 1151 322 1208 αὑτοῦ
364 1152 756 1223 διανοηθέντος,
800 1152 899 1222 τὴν
946 1151 1044 1222 μὲν
1086 1152 1406 1223 προαίρεσιν
1444 1151 1544 1222 τῆς
1586 1153 1739 1205 εὐσε-

167 1245 308 1308 6είας
338 1244 657 1314 ἀποδέχεται
681 1245 709 1297 ὁ
739 1244 870 1308 Sed;
889 1260 905 1276 °
929 1245 991 1297 οὐ
1026 1244 1132 1316 μὴν
1159 1245 1442 1316 ἐπιτρέπει
1476 1245 1569 1297 τδν
1591 1240 1737 1298 οἶκον

165 1336 434 1405 γενέσθαι·
469 1335 544 1408 μὴ
575 1337 683 1408 γὰρ
711 1337 917 1390 δεῖσθαι
959 1335 1095 1390 Θεὸν
1123 1335 1250 1390 ὄντα
1277 1338 1424 1391 οἴκου
1455 1337 1733 1408 αἰσθητοῦ,

168 1429 284 1500 μηδ’
305 1429 363 1493 ἐξ
383 1429 606 1499 ἀψύχων
633 1429 796 1482 λίθων
829 1429 1117 1500 οἰκοδομῆς
1151 1431 1551 1502 συστησομένου
1576 1448 1588 1461 ·
1622 1430 1736 1484 ἀλλ’

164 1523 208 1573 εἰ
231 1522 334 1591 ἄρα
369 1523 536 1592 ὲχρῆν
572 1521 704 1575 Θεὸν
737 1523 904 1576 οἰκεῖν
932 1524 1025 1576 ἐπὶ
1051 1523 1172 1594 γῆς,
1209 1524 1274 1577 ὲκ
1304 1524 1615 1594 σπέρματος
1642 1525 1738 1576 αὺ-

160 1611 266 1676 τοῦ,
293 1612 384 1664 τοῦ
413 1612 573 1666 Δαυῒδ
601 1614 1023 1684 προελεύσεσθαι
1043 1616 1136 1668 τὸν
1157 1615 1544 1686 ὑποδεξομενον
1569 1615 1735 1670 αὑτοῦ

161 1704 251 1774 τὴν
283 1704 534 1776 θεότητα.
572 1705 632 1770 ὃς
668 1707 762 1760 καὶ
794 1707 1137 1778 οἰκοδομήσει
1169 1707 1247 1778 τῷ
1272 1708 1392 1778 Θεῷ
1422 1708 1640 1772 ἐπάξιον
1665 1710 1738 1760 ἰε-

162 1796 247 1867 ρὸν
278 1791 429 1849 οἷκον
466 1799 560 1850 καὶ
593 1799 720 1851 ναὸν
741 1799 914 1868 ἅγιον,
940 1792 1001 1852 οὗ
1030 1800 1120 1853 τὸν
1151 1799 1339 1872 θρόνον
1368 1802 1447 1864 εἰς
1479 1801 1569 1854 τὸν
1599 1801 1739 1871 σύμο

161 1906 330 1942 παντο.
357 1889 672 1962 διαρκέσειν
698 1891 891 1946 αἰῶνα.
910 1892 1135 1963 Ἐδήλοο
1160 1893 1216 1946 δὲ
1245 1892 1353 1964 ἄρα
1384 1893 1476 1946 τὸν
1504 1894 1736 1966 Χριστὸν

157 1978 312 2034 αὐτοῦ
352 1981 448 2034 τὸν
491 1983 554 2034 ὲκ
586 1981 902 2053 σπέρματος
938 1983 1102 2037 Δαυῒδ
1140 1984 1282 2038 κατὰ
1311 1984 1489 2056 σάρκα
1515 1981 1738 2056 γενησό-

159 2089 329 2142 μενον,
369 2071 472 2126 καὶ
517 2073 614 2144 τὴν
658 2073 726 2127 δι’
755 2074 922 2128 αὐτοῦ
959 2075 1081 2128 καθ’
1111 2076 1240 2147 ὄ)ης
1272 2076 1374 2146 τῆς
1413 2077 1738 2149 οἰκουμένης

158 2167 563 2240 συστησομένην
595 2167 1070 2242 Ἐκκλησίαν.”οτι
1092 2171 1147 2224 δὲ
1172 2173 1326 2227 ταῦθ’
1353 2173 1524 2238 οὕτως
1547 2173 1732 2246 ἐχει,ὴ

154 2259 254 2312 τῶν
299 2260 601 2314 Βασιλειιῖη
648 2263 832 2334 γραφὴ
880 2263 1068 2318 τοῦτον
1114 2264 1354 2320 διδάσκει
1386 2267 1476 2322 τὸν
1499 2268 1731 2339 τρόπον·

155 2350 252 2402 Kal
283 2350 526 2419 ἐγένετο
555 2351 654 2405 ὅτε
675 2351 918 2407 ἐκάθισε
948 2354 1131 2408 Δαυῒδ
1157 2355 1227 2408 ἐν
1247 2355 1326 2421 τῷ
1357 2355 1500 2424 οἴκῳ
1524 2358 1732 2423 αὐτοῦ,

155 2441 242 2493 καὶ
273 2443 492 2511 Κύριος
527 2448 1130 2516 κατεκληρονόμησεν
1160 2449 1347 2502 αὑτὸν
1389 2452 1592 2515 κύκλῳ
1617 2452 1736 2506 άπὸ

155 2529 388 2586 πάντων
419 2532 537 2588 τῶν
566 2536 794 2604 ἐχθρῶν
825 2537 984 2604 αὐτῷ
1003 2557 1016 2570 ·
1049 2541 1146 2594 καί
1175 2537 1344 2595 εἶπεν
1373 2544 1406 2596 ό
1436 2543 1736 2610 ,ϐασιλεὺς

156 2623 298 2689 πρὸς
325 2625 540 2680 Ναϐὰν
569 2629 676 2682 τὸν
700 2630 1044 2700 προφήτηνο
1087 2633 1233 2699 Ἰδοὺ
1274 2634 1352 2703 δὴ
1385 2633 1500 2703 ἐγὼ
1541 2650 1735 2687 κατοι-

154 2712 230 2764 κῶ
253 2713 322 2768 ἐν
346 2715 498 2784 οἴκῳ
524 2716 791 2787 κεδρίνῳ,
825 2721 924 2783 καὶ
958 2723 996 2790 ἡ
1026 2722 1270 2790 κιϐωτὸς
1296 2724 1402 2779 τοῦ
1444 2725 1590 2779 Θεοῦ
1635 2725 1738 2780 κά-

157 2806 315 2870 θηται
347 2806 420 2859 ἐν
442 2807 615 2876 μέσῳ
659 2808 768 2878 τῆς
783 2812 1021 2881 σκηνῆς
1044 2829 1058 2843 ·
1088 2814 1146 2884 ἢ,
1176 2814 1245 2868 ἐν
1266 2814 1436 2883 μέσῳ
1457 2815 1733 2885 δέρῤεως,

157 2893 226 2958 ὡς
271 2896 304 2967 ἡ
350 2896 616 2971 Ἑϐραῖκὴ
675 2899 818 2964 λέξις
871 2904 1148 2972 σημαίνει.
1199 2903 1310 2957 Kal
1361 2901 1492 2958 εἷπε
1531 2905 1736 2960 Ναϐὰν

158 2996 298 3055 προς
337 2989 451 3042 τὸν
487 2991 782 3055 βασιλέα
821 2993 1024 3048 Πάντα
1052 2994 1169 3048 ὅσα
1194 2994 1271 3049 ἂν
1306 2995 1377 3049 ἐν
1413 2996 1492 3066 τῇ
1522 2997 1736 3066 καρδίᾳ

153 3094 264 3132 σου
298 3077 508 3142 ,βάδιᾷ
552 3081 652 3135 καὶ
693 3082 866 3147 ποίει,
912 3083 1001 3137 ὅτι
1039 3085 1253 3152 Κύριος
1273 3085 1424 3154 μετὰ
1454 3086 1590 3141 σοῦ.
1621 3089 1733 3142 Kal

153 3169 381 3238 ἐγένετο
429 3170 508 3241 τῇ
548 3173 720 3226 νυκτί
757 3175 984 3244 ἐκείνῃ,
1021 3177 1119 3231 καὶ
1153 3177 1389 3247 ἐγένετο
1418 3178 1586 3249 ῥῆμα
1616 3184 1735 3235 Κυ-
1763 3201 1808 3260 C

148 3259 277 3327 ρίου
309 3261 466 3329 πρὸς
490 3264 694 3318 Ναϐὰν
717 3264 939 3334 λέγων·
982 3269 1247 3335 Πορεύου
1281 3269 1431 3338 πρὸς
1455 3269 1566 3324 τὸν
1595 3270 1736 3325 δοῦ-

152 3353 261 3404 λον
283 3370 404 3421 μου
434 3354 635 3420 Δαυῒδ,
664 3356 763 3409 καὶ
791 3357 922 3411 εἰπέ
946 3375 959 3388 ·
1007 3358 1151 3412 Τάδε
1181 3360 1343 3430 λέγει
1374 3364 1616 3432 Κύριος·
1655 3366 1737 3419 Οὐ

153 3444 230 3498 σὺ
276 3446 700 3517 οἰκοδομήσεις
739 3467 841 3519 μοι
889 3448 1059 3506 οἷκον
1106 3453 1212 3507 τοῦ
1252 3456 1610 3527 κατοικῆσαι
1628 3475 1734 3528 με’

153 3534 237 3590 ὅτι
273 3539 348 3592 οὺ
387 3537 714 3608 κατῴκησα
739 3541 809 3594 ἐν
841 3544 983 3612 οἴκῳ
1022 3546 1123 3614 ἀφ’
1154 3542 1231 3616 ἧς
1263 3546 1488 3616 ἡμέρας
1514 3549 1740 3620 ἀνήγα-

149 3648 256 3699 γον
303 3633 453 3698 τοὺς
499 3633 669 3698 υἱοὺς
712 3633 950 3704 Ἰσραὴλ
1001 3637 1070 3701 ἐξ
1120 3639 1423 3708 Αἰγύπτου
1470 3640 1583 3707 ἕως
1632 3639 1739 3710 τῆς

151 3723 374 3791 ἡμέρας
402 3725 626 3791 ταύτης
643 3743 656 3756 ·
688 3727 787 3780 καί
831 3726 995 3796 ἤμην
1020 3727 1434 3798 ἐμπεριπατῶν
1460 3733 1531 3786 ἐν
1560 3751 1742 3788 κατα-

151 3816 366 3885 λύματι
411 3816 513 3870 καὶ
555 3817 625 3871 ἐν
667 3816 872 3887 σκηνῇ
917 3819 986 3873 ἐν
1023 3819 1213 3875 πᾶσιν
1247 3819 1338 3890 οἷς
1374 3822 1626 3892 διῆλθον
1669 3827 1740 3879 ἐν

152 3907 326 3960 παντὶ
369 3907 612 3976 Ἰσραήλ
629 3927 641 3939 ·
675 3912 726 3963 εἰ
752 3911 959 3964 λαλῶν
986 3911 1266 3980 ἐλάλησα
1291 3913 1442 3982 πρὸς
1459 3915 1608 3983 μίαν
1628 3934 1740 3985 scu-
1766 3963 1768 3966 .

150 3997 270 4067 λὴν
291 4000 404 4054 τοῦ
450 4000 719 4069 Ἰσραὴλ,
747 3995 794 4068 ᾧ
820 4001 1210 4072 ἐνετειλάμην
1253 4006 1594 4074 ποιμαίνειν
1632 4006 1741 4061 τὸν

151 4092 301 4145 λαόν
343 4109 469 4162 μου
507 4093 752 4162 Ἰσραὴλ
778 4093 1000 4165 λέγων’
1055 4097 1116 4148 Tl
1160 4097 1271 4149 οὐκ
1320 4097 1742 4168 ῲκοδομήκατέ

147 4199 245 4250 μοι
275 4179 453 4237 οἷκον
478 4182 788 4252 κέδρινον;
810 4183 922 4238 Kal
943 4184 1060 4238 νῦν
1084 4184 1226 4239 τάδε
1255 4185 1411 4256 ἐρεῖς
1436 4185 1516 4252 τῷ
1541 4187 1741 4252 δούλῳ

147 4292 263 4343 μου
318 4274 538 4329 Δαυΐδ·
601 4275 745 4330 Τάδε
798 4276 960 4346 λέγει
1007 4279 1221 4346 Κύριος
1268 4279 1693 4350 παντοκράτωρ
1723 4302 1736 4313 -

155 4367 415 4420 Ἕλαϐόν
458 4383 534 4420 σε
581 4367 651 4420 ἐκ
694 4365 803 4434 τῆς
848 4366 1121 4437 μάνδρας
1166 4369 1286 4424 ἀπὸ
1329 4370 1580 4428 ὄπισθεν
1623 4371 1743 4427 τῶν

149 4459 482 4527 προϐάτων,
516 4458 622 4512 τοῦ
666 4455 821 4513 εἶναι
861 4475 936 4513 σε
980 4462 1067 4526 εἰς
1110 4460 1448 4531 ἡγούμενον
1487 4464 1586 4517 ἐπὶ
1635 4465 1742 4520 τὸν

1838 595 1988 649 vovit
2025 593 2138 649 Deo
2157 593 2329 648 hcob
2368 593 2598 649 dicens:
2633 592 2693 647 Si
2721 594 2972 648 introiere
3013 593 3068 646 in
3100 591 3414 645 tabernacu—

1839 689 1957 742 lum
1975 687 2162 741 domus
2201 702 2350 749 mea,
2384 685 2430 740 si
2459 684 2740 738 ascendero
2773 688 2827 739 in
2870 686 3056 739 lectum
3090 685 3246 738 strati
3277 684 3412 737 mei:

1837 781 1884 833 si
1911 777 2100 832 dedero
2129 793 2372 832 somnum
2398 774 2566 830 oculis
2602 776 2751 839 meis,
2778 785 2825 830 et
2851 774 3111 845 palpebris
3140 775 3266 828 meis
3288 772 3416 828 dor¢

1838 872 2188 933 mitationem,
2215 869 2378 924 donec
2405 867 2665 922 inveniam
2693 867 2861 920 locum
2894 867 3140 930 Domino,
3172 865 3416 920 taberna-

1837 962 2015 1017 culum
2047 962 2155 1016 Deo
2195 960 2363 1015 Jacob
2390 961 2454 1014 η.
2490 959 2616 1015 llaec
2655 959 2746 1013 illo
2791 959 3087 1028 cogitante,
3112 959 3259 1028 pium
3293 955 3416 1028 qui-

1837 1056 1960 1111 dem
1991 1054 2332 1126 propositum
2366 1053 2508 1109 Deus
2533 1051 2800 1124 approbat
2833 1070 2844 1105 :
2877 1066 3052 1121 neque
3083 1058 3265 1104 tamen
3292 1063 3418 1120 per-

1839 1148 2004 1202 mittit
2045 1148 2266 1202 domum
2313 1145 2549 1210 exstrui,
2587 1160 2695 1200 non
2729 1158 2867 1214 opus
2915 1157 3039 1196 esse
3088 1141 3201 1195 Deo
3230 1140 3419 1196 dicens

1838 1237 2003 1293 domo
2044 1237 2317 1301 sensibili,
2355 1237 2441 1290 vel
2484 1251 2549 1290 ex
2607 1231 2926 1288 inanimatis
2977 1229 3251 1300 lapidibus
3295 1243 3418 1283 con-

1839 1329 2132 1396 struenda;
2163 1326 2258 1382 sed
2284 1327 2331 1382 si
2359 1341 2498 1397 opus
2525 1324 2864 1381 esset-Deum
2895 1323 2956 1377 in
2976 1309 3123 1377 'terra
3147 1320 3418 1386 habitare,

1838 1436 1903 1476 ex
1933 1419 2106 1490 ipsius
2140 1419 2308 1472 David
2342 1418 2551 1474 semine
2593 1416 2941 1488 proditurum
2969 1428 3114 1475 esse,
3139 1413 3234 1482 qui
3265 1426 3420 1467 suam

1837 1514 2096 1570 deitatem
2131 1513 2429 1582 exciperet,
2463 1511 2668 1580 quique
2702 1521 2918 1564 sacram
2946 1506 3168 1560 domum
3201 1511 3255 1560 et
3279 1512 3419 1560 tem-

1837 1606 1983 1676 plum
2014 1613 2264 1661 sanctum
2295 1603 2407 1658 Deo
2447 1603 2672 1672 dignum
2705 1607 3034 1662 exstrueret,
3071 1598 3233 1668 cujus
3260 1597 3419 1653 thro-

1838 1716 1942 1755 nus
1973 1715 2069 1770 per
2108 1713 2271 1753 omne
2301 1698 2562 1752 saeculum
2592 1697 2895 1752 duraturus
2923 1702 3088 1750 esset.
3127 1691 3419 1764 Signiﬁca-

1839 1790 1936 1845 bat
1977 1797 2158 1844 autem
2196 1788 2672 1843 Christum'suum
2704 1802 2770 1842 ex
2807 1784 3017 1842 semine
3065 1781 3287 1838 Davidis
3336 1797 3420 1837 se-

1839 1880 2078 1936 cundum
2114 1894 2335 1935 carnem
2373 1879 2666 1945 oriturum,
2707 1885 2762 1932 et
2801 1875 3101 1930 Ecclesiam
3133 1876 3296 1928 abeo
3327 1889 3420 1944 per

1840 1981 2014 2028 totum
2054 1973 2243 2027 orbem
2275 1969 2742 2027 constituendam.
2777 1967 2935 2036 Quod
2978 1974 3158 2023 autem
3205 1967 3321 2021 inec
3349 1967 3420 2019 ita

1841 2079 1901 2119 se
1952 2063 2236 2126 haberent,
2286 2062 2600 2132 Regnorum
2648 2061 2920 2131 scriptura
2969 2060 3128 2115 docet
3176 2057 3282 2113 hoc
3326 2071 3420 2128 pa-

1837 2164 1928 2212 cto
1953 2175 1965 2212 :
1994 2154 2222 2210 Factum
2248 2164 2327 2210 est
2365 2164 2540 2210 autem
2584 2170 2702 2208 cum
2733 2155 2930 2209 sederet
2974 2151 3146 2206 David
3185 2151 3240 2205 in
3265 2150 3421 2204 domo

1840 2266 1958 2315 sua,
1994 2246 2064 2304 et’
2078 2249 2338 2304 Dominus
2365 2249 2749 2317 possessionem
2775 2247 2824 2301 ei
2857 2244 3086 2300 dedisset
3110 2245 3164 2298 in
3193 2244 3421 2297 circuitu

1841 2342 1906 2396 ab
1936 2341 2175 2396 omnibus
2207 2342 2438 2396 inimicis
2475 2341 2618 2401 suis;
2661 2339 2796 2393 dixit
2831 2354 2924 2393 rex
2949 2339 3016 2393 ad
3042 2337 3264 2391 Nathan
3292 2350 3420 2402 pro-

1838 2435 2048 2504 phetam
2080 2451 2097 2488 :
2127 2433 2276 2499 Ecce,
2300 2450 2392 2504 ego
2437 2433 2617 2487 habito
2649 2433 2704 2486 in
2730 2431 2886 2486 domo
2923 2429 3158 2496 eedrina,
3196 2439 3245 2483 et
3294 2445 3421 2482 arca

1839 2525 1939 2580 Dei
1970 2525 2112 2580 sedet
2139 2527 2194 2580 in
2224 2527 2394 2580 medio
2424 2523 2791 2586 tabernaculi;
2812 2529 2925 2584 aut,
2961 2524 3017 2576 in
3052 2521 3223 2576 medio
3247 2520 3420 2590 pellis.

1839 2626 1900 2671 ut
1942 2616 2208 2672 chraica
2246 2618 2409 2672 lectio
2450 2615 2744 2686 signiﬁcat.
2797 2613 2864 2667 Et
2916 2615 3055 2668 dixit
3089 2611 3310 2666 Nathan
3354 2613 3420 2665 ad

1839 2724 2030 2778 regem,
2076 2707 2272 2763 Omnia
2309 2724 2426 2779 qua:
2473 2715 2596 2761 sunt
2625 2711 2676 2758 in
2726 2705 2882 2759 corde
2922 2715 3011 2760 tuo
3055 2704 3184 2760 vade
3225 2714 3275 2758 et
3311 2704 3421 2773 fac,

1837 2801 1962 2870 quia
1983 2801 2238 2855 Dominus
2279 2809 2447 2854 tecum
2475 2810 2574 2855 est.
2621 2797 2686 2851 Et
2707 2797 2907 2866 factum
2937 2808 3014 2852 est
3047 2798 3100 2851 in
3129 2807 3278 2851 nocte
3302 2796 3420 2858 illa,

1837 2904 1886 2949 et
1938 2895 2136 2964 factum
2172 2904 2249 2948 est
2291 2893 2503 2948 verbum
2547 2892 2764 2946 Domini
2815 2891 2884 2945 ad
2935 2889 3156 2944 Natltan
3201 2888 3378 2944 dicens
3406 2931 3418 2942 .

1848 2987 1992 3041 Vade
2020 2987 2088 3039 ad
2120 3003 2323 3041 servum
2354 3001 2525 3039 meum
2553 2983 2746 3047 David,
2775 2993 2824 3038 et
2847 2983 2933 3038 dic
2962 2999 2980 3036 :
3015 2982 3138 3038 Hac
3169 2984 3297 3037 dicit
3321 2981 3418 3037 Do-

1839 3080 2034 3147 minus,
2073 3077 2194 3132 Non
2226 3087 2282 3132 tu
2308 3075 2600 3146 a'di/icabis
2641 3076 2772 3130 mihi
2810 3079 3024 3130 domum
3074 3074 3143 3128 ad
3172 3074 3413 3129 habitan-

1839 3171 1964 3226 dum
1990 3188 2008 3226 :
2033 3173 2158 3243 quia
2189 3188 2290 3225 non
2320 3170 2635 3224 habitaviin
2664 3167 2820 3234 domo
2842 3186 2874 3222 a
2903 3169 2987 3222 die
3009 3167 3106 3221 illa
3127 3184 3232 3238 qua
3263 3167 3418 3221 edux!

1841 3266 1979 3334 ﬁlios
2033 3264 2207 3319 Israel
2257 3280 2322 3319 ea:
2374 3262 2625 3334 rEgypto,
2666 3277 2829 3331 usque
2875 3262 2929 3315 in
2976 3260 3115 3315 diem
3167 3261 3342 3314 hanc:
3375 3270 3421 3314 et

1841 3353 2180 3408 ambulabam
2211 3354 2266 3407 iu
2295 3353 2580 3408 diversorio
2610 3362 2658 3406 et
2681 3353 2736 3405 in
2764 3351 3100 3406 tabernaculo
3129 3353 3183 3405 in
3223 3353 3421 3406 cunctis

1842 3449 1972 3503 locis
2000 3463 2090 3516 per
2127 3463 2246 3516 qua:
2275 3447 2494 3501 transivi
2526 3463 2644 3500 cum
2688 3445 2832 3498 omni
2873 3444 3086 3509 Israel;
3135 3444 3182 3498 si
3210 3443 3422 3514 loquens

1842 3542 2046 3595 locutus
2071 3556 2186 3593 sum
2211 3539 2280 3592 ad
2314 3555 2476 3592 unam
2502 3539 2695 3592 tribum
2739 3538 2932 3601 Israel,
2968 3537 3056 3590 cui
3079 3536 3301 3606 pra'cepi
3326 3551 3416 3604 pa-

1840 3651 1980 3689 scere
1997 3632 2250 3703 populum
2277 3648 2448 3687 meum
2482 3631 2656 3686 Israel
2676 3631 2853 3685 dicens
2876 3645 2894 3683 :
2927 3628 3103 3694 Quare
3125 3644 3229 3681 non
3251 3627 3416 3696 (edi/i-

1840 3725 2003 3778 castis
2056 3721 2184 3775 mihi
2231 3720 2447 3776 domum
2491 3721 2804 3776 cedrinam?
2855 3719 2925 3773 Et
2975 3735 3113 3773 nunc
3132 3719 3243 3772 haec
3279 3717 3421 3772 dices

1842 3831 1988 3877 servo
2036 3830 2148 3868 meo
2182 3812 2351 3867 David
2384 3828 2403 3865 :
2434 3811 2563 3866 Ilwc
2610 3811 2738 3865 dicit
2775 3811 3031 3866 Dominus
3069 3811 3420 3880 omnipotens,

1842 3906 1956 3978 Ego
1982 3907 2081 3960 tuli
2120 3916 2168 3960 te
2195 3921 2261 3960 ex
2299 3905 2424 3960 ovili
2452 3915 2749 3976 sequentem
2773 3921 2912 3968 oves,
2969 3912 3028 3957 ut
3067 3920 3205 3959 esses
3237 3904 3291 3957 in
3320 3902 3420 3956 du-

1841 4015 1951 4052 cem
1991 3997 2184 4063 Israel,
2225 4007 2276 4052 et
2315 4013 2463 4052 eram
2516 4007 2686 4051 tecum
2739 3999 2795 4050 in
2843 3996 3087 4050 omnibus
3130 3995 3420 4065 ubicunque

1841 4091 2152 4146 ambulabas
2181 4107 2199 4144 :
2241 4101 2290 4144 et
2338 4088 2545 4160 perdidi
2586 4105 2761 4143 omnes
2806 4090 3046 4142 inimicos
3087 4096 3254 4142 tuosa
3288 4087 3420 4156 facit

1844 4181 1959 4250 tua,
1992 4193 2042 4239 et
2075 4183 2252 4253 feci-te
2284 4184 2615 4237 nominatum
2653 4179 2940 4236 secundum
2978 4197 3163 4235 nomen
3203 4196 3415 4252 magno-

1844 4293 1959 4328 rum
1989 4277 2079 4347 qui
2115 4284 2237 4329 sunt
2265 4276 2321 4328 iu
2361 4284 2526 4329 terra.
2553 4272 2621 4327 Et
2646 4288 2839 4341 ponam
2869 4273 3042 4326 locum
3081 4271 3271 4341 populo
3311 4288 3422 4326 meo

1845 4368 2040 4435 Israel,
2083 4376 2133 4422 et
2166 4366 2418 4438 plantabo
2458 4382 2578 4420 eum
2626 4375 2674 4419 et
2711 4364 2971 4419 habitabit
2999 4381 3090 4434 per
3132 4380 3206 4428 se,
3238 4372 3287 4418 et
3319 4381 3422 4418 non

1842 4461 2106 4516 sollicitus
2135 4460 2236 4514 erit
2268 4458 2496 4528 amplius
2523 4473 2539 4511 :
2563 4467 2613 4512 et
2642 4475 2746 4511 non
2777 4456 2935 4510 addet
2965 4456 3110 4526 [ilius
3128 4457 3423 4526 iniquitatis

159 4548 438 4620 Ἰσραὴλ,
469 4549 570 4604 καί
597 4548 760 4620 ἤμην
785 4549 938 4620 μετὰ
964 4551 1079 4605 σοῦ
1117 4552 1187 4605 ἐν
1228 4552 1418 4608 πᾶσιν
1464 4552 1554 4621 οἷς
1598 4556 1733 4610 ἐπο-

1841 4552 2121 4605 humiliore
2155 4551 2325 4619 ipsum
2373 4549 2511 4604 sicut
2552 4565 2585 4600 a
2624 4547 2904 4615 principio,
2951 4563 2982 4599 a
3019 4545 3204 4600 diebus
3236 4547 3423 4619 quibus

141 4642 327 4708 ρεύου
354 4657 368 4672 ·
424 4642 522 4695 καὶ
559 4641 980 4709 ἐξωλόθρευσα
1022 4641 1255 4710 πάντας
1302 4645 1443 4712 τοὺς
1490 4647 1745 4716 ἐχθρούς

149 4750 264 4788 σου
298 4734 423 4788 άπὸ
452 4733 776 4802 προσώπου
802 4750 918 4788 σου
938 4751 952 4765 ·
999 4735 1099 4789 καί
1129 4737 1390 4806 ἐποίησά
1411 4739 1493 4792 ’σε
1525 4741 1742 4810 ὀνομα-

148 4827 303 4882 στὸν
352 4827 502 4880 κατὰ
555 4825 624 4880 τὸ
668 4826 857 4896 ὄνομα
890 4825 1010 4881 τῶν
1038 4828 1325 4900 μεγάλων
1357 4831 1476 4885 τῶν
1505 4832 1605 4886 ἐπὶ
1633 4831 1743 4901 τῆς

150 4919 282 4988 γῆς.
329 4919 442 4972 Καὶ
486 4917 747 4988 θήσομαι
783 4919 974 4973 τόπον
1016 4920 1097 4986 τῷ
1137 4921 1265 4987 ,1αῷ
1306 4940 1425 4992 μου
1471 4924 1742 4994 Ἰσραὴλ,

149 5011 251 5063 καί
301 5011 738 5079 καταφυτεύσω
770 5009 956 5065 αὑτὸν
992 5012 1092 5068 καί
1119 5016 1576 5084 κατασκηνώσει
1609 5021 1740 5074 καθ’

148 5101 373 5157 ἑαυτόν
391 5119 404 5133 ·
436 5102 533 5156 καὶ
556 5104 628 5156 οὐ
651 5102 1006 5172 μεριμνήσει
1021 5105 1356 5171 οὐκέτι,καί
1384 5109 1457 5162 οὐ
1483 5110 1743 5179 προσθή-

147 5209 244 5248 σει
289 5193 427 5260 υἰὸς
468 5193 704 5260 ἀδικίας
748 5194 853 5248 τοῦ
895 5198 1258 5252 ταπεινῶσαι
1311 5201 1500 5255 αὐτὸν
1546 5201 1745 5268 καθὼς,

146 5284 249 5339 ἀπ’
285 5283 484 5354 ἀρχῆς
507 5285 627 5340 ἀπὸ
664 5285 784 5339 τῶν
813 5286 1071 5357 ἡμερῶν,
1089 5284 1177 5344 ὧν
1202 5291 1387 5357 ἔταξα
1417 5295 1619 5363 κριτὰς
1641 5295 1741 5348 ἐπὶ

147 5375 256 5428 τὸν
307 5376 470 5430 ⁴λαόν
505 5393 626 5445 μου
664 5376 941 5444 Ἰσραήλ·
981 5380 1080 5433 καὶ
1123 5381 1454 5438 ἀναπαύσω
1501 5401 1574 5439 σε
1623 5387 1742 5441 ἀπὸ

151 5465 404 5521 πάντων
434 5467 551 5520 τῶν
576 5466 804 5536 ἐχθρῶν
837 5484 972 5522 σου.
1005 5470 1112 5524 Kal
1133 5473 1463 5544 ἀπαγγελεῖ
1504 5493 1603 5530 σοι
1635 5479 1742 5531 Κύ-

142 5575 302 5627 ριος,
333 5558 428 5611 ὅτι
451 5555 619 5612 οἷκον
639 5558 1056 5628 οἱκοδομήσεις
1082 5563 1262 5630 αὐτῷ.
1281 5567 1389 5620 Καὶ
1415 5567 1606 5632 ἔσται,
1631 5569 1742 5621 ἐὰν

151 5647 560 5717 πληρωθῶσιν
589 5653 648 5704 al
681 5650 889 5722 ἡμέραι
931 5667 1069 5719 σου,
1103 5654 1200 5708 καὶ
1233 5658 1572 5728 κοιμηθήση
1592 5660 1741 5728 μετὰ

235 5831 279 5863 ¹⁹
317 5831 464 5887 Psal.
503 5849 693 5888 cxxxt.
732 5838 848 5890 5~5.

1844 4644 2094 4698 constitui
2136 4642 2354 4712 judices.
2403 4657 2560 4710 super
2615 4641 2866 4708 populum
2913 4655 3084 4692 meum
3133 4639 3348 4696 Israel:
3376 4651 3464 4695 et»

1844 4737 2075 4808 requiem
2110 4735 2247 4789 dabo
2287 4735 2383 4787 tibi
2414 4733 2478 4787 ab
2522 4732 2764 4787 omnibus
2801 4732 3028 4785 inimicis
3065 4733 3191 4787 tuis.
3236 4731 3305 4786 Et
3337 4750 3418 4787 an-

1843 4829 2107 4884 nuntiabit
2151 4826 2245 4882 tibi
2292 4826 2570 4889 Dominus,
2608 4833 2664 4877 ut
2688 4823 2904 4877 domum
2937 4823 3167 4892 cedi/ices
3195 4826 3319 4894 ipsi.
3356 4824 3426 4880 Et

1842 4922 1966 4988 erit,
1996 4938 2113 4975 cum
2159 4919 2359 4988 impleti
2388 4917 2583 4986 fuerint
2621 4913 2732 4970 dies
2763 4916 2863 4980 tui,
2893 4925 2956 4969 ‘et
2985 4915 3267 4970 dormieris
3307 4933 3427 4970 cum

1843 5013 2088 5084 patribus
2123 5013 2250 5076 tuis,
2278 5021 2328 5066 et
2351 5008 2616 5065 suscitabo
2653 5025 2830 5063 semen
2871 5018 3018 5060 tuum
3042 5018 3158 5076 post
3189 5018 3259 5072 te,
3287 5009 3428 5078 quod

1843 5107 1944 5160 erit
1975 5107 2030 5160 in
2073 5115 2246 5160 uentre
2279 5113 2388 5167 tuo,
2414 5114 2463 5158 et
2498 5100 2808 5171 prteparabo
2853 5117 3066 5171 regnum
3100 5109 3270 5154 tuum.
3308 5098 3430 5168 Ipse

1847 5198 2133 5267 wdiﬁcabit
2163 5196 2292 5250 mihi
2315 5194 2551 5256 domum,
2575 5201 2624 5246 et
2650 5192 2848 5262 exigam
2873 5207 3086 5262 regnum
3118 5190 3232 5260 ejus
3267 5207 3429 5261 usque

1849 5291 1906 5344 in
1953 5288 2229 5344 saxulum.
2280 5285 2390 5356 Ego
2421 5301 2532 5339 ~ero
2581 5283 2664 5337 illi
2714 5283 2770 5336 in
2807 5291 3032 5351 patrem,
3087 5294 3136 5336 et
3176 5283 3284 5350 ipse
3325 5284 3428 5336 erit

1850 5383 1981 5437 mihi
2015 5384 2069 5436 in
2107 5381 2302 5451 ﬁlium.
2351 5377 2420 5431 Et
2458 5379 2504 5432 si
2547 5376 2744 5430 venerit
2784 5376 3037 5446 iniquitas
3069 5376 3207 5445 ejus,
3237 5385 3289 5430 et
3339 5393 3429 5430 ar-

1848 5489 2008 5546 guam
2044 5489 2162 5527 eum
2193 5473 2248 5524 in
2289 5470 2437 5539 virga
2484 5469 2737 5536 uirorum,
2789 5477 2839 5522 et
2892 5469 2945 5522 in
2976 5467 3146 5538 plagis
3190 5469 3428 5538 ﬁliorum

1848 5566 2139 5620 hominum.
2186 5560 2611 5615 Misericordiam
2643 5569 2819 5612 autem
2856 5575 3025 5612 meam
3049 5575 3154 5612 non
3183 5559 3428 5628 auferam

1849 5659 1914 5711 ab
1945 5675 2026 5721 eo,
2064 5658 2196 5710 sicut
2231 5654 2427 5708 abstuli
2467 5653 2532 5707 ab
2564 5655 2630 5707 iis
2668 5667 2802 5721 quos
2830 5652 3032 5707 abstuli
3067 5671 3097 5705 a
3125 5653 3263 5722 facie
3286 5670 3422 5708 mea.
