3830 6288
149 395 266 452 1081

1213 397 1714 454 (ΖΟΜΜΕΝΤΑΙΠΑ
1751 397 1816 452 IN
1870 397 2209 453 PSALMUS.

3237 404 3260 456 1
3270 403 3380 458 08%

143 511 297 581 ἀλλ’ἢ
326 510 384 564 τὸ
410 511 662 565 ἐκλεκτὸν
690 510 785 564 τοῦ
827 512 961 565 Θεοῦ
991 514 1326 586 χρηματίσαι
1375 518 1466 571 τὸν
1516 517 1696 582 Δαυῒδ,

1804 533 1932 571 num
1983 527 2246 572 aeternum
2292 525 2582 572 nacturum
2624 521 2734 587 sit;
2781 527 2944 590 atque
2989 528 3373 575 testamentum

144 606 228 658 xxi
247 601 304 655 τὸ
333 600 578 668 ἐξαύτοῦ
608 603 860 671 γενέσθαι
897 605 1117 677 σπέρμα
1140 607 1327 678 θρόνον
1355 609 1571 663 αἰώνιον
1601 629 1699 665 κα.

144 693 300 759 θέξον,
330 693 421 745 καὶ
450 692 520 744 τὸ·
535 692 802 764 διαθήκην
830 694 1046 748 αἰώνιον
1069 697 1398 752 διατίθεσθαι
1432 702 1567 772 πρὸς
1598 703 1701 756 αὑ-

142 784 222 838 τὸν
248 783 332 835 τὸν
355 783 502 847 Θεὸν,
531 783 563 853 ἢ
597 783 867 855 συνθήκην
889 786 1025 857 πρὸς
1048 788 1208 841 αὑτὸν
1236 789 1524 857 γενέσθαι;
1557 791 1702 846 οὕτω

141 877 238 947 γὰρ
272 879 302 929 δ
332 876 558 938 Ἀκύλας
598 878 692 930 καὶ
735 878 1026 950 Σύμμαχος
1065 883 1437 953 ἡρμήνευσαν,
1480 885 1703 953 συνθή-

142 987 250 1038 κην
285 970 403 1023 ἀντὶ
442 969 700 1040 διαθήκης
730 973 1030 1042 εἰρηκότες.
1060 975 1370 1045 Θαυμάσιον
1412 973 1479 1048 ἦν
1519 979 1610 1031 καὶ
1641 979 1702 1032 τὸ

141 1059 352 1128 ὀμνύναι
390 1059 478 1110 τὸν
507 1059 638 1111 Θεὸν
679 1061 948 1132 ἀνθρώπῳ
985 1067 1076 1118 καὶ
1108 1067 1167 1118 τὸ
1195 1067 1423 1136 φάσκειν
1449 1071 1586 1141 πρὸς
1610 1070 1700 1123 τὸν

141 1149 317 1202 αὐτόν’
346 1151 490 1216 Ἕως
522 1151 627 1204 τοῦ
655 1151 869 1219 αἰῶνος
891 1156 1186 1226 ἑτοιμάσω
1215 1161 1278 1212 τὸ
1303 1159 1538 1230 σπέρμα
1558 1177 1696 1226 σου,

140 1241 267 1294 κατά
289 1241 377 1294 τὸν
409 1243 702 1314 Σύμμαχον
720 1262 735 1278 ο
759 1247 868 1301 Kal
912 1249 1284 1319 οἰκοδομήσω
1315 1255 1402 1318 εὶς
1433 1253 1700 1321 ἑκάστην

138 1331 334 1399 γενεὰν
355 1331 464 1385 τὸν
489 1335 704 1401 θρόνον
736 1352 872 1401 σου,
912 1339 1049 1391 κατά
1076 1339 1166 1394 τὸν
1200 1343 1381 1397 αὐτόν.
1407 1343 1477 1394 Τὸ
1503 1343 1558 1394 δὲ
1583 1347 1700 1413 μεῖ-

138 1423 219 1488 ζον
249 1425 496 1478 ἀπάντων
530 1426 712 1496 θαῦμα
734 1428 891 1482 τοῦτο
924 1427 1012 1502 ἦν,
1039 1432 1099 1484 τὸ
1125 1433 1351 1488 τοιαῦτα
1373 1435 1700 1503 ἐπαγγελλό-

138 1533 282 1587 μενον
313 1517 402 1569 τὸν
425 1518 557 1570 Θεὸν
581 1519 728 1590 ὅρκῳ
758 1520 929 1576 ταῦτα
950 1524 1448 1596 ἐπισφραγίσασθαι
1473 1543 1487 1557 ·
1522 1527 1614 1578 καὶ
1639 1528 1700 1580 τὸ

140 1608 340 1660 πάντων
384 1607 825 1683 θαυμασιώτερον
853 1612 914 1665 τὸ
955 1614 1092 1684 μετά
1129 1615 1219 1668 τὸν
1248 1615 1388 1669 θεῖον
1423 1617 1583 1688 ὅρκον
1615 1618 1702 1670 δο-

137 1703 239 1754 κεῖν
265 1701 334 1771 μὴ
357 1702 511 1766 τέλος
533 1704 808 1775 είληφέναι
829 1707 952 1769 τοὺς
977 1707 1071 1760 τοῦ
1094 1708 1227 1761 Θεοῦ
1261 1708 1471 1778 λόγους,
1500 1711 1696 1763 τάναν-

135 1792 213 1844 τία
242 1792 294 1844 δὲ
327 1797 390 1864 τῇ
422 1797 739 1867 ὁρκωμοσία
775 1798 1066 1868 συμϐῆναι.
1087 1799 1364 1871 Ἑπιφέρει
1389 1800 1518 1868 γοῦν
1547 1800 1694 1870 ἑξῆς,

135 1886 332 1940 ἐναντία
358 1889 481 1948 ταῖς
504 1887 600 1940 τοῦ
625 1888 758 1942 Θεοῦ
788 1891 1141 1959 ἐπαγγελίαις
1165 1868 1340 1962 δηλῶν
1363 1909 1427 1944 συ
1436 1868 1697 1962 μϐεὸηκὲ-
1729 1868 1769 1922 Β

134 1994 239 2029 ναι·
268 1977 330 2029 δι’
363 1976 404 2032 ἃ.
427 1979 523 2032 καὶ
557 1981 788 2050 μάλιστα
823 1982 1184 2054 ἐκπλήττεται
1222 1986 1316 2037 καὶ
1363 1984 1630 2055 θαυμάζει
1669 1987 1696 2038 ὁ

135 2071 407 2142 Προφήτης
426 2087 440 2101 ⁸
476 2073 838 2126 ἀποδυσπετεῖ
870 2075 998 2143 γοῦν
1029 2076 1155 2146 ἑξῆς
1184 2076 1355 2144 λέγων
1375 2094 1388 2106 ·
1414 2077 1538 2130 Ποῦ
1566 2077 1697 2130 ἐστι

133 2165 197 2215 τὰ
219 2164 352 2232 ἐλέη
379 2180 499 2220 σου
527 2165 597 2222 τὰ
621 2166 856 2234 ἀρχαῖα,
880 2169 1075 2234 Κύριε.
1098 2167 1135 2221 ἆ
1157 2167 1398 2237 ὤμοσας
1423 2167 1503 2233 τῷ
1518 2169 1698 2220 Δαυῒδ

133 2255 197 2306 ἐν
220 2253 287 2322 τῇ
311 2255 564 2324 ἀληθείᾳ
597 2274 747 2321 σου;
786 2258 924 2311 Ἀλλ’
943 2259 1346 2327 ἀποθεραπεύει
1375 2259 1471 2330 τὴν
1501 2257 1696 2311 ἑαυτοῦ

133 2348 447 2420 ἀμηχανίαν,
484 2349 744 2420 ἀνωτέρω
777 2350 874 2419 μὲν
909 2348 1176 2420 εἰρηκώς·
1226 2350 1329 2404 Ἐν
1365 2349 1487 2415 τοῖς
1529 2351 1700 2416 οὐρα-

132 2437 245 2503 νοῖς
269 2439 763 2508 ἑτοιμασθιῇσεται
788 2443 825 2508 ἡ
852 2440 1102 2508 ἀλήθειά
1128 2458 1265 2504 σου,
1297 2444 1353 2494 ὲν
1381 2441 1436 2493 δὲ
1464 2444 1574 2504 τοῖς
1605 2459 1698 2511 με-

133 2528 191 2581 τὰ
220 2533 429 2600 χεῖρας·
485 2531 1062 2602 Ἐξομολογνήσονται
1101 2538 1152 2588 ol
1185 2535 1427 2602 οὐρανοὶ
1457 2535 1530 2588 τὰ
1564 2539 1698 2588 (Iav-

129 2619 300 2688 μάσιά
333 2637 475 2686 σου,
505 2623 602 2676 καὶ
628 2622 739 2691 γὰρ
767 2624 880 2691 τὴν
901 2625 1331 2690 ἀλήθειάν-σου
1367 2627 1437 2680 ἐν
1462 2626 1702 2694 Ἐκκλη-

133 2712 227 2780 ὰίᾳ
258 2715 596 2783 ἀγίων.”οτι
639 2717 730 2782 τίς
771 2718 839 2770 ἐν
883 2717 1167 2786 νεφέλαις
1215 2719 1572 2787 ἰσωθήσεται
1618 2717 1698 2784 τῷ

131 2806 327 2872 Κυρίῳ,
350 2807 784 2876 ὁμοιωθήσεται
829 2807 910 2872 τῷ
957 2810 1152 2876 Κιψίῳ
1196 2811 1264 2862 ἐν
1313 2810 1464 2876 υἱοῖς
1513 2811 1697 2877 Θεοῦ;

143 2895 275 2950 ’Λντὶ
312 2898 436 2951 τοῦ·
489 2901 559 2953 ἐν
597 2903 899 2969 νεφέλαις,
961 2904 988 2954 ὁ
1042 2902 1336 2972 Σύμμαχός
1386 2919 1540 2972 φησι·
1603 2904 1698 2968 Τίς

133 2987 228 3055 πὰρ
272 2989 338 3041 ἐν
387 2991 614 3057 αἱθέρι;
643 2990 858 3062 Σεόδρα
908 2991 964 3043 δὲ
1011 2991 1317 3055 ἀκολούθως
1357 2994 1602 3063 ἐπήγαγε
1631 2992 1698 3045 τὰ

133 3085 453 3156 προκείμενα
480 3085 957 3157 τοῖς.προλεχθεῖσι
983 3104 996 3116 ο
1036 3086 1132 3156 τήν
1162 3087 1272 3157 γὰρ
1297 3086 1554 3156 ἀλήθειάν
1583 3104 1695 3148 σου,

1800 619 2103 672 aeternum,
2138 610 2254 664 sive
2285 617 2504 678 pactum
2537 611 2603 663 ah
2633 613 2726 664 illo
2756 628 2880 665 cum
2916 612 3025 665 Deo
3053 629 3374 682 percussum

1801 701 2012 756 fuisse?
2040 701 2119 754 sic
2144 701 2288 754 enim
2321 700 2513 770 Aquila
2545 714 2596 755 et
2630 699 2988 772 Symmachus
3034 704 3378 773 interpretati.

1801 803 1965 855 sunt,
1998 794 2089 862 qui
2125 805 2335 860 pactum
2378 808 2475 864 pro
2505 801 2838 847 testamento
2884 794 3158 848 dixerunt.
3209 795 3373 848 Mira-

1801 887 1908 940 bile
1937 901 2154 955 quoque
2182 888 2508 956 eratjurare
2541 884 2708 938 Deum
2756 885 2960 938 homini
2987 926 2999 946 ,
3037 887 3247 956 ipsique
3285 887 3372 940 di-

1800 993 1923 1032 cere
1942 1019 1955 1040 ,
1987 977 2160 1046 Usque
2183 979 2236 1031 in
2259 989 2512 1033 aeternum
2537 977 2851 1046 prn’parnbo
2876 994 3044 1030 semen
3075 989 3253 1040 tuum,
3285 995 3373 1033 se-

1799 1071 2036 1125 cundum
2071 1069 2454 1140 Symmachum
2482 1089 2494 1123 :
2531 1069 2598 1122 Et
2632 1070 2904 1138 n'diﬁtabo
2945 1071 2998 1123 in
3029 1087 3375 1141 unamquam-

1799 1177 1896 1232 que
1913 1163 2299 1232 generationem
2319 1162 2562 1215 thronum
2585 1171 2728 1213 tuum
2747 1203 2760 1226 ,
2783 1167 3080 1215 secundum
3098 1161 3368 1215 eumdem.

1799 1254 1862 1307 At
1883 1253 2446 1308 maximum-omnium
2469 1253 2788 1306 miraculum
2811 1253 2939 1306 illud
2959 1262 3096 1317 erat,
3122 1253 3374 1308 videlicet

1801 1346 1915 1400 haec
1933 1347 2230 1416 pollicitum
2255 1345 2422 1402 Deum
2443 1387 2458 1410 ,
2473 1346 2786 1415 iuramento
2801 1345 2989 1399 eadem
3008 1346 3328 1415 obsignasse
3354 1365 3368 1399 ι

1799 1454 1988 1493 verum
2032 1440 2177 1509 quod
2209 1439 2454 1492 omnium
2487 1437 2713 1492 omnino
2748 1437 3219 1492 mirabilissimum
3253 1445 3371 1504 est,

1800 1529 1894 1585 Dei
1923 1547 2237 1592 sermones,
2269 1545 2409 1601 quos
2436 1529 2656 1599 juratus
2691 1529 3025 1598 protulerat,
3059 1545 3166 1582 non
3199 1527 3265 1582 ad
3294 1528 3374 1582 el?-

1799 1621 2001 1678 fectum
2047 1623 2315 1678 deductos
2363 1639 2529 1688 esse;
2581 1622 2675 1676 sed
2724 1621 3056 1688 juramentis
3097 1621 3372 1675 contraria

1799 1718 2045 1770 evenisse
2089 1716 2282 1771 videri.
2329 1714 2464 1768 Nam
2510 1713 2704 1768 deinde
2749 1715 2955 1784 pergit,
3004 1715 3204 1768 divinis
3248 1730 3374 1784 pro—

1801 1808 1988 1862 missis
2023 1811 2268 1878 opposita
2295 1806 2593 1876 contigisse
2623 1820 2856 1860 narrans
2885 1826 2896 1859 :
2929 1821 3162 1874 quorum
3195 1807 3370 1858 maxi-

1799 1914 1884 1952 me
1907 1915 2071 1953 causa
2098 1897 2431 1966 obstupescit
2455 1897 2789 1966 miraturque
2814 1894 3082 1966 Propheta
3099 1936 3112 1960 ,
3137 1903 3190 1949 et
3215 1896 3371 1965 quasi

1798 2007 1912 2045 rem
1941 2007 2083 2062 aegre
2115 1990 2294 2046 ferens
2323 1993 2396 2044 ait
2425 2010 2437 2044 :
2469 1989 2568 2043 Ubi
2600 2000 2722 2043 sunt
2751 1990 3128 2043 misericordia:
3156 1999 3260 2042 tua:
3287 2005 3375 2040 an-

1799 2081 1990 2150 tiquae,
2024 2081 2276 2147 Domine,
2308 2097 2442 2150 quas
2465 2080 2669 2148 jurasti
2695 2079 2868 2132 David
2913 2081 2966 2132 in
2997 2080 3214 2133 veritate
3242 2080 3373 2133 tua?

1798 2171 1867 2226 At
1896 2173 2161 2243 angustiae
2191 2189 2304 2228 suae
2331 2173 2594 2227 medelam
2632 2173 2909 2234 adhibuit,
2956 2180 3068 2225 tum
3116 2171 3374 2240 superius

1798 2280 1923 2319 cum
1965 2264 2207 2329 diceret,
2265 2264 2330 2319 In
2383 2265 2524 2320 cwlis
2568 2265 2960 2334 pra’parabitur
3001 2264 3193 2318 veritas
3238 2274 3374 2325 tua;

1800 2361 1914 2407 tum
1961 2355 2014 2408 in
2056 2355 2142 2409 his
2187 2371 2307 2424 quae
2353 2363 2656 2412 tractamus
2697 2357 2922 2419 dicens,
2973 2355 3376 2423 (Ion/itebuntur

1798 2443 1914 2497 caeli
1945 2444 2214 2498 mirabilia
2247 2455 2338 2498 tua
2359 2484 2372 2507 ,
2402 2447 2594 2498 etenim
2624 2447 2897 2499 veritatem
2931 2453 3075 2497 tuam
3104 2446 3156 2497 in
3186 2443 3374 2498 Eccle-

1798 2537 1881 2589 sia
1935 2547 2262 2590 sanctorum.
2285 2566 2356 2576 —
2379 2535 2544 2591 Vens.
2599 2538 2650 2592 7.
2703 2537 2965 2603 Quoniam
2999 2537 3114 2606 quis
3148 2537 3202 2588 in
3224 2535 3377 2588 nubi-

1800 2627 1894 2680 bus
1928 2627 2224 2691 (rimabitur
2249 2627 2476 2682 Domino
2503 2669 2516 2692 ,
2550 2629 2740 2683 similis
2769 2631 2869 2683 erit
2902 2629 3127 2682 Domino
3160 2628 3212 2680 in
3247 2627 3376 2696 ﬁliis

1805 2718 1897 2771 Dei
1926 2721 1951 2774 ?
1979 2719 2083 2772 Pro
2115 2719 2239 2784 illo,
2272 2720 2326 2772 in
2375 2720 2633 2783 nubibus,
2681 2721 3044 2792 Symmachus
3090 2719 3166 2773 ait
3188 2759 3201 2782 ,
3242 2720 3375 2784 Quis

1798 2813 1936 2866 enim
1980 2812 2035 2865 in
2083 2812 2321 2866 reticere?
2367 2813 2671 2866 Admodum
2715 2823 3082 2882 congruenter
3116 2812 3228 2865 haec
3259 2812 3372 2881 jam

1800 2902 2099 2972 praemissis
2133 2901 2373 2970 adiecit:
2410 2906 2694 2957 veritatem
2735 2904 2880 2956 enim
2924 2911 3109 2967 tuam,
3155 2903 3369 2971 inquit,

1800 3004 1853 3049 ct
1898 2995 2172 3050 mirabilia
2220 3003 2313 3048 tua
2361 2996 2575 3050 etiamsi
2619 2995 2868 3049 homines
2917 2995 3219 3066 intelligere
3263 3009 3371 3047 non

1799 3088 2055 3154 valeant;
2091 3102 2196 3156 qua
2246 3087 2313 3141 de
2342 3100 2512 3141 causa
2539 3086 2764 3156 jamja-m
2801 3087 3051 3142 dicturus
3079 3101 3199 3140 sum
3223 3128 3237 3151 ,
3276 3084 3376 3138 Ubi

131 3177 270 3244 φησὶ,
294 3177 486 3231 καὶτὰ
511 3176 790 3247 θαυμάσιά
821 3193 937 3240 σου,
965 3177 1013 3228 εἱ
1043 3177 1135 3228 καὶ
1166 3175 1240 3246 μὴ
1269 3176 1544 3246 ἄνθρωποι
1575 3193 1696 3230 συν-

1800 3190 1922 3234 sunt
1961 3179 2342 3233 misericordiw
2385 3189 2489 3232 tute
2529 3181 2763 3248 antiqui:
2786 3221 2800 3243 ,
2836 3177 3094 3239 Domine,
3125 3195 3257 3246 quas
3282 3178 3377 3246 ju-

131 3271 255 3320 εἴναι
280 3269 538 3323 δύνανται
558 3286 571 3299 ·
603 3268 669 3321 δι’
701 3269 730 3321 ὃ
777 3268 953 3339 μέλλω
994 3267 1172 3335 λέγειν
1206 3268 1400 3338 μικρὸν
1433 3268 1657 3339 ὕστερον
1680 3285 1693 3299 °

131 3359 239 3411 Ποῦ
261 3358 388 3412 ἐστι
414 3359 493 3412 τὰ
512 3357 654 3426 ἐλέη
684 3374 801 3410 σου
828 3360 900 3410 τὰ
921 3357 1160 3426 ἀρχαῖα,
1181 3358 1377 3424 Κύριε,
1397 3355 1435 3409 ἅ
1457 3356 1698 3424 ὤμοσας

129 3449 197 3514 τῷ
220 3451 424 3513 Δαυΐδ;
473 3452 610 3504 Ἀλλ’
636 3453 852 3523 οὐρανοὶ
885 3451 1235 3522 διηγήσονται
1276 3451 1370 3504 καὶ
1404 3450 1699 3522 ’Ἐκκλησία

131 3542 284 3609 ἁγίων
329 3543 697 3614 μαρτυρήσει,
728 3543 808 3597 ὅτι
861 3542 1026 3614 μηδὲν
1057 3534 1131 3597 ὧν
1159 3541 1382 3611 ὤμοσας
1410 3539 1488 3611 τῷ
1513 3540 1694 3604 Δαυῖδ,

128 3633 472 3697 διαπεσεῖται,
506 3635 626 3688 οὐδὲ
655 3634 945 3704 ψεύσονται
979 3651 1070 3686 σου
1105 3635 1159 3687 αἱ
1192 3633 1549 3702 ἐπαγγελίαι·
1580 3633 1700 3686 ἁδύ-

130 3743 271 3781 νατον
299 3729 404 3798 γάρ
447 3729 563 3780 ὲστι
594 3728 654 3780 τὸ
685 3728 742 3780 σὲ
773 3727 1102 3797 ψεύσασθαι.
1135 3727 1230 3790 Τίς
1260 3728 1369 3797 γάρ
1394 3744 1474 3779 σοι
1503 3725 1694 3792 ἐξισω-

131 3817 343 3889 θήσεται-
368 3823 425 3875 ἐν
455 3821 698 3892 ἀληθεία,
730 3820 762 3891 ἢ
790 3821 874 3883 τίς
903 3821 1298 3890 ὁμοιωθήσεται
1331 3819 1388 3872 ὲν
1411 3817 1488 3889 τῷ
1518 3817 1698 3886 λέγειν

128 3911 212 3962 καὶ
233 3911 556 3965 πιστοῦσθαί
591 3927 682 3963 σου
717 3911 816 3972 τὰς
849 3909 1211 3976 ὲπαγγελίας;
1251 3907 1384 3960 Οὐδὲ
1417 3907 1527 3978 γὰρ
1549 3908 1696 3960 ἀντι-

130 4003 303 4071 στῆναί
339 4020 432 4055 σου
465 4006 530 4073 τῇ
563 4001 723 4072 βουλῇ
763 4000 984 4054 δύναταί
1029 4016 1134 4063 τις,
1169 3999 1241 4062 ὡς
1273 3997 1598 4069 ἀνατρέπειν
1626 3995 1697 4049 τὰ

128 4089 261 4157 ἅπαξ
289 4092 391 4145 ὑπὸ
424 4092 520 4145 σοῦ
547 4091 844 4163 ὡρισμένα,
871 4093 1063 4161 μήτιγε
1085 4089 1154 4142 τὰ
1189 4088 1306 4160 μεθ’
1332 4089 1496 4160 ὅρκου
1523 4090 1696 4159 ἐπηγ-

128 4183 380 4252 γελμέναι
427 4183 568 4236 ὥστε
612 4185 659 4235 εἰ
699 4181 772 4253 μὴ
803 4184 897 4235 καὶ
942 4183 1074 4252 ἡμῖν
1112 4180 1374 4250 ἔγνωσταί
1409 4197 1496 4233 πω
1529 4181 1694 4252 ἡτῶν

127 4275 456 4342 ἐπαγγελιῶν
483 4291 576 4326 σου
602 4272 846 4344 ἀλήθεια,
879 4271 994 4324 ἀλλ’
1021 4274 1196 4324 ἐκεῖνο
1223 4269 1466 4343 ἀκριϐῶς
1501 4271 1658 4340 ἴσμεν
1677 4308 1692 4334 ,

127 4364 206 4419 ὅτι
242 4365 500 4432 δυνατὸς
529 4363 600 4426 εἴ,
628 4365 822 4433 Κύριε,
853 4364 948 4416 καὶ
987 4364 1024 4432 ἠ
1062 4363 1313 4431 ἀλήθειὰ
1345 4377 1460 4416 σου
1492 4363 1696 4424 κύκλῳ

125 4470 252 4511 σου.
285 4459 447 4513 Πάντ³
475 4453 568 4510 οὖν
599 4457 696 4509 ὅσα
729 4455 821 4508 καὶ
845 4453 1169 4525 βεϐούλησαι
1198 4454 1442 4519 δύνασαι,
1467 4454 1561 4506 καὶ
1585 4453 1694 4506 τῶν

1801 3271 1937 3324 rasti
1970 3269 2141 3324 David
2169 3273 2191 3324 ?
2220 3278 2275 3322 at
2304 3270 2428 3322 ραιιί
2457 3269 2824 3330 enarrabunt,
2858 3275 2912 3320 et
2957 3267 3203 3320 Ecclesia
3247 3283 3376 3322 san-

1797 3372 2009 3417 ctorum
2033 3361 2436 3423 testiﬁcahitur,
2459 3361 2595 3414 nihil
2617 3375 2806 3414 eorum
2829 3375 2948 3428 quae
2968 3357 3156 3412 Davidi
3179 3358 3376 3428 jurasti

1798 3455 2079 3524 lapsurum
2125 3469 2287 3518 esse,
2342 3469 2522 3522 neque
2573 3452 2761 3506 irritas
2811 3451 2928 3504 fore
2980 3451 3377 3521 promissiones

1799 3555 1924 3602 tuas
1953 3565 1969 3600 :
1998 3545 2114 3601 fieri
2141 3546 2287 3600 enim
2311 3547 2500 3615 nequit
2526 3553 2576 3598 te
2604 3543 2844 3597 mentiri.
2876 3542 3009 3607 Quis
3030 3543 3174 3596 enim
3202 3557 3380 3611 arqua-

1799 3639 1868 3695 lis
1902 3638 2000 3692 tibi
2027 3639 2134 3692 erit
2166 3637 2222 3691 in
2253 3638 2516 3698 veritate,
2549 3642 2644 3687 aut
2673 3634 2798 3702 quis
2828 3633 3026 3688 similis
3055 3633 3161 3687 erit
3191 3633 3287 3686 tibi
3321 3632 3375 3685 in

1797 3744 1892 3793 eo,
1919 3729 2064 3798 quod
2092 3728 2334 3797 loquaris
2358 3734 2413 3780 et
2436 3724 2828 3795 promissiones
2857 3732 2962 3776 tua:
2987 3722 3154 3776 ﬁrmae
3181 3729 3235 3775 et
3264 3722 3376 3790 ple-

1797 3835 1880 3874 na
1914 3819 2039 3873 ﬁdei
2084 3818 2365 3873 evadant?
2394 3815 2526 3869 Tum
2554 3813 2754 3884 quippe
2785 3812 3052 3867 voluntati
3085 3827 3246 3867 nemo
3274 3827 3374 3881 pu-

1796 3919 1905 3966 test
1934 3910 2240 3973 obsistere,
2290 3909 2366 3962 ita
2406 3914 2467 3960 ut
2511 3921 2610 3970 ea,
2657 3921 2776 3974 quae
2806 3919 2835 3956 a
2867 3913 2919 3957 te
2949 3904 3116 3958 semel
3150 3902 3374 3958 definita

1799 4012 1958 4068 sunt,
1988 4009 2233 4066 evortat,
2268 3999 2469 4056 nedum
2503 4016 2565 4053 ea
2596 4015 2718 4069 quae
2749 4013 2872 4052 cum
2901 3995 3217 4065 iuramento
3245 4011 3374 4065 pro-

1797 4093 1968 4148 missa
2012 4098 2182 4157 sunt;
2231 4091 2306 4144 ita
2350 4097 2410 4143 ut
2449 4088 2666 4143 etiamsi
2712 4087 2874 4142 nobis
2917 4093 3044 4138 nota
3084 4101 3192 4139 non
3231 4093 3378 4139 esset

1797 4185 2196 4258 promissorum
2231 4191 2450 4236 tuorum
2481 4181 2684 4236 veritas
2706 4221 2724 4246 ,
2755 4187 2811 4232 at
2847 4177 2979 4232 illud
3024 4177 3190 4243 probe
3233 4177 3376 4230 scia—

1798 4291 1954 4340 mus,
1984 4275 2233 4345 quoniam
2265 4281 2446 4340 potens
2475 4288 2562 4335 es,
2597 4271 2853 4329 Domine.
2886 4277 2935 4322 et
2969 4270 3161 4322 veritas
3197 4277 3286 4319 tua
3321 4269 3376 4319 in

1797 4369 2022 4422 circuitu
2055 4376 2165 4420 tuo.
2206 4364 2402 4421 Omnia
2447 4365 2613 4436 igitur
2640 4378 2980 4434 qumcunque
3012 4360 3250 4415 volueris
3279 4376 3376 4428 po-

1797 4472 1918 4524 tes,
1962 4468 2016 4516 et
2045 4457 2432 4528 praedictorum
2474 4455 2540 4512 de
2587 4455 2791 4509 Davlde
2841 4454 3130 4508 verborum
3172 4460 3373 4506 veritas

125 4548 286 4618 λόγων
319 4567 413 4602 σου
443 4549 551 4602 τῶν
576 4550 706 4617 περὶ
733 4545 827 4600 τοῦ
847 4545 1008 4599 Δαυῒδ
1034 4545 1453 4618 προρρηθέντων
1496 4547 1529 4613 ή
1558 4545 1691 4615 ἀλή-

1799 4554 1944 4608 eirca
1975 4559 2028 4606 te
2057 4551 2336 4617 volvitur;
2370 4547 2444 4601 ita
2478 4557 2537 4601 ut
2565 4547 2820 4600 omnibus
2843 4585 2856 4608 ,
2895 4545 2986 4614 qui
3016 4546 3160 4597 circa
3194 4554 3245 4597 te
3279 4558 3374 4612 po-

127 4640 237 4694 θεια
264 4642 406 4712 ἀμφὶ
443 4644 502 4696 σὲ
523 4641 746 4694 εἱλεῖται
763 4656 775 4669 ·
811 4639 886 4700 ὼς
912 4641 1045 4691 πᾶσι
1076 4637 1174 4709 μὲν
1196 4641 1308 4701 τοῖς
1333 4639 1458 4710 περὶ
1489 4639 1548 4690 σὲ
1577 4634 1697 4691 οὖσι

127 4733 208 4788 καὶ
242 4733 338 4803 τὴν
363 4730 460 4802 σὴν
491 4730 718 4801 θεότητα
742 4726 1104 4799 δορυφυροῦσι
1137 4725 1697 4796 γινώσκεσθαι,ἀγνο-

125 4824 289 4876 εῖσθαι
315 4824 370 4876 δὲ
392 4827 505 4886 τοῖς
539 4821 754 4893 μακρὰν
787 4819 1150 4888 ἀφεστηκόσιν
1177 4820 1285 4872 ἀπὸ
1315 4818 1429 4872 σοῦ.

187 4917 340 4969 Δοκεῖ
382 4915 441 4968 δέ
494 4932 583 4985 μοι
630 4913 717 4969 διὰ
747 4915 949 4964 τούτων
971 4912 999 4964 ὁ
1034 4912 1344 4982 Προφήτης,
1371 4910 1510 4980 ἁγίῳ
1539 4908 1702 4962 Πνεύ-

129 5025 250 5077 ματι
281 5008 653 5079 θεοςςορηθεὶς,
683 5005 922 5068 καὶτοὺς
940 5003 1038 5074 τῆς
1057 5003 1236 5074 ψυχῆς
1259 5001 1572 5073 ὀφθαλμοὺς
1593 5019 1698 5070 φω-

122 5100 172 5152 τὶ
194 5099 361 5173 νοερῷ
386 5097 806 5168 καταυγασθεὶς,
831 5096 931 5166 τὴν
959 5095 1115 5161 δόξαν
1149 5095 1452 5166 ἑωρακέναι
1474 5093 1566 5146 τοῦ
1591 5095 1700 5147 Μο-

124 5181 365 5258 νογενοῦς
414 5191 505 5244 τοῦ
552 5189 700 5242 Θεοῦ.
763 5189 820 5241 ἐν
871 5185 1022 5257 μέσῳ
1072 5186 1170 5256 τῆς
1216 5183 1540 5256 Ἐκκλησίας
1584 5183 1696 5237 τῶν

125 5283 282 5348 ἁγίων
314 5284 568 5346 ἑστῶτος,
596 5283 690 5335 καὶ
720 5277 1187 5351 δορυφορουμένου
1229 5276 1334 5330 ὑπὸ
1375 5276 1482 5330 τῶν
1525 5274 1698 5343 ἁγίων.

123 5376 222 5427 τῶν
255 5379 310 5428 ὲν
353 5375 600 5446 βασιλείᾳ
639 5371 823 5426 αὐτοῦ.
861 5369 1257 5440 Μνημονεύσας
1288 5369 1423 5438 γοῦν¹
1459 5368 1569 5422 τῶν
1599 5368 1692 5420 οὑ-

127 5465 315 5533 ρανῶν,
347 5466 440 5518 καὶ
489 5465 564 5536 τῷ
616 5463 746 5529 θείῳ
797 5460 1073 5531 Πνεύματι
1113 5459 1424 5523 ένατενίσας
1470 5462 1536 5530 τῇ
1585 5457 1693 5512 τῶν

127 5556 286 5622 ἁγίων
335 5556 650 5626 Ἐκκλησία,
682 5555 854 5608 ἔοικεν
904 5552 1205 5624 ἑωρακέναι
1247 5552 1413 5620 μέσον
1448 5551 1538 5603 τὸν
1563 5549 1690 5602 Υἱὸν

123 5645 211 5698 τοῦ
242 5646 376 5700 Θεοῦ
395 5664 411 5678 ο
436 5644 550 5700 εἶτα
576 5645 713 5716 μετὰ
741 5646 837 5715 τὴν
860 5644 1067 5698 ἐκείνου
1095 5643 1419 5713 κατανόησιν
1447 5641 1692 5712 ἐπιστρέ-

127 5755 239 5806 φειν
273 5739 400 5802 τοὺς
442 5737 748 5808 ὀφθαλμοὺς
783 5737 874 5789 ἐπὶ
916 5735 1026 5790 τῶν
1055 5735 1214 5802 πέριξ
1240 5735 1410 5802 ἀγίων
1441 5732 1689 5801 ἂγγέλων

128 5831 213 5890 καὶ
241 5829 616 5901 ἀρχαγγέλων,
665 5827 987 5899 πνευμάτων
1005 5843 1063 5880 τε
1090 5825 1246 5879 θείων
1284 5827 1376 5879 καὶ
1408 5825 1686 5894 δινάμεων

1799 4644 1890 4700 siti
1920 4651 2049 4698 sunt
2077 4651 2131 4696 et
2160 4641 2418 4696 deitatem
2449 4639 2654 4709 stipant
2684 4644 2833 4690 tuam
2857 4678 2871 4702 ,
2906 4645 3035 4689 nota
3066 4635 3167 4702 sit,
3203 4635 3271 4688 ab
3304 4636 3373 4689 iis

1799 4752 1932 4791 vero
1961 4735 2053 4805 qui
2085 4734 2278 4804 procul
2309 4743 2360 4788 te
2389 4739 2517 4788 sunt
2537 4771 2552 4798 ,
2580 4732 2880 4800 ignoretur.

1869 4909 1948 4963 Ex
1977 4908 2067 4964 his
2099 4923 2265 4978 porro
2292 4905 2512 4961 videtur
2539 4903 2672 4958 mihi
2695 4901 2974 4972 Propheta
3008 4901 3217 4973 Spiritu
3247 4917 3376 4957 san-

1797 5011 1887 5058 cto
1915 5002 2099 5056 divine
2131 5001 2410 5070 repletus,
2453 5012 2517 5052 ac
2547 4997 2746 5052 mentis
2773 4995 2953 5050 oculis
2987 4996 3256 5065 spirituali
3289 4997 3374 5049 lu-

1799 5096 1947 5151 mine
1974 5095 2320 5156 illustratus,
2351 5090 2582 5161 gloriam
2613 5089 2818 5143 vidisse
2850 5086 3122 5158 Unigeniti
3154 5087 3280 5153 Dei,
3318 5088 3374 5142 in

1797 5187 1976 5241 medio
1999 5185 2256 5241 Ecclesia:
2279 5191 2597 5238 sanctorum
2621 5181 2840 5244 stantis.
2866 5188 2919 5235 et
2943 5189 3257 5235 sanctorum
3278 5181 3373 5250 qui

1797 5279 1854 5332 in
1894 5293 2064 5348 regno
2089 5277 2210 5347 ejus
2238 5283 2367 5331 sunt
2395 5273 2744 5327 multitudine
2772 5273 2980 5342 stipati.
3023 5269 3158 5327 Cum
3203 5273 3375 5326 caelos

1795 5381 2032 5436 namque
2063 5372 2460 5427 memorasset,
2493 5369 2547 5416 et
2581 5360 2787 5431 Spiritu
2817 5363 3004 5416 divino
3055 5371 3372 5418 salictorum

1795 5455 2096 5513 Ecclesiam
2133 5457 2460 5520 intueretur,
2490 5453 2710 5509 videtur
2743 5455 2797 5509 in
2831 5456 3010 5510 medio
3053 5471 3242 5511 eorum
3282 5456 3375 5511 Fi-

1793 5546 1924 5599 lium
1938 5545 2030 5600 Dei
2059 5545 2433 5614 conspexisse,
2449 5543 2644 5600 deinde
2663 5556 2840 5602 autem
2860 5549 2979 5618 ipso
2999 5549 3369 5615 considerato,

1793 5639 1984 5693 oculos
2013 5646 2228 5693 vertere
2269 5638 2338 5692 ad
2377 5647 2696 5695 sanctorum
2742 5643 3093 5712 angelorum,
3139 5644 3374 5699 archan-

1793 5730 2037 5800 gelorum
2057 5769 2071 5795 ,
2101 5729 2391 5799 spirituum
2416 5730 2726 5787 divinorum
2759 5741 2812 5787 et
2843 5737 3102 5789 virtutum
3138 5738 3370 5791 circum-

1793 5821 2027 5891 positum
2055 5821 2320 5877 chorum:
2365 5823 2559 5880 borum
2603 5825 2943 5882 divinitatem
2977 5827 3202 5894 mirari;
3235 5844 3361 5883 eum
