3830 6288
439 383 578 440 ἱο85

1141 375 1410 432 EUSEBII
1449 373 1922 430 CESARIENSIS
1959 372 2110 429 OPP.
2148 370 2330 427 PARS
2364 369 2450 426 Ill.
2492 399 2561 410 —
2591 365 3000 422 EXEGETICA.

3503 369 3607 424 1085

444 515 570 555 vero
599 498 689 567 qui
717 510 908 551 omnes
949 493 1191 556 excedit,
1221 507 1422 548 omnes
1449 499 1706 562 superat,
1741 490 1999 561 Uuigeni-

2114 490 2258 560 (ορόν
2277 507 2290 520 ·
2318 488 2412 542 καὶ
2441 485 2737 557 θαυμάζειν
2761 485 2859 554 τὴν
2887 482 3090 536 τούτων
3125 480 3366 551 θειότητα
3383 499 3396 511 θ
3423 484 3612 558 ὑπερεκ.

443 602 552 645 tum
584 589 712 654 Dei,
743 603 866 643 cum
898 595 1121 657 stupore
1153 583 1504 640 considerare
1531 603 1543 638 :
1575 582 1771 638 deinde
1799 598 1878 638 ex,
1911 583 2008 637 ad-

2114 581 2436 653 πλήττεσθαι
2459 580 2515 633 δὲ
2539 579 2630 632 τὸν
2654 577 2911 630 ἐπέκεινα
2936 575 3169 632 πάντων,
3196 575 3287 627 καὶ
3311 575 3438 644 ὑπὲρ
3456 577 3615 640 πάντας

443 683 725 738 miratione
749 681 862 735 haec
883 679 1034 735 eﬁari
1053 719 1067 743 ,
1093 677 1355 743 Quoniam
1375 677 1492 743 quis
1509 677 1562 728 in
1588 674 1809 729 nubibus
1829 691 2010 746 arqua-

2114 674 2197 728 τὸν
2219 673 2494 742 Μονογενῆ
2521 669 2614 724 τοῦ
2642 668 2775 722 Θεοῦ
2796 684 2810 698 ⁸
2846 663 2943 720 εἶτ’
2973 668 3036 719 ἐκ
3069 665 3160 719 τοῦ
3188 665 3448 737 θαύματος
3469 668 3618 721 ἀναπε-

443 777 582 829 bitur
610 775 876 830 Domino?
911 773 1027 828 sive
1073 771 1376 827 secundum
1408 769 1831 842 Symmachum,
1874 769 2008 836 Quis

441 869 576 922 enim
607 869 664 921 in
689 867 872 921 aethere
896 864 1121 932 conferet
1147 880 1201 917 se
1218 863 1438 916 Domino
1467 862 1521 915 in
1547 859 1673 931 ﬁliis
1687 861 1788 940 Dei
1809 865 1834 916 ?
1862 859 2008 927 Haec,

443 961 510 1015 de
542 959 830 1030 Unigcnito
853 957 947 1012 Dei
981 958 1126 1010 dicta
1147 996 1161 1019 ,
1199 956 1341 1026 piam
1372 961 1590 1010 servant
1632 953 1956 1009 sententiam
1991 969 2006 1018 ;

443 1053 510 1107 de
540 1051 701 1106 Patre
731 1065 860 1106 vero
892 1065 955 1103 ac
989 1049 1099 1104 Deo
1141 1049 1521 1102 universorum
1561 1061 1720 1103 secus
1750 1065 1763 1101 :
1808 1046 2010 1115 impro-

445 1144 563 1214 pria
592 1142 734 1197 enim
764 1149 818 1196 et
849 1142 1010 1210 impia
1039 1139 1374 1208 comparatio
1402 1147 1566 1193 esset.
1597 1137 1732 1192 Nam
1764 1137 1889 1193 ﬁliis
1917 1136 2011 1192 Dei

445 1235 686 1290 omnium
715 1248 936 1287 causam
965 1231 1214 1286 conferre
1233 1271 1249 1296 ,
1279 1239 1334 1285 et
1359 1245 1482 1284 eum
1511 1229 1605 1299 qui
1634 1245 1799 1299 supra
1829 1230 2012 1284 omnia

445 1333 529 1380 est
563 1323 704 1379 Deus
736 1323 859 1377 aliis
891 1336 1246 1392 comparare,
1291 1321 1734 1390 improbissimus
1767 1321 2010 1375 omniutn

446 1435 615 1475 ausus
641 1425 805 1474 esset.
835 1417 902 1471 At
933 1417 1052 1472 sine
1081 1417 1326 1487 periculo
1357 1416 1530 1473 Filius
1568 1417 1662 1473 Dei
1699 1419 2024 1488 unigenitus

448 1509 575 1564 ﬁliis
615 1509 708 1564 Dei
746 1515 1119 1576 comparatur,
1160 1523 1223 1562 ac
1261 1508 1468 1563 dicitur
1503 1524 1629 1563 cum
1671 1509 2012 1580 incompara-

448 1601 607 1655 bilem
639 1615 785 1665 esse,
817 1615 938 1653 cum
969 1599 1119 1653 nullo
1149 1598 1542 1653 conferendum
1563 1640 1579 1665 ,
1622 1606 1785 1668 atque
1827 1601 2015 1655 admo-

443 1693 571 1746 dum
594 1692 921 1746 antecellere
939 1692 1205 1747 asseritur
1227 1692 1311 1747 his
1337 1692 1540 1755 verbis,
1563 1692 1693 1759 Quis
1718 1693 1771 1746 in
1791 1692 2018 1747 nubibus

443 1785 740 1854 a'quabitur
775 1783 1045 1840 Domino?
1088 1799 1151 1839 ae
1195 1785 1241 1838 si
1280 1785 1515 1850 dicatur,
1560 1800 1739 1841 nemo.
1787 1783 2025 1840 Etiamsi

441 1878 584 1931 enim
613 1876 769 1930 multi
799 1877 1010 1941 sancti,
1036 1884 1089 1931 et
1116 1877 1284 1931 millia
1316 1878 1632 1948 angelorum
1651 1918 1666 1943 ,
1691 1887 1745 1933 et
1771 1877 2013 1934 Ecclesia

2109 765 2415 836 φωνηκέναι
2442 763 2532 816 τό·
2561 763 2678 814 Ὅτι
2709 760 2800 821 τίς
2824 759 2894 812 ἐν
2921 757 3199 826 νεφέλαις
3221 756 3544 824 ἱσωθήσετοι
3564 756 3619 822 τῷ

2108 858 2337 924 Κυρίῳ;
2386 855 2419 926 ἢ
2467 853 2610 908 κατὰ
2651 852 2742 905 τὸν
2769 850 3057 920 Σύμμαχον
3083 866 3096 880 ’
3137 850 3227 914 Τίς
3257 849 3363 916 γὰρ
3398 848 3460 900 ἓν
3482 849 3620 915 αίθέμ

2111 948 2575 1017 ἀντιπαραθήσει
2605 946 2683 1012 τῷ
2716 946 2908 1014 Κιφίῳ
2936 947 3004 997 ἐν
3029 940 3178 1007 υἱοῖς
3200 940 3380 1002 Θεοῦ;
3411 939 3565 992 Ταῦτα
3582 941 3624 992 δὲ

2112 1033 2239 1116 περὶ
2285 1045 2381 1114 μὲν
2434 1041 2528 1096 τοῦ
2575 1039 2911 1108 Μονογενοῦς
2947 1036 3039 1090 τοῦ
3072 1033 3206 1087 Θεοῦ
3232 1032 3483 1102 λεγόμενα
3506 1033 3624 1095 σώζοι

2113 1136 2178 1190 ἂν
2216 1134 2414 1204 εὐσεόἧ
2443 1134 2541 1204 τὴν
2565 1131 2822 1194 διάνοιαν,
2854 1128 2913 1182 οὐ
2946 1127 3041 1198 μὲν
3075 1125 3201 1195 περὶ
3221 1122 3312 1176 τοῦ
3353 1123 3538 1192 Πατρὸς
3561 1123 3636 1174 καί

2113 1225 2248 1281 Θεοῦ
2277 1226 2384 1278 τῶν
2409 1226 2544 1278 ὅλων
2563 1241 2576 1255 ο
2601 1223 2866 1284 ἀνοίκειος
2898 1218 3006 1290 γὰρ
3035 1218 3129 1270 καὶ
3155 1215 3355 1285 ἀσεϐὴς
3384 1216 3416 1284 ἡ
3443 1213 3630 1282 παράθε-

2115 1337 2218 1382 σις.
2252 1317 2324 1371 Τὸ
2374 1317 2483 1389 γάρ
2529 1317 2665 1378 υἱοῖς
2695 1312 2831 1367 Θεοῦ
2869 1308 3235 1382 παραϐάλλειν
3269 1308 3330 1359 τὸ
3359 1308 3548 1359 πάντων
3570 1308 3628 1358 ai-

2111 1429 2244 1477 τιον,
2276 1412 2370 1465 καὶ
2399 1411 2459 1464 τὸ
2497 1408 2809 1480 συγκρίνειν
2852 1406 3056 1476 ἑτέροις
3089 1404 3290 1474 τολμᾷν
3315 1402 3402 1455 τὸν
3433 1401 3634 1454 ἐπέκεινα.

2114 1505 2222 1558 τῶν
2243 1503 2378 1556 ὅλων
2399 1501 2553 1564 Θεὸν,
2576 1500 2792 1554 πάντων
2813 1499 2878 1552 ἂν
2893 1498 3102 1566 γένοιτο
3124 1492 3491 1548 ἀνοσιώτατον.
3505 1494 3633 1544 Ἀχίν-

2115 1597 2269 1658 δυνος
2313 1593 2358 1647 δ’
2381 1593 2446 1647 ἂν
2497 1593 2581 1663 εἴη
2630 1593 2659 1644 ό
2702 1590 2857 1658 λόγος
2890 1591 3028 1651 υἱοῖς
3057 1586 3191 1640 Θεοῦ
3224 1584 3512 1655 συγκρίνων
3540 1585 3639 1636 Υίὸν.

2115 1679 2250 1734 Θεοῦ
2287 1679 2566 1751 μονογενῆ,
2587 1677 2680 1732 καὶ¹
2705 1676 2767 1730 τὸ
2787 1677 2920 1748 πρὸς
2944 1676 3149 1738 πάντας
3173 1674 3489 1743 ἀσύγκριτον
3511 1674 3634 1726 αὑτοῦ

2116 1773 2210 1825 καὶ
2237 1770 2596 1843 ἁπαράθετον,
2627 1769 2747 1822 καθ’
2778 1768 3080 1840 ὑπρῦολήν
3106 1784 3165 1819 τε
3191 1766 3450 1837 ὑπερέχον
3488 1765 3638 1835 σημαί-

2116 1882 2226 1917 νειν
2257 1863 2344 1916 διὰ
2377 1862 2470 1915 τοῦ
2489 1879 2502 1892 ·
2539 1862 2730 1926 Τίςοὲν
2761 1861 3041 1930 νεφέλαις
3084 1857 3436 1922 ἱσωθήσεται
3467 1854 3536 1920 τῷ
3553 1859 3640 1909 Κυ-

442 1964 872 2035 primitivorum,
905 1965 1264 2036 principatus,
1296 1975 1594 2036 potestates
1615 2007 1630 2031 ,
1663 1969 1880 2031 throni,
1913 1967 2010 2022 do-

2114 1957 2247 2024 pltp;
2276 1955 2396 2008 ἀντὶ
2442 1953 2558 2017 τοῦ,
2600 1953 2797 2017 οὐδείς.
2832 1954 2892 2006 Εἰ
2915 1953 3024 2024 γὰρ
3067 1951 3162 2005 καὶ
3202 1950 3388 2004 πολλοὶ
3426 1949 3551 2017 άγιοι
3572 1950 3641 2001 καὶ

441 2056 772 2111 minationes
799 2095 814 2119 ,
858 2056 1087 2125 spiritus
1143 2057 1358 2120 sancti,
1407 2057 1641 2114 virtutes
1682 2059 1917 2124 divinae,
1957 2060 2014 2114 in

441 2147 764 2201 caelestibus
786 2146 1118 2202 exercitibus
1140 2157 1448 2212 versentur,
1473 2150 1752 2204 cmlestem
1780 2151 2014 2221 implen-

443 2246 524 2293 tes
558 2237 856 2293 Ecclesiam
885 2257 899 2301 ;
927 2247 982 2292 at
1007 2241 1163 2309 quis,
1194 2240 1303 2302 ait,
1328 2240 1382 2294 in
1412 2241 1612 2296 aethere
1640 2256 1806 2312 supra
1834 2243 2014 2298 ﬁrma-

441 2335 685 2382 mentum
718 2327 898 2398 posito
927 2331 1236 2400 aequabitur
1273 2329 1546 2385 Domino?
1583 2332 1738 2397 Quod
1777 2334 1823 2388 si
1855 2334 2011 2387 multi

442 2417 536 2472 lilii
565 2417 657 2472 Dei
691 2427 819 2474 sunt
848 2421 1111 2490 multique
1152 2420 1262 2484 dii,
1313 2423 1614 2477 secundum
1658 2424 1824 2487 illud,
1869 2423 2024 2478 Deus

439 2511 585 2563 stetit
623 2511 679 2564 in
704 2528 970 2582 synagoga
1002 2514 1219 2568 deorum
1252 2517 1295 2547 ¹¹
1317 2531 1332 2581 ;
1357 2523 1412 2570 et
1433 2554 1448 2580 ,
1489 2515 1628 2570 Deus
1659 2515 1878 2570 deorum
1906 2515 2010 2572 Do-

441 2603 614 2657 minus
657 2603 862 2659 locutus
900 2615 979 2659 est
1008 2609 1052 2638 “
1079 2647 1093 2666 .
1143 2616 1232 2670 et,
1280 2605 1394 2677 Ego
1430 2606 1582 2674 dixi,
1626 2607 1716 2660 Dii
1767 2610 1926 2673 estis,
1961 2618 2009 2662 et

439 2696 541 2764 [illi
567 2695 833 2751 Altissimi
862 2715 1038 2753 omnes
1061 2698 1140 2754 υς
1171 2699 1265 2756 sed
1288 2701 1403 2770 quis
1429 2700 1623 2754 similis
1650 2701 1752 2754 erit
1786 2699 2010 2756 Domino

439 2787 494 2839 in
526 2786 656 2856 ﬁliis
699 2787 847 2845 Dei?
887 2788 1021 2843 Nam
1071 2806 1196 2844 cum
1248 2792 1524 2847 innumeri
1574 2792 1697 2862 ejus
1746 2792 1840 2848 ﬁlii
1869 2795 2008 2858 sint,

438 2893 638 2945 nemo,
688 2881 900 2952 inquit,
951 2883 1080 2938 huic
1129 2885 1326 2940 similis
1372 2886 1515 2949 erit,
1547 2894 1645 2940 aut
1682 2889 2008 2957 aequabitur,

441 2977 628 3038 utpote
667 2972 760 3040 qui
801 2973 1010 3029 electus
1038 2975 1142 3038 sit,
1171 2975 1485 3046 unigenitus
1513 2983 1569 3032 ct
1611 2979 2011 3050 primogenitus

441 3061 622 3115 omnis
650 3068 936 3131 creatus-a2,
973 3062 1212 3118 Verbum
1244 3065 1374 3120 item
1403 3074 1458 3122 et
1503 3066 1792 3136 sapientia,
1833 3066 2010 3123 virtus

2118 2047 2374 2120 μυριάδες
2409 2046 2675 2114 ἀγγέλων,
2701 2046 2798 2098 καὶ
2834 2044 3126 2115 Ἐκκλησία
3160 2042 3529 2115 πρωτοτόκων,
3567 2044 3638 2110 ἀρ-

2113 2141 2206 2212 χαί
2239 2158 2295 2193 τε
2330 2140 2424 2194 καὶ
2452 2138 2692 2204 ἐξουσίαι
2723 2139 2818 2191 καὶ
2847 2138 3024 2210 θρόνοι
3059 2137 3151 2190 καὶ
3171 2136 3501 2207 κυριότητες,

2118 2233 2263 2304 ματά
2288 2249 2347 2284 τε
2381 2230 2533 2299 ἆγια,
2570 2231 2666 2284 καὶ
2690 2230 2946 2300 δυνάμεις
2979 2230 3119 2283 θεῖαι
3145 2231 3201 2282 ἐν
3230 2231 3355 2291 ταῖς
3383 2229 3494 2280 κατ’
3520 2227 3624 2296 οὖρα

2113 2327 2202 2380 νὸν
2238 2327 2514 2396 στρατιαῖς
2538 2323 2930 2387 πολιτεύονται,
2959 2323 3059 2393 τὴν
3092 2323 3413 2393 ἐπουράνιον
3441 2319 3641 2388 συμπλη-

2118 2418 2334 2490 ροῦντες
2377 2417 2730 2487 Ἐκκλησίαν·
2760 2415 2895 2469 ἀλλὰ
2934 2416 3038 2478 τίς,
3073 2415 3257 2484 φησιν.
3293 2416 3352 2466 ὲν
3391 2413 3467 2482 τῷ
3509 2411 3641 2483 αἰθέρι

2114 2510 2190 2581 τῷ
2215 2510 2471 2563 ἐπέκεινα
2495 2508 2587 2561 τοῦ
2615 2508 2989 2579 στερεώματος
3021 2506 3348 2576 ίσωθήσεται
3372 2504 3446 2568 τῷ
3469 2505 3642 2574 κυρίως

2113 2604 2176 2656 Εἰ
2198 2603 2250 2656 δὲ
2273 2601 2452 2655 πολλοὶ
2475 2601 2582 2653 υἱοὶ
2606 2599 2740 2653 Θεοῦ
2763 2601 2857 2652 καὶ
2881 2599 2993 2651 θεοί
3014 2597 3152 2652 κατὰ
3172 2598 3232 2650 τό
3255 2614 3268 2627 ”
3301 2599 3356 2649 '0
3381 2597 3516 2662 Θεὸς
3533 2597 3643 2660 ἔστη

2111 2695 2182 2748 ἐν
2215 2690 2539 2761 συναγωγῇ
2576 2691 2748 2754 θεῶν,
2781 2689 2907 2744 καί·
2945 2689 3089 2755 Θεὸς
3121 2687 3274 2744 θεῶν
3303 2689 3508 2755 Κύριος
3544 2684 3642 2739 ἐλά-

2110 2787 2286 2852 λησε,
2326 2783 2421 2837 καί
2442 2801 2455 2815 ο
2497 2781 2638 2853 Ἐγὼ
2667 2777 2839 2834 εἷπον
2858 2797 2870 2810 ο
2908 2779 3040 2834 Θεοί
3066 2779 3226 2841 ἐστε,
3253 2777 3358 2831 καὶ
3383 2777 3494 2831 υἱοί
3524 2777 3641 2844 ’Υιί-ίε

2111 2889 2263 2928 στου
2291 2873 2512 2939 πάντες
2531 2890 2545 2903 ·
2571 2872 2705 2925 ἀλλά
2737 2872 2827 2937 Τίς
2853 2868 3278 2940 ὁμοιωθήσεται
3309 2865 3388 2933 τῷ
3413 2867 3583 2934 Κιιρίῳ
3599 2865 3645 2918 ἐν

2111 2964 2262 3031 υἱοῖς
2294 2964 2476 3027 Θερῦ;
2518 2965 2742 3036 Μυρίων
2786 2963 2896 3033 γὰρ
2941 2963 3108 3015 ὄντων
3139 2961 3294 3027 υίῶν,
3323 2960 3507 3022 οὐδεὶς.
3532 2958 3657 3029 φησὶν

2111 3056 2285 3128 τούτῳ
2315 3057 2733 3128 ὁμοιωθήσεται,
2763 3055 2883 3108 οὐδὲ
2909 3053 3324 3124 ὲξισωθήσεται,
3353 3049 3570 3122 ὲκλεκτῴ
3590 3051 3644 3102 ὅτι

438 3162 493 3206 et
523 3153 787 3223 sapientia
816 3154 929 3212 Dei.
977 3155 1216 3226 Mihique
1245 3157 1460 3212 videtur
1513 3158 1710 3213 horum
1759 3160 2007 3214 notitiam

2114 3149 2206 3202 καὶ
2237 3150 2513 3218 μονογενεῖ
2548 3148 2643 3200 καὶ
2676 3145 3004 3218 πρωτοτόκῳ
3032 3146 3210 3215 πάσης
3255 3145 3504 3207 κτίσεως,
3529 3141 3645 3209 Λόγῳ

440 3243 494 3297 in
526 3244 958 3313 praecedentibus
989 3247 1237 3312 tradere,
1284 3265 1408 3303 cum
1457 3250 1533 3304 ait
1561 3269 1575 3304 :
1608 3251 2013 3320 Conﬁtebuntur

438 3334 555 3388 caeli
589 3335 858 3389 mirabilia
891 3346 1004 3390 tua.
1053 3336 1333 3409 Siquidem
1367 3356 1434 3395 ex
1465 3341 1812 3398 mirabilibus
1841 3358 2012 3397 unum

440 3425 546 3480 hoc
569 3434 718 3492 erat,
747 3431 890 3497 quod
918 3429 1174 3502 deinceps
1201 3432 1268 3486 de
1283 3430 1575 3502 Unigenito
1599 3432 1695 3489 Dei
1723 3435 2011 3490 additurus

437 3523 588 3580 erat,
620 3523 674 3570 et
697 3517 914 3586 quidem
942 3521 1275 3575 necessario.
1306 3519 1443 3586 Quia
1473 3520 1617 3576 enim
1647 3522 1798 3575 illum
1829 3539 1896 3578 ex
1927 3539 2012 3578 se-

439 3607 588 3661 mine
616 3606 786 3664 David
817 3611 1156 3666 nasciturum
1183 3627 1308 3668 esse
1327 3655 1342 3680 ,
1375 3613 1428 3667 in
1457 3613 1742 3684 prophetia
1770 3615 2012 3670 indican-

438 3699 568 3753 dum
613 3711 764 3769 erat,
809 3701 1064 3758 deitatem
1107 3704 1229 3773 ejus
1269 3707 1362 3775 qui
1406 3705 1461 3759 in
1505 3705 1627 3776 ipso
1667 3706 2011 3764 habitaturus

437 3797 557 3844 erat
608 3800 768 3847 antea
822 3795 1334 3864 contemplabatur;
1378 3804 1437 3851 ut
1480 3812 1588 3852 una
1638 3797 2010 3856 edisceremus

438 3898 559 3952 quae
590 3882 767 3939 virtus
812 3885 865 3939 in
920 3886 1041 3954 ipso
1088 3886 1399 3942 habitatura
1444 3896 1624 3954 esset,
1658 3895 1711 3944 ct
1741 3890 2010 3946 sciremus

439 3973 614 4041 ipsum
660 3976 880 4045 quidem
932 3977 1102 4032 ﬁlium
1144 3995 1267 4035 esse
1311 3979 1530 4037 Davidis
1552 4014 1577 4044 ,-
1601 3998 1724 4037 eum
1755 3999 1886 4040 vero
1916 3984 2009 4055 qui

439 4061 496 4116 in
526 4062 647 4133 ipso
675 4065 1023 4122 habitaturus
1052 4076 1234 4134 esset,
1268 4068 1466 4125 Filium
1501 4070 1618 4127 Dei.

515 4243 684 4301 Vsus.
727 4246 780 4303 8.
822 4245 962 4301 Deus
990 4249 1080 4318 qui
1107 4247 1438 4318 gloriﬁcatur
1466 4252 1522 4305 iu
1548 4253 1770 4307 consilio
1797 4262 2010 4308 sancto-

438 4355 554 4391 rum
573 4381 590 4406 ,
620 4355 838 4408 magnus
863 4348 912 4392 et
935 4339 1182 4392 terribilis
1209 4355 1364 4409 super
1390 4358 1565 4396 omnes
1590 4345 1680 4414 qui
1703 4345 1755 4398 in
1783 4345 2007 4398 circuitu

435 4431 549 4498 ejus
580 4439 723 4488 sunt.
750 4429 982 4496 Quinam
1017 4430 1088 4484 sit
1113 4431 1160 4485 is
1185 4432 1278 4500 qui
1307 4448 1430 4487 cum
1459 4437 1678 4489 nemine
1700 4435 2007 4505 comparari

2111 3258 2172 3294 τε
2201 3241 2362 3311 σοφίᾳ
2396 3240 2490 3294 καὶ
2513 3239 2742 3309 δυνάμει
2781 3237 2876 3291 καὶ
2914 3236 3076 3306 σοφίᾳ
3104 3235 3259 3289 Θεοῦ.
3295 3237 3406 3288 Καί
3437 3252 3518 3312 μοι
3543 3232 3657 3285 δοκεῖ·

2110 3331 2208 3402 τὴν
2237 3329 2440 3384 τούτων
2467 3329 2667 3397 γνῶσιν
2691 3327 2778 3380 διὰ
2801 3327 2908 3380 τῶν
2933 3327 3187 3398 ἀνωτέρω
3211 3324 3511 3396 σημαίνειν,
3527 3325 3573 3376 ἐν
3592 3317 3644 3382 οἷς

2112 3420 2248 3492 ἔφη·
2301 3419 2881 3490 Ἐξομολογνήσονται
2909 3421 2963 3472 οἱ
2997 3418 3240 3487 οὐρανοὶ
3275 3417 3352 3471 τὰ
3399 3412 3645 3484 θαυμάσιιὲ

2111 3514 2357 3568 σου.Ἒν
2404 3512 2514 3584 γάρ
2564 3511 2673 3566 τῶν
2729 3511 3046 3582 θαυμασίων
3094 3511 3186 3564 καὶ
3238 3511 3398 3563 τοῦτο
3442 3504 3645 3579 ἧν,ὄπερ

2112 3607 2346 3678 ’ἤμελλεν
2395 3605 2524 3676 ἑξῆς
2571 3605 2843 3675 ἐπιλέγειν
2897 3605 3025 3676 περὶ
3073 3603 3168 3657 τοῦ
3219 3602 3544 3673 Μονογενοῦς
3582 3597 3645 3652 τοί

2110 3700 2246 3753 Θεοῦ
2269 3716 2282 3729 ⁶
2315 3700 2632 3765 ἀναγκαίως
2659 3699 2747 3752 δέ’
2779 3697 2965 3769 ἐπειδὴ
2999 3697 3199 3768 ἦμελλε
3229 3696 3324 3749 τὸν
3355 3699 3418 3750 ἐκ
3449 3694 3644 3764 σπέρμα·

2111 3813 2201 3858 τος
2226 3793 2387 3847 Δαυῒδ
2410 3793 2770 3864 γενησόμενον
2793 3791 2880 3844 διὰ
2899 3791 2998 3861 τῆς
3023 3790 3360 3860 προφητείας
3395 3787 3642 3859 σημαίνειν,

2109 3888 2209 3958 τὴν
2240 3887 2471 3957 θεότητα
2502 3885 2595 3938 τοῦ
2631 3886 3051 3954 κατοικήσοντος
3081 3886 3138 3936 ἐν
3174 3882 3326 3953 αὐτῷ
3359 3879 3643 3954 προθεωρείο

2112 3977 2186 4038 ὡς
2218 3974 2284 4028 ἂν
2315 3975 2450 4046 ὁμοῦ
2487 3974 2773 4046 μάθοιμεν,
2801 3972 2884 4036 τίς
2931 3975 2964 4043 ὴ
3018 3971 3286 4043 μέλλουσα
3329 3971 3579 4024 κατοικεῖν
3607 3966 3652 4017 ἐν

2111 4065 2259 4120 αύτῶ
2279 4066 2528 4137 δύναμις,
2574 4065 2668 4118 καὶ
2698 4065 2775 4128 ὼς
2799 4066 2828 4117 ὁ
2862 4065 2959 4136 μὲν
2993 4064 3108 4127 υίὸς
3137 4059 3204 4134 ἦν
3237 4062 3418 4127 Δαυῒδ,
3459 4064 3485 4115 ὁ
3518 4060 3565 4112 δὲ
3605 4059 3644 4108 ἐν

2112 4160 2260 4231 αὐτῴ
2293 4160 2634 4231 κατοικήσων
2666 4157 2794 4222 Υἱὸς
2824 4157 2916 4210 τοῦ
2949 4155 3106 4210 Θεοῦ.

2195 4255 2248 4306 '0
2286 4253 2431 4319 Θεὸς
2457 4249 2925 4320 ἐνδοξαζόμενος
2961 4250 3031 4302 ἐν
3056 4246 3260 4316 ,Βουλιῇ
3284 4247 3485 4316 ἁγίων,
3505 4243 3643 4314 μέγα(

2115 4345 2213 4399 καὶ
2250 4342 2501 4413 φοϐερὸς
2539 4342 2638 4395 ἐπὶ
2688 4341 2918 4407 πάντας
2950 4339 3091 4405 τοὺς
3121 4331 3643 4407 περικύκλῳηαὺτοῦ.

2115 4436 2219 4488 Τὸν
2241 4435 2317 4506 μὴ
2362 4434 2554 4504 ἔχοντα
2603 4432 2930 4502 σύγκρισιν,
2989 4432 3122 4502 μηδὲ
3174 4430 3510 4502 παράθεσιν,
3546 4425 3640 4499 μηδὲ

436 4524 520 4577 vel
550 4521 787 4578 conferri
821 4522 1030 4592 possit,
1060 4522 1333 4577 neminem
1379 4525 1613 4580 similem
1658 4526 1914 4582 admittat
1954 4529 2008 4582 in

2114 4528 2372 4599 ὁμοίωσιν
2412 4526 2549 4599 πρός
2588 4543 2712 4580 τινα
2756 4526 2866 4578 τῶν
2913 4523 3320 4594 ὠνομασμένων
3350 4523 3477 4576 υἱῶν
3517 4517 3641 4579 Θεοῦ,

437 4614 505 4669 iis
537 4614 630 4684 qui
665 4614 761 4668 lilii
793 4612 887 4669 Dei
917 4621 1207 4679 vocantur,
1242 4615 1331 4669 hic
1360 4616 1606 4672 declarat
1633 4618 1825 4674 dicens
1856 4639 1868 4674 :
1906 4621 2009 4674 Hic

434 4714 513 4760 est
565 4705 739 4773 Deus,
785 4709 875 4778 qui
916 4707 1255 4778 gloriﬁcatur
1296 4712 1352 4762 in
1403 4710 1628 4765 consilio
1676 4720 2007 4767 sanctorum.

434 4799 738 4855 Consilium
772 4807 951 4854 autem
981 4809 1294 4857 sanctorum
1322 4803 1435 4873 jam
1460 4818 1625 4871 supra
1655 4802 1794 4858 dixit
1825 4803 2014 4860 Eccle-

433 4889 571 4944 siam
601 4899 918 4946 sanctorum
942 4907 1067 4949 esse
1085 4934 1101 4959 ,
1127 4895 1448 4964 videturque
1476 4893 1779 4952 Ecclesium
1805 4897 2012 4966 primo-

433 4983 741 5053 genitorum
763 5022 780 5048 ,
816 4983 911 5054 qui
940 4985 1205 5056 descripti
1238 4995 1368 5041 sunt
1398 4987 1454 5041 in
1485 4987 1674 5052 ccelis,
1710 4989 2004 5044 consilium

434 5076 755 5142 nominare,
789 5077 1027 5148 quadam
1071 5079 1257 5135 habita
1299 5081 1511 5136 ratione
1553 5080 1621 5135 ad
1656 5090 1884 5136 senatus
1912 5082 2006 5151 qui

433 5167 603 5224 variis
651 5167 707 5222 in
756 5167 895 5223 locis
939 5169 1230 5225 exsistunt.
1282 5170 1340 5224 ln
1399 5170 1502 5226 hoc
1544 5177 1726 5226 autem
1773 5173 2008 5228 consilio

434 5269 754 5315 sanctorum
819 5260 992 5332 gloria
1055 5262 1177 5330 ejus
1241 5263 1594 5326 celebratur,
1649 5263 1743 5333 qui
1797 5265 2006 5319 nullam

433 5353 900 5421 comparationem
940 5355 1025 5410 vel
1061 5355 1474 5412 similitudinem
1507 5356 1745 5442 admittit
1776 5372 1902 5411 cum
1938 5357 2007 5413 iis

434 5442 527 5510 qui
567 5443 657 5498 ﬁlii
695 5443 789 5499 Dei
823 5453 1126 5501 vocantur:
1159 5463 1336 5517 neque
1369 5448 1544 5503 solum
1578 5448 1918 5518 gloriﬁcatur
1950 5448 2006 5502 in

437 5531 671 5586 consilio
704 5542 1018 5590 sanctorum
1039 5575 1054 5600 ,
1088 5535 1184 5591 sed
1224 5537 1386 5592 etiam
1423 5538 1683 5593 terribilis
1713 5546 1798 5594 est
1839 5554 2008 5608 super

437 5631 630 5675 omnes
660 5621 751 5689 qui
780 5623 837 5676 in
871 5623 1103 5679 circuitu
1134 5625 1256 5696 ejus
1287 5633 1435 5681 sunt.
1472 5627 1705 5693 Quinam
1737 5638 1916 5685 autem
1953 5629 2006 5684 in

515 5794 554 5824 "
599 5794 740 5850 Psal.
777 5813 978 5865 Lxxn,
1022 5805 1064 5856 l.
1146 5808 1187 5836 “
1231 5807 1373 5861 Psal.
1410 5825 1569 5872 xLix,
1619 5812 1660 5864 l.

2112 4618 2292 4682 ὁποῖός
2337 4617 2419 4681 τίς
2469 4621 2583 4670 ἐστι
2619 4616 2915 4687 παρίστησι
2966 4615 3171 4684 λέγων’
3215 4611 3409 4680 Οὗτός
3451 4613 3642 4667 ἑστινό

2115 4710 2259 4776 Θεὸς
2298 4715 2330 4766 ό
2377 4709 2840 4779 ὲνδοξαζόμενος
2880 4709 2949 4762 ἐν
2983 4708 3057 4777 τῇ
3093 4707 3299 4776 ,ϐουλῇ
3341 4707 3456 4761 τῶν
3482 4704 3638 4774 ἁγίων.

2114 4800 2320 4872 Βουλὴν
2353 4801 2409 4854 δὲ
2458 4801 2630 4870 ἁγίων
2663 4803 2925 4871 προσεῖπε
2964 4801 3063 4871 τὴν
3113 4801 3373 4871 ἀνωτέρω
3412 4797 3639 4868 λεχθεῖσιν

2124 4893 2450 4964 Ἐκκλησίαν
2491 4894 2695 4963 ἁγίων·
2736 4896 2830 4948 καλ⁸
2867 4893 3030 4964 ἐῴκει
3059 4894 3158 4965 τὴν
3209 4895 3522 4966 Ἐκκλησίαν
3562 4890 3637 4943 τῶν

2113 4987 2474 5057 πρωτοτόκων
2513 4986 2620 5039 τῶν
2661 4985 3170 5058 ἀπογεγραμμένων
3194 4989 3250 5039 ἐν
3287 4989 3525 5060 οὐρανοῖς
3551 4984 3635 5052 βου·

2112 5077 2210 5150 λὴν
2235 5077 2601 5148 ὠνομακέναι,
2631 5078 2908 5146 ἀναλόγως
2944 5081 3058 5142 τοῖς
3097 5080 3238 5132 κατὰ
3282 5080 3443 5132 τόπον
3467 5075 3634 5148 βουλευ-

2113 5172 2342 5242 τηρίοις.
2387 5172 2470 5224 Ἐν
2501 5169 2670 5242 ταύτῃ
2700 5171 2757 5224 δὲ
2787 5173 2854 5242 τῇ
2890 5169 3050 5242 βουλῇ
3074 5171 3182 5224 τῶν
3215 5172 3386 5240 ἁγίων
3417 5165 3634 5234 ἐνδοξαξά·

2117 5261 2276 5330 μενός
2300 5261 2493 5314 ἐστινέὸ
2519 5260 2594 5331 μὴ
2626 5258 2764 5329 ἔχων
2789 5259 3092 5331 σύγκρισιν,
3119 5260 3254 5331 μηδὲ
3279 5261 3519 5331 ὁμοίωσιν
3537 5254 3632 5326 πρὸς

2109 5351 2234 5414 τοὺς
2267 5350 2698 5422 ὀνομαζομένους
2734 5351 2882 5414 υἱοὺς
2923 5351 3057 5403 Θεοῦ
3079 5368 3092 5381 ·
3131 5353 3224 5404 καὶ
3259 5352 3319 5403 οὐ
3359 5351 3504 5422 μόνον
3525 5344 3630 5399 ἐνδο-

2112 5443 2405 5514 ξαζόμενός
2435 5445 2582 5496 ἐστιν
2624 5445 2682 5497 ἐν
2727 5446 2792 5514 τῇ
2849 5443 3007 5516 βουλῇ
3042 5444 3150 5496 τῶν
3191 5444 3380 5512 ἁγίων,
3407 5439 3527 5496 ἀλλὰ
3562 5433 3626 5487 καὶ

2113 5534 2343 5605 φοϐερός
2368 5535 2600 5606 ὑπάρχει
2628 5536 2719 5589 ἐπὶ
2765 5537 2972 5599 πάντας
3001 5537 3125 5599 τοὺς
3159 5536 3462 5608 περικύκλῳ
3484 5525 3623 5585 αὑτυῦ-

2111 5629 2267 5692 Τίνες
2291 5628 2335 5681 δ’
2360 5628 2424 5682 ἂν
2476 5625 2585 5682 εἶεν
2628 5631 2676 5682 οἱ
2727 5629 3039 5702 περικύκλῳ
3074 5629 3240 5683 αὐτοῦ
3284 5629 3393 5683 ἀλλ’
3421 5628 3448 5699 ἦ
3481 5626 3520 5678 οἱ
3549 5619 3622 5673 um

1747 5812 1791 5841 ’³
1833 5809 1978 5866 Psal.
2023 5824 2224 5872 mut,
2266 5811 2321 5865 (ἰ.
