3830 6288
160 430 292 487 1085

1210 418 1725 474 COMMENTARIA
1766 417 1830 471 IN
1872 413 2205 471 I’SALMOS.

3271 415 3292 469 Ι
3305 413 3407 470 086

154 543 244 599 τοῦ
285 541 455 605 Θεοῦ,
506 539 599 592 καὶ
641 536 797 592 αὐτοὶ
843 535 952 590 θεοὶ
998 532 1469 606 χρηματίζοντες,
1517 533 1582 585 δι’
1635 531 1730 596 οὓς

1847 531 2065 587 :ircuitu
2095 530 2214 599 ejus
2245 528 2476 592 fuerint,
2521 530 2625 583 nisi
2659 529 2749 583 [Ilii
2786 528 2912 593 Dei,
2943 529 3032 598 qui
3060 535 3114 583 et
3140 529 3242 598 ipsi
3269 545 3395 599 quo-

156 639 381 709 εἴρηται,
413 634 465 684 '0
495 632 639 696 Θεὸς
662 630 810 694 ἔστη
836 629 905 681 ἐν
930 626 1252 696 συναγωγῇ
1274 625 1457 690 οεὦν;
1479 628 1588 678 Καὶ
1617 626 1727 697 γὰρ

154 729 229 792 τὸ,
266 728 367 780 Ἔν
389 721 593 791 ,βουλῇ
618 722 819 790 ἁγίων,
850 719 1046 782 καὶτὸ,
1087 720 1189 772 Ἐν
1222 718 1522 786 ἐκκλησίᾳ
1574 732 1718 785 πρωο

153 820 425 874 τοτόκων,
455 815 547 867 καὶ
576 813 656 873 τὺ,
696 812 792 864 Ἑν
820 807 1144 878 συναγωγῇ
1176 807 1348 873 θεῶν,
1389 808 1445 859 ἓν
1473 807 1568 861 καὶ
1602 825 1728 859 ταυ-

151 912 235 965 τὸν
268 904 404 960 εἷναί
439 923 526 976 μοι
547 905 710 957 δοκεῖ.
730 901 946 954 Τούτων
972 899 1259 971 τοιγαροῦν
1285 900 1343 951 ὲν
1378 898 1527 969 μέσῳ
1556 898 1728 962 ὲστὼς

156 1001 236 1054 ui
284 998 387 1051 ὑπδ
433 996 638 1049 τούτων
679 992 1147 1064 δορυφορούμενος
1202 993 1229 1044 ό
1264 991 1390 1055 Υἱὸς
1429 990 1523 1043 τοῦ
1568 990 1725 1057 Θεοῦ,

152 1087 557 1159 ὶνδοξαζόμενος
586 1088 801 1159 εἴρηται
837 1086 931 1139 καὶ
964 1085 1136 1157 μέγας
1170 1084 1263 1137 καὶ
1291 1084 1541 1155 φοϐερός.
1568 1084 1635 1136 ’Ὀ
1665 1099 1728 1151 γε

158 1184 255 1256 μὴν
296 1182 589 1252 Σύμμαχος
639 1179 707 1233 τὰ
760 1178 1097 1249 προκείμενα
1138 1176 1328 1229 τοῦτον
1378 1174 1606 1242 ἐξέδωκε
1638 1174 1729 1227 τὸν

152 1278 344 1349 τρόπον
363 1294 377 1307 ·
421 1273 528 1328 Θεὲ
557 1273 812 1340 alin-nte
844 1272 913 1324 ἐν
942 1270 1144 1340 ὁμιλίᾳ
1177 1269 1359 1337 ἁγίων
1379 1266 1602 1335 πολλῇ,
1630 1268 1727 1321 καὶ

155 1370 426 1438 ἐπίφοϐος
451 1368 521 1419 ἐν
550 1364 698 1420 πᾶσι
723 1364 846 1429 τοῖς
876 1363 1007 1431 περὶ
1043 1361 1332 1415 σεαυτόν
1361 1362 1389 1413 ό
1417 1360 1473 1412 δὲ
1503 1358 1729 1422 Ἀκύλας

156 1463 309 1536 φησί’
375 1458 645 1527 Ἰσχιιρὸς
696 1455 1280 1525 κατισχυρευόμενος
1314 1453 1383 1505 ὲν
1416 1450 1731 1519 ἀπορρήτῳ

156 1553 347 1622 ἁγίων,
378 1548 628 1617 πλῆθος,
657 1548 912 1617 πλῆθος,
946 1547 1045 1599 καὶ
1075 1546 1361 1615 ἐπίφοϐος
1380 1542 1477 1596 ἐπὶ
1499 1542 1731 1609 πάντας

155 1645 346 1711 κύκλῳ
382 1641 592 1695 αὑτοῦ.
642 1642 709 1694 Ἦ
736 1640 791 1692 δὲ
828 1639 923 1693 τοῦ
951 1640 1109 1708 λόγου
1140 1639 1348 1693 διάνοια
1377 1636 1475 1707 τὴν
1505 1635 1730 1689 ἀκολου-

156 1739 266 1792 θίαν
312 1736 664 1807 παρίστησιν.
717 1733 936 1805 Ἐπειδὴ
993 1733 1100 1803 γὰρ
1131 1731 1356 1793 δυνατὸς
1400 1726 1481 1795 εἷ,
1518 1728 1728 1800 Κύριε,

156 1833 330 1904 φησὶν,
361 1829 456 1882 καὶ
492 1830 525 1899 ἡ
565 1827 793 1898 ἀλήθειά
828 1844 921 1879 σου
945 1826 1129 1896 κύκλῳ
1166 1842 1281 1887 σου,
1306 1822 1532 1885 εἰκότως
1560 1822 1731 1893 μέγας

1834 636 1942 691 que
1985 620 2058 673 dii
2099 626 2487 688 nuncupantur
2519 637 2531 672 :
2568 634 2802 687 quorum
2848 633 3012 673 causa
3046 618 3251 672 dictum
3284 628 3406 681 est,

1833 713 1975 767 Deus
2004 713 2144 767 stetit
2179 713 2232 766 in
2260 727 2528 781 synagoga
2555 709 2775 764 deorum
2802 712 2847 742 ’⁸
2863 711 2893 764 ?‘
2918 710 3123 765 Etenim
3148 712 3280 766 illud
3300 751 3315 776 ,
3346 710 3409 764 In

1834 804 2054 857 consilio
2086 812 2388 857 sanctorum
2417 818 2436 866 ;
2467 809 2521 856 et
2557 801 2689 854 illud
2718 841 2731 862 ,
2792 799 2851 853 In
2900 803 3120 867 ecclesia
3152 804 3394 870 primoge

1835 898 2065 951 nitorum
2085 914 2105 960 ;
2154 906 2238 958 et,
2277 893 2343 947 In
2389 910 2657 965 synagoga
2690 893 2948 957 deorum;
2982 910 3145 947 unum
3182 902 3236 947 et
3270 895 3410 947 idem

1833 1005 1955 1045 esse
1984 988 2201 1043 videtur
2244 988 2399 1043 mihi.
2449 986 2652 1041 Horum
2693 987 2878 1055 itaque
2925 986 2979 1040 in
3014 986 3199 1040 media
3223 996 3411 1050 stans,

1834 1081 1922 1136 his
1951 1081 2186 1150 stipatus
2203 1078 2374 1133 Filius
2398 1078 2493 1132 Dei
2519 1118 2534 1142 ,
2565 1077 2901 1147 gloriﬁcatus
2922 1117 2937 1140 ,
2970 1091 3200 1146 magnus
3230 1086 3282 1131 et
3303 1082 3390 1129 ter

1836 1174 2016 1229 ribilis
2050 1172 2275 1227 dicitur.
2324 1169 2451 1224 Hatc
2495 1185 2627 1223 vero
2662 1169 3027 1240 Symmachus
3077 1170 3158 1223 sic
3204 1168 3412 1223 edidit:

1834 1267 1975 1321 Deus
2023 1267 2210 1319 invicte
2255 1265 2308 1316 in
2354 1263 2748 1317 conversatione
2794 1271 3099 1315 sanctorum
3132 1262 3329 1320 multa.
3367 1267 3415 1313 et

1838 1357 2099 1412 tremende
2122 1357 2176 1409 in
2206 1354 2447 1409 omnibus
2479 1354 2569 1424 qui
2598 1354 2796 1406 circum
2830 1362 2875 1406 te
2899 1362 3021 1405 sunt
3045 1368 3064 1415 ;
3091 1351 3285 1422 Aquila
3314 1367 3413 1404 auo

1836 1461 1943 1507 tem
1969 1454 2045 1503 ait
2069 1470 2080 1503 :
2110 1448 2286 1501 Fortis
2315 1447 2596 1501 roboratus
2620 1450 2673 1499 in
2697 1455 2892 1498 secreto
2913 1452 3217 1498 sanctorum
3237 1483 3256 1510 ,
3281 1443 3390 1496 mul

1838 1544 2008 1599 titudo
2028 1583 2042 1606 ,
2080 1540 2365 1596 multitudo
2388 1580 2401 1599 .
2433 1549 2481 1594 et
2520 1538 2818 1592 tremendus
2849 1553 3006 1606 super
3035 1552 3213 1590 omnes
3243 1534 3333 1605 qui
3362 1534 3414 1588 iu

1838 1635 2067 1690 circuitu
2111 1632 2225 1701 ejus
2272 1638 2418 1685 sunt.
2470 1629 2591 1699 Ipsa
2627 1642 2794 1699 porro
2826 1627 2960 1681 dicti
3007 1627 3276 1681 sententia
3325 1640 3413 1679 se-

1840 1729 1975 1780 riem
2010 1726 2205 1795 aperit.
2239 1722 2373 1776 Nam
2402 1722 2529 1792 quia
2564 1730 2759 1790 potens
2786 1734 2879 1783 es,
2917 1720 3141 1773 Domine
3161 1759 3176 1783 ,
3205 1716 3414 1787 inquit,

1837 1824 1891 1871 et
1924 1815 2127 1870 veritas
2158 1822 2251 1868 tua
2287 1813 2341 1866 in
2373 1812 2607 1865 circuitu
2646 1821 2771 1873 tuo,
2815 1808 2941 1878 jure
2986 1821 3217 1875 magnus
3262 1822 3322 1861 es
3363 1813 3414 1860 et

251 1923 341 1975 xui
379 1920 612 1991 φοϐερὸς
660 1915 738 1982 εἶ,
788 1919 881 1971 καὶ
926 1916 1342 1987 ὲνδοξαζόμενος
1383 1914 1434 1968 εἶ
1477 1917 1533 1967 ὲν
1569 1914 1730 1987 βουλῇ

1847 1905 2102 1961 terribilis
2145 1910 2200 1959 et
2238 1902 2581 1973 glorittcatus
2614 1901 2668 1954 in
2704 1899 2938 1954 consilio
2984 1907 3331 1959 sanctorum,
3365 1903 3412 1949 el

156 2017 336 2086 ἁγίων,
370 2015 467 2067 καὶ
494 2016 553 2065 ὲν
572 2016 684 2076 τοῖς
712 2011 811 2083 τὴν
839 2012 936 2081 σὴν
973 2011 1202 2079 Θεότητα
1232 2006 1638 2081 περιπολοῦσιν,
1658 2008 1735 2072 οἳ,

159 2110 255 2163 τῶν
294 2107 399 2161 σῶν
422 2104 772 2174 ἐπαγγελιῶν
801 2106 899 2175 τὴν
949 2104 1208 2175 ἀλήθειαν
1237 2101 1595 2173 συνορῶντες,
1634 2100 1735 2165 τὰς

159 2204 465 2273 πρεπούσας
524 2197 876 2270 εὐχαριστίας
929 2195 1067 2267 μετὰ
1118 2193 1444 2264 θαυμασμοῦ
1490 2193 1590 2262 τῆς
1636 2193 1735 2262 σῆς

159 2296 397 2366 θεότητος
433 2292 841 2362 ἀναπέμπουσι.
890 2288 982 2342 Διὸ
1025 2286 1206 2359 μικρῷ
1241 2285 1474 2357 πρόσθεν
1513 2284 1729 2350 ἔλεγον·

169 2384 737 2456 Ἐξομολογήσονται
762 2385 816 2435 ol
862 2380 1105 2449 οὐρανοί
1153 2378 1223 2432 τὰ
1258 2376 1569 2446 θαυμάσιὰ
1594 2393 1738 2441 σου,

158 2482 247 2535 καὶ
279 2480 393 2549 τὴν
426 2477 719 2548 ἀλήθειάν
748 2492 865 2530 σου
898 2477 968 2528 ἐν
1001 2473 1328 2539 Ἐκκλησία
1350 2464 1554 2540 άγίῶν.

222 2573 391 2640 Κύριε
424 2573 460 2625 ὀ
500 2570 645 2636 Θεὸς
674 2568 794 2622 τῶν
825 2564 1171 2635 δυνάμεων,
1217 2564 1310 2629 τίς
1346 2562 1548 2631 ὅμοιός
1590 2578 1690 2615 σοι
1710 2577 1735 2622 ;'

160 2666 408 2731 Δι’νατὸς
438 2660 513 2728 εἴ,
544 2664 741 2731 Κύριε,
765 2661 863 2714 καὶ
884 2661 921 2729 ἡ
952 2656 1205 2727 ἀλήθειά
1230 2670 1345 2711 σου
1366 2655 1570 2719 κύκλῳ
1596 2669 1731 2707 σου.

161 2758 236 2810 Σὺ
264 2754 574 2822 δεσπόζεις
602 2755 709 2808 τοῦ
745 2752 1002 2821 κράτους
1027 2749 1138 2818 τῆς
1162 2746 1500 2813 θαλάσσης,
1530 2745 1639 2799 τὸν
1669 2744 1743 2798 δὲ

163 2848 346 2903 σάλον
365 2848 491 2902 τῶν
527 2846 807 2917 κυμάτων
833 2841 1026 2911 αὐτῆς
1050 2841 1131 2895 σὺ
1164 2838 1620 2907 καταπραΰνεις.
1652 2835 1737 2889 Σὺ

162 2939 562 3004 ἐταπείνωσας
592 2939 673 3003 ὡς
712 2934 1079 3005 τραυματίαν
1105 2930 1499 3000 ὑπερήφανον
1539 2930 1609 2983 ἐν
1657 2928 1737 2993 τῷ

169 3031 431 3099 ϐραχίονι
478 3028 589 3098 τῆς
619 3026 927 3096 δυνάμεώς
965 3041 1081 3079 σου
1119 3023 1550 3091 διεσκόρπισας
1596 3020 1739 3085 τοὺς

162 3121 399 3190 ἐχθρούς
441 3137 583 3175 σου.
616 3120 723 3173 Καὶ
760 3120 817 3172 ὲν
854 3117 1062 3179 τούτοις
1092 3116 1244 3169 οὐδὲν
1281 3114 1471 3186 ἀφίησι
1509 3113 1616 3167 τῶν
1642 3130 1738 3181 γε-

164 3215 328 3283 νητῶν
360 3211 506 3267 εἶναι
534 3215 717 3282 ὅμοιον
744 3210 823 3280 τῷ
855 3209 1104 3278 Θεολογου
1114 3208 1258 3279 μένῳ
1296 3206 1414 3277 Υίῷ
1436 3204 1529 3258 τοῦ
1569 3203 1732 3258 Θεοῦο

164 3309 314 3363 αὐτόν
342 3309 459 3380 γὰρ
506 3304 645 3360 εἶναι
679 3306 769 3360 τὸν
797 3303 1023 3359 δυνατὸν
1042 3343 1065 3367 ,
1101 3303 1194 3356 xui
1218 3302 1310 3354 τὸν
1341 3299 1451 3353 τῶν
1498 3296 1741 3351 δυνατῶν

165 3402 306 3467 Θεὸν,
362 3404 463 3457 καὶ
492 3401 669 3455 αὐτῶν
695 3400 805 3453 τῶν
841 3398 1124 3469 δυνάμεων
1168 3397 1393 3467 Κύριον,
1426 3395 1501 3457 ὡς
1537 3391 1741 3465 μηδένα

165 3495 303 3566 αὐτῷ
326 3494 630 3561 ἀντιλέγειν
655 3491 935 3554 δύνασθαι,
970 3490 1103 3562 μηδὲ
1140 3492 1207 3559 τῇ
1248 3487 1413 3543 αὑτοῦ
1457 3486 1617 3557 βουλῇ
1651 3486 1743 3537 ἀν-

168 3586 476 3641 θίστασθαι·
516 3586 582 3639 δι’
617 3585 645 3638 ὃ
688 3584 868 3652 λέγειν
898 3583 1061 3637 αὑτὸν
1095 3583 1189 3637 καὶ
1230 3584 1423 3646 ποιεῖν,
1447 3580 1541 3634 ἆτε
1585 3578 1742 3650 μόνον

165 3679 407 3744 δυνατὸν,
463 3680 531 3732 τὰ
575 3678 780 3731 πάντα·
816 3676 879 3729 τὸ
907 3675 1047 3747 γὰρ,
1107 3675 1202 3740 Τίς
1234 3673 1434 3743 ὅμοιός
1481 3688 1617 3737 σοι;
1651 3672 1744 3724 καὶ

167 3768 387 3823 ἐνταῦθα
420 3770 525 3824 οὐκ
562 3770 653 3823 ἐπὶ
686 3767 782 3821 τοῦ
814 3768 1064 3833 σπανίου,
1107 3766 1221 3819 ἀλλ’
1264 3766 1358 3818 ἐπὶ
1394 3766 1487 3819 τοῦ
1521 3764 1745 3835 μηδενὸς

168 3862 547 3933 παρείληπται.
583 3860 787 3915 Οὐδένα
811 3858 943 3929 γοῦν
973 3860 1156 3930 ὅμοιον
1192 3854 1332 3912 εἷναί
1368 3874 1500 3927 φησι
1530 3856 1608 3927 τῷ
1648 3874 1744 3908 κυ-

173 3953 587 4025 ριολογουμένῳ,
612 3952 1101 4025 ἀντιπαραϐάλλων
1133 3950 1282 4021 αύτῷ
1327 3950 1453 4013 τοὺς
1490 3948 1747 4019 ἀνωτέρω

170 4045 483 4116 εἰρημένους
522 4045 670 4108 υἱοὺς
712 4044 870 4097 Θεοῦ.
901 4044 1014 4114 Τῆς
1052 4042 1162 4114 γὰρ
1203 4041 1374 4111 αὐτῆς
1413 4041 1597 4111 ἔχεται
1636 4040 1750 4092 δια-

173 4136 307 4200 νοίας
335 4138 401 4191 τὰ
434 4137 677 4208 παρόντα
706 4135 890 4190 καὶτὰ
916 4136 1179 4207 πρότερα,
1204 4135 1263 4187 ὲν
1285 4127 1364 4195 οἷς
1396 4133 1604 4204 εἴρητο·
1631 4133 1752 4183 ’Ότι

172 4226 327 4293 τιςὲν
340 4226 626 4296 νεφέλαις
639 4225 995 4291 ὶσωθήσεται
1009 4224 1088 4290 τῷ
1101 4224 1321 4292 Κυρίῳ,
1330 4221 1752 4291 ὁμοιωθήσεται

173 4318 245 4383 τῷ
272 4321 466 4388 Κυρίῳ
490 4320 561 4372 ἑν
584 4317 736 4385 υἱοῖς
765 4315 946 4381 Θεοῦ;
980 4318 1075 4370 καὶ
1099 4316 1194 4369 νῦν
1226 4316 1271 4369 δ’
1302 4310 1415 4379 οὖν,
1445 4317 1536 4380 Τις
1554 4313 1754 4379 ὅμοιός

171 4424 291 4475 σοι;
307 4412 493 4483 φησὶν,
505 4412 589 4463 ὅτι
602 4409 822 4472 δυνατὸς
841 4406 911 4471 εἶ,
930 4409 1021 4461 καὶ
1037 4411 1069 4468 ἠ
1087 4407 1313 4478 ἀλήθεια
1322 4406 1429 4460 τῶν
1445 4406 1614 4476 λόγων
1638 4423 1751 4470 σου,

172 4503 226 4554 αϊ
248 4520 306 4555 τε
325 4502 646 4573 ἐπαγγελίαι
670 4518 763 4554 σου
788 4501 916 4572 περὶ
935 4500 994 4553 σὲ
1019 4501 1113 4554 καὶ
1133 4500 1283 4571 παρὰ
1306 4500 1388 4552 σοὶ
1407 4498 1750 4569 τυγχάνουσι.

1836 2001 1890 2054 in
1922 1999 1988 2053 iis
2018 1998 2110 2067 qui
2152 1997 2415 2050 deitatem
2467 1994 2674 2064 stipant
2720 2001 2907 2054 tuam,
2960 1990 3092 2059 qui,
3121 1997 3414 2057 conspecta

1836 2092 2228 2163 promissorum
2251 2097 2469 2142 tuorum
2500 2084 2754 2145 veritate,
2780 2081 2992 2136 debitas
3022 2096 3144 2134 cum
3177 2081 3401 2134 admirav

1837 2185 1985 2239 tione
2040 2182 2263 2236 deitatis
2322 2187 2430 2233 tuae
2482 2176 2784 2247 gratiarum
2837 2173 3084 2227 actiones
3140 2171 3399 2225 emittunt

1835 2277 2017 2344 Quare
2044 2274 2209 2345 paulo
2237 2280 2395 2326 antea
2425 2269 2673 2324 dicebam
2702 2285 2715 2321 :
2749 2264 3152 2335 (iouﬁtebuutur
3178 2260 3293 2316 cazli
3323 2262 3393 2313 mi

1836 2368 2035 2422 rabilia—
2059 2376 2149 2419 tua
2168 2406 2182 2431 ,
2205 2374 2252 2418 et
2282 2364 2550 2418 ueritatem
2578 2371 2723 2413 tuam
2750 2360 2805 2412 in
2831 2357 3067 2411 Ecclesia
3093 2364 3416 2411 sanctorum.

1907 2573 2074 2628 Vens.
2117 2570 2282 2625 9—H.
2321 2566 2546 2621 Domine
2576 2563 2717 2617 Deus
2749 2562 3023 2623 virtutum,
3070 2558 3187 2628 quis
3228 2554 3420 2609 similis

1838 2664 1982 2719 tibi?
2012 2662 2206 2718 Potens
2245 2677 2321 2723 es,
2355 2658 2609 2719 Domine,
2643 2663 2692 2708 et
2735 2652 2927 2707 veritas
2974 2659 3064 2702 tua
3100 2650 3157 2702 in
3200 2646 3420 2700 circuitu

1842 2766 1951 2810 tuo.
2010 2755 2090 2809 Tu
2138 2751 2435 2807 dominaris
2466 2747 2718 2818 potestati
2752 2745 2951 2807 maris,
2999 2750 3198 2795 motum
3246 2747 3419 2791 autem

1837 2848 2093 2917 ﬂuctuant
2120 2846 2235 2915 ejus
2254 2853 2309 2897 tu
2333 2842 2567 2912 mitigas.
2593 2838 2672 2892 Tu
2704 2836 2996 2889 Itumiliasti
3025 2834 3158 2887 sicut
3179 2830 3410 2884 vulnera-

1841 2950 1951 2994 tum
1989 2936 2306 3006 superbum,
2354 2934 2409 2986 in
2454 2930 2669 2984 brachio
2719 2928 2928 2982 virtutis
2977 2935 3080 2978 tuae
3122 2917 3420 2989 dispersisti

1840 3030 2082 3085 inimicos
2117 3037 2256 3081 tuos.
2308 3024 2366 3078 In
2412 3024 2498 3078 his
2539 3035 2759 3092 quoque
2789 3018 2994 3072 nullam
3029 3014 3295 3069 factarum
3331 3025 3423 3064 re-

1841 3138 1961 3178 rum
1994 3121 2228 3176 similem
2274 3116 2418 3171 Filio
2455 3114 2585 3177 Dei,
2618 3112 2718 3183 qui
2756 3111 2899 3165 Deus
2946 3108 3294 3179 praedicatur,
3327 3102 3424 3156 ad-

1844 3212 2055 3279 mittit;
2091 3211 2272 3281 ipsqu
2322 3224 2557 3277 namque
2603 3215 2657 3261 et
2704 3210 2977 3275 potentem
3026 3206 3079 3255 et
3123 3195 3422 3268 potentium

1842 3304 2011 3358 Deum
2041 3318 2105 3357 ac
2131 3303 2390 3357 virtutum
2424 3299 2706 3353 dominum
2740 3295 2908 3359 dicit,
2938 3293 3011 3347 ita
3047 3298 3106 3343 ut
3134 3302 3294 3343 nemo
3321 3285 3425 3356 ipsi

1843 3409 2149 3467 repugnare
2171 3434 2186 3458 ,
2222 3408 2399 3462 neque
2428 3391 2550 3460 ejus
2582 3387 2854 3443 voluntati
2888 3381 3265 3439 contradicere
3295 3392 3425 3447 pos-

1845 3466 1915 3544 sit
1942 3506 1955 3542 :
1991 3501 2193 3558 quare,
2225 3491 2414 3554 utpote
2441 3482 2594 3537 solus
2620 3487 2849 3551 potens,
2880 3474 3063 3530 omnia
3096 3471 3232 3527 dicit
3262 3476 3317 3523 et
3349 3466 3427 3520 fa-

1845 3580 1920 3636 cit
1950 3598 1963 3648 ;
2000 3578 2135 3633 illud
2168 3577 2314 3633 enim
2340 3616 2353 3641 ,
2390 3575 2523 3641 Quis
2553 3572 2746 3627 similis
2778 3569 2872 3623 tibi
2897 3570 2923 3623 ζ)
2952 3581 3059 3620 non
3091 3577 3244 3617 raros
3273 3576 3424 3622 esse,

1846 3672 1939 3728 sed
1970 3671 2182 3725 nullum
2211 3684 2333 3725 esse
2362 3666 2626 3721 declarat.
2661 3662 2944 3716 Neminem
2977 3659 3161 3726 itaque
3191 3652 3425 3707 similem

1847 3781 1971 3820 esse
2003 3766 2079 3817 ait
2109 3763 2225 3830 illi,
2258 3761 2352 3830 qui
2379 3757 2647 3811 Dominus
2693 3752 3043 3824 praedicatur,
3089 3761 3212 3800 cum
3251 3742 3427 3798 eidem

1850 3855 1973 3909 illos
2019 3856 2335 3921 comparat,
2378 3846 2470 3917 qui
2517 3843 2770 3913 superius
2815 3839 2908 3893 ﬁlii
2959 3837 3055 3891 Dei
3101 3833 3232 3887 dicti
3275 3835 3424 3887 sunt.

1850 3947 1974 4001 Haec
2004 3945 2147 4001 enim
2182 3943 2357 3997 eidem
2390 3940 2600 3993 haarent
2629 3933 2915 3989 sententia:
2936 3971 2950 3995 ,
2985 3929 3072 3983 cui
3108 3927 3296 3983 istltsec
3330 3938 3428 3979 su-

1851 4039 2037 4111 perius
2067 4037 2255 4091 dicta:
2305 4030 2571 4097 Quoniam
2611 4026 2727 4096 quis
2775 4026 2829 4077 in
2872 4020 3096 4076 nubibus
3135 4012 3430 4086 aequabitur

1852 4103 2131 4184 Domino?
2178 4123 2371 4179 similis
2421 4120 2520 4174 erit
2568 4117 2794 4171 Domino
2842 4115 2895 4167 in
2945 4112 3073 4181 ﬁliis
3103 4108 3245 4163 Dei?
3273 4103 3429 4158 Nunc

1854 4223 2016 4285 item,
2051 4219 2182 4285 Quis
2217 4214 2407 4271 similis
2435 4212 2566 4266 tibi?
2599 4210 2697 4274 ait,
2740 4207 2874 4277 quia
2910 4214 3103 4275 potens
3126 4216 3222 4263 es,
3257 4207 3310 4254 et
3336 4211 3432 4251 ve-

1860 4317 1997 4371 ritas
2058 4324 2373 4367 sermonum
2426 4313 2686 4367 tuorum,
2748 4297 3019 4369 promissa
3066 4307 3284 4364 quoque
3336 4299 3430 4343 tua

1856 4410 2003 4466 circa
2055 4415 2108 4461 te
2155 4412 2209 4459 et
2254 4416 2425 4473 penes
2456 4405 2508 4453 te
2534 4406 2683 4453 sunt.
2716 4394 2893 4449 Penes
2926 4400 2977 4445 te
3003 4389 3201 4458 quippe
3230 4392 3346 4447 est,
3376 4390 3433 4436 et.

1857 4517 2025 4574 penes
2049 4515 2143 4555 eos
2175 4498 2267 4567 qui
2310 4506 2365 4551 te
2406 4491 2769 4553 circumdant,
2811 4486 3010 4542 veritas
3060 4493 3189 4536 tua:
3224 4492 3349 4532 nam
3383 4476 3431 4531 si

174 4595 322 4664 Παρὰ
338 4596 421 4649 σοὶ
579 4597 719 4661 ἐστι,
743 4568 1003 4665 xuii-api
1030 4595 1142 4657 τοῖς
1161 4568 1416 4645 κυκλοῦσί
1444 4568 1591 4662 σε,ή
1622 4590 1741 4660 ἀλή-

1858 4568 1953 4665 qui
1999 4592 2246 4664 proxime
2285 4600 2341 4643 te
2401 4594 2455 4642 et
2503 4588 2557 4639 in
2602 4580 2834 4638 circuitu
2872 4587 2963 4631 tuo
2998 4579 3159 4635 sunt,
3191 4568 3270 4623 illi
3302 4580 3434 4622 sane

174 4684 289 4739 θειά
309 4704 402 4740 σου
424 4704 440 4718 ο
465 4688 515 4739 εἰ
560 4686 668 4756 γάρ
698 4686 843 4750 τινές
879 4703 974 4739 σου
1004 4685 1231 4756 πλησίον
1254 4685 1349 4737 καὶ
1366 4683 1550 4753 κύκλῳ
1575 4699 1756 4753 περιε-

176 4776 368 4842 στῶτες
400 4775 531 4842 εἷεν,
554 4773 700 4832 οὗτοι
733 4778 885 4830 αὐτοὶ
909 4778 1007 4849 τὴν
1030 4776 1289 4849 ἀλήθειάν
1312 4794 1403 4829 σου
1453 4774 1721 4845 γινώσκου
1738 4806 1754 4815 -

177 4884 272 4921 σιν.
288 4870 479 4942 Ἡμεῖς
496 4871 552 4924 δὲ
570 4871 620 4923 οἱ
652 4870 744 4922 ἐπὶ
765 4871 888 4942 γῆς,
907 4870 987 4925 ἔτι
1016 4870 1234 4943 μακράν
1256 4888 1349 4923 σου
1376 4871 1753 4939 τυγχάνοντες,

183 4960 267 5026 τὰς
324 4962 724 5035 μεγαλουργίας
783 4981 877 5016 σου
939 4965 1048 5018 ἀπὸ
1109 4962 1221 5018 τῶν
1272 4963 1413 5017 κατὰ
1479 4961 1756 5016 θάλασσαν

178 5053 579 5127 ἐνεργουμένων
631 5054 736 5109 ὑπὸ
779 5056 878 5127 τῆς
928 5058 1028 5128 σῆς
1090 5056 1347 5129 προνοίας
1403 5052 1755 5126 Θεωροῦντες,

179 5150 560 5223 ὁμολογοῦμεν,
590 5152 673 5204 ὅτι
720 5150 942 5213 δυνατὸς
962 5146 1034 5216 εἴ,
1069 5151 1164 5205 καὶ
1198 5152 1232 5221 ἡ
1263 5148 1493 5220 ἀλήθειὰ
1525 5166 1616 5201 σου
1658 5147 1758 5201 κύ-

181 5242 285 5314 κλῳ
313 5261 427 5298 σου.
451 5246 561 5317 Τῆς
579 5262 639 5298 τε
672 5243 779 5315 γὰρ
812 5242 1089 5313 Θαλάσσης
1118 5243 1213 5295 καὶ
1243 5240 1337 5294 τοῦ
1364 5239 1620 5294 τοσούτου
1647 5239 1756 5291 τῶν

182 5334 381 5390 ὑδάτων
416 5338 610 5402 κύτους
644 5337 708 5389 σὺ
766 5336 926 5407 μόνος
958 5333 1260 5399 δεσπόζεις,
1306 5333 1401 5386 καὶ
1456 5332 1549 5386 τόν
1596 5330 1756 5385 σάλον

190 5426 284 5482 τῶν
312 5430 572 5500 κυμάτων
599 5428 768 5499 αὐτῆς
811 5427 876 5480 σὺ
921 5426 1080 5497 μόνος
1126 5426 1561 5497 καταπραΰνεις,
1598 5440 1755 5494 περι-

185 5518 292 5584 Bai;
317 5522 453 5594 αὐτῇ
486 5522 709 5591 κλεῖθρα
748 5521 843 5573 καὶ
874 5520 1067 5583 πύλας,
1111 5520 1205 5572 καὶ
1247 5519 1369 5589 ὅρια
1416 5519 1554 5588 αὐτῇ
1588 5515 1759 5587 πηξά-

189 5630 360 5681 μενος,
399 5614 473 5679 ὼς
517 5615 584 5669 ἂν
632 5614 707 5683 μὴ
755 5612 1046 5684 ύπερϐἄσα
1096 5610 1454 5664 κατακλύσειε
1506 5609 1608 5680 τὴν
1654 5606 1761 5661 τῶν

189 5704 477 5778 ἀνθρώπων
504 5705 847 5775 οἰκουμένην.
885 5705 949 5758 Ὃ
964 5702 1027 5774 δὴ
1060 5702 1151 5757 καὶ
1192 5703 1323 5757 αὐτὸ
1346 5701 1404 5757 ἒν
1429 5719 1481 5755 τι
1505 5698 1763 5770 τυγχάνει

260 5862 295 5885 "
340 5859 481 5916 Psal.
518 5875 714 5925 Lxut,
748 5861 797 5914 1.

1860 4663 2149 4741 veritatem
2199 4686 2405 4735 norunt
2447 4686 2619 4731 tuam.
2653 4672 2763 4726 Nos
2793 4677 2970 4723 autem
3000 4664 3091 4735 qui
3120 4663 3175 4716 in
3202 4668 3349 4713 terra
3381 4663 3434 4711 et

1861 4777 2042 4832 adhuc
2074 4773 2263 4846 procul
2295 4780 2349 4825 te
2378 4780 2684 4826 versamur,
2717 4778 2784 4817 ex
2814 4759 2882 4814 iis
2914 4770 3035 4826 quae
3066 4753 3181 4808 sive
3207 4751 3263 4805 in
3288 4758 3434 4803 terra

1862 4871 1978 4926 sive
2005 4869 2060 4922 in
2092 4864 2228 4920 mari
2257 4879 2285 4916 a
2313 4857 2660 4933 providentia
2686 4862 2777 4908 tua
2804 4858 3090 4923 geruntur,
3119 4858 3313 4915 magna
3344 4848 3435 4894 tua

1861 4959 2077 5032 opiﬁcia
2108 4955 2536 5024 contemplantes
2556 4990 2570 5015 ,
2615 4946 2937 5001 conﬁtemur
2964 4949 3015 4994 te
3045 4946 3348 5009 potentem,
3382 4941 3439 4987 et

1856 5045 2143 5108 veritatem
2174 5056 2325 5101 tuam
2357 5044 2413 5098 in
2445 5040 2683 5095 circuitu
2708 5048 2801 5091 tuo
2830 5049 2972 5090 esse.
3003 5029 3139 5084 Nam
3190 5038 3248 5081 tu
3289 5025 3439 5081 solus

1860 5143 2000 5199 mari
2029 5148 2085 5197 et
2110 5146 2278 5193 tanta:
2309 5146 2575 5205 aquarum
2603 5124 2926 5200 plenitudini
2953 5118 3255 5177 dominaris
3279 5157 3293 5181 ,
3317 5132 3438 5169 mo—

1859 5244 1973 5291 tum
2005 5234 2269 5287 ﬂuctuum
2299 5228 2419 5297 ejus
2442 5238 2585 5278 unus
2617 5220 2835 5288 mitigas
2857 5256 2873 5280 ,
2912 5213 3128 5284 ipsique
3157 5210 3396 5264 claustra
3422 5244 3438 5270 ,

1863 5333 2053 5399 portas
2082 5333 2136 5379 et
2160 5319 2428 5376 terminos
2464 5313 2632 5367 ﬁxisti
2657 5351 2671 5374 ,
2707 5325 2775 5364 ne
2809 5315 3259 5378 praetergressum
3294 5297 3422 5367 pela'

1858 5390 1961 5492 qus
1990 5414 2231 5472 inundetv
2244 5411 2454 5466 orbem.
2480 5404 2638 5472 Quod
2667 5416 2801 5457 sane
2831 5400 2915 5454 vel
2942 5410 3111 5450 unum
3142 5390 3439 5447 maximum

1864 5486 2027 5568 inerit
2071 5504 2356 5579 potestatis
2403 5511 2510 5554 tua:
2561 5501 2962 5565 argumentum.
2998 5489 3067 5540 At
3094 5486 3240 5540 enim
3289 5489 3439 5535 tanta

1864 5617 2133 5675 aquarum
2187 5595 2513 5657 commotio,
2567 5589 2666 5643 tibi
2728 5594 2788 5640 ut
2835 5583 3055 5637 domino
3098 5578 3438 5647 obsequens,

1865 5671 1995 5751 dum
2030 5702 2247 5748 tumens
2280 5688 2337 5743 in
2366 5686 2534 5741 altum
2568 5678 2837 5745 evehitur,
2868 5671 3191 5730 reformidat
3222 5679 3436 5731 tamen,
