3830 6288
185 291 208 348 i
217 293 313 349 039

1339 304 1846 366 COMMENTARIA
1885 311 1952 367 ιΝ
1994 313 2333 374 PSALMOS.

3301 338 3323 390 i
3336 338 3440 393 090

181 411 334 465 αὐτοῦ
377 411 770 485 διασκορπίσει.
822 417 986 485 Λέγει
1045 420 1102 472 δὲ
1165 420 1338 474 ταῦτα
1397 425 1741 493 ἀναγκαίωςο
1782 431 2060 502 προειπὼν
2090 435 2219 507 γὰρ,
2268 440 2530 507 Δυνατὸς
2576 444 2650 510 εἷ,
2685 448 2882 516 Κύριε,
2955 450 3053 505 καὶ
3097 451 3135 520 ἠ
3188 453 3438 521 ἀλήθειά

177 519 284 556 σου
327 503 524 570 κύκλῳ
581 521 732 571 σου,
779 509 1106 580 παρίστησιν
1156 513 1341 576 αὐτοῖς
1394 513 1575 586 ἔργοις
1627 518 1744 582 πῶς
1785 522 2019 594 ὑπάρχει
2046 503 2324 590 δυνατὸςὸ
2359 503 2564 601 Κύριος
2586 503 2667 597 εἰς
2696 503 2958 591 πίστωσιν
3016 503 3133 611 τῆς.
3182 503 3438 614 ἀληθείας

177 594 367 659 αὐτοῦ,
416 596 551 667 ὑπὲρ
599 598 693 651 τοῦ
735 599 833 664 τὰς
881 603 1215 671 ἐπαγγελίας
1260 607 1398 676 πρὸς
1445 610 1536 662 τὸν
1582 611 1744 665 Δαυῒδ
1780 617 2154 688 γεγενημένας
2180 621 2402 690 ἀληθεῖς
2427 594 2723 692 ἀποδεῖξαι.

239 691 337 744 Σοί
382 694 539 743 εἰσιν·
566 694 843 760 οὐρανοὶ,
894 699 991 750 καὶ
1025 697 1108 765 σή
1161 701 1333 754 ἐστιν
1385 705 1424 773 ἡ
1478 705 1580 775 γῆ,
1627 709 1744 777 τὴν
1770 722 1820 778 Α

172 782 520 851 οἰκουμένην
559 785 656 837 καὶ
705 785 767 837 τὸ
827 788 1118 858 πλήρωμα
1166 792 1356 861 αὐτῆς
1401 795 1484 849 σὺ
1539 798 1740 869 Mette-

171 876 426 942 .tiwaac,
484 876 590 929 τὸν
651 879 885 947 βορῤιῖν
956 884 1054 936 καὶ
1113 884 1228 953 τὴν
1277 887 1604 945 θάλασσαν
1658 895 1741 949 σὺ

174 967 428 1034 ἔκτισας.
461 969 659 1039 Θαϐὼρ
697 973 797 1026 καὶ
840 973 1058 1043 Ἑρμῶν
1106 977 1176 1030 ἐν
1204 979 1283 1044 τῷ
1330 983 1576 1051 ὀνόματί
1624 1004 1741 1043 σου

173 1061 651 1129 ἁταλλιάσονται.
681 1062 742 1116 Ἡ
763 1065 966 1120 διάνοια
988 1068 1096 1121 τῶν
1120 1074 1492 1143 προκειμένων
1515 1080 1738 1151 τοιαύτη

169 1155 244 1216 τίς
275 1156 408 1206 ἐστι·
447 1156 750 1227 Πεποίησαι
788 1159 906 1228 μὲν,
943 1154 987 1212 ὦ
1027 1161 1198 1232 Κύριε
1223 1203 1238 1227 ,
1273 1165 1408 1235 πρὸς
1443 1169 1532 1222 τὸν
1580 1171 1740 1225 Δαυτδ

168 1247 490 1316 ἐπαγγελίας
516 1250 644 1321 περὶ
685 1251 780 1304 τοῦ
815 1255 1130 1325 σπέρματος
1172 1259 1337 1312 αὐτοῦ
1389 1261 1484 1313 καὶ
1528 1263 1623 1316 τοῦ
1657 1267 1738 1328 είς

167 1337 325 1390 αἰῶνα
351 1336 729 1409 διαρκέσοντος
765 1343 956 1414 θρόνου
1001 1348 1198 1401 αὐτοῦ’
1232 1351 1326 1403 καὶ
1366 1353 1567 1417 ταύτας
1590 1354 1738 1426 ὠμο-

168 1447 258 1491 σας
287 1428 360 1500 τῷ
387 1430 550 1483 Δαυῒδ
571 1433 926 1489 ἐπιτελέσειν.
970 1438 1216 1510 Ὀρῶμεν
1253 1441 1309 1494 δὲ
1343 1446 1504 1514 ἡμεῖς
1537 1447 1586 1498 οἱ
1639 1448 1735 1502 ἀν-

166 1519 360 1591 θρωποι
391 1521 464 1592 μὴ
501 1523 886 1596 πληρουμένας
911 1529 1100 1593 αὐτὰς,
1134 1532 1257 1586 ὅσον
1281 1535 1373 1586 ἐπὶ
1399 1539 1513 1600 τοῖς
1545 1537 1736 1611 αἰσθη-

163 1615 265 1675 τοῖς
288 1614 382 1666 καὶ
425 1615 757 1684 ὁρωμένοις·
792 1618 872 1671 διὸ
918 1637 1121 1692 φαμεν,
1150 1625 1276 1678 Ποῦ
1313 1629 1431 1680 εἱσι
1475 1630 1548 1682 τὰ
1589 1629 1734 1699 uti;

161 1721 268 1758 σου
293 1705 364 1758 τὰ
405 1706 646 1774 ἀρχαῖα,
681 1711 889 1778 Κύριε;
939 1713 1078 1785 πλὴν
1113 1716 1247 1771 ἀλλά
1278 1720 1623 1792 πεπείσμεθά
1673 1741 1732 1777 σε

161 1795 213 1862 ἐξ
242 1797 478 1862 ἅπαντος
518 1801 804 1872 ἀληθεύειν
823 1845 837 1868 ,
867 1807 948 1860 ὅτι
986 1807 1244 1878 δυνατὸς
1271 1809 1344 1876 εἷ,
1386 1815 1483 1867 καὶ
1512 1816 1552 1882 ἡ
1585 1815 1734 1885 ἀλή-

159 1891 275 1944 θειὰ
301 1906 416 1946 σου
439 1895 642 1960 κύκλῳ
665 1912 800 1950 σου.
826 1899 934 1952 Καὶ
964 1902 1242 1975 μάρτυρές
1261 1922 1324 1972 γε
1350 1907 1450 1977 τῆς
1473 1909 1732 1982 ἀληθείας

160 1999 244 2036 σου
278 1985 478 2051 πάντες
507 1989 557 2040 oi
593 1990 722 2060 περὶ
763 1990 850 2042 σέ·
896 1995 952 2046 αἱ
1000 1995 1130 2062 γοῦν
1178 1999 1417 2067 οὐράνιοι
1471 2002 1730 2073 δυνάμεις

1925 711 2087 769 Vens.
2124 716 2212 782 12,
2238 718 2325 771 13.
2349 719 2449 772 Τιιὶ
2473 730 2596 774 sunt
2627 723 2744 776 σοιίὶ
2764 735 2816 778 et
2837 738 2928 780 tua
2957 739 3036 783 est
3071 740 3233 794 terra,
3256 735 3432 788 orbem

1843 818 2004 862 terra:
2033 819 2083 862 et
2113 812 2493 878 plenitudinem
2523 816 2636 885 ejus
2673 825 2728 871 tu
2760 821 3022 889 fundasti,
3057 830 3356 896 aquilonem
3383 813 3434 884 et

1843 916 1988 956 mare
2003 911 2058 954 tu
2075 905 2504 961 creasti.Thabor
2518 919 2566 962 et
2587 909 2820 964 Hermon
2838 914 2890 966 in
2910 919 3115 972 nomine
3147 931 3236 973 tuo
3252 923 3433 976 exsul-

1843 993 2050 1049 tabunt.
2075 994 2278 1051 Horum
2307 1000 2432 1054 talis
2468 1003 2736 1056 sententia
2783 1012 2904 1060 est:
2938 1006 3152 1076 Davidi,
3177 1011 3428 1081 Domine,

1842 1087 2113 1156 promissa
2145 1088 2345 1144 dedisti
2371 1091 2438 1146 de
2467 1095 2676 1149 semine
2711 1095 2857 1164 ejus,
2879 1112 2943 1151 ac
2973 1099 3040 1154 de
3082 1101 3279 1158 throno
3309 1106 3428 1174 ejus

1841 1194 2016 1249 usque
2057 1181 2111 1234 in
2142 1189 2408 1236 aeternum
2438 1183 2706 1238 duraturo
2740 1205 2752 1239 :
2785 1196 2948 1258 atque
2983 1189 3085 1259 ipsi
3118 1190 3304 1247 Davidi
3336 1195 3428 1263 ju-

1842 1272 1978 1326 rasti
2010 1279 2062 1326 te
2089 1288 2151 1327 ea
2195 1274 2567 1343 perfecturum
2609 1293 2752 1334 esse.
2802 1279 2915 1337 Nos
2957 1291 3138 1338 autem
3173 1285 3425 1341 homines

1837 1362 2088 1419 videmus
2116 1365 2231 1420 haec
2274 1381 2380 1421 non
2414 1377 2681 1440 quantum
2728 1370 2795 1424 ad
2820 1386 2883 1425 ea
2915 1388 3036 1442 qua:
3068 1374 3172 1429 sub
3203 1389 3424 1431 sensum

1837 1464 1890 1510 et
1941 1467 2220 1524 aspectum
2255 1459 2464 1513 cadunt
2525 1460 2738 1530 impleri
2773 1479 2984 1533 :quare
3032 1465 3286 1532 dicimus,
3325 1466 3424 1524 Ubi

1837 1558 1962 1602 sunt
1985 1551 2366 1606 misericordia
2397 1561 2501 1606 tua:
2535 1555 2788 1621 antiquie,
2810 1556 3067 1613 Domine?
3099 1575 3424 1628 persuasum

1839 1648 2019 1696 tamen
2077 1643 2345 1701 habemus
2401 1653 2455 1701 te
2511 1663 2739 1717 prorsus
2799 1667 3046 1705 veracem
3106 1669 3248 1720 esse,
3295 1658 3424 1724 quia

1835 1742 2016 1801 potens
2045 1751 2099 1788 es
2134 1744 2185 1788 et
2210 1737 2404 1791 ueritas
2430 1746 2521 1791 tua
2550 1739 2604 1791 in
2633 1741 2856 1794 circuitu
2889 1752 2998 1797 tuo.
3034 1741 3226 1801 Testes
3258 1761 3424 1817 porro

1834 1823 2085 1879 veritatis
2126 1833 2234 1880 tuae
2271 1834 2400 1882 sunt
2448 1837 2720 1899 quotquot
2768 1834 2915 1885 circa
2954 1841 3008 1889 te
3057 1835 3369 1889 consistunt
3403 1853 3421 1892 :

1834 1932 1962 1970 nam
2016 1919 2270 1974 cmlestes
2319 1921 2554 1977 virtutes
2587 1924 2975 1993 conﬁtebuntur
3004 1926 3273 1981 mirabilia
3306 1939 3420 1997 tua,

1833 2019 1884 2062 et
1911 2011 2184 2065 ueritatem
2236 2022 2382 2066 tuam
2421 2014 2479 2068 in
2529 2013 2771 2072 Ecclesia
2818 2029 3145 2075 sanctorum.
3179 2019 3244 2075 Et
3290 2037 3423 2079 sane

155 2073 698 2146 ἐξομολογήσονται
719 2083 791 2135 τὰ
814 2086 1116 2154 θαυμάσιοί
1137 2103 1274 2156 σου,
1307 2094 1404 2146 καὶ
1440 2095 1555 2163 τὴν
1583 2097 1722 2165 ἀλή-

1830 2103 1954 2172 jure
1988 2105 2243 2162 caelestes
2285 2107 2389 2162 illa:
2416 2108 2647 2164 virtutes
2687 2111 2970 2166 veritatem
3005 2121 3152 2167 tuam
3190 2115 3420 2170 confite-

156 2166 309 2220 θειὰν
352 2185 474 2224 σου
520 2172 590 2225 ἐν
641 2173 965 2244 Ἐκκλησίᾳ
1016 2182 1217 2234 ὁσίων.
1257 2183 1366 2237 Καὶ
1397 2187 1622 2251 εἰκότως
1673 2190 1729 2242 αἱ

155 2259 379 2329 οὐράνιοι
401 2262 666 2335 δυνάμεις
688 2265 786 2337 τὴν
813 2267 1067 2338 ἀλήθειάν
1091 2289 1182 2325 σου
1221 2274 1726 2349 ἐξομολογήσονται,

154 2352 327 2425 ἐπειδὴ
352 2356 409 2409 ἐν
438 2356 518 2425 τῷ
552 2357 768 2429 οὐρανῷ
797 2360 1248 2434 ἑτοιμασοήσεται
1272 2369 1303 2438 ἡ
1345 2369 1573 2441 ἀλήθειά
1599 2390 1691 2426 σου
1710 2392 1723 2404 ·

151 2445 219 2507 ὡς
253 2449 448 2520 μηκέτι
501 2451 610 2503 δεῖν
641 2453 741 2516 τὰς
785 2455 1118 2522 ἐπαγγελίας
1153 2475 1267 2519 σου,
1302 2459 1400 2524 τὰς
1445 2463 1579 2533 πρὸς
1636 2465 1728 2518 τὸν

150 2539 319 2601 Δαυῖδ,
350 2542 630 2610 ἐπιγείους
663 2540 801 2598 εἶναι
847 2548 939 2599 καὶ
983 2551 1300 2618 σωματικὰς
1348 2557 1614 2624 νομίζειν·
1667 2561 1728 2612 ἐν

150 2632 246 2704 γὰρ
273 2633 349 2704 τῷ
379 2635 600 2707 οὐρανῷ
629 2639 1129 2713 ἐτοιμασθήσεταιὴ
1159 2645 1388 2716 ἀλήθειά
1409 2665 1522 2702 σου.
1543 2650 1728 2706 Ταῦτα

144 2723 309 2778 δὲκαὶ
350 2727 519 2790 αὐτὸς
579 2730 642 2780 ἐκ
687 2730 781 2783 τοῦ
825 2732 982 2800 ἁγίου
1033 2735 1350 2806 Πνεύματος
1389 2742 1726 2814 μεμαθηκώς

149 2834 305 2888 φημι·
349 2821 424 2874 Τὰ
483 2821 624 2890 eis"
675 2839 792 2876 σου
840 2827 926 2890 εἰς
972 2826 1080 2880 τὸν
1109 2827 1296 2882 αἰῶνα
1343 2830 1580 2901 ᾄσομαι.
1620 2839 1726 2903 Εἰς

148 2910 346 2978 γενεὰν
390 2912 495 2966 καὶ
527 2914 742 2982 γενεὰν
791 2917 1109 2986 ἀπαγγελῶ
1135 2919 1251 2988 τὴν
1289 2922 1578 2990 ἀλήθειάν
1607 2943 1724 2982 σου

145 3001 207 3054 ἐν
232 3003 307 3069 τῷ
336 3005 594 3073 στόματί
610 3023 751 3074 μου.
793 3007 1102 3079 Ἀληθεύειν
1131 3009 1187 3063 δέ
1223 3030 1281 3064 σε
1308 3014 1441 3068 Θεὸν
1478 3015 1606 3069 ὄντα
1628 3020 1723 3072 καὶ

148 3096 334 3168 Κύριον
361 3097 476 3151 τῶν
511 3099 649 3152 ὅλων
683 3101 1128 3172 πεπεῖσθαι-χρὴ,
1149 3103 1237 3156 διὰ
1265 3104 1326 3156 τὸ
1354 3106 1555 3176 μηδένα
1585 3104 1722 3162 εἶναι

144 3190 312 3260 ὅμοιον
353 3196 421 3264 τῇ
459 3193 524 3264 σῇ
559 3193 788 3264 δυνάμει
811 3213 822 3224 ·
861 3197 954 3248 καὶ
985 3197 1094 3269 γὰρ
1131 3199 1226 3250 καὶ
1264 3198 1375 3254 τῶν
1413 3201 1722 3273 ἀσωμάτων

144 3285 228 3337 καὶ
257 3284 412 3339 θείων
444 3284 729 3356 δυνάμεων
761 3288 966 3360 Κύριος
1005 3284 1076 3352 εἴ,
1105 3291 1200 3344 καὶ
1229 3292 1453 3357 δυνατὸς
1482 3291 1534 3348 εἴ
1561 3297 1721 3366 μόνος

144 3378 226 3428 καὶ
250 3377 385 3449 ὑπὲρ
417 3379 652 3443 πάντας,
687 3379 762 3443 ὡς
797 3381 896 3452 τὴν
944 3381 1202 3453 ἀλήθειάν
1235 3402 1329 3439 σου
1373 3390 1714 3446 πιστοῦσθαι.

142 3466 198 3520 Ei
221 3467 274 3524 δὲ
303 3469 397 3523 καὶ
431 3468 549 3522 ἔστι
574 3488 659 3534 τις
680 3473 737 3524 ὲν
763 3476 878 3538 τοῖς
900 3470 1052 3528 οὖσιν
1081 3478 1444 3550 ὑπερήφανος,
1471 3485 1499 3536 ὁ
1523 3483 1719 3538 καλού-
1759 3463 1788 3484 Δ

146 3576 290 3629 μενος
314 3562 565 3628 διάϐολος
602 3565 981 3638 ἀντικείμενος
1001 3571 1110 3633 ἀεὶ,
1144 3573 1239 3626 καὶ
1270 3574 1522 3646 πολεμῶν
1550 3581 1616 3650 τῇ
1652 3582 1717 3652 σῇ

142 3652 376 3726 ἀληθεία,
433 3655 572 3711 ἀλλά
619 3660 684 3711 σὺ
731 3660 919 3715 τοῦτον
976 3664 1376 3732 ἐταπείνωσαςο
1419 3667 1530 3722 εἴτε
1574 3673 1720 3738 τινές

141 3745 264 3800 εἰσιν
293 3749 436 3822 ὑπὲρ
468 3749 657 3806 τοῦτον
692 3751 885 3823 ἐχθραὶ
919 3757 1014 3808 καὶ
1038 3756 1414 3828 ἀντικείμεναι
1439 3760 1716 3832 δυνάμεις,

138 3837 264 3892 ἀλλά
297 3842 392 3894 καὶ
420 3841 627 3908 ταύτας
653 3844 1065 3918 διεσκόρπισας.
1101 3849 1342 3904 Πάντοτε
1383 3853 1448 3906 σὺ
1476 3858 1714 3924 κρατεῖς,

137 3934 346 4007 καὶτῆς
399 3938 512 3992 τῶν
538 3938 676 3992 ὅλων
725 3942 915 4006 οὐσίας
962 3945 1026 3998 σύ
1083 3944 1403 4012 δεσπόζεις,
1457 3950 1578 4002 ἐπεὶ
1620 3952 1717 4004 καὶ

137 4027 352 4099 ποιητὴς
393 4029 506 4084 τῶν
545 4031 683 4085 ὅλων
716 4035 1028 4104 τυγχάνεις.
1065 4037 1214 4111 Αὐτη
1262 4039 1371 4113 γὰρ
1407 4041 1440 4111 ἡ
1471 4041 1714 4097 θάλασσα

136 4117 308 4174 καὶτὸ
349 4123 606 4178 τοσοῦτον
635 4124 737 4196 τῆς
789 4125 962 4198 ὑγρᾶς
1007 4131 1195 4195 οὐσίας
1244 4137 1506 4203 στοιχεῖον
1555 4135 1714 4205 ἔργον

136 4208 360 4283 ὑπάρχει
393 4215 505 4281 σὺν,
541 4217 634 4270 καὶ
667 4217 727 4270 σὲ
769 4219 956 4290 κύριον
999 4222 1386 4294 ἐπιγράφεται.
1433 4226 1498 4279 Εἰ
1526 4225 1582 4278 δὲ
1620 4227 1714 4279 καὶ

133 4303 341 4374 οὐρανοί
392 4325 538 4372 τινες
569 4309 830 4383 ἀνώτεροι
871 4313 966 4366 τοῦ
1014 4315 1394 4388 στερεώματος
1443 4318 1709 4382 νοοῦνται,

134 4395 283 4452 θείων
310 4403 640 4474 πνευμάτων
675 4403 769 4457 καὶ
810 4403 1094 4476 δυνάμεων
1137 4407 1337 4477 ἀγίων,
1379 4407 1488 4463 τῶν
1519 4427 1576 4461 τε
1612 4411 1711 4480 τὴν

134 4487 224 4562 σὴν
258 4491 488 4565 θεότητα
535 4496 975 4568 περιπολούντων
1011 4499 1258 4569 ἀγγέλων
1293 4501 1386 4554 καὶ
1431 4501 1710 4572 ἀρχαγγέ-

130 4578 230 4634 λων
261 4585 580 4659 οῖκητήρια,
628 4590 722 4642 καὶ
763 4582 912 4643 οὗτοι
947 4591 1030 4644 σοί
1069 4595 1209 4646 εἰσιν
1260 4592 1378 4663 ἃμα
1418 4595 1553 4647 πᾶσι
1598 4597 1710 4660 τοῖς

129 4674 361 4730 οἰκοῦσιν
395 4679 596 4744 αὐτοῖς.
636 4683 744 4734 Καὶ
785 4682 912 4737 ἄλλο
955 4685 1012 4738 δὲ
1046 4688 1306 4756 στοιχεῖον
1349 4690 1409 4738 οὐ
1451 4688 1642 4760 μικρὸν
1676 4691 1707 4761 ή

1835 2195 2058 2261 buntur,
2094 2198 2223 2268 quia
2255 2199 2309 2252 in
2347 2200 2488 2254 cmlo
2524 2203 2923 2272 praeparabitur
2946 2205 3151 2260 veritas
3182 2214 3309 2271 tua;
3344 2208 3420 2261 ita

1832 2296 1892 2341 ut
1931 2290 2200 2358 promissa
2235 2298 2328 2345 tua
2357 2292 2423 2346 ad
2455 2292 2715 2348 Davidem
2749 2293 2915 2360 facta,
2950 2311 3057 2350 non
3097 2297 3282 2366 utique
3307 2307 3420 2351 ter-

1834 2395 1960 2433 rena
1991 2389 2042 2434 et
2077 2395 2340 2452 corporea
2376 2383 2628 2438 habenda
2669 2385 2818 2440 sint:
2850 2403 2974 2440 nam
3021 2387 3075 2441 in
3112 2387 3254 2441 coelo
3279 2403 3420 2457 pra:-

1831 2473 2116 2542 parabilur
2153 2476 2358 2530 veritas
2388 2483 2502 2531 tua.
2539 2475 2666 2532 Haec
2703 2493 2833 2533 vero
2873 2494 2901 2532 a
2952 2478 3164 2548 Spiritu
3225 2488 3418 2536 sancto

1829 2566 2058 2620 edoctus
2089 2565 2216 2621 dico
2248 2587 2259 2621 :
2289 2566 2689 2624 Misericordiae
2717 2579 2836 2624 tuas
2867 2572 2920 2624 in
2947 2581 3200 2626 internum
3230 2581 3418 2626 canta-

1831 2653 1913 2709 bo.
1948 2654 2012 2708 In
2044 2658 2436 2727 generationem
2465 2668 2513 2713 et
2545 2660 2938 2731 generationem
2971 2660 3298 2715 annuntiabo
3328 2677 3417 2715 ve-

1830 2747 2042 2800 ritatem
2084 2758 2230 2802 tuam
2265 2750 2317 2803 in
2352 2767 2440 2805 ore
2472 2769 2607 2807 meo.
2640 2751 2717 2807 Te
2750 2767 2934 2824 porro,
2960 2762 3147 2824 utpote
3167 2753 3336 2808 Deum
3363 2763 3419 2810 et

1827 2835 2123 2893 Dominum
2162 2844 2573 2908 universorum,
2598 2859 2850 2899 veraccm
2872 2846 3098 2902 credere
3133 2849 3413 2915 convenit,

1828 2931 1956 3000 quia
1995 2931 2180 2988 nullus
2210 2943 2295 2988 est
2345 2936 2440 2989 tibi
2478 2935 2681 2992 virtute
2733 2937 2972 2993 similis:
3009 2939 3278 3009 siquidem
3329 2941 3416 2996 in-

1827 3039 2219 3095 corporearum
2265 3037 2319 3083 et
2359 3029 2668 3084 divinarum
2723 3032 2986 3087 virtutum
3030 3033 3295 3092 Dominus
3327 3053 3410 3102 es,

1827 3115 2089 3186 solusque
2117 3132 2181 3171 ac
2227 3133 2394 3189 super
2435 3136 2626 3176 omnes
2660 3131 2856 3192 potens
2892 3139 2974 3187 es,
3003 3126 3077 3180 ita
3114 3137 3171 3181 ut
3206 3130 3410 3182 verita-

1827 3216 1931 3260 tem
1964 3215 2115 3262 tuam
2151 3211 2470 3267 credibilem
2527 3213 2708 3270 facere
2759 3219 2958 3286 possis.
2997 3217 3152 3284 Quod
3194 3221 3237 3274 si
3287 3221 3418 3291 quis

1825 3299 1878 3352 in
1912 3314 2092 3355 rerum
2131 3311 2326 3357 natura
2365 3307 2636 3376 superbus
2659 3309 2910 3374 exsistat,
2936 3325 3130 3381 nempe
3158 3311 3412 3367 diabolus

1823 3390 1918 3444 tibi
1968 3406 2184 3460 semper
2237 3393 2607 3461 adversarius,
2642 3413 2706 3452 ac
2753 3400 3039 3454 veritatem
3089 3415 3414 3471 oppugnatus

1825 3491 2008 3536 tuam:
2044 3490 2102 3537 tu
2146 3499 2279 3540 sane
2325 3487 2472 3543 hunc
2509 3489 2808 3546 bumiliasti
2845 3509 2860 3545 :
2891 3493 2934 3548 si
2972 3507 3104 3547 vero
3147 3493 3274 3546 huic
3312 3507 3404 3549 sn-

1824 3577 2066 3644 periores
2103 3579 2352 3647 quaedam
2399 3583 2636 3636 inimicaa
2678 3593 2732 3639 et
2771 3584 3016 3640 adversae
3053 3585 3150 3640 tibi
3175 3588 3416 3641 virtutes

1822 3669 1952 3728 sint,
1987 3684 2081 3724 eas
2123 3685 2344 3741 quoque
2376 3672 2680 3745 dissipasti.
2714 3674 2795 3729 Tu
2830 3677 3030 3747 ubique
3053 3677 3312 3747 imperas,
3355 3685 3410 3731 et

1822 3761 2207 3816 universorum
2246 3764 2571 3819 substantia:
2601 3765 2924 3829 dominaris,
2963 3766 3092 3836 quia
3127 3768 3410 3821 universo-

1818 3865 1940 3903 rum
1974 3851 2156 3921 opifex
2187 3867 2268 3906 es.
2311 3853 2492 3924 Ipsum
2523 3855 2725 3927 quippe
2751 3872 2920 3920 mare,
2950 3865 3271 3928 tantumque
3301 3858 3410 3912 hu-

1818 3943 1978 3996 midaa
2018 3944 2342 4000 substantiae
2397 3947 2749 4012 elementum,
2789 3957 2942 4004 tuum
2975 3958 3060 4006 est
3098 3951 3406 4020 opilicium,

1817 4043 1980 4105 teque
2009 4037 2292 4093 dominum
2323 4041 2548 4095 ascribit
2571 4057 2753 4097 suum.
2777 4042 2918 4110 Quid
2941 4044 2988 4101 si
3021 4045 3146 4100 (ξαιιί
3178 4043 3406 4116 quidam

1816 4127 1938 4197 ipso
1970 4128 2315 4186 ﬁrmamento
2339 4135 2652 4202 superiores
2697 4137 3030 4206 cogitentur,
3071 4138 3162 4208 qui
3195 4136 3406 4192 scilicet

1814 4221 2128 4276 divinorum
2160 4225 2476 4294 spirituum,
2504 4236 2820 4283 sanctarum
2857 4231 3143 4293 virtutum,
3178 4230 3401 4301 angelo-

1813 4329 1935 4367 rum
1969 4320 2023 4369 et
2043 4315 2497 4387 archangelorum
2537 4318 2796 4374 deitatem
2847 4326 2999 4375 tuam
3055 4321 3399 4390 stipantium,

1813 4402 2088 4460 domicilia
2107 4407 2250 4474 sint;
2285 4408 2339 4462 bi
2367 4425 2589 4480 quoque
2613 4425 2738 4464 cum
2770 4412 3028 4467 omnibus
3060 4412 3254 4466 incolis
3283 4411 3405 4466 suis

1813 4497 1892 4551 tui
1953 4509 2104 4554 sunt.
2155 4500 2318 4556 Aliud
2350 4503 2516 4558 etiam
2581 4503 2913 4560 elementum
2967 4521 3075 4559 non
3117 4505 3399 4574 exiguum,

1813 4591 1966 4645 arida
2005 4609 2201 4663 nempe
2235 4595 2544 4650 substantia
2569 4602 2621 4650 et
2644 4605 2789 4651 terra
2823 4596 2977 4650 oculis
3012 4596 3278 4665 subjecta,
3305 4604 3398 4650 tua

1813 4686 1938 4741 item
1974 4694 2080 4742 est.
2106 4686 2243 4742 Cum
2277 4690 2458 4760 itaque
2498 4690 2682 4744 omnia
2726 4698 2816 4743 tuo
2854 4690 3012 4743 [ιιιιυί
3055 4693 3316 4755 serviant,
3345 4699 3400 4745 et

136 4763 264 4834 ξηρά
286 4771 463 4836 οὐσία,
497 4775 648 4845 καὶὴ
692 4778 804 4841 τοῖς
848 4778 1099 4850 οὐρανοῖς
1133 4778 1470 4850 ὑποκειμένη
1511 4781 1604 4850 γῆ,
1641 4783 1706 4854 σή

1830 4797 1873 4833 ιιι
1895 4781 2154 4836 omnibus
2179 4783 2435 4853 imperes,
2481 4790 2670 4853 utpote
2701 4783 2945 4836 omnium
2985 4783 3263 4847 dominus,
3301 4800 3398 4839 rex

133 4856 236 4912 ἐστι
270 4865 364 4917 καὶ
401 4865 563 4939 αὕτη.
587 4868 713 4922 Ὅτε
745 4870 926 4924 τοίνυν
969 4871 1038 4926 τὰ
1085 4871 1373 4944 σύμπαντα
1423 4877 1537 4937 τοῖς
1593 4878 1704 4938 σοῖς

129 4951 350 5023 νεύμασι
375 4957 636 5024 δουλεύει,
671 4965 764 5016 καῖ⁹
799 4965 862 5017 σὺ
891 4965 1111 5019 πάντων
1148 4969 1387 5038 κρατεῖς,
1412 4965 1597 5038 κύριος
1627 4967 1703 5021 ὢν

129 5042 373 5101 ἁπάντων
410 5053 502 5106 καὶ
550 5054 804 5124 βασιλεὺς
849 5058 943 5110 καὶ
976 5058 1138 5122 Θεὸς,
1187 5059 1273 5122 τίς
1321 5058 1704 5130 ἁντιστήσεταί

1811 4879 1865 4927 et
1895 4871 2062 4939 Deus,
2092 4875 2220 4946 quis
2259 4877 2482 4930 resistet
2518 4875 2652 4930 tibi?
2705 4874 2773 4928 Et
2820 4873 2952 4946 quid
3007 4875 3398 4946 impedimento

1813 4965 1996 5030 fuerit,
2021 4969 2316 5038 quominus
2356 4979 2447 5023 tua
2474 4969 2650 5023 electo
2673 4976 2769 5023 tuo
2797 4966 2988 5022 Davidi
3016 4969 3141 5022 data
3164 4970 3398 5040 promis-

1813 5073 1894 5123 sa,
1929 5075 2051 5130 qua:
2079 5061 2298 5131 juratus
2327 5061 2566 5125 edidisti,
2599 5061 2883 5117 credibilia
2919 5060 3258 5116 reddantur?

129 5151 234 5202 σοις
267 5141 337 5193 Ἶδί
363 5144 414 5197 τί
435 5145 494 5199 τὸ
521 5147 770 5218 ἐμποδὼν
796 5149 948 5204 ἔσται
969 5151 1062 5204 τοῦ
1097 5153 1172 5224 μὴ
1231 5152 1610 5208 πιστώσασθαι
1674 5152 1770 5216 τὰς
1813 5152 1912 5218 σὰς
1964 5155 2100 5228 πρὸς
2130 5155 2220 5208 τὸν
2269 5156 2524 5210 ἐκλεκτόν
2578 5173 2670 5209 σου
2715 5155 2877 5209 Δαυῖδ
2923 5153 3254 5225 ἐπαγγελίας
3278 5193 3292 5218 ,
3332 5151 3396 5216 ἃς

130 5232 240 5299 μεθ’
273 5236 438 5306 ὅρκου
470 5241 606 5312 πρὸς
627 5243 788 5296 αὐτὸν
824 5233 1101 5317 ¹ιέποιήσως

192 5327 405 5400 Σφόδρα
427 5334 603 5388 τοίνυν
625 5338 720 5390 καί⁸
748 5338 1059 5405 ἀκολούθως
1081 5346 1192 5407 τοῖς
1217 5343 1529 5419 ἔμπροσθεν
1555 5347 1707 5419 εἰρη-

130 5417 303 5486 μένοις
333 5423 423 5478 διὰ
449 5428 554 5482 τῶν
586 5433 964 5503 προκειμένων
1011 5437 1261 5508 ἐπήγαγε
1302 5417 1383 5507 τδ,
1415 5442 1519 5494 Σοί
1549 5417 1706 5495 εἰσικ

125 5512 176 5564 ci
205 5516 470 5583 οὐρανοὶ,
504 5523 601 5575 καὶ
638 5524 721 5592 σή
757 5525 930 5579 ἐστιν
957 5529 995 5595 ἡ
1026 5528 1102 5598 γῆ
1127 5546 1140 5560 ·
1187 5529 1303 5599 τὴν·
1345 5532 1705 5603 οἰκουμένην

127 5605 216 5657 καὶ
249 5608 542 5680 πλήρωμα
576 5615 767 5684 αὐτῆς
799 5617 880 5670 σὺ
905 5618 1327 5688 ἐθεμελίωσας.
1357 5624 1432 5676 Οὐ
1462 5623 1572 5695 γὰρ
1609 5623 1704 5694 μό-

125 5710 209 5747 νον
237 5700 328 5754 τὸν
377 5703 621 5774 οὐρανὸν,
649 5711 804 5779 φησὶ,
861 5710 958 5763 καὶ
986 5710 1083 5774 τὰς
1137 5713 1196 5765 ὲν
1239 5713 1387 5784 αὐτῷ
1417 5715 1693 5786 δυνάμειςι

125 5785 251 5840 ἀλλὰ
281 5791 373 5845 καὶ
393 5793 490 5861 τὴν
524 5796 627 5865 γῆν
661 5799 724 5852 σὺ
767 5798 1162 5869 ἐθεμελίωσας
1198 5804 1503 5874 συμφώνως
1639 5807 1698 5861 ἐν

1877 5343 2186 5401 Admodum
2220 5352 2591 5416 congruenter
2615 5360 2779 5415 supra
2816 5344 2977 5399 dictis
3006 5345 3118 5415 jam
3169 5343 3396 5414 subiicit

1806 5435 1938 5489 illud
1969 5455 1980 5489 :
2015 5435 2116 5489 Tui
2149 5443 2272 5490 sunt
2327 5435 2446 5488 οωίὶ
2488 5445 2537 5488 et
2569 5445 2662 5488 tua
2705 5445 2780 5488 est
2815 5445 2954 5488 terra
2981 5450 3000 5488 :
3032 5433 3207 5489 orbem
3239 5445 3396 5488 terra:

1803 5542 1848 5583 et
1879 5527 2260 5596 plenitudinem
2308 5529 2422 5597 ejus
2458 5537 2510 5582 tu
2563 5529 2826 5598 fundasti.
2876 5527 2996 5581 Non
3046 5528 3207 5582 modo
3245 5529 3392 5583 enim

1802 5622 2025 5684 cmlum,
2077 5622 2174 5684 ait,
2209 5629 2263 5676 et
2320 5623 2554 5677 virtutes
2597 5622 2672 5676 ibi
2709 5631 3036 5686 versantes,
3077 5620 3171 5677 scd
3225 5621 3394 5677 etiam

1805 5720 2006 5770 terram
2036 5711 2280 5769 fundasti
2305 5733 2318 5768 :
2341 5714 2428 5768 cui
2455 5713 2658 5768 accinit
2688 5713 2778 5768 illa
2811 5714 3232 5770 Proverbiorum
3264 5730 3387 5770 scn-

1807 5803 2024 5863 tentia:
2058 5805 2203 5862 Deus
2240 5807 2500 5877 sapientia
2551 5806 2794 5876 fundavit
2833 5817 3027 5863 terram
3058 5824 3075 5862 :
3113 5822 3388 5878 pi-aparao
