  <div class='ocr_page' id='page_1' title='image "/cluster/home/n/w/nwhite01/storage/ocr_20150623/23/mdp.39015078384396/563.png"; bbox 0 0 3830 6288; ppageno 0'>
   <div class='ocr_carea' id='block_1_1' title="bbox 316 284 453 344">
    <p class='ocr_par' dir='ltr' id='par_1_1' title="bbox 316 284 453 344">
     <span class='ocr_line' id='line_1_1' title="bbox 316 284 453 344; baseline -0.036 0"><span class='ocrx_word' id='word_1_1' title='bbox 316 284 453 344; x_wconf 67' lang='grc' dir='ltr'><strong>ωσι</strong></span> 
     </span>
    </p>
   </div>
   <div class='ocr_carea' id='block_1_2' title="bbox 998 271 2867 337">
    <p class='ocr_par' dir='ltr' id='par_1_2' title="bbox 998 271 2867 337">
     <span class='ocr_line' id='line_1_2' title="bbox 998 271 2867 337; baseline -0.004 -1"><span class='ocrx_word' id='word_1_2' title='bbox 998 279 1269 337; x_wconf 81' lang='lat' dir='ltr'><strong>EUSEBII</strong></span> <span class='ocrx_word' id='word_1_3' title='bbox 1308 276 1790 337; x_wconf 67' lang='lat' dir='ltr'><strong>CESARIENSIS</strong></span> <span class='ocrx_word' id='word_1_4' title='bbox 1815 274 1966 331; x_wconf 76' lang='lat' dir='ltr'><strong>OPP.</strong></span> <span class='ocrx_word' id='word_1_5' title='bbox 2005 273 2189 329; x_wconf 75' lang='lat' dir='ltr'><strong>PARS</strong></span> <span class='ocrx_word' id='word_1_6' title='bbox 2220 274 2306 331; x_wconf 79' lang='grc'><strong>111.</strong></span> <span class='ocrx_word' id='word_1_7' title='bbox 2346 305 2418 318; x_wconf 90' lang='grc'><strong>-</strong></span> <span class='ocrx_word' id='word_1_8' title='bbox 2454 271 2867 331; x_wconf 77' lang='lat' dir='ltr'><strong>EXEGETICA.</strong></span> 
     </span>
    </p>
   </div>
   <div class='ocr_carea' id='block_1_3' title="bbox 3395 275 3597 330">
    <p class='ocr_par' dir='ltr' id='par_1_3' title="bbox 3395 275 3597 330">
     <span class='ocr_line' id='line_1_3' title="bbox 3395 275 3597 330; baseline 0 0"><span class='ocrx_word' id='word_1_9' title='bbox 3395 275 3597 330; x_wconf 68' lang='lat' dir='ltr'><strong>-i092</strong></span> 
     </span>
    </p>
   </div>
   <div class='ocr_carea' id='block_1_4' title="bbox 306 394 1914 473">
    <p class='ocr_par' dir='ltr' id='par_1_4' title="bbox 306 399 1902 473">
     <span class='ocr_line' id='line_1_4' title="bbox 306 399 1902 473; baseline -0.001 -20"><span class='ocrx_word' id='word_1_10' title='bbox 306 405 394 459; x_wconf 77' lang='lat' dir='ltr'><strong>.vit</strong></span> <span class='ocrx_word' id='word_1_11' title='bbox 423 412 599 458; x_wconf 86' lang='lat' dir='ltr'><strong>autem</strong></span> <span class='ocrx_word' id='word_1_12' title='bbox 623 402 781 458; x_wconf 67' lang='lat' dir='ltr'><strong>caios</strong></span> <span class='ocrx_word' id='word_1_13' title='bbox 810 402 867 456; x_wconf 87' lang='lat' dir='ltr'><strong>in</strong></span> <span class='ocrx_word' id='word_1_14' title='bbox 894 401 1181 473; x_wconf 72' lang='lat' dir='ltr'><strong><em>prudentia</em></strong></span> <span class='ocrx_word' id='word_1_15' title='bbox 1210 401 1279 458; x_wconf 80' lang='lat'><strong>”.</strong></span> <span class='ocrx_word' id='word_1_16' title='bbox 1313 399 1416 457; x_wconf 87' lang='lat' dir='ltr'><strong>Hic</strong></span> <span class='ocrx_word' id='word_1_17' title='bbox 1444 417 1578 457; x_wconf 88' lang='lat' dir='ltr'><strong>vero</strong></span> <span class='ocrx_word' id='word_1_18' title='bbox 1601 400 1902 455; x_wconf 74' lang='lat' dir='ltr'><strong>Inabitatam</strong></span> 
     </span>
    </p>
   </div>
   <div class='ocr_carea' id='block_1_5' title="bbox 2041 394 3601 473">
    <p class='ocr_par' dir='ltr' id='par_1_5' title="bbox 2041 394 3601 470">
     <span class='ocr_line' id='line_1_5' title="bbox 2041 394 3601 470; baseline -0.002 -20"><span class='ocrx_word' id='word_1_19' title='bbox 2041 399 2126 461; x_wconf 84' lang='grc' dir='ltr'><strong>αῖς</strong></span> <span class='ocrx_word' id='word_1_20' title='bbox 2164 395 2500 470; x_wconf 79' lang='grc' dir='ltr'>Παροιμίαις</span> <span class='ocrx_word' id='word_1_21' title='bbox 2536 395 2773 469; x_wconf 78' lang='grc' dir='ltr'>λεγούσῃ</span> <span class='ocrx_word' id='word_1_22' title='bbox 2814 397 2987 468; x_wconf 76' lang='grc' dir='ltr'>φωνῇ.</span> <span class='ocrx_word' id='word_1_23' title='bbox 3038 395 3100 451; x_wconf 68' lang='lat'><strong>‘0</strong></span> <span class='ocrx_word' id='word_1_24' title='bbox 3124 395 3276 464; x_wconf 68' lang='lat'><strong>836(-</strong></span> <span class='ocrx_word' id='word_1_25' title='bbox 3301 394 3379 467; x_wconf 71' lang='grc' dir='ltr'>τῇ</span> <span class='ocrx_word' id='word_1_26' title='bbox 3403 396 3601 466; x_wconf 69' lang='lat' dir='ltr'><strong>0&#39;0qu</strong></span> 
     </span>
    </p>
   </div>
   <div class='ocr_carea' id='block_1_6' title="bbox 325 490 1903 567">
    <p class='ocr_par' dir='ltr' id='par_1_6' title="bbox 325 490 1903 567">
     <span class='ocr_line' id='line_1_6' title="bbox 325 490 1903 567; baseline -0.004 -17"><span class='ocrx_word' id='word_1_27' title='bbox 325 511 485 553; x_wconf 64' lang='grc' dir='ltr'>,οι-ναι</span> <span class='ocrx_word' id='word_1_28' title='bbox 534 503 780 567; x_wconf 87' lang='lat' dir='ltr'><strong>partem,</strong></span> <span class='ocrx_word' id='word_1_29' title='bbox 841 495 1001 567; x_wconf 80' lang='lat' dir='ltr'><strong>quasi</strong></span> <span class='ocrx_word' id='word_1_30' title='bbox 1067 494 1506 567; x_wconf 62' lang='lat' dir='ltr'><strong>prestantiOrem</strong></span> <span class='ocrx_word' id='word_1_31' title='bbox 1536 531 1553 559; x_wconf 92' lang='lat'><strong>,</strong></span> <span class='ocrx_word' id='word_1_32' title='bbox 1580 490 1903 563; x_wconf 75' lang='grc' dir='ltr'><strong>οἰκουμένην</strong></span> 
     </span>
    </p>
   </div>
   <div class='ocr_carea' id='block_1_7' title="bbox 323 585 1901 656">
    <p class='ocr_par' dir='ltr' id='par_1_7' title="bbox 323 585 1901 656">
     <span class='ocr_line' id='line_1_7' title="bbox 323 585 1901 656; baseline -0.005 -8"><span class='ocrx_word' id='word_1_33' title='bbox 323 590 648 656; x_wconf 75' lang='lat' dir='ltr'><strong>nominavit,</strong></span> <span class='ocrx_word' id='word_1_34' title='bbox 683 589 751 645; x_wconf 92' lang='lat' dir='ltr'><strong>ad</strong></span> <span class='ocrx_word' id='word_1_35' title='bbox 780 588 1080 645; x_wconf 80' lang='lat' dir='ltr'><strong>discrimen</strong></span> <span class='ocrx_word' id='word_1_36' title='bbox 1112 588 1257 643; x_wconf 89' lang='lat' dir='ltr'><strong>inter</strong></span> <span class='ocrx_word' id='word_1_37' title='bbox 1281 585 1554 643; x_wconf 79' lang='lat' dir='ltr'><strong>desertam</strong></span> <span class='ocrx_word' id='word_1_38' title='bbox 1583 595 1639 642; x_wconf 85' lang='lat' dir='ltr'><strong>et</strong></span> <span class='ocrx_word' id='word_1_39' title='bbox 1675 585 1901 640; x_wconf 81' lang='lat' dir='ltr'><strong>cultam.</strong></span> 
     </span>
    </p>
   </div>
   <div class='ocr_carea' id='block_1_8' title="bbox 315 675 1907 752">
    <p class='ocr_par' dir='ltr' id='par_1_8' title="bbox 315 675 1907 752">
     <span class='ocr_line' id='line_1_8' title="bbox 315 675 1907 752; baseline -0.003 -18"><span class='ocrx_word' id='word_1_40' title='bbox 315 683 443 736; x_wconf 78' lang='lat' dir='ltr'><strong>.lmo</strong></span> <span class='ocrx_word' id='word_1_41' title='bbox 469 682 632 737; x_wconf 88' lang='lat' dir='ltr'><strong>etiam</strong></span> <span class='ocrx_word' id='word_1_42' title='bbox 662 679 1059 752; x_wconf 89' lang='lat' dir='ltr'><strong>plenitudinem</strong></span> <span class='ocrx_word' id='word_1_43' title='bbox 1083 678 1234 734; x_wconf 92' lang='lat' dir='ltr'><strong>orbis</strong></span> <span class='ocrx_word' id='word_1_44' title='bbox 1258 685 1421 735; x_wconf 78' lang='lat' dir='ltr'><strong>terra:</strong></span> <span class='ocrx_word' id='word_1_45' title='bbox 1457 676 1680 746; x_wconf 85' lang='lat' dir='ltr'><strong>adiecit,</strong></span> <span class='ocrx_word' id='word_1_46' title='bbox 1716 675 1802 732; x_wconf 87' lang='lat' dir='ltr'><strong>his</strong></span> <span class='ocrx_word' id='word_1_47' title='bbox 1828 675 1907 730; x_wconf 78' lang='lat' dir='ltr'><strong>si-</strong></span> 
     </span>
    </p>
   </div>
   <div class='ocr_carea' id='block_1_9' title="bbox 325 766 1906 845">
    <p class='ocr_par' dir='ltr' id='par_1_9' title="bbox 325 766 1906 845">
     <span class='ocr_line' id='line_1_9' title="bbox 325 766 1906 845; baseline -0.004 -17"><span class='ocrx_word' id='word_1_48' title='bbox 325 773 591 845; x_wconf 83' lang='lat' dir='ltr'><strong>gniﬁcans</strong></span> <span class='ocrx_word' id='word_1_49' title='bbox 641 773 940 827; x_wconf 85' lang='lat' dir='ltr'><strong>humanum</strong></span> <span class='ocrx_word' id='word_1_50' title='bbox 972 786 1169 843; x_wconf 82' lang='lat' dir='ltr'><strong>genus,</strong></span> <span class='ocrx_word' id='word_1_51' title='bbox 1201 768 1349 841; x_wconf 90' lang='lat' dir='ltr'><strong>quod</strong></span> <span class='ocrx_word' id='word_1_52' title='bbox 1388 768 1580 824; x_wconf 90' lang='lat' dir='ltr'><strong>orbem</strong></span> <span class='ocrx_word' id='word_1_53' title='bbox 1609 774 1772 823; x_wconf 56' lang='lat' dir='ltr'><strong>terra!</strong></span> <span class='ocrx_word' id='word_1_54' title='bbox 1797 766 1906 822; x_wconf 83' lang='lat' dir='ltr'><strong>im-</strong></span> 
     </span>
    </p>
   </div>
   <div class='ocr_carea' id='block_1_10' title="bbox 328 860 1909 938">
    <p class='ocr_par' dir='ltr' id='par_1_10' title="bbox 328 860 1909 938">
     <span class='ocr_line' id='line_1_10' title="bbox 328 860 1909 938; baseline -0.003 -17"><span class='ocrx_word' id='word_1_55' title='bbox 328 867 457 938; x_wconf 84' lang='lat' dir='ltr'><strong>plet.</strong></span> <span class='ocrx_word' id='word_1_56' title='bbox 487 863 673 936; x_wconf 85' lang='lat' dir='ltr'><strong>Neque</strong></span> <span class='ocrx_word' id='word_1_57' title='bbox 697 872 879 921; x_wconf 91' lang='lat' dir='ltr'><strong>tamen</strong></span> <span class='ocrx_word' id='word_1_58' title='bbox 902 865 1149 930; x_wconf 85' lang='lat' dir='ltr'><strong>aberres,</strong></span> <span class='ocrx_word' id='word_1_59' title='bbox 1181 862 1237 919; x_wconf 80' lang='lat' dir='ltr'><strong>si.</strong></span> <span class='ocrx_word' id='word_1_60' title='bbox 1257 862 1365 917; x_wconf 88' lang='lat' dir='ltr'><strong>alio</strong></span> <span class='ocrx_word' id='word_1_61' title='bbox 1392 860 1706 932; x_wconf 80' lang='lat' dir='ltr'><strong>explicandi</strong></span> <span class='ocrx_word' id='word_1_62' title='bbox 1755 874 1909 916; x_wconf 90' lang='lat' dir='ltr'><strong>more</strong></span> 
     </span>
    </p>
   </div>
   <div class='ocr_carea' id='block_1_11' title="bbox 327 951 1904 1027">
    <p class='ocr_par' dir='ltr' id='par_1_11' title="bbox 327 951 1904 1027">
     <span class='ocr_line' id='line_1_11' title="bbox 327 951 1904 1027; baseline -0.003 -15"><span class='ocrx_word' id='word_1_63' title='bbox 327 957 521 1024; x_wconf 84' lang='lat' dir='ltr'><strong>dicas,</strong></span> <span class='ocrx_word' id='word_1_64' title='bbox 588 957 986 1027; x_wconf 88' lang='lat' dir='ltr'><strong>plenitudinem</strong></span> <span class='ocrx_word' id='word_1_65' title='bbox 1035 970 1160 1012; x_wconf 88' lang='lat' dir='ltr'><strong>esse</strong></span> <span class='ocrx_word' id='word_1_66' title='bbox 1221 952 1525 1009; x_wconf 89' lang='lat' dir='ltr'><strong>Salvatoris</strong></span> <span class='ocrx_word' id='word_1_67' title='bbox 1578 951 1904 1016; x_wconf 82' lang='lat' dir='ltr'><strong>Ecclesiam.</strong></span> 
     </span>
    </p>
   </div>
   <div class='ocr_carea' id='block_1_12' title="bbox 327 1046 1903 1122">
    <p class='ocr_par' dir='ltr' id='par_1_12' title="bbox 327 1046 1903 1122">
     <span class='ocr_line' id='line_1_12' title="bbox 327 1046 1903 1122; baseline -0.001 -18"><span class='ocrx_word' id='word_1_68' title='bbox 327 1066 493 1122; x_wconf 87' lang='lat' dir='ltr'><strong>quam</strong></span> <span class='ocrx_word' id='word_1_69' title='bbox 541 1051 720 1120; x_wconf 90' lang='lat' dir='ltr'><strong>ipsum</strong></span> <span class='ocrx_word' id='word_1_70' title='bbox 773 1049 870 1104; x_wconf 88' lang='lat' dir='ltr'><strong>Dei</strong></span> <span class='ocrx_word' id='word_1_71' title='bbox 913 1047 1152 1104; x_wconf 87' lang='lat' dir='ltr'><strong>Verbum</strong></span> <span class='ocrx_word' id='word_1_72' title='bbox 1193 1046 1445 1102; x_wconf 81' lang='lat' dir='ltr'><strong>fundavit</strong></span> <span class='ocrx_word' id='word_1_73' title='bbox 1476 1061 1644 1119; x_wconf 85' lang='lat' dir='ltr'><strong>supra</strong></span> <span class='ocrx_word' id='word_1_74' title='bbox 1671 1053 1903 1118; x_wconf 86' lang='lat' dir='ltr'><strong>petram.</strong></span> 
     </span>
    </p>
   </div>
   <div class='ocr_carea' id='block_1_13' title="bbox 327 1139 1909 1212">
    <p class='ocr_par' dir='ltr' id='par_1_13' title="bbox 327 1139 1909 1212">
     <span class='ocr_line' id='line_1_13' title="bbox 327 1139 1909 1212; baseline -0.002 -16"><span class='ocrx_word' id='word_1_75' title='bbox 327 1140 673 1212; x_wconf 81' lang='lat' dir='ltr'><strong>Quapropter</strong></span> <span class='ocrx_word' id='word_1_76' title='bbox 737 1141 868 1196; x_wconf 83' lang='lat' dir='ltr'><strong>alibi</strong></span> <span class='ocrx_word' id='word_1_77' title='bbox 937 1140 1145 1195; x_wconf 89' lang='lat' dir='ltr'><strong>dictum</strong></span> <span class='ocrx_word' id='word_1_78' title='bbox 1193 1147 1280 1195; x_wconf 87' lang='lat' dir='ltr'><strong>est</strong></span> <span class='ocrx_word' id='word_1_79' title='bbox 1333 1158 1347 1195; x_wconf 89' lang='lat'><strong>:</strong></span> <span class='ocrx_word' id='word_1_80' title='bbox 1409 1139 1667 1195; x_wconf 80' lang='lat' dir='ltr'><strong>Dominus</strong></span> <span class='ocrx_word' id='word_1_81' title='bbox 1719 1156 1909 1210; x_wconf 73' lang='lat' dir='ltr'><strong>regne-</strong></span> 
     </span>
    </p>
   </div>
   <div class='ocr_carea' id='block_1_14' title="bbox 329 1232 1907 1299">
    <p class='ocr_par' dir='ltr' id='par_1_14' title="bbox 329 1232 1907 1299">
     <span class='ocr_line' id='line_1_14' title="bbox 329 1232 1907 1299; baseline -0.001 -10"><span class='ocrx_word' id='word_1_82' title='bbox 329 1235 399 1289; x_wconf 78' lang='lat' dir='ltr'><strong>oit</strong></span> <span class='ocrx_word' id='word_1_83' title='bbox 422 1274 437 1299; x_wconf 94' lang='lat'><strong>,</strong></span> <span class='ocrx_word' id='word_1_84' title='bbox 466 1233 703 1289; x_wconf 84' lang='lat' dir='ltr'><strong>decorem</strong></span> <span class='ocrx_word' id='word_1_85' title='bbox 736 1234 951 1288; x_wconf 82' lang='lat' dir='ltr'><strong>indutus</strong></span> <span class='ocrx_word' id='word_1_86' title='bbox 979 1242 1078 1289; x_wconf 85' lang='lat' dir='ltr'><strong>est.</strong></span> <span class='ocrx_word' id='word_1_87' title='bbox 1105 1232 1315 1289; x_wconf 88' lang='lat' dir='ltr'><strong>Etenim</strong></span> <span class='ocrx_word' id='word_1_88' title='bbox 1337 1234 1568 1289; x_wconf 76' lang='lat' dir='ltr'><strong>correxit</strong></span> <span class='ocrx_word' id='word_1_89' title='bbox 1604 1234 1780 1288; x_wconf 86' lang='lat' dir='ltr'><strong>orbem</strong></span> <span class='ocrx_word' id='word_1_90' title='bbox 1802 1243 1907 1287; x_wconf 86' lang='lat' dir='ltr'><strong>ter-</strong></span> 
     </span>
    </p>
   </div>
   <div class='ocr_carea' id='block_1_15' title="bbox 330 1325 1908 1397">
    <p class='ocr_par' dir='ltr' id='par_1_15' title="bbox 330 1325 1908 1397">
     <span class='ocr_line' id='line_1_15' title="bbox 330 1325 1908 1397; baseline 0.001 -18"><span class='ocrx_word' id='word_1_91' title='bbox 330 1342 425 1395; x_wconf 65' lang='lat' dir='ltr'><strong>ra,</strong></span> <span class='ocrx_word' id='word_1_92' title='bbox 441 1327 533 1397; x_wconf 90' lang='lat' dir='ltr'><strong>qui</strong></span> <span class='ocrx_word' id='word_1_93' title='bbox 560 1344 663 1381; x_wconf 86' lang='lat' dir='ltr'><strong>non</strong></span> <span class='ocrx_word' id='word_1_94' title='bbox 688 1325 1095 1381; x_wconf 77' lang='lat' dir='ltr'><strong>commovebitur</strong></span> <span class='ocrx_word' id='word_1_95' title='bbox 1113 1326 1176 1378; x_wconf 83' lang='grc'><strong>³¹.</strong></span> <span class='ocrx_word' id='word_1_96' title='bbox 1200 1325 1485 1392; x_wconf 87' lang='lat' dir='ltr'><strong>Quomodo</strong></span> <span class='ocrx_word' id='word_1_97' title='bbox 1505 1336 1687 1380; x_wconf 89' lang='lat' dir='ltr'><strong>autem</strong></span> <span class='ocrx_word' id='word_1_98' title='bbox 1711 1326 1908 1381; x_wconf 80' lang='lat' dir='ltr'><strong>funda-</strong></span> 
     </span>
    </p>
   </div>
   <div class='ocr_carea' id='block_1_16' title="bbox 326 1418 1907 1489">
    <p class='ocr_par' dir='ltr' id='par_1_16' title="bbox 326 1418 1907 1489">
     <span class='ocr_line' id='line_1_16' title="bbox 326 1418 1907 1489; baseline 0 -15"><span class='ocrx_word' id='word_1_99' title='bbox 326 1420 469 1475; x_wconf 76' lang='lat' dir='ltr'><strong>verit</strong></span> <span class='ocrx_word' id='word_1_100' title='bbox 491 1420 677 1475; x_wconf 85' lang='lat' dir='ltr'><strong>orbem</strong></span> <span class='ocrx_word' id='word_1_101' title='bbox 712 1427 871 1474; x_wconf 66' lang='lat' dir='ltr'><strong>terrae</strong></span> <span class='ocrx_word' id='word_1_102' title='bbox 897 1418 1093 1474; x_wconf 89' lang='lat' dir='ltr'><strong>deinde</strong></span> <span class='ocrx_word' id='word_1_103' title='bbox 1124 1419 1335 1489; x_wconf 86' lang='lat' dir='ltr'><strong>adjicit,</strong></span> <span class='ocrx_word' id='word_1_104' title='bbox 1358 1418 1668 1488; x_wconf 82' lang='lat' dir='ltr'><strong>Aquilonem</strong></span> <span class='ocrx_word' id='word_1_105' title='bbox 1690 1427 1741 1473; x_wconf 85' lang='lat' dir='ltr'><strong>et</strong></span> <span class='ocrx_word' id='word_1_106' title='bbox 1762 1436 1907 1474; x_wconf 86' lang='lat' dir='ltr'><strong>mare</strong></span> 
     </span>
    </p>
   </div>
   <div class='ocr_carea' id='block_1_17' title="bbox 330 1510 1908 1582">
    <p class='ocr_par' dir='ltr' id='par_1_17' title="bbox 330 1510 1908 1582">
     <span class='ocr_line' id='line_1_17' title="bbox 330 1510 1908 1582; baseline 0 -15"><span class='ocrx_word' id='word_1_107' title='bbox 330 1520 388 1567; x_wconf 89' lang='lat' dir='ltr'><strong>tu</strong></span> <span class='ocrx_word' id='word_1_108' title='bbox 409 1512 637 1566; x_wconf 80' lang='lat' dir='ltr'><strong>creasti:</strong></span> <span class='ocrx_word' id='word_1_109' title='bbox 658 1512 851 1582; x_wconf 87' lang='lat' dir='ltr'><strong>quinta</strong></span> <span class='ocrx_word' id='word_1_110' title='bbox 878 1526 1009 1566; x_wconf 90' lang='lat' dir='ltr'><strong>vero</strong></span> <span class='ocrx_word' id='word_1_111' title='bbox 1036 1510 1228 1577; x_wconf 86' lang='lat' dir='ltr'><strong>editio,</strong></span> <span class='ocrx_word' id='word_1_112' title='bbox 1254 1510 1566 1582; x_wconf 80' lang='lat' dir='ltr'><strong>Aquilonem</strong></span> <span class='ocrx_word' id='word_1_113' title='bbox 1580 1521 1630 1565; x_wconf 85' lang='lat' dir='ltr'><strong>et</strong></span> <span class='ocrx_word' id='word_1_114' title='bbox 1651 1523 1833 1567; x_wconf 85' lang='lat' dir='ltr'><strong>notum</strong></span> <span class='ocrx_word' id='word_1_115' title='bbox 1850 1522 1908 1567; x_wconf 88' lang='lat' dir='ltr'><strong>tu</strong></span> 
     </span>
    </p>
   </div>
   <div class='ocr_carea' id='block_1_18' title="bbox 329 1598 1906 1672">
    <p class='ocr_par' dir='ltr' id='par_1_18' title="bbox 329 1598 1906 1672">
     <span class='ocr_line' id='line_1_18' title="bbox 329 1598 1906 1672; baseline 0.002 -17"><span class='ocrx_word' id='word_1_116' title='bbox 329 1602 542 1655; x_wconf 75' lang='lat' dir='ltr'><strong>creasti.</strong></span> <span class='ocrx_word' id='word_1_117' title='bbox 575 1598 911 1671; x_wconf 84' lang='lat' dir='ltr'><strong>Videturque</strong></span> <span class='ocrx_word' id='word_1_118' title='bbox 945 1601 1075 1656; x_wconf 93' lang='lat' dir='ltr'><strong>mihi</strong></span> <span class='ocrx_word' id='word_1_119' title='bbox 1107 1617 1203 1672; x_wconf 86' lang='lat' dir='ltr'><strong>per</strong></span> <span class='ocrx_word' id='word_1_120' title='bbox 1234 1602 1345 1657; x_wconf 85' lang='lat' dir='ltr'><strong>duo</strong></span> <span class='ocrx_word' id='word_1_121' title='bbox 1382 1602 1553 1657; x_wconf 85' lang='lat' dir='ltr'><strong>latera</strong></span> <span class='ocrx_word' id='word_1_122' title='bbox 1580 1611 1636 1657; x_wconf 87' lang='lat' dir='ltr'><strong>et</strong></span> <span class='ocrx_word' id='word_1_123' title='bbox 1664 1612 1906 1658; x_wconf 82' lang='lat' dir='ltr'><strong>extrema</strong></span> 
     </span>
    </p>
   </div>
   <div class='ocr_carea' id='block_1_19' title="bbox 328 1691 1907 1766">
    <p class='ocr_par' dir='ltr' id='par_1_19' title="bbox 328 1691 1907 1766">
     <span class='ocr_line' id='line_1_19' title="bbox 328 1691 1907 1766; baseline 0.002 -18"><span class='ocrx_word' id='word_1_124' title='bbox 328 1692 508 1758; x_wconf 87' lang='lat' dir='ltr'><strong>orbis,</strong></span> <span class='ocrx_word' id='word_1_125' title='bbox 560 1698 734 1747; x_wconf 89' lang='lat' dir='ltr'><strong>totum</strong></span> <span class='ocrx_word' id='word_1_126' title='bbox 794 1691 1058 1747; x_wconf 87' lang='lat' dir='ltr'><strong>mundum</strong></span> <span class='ocrx_word' id='word_1_127' title='bbox 1127 1694 1462 1765; x_wconf 87' lang='lat' dir='ltr'><strong>signiﬁcare,</strong></span> <span class='ocrx_word' id='word_1_128' title='bbox 1520 1709 1681 1766; x_wconf 87' lang='lat' dir='ltr'><strong>quem</strong></span> <span class='ocrx_word' id='word_1_129' title='bbox 1729 1696 1907 1766; x_wconf 86' lang='lat' dir='ltr'><strong>reple-</strong></span> 
     </span>
    </p>
   </div>
   <div class='ocr_carea' id='block_1_20' title="bbox 2001 486 3603 558">
    <p class='ocr_par' dir='ltr' id='par_1_20' title="bbox 2001 486 3603 558">
     <span class='ocr_line' id='line_1_20' title="bbox 2001 486 3603 558; baseline 0 -17"><span class='ocrx_word' id='word_1_130' title='bbox 2001 487 2359 557; x_wconf 73' lang='grc' dir='ltr'>ἐθεμελίωσε</span> <span class='ocrx_word' id='word_1_131' title='bbox 2401 486 2518 557; x_wconf 81' lang='grc' dir='ltr'>τὴν</span> <span class='ocrx_word' id='word_1_132' title='bbox 2557 486 2679 557; x_wconf 68' lang='lat' dir='ltr'><strong>rﬁr</strong></span> <span class='ocrx_word' id='word_1_133' title='bbox 2701 505 2715 517; x_wconf 86' lang='grc'><strong>·</strong></span> <span class='ocrx_word' id='word_1_134' title='bbox 2756 489 3049 558; x_wconf 74' lang='grc' dir='ltr'><strong>ἡτοίμασε</strong></span> <span class='ocrx_word' id='word_1_135' title='bbox 3081 489 3152 542; x_wconf 76' lang='grc' dir='ltr'>δὲ</span> <span class='ocrx_word' id='word_1_136' title='bbox 3185 490 3492 558; x_wconf 74' lang='grc' dir='ltr'>οὐρανοὺς</span> <span class='ocrx_word' id='word_1_137' title='bbox 3531 488 3603 541; x_wconf 71' lang='grc' dir='ltr'>ἐν</span> 
     </span>
    </p>
   </div>
   <div class='ocr_carea' id='block_1_21' title="bbox 2002 576 3607 654">
    <p class='ocr_par' dir='ltr' id='par_1_21' title="bbox 2002 576 3607 654">
     <span class='ocr_line' id='line_1_21' title="bbox 2002 576 3607 654; baseline 0.001 -23"><span class='ocrx_word' id='word_1_138' title='bbox 2002 576 2315 648; x_wconf 73' lang='grc' dir='ltr'><strong>φρονήσει.</strong></span> <span class='ocrx_word' id='word_1_139' title='bbox 2346 578 2490 632; x_wconf 75' lang='grc' dir='ltr'>Κατ’</span> <span class='ocrx_word' id='word_1_140' title='bbox 2515 577 2794 650; x_wconf 65' lang='grc' dir='ltr'>ἐξαίρετον</span> <span class='ocrx_word' id='word_1_141' title='bbox 2820 576 2879 634; x_wconf 84' lang='grc' dir='ltr'>δὲ</span> <span class='ocrx_word' id='word_1_142' title='bbox 2910 579 3152 635; x_wconf 72' lang='grc' dir='ltr'>ἐνταῦθα</span> <span class='ocrx_word' id='word_1_143' title='bbox 3186 582 3248 635; x_wconf 81' lang='grc' dir='ltr'>τὸ</span> <span class='ocrx_word' id='word_1_144' title='bbox 3272 582 3607 654; x_wconf 71' lang='grc' dir='ltr'><strong>οἰκούμενον</strong></span> 
     </span>
    </p>
   </div>
   <div class='ocr_carea' id='block_1_22' title="bbox 2008 671 3609 745">
    <p class='ocr_par' dir='ltr' id='par_1_22' title="bbox 2008 671 3609 745">
     <span class='ocr_line' id='line_1_22' title="bbox 2008 671 3609 745; baseline 0.003 -20"><span class='ocrx_word' id='word_1_145' title='bbox 2008 671 2172 743; x_wconf 79' lang='grc' dir='ltr'>μέρος</span> <span class='ocrx_word' id='word_1_146' title='bbox 2198 671 2299 742; x_wconf 83' lang='grc' dir='ltr'>τῆς</span> <span class='ocrx_word' id='word_1_147' title='bbox 2331 671 2435 744; x_wconf 86' lang='grc' dir='ltr'><strong>γῆς</strong></span> <span class='ocrx_word' id='word_1_148' title='bbox 2480 673 2805 745; x_wconf 72' lang='grc' dir='ltr'><strong>οἰκουμένην</strong></span> <span class='ocrx_word' id='word_1_149' title='bbox 2845 674 3149 745; x_wconf 77' lang='grc' dir='ltr'><strong>ὠνόμασεν,</strong></span> <span class='ocrx_word' id='word_1_150' title='bbox 3176 674 3609 740; x_wconf 74' lang='grc' dir='ltr'>ἀποδιαστείλας</span> 
     </span>
    </p>
   </div>
   <div class='ocr_carea' id='block_1_23' title="bbox 2004 762 3611 837">
    <p class='ocr_par' dir='ltr' id='par_1_23' title="bbox 2004 762 3611 837">
     <span class='ocr_line' id='line_1_23' title="bbox 2004 762 3611 837; baseline -0.005 -9"><span class='ocrx_word' id='word_1_151' title='bbox 2004 762 2106 833; x_wconf 81' lang='grc' dir='ltr'><strong>τῆς</strong></span> <span class='ocrx_word' id='word_1_152' title='bbox 2164 764 2372 835; x_wconf 74' lang='grc' dir='ltr'>ἐρήμου</span> <span class='ocrx_word' id='word_1_153' title='bbox 2430 763 2527 817; x_wconf 75' lang='grc' dir='ltr'>καὶ</span> <span class='ocrx_word' id='word_1_154' title='bbox 2556 767 2657 836; x_wconf 78' lang='grc' dir='ltr'>τῆς</span> <span class='ocrx_word' id='word_1_155' title='bbox 2708 763 2953 836; x_wconf 81' lang='grc' dir='ltr'>οἰκητοῦ.</span> <span class='ocrx_word' id='word_1_156' title='bbox 3022 766 3182 820; x_wconf 72' lang='grc' dir='ltr'>Ἀλλά</span> <span class='ocrx_word' id='word_1_157' title='bbox 3225 767 3318 821; x_wconf 67' lang='grc' dir='ltr'>καὶ</span> <span class='ocrx_word' id='word_1_158' title='bbox 3347 767 3407 821; x_wconf 76' lang='grc' dir='ltr'><strong>τὸ</strong></span> <span class='ocrx_word' id='word_1_159' title='bbox 3454 768 3611 837; x_wconf 57' lang='lat' dir='ltr'><strong>atii;-</strong></span> 
     </span>
    </p>
   </div>
   <div class='ocr_carea' id='block_1_24' title="bbox 2008 854 3611 933">
    <p class='ocr_par' dir='ltr' id='par_1_24' title="bbox 2008 854 3611 933">
     <span class='ocr_line' id='line_1_24' title="bbox 2008 854 3611 933; baseline 0.004 -26"><span class='ocrx_word' id='word_1_160' title='bbox 2008 872 2167 927; x_wconf 82' lang='grc' dir='ltr'>ρωμα</span> <span class='ocrx_word' id='word_1_161' title='bbox 2227 856 2325 925; x_wconf 85' lang='grc' dir='ltr'>τῆς</span> <span class='ocrx_word' id='word_1_162' title='bbox 2363 854 2688 928; x_wconf 83' lang='grc' dir='ltr'><strong>οἰκουμένης</strong></span> <span class='ocrx_word' id='word_1_163' title='bbox 2733 857 3074 929; x_wconf 84' lang='grc' dir='ltr'><strong>προσέθηκεν</strong></span> <span class='ocrx_word' id='word_1_164' title='bbox 3101 899 3116 924; x_wconf 90' lang='grc'><strong>,</strong></span> <span class='ocrx_word' id='word_1_165' title='bbox 3163 859 3305 913; x_wconf 73' lang='grc' dir='ltr'>οὕτω</span> <span class='ocrx_word' id='word_1_166' title='bbox 3337 861 3611 933; x_wconf 66' lang='grc' dir='ltr'>σημήνας</span> 
     </span>
    </p>
   </div>
   <div class='ocr_carea' id='block_1_25' title="bbox 2007 946 3613 1024">
    <p class='ocr_par' dir='ltr' id='par_1_25' title="bbox 2007 946 3613 1024">
     <span class='ocr_line' id='line_1_25' title="bbox 2007 946 3613 1024; baseline 0.002 -22"><span class='ocrx_word' id='word_1_167' title='bbox 2007 947 2069 1002; x_wconf 81' lang='grc' dir='ltr'>τὸ</span> <span class='ocrx_word' id='word_1_168' title='bbox 2104 946 2213 1000; x_wconf 84' lang='grc' dir='ltr'><strong>τῶν</strong></span> <span class='ocrx_word' id='word_1_169' title='bbox 2247 946 2557 1020; x_wconf 75' lang='grc' dir='ltr'>ἀνθρώπων</span> <span class='ocrx_word' id='word_1_170' title='bbox 2586 948 2761 1016; x_wconf 83' lang='grc' dir='ltr'>γένος,</span> <span class='ocrx_word' id='word_1_171' title='bbox 2793 948 2902 1003; x_wconf 81' lang='grc' dir='ltr'><strong>τῶν</strong></span> <span class='ocrx_word' id='word_1_172' title='bbox 2945 951 3045 1023; x_wconf 80' lang='grc' dir='ltr'>τὴν</span> <span class='ocrx_word' id='word_1_173' title='bbox 3087 952 3409 1024; x_wconf 75' lang='grc' dir='ltr'>οἰκουμένην</span> <span class='ocrx_word' id='word_1_174' title='bbox 3459 950 3613 1021; x_wconf 80' lang='grc' dir='ltr'>πλη·</span> 
     </span>
    </p>
   </div>
   <div class='ocr_carea' id='block_1_26' title="bbox 2007 1038 3616 1116">
    <p class='ocr_par' dir='ltr' id='par_1_26' title="bbox 2007 1038 3616 1116">
     <span class='ocr_line' id='line_1_26' title="bbox 2007 1038 3616 1116; baseline 0.009 -24"><span class='ocrx_word' id='word_1_175' title='bbox 2007 1038 2264 1110; x_wconf 86' lang='grc' dir='ltr'>ρούντων.</span> <span class='ocrx_word' id='word_1_176' title='bbox 2317 1040 2599 1112; x_wconf 84' lang='grc' dir='ltr'>Πλήρωμα</span> <span class='ocrx_word' id='word_1_177' title='bbox 2647 1041 2703 1096; x_wconf 75' lang='grc' dir='ltr'>δὲ</span> <span class='ocrx_word' id='word_1_178' title='bbox 2752 1043 2847 1096; x_wconf 82' lang='grc' dir='ltr'>καὶ</span> <span class='ocrx_word' id='word_1_179' title='bbox 2900 1043 3076 1107; x_wconf 77' lang='grc' dir='ltr'>ἄλλως</span> <span class='ocrx_word' id='word_1_180' title='bbox 3121 1045 3221 1116; x_wconf 81' lang='grc' dir='ltr'>τῆς</span> <span class='ocrx_word' id='word_1_181' title='bbox 3266 1044 3616 1116; x_wconf 72' lang='grc' dir='ltr'><strong>οἰκουμένης</strong></span> 
     </span>
    </p>
   </div>
   <div class='ocr_carea' id='block_1_27' title="bbox 2005 1130 3619 1209">
    <p class='ocr_par' dir='ltr' id='par_1_27' title="bbox 2005 1130 3619 1209">
     <span class='ocr_line' id='line_1_27' title="bbox 2005 1130 3619 1209; baseline 0.005 -26"><span class='ocrx_word' id='word_1_182' title='bbox 2005 1131 2107 1184; x_wconf 74' lang='grc' dir='ltr'>οὐκ</span> <span class='ocrx_word' id='word_1_183' title='bbox 2152 1130 2219 1185; x_wconf 78' lang='grc' dir='ltr'>ἂν</span> <span class='ocrx_word' id='word_1_184' title='bbox 2253 1130 2528 1203; x_wconf 62' lang='grc' dir='ltr'>ἁμάρτοις</span> <span class='ocrx_word' id='word_1_185' title='bbox 2559 1133 2734 1203; x_wconf 79' lang='grc' dir='ltr'>λέγων</span> <span class='ocrx_word' id='word_1_186' title='bbox 2775 1133 2874 1206; x_wconf 77' lang='grc' dir='ltr'>τὴν</span> <span class='ocrx_word' id='word_1_187' title='bbox 2923 1135 3017 1189; x_wconf 81' lang='grc' dir='ltr'>τοῦ</span> <span class='ocrx_word' id='word_1_188' title='bbox 3051 1134 3308 1209; x_wconf 82' lang='grc' dir='ltr'><strong>Σωτῆρος</strong></span> <span class='ocrx_word' id='word_1_189' title='bbox 3356 1136 3619 1205; x_wconf 74' lang='grc' dir='ltr'>Ἐκκλη-</span> 
     </span>
    </p>
   </div>
   <div class='ocr_carea' id='block_1_28' title="bbox 2010 1224 3619 1301">
    <p class='ocr_par' dir='ltr' id='par_1_28' title="bbox 2010 1224 3619 1301">
     <span class='ocr_line' id='line_1_28' title="bbox 2010 1224 3619 1301; baseline 0.001 -23"><span class='ocrx_word' id='word_1_190' title='bbox 2010 1224 2164 1289; x_wconf 80' lang='grc' dir='ltr'>σίαν,</span> <span class='ocrx_word' id='word_1_191' title='bbox 2219 1224 2287 1295; x_wconf 78' lang='grc' dir='ltr'>ἢν</span> <span class='ocrx_word' id='word_1_192' title='bbox 2318 1225 2481 1289; x_wconf 80' lang='grc' dir='ltr'>αὐτὸς</span> <span class='ocrx_word' id='word_1_193' title='bbox 2512 1226 2552 1278; x_wconf 78' lang='grc' dir='ltr'><strong>ό</strong></span> <span class='ocrx_word' id='word_1_194' title='bbox 2585 1226 2683 1280; x_wconf 79' lang='grc' dir='ltr'>τοῦ</span> <span class='ocrx_word' id='word_1_195' title='bbox 2725 1226 2862 1280; x_wconf 77' lang='grc' dir='ltr'>Θεοῦ</span> <span class='ocrx_word' id='word_1_196' title='bbox 2905 1228 3076 1298; x_wconf 80' lang='grc' dir='ltr'><strong>Λόγος</strong></span> <span class='ocrx_word' id='word_1_197' title='bbox 3108 1229 3475 1301; x_wconf 79' lang='grc' dir='ltr'>ὲθεμελῖωσεν</span> <span class='ocrx_word' id='word_1_198' title='bbox 3514 1229 3619 1281; x_wconf 77' lang='grc' dir='ltr'><strong>ἐπὶ</strong></span> 
     </span>
    </p>
   </div>
   <div class='ocr_carea' id='block_1_29' title="bbox 2008 1314 3622 1393">
    <p class='ocr_par' dir='ltr' id='par_1_29' title="bbox 2008 1314 3622 1393">
     <span class='ocr_line' id='line_1_29' title="bbox 2008 1314 3622 1393; baseline 0.004 -26"><span class='ocrx_word' id='word_1_199' title='bbox 2008 1314 2106 1386; x_wconf 87' lang='grc' dir='ltr'>τὴν</span> <span class='ocrx_word' id='word_1_200' title='bbox 2143 1315 2369 1387; x_wconf 85' lang='grc' dir='ltr'>πέτραν.</span> <span class='ocrx_word' id='word_1_201' title='bbox 2426 1317 2519 1370; x_wconf 78' lang='grc' dir='ltr'><strong>Διὸ</strong></span> <span class='ocrx_word' id='word_1_202' title='bbox 2566 1317 2663 1372; x_wconf 76' lang='grc' dir='ltr'><strong>καὶ</strong></span> <span class='ocrx_word' id='word_1_203' title='bbox 2702 1319 2763 1371; x_wconf 88' lang='grc' dir='ltr'>ὲν</span> <span class='ocrx_word' id='word_1_204' title='bbox 2806 1318 3024 1391; x_wconf 71' lang='grc' dir='ltr'>ἑτέροις</span> <span class='ocrx_word' id='word_1_205' title='bbox 3063 1321 3311 1393; x_wconf 69' lang='grc' dir='ltr'>εἴρηταιι</span> <span class='ocrx_word' id='word_1_206' title='bbox 3367 1320 3622 1389; x_wconf 76' lang='grc' dir='ltr'>Κύριος</span> 
     </span>
    </p>
   </div>
   <div class='ocr_carea' id='block_1_30' title="bbox 2007 1404 3625 1481">
    <p class='ocr_par' dir='ltr' id='par_1_30' title="bbox 2007 1404 3625 1481">
     <span class='ocr_line' id='line_1_30' title="bbox 2007 1404 3625 1481; baseline 0.006 -24"><span class='ocrx_word' id='word_1_207' title='bbox 2007 1404 2406 1461; x_wconf 70' lang='grc' dir='ltr'>ἐϐασίλευσεν</span> <span class='ocrx_word' id='word_1_208' title='bbox 2423 1446 2438 1472; x_wconf 89' lang='grc'><strong>,</strong></span> <span class='ocrx_word' id='word_1_209' title='bbox 2490 1406 2854 1476; x_wconf 77' lang='grc' dir='ltr'>εὐπρέπειαν</span> <span class='ocrx_word' id='word_1_210' title='bbox 2919 1409 3263 1465; x_wconf 70' lang='grc' dir='ltr'>ἐνεδύσατο.</span> <span class='ocrx_word' id='word_1_211' title='bbox 3317 1413 3431 1466; x_wconf 78' lang='grc' dir='ltr'><strong>Καὶ</strong></span> <span class='ocrx_word' id='word_1_212' title='bbox 3495 1412 3625 1481; x_wconf 80' lang='grc' dir='ltr'>τὰρ</span> 
     </span>
    </p>
   </div>
   <div class='ocr_carea' id='block_1_31' title="bbox 2010 1494 3623 1570">
    <p class='ocr_par' dir='ltr' id='par_1_31' title="bbox 2010 1494 3623 1570">
     <span class='ocr_line' id='line_1_31' title="bbox 2010 1494 3623 1570; baseline 0.005 -21"><span class='ocrx_word' id='word_1_213' title='bbox 2010 1494 2365 1564; x_wconf 78' lang='grc' dir='ltr'>κατώρθωσε</span> <span class='ocrx_word' id='word_1_214' title='bbox 2408 1495 2525 1566; x_wconf 77' lang='grc' dir='ltr'>τὴν</span> <span class='ocrx_word' id='word_1_215' title='bbox 2563 1500 2960 1569; x_wconf 70' lang='grc' dir='ltr'>οἰκουμένην,</span> <span class='ocrx_word' id='word_1_216' title='bbox 3004 1500 3133 1570; x_wconf 83' lang='grc' dir='ltr'>ἥτις</span> <span class='ocrx_word' id='word_1_217' title='bbox 3174 1504 3246 1556; x_wconf 88' lang='grc' dir='ltr'><strong>οὐ</strong></span> <span class='ocrx_word' id='word_1_218' title='bbox 3288 1499 3623 1570; x_wconf 68' lang='grc' dir='ltr'>σαλευθή-</span> 
     </span>
    </p>
   </div>
   <div class='ocr_carea' id='block_1_32' title="bbox 2010 1588 3624 1663">
    <p class='ocr_par' dir='ltr' id='par_1_32' title="bbox 2010 1588 3624 1663">
     <span class='ocr_line' id='line_1_32' title="bbox 2010 1588 3624 1663; baseline 0.004 -24"><span class='ocrx_word' id='word_1_219' title='bbox 2010 1601 2207 1642; x_wconf 83' lang='grc' dir='ltr'>σεται.</span> <span class='ocrx_word' id='word_1_220' title='bbox 2235 1588 2360 1653; x_wconf 85' lang='grc' dir='ltr'><strong>Πῶς</strong></span> <span class='ocrx_word' id='word_1_221' title='bbox 2378 1589 2444 1642; x_wconf 80' lang='grc' dir='ltr'>δὲ</span> <span class='ocrx_word' id='word_1_222' title='bbox 2484 1588 2815 1661; x_wconf 72' lang='grc' dir='ltr'>ὲθεμελίωσε</span> <span class='ocrx_word' id='word_1_223' title='bbox 2845 1591 2943 1662; x_wconf 72' lang='grc' dir='ltr'>τὴν</span> <span class='ocrx_word' id='word_1_224' title='bbox 2985 1593 3326 1663; x_wconf 76' lang='grc' dir='ltr'>οἰκουμένην,</span> <span class='ocrx_word' id='word_1_225' title='bbox 3349 1594 3624 1661; x_wconf 80' lang='grc' dir='ltr'><strong>ἐπιλέγει</strong></span> 
     </span>
    </p>
   </div>
   <div class='ocr_carea' id='block_1_33' title="bbox 2007 1676 3605 1750">
    <p class='ocr_par' dir='ltr' id='par_1_33' title="bbox 2007 1676 3605 1750">
     <span class='ocr_line' id='line_1_33' title="bbox 2007 1676 3605 1750; baseline 0.005 -18"><span class='ocrx_word' id='word_1_226' title='bbox 2007 1676 2157 1748; x_wconf 77' lang='grc' dir='ltr'>ἑξῆς,</span> <span class='ocrx_word' id='word_1_227' title='bbox 2182 1678 2534 1749; x_wconf 79' lang='grc' dir='ltr'><strong>Τὸνβορῤᾶν</strong></span> <span class='ocrx_word' id='word_1_228' title='bbox 2544 1682 2639 1735; x_wconf 81' lang='grc' dir='ltr'><strong>καί</strong></span> <span class='ocrx_word' id='word_1_229' title='bbox 2677 1681 2791 1750; x_wconf 81' lang='grc' dir='ltr'>τὴν</span> <span class='ocrx_word' id='word_1_230' title='bbox 2805 1681 3484 1750; x_wconf 77' lang='grc' dir='ltr'>θάλασσανσὺέκτισας</span> <span class='ocrx_word' id='word_1_231' title='bbox 3511 1687 3605 1741; x_wconf 83' lang='grc' dir='ltr'>αὐ</span> 
     </span>
    </p>
   </div>
   <div class='ocr_carea' id='block_1_34' title="bbox 327 1768 1914 1865">
    <p class='ocr_par' dir='ltr' id='par_1_34' title="bbox 327 1781 1910 1856">
     <span class='ocr_line' id='line_1_34' title="bbox 327 1781 1910 1856; baseline 0.003 -19"><span class='ocrx_word' id='word_1_232' title='bbox 327 1784 405 1838; x_wconf 85' lang='lat' dir='ltr'><strong>vit</strong></span> <span class='ocrx_word' id='word_1_233' title='bbox 454 1781 753 1840; x_wconf 89' lang='lat' dir='ltr'><strong>Salvatoris</strong></span> <span class='ocrx_word' id='word_1_234' title='bbox 804 1785 983 1841; x_wconf 79' lang='lat' dir='ltr'><strong>nostri</strong></span> <span class='ocrx_word' id='word_1_235' title='bbox 1029 1784 1233 1841; x_wconf 87' lang='lat' dir='ltr'><strong>virtus.</strong></span> <span class='ocrx_word' id='word_1_236' title='bbox 1273 1784 1698 1841; x_wconf 86' lang='lat' dir='ltr'><strong>Animadvertas</strong></span> <span class='ocrx_word' id='word_1_237' title='bbox 1745 1799 1910 1856; x_wconf 92' lang='lat' dir='ltr'><strong>porro</strong></span> 
     </span>
    </p>
   </div>
   <div class='ocr_carea' id='block_1_35' title="bbox 2041 1768 3627 1865">
    <p class='ocr_par' dir='ltr' id='par_1_35' title="bbox 2041 1768 3627 1843">
     <span class='ocr_line' id='line_1_35' title="bbox 2041 1768 3627 1843; baseline 0.006 -20"><span class='ocrx_word' id='word_1_238' title='bbox 2041 1768 2103 1824; x_wconf 60' lang='grc' dir='ltr'><strong>’ἀν</strong></span> <span class='ocrx_word' id='word_1_239' title='bbox 2122 1772 2156 1842; x_wconf 83' lang='grc' dir='ltr'><strong>ἡ</strong></span> <span class='ocrx_word' id='word_1_240' title='bbox 2174 1770 2231 1824; x_wconf 75' lang='grc' dir='ltr'>δὲ</span> <span class='ocrx_word' id='word_1_241' title='bbox 2256 1771 2483 1843; x_wconf 81' lang='grc' dir='ltr'><strong>πέμπτη</strong></span> <span class='ocrx_word' id='word_1_242' title='bbox 2503 1771 2729 1838; x_wconf 72' lang='grc' dir='ltr'>ἔκδυσις,</span> <span class='ocrx_word' id='word_1_243' title='bbox 2752 1773 2985 1842; x_wconf 73' lang='grc' dir='ltr'><strong>Βοῤῥᾶν</strong></span> <span class='ocrx_word' id='word_1_244' title='bbox 3007 1775 3104 1832; x_wconf 83' lang='grc' dir='ltr'><strong>καί</strong></span> <span class='ocrx_word' id='word_1_245' title='bbox 3127 1777 3300 1831; x_wconf 83' lang='grc' dir='ltr'>νότον</span> <span class='ocrx_word' id='word_1_246' title='bbox 3326 1778 3408 1831; x_wconf 89' lang='grc' dir='ltr'>σὺ</span> <span class='ocrx_word' id='word_1_247' title='bbox 3447 1777 3627 1832; x_wconf 74' lang='grc' dir='ltr'>ἔκτι-</span> 
     </span>
    </p>
   </div>
   <div class='ocr_carea' id='block_1_36' title="bbox 327 1875 1914 1946">
    <p class='ocr_par' dir='ltr' id='par_1_36' title="bbox 327 1875 1914 1946">
     <span class='ocr_line' id='line_1_36' title="bbox 327 1875 1914 1946; baseline 0 -14"><span class='ocrx_word' id='word_1_248' title='bbox 327 1876 512 1941; x_wconf 82' lang='lat' dir='ltr'><strong>velim,</strong></span> <span class='ocrx_word' id='word_1_249' title='bbox 538 1891 646 1946; x_wconf 85' lang='lat' dir='ltr'><strong>quo</strong></span> <span class='ocrx_word' id='word_1_250' title='bbox 669 1886 830 1946; x_wconf 88' lang='lat' dir='ltr'><strong>pacto</strong></span> <span class='ocrx_word' id='word_1_251' title='bbox 856 1876 946 1931; x_wconf 89' lang='lat' dir='ltr'><strong>hic</strong></span> <span class='ocrx_word' id='word_1_252' title='bbox 972 1891 1072 1946; x_wconf 89' lang='lat' dir='ltr'><strong>pro</strong></span> <span class='ocrx_word' id='word_1_253' title='bbox 1096 1875 1235 1931; x_wconf 84' lang='lat' dir='ltr'><strong>facie</strong></span> <span class='ocrx_word' id='word_1_254' title='bbox 1262 1876 1439 1933; x_wconf 83' lang='lat' dir='ltr'><strong>totius</strong></span> <span class='ocrx_word' id='word_1_255' title='bbox 1485 1876 1699 1942; x_wconf 90' lang='lat' dir='ltr'><strong>mundi,</strong></span> <span class='ocrx_word' id='word_1_256' title='bbox 1726 1877 1914 1932; x_wconf 85' lang='lat' dir='ltr'><strong>orien-</strong></span> 
     </span>
    </p>
   </div>
   <div class='ocr_carea' id='block_1_37' title="bbox 324 1964 1915 2036">
    <p class='ocr_par' dir='ltr' id='par_1_37' title="bbox 324 1964 1915 2036">
     <span class='ocr_line' id='line_1_37' title="bbox 324 1964 1915 2036; baseline 0 -16"><span class='ocrx_word' id='word_1_257' title='bbox 324 1970 436 2020; x_wconf 81' lang='lat' dir='ltr'><strong>tem</strong></span> <span class='ocrx_word' id='word_1_258' title='bbox 466 1972 671 2035; x_wconf 85' lang='lat' dir='ltr'><strong>ponat;</strong></span> <span class='ocrx_word' id='word_1_259' title='bbox 714 1980 812 2035; x_wconf 89' lang='lat' dir='ltr'><strong>pro</strong></span> <span class='ocrx_word' id='word_1_260' title='bbox 854 1965 1081 2020; x_wconf 84' lang='lat' dir='ltr'><strong>sinistra</strong></span> <span class='ocrx_word' id='word_1_261' title='bbox 1108 2003 1125 2030; x_wconf 90' lang='lat'><strong>,</strong></span> <span class='ocrx_word' id='word_1_262' title='bbox 1187 1964 1462 2020; x_wconf 86' lang='lat' dir='ltr'><strong>borealem</strong></span> <span class='ocrx_word' id='word_1_263' title='bbox 1519 1966 1774 2036; x_wconf 81' lang='lat' dir='ltr'><strong>plagam;</strong></span> <span class='ocrx_word' id='word_1_264' title='bbox 1813 1979 1915 2035; x_wconf 91' lang='lat' dir='ltr'><strong>pro</strong></span> 
     </span>
    </p>
   </div>
   <div class='ocr_carea' id='block_1_38' title="bbox 327 2054 1912 2123">
    <p class='ocr_par' dir='ltr' id='par_1_38' title="bbox 327 2054 1912 2123">
     <span class='ocr_line' id='line_1_38' title="bbox 327 2054 1912 2123; baseline -0.001 -12"><span class='ocrx_word' id='word_1_265' title='bbox 327 2054 552 2112; x_wconf 78' lang='lat' dir='ltr'><strong>dextera</strong></span> <span class='ocrx_word' id='word_1_266' title='bbox 579 2056 990 2112; x_wconf 83' lang='lat' dir='ltr'><strong>meridionalem</strong></span> <span class='ocrx_word' id='word_1_267' title='bbox 1031 2062 1087 2112; x_wconf 88' lang='lat' dir='ltr'><strong>et</strong></span> <span class='ocrx_word' id='word_1_268' title='bbox 1114 2056 1437 2112; x_wconf 84' lang='lat' dir='ltr'><strong>australem.</strong></span> <span class='ocrx_word' id='word_1_269' title='bbox 1475 2054 1610 2110; x_wconf 88' lang='lat' dir='ltr'><strong>Nam</strong></span> <span class='ocrx_word' id='word_1_270' title='bbox 1647 2071 1772 2112; x_wconf 88' lang='lat' dir='ltr'><strong>cum</strong></span> <span class='ocrx_word' id='word_1_271' title='bbox 1805 2056 1912 2123; x_wconf 88' lang='lat' dir='ltr'><strong>ait,</strong></span> 
     </span>
    </p>
   </div>
   <div class='ocr_carea' id='block_1_39' title="bbox 328 2147 1913 2221">
    <p class='ocr_par' dir='ltr' id='par_1_39' title="bbox 328 2147 1913 2221">
     <span class='ocr_line' id='line_1_39' title="bbox 328 2147 1913 2221; baseline 0 -18"><span class='ocrx_word' id='word_1_272' title='bbox 328 2148 642 2220; x_wconf 77' lang='lat' dir='ltr'><strong>Aquilonem</strong></span> <span class='ocrx_word' id='word_1_273' title='bbox 681 2157 731 2203; x_wconf 87' lang='lat' dir='ltr'><strong>et</strong></span> <span class='ocrx_word' id='word_1_274' title='bbox 777 2147 967 2203; x_wconf 72' lang='lat' dir='ltr'><strong>dextra</strong></span> <span class='ocrx_word' id='word_1_275' title='bbox 1012 2156 1069 2202; x_wconf 88' lang='lat' dir='ltr'><strong>tu</strong></span> <span class='ocrx_word' id='word_1_276' title='bbox 1120 2148 1349 2212; x_wconf 77' lang='lat' dir='ltr'><strong>creasti,</strong></span> <span class='ocrx_word' id='word_1_277' title='bbox 1395 2148 1666 2205; x_wconf 86' lang='lat' dir='ltr'><strong>borealem</strong></span> <span class='ocrx_word' id='word_1_278' title='bbox 1697 2149 1913 2221; x_wconf 77' lang='lat' dir='ltr'><strong>plagam</strong></span> 
     </span>
    </p>
   </div>
   <div class='ocr_carea' id='block_1_40' title="bbox 328 2240 1915 2310">
    <p class='ocr_par' dir='ltr' id='par_1_40' title="bbox 328 2240 1915 2310">
     <span class='ocr_line' id='line_1_40' title="bbox 328 2240 1915 2310; baseline 0 -15"><span class='ocrx_word' id='word_1_279' title='bbox 328 2240 612 2296; x_wconf 90' lang='lat' dir='ltr'><strong>sinistrum</strong></span> <span class='ocrx_word' id='word_1_280' title='bbox 634 2255 756 2297; x_wconf 83' lang='lat' dir='ltr'><strong>esse</strong></span> <span class='ocrx_word' id='word_1_281' title='bbox 779 2241 928 2295; x_wconf 89' lang='lat' dir='ltr'><strong>latus</strong></span> <span class='ocrx_word' id='word_1_282' title='bbox 950 2240 1224 2306; x_wconf 79' lang='lat' dir='ltr'><strong>declarat;</strong></span> <span class='ocrx_word' id='word_1_283' title='bbox 1254 2240 1524 2310; x_wconf 84' lang='lat' dir='ltr'><strong>siquidem</strong></span> <span class='ocrx_word' id='word_1_284' title='bbox 1549 2241 1802 2296; x_wconf 79' lang='lat' dir='ltr'><strong>dextrum</strong></span> <span class='ocrx_word' id='word_1_285' title='bbox 1828 2247 1915 2295; x_wconf 89' lang='lat' dir='ltr'><strong>est</strong></span> 
     </span>
    </p>
   </div>
   <div class='ocr_carea' id='block_1_41' title="bbox 328 2331 1919 2405">
    <p class='ocr_par' dir='ltr' id='par_1_41' title="bbox 328 2331 1919 2405">
     <span class='ocr_line' id='line_1_41' title="bbox 328 2331 1919 2405; baseline -0.001 -17"><span class='ocrx_word' id='word_1_286' title='bbox 328 2335 588 2390; x_wconf 78' lang='lat' dir='ltr'><strong>australe.</strong></span> <span class='ocrx_word' id='word_1_287' title='bbox 626 2331 685 2389; x_wconf 91' lang='lat' dir='ltr'><strong>Si</strong></span> <span class='ocrx_word' id='word_1_288' title='bbox 727 2334 912 2405; x_wconf 86' lang='lat' dir='ltr'><strong>itaque</strong></span> <span class='ocrx_word' id='word_1_289' title='bbox 961 2342 1171 2389; x_wconf 87' lang='lat' dir='ltr'><strong>stantes</strong></span> <span class='ocrx_word' id='word_1_290' title='bbox 1205 2341 1395 2389; x_wconf 89' lang='lat' dir='ltr'><strong>notum</strong></span> <span class='ocrx_word' id='word_1_291' title='bbox 1424 2336 1480 2389; x_wconf 91' lang='lat' dir='ltr'><strong>in</strong></span> <span class='ocrx_word' id='word_1_292' title='bbox 1503 2332 1919 2403; x_wconf 82' lang='lat' dir='ltr'><strong>dextera,aqui-</strong></span> 
     </span>
    </p>
   </div>
   <div class='ocr_carea' id='block_1_42' title="bbox 330 2425 1916 2491">
    <p class='ocr_par' dir='ltr' id='par_1_42' title="bbox 330 2425 1916 2491">
     <span class='ocr_line' id='line_1_42' title="bbox 330 2425 1916 2491; baseline 0.001 -10"><span class='ocrx_word' id='word_1_293' title='bbox 330 2427 509 2483; x_wconf 90' lang='lat' dir='ltr'><strong>Ionem</strong></span> <span class='ocrx_word' id='word_1_294' title='bbox 543 2427 596 2481; x_wconf 93' lang='lat' dir='ltr'><strong>in</strong></span> <span class='ocrx_word' id='word_1_295' title='bbox 627 2428 853 2482; x_wconf 88' lang='lat' dir='ltr'><strong>sinistra</strong></span> <span class='ocrx_word' id='word_1_296' title='bbox 905 2425 1228 2491; x_wconf 84' lang='lat' dir='ltr'><strong>habeamus,</strong></span> <span class='ocrx_word' id='word_1_297' title='bbox 1267 2427 1556 2482; x_wconf 89' lang='lat' dir='ltr'><strong>adversum</strong></span> <span class='ocrx_word' id='word_1_298' title='bbox 1593 2426 1916 2482; x_wconf 84' lang='lat' dir='ltr'><strong>habebimus</strong></span> 
     </span>
    </p>
   </div>
   <div class='ocr_carea' id='block_1_43' title="bbox 324 2517 1919 2589">
    <p class='ocr_par' dir='ltr' id='par_1_43' title="bbox 324 2517 1919 2589">
     <span class='ocr_line' id='line_1_43' title="bbox 324 2517 1919 2589; baseline 0 -16"><span class='ocrx_word' id='word_1_299' title='bbox 324 2517 617 2581; x_wconf 90' lang='lat' dir='ltr'><strong>orientem,</strong></span> <span class='ocrx_word' id='word_1_300' title='bbox 660 2532 692 2571; x_wconf 93' lang='lat' dir='ltr'><strong>a</strong></span> <span class='ocrx_word' id='word_1_301' title='bbox 722 2525 878 2589; x_wconf 85' lang='lat' dir='ltr'><strong>tergo</strong></span> <span class='ocrx_word' id='word_1_302' title='bbox 903 2525 1086 2574; x_wconf 90' lang='lat' dir='ltr'><strong>autem</strong></span> <span class='ocrx_word' id='word_1_303' title='bbox 1114 2518 1456 2574; x_wconf 85' lang='lat' dir='ltr'><strong>occidentem</strong></span> <span class='ocrx_word' id='word_1_304' title='bbox 1486 2537 1500 2575; x_wconf 91' lang='lat'><strong>:</strong></span> <span class='ocrx_word' id='word_1_305' title='bbox 1528 2519 1602 2574; x_wconf 88' lang='lat' dir='ltr'><strong>ita</strong></span> <span class='ocrx_word' id='word_1_306' title='bbox 1631 2527 1692 2573; x_wconf 89' lang='lat' dir='ltr'><strong>ut</strong></span> <span class='ocrx_word' id='word_1_307' title='bbox 1721 2534 1919 2575; x_wconf 84' lang='lat' dir='ltr'><strong>secun—</strong></span> 
     </span>
    </p>
   </div>
   <div class='ocr_carea' id='block_1_44' title="bbox 325 2607 1916 2681">
    <p class='ocr_par' dir='ltr' id='par_1_44' title="bbox 325 2607 1916 2681">
     <span class='ocr_line' id='line_1_44' title="bbox 325 2607 1916 2681; baseline 0.003 -18"><span class='ocrx_word' id='word_1_308' title='bbox 325 2607 459 2663; x_wconf 91' lang='lat' dir='ltr'><strong>dum</strong></span> <span class='ocrx_word' id='word_1_309' title='bbox 487 2608 770 2681; x_wconf 78' lang='lat' dir='ltr'><strong>physicam</strong></span> <span class='ocrx_word' id='word_1_310' title='bbox 796 2609 1294 2666; x_wconf 84' lang='lat' dir='ltr'><strong>considerationem</strong></span> <span class='ocrx_word' id='word_1_311' title='bbox 1330 2611 1446 2667; x_wconf 65' lang='lat' dir='ltr'><strong>haec</strong></span> <span class='ocrx_word' id='word_1_312' title='bbox 1484 2611 1631 2668; x_wconf 90' lang='lat' dir='ltr'><strong>dicta</strong></span> <span class='ocrx_word' id='word_1_313' title='bbox 1660 2613 1770 2667; x_wconf 87' lang='lat' dir='ltr'><strong>sint</strong></span> <span class='ocrx_word' id='word_1_314' title='bbox 1790 2652 1807 2676; x_wconf 94' lang='lat'><strong>,</strong></span> <span class='ocrx_word' id='word_1_315' title='bbox 1847 2611 1916 2667; x_wconf 91' lang='lat' dir='ltr'><strong>ad</strong></span> 
     </span>
    </p>
   </div>
   <div class='ocr_carea' id='block_1_45' title="bbox 329 2700 1920 2772">
    <p class='ocr_par' dir='ltr' id='par_1_45' title="bbox 329 2700 1920 2772">
     <span class='ocr_line' id='line_1_45' title="bbox 329 2700 1920 2772; baseline 0.002 -16"><span class='ocrx_word' id='word_1_316' title='bbox 329 2700 499 2757; x_wconf 87' lang='lat' dir='ltr'><strong>totius</strong></span> <span class='ocrx_word' id='word_1_317' title='bbox 530 2701 719 2757; x_wconf 87' lang='lat' dir='ltr'><strong>mundi</strong></span> <span class='ocrx_word' id='word_1_318' title='bbox 754 2703 1087 2772; x_wconf 86' lang='lat' dir='ltr'><strong>positionem</strong></span> <span class='ocrx_word' id='word_1_319' title='bbox 1130 2702 1543 2760; x_wconf 88' lang='lat' dir='ltr'><strong>declarandam.</strong></span> <span class='ocrx_word' id='word_1_320' title='bbox 1601 2704 1733 2771; x_wconf 67' lang='lat' dir='ltr'><strong>Quae</strong></span> <span class='ocrx_word' id='word_1_321' title='bbox 1783 2703 1920 2759; x_wconf 82' lang='lat' dir='ltr'><strong>indi-</strong></span> 
     </span>
    </p>
   </div>
   <div class='ocr_carea' id='block_1_46' title="bbox 326 2792 1917 2868">
    <p class='ocr_par' dir='ltr' id='par_1_46' title="bbox 326 2792 1917 2868">
     <span class='ocr_line' id='line_1_46' title="bbox 326 2792 1917 2868; baseline 0.002 -20"><span class='ocrx_word' id='word_1_322' title='bbox 326 2805 457 2849; x_wconf 89' lang='lat' dir='ltr'><strong>care</strong></span> <span class='ocrx_word' id='word_1_323' title='bbox 485 2794 856 2849; x_wconf 88' lang='lat' dir='ltr'><strong>necessarium</strong></span> <span class='ocrx_word' id='word_1_324' title='bbox 891 2792 991 2849; x_wconf 78' lang='lat' dir='ltr'><strong>fuit</strong></span> <span class='ocrx_word' id='word_1_325' title='bbox 1030 2796 1097 2850; x_wconf 87' lang='lat' dir='ltr'><strong>ad</strong></span> <span class='ocrx_word' id='word_1_326' title='bbox 1126 2794 1573 2868; x_wconf 84' lang='lat' dir='ltr'><strong>signiﬁcandum,</strong></span> <span class='ocrx_word' id='word_1_327' title='bbox 1603 2796 1917 2851; x_wconf 85' lang='lat' dir='ltr'><strong>divinarum</strong></span> 
     </span>
    </p>
   </div>
   <div class='ocr_carea' id='block_1_47' title="bbox 332 2882 1920 2960">
    <p class='ocr_par' dir='ltr' id='par_1_47' title="bbox 332 2882 1920 2960">
     <span class='ocr_line' id='line_1_47' title="bbox 332 2882 1920 2960; baseline 0.003 -19"><span class='ocrx_word' id='word_1_328' title='bbox 332 2882 741 2956; x_wconf 82' lang='lat' dir='ltr'><strong>Scripturarum</strong></span> <span class='ocrx_word' id='word_1_329' title='bbox 776 2885 1088 2942; x_wconf 85' lang='lat' dir='ltr'><strong>doctrinam</strong></span> <span class='ocrx_word' id='word_1_330' title='bbox 1120 2903 1300 2959; x_wconf 89' lang='lat' dir='ltr'><strong>neque</strong></span> <span class='ocrx_word' id='word_1_331' title='bbox 1329 2889 1529 2945; x_wconf 89' lang='lat' dir='ltr'><strong>horum</strong></span> <span class='ocrx_word' id='word_1_332' title='bbox 1562 2888 1782 2960; x_wconf 89' lang='lat' dir='ltr'><strong>quidem</strong></span> <span class='ocrx_word' id='word_1_333' title='bbox 1819 2903 1920 2945; x_wconf 82' lang='lat' dir='ltr'><strong>no-</strong></span> 
     </span>
    </p>
   </div>
   <div class='ocr_carea' id='block_1_48' title="bbox 329 2978 1915 3052">
    <p class='ocr_par' dir='ltr' id='par_1_48' title="bbox 329 2978 1915 3052">
     <span class='ocr_line' id='line_1_48' title="bbox 329 2978 1915 3052; baseline 0.001 -18"><span class='ocrx_word' id='word_1_334' title='bbox 329 2978 505 3035; x_wconf 87' lang='lat' dir='ltr'><strong>titiam</strong></span> <span class='ocrx_word' id='word_1_335' title='bbox 536 2979 974 3051; x_wconf 67' lang='lat' dir='ltr'><strong>praetermisisse.</strong></span> <span class='ocrx_word' id='word_1_336' title='bbox 994 2978 1130 3035; x_wconf 85' lang='lat' dir='ltr'><strong>Nam</strong></span> <span class='ocrx_word' id='word_1_337' title='bbox 1154 2981 1361 3045; x_wconf 91' lang='lat' dir='ltr'><strong>omnia,</strong></span> <span class='ocrx_word' id='word_1_338' title='bbox 1390 2982 1585 3052; x_wconf 88' lang='lat' dir='ltr'><strong>inquit,</strong></span> <span class='ocrx_word' id='word_1_339' title='bbox 1611 2988 1669 3036; x_wconf 88' lang='lat' dir='ltr'><strong>tu</strong></span> <span class='ocrx_word' id='word_1_340' title='bbox 1691 2982 1915 3046; x_wconf 88' lang='lat' dir='ltr'><strong>creasti,</strong></span> 
     </span>
    </p>
   </div>
   <div class='ocr_carea' id='block_1_49' title="bbox 322 3069 1917 3142">
    <p class='ocr_par' dir='ltr' id='par_1_49' title="bbox 322 3069 1917 3142">
     <span class='ocr_line' id='line_1_49' title="bbox 322 3069 1917 3142; baseline 0.002 -16"><span class='ocrx_word' id='word_1_341' title='bbox 322 3072 447 3126; x_wconf 79' lang='lat' dir='ltr'><strong>sive</strong></span> <span class='ocrx_word' id='word_1_342' title='bbox 494 3069 718 3128; x_wconf 79' lang='lat' dir='ltr'><strong>dextras</strong></span> <span class='ocrx_word' id='word_1_343' title='bbox 764 3072 955 3127; x_wconf 89' lang='lat' dir='ltr'><strong>mundi</strong></span> <span class='ocrx_word' id='word_1_344' title='bbox 1000 3080 1206 3142; x_wconf 79' lang='lat' dir='ltr'><strong>partes,</strong></span> <span class='ocrx_word' id='word_1_345' title='bbox 1239 3073 1356 3129; x_wconf 86' lang='lat' dir='ltr'><strong>sive</strong></span> <span class='ocrx_word' id='word_1_346' title='bbox 1408 3074 1683 3130; x_wconf 86' lang='lat' dir='ltr'><strong>sinistras.</strong></span> <span class='ocrx_word' id='word_1_347' title='bbox 1716 3073 1917 3130; x_wconf 84' lang='lat' dir='ltr'><strong>Verum</strong></span> 
     </span>
    </p>
   </div>
   <div class='ocr_carea' id='block_1_50' title="bbox 2012 1863 3629 1943">
    <p class='ocr_par' dir='ltr' id='par_1_50' title="bbox 2012 1863 3629 1943">
     <span class='ocr_line' id='line_1_50' title="bbox 2012 1863 3629 1943; baseline 0.004 -26"><span class='ocrx_word' id='word_1_348' title='bbox 2012 1877 2150 1930; x_wconf 85' lang='grc' dir='ltr'>σας.</span> <span class='ocrx_word' id='word_1_349' title='bbox 2183 1865 2342 1917; x_wconf 87' lang='grc' dir='ltr'>Δοκεί</span> <span class='ocrx_word' id='word_1_350' title='bbox 2371 1864 2429 1917; x_wconf 86' lang='grc' dir='ltr'><em>δέ</em></span> <span class='ocrx_word' id='word_1_351' title='bbox 2459 1881 2550 1936; x_wconf 90' lang='grc' dir='ltr'><strong>μοι</strong></span> <span class='ocrx_word' id='word_1_352' title='bbox 2569 1863 2659 1918; x_wconf 83' lang='grc' dir='ltr'><strong>διὰ</strong></span> <span class='ocrx_word' id='word_1_353' title='bbox 2682 1864 2790 1918; x_wconf 86' lang='grc' dir='ltr'><strong>τῶν</strong></span> <span class='ocrx_word' id='word_1_354' title='bbox 2814 1864 2908 1919; x_wconf 83' lang='grc' dir='ltr'><strong>δύο</strong></span> <span class='ocrx_word' id='word_1_355' title='bbox 2928 1867 3179 1939; x_wconf 80' lang='grc' dir='ltr'>πλευρῶν</span> <span class='ocrx_word' id='word_1_356' title='bbox 3201 1886 3260 1922; x_wconf 89' lang='grc' dir='ltr'><strong>τε</strong></span> <span class='ocrx_word' id='word_1_357' title='bbox 3281 1872 3376 1923; x_wconf 76' lang='grc' dir='ltr'>καὶ</span> <span class='ocrx_word' id='word_1_358' title='bbox 3403 1871 3629 1943; x_wconf 76' lang='grc' dir='ltr'>ἄκρων</span> 
     </span>
    </p>
   </div>
   <div class='ocr_carea' id='block_1_51' title="bbox 2010 1955 3629 2034">
    <p class='ocr_par' dir='ltr' id='par_1_51' title="bbox 2010 1955 3629 2034">
     <span class='ocr_line' id='line_1_51' title="bbox 2010 1955 3629 2034; baseline 0.005 -25"><span class='ocrx_word' id='word_1_359' title='bbox 2010 1955 2112 2027; x_wconf 84' lang='grc' dir='ltr'>τῆς</span> <span class='ocrx_word' id='word_1_360' title='bbox 2150 1956 2476 2029; x_wconf 82' lang='grc' dir='ltr'>οἰκουμένης</span> <span class='ocrx_word' id='word_1_361' title='bbox 2525 1958 2619 2013; x_wconf 72' lang='grc' dir='ltr'>τὸν</span> <span class='ocrx_word' id='word_1_362' title='bbox 2669 1959 2960 2032; x_wconf 81' lang='grc' dir='ltr'>σύμπαντα</span> <span class='ocrx_word' id='word_1_363' title='bbox 3005 1961 3207 2032; x_wconf 86' lang='grc' dir='ltr'>κόσμον</span> <span class='ocrx_word' id='word_1_364' title='bbox 3260 1962 3460 2034; x_wconf 78' lang='grc' dir='ltr'>δηλοῦν</span> <span class='ocrx_word' id='word_1_365' title='bbox 3481 2003 3502 2028; x_wconf 86' lang='grc'><strong>,</strong></span> <span class='ocrx_word' id='word_1_366' title='bbox 3562 1962 3629 2017; x_wconf 75' lang='grc' dir='ltr'>ὃν</span> 
     </span>
    </p>
   </div>
   <div class='ocr_carea' id='block_1_52' title="bbox 2013 2046 3629 2123">
    <p class='ocr_par' dir='ltr' id='par_1_52' title="bbox 2013 2046 3629 2123">
     <span class='ocr_line' id='line_1_52' title="bbox 2013 2046 3629 2123; baseline 0.006 -23"><span class='ocrx_word' id='word_1_367' title='bbox 2013 2046 2328 2119; x_wconf 77' lang='grc' dir='ltr'>ἐπλήρωσεν</span> <span class='ocrx_word' id='word_1_368' title='bbox 2357 2051 2390 2121; x_wconf 76' lang='grc' dir='ltr'>ὴ</span> <span class='ocrx_word' id='word_1_369' title='bbox 2417 2050 2510 2102; x_wconf 80' lang='grc' dir='ltr'><strong>τοῦ</strong></span> <span class='ocrx_word' id='word_1_370' title='bbox 2533 2050 2785 2122; x_wconf 79' lang='grc' dir='ltr'><strong>Σωτῆρος</strong></span> <span class='ocrx_word' id='word_1_371' title='bbox 2808 2052 2968 2123; x_wconf 75' lang='grc' dir='ltr'>ἡμῶν</span> <span class='ocrx_word' id='word_1_372' title='bbox 2988 2051 3239 2123; x_wconf 84' lang='grc' dir='ltr'>δύναμις.</span> <span class='ocrx_word' id='word_1_373' title='bbox 3257 2053 3364 2108; x_wconf 81' lang='grc' dir='ltr'>Θὲα</span> <span class='ocrx_word' id='word_1_374' title='bbox 3392 2055 3455 2108; x_wconf 82' lang='grc' dir='ltr'>δὲ</span> <span class='ocrx_word' id='word_1_375' title='bbox 3494 2055 3629 2111; x_wconf 73' lang='grc' dir='ltr'>τινα</span> 
     </span>
    </p>
   </div>
   <div class='ocr_carea' id='block_1_53' title="bbox 2012 2140 3629 2219">
    <p class='ocr_par' dir='ltr' id='par_1_53' title="bbox 2012 2140 3629 2219">
     <span class='ocr_line' id='line_1_53' title="bbox 2012 2140 3629 2219; baseline 0.004 -26"><span class='ocrx_word' id='word_1_376' title='bbox 2012 2140 2214 2210; x_wconf 78' lang='grc' dir='ltr'>τρόπον</span> <span class='ocrx_word' id='word_1_377' title='bbox 2255 2140 2344 2195; x_wconf 80' lang='grc' dir='ltr'><strong>διὰ</strong></span> <span class='ocrx_word' id='word_1_378' title='bbox 2374 2142 2580 2197; x_wconf 87' lang='grc' dir='ltr'>τούτων</span> <span class='ocrx_word' id='word_1_379' title='bbox 2618 2144 2951 2215; x_wconf 81' lang='grc' dir='ltr'>παρίσταται</span> <span class='ocrx_word' id='word_1_380' title='bbox 2995 2146 3280 2216; x_wconf 80' lang='grc' dir='ltr'>πρόσωπον</span> <span class='ocrx_word' id='word_1_381' title='bbox 3317 2147 3413 2200; x_wconf 81' lang='grc' dir='ltr'><strong>τοῦ</strong></span> <span class='ocrx_word' id='word_1_382' title='bbox 3463 2147 3629 2219; x_wconf 82' lang='grc' dir='ltr'>σύμ-</span> 
     </span>
    </p>
   </div>
   <div class='ocr_carea' id='block_1_54' title="bbox 2017 2234 3630 2312">
    <p class='ocr_par' dir='ltr' id='par_1_54' title="bbox 2017 2234 3630 2312">
     <span class='ocr_line' id='line_1_54' title="bbox 2017 2234 3630 2312; baseline 0.005 -27"><span class='ocrx_word' id='word_1_383' title='bbox 2017 2248 2220 2298; x_wconf 86' lang='grc' dir='ltr'>παντος</span> <span class='ocrx_word' id='word_1_384' title='bbox 2246 2234 2456 2307; x_wconf 86' lang='grc' dir='ltr'>κόσμου</span> <span class='ocrx_word' id='word_1_385' title='bbox 2494 2236 2556 2289; x_wconf 84' lang='grc' dir='ltr'>τὸ</span> <span class='ocrx_word' id='word_1_386' title='bbox 2580 2236 2895 2291; x_wconf 80' lang='grc' dir='ltr'>ἀνατολικὸν</span> <span class='ocrx_word' id='word_1_387' title='bbox 2935 2237 3118 2308; x_wconf 60' lang='grc' dir='ltr'>μέρος</span> <span class='ocrx_word' id='word_1_388' title='bbox 3145 2240 3426 2312; x_wconf 76' lang='grc' dir='ltr'>ἀριστερὸν</span> <span class='ocrx_word' id='word_1_389' title='bbox 3459 2240 3531 2294; x_wconf 82' lang='grc' dir='ltr'>δὲ</span> <span class='ocrx_word' id='word_1_390' title='bbox 3560 2241 3630 2293; x_wconf 71' lang='grc' dir='ltr'>τὸ</span> 
     </span>
    </p>
   </div>
   <div class='ocr_carea' id='block_1_55' title="bbox 2017 2322 3629 2404">
    <p class='ocr_par' dir='ltr' id='par_1_55' title="bbox 2017 2322 3629 2404">
     <span class='ocr_line' id='line_1_55' title="bbox 2017 2322 3629 2404; baseline 0.005 -27"><span class='ocrx_word' id='word_1_391' title='bbox 2017 2322 2248 2396; x_wconf 82' lang='grc' dir='ltr'>βόρειον,</span> <span class='ocrx_word' id='word_1_392' title='bbox 2280 2326 2453 2394; x_wconf 79' lang='grc' dir='ltr'>δεξιὸν</span> <span class='ocrx_word' id='word_1_393' title='bbox 2475 2328 2533 2382; x_wconf 82' lang='grc' dir='ltr'>δὲ</span> <span class='ocrx_word' id='word_1_394' title='bbox 2563 2330 2623 2383; x_wconf 81' lang='grc' dir='ltr'>τὸ</span> <span class='ocrx_word' id='word_1_395' title='bbox 2658 2329 3030 2401; x_wconf 79' lang='grc' dir='ltr'>μεσημϐρινὸν</span> <span class='ocrx_word' id='word_1_396' title='bbox 3052 2331 3149 2385; x_wconf 71' lang='grc' dir='ltr'>καὶ</span> <span class='ocrx_word' id='word_1_397' title='bbox 3175 2333 3365 2388; x_wconf 85' lang='grc' dir='ltr'>νότιον.</span> <span class='ocrx_word' id='word_1_398' title='bbox 3401 2334 3505 2387; x_wconf 82' lang='grc' dir='ltr'>Ἐν</span> <span class='ocrx_word' id='word_1_399' title='bbox 3541 2332 3629 2404; x_wconf 76' lang='grc' dir='ltr'><strong>τῷ</strong></span> 
     </span>
    </p>
   </div>
   <div class='ocr_carea' id='block_1_56' title="bbox 2013 2422 3629 2495">
    <p class='ocr_par' dir='ltr' id='par_1_56' title="bbox 2013 2422 3629 2495">
     <span class='ocr_line' id='line_1_56' title="bbox 2013 2422 3629 2495; baseline 0.002 -21"><span class='ocrx_word' id='word_1_400' title='bbox 2013 2422 2122 2495; x_wconf 81' lang='grc' dir='ltr'><strong>γὰρ</strong></span> <span class='ocrx_word' id='word_1_401' title='bbox 2156 2423 2343 2493; x_wconf 79' lang='grc' dir='ltr'>φάναι,</span> <span class='ocrx_word' id='word_1_402' title='bbox 2377 2424 2488 2478; x_wconf 81' lang='grc' dir='ltr'><strong>Τὸν</strong></span> <span class='ocrx_word' id='word_1_403' title='bbox 2510 2424 2745 2494; x_wconf 78' lang='grc' dir='ltr'><strong>,Βοῤῥᾶν</strong></span> <span class='ocrx_word' id='word_1_404' title='bbox 2771 2425 2872 2478; x_wconf 79' lang='grc' dir='ltr'>καὶ</span> <span class='ocrx_word' id='word_1_405' title='bbox 2904 2425 2980 2478; x_wconf 85' lang='grc' dir='ltr'>τὰ</span> <span class='ocrx_word' id='word_1_406' title='bbox 3011 2424 3178 2489; x_wconf 82' lang='grc' dir='ltr'>δεξιὰ</span> <span class='ocrx_word' id='word_1_407' title='bbox 3211 2425 3290 2479; x_wconf 86' lang='grc' dir='ltr'>σὺ</span> <span class='ocrx_word' id='word_1_408' title='bbox 3331 2425 3629 2490; x_wconf 77' lang='grc' dir='ltr'>ἔκτισας,</span> 
     </span>
    </p>
   </div>
   <div class='ocr_carea' id='block_1_57' title="bbox 2014 2513 3630 2591">
    <p class='ocr_par' dir='ltr' id='par_1_57' title="bbox 2014 2513 3630 2591">
     <span class='ocr_line' id='line_1_57' title="bbox 2014 2513 3630 2591; baseline 0.001 -22"><span class='ocrx_word' id='word_1_409' title='bbox 2014 2515 2077 2569; x_wconf 83' lang='grc' dir='ltr'>τὸ</span> <span class='ocrx_word' id='word_1_410' title='bbox 2100 2517 2309 2590; x_wconf 85' lang='grc' dir='ltr'>βόρειον</span> <span class='ocrx_word' id='word_1_411' title='bbox 2332 2517 2565 2590; x_wconf 81' lang='grc' dir='ltr'>πλευρὸν</span> <span class='ocrx_word' id='word_1_412' title='bbox 2589 2517 2876 2591; x_wconf 83' lang='grc' dir='ltr'>ἀριστερὸν</span> <span class='ocrx_word' id='word_1_413' title='bbox 2901 2513 3042 2571; x_wconf 78' lang='grc' dir='ltr'>εἰναι</span> <span class='ocrx_word' id='word_1_414' title='bbox 3064 2517 3314 2584; x_wconf 71' lang='grc' dir='ltr'>ἐδίδαξενο</span> <span class='ocrx_word' id='word_1_415' title='bbox 3352 2518 3409 2570; x_wconf 71' lang='grc' dir='ltr'>εἴ</span> <span class='ocrx_word' id='word_1_416' title='bbox 3428 2535 3505 2587; x_wconf 79' lang='grc' dir='ltr'><strong>τε</strong></span> <span class='ocrx_word' id='word_1_417' title='bbox 3530 2517 3630 2570; x_wconf 76' lang='grc' dir='ltr'>δε-</span> 
     </span>
    </p>
   </div>
   <div class='ocr_carea' id='block_1_58' title="bbox 2018 2605 3632 2684">
    <p class='ocr_par' dir='ltr' id='par_1_58' title="bbox 2018 2605 3632 2684">
     <span class='ocr_line' id='line_1_58' title="bbox 2018 2605 3632 2684; baseline 0.001 -22"><span class='ocrx_word' id='word_1_418' title='bbox 2018 2606 2128 2673; x_wconf 83' lang='grc' dir='ltr'>ξιὸν</span> <span class='ocrx_word' id='word_1_419' title='bbox 2155 2609 2218 2663; x_wconf 83' lang='grc' dir='ltr'>τὸ</span> <span class='ocrx_word' id='word_1_420' title='bbox 2245 2609 2439 2666; x_wconf 90' lang='grc' dir='ltr'>νότιον.</span> <span class='ocrx_word' id='word_1_421' title='bbox 2480 2610 2546 2663; x_wconf 86' lang='grc' dir='ltr'><strong>Εἰ</strong></span> <span class='ocrx_word' id='word_1_422' title='bbox 2576 2608 2641 2682; x_wconf 85' lang='grc' dir='ltr'><strong>δὴ</strong></span> <span class='ocrx_word' id='word_1_423' title='bbox 2680 2605 2774 2664; x_wconf 77' lang='grc' dir='ltr'>οὖν</span> <span class='ocrx_word' id='word_1_424' title='bbox 2818 2611 3052 2675; x_wconf 79' lang='grc' dir='ltr'><strong>ἑστῶτες</strong></span> <span class='ocrx_word' id='word_1_425' title='bbox 3098 2610 3312 2683; x_wconf 74' lang='grc' dir='ltr'>ἔχοιμεν</span> <span class='ocrx_word' id='word_1_426' title='bbox 3355 2612 3415 2664; x_wconf 82' lang='grc' dir='ltr'>ὲν</span> <span class='ocrx_word' id='word_1_427' title='bbox 3457 2610 3632 2684; x_wconf 77' lang='grc' dir='ltr'>δεξιᾷ</span> 
     </span>
    </p>
   </div>
   <div class='ocr_carea' id='block_1_59' title="bbox 2020 2701 3632 2778">
    <p class='ocr_par' dir='ltr' id='par_1_59' title="bbox 2020 2701 3632 2778">
     <span class='ocr_line' id='line_1_59' title="bbox 2020 2701 3632 2778; baseline 0.002 -23"><span class='ocrx_word' id='word_1_428' title='bbox 2020 2701 2120 2774; x_wconf 81' lang='grc' dir='ltr'>μὲν</span> <span class='ocrx_word' id='word_1_429' title='bbox 2147 2701 2358 2777; x_wconf 72' lang='grc' dir='ltr'>ἑαυτῶν</span> <span class='ocrx_word' id='word_1_430' title='bbox 2393 2703 2484 2757; x_wconf 78' lang='grc' dir='ltr'><strong>τὸν</strong></span> <span class='ocrx_word' id='word_1_431' title='bbox 2517 2702 2692 2769; x_wconf 86' lang='grc' dir='ltr'>νότον,</span> <span class='ocrx_word' id='word_1_432' title='bbox 2721 2706 2780 2756; x_wconf 79' lang='grc' dir='ltr'>ἐν</span> <span class='ocrx_word' id='word_1_433' title='bbox 2809 2702 2866 2756; x_wconf 83' lang='grc' dir='ltr'>δὲ</span> <span class='ocrx_word' id='word_1_434' title='bbox 2890 2706 3000 2768; x_wconf 85' lang='grc' dir='ltr'>τοῖς</span> <span class='ocrx_word' id='word_1_435' title='bbox 3025 2705 3329 2776; x_wconf 80' lang='grc' dir='ltr'>ἀριστεροῖς</span> <span class='ocrx_word' id='word_1_436' title='bbox 3353 2704 3446 2758; x_wconf 84' lang='grc' dir='ltr'>τὸν</span> <span class='ocrx_word' id='word_1_437' title='bbox 3489 2704 3632 2778; x_wconf 67' lang='grc' dir='ltr'><strong>βορο</strong></span> 
     </span>
    </p>
   </div>
   <div class='ocr_carea' id='block_1_60' title="bbox 2021 2795 3634 2869">
    <p class='ocr_par' dir='ltr' id='par_1_60' title="bbox 2021 2795 3634 2869">
     <span class='ocr_line' id='line_1_60' title="bbox 2021 2795 3634 2869; baseline 0.001 -21"><span class='ocrx_word' id='word_1_438' title='bbox 2021 2797 2142 2867; x_wconf 80' lang='grc' dir='ltr'>ρᾶν,</span> <span class='ocrx_word' id='word_1_439' title='bbox 2185 2795 2602 2866; x_wconf 63' lang='grc' dir='ltr'>ἀντιῆτρόσονιτον</span> <span class='ocrx_word' id='word_1_440' title='bbox 2658 2798 2932 2868; x_wconf 81' lang='grc' dir='ltr'>σχήσομεν</span> <span class='ocrx_word' id='word_1_441' title='bbox 2980 2796 3079 2869; x_wconf 84' lang='grc' dir='ltr'>τὴν</span> <span class='ocrx_word' id='word_1_442' title='bbox 3125 2795 3414 2868; x_wconf 79' lang='grc' dir='ltr'>ἀνατολὴν,</span> <span class='ocrx_word' id='word_1_443' title='bbox 3468 2795 3634 2849; x_wconf 71' lang='grc' dir='ltr'>κατὰ</span> 
     </span>
    </p>
   </div>
   <div class='ocr_carea' id='block_1_61' title="bbox 2017 2887 3634 2962">
    <p class='ocr_par' dir='ltr' id='par_1_61' title="bbox 2017 2887 3634 2962">
     <span class='ocr_line' id='line_1_61' title="bbox 2017 2887 3634 2962; baseline -0.001 -19"><span class='ocrx_word' id='word_1_444' title='bbox 2017 2887 2187 2943; x_wconf 82' lang='grc' dir='ltr'>νώτου</span> <span class='ocrx_word' id='word_1_445' title='bbox 2215 2888 2273 2943; x_wconf 80' lang='grc' dir='ltr'>δὲ</span> <span class='ocrx_word' id='word_1_446' title='bbox 2299 2889 2400 2962; x_wconf 78' lang='grc' dir='ltr'>τὴν</span> <span class='ocrx_word' id='word_1_447' title='bbox 2423 2889 2597 2943; x_wconf 83' lang='grc' dir='ltr'>δύσιν·</span> <span class='ocrx_word' id='word_1_448' title='bbox 2629 2890 2771 2943; x_wconf 83' lang='grc' dir='ltr'>ὥστε</span> <span class='ocrx_word' id='word_1_449' title='bbox 2797 2889 2942 2944; x_wconf 85' lang='grc' dir='ltr'>κατά</span> <span class='ocrx_word' id='word_1_450' title='bbox 2963 2907 3085 2944; x_wconf 88' lang='grc' dir='ltr'>τινα</span> <span class='ocrx_word' id='word_1_451' title='bbox 3114 2889 3349 2962; x_wconf 82' lang='grc' dir='ltr'>φυσικὴν</span> <span class='ocrx_word' id='word_1_452' title='bbox 3373 2889 3634 2962; x_wconf 77' lang='grc' dir='ltr'>θεωρίαν</span> 
     </span>
    </p>
   </div>
   <div class='ocr_carea' id='block_1_62' title="bbox 2018 2977 3634 3054">
    <p class='ocr_par' dir='ltr' id='par_1_62' title="bbox 2018 2977 3634 3054">
     <span class='ocr_line' id='line_1_62' title="bbox 2018 2977 3634 3054; baseline 0 -19"><span class='ocrx_word' id='word_1_453' title='bbox 2018 2979 2271 3053; x_wconf 83' lang='grc' dir='ltr'>εἰρῆσθαι</span> <span class='ocrx_word' id='word_1_454' title='bbox 2302 2977 2497 3049; x_wconf 81' lang='grc' dir='ltr'>ταῦτα,</span> <span class='ocrx_word' id='word_1_455' title='bbox 2532 2982 2634 3053; x_wconf 82' lang='grc' dir='ltr'>τὴν</span> <span class='ocrx_word' id='word_1_456' title='bbox 2660 2981 2810 3036; x_wconf 81' lang='grc' dir='ltr'>θέσιν</span> <span class='ocrx_word' id='word_1_457' title='bbox 2837 2981 2931 3036; x_wconf 78' lang='grc' dir='ltr'><strong>τοῦ</strong></span> <span class='ocrx_word' id='word_1_458' title='bbox 2970 2982 3173 3048; x_wconf 77' lang='grc' dir='ltr'>παντὸς</span> <span class='ocrx_word' id='word_1_459' title='bbox 3214 2982 3422 3054; x_wconf 84' lang='grc' dir='ltr'>κόσμου</span> <span class='ocrx_word' id='word_1_460' title='bbox 3470 3000 3634 3054; x_wconf 80' lang='grc' dir='ltr'>παρ-</span> 
     </span>
    </p>
   </div>
   <div class='ocr_carea' id='block_1_63' title="bbox 2022 3075 3634 3151">
    <p class='ocr_par' dir='ltr' id='par_1_63' title="bbox 2022 3075 3634 3151">
     <span class='ocr_line' id='line_1_63' title="bbox 2022 3075 3634 3151; baseline 0.007 -20"><span class='ocrx_word' id='word_1_461' title='bbox 2022 3075 2274 3131; x_wconf 84' lang='grc' dir='ltr'>ιστῶντα.</span> <span class='ocrx_word' id='word_1_462' title='bbox 2312 3077 2380 3129; x_wconf 79' lang='grc' dir='ltr'><strong>Ἀ</strong></span> <span class='ocrx_word' id='word_1_463' title='bbox 2420 3077 2517 3130; x_wconf 77' lang='grc' dir='ltr'>καὶ</span> <span class='ocrx_word' id='word_1_464' title='bbox 2558 3075 2701 3130; x_wconf 80' lang='grc' dir='ltr'>αὐτὰ</span> <span class='ocrx_word' id='word_1_465' title='bbox 2743 3078 3039 3146; x_wconf 80' lang='grc' dir='ltr'>ἀναγκαῖον</span> <span class='ocrx_word' id='word_1_466' title='bbox 3062 3075 3515 3151; x_wconf 77' lang='grc' dir='ltr'>ἐπισημήνασθαι</span> <span class='ocrx_word' id='word_1_467' title='bbox 3548 3080 3634 3142; x_wconf 80' lang='grc' dir='ltr'><strong>εἰς</strong></span> 
     </span>
    </p>
   </div>
   <div class='ocr_carea' id='block_1_64' title="bbox 330 3161 1914 3243">
    <p class='ocr_par' dir='ltr' id='par_1_64' title="bbox 330 3161 1914 3236">
     <span class='ocr_line' id='line_1_64' title="bbox 330 3161 1914 3236; baseline 0.002 -19"><span class='ocrx_word' id='word_1_468' title='bbox 330 3161 557 3219; x_wconf 77' lang='lat' dir='ltr'><strong>dextras</strong></span> <span class='ocrx_word' id='word_1_469' title='bbox 590 3163 770 3219; x_wconf 80' lang='lat' dir='ltr'><strong>solum</strong></span> <span class='ocrx_word' id='word_1_470' title='bbox 804 3163 1130 3221; x_wconf 84' lang='lat' dir='ltr'><strong>nominatim</strong></span> <span class='ocrx_word' id='word_1_471' title='bbox 1160 3165 1503 3230; x_wconf 86' lang='lat' dir='ltr'><strong>memoravit,</strong></span> <span class='ocrx_word' id='word_1_472' title='bbox 1537 3172 1702 3236; x_wconf 87' lang='lat' dir='ltr'><strong>atque</strong></span> <span class='ocrx_word' id='word_1_473' title='bbox 1725 3181 1754 3219; x_wconf 90' lang='lat' dir='ltr'><strong>a</strong></span> <span class='ocrx_word' id='word_1_474' title='bbox 1785 3165 1914 3220; x_wconf 88' lang='lat' dir='ltr'><strong>sini-</strong></span> 
     </span>
    </p>
   </div>
   <div class='ocr_carea' id='block_1_65' title="bbox 2041 3161 3632 3243">
    <p class='ocr_par' dir='ltr' id='par_1_65' title="bbox 2041 3170 3632 3243">
     <span class='ocr_line' id='line_1_65' title="bbox 2041 3170 3632 3243; baseline 0 -19"><span class='ocrx_word' id='word_1_475' title='bbox 2041 3170 2366 3242; x_wconf 81' lang='grc' dir='ltr'>ταράστασιν</span> <span class='ocrx_word' id='word_1_476' title='bbox 2394 3170 2490 3224; x_wconf 83' lang='grc' dir='ltr'>τοῦ</span> <span class='ocrx_word' id='word_1_477' title='bbox 2525 3171 2661 3242; x_wconf 84' lang='grc' dir='ltr'>μηδὲ</span> <span class='ocrx_word' id='word_1_478' title='bbox 2686 3171 2787 3242; x_wconf 80' lang='grc' dir='ltr'>τὴν</span> <span class='ocrx_word' id='word_1_479' title='bbox 2813 3171 3017 3226; x_wconf 88' lang='grc' dir='ltr'>τούτων</span> <span class='ocrx_word' id='word_1_480' title='bbox 3056 3172 3256 3241; x_wconf 84' lang='grc' dir='ltr'>γνῶσιν</span> <span class='ocrx_word' id='word_1_481' title='bbox 3286 3170 3632 3243; x_wconf 73' lang='grc' dir='ltr'>παραλελοισ</span> 
     </span>
    </p>
   </div>
   <div class='ocr_carea' id='block_1_66' title="bbox 331 3253 1918 3325">
    <p class='ocr_par' dir='ltr' id='par_1_66' title="bbox 331 3253 1918 3325">
     <span class='ocr_line' id='line_1_66' title="bbox 331 3253 1918 3325; baseline 0.003 -16"><span class='ocrx_word' id='word_1_482' title='bbox 331 3253 436 3310; x_wconf 85' lang='lat' dir='ltr'><strong>stri</strong></span> <span class='ocrx_word' id='word_1_483' title='bbox 465 3255 687 3312; x_wconf 89' lang='lat' dir='ltr'><strong>nomine</strong></span> <span class='ocrx_word' id='word_1_484' title='bbox 724 3256 980 3312; x_wconf 87' lang='lat' dir='ltr'><strong>consulto</strong></span> <span class='ocrx_word' id='word_1_485' title='bbox 1033 3256 1319 3313; x_wconf 85' lang='lat' dir='ltr'><strong>abstinuit.</strong></span> <span class='ocrx_word' id='word_1_486' title='bbox 1369 3258 1551 3325; x_wconf 86' lang='lat' dir='ltr'><strong>Quare</strong></span> <span class='ocrx_word' id='word_1_487' title='bbox 1614 3258 1918 3315; x_wconf 89' lang='lat' dir='ltr'><strong>secundum</strong></span> 
     </span>
    </p>
   </div>
   <div class='ocr_carea' id='block_1_67' title="bbox 334 3344 1920 3419">
    <p class='ocr_par' dir='ltr' id='par_1_67' title="bbox 334 3344 1920 3419">
     <span class='ocr_line' id='line_1_67' title="bbox 334 3344 1920 3419; baseline 0.002 -19"><span class='ocrx_word' id='word_1_488' title='bbox 334 3344 724 3417; x_wconf 81' lang='lat' dir='ltr'><strong>Symmachum</strong></span> <span class='ocrx_word' id='word_1_489' title='bbox 754 3347 978 3415; x_wconf 85' lang='lat' dir='ltr'><strong>dicitur,</strong></span> <span class='ocrx_word' id='word_1_490' title='bbox 1011 3345 1078 3401; x_wconf 83' lang='lat' dir='ltr'><strong>In</strong></span> <span class='ocrx_word' id='word_1_491' title='bbox 1107 3349 1422 3419; x_wconf 82' lang='lat' dir='ltr'><strong>Aquilonem</strong></span> <span class='ocrx_word' id='word_1_492' title='bbox 1466 3359 1518 3404; x_wconf 85' lang='lat' dir='ltr'><strong>et</strong></span> <span class='ocrx_word' id='word_1_493' title='bbox 1542 3349 1830 3405; x_wconf 69' lang='lat' dir='ltr'><strong>“dexteram</strong></span> <span class='ocrx_word' id='word_1_494' title='bbox 1859 3358 1920 3403; x_wconf 87' lang='lat' dir='ltr'><strong>tu</strong></span> 
     </span>
    </p>
   </div>
   <div class='ocr_carea' id='block_1_68' title="bbox 332 3435 1918 3511">
    <p class='ocr_par' dir='ltr' id='par_1_68' title="bbox 332 3435 1918 3511">
     <span class='ocr_line' id='line_1_68' title="bbox 332 3435 1918 3511; baseline 0.002 -22"><span class='ocrx_word' id='word_1_495' title='bbox 332 3435 568 3499; x_wconf 75' lang='lat' dir='ltr'><strong>creasti;</strong></span> <span class='ocrx_word' id='word_1_496' title='bbox 631 3437 933 3492; x_wconf 89' lang='lat' dir='ltr'><strong>secundum</strong></span> <span class='ocrx_word' id='word_1_497' title='bbox 995 3439 1251 3511; x_wconf 80' lang='lat' dir='ltr'><strong>Aquilam</strong></span> <span class='ocrx_word' id='word_1_498' title='bbox 1297 3454 1428 3495; x_wconf 89' lang='lat' dir='ltr'><strong>vero</strong></span> <span class='ocrx_word' id='word_1_499' title='bbox 1453 3479 1468 3504; x_wconf 92' lang='lat'><strong>,</strong></span> <span class='ocrx_word' id='word_1_500' title='bbox 1511 3438 1822 3509; x_wconf 82' lang='lat' dir='ltr'><strong>Aquilonem</strong></span> <span class='ocrx_word' id='word_1_501' title='bbox 1868 3449 1918 3493; x_wconf 86' lang='lat' dir='ltr'><strong>et</strong></span> 
     </span>
    </p>
   </div>
   <div class='ocr_carea' id='block_1_69' title="bbox 332 3526 1920 3599">
    <p class='ocr_par' dir='ltr' id='par_1_69' title="bbox 332 3526 1920 3599">
     <span class='ocr_line' id='line_1_69' title="bbox 332 3526 1920 3599; baseline 0.004 -18"><span class='ocrx_word' id='word_1_502' title='bbox 332 3526 608 3583; x_wconf 67' lang='lat' dir='ltr'><strong>dexteram</strong></span> <span class='ocrx_word' id='word_1_503' title='bbox 644 3537 701 3583; x_wconf 76' lang='grc' dir='ltr'><strong>ω</strong></span> <span class='ocrx_word' id='word_1_504' title='bbox 723 3531 938 3588; x_wconf 77' lang='lat' dir='ltr'><strong>creasti.</strong></span> <span class='ocrx_word' id='word_1_505' title='bbox 967 3530 1168 3599; x_wconf 82' lang='lat' dir='ltr'><strong>Quinta</strong></span> <span class='ocrx_word' id='word_1_506' title='bbox 1203 3538 1384 3587; x_wconf 85' lang='lat' dir='ltr'><strong>autem</strong></span> <span class='ocrx_word' id='word_1_507' title='bbox 1413 3531 1583 3588; x_wconf 86' lang='lat' dir='ltr'><strong>editio</strong></span> <span class='ocrx_word' id='word_1_508' title='bbox 1611 3530 1920 3588; x_wconf 84' lang='lat' dir='ltr'><strong>accuratius</strong></span> 
     </span>
    </p>
   </div>
   <div class='ocr_carea' id='block_1_70' title="bbox 333 3621 1921 3695">
    <p class='ocr_par' dir='ltr' id='par_1_70' title="bbox 333 3621 1921 3695">
     <span class='ocr_line' id='line_1_70' title="bbox 333 3621 1921 3695; baseline 0.003 -19"><span class='ocrx_word' id='word_1_509' title='bbox 333 3621 624 3691; x_wconf 82' lang='lat' dir='ltr'><strong>explicavit</strong></span> <span class='ocrx_word' id='word_1_510' title='bbox 658 3638 910 3695; x_wconf 71' lang='lat' dir='ltr'><strong>quaenam</strong></span> <span class='ocrx_word' id='word_1_511' title='bbox 951 3624 1179 3680; x_wconf 81' lang='lat' dir='ltr'><strong>dextera</strong></span> <span class='ocrx_word' id='word_1_512' title='bbox 1200 3632 1389 3682; x_wconf 88' lang='lat' dir='ltr'><strong>essent</strong></span> <span class='ocrx_word' id='word_1_513' title='bbox 1418 3622 1610 3680; x_wconf 88' lang='lat' dir='ltr'><strong>dicens</strong></span> <span class='ocrx_word' id='word_1_514' title='bbox 1632 3664 1648 3684; x_wconf 88' lang='lat'><strong>.</strong></span> <span class='ocrx_word' id='word_1_515' title='bbox 1697 3623 1921 3693; x_wconf 67' lang='lat' dir='ltr'><strong>Aquiloo</strong></span> 
     </span>
    </p>
   </div>
   <div class='ocr_carea' id='block_1_71' title="bbox 334 3710 1920 3786">
    <p class='ocr_par' dir='ltr' id='par_1_71' title="bbox 334 3710 1920 3786">
     <span class='ocr_line' id='line_1_71' title="bbox 334 3710 1920 3786; baseline 0.002 -18"><span class='ocrx_word' id='word_1_516' title='bbox 334 3728 451 3768; x_wconf 80' lang='lat' dir='ltr'><strong>nem</strong></span> <span class='ocrx_word' id='word_1_517' title='bbox 494 3722 544 3769; x_wconf 89' lang='lat' dir='ltr'><strong>et</strong></span> <span class='ocrx_word' id='word_1_518' title='bbox 576 3710 759 3769; x_wconf 70' lang='lat' dir='ltr'><strong>notum</strong></span> <span class='ocrx_word' id='word_1_519' title='bbox 799 3723 853 3768; x_wconf 90' lang='lat' dir='ltr'><strong>tu</strong></span> <span class='ocrx_word' id='word_1_520' title='bbox 884 3716 1102 3772; x_wconf 86' lang='lat' dir='ltr'><strong>creasti.</strong></span> <span class='ocrx_word' id='word_1_521' title='bbox 1138 3715 1376 3772; x_wconf 89' lang='lat' dir='ltr'><strong>Sinistra</strong></span> <span class='ocrx_word' id='word_1_522' title='bbox 1418 3730 1587 3786; x_wconf 91' lang='lat' dir='ltr'><strong>porro</strong></span> <span class='ocrx_word' id='word_1_523' title='bbox 1629 3714 1773 3786; x_wconf 89' lang='lat' dir='ltr'><strong>apud</strong></span> <span class='ocrx_word' id='word_1_524' title='bbox 1803 3729 1920 3771; x_wconf 88' lang='lat' dir='ltr'><strong>om-</strong></span> 
     </span>
    </p>
   </div>
   <div class='ocr_carea' id='block_1_72' title="bbox 336 3805 1921 3880">
    <p class='ocr_par' dir='ltr' id='par_1_72' title="bbox 336 3805 1921 3880">
     <span class='ocr_line' id='line_1_72' title="bbox 336 3805 1921 3880; baseline 0.003 -20"><span class='ocrx_word' id='word_1_525' title='bbox 336 3820 435 3861; x_wconf 87' lang='lat' dir='ltr'><strong>nes</strong></span> <span class='ocrx_word' id='word_1_526' title='bbox 466 3805 794 3879; x_wconf 88' lang='lat' dir='ltr'><strong>interpretes</strong></span> <span class='ocrx_word' id='word_1_527' title='bbox 832 3808 1055 3864; x_wconf 86' lang='lat' dir='ltr'><strong>silentio</strong></span> <span class='ocrx_word' id='word_1_528' title='bbox 1079 3810 1338 3875; x_wconf 79' lang='lat' dir='ltr'><strong>mittitur,</strong></span> <span class='ocrx_word' id='word_1_529' title='bbox 1366 3808 1495 3880; x_wconf 91' lang='lat' dir='ltr'><strong>quia</strong></span> <span class='ocrx_word' id='word_1_530' title='bbox 1540 3816 1766 3880; x_wconf 85' lang='lat' dir='ltr'><strong>putatur</strong></span> <span class='ocrx_word' id='word_1_531' title='bbox 1790 3809 1921 3879; x_wconf 89' lang='lat' dir='ltr'><strong>quid</strong></span> 
     </span>
    </p>
   </div>
   <div class='ocr_carea' id='block_1_73' title="bbox 337 3897 1919 3974">
    <p class='ocr_par' dir='ltr' id='par_1_73' title="bbox 337 3897 1919 3974">
     <span class='ocr_line' id='line_1_73' title="bbox 337 3897 1919 3974; baseline 0.003 -23"><span class='ocrx_word' id='word_1_532' title='bbox 337 3897 639 3954; x_wconf 82' lang='lat' dir='ltr'><strong>infaustum</strong></span> <span class='ocrx_word' id='word_1_533' title='bbox 667 3914 813 3964; x_wconf 86' lang='lat' dir='ltr'><strong>esse,</strong></span> <span class='ocrx_word' id='word_1_534' title='bbox 843 3906 898 3956; x_wconf 90' lang='lat' dir='ltr'><strong>et</strong></span> <span class='ocrx_word' id='word_1_535' title='bbox 928 3900 1124 3957; x_wconf 80' lang='lat' dir='ltr'><strong>dextro</strong></span> <span class='ocrx_word' id='word_1_536' title='bbox 1153 3901 1506 3974; x_wconf 84' lang='lat' dir='ltr'><strong>oppositum:</strong></span> <span class='ocrx_word' id='word_1_537' title='bbox 1556 3900 1696 3956; x_wconf 91' lang='lat' dir='ltr'><strong>nihil</strong></span> <span class='ocrx_word' id='word_1_538' title='bbox 1737 3910 1919 3957; x_wconf 90' lang='lat' dir='ltr'><strong>autem</strong></span> 
     </span>
    </p>
   </div>
   <div class='ocr_carea' id='block_1_74' title="bbox 336 3990 1924 4065">
    <p class='ocr_par' dir='ltr' id='par_1_74' title="bbox 336 3990 1924 4065">
     <span class='ocr_line' id='line_1_74' title="bbox 336 3990 1924 4065; baseline 0.003 -21"><span class='ocrx_word' id='word_1_539' title='bbox 336 3991 392 4045; x_wconf 90' lang='lat' dir='ltr'><strong>in</strong></span> <span class='ocrx_word' id='word_1_540' title='bbox 417 3990 675 4046; x_wconf 88' lang='lat' dir='ltr'><strong>universo</strong></span> <span class='ocrx_word' id='word_1_541' title='bbox 718 3990 1017 4048; x_wconf 79' lang='lat' dir='ltr'><strong>infaustum</strong></span> <span class='ocrx_word' id='word_1_542' title='bbox 1049 4003 1104 4048; x_wconf 90' lang='lat' dir='ltr'><strong>et</strong></span> <span class='ocrx_word' id='word_1_543' title='bbox 1144 3993 1291 4050; x_wconf 87' lang='lat' dir='ltr'><strong>bono</strong></span> <span class='ocrx_word' id='word_1_544' title='bbox 1326 3994 1637 4065; x_wconf 83' lang='lat' dir='ltr'><strong>oppositum</strong></span> <span class='ocrx_word' id='word_1_545' title='bbox 1661 4000 1765 4052; x_wconf 87' lang='lat' dir='ltr'><strong>est.</strong></span> <span class='ocrx_word' id='word_1_546' title='bbox 1800 3992 1924 4049; x_wconf 91' lang='lat' dir='ltr'><strong>0m-</strong></span> 
     </span>
    </p>
   </div>
   <div class='ocr_carea' id='block_1_75' title="bbox 339 4082 1918 4155">
    <p class='ocr_par' dir='ltr' id='par_1_75' title="bbox 339 4082 1918 4155">
     <span class='ocr_line' id='line_1_75' title="bbox 339 4082 1918 4155; baseline 0.004 -18"><span class='ocrx_word' id='word_1_547' title='bbox 339 4082 430 4137; x_wconf 89' lang='lat' dir='ltr'><strong>nia</strong></span> <span class='ocrx_word' id='word_1_548' title='bbox 459 4083 629 4148; x_wconf 89' lang='lat' dir='ltr'><strong>enim,</strong></span> <span class='ocrx_word' id='word_1_549' title='bbox 657 4083 866 4154; x_wconf 91' lang='lat' dir='ltr'><strong>inquit,</strong></span> <span class='ocrx_word' id='word_1_550' title='bbox 922 4095 980 4139; x_wconf 90' lang='lat' dir='ltr'><strong>tu</strong></span> <span class='ocrx_word' id='word_1_551' title='bbox 1016 4087 1239 4142; x_wconf 87' lang='lat' dir='ltr'><strong>creasti.</strong></span> <span class='ocrx_word' id='word_1_552' title='bbox 1275 4086 1394 4143; x_wconf 89' lang='lat' dir='ltr'><strong>Duo</strong></span> <span class='ocrx_word' id='word_1_553' title='bbox 1441 4096 1622 4143; x_wconf 88' lang='lat' dir='ltr'><strong>autem</strong></span> <span class='ocrx_word' id='word_1_554' title='bbox 1667 4096 1882 4143; x_wconf 89' lang='lat' dir='ltr'><strong>montes</strong></span> <span class='ocrx_word' id='word_1_555' title='bbox 1904 4129 1918 4155; x_wconf 93' lang='lat'><strong>,</strong></span> 
     </span>
    </p>
   </div>
   <div class='ocr_carea' id='block_1_76' title="bbox 348 4169 1923 4248">
    <p class='ocr_par' dir='ltr' id='par_1_76' title="bbox 348 4169 1923 4248">
     <span class='ocr_line' id='line_1_76' title="bbox 348 4169 1923 4248; baseline 0.007 -24"><span class='ocrx_word' id='word_1_556' title='bbox 348 4169 558 4226; x_wconf 84' lang='lat' dir='ltr'><strong>l‘habor</strong></span> <span class='ocrx_word' id='word_1_557' title='bbox 585 4181 640 4227; x_wconf 90' lang='lat' dir='ltr'><strong>et</strong></span> <span class='ocrx_word' id='word_1_558' title='bbox 662 4171 921 4238; x_wconf 75' lang='lat' dir='ltr'><strong>Harmon,</strong></span> <span class='ocrx_word' id='word_1_559' title='bbox 960 4189 1058 4244; x_wconf 90' lang='lat' dir='ltr'><strong>per</strong></span> <span class='ocrx_word' id='word_1_560' title='bbox 1091 4176 1473 4232; x_wconf 83' lang='lat' dir='ltr'><strong>excellentiam</strong></span> <span class='ocrx_word' id='word_1_561' title='bbox 1504 4186 1702 4248; x_wconf 77' lang='lat' dir='ltr'><strong>praeter</strong></span> <span class='ocrx_word' id='word_1_562' title='bbox 1729 4193 1923 4235; x_wconf 90' lang='lat' dir='ltr'><strong>omnes</strong></span> 
     </span>
    </p>
   </div>
   <div class='ocr_carea' id='block_1_77' title="bbox 341 4260 1923 4325">
    <p class='ocr_par' dir='ltr' id='par_1_77' title="bbox 341 4260 1923 4325">
     <span class='ocr_line' id='line_1_77' title="bbox 341 4260 1923 4325; baseline 0.005 -10"><span class='ocrx_word' id='word_1_563' title='bbox 341 4260 477 4315; x_wconf 85' lang='lat' dir='ltr'><strong>alios</strong></span> <span class='ocrx_word' id='word_1_564' title='bbox 509 4262 797 4317; x_wconf 89' lang='lat' dir='ltr'><strong>memorati</strong></span> <span class='ocrx_word' id='word_1_565' title='bbox 831 4271 996 4319; x_wconf 88' lang='lat' dir='ltr'><strong>sunt:</strong></span> <span class='ocrx_word' id='word_1_566' title='bbox 1031 4266 1234 4320; x_wconf 88' lang='lat' dir='ltr'><strong>etenim</strong></span> <span class='ocrx_word' id='word_1_567' title='bbox 1266 4266 1321 4321; x_wconf 88' lang='lat' dir='ltr'><strong>hi</strong></span> <span class='ocrx_word' id='word_1_568' title='bbox 1371 4267 1425 4322; x_wconf 93' lang='lat' dir='ltr'><strong>in</strong></span> <span class='ocrx_word' id='word_1_569' title='bbox 1453 4268 1675 4324; x_wconf 88' lang='lat' dir='ltr'><strong>nomine</strong></span> <span class='ocrx_word' id='word_1_570' title='bbox 1703 4277 1797 4323; x_wconf 89' lang='lat' dir='ltr'><strong>tuo</strong></span> <span class='ocrx_word' id='word_1_571' title='bbox 1823 4285 1923 4325; x_wconf 81' lang='lat' dir='ltr'><strong>ex-</strong></span> 
     </span>
    </p>
   </div>
   <div class='ocr_carea' id='block_1_78' title="bbox 2024 3262 3634 3336">
    <p class='ocr_par' dir='ltr' id='par_1_78' title="bbox 2024 3262 3634 3336">
     <span class='ocr_line' id='line_1_78' title="bbox 2024 3262 3634 3336; baseline 0 -21"><span class='ocrx_word' id='word_1_572' title='bbox 2024 3262 2183 3316; x_wconf 81' lang='grc' dir='ltr'>πέναι</span> <span class='ocrx_word' id='word_1_573' title='bbox 2210 3262 2312 3335; x_wconf 80' lang='grc' dir='ltr'>τὴν</span> <span class='ocrx_word' id='word_1_574' title='bbox 2338 3262 2446 3316; x_wconf 85' lang='grc' dir='ltr'><strong>τῶν</strong></span> <span class='ocrx_word' id='word_1_575' title='bbox 2470 3263 2630 3317; x_wconf 76' lang='grc' dir='ltr'>θείων</span> <span class='ocrx_word' id='word_1_576' title='bbox 2663 3264 2896 3336; x_wconf 80' lang='grc' dir='ltr'>Γραφῶν</span> <span class='ocrx_word' id='word_1_577' title='bbox 2932 3263 3299 3319; x_wconf 74' lang='grc' dir='ltr'>διδασκαλίαν.</span> <span class='ocrx_word' id='word_1_578' title='bbox 3328 3263 3414 3316; x_wconf 82' lang='grc' dir='ltr'>Τά</span> <span class='ocrx_word' id='word_1_579' title='bbox 3437 3263 3634 3316; x_wconf 75' lang='grc' dir='ltr'>πάντα</span> 
     </span>
    </p>
   </div>
   <div class='ocr_carea' id='block_1_79' title="bbox 2023 3355 3627 3429">
    <p class='ocr_par' dir='ltr' id='par_1_79' title="bbox 2023 3355 3627 3429">
     <span class='ocr_line' id='line_1_79' title="bbox 2023 3355 3627 3429; baseline -0.001 -19"><span class='ocrx_word' id='word_1_580' title='bbox 2023 3355 2154 3429; x_wconf 87' lang='grc' dir='ltr'>γὰρ,</span> <span class='ocrx_word' id='word_1_581' title='bbox 2182 3357 2335 3428; x_wconf 77' lang='grc' dir='ltr'>φησί,</span> <span class='ocrx_word' id='word_1_582' title='bbox 2369 3357 2433 3411; x_wconf 81' lang='grc' dir='ltr'>σὺ</span> <span class='ocrx_word' id='word_1_583' title='bbox 2455 3355 2697 3421; x_wconf 73' lang='grc' dir='ltr'>ἔκτισας,</span> <span class='ocrx_word' id='word_1_584' title='bbox 2724 3357 2796 3412; x_wconf 85' lang='grc' dir='ltr'><strong>τά</strong></span> <span class='ocrx_word' id='word_1_585' title='bbox 2822 3375 2882 3411; x_wconf 89' lang='grc' dir='ltr'><strong>τε</strong></span> <span class='ocrx_word' id='word_1_586' title='bbox 2912 3356 3062 3423; x_wconf 79' lang='grc' dir='ltr'>δεξιὰ</span> <span class='ocrx_word' id='word_1_587' title='bbox 3084 3357 3181 3411; x_wconf 80' lang='grc' dir='ltr'>τοῦ</span> <span class='ocrx_word' id='word_1_588' title='bbox 3206 3355 3415 3426; x_wconf 87' lang='grc' dir='ltr'>κόσμου</span> <span class='ocrx_word' id='word_1_589' title='bbox 3448 3356 3627 3427; x_wconf 77' lang='grc' dir='ltr'>μέρη,</span> 
     </span>
    </p>
   </div>
   <div class='ocr_carea' id='block_1_80' title="bbox 2025 3445 3633 3521">
    <p class='ocr_par' dir='ltr' id='par_1_80' title="bbox 2025 3445 3633 3521">
     <span class='ocr_line' id='line_1_80' title="bbox 2025 3445 3633 3521; baseline -0.003 -20"><span class='ocrx_word' id='word_1_590' title='bbox 2025 3447 2120 3501; x_wconf 80' lang='grc' dir='ltr'>καὶ</span> <span class='ocrx_word' id='word_1_591' title='bbox 2151 3446 2221 3500; x_wconf 82' lang='grc' dir='ltr'>τὰ</span> <span class='ocrx_word' id='word_1_592' title='bbox 2248 3447 2533 3519; x_wconf 82' lang='grc' dir='ltr'>ἀριστερά.</span> <span class='ocrx_word' id='word_1_593' title='bbox 2580 3446 2740 3501; x_wconf 81' lang='grc' dir='ltr'>Ἀλλὰ</span> <span class='ocrx_word' id='word_1_594' title='bbox 2766 3448 2836 3502; x_wconf 82' lang='grc' dir='ltr'>τὰ</span> <span class='ocrx_word' id='word_1_595' title='bbox 2860 3449 2959 3521; x_wconf 83' lang='grc' dir='ltr'>μὲν</span> <span class='ocrx_word' id='word_1_596' title='bbox 2980 3446 3130 3514; x_wconf 79' lang='grc' dir='ltr'>δεξιὰ</span> <span class='ocrx_word' id='word_1_597' title='bbox 3158 3445 3419 3517; x_wconf 77' lang='grc' dir='ltr'>ὀνομαστὶ</span> <span class='ocrx_word' id='word_1_598' title='bbox 3442 3461 3633 3517; x_wconf 80' lang='grc' dir='ltr'>προσ-</span> 
     </span>
    </p>
   </div>
   <div class='ocr_carea' id='block_1_81' title="bbox 2026 3535 3631 3620">
    <p class='ocr_par' dir='ltr' id='par_1_81' title="bbox 2026 3535 3631 3620">
     <span class='ocr_line' id='line_1_81' title="bbox 2026 3535 3631 3620; baseline -0.004 -27"><span class='ocrx_word' id='word_1_599' title='bbox 2026 3541 2199 3604; x_wconf 80' lang='grc' dir='ltr'>εῖπεν,</span> <span class='ocrx_word' id='word_1_600' title='bbox 2223 3538 2527 3609; x_wconf 76' lang='grc' dir='ltr'>ἐφυλάξατο</span> <span class='ocrx_word' id='word_1_601' title='bbox 2545 3539 2603 3593; x_wconf 82' lang='grc' dir='ltr'>δὲ</span> <span class='ocrx_word' id='word_1_602' title='bbox 2623 3540 2928 3620; x_wconf 66' lang='grc' dir='ltr'>χρῄσασθαι</span> <span class='ocrx_word' id='word_1_603' title='bbox 2956 3540 3033 3611; x_wconf 84' lang='grc' dir='ltr'>τῷ</span> <span class='ocrx_word' id='word_1_604' title='bbox 3062 3538 3156 3593; x_wconf 79' lang='grc' dir='ltr'><strong>τοῦ</strong></span> <span class='ocrx_word' id='word_1_605' title='bbox 3182 3535 3476 3610; x_wconf 77' lang='grc' dir='ltr'>ἀριστεροῦ</span> <span class='ocrx_word' id='word_1_606' title='bbox 3506 3536 3631 3588; x_wconf 72' lang='grc' dir='ltr'>ὀνό-</span> 
     </span>
    </p>
   </div>
   <div class='ocr_carea' id='block_1_82' title="bbox 2030 3626 3634 3704">
    <p class='ocr_par' dir='ltr' id='par_1_82' title="bbox 2030 3626 3634 3704">
     <span class='ocr_line' id='line_1_82' title="bbox 2030 3626 3634 3704; baseline -0.004 -17"><span class='ocrx_word' id='word_1_607' title='bbox 2030 3649 2179 3703; x_wconf 81' lang='grc' dir='ltr'>ματι.</span> <span class='ocrx_word' id='word_1_608' title='bbox 2211 3631 2303 3685; x_wconf 85' lang='grc' dir='ltr'><strong>Διὸ</strong></span> <span class='ocrx_word' id='word_1_609' title='bbox 2333 3631 2584 3688; x_wconf 84' lang='grc' dir='ltr'>λέλεκται</span> <span class='ocrx_word' id='word_1_610' title='bbox 2615 3635 2759 3689; x_wconf 78' lang='grc' dir='ltr'>κατὰ</span> <span class='ocrx_word' id='word_1_611' title='bbox 2785 3633 2877 3687; x_wconf 80' lang='grc' dir='ltr'><strong>τὸν</strong></span> <span class='ocrx_word' id='word_1_612' title='bbox 2904 3632 3221 3704; x_wconf 81' lang='grc' dir='ltr'>Σύμμαχον,</span> <span class='ocrx_word' id='word_1_613' title='bbox 3259 3631 3365 3696; x_wconf 80' lang='grc' dir='ltr'>Εἰς</span> <span class='ocrx_word' id='word_1_614' title='bbox 3382 3626 3634 3696; x_wconf 69' lang='grc' dir='ltr'><strong>,ϐοῤῥᾰν</strong></span> 
     </span>
    </p>
   </div>
   <div class='ocr_carea' id='block_1_83' title="bbox 2026 3720 3628 3794">
    <p class='ocr_par' dir='ltr' id='par_1_83' title="bbox 2026 3720 3628 3794">
     <span class='ocr_line' id='line_1_83' title="bbox 2026 3720 3628 3794; baseline -0.004 -16"><span class='ocrx_word' id='word_1_615' title='bbox 2026 3724 2125 3779; x_wconf 78' lang='grc' dir='ltr'>καὶ</span> <span class='ocrx_word' id='word_1_616' title='bbox 2175 3723 2382 3790; x_wconf 76' lang='grc' dir='ltr'>δεξιὰν</span> <span class='ocrx_word' id='word_1_617' title='bbox 2422 3724 2506 3779; x_wconf 86' lang='grc' dir='ltr'>σὺ</span> <span class='ocrx_word' id='word_1_618' title='bbox 2551 3726 2798 3794; x_wconf 67' lang='grc' dir='ltr'>ἔκτισας</span> <span class='ocrx_word' id='word_1_619' title='bbox 2816 3742 2831 3758; x_wconf 92' lang='grc'><strong>·</strong></span> <span class='ocrx_word' id='word_1_620' title='bbox 2882 3727 2977 3779; x_wconf 77' lang='grc' dir='ltr'><strong>καὶ</strong></span> <span class='ocrx_word' id='word_1_621' title='bbox 3016 3723 3159 3779; x_wconf 82' lang='grc' dir='ltr'>κατὰ</span> <span class='ocrx_word' id='word_1_622' title='bbox 3208 3722 3302 3776; x_wconf 82' lang='grc' dir='ltr'>τὸν</span> <span class='ocrx_word' id='word_1_623' title='bbox 3363 3720 3628 3781; x_wconf 82' lang='grc' dir='ltr'>Ἀκύλαν,</span> 
     </span>
    </p>
   </div>
   <div class='ocr_carea' id='block_1_84' title="bbox 2027 3811 3630 3886">
    <p class='ocr_par' dir='ltr' id='par_1_84' title="bbox 2027 3811 3630 3886">
     <span class='ocr_line' id='line_1_84' title="bbox 2027 3811 3630 3886; baseline -0.004 -15"><span class='ocrx_word' id='word_1_624' title='bbox 2027 3815 2262 3886; x_wconf 76' lang='grc' dir='ltr'><strong>Βοῤῥᾶν</strong></span> <span class='ocrx_word' id='word_1_625' title='bbox 2296 3817 2395 3872; x_wconf 72' lang='grc' dir='ltr'>καὶ</span> <span class='ocrx_word' id='word_1_626' title='bbox 2423 3816 2631 3882; x_wconf 79' lang='grc' dir='ltr'>δεξιὰν</span> <span class='ocrx_word' id='word_1_627' title='bbox 2657 3817 2739 3873; x_wconf 85' lang='grc' dir='ltr'>σὺ</span> <span class='ocrx_word' id='word_1_628' title='bbox 2766 3820 3035 3883; x_wconf 75' lang='grc' dir='ltr'>ἔκτισας.</span> <span class='ocrx_word' id='word_1_629' title='bbox 3077 3817 3145 3869; x_wconf 84' lang='grc' dir='ltr'><strong>Ἦ</strong></span> <span class='ocrx_word' id='word_1_630' title='bbox 3169 3814 3229 3868; x_wconf 85' lang='grc' dir='ltr'>δὲ</span> <span class='ocrx_word' id='word_1_631' title='bbox 3266 3812 3498 3885; x_wconf 76' lang='grc' dir='ltr'>πέμπτη</span> <span class='ocrx_word' id='word_1_632' title='bbox 3535 3811 3630 3864; x_wconf 78' lang='grc' dir='ltr'><strong>ἐκ-</strong></span> 
     </span>
    </p>
   </div>
   <div class='ocr_carea' id='block_1_85' title="bbox 2025 3907 3629 3985">
    <p class='ocr_par' dir='ltr' id='par_1_85' title="bbox 2025 3907 3629 3985">
     <span class='ocr_line' id='line_1_85' title="bbox 2025 3907 3629 3985; baseline -0.005 -20"><span class='ocrx_word' id='word_1_633' title='bbox 2025 3911 2172 3975; x_wconf 82' lang='grc' dir='ltr'>δοσις</span> <span class='ocrx_word' id='word_1_634' title='bbox 2216 3910 2550 3984; x_wconf 79' lang='grc' dir='ltr'>σαφέστερον</span> <span class='ocrx_word' id='word_1_635' title='bbox 2590 3913 2905 3985; x_wconf 83' lang='grc' dir='ltr'>ἡρμήνευσε</span> <span class='ocrx_word' id='word_1_636' title='bbox 2934 3911 3060 3966; x_wconf 85' lang='grc' dir='ltr'>τίνα</span> <span class='ocrx_word' id='word_1_637' title='bbox 3095 3908 3165 3962; x_wconf 83' lang='grc' dir='ltr'>τὰ</span> <span class='ocrx_word' id='word_1_638' title='bbox 3196 3907 3348 3972; x_wconf 82' lang='grc' dir='ltr'>δεξιὰ</span> <span class='ocrx_word' id='word_1_639' title='bbox 3377 3909 3629 3977; x_wconf 69' lang='grc' dir='ltr'>φήσασα.</span> 
     </span>
    </p>
   </div>
   <div class='ocr_carea' id='block_1_86' title="bbox 2027 3997 3629 4073">
    <p class='ocr_par' dir='ltr' id='par_1_86' title="bbox 2027 3997 3629 4073">
     <span class='ocr_line' id='line_1_86' title="bbox 2027 3997 3629 4073; baseline -0.006 -16"><span class='ocrx_word' id='word_1_640' title='bbox 2027 4002 2261 4073; x_wconf 68' lang='grc' dir='ltr'>Βορῤᾶν</span> <span class='ocrx_word' id='word_1_641' title='bbox 2302 4003 2403 4057; x_wconf 75' lang='grc' dir='ltr'>καὶ</span> <span class='ocrx_word' id='word_1_642' title='bbox 2449 4003 2632 4058; x_wconf 82' lang='grc' dir='ltr'>νότον</span> <span class='ocrx_word' id='word_1_643' title='bbox 2676 4003 2760 4058; x_wconf 89' lang='grc' dir='ltr'>σὺ</span> <span class='ocrx_word' id='word_1_644' title='bbox 2810 4002 3078 4069; x_wconf 80' lang='grc' dir='ltr'>ἔκτισας.</span> <span class='ocrx_word' id='word_1_645' title='bbox 3130 3999 3207 4054; x_wconf 72' lang='grc' dir='ltr'><strong>Τὸ</strong></span> <span class='ocrx_word' id='word_1_646' title='bbox 3246 3999 3292 4052; x_wconf 85' lang='grc' dir='ltr'>δ’</span> <span class='ocrx_word' id='word_1_647' title='bbox 3334 3997 3629 4071; x_wconf 71' lang='grc' dir='ltr'>ἀριστερὸν</span> 
     </span>
    </p>
   </div>
   <div class='ocr_carea' id='block_1_87' title="bbox 2029 4089 3627 4169">
    <p class='ocr_par' dir='ltr' id='par_1_87' title="bbox 2029 4089 3627 4169">
     <span class='ocr_line' id='line_1_87' title="bbox 2029 4089 3627 4169; baseline -0.004 -20"><span class='ocrx_word' id='word_1_648' title='bbox 2029 4095 2207 4165; x_wconf 87' lang='grc' dir='ltr'>πάντη</span> <span class='ocrx_word' id='word_1_649' title='bbox 2238 4095 2576 4167; x_wconf 82' lang='grc' dir='ltr'>σεσιώπηται</span> <span class='ocrx_word' id='word_1_650' title='bbox 2605 4095 2755 4169; x_wconf 74' lang='grc' dir='ltr'>παρὰ</span> <span class='ocrx_word' id='word_1_651' title='bbox 2781 4097 2897 4160; x_wconf 77' lang='grc' dir='ltr'>τοῖς</span> <span class='ocrx_word' id='word_1_652' title='bbox 2927 4097 3081 4159; x_wconf 83' lang='grc' dir='ltr'>πᾶσι,</span> <span class='ocrx_word' id='word_1_653' title='bbox 3106 4094 3193 4148; x_wconf 79' lang='grc' dir='ltr'><strong>διὰ</strong></span> <span class='ocrx_word' id='word_1_654' title='bbox 3217 4093 3278 4145; x_wconf 86' lang='grc' dir='ltr'><strong>τὺ</strong></span> <span class='ocrx_word' id='word_1_655' title='bbox 3306 4089 3627 4162; x_wconf 71' lang='grc' dir='ltr'>νομίζεσθαι</span> 
     </span>
    </p>
   </div>
   <div class='ocr_carea' id='block_1_88' title="bbox 2031 4179 3628 4258">
    <p class='ocr_par' dir='ltr' id='par_1_88' title="bbox 2031 4179 3628 4258">
     <span class='ocr_line' id='line_1_88' title="bbox 2031 4179 3628 4258; baseline -0.004 -17"><span class='ocrx_word' id='word_1_656' title='bbox 2031 4188 2220 4242; x_wconf 80' lang='grc' dir='ltr'>σκαιὸν</span> <span class='ocrx_word' id='word_1_657' title='bbox 2250 4184 2390 4241; x_wconf 79' lang='grc' dir='ltr'>εἶναι</span> <span class='ocrx_word' id='word_1_658' title='bbox 2429 4189 2524 4243; x_wconf 71' lang='grc' dir='ltr'>καὶ</span> <span class='ocrx_word' id='word_1_659' title='bbox 2558 4188 2799 4242; x_wconf 81' lang='grc' dir='ltr'>ὲναντίον</span> <span class='ocrx_word' id='word_1_660' title='bbox 2827 4186 2906 4258; x_wconf 81' lang='grc' dir='ltr'>τῷ</span> <span class='ocrx_word' id='word_1_661' title='bbox 2945 4185 3123 4256; x_wconf 80' lang='grc' dir='ltr'><strong>δεξιῷ·</strong></span> <span class='ocrx_word' id='word_1_662' title='bbox 3168 4183 3323 4238; x_wconf 73' lang='grc' dir='ltr'>οὐδὲν</span> <span class='ocrx_word' id='word_1_663' title='bbox 3352 4182 3411 4235; x_wconf 84' lang='grc' dir='ltr'>δὲ</span> <span class='ocrx_word' id='word_1_664' title='bbox 3452 4183 3511 4234; x_wconf 78' lang='grc' dir='ltr'>ἐν</span> <span class='ocrx_word' id='word_1_665' title='bbox 3549 4179 3628 4250; x_wconf 77' lang='grc' dir='ltr'>τῷ</span> 
     </span>
    </p>
   </div>
   <div class='ocr_carea' id='block_1_89' title="bbox 2031 4274 3631 4351">
    <p class='ocr_par' dir='ltr' id='par_1_89' title="bbox 2031 4274 3631 4351">
     <span class='ocr_line' id='line_1_89' title="bbox 2031 4274 3631 4351; baseline -0.005 -19"><span class='ocrx_word' id='word_1_666' title='bbox 2031 4279 2193 4333; x_wconf 82' lang='grc' dir='ltr'>παντί</span> <span class='ocrx_word' id='word_1_667' title='bbox 2226 4280 2435 4343; x_wconf 78' lang='grc' dir='ltr'>σκαιὸν,</span> <span class='ocrx_word' id='word_1_668' title='bbox 2485 4280 2608 4333; x_wconf 83' lang='grc' dir='ltr'>οὐδὲ</span> <span class='ocrx_word' id='word_1_669' title='bbox 2653 4278 2732 4351; x_wconf 82' lang='grc' dir='ltr'>τῷ</span> <span class='ocrx_word' id='word_1_670' title='bbox 2778 4278 2928 4350; x_wconf 87' lang='grc' dir='ltr'>καλῷ</span> <span class='ocrx_word' id='word_1_671' title='bbox 2973 4276 3237 4332; x_wconf 80' lang='grc' dir='ltr'>ἐναντίον.</span> <span class='ocrx_word' id='word_1_672' title='bbox 3290 4274 3481 4328; x_wconf 82' lang='grc' dir='ltr'>Πάντα</span> <span class='ocrx_word' id='word_1_673' title='bbox 3525 4274 3631 4343; x_wconf 78' lang='grc' dir='ltr'>μὲν</span> 
     </span>
    </p>
   </div>
   <div class='ocr_carea' id='block_1_90' title="bbox 340 4350 1925 4425">
    <p class='ocr_par' dir='ltr' id='par_1_90' title="bbox 340 4350 1925 4425">
     <span class='ocr_line' id='line_1_90' title="bbox 340 4350 1925 4425; baseline 0.005 -19"><span class='ocrx_word' id='word_1_674' title='bbox 340 4351 645 4408; x_wconf 85' lang='lat' dir='ltr'><strong>sultabunt.</strong></span> <span class='ocrx_word' id='word_1_675' title='bbox 708 4350 1023 4408; x_wconf 83' lang='lat' dir='ltr'><strong>Secundum</strong></span> <span class='ocrx_word' id='word_1_676' title='bbox 1080 4354 1335 4425; x_wconf 85' lang='lat' dir='ltr'><strong>Aquilam</strong></span> <span class='ocrx_word' id='word_1_677' title='bbox 1379 4371 1550 4422; x_wconf 87' lang='lat' dir='ltr'><strong>vero,</strong></span> <span class='ocrx_word' id='word_1_678' title='bbox 1614 4358 1825 4413; x_wconf 80' lang='lat' dir='ltr'><strong>Thabor</strong></span> <span class='ocrx_word' id='word_1_679' title='bbox 1873 4369 1925 4414; x_wconf 86' lang='lat' dir='ltr'><strong>et</strong></span> 
     </span>
    </p>
   </div>
   <div class='ocr_carea' id='block_1_91' title="bbox 2029 4364 3627 4444">
    <p class='ocr_par' dir='ltr' id='par_1_91' title="bbox 2029 4364 3627 4444">
     <span class='ocr_line' id='line_1_91' title="bbox 2029 4364 3627 4444; baseline -0.005 -19"><span class='ocrx_word' id='word_1_680' title='bbox 2029 4366 2142 4436; x_wconf 77' lang='grc' dir='ltr'>οὖν,</span> <span class='ocrx_word' id='word_1_681' title='bbox 2174 4372 2329 4444; x_wconf 77' lang='grc' dir='ltr'>φησί,</span> <span class='ocrx_word' id='word_1_682' title='bbox 2357 4373 2422 4426; x_wconf 78' lang='grc' dir='ltr'>σὺ</span> <span class='ocrx_word' id='word_1_683' title='bbox 2447 4373 2690 4437; x_wconf 72' lang='grc' dir='ltr'>ἔκτισας.</span> <span class='ocrx_word' id='word_1_684' title='bbox 2729 4373 2870 4442; x_wconf 82' lang='grc' dir='ltr'>Ὄρη</span> <span class='ocrx_word' id='word_1_685' title='bbox 2900 4371 2958 4424; x_wconf 77' lang='grc' dir='ltr'>δὲ</span> <span class='ocrx_word' id='word_1_686' title='bbox 2985 4369 3099 4434; x_wconf 85' lang='grc' dir='ltr'>δύο,</span> <span class='ocrx_word' id='word_1_687' title='bbox 3131 4368 3193 4421; x_wconf 84' lang='grc' dir='ltr'><strong>τὺ</strong></span> <span class='ocrx_word' id='word_1_688' title='bbox 3217 4366 3421 4439; x_wconf 85' lang='grc' dir='ltr'>Θαϐὼρ</span> <span class='ocrx_word' id='word_1_689' title='bbox 3447 4366 3542 4418; x_wconf 72' lang='grc' dir='ltr'><strong>καί⁵</strong></span> <span class='ocrx_word' id='word_1_690' title='bbox 3567 4364 3627 4417; x_wconf 71' lang='grc' dir='ltr'>τὸ</span> 
     </span>
    </p>
   </div>
   <div class='ocr_carea' id='block_1_92' title="bbox 343 4441 1924 4524">
    <p class='ocr_par' dir='ltr' id='par_1_92' title="bbox 343 4441 1924 4524">
     <span class='ocr_line' id='line_1_92' title="bbox 343 4441 1924 4524; baseline 0.006 -26"><span class='ocrx_word' id='word_1_691' title='bbox 343 4441 579 4498; x_wconf 82' lang='lat' dir='ltr'><strong>Hermon</strong></span> <span class='ocrx_word' id='word_1_692' title='bbox 612 4444 665 4499; x_wconf 88' lang='lat' dir='ltr'><strong>in</strong></span> <span class='ocrx_word' id='word_1_693' title='bbox 692 4446 902 4501; x_wconf 83' lang='lat' dir='ltr'><strong>nomine</strong></span> <span class='ocrx_word' id='word_1_694' title='bbox 932 4455 1022 4500; x_wconf 84' lang='lat' dir='ltr'><strong>tuo</strong></span> <span class='ocrx_word' id='word_1_695' title='bbox 1055 4445 1387 4514; x_wconf 86' lang='lat' dir='ltr'><strong>laudabunt;</strong></span> <span class='ocrx_word' id='word_1_696' title='bbox 1433 4449 1735 4505; x_wconf 89' lang='lat' dir='ltr'><strong>secundum</strong></span> <span class='ocrx_word' id='word_1_697' title='bbox 1762 4449 1924 4524; x_wconf 81' lang='lat' dir='ltr'><strong>Sym-</strong></span> 
     </span>
    </p>
   </div>
   <div class='ocr_carea' id='block_1_93' title="bbox 2041 4458 3626 4535">
    <p class='ocr_par' dir='ltr' id='par_1_93' title="bbox 2041 4458 3626 4535">
     <span class='ocr_line' id='line_1_93' title="bbox 2041 4458 3626 4535; baseline -0.003 -20"><span class='ocrx_word' id='word_1_698' title='bbox 2041 4460 2259 4533; x_wconf 76' lang='grc' dir='ltr'>Ἐρμὼν</span> <span class='ocrx_word' id='word_1_699' title='bbox 2288 4462 2566 4535; x_wconf 78' lang='grc' dir='ltr'>ἐξαίρετόν</span> <span class='ocrx_word' id='word_1_700' title='bbox 2594 4480 2648 4517; x_wconf 90' lang='grc' dir='ltr'><strong>τι</strong></span> <span class='ocrx_word' id='word_1_701' title='bbox 2686 4462 2950 4533; x_wconf 76' lang='grc' dir='ltr'>κέκληται</span> <span class='ocrx_word' id='word_1_702' title='bbox 2995 4460 3147 4532; x_wconf 74' lang='grc' dir='ltr'>παρὰ</span> <span class='ocrx_word' id='word_1_703' title='bbox 3181 4459 3382 4513; x_wconf 66' lang='grc' dir='ltr'>πάνταε</span> <span class='ocrx_word' id='word_1_704' title='bbox 3412 4458 3493 4528; x_wconf 76' lang='grc' dir='ltr'><strong>τῷ</strong></span> <span class='ocrx_word' id='word_1_705' title='bbox 3516 4458 3626 4529; x_wconf 75' lang='grc' dir='ltr'>γὰρ</span> 
     </span>
    </p>
   </div>
   <div class='ocr_carea' id='block_1_94' title="bbox 342 4536 1914 4625">
    <p class='ocr_par' dir='ltr' id='par_1_94' title="bbox 342 4536 1914 4605">
     <span class='ocr_line' id='line_1_94' title="bbox 342 4536 1914 4605; baseline 0.004 -14"><span class='ocrx_word' id='word_1_706' title='bbox 342 4536 597 4591; x_wconf 87' lang='lat' dir='ltr'><strong>machum</strong></span> <span class='ocrx_word' id='word_1_707' title='bbox 632 4545 845 4605; x_wconf 88' lang='lat' dir='ltr'><strong>autem,</strong></span> <span class='ocrx_word' id='word_1_708' title='bbox 896 4538 1110 4595; x_wconf 82' lang='lat' dir='ltr'><strong>Thabor</strong></span> <span class='ocrx_word' id='word_1_709' title='bbox 1159 4549 1208 4595; x_wconf 87' lang='lat' dir='ltr'><strong>et</strong></span> <span class='ocrx_word' id='word_1_710' title='bbox 1258 4540 1494 4597; x_wconf 84' lang='lat' dir='ltr'><strong>Hermon</strong></span> <span class='ocrx_word' id='word_1_711' title='bbox 1553 4559 1743 4598; x_wconf 89' lang='lat' dir='ltr'><strong>nomen</strong></span> <span class='ocrx_word' id='word_1_712' title='bbox 1777 4552 1914 4598; x_wconf 82' lang='lat' dir='ltr'><strong>tuum</strong></span> 
     </span>
    </p>
   </div>
   <div class='ocr_carea' id='block_1_95' title="bbox 2041 4536 3622 4625">
    <p class='ocr_par' dir='ltr' id='par_1_95' title="bbox 2041 4548 3622 4625">
     <span class='ocr_line' id='line_1_95' title="bbox 2041 4548 3622 4625; baseline -0.003 -19"><span class='ocrx_word' id='word_1_713' title='bbox 2041 4553 2254 4625; x_wconf 73' lang='grc' dir='ltr'>ὀνόματι</span> <span class='ocrx_word' id='word_1_714' title='bbox 2280 4572 2374 4608; x_wconf 90' lang='grc' dir='ltr'><strong>σου</strong></span> <span class='ocrx_word' id='word_1_715' title='bbox 2401 4554 2573 4608; x_wconf 77' lang='grc' dir='ltr'>ταῦτα</span> <span class='ocrx_word' id='word_1_716' title='bbox 2598 4554 3041 4624; x_wconf 80' lang='grc' dir='ltr'>ἁγαλλιάσονται.</span> <span class='ocrx_word' id='word_1_717' title='bbox 3069 4551 3227 4606; x_wconf 74' lang='grc' dir='ltr'>Κατὰ</span> <span class='ocrx_word' id='word_1_718' title='bbox 3252 4552 3311 4605; x_wconf 82' lang='grc' dir='ltr'>δὲ</span> <span class='ocrx_word' id='word_1_719' title='bbox 3330 4551 3425 4604; x_wconf 80' lang='grc' dir='ltr'>τὸν</span> <span class='ocrx_word' id='word_1_720' title='bbox 3463 4548 3622 4604; x_wconf 82' lang='grc' dir='ltr'>Ἀκύ-</span> 
     </span>
    </p>
   </div>
   <div class='ocr_carea' id='block_1_96' title="bbox 340 4625 1914 4715">
    <p class='ocr_par' dir='ltr' id='par_1_96' title="bbox 340 4625 1914 4700">
     <span class='ocr_line' id='line_1_96' title="bbox 340 4625 1914 4700; baseline 0.006 -21"><span class='ocrx_word' id='word_1_721' title='bbox 340 4625 698 4683; x_wconf 82' lang='lat' dir='ltr'><strong>celebrabant.</strong></span> <span class='ocrx_word' id='word_1_722' title='bbox 734 4625 942 4683; x_wconf 81' lang='lat' dir='ltr'><strong>Horum</strong></span> <span class='ocrx_word' id='word_1_723' title='bbox 989 4645 1155 4700; x_wconf 88' lang='lat' dir='ltr'><strong>porro</strong></span> <span class='ocrx_word' id='word_1_724' title='bbox 1189 4631 1456 4686; x_wconf 89' lang='lat' dir='ltr'><strong>montium</strong></span> <span class='ocrx_word' id='word_1_725' title='bbox 1502 4633 1671 4689; x_wconf 86' lang='lat' dir='ltr'><strong>variis</strong></span> <span class='ocrx_word' id='word_1_726' title='bbox 1701 4633 1755 4688; x_wconf 88' lang='lat' dir='ltr'><strong>in</strong></span> <span class='ocrx_word' id='word_1_727' title='bbox 1788 4634 1914 4689; x_wconf 65' lang='lat' dir='ltr'><strong>locis</strong></span> 
     </span>
    </p>
   </div>
   <div class='ocr_carea' id='block_1_97' title="bbox 2041 4625 3624 4715">
    <p class='ocr_par' dir='ltr' id='par_1_97' title="bbox 2041 4641 3624 4715">
     <span class='ocr_line' id='line_1_97' title="bbox 2041 4641 3624 4715; baseline -0.001 -18"><span class='ocrx_word' id='word_1_728' title='bbox 2041 4646 2150 4712; x_wconf 73' lang='grc' dir='ltr'>λαν,</span> <span class='ocrx_word' id='word_1_729' title='bbox 2197 4646 2399 4714; x_wconf 79' lang='grc' dir='ltr'><strong>Θαὸὼρ</strong></span> <span class='ocrx_word' id='word_1_730' title='bbox 2441 4646 2541 4700; x_wconf 79' lang='grc' dir='ltr'><strong>καὶ</strong></span> <span class='ocrx_word' id='word_1_731' title='bbox 2584 4646 2806 4715; x_wconf 77' lang='grc' dir='ltr'>Ἑρμῶν</span> <span class='ocrx_word' id='word_1_732' title='bbox 2834 4647 2905 4699; x_wconf 84' lang='grc' dir='ltr'>ἐν</span> <span class='ocrx_word' id='word_1_733' title='bbox 2930 4643 3013 4711; x_wconf 83' lang='grc' dir='ltr'>τῷ</span> <span class='ocrx_word' id='word_1_734' title='bbox 3048 4643 3295 4712; x_wconf 78' lang='grc' dir='ltr'>ὀνόματι</span> <span class='ocrx_word' id='word_1_735' title='bbox 3327 4656 3447 4696; x_wconf 85' lang='grc' dir='ltr'><strong>σου</strong></span> <span class='ocrx_word' id='word_1_736' title='bbox 3470 4641 3624 4695; x_wconf 77' lang='grc' dir='ltr'>αἰνέ-</span> 
     </span>
    </p>
   </div>
   <div class='ocr_carea' id='block_1_98' title="bbox 344 4718 1914 4809">
    <p class='ocr_par' dir='ltr' id='par_1_98' title="bbox 344 4718 1914 4798">
     <span class='ocr_line' id='line_1_98' title="bbox 344 4718 1914 4798; baseline 0.006 -24"><span class='ocrx_word' id='word_1_737' title='bbox 344 4719 593 4774; x_wconf 89' lang='lat' dir='ltr'><strong>meminit</strong></span> <span class='ocrx_word' id='word_1_738' title='bbox 621 4718 833 4776; x_wconf 81' lang='lat' dir='ltr'><strong>Veteris</strong></span> <span class='ocrx_word' id='word_1_739' title='bbox 881 4719 1216 4778; x_wconf 87' lang='lat' dir='ltr'><strong>Testamenti</strong></span> <span class='ocrx_word' id='word_1_740' title='bbox 1264 4723 1498 4779; x_wconf 88' lang='lat' dir='ltr'><strong>historia</strong></span> <span class='ocrx_word' id='word_1_741' title='bbox 1525 4764 1541 4790; x_wconf 91' lang='lat'><strong>,</strong></span> <span class='ocrx_word' id='word_1_742' title='bbox 1578 4725 1914 4798; x_wconf 74' lang='lat' dir='ltr'><strong>arbitrorqut</strong></span> 
     </span>
    </p>
   </div>
   <div class='ocr_carea' id='block_1_99' title="bbox 2041 4718 3623 4809">
    <p class='ocr_par' dir='ltr' id='par_1_99' title="bbox 2041 4732 3623 4809">
     <span class='ocr_line' id='line_1_99' title="bbox 2041 4732 3623 4809; baseline -0.005 -18"><span class='ocrx_word' id='word_1_743' title='bbox 2041 4753 2242 4793; x_wconf 81' lang='lat' dir='ltr'><strong>D&#39;O‘UO&#39;t&#39;</strong></span> <span class='ocrx_word' id='word_1_744' title='bbox 2275 4738 2418 4792; x_wconf 82' lang='grc' dir='ltr'>κατὰ</span> <span class='ocrx_word' id='word_1_745' title='bbox 2450 4738 2509 4793; x_wconf 83' lang='grc' dir='ltr'>δὲ</span> <span class='ocrx_word' id='word_1_746' title='bbox 2538 4739 2629 4791; x_wconf 76' lang='grc' dir='ltr'>τὸν</span> <span class='ocrx_word' id='word_1_747' title='bbox 2665 4736 2980 4809; x_wconf 83' lang='grc' dir='ltr'>Σύμμαχον,</span> <span class='ocrx_word' id='word_1_748' title='bbox 3015 4734 3220 4804; x_wconf 77' lang='grc' dir='ltr'>Θαϐὼρ</span> <span class='ocrx_word' id='word_1_749' title='bbox 3251 4734 3351 4787; x_wconf 76' lang='grc' dir='ltr'>καὶ</span> <span class='ocrx_word' id='word_1_750' title='bbox 3387 4732 3460 4786; x_wconf 80' lang='grc' dir='ltr'>τὸ</span> <span class='ocrx_word' id='word_1_751' title='bbox 3507 4734 3623 4799; x_wconf 76' lang='grc' dir='ltr'><strong>Ἑρ-</strong></span> 
     </span>
    </p>
   </div>
   <div class='ocr_carea' id='block_1_100' title="bbox 341 4812 1914 4899">
    <p class='ocr_par' dir='ltr' id='par_1_100' title="bbox 341 4812 1908 4876">
     <span class='ocr_line' id='line_1_100' title="bbox 341 4812 1908 4876; baseline 0.004 -9"><span class='ocrx_word' id='word_1_752' title='bbox 341 4812 430 4867; x_wconf 88' lang='lat' dir='ltr'><strong>his</strong></span> <span class='ocrx_word' id='word_1_753' title='bbox 466 4812 524 4868; x_wconf 91' lang='lat' dir='ltr'><strong>in</strong></span> <span class='ocrx_word' id='word_1_754' title='bbox 572 4814 853 4869; x_wconf 87' lang='lat' dir='ltr'><strong>montibus</strong></span> <span class='ocrx_word' id='word_1_755' title='bbox 899 4815 1183 4872; x_wconf 89' lang='lat' dir='ltr'><strong>mirabiles</strong></span> <span class='ocrx_word' id='word_1_756' title='bbox 1232 4816 1356 4871; x_wconf 91' lang='lat' dir='ltr'><strong>illas</strong></span> <span class='ocrx_word' id='word_1_757' title='bbox 1407 4814 1709 4873; x_wconf 90' lang='lat' dir='ltr'><strong>Salvatoris</strong></span> <span class='ocrx_word' id='word_1_758' title='bbox 1751 4827 1908 4876; x_wconf 89' lang='lat' dir='ltr'><strong>nostr</strong></span> 
     </span>
    </p>
   </div>
   <div class='ocr_carea' id='block_1_101' title="bbox 2041 4812 3623 4899">
    <p class='ocr_par' dir='ltr' id='par_1_101' title="bbox 2041 4822 3623 4899">
     <span class='ocr_line' id='line_1_101' title="bbox 2041 4822 3623 4899; baseline -0.007 -14"><span class='ocrx_word' id='word_1_759' title='bbox 2041 4829 2161 4897; x_wconf 76' lang='grc' dir='ltr'>ιιὼν</span> <span class='ocrx_word' id='word_1_760' title='bbox 2188 4830 2256 4883; x_wconf 81' lang='grc' dir='ltr'>τὸ</span> <span class='ocrx_word' id='word_1_761' title='bbox 2287 4829 2476 4899; x_wconf 81' lang='grc' dir='ltr'>ὄνομά</span> <span class='ocrx_word' id='word_1_762' title='bbox 2511 4844 2630 4883; x_wconf 83' lang='grc' dir='ltr'><strong>σου</strong></span> <span class='ocrx_word' id='word_1_763' title='bbox 2674 4827 3122 4899; x_wconf 67' lang='grc' dir='ltr'>εὐφημήσουονι.</span> <span class='ocrx_word' id='word_1_764' title='bbox 3169 4825 3390 4878; x_wconf 81' lang='grc' dir='ltr'>Τούτων</span> <span class='ocrx_word' id='word_1_765' title='bbox 3426 4823 3487 4877; x_wconf 78' lang='grc' dir='ltr'>δὲ</span> <span class='ocrx_word' id='word_1_766' title='bbox 3519 4822 3623 4875; x_wconf 78' lang='grc' dir='ltr'>τῶν</span> 
     </span>
    </p>
   </div>
   <div class='ocr_carea' id='block_1_102' title="bbox 342 4904 1914 4994">
    <p class='ocr_par' dir='ltr' id='par_1_102' title="bbox 342 4904 1914 4980">
     <span class='ocr_line' id='line_1_102' title="bbox 342 4904 1914 4980; baseline 0.003 -20"><span class='ocrx_word' id='word_1_767' title='bbox 342 4904 879 4978; x_wconf 84' lang='lat' dir='ltr'><strong>transﬁgurationes,</strong></span> <span class='ocrx_word' id='word_1_768' title='bbox 917 4906 1341 4980; x_wconf 79' lang='lat' dir='ltr'><strong>frequentesque</strong></span> <span class='ocrx_word' id='word_1_769' title='bbox 1388 4925 1571 4967; x_wconf 89' lang='lat' dir='ltr'><strong>moras</strong></span> <span class='ocrx_word' id='word_1_770' title='bbox 1611 4911 1914 4969; x_wconf 78' lang='lat' dir='ltr'><strong>exstitisse.</strong></span> 
     </span>
    </p>
   </div>
   <div class='ocr_carea' id='block_1_103' title="bbox 2041 4904 3622 4994">
    <p class='ocr_par' dir='ltr' id='par_1_103' title="bbox 2041 4915 3622 4994">
     <span class='ocr_line' id='line_1_103' title="bbox 2041 4915 3622 4994; baseline -0.003 -21"><span class='ocrx_word' id='word_1_771' title='bbox 2041 4921 2206 4993; x_wconf 70' lang='grc' dir='ltr'>ὀρέων</span> <span class='ocrx_word' id='word_1_772' title='bbox 2238 4921 2515 4993; x_wconf 81' lang='grc' dir='ltr'>μέμνηται</span> <span class='ocrx_word' id='word_1_773' title='bbox 2543 4921 2820 4994; x_wconf 83' lang='grc' dir='ltr'>διαφόρως</span> <span class='ocrx_word' id='word_1_774' title='bbox 2859 4923 2892 4991; x_wconf 84' lang='grc' dir='ltr'><strong>ὴ</strong></span> <span class='ocrx_word' id='word_1_775' title='bbox 2933 4920 3035 4991; x_wconf 81' lang='grc' dir='ltr'>τῆς</span> <span class='ocrx_word' id='word_1_776' title='bbox 3067 4917 3313 4980; x_wconf 78' lang='grc' dir='ltr'>Παλαιᾶς</span> <span class='ocrx_word' id='word_1_777' title='bbox 3352 4915 3622 4985; x_wconf 81' lang='grc' dir='ltr'>Διαθήκης</span> 
     </span>
    </p>
   </div>
   <div class='ocr_carea' id='block_1_104' title="bbox 345 4997 1914 5087">
    <p class='ocr_par' dir='ltr' id='par_1_104' title="bbox 345 4997 1914 5074">
     <span class='ocr_line' id='line_1_104' title="bbox 345 4997 1914 5074; baseline 0.003 -22"><span class='ocrx_word' id='word_1_778' title='bbox 345 4997 561 5068; x_wconf 81' lang='lat' dir='ltr'><strong>quando</strong></span> <span class='ocrx_word' id='word_1_779' title='bbox 592 5013 718 5054; x_wconf 91' lang='lat' dir='ltr'><strong>cum</strong></span> <span class='ocrx_word' id='word_1_780' title='bbox 767 4998 1088 5057; x_wconf 89' lang='lat' dir='ltr'><strong>hominibus</strong></span> <span class='ocrx_word' id='word_1_781' title='bbox 1132 5001 1479 5058; x_wconf 86' lang='lat' dir='ltr'><strong>versabatur.</strong></span> <span class='ocrx_word' id='word_1_782' title='bbox 1511 5001 1597 5057; x_wconf 81' lang='lat' dir='ltr'><strong>An</strong></span> <span class='ocrx_word' id='word_1_783' title='bbox 1642 5017 1776 5057; x_wconf 86' lang='lat' dir='ltr'><strong>vero</strong></span> <span class='ocrx_word' id='word_1_784' title='bbox 1809 5002 1914 5074; x_wconf 71' lang='lat' dir='ltr'><strong>ipsa</strong></span> 
     </span>
    </p>
   </div>
   <div class='ocr_carea' id='block_1_105' title="bbox 2041 4997 3622 5087">
    <p class='ocr_par' dir='ltr' id='par_1_105' title="bbox 2041 5008 3622 5087">
     <span class='ocr_line' id='line_1_105' title="bbox 2041 5008 3622 5087; baseline -0.003 -21"><span class='ocrx_word' id='word_1_785' title='bbox 2041 5014 2271 5087; x_wconf 80' lang='grc' dir='ltr'>ἱστορία·</span> <span class='ocrx_word' id='word_1_786' title='bbox 2297 5014 2390 5069; x_wconf 79' lang='grc' dir='ltr'>καὶ</span> <span class='ocrx_word' id='word_1_787' title='bbox 2421 5010 2576 5086; x_wconf 81' lang='grc' dir='ltr'><strong>οἰμαί</strong></span> <span class='ocrx_word' id='word_1_788' title='bbox 2603 5032 2666 5085; x_wconf 87' lang='grc' dir='ltr'>γε</span> <span class='ocrx_word' id='word_1_789' title='bbox 2697 5016 2755 5067; x_wconf 82' lang='grc' dir='ltr'>ὲν</span> <span class='ocrx_word' id='word_1_790' title='bbox 2784 5012 2993 5076; x_wconf 88' lang='grc' dir='ltr'>τούτοις</span> <span class='ocrx_word' id='word_1_791' title='bbox 3023 5014 3136 5076; x_wconf 84' lang='grc' dir='ltr'>τοῖς</span> <span class='ocrx_word' id='word_1_792' title='bbox 3159 5011 3311 5083; x_wconf 70' lang='grc' dir='ltr'>ὄρεσι</span> <span class='ocrx_word' id='word_1_793' title='bbox 3330 5008 3431 5073; x_wconf 77' lang='grc' dir='ltr'>τὰς</span> <span class='ocrx_word' id='word_1_794' title='bbox 3452 5024 3622 5079; x_wconf 78' lang='grc' dir='ltr'>παρα-</span> 
     </span>
    </p>
   </div>
   <div class='ocr_carea' id='block_1_106' title="bbox 343 5091 1914 5178">
    <p class='ocr_par' dir='ltr' id='par_1_106' title="bbox 343 5091 1914 5165">
     <span class='ocr_line' id='line_1_106' title="bbox 343 5091 1914 5165; baseline 0.005 -20"><span class='ocrx_word' id='word_1_795' title='bbox 343 5092 630 5148; x_wconf 85' lang='lat' dir='ltr'><strong>nominum</strong></span> <span class='ocrx_word' id='word_1_796' title='bbox 663 5091 994 5164; x_wconf 87' lang='lat' dir='ltr'><strong>signiﬁcatio</strong></span> <span class='ocrx_word' id='word_1_797' title='bbox 1043 5093 1251 5165; x_wconf 84' lang='lat' dir='ltr'><strong>aliquid</strong></span> <span class='ocrx_word' id='word_1_798' title='bbox 1284 5095 1444 5151; x_wconf 88' lang='lat' dir='ltr'><strong>nobis</strong></span> <span class='ocrx_word' id='word_1_799' title='bbox 1486 5095 1555 5150; x_wconf 89' lang='lat' dir='ltr'><strong>ad</strong></span> <span class='ocrx_word' id='word_1_800' title='bbox 1600 5096 1797 5151; x_wconf 90' lang='lat' dir='ltr'><strong>horum</strong></span> <span class='ocrx_word' id='word_1_801' title='bbox 1845 5098 1914 5153; x_wconf 90' lang='lat' dir='ltr'><strong>in-</strong></span> 
     </span>
    </p>
   </div>
   <div class='ocr_carea' id='block_1_107' title="bbox 2041 5091 3616 5178">
    <p class='ocr_par' dir='ltr' id='par_1_107' title="bbox 2041 5099 3616 5178">
     <span class='ocr_line' id='line_1_107' title="bbox 2041 5099 3616 5178; baseline 0.001 -20"><span class='ocrx_word' id='word_1_802' title='bbox 2041 5103 2223 5170; x_wconf 78' lang='grc' dir='ltr'>δόξους</span> <span class='ocrx_word' id='word_1_803' title='bbox 2251 5104 2343 5158; x_wconf 77' lang='grc' dir='ltr'>τοῦ</span> <span class='ocrx_word' id='word_1_804' title='bbox 2375 5106 2628 5178; x_wconf 82' lang='grc' dir='ltr'>Σωτῆρος</span> <span class='ocrx_word' id='word_1_805' title='bbox 2659 5105 2816 5177; x_wconf 78' lang='grc' dir='ltr'>ἡμῶν</span> <span class='ocrx_word' id='word_1_806' title='bbox 2842 5105 3123 5175; x_wconf 77' lang='grc' dir='ltr'>γεγονέναι</span> <span class='ocrx_word' id='word_1_807' title='bbox 3150 5099 3616 5174; x_wconf 68' lang='grc' dir='ltr'>μεταμορφώσεις.</span> 
     </span>
    </p>
   </div>
   <div class='ocr_carea' id='block_1_108' title="bbox 345 5186 1914 5272">
    <p class='ocr_par' dir='ltr' id='par_1_108' title="bbox 345 5186 1814 5258">
     <span class='ocr_line' id='line_1_108' title="bbox 345 5186 1814 5258; baseline 0.002 -16"><span class='ocrx_word' id='word_1_808' title='bbox 345 5186 699 5258; x_wconf 81' lang='lat' dir='ltr'><strong>telligentiam</strong></span> <span class='ocrx_word' id='word_1_809' title='bbox 737 5186 1006 5252; x_wconf 85' lang='lat' dir='ltr'><strong>conferat,</strong></span> <span class='ocrx_word' id='word_1_810' title='bbox 1043 5197 1102 5242; x_wconf 91' lang='lat' dir='ltr'><strong>tu</strong></span> <span class='ocrx_word' id='word_1_811' title='bbox 1136 5188 1253 5258; x_wconf 85' lang='lat' dir='ltr'><strong>ipse</strong></span> <span class='ocrx_word' id='word_1_812' title='bbox 1283 5188 1604 5246; x_wconf 89' lang='lat' dir='ltr'><strong>consideres</strong></span> <span class='ocrx_word' id='word_1_813' title='bbox 1633 5190 1814 5246; x_wconf 90' lang='lat' dir='ltr'><strong>velim.</strong></span> 
     </span>
    </p>
   </div>
   <div class='ocr_carea' id='block_1_109' title="bbox 2041 5186 3620 5272">
    <p class='ocr_par' dir='ltr' id='par_1_109' title="bbox 2041 5193 3620 5272">
     <span class='ocr_line' id='line_1_109' title="bbox 2041 5193 3620 5272; baseline -0.006 -21"><span class='ocrx_word' id='word_1_814' title='bbox 2041 5198 2134 5251; x_wconf 77' lang='grc' dir='ltr'>καὶ</span> <span class='ocrx_word' id='word_1_815' title='bbox 2165 5198 2266 5263; x_wconf 86' lang='grc' dir='ltr'><strong>τὰς</strong></span> <span class='ocrx_word' id='word_1_816' title='bbox 2307 5198 2525 5261; x_wconf 85' lang='grc' dir='ltr'>πλείους</span> <span class='ocrx_word' id='word_1_817' title='bbox 2561 5198 2862 5272; x_wconf 82' lang='grc' dir='ltr'>διατριϐὰς,</span> <span class='ocrx_word' id='word_1_818' title='bbox 2907 5199 2995 5251; x_wconf 80' lang='grc' dir='ltr'>ὅτε</span> <span class='ocrx_word' id='word_1_819' title='bbox 3035 5197 3133 5251; x_wconf 83' lang='grc' dir='ltr'>σὺν</span> <span class='ocrx_word' id='word_1_820' title='bbox 3164 5193 3477 5267; x_wconf 75' lang='grc' dir='ltr'>ἀνθρώποις</span> <span class='ocrx_word' id='word_1_821' title='bbox 3505 5193 3620 5243; x_wconf 83' lang='grc' dir='ltr'>ὲπο·</span> 
     </span>
    </p>
   </div>
   <div class='ocr_carea' id='block_1_110' title="bbox 347 5283 3615 5367">
    <p class='ocr_par' dir='ltr' id='par_1_110' title="bbox 347 5283 3615 5367">
     <span class='ocr_line' id='line_1_110' title="bbox 347 5283 3615 5367; baseline 0.004 -34"><span class='ocrx_word' id='word_1_822' title='bbox 347 5283 606 5338; x_wconf 79' lang='grc' dir='ltr'>λιτεύετο.</span> <span class='ocrx_word' id='word_1_823' title='bbox 634 5284 699 5337; x_wconf 86' lang='grc' dir='ltr'>Εἰ</span> <span class='ocrx_word' id='word_1_824' title='bbox 735 5283 791 5338; x_wconf 85' lang='grc' dir='ltr'>δὲ</span> <span class='ocrx_word' id='word_1_825' title='bbox 833 5285 927 5338; x_wconf 77' lang='grc' dir='ltr'>καὶ</span> <span class='ocrx_word' id='word_1_826' title='bbox 971 5283 1079 5340; x_wconf 87' lang='grc' dir='ltr'>τῶν</span> <span class='ocrx_word' id='word_1_827' title='bbox 1125 5283 1405 5356; x_wconf 78' lang='grc' dir='ltr'>ὀνομάτων</span> <span class='ocrx_word' id='word_1_828' title='bbox 1450 5286 1485 5356; x_wconf 82' lang='grc' dir='ltr'>ἡ</span> <span class='ocrx_word' id='word_1_829' title='bbox 1521 5285 1790 5359; x_wconf 81' lang='grc' dir='ltr'>ἑρμηνεία</span> <span class='ocrx_word' id='word_1_830' title='bbox 1826 5289 2194 5362; x_wconf 75' lang='grc' dir='ltr'>συμϐάλλεταί</span> <span class='ocrx_word' id='word_1_831' title='bbox 2241 5313 2297 5349; x_wconf 92' lang='grc' dir='ltr'><strong>τι</strong></span> <span class='ocrx_word' id='word_1_832' title='bbox 2334 5296 2468 5367; x_wconf 80' lang='grc' dir='ltr'>ἡμῖν</span> <span class='ocrx_word' id='word_1_833' title='bbox 2502 5295 2580 5359; x_wconf 88' lang='grc' dir='ltr'><strong>εἰς</strong></span> <span class='ocrx_word' id='word_1_834' title='bbox 2615 5294 2713 5366; x_wconf 86' lang='grc' dir='ltr'><strong>τὴν</strong></span> <span class='ocrx_word' id='word_1_835' title='bbox 2758 5293 2866 5347; x_wconf 84' lang='grc' dir='ltr'><strong>τῶν</strong></span> <span class='ocrx_word' id='word_1_836' title='bbox 2929 5290 3306 5363; x_wconf 81' lang='grc' dir='ltr'>προκειμένων</span> <span class='ocrx_word' id='word_1_837' title='bbox 3370 5286 3615 5345; x_wconf 70' lang='grc' dir='ltr'>διάνοιαν,</span> 
     </span>
    </p>
   </div>
   <div class='ocr_carea' id='block_1_111' title="bbox 348 5382 2185 5455">
    <p class='ocr_par' dir='ltr' id='par_1_111' title="bbox 348 5382 2185 5455">
     <span class='ocr_line' id='line_1_111' title="bbox 348 5382 2185 5455; baseline 0.001 -22"><span class='ocrx_word' id='word_1_838' title='bbox 348 5383 442 5437; x_wconf 71' lang='grc' dir='ltr'>καὶ</span> <span class='ocrx_word' id='word_1_839' title='bbox 475 5382 639 5446; x_wconf 75' lang='grc' dir='ltr'>αὐτὸς</span> <span class='ocrx_word' id='word_1_840' title='bbox 665 5384 1001 5455; x_wconf 69' lang='grc' dir='ltr'>ἐπιστήσεις.</span> <span class='ocrx_word' id='word_1_841' title='bbox 2180 5390 2185 5399; x_wconf 86' lang='lat'><strong><em>’</em></strong></span> 
     </span>
    </p>
   </div>
   <div class='ocr_carea' id='block_1_112' title="bbox 419 5466 1914 5547">
    <p class='ocr_par' dir='ltr' id='par_1_112' title="bbox 419 5472 1913 5547">
     <span class='ocr_line' id='line_1_112' title="bbox 419 5472 1913 5547; baseline 0.002 -20"><span class='ocrx_word' id='word_1_842' title='bbox 419 5473 588 5529; x_wconf 77' lang='lat' dir='ltr'><strong>Vens.</strong></span> <span class='ocrx_word' id='word_1_843' title='bbox 623 5474 825 5540; x_wconf 76' lang='grc'><strong>14,15.</strong></span> <span class='ocrx_word' id='word_1_844' title='bbox 867 5478 1032 5530; x_wconf 85' lang='lat' dir='ltr'><strong>Tuum</strong></span> <span class='ocrx_word' id='word_1_845' title='bbox 1058 5472 1330 5529; x_wconf 85' lang='lat' dir='ltr'><strong>brachium</strong></span> <span class='ocrx_word' id='word_1_846' title='bbox 1363 5490 1482 5529; x_wconf 87' lang='lat' dir='ltr'><strong>cum</strong></span> <span class='ocrx_word' id='word_1_847' title='bbox 1535 5476 1816 5546; x_wconf 82' lang='lat' dir='ltr'><strong>potentia:</strong></span> <span class='ocrx_word' id='word_1_848' title='bbox 1847 5477 1913 5547; x_wconf 82' lang='lat' dir='ltr'><strong>ﬁr</strong></span> 
     </span>
    </p>
   </div>
   <div class='ocr_carea' id='block_1_113' title="bbox 2041 5466 3611 5547">
    <p class='ocr_par' dir='ltr' id='par_1_113' title="bbox 2111 5466 3611 5546">
     <span class='ocr_line' id='line_1_113' title="bbox 2111 5466 3611 5546; baseline -0.016 -3"><span class='ocrx_word' id='word_1_849' title='bbox 2111 5474 2230 5542; x_wconf 80' lang='grc' dir='ltr'><strong>Σὸς</strong></span> <span class='ocrx_word' id='word_1_850' title='bbox 2256 5478 2290 5530; x_wconf 77' lang='grc' dir='ltr'><em>δ</em></span> <span class='ocrx_word' id='word_1_851' title='bbox 2318 5477 2594 5546; x_wconf 75' lang='grc' dir='ltr'>βραχίων</span> <span class='ocrx_word' id='word_1_852' title='bbox 2616 5476 2766 5546; x_wconf 78' lang='grc' dir='ltr'>μετὰ</span> <span class='ocrx_word' id='word_1_853' title='bbox 2802 5474 3184 5540; x_wconf 80' lang='grc' dir='ltr'>δυναστείας·</span> <span class='ocrx_word' id='word_1_854' title='bbox 3215 5466 3611 5542; x_wconf 64' lang='lat' dir='ltr'><strong>separarth</strong></span> 
     </span>
    </p>
   </div>
   <div class='ocr_carea' id='block_1_114' title="bbox 352 5560 1914 5640">
    <p class='ocr_par' dir='ltr' id='par_1_114' title="bbox 352 5566 1913 5639">
     <span class='ocr_line' id='line_1_114' title="bbox 352 5566 1913 5639; baseline 0.003 -20"><span class='ocrx_word' id='word_1_855' title='bbox 352 5575 520 5621; x_wconf 85' lang='lat' dir='ltr'><strong>metur</strong></span> <span class='ocrx_word' id='word_1_856' title='bbox 544 5582 731 5620; x_wconf 89' lang='lat' dir='ltr'><strong>manus</strong></span> <span class='ocrx_word' id='word_1_857' title='bbox 761 5577 874 5633; x_wconf 85' lang='lat' dir='ltr'><strong>tua,</strong></span> <span class='ocrx_word' id='word_1_858' title='bbox 898 5566 1164 5623; x_wconf 76' lang='lat' dir='ltr'><strong>exaltetur</strong></span> <span class='ocrx_word' id='word_1_859' title='bbox 1196 5566 1415 5623; x_wconf 72' lang='lat' dir='ltr'><strong>dra-tera</strong></span> <span class='ocrx_word' id='word_1_860' title='bbox 1447 5576 1540 5623; x_wconf 90' lang='lat' dir='ltr'><strong>tua</strong></span> <span class='ocrx_word' id='word_1_861' title='bbox 1570 5583 1589 5623; x_wconf 90' lang='lat'><strong><em>:</em></strong></span> <span class='ocrx_word' id='word_1_862' title='bbox 1633 5568 1852 5639; x_wconf 88' lang='lat' dir='ltr'><strong>justitia</strong></span> <span class='ocrx_word' id='word_1_863' title='bbox 1886 5585 1913 5624; x_wconf 89' lang='lat' dir='ltr'><strong>e</strong></span> 
     </span>
    </p>
   </div>
   <div class='ocr_carea' id='block_1_115' title="bbox 2041 5560 3607 5640">
    <p class='ocr_par' dir='ltr' id='par_1_115' title="bbox 2042 5560 3607 5640">
     <span class='ocr_line' id='line_1_115' title="bbox 2042 5560 3607 5640; baseline -0.002 -19"><span class='ocrx_word' id='word_1_864' title='bbox 2042 5569 2081 5637; x_wconf 76' lang='grc' dir='ltr'><strong><em>ἠ</em></strong></span> <span class='ocrx_word' id='word_1_865' title='bbox 2117 5567 2247 5639; x_wconf 81' lang='grc' dir='ltr'>χείρ</span> <span class='ocrx_word' id='word_1_866' title='bbox 2278 5582 2418 5635; x_wconf 87' lang='grc' dir='ltr'>σου,</span> <span class='ocrx_word' id='word_1_867' title='bbox 2449 5567 2748 5640; x_wconf 73' lang='grc' dir='ltr'>ὑψωθήτω</span> <span class='ocrx_word' id='word_1_868' title='bbox 2790 5568 2829 5637; x_wconf 76' lang='grc' dir='ltr'><strong><em>ἠ</em></strong></span> <span class='ocrx_word' id='word_1_869' title='bbox 2872 5565 3040 5633; x_wconf 80' lang='grc' dir='ltr'>δεξιά</span> <span class='ocrx_word' id='word_1_870' title='bbox 3079 5579 3217 5621; x_wconf 85' lang='grc' dir='ltr'>σου.</span> <span class='ocrx_word' id='word_1_871' title='bbox 3269 5560 3607 5627; x_wconf 62' lang='lat' dir='ltr'><strong>Aluum</strong></span> 
     </span>
    </p>
   </div>
   <div class='ocr_carea' id='block_1_116' title="bbox 422 5741 1516 5805">
    <p class='ocr_par' dir='ltr' id='par_1_116' title="bbox 422 5741 1516 5805">
     <span class='ocr_line' id='line_1_116' title="bbox 422 5741 1516 5805; baseline 0.003 -6"><span class='ocrx_word' id='word_1_872' title='bbox 422 5743 466 5777; x_wconf 78' lang='lat'><strong>&#39;°</strong></span> <span class='ocrx_word' id='word_1_873' title='bbox 506 5741 669 5799; x_wconf 84' lang='lat' dir='ltr'><strong>Prov.</strong></span> <span class='ocrx_word' id='word_1_874' title='bbox 710 5756 803 5804; x_wconf 86' lang='grc' dir='ltr'>ιιι.</span> <span class='ocrx_word' id='word_1_875' title='bbox 844 5743 930 5799; x_wconf 77' lang='grc'><strong>19.</strong></span> <span class='ocrx_word' id='word_1_876' title='bbox 1007 5746 1048 5779; x_wconf 76' lang='grc'>³⁸</span> <span class='ocrx_word' id='word_1_877' title='bbox 1091 5746 1238 5805; x_wconf 85' lang='lat' dir='ltr'><strong>Psal.</strong></span> <span class='ocrx_word' id='word_1_878' title='bbox 1274 5760 1386 5803; x_wconf 78' lang='lat' dir='ltr'><strong>xcn</strong></span> <span class='ocrx_word' id='word_1_879' title='bbox 1411 5785 1427 5805; x_wconf 86' lang='lat'><strong>.</strong></span> <span class='ocrx_word' id='word_1_880' title='bbox 1465 5745 1516 5802; x_wconf 78' lang='grc'><strong>1.</strong></span> 
     </span>
    </p>
   </div>
  </div>
