3830 6288
205 285 330 340 1093

1308 285 1806 341 COMMENTMHA
1846 287 1917 342 IN
1947 287 2289 356 'PSALMOS,

3285 301 3420 359 1094

200 401 288 454 καὶ
313 398 481 468 κρῖμα
509 399 821 470 ἐτοιμασία
851 402 970 457 τοῦ
1001 403 1217 472 θρόνου
1246 419 1381 460 σου.
1427 408 1633 474 Ἔλεος
1660 426 1741 462 κα.

1849 408 2112 479 judicium
2142 411 2462 479 pra’paralio
2489 412 2664 468 throni
2695 414 2791 468 tui.
2825 413 3196 472 Misericordia
3239 428 3289 473 et
3332 437 3422 475 ve-

175 491 428 556 umidam
453 495 922 561 προπορεύσεται
955 496 1069 566 πρὸ
1108 499 1434 565 προσώπου
1475 517 1610 554 σου.
1640 503 1750 555 Καὶ

184 582 352 636 .ταῦτα
388 583 464 645 είς
505 581 602 653 τὴν
622 584 727 638 τοῦ
776 587 1112 655 Μονογενοῦς
1153 587 1247 642 τοῦ
1285 589 1418 643 Θεοῦ
1447 590 1750 660 δοξολογίαν

179 672 560 744 ιπαρεὶληπται,
588 675 733 747 ἅπερ
758 678 1086 751 σαφέστερον
1107 682 1136 735 ὁ
1168 680 1396 746 Ἀκύλας
1414 684 1746 754 ἡρμήνευσε,

192 767 365 820 τοῦτον
407 769 638 832 ἀποδοὺς
681 771 773 825 τὸν
813 773 1034 844 τρόπον·
1069 775 1185 840 Σὸς
1224 779 1257 830 ό
1290 776 1562 845 βραχίων
1606 778 1750 846 μετὰ

188 858 548 924 δυναστείας·
584 860 876 930 ἀήττητος
913 866 952 933 ἡ
987 867 1116 934 χείρ
1143 881 1280 932 σου,
1322 867 1532 936 ὑψηλὴ
1571 869 1609 936 ἡ
1637 867 1749 932 βε-

189 948 278 1013 ειά
309 964 438 1005 σου·
465 952 825 1023 δικαιοσύνη
854 957 954 1010 καὶ
991 957 1168 1028 κρῖμα
1190 957 1378 1026 ,βάσις
1402 960 1508 1014 τοῦ
1533 962 1747 1028 θρόνου

165 1055 310 1092 σου.
351 1041 458 1094 Καὶ
486 1043 688 1107 ταύτας
719 1045 774 1098 δὲ
800 1047 1114 1113 ἀναγκαίως
1144 1048 1240 1111 τὰς
1274 1048 1595 1120 θεοπρεπεῖς
1624 1053 1748 1120 ἀρε-

185 1130 274 1194 τὰς
301 1134 356 1184 ἐν
395 1136 458 1203 τῇ
487 1133 732 1208 θεολογίᾳ
763 1138 1062 1210 παρείληφε
1091 1140 1182 1194 διὰ
1208 1142 1306 1205 τὰς
1330 1141 1423 1195 τοῦ
1457 1143 1588 1196 Θεοῦ
1613 1145 1748 1216 πρὸς

179 1221 264 1274 τὸν
277 1222 436 1293 Δαυῒδ
462 1225 812 1294 ἐπαγγελίας.
837 1228 1000 1282 Οὐδὲν
1020 1229 1146 1300 γὰρ,
1167 1232 1350 1302 φησὶν,
1369 1233 1747 1302 ἀντιστήσεται

182 1314 269 1368 σοῦ
298 1318 360 1386 τῇ
393 1315 579 1389 βουλῇ·
629 1319 767 1390 μετά
793 1321 903 1392 γὰρ
931 1322 1026 1375 τοῦ
1066 1322 1239 1378 θέλειν
1269 1325 1366 1378 καὶ
1401 1325 1461 1377 τὸ
1490 1325 1746 1380 δύνασθαί

165 1423 255 1460 σοι
283 1402 369 1461 οἷα
395 1408 515 1479 Θεῷ
545 1411 637 1464 καὶ
667 1411 900 1486 δεσπότῃ
927 1413 1035 1467 τῶν
1063 1415 1199 1469 ὅλων
1221 1417 1475 1488 πάρεστι.
1506 1418 1616 1472 Καὶ
1637 1419 1746 1489 γὰρ

178 1498 404 1570 βραχίων
434 1502 518 1554 σοί
547 1503 662 1556 ἐστι
700 1504 870 1574 μέγας
912 1506 1005 1560 καὶ
1031 1506 1318 1562 δυναστεία
1351 1509 1442 1562 καὶ
1471 1508 1612 1580 ἀρχὴ
1637 1509 1746 1562 τῶν

177 1591 401 1654 πάντων,
425 1596 880 1668 κεκραταιωμένη
901 1615 960 1651 τε
981 1599 1101 1669 χεὶρ
1124 1600 1219 1652 καὶ
1240 1599 1547 1671 ὑψηλοτάτη
1571 1601 1743 1668 δεξιὰ,

176 1682 269 1734 ὅτε
302 1681 493 1754 θρόνος
519 1685 620 1756 τῆς
655 1687 754 1759 σῆς
785 1688 1080 1758 βασιλείας,
1098 1690 1286 1763 ὥσπερ
1314 1695 1362 1745 οἱ
1387 1692 1494 1746 τῶν
1527 1694 1618 1746 ἐπὶ
1641 1694 1745 1765 γῆς

1847 502 1986 553 ritas
2004 501 2295 569 prlecedent
2317 501 2505 569 faciem
2525 512 2693 560 tuam.
2722 503 2844 559 "asc
2875 505 3002 560 item
3039 507 3106 561 ad
3144 508 3416 580 Unigenili

1852 588 1945 644 Dei
1974 589 2200 660 gloriam
2222 591 2605 646 celebrandam
2653 603 3028 664 usurpantur:
3065 613 3186 668 qua:
3221 601 3415 670 Aquila

1850 681 2055 736 clarius
2110 681 2496 753 interpretatur
2537 684 2639 738 hoc
2685 695 2845 755 pacto
2878 705 2895 741 ε
2928 687 3096 742 Tuum
3145 689 3416 745 brachium

1849 786 1967 823 cum
2010 774 2242 838 potentia
2267 789 2292 827 ‘:
2333 773 2525 827 invicta
2565 790 2754 828 manus
2809 785 2920 840 tua,
2952 778 3156 832 excelsa
3198 779 3418 836 dextera

1850 867 1943 912 tua
1958 876 1978 913 ':
2004 860 2217 928 justitia
2244 871 2293 915 et
2319 861 2581 931 judicium
2604 862 2744 918 basis
2773 865 2947 920 throni
2978 870 3074 922 tui.
3099 866 3415 941 Opportune

1850 959 2026 1005 autem
2056 950 2270 1007 divinas
2298 953 2462 1008 hasce
2498 953 2748 1018 virtutes,
2779 957 2845 1010 de
2880 956 2987 1011 Deo
3029 959 3274 1028 loquens,
3301 978 3415 1018 me-

1849 1043 2100 1110 moravit,
2132 1045 2203 1099 ob
2230 1046 2498 1114 promissa
2527 1045 2620 1101 Dei
2651 1045 2840 1102 Davidi
2867 1047 3030 1103 facta.
3063 1049 3295 1117 Etenim,
3333 1054 3416 1109 in-

1847 1134 1985 1202 quit,
2017 1135 2152 1189 nihil
2194 1137 2460 1191 voluntati
2504 1139 2735 1193 obsistet
2774 1147 2880 1193 tua:
2913 1159 2926 1194 :
2962 1157 3084 1194 cum
3139 1144 3417 1201 voluntate

1847 1231 2045 1300 quippe
2088 1230 2207 1292 tibi,
2247 1240 2430 1301 utpote
2465 1229 2575 1286 Deo
2627 1240 2681 1285 et
2721 1231 2943 1287 domino
2998 1235 3371 1291 universorum
3396 1278 3412 1300 ,

1847 1323 2000 1377 adest
2033 1330 2296 1392 potestas.
2332 1322 2466 1377 Nam
2507 1339 2762 1395 magnum
2787 1325 2885 1379 tibi
2911 1325 3193 1382 brachium
3226 1336 3330 1395 est,
3360 1338 3417 1384 et

1847 1422 2090 1484 potestas
2119 1422 2173 1469 et
2201 1414 2487 1485 imperium
2514 1417 2566 1469 in
2598 1415 2799 1482 omnia,
2835 1431 3029 1472 manus
3066 1419 3301 1485 ﬁrmata,
3327 1436 3417 1476 ex-

1846 1504 2238 1560 cellentissima
2295 1506 2556 1562 dextera:
2595 1507 2934 1578 tiu-onusque
2989 1511 3138 1580 regni
3188 1512 3308 1578 tui,
3355 1519 3416 1566 ut

1847 1595 2027 1648 throni
2083 1596 2426 1664 regnantium
2475 1596 2530 1649 in
2582 1602 2732 1650 terra
2783 1612 2848 1652 ex
2899 1598 3133 1667 pretiosa
3187 1601 3414 1655 materia

1846 1684 2081 1741 confecti
2113 1695 2263 1754 sunt,
2288 1689 2362 1742 ita
2388 1695 2442 1742 et
2471 1688 2586 1758 ipse
2608 1705 2672 1743 ex
2697 1690 2764 1745 iis
2787 1705 2908 1760 quas
2937 1698 2989 1746 te
3024 1689 3192 1744 Deum
3220 1692 3414 1747 decent

160 1771 567 1841 ,βασιλευόντων
592 1777 770 1848 θρόνοι
804 1779 864 1846 ἐξ
892 1780 1023 1851 ὕλης
1055 1782 1242 1854 τιμίας
1272 1784 1616 1855 πεποίηνται,
1650 1789 1741 1838 καὶ

1845 1781 2209 1833 concinnatus
2238 1787 2341 1833 est.
2373 1779 2581 1834 Divina:
2631 1781 2812 1851 itaque
2849 1781 3096 1846 virtutes,
3116 1781 3326 1851 jnstitia
3360 1793 3414 1838 et

169 1865 320 1930 αὐτὸς
344 1860 500 1930 οὗτος
529 1869 594 1921 ἐκ
620 1870 728 1923 τῶν
759 1873 1075 1943 πρεπόντων
1107 1892 1187 1927 σοι
1209 1874 1288 1945 τῷ
1309 1875 1428 1946 Θεῷ
1449 1877 1742 1930 κατεσκεύ-

164 1970 340 2008 ασται.
387 1957 601 2028 Ἀρεταὶ
629 1961 758 2029 γοῦν
785 1962 1128 2035 θεοπρεπείς,
1157 1965 1467 2038 δικαιοσύνη
1505 1967 1598 2021 καὶ
1620 1970 1741 2039 κρί-

151 2063 257 2116 ,μα,
298 2047 390 2100 τὸν
431 2050 522 2104 σον
562 2053 968 2123 κατακοσμοῦσι
1006 2055 1210 2128 Θρόνον.
1248 2057 1443 2128 Διόπερ
1473 2055 1738 2112 τοσούτων

159 2138 328 2192 οὐσῶν
359 2143 515 2212 παρά
548 2144 629 2196 σοὶ
655 2145 734 2216 τῷ
765 2145 884 2216 Θεῷ
903 2147 1202 2218 δυνάμεων,
1226 2148 1444 2219 ὁμαλῶς
1473 2151 1566 2202 καὶ
1592 2151 1739 2203 ἀκω-

159 2227 324 2295 λύτως
363 2233 396 2303 ἡ
449 2234 679 2305 ἀλήθεια
727 2237 836 2291 τῶν
887 2239 997 2292 σῶν
1037 2239 1378 2308 ἐπαγγελιῶν
1424 2241 1735 2312 προτρέχει,

147 2320 382 2392 ,μηδενὸς
417 2325 810 2396 παραποδίζειν
837 2328 1134 2400 δυναμένου
1159 2331 1256 2396 τὰς
1284 2331 1383 2396 σάς
1411 2333 1734 2402 ἀποφάσεις,

156 2413 221 2478 ἃς
247 2414 476 2486 ὤμοσας
501 2418 578 2488 τῷ
603 2420 766 2472 Δαυῖδ
790 2421 926 2492 ὲλέῳ
959 2423 1054 2475 καὶ
1085 2424 1264 2494 χάριτι
1297 2424 1395 2488 τὰς
1424 2424 1736 2490 ἐκτεθείσας

151 2503 486 2575 ἐπαγγελίας
537 2507 675 2579 πρὸς
707 2510 868 2563 αὑτὸν
902 2514 1287 2584 πεποιημένος.
1341 2515 1487 2568 Ἀντὶ
1529 2514 1584 2567 δὲ
1617 2514 1734 2578 τοῦ,

144 2596 512 2666 Δικαιοσύνη
541 2599 640 2651 καὶ
674 2599 850 2669 κρῖμα
879 2601 1192 2672 ἐτοιμασία
1220 2604 1325 2658 τοῦ
1353 2606 1568 2672 θρόνου
1587 2622 1733 2668 σου.

141 2686 284 2741 κατὰ
319 2687 414 2742 τὸν
466 2688 716 2754 Ἀκύλαν,
741 2695 1100 2762 Δικαιοσύνη
1125 2695 1225 2749 καὶ
1258 2697 1436 2765 κρῖμα
1467 2697 1533 2750 τὸ
1563 2697 1734 2766 ἐδρα-

144 2789 266 2845 σμα
286 2779 396 2834 τοῦ
427 2783 649 2848 θρόνου
675 2783 881 2849 αὐτοῦ,
908 2785 1144 2856 εἴρηταιο
1173 2790 1200 2841 ὁ
1224 2787 1280 2840 δὲ
1305 2787 1595 2858 Σύμμαχος
1620 2787 1736 2858 τὴν

135 2867 328 2931 ,ϐάσιν
357 2872 536 2944 αὐτὴν
567 2870 708 2930 εἶναί
736 2894 868 2948 φησι
897 2877 996 2948 τὴν
1027 2878 1372 2952 δικαιοσύνην
1405 2882 1499 2934 καὶ
1524 2881 1585 2934 τὸ
1617 2883 1736 2953 κρί-

143 2974 234 3026 μα.
277 2960 396 3031 Τῆς
421 2979 489 3031 γε
526 2964 632 3034 μὴν
664 2965 1008 3039 δικαιοσύνης
1039 2971 1134 3022 καὶ
1170 2968 1263 3022 τοῦ
1304 2969 1568 3042 κρίματος
1597 2971 1732 3041 μετά

138 3046 493 3124 δικαιοσύνης
515 3056 903 3129 ἐκφερομένου,
940 3060 1230 3132 προτρέχει
1254 3060 1402 3124 ἔλεος
1427 3061 1520 3114 καὶ
1542 3063 1575 3131 ἡ
1602 3060 1734 3131 ἀλή-

1837 1868 2110 1937 judicium
2137 1907 2153 1934 ,
2183 1869 2438 1924 thronum
2473 1878 2739 1925 exornant
2773 1880 2945 1924 tuum.
2973 1869 3313 1940 Quapropter
3334 1909 3349 1932 ,
3378 1884 3414 1923 o

1843 1959 2008 2023 Deus,
2045 1974 2169 2015 cum
2200 1967 2282 2012 tot
2313 1969 2587 2030 tantaeque
2634 1975 2802 2030 penes
2845 1967 2898 2014 te
2937 1967 3231 2028 potestates
3265 1959 3410 2022 sint,

1838 2050 2042 2104 veritas
2062 2051 2221 2119 plana
2246 2050 2334 2103 via
2378 2059 2433 2104 et
2480 2050 2600 2105 sine
2633 2050 2789 2105 obice
2817 2050 3273 2120 promissionihus
3304 2047 3413 2103 tuis

1836 2140 2170 2209 praecurrit:
2224 2155 2348 2194 cum
2409 2155 2569 2194 nemo
2629 2141 2803 2209 possit
2867 2140 3133 2196 obsistere
3177 2139 3413 2194 decretis

1838 2231 1968 2294 tuis,
1997 2230 2198 2300 quibus
2229 2230 2427 2300 jurasti
2456 2229 2671 2296 Davidi,
2695 2245 2762 2286 ex
2800 2230 3174 2285 misericordia
3203 2239 3257 2285 et
3279 2245 3404 2300 gra-

1835 2323 1913 2376 tia
1955 2331 2046 2376 tua
2093 2323 2206 2392 jam
2237 2331 2568 2379 memoratas
2600 2321 2770 2379 edens
2814 2321 3255 2393 pollicitationes.
3305 2318 3413 2374 Pro

1838 2416 1932 2470 illo
1959 2425 2166 2480 autem,
2198 2415 2427 2470 Iustitia
2472 2426 2521 2471 et
2545 2415 2814 2486 judicium
2867 2416 3188 2485 prwparatio
3239 2413 3411 2467 throni

1839 2508 1946 2572 tui;
1977 2506 2278 2562 secundum
2325 2507 2576 2578 Aquilam
2604 2546 2621 2566 .
2653 2506 2875 2560 Iustitia
2911 2518 2960 2560 et
2989 2506 3255 2576 judicium
3287 2505 3412 2574 fun-

1836 2597 2138 2652 damentum
2172 2597 2347 2652 throni
2395 2599 2509 2668 ejus
2534 2638 2550 2664 ,
2597 2597 2834 2666 dicitur;
2891 2597 3249 2670 Symmachus
3281 2611 3410 2653 vero

1837 2690 1988 2744 basin
2017 2691 2152 2747 dixit
2177 2691 2584 2760 essejustitiam
2629 2699 2683 2745 et
2724 2691 3016 2759 judicium.
3051 2689 3286 2746 Justitiaa
3316 2703 3412 2742 au-

1834 2791 1944 2838 tem
1975 2792 2030 2839 et
2051 2783 2284 2854 judicio,
2316 2783 2462 2854 quod
2490 2799 2614 2838 cum
2646 2783 2856 2853 justitia
2881 2783 3104 2839 eﬂ‘ertur
3126 2822 3142 2847 ,
3177 2795 3410 2852 praecur-

1834 2876 1906 2930 rit
1955 2877 2328 2932 misericordia
2355 2884 2410 2932 et
2454 2875 2678 2931 veritas.
2708 2874 2984 2931 Justitiam
3015 2875 3158 2930 enim
3195 2873 3410 2927 miseri-

1834 2967 2020 3023 cordia
2053 2974 2387 3036 temperans,
2418 2966 2664 3021 mitiores
2690 2974 2884 3022 contra
2905 2981 2999 3022 eos
3023 2965 3114 3036 qui
3151 2979 3409 3034 peccave-

1835 3069 1963 3114 runt
1989 3059 2196 3128 profert
2225 3059 2724 3115 comminationes:
2774 3073 2900 3114 nam
2951 3058 3090 3113 alias
3133 3055 3407 3126 justitiam

137 3140 275 3198 θεια.
309 3144 405 3216 Τῷ
441 3147 574 3214 γοῦν
597 3149 733 3219 ἐλέῳ
763 3149 861 3222 τὴν
890 3151 1237 3223 δικαιοσύνην
1260 3153 1577 3223 ἀνακιρνὰς,
1600 3170 1732 3223 πρα-

1835 3151 1956 3223 ejus
1987 3167 2094 3206 non
2123 3159 2478 3220 temperatam
2500 3151 2685 3206 nullus
2708 3151 2988 3206 hominum
3022 3149 3341 3205 sustineret.

130 3237 344 3310 οτέραφ
363 3246 601 3297 ποιεῖται
627 3245 725 3308 τὰς
748 3246 893 3300 κατά
922 3247 1027 3301 τῶν
1051 3248 1448 3318 ἡμαρτηκότων
1473 3248 1719 3312 ἀπειλάς
1762 3247 1932 3312 ἄλλως
1957 3247 2065 3318 γὰρ
2086 3247 2320 3317 ἄκρατον
2359 3245 2523 3299 αὐτοῦ
2547 3246 2646 3317 τὴν
2702 3246 3047 3317 δικαιοσύνην
3111 3245 3210 3297 οὐκ
3233 3244 3296 3297 ἄν
3323 3257 3408 3304 τις

131 3333 444 3406 ἀνθρώπιον
477 3337 820 3408 ὑπομείνειεν

173 3452 520 3521 «Μακάριος
551 3456 584 3507 ὁ
616 3454 765 3520 λαὸς
795 3457 828 3508 ό
861 3454 1170 3526 γινώσκων
1200 3457 1575 3527 ἁλαλαγμόν.
1608 3459 1724 3511 Κύ-

119 3561 236 3612 ριε,
270 3546 347 3599 ἐν
373 3544 464 3611 τῷ
494 3546 641 3614 φωτὶ
670 3546 777 3601 τοῦ
803 3547 1128 3615 προσώπου
1154 3565 1271 3602 σου
1303 3551 1720 3618 πορεύσονται,

124 3634 222 3689 καὶ
260 3635 337 3689 ἐν
367 3635 459 3702 τῷ
496 3636 741 3706 ὀνόματί
773 3652 888 3692 σου
930 3638 1400 3709 ἀταλλιάσονται
1432 3640 1585 3709 ὅλην
1611 3640 1725 3709 τὴν

121 3724 384 3794 ἡμέραν,
428 3726 530 3779 καὶ
554 3727 624 3780 ἐν
650 3728 724 3797 τῇ
750 3729 1105 3799 δικαιοσύνῃ
1132 3747 1248 3785 σου
1274 3732 1719 3800 ὑψωθήσονται.

125 3817 244 3872 Ὀτι
267 3821 570 3890 καύχημα
596 3821 707 3890 τῆς
735 3821 1044 3892 δυνάμεως
1075 3821 1276 3878 αὐτῶν
1306 3824 1387 3877 σὺ
1416 3821 1487 3888 εἴ,
1527 3825 1624 3879 καὶ
1650 3826 1719 3879 ἐν

119 3908 196 3980 τῇ
218 3913 490 3980 εὐδοκία
521 3929 639 3968 σου
671 3914 1056 3984 ὑψωθήσεται
1077 3915 1144 3969 τὸ
1177 3916 1354 3985 κέρας
1377 3918 1565 3987 ἡμῶν.
1596 3921 1717 3972 ’Ότι

115 4002 225 4057 τοῦ
272 4005 513 4073 Κυρίου
558 4006 597 4073 ἡ
643 4007 966 4075 ἀντίληψις
1016 4007 1204 4076 ἡμῶν,
1251 4007 1349 4061 καὶ
1390 4008 1497 4062 τοῦ
1544 4009 1715 4079 ἁγίου

127 4094 386 4165 Ἰσραὴλ
416 4096 726 4162 ,βασιλέως
751 4097 938 4166 ἡμῶν.
970 4099 1200 4170 Νοήσεις
1220 4116 1278 4152 τε
1310 4099 1402 4153 καὶ
1429 4099 1603 4162 ἄλλως
1624 4099 1714 4153 τὸν

115 4186 460 4260 ἀλαλαγμὸν
480 4188 589 4242 ἀπὸ
611 4188 721 4243 τῶν
754 4190 895 4242 κατὰ
925 4191 1049 4254 τοὺς
1081 4191 1309 4261 καιροὺς
1336 4189 1443 4242 τῶν
1475 4189 1726 4261 πολέμων

111 4278 513 4343 ἀλαλαζόντων
535 4281 880 4352 στρατιωτῶν
907 4283 1002 4336 καὶ
1029 4283 1191 4351 φόόον
1224 4283 1593 4355 ἐμποιούντων
1615 4286 1726 4347 τοῖς

108 4369 342 4443 ἐχθροῖς
377 4371 473 4426 διὰ
503 4373 605 4444 τῆς
639 4372 880 4444 μείζονος
913 4373 1040 4443 βοῆς
1075 4375 1170 4428 καὶ
1208 4375 1309 4444 τῆς
1349 4375 1492 4429 κατὰ
1521 4375 1725 4444 ταύτην

112 4459 478 4528 συμφωνίας.
499 4460 558 4513 '0
585 4461 640 4514 δὲ
673 4460 814 4525 θεῖος
830 4461 1154 4526 Ἀπόστολος
1180 4463 1276 4527 τὰς
1302 4466 1358 4516 ἐν
1387 4465 1526 4535 ἁγίῳ
1557 4464 1725 4518 Πνεύ-

108 4565 246 4656 plut:
281 4549 489 4656 εὲχὰς,
530 4551 629 4615 τὰς
670 4552 744 4624 μὴ
784 4552 872 4606 διὰ
909 4554 1153 4622 γεγωνοῦ
1185 4555 1334 4626 βοῆς,
1370 4555 1596 4656 ἀλλὰνέν
1628 4557 1719 4609 δυ-
1753 4601 1796 4656 D

103 4639 280 4707 νάμει
313 4637 643 4710 Πνεύματος
676 4642 1159 4714 ἀναπεμπομένας,
1199 4644 1453 4707 τοιαύτας
1487 4641 1624 4699 εἶναι
1646 4647 1722 4698 δι-

102 4727 314 4782 δάσκει
364 4729 569 4798 λέγων·
609 4730 764 4784 Αὐτὸ
809 4732 873 4785 τὸ
918 4732 1164 4803 Πνεῦμα
1220 4735 1719 4806 ὑπερεντυγχάνει

99 4821 267 4888 ὑπὲρ
294 4818 484 4890 ἡμῶν
502 4822 859 4891 στεναγμοῖς
881 4823 1231 4892 ἀλαλήτοις.
1257 4824 1414 4879 Οὕτω
1453 4826 1509 4878 δὲ
1545 4826 1719 4897 μέγας

98 4909 185 4973 τίς
220 4911 354 4963 ἐστι
387 4909 488 4962 καὶ
522 4910 746 4974 σπάνιος
776 4913 805 4964 ὁ
828 4913 1086 4978 πολλάκις
1112 4913 1216 4968 ὑπὸ
1245 4915 1356 4969 τῶν
1381 4915 1539 4970 θείων
1573 4917 1716 4987 Γρα-

1905 3447 2072 3503 Vens.
2106 3446 2293 3501 16-19.
2319 3445 2513 3500 Beatus
2542 3445 2765 3500 annulus
2785 3446 2872 3499 aui
2889 3455 2988 3500 scit
3009 3446 3400 3516 jubilalionem.

1833 3541 2056 3596 Domine
2085 3539 2141 3593 in
2167 3537 2549 3605 luminelvultus
2568 3538 2644 3590 tui
2678 3537 3105 3601 ambulabunt,et
3122 3541 3175 3593 in
3198 3544 3404 3596 nomine

1833 3643 1920 3687 tuo
1931 3630 2268 3688 exsultabunt
2287 3637 2396 3683 tota
2406 3629 2562 3692 die,et
2577 3630 2632 3682 in
2644 3629 2859 3698 iustitia
2895 3639 2984 3683 tua
3005 3631 3400 3688 excitabuntur.

1833 3725 2098 3792 Quoniam
2124 3721 2297 3792 gloria
2328 3721 2536 3774 virtutis
2573 3736 2755 3774 eorum
2785 3728 2840 3771 tu
2878 3736 2954 3782 es,
2997 3729 3045 3773 et
3076 3721 3130 3773 in
3160 3719 3404 3788 benepla-

1822 3819 1928 3869 cito
1965 3826 2054 3868 tuo
2079 3812 2404 3866 exaltabitur
2429 3827 2592 3865 cornu
2625 3819 2885 3865 nostrum.
2914 3810 3055 3875 Quia
3080 3810 3294 3865 Domini
3323 3822 3405 3867 est

1823 3905 2113 3974 assumptio
2145 3911 2348 3966 nostra,
2376 3911 2426 3956 et
2450 3903 2621 3956 sancti
2653 3900 2826 3956 Israel
2864 3901 2998 3971 regis
3030 3903 3216 3957 nostri.
3242 3901 3390 3957 Jubi-

1823 3997 2038 4053 lationis
2066 3995 2282 4049 modum
2311 3993 2417 4046 alia
2451 3993 2659 4048 ratione
2701 3992 2972 4064 intelligas
2995 4033 3010 4055 .
3039 4009 3104 4049 ex
3153 3992 3384 4050 militum

1823 4089 1878 4144 in
1907 4095 2150 4158 tempore
2178 4087 2303 4142 belli
2321 4085 2664 4156 jubilatione,
2687 4093 2746 4138 ut
2776 4085 2963 4140 hostes
3003 4086 3209 4155 majore
3242 4085 3388 4141 edito

1827 4180 2086 4243 clamore,
2112 4178 2404 4248 additaque
2432 4176 2776 4248 symphonia,
2808 4175 3277 4247 perterrefaciant.
3315 4176 3400 4229 Di-

1826 4275 1990 4327 vinus
2019 4279 2200 4326 autem
2232 4268 2527 4340 Apostolus
2573 4269 2712 4323 tales
2766 4283 2888 4324 esse
2936 4268 3096 4322 docet
3125 4268 3399 4322 orationes

1827 4366 1883 4420 in
1918 4364 2124 4434 Spiritu
2152 4369 2366 4426 sancto,
2401 4375 2501 4416 nec
2523 4359 2631 4414 alta
2660 4375 2814 4424 voce,
2846 4360 2940 4415 sed
2973 4362 3026 4414 in
3062 4360 3258 4413 virtute
3281 4359 3399 4428 Spi-

1823 4459 1964 4514 ritus
1990 4458 2242 4519 emissas,
2275 4469 2399 4510 cum
2429 4453 2544 4508 ait:
2593 4453 2715 4524 Ipse
2763 4453 2993 4516 Spiritus
3028 4452 3263 4521 postulat
3299 4466 3396 4520 pro

1825 4550 1996 4612 nobis,
2023 4548 2300 4619 gemitibus
2321 4545 2767 4600 inenarrabilibus
2787 4547 2853 4598 “.
2883 4544 3056 4598 Tanta
3075 4559 3235 4614 porro
3262 4551 3396 4597 tam-

1824 4658 1929 4712 que
1951 4658 2074 4696 rara
2100 4653 2184 4698 est
2209 4643 2462 4712 jubilatio
2499 4643 2612 4705 illa,
2633 4639 2835 4711 passim
2859 4653 2890 4691 a
2919 4637 3119 4692 divinis
3146 4633 3395 4706 Scriptu-

1817 4735 1894 4790 ris
1943 4745 2277 4798 memorata,
2325 4745 2385 4789 ut
2414 4735 2608 4790 beatus
2664 4731 2990 4802 prtedicetur
3038 4727 3132 4798 qui
3190 4741 3392 4796 gnarus

1816 4825 1962 4882 illius
1993 4833 2097 4890 est,
2127 4825 2355 4896 perinde
2384 4836 2546 4896 atque
2573 4823 2664 4877 alii
2691 4838 2759 4878 ex
2788 4821 3064 4892 praeclaris
3089 4819 3390 4874 secundum

1813 4917 1982 4973 Deum
2008 4918 2176 4988 gestis
2201 4918 2342 4973 beati
2363 4919 2641 4973 dicuntur.
2673 4915 2795 4970 Ideo
2821 4915 2908 4968 hic
2932 4913 3167 4968 dicitur:
3193 4912 3391 4966 Beatus

96 5005 222 5074 φῶν
263 5003 685 5076 ὀνομαζόμενος
719 5005 1053 5076 ἀλαλαγμὸς,
1094 5007 1171 5071 ὡς
1197 5009 1596 5081 μακαρίζεσθαι
1626 5010 1711 5062 τὸν

1835 5010 2030 5078 ιοριιίιιε
2057 5010 2148 5079 qui
2169 5010 2267 5063 scit
2287 5009 2677 5078 jubilationem.
2706 5006 2845 5061 Alibi
2870 5019 3000 5060 vero
3031 5003 3245 5058 divinus
3277 5019 3394 5059 ser-

93 5097 476 5168 ἐπιστήμονα
504 5098 717 5164 τούτου,
751 5099 954 5169 ὁμοίως
985 5101 1098 5162 τοῖς
1137 5100 1595 5172 μακαριζομένοις
1619 5101 1712 5154 ἐπὶ

87 5195 212 5255 τοῖς
249 5191 457 5255 ἄλλοις
481 5191 623 5246 κατά
653 5191 785 5246 Θεὸν
813 5189 1222 5263 κατορθώμασι.
1257 5193 1349 5245 Διὸ
1373 5191 1607 5246 ἐνταῦθα
1627 5191 1715 5245 λέ-

87 5283 325 5336 λεκται*
355 5282 669 5350 Μακάριος
699 5286 731 5338 ὁ
758 5283 909 5349 λαὸς
943 5286 976 5337 ό
1003 5281 1314 5352 γινώσκων
1338 5283 1710 5352 ἀλαλαγμὸν.

97 5376 196 5428 Ἐν
234 5373 474 5444 ἑτέροις
500 5373 556 5426 δὲ
591 5377 620 5428 ὁ
662 5373 804 5437 Θεῖος
844 5373 999 5442 λόγος
1033 5373 1224 5427 θυσίαν
1253 5371 1390 5427 εἶναι
1421 5376 1510 5428 τὸν
1537 5375 1713 5429 τοιοῦ-

86 5483 187 5518 τον
250 5464 592 5535 ἀλαλαγμὸν
641 5465 880 5519 διδάσκει
933 5465 1106 5535 λέγων
1132 5482 1146 5496 ο
1209 5466 1554 5520 Ἐκύκλωσα
1613 5468 1712 5521 καὶ

82 5559 304 5613 ἔθυσα
347 5557 433 5610 ἐν
480 5556 553 5626 τῇ
601 5556 803 5626 σκηνῇ
844 5557 1032 5612 αὺτοῦ
1079 5558 1299 5614 θυσίαν
1338 5559 1714 5631 ἀλαλαγμοῦ.

195 5713 248 5744 ³³
294 5709 477 5764 Rom.
512 5725 642 5777 Vill,
672 5709 763 5765 26.
841 5711 886 5744 ³³
926 5710 1070 5769 Psal.
1109 5727 1273 5778 xxvr,
1309 5711 1364 5779 6,

1817 5117 1908 5157 mo
1935 5101 2252 5172 hujusmodi
2281 5101 2663 5170 jubilationcm
2695 5098 2930 5154 hostiam
2970 5111 3092 5152 esse
3117 5095 3274 5149 docet
3306 5095 3391 5148 his

1813 5192 2036 5248 verbis:
2077 5191 2312 5248 Circuivi
2368 5201 2419 5246 et
2468 5191 2737 5245 immolavi
2791 5191 2844 5242 in
2888 5187 3227 5242 tabernaculo
3274 5185 3389 5253 ejus

1814 5282 2043 5338 hostiam
2071 5282 2407 5352 jubilationis
2438 5281 2502 5336 ³³.
2549 5280 2648 5335 llic
2677 5293 2839 5350 porro
2862 5277 3076 5332 videtur
3097 5276 3227 5330 mihi
3262 5274 3390 5345 δρία

1813 5377 1953 5432 ritus
1983 5385 2208 5433 sanctus
2250 5374 2508 5445 populum
2539 5372 2745 5429 Christi
2787 5377 2973 5441 aperte
3006 5369 3222 5424 beatum
3251 5381 3389 5437 prae-

1813 5468 1999 5538 dicare
2026 5488 2040 5523 :
2072 5469 2189 5538 ipse
2209 5481 2446 5536 namque
2472 5481 2597 5522 cum
2622 5464 2678 5518 in
2708 5463 2954 5518 notitiam
2981 5459 3192 5517 venerit
3212 5460 3386 5514 victo-

1814 5561 1908 5615 riae
1939 5575 1968 5615 a
2002 5558 2286 5615 Salvatore
2313 5567 2505 5613 nostro
2529 5557 2596 5612 de
2619 5555 2854 5612 inimicis
2877 5560 3044 5626 partae
3062 5593 3078 5619 ,
3123 5551 3405 5626 adversus.
