3830 6288
206 294 318 348 [037

1293 288 1666 343 (ΣΘΜΜΕΝΤᾸ
1679 287 1790 343 RIA
1829 289 1892 343 IN
1932 284 2269 344 PSALMOS.

3265 290 3402 341 1098

196 409 422 459 νώσκων
444 398 809 468 dialogum}.
841 399 948 451 Kal
970 399 1125 470 ἡμῶν
1151 399 1207 454 δὲ
1234 401 1412 456 αὐτῶν
1439 403 1546 456 τῶν
1567 403 1737 457 ταῦτα

1842 411 1949 456 tur.
1985 402 2138 470 Quod
2179 409 2359 458 autem
2394 417 2584 470 cornu,
2634 403 2739 458 nisi
2792 404 2844 458 id
2890 404 3037 473 quod
3081 421 3146 460 ex
3197 406 3404 460 semine

197 489 536 552 θεσπιζὸντων
563 487 651 540 διὰ
678 486 773 540 τοῦ
816 485 1129 558 Πνεύματος
1160 490 1450 561 προφητῶν
1479 489 1540 544 τὸ
1572 491 1738 562 κέρας

199 581 536 652 ὑψωθήσεται.
571 579 728 632 Ποῖον
752 579 809 632 δὲ
841 579 1003 651 κέρας
1031 580 1064 650 ἦ
1092 581 1153 634 τὸ
1187 581 1377 652 μέλλον
1401 584 1465 634 ἐκ
1492 582 1738 653 σπέρμα.-

195 691 277 737 τος
301 669 454 724 Δαυῒδ
483 669 623 724 κατὰ
650 669 747 740 τὴν
791 671 909 740 σὴν,
949 663 995 724 ὦ
1022 669 1214 741 Κύριε,
1247 672 1576 739 ἐπαγγελίαν
1607 689 1742 742 προ-

196 762 522 825 ελεύσεσθα.;
548 762 658 815 Καὶ
678 761 834 815 τοῦτο
859 762 966 833 γὰρ
994 762 1054 816 τὸ
1075 763 1240 834 κέρας
1259 763 1434 834 ἡμῶν,
1471 764 1528 818 ἐν
1615 765 1741 827 τοὺς

195 855 405 928 ἐχθροὺς
445 853 599 924 ἡμῶν
628 853 1009 925 κερατιοῦμεν,
1042 857 1100 908 ἐν
1130 857 1196 926 τῇ
1228 856 1445 927 εὐδοκία
1473 872 1568 909 σου
1599 855 1742 924 ὑψω-

195 950 422 1019 θήσεται,
445 944 537 998 σοῦ
564 943 659 998 τοῦ
674 937 856 1014 Ἀγίου
885 946 1120 1018 Ἰσραὴλ,
1149 947 1243 1001 τοῦ
1274 948 1535 1018 βασιλέως
1562 947 1738 1018 ἡμῶν,

192 1037 702 1108 ἀντιλαμϐανομένου
747 1037 846 1108 τῆς
888 1038 1078 1092 τούτου
1118 1038 1221 1106 τοῦ,
1252 1041 1429 1111 κέρως
1454 1041 1738 1109 γενέσεως,

197 1130 306 1186 Εἶεν
332 1130 378 1184 δ’
408 1129 476 1184 ἂν
505 1125 664 1184 αὗται
693 1132 865 1200 φωναὶ
898 1131 1231 1202 προφητικαὶ
1264 1133 1323 1199 ἐξ
1347 1132 1545 1186 οἰκείου
1576 1149 1743 1204 προσ-

191 1224 328 1276 ώπου
357 1221 424 1274 τὰ
451 1223 786 1292 προκείμενα
824 1224 1224 1293 ἀναφωνοῦσαι,
1267 1223 1434 1296 κέρας
1471 1241 1530 1278 τε
1564 1225 1740 1278 αὐτῶν

191 1313 528 1384 ὁμολογοῦσαν.
559 1308 700 1368 εἶναι
727 1313 818 1368 τὸν
845 1315 985 1368 κατὰ
1018 1315 1195 1386 σάρκα
1221 1315 1591 1386 φανησόμενον
1610 1317 1652 1368 Χ
1661 1334 1742 1385 ρι-

189 1407 302 1458 στὸν
328 1405 414 1458 τοῦ
437 1404 592 1460 Θεοῦ.

256 1525 384 1578 To'te
419 1522 730 1591 ἐλάλησας
759 1523 831 1577 ἐν
861 1524 1065 1592 ὁράσει
1107 1525 1229 1592 τοῖς
1271 1527 1421 1594 υἱοῖς
1461 1544 1595 1593 σου,
1642 1528 1737 1582 καί

185 1610 369 1679 εἶπας·
444 1613 688 1683 Ἐ’θέμην
719 1615 1011 1682 ,ϐοήθειαν
1057 1616 1153 1669 ἐπὶ
1192 1615 1476 1671 δυνατόν·
1525 1619 1742 1686 iiii-wn

185 1703 462 1758 ἐκλεκτὸν
479 1705 550 1759 ἐκ
580 1707 686 1760 τοῦ
707 1707 860 1761 λαοῦ
879 1725 1016 1775 μου.
1040 1703 1236 1775 Εὗρον
1262 1708 1442 1762 Δαυτδ
1464 1709 1570 1763 τὸν
1599 1709 1738 1764 δοῦ-

186 1792 287 1846 λόν
302 1810 439 1861 μου,
465 1794 536 1846 ἐν
555 1795 734 1862 ἐλαίῳ
760 1795 905 1864 ἁγίῳ
925 1813 1042 1865 μου
1067 1797 1284 1865 ἐχρισα
1306 1799 1508 1853 αὐτόν.
1549 1801 1609 1855 Ἠ
1628 1801 1736 1870 γὰρ

183 1885 301 1954 χείρ
335 1903 457 1954 μου
501 1889 1015 1956 συναντιλήψεται
1052 1889 1231 1954 αὐτῷ,
1273 1890 1370 1944 καὶ
1407 1894 1441 1944 ό
1465 1893 1738 1961 βραχίων

181 1994 285 2042 μου
315 1979 670 2047 κατισχύσει
700 1980 905 2034 αὐτόν.
951 1982 1071 2034 Οὐκ
1105 1980 1401 2050 ὠφελήσει
1429 1983 1640 2051 ἐχθρὸς
1669 1984 1738 2036 ἐν

181 2067 346 2136 αὐτῷ,
378 2070 480 2123 καὶ
526 2070 657 2137 υίὸς
701 2071 952 2140 ἀνομίας
982 2074 1054 2126 οὐ
1083 2072 1336 2128 κακώσει
1383 2075 1585 2128 αὐτόν.
1625 2077 1735 2129 Kal

179 2157 460 2230 συγκόψω
487 2162 606 2216 ἀπὸ
633 2164 957 2232 προσώπου
988 2165 1172 2219 αὐτοῦ
1202 2165 1344 2232 τοὺς
1369 2167 1620 2236 ἐχθροὺς
1643 2169 1739 2221 αὺ-

180 2251 296 2317 τοῦ,
325 2253 424 2307 καὶ
461 2254 605 2319 τοὺς
630 2256 962 2324 μισοῦντας
988 2255 1173 2310 αὐτὸν
1204 2256 1597 2328 τροπώσομαι.
1626 2260 1736 2314 Καὶ

178 2345 212 2412 ἡ
239 2344 489 2411 ἀλήθειά
509 2363 629 2415 μου
661 2346 852 2401 καὶτὸ
890 2349 1062 2414 ἔλεός
1095 2367 1216 2419 μου
1238 2351 1364 2419 μετ’
1400 2351 1608 2418 αὑτοῦ,
1640 2354 1737 2406 καὶ

179 2434 238 2488 ἐν
263 2435 340 2501 τῷ
379 2438 629 2507 ὀνόματί
664 2457 782 2508 μου
811 2439 1192 2508 ὑψωθήσεται
1221 2443 1288 2496 τὸ
1329 2442 1507 2511 κέρας
1528 2443 1735 2498 αὑτοῦ.

181 2526 348 2596 "Attae
386 2529 481 2584 διὰ
516 2531 626 2586 τῶν
651 2530 956 2603 ἔμπροσθεν
1000 2533 1378 2605 μνημονεύσας
1400 2537 1428 2588 6
1460 2533 1614 2604 λόγος
1643 2535 1737 2590 τοῦ

175 2619 342 2690 κέρως
365 2623 425 2675 ἐν
455 2618 538 2686 οἷς
567 2623 692 2694 ἔφη·
733 2625 829 2677 Ἐν
846 2623 922 2694 τῇ
950 2625 1194 2692 εὐδοκία
1215 2640 1333 2681 σου
1356 2626 1738 2695 ὑψωθήσεται

174 2709 234 2762 τὸ
256 2709 444 2778 κέρας-
463 2711 651 2781 ήμῶν,
683 2713 995 2783 ἀναγκαίως
1027 2715 1232 2784 προῖὼν
1254 2714 1496 2768 διδάσκει
1523 2715 1576 2768 τί
1611 2732 1738 2768 ποτε

174 2795 233 2870 ἦν
263 2801 421 2856 τοῦτο
447 2803 512 2856 τὸ
537 2803 724 2876 κέρας,
765 2808 859 2860 καὶ
889 2805 1051 2860 πόθεν
1079 2804 1219 2876 ἥξει,
1251 2806 1344 2860 καὶ
1373 2806 1489 2870 πῶς
1520 2806 1736 2878 ὑψωθήο

173 2909 336 2950 σεται.
365 2897 464 2950 Διό
491 2914 675 2968 φησιν·
710 2899 831 2953 Ὅτι
851 2899 958 2954 τοῦ
980 2902 1200 2970 Κυρίου
1227 2899 1401 2954 ἐστίν
1431 2902 1469 2970 ἡ
1496 2901 1738 2969 ἀντίλη-

171 2985 289 3050 ψις,
325 2987 358 3056 ἡ
392 2959 515 3039 τοῦ.
535 2959 711 3058 κέρως
739 2988 997 3060 δηλονότι.
1030 2959 1232 3062 Ιξυρίου
1274 2991 1331 3044 δὲ
1367 2959 1540 3059 ποίου,
1576 2993 1610 3064 ἢ
1642 2959 1734 3045 τοῦ

1842 494 2008 549 David
2059 493 2360 548 secundum
2424 501 2606 560 tuam,
2669 493 2928 560 Domine,
2983 496 3401 564 promissionem

1841 584 2182 653 proditurum
2235 581 2356 638 est?
2403 581 2536 636 Nam
2588 584 2720 638 illud
2767 600 2939 638 cornu
2992 594 3260 647 nostrum,
3293 600 3404 654 quo

1843 677 2094 731 inimicos
2137 683 2358 731 nostros
2387 675 2794 742 ventilabimus,
2834 675 2892 730 in
2935 675 3276 747 beneplacito
3309 685 3403 731 tuo

1840 767 2206 822 exaltabitur:
2238 773 2292 822 te
2343 766 2542 822 Sancto
2587 764 2776 829 Israel,
2814 781 2941 836 rege
2986 777 3195 832 nostro,
3237 768 3404 836 hujus

1843 873 2012 911 cornu
2040 866 2220 912 ortum
2275 866 2622 927 procurante.
2666 855 2758 910 lla:
2787 872 2951 926 porro
2979 873 3141 914 voces
3173 860 3401 929 prophe-

1844 957 2022 1003 tarum
2071 947 2296 1012 fuerint,
2347 964 2415 1003 ex
2463 949 2680 1018 propria
2726 963 2959 1018 persona
2997 949 3110 1002 hinc
3142 966 3262 1020 qua:
3289 951 3401 1020 jam

1843 1048 2144 1096 tractamus
2199 1039 2614 1108 proferentium,
2673 1055 2738 1094 ac
2797 1039 3170 1094 conﬁtentium
3230 1058 3402 1095 cornu

1842 1147 2000 1186 suum
2046 1145 2169 1186 esse
2215 1130 2493 1186 Christum
2532 1130 2647 1200 Dei,
2699 1131 2792 1200 qui
2842 1131 3146 1187 secundum
3184 1146 3403 1188 carnem

1840 1224 2159 1308 proditurus
2183 1223 2237 1278 in
2267 1224 2445 1278 lucem
2466 1230 2573 1279 est.

1910 1509 2074 1565 Vens.
2109 1509 2302 1563 21-25.
2325 1508 2468 1562 Tum:
2495 1509 2696 1564 locutus
2724 1526 2777 1563 es
2809 1510 2861 1562 in
2892 1510 3088 1563 visione
3118 1510 3248 1578 ﬁliis
3277 1509 3404 1573 tuis,

1837 1612 1888 1658 et
1908 1603 2129 1656 dixisti:
2165 1601 2325 1656 Posui
2355 1601 2678 1672 adjutorium
2711 1603 2766 1654 in
2792 1611 3032 1669 potente;
3055 1587 3405 1655 exaltavielc—

1841 1705 1980 1750 ctum
2019 1711 2085 1750 ea:
2116 1695 2308 1764 populo
2357 1711 2490 1748 meo.
2546 1693 2727 1748 Inveni
2768 1694 2933 1747 David
2972 1710 3176 1747 servum
3213 1709 3403 1755 meum,

1841 1789 1955 1842 oleo
1984 1798 2168 1843 sancto
2214 1803 2323 1841 meo
2355 1788 2485 1839 unxi
2517 1804 2656 1841 eum.
2703 1785 2898 1840 Manus
2929 1787 3068 1841 enim
3108 1803 3221 1840 mea
3252 1788 3405 1839 auai-

1836 1882 2058 1936 liabitur
2086 1883 2154 1948 ei,
2184 1890 2234 1936 et
2258 1881 2532 1935 brachium
2562 1898 2735 1934 meum
2763 1881 3083 1952 confortabit
3111 1897 3251 1934 eum.
3282 1878 3406 1934 Non

1837 1974 2076 2043 proﬁciet
2109 1973 2351 2027 inimicus
2392 1973 2448 2026 in
2488 1990 2569 2038 eo,
2603 1986 2654 2026 et
2681 1973 2827 2042 ﬁlius
2858 1973 3152 2043 iniquitatis
3183 1988 3287 2025 non
3313 1987 3408 2025 no-

1838 2065 1971 2120 cebit
1995 2068 2063 2120 ei.
2096 2065 2164 2120 Et
2193 2067 2469 2121 concidam
2499 2082 2532 2118 a
2560 2065 2695 2134 [acie
2725 2065 2891 2133 ipsius
2921 2065 3163 2118 inimicos
3189 2063 3327 2133 ejus,
3357 2073 3406 2116 et

1838 2156 2070 2212 odientes
2097 2174 2215 2212 eum
2242 2159 2297 2212 in
2324 2157 2506 2229 fugam
2536 2167 2854 2212 convertam.
2885 2155 2956 2209 Et
2988 2156 3179 2210 veritas
3211 2171 3327 2209 mea
3357 2163 3406 2209 et

1838 2248 2202 2303 misericordia
2231 2265 2347 2304 mea
2369 2265 2487 2303 cum
2508 2251 2646 2318 ipso,
2673 2259 2723 2303 et
2750 2249 2806 2303 in
2829 2249 3036 2302 nomine
3061 2264 3172 2302 meo
3199 2248 3409 2301 exalta-

1839 2343 1980 2398 bitur
2025 2359 2187 2397 cornu
2233 2342 2368 2412 ejus.
2421 2342 2559 2397 Cum
2605 2342 2770 2396 semel
2816 2349 2975 2394 antea
3021 2353 3205 2394 sermo
3236 2354 3407 2393 cornu

1839 2437 2239 2500 memoraverit,
2267 2451 2392 2490 cum
2422 2435 2628 2490 diceret
2655 2451 2669 2488 :
2703 2432 2770 2487 In
2792 2432 3112 2501 beneptacito
3138 2442 3228 2485 tuo
3256 2431 3409 2485 exal-

1841 2526 2042 2580 tabitur
2078 2542 2241 2581 cornu
2267 2535 2526 2588 nostrum,
2557 2523 2873 2579 necessario
2901 2523 3060 2578 docet
3089 2523 3142 2576 in
3175 2537 3411 2592 sequen-

1839 2617 1986 2672 tibus
2017 2616 2288 2688 quodnam
2322 2614 2452 2669 illud
2482 2630 2675 2679 cornu,
2703 2613 2847 2668 unde
2874 2623 3163 2668 venturum
3189 2622 3246 2668 et
3273 2629 3411 2684 quo-

1839 2710 2004 2764 modo
2031 2706 2383 2763 exaltandum
2415 2708 2507 2762 sit.
2537 2704 2906 2772 Quamobrem
2941 2705 3094 2772 dicit,
3131 2704 3270 2771 Quia
3299 2703 3412 2757 Do-

1839 2803 1970 2858 mini
2007 2811 2086 2857 est
2130 2802 2441 2870 assumptio,
2499 2799 2647 2854 illius
2684 2813 2858 2853 cornu
2893 2797 3161 2852 videlicet.
3196 2796 3407 2852 Domini

1839 2899 2020 2948 autem
2059 2887 2370 2958 cuiusnam,
2414 2888 2518 2943 nisi
2565 2885 2965 2948 Sanetilsrael,
3011 2886 3156 2955 regis
3196 2885 3414 2940 nostri?

1838 2983 1961 3054 ipse
1993 2997 2228 3053 namque
2265 2981 2528 3037 Dominus
2569 2987 2625 3036 et
2676 2978 2914 3034 Sanctus
2963 2976 3129 3034 Israel
3163 2993 3278 3040 rex,
3316 2976 3412 3032 Dei

183 3075 358 3142 Ἀγίου
374 3079 596 3150 Ἰσραὴλ
610 3079 705 3133 τοῦ
728 3080 991 3152 βασιλέως
1010 3083 1196 3154 ημῶνς
1231 3084 1401 3148 Αὐτὸς
1430 3083 1538 3156 γὰρ
1565 3087 1594 3138 6
1623 3084 1737 3137 Κύ-

1844 3076 2102 3142 Verbum,
2149 3074 2454 3144 assumptio
2504 3073 2609 3128 erit
2644 3087 2819 3127 cornu
2854 3071 3051 3135 nostri,
3087 3070 3168 3123 uti
3204 3068 3414 3139 pollici-

172 3184 278 3237 ριος
305 3170 399 3223 καὶ
425 3170 457 3223 ὁ
481 3173 668 3242 Ἀγιος
710 3174 804 3226 τοῦ
856 3175 1072 3246 Ἰσραὴλ
1109 3174 1378 3246 βασιλεὺς,
1411 3179 1440 3230 ὁ
1465 3176 1560 3230 τοῦ
1599 3177 1733 3230 Θεοῦ

167 3259 350 3328 Λόγος,
384 3263 673 3335 ἀντίληψις
703 3265 855 3318 ἔσται
879 3266 972 3320 τοῦ
998 3268 1177 3339 κέρως
1211 3270 1368 3339 ἡμῶν
1399 3268 1522 3323 καθ’
1547 3268 1612 3333 ἃς
1641 3283 1739 3322 πε-

169 3353 377 3424 ποίηται
413 3356 769 3425 ἐπαγγελίας,
799 3358 1036 3428 ὁπηνίκα
1075 3359 1226 3413 λαλεῖ
1255 3361 1348 3414 διὰ
1374 3361 1482 3414 τῶν
1521 3379 1738 3432 προφη-

165 3443 267 3499 τῶν
295 3448 429 3519 περὶ
471 3447 564 3501 τοῦ
596 3447 876 3520 μέλλοντος
923 3451 988 3505 ἐκ
1036 3453 1349 3523 σπέρματος
1395 3454 1559 3508 Δαυῖδ
1606 3471 1738 3526 προ-

165 3534 506 3593 ελεύσεσθαι.
556 3542 684 3594 Ὅτε
725 3542 854 3614 γὰρ,
903 3543 1086 3615 φησὶν,
1136 3543 1403 3615 ἐλάλησας
1449 3548 1506 3599 ἐν
1551 3545 1737 3617 ὁράσει

164 3627 271 3690 τοῖς
307 3629 491 3698 ἁγίοις
521 3647 636 3694 σου,
663 3633 732 3686 τά
757 3650 816 3686 τε
857 3635 1189 3705 προκείμενα
1231 3635 1543 3706 ἐπηγγείλω
1569 3638 1656 3700 σὺ,
1693 3629 1738 3688 ὦ

165 3714 311 3780 Θεὸς,
341 3717 436 3771 διὰ
469 3717 578 3772 τῶν
611 3721 838 3774 σεαυτοῦ
877 3723 1008 3776 υἱῶν
1046 3725 1152 3778 τῶν
1187 3725 1500 3797 προφητῶν,
1529 3720 1609 3790 οἷς
1639 3726 1738 3790 τὰς

163 3808 378 3878 ὁράσεις
403 3810 514 3864 τῶν
555 3811 853 3881 μελλόντων
890 3815 1288 3880 ἀπεκάλυπτες·
1328 3816 1396 3870 δι’
1426 3815 1604 3869 αὐτῶν
1628 3816 1738 3886 γὰρ

163 3899 254 3950 καὶ
283 3900 609 3971 ποιούμενος
650 3902 746 3966 τὰς
785 3905 1112 3972 ἐπαγγελίας
1151 3906 1250 3969 τὰς
1283 3905 1420 3977 πρὸς
1442 3905 1534 3958 τὸν
1555 3905 1736 3968 Δαυῒδ,

165 3989 370 4056 τούτοις
405 3994 629 4064 ἐχρήσω
659 3997 773 4059 τοῖς
804 3995 1002 4066 λόγοις·
1057 3997 1301 4066 Ἐθέμην
1317 3997 1609 4066 ,βοήθειαν
1638 3997 1736 4049 ἐπὶ

161 4080 444 4136 δυνατόν·
473 4085 690 4153 ὕψωσα
717 4087 1003 4141 ἐκλεκτὸν
1024 4089 1092 4141 ἐκ
1119 4087 1224 4142 τοῦ
1251 4087 1404 4142 λαοῦ
1423 4105 1560 4156 μου.
1597 4086 1736 4140 Ἀνθ’

161 4165 233 4224 ὧν
262 4175 289 4225 ό
319 4175 620 4246 Σύμμαχος
644 4177 830 4232 τοῦτον
857 4180 1164 4251 ἡρμήνευσε
1196 4179 1287 4233 τὸν
1313 4179 1532 4248 τρόπον·
1573 4179 1737 4233 Ἐπέ-

159 4264 311 4330 θηκα
350 4267 683 4335 ἀντίληψιν
713 4268 970 4336 ἀνδρῶν,
1009 4271 1228 4338 ὕψωσα
1273 4271 1593 4323 ἐπίλεκτον
1620 4268 1736 4323 ἀπὸ

160 4356 265 4411 τοῦ
287 4359 448 4413 λαοῦ
469 4377 610 4428 μου.
643 4357 841 4429 Εὗρον
865 4361 1045 4415 Aucta
1072 4361 1178 4414 τὸν
1208 4360 1434 4416 δοῦλόν
1465 4379 1606 4429 μου,
1645 4359 1738 4414 καὶ

158 4448 226 4502 τὰ
255 4449 384 4520 ἑξῆς
411 4453 526 4515 τοῖς
569 4452 965 4524 Ἐϐδομήκοντα
1001 4451 1414 4524 παραπλησίως·
1451 4445 1525 4505 ὧν
1556 4455 1589 4523 ἡ
1620 4453 1737 4507 διά-

157 4557 277 4594 νοια
306 4541 500 4596 τοῦτον
529 4541 642 4614 ἔχει
668 4544 759 4597 τὸν
785 4545 1002 4616 τρόπον·
1041 4545 1218 4599 Πολλὰ
1268 4545 1509 4615 ζητήσας
1545 4545 1602 4596 ἐν
1641 4545 1737 4597 ἀν-

157 4631 400 4701 θρώποις
429 4633 580 4700 ἄξιον
609 4636 789 4706 εὑρεῖν
815 4635 1078 4706 ἐμαυτοῦ,
1111 4637 1261 4707 μόλις
1299 4637 1429 4688 ποτὲ
1465 4631 1619 4706 εὖρον
1647 4637 1737 4690 τὸν

155 4722 343 4781 δοῦλόν
377 4744 481 4797 μου
509 4727 696 4789 Δαυῒδ,
736 4729 829 4782 τὸν
860 4728 926 4780 δι’
954 4729 1257 4799 ὑπερϐολὴν
1277 4729 1558 4793 εὐσεϐείας
1591 4726 1738 4783 οἷκον

158 4815 248 4867 Eni.
275 4815 386 4886 γῆς
413 4817 698 4888 εὐκτήριον
724 4818 849 4886 ἐμοῖ
875 4817 1162 4888 δείμασθαι
1199 4819 1358 4887 μόνον
1383 4817 1492 4871 τῶν
1522 4819 1580 4884 ἐξ
1609 4819 1739 4873 αἰῶ-

157 4916 246 4964 νος
277 4901 712 4978 διανενοημένον.
741 4909 938 4981 Διόπερ
967 4909 1200 4982 ἀμοιϐὴν
1229 4907 1376 4981 αὐτῷ
1399 4911 1495 4980 τῆς
1532 4910 1740 4981 ἀγαθῆς

157 4993 254 5044 καὶ
293 4995 555 5062 εὐσεϐοῦς
597 5001 967 5072 προαιρέσεως
1007 5001 1367 5074 δωρούμενος,
1398 5002 1512 5056 ἀνθ’
1536 4996 1596 5057 οῦ
1627 5001 1741 5056 δια-

155 5086 413 5157 νενόηται
460 5091 634 5158 οἴκου,
689 5091 853 5156 αὐτὸς
899 5092 1122 5164 ἐμαυτῷ
1170 5091 1305 5147 νεὼν
1356 5093 1620 5163 πανάγιον
1676 5095 1740 5148 ἐκ

156 5177 476 5248 σπέρματος
507 5182 675 5236 αὐτοῦ
710 5185 1122 5240 κατασκευάσω.
1165 5185 1320 5248 Νεὼς
1363 5187 1473 5257 γὰρ
1518 5182 1588 5257 ἦν
1618 5189 1648 5240 ὁ
1676 5187 1740 5240 ἐκ

155 5266 474 5338 σπέρματος
508 5273 668 5327 Δαυῖδ
689 5274 928 5343 γεγονὼς
951 5271 1234 5347 ἄνθρωπος
1262 5278 1354 5332 τοῦ
1383 5277 1742 5349 κατασκηνώ-

153 5372 351 5422 σαντος
379 5362 437 5415 ἐν
453 5366 602 5436 αὐτῷ
625 5367 760 5420 Θεοῦ
784 5369 978 5436 Λόγου.
1011 5370 1076 5423 Ὃ
1098 5369 1164 5441 δὴ
1194 5371 1288 5424 καὶ
1313 5370 1476 5434 αὐτὸς
1501 5373 1530 5424 ὁ
1551 5370 1740 5442 Σωτὴρ

153 5449 411 5505 ἐδίδασκε
440 5457 567 5527 περὶ
594 5460 687 5512 τοῦ
720 5461 850 5514 ἰδίου
876 5459 1126 5531 σώματος
1145 5462 1341 5531 λέγων·
1369 5467 1606 5518 Λύσατε
1635 5462 1743 5516 τὸν

149 5541 308 5595 ναὸν
334 5543 574 5611 τοῦτον,
609 5551 704 5604 καὶ
731 5553 800 5605 ἐν
826 5553 1026 5622 τρισίν
1056 5555 1303 5626 ἡμέραις
1327 5556 1507 5626 ἐγερῶ
1531 5556 1740 5614 αὐτόν.

223 5703 269 5735 ³⁸
315 5703 478 5762 Joan.
517 5723 587 5773 ιι,
625 5712 712 5766 l9.
1171 5741 1174 5744 «

440 5803 694 5866 Parum.
749 5810 864 5868 Gn.
896 5809 1110 5871 XXIII

1840 3176 1932 3224 tus
1963 3175 2068 3232 est,
2115 3183 2238 3222 cum
2288 3182 2385 3238 per
2432 3165 2726 3236 prophetas
2776 3177 3084 3219 sermonem
3117 3163 3320 3216 faceret
3347 3160 3417 3216 de

1841 3261 1936 3316 illo
1954 3261 2049 3331 qui
2071 3276 2136 3313 ex
2161 3259 2370 3314 semine
2389 3257 2556 3312 David
2579 3256 2896 3327 proditurus
2922 3262 3061 3310 erat.
3085 3255 3222 3308 Cum
3246 3253 3416 3319 enim,

1839 3351 2038 3422 inquit.
2069 3351 2284 3406 loeutus
2305 3366 2365 3405 es
2395 3351 2450 3404 in
2479 3350 2692 3404 visione
2719 3349 2926 3405 sanctis
2948 3349 3078 3411 tuis,
3110 3357 3163 3403 et
3191 3348 3304 3402 haec
3332 3355 3416 3411 tu,

1842 3442 2006 3510 Deus,
2036 3459 2134 3514 per
2167 3444 2310 3500 ﬁlios
2360 3453 2484 3498 tuos
2508 3442 2802 3513 prophetas
2846 3440 3171 3511 promisisti,
3217 3439 3421 3509 quibus

1844 3535 2152 3592 futurorum
2183 3537 2425 3592 visiones
2456 3535 2734 3597 revelasti,
2767 3549 2864 3604 per
2895 3548 2990 3589 eos
3023 3548 3259 3602 namque
3287 3547 3418 3602 pro-

1842 3631 2135 3686 missiones
2164 3628 2358 3684 Davidi
2387 3627 2620 3693 cdebas;
2643 3635 2775 3680 tunc
2811 3625 2899 3680 his
2930 3639 3066 3678 usus
3097 3624 3280 3678 verbis
3309 3638 3369 3677 es
3401 3640 3415 3675 :

1844 3725 2011 3779 Posui
2057 3722 2384 3792 adjutorium
2433 3721 2488 3773 in
2530 3728 2737 3787 potente
2766 3734 2785 3770 ε
2816 3716 3050 3770 exaltari
3097 3716 3316 3768 electum
3354 3716 3418 3766 de

1839 3819 1984 3885 plebe
2014 3832 2150 3870 mea.
2185 3812 2292 3868 Pro
2341 3827 2449 3882 quo
2501 3809 2866 3880 Symmachus
2913 3807 3018 3861 hoc
3053 3813 3213 3875 pacto
3247 3805 3418 3857 inter-

1842 3917 2089 3980 pretatus
2132 3916 2238 3970 est,
2293 3905 2459 3959 Posui
2513 3902 2842 3971 adjutorium
2887 3901 3144 3962 i-irorum,
3185 3897 3418 3952 exaltari

1841 4004 2064 4057 electum
2103 4018 2135 4054 a
2175 3998 2366 4069 populo
2401 4013 2534 4051 meo.
2573 3995 2755 4049 Inveni
2784 3992 2953 4047 David
2987 4007 3192 4046 seruum
3222 4006 3416 4052 meum,

1842 4107 1897 4153 et
1916 4097 2126 4165 reliqua
2150 4091 2288 4146 LXX
2321 4087 2753 4159 interpretationi
2779 4085 2974 4141 similia
3003 4103 3018 4140 :
3042 4098 3276 4154 quorum
3306 4081 3419 4135 hinc

1841 4197 1929 4245 est
1975 4186 2248 4242 sententia
2283 4202 2298 4238 :
2340 4182 2476 4237 Cum
2520 4181 2576 4234 in
2600 4179 2914 4234 hominibus
2956 4175 3049 4230 diu
3079 4174 3420 4242 multumque

1843 4280 2188 4352 quaesiissem
2218 4278 2396 4330 virum
2444 4289 2532 4330 me
2579 4274 2826 4342 dignum,
2864 4271 2949 4324 vix
2983 4269 3202 4324 tandem
3238 4267 3418 4320 inveni

1846 4371 2016 4426 David
2064 4383 2284 4425 servum
2329 4381 2535 4430 meum,
2585 4363 2678 4432 qui
2711 4361 2914 4432 ingenti
2965 4361 3166 4430 pietate
3212 4364 3417 4416 motus,

1845 4465 1997 4521 solus
2024 4479 2091 4519 ex
2122 4463 2190 4517 iis
2220 4460 2316 4531 qui
2342 4475 2372 4512 a
2405 4457 2606 4513 sacculo
2637 4455 2860 4508 luerunt
2889 4453 3112 4506 domum
3138 4449 3268 4502 mihi
3294 4463 3419 4503 ora—

1844 4556 2013 4610 tionis
2043 4561 2328 4609 exstruere
2352 4549 2631 4621 cogitavit.
2664 4548 2846 4612 Quare
2871 4545 2998 4597 boni
3029 4542 3212 4612 piique
3237 4540 3421 4594 consi-

1844 4646 1903 4701 lii
1927 4646 2101 4702 vicem
2135 4645 2238 4713 ipsi
2277 4642 2607 4714 rependens,
2651 4654 2749 4710 pro
2787 4639 2952 4693 domo
2983 4649 3146 4704 quam
3177 4633 3420 4688 excitare

1843 4737 2036 4800 voluit,
2062 4736 2192 4790 mihi
2227 4751 2294 4790 ex
2326 4733 2535 4789 semine
2561 4731 2681 4800 ejus
2713 4727 2971 4796 templum
3007 4722 3419 4780 sanctissimum

1844 4828 2144 4883 adornabo.
2160 4825 2294 4879 Nam
2314 4824 2408 4893 qui
2428 4839 2493 4878 ex
2515 4821 2720 4877 semine
2745 4817 2914 4871 David
2940 4815 3117 4870 factus
3133 4823 3217 4870 est
3235 4813 3418 4870 homo.

1843 4919 1937 4976 Dei
1985 4917 2149 4974 Verbi
2192 4918 2248 4971 in
2287 4917 2406 4987 ipso
2455 4911 2752 4968 habitantis
2782 4909 3043 4978 templum
3085 4914 3224 4962 erat.
3267 4903 3422 4970 Quod

1841 5012 2008 5068 etiam
2038 5009 2290 5064 Salvator
2321 5009 2437 5074 ipse
2460 5003 2772 5062 docebatde
2807 5015 3038 5070 corpore
3065 5015 3167 5055 suo
3196 4998 3420 5051 dicens:

1845 5100 2040 5156 Solvite
2054 5098 2300 5169 templum
2313 5097 2429 5160 hoc,
2446 5105 2495 5150 et
2512 5096 2565 5148 in
2579 5093 2748 5146 tribus
2761 5091 2943 5145 diebus
2954 5089 3193 5144 excitabo
3210 5086 3343 5141 illud
3357 5086 3421 5138 ³⁸.

1846 5193 2025 5263 Atque
2059 5189 2350 5245 admodum
2379 5193 2747 5259 congruenter
2773 5181 3131 5255 promissioni
3163 5180 3232 5234 ad
3265 5177 3426 5232 Davi-

1845 5283 1968 5339 dem
1999 5283 2177 5347 facta,
2209 5279 2354 5336 Deus
2388 5280 2491 5349 ipsi
2521 5279 2701 5333 vicem
2737 5273 3007 5345 rependit.
3053 5271 3193 5340 Quia
3236 5268 3423 5338 igitur,

1845 5375 2043 5444 inquit,
2081 5372 2337 5427 idoneum
2368 5379 2422 5424 et
2452 5369 2676 5440 dignum
2715 5363 3146 5438 promissionum
3179 5373 3424 5414 mearum

1846 5461 2023 5517 virum
2053 5459 2252 5529 reperi,
2291 5457 2547 5512 Davidem
2583 5457 2830 5523 scilicet;
2864 5453 2987 5508 ideo
3011 5453 3191 5522 ipsum
3223 5447 3426 5503 auxilio

1845 5569 1970 5610 meo
1993 5552 2248 5622 dignatus
2294 5565 2438 5617 sum,
2483 5549 2714 5605 electum
2746 5544 3046 5611 declaravi,
3071 5553 3126 5599 et
3153 5554 3316 5612 super
3343 5547 3430 5593 to-

3075 5801 3108 5829 ο)
3116 5799 3145 5826 μ·

3071 5829 3152 5863 οὐ
