3830 6288
399 249 540 308 1099

1085 248 1354 308 EUSEBII
1385 248 1865 312 CESARIENSIS
1896 250 2047 310 OPP.
2078 250 2259 311 PARS
2294 250 2384 312 [ΙΙ.
2414 285 2485 299 -
2519 252 2925 312 EXEGETICA.

3518 260 3643 316 HM

398 374 512 422 tum
553 365 812 436 p0pulum
847 363 1106 422 exaltavi.
1159 366 1241 423 Ad
1293 368 1409 424 haec
1467 384 1619 435 vero,
1664 370 1799 439 quia
1848 383 1950 441 pos

2062 371 2189 425 Καὶ
2224 372 2426 444 σφόδρα
2460 388 2524 442 γε
2555 371 2906 443 καταλλήλως
2943 373 3009 443 τῇ
3037 369 3133 426 τοῦ
3160 371 3328 426 Δαυῖδ
3351 372 3643 448 ἐπαγγελίᾳ

397 457 623 512 multam
659 456 1134 528 perquisitionem,
1183 459 1362 531 ipsum
1407 461 1582 516 solum
1624 460 1950 531 pollicitatio

2074 462 2168 514 καὶ
2187 462 2217 514 6
2242 461 2374 526 Θεὸς
2397 462 2498 535 τὴν
2521 462 2659 534 πρὸς
2681 460 2842 514 αὑτὸν
2869 459 3101 532 ἀμοιϐὴν
3123 463 3441 535 ἐποιήσατο.
3475 464 3643 518 Ἔπει-

395 564 527 606 tmm
568 563 813 604 mearum
843 548 1068 621 dignum
1102 550 1316 619 inveni;
1363 552 1523 607 talem
1548 551 1968 623 deprehensum,

395 638 619 711 dignum
653 639 782 696 item
814 639 982 695 habui
1006 642 1098 712 qui
1129 642 1252 697 oleo
1280 652 1474 697 sancto
1506 656 1627 697 meo
1651 648 1967 713 ungeretur,

392 745 506 802 quo
530 731 708 802 ipsum
737 732 893 787 effeci
917 732 1218 797 Christum,
1250 740 1305 788 et
1331 733 1451 790 haec
1483 734 1560 789 illi
1591 749 1678 790 me
1706 735 1968 791 beneﬁcia

393 822 722 879 collaturum
746 824 1040 895 polliceor:
1070 824 1301 880 Dextera
1328 841 1442 879 mea
1464 827 1691 895 ﬁrmiter
1721 828 1823 896 ipsi
1843 827 1969 882 ade-

394 916 489 982 rit,
520 926 572 971 et
612 916 882 971 brachium
932 933 1105 972 meum
1157 917 1477 986 confortabit
1521 936 1639 974 eum
1671 936 1691 974 :
1720 920 1966 975 inimicus

390 1018 511 1063 eum
553 1019 667 1063 non
719 1007 976 1079 decipiet,
1026 1025 1187 1079 neque
1233 1008 1379 1079 ﬁlius
1435 1010 1728 1082 iniquitatis
1775 1013 1966 1084 aﬂiiget

387 1115 528 1156 eum.
550 1096 676 1156 ‘Imo
704 1102 865 1155 etiam
897 1099 1169 1156 concidam
1199 1102 1254 1154 in
1282 1111 1561 1172 conspectu
1588 1104 1702 1173 ejus
1732 1104 1964 1160 odientes

387 1207 530 1255 cura,
576 1202 626 1247 et
671 1192 951 1263 aﬂiigentcs
993 1207 1113 1245 eum
1154 1193 1447 1260 percutiam
1478 1207 1498 1246 :
1529 1194 1868 1263 conﬁrmatio
1915 1203 1964 1248 et

386 1280 566 1350 gratia
605 1297 719 1335 mea
762 1279 930 1336 aderit
961 1280 1083 1349 ipsi.
1136 1280 1203 1335 Et
1245 1282 1361 1336 haec
1399 1283 1619 1354 quidem
1650 1284 1833 1339 omnia
1862 1283 1963 1355 ipsi

368 1370 644 1437 ~aderunt,
697 1371 996 1426 secundum
1062 1369 1375 1442 Symmachi
1433 1374 1960 1444 interpretationem.

388 1457 700 1517 Secundum
729 1458 871 1515 LXX
896 1476 1047 1526 vero,
1074 1460 1272 1517 Manus
1305 1480 1442 1529 mea,
1483 1465 1681 1536 inquit,
1731 1465 1963 1519 auxilia-

385 1552 528 1606 bitur
572 1554 638 1617 ei,
680 1561 729 1608 et
775 1553 1047 1608 brachium
1097 1571 1269 1609 meum
1310 1555 1632 1625 confortabit
1660 1572 1779 1611 eum
1806 1570 1826 1610 :
1857 1573 1962 1611 non

381 1645 620 1714 proﬁciet
649 1645 893 1700 inimicus
926 1646 981 1700 in
1003 1663 1084 1711 eo,
1112 1656 1162 1701 et
1188 1646 1331 1717 [ilius
1360 1648 1658 1718 iniquitatis
1692 1664 1795 1703 non
1828 1649 1960 1719 afﬂi-

2072 551 2137 624 δὴ
2185 552 2384 619 τοίνυν,
2434 553 2619 624 φησιν,
2668 550 2970 624 ἐπιτήδειον
3016 547 3174 624 εὖρον
3220 555 3320 608 καὶ
3364 552 3515 619 ἀξιον
3542 555 3641 608 τῶν

2072 641 2221 714 ἐμῶν
2253 643 2595 714 ιπαγγελιῶν
2641 644 2733 697 τὸν
2781 642 2959 709 Δαυῒδ,
3012 643 3100 699 διὰ
3128 645 3288 699 τοῦτο
3334 647 3640 719 κατηξίωσα

2069 733 2232 787 αὐτὸν
2262 734 2362 806 τῆς
2389 733 2531 806 ἐμῆς
2562 731 2836 804 βοηθείας,
2872 732 3126 787 ἐκλεκτὸν
3152 734 3315 789 αὑτὸν
3339 736 3639 806 ἀποφήνας,

2069 825 2164 879 καὶ
2205 825 2346 896 ὑπὲρ
2388 825 2566 878 πάντα
2606 823 2700 877 τὸν
2736 823 2867 878 λαὸν
2891 823 3202 894 ἀνυψώσας.
3244 825 3358 879 Καὶ
3396 825 3478 878 ἐτι
3515 825 3641 896 πρὸς

2067 915 2277 979 τούτοις
2315 915 2503 988 ἐπειδὴ
2551 915 2722 970 πολλά
2765 915 3029 987 ζητήσας,
3077 916 3235 987 μόνον
3281 916 3447 969 αὐτὸν
3491 912 3643 987 εὖρον

2068 1006 2217 1075 ἀξιον
2249 1006 2358 1062 τῶν
2391 1007 2541 1079 ἐμῶν
2573 1006 2936 1077 ἐπαγγελιῶν,
2974 1009 3070 1061 καὶ
3098 1007 3289 1080 εὑρὼν
3329 1008 3642 1078 κατηξίωσα

2067 1097 2298 1169 κρίσεως
2340 1097 2436 1152 τοῦ
2477 1100 2634 1168 ἁγίου
2673 1117 2772 1171 μου
2812 1100 3018 1163 ἐλαίου,
3054 1100 3122 1154 δι’
3152 1093 3214 1153 οὗ
3267 1100 3365 1154 καὶ
3412 1102 3642 1172 Χριστὸν

2065 1191 2227 1245 αὐτὸν
2267 1192 2713 1265 ἀπειργασάμην,
2767 1193 2860 1246 καὶ
2901 1191 3076 1247 ταῦτα
3113 1190 3260 1263 αὐτῷ
3291 1192 3641 1263 δωρήσασθαι

2065 1283 2485 1356 ἐπαγγέλλομαι-
2529 1284 2589 1340 Ἠ
2606 1282 2775 1347 δεειά
2791 1301 2911 1353 μου
2935 1284 3193 1350 βεϐαίως
3215 1284 3514 1339 συνέστω
3538 1285 3645 1336 ai;-

2062 1372 2163 1441 τῷ,
2216 1374 2314 1429 καὶ
2346 1378 2379 1430 d
2402 1376 2676 1445 βραχίων
2718 1392 2839 1445 μου
2890 1373 3208 1442 στερεώσει
3254 1374 3461 1457 αὐτόν.
3518 1377 3641 1428 οὐκ

2060 1465 2426 1535 ἐξαπατήσει
2460 1469 2646 1521 αὐτόν
2675 1464 2911 1537 ἐχθρὸς,
2938 1466 3081 1520 οὐδὲ
3104 1466 3229 1533 υἱὸς
3258 1466 3497 1533 ἀδικίας
3534 1482 3645 1519 καρ-

2060 1558 2462 1613 κώσειαὺτόν.
2497 1558 2675 1613 Ἀλλὰ
2702 1557 2803 1612 καὶ
2831 1560 3120 1628 συγκόψω
3148 1557 3265 1613 ἀπὸ
3298 1558 3647 1627 ἔμπροσθεν

2059 1649 2247 1704 αὑτοῦ
2298 1649 2440 1716 τοὺς
2476 1649 2811 1719 μισοῦντας
2858 1648 3067 1713 αὐτὸν,
3116 1650 3215 1703 καὶ
3265 1649 3407 1718 τοὺς
3451 1667 3646 1705 κακο-

380 1746 463 1808 get
492 1740 683 1807 ipsum.
728 1736 797 1792 Et
823 1737 1099 1792 concidam
1132 1756 1167 1792 a
1192 1738 1329 1808 facie
1352 1740 1518 1807 ipsius
1551 1740 1792 1794 inimicos
1821 1739 1950 1809 ejus,

2061 1740 2382 1807 ποιοῦντας
2408 1740 2597 1796 αὑτὸν
2627 1740 2890 1805 πατᾶξω·
2924 1743 2963 1810 ἠ
2994 1740 3063 1793 δὲ
3093 1742 3418 1808 βεϐαιωσις
3455 1742 3571 1795 καὶ
3606 1741 3648 1807 ἡ

378 1839 430 1884 et
456 1829 686 1885 odientes
708 1847 827 1884 eum
857 1831 913 1884 in
952 1830 1132 1900 fugam
1168 1840 1489 1887 convertam.
1520 1829 1590 1884 Et
1617 1832 1809 1886 veritas
1840 1846 1957 1885 mea

379 1930 429 1975 et
458 1921 824 1977 misericordia
857 1938 973 1977 mea
1001 1937 1120 1976 eum
1154 1922 1300 1991 ipso;
1348 1936 1410 1977 ac
1441 1921 1659 1978 demum
1690 1932 1812 1993 post
1839 1922 1955 1978 haec

377 2015 581 2079 omnia,
613 2014 666 2068 in
700 2015 908 2069 nomine
937 2031 1050 2069 meo
1079 2013 1404 2069 exaltabitur
1443 2031 1607 2070 cornu
1641 2014 1779 2084 ejus.

2060 1828 2234 1900 χάρις
2272 1829 2391 1899 μοῦ
2436 1830 2731 1885 συνέσται
2768 1828 2945 1895 αὐτῷ.
2988 1831 3098 1884 Καὶ
3131 1830 3303 1886 ταῦτα
3348 1832 3446 1902 μὲν
3483 1833 3650 1903 αὐτῷ

2060 1920 2236 1975 πάντα
2283 1920 2436 1974 ἔσται
2481 1919 2624 1975 κατά
2671 1920 2768 1993 τὴν
2810 1920 2903 1974 τοῦ
2956 1922 3029 1974 Συ
3036 1922 3252 1994 μμάχου
3307 1924 3616 1994 ἑρμηνείαν
3632 1941 3647 1954 ·

2061 2012 2205 2068 κατά
2252 2013 2309 2067 δὲ
2357 2014 2482 2078 τοὺς
2544 2012 2974 2086 Ἐδδομήκοντα·
3021 2015 3081 2070 Ἠ
3123 2017 3251 2084 χείρ
3285 2034 3424 2085 μου,
3475 2019 3651 2088 φησὶ,

375 2109 893 2179 συναντιλήψεται
935 2109 1116 2175 αὐτῷ,
1156 2110 1258 2165 καὶ
1298 2114 1330 2165 ὁ
1356 2111 1630 2180 βραχίων
1654 2127 1775 2180 μου
1802 2110 2160 2179 κατισχύσει
2206 2108 2413 2163 αὐτόν.
2472 2110 2595 2162 Οὐκ
2639 2108 2937 2177 ὠφελήσει
2980 2109 3193 2178 ἐχθρὸς
3227 2109 3296 2162 ἐν
3327 2108 3518 2174 αὐτῷ,
3541 2111 3651 2163 και

373 2201 508 2268 υἱὸς
538 2202 792 2271 ἀνομίας
816 2203 890 2256 οὐ
909 2200 1169 2257 κακώσει
1194 2203 1400 2257 αὑτόν.
1426 2201 1537 2257 Καὶ
1565 2203 1854 2272 συγπόψω
1880 2200 2000 2257 ἀπὸ
2025 2198 2349 2269 προσώπου
2379 2199 2567 2254 αὑτοῦ
2606 2199 2747 2265 τοὺς
2783 2199 3036 2268 ἐχθροὺς
3075 2198 3283 2265 αὑτοῦ,
3327 2199 3427 2254 καὶ
3488 2200 3651 2266 τοὺς

370 2292 705 2362 μισοῦντας
737 2293 925 2347 αὑτὸν
942 2291 1340 2364 τροπώσομαι.
1364 2294 1475 2349 Καὶ
1508 2295 1547 2364 ή
1576 2293 1825 2361 ἀλήθειά
1845 2311 1964 2365 μου
2001 2291 2102 2347 καὶ
2127 2290 2194 2345 τὸ
2211 2291 2381 2358 ἔλεός
2399 2309 2520 2362 μου
2541 2291 2668 2361 μετ’
2703 2290 2911 2346 αὐτοῦ’
2945 2290 3043 2345 καὶ
3064 2290 3236 2357 τέλος
3259 2293 3411 2362 μετὰ
3437 2291 3651 2347 ταῦτα

373 2379 592 2447 πάντα,
626 2382 696 2435 ἐν
718 2381 798 2447 τῷ
825 2382 1071 2453 ὀνόματί
1096 2401 1215 2454 μου
1248 2383 1632 2454 ὑψωθήσεται
1660 2384 1725 2439 τὸ
1762 2383 1940 2453 κέρας
1963 2384 2172 2440 αὐτοῦ.
3528 2388 3535 2406 ’

445 2496 560 2555 Hoc
599 2509 781 2557 autem
823 2516 993 2557 cornu
1043 2502 1163 2573 ejus
1206 2518 1275 2558 ex
1320 2503 1441 2574 ipso
1481 2503 1845 2574 proditurum,
1894 2510 1950 2557 et

374 2593 642 2664 templum
670 2608 738 2649 ex
788 2594 1000 2650 semine
1025 2594 1201 2666 ipsius
1245 2595 1379 2650 mihi
1418 2595 1767 2651 excitandum
1813 2601 1898 2651 est
1931 2613 1945 2651 :

372 2685 661 2756 ipsumque
691 2700 864 2741 cornu
899 2686 1021 2757 ejus
1068 2687 1124 2741 in
1164 2686 1385 2742 nomine
1429 2703 1551 2743 meo
1580 2688 1946 2757 exaltabitur;

370 2776 596 2832 nomine
649 2778 851 2849 quippe
905 2786 962 2833 et
1027 2779 1388 2850 appellatione
1442 2795 1563 2834 mea
1611 2779 1944 2851 dignabitur.

371 2867 920 2925 Denominationibus
944 2869 1088 2926 enim
1130 2871 1269 2925 meis
1298 2869 1732 2941 nuncupabitur,
1766 2877 1820 2925 et
1850 2883 1948 2939 ap-

333 2963 763 3033 pellationibus
812 2976 1029 3034 quoque
1075 2961 1214 3017 meis
1261 2960 1403 3031 apud
1444 2976 1638 3017 omnes
1680 2960 1947 3017 exaltabi-

2127 2499 2299 2554 Τοῦτο
2329 2500 2387 2554 δὲ
2415 2501 2476 2555 τὸ
2503 2493 2672 2573 κέρας
2703 2499 2869 2554 αὐτοῦ
2902 2499 2963 2554 τδ
2998 2500 3191 2570 μέλλον
3219 2498 3277 2566 ἐξ
3304 2500 3471 2555 αὐτοῦ
3508 2520 3654 2574 προ-

2053 2592 2390 2658 ελεύσεσθαι,
2414 2594 2507 2647 καὶ
2531 2597 2560 2648 6
2585 2592 2722 2658 νεὼς
2749 2596 2779 2647 6
2806 2597 2870 2647 ἐκ
2893 2593 3205 2664 σπέρματος
3226 2594 3389 2648 αὐτοῦ
3418 2596 3655 2666 μέλλων

2057 2701 2147 2755 μοι
2181 2684 2706 2751 κατασκευάζεσθαι·
2747 2685 2884 2756 ὅπερ
2923 2685 3091 2757 κέρας
3127 2685 3293 2739 αὐτοῦ
3322 2688 3381 2740 ὲν
3408 2687 3490 2757 τῷ
3523 2688 3654 2740 ὀνό-

2055 2777 2186 2848 ματι
2221 2795 2323 2848 μου
2354 2776 2717 2849 ὑψωθήσεταιο
2746 2776 3210 2849 καταξιωθήσεται
3240 2777 3349 2849 γὰρ
3370 2778 3464 2832 τοῦ
3499 2778 3653 2851 ἐμοῦ

2051 2866 2316 2939 ὀνόματος
2358 2868 2454 2922 καὶ
2499 2871 2600 2940 τῆς
2649 2870 2788 2942 ἐμῆς
2838 2871 3227 2944 προσηγορίας.
3284 2870 3653 2941 Χρηματὶπι

2051 2957 2184 3027 γοῦν
2215 2959 2312 3014 καὶ
2341 2959 2474 3013 αὐτὸ
2497 2963 2611 3025 τοῖς
2639 2963 2792 3033 ὲμοίς
2825 2967 3251 3034 χρηματισμοῖς,
3290 2964 3385 3016 καὶ
3407 2963 3505 3016 διὰ
3532 2963 3653 3016 τῶν

369 3061 480 3107 tur.
533 3052 899 3119 Quamobrem
948 3053 1201 3123 superius
1239 3051 1547 3118 dicebatur,
1598 3050 1669 3105 Et
1707 3053 1766 3105 in
1792 3050 1948 3105 bene-

2058 3050 2202 3121 ὲμῶν
2230 3052 2615 3124 προσηγοριῶν
2640 3053 2790 3125 παρά
2814 3056 2926 3118 τοῖς
2954 3056 3118 3108 πᾶσιν
3143 3054 3521 3125 ὑψωθήσεται.
3553 3054 3653 3108 Διὸ

365 3144 564 3212 placito
591 3153 682 3200 tuo
713 3144 1038 3201 excitabitur
1078 3161 1242 3199 cornu
1273 3157 1533 3199 nostrum.
1577 3141 1684 3199 Sed
1709 3143 1948 3214 prophe-

363 3244 549 3290 tarum
580 3236 802 3306 quidem
845 3238 1048 3292 chorus
1090 3237 1170 3291 sic
1211 3238 1462 3308 superius
1498 3235 1667 3290 Deum
1705 3236 1944 3306 alloque-

360 3325 552 3392 batur,
602 3326 672 3382 Et
704 3328 761 3382 in
811 3327 1132 3398 beneplacito
1168 3338 1257 3383 tuo
1289 3327 1616 3383 exaltabitur
1647 3342 1811 3380 cornu
1850 3342 1948 3379 no-

366 3427 537 3472 strum
558 3433 578 3482 ;
615 3418 728 3488 jam
773 3435 907 3474 vero
945 3420 1062 3491 ipse
1093 3419 1258 3484 Deus,
1283 3419 1555 3490 promissa
1587 3417 1777 3473 Davidi
1818 3416 1946 3473 data

342 3510 618 3578 «ell‘erens,
638 3521 834 3567 caetera
861 3513 1044 3568 omnia
1078 3513 1164 3569 bis
1183 3513 1457 3585 obsignat,
1494 3512 1560 3567 In
1593 3512 1802 3566 nomine
1833 3526 1945 3565 meo

338 3602 692 3657 ~~exaltabitur
720 3621 885 3660 cornu
919 3605 1055 3675 ejus,
1092 3605 1371 3661 Christum
1404 3621 1471 3661 ex
1495 3619 1562 3659 eo
1598 3601 1943 3674 proditurum

362 3695 683 3766 significans
704 3741 719 3766 ,
750 3700 843 3769 qui
873 3715 983 3754 non
1014 3699 1177 3754 modo
1206 3699 1618 3770 prophetarum,
1653 3696 1746 3753 sed
1778 3696 1943 3752 etiam

339 3785 588 3846 --Davidis
627 3804 799 3845 cornu
843 3790 1202 3847 vocaturzde
1244 3806 1354 3862 quo
1402 3790 1505 3847 sub
1552 3799 1666 3845 urec
1706 3787 1940 3857 adjicit:

364 3908 437 3920 --
456 3878 625 3937 Vsus.
656 3881 850 3938 26-99.
879 3881 950 3936 Et
986 3897 1181 3951 ponam
1225 3883 1280 3938 in
1309 3884 1448 3937 mari
1479 3898 1694 3936 manum
1720 3881 1856 3949 ejus,
1893 3888 1945 3934 et

343 3972 420 4026 'in
447 3972 756 4042 [luminibus
785 3972 1057 4029 dexteram
1083 3973 1219 4044 ejus.
1257 3970 1381 4044 Ipse
1406 3973 1668 4028 invocabit
1696 3987 1798 4035 me,
1831 3969 1944 4024 Pa-

368 4070 447 4115 ter
477 4078 621 4116 meus
656 4079 710 4117 es
745 4073 821 4127 tu,
852 4062 996 4118 Deus
1030 4080 1176 4118 meus
1197 4074 1246 4119 et
1273 4072 1545 4133 susceptor
1570 4062 1761 4118 salutis
1789 4075 1937 4117 meat.

2055 3141 2150 3195 καὶ
2179 3142 2237 3194 ὲν
2264 3144 2379 3206 τοῖς
2414 3142 2722 3214 ἔμπροσθεν
2760 3143 2997 3212 ἐλέγετο,
3026 3144 3136 3199 Καὶ
3169 3145 3241 3198 ἐν
3276 3143 3356 3212 τῇ
3381 3144 3650 3212 εὐδοκία

2052 3248 2171 3289 σου
2200 3234 2582 3304 ὑψωθήσεται
2613 3235 2680 3290 τὸ
2714 3235 2890 3305 κέρας
2926 3237 3113 3306 ήμῶν.
3152 3236 3289 3291 Ἀλλ’
3321 3239 3350 3290 6
3385 3237 3490 3308 μὲν
3530 3238 3650 3291 τῶν

2052 3326 2345 3397 προφητῶν
2376 3327 2533 3399 χορὸς
2574 3327 2711 3399 πρὸς
2751 3328 2845 3382 τὸν
2890 3328 3024 3382 Θεὸν
3064 3328 3325 3398 ἀνεφώνει
3362 3328 3652 3400 πρότερον

2051 3416 2243 3488 λέγων,
2278 3418 2387 3472 Καὶ
2401 3418 2470 3471 ἐν
2480 3417 2555 3487 τῇ
2573 3418 2778 3473 suam
2780 3438 2818 3488 ᾳ
2832 3434 2950 3475 σου
2965 3420 3341 3490 ὑψωθήσεται
3360 3420 3431 3474 τὸ
3447 3418 3651 3488 κέρας

2049 3505 2237 3577 ήμῶν·
2269 3507 2430 3570 αὐτὸς
2459 3506 2518 3562 δὲ
2543 3507 2639 3560 νῦν
2670 3507 2699 3559 ὁ
2732 3506 2864 3571 Θεὸς
2896 3507 2992 3571 τάς
3020 3507 3347 3576 ἐπαγγελίας
3378 3505 3517 3575 περὶ
3542 3506 3646 3558 τοῦ

2050 3598 2213 3652 Δαυῖδ
2239 3599 2578 3670 ποιούμενος,
2606 3599 3020 3671 ὲπισφράγισμα
3051 3599 3267 3652 πάντων
3299 3597 3646 3668 προστίθησι

2050 3689 2144 3744 καὶ
2171 3691 2254 3755 τὸ,
2286 3692 2382 3745 Ἑν
2413 3689 2494 3756 τῷ
2522 3690 2765 3757 ὀνόματί
2795 3708 2915 3760 μου
2944 3690 3328 3759 ὑψωθήσεται
3351 3689 3421 3742 τὸ
3446 3688 3649 3759 κέρας

2048 3781 2255 3847 αὑτοῦ,
2282 3782 2373 3840 τὸν
2406 3781 2467 3848 ἐξ
2502 3783 2668 3838 αὐτοῦ
2708 3782 3169 3856 προελευσόμενον
3196 3780 3431 3852 Χριστὸν
3455 3779 3647 3851 δηλώ-

2051 3890 2169 3938 σας,
2203 3874 2373 3947 κέρας
2402 3875 2464 3929 οὐ
2510 3875 2671 3943 μόνον
2710 3875 2806 3929 καὶ
2831 3873 3146 3947 προφητῶν,
3173 3871 3309 3927 ἀλλὰ
3334 3872 3432 3925 καὶ
3458 3872 3643 3925 αὑτοῦ

2047 3966 2143 4021 τοῦ
2176 3966 2338 4022 Δαυῒδ
2364 3968 2775 4040 ὠνομασμένονο
2802 3967 2932 4039 περὶ
2956 3959 3018 4019 οὗ
3045 3966 3175 4036 ἑξῆς
3206 3964 3483 4033 ἐπιλέγειο.
3516 3966 3638 4019 Καὶ

2048 4057 2311 4128 θήσομαι
2347 4060 2417 4113 ἐν
2455 4058 2736 4128 θαλάσσῃ
2784 4058 2953 4128 χεῖρα
2975 4057 3182 4120 αὑτοῦ,
3208 4056 3306 4112 καὶ
3333 4056 3408 4110 ἐν
3444 4070 3641 4116 ποτα,-

353 4148 437 4206 ~~Et
466 4169 559 4224 ego
588 4155 990 4225 primogenitum
1010 4170 1202 4224 ponam
1231 4155 1407 4218 illum,
1434 4155 1699 4210 excelsum
1722 4167 1833 4223 prce
1858 4168 1942 4207 re-

2058 4149 2178 4217 uoi'c
2205 4149 2415 4216 δεξιὰν
2443 4151 2651 4208 αὐτοῦ.
2692 4152 2878 4218 Αὐτὸς
2926 4148 3347 4204 ἑπικαλέσεται
3377 4163 3478 4218 με·
3508 4151 3642 4203 Ha-

341 4242 512 4313 ~‘gibus
536 4252 711 4300 terrae.
748 4243 816 4299 In
858 4256 1110 4301 ceternum
1151 4245 1368 4301 servabo
1408 4246 1490 4300 illi
1522 4242 1940 4300 misericordiam

2058 4242 2157 4311 τήρ
2186 4259 2308 4312 ,μου
2348 4238 2409 4297 εἷ
2450 4243 2554 4309 σὺ,
2598 4245 2738 4310 Θεό(
2778 4259 2899 4312 μου
2944 4241 3045 4295 καὶ
3091 4239 3472 4309 ἀντιλήπτωρ
3522 4238 3639 4309 τῆς

353 4350 556 4398 vneam,
591 4342 642 4388 et
672 4342 1040 4389 testamentum
1072 4351 1242 4389 meum
1264 4334 1418 4405 ridete
1439 4336 1558 4405 ipsi.
1591 4332 1649 4388 Si
1683 4334 1808 4404 quis
1840 4333 1941 4388 ho-

2058 4335 2342 4402 σωτηρίας
2357 4351 2495 4403 μου·
2531 4334 2691 4405 κάγὼ
2723 4336 3103 4404 πρωτότοκον
3129 4331 3387 4403 θήσομαι
3412 4332 3635 4393 αὑτὸν.

363 4433 484 4478 rum
510 4426 836 4482 sententiam
860 4427 1176 4484 accuratius
1212 4425 1533 4499 perpendat,
1570 4426 1685 4480 haec
1722 4440 1833 4497 non
1871 4424 1939 4480 de

2058 4426 2481 4495 ὑψηλὸνιπαρὰ
2525 4426 2650 4494 τοῖς
2691 4425 3027 4492 βασιλεῦσι
3062 4425 3173 4495 τῆς
3213 4424 3347 4496 τῆς.
3383 4426 3494 4492 Εῑς
3525 4426 3637 4479 τὸν

364 4513 592 4581 Davide,
623 4517 720 4573 sed
749 4517 817 4574 de
844 4532 1040 4582 cornu,
1079 4519 1224 4589 quod
1255 4534 1321 4575 ex
1362 4518 1565 4573 Davide
1593 4518 1936 4590 proditurum

2058 4517 2228 4571 ιιῶνα
2248 4515 2499 4586 φυλάξω
2521 4516 2683 4583 αὑτῷ
2713 4518 2781 4571 τὸ
2803 4517 2977 4585 ἔλεός
2997 4530 3139 4586 μου,
3167 4517 3267 4571 καὶ
3296 4516 3337 4583 ή
3360 4517 3631 4586 Διαθήκη

361 4614 502 4673 erat,
522 4611 889 4677 praenuntiata
912 4626 1037 4666 esse
1053 4610 1440 4681 deprehendet.
1466 4608 1602 4664 Nam
1621 4625 1746 4664 cum
1764 4609 1942 4663 dixis-

363 4707 468 4766 set,
510 4698 578 4753 Et
610 4701 664 4754 in
719 4703 927 4757 nomine
968 4719 1082 4758 meo
1123 4703 1452 4757 exaltabitur
1493 4718 1657 4756 cornu
1697 4701 1833 4770 ejus,
1871 4700 1940 4756 de

363 4799 536 4841 cornu
568 4787 662 4841 illo
685 4790 866 4844 statim
903 4791 1209 4859 subjunxit,
1240 4791 1443 4844 Ponam
1467 4791 1523 4844 in
1554 4792 1696 4844 mari
1721 4782 1949 4845 manum.

362 4875 499 4944 ejus,
524 4877 734 4933 scilicet
761 4894 930 4934 cornu
964 4880 1133 4943 illius,
1169 4888 1223 4935 et
1246 4889 1441 4934 caetera
1474 4899 1486 4933 :
1512 4894 1633 4949 quae
1655 4878 1840 4934 omnia
1867 4878 1937 4933 ad

362 4966 639 5022 Christum
673 4984 739 5023 ex
772 4971 980 5026 semine
1011 4970 1181 5027 David
1201 4972 1540 5027 nasciturum
1570 4969 1778 5026 referre
1803 4984 1938 5024 con-

364 5058 530 5113 venit.
574 5057 709 5114 Nam
744 5060 792 5116 si
823 5060 945 5130 quis
980 5061 1169 5116 isthmc
1199 5076 1311 5114 non
1355 5075 1422 5115 eo
1456 5059 1618 5115 modo
1648 5060 1935 5131 intelligat,

365 5149 461 5203 sed
496 5149 566 5205 ad
597 5150 856 5210 Davjdem
893 5151 1114 5216 referat,
1159 5151 1334 5221 ipsius
1360 5166 1494 5208 sane
1524 5151 1794 5207 sententia
1824 5166 1937 5206 non

367 5239 670 5297 consistet:
701 5243 978 5313 quomodo
1009 5244 1153 5299 enim
1191 5243 1334 5299 Deus
1363 5242 1584 5298 Davidis
1617 5258 1839 5298 manum
1881 5243 1937 5298 in

365 5334 504 5387 mari
535 5336 781 5404 posuerit
808 5346 862 5391 et
901 5337 957 5391 in
1003 5335 1322 5393 ﬂuminibus
1349 5336 1630 5391 dexteram
1662 5336 1806 5405 ejus,
1839 5350 1940 5390 ex-

365 5420 531 5490 plicet
557 5422 653 5493 qui
680 5425 932 5480 voluerit.
961 5424 1146 5497 Neque
1175 5426 1319 5481 enim
1349 5425 1515 5480 David
1543 5426 1833 5481 maritimae
1861 5441 1944 5481 re-

363 5513 512 5579 gioni
550 5513 858 5585 imperavit.
909 5518 1017 5573 Aut
1052 5535 1151 5574 cur
1181 5519 1251 5574 de
1294 5518 1498 5573 Davide
1535 5518 1771 5581 dicatur.
1822 5517 1942 5586 Ιρεε

363 5602 626 5659 invocabit
655 5623 755 5671 me,
804 5608 968 5664 Pater
1002 5627 1146 5666 meus
1186 5627 1241 5665 es
1281 5619 1337 5663 tu
1360 5626 1377 5666 :
1400 5622 1451 5665 et
1489 5627 1583 5683 ego
1614 5613 1943 5683 primogeni-

360 5704 475 5748 tum
487 5710 687 5764 ponam
719 5698 916 5757 iitum?
946 5700 1060 5768 Qua
1085 5702 1152 5757 de
1175 5718 1337 5758 causa
1363 5702 1508 5758 enim
1541 5703 1747 5773 potius,
1777 5718 1941 5774 quam

2034 4624 2154 4677 μου
2189 4607 2376 4677 πιστὴ
2414 4606 2593 4674 αὐτῷ.
2625 4609 2694 4662 Ei
2715 4625 2800 4673 τις
2828 4607 3072 4682 ἀκριϐῶς
3093 4608 3403 4679 ἐπιστήσειε
3424 4610 3492 4679 τῇ
3510 4608 3629 4661 τῶν

2038 4698 2346 4770 λεγομένων
2389 4700 2617 4772 διανοίᾳ,
2675 4699 2825 4772 εὕροι
2875 4699 2943 4754 ἂν
2995 4700 3171 4754 ταῦτα
3223 4700 3285 4753 οὐ
3342 4700 3477 4771 περὶ
3532 4698 3628 4752 τοῦ

2038 4786 2224 4853 Δαυῒδ,
2250 4789 2385 4843 ἀλλὰ
2409 4791 2538 4861 περὶ
2568 4788 2663 4842 τοῦ
2694 4789 3155 4862 προελευσομένου
3175 4789 3235 4857 εξ
3252 4789 3422 4843 αὐτοῦ
3450 4789 3625 4855 κέρως

2044 4882 2512 4952 προφητευόμενα.
2546 4880 2729 4934 Εἰπὼν
2758 4880 2868 4953 γάρ
2892 4882 2921 4934 6
2944 4879 3119 4950 λόγος,
3142 4882 3253 4934 Καὶ
3283 4882 3354 4935 ὲν
3384 4878 3466 4942 τῷ
3490 4877 3624 4930 ὀνό-

2038 4971 2185 5039 ματί
2236 4988 2356 5039 μου
2402 4971 2785 5040 ὑψωθήσεται
2828 4970 2895 5024 τὸ
2936 4971 3119 5040 κέρας
3161 4970 3369 5033 αὑτοῦ,
3404 4971 3624 5022 ἐπισυν-

2045 5061 2208 5115 άπτει
2235 5065 2363 5133 περὶ
2410 5062 2504 5117 τοῦ
2545 5063 2742 5134 κέρως,
2778 5064 2875 5119 καὶ
2913 5063 3080 5132 λέγει·
3118 5062 3386 5132 ϐήσομαι
3415 5061 3487 5113 ἐν
3519 5061 3621 5111 θα-

2043 5151 2251 5221 λάσσῃ
2291 5153 2457 5222 χεῖρα
2481 5154 2691 5219 αὐτοῦ,
2721 5154 2879 5225 δῆλον
2901 5155 2946 5209 δ’
2978 5156 3062 5208 ὅτι
3088 5153 3184 5207 τοῦ
3207 5152 3407 5224 κέρως,
3442 5147 3619 5202 καὶτὰ

2046 5243 2192 5316 ἑξῆς·
2216 5246 2310 5299 καὶ
2331 5244 2557 5316 ἁρμόζει
2581 5261 2646 5314 γε
2668 5244 2918 5299 ἐντεῦθεν
2950 5254 3128 5299 παντα
3152 5242 3246 5295 ἐπὶ
3272 5240 3364 5294 τὸν
3386 5236 3621 5311 Χριστὸν

2045 5336 2137 5391 τὸν
2169 5338 2235 5390 ὲκ
2279 5339 2588 5410 σπέρματος
2630 5337 2796 5392 Δαυῖδ
2833 5337 3198 5409 γενησόμενον
3231 5328 3611 5402 ἀναφέρεσθαι.

2047 5430 2112 5482 Et
2141 5427 2272 5498 γοῦν
2300 5446 2384 5494 τις
2417 5430 2491 5501 μὴ
2516 5428 2706 5483 τοῦτον
2739 5429 2957 5483 ὲκλάὸοι
2985 5427 3077 5482 τὸν
3112 5426 3334 5498 τρόπον.
3380 5422 3497 5476 ἀλλ’
3525 5418 3616 5473 ἐπὶ

2046 5519 2137 5572 τὸν
2169 5519 2332 5575 Δαυῒδ
2365 5521 2554 5589 ἀνάγοι
2591 5518 2661 5573 τὰ
2705 5519 3060 5591 προκεζμενα,
3094 5517 3395 5576 ἀσύστατος
3431 5510 3514 5581 εἴη
3548 5508 3615 5563 ἄν

2049 5611 2198 5683 αὐτῷ
2224 5615 2252 5666 ὁ
2280 5612 2456 5682 λόγος.
2489 5612 2612 5676 Πῶς
2635 5611 2743 5684 γὰρ
2772 5610 2865 5665 τοῦ
2885 5610 3050 5665 Δαυῖδ
3073 5610 3132 5664 ὲν
3161 5608 3402 5677 θαλάσσῃ
3436 5602 3609 5667 ἔταξεν

2049 5707 2077 5759 6
2108 5704 2239 5769 Θεὸς
2263 5705 2360 5777 τὴν
2393 5708 2551 5777 χεῖρα
2579 5706 2671 5759 καὶ
2698 5705 2756 5759 ὲν
2791 5705 3054 5774 ποταμοῖς
3082 5702 3181 5775 τὴν
3212 5699 3409 5767 δεξιὰν,
3438 5698 3469 5751 6
3496 5695 3608 5766 βω-
