  <div class='ocr_page' id='page_1' title='image "/cluster/home/n/w/nwhite01/storage/ocr_20150623/23/mdp.39015078384396/568.png"; bbox 0 0 3830 6288; ppageno 0'>
   <div class='ocr_carea' id='block_1_1' title="bbox 200 376 1690 466">
    <p class='ocr_par' dir='ltr' id='par_1_1' title="bbox 200 376 1690 440">
     <span class='ocr_line' id='line_1_1' title="bbox 200 376 1690 440; baseline 0.005 -8"><span class='ocrx_word' id='word_1_1' title='bbox 200 377 227 432; x_wconf 69' lang='grc'><strong>1</strong></span> <span class='ocrx_word' id='word_1_2' title='bbox 241 376 335 433; x_wconf 69' lang='lat' dir='ltr'><strong>iiii</strong></span> <span class='ocrx_word' id='word_1_3' title='bbox 1220 383 1690 440; x_wconf 64' lang='grc' dir='ltr'><strong>(ἷΟΜΜΕΝΓΑΒΙέ</strong></span> 
     </span>
    </p>
   </div>
   <div class='ocr_carea' id='block_1_2' title="bbox 1795 376 3418 466">
    <p class='ocr_par' dir='ltr' id='par_1_2' title="bbox 1795 389 3418 466">
     <span class='ocr_line' id='line_1_2' title="bbox 1795 389 3418 466; baseline 0.015 -25"><span class='ocrx_word' id='word_1_4' title='bbox 1795 389 1817 441; x_wconf 54' lang='grc' dir='ltr'><strong>ί</strong></span> <span class='ocrx_word' id='word_1_5' title='bbox 1854 390 2190 447; x_wconf 74' lang='lat' dir='ltr'><strong>PSALMOS.</strong></span> <span class='ocrx_word' id='word_1_6' title='bbox 3282 411 3418 466; x_wconf 70' lang='grc'><strong>1102</strong></span> 
     </span>
    </p>
   </div>
   <div class='ocr_carea' id='block_1_3' title="bbox 193 490 1690 597">
    <p class='ocr_par' dir='ltr' id='par_1_3' title="bbox 193 490 1690 570">
     <span class='ocr_line' id='line_1_3' title="bbox 193 490 1690 570; baseline 0.005 -26"><span class='ocrx_word' id='word_1_7' title='bbox 193 490 411 561; x_wconf 74' lang='grc' dir='ltr'>Μμενος</span> <span class='ocrx_word' id='word_1_8' title='bbox 454 490 812 561; x_wconf 53' lang='grc' dir='ltr'>ἐνρμηνευέτω.</span> <span class='ocrx_word' id='word_1_9' title='bbox 861 494 994 546; x_wconf 81' lang='grc' dir='ltr'>Οὑδέ</span> <span class='ocrx_word' id='word_1_10' title='bbox 1040 494 1147 567; x_wconf 74' lang='grc' dir='ltr'><strong>γὰρ</strong></span> <span class='ocrx_word' id='word_1_11' title='bbox 1192 500 1492 570; x_wconf 79' lang='grc' dir='ltr'>ἐκράτησεν</span> <span class='ocrx_word' id='word_1_12' title='bbox 1523 503 1551 554; x_wconf 99' lang='lat'><strong>6</strong></span> <span class='ocrx_word' id='word_1_13' title='bbox 1587 504 1690 554; x_wconf 79' lang='grc' dir='ltr'>Δαυ</span> 
     </span>
    </p>
   </div>
   <div class='ocr_carea' id='block_1_4' title="bbox 1795 490 3415 597">
    <p class='ocr_par' dir='ltr' id='par_1_4' title="bbox 1795 503 3415 597">
     <span class='ocr_line' id='line_1_4' title="bbox 1795 503 3415 597; baseline 0.018 -43"><span class='ocrx_word' id='word_1_14' title='bbox 1795 521 1820 567; x_wconf 54' lang='grc' dir='ltr'>κ</span> <span class='ocrx_word' id='word_1_15' title='bbox 1850 503 2144 571; x_wconf 81' lang='lat' dir='ltr'><strong>Abraham,</strong></span> <span class='ocrx_word' id='word_1_16' title='bbox 2185 514 2277 561; x_wconf 89' lang='lat' dir='ltr'><strong>aut</strong></span> <span class='ocrx_word' id='word_1_17' title='bbox 2319 507 2488 577; x_wconf 78' lang='lat' dir='ltr'><strong>Isaae,</strong></span> <span class='ocrx_word' id='word_1_18' title='bbox 2523 521 2618 567; x_wconf 82' lang='lat' dir='ltr'><strong>aut</strong></span> <span class='ocrx_word' id='word_1_19' title='bbox 2662 515 2848 582; x_wconf 85' lang='lat' dir='ltr'><strong>Israel,</strong></span> <span class='ocrx_word' id='word_1_20' title='bbox 2885 526 2979 574; x_wconf 84' lang='lat' dir='ltr'><strong>aut</strong></span> <span class='ocrx_word' id='word_1_21' title='bbox 3022 522 3140 591; x_wconf 85' lang='lat' dir='ltr'><strong>ipse</strong></span> <span class='ocrx_word' id='word_1_22' title='bbox 3177 523 3415 597; x_wconf 79' lang='lat' dir='ltr'><strong>Moyses.</strong></span> 
     </span>
    </p>
   </div>
   <div class='ocr_carea' id='block_1_5' title="bbox 192 578 1690 686">
    <p class='ocr_par' dir='ltr' id='par_1_5' title="bbox 192 578 1690 659">
     <span class='ocr_line' id='line_1_5' title="bbox 192 578 1690 659; baseline 0.007 -28"><span class='ocrx_word' id='word_1_23' title='bbox 192 579 287 647; x_wconf 77' lang='grc' dir='ltr'>τῆς</span> <span class='ocrx_word' id='word_1_24' title='bbox 324 578 563 648; x_wconf 78' lang='grc' dir='ltr'><strong>παράλου</strong></span> <span class='ocrx_word' id='word_1_25' title='bbox 596 579 796 651; x_wconf 78' lang='grc' dir='ltr'>χώρας.</span> <span class='ocrx_word' id='word_1_26' title='bbox 834 582 901 634; x_wconf 84' lang='grc' dir='ltr'><strong>Ἦ</strong></span> <span class='ocrx_word' id='word_1_27' title='bbox 935 584 1052 647; x_wconf 84' lang='grc' dir='ltr'><strong>πῶς</strong></span> <span class='ocrx_word' id='word_1_28' title='bbox 1077 587 1202 657; x_wconf 74' lang='grc' dir='ltr'>περὶ</span> <span class='ocrx_word' id='word_1_29' title='bbox 1233 587 1326 640; x_wconf 84' lang='grc' dir='ltr'><strong>τοῦ</strong></span> <span class='ocrx_word' id='word_1_30' title='bbox 1361 589 1523 641; x_wconf 79' lang='grc' dir='ltr'>Δαυῖδ</span> <span class='ocrx_word' id='word_1_31' title='bbox 1555 590 1690 659; x_wconf 82' lang='grc' dir='ltr'><strong>λέγοι</strong></span> 
     </span>
    </p>
   </div>
   <div class='ocr_carea' id='block_1_6' title="bbox 1795 578 3417 686">
    <p class='ocr_par' dir='ltr' id='par_1_6' title="bbox 1854 578 3417 686">
     <span class='ocr_line' id='line_1_6' title="bbox 1854 578 3417 686; baseline 0.015 -37"><span class='ocrx_word' id='word_1_32' title='bbox 1854 604 1948 650; x_wconf 89' lang='lat' dir='ltr'><strong>aut</strong></span> <span class='ocrx_word' id='word_1_33' title='bbox 1994 596 2159 665; x_wconf 88' lang='lat' dir='ltr'><strong>Elias,</strong></span> <span class='ocrx_word' id='word_1_34' title='bbox 2191 607 2284 654; x_wconf 89' lang='lat' dir='ltr'><strong>aut</strong></span> <span class='ocrx_word' id='word_1_35' title='bbox 2320 602 2412 655; x_wconf 88' lang='lat' dir='ltr'><strong>alii</strong></span> <span class='ocrx_word' id='word_1_36' title='bbox 2444 603 2580 672; x_wconf 90' lang='lat' dir='ltr'><strong>justi</strong></span> <span class='ocrx_word' id='word_1_37' title='bbox 2624 617 2677 660; x_wconf 89' lang='lat' dir='ltr'><strong>et</strong></span> <span class='ocrx_word' id='word_1_38' title='bbox 2705 610 2979 679; x_wconf 77' lang='lat' dir='ltr'><strong>pmpheta:</strong></span> <span class='ocrx_word' id='word_1_39' title='bbox 3019 578 3417 686; x_wconf 67' lang='lat' dir='ltr'><strong>primogeiiitus</strong></span> 
     </span>
    </p>
   </div>
   <div class='ocr_carea' id='block_1_7' title="bbox 190 667 1690 772">
    <p class='ocr_par' dir='ltr' id='par_1_7' title="bbox 190 667 1688 748">
     <span class='ocr_line' id='line_1_7' title="bbox 190 667 1688 748; baseline 0.01 -29"><span class='ocrx_word' id='word_1_40' title='bbox 190 667 253 720; x_wconf 81' lang='grc' dir='ltr'><strong>ἂν</strong></span> <span class='ocrx_word' id='word_1_41' title='bbox 282 668 363 731; x_wconf 77' lang='grc' dir='ltr'>τὸ,</span> <span class='ocrx_word' id='word_1_42' title='bbox 390 669 581 737; x_wconf 84' lang='grc' dir='ltr'>Αὐτὸς</span> <span class='ocrx_word' id='word_1_43' title='bbox 607 672 1028 728; x_wconf 81' lang='grc' dir='ltr'>ἐπικαλέσεται</span> <span class='ocrx_word' id='word_1_44' title='bbox 1054 692 1152 745; x_wconf 81' lang='grc' dir='ltr'>με·</span> <span class='ocrx_word' id='word_1_45' title='bbox 1184 678 1385 745; x_wconf 78' lang='grc' dir='ltr'>Πατήρ</span> <span class='ocrx_word' id='word_1_46' title='bbox 1414 697 1530 748; x_wconf 86' lang='grc' dir='ltr'><strong>μου</strong></span> <span class='ocrx_word' id='word_1_47' title='bbox 1562 677 1620 733; x_wconf 79' lang='grc' dir='ltr'>εἷ</span> <span class='ocrx_word' id='word_1_48' title='bbox 1647 698 1688 735; x_wconf 93' lang='grc' dir='ltr'><strong>σ</strong></span> 
     </span>
    </p>
   </div>
   <div class='ocr_carea' id='block_1_8' title="bbox 1795 667 3419 772">
    <p class='ocr_par' dir='ltr' id='par_1_8' title="bbox 1852 667 3419 772">
     <span class='ocr_line' id='line_1_8' title="bbox 1852 667 3419 772; baseline 0.015 -33"><span class='ocrx_word' id='word_1_49' title='bbox 1852 686 1943 743; x_wconf 89' lang='lat' dir='ltr'><strong>Dei</strong></span> <span class='ocrx_word' id='word_1_50' title='bbox 1981 687 2144 745; x_wconf 84' lang='lat' dir='ltr'><strong>David</strong></span> <span class='ocrx_word' id='word_1_51' title='bbox 2178 707 2302 747; x_wconf 89' lang='lat' dir='ltr'><strong>esse</strong></span> <span class='ocrx_word' id='word_1_52' title='bbox 2334 667 2590 764; x_wconf 77' lang='lat' dir='ltr'><strong>putetur?</strong></span> <span class='ocrx_word' id='word_1_53' title='bbox 2610 667 2859 763; x_wconf 49' lang='lat' dir='ltr'><strong>Qui-vere</strong></span> <span class='ocrx_word' id='word_1_54' title='bbox 2890 667 3086 757; x_wconf 55' lang='lat' dir='ltr'><strong>dixeiit</strong></span> <span class='ocrx_word' id='word_1_55' title='bbox 3120 667 3283 772; x_wconf 60' lang='lat' dir='ltr'><strong>Deus,</strong></span> <span class='ocrx_word' id='word_1_56' title='bbox 3310 708 3419 762; x_wconf 88' lang='lat' dir='ltr'><strong>Po-</strong></span> 
     </span>
    </p>
   </div>
   <div class='ocr_carea' id='block_1_9' title="bbox 183 760 1690 863">
    <p class='ocr_par' dir='ltr' id='par_1_9' title="bbox 183 760 1690 841">
     <span class='ocr_line' id='line_1_9' title="bbox 183 760 1690 841; baseline 0.009 -29"><span class='ocrx_word' id='word_1_57' title='bbox 183 760 341 829; x_wconf 67' lang='grc' dir='ltr'><strong>θοάγὼ</strong></span> <span class='ocrx_word' id='word_1_58' title='bbox 372 764 747 829; x_wconf 80' lang='grc' dir='ltr'>πρωτὸτοκον</span> <span class='ocrx_word' id='word_1_59' title='bbox 768 765 1023 836; x_wconf 80' lang='grc' dir='ltr'>θήσομαι</span> <span class='ocrx_word' id='word_1_60' title='bbox 1053 770 1260 831; x_wconf 78' lang='grc' dir='ltr'><strong>αὺτόν;</strong></span> <span class='ocrx_word' id='word_1_61' title='bbox 1297 771 1440 823; x_wconf 80' lang='grc' dir='ltr'>’Δντὶ</span> <span class='ocrx_word' id='word_1_62' title='bbox 1468 772 1611 835; x_wconf 84' lang='grc' dir='ltr'>τίνος</span> <span class='ocrx_word' id='word_1_63' title='bbox 1642 791 1690 841; x_wconf 74' lang='grc' dir='ltr'>γι</span> 
     </span>
    </p>
   </div>
   <div class='ocr_carea' id='block_1_10' title="bbox 1795 760 3413 863">
    <p class='ocr_par' dir='ltr' id='par_1_10' title="bbox 1850 782 3413 863">
     <span class='ocr_line' id='line_1_10' title="bbox 1850 782 3413 863; baseline 0.015 -31"><span class='ocrx_word' id='word_1_64' title='bbox 1850 797 1973 834; x_wconf 90' lang='lat' dir='ltr'><strong>nam</strong></span> <span class='ocrx_word' id='word_1_65' title='bbox 1997 782 2148 835; x_wconf 84' lang='lat' dir='ltr'><strong>illum</strong></span> <span class='ocrx_word' id='word_1_66' title='bbox 2177 784 2443 840; x_wconf 77' lang='lat' dir='ltr'><strong>excelsum</strong></span> <span class='ocrx_word' id='word_1_67' title='bbox 2457 804 2567 856; x_wconf 74' lang='lat' dir='ltr'><strong>pra:</strong></span> <span class='ocrx_word' id='word_1_68' title='bbox 2594 791 2800 861; x_wconf 81' lang='lat' dir='ltr'><strong>regibus</strong></span> <span class='ocrx_word' id='word_1_69' title='bbox 2839 800 3031 852; x_wconf 71' lang='lat' dir='ltr'><strong>terrm?</strong></span> <span class='ocrx_word' id='word_1_70' title='bbox 3060 798 3413 863; x_wconf 78' lang='lat' dir='ltr'><strong>Quandonam</strong></span> 
     </span>
    </p>
   </div>
   <div class='ocr_carea' id='block_1_11' title="bbox 187 853 1690 958">
    <p class='ocr_par' dir='ltr' id='par_1_11' title="bbox 187 853 1690 934">
     <span class='ocr_line' id='line_1_11' title="bbox 187 853 1690 934; baseline 0.01 -31"><span class='ocrx_word' id='word_1_71' title='bbox 187 853 379 923; x_wconf 77' lang='grc' dir='ltr'>μᾶλλον</span> <span class='ocrx_word' id='word_1_72' title='bbox 411 853 502 905; x_wconf 91' lang='grc' dir='ltr'><strong>τοῦ</strong></span> <span class='ocrx_word' id='word_1_73' title='bbox 540 855 803 927; x_wconf 76' lang='grc' dir='ltr'>Ἀϐραὰμ,</span> <span class='ocrx_word' id='word_1_74' title='bbox 837 860 869 929; x_wconf 69' lang='grc' dir='ltr'>ᾗ</span> <span class='ocrx_word' id='word_1_75' title='bbox 902 860 995 913; x_wconf 88' lang='grc' dir='ltr'><strong>τοῦ</strong></span> <span class='ocrx_word' id='word_1_76' title='bbox 1041 861 1252 928; x_wconf 80' lang='grc' dir='ltr'>Ἰσαὰκ,</span> <span class='ocrx_word' id='word_1_77' title='bbox 1284 864 1316 934; x_wconf 81' lang='grc' dir='ltr'>ἦ</span> <span class='ocrx_word' id='word_1_78' title='bbox 1358 861 1451 916; x_wconf 88' lang='grc' dir='ltr'><strong>τοῦ</strong></span> <span class='ocrx_word' id='word_1_79' title='bbox 1513 865 1690 934; x_wconf 78' lang='grc' dir='ltr'>’Ῑσραὴ</span> 
     </span>
    </p>
   </div>
   <div class='ocr_carea' id='block_1_12' title="bbox 1795 853 3417 958">
    <p class='ocr_par' dir='ltr' id='par_1_12' title="bbox 1850 853 3417 958">
     <span class='ocr_line' id='line_1_12' title="bbox 1850 853 3417 958; baseline 0.014 -33"><span class='ocrx_word' id='word_1_80' title='bbox 1850 870 2016 928; x_wconf 80' lang='lat' dir='ltr'><strong>David</strong></span> <span class='ocrx_word' id='word_1_81' title='bbox 2049 889 2159 943; x_wconf 71' lang='lat' dir='ltr'><strong>pra:</strong></span> <span class='ocrx_word' id='word_1_82' title='bbox 2182 878 2401 947; x_wconf 81' lang='lat' dir='ltr'><strong>regibus</strong></span> <span class='ocrx_word' id='word_1_83' title='bbox 2520 898 2574 951; x_wconf 89' lang='lat' dir='ltr'><strong>g.</strong></span> <span class='ocrx_word' id='word_1_84' title='bbox 2606 853 2917 949; x_wconf 75' lang='lat' dir='ltr'><strong>Persarum,</strong></span> <span class='ocrx_word' id='word_1_85' title='bbox 2949 853 3417 958; x_wconf 27' lang='lat' dir='ltr'><strong>Scytharum,ﬂln;</strong></span> 
     </span>
    </p>
   </div>
   <div class='ocr_carea' id='block_1_13' title="bbox 180 944 1690 1046">
    <p class='ocr_par' dir='ltr' id='par_1_13' title="bbox 180 944 1690 1023">
     <span class='ocr_line' id='line_1_13' title="bbox 180 944 1690 1023; baseline 0.009 -28"><span class='ocrx_word' id='word_1_86' title='bbox 180 944 211 1014; x_wconf 83' lang='grc' dir='ltr'><strong>ἢ</strong></span> <span class='ocrx_word' id='word_1_87' title='bbox 244 944 404 997; x_wconf 76' lang='grc' dir='ltr'>αὑτοῦ</span> <span class='ocrx_word' id='word_1_88' title='bbox 432 946 672 1011; x_wconf 81' lang='grc' dir='ltr'><strong>Μωσέως</strong></span> <span class='ocrx_word' id='word_1_89' title='bbox 690 988 704 1011; x_wconf 87' lang='grc'><strong>,</strong></span> <span class='ocrx_word' id='word_1_90' title='bbox 736 949 768 1020; x_wconf 81' lang='grc' dir='ltr'><strong>ἢ</strong></span> <span class='ocrx_word' id='word_1_91' title='bbox 804 949 897 1003; x_wconf 88' lang='grc' dir='ltr'><strong>τοῦ</strong></span> <span class='ocrx_word' id='word_1_92' title='bbox 914 952 1087 1018; x_wconf 76' lang='grc' dir='ltr'>Ἠλία,</span> <span class='ocrx_word' id='word_1_93' title='bbox 1115 953 1148 1023; x_wconf 79' lang='grc' dir='ltr'>ἢ</span> <span class='ocrx_word' id='word_1_94' title='bbox 1180 953 1289 1007; x_wconf 91' lang='grc' dir='ltr'><strong>τῶν</strong></span> <span class='ocrx_word' id='word_1_95' title='bbox 1318 953 1491 1009; x_wconf 80' lang='grc' dir='ltr'>ἄλλων</span> <span class='ocrx_word' id='word_1_96' title='bbox 1518 955 1690 1009; x_wconf 68' lang='grc' dir='ltr'>δικαία</span> 
     </span>
    </p>
   </div>
   <div class='ocr_carea' id='block_1_14' title="bbox 1795 944 3413 1046">
    <p class='ocr_par' dir='ltr' id='par_1_14' title="bbox 1850 961 3413 1046">
     <span class='ocr_line' id='line_1_14' title="bbox 1850 961 3413 1046; baseline 0.013 -31"><span class='ocrx_word' id='word_1_97' title='bbox 1850 961 2065 1030; x_wconf 86' lang='lat' dir='ltr'><strong>dorum,</strong></span> <span class='ocrx_word' id='word_1_98' title='bbox 2110 964 2451 1038; x_wconf 65' lang='lat' dir='ltr'><strong>Ethiopum,</strong></span> <span class='ocrx_word' id='word_1_99' title='bbox 2502 971 2832 1038; x_wconf 77' lang='lat' dir='ltr'><strong>Maurorum.</strong></span> <span class='ocrx_word' id='word_1_100' title='bbox 2878 969 3265 1046; x_wconf 73' lang='lat' dir='ltr'><strong>Hispanor&#39;um,</strong></span> <span class='ocrx_word' id='word_1_101' title='bbox 3297 979 3413 1035; x_wconf 87' lang='lat' dir='ltr'><strong>Bri-</strong></span> 
     </span>
    </p>
   </div>
   <div class='ocr_carea' id='block_1_15' title="bbox 176 1038 1690 1133">
    <p class='ocr_par' dir='ltr' id='par_1_15' title="bbox 176 1038 1690 1122">
     <span class='ocr_line' id='line_1_15' title="bbox 176 1038 1690 1122; baseline 0.009 -31"><span class='ocrx_word' id='word_1_102' title='bbox 176 1056 231 1091; x_wconf 82' lang='grc' dir='ltr'><strong>τε</strong></span> <span class='ocrx_word' id='word_1_103' title='bbox 255 1038 346 1090; x_wconf 81' lang='grc' dir='ltr'><strong>καὶ</strong></span> <span class='ocrx_word' id='word_1_104' title='bbox 378 1042 693 1112; x_wconf 81' lang='grc' dir='ltr'><strong>προφητῶν,</strong></span> <span class='ocrx_word' id='word_1_105' title='bbox 721 1048 1056 1115; x_wconf 83' lang='grc' dir='ltr'>πρωτότοκος</span> <span class='ocrx_word' id='word_1_106' title='bbox 1084 1048 1176 1101; x_wconf 89' lang='grc' dir='ltr'><strong>τοῦ</strong></span> <span class='ocrx_word' id='word_1_107' title='bbox 1209 1048 1341 1101; x_wconf 84' lang='grc' dir='ltr'>Θεοῦ</span> <span class='ocrx_word' id='word_1_108' title='bbox 1366 1049 1643 1122; x_wconf 81' lang='grc' dir='ltr'>νομισθεῖη</span> <span class='ocrx_word' id='word_1_109' title='bbox 1678 1052 1690 1104; x_wconf 83' lang='grc' dir='ltr'><strong><em>ὶ</em></strong></span> 
     </span>
    </p>
   </div>
   <div class='ocr_carea' id='block_1_16' title="bbox 1795 1038 3413 1133">
    <p class='ocr_par' dir='ltr' id='par_1_16' title="bbox 1844 1058 3413 1133">
     <span class='ocr_line' id='line_1_16' title="bbox 1844 1058 3413 1133; baseline 0.015 -30"><span class='ocrx_word' id='word_1_110' title='bbox 1844 1058 2161 1119; x_wconf 88' lang='lat' dir='ltr'><strong>tannorum,</strong></span> <span class='ocrx_word' id='word_1_111' title='bbox 2214 1065 2308 1110; x_wconf 92' lang='lat' dir='ltr'><strong>aut</strong></span> <span class='ocrx_word' id='word_1_112' title='bbox 2337 1060 2668 1130; x_wconf 85' lang='lat' dir='ltr'><strong>reliquarum</strong></span> <span class='ocrx_word' id='word_1_113' title='bbox 2700 1064 2947 1133; x_wconf 83' lang='lat' dir='ltr'><strong>gentium</strong></span> <span class='ocrx_word' id='word_1_114' title='bbox 2972 1070 3250 1126; x_wconf 85' lang='lat' dir='ltr'><strong>exaltatus</strong></span> <span class='ocrx_word' id='word_1_115' title='bbox 3292 1075 3413 1127; x_wconf 73' lang='lat' dir='ltr'><strong>est?</strong></span> 
     </span>
    </p>
   </div>
   <div class='ocr_carea' id='block_1_17' title="bbox 172 1130 1690 1234">
    <p class='ocr_par' dir='ltr' id='par_1_17' title="bbox 172 1130 1686 1211">
     <span class='ocr_line' id='line_1_17' title="bbox 172 1130 1686 1211; baseline 0.009 -30"><span class='ocrx_word' id='word_1_116' title='bbox 172 1132 199 1182; x_wconf 89' lang='lat'><strong>6</strong></span> <span class='ocrx_word' id='word_1_117' title='bbox 228 1130 415 1195; x_wconf 82' lang='grc' dir='ltr'>Δαυῒδ;</span> <span class='ocrx_word' id='word_1_118' title='bbox 466 1131 590 1196; x_wconf 85' lang='grc' dir='ltr'><strong>Πῶς</strong></span> <span class='ocrx_word' id='word_1_119' title='bbox 634 1134 690 1186; x_wconf 84' lang='grc' dir='ltr'>δὲ</span> <span class='ocrx_word' id='word_1_120' title='bbox 738 1136 1024 1206; x_wconf 81' lang='grc' dir='ltr'><strong>ἀληθεύσει</strong></span> <span class='ocrx_word' id='word_1_121' title='bbox 1070 1141 1199 1211; x_wconf 81' lang='grc' dir='ltr'>περὶ</span> <span class='ocrx_word' id='word_1_122' title='bbox 1248 1140 1412 1195; x_wconf 84' lang='grc' dir='ltr'>αὑτοῦ</span> <span class='ocrx_word' id='word_1_123' title='bbox 1464 1141 1686 1210; x_wconf 82' lang='grc' dir='ltr'><strong>φάσκων</strong></span> 
     </span>
    </p>
   </div>
   <div class='ocr_carea' id='block_1_18' title="bbox 1795 1130 3409 1234">
    <p class='ocr_par' dir='ltr' id='par_1_18' title="bbox 1843 1141 3409 1234">
     <span class='ocr_line' id='line_1_18' title="bbox 1843 1141 3409 1234; baseline 0.015 -38"><span class='ocrx_word' id='word_1_124' title='bbox 1843 1141 1999 1210; x_wconf 88' lang='lat' dir='ltr'><strong>Quod</strong></span> <span class='ocrx_word' id='word_1_125' title='bbox 2048 1146 2095 1201; x_wconf 89' lang='lat' dir='ltr'><strong>si</strong></span> <span class='ocrx_word' id='word_1_126' title='bbox 2134 1147 2249 1203; x_wconf 68' lang='lat' dir='ltr'><strong>haec</strong></span> <span class='ocrx_word' id='word_1_127' title='bbox 2281 1154 2559 1223; x_wconf 86' lang='lat' dir='ltr'><strong>acceperis</strong></span> <span class='ocrx_word' id='word_1_128' title='bbox 2600 1154 2667 1209; x_wconf 87' lang='lat' dir='ltr'><strong>de</strong></span> <span class='ocrx_word' id='word_1_129' title='bbox 2700 1170 2765 1210; x_wconf 90' lang='lat' dir='ltr'><strong>eo</strong></span> <span class='ocrx_word' id='word_1_130' title='bbox 2809 1158 2903 1228; x_wconf 91' lang='lat' dir='ltr'><strong>qui</strong></span> <span class='ocrx_word' id='word_1_131' title='bbox 2951 1174 3018 1214; x_wconf 83' lang='lat' dir='ltr'><strong>ex</strong></span> <span class='ocrx_word' id='word_1_132' title='bbox 3053 1163 3259 1219; x_wconf 87' lang='lat' dir='ltr'><strong>semine</strong></span> <span class='ocrx_word' id='word_1_133' title='bbox 3289 1165 3409 1234; x_wconf 81' lang='lat' dir='ltr'><strong>ejus</strong></span> 
     </span>
    </p>
   </div>
   <div class='ocr_carea' id='block_1_19' title="bbox 172 1220 1690 1312">
    <p class='ocr_par' dir='ltr' id='par_1_19' title="bbox 172 1220 1690 1300">
     <span class='ocr_line' id='line_1_19' title="bbox 172 1220 1690 1300; baseline 0.011 -29"><span class='ocrx_word' id='word_1_134' title='bbox 172 1220 317 1283; x_wconf 82' lang='grc' dir='ltr'>Θεὸς,</span> <span class='ocrx_word' id='word_1_135' title='bbox 362 1221 629 1292; x_wconf 76' lang='grc' dir='ltr'>ϐήσομαι</span> <span class='ocrx_word' id='word_1_136' title='bbox 680 1226 867 1279; x_wconf 77' lang='grc' dir='ltr'>αὐτὸν</span> <span class='ocrx_word' id='word_1_137' title='bbox 909 1229 1156 1297; x_wconf 69' lang='grc' dir='ltr'><strong>ὑψηλὸν</strong></span> <span class='ocrx_word' id='word_1_138' title='bbox 1209 1232 1370 1300; x_wconf 85' lang='grc' dir='ltr'>παρὰ</span> <span class='ocrx_word' id='word_1_139' title='bbox 1410 1231 1532 1297; x_wconf 85' lang='grc' dir='ltr'>τοῖς</span> <span class='ocrx_word' id='word_1_140' title='bbox 1563 1234 1690 1297; x_wconf 80' lang='grc' dir='ltr'>,ϐασ</span> 
     </span>
    </p>
   </div>
   <div class='ocr_carea' id='block_1_20' title="bbox 1795 1220 3406 1312">
    <p class='ocr_par' dir='ltr' id='par_1_20' title="bbox 1841 1238 3406 1312">
     <span class='ocr_line' id='line_1_20' title="bbox 1841 1238 3406 1312; baseline 0.012 -20"><span class='ocrx_word' id='word_1_141' title='bbox 1841 1238 2158 1297; x_wconf 78' lang='lat' dir='ltr'><strong>nasciturus</strong></span> <span class='ocrx_word' id='word_1_142' title='bbox 2190 1250 2330 1306; x_wconf 84' lang='lat' dir='ltr'><strong>erat,</strong></span> <span class='ocrx_word' id='word_1_143' title='bbox 2366 1244 2683 1303; x_wconf 84' lang='lat' dir='ltr'><strong>ﬁrmissime</strong></span> <span class='ocrx_word' id='word_1_144' title='bbox 2714 1256 2769 1304; x_wconf 91' lang='lat' dir='ltr'><strong>et</strong></span> <span class='ocrx_word' id='word_1_145' title='bbox 2805 1252 3218 1311; x_wconf 77' lang='lat' dir='ltr'><strong>accuratissime</strong></span> <span class='ocrx_word' id='word_1_146' title='bbox 3263 1256 3406 1312; x_wconf 83' lang='lat' dir='ltr'><strong>dicta</strong></span> 
     </span>
    </p>
   </div>
   <div class='ocr_carea' id='block_1_21' title="bbox 169 1312 1690 1402">
    <p class='ocr_par' dir='ltr' id='par_1_21' title="bbox 169 1312 1685 1396">
     <span class='ocr_line' id='line_1_21' title="bbox 169 1312 1685 1396; baseline 0.01 -32"><span class='ocrx_word' id='word_1_147' title='bbox 169 1312 338 1365; x_wconf 82' lang='grc' dir='ltr'>λεῦσι</span> <span class='ocrx_word' id='word_1_148' title='bbox 386 1313 498 1382; x_wconf 82' lang='grc' dir='ltr'>τῆς</span> <span class='ocrx_word' id='word_1_149' title='bbox 532 1315 676 1386; x_wconf 78' lang='grc' dir='ltr'><strong>γῆς;</strong></span> <span class='ocrx_word' id='word_1_150' title='bbox 721 1318 845 1371; x_wconf 88' lang='grc' dir='ltr'><strong>Πότ’</strong></span> <span class='ocrx_word' id='word_1_151' title='bbox 877 1316 969 1373; x_wconf 80' lang='grc' dir='ltr'><strong>οῦν</strong></span> <span class='ocrx_word' id='word_1_152' title='bbox 1012 1323 1041 1374; x_wconf 90' lang='lat'><strong>6</strong></span> <span class='ocrx_word' id='word_1_153' title='bbox 1084 1322 1247 1376; x_wconf 80' lang='grc' dir='ltr'>Δαυῖδ</span> <span class='ocrx_word' id='word_1_154' title='bbox 1304 1324 1454 1396; x_wconf 81' lang='grc' dir='ltr'>παρὰ</span> <span class='ocrx_word' id='word_1_155' title='bbox 1502 1325 1685 1396; x_wconf 74' lang='grc' dir='ltr'>Πέρσα</span> 
     </span>
    </p>
   </div>
   <div class='ocr_carea' id='block_1_22' title="bbox 1795 1312 2560 1402">
    <p class='ocr_par' dir='ltr' id='par_1_22' title="bbox 1840 1331 2560 1402">
     <span class='ocr_line' id='line_1_22' title="bbox 1840 1331 2560 1402; baseline 0.015 -20"><span class='ocrx_word' id='word_1_156' title='bbox 1840 1345 2142 1400; x_wconf 77' lang='lat' dir='ltr'><strong>congruere</strong></span> <span class='ocrx_word' id='word_1_157' title='bbox 2170 1331 2560 1402; x_wconf 82' lang='lat' dir='ltr'><strong>deprehendes.</strong></span> 
     </span>
    </p>
   </div>
   <div class='ocr_carea' id='block_1_23' title="bbox 168 1405 3405 1507">
    <p class='ocr_par' dir='ltr' id='par_1_23' title="bbox 168 1405 3405 1507">
     <span class='ocr_line' id='line_1_23' title="bbox 168 1405 3405 1507; baseline 0.012 -51"><span class='ocrx_word' id='word_1_158' title='bbox 168 1405 311 1476; x_wconf 77' lang='grc' dir='ltr'>φέρε,</span> <span class='ocrx_word' id='word_1_159' title='bbox 346 1407 377 1477; x_wconf 75' lang='grc' dir='ltr'>ἢ</span> <span class='ocrx_word' id='word_1_160' title='bbox 417 1407 732 1481; x_wconf 85' lang='grc' dir='ltr'>Σκύθαις,ἢ</span> <span class='ocrx_word' id='word_1_161' title='bbox 779 1413 978 1479; x_wconf 81' lang='grc' dir='ltr'><strong>Ἰνδοῖς,</strong></span> <span class='ocrx_word' id='word_1_162' title='bbox 1013 1415 1046 1485; x_wconf 80' lang='grc' dir='ltr'>ἢ</span> <span class='ocrx_word' id='word_1_163' title='bbox 1081 1416 1347 1488; x_wconf 71' lang='grc' dir='ltr'>Αἰθίοψιν,</span> <span class='ocrx_word' id='word_1_164' title='bbox 1387 1420 1418 1490; x_wconf 82' lang='grc' dir='ltr'>ἦ</span> <span class='ocrx_word' id='word_1_165' title='bbox 1458 1420 1723 1491; x_wconf 83' lang='grc' dir='ltr'>Μαύροις,</span> <span class='ocrx_word' id='word_1_166' title='bbox 1778 1424 1810 1494; x_wconf 77' lang='grc' dir='ltr'>ἢ</span> <span class='ocrx_word' id='word_1_167' title='bbox 1866 1425 2115 1489; x_wconf 83' lang='grc' dir='ltr'>Σπάνοις,</span> <span class='ocrx_word' id='word_1_168' title='bbox 2156 1427 2188 1499; x_wconf 84' lang='grc' dir='ltr'>ἢ</span> <span class='ocrx_word' id='word_1_169' title='bbox 2239 1428 2548 1500; x_wconf 82' lang='grc' dir='ltr'>Βρετανοῖς,</span> <span class='ocrx_word' id='word_1_170' title='bbox 2599 1434 2631 1503; x_wconf 83' lang='grc' dir='ltr'><strong>ἢ</strong></span> <span class='ocrx_word' id='word_1_171' title='bbox 2699 1438 2849 1507; x_wconf 86' lang='grc' dir='ltr'>παρὰ</span> <span class='ocrx_word' id='word_1_172' title='bbox 2887 1442 2998 1503; x_wconf 89' lang='grc' dir='ltr'>τοῖς</span> <span class='ocrx_word' id='word_1_173' title='bbox 3042 1440 3246 1505; x_wconf 80' lang='grc' dir='ltr'>λοιποῖς</span> <span class='ocrx_word' id='word_1_174' title='bbox 3298 1443 3405 1494; x_wconf 85' lang='grc' dir='ltr'><strong>τῶν</strong></span> 
     </span>
    </p>
   </div>
   <div class='ocr_carea' id='block_1_24' title="bbox 166 1498 3404 1604">
    <p class='ocr_par' dir='ltr' id='par_1_24' title="bbox 166 1498 3404 1604">
     <span class='ocr_line' id='line_1_24' title="bbox 166 1498 3404 1604; baseline 0.013 -55"><span class='ocrx_word' id='word_1_175' title='bbox 166 1498 326 1552; x_wconf 80' lang='grc' dir='ltr'>ἐθνῶν</span> <span class='ocrx_word' id='word_1_176' title='bbox 361 1500 673 1570; x_wconf 84' lang='grc' dir='ltr'>βασιλεῦσιν</span> <span class='ocrx_word' id='word_1_177' title='bbox 704 1506 923 1579; x_wconf 78' lang='grc' dir='ltr'>ὑψώθη;</span> <span class='ocrx_word' id='word_1_178' title='bbox 958 1511 1021 1563; x_wconf 83' lang='lat' dir='ltr'><strong>El</strong></span> <span class='ocrx_word' id='word_1_179' title='bbox 1058 1511 1114 1564; x_wconf 86' lang='grc' dir='ltr'><strong>δὲ</strong></span> <span class='ocrx_word' id='word_1_180' title='bbox 1174 1513 1426 1577; x_wconf 71' lang='grc' dir='ltr'>ἐκλάθοις</span> <span class='ocrx_word' id='word_1_181' title='bbox 1479 1515 1651 1570; x_wconf 87' lang='grc' dir='ltr'>ταῦτα</span> <span class='ocrx_word' id='word_1_182' title='bbox 1688 1518 1784 1570; x_wconf 75' lang='grc' dir='ltr'>ἐπὶ</span> <span class='ocrx_word' id='word_1_183' title='bbox 1821 1520 1911 1574; x_wconf 83' lang='grc' dir='ltr'><strong>τὸν</strong></span> <span class='ocrx_word' id='word_1_184' title='bbox 1950 1522 2015 1574; x_wconf 83' lang='grc' dir='ltr'><strong>ἐκ</strong></span> <span class='ocrx_word' id='word_1_185' title='bbox 2060 1498 2375 1595; x_wconf 69' lang='grc' dir='ltr'>σπέρματος</span> <span class='ocrx_word' id='word_1_186' title='bbox 2415 1529 2578 1583; x_wconf 75' lang='grc' dir='ltr'>αὑτοῦ</span> <span class='ocrx_word' id='word_1_187' title='bbox 2618 1498 2897 1601; x_wconf 43' lang='grc' dir='ltr'>κεγονῦτα,</span> <span class='ocrx_word' id='word_1_188' title='bbox 2946 1498 3267 1604; x_wconf 60' lang='grc' dir='ltr'>βεϐαιότατα</span> <span class='ocrx_word' id='word_1_189' title='bbox 3310 1539 3404 1592; x_wconf 71' lang='grc' dir='ltr'>καὶ</span> 
     </span>
    </p>
   </div>
   <div class='ocr_carea' id='block_1_25' title="bbox 165 1592 1726 1680">
    <p class='ocr_par' dir='ltr' id='par_1_25' title="bbox 165 1592 1726 1680">
     <span class='ocr_line' id='line_1_25' title="bbox 165 1592 1726 1680; baseline 0.013 -38"><span class='ocrx_word' id='word_1_190' title='bbox 165 1592 465 1663; x_wconf 87' lang='grc' dir='ltr'>κυριώτατα</span> <span class='ocrx_word' id='word_1_191' title='bbox 488 1595 668 1668; x_wconf 79' lang='grc' dir='ltr'>εὕροις</span> <span class='ocrx_word' id='word_1_192' title='bbox 690 1600 756 1652; x_wconf 86' lang='grc' dir='ltr'>ἂν</span> <span class='ocrx_word' id='word_1_193' title='bbox 778 1602 1155 1672; x_wconf 73' lang='grc' dir='ltr'><strong>ἐφαρμόζοντα</strong></span> <span class='ocrx_word' id='word_1_194' title='bbox 1181 1607 1326 1677; x_wconf 83' lang='grc' dir='ltr'>αὐτῷ</span> <span class='ocrx_word' id='word_1_195' title='bbox 1351 1608 1419 1661; x_wconf 79' lang='grc' dir='ltr'>τὰ</span> <span class='ocrx_word' id='word_1_196' title='bbox 1440 1608 1726 1680; x_wconf 79' lang='grc' dir='ltr'>λεγόμενα.</span> 
     </span>
    </p>
   </div>
   <div class='ocr_carea' id='block_1_26' title="bbox 224 1705 1690 1809">
    <p class='ocr_par' dir='ltr' id='par_1_26' title="bbox 224 1705 1690 1809">
     <span class='ocr_line' id='line_1_26' title="bbox 224 1705 1690 1809; baseline 0.013 -52"><span class='ocrx_word' id='word_1_197' title='bbox 224 1705 510 1781; x_wconf 80' lang='grc' dir='ltr'>Μαρτυρεῖ</span> <span class='ocrx_word' id='word_1_198' title='bbox 551 1710 608 1763; x_wconf 86' lang='grc' dir='ltr'>δὲ</span> <span class='ocrx_word' id='word_1_199' title='bbox 644 1714 715 1809; x_wconf 60' lang='grc' dir='ltr'>τῇ</span> <span class='ocrx_word' id='word_1_200' title='bbox 759 1713 858 1784; x_wconf 79' lang='grc' dir='ltr'>τῆς</span> <span class='ocrx_word' id='word_1_201' title='bbox 904 1718 1237 1788; x_wconf 75' lang='grc' dir='ltr'>προφητείας</span> <span class='ocrx_word' id='word_1_202' title='bbox 1282 1721 1502 1774; x_wconf 77' lang='grc' dir='ltr'>ἐκϐάσει</span> <span class='ocrx_word' id='word_1_203' title='bbox 1545 1724 1639 1775; x_wconf 84' lang='grc' dir='ltr'><strong>καὶ</strong></span> <span class='ocrx_word' id='word_1_204' title='bbox 1670 1741 1690 1774; x_wconf 77' lang='grc' dir='ltr'><strong>ἰ</strong></span> 
     </span>
    </p>
   </div>
   <div class='ocr_carea' id='block_1_27' title="bbox 1795 1705 3399 1809">
    <p class='ocr_par' dir='ltr' id='par_1_27' title="bbox 1905 1722 3399 1809">
     <span class='ocr_line' id='line_1_27' title="bbox 1905 1722 3399 1809; baseline 0.015 -33"><span class='ocrx_word' id='word_1_205' title='bbox 1905 1722 2212 1795; x_wconf 70' lang='grc' dir='ltr'>Ρτορὶιειίιε</span> <span class='ocrx_word' id='word_1_206' title='bbox 2233 1735 2414 1783; x_wconf 89' lang='lat' dir='ltr'><strong>autem</strong></span> <span class='ocrx_word' id='word_1_207' title='bbox 2435 1730 2641 1785; x_wconf 81' lang='lat' dir='ltr'><strong>exitum</strong></span> <span class='ocrx_word' id='word_1_208' title='bbox 2673 1732 2997 1789; x_wconf 82' lang='lat' dir='ltr'><strong>testiﬁcatur</strong></span> <span class='ocrx_word' id='word_1_209' title='bbox 3010 1734 3361 1809; x_wconf 77' lang='lat' dir='ltr'><strong>Evangelium</strong></span> <span class='ocrx_word' id='word_1_210' title='bbox 3383 1784 3399 1809; x_wconf 84' lang='lat'><strong>,</strong></span> 
     </span>
    </p>
   </div>
   <div class='ocr_carea' id='block_1_28' title="bbox 160 1795 1690 1902">
    <p class='ocr_par' dir='ltr' id='par_1_28' title="bbox 160 1795 1690 1885">
     <span class='ocr_line' id='line_1_28' title="bbox 160 1795 1690 1885; baseline 0.015 -39"><span class='ocrx_word' id='word_1_211' title='bbox 160 1796 504 1866; x_wconf 81' lang='grc' dir='ltr'>Εὐαγγέλιον,</span> <span class='ocrx_word' id='word_1_212' title='bbox 535 1801 593 1853; x_wconf 86' lang='grc' dir='ltr'><strong>ἐν</strong></span> <span class='ocrx_word' id='word_1_213' title='bbox 637 1795 681 1870; x_wconf 82' lang='grc' dir='ltr'><strong>ᾧ</strong></span> <span class='ocrx_word' id='word_1_214' title='bbox 715 1804 857 1857; x_wconf 85' lang='grc' dir='ltr'><strong>κατὰ</strong></span> <span class='ocrx_word' id='word_1_215' title='bbox 887 1806 976 1859; x_wconf 87' lang='grc' dir='ltr'><strong>τὸν</strong></span> <span class='ocrx_word' id='word_1_216' title='bbox 1017 1809 1229 1864; x_wconf 85' lang='grc' dir='ltr'>Λουκᾶν</span> <span class='ocrx_word' id='word_1_217' title='bbox 1263 1813 1537 1885; x_wconf 85' lang='grc' dir='ltr'>Ζαχαρίας</span> <span class='ocrx_word' id='word_1_218' title='bbox 1577 1816 1605 1866; x_wconf 92' lang='lat'><strong>6</strong></span> <span class='ocrx_word' id='word_1_219' title='bbox 1634 1832 1690 1868; x_wconf 89' lang='grc' dir='ltr'><strong>το</strong></span> 
     </span>
    </p>
   </div>
   <div class='ocr_carea' id='block_1_29' title="bbox 1795 1795 3402 1902">
    <p class='ocr_par' dir='ltr' id='par_1_29' title="bbox 1795 1815 3402 1902">
     <span class='ocr_line' id='line_1_29' title="bbox 1795 1815 3402 1902; baseline 0.011 -33"><span class='ocrx_word' id='word_1_220' title='bbox 1795 1851 1802 1895; x_wconf 54' lang='grc' dir='ltr'>ι</span> <span class='ocrx_word' id='word_1_221' title='bbox 1835 1815 1926 1869; x_wconf 89' lang='lat' dir='ltr'><strong>ubi</strong></span> <span class='ocrx_word' id='word_1_222' title='bbox 1952 1817 2253 1872; x_wconf 85' lang='lat' dir='ltr'><strong>secundum</strong></span> <span class='ocrx_word' id='word_1_223' title='bbox 2280 1817 2506 1884; x_wconf 86' lang='lat' dir='ltr'><strong>Lucam,</strong></span> <span class='ocrx_word' id='word_1_224' title='bbox 2539 1820 2835 1877; x_wconf 88' lang='lat' dir='ltr'><strong>Zacharias</strong></span> <span class='ocrx_word' id='word_1_225' title='bbox 2860 1824 3024 1879; x_wconf 87' lang='lat' dir='ltr'><strong>etiam</strong></span> <span class='ocrx_word' id='word_1_226' title='bbox 3056 1824 3283 1885; x_wconf 81' lang='lat' dir='ltr'><strong>Joannis</strong></span> <span class='ocrx_word' id='word_1_227' title='bbox 3304 1848 3402 1902; x_wconf 78' lang='lat' dir='ltr'><strong>pa~</strong></span> 
     </span>
    </p>
   </div>
   <div class='ocr_carea' id='block_1_30' title="bbox 169 1888 1690 1983">
    <p class='ocr_par' dir='ltr' id='par_1_30' title="bbox 169 1888 1690 1978">
     <span class='ocr_line' id='line_1_30' title="bbox 169 1888 1690 1978; baseline 0.011 -36"><span class='ocrx_word' id='word_1_228' title='bbox 169 1888 403 1943; x_wconf 82' lang='grc' dir='ltr'>Ἰωάννου</span> <span class='ocrx_word' id='word_1_229' title='bbox 435 1892 620 1964; x_wconf 81' lang='grc' dir='ltr'>πατὴρ</span> <span class='ocrx_word' id='word_1_230' title='bbox 648 1900 955 1969; x_wconf 81' lang='grc' dir='ltr'>προφητικῇ</span> <span class='ocrx_word' id='word_1_231' title='bbox 981 1900 1204 1972; x_wconf 83' lang='grc' dir='ltr'>δυνάμει</span> <span class='ocrx_word' id='word_1_232' title='bbox 1241 1904 1332 1956; x_wconf 81' lang='grc' dir='ltr'>καὶ</span> <span class='ocrx_word' id='word_1_233' title='bbox 1372 1906 1533 1969; x_wconf 80' lang='grc' dir='ltr'>αὐτὸς</span> <span class='ocrx_word' id='word_1_234' title='bbox 1558 1907 1690 1978; x_wconf 81' lang='grc' dir='ltr'>κέρα</span> 
     </span>
    </p>
   </div>
   <div class='ocr_carea' id='block_1_31' title="bbox 1795 1888 3402 1983">
    <p class='ocr_par' dir='ltr' id='par_1_31' title="bbox 1795 1888 3402 1983">
     <span class='ocr_line' id='line_1_31' title="bbox 1795 1888 3402 1983; baseline 0.011 -24"><span class='ocrx_word' id='word_1_235' title='bbox 1795 1888 1801 1895; x_wconf 62' lang='grc'><em>’</em></span> <span class='ocrx_word' id='word_1_236' title='bbox 1831 1916 1914 1960; x_wconf 85' lang='lat' dir='ltr'><strong>ter</strong></span> <span class='ocrx_word' id='word_1_237' title='bbox 1940 1909 2260 1977; x_wconf 89' lang='lat' dir='ltr'><strong>prophetica</strong></span> <span class='ocrx_word' id='word_1_238' title='bbox 2284 1910 2485 1966; x_wconf 89' lang='lat' dir='ltr'><strong>virtute</strong></span> <span class='ocrx_word' id='word_1_239' title='bbox 2518 1913 2698 1983; x_wconf 92' lang='lat' dir='ltr'><strong>ipsum</strong></span> <span class='ocrx_word' id='word_1_240' title='bbox 2731 1914 3010 1970; x_wconf 74' lang='lat' dir='ltr'><strong>Christum</strong></span> <span class='ocrx_word' id='word_1_241' title='bbox 3041 1932 3212 1975; x_wconf 90' lang='lat' dir='ltr'><strong>cornu</strong></span> <span class='ocrx_word' id='word_1_242' title='bbox 3241 1888 3402 1976; x_wconf 65' lang='lat' dir='ltr'><strong>voca-</strong></span> 
     </span>
    </p>
   </div>
   <div class='ocr_carea' id='block_1_32' title="bbox 156 1981 1690 2079">
    <p class='ocr_par' dir='ltr' id='par_1_32' title="bbox 156 1981 1690 2067">
     <span class='ocr_line' id='line_1_32' title="bbox 156 1981 1690 2067; baseline 0.01 -35"><span class='ocrx_word' id='word_1_243' title='bbox 156 1981 304 2034; x_wconf 78' lang='grc' dir='ltr'>αὐτὸν</span> <span class='ocrx_word' id='word_1_244' title='bbox 346 1982 621 2055; x_wconf 86' lang='grc' dir='ltr'>ὠνόμασε.</span> <span class='ocrx_word' id='word_1_245' title='bbox 674 1987 837 2056; x_wconf 80' lang='grc' dir='ltr'><strong>Λέγει</strong></span> <span class='ocrx_word' id='word_1_246' title='bbox 883 1989 928 2042; x_wconf 86' lang='grc' dir='ltr'>δ’</span> <span class='ocrx_word' id='word_1_247' title='bbox 973 1988 1065 2044; x_wconf 87' lang='grc' dir='ltr'><strong>οῦν</strong></span> <span class='ocrx_word' id='word_1_248' title='bbox 1096 1994 1124 2045; x_wconf 91' lang='lat'><strong>6</strong></span> <span class='ocrx_word' id='word_1_249' title='bbox 1153 1994 1542 2067; x_wconf 78' lang='grc' dir='ltr'>εύαγγελιστής</span> <span class='ocrx_word' id='word_1_250' title='bbox 1565 2014 1578 2027; x_wconf 72' lang='grc' dir='ltr'><strong>ο</strong></span> <span class='ocrx_word' id='word_1_251' title='bbox 1614 2002 1690 2051; x_wconf 79' lang='lat' dir='ltr'><strong>Ka</strong></span> 
     </span>
    </p>
   </div>
   <div class='ocr_carea' id='block_1_33' title="bbox 1795 1981 3398 2079">
    <p class='ocr_par' dir='ltr' id='par_1_33' title="bbox 1829 1981 3398 2079">
     <span class='ocr_line' id='line_1_33' title="bbox 1829 1981 3398 2079; baseline 0.011 -29"><span class='ocrx_word' id='word_1_252' title='bbox 1829 1997 1925 2052; x_wconf 88' lang='lat' dir='ltr'><strong>vit.</strong></span> <span class='ocrx_word' id='word_1_253' title='bbox 1963 1998 2052 2054; x_wconf 79' lang='lat' dir='ltr'><strong>Ait</strong></span> <span class='ocrx_word' id='word_1_254' title='bbox 2076 2000 2222 2056; x_wconf 90' lang='lat' dir='ltr'><strong>enim</strong></span> <span class='ocrx_word' id='word_1_255' title='bbox 2254 1981 2585 2072; x_wconf 73' lang='lat' dir='ltr'><strong>evangelista</strong></span> <span class='ocrx_word' id='word_1_256' title='bbox 2616 2022 2630 2060; x_wconf 89' lang='lat'><strong>:</strong></span> <span class='ocrx_word' id='word_1_257' title='bbox 2662 2004 2731 2058; x_wconf 86' lang='lat' dir='ltr'><strong>Et</strong></span> <span class='ocrx_word' id='word_1_258' title='bbox 2754 2004 3047 2062; x_wconf 80' lang='lat' dir='ltr'><strong>Zacharias</strong></span> <span class='ocrx_word' id='word_1_259' title='bbox 3076 2012 3301 2079; x_wconf 84' lang='lat' dir='ltr'><strong>repletus</strong></span> <span class='ocrx_word' id='word_1_260' title='bbox 3318 2026 3398 2068; x_wconf 84' lang='lat' dir='ltr'><strong>est</strong></span> 
     </span>
    </p>
   </div>
   <div class='ocr_carea' id='block_1_34' title="bbox 155 2076 1690 2162">
    <p class='ocr_par' dir='ltr' id='par_1_34' title="bbox 155 2076 1690 2159">
     <span class='ocr_line' id='line_1_34' title="bbox 155 2076 1690 2159; baseline 0.013 -35"><span class='ocrx_word' id='word_1_261' title='bbox 155 2076 445 2143; x_wconf 81' lang='grc' dir='ltr'>Ζαχαρίας</span> <span class='ocrx_word' id='word_1_262' title='bbox 486 2078 766 2150; x_wconf 78' lang='grc' dir='ltr'><strong>ἐπλήσθη</strong></span> <span class='ocrx_word' id='word_1_263' title='bbox 817 2086 1163 2155; x_wconf 76' lang='grc' dir='ltr'>Πνεύματος</span> <span class='ocrx_word' id='word_1_264' title='bbox 1206 2090 1401 2158; x_wconf 78' lang='grc' dir='ltr'>ἁγίου,</span> <span class='ocrx_word' id='word_1_265' title='bbox 1445 2091 1545 2143; x_wconf 81' lang='grc' dir='ltr'>καὶ</span> <span class='ocrx_word' id='word_1_266' title='bbox 1584 2106 1690 2159; x_wconf 76' lang='grc' dir='ltr'><strong>προ</strong></span> 
     </span>
    </p>
   </div>
   <div class='ocr_carea' id='block_1_35' title="bbox 1795 2076 3396 2162">
    <p class='ocr_par' dir='ltr' id='par_1_35' title="bbox 1827 2076 3396 2162">
     <span class='ocr_line' id='line_1_35' title="bbox 1827 2076 3396 2162; baseline 0.009 -21"><span class='ocrx_word' id='word_1_267' title='bbox 1827 2087 2029 2154; x_wconf 77' lang='lat' dir='ltr'><strong>Spiritu</strong></span> <span class='ocrx_word' id='word_1_268' title='bbox 2052 2102 2256 2156; x_wconf 85' lang='lat' dir='ltr'><strong>sancto,</strong></span> <span class='ocrx_word' id='word_1_269' title='bbox 2279 2104 2327 2146; x_wconf 88' lang='lat' dir='ltr'><strong>et</strong></span> <span class='ocrx_word' id='word_1_270' title='bbox 2349 2094 2671 2161; x_wconf 78' lang='lat' dir='ltr'><strong>prophetarit</strong></span> <span class='ocrx_word' id='word_1_271' title='bbox 2698 2095 2896 2162; x_wconf 83' lang='lat' dir='ltr'><strong>dicens,</strong></span> <span class='ocrx_word' id='word_1_272' title='bbox 2920 2076 3235 2156; x_wconf 76' lang='lat' dir='ltr'><strong>Benedictus</strong></span> <span class='ocrx_word' id='word_1_273' title='bbox 3257 2103 3396 2158; x_wconf 71' lang='lat' dir='ltr'><strong>Dens</strong></span> 
     </span>
    </p>
   </div>
   <div class='ocr_carea' id='block_1_36' title="bbox 152 2166 1690 2264">
    <p class='ocr_par' dir='ltr' id='par_1_36' title="bbox 152 2166 1690 2252">
     <span class='ocr_line' id='line_1_36' title="bbox 152 2166 1690 2252; baseline 0.014 -34"><span class='ocrx_word' id='word_1_274' title='bbox 152 2166 441 2235; x_wconf 60' lang='grc' dir='ltr'>εφήτευσε</span> <span class='ocrx_word' id='word_1_275' title='bbox 467 2170 679 2242; x_wconf 76' lang='grc' dir='ltr'><strong>λέγων·</strong></span> <span class='ocrx_word' id='word_1_276' title='bbox 722 2178 1067 2248; x_wconf 72' lang='grc' dir='ltr'><strong>Εὐλογητὸς</strong></span> <span class='ocrx_word' id='word_1_277' title='bbox 1095 2184 1126 2234; x_wconf 83' lang='grc' dir='ltr'><em>ό</em></span> <span class='ocrx_word' id='word_1_278' title='bbox 1160 2182 1303 2247; x_wconf 82' lang='grc' dir='ltr'>Θεὸς</span> <span class='ocrx_word' id='word_1_279' title='bbox 1326 2184 1431 2237; x_wconf 88' lang='grc' dir='ltr'><strong>τοῦ</strong></span> <span class='ocrx_word' id='word_1_280' title='bbox 1463 2184 1690 2252; x_wconf 82' lang='grc' dir='ltr'>Ἰσραὴλ</span> 
     </span>
    </p>
   </div>
   <div class='ocr_carea' id='block_1_37' title="bbox 1795 2166 3394 2264">
    <p class='ocr_par' dir='ltr' id='par_1_37' title="bbox 1826 2180 3394 2264">
     <span class='ocr_line' id='line_1_37' title="bbox 1826 2180 3394 2264; baseline 0.01 -30"><span class='ocrx_word' id='word_1_281' title='bbox 1826 2180 2019 2247; x_wconf 82' lang='lat' dir='ltr'><strong>Israel,</strong></span> <span class='ocrx_word' id='word_1_282' title='bbox 2062 2185 2188 2255; x_wconf 84' lang='lat' dir='ltr'><strong>quia</strong></span> <span class='ocrx_word' id='word_1_283' title='bbox 2235 2186 2465 2239; x_wconf 87' lang='lat' dir='ltr'><strong>visitavit</strong></span> <span class='ocrx_word' id='word_1_284' title='bbox 2509 2196 2561 2239; x_wconf 89' lang='lat' dir='ltr'><strong>et</strong></span> <span class='ocrx_word' id='word_1_285' title='bbox 2612 2188 2735 2256; x_wconf 76' lang='lat' dir='ltr'><strong>fecit</strong></span> <span class='ocrx_word' id='word_1_286' title='bbox 2783 2191 3185 2259; x_wconf 82' lang='lat' dir='ltr'><strong>redemptionem</strong></span> <span class='ocrx_word' id='word_1_287' title='bbox 3232 2198 3394 2264; x_wconf 69' lang='lat' dir='ltr'><strong>plebis</strong></span> 
     </span>
    </p>
   </div>
   <div class='ocr_carea' id='block_1_38' title="bbox 152 2258 1690 2341">
    <p class='ocr_par' dir='ltr' id='par_1_38' title="bbox 152 2258 1690 2341">
     <span class='ocr_line' id='line_1_38' title="bbox 152 2258 1690 2341; baseline 0.013 -30"><span class='ocrx_word' id='word_1_288' title='bbox 152 2258 232 2312; x_wconf 88' lang='grc' dir='ltr'>ὅτι</span> <span class='ocrx_word' id='word_1_289' title='bbox 268 2260 648 2331; x_wconf 74' lang='grc' dir='ltr'><strong>ἐπεσκέψατο</strong></span> <span class='ocrx_word' id='word_1_290' title='bbox 678 2266 776 2320; x_wconf 75' lang='grc' dir='ltr'>καὶ</span> <span class='ocrx_word' id='word_1_291' title='bbox 808 2269 1059 2339; x_wconf 81' lang='grc' dir='ltr'>ἐποίησε</span> <span class='ocrx_word' id='word_1_292' title='bbox 1097 2274 1398 2341; x_wconf 80' lang='grc' dir='ltr'><strong>λύτρωσιν</strong></span> <span class='ocrx_word' id='word_1_293' title='bbox 1430 2275 1535 2329; x_wconf 87' lang='grc' dir='ltr'><strong>τοῦ</strong></span> <span class='ocrx_word' id='word_1_294' title='bbox 1568 2281 1690 2330; x_wconf 61' lang='grc' dir='ltr'>λαοε</span> 
     </span>
    </p>
   </div>
   <div class='ocr_carea' id='block_1_39' title="bbox 1795 2258 3393 2341">
    <p class='ocr_par' dir='ltr' id='par_1_39' title="bbox 1824 2274 3393 2341">
     <span class='ocr_line' id='line_1_39' title="bbox 1824 2274 3393 2341; baseline 0.008 -13"><span class='ocrx_word' id='word_1_295' title='bbox 1824 2291 1955 2331; x_wconf 74' lang='lat' dir='ltr'><strong>aute.</strong></span> <span class='ocrx_word' id='word_1_296' title='bbox 1988 2274 2059 2328; x_wconf 91' lang='lat' dir='ltr'><strong>Et</strong></span> <span class='ocrx_word' id='word_1_297' title='bbox 2104 2277 2275 2330; x_wconf 72' lang='lat' dir='ltr'><strong>erexit</strong></span> <span class='ocrx_word' id='word_1_298' title='bbox 2315 2294 2478 2331; x_wconf 87' lang='lat' dir='ltr'><strong>cornu</strong></span> <span class='ocrx_word' id='word_1_299' title='bbox 2520 2280 2712 2334; x_wconf 84' lang='lat' dir='ltr'><strong>salutis</strong></span> <span class='ocrx_word' id='word_1_300' title='bbox 2758 2281 2905 2337; x_wconf 85' lang='lat' dir='ltr'><strong>nobis</strong></span> <span class='ocrx_word' id='word_1_301' title='bbox 2938 2284 2998 2337; x_wconf 86' lang='lat' dir='ltr'><strong>in</strong></span> <span class='ocrx_word' id='word_1_302' title='bbox 3027 2284 3185 2340; x_wconf 89' lang='lat' dir='ltr'><strong>domo</strong></span> <span class='ocrx_word' id='word_1_303' title='bbox 3223 2288 3393 2341; x_wconf 88' lang='lat' dir='ltr'><strong>David</strong></span> 
     </span>
    </p>
   </div>
   <div class='ocr_carea' id='block_1_40' title="bbox 149 2353 1690 2449">
    <p class='ocr_par' dir='ltr' id='par_1_40' title="bbox 149 2353 1690 2436">
     <span class='ocr_line' id='line_1_40' title="bbox 149 2353 1690 2436; baseline 0.011 -31"><span class='ocrx_word' id='word_1_304' title='bbox 149 2353 340 2406; x_wconf 66' lang='grc' dir='ltr'>αὑτοῦ.</span> <span class='ocrx_word' id='word_1_305' title='bbox 375 2356 492 2409; x_wconf 81' lang='grc' dir='ltr'><strong>Καὶ</strong></span> <span class='ocrx_word' id='word_1_306' title='bbox 528 2356 727 2427; x_wconf 78' lang='grc' dir='ltr'>ἤγειρε</span> <span class='ocrx_word' id='word_1_307' title='bbox 757 2359 935 2427; x_wconf 81' lang='grc' dir='ltr'>κέρας</span> <span class='ocrx_word' id='word_1_308' title='bbox 972 2367 1269 2433; x_wconf 82' lang='grc' dir='ltr'>σωτηρίας</span> <span class='ocrx_word' id='word_1_309' title='bbox 1311 2366 1453 2436; x_wconf 75' lang='grc' dir='ltr'>ἡμῖν</span> <span class='ocrx_word' id='word_1_310' title='bbox 1485 2367 1555 2421; x_wconf 85' lang='grc' dir='ltr'>ἐν</span> <span class='ocrx_word' id='word_1_311' title='bbox 1580 2368 1690 2422; x_wconf 71' lang='lat' dir='ltr'><strong>olm</strong></span> 
     </span>
    </p>
   </div>
   <div class='ocr_carea' id='block_1_41' title="bbox 1795 2353 3393 2449">
    <p class='ocr_par' dir='ltr' id='par_1_41' title="bbox 1823 2366 3393 2449">
     <span class='ocr_line' id='line_1_41' title="bbox 1823 2366 3393 2449; baseline 0.009 -30"><span class='ocrx_word' id='word_1_312' title='bbox 1823 2368 1973 2435; x_wconf 85' lang='lat' dir='ltr'><strong>pueri</strong></span> <span class='ocrx_word' id='word_1_313' title='bbox 2004 2368 2108 2425; x_wconf 86' lang='lat' dir='ltr'><strong>sui.</strong></span> <span class='ocrx_word' id='word_1_314' title='bbox 2153 2366 2305 2423; x_wconf 79' lang='lat' dir='ltr'><strong>Sicut</strong></span> <span class='ocrx_word' id='word_1_315' title='bbox 2335 2370 2541 2424; x_wconf 84' lang='lat' dir='ltr'><strong>locutus</strong></span> <span class='ocrx_word' id='word_1_316' title='bbox 2575 2382 2654 2425; x_wconf 85' lang='lat' dir='ltr'><strong>est</strong></span> <span class='ocrx_word' id='word_1_317' title='bbox 2691 2388 2783 2441; x_wconf 84' lang='lat' dir='ltr'><strong>per</strong></span> <span class='ocrx_word' id='word_1_318' title='bbox 2808 2390 2865 2427; x_wconf 88' lang='lat' dir='ltr'><strong>os</strong></span> <span class='ocrx_word' id='word_1_319' title='bbox 2904 2384 3209 2431; x_wconf 81' lang='lat' dir='ltr'><strong>sanctorum</strong></span> <span class='ocrx_word' id='word_1_320' title='bbox 3244 2381 3335 2449; x_wconf 85' lang='lat' dir='ltr'><strong>qui</strong></span> <span class='ocrx_word' id='word_1_321' title='bbox 3362 2399 3393 2432; x_wconf 83' lang='grc' dir='ltr'><strong>ιι</strong></span> 
     </span>
    </p>
   </div>
   <div class='ocr_carea' id='block_1_42' title="bbox 149 2443 1690 2541">
    <p class='ocr_par' dir='ltr' id='par_1_42' title="bbox 149 2443 1690 2527">
     <span class='ocr_line' id='line_1_42' title="bbox 149 2443 1690 2527; baseline 0.013 -33"><span class='ocrx_word' id='word_1_322' title='bbox 149 2443 319 2497; x_wconf 82' lang='grc' dir='ltr'>Δαυῒδ</span> <span class='ocrx_word' id='word_1_323' title='bbox 366 2446 478 2501; x_wconf 85' lang='grc' dir='ltr'><strong>τοῦ</strong></span> <span class='ocrx_word' id='word_1_324' title='bbox 530 2449 743 2516; x_wconf 82' lang='grc' dir='ltr'>παιδὸς</span> <span class='ocrx_word' id='word_1_325' title='bbox 786 2452 993 2507; x_wconf 86' lang='grc' dir='ltr'>αὐτοῦ.</span> <span class='ocrx_word' id='word_1_326' title='bbox 1046 2456 1250 2523; x_wconf 86' lang='grc' dir='ltr'>Καθὼς</span> <span class='ocrx_word' id='word_1_327' title='bbox 1308 2458 1576 2527; x_wconf 78' lang='grc' dir='ltr'>ἑλάλησε</span> <span class='ocrx_word' id='word_1_328' title='bbox 1623 2459 1690 2514; x_wconf 65' lang='grc' dir='ltr'><strong>δα</strong></span> 
     </span>
    </p>
   </div>
   <div class='ocr_carea' id='block_1_43' title="bbox 1795 2443 3386 2541">
    <p class='ocr_par' dir='ltr' id='par_1_43' title="bbox 1823 2460 3386 2541">
     <span class='ocr_line' id='line_1_43' title="bbox 1823 2460 3386 2541; baseline 0.008 -28"><span class='ocrx_word' id='word_1_329' title='bbox 1823 2460 2017 2513; x_wconf 74' lang='lat' dir='ltr'><strong>sazculo</strong></span> <span class='ocrx_word' id='word_1_330' title='bbox 2063 2470 2187 2514; x_wconf 85' lang='lat' dir='ltr'><strong>sunt</strong></span> <span class='ocrx_word' id='word_1_331' title='bbox 2226 2462 2602 2530; x_wconf 83' lang='lat' dir='ltr'><strong>prophetarum</strong></span> <span class='ocrx_word' id='word_1_332' title='bbox 2649 2464 2763 2532; x_wconf 88' lang='lat' dir='ltr'><strong>ejus</strong></span> <span class='ocrx_word' id='word_1_333' title='bbox 2784 2464 2849 2517; x_wconf 87' lang='grc'><strong>³⁷.</strong></span> <span class='ocrx_word' id='word_1_334' title='bbox 2884 2465 3068 2522; x_wconf 84' lang='lat' dir='ltr'><strong>Cornu</strong></span> <span class='ocrx_word' id='word_1_335' title='bbox 3091 2484 3221 2523; x_wconf 82' lang='lat' dir='ltr'><strong>vero</strong></span> <span class='ocrx_word' id='word_1_336' title='bbox 3264 2487 3386 2541; x_wconf 88' lang='lat' dir='ltr'><strong>pro-</strong></span> 
     </span>
    </p>
   </div>
   <div class='ocr_carea' id='block_1_44' title="bbox 147 2536 1717 2618">
    <p class='ocr_par' dir='ltr' id='par_1_44' title="bbox 147 2536 1717 2618">
     <span class='ocr_line' id='line_1_44' title="bbox 147 2536 1717 2618; baseline 0.01 -29"><span class='ocrx_word' id='word_1_337' title='bbox 147 2536 435 2605; x_wconf 83' lang='grc' dir='ltr'>στόματος</span> <span class='ocrx_word' id='word_1_338' title='bbox 477 2539 596 2593; x_wconf 74' lang='grc' dir='ltr'>τῶν</span> <span class='ocrx_word' id='word_1_339' title='bbox 635 2541 818 2611; x_wconf 78' lang='grc' dir='ltr'>ἁγίων</span> <span class='ocrx_word' id='word_1_340' title='bbox 861 2545 961 2599; x_wconf 81' lang='grc' dir='ltr'><strong>ἀπ’</strong></span> <span class='ocrx_word' id='word_1_341' title='bbox 1008 2545 1224 2614; x_wconf 72' lang='grc' dir='ltr'>αἰῶνος</span> <span class='ocrx_word' id='word_1_342' title='bbox 1261 2549 1580 2618; x_wconf 72' lang='grc' dir='ltr'>προφητῶν</span> <span class='ocrx_word' id='word_1_343' title='bbox 1610 2554 1717 2605; x_wconf 77' lang='grc' dir='ltr'><strong>αὑ-</strong></span> 
     </span>
    </p>
   </div>
   <div class='ocr_carea' id='block_1_45' title="bbox 146 2627 1712 2712">
    <p class='ocr_par' dir='ltr' id='par_1_45' title="bbox 146 2627 1712 2712">
     <span class='ocr_line' id='line_1_45' title="bbox 146 2627 1712 2712; baseline 0.01 -33"><span class='ocrx_word' id='word_1_344' title='bbox 146 2627 261 2681; x_wconf 83' lang='grc' dir='ltr'>τοῦ.</span> <span class='ocrx_word' id='word_1_345' title='bbox 288 2630 476 2701; x_wconf 82' lang='grc' dir='ltr'>Κέρας</span> <span class='ocrx_word' id='word_1_346' title='bbox 500 2632 559 2685; x_wconf 85' lang='grc' dir='ltr'>δὲ</span> <span class='ocrx_word' id='word_1_347' title='bbox 589 2635 793 2705; x_wconf 80' lang='grc' dir='ltr'>κυρίως</span> <span class='ocrx_word' id='word_1_348' title='bbox 817 2635 1126 2707; x_wconf 85' lang='grc' dir='ltr'>ὠνόμασται</span> <span class='ocrx_word' id='word_1_349' title='bbox 1152 2640 1180 2691; x_wconf 84' lang='grc' dir='ltr'>ὁ</span> <span class='ocrx_word' id='word_1_350' title='bbox 1203 2641 1431 2712; x_wconf 79' lang='grc' dir='ltr'>Χριστὸς</span> <span class='ocrx_word' id='word_1_351' title='bbox 1449 2641 1544 2694; x_wconf 85' lang='grc' dir='ltr'><strong>τοῦ</strong></span> <span class='ocrx_word' id='word_1_352' title='bbox 1560 2642 1712 2695; x_wconf 84' lang='grc' dir='ltr'>Θεοῦ.</span> 
     </span>
    </p>
   </div>
   <div class='ocr_carea' id='block_1_46' title="bbox 147 2719 1715 2805">
    <p class='ocr_par' dir='ltr' id='par_1_46' title="bbox 147 2719 1715 2805">
     <span class='ocr_line' id='line_1_46' title="bbox 147 2719 1715 2805; baseline 0.011 -36"><span class='ocrx_word' id='word_1_353' title='bbox 147 2719 229 2771; x_wconf 79' lang='grc' dir='ltr'><strong>Διὸ</strong></span> <span class='ocrx_word' id='word_1_354' title='bbox 274 2722 367 2775; x_wconf 77' lang='grc' dir='ltr'><strong>καὶ</strong></span> <span class='ocrx_word' id='word_1_355' title='bbox 422 2724 735 2797; x_wconf 85' lang='grc' dir='ltr'>μονόκερως</span> <span class='ocrx_word' id='word_1_356' title='bbox 788 2728 1004 2799; x_wconf 79' lang='grc' dir='ltr'>εἴρηται</span> <span class='ocrx_word' id='word_1_357' title='bbox 1055 2731 1195 2785; x_wconf 73' lang='grc' dir='ltr'>κατὰ</span> <span class='ocrx_word' id='word_1_358' title='bbox 1247 2733 1345 2805; x_wconf 74' lang='grc' dir='ltr'>τὴν</span> <span class='ocrx_word' id='word_1_359' title='bbox 1404 2734 1715 2801; x_wconf 80' lang='grc' dir='ltr'>φάσκουσαν</span> 
     </span>
    </p>
   </div>
   <div class='ocr_carea' id='block_1_47' title="bbox 147 2811 1709 2894">
    <p class='ocr_par' dir='ltr' id='par_1_47' title="bbox 147 2811 1709 2894">
     <span class='ocr_line' id='line_1_47' title="bbox 147 2811 1709 2894; baseline 0.01 -30"><span class='ocrx_word' id='word_1_360' title='bbox 147 2811 372 2885; x_wconf 74' lang='grc' dir='ltr'>Γραφήνο</span> <span class='ocrx_word' id='word_1_361' title='bbox 408 2816 526 2869; x_wconf 79' lang='grc' dir='ltr'><strong>Καὶ</strong></span> <span class='ocrx_word' id='word_1_362' title='bbox 566 2819 947 2889; x_wconf 72' lang='grc' dir='ltr'>ἠγαπημένος</span> <span class='ocrx_word' id='word_1_363' title='bbox 991 2822 1071 2889; x_wconf 86' lang='grc' dir='ltr'>ὡς</span> <span class='ocrx_word' id='word_1_364' title='bbox 1106 2824 1238 2891; x_wconf 81' lang='grc' dir='ltr'>υίὸς</span> <span class='ocrx_word' id='word_1_365' title='bbox 1269 2825 1709 2894; x_wconf 77' lang='grc' dir='ltr'>μονοκερώτων’</span> 
     </span>
    </p>
   </div>
   <div class='ocr_carea' id='block_1_48' title="bbox 144 2902 1711 2991">
    <p class='ocr_par' dir='ltr' id='par_1_48' title="bbox 144 2902 1711 2991">
     <span class='ocr_line' id='line_1_48' title="bbox 144 2902 1711 2991; baseline 0.013 -38"><span class='ocrx_word' id='word_1_366' title='bbox 144 2902 360 2975; x_wconf 79' lang='grc' dir='ltr'>ἐπείπερ</span> <span class='ocrx_word' id='word_1_367' title='bbox 385 2905 458 2959; x_wconf 85' lang='grc' dir='ltr'>δι’</span> <span class='ocrx_word' id='word_1_368' title='bbox 482 2907 645 2961; x_wconf 76' lang='grc' dir='ltr'>αὑτοῦ</span> <span class='ocrx_word' id='word_1_369' title='bbox 677 2909 825 2963; x_wconf 84' lang='grc' dir='ltr'>πᾶσα</span> <span class='ocrx_word' id='word_1_370' title='bbox 852 2914 884 2985; x_wconf 82' lang='grc' dir='ltr'>ἠ</span> <span class='ocrx_word' id='word_1_371' title='bbox 920 2913 1267 2988; x_wconf 81' lang='grc' dir='ltr'>ἀντικειμένη</span> <span class='ocrx_word' id='word_1_372' title='bbox 1304 2919 1399 2971; x_wconf 78' lang='grc' dir='ltr'><strong>καὶ</strong></span> <span class='ocrx_word' id='word_1_373' title='bbox 1430 2918 1599 2991; x_wconf 86' lang='grc' dir='ltr'>ἐχθρὰ</span> <span class='ocrx_word' id='word_1_374' title='bbox 1620 2920 1711 2973; x_wconf 82' lang='grc' dir='ltr'><strong>τοῦ</strong></span> 
     </span>
    </p>
   </div>
   <div class='ocr_carea' id='block_1_49' title="bbox 142 2991 1704 3081">
    <p class='ocr_par' dir='ltr' id='par_1_49' title="bbox 142 2991 1704 3081">
     <span class='ocr_line' id='line_1_49' title="bbox 142 2991 1704 3081; baseline 0.012 -37"><span class='ocrx_word' id='word_1_375' title='bbox 142 2991 265 3046; x_wconf 83' lang='grc' dir='ltr'>Θεοῦ</span> <span class='ocrx_word' id='word_1_376' title='bbox 284 2994 515 3067; x_wconf 85' lang='grc' dir='ltr'>δύναμις</span> <span class='ocrx_word' id='word_1_377' title='bbox 533 3000 807 3072; x_wconf 83' lang='grc' dir='ltr'>ἐνετράπη</span> <span class='ocrx_word' id='word_1_378' title='bbox 826 3006 1207 3075; x_wconf 82' lang='grc' dir='ltr'>κερατισθεῖσα</span> <span class='ocrx_word' id='word_1_379' title='bbox 1226 3011 1317 3062; x_wconf 75' lang='grc' dir='ltr'><strong>καὶ</strong></span> <span class='ocrx_word' id='word_1_380' title='bbox 1337 3011 1704 3081; x_wconf 86' lang='grc' dir='ltr'>κεραϊσθεῖσα.</span> 
     </span>
    </p>
   </div>
   <div class='ocr_carea' id='block_1_50' title="bbox 144 3084 1710 3172">
    <p class='ocr_par' dir='ltr' id='par_1_50' title="bbox 144 3084 1710 3172">
     <span class='ocr_line' id='line_1_50' title="bbox 144 3084 1710 3172; baseline 0.013 -34"><span class='ocrx_word' id='word_1_381' title='bbox 144 3084 306 3151; x_wconf 83' lang='grc' dir='ltr'>Μόνος</span> <span class='ocrx_word' id='word_1_382' title='bbox 348 3090 484 3159; x_wconf 82' lang='grc' dir='ltr'>γοῦν</span> <span class='ocrx_word' id='word_1_383' title='bbox 529 3092 606 3157; x_wconf 83' lang='grc' dir='ltr'>ὡς</span> <span class='ocrx_word' id='word_1_384' title='bbox 654 3094 868 3165; x_wconf 86' lang='grc' dir='ltr'>άληθῶς</span> <span class='ocrx_word' id='word_1_385' title='bbox 910 3098 1019 3152; x_wconf 91' lang='grc' dir='ltr'><strong>τῶν</strong></span> <span class='ocrx_word' id='word_1_386' title='bbox 1066 3103 1372 3172; x_wconf 82' lang='grc' dir='ltr'>γενομένων</span> <span class='ocrx_word' id='word_1_387' title='bbox 1413 3103 1507 3157; x_wconf 88' lang='grc' dir='ltr'><strong>τοῦ</strong></span> <span class='ocrx_word' id='word_1_388' title='bbox 1546 3104 1710 3158; x_wconf 82' lang='grc' dir='ltr'>Δαυῒδ</span> 
     </span>
    </p>
   </div>
   <div class='ocr_carea' id='block_1_51' title="bbox 1818 2552 3388 2621">
    <p class='ocr_par' dir='ltr' id='par_1_51' title="bbox 1818 2552 3388 2621">
     <span class='ocr_line' id='line_1_51' title="bbox 1818 2552 3388 2621; baseline 0.007 -16"><span class='ocrx_word' id='word_1_389' title='bbox 1818 2552 1937 2621; x_wconf 90' lang='lat' dir='ltr'><strong>prie</strong></span> <span class='ocrx_word' id='word_1_390' title='bbox 1980 2562 2203 2606; x_wconf 83' lang='lat' dir='ltr'><strong>vocatur</strong></span> <span class='ocrx_word' id='word_1_391' title='bbox 2234 2552 2486 2609; x_wconf 84' lang='lat' dir='ltr'><strong>Christus</strong></span> <span class='ocrx_word' id='word_1_392' title='bbox 2525 2554 2641 2610; x_wconf 90' lang='lat' dir='ltr'><strong>Dei.</strong></span> <span class='ocrx_word' id='word_1_393' title='bbox 2684 2555 2865 2621; x_wconf 81' lang='lat' dir='ltr'><strong>Quare</strong></span> <span class='ocrx_word' id='word_1_394' title='bbox 2914 2559 3198 2615; x_wconf 89' lang='lat' dir='ltr'><strong>unicornis</strong></span> <span class='ocrx_word' id='word_1_395' title='bbox 3228 2565 3388 2616; x_wconf 88' lang='lat' dir='ltr'><strong>etiam</strong></span> 
     </span>
    </p>
   </div>
   <div class='ocr_carea' id='block_1_52' title="bbox 1818 2641 3388 2716">
    <p class='ocr_par' dir='ltr' id='par_1_52' title="bbox 1818 2641 3388 2716">
     <span class='ocr_line' id='line_1_52' title="bbox 1818 2641 3388 2716; baseline 0.006 -21"><span class='ocrx_word' id='word_1_396' title='bbox 1818 2642 2024 2697; x_wconf 91' lang='lat' dir='ltr'><strong>dicitur</strong></span> <span class='ocrx_word' id='word_1_397' title='bbox 2062 2643 2115 2696; x_wconf 92' lang='lat' dir='ltr'><strong>in</strong></span> <span class='ocrx_word' id='word_1_398' title='bbox 2163 2641 2472 2714; x_wconf 82' lang='lat' dir='ltr'><strong>Scriptura,</strong></span> <span class='ocrx_word' id='word_1_399' title='bbox 2517 2661 2638 2716; x_wconf 62' lang='lat' dir='ltr'><strong>quae</strong></span> <span class='ocrx_word' id='word_1_400' title='bbox 2681 2647 2762 2701; x_wconf 91' lang='lat' dir='ltr'><strong>sic</strong></span> <span class='ocrx_word' id='word_1_401' title='bbox 2812 2648 2974 2703; x_wconf 81' lang='lat' dir='ltr'><strong>habet</strong></span> <span class='ocrx_word' id='word_1_402' title='bbox 3008 2669 3020 2704; x_wconf 94' lang='lat'>:</span> <span class='ocrx_word' id='word_1_403' title='bbox 3052 2649 3124 2703; x_wconf 89' lang='lat' dir='ltr'><strong>Et</strong></span> <span class='ocrx_word' id='word_1_404' title='bbox 3168 2651 3388 2706; x_wconf 66' lang='lat' dir='ltr'><strong>diIectus</strong></span> 
     </span>
    </p>
   </div>
   <div class='ocr_carea' id='block_1_53' title="bbox 1815 2733 3385 2812">
    <p class='ocr_par' dir='ltr' id='par_1_53' title="bbox 1815 2733 3385 2812">
     <span class='ocr_line' id='line_1_53' title="bbox 1815 2733 3385 2812; baseline 0.006 -27"><span class='ocrx_word' id='word_1_405' title='bbox 1815 2733 2253 2802; x_wconf 80' lang='lat' dir='ltr'><strong>quemadmodum</strong></span> <span class='ocrx_word' id='word_1_406' title='bbox 2283 2736 2428 2804; x_wconf 81' lang='lat' dir='ltr'><strong>ﬁlius</strong></span> <span class='ocrx_word' id='word_1_407' title='bbox 2454 2738 2787 2792; x_wconf 88' lang='lat' dir='ltr'><strong>unicornium</strong></span> <span class='ocrx_word' id='word_1_408' title='bbox 2811 2739 2856 2770; x_wconf 83' lang='grc'><strong>³⁸</strong></span> <span class='ocrx_word' id='word_1_409' title='bbox 2882 2756 2903 2793; x_wconf 84' lang='grc'><em>;</em></span> <span class='ocrx_word' id='word_1_410' title='bbox 2934 2741 3061 2810; x_wconf 88' lang='lat' dir='ltr'><strong>quia</strong></span> <span class='ocrx_word' id='word_1_411' title='bbox 3081 2758 3180 2812; x_wconf 88' lang='lat' dir='ltr'><strong>per</strong></span> <span class='ocrx_word' id='word_1_412' title='bbox 3210 2744 3385 2812; x_wconf 88' lang='lat' dir='ltr'><strong>ipsum</strong></span> 
     </span>
    </p>
   </div>
   <div class='ocr_carea' id='block_1_54' title="bbox 1817 2825 3383 2898">
    <p class='ocr_par' dir='ltr' id='par_1_54' title="bbox 1817 2825 3383 2898">
     <span class='ocr_line' id='line_1_54' title="bbox 1817 2825 3383 2898; baseline 0.006 -22"><span class='ocrx_word' id='word_1_413' title='bbox 1817 2826 1994 2880; x_wconf 90' lang='lat' dir='ltr'><strong>omnis</strong></span> <span class='ocrx_word' id='word_1_414' title='bbox 2015 2825 2331 2881; x_wconf 70' lang='lat' dir='ltr'><strong>advcnsaria</strong></span> <span class='ocrx_word' id='word_1_415' title='bbox 2364 2838 2417 2882; x_wconf 94' lang='lat' dir='ltr'><strong>et</strong></span> <span class='ocrx_word' id='word_1_416' title='bbox 2451 2828 2675 2883; x_wconf 89' lang='lat' dir='ltr'><strong>inimica</strong></span> <span class='ocrx_word' id='word_1_417' title='bbox 2703 2828 2811 2884; x_wconf 93' lang='lat' dir='ltr'><strong>Deo</strong></span> <span class='ocrx_word' id='word_1_418' title='bbox 2846 2831 3021 2887; x_wconf 86' lang='lat' dir='ltr'><strong>virtus</strong></span> <span class='ocrx_word' id='word_1_419' title='bbox 3051 2844 3243 2889; x_wconf 84' lang='lat' dir='ltr'><strong>eversa</strong></span> <span class='ocrx_word' id='word_1_420' title='bbox 3280 2845 3383 2898; x_wconf 82' lang='lat' dir='ltr'><strong>est,</strong></span> 
     </span>
    </p>
   </div>
   <div class='ocr_carea' id='block_1_55' title="bbox 1815 2918 3386 2993">
    <p class='ocr_par' dir='ltr' id='par_1_55' title="bbox 1815 2918 3386 2993">
     <span class='ocr_line' id='line_1_55' title="bbox 1815 2918 3386 2993; baseline 0.008 -24"><span class='ocrx_word' id='word_1_421' title='bbox 1815 2930 1989 2971; x_wconf 89' lang='lat' dir='ltr'><strong>cornu</strong></span> <span class='ocrx_word' id='word_1_422' title='bbox 2028 2918 2273 2987; x_wconf 89' lang='lat' dir='ltr'><strong>impetita</strong></span> <span class='ocrx_word' id='word_1_423' title='bbox 2306 2928 2359 2974; x_wconf 90' lang='lat' dir='ltr'><strong>et</strong></span> <span class='ocrx_word' id='word_1_424' title='bbox 2384 2919 2627 2989; x_wconf 91' lang='lat' dir='ltr'><strong>depulsa.</strong></span> <span class='ocrx_word' id='word_1_425' title='bbox 2658 2921 2826 2978; x_wconf 89' lang='lat' dir='ltr'><strong>Solus</strong></span> <span class='ocrx_word' id='word_1_426' title='bbox 2850 2923 3033 2993; x_wconf 87' lang='lat' dir='ltr'><strong>itaque</strong></span> <span class='ocrx_word' id='word_1_427' title='bbox 3063 2941 3131 2980; x_wconf 80' lang='lat' dir='ltr'><strong>ex</strong></span> <span class='ocrx_word' id='word_1_428' title='bbox 3164 2942 3386 2982; x_wconf 85' lang='lat' dir='ltr'><strong>succes-</strong></span> 
     </span>
    </p>
   </div>
   <div class='ocr_carea' id='block_1_56' title="bbox 1814 3006 3385 3074">
    <p class='ocr_par' dir='ltr' id='par_1_56' title="bbox 1814 3006 3385 3074">
     <span class='ocr_line' id='line_1_56' title="bbox 1814 3006 3385 3074; baseline 0.007 -13"><span class='ocrx_word' id='word_1_429' title='bbox 1814 3008 2033 3063; x_wconf 89' lang='lat' dir='ltr'><strong>soribus</strong></span> <span class='ocrx_word' id='word_1_430' title='bbox 2071 3006 2313 3073; x_wconf 86' lang='lat' dir='ltr'><strong>Davidis,</strong></span> <span class='ocrx_word' id='word_1_431' title='bbox 2354 3009 2515 3069; x_wconf 80' lang='lat' dir='ltr'><strong>Jesus</strong></span> <span class='ocrx_word' id='word_1_432' title='bbox 2550 3012 2803 3069; x_wconf 86' lang='lat' dir='ltr'><strong>Christus</strong></span> <span class='ocrx_word' id='word_1_433' title='bbox 2828 3014 3086 3071; x_wconf 88' lang='lat' dir='ltr'><strong>Salvator</strong></span> <span class='ocrx_word' id='word_1_434' title='bbox 3118 3026 3172 3072; x_wconf 90' lang='lat' dir='ltr'><strong>et</strong></span> <span class='ocrx_word' id='word_1_435' title='bbox 3202 3016 3385 3074; x_wconf 85' lang='lat' dir='ltr'><strong>Domi-</strong></span> 
     </span>
    </p>
   </div>
   <div class='ocr_carea' id='block_1_57' title="bbox 1810 3104 3383 3180">
    <p class='ocr_par' dir='ltr' id='par_1_57' title="bbox 1810 3104 3383 3180">
     <span class='ocr_line' id='line_1_57' title="bbox 1810 3104 3383 3180; baseline 0.008 -27"><span class='ocrx_word' id='word_1_436' title='bbox 1810 3115 1917 3154; x_wconf 88' lang='lat' dir='ltr'><strong>nus</strong></span> <span class='ocrx_word' id='word_1_437' title='bbox 1953 3110 2160 3166; x_wconf 86' lang='lat' dir='ltr'><strong>noster,</strong></span> <span class='ocrx_word' id='word_1_438' title='bbox 2190 3117 2255 3155; x_wconf 78' lang='lat' dir='ltr'><strong>ex</strong></span> <span class='ocrx_word' id='word_1_439' title='bbox 2308 3104 2516 3158; x_wconf 88' lang='lat' dir='ltr'><strong>semine</strong></span> <span class='ocrx_word' id='word_1_440' title='bbox 2546 3105 2667 3174; x_wconf 84' lang='lat' dir='ltr'><strong>ejus</strong></span> <span class='ocrx_word' id='word_1_441' title='bbox 2706 3118 2889 3171; x_wconf 87' lang='lat' dir='ltr'><strong>natus,</strong></span> <span class='ocrx_word' id='word_1_442' title='bbox 2920 3107 3138 3162; x_wconf 82' lang='lat' dir='ltr'><strong>deitatis</strong></span> <span class='ocrx_word' id='word_1_443' title='bbox 3176 3110 3230 3164; x_wconf 91' lang='lat' dir='ltr'><strong>in</strong></span> <span class='ocrx_word' id='word_1_444' title='bbox 3263 3111 3383 3180; x_wconf 89' lang='lat' dir='ltr'><strong>ipso</strong></span> 
     </span>
    </p>
   </div>
   <div class='ocr_carea' id='block_1_58' title="bbox 141 3176 1690 3269">
    <p class='ocr_par' dir='ltr' id='par_1_58' title="bbox 141 3176 1682 3269">
     <span class='ocr_line' id='line_1_58' title="bbox 141 3176 1682 3269; baseline 0.013 -38"><span class='ocrx_word' id='word_1_445' title='bbox 141 3176 383 3269; x_wconf 79' lang='grc' dir='ltr'>διαδόχων</span> <span class='ocrx_word' id='word_1_446' title='bbox 422 3183 629 3255; x_wconf 84' lang='grc' dir='ltr'>Ἰησοῦς</span> <span class='ocrx_word' id='word_1_447' title='bbox 660 3187 892 3258; x_wconf 84' lang='grc' dir='ltr'>Χριστὸς</span> <span class='ocrx_word' id='word_1_448' title='bbox 914 3192 943 3243; x_wconf 89' lang='lat'><strong>6</strong></span> <span class='ocrx_word' id='word_1_449' title='bbox 964 3191 1152 3263; x_wconf 81' lang='grc' dir='ltr'>Σωτὴρ</span> <span class='ocrx_word' id='word_1_450' title='bbox 1181 3195 1274 3247; x_wconf 81' lang='grc' dir='ltr'><strong>καὶ</strong></span> <span class='ocrx_word' id='word_1_451' title='bbox 1294 3196 1499 3268; x_wconf 83' lang='grc' dir='ltr'>Κύριος</span> <span class='ocrx_word' id='word_1_452' title='bbox 1525 3198 1682 3269; x_wconf 83' lang='grc' dir='ltr'>ἡμῶν</span> 
     </span>
    </p>
   </div>
   <div class='ocr_carea' id='block_1_59' title="bbox 1795 3176 3381 3269">
    <p class='ocr_par' dir='ltr' id='par_1_59' title="bbox 1810 3188 3381 3258">
     <span class='ocr_line' id='line_1_59' title="bbox 1810 3188 3381 3258; baseline 0.005 -16"><span class='ocrx_word' id='word_1_453' title='bbox 1810 3188 2106 3244; x_wconf 84' lang='lat' dir='ltr'><strong>habitantis</strong></span> <span class='ocrx_word' id='word_1_454' title='bbox 2151 3206 2344 3258; x_wconf 86' lang='lat' dir='ltr'><strong>cornu,</strong></span> <span class='ocrx_word' id='word_1_455' title='bbox 2399 3206 2613 3245; x_wconf 86' lang='lat' dir='ltr'><strong>omnem</strong></span> <span class='ocrx_word' id='word_1_456' title='bbox 2662 3192 2967 3248; x_wconf 62' lang='lat' dir='ltr'><strong>diemonum</strong></span> <span class='ocrx_word' id='word_1_457' title='bbox 3024 3204 3078 3249; x_wconf 91' lang='lat' dir='ltr'><strong>et</strong></span> <span class='ocrx_word' id='word_1_458' title='bbox 3111 3195 3381 3250; x_wconf 82' lang='lat' dir='ltr'><strong>idolorum</strong></span> 
     </span>
    </p>
   </div>
   <div class='ocr_carea' id='block_1_60' title="bbox 141 3268 1705 3358">
    <p class='ocr_par' dir='ltr' id='par_1_60' title="bbox 141 3268 1705 3358">
     <span class='ocr_line' id='line_1_60' title="bbox 141 3268 1705 3358; baseline 0.014 -38"><span class='ocrx_word' id='word_1_459' title='bbox 141 3268 200 3321; x_wconf 81' lang='grc' dir='ltr'><strong>ἐκ</strong></span> <span class='ocrx_word' id='word_1_460' title='bbox 228 3272 541 3345; x_wconf 78' lang='grc' dir='ltr'>σπέρματος</span> <span class='ocrx_word' id='word_1_461' title='bbox 576 3277 740 3330; x_wconf 73' lang='grc' dir='ltr'>αὐτοῦ</span> <span class='ocrx_word' id='word_1_462' title='bbox 778 3281 1056 3351; x_wconf 83' lang='grc' dir='ltr'>προελθὼν</span> <span class='ocrx_word' id='word_1_463' title='bbox 1081 3284 1158 3355; x_wconf 84' lang='grc' dir='ltr'>τῷ</span> <span class='ocrx_word' id='word_1_464' title='bbox 1189 3286 1380 3358; x_wconf 86' lang='grc' dir='ltr'>κέρατι</span> <span class='ocrx_word' id='word_1_465' title='bbox 1405 3288 1507 3358; x_wconf 83' lang='grc' dir='ltr'>τῆς</span> <span class='ocrx_word' id='word_1_466' title='bbox 1533 3290 1589 3341; x_wconf 88' lang='grc' dir='ltr'><strong>ἐν</strong></span> <span class='ocrx_word' id='word_1_467' title='bbox 1614 3290 1705 3342; x_wconf 82' lang='grc' dir='ltr'>αύ-</span> 
     </span>
    </p>
   </div>
   <div class='ocr_carea' id='block_1_61' title="bbox 140 3358 1704 3453">
    <p class='ocr_par' dir='ltr' id='par_1_61' title="bbox 140 3358 1704 3453">
     <span class='ocr_line' id='line_1_61' title="bbox 140 3358 1704 3453; baseline 0.014 -40"><span class='ocrx_word' id='word_1_468' title='bbox 239 3361 514 3437; x_wconf 85' lang='grc' dir='ltr'>θεότητος,</span> <span class='ocrx_word' id='word_1_469' title='bbox 551 3370 730 3422; x_wconf 78' lang='grc' dir='ltr'>πᾶσαν</span> <span class='ocrx_word' id='word_1_470' title='bbox 777 3371 875 3441; x_wconf 81' lang='grc' dir='ltr'><strong>τὴν</strong></span> <span class='ocrx_word' id='word_1_471' title='bbox 919 3373 1238 3448; x_wconf 77' lang='grc' dir='ltr'>δαιμονικὴν</span> <span class='ocrx_word' id='word_1_472' title='bbox 1281 3380 1376 3433; x_wconf 74' lang='grc' dir='ltr'>καὶ</span> <span class='ocrx_word' id='word_1_473' title='bbox 1425 3381 1704 3453; x_wconf 80' lang='grc' dir='ltr'>εἰδωλικὴν</span> 
     </span>
    </p>
   </div>
   <div class='ocr_carea' id='block_1_62' title="bbox 137 3451 1702 3543">
    <p class='ocr_par' dir='ltr' id='par_1_62' title="bbox 137 3451 1702 3543">
     <span class='ocr_line' id='line_1_62' title="bbox 137 3451 1702 3543; baseline 0.017 -41"><span class='ocrx_word' id='word_1_474' title='bbox 137 3451 435 3526; x_wconf 64' lang='grc' dir='ltr'>ἀνατρέψας</span> <span class='ocrx_word' id='word_1_475' title='bbox 467 3459 681 3514; x_wconf 85' lang='grc' dir='ltr'>καθεῖλε</span> <span class='ocrx_word' id='word_1_476' title='bbox 726 3462 951 3537; x_wconf 86' lang='grc' dir='ltr'>πλάνην.</span> <span class='ocrx_word' id='word_1_477' title='bbox 997 3469 1087 3521; x_wconf 85' lang='grc' dir='ltr'>Διὸ</span> <span class='ocrx_word' id='word_1_478' title='bbox 1129 3470 1222 3523; x_wconf 77' lang='grc' dir='ltr'><strong>καὶ</strong></span> <span class='ocrx_word' id='word_1_479' title='bbox 1265 3472 1430 3543; x_wconf 79' lang='grc' dir='ltr'>κέρας</span> <span class='ocrx_word' id='word_1_480' title='bbox 1479 3451 1702 3539; x_wconf 77' lang='grc' dir='ltr'>εἰκότως</span> 
     </span>
    </p>
   </div>
   <div class='ocr_carea' id='block_1_63' title="bbox 140 3544 1703 3633">
    <p class='ocr_par' dir='ltr' id='par_1_63' title="bbox 140 3544 1703 3633">
     <span class='ocr_line' id='line_1_63' title="bbox 140 3544 1703 3633; baseline 0.017 -39"><span class='ocrx_word' id='word_1_481' title='bbox 140 3544 223 3595; x_wconf 79' lang='grc' dir='ltr'>καὶ</span> <span class='ocrx_word' id='word_1_482' title='bbox 257 3548 569 3620; x_wconf 85' lang='grc' dir='ltr'>μονόκερως</span> <span class='ocrx_word' id='word_1_483' title='bbox 600 3554 658 3606; x_wconf 86' lang='grc' dir='ltr'><strong>ἐν</strong></span> <span class='ocrx_word' id='word_1_484' title='bbox 688 3559 798 3620; x_wconf 85' lang='grc' dir='ltr'>τοῖς</span> <span class='ocrx_word' id='word_1_485' title='bbox 833 3559 999 3630; x_wconf 80' lang='grc' dir='ltr'>ἱεροῖς</span> <span class='ocrx_word' id='word_1_486' title='bbox 1028 3559 1341 3632; x_wconf 80' lang='grc' dir='ltr'>ὠνόμασται</span> <span class='ocrx_word' id='word_1_487' title='bbox 1368 3563 1564 3633; x_wconf 85' lang='grc' dir='ltr'>λόγοις.</span> <span class='ocrx_word' id='word_1_488' title='bbox 1595 3567 1703 3619; x_wconf 83' lang='grc' dir='ltr'><strong>Αύ-</strong></span> 
     </span>
    </p>
   </div>
   <div class='ocr_carea' id='block_1_64' title="bbox 134 3632 1699 3726">
    <p class='ocr_par' dir='ltr' id='par_1_64' title="bbox 134 3632 1699 3726">
     <span class='ocr_line' id='line_1_64' title="bbox 134 3632 1699 3726; baseline 0.015 -40"><span class='ocrx_word' id='word_1_489' title='bbox 134 3632 217 3686; x_wconf 89' lang='grc' dir='ltr'><strong>τοῦ</strong></span> <span class='ocrx_word' id='word_1_490' title='bbox 232 3635 303 3700; x_wconf 85' lang='grc' dir='ltr'>δὲ,</span> <span class='ocrx_word' id='word_1_491' title='bbox 322 3640 557 3708; x_wconf 43' lang='grc' dir='ltr'>καὶδούδὲ</span> <span class='ocrx_word' id='word_1_492' title='bbox 578 3642 809 3719; x_wconf 79' lang='grc' dir='ltr'>ἇλλου,ή</span> <span class='ocrx_word' id='word_1_493' title='bbox 835 3649 953 3719; x_wconf 79' lang='grc' dir='ltr'>χεὶρ</span> <span class='ocrx_word' id='word_1_494' title='bbox 976 3650 1117 3721; x_wconf 77' lang='grc' dir='ltr'><strong>καὶὴ</strong></span> <span class='ocrx_word' id='word_1_495' title='bbox 1139 3650 1286 3715; x_wconf 82' lang='grc' dir='ltr'>δεξιὰ</span> <span class='ocrx_word' id='word_1_496' title='bbox 1309 3632 1632 3726; x_wconf 83' lang='grc' dir='ltr'>κατεκυρίευ</span> <span class='ocrx_word' id='word_1_497' title='bbox 1642 3675 1699 3709; x_wconf 84' lang='grc' dir='ltr'><strong>σε</strong></span> 
     </span>
    </p>
   </div>
   <div class='ocr_carea' id='block_1_65' title="bbox 133 3726 1693 3813">
    <p class='ocr_par' dir='ltr' id='par_1_65' title="bbox 133 3726 1693 3813">
     <span class='ocr_line' id='line_1_65' title="bbox 133 3726 1693 3813; baseline 0.013 -34"><span class='ocrx_word' id='word_1_498' title='bbox 133 3726 223 3796; x_wconf 82' lang='grc' dir='ltr'>τῆς</span> <span class='ocrx_word' id='word_1_499' title='bbox 260 3731 587 3806; x_wconf 69' lang='grc' dir='ltr'>οἰκουμένης</span> <span class='ocrx_word' id='word_1_500' title='bbox 633 3735 835 3807; x_wconf 85' lang='grc' dir='ltr'>πάσης,</span> <span class='ocrx_word' id='word_1_501' title='bbox 874 3740 933 3791; x_wconf 87' lang='grc' dir='ltr'><strong>ἐν</strong></span> <span class='ocrx_word' id='word_1_502' title='bbox 962 3745 1223 3813; x_wconf 85' lang='grc' dir='ltr'>ποταμοῖς</span> <span class='ocrx_word' id='word_1_503' title='bbox 1257 3745 1349 3797; x_wconf 78' lang='grc' dir='ltr'><strong>καὶ</strong></span> <span class='ocrx_word' id='word_1_504' title='bbox 1382 3744 1693 3809; x_wconf 60' lang='grc' dir='ltr'>θαλάσσαις</span> 
     </span>
    </p>
   </div>
   <div class='ocr_carea' id='block_1_66' title="bbox 133 3820 1697 3909">
    <p class='ocr_par' dir='ltr' id='par_1_66' title="bbox 133 3820 1697 3909">
     <span class='ocr_line' id='line_1_66' title="bbox 133 3820 1697 3909; baseline 0.013 -37"><span class='ocrx_word' id='word_1_505' title='bbox 133 3820 243 3873; x_wconf 78' lang='grc' dir='ltr'>ἐπεὶ</span> <span class='ocrx_word' id='word_1_506' title='bbox 274 3824 365 3878; x_wconf 81' lang='grc' dir='ltr'>καὶ</span> <span class='ocrx_word' id='word_1_507' title='bbox 412 3825 513 3891; x_wconf 79' lang='grc' dir='ltr'>τὰς</span> <span class='ocrx_word' id='word_1_508' title='bbox 550 3829 747 3900; x_wconf 85' lang='grc' dir='ltr'>νήσους</span> <span class='ocrx_word' id='word_1_509' title='bbox 786 3831 897 3885; x_wconf 89' lang='grc' dir='ltr'><strong>τῶν</strong></span> <span class='ocrx_word' id='word_1_510' title='bbox 927 3832 1094 3887; x_wconf 80' lang='grc' dir='ltr'>ἐθνῶν</span> <span class='ocrx_word' id='word_1_511' title='bbox 1132 3836 1449 3907; x_wconf 83' lang='grc' dir='ltr'>ἐπλήρωσεν</span> <span class='ocrx_word' id='word_1_512' title='bbox 1482 3840 1515 3909; x_wconf 81' lang='grc' dir='ltr'>ἡ</span> <span class='ocrx_word' id='word_1_513' title='bbox 1554 3838 1697 3891; x_wconf 89' lang='grc' dir='ltr'>διδα-</span> 
     </span>
    </p>
   </div>
   <div class='ocr_carea' id='block_1_67' title="bbox 134 3911 1695 3998">
    <p class='ocr_par' dir='ltr' id='par_1_67' title="bbox 134 3911 1695 3998">
     <span class='ocr_line' id='line_1_67' title="bbox 134 3911 1695 3998; baseline 0.013 -37"><span class='ocrx_word' id='word_1_514' title='bbox 134 3911 314 3965; x_wconf 84' lang='grc' dir='ltr'>σκαλία</span> <span class='ocrx_word' id='word_1_515' title='bbox 351 3916 519 3969; x_wconf 83' lang='grc' dir='ltr'>αὐτοῦ</span> <span class='ocrx_word' id='word_1_516' title='bbox 551 3918 645 3971; x_wconf 72' lang='grc' dir='ltr'><strong>καὶ</strong></span> <span class='ocrx_word' id='word_1_517' title='bbox 674 3922 950 3992; x_wconf 78' lang='grc' dir='ltr'>πανταχοῦ</span> <span class='ocrx_word' id='word_1_518' title='bbox 1001 3925 1106 3995; x_wconf 81' lang='grc' dir='ltr'><strong>γῆς</strong></span> <span class='ocrx_word' id='word_1_519' title='bbox 1148 3926 1350 3998; x_wconf 82' lang='grc' dir='ltr'>Κύριον</span> <span class='ocrx_word' id='word_1_520' title='bbox 1395 3929 1559 3982; x_wconf 84' lang='grc' dir='ltr'>αὑτὸν</span> <span class='ocrx_word' id='word_1_521' title='bbox 1602 3930 1695 3983; x_wconf 85' lang='grc' dir='ltr'><strong>καὶ</strong></span> 
     </span>
    </p>
   </div>
   <div class='ocr_carea' id='block_1_68' title="bbox 132 3998 1690 4087">
    <p class='ocr_par' dir='ltr' id='par_1_68' title="bbox 132 3998 1690 4087">
     <span class='ocr_line' id='line_1_68' title="bbox 132 3998 1690 4087; baseline 0.012 -36"><span class='ocrx_word' id='word_1_522' title='bbox 132 3998 249 4054; x_wconf 81' lang='grc' dir='ltr'>θεὸν</span> <span class='ocrx_word' id='word_1_523' title='bbox 275 4003 367 4057; x_wconf 76' lang='grc' dir='ltr'><strong>καὶ</strong></span> <span class='ocrx_word' id='word_1_524' title='bbox 400 4005 641 4074; x_wconf 78' lang='grc' dir='ltr'>βασιλέα,</span> <span class='ocrx_word' id='word_1_525' title='bbox 681 4011 789 4063; x_wconf 81' lang='grc' dir='ltr'>πᾶν</span> <span class='ocrx_word' id='word_1_526' title='bbox 817 4012 973 4079; x_wconf 82' lang='grc' dir='ltr'>γένος</span> <span class='ocrx_word' id='word_1_527' title='bbox 1013 4012 1313 4083; x_wconf 81' lang='grc' dir='ltr'>ἀνθρώπων</span> <span class='ocrx_word' id='word_1_528' title='bbox 1350 4015 1690 4087; x_wconf 76' lang='grc' dir='ltr'>ἀναγορεύει.</span> 
     </span>
    </p>
   </div>
   <div class='ocr_carea' id='block_1_69' title="bbox 130 4089 1692 4176">
    <p class='ocr_par' dir='ltr' id='par_1_69' title="bbox 130 4089 1692 4176">
     <span class='ocr_line' id='line_1_69' title="bbox 130 4089 1692 4176; baseline 0.011 -33"><span class='ocrx_word' id='word_1_529' title='bbox 130 4089 337 4160; x_wconf 87' lang='grc' dir='ltr'>Ὅμοιον</span> <span class='ocrx_word' id='word_1_530' title='bbox 368 4097 427 4150; x_wconf 82' lang='grc' dir='ltr'>δέ</span> <span class='ocrx_word' id='word_1_531' title='bbox 460 4099 576 4152; x_wconf 86' lang='grc' dir='ltr'>ἐστι</span> <span class='ocrx_word' id='word_1_532' title='bbox 601 4100 661 4153; x_wconf 85' lang='grc' dir='ltr'><strong>τὸ</strong></span> <span class='ocrx_word' id='word_1_533' title='bbox 693 4102 925 4156; x_wconf 87' lang='grc' dir='ltr'>ἐνταῦθα</span> <span class='ocrx_word' id='word_1_534' title='bbox 952 4103 1181 4173; x_wconf 83' lang='grc' dir='ltr'>φάσκον,</span> <span class='ocrx_word' id='word_1_535' title='bbox 1206 4105 1473 4176; x_wconf 77' lang='grc' dir='ltr'>ϐήσομαι</span> <span class='ocrx_word' id='word_1_536' title='bbox 1500 4107 1571 4161; x_wconf 75' lang='grc' dir='ltr'>ἐν</span> <span class='ocrx_word' id='word_1_537' title='bbox 1594 4111 1692 4162; x_wconf 88' lang='grc' dir='ltr'>θα-</span> 
     </span>
    </p>
   </div>
   <div class='ocr_carea' id='block_1_70' title="bbox 125 4179 1688 4265">
    <p class='ocr_par' dir='ltr' id='par_1_70' title="bbox 125 4179 1688 4265">
     <span class='ocr_line' id='line_1_70' title="bbox 125 4179 1688 4265; baseline 0.013 -34"><span class='ocrx_word' id='word_1_538' title='bbox 125 4179 317 4253; x_wconf 80' lang='grc' dir='ltr'>λάσσῃ</span> <span class='ocrx_word' id='word_1_539' title='bbox 348 4188 519 4256; x_wconf 65' lang='grc' dir='ltr'><strong>χεῷα</strong></span> <span class='ocrx_word' id='word_1_540' title='bbox 562 4192 747 4245; x_wconf 82' lang='grc' dir='ltr'>αὑτοῦ</span> <span class='ocrx_word' id='word_1_541' title='bbox 778 4192 874 4246; x_wconf 81' lang='grc' dir='ltr'>καὶ</span> <span class='ocrx_word' id='word_1_542' title='bbox 911 4193 980 4247; x_wconf 77' lang='grc' dir='ltr'>ἐν</span> <span class='ocrx_word' id='word_1_543' title='bbox 1022 4196 1305 4265; x_wconf 80' lang='grc' dir='ltr'>ποταμοῖς</span> <span class='ocrx_word' id='word_1_544' title='bbox 1337 4196 1544 4261; x_wconf 81' lang='grc' dir='ltr'>δεξιὰν</span> <span class='ocrx_word' id='word_1_545' title='bbox 1580 4200 1688 4251; x_wconf 87' lang='grc' dir='ltr'><strong>αὑ-</strong></span> 
     </span>
    </p>
   </div>
   <div class='ocr_carea' id='block_1_71' title="bbox 126 4274 1687 4358">
    <p class='ocr_par' dir='ltr' id='par_1_71' title="bbox 126 4274 1687 4358">
     <span class='ocr_line' id='line_1_71' title="bbox 126 4274 1687 4358; baseline 0.014 -36"><span class='ocrx_word' id='word_1_546' title='bbox 126 4274 242 4338; x_wconf 87' lang='grc' dir='ltr'>τοῦ,</span> <span class='ocrx_word' id='word_1_547' title='bbox 262 4277 337 4347; x_wconf 86' lang='grc' dir='ltr'>τῷ</span> <span class='ocrx_word' id='word_1_548' title='bbox 361 4281 422 4332; x_wconf 86' lang='grc' dir='ltr'><strong>ἐν</strong></span> <span class='ocrx_word' id='word_1_549' title='bbox 443 4288 519 4334; x_wconf 84' lang='grc' dir='ltr'>οα¹</span> <span class='ocrx_word' id='word_1_550' title='bbox 551 4282 749 4355; x_wconf 77' lang='grc' dir='ltr'>ψαλμῷ</span> <span class='ocrx_word' id='word_1_551' title='bbox 780 4281 933 4348; x_wconf 82' lang='grc' dir='ltr'>αὖθις</span> <span class='ocrx_word' id='word_1_552' title='bbox 960 4289 1091 4358; x_wconf 75' lang='grc' dir='ltr'>περὶ</span> <span class='ocrx_word' id='word_1_553' title='bbox 1123 4288 1287 4343; x_wconf 81' lang='grc' dir='ltr'>αὐτοῦ</span> <span class='ocrx_word' id='word_1_554' title='bbox 1320 4289 1551 4358; x_wconf 81' lang='grc' dir='ltr'>λέγοντι’</span> <span class='ocrx_word' id='word_1_555' title='bbox 1577 4291 1687 4344; x_wconf 81' lang='grc' dir='ltr'><strong>Καὶ</strong></span> 
     </span>
    </p>
   </div>
   <div class='ocr_carea' id='block_1_72' title="bbox 126 4372 1688 4448">
    <p class='ocr_par' dir='ltr' id='par_1_72' title="bbox 126 4372 1688 4448">
     <span class='ocr_line' id='line_1_72' title="bbox 126 4372 1688 4448; baseline 0.014 -34"><span class='ocrx_word' id='word_1_556' title='bbox 126 4372 564 4436; x_wconf 69' lang='grc' dir='ltr'>κατακυριεύσει</span> <span class='ocrx_word' id='word_1_557' title='bbox 598 4374 716 4428; x_wconf 85' lang='grc' dir='ltr'><strong>ἀπὸ</strong></span> <span class='ocrx_word' id='word_1_558' title='bbox 741 4376 1057 4446; x_wconf 75' lang='grc' dir='ltr'>θαλάσσης</span> <span class='ocrx_word' id='word_1_559' title='bbox 1086 4379 1196 4445; x_wconf 82' lang='grc' dir='ltr'>ἕως</span> <span class='ocrx_word' id='word_1_560' title='bbox 1229 4380 1564 4448; x_wconf 79' lang='grc' dir='ltr'>θαλάσσης,</span> <span class='ocrx_word' id='word_1_561' title='bbox 1590 4382 1688 4435; x_wconf 77' lang='grc' dir='ltr'>καὶ</span> 
     </span>
    </p>
   </div>
   <div class='ocr_carea' id='block_1_73' title="bbox 123 4452 1681 4542">
    <p class='ocr_par' dir='ltr' id='par_1_73' title="bbox 123 4452 1681 4542">
     <span class='ocr_line' id='line_1_73' title="bbox 123 4452 1681 4542; baseline 0.019 -38"><span class='ocrx_word' id='word_1_562' title='bbox 123 4452 229 4507; x_wconf 75' lang='grc' dir='ltr'><strong>ἀπὸ</strong></span> <span class='ocrx_word' id='word_1_563' title='bbox 256 4464 521 4532; x_wconf 82' lang='grc' dir='ltr'>ποταμοῦ</span> <span class='ocrx_word' id='word_1_564' title='bbox 563 4464 674 4532; x_wconf 79' lang='grc' dir='ltr'>ἕως</span> <span class='ocrx_word' id='word_1_565' title='bbox 710 4466 829 4520; x_wconf 81' lang='grc' dir='ltr'>τῶν</span> <span class='ocrx_word' id='word_1_566' title='bbox 871 4470 1141 4537; x_wconf 77' lang='grc' dir='ltr'>περάτων</span> <span class='ocrx_word' id='word_1_567' title='bbox 1163 4472 1276 4541; x_wconf 85' lang='grc' dir='ltr'>τῆς</span> <span class='ocrx_word' id='word_1_568' title='bbox 1305 4474 1681 4542; x_wconf 69' lang='grc' dir='ltr'>οἰκουμένης-</span> 
     </span>
    </p>
   </div>
   <div class='ocr_carea' id='block_1_74' title="bbox 134 4534 1690 4638">
    <p class='ocr_par' dir='ltr' id='par_1_74' title="bbox 134 4534 1678 4635">
     <span class='ocr_line' id='line_1_74' title="bbox 134 4534 1678 4635; baseline 0.003 -22"><span class='ocrx_word' id='word_1_569' title='bbox 134 4542 447 4621; x_wconf 75' lang='grc' dir='ltr'>Ἀρξάμενος</span> <span class='ocrx_word' id='word_1_570' title='bbox 477 4552 569 4609; x_wconf 86' lang='grc' dir='ltr'><strong>οῦν</strong></span> <span class='ocrx_word' id='word_1_571' title='bbox 598 4560 626 4611; x_wconf 91' lang='lat'><strong>6</strong></span> <span class='ocrx_word' id='word_1_572' title='bbox 661 4560 850 4631; x_wconf 84' lang='grc' dir='ltr'>Σωτὴρ</span> <span class='ocrx_word' id='word_1_573' title='bbox 889 4534 996 4615; x_wconf 80' lang='grc' dir='ltr'><strong>ἀπὸ</strong></span> <span class='ocrx_word' id='word_1_574' title='bbox 1039 4563 1133 4616; x_wconf 88' lang='grc' dir='ltr'><strong>τοῦ</strong></span> <span class='ocrx_word' id='word_1_575' title='bbox 1178 4534 1547 4635; x_wconf 73' lang='grc' dir='ltr'>βαπτίσματος</span> <span class='ocrx_word' id='word_1_576' title='bbox 1584 4534 1678 4618; x_wconf 71' lang='grc' dir='ltr'><strong>τοῦ</strong></span> 
     </span>
    </p>
   </div>
   <div class='ocr_carea' id='block_1_75' title="bbox 1795 4534 2894 4638">
    <p class='ocr_par' dir='ltr' id='par_1_75' title="bbox 1795 4534 2894 4638">
     <span class='ocr_line' id='line_1_75' title="bbox 1795 4534 2894 4638; baseline 0.002 -18"><span class='ocrx_word' id='word_1_577' title='bbox 1795 4534 2055 4621; x_wconf 64' lang='grc' dir='ltr'>ἱεοὴοτίιι</span> <span class='ocrx_word' id='word_1_578' title='bbox 2114 4534 2247 4622; x_wconf 74' lang='lat' dir='ltr'><strong>vero</strong></span> <span class='ocrx_word' id='word_1_579' title='bbox 2295 4568 2560 4638; x_wconf 85' lang='lat' dir='ltr'><strong>propheta</strong></span> <span class='ocrx_word' id='word_1_580' title='bbox 2623 4534 2894 4623; x_wconf 22' lang='lat' dir='ltr'><strong>dicitur:</strong></span> 
     </span>
    </p>
   </div>
   <div class='ocr_carea' id='block_1_76' title="bbox 123 4638 1677 4727">
    <p class='ocr_par' dir='ltr' id='par_1_76' title="bbox 123 4638 1677 4727">
     <span class='ocr_line' id='line_1_76' title="bbox 123 4638 1677 4727; baseline 0.015 -41"><span class='ocrx_word' id='word_1_581' title='bbox 123 4638 253 4692; x_wconf 81' lang='grc' dir='ltr'>κατὰ</span> <span class='ocrx_word' id='word_1_582' title='bbox 278 4642 368 4697; x_wconf 80' lang='grc' dir='ltr'><strong>τὸν</strong></span> <span class='ocrx_word' id='word_1_583' title='bbox 414 4646 685 4720; x_wconf 84' lang='grc' dir='ltr'>Ἰορδάνην</span> <span class='ocrx_word' id='word_1_584' title='bbox 722 4652 966 4723; x_wconf 82' lang='grc' dir='ltr'>ποταμοῦ</span> <span class='ocrx_word' id='word_1_585' title='bbox 993 4655 1090 4727; x_wconf 80' lang='grc' dir='ltr'>τὴν</span> <span class='ocrx_word' id='word_1_586' title='bbox 1120 4654 1395 4725; x_wconf 83' lang='grc' dir='ltr'>βασιλείαν</span> <span class='ocrx_word' id='word_1_587' title='bbox 1417 4656 1509 4710; x_wconf 80' lang='grc' dir='ltr'><strong>τοῦ</strong></span> <span class='ocrx_word' id='word_1_588' title='bbox 1542 4657 1677 4711; x_wconf 81' lang='grc' dir='ltr'>Θεοῦ</span> 
     </span>
    </p>
   </div>
   <div class='ocr_carea' id='block_1_77' title="bbox 122 4733 1677 4819">
    <p class='ocr_par' dir='ltr' id='par_1_77' title="bbox 122 4733 1677 4819">
     <span class='ocr_line' id='line_1_77' title="bbox 122 4733 1677 4819; baseline 0.01 -33"><span class='ocrx_word' id='word_1_589' title='bbox 122 4733 420 4819; x_wconf 59' lang='grc' dir='ltr'>κηρύττειν,</span> <span class='ocrx_word' id='word_1_590' title='bbox 448 4741 548 4813; x_wconf 84' lang='grc' dir='ltr'>τὴν</span> <span class='ocrx_word' id='word_1_591' title='bbox 574 4746 752 4798; x_wconf 83' lang='grc' dir='ltr'>πᾶσαν</span> <span class='ocrx_word' id='word_1_592' title='bbox 775 4745 1091 4818; x_wconf 82' lang='grc' dir='ltr'>ἐπλήρωσεν</span> <span class='ocrx_word' id='word_1_593' title='bbox 1115 4748 1457 4819; x_wconf 74' lang='grc' dir='ltr'>οἰκουμένην.</span> <span class='ocrx_word' id='word_1_594' title='bbox 1487 4750 1597 4803; x_wconf 73' lang='grc' dir='ltr'>Καὶ</span> <span class='ocrx_word' id='word_1_595' title='bbox 1621 4751 1677 4801; x_wconf 81' lang='grc' dir='ltr'><strong>ἐν</strong></span> 
     </span>
    </p>
   </div>
   <div class='ocr_carea' id='block_1_78' title="bbox 122 4818 1674 4911">
    <p class='ocr_par' dir='ltr' id='par_1_78' title="bbox 122 4818 1674 4911">
     <span class='ocr_line' id='line_1_78' title="bbox 122 4818 1674 4911; baseline 0.001 -20"><span class='ocrx_word' id='word_1_596' title='bbox 122 4818 349 4901; x_wconf 64' lang='grc' dir='ltr'>Ζαχαρία</span> <span class='ocrx_word' id='word_1_597' title='bbox 366 4831 421 4884; x_wconf 85' lang='grc' dir='ltr'>δὲ</span> <span class='ocrx_word' id='word_1_598' title='bbox 439 4833 515 4905; x_wconf 84' lang='grc' dir='ltr'>τῷ</span> <span class='ocrx_word' id='word_1_599' title='bbox 537 4839 787 4911; x_wconf 79' lang='grc' dir='ltr'>προφήτῃ</span> <span class='ocrx_word' id='word_1_600' title='bbox 810 4838 1079 4893; x_wconf 83' lang='grc' dir='ltr'>λέλεκται·</span> <span class='ocrx_word' id='word_1_601' title='bbox 1104 4818 1279 4909; x_wconf 68' lang='grc' dir='ltr'>Χαῖρε</span> <span class='ocrx_word' id='word_1_602' title='bbox 1434 4843 1674 4910; x_wconf 67' lang='grc' dir='ltr'>εὐφραί-</span> 
     </span>
    </p>
   </div>
   <div class='ocr_carea' id='block_1_79' title="bbox 119 4923 1676 5004">
    <p class='ocr_par' dir='ltr' id='par_1_79' title="bbox 119 4923 1676 5004">
     <span class='ocr_line' id='line_1_79' title="bbox 119 4923 1676 5004; baseline 0.008 -31"><span class='ocrx_word' id='word_1_603' title='bbox 119 4925 242 4980; x_wconf 81' lang='grc' dir='ltr'>νου,</span> <span class='ocrx_word' id='word_1_604' title='bbox 280 4923 525 4993; x_wconf 75' lang='grc' dir='ltr'>θύγατερ</span> <span class='ocrx_word' id='word_1_605' title='bbox 558 4927 726 4982; x_wconf 73' lang='grc' dir='ltr'><strong>Σιώνο</strong></span> <span class='ocrx_word' id='word_1_606' title='bbox 755 4930 881 4983; x_wconf 72' lang='grc' dir='ltr'>ἰδοὺ</span> <span class='ocrx_word' id='word_1_607' title='bbox 908 4936 940 4986; x_wconf 86' lang='grc' dir='ltr'><strong><em>ό</em></strong></span> <span class='ocrx_word' id='word_1_608' title='bbox 968 4933 1265 4999; x_wconf 76' lang='grc' dir='ltr'>βασιλεύς</span> <span class='ocrx_word' id='word_1_609' title='bbox 1292 4950 1408 4989; x_wconf 91' lang='grc' dir='ltr'><strong>σου</strong></span> <span class='ocrx_word' id='word_1_610' title='bbox 1442 4934 1676 5004; x_wconf 79' lang='grc' dir='ltr'>ἔρχεταί</span> 
     </span>
    </p>
   </div>
   <div class='ocr_carea' id='block_1_80' title="bbox 118 5010 1678 5092">
    <p class='ocr_par' dir='ltr' id='par_1_80' title="bbox 118 5010 1678 5092">
     <span class='ocr_line' id='line_1_80' title="bbox 118 5010 1678 5092; baseline 0.018 -43"><span class='ocrx_word' id='word_1_611' title='bbox 118 5015 207 5053; x_wconf 78' lang='grc' dir='ltr'><strong>σοι</strong></span> <span class='ocrx_word' id='word_1_612' title='bbox 222 5010 408 5077; x_wconf 76' lang='grc' dir='ltr'>πραῢς</span> <span class='ocrx_word' id='word_1_613' title='bbox 424 5015 521 5067; x_wconf 80' lang='grc' dir='ltr'>καὶ</span> <span class='ocrx_word' id='word_1_614' title='bbox 537 5017 895 5087; x_wconf 81' lang='grc' dir='ltr'>ἐπιϐεϐηκὼς</span> <span class='ocrx_word' id='word_1_615' title='bbox 909 5022 1004 5075; x_wconf 81' lang='grc' dir='ltr'>ἐπὶ</span> <span class='ocrx_word' id='word_1_616' title='bbox 1022 5020 1342 5092; x_wconf 72' lang='grc' dir='ltr'>ὑποζύγιον</span> <span class='ocrx_word' id='word_1_617' title='bbox 1356 5024 1451 5077; x_wconf 82' lang='grc' dir='ltr'>καὶ</span> <span class='ocrx_word' id='word_1_618' title='bbox 1471 5022 1678 5077; x_wconf 80' lang='grc' dir='ltr'>πῶλον</span> 
     </span>
    </p>
   </div>
   <div class='ocr_carea' id='block_1_81' title="bbox 116 5092 1671 5182">
    <p class='ocr_par' dir='ltr' id='par_1_81' title="bbox 116 5092 1671 5182">
     <span class='ocr_line' id='line_1_81' title="bbox 116 5092 1671 5182; baseline 0.024 -42"><span class='ocrx_word' id='word_1_619' title='bbox 116 5092 263 5151; x_wconf 76' lang='grc' dir='ltr'>νέον.</span> <span class='ocrx_word' id='word_1_620' title='bbox 294 5103 402 5155; x_wconf 83' lang='grc' dir='ltr'><strong>Καὶ</strong></span> <span class='ocrx_word' id='word_1_621' title='bbox 428 5108 704 5176; x_wconf 80' lang='grc' dir='ltr'>κατάρξει</span> <span class='ocrx_word' id='word_1_622' title='bbox 732 5112 850 5166; x_wconf 82' lang='grc' dir='ltr'><strong>ἀπὸ</strong></span> <span class='ocrx_word' id='word_1_623' title='bbox 876 5114 1317 5182; x_wconf 63' lang='lat' dir='ltr'><strong>audeam-ane</strong></span> <span class='ocrx_word' id='word_1_624' title='bbox 1332 5115 1671 5182; x_wconf 75' lang='grc' dir='ltr'>θαλάσσης,</span> 
     </span>
    </p>
   </div>
   <div class='ocr_carea' id='block_1_82' title="bbox 116 5187 1673 5277">
    <p class='ocr_par' dir='ltr' id='par_1_82' title="bbox 116 5187 1673 5277">
     <span class='ocr_line' id='line_1_82' title="bbox 116 5187 1673 5277; baseline 0.017 -39"><span class='ocrx_word' id='word_1_625' title='bbox 116 5187 203 5277; x_wconf 72' lang='grc' dir='ltr'>καὶ</span> <span class='ocrx_word' id='word_1_626' title='bbox 218 5189 331 5245; x_wconf 81' lang='grc' dir='ltr'><strong>ἀπὸ</strong></span> <span class='ocrx_word' id='word_1_627' title='bbox 349 5199 625 5269; x_wconf 77' lang='grc' dir='ltr'>ποταμῶν</span> <span class='ocrx_word' id='word_1_628' title='bbox 636 5202 710 5255; x_wconf 83' lang='grc' dir='ltr'>δι’</span> <span class='ocrx_word' id='word_1_629' title='bbox 724 5204 978 5271; x_wconf 73' lang='grc' dir='ltr'>ἐκϐολὰς</span> <span class='ocrx_word' id='word_1_630' title='bbox 994 5204 1119 5275; x_wconf 77' lang='grc' dir='ltr'><strong>γῆς.</strong></span> <span class='ocrx_word' id='word_1_631' title='bbox 1150 5207 1288 5260; x_wconf 73' lang='grc' dir='ltr'><strong>ἈνεΓ</strong></span> <span class='ocrx_word' id='word_1_632' title='bbox 1301 5202 1361 5261; x_wconf 81' lang='grc' dir='ltr'><strong>οῦ</strong></span> <span class='ocrx_word' id='word_1_633' title='bbox 1375 5207 1436 5260; x_wconf 85' lang='grc' dir='ltr'><strong>τὸ</strong></span> <span class='ocrx_word' id='word_1_634' title='bbox 1460 5208 1673 5277; x_wconf 74' lang='grc' dir='ltr'>Ἐϐραῖ-</span> 
     </span>
    </p>
   </div>
   <div class='ocr_carea' id='block_1_83' title="bbox 116 5274 1673 5367">
    <p class='ocr_par' dir='ltr' id='par_1_83' title="bbox 116 5274 1673 5367">
     <span class='ocr_line' id='line_1_83' title="bbox 116 5274 1673 5367; baseline -0.004 -10"><span class='ocrx_word' id='word_1_635' title='bbox 116 5274 201 5367; x_wconf 43' lang='grc' dir='ltr'><strong>κξν</strong></span> <span class='ocrx_word' id='word_1_636' title='bbox 234 5286 491 5358; x_wconf 79' lang='grc' dir='ltr'>περιέχει,</span> <span class='ocrx_word' id='word_1_637' title='bbox 524 5294 633 5347; x_wconf 79' lang='grc' dir='ltr'><strong>Καὶ</strong></span> <span class='ocrx_word' id='word_1_638' title='bbox 659 5296 778 5349; x_wconf 77' lang='grc' dir='ltr'><strong>ἀπὸ</strong></span> <span class='ocrx_word' id='word_1_639' title='bbox 810 5274 1090 5366; x_wconf 70' lang='grc' dir='ltr'>ποταμῶν</span> <span class='ocrx_word' id='word_1_640' title='bbox 1113 5298 1224 5364; x_wconf 78' lang='grc' dir='ltr'>ἕως</span> <span class='ocrx_word' id='word_1_641' title='bbox 1253 5298 1370 5351; x_wconf 78' lang='grc' dir='ltr'>τῶν</span> <span class='ocrx_word' id='word_1_642' title='bbox 1402 5274 1673 5367; x_wconf 70' lang='grc' dir='ltr'>περάτων</span> 
     </span>
    </p>
   </div>
   <div class='ocr_carea' id='block_1_84' title="bbox 114 5364 1666 5459">
    <p class='ocr_par' dir='ltr' id='par_1_84' title="bbox 114 5364 1666 5459">
     <span class='ocr_line' id='line_1_84' title="bbox 114 5364 1666 5459; baseline 0.007 -27"><span class='ocrx_word' id='word_1_643' title='bbox 114 5364 207 5459; x_wconf 63' lang='grc' dir='ltr'><strong>τῆς</strong></span> <span class='ocrx_word' id='word_1_644' title='bbox 225 5372 354 5441; x_wconf 81' lang='grc' dir='ltr'>τῆς.</span> <span class='ocrx_word' id='word_1_645' title='bbox 372 5379 525 5438; x_wconf 79' lang='grc' dir='ltr'>Εἴποι</span> <span class='ocrx_word' id='word_1_646' title='bbox 547 5384 594 5437; x_wconf 86' lang='grc' dir='ltr'>δ’</span> <span class='ocrx_word' id='word_1_647' title='bbox 624 5385 688 5439; x_wconf 82' lang='grc' dir='ltr'>ἄν</span> <span class='ocrx_word' id='word_1_648' title='bbox 712 5404 796 5451; x_wconf 84' lang='grc' dir='ltr'><strong>τις</strong></span> <span class='ocrx_word' id='word_1_649' title='bbox 825 5364 1260 5459; x_wconf 71' lang='grc' dir='ltr'>ἀπορρητότερον</span> <span class='ocrx_word' id='word_1_650' title='bbox 1277 5391 1369 5443; x_wconf 68' lang='grc' dir='ltr'><strong>καὶ</strong></span> <span class='ocrx_word' id='word_1_651' title='bbox 1388 5364 1561 5454; x_wconf 78' lang='grc' dir='ltr'>ἄλλως</span> <span class='ocrx_word' id='word_1_652' title='bbox 1580 5390 1666 5443; x_wconf 67' lang='grc' dir='ltr'><strong>διὰ</strong></span> 
     </span>
    </p>
   </div>
   <div class='ocr_carea' id='block_1_85' title="bbox 112 5458 1660 5551">
    <p class='ocr_par' dir='ltr' id='par_1_85' title="bbox 112 5458 1660 5551">
     <span class='ocr_line' id='line_1_85' title="bbox 112 5458 1660 5551; baseline 0.021 -41"><span class='ocrx_word' id='word_1_653' title='bbox 112 5458 318 5551; x_wconf 45' lang='grc' dir='ltr'>τούτων,</span> <span class='ocrx_word' id='word_1_654' title='bbox 349 5470 447 5542; x_wconf 75' lang='grc' dir='ltr'>τὴν</span> <span class='ocrx_word' id='word_1_655' title='bbox 484 5475 585 5544; x_wconf 86' lang='grc' dir='ltr'><strong>μὲν</strong></span> <span class='ocrx_word' id='word_1_656' title='bbox 614 5476 791 5543; x_wconf 80' lang='grc' dir='ltr'>δεξιὰν</span> <span class='ocrx_word' id='word_1_657' title='bbox 817 5478 979 5532; x_wconf 85' lang='grc' dir='ltr'>αὑτοῦ</span> <span class='ocrx_word' id='word_1_658' title='bbox 1010 5481 1068 5532; x_wconf 88' lang='grc' dir='ltr'><strong>ἐν</strong></span> <span class='ocrx_word' id='word_1_659' title='bbox 1096 5458 1358 5551; x_wconf 78' lang='grc' dir='ltr'>ποταμοῖς</span> <span class='ocrx_word' id='word_1_660' title='bbox 1389 5480 1660 5550; x_wconf 81' lang='grc' dir='ltr'>λέγεσθαι.</span> 
     </span>
    </p>
   </div>
   <div class='ocr_carea' id='block_1_86' title="bbox 110 5545 1664 5645">
    <p class='ocr_par' dir='ltr' id='par_1_86' title="bbox 110 5545 1664 5645">
     <span class='ocr_line' id='line_1_86' title="bbox 110 5545 1664 5645; baseline 0.017 -46"><span class='ocrx_word' id='word_1_661' title='bbox 110 5545 188 5640; x_wconf 66' lang='grc' dir='ltr'>διὰ</span> <span class='ocrx_word' id='word_1_662' title='bbox 206 5552 264 5604; x_wconf 81' lang='grc' dir='ltr'>τὸ</span> <span class='ocrx_word' id='word_1_663' title='bbox 294 5558 500 5627; x_wconf 84' lang='grc' dir='ltr'>πάντας</span> <span class='ocrx_word' id='word_1_664' title='bbox 521 5567 645 5630; x_wconf 68' lang='grc' dir='ltr'>τοὺς</span> <span class='ocrx_word' id='word_1_665' title='bbox 673 5569 737 5621; x_wconf 89' lang='grc' dir='ltr'><strong>ἐκ</strong></span> <span class='ocrx_word' id='word_1_666' title='bbox 762 5568 950 5635; x_wconf 83' lang='grc' dir='ltr'>δεξιῶν</span> <span class='ocrx_word' id='word_1_667' title='bbox 991 5571 1155 5624; x_wconf 80' lang='grc' dir='ltr'>αὑτοῦ</span> <span class='ocrx_word' id='word_1_668' title='bbox 1187 5545 1272 5625; x_wconf 69' lang='grc' dir='ltr'><strong>διά</strong></span> <span class='ocrx_word' id='word_1_669' title='bbox 1302 5545 1527 5645; x_wconf 77' lang='grc' dir='ltr'>λουτροῦ</span> <span class='ocrx_word' id='word_1_670' title='bbox 1560 5590 1664 5626; x_wconf 84' lang='grc' dir='ltr'>πα·-</span> 
     </span>
    </p>
   </div>
   <div class='ocr_carea' id='block_1_87' title="bbox 110 5645 1660 5734">
    <p class='ocr_par' dir='ltr' id='par_1_87' title="bbox 110 5645 1660 5734">
     <span class='ocr_line' id='line_1_87' title="bbox 110 5645 1660 5734; baseline 0.006 -27"><span class='ocrx_word' id='word_1_671' title='bbox 110 5645 430 5713; x_wconf 63' lang='grc' dir='ltr'>λιῖγενεσίας</span> <span class='ocrx_word' id='word_1_672' title='bbox 476 5654 849 5727; x_wconf 82' lang='grc' dir='ltr'>καθαίρεσθαι,</span> <span class='ocrx_word' id='word_1_673' title='bbox 884 5662 976 5713; x_wconf 78' lang='grc' dir='ltr'><strong>καὶ</strong></span> <span class='ocrx_word' id='word_1_674' title='bbox 1016 5661 1115 5730; x_wconf 75' lang='grc' dir='ltr'>τῆς</span> <span class='ocrx_word' id='word_1_675' title='bbox 1146 5661 1327 5716; x_wconf 78' lang='grc' dir='ltr'>ἐνθέου</span> <span class='ocrx_word' id='word_1_676' title='bbox 1363 5665 1660 5734; x_wconf 79' lang='grc' dir='ltr'>ἀναγεννή-</span> 
     </span>
    </p>
   </div>
   <div class='ocr_carea' id='block_1_88' title="bbox 1808 3282 3379 3353">
    <p class='ocr_par' dir='ltr' id='par_1_88' title="bbox 1808 3282 3379 3353">
     <span class='ocr_line' id='line_1_88' title="bbox 1808 3282 3379 3353; baseline 0.004 -19"><span class='ocrx_word' id='word_1_677' title='bbox 1808 3294 2049 3335; x_wconf 90' lang='lat' dir='ltr'><strong>errorem</strong></span> <span class='ocrx_word' id='word_1_678' title='bbox 2098 3297 2225 3337; x_wconf 86' lang='lat' dir='ltr'><strong>vere</strong></span> <span class='ocrx_word' id='word_1_679' title='bbox 2280 3298 2346 3336; x_wconf 89' lang='lat' dir='ltr'><strong>ac</strong></span> <span class='ocrx_word' id='word_1_680' title='bbox 2394 3282 2640 3338; x_wconf 80' lang='lat' dir='ltr'><strong>funditus</strong></span> <span class='ocrx_word' id='word_1_681' title='bbox 2675 3286 2967 3341; x_wconf 81' lang='lat' dir='ltr'><strong>destruxit.</strong></span> <span class='ocrx_word' id='word_1_682' title='bbox 3016 3286 3379 3353; x_wconf 82' lang='lat' dir='ltr'><strong>Quamobrem</strong></span> 
     </span>
    </p>
   </div>
   <div class='ocr_carea' id='block_1_89' title="bbox 1807 3375 3379 3433">
    <p class='ocr_par' dir='ltr' id='par_1_89' title="bbox 1807 3375 3379 3433">
     <span class='ocr_line' id='line_1_89' title="bbox 1807 3375 3379 3433; baseline 0.004 -7"><span class='ocrx_word' id='word_1_683' title='bbox 1807 3387 1977 3429; x_wconf 85' lang='lat' dir='ltr'><strong>cornu</strong></span> <span class='ocrx_word' id='word_1_684' title='bbox 2002 3381 2056 3428; x_wconf 91' lang='lat' dir='ltr'><strong>et</strong></span> <span class='ocrx_word' id='word_1_685' title='bbox 2096 3375 2380 3430; x_wconf 85' lang='lat' dir='ltr'><strong>unicornis</strong></span> <span class='ocrx_word' id='word_1_686' title='bbox 2413 3377 2466 3429; x_wconf 89' lang='lat' dir='ltr'><strong>in</strong></span> <span class='ocrx_word' id='word_1_687' title='bbox 2517 3378 2691 3432; x_wconf 85' lang='lat' dir='ltr'><strong>sacris</strong></span> <span class='ocrx_word' id='word_1_688' title='bbox 2716 3377 2937 3433; x_wconf 88' lang='lat' dir='ltr'><strong>Litteris</strong></span> <span class='ocrx_word' id='word_1_689' title='bbox 2985 3380 3180 3433; x_wconf 91' lang='lat' dir='ltr'><strong>merito</strong></span> <span class='ocrx_word' id='word_1_690' title='bbox 3216 3395 3379 3433; x_wconf 86' lang='lat' dir='ltr'><strong>voca-</strong></span> 
     </span>
    </p>
   </div>
   <div class='ocr_carea' id='block_1_90' title="bbox 1800 3465 3379 3537">
    <p class='ocr_par' dir='ltr' id='par_1_90' title="bbox 1800 3465 3379 3537">
     <span class='ocr_line' id='line_1_90' title="bbox 1800 3465 3379 3537; baseline 0.004 -19"><span class='ocrx_word' id='word_1_691' title='bbox 1800 3474 1914 3520; x_wconf 85' lang='lat' dir='ltr'><strong>tur.</strong></span> <span class='ocrx_word' id='word_1_692' title='bbox 1941 3465 2119 3537; x_wconf 87' lang='lat' dir='ltr'><strong>Ipsius</strong></span> <span class='ocrx_word' id='word_1_693' title='bbox 2143 3482 2289 3533; x_wconf 86' lang='lat' dir='ltr'><strong>vero,</strong></span> <span class='ocrx_word' id='word_1_694' title='bbox 2316 3477 2368 3522; x_wconf 91' lang='lat' dir='ltr'><strong>et</strong></span> <span class='ocrx_word' id='word_1_695' title='bbox 2402 3484 2508 3522; x_wconf 81' lang='lat' dir='ltr'><strong>non</strong></span> <span class='ocrx_word' id='word_1_696' title='bbox 2533 3471 2696 3535; x_wconf 88' lang='lat' dir='ltr'><strong>alius,</strong></span> <span class='ocrx_word' id='word_1_697' title='bbox 2730 3485 2926 3527; x_wconf 87' lang='lat' dir='ltr'><strong>manus</strong></span> <span class='ocrx_word' id='word_1_698' title='bbox 2949 3479 3001 3525; x_wconf 90' lang='lat' dir='ltr'><strong>et</strong></span> <span class='ocrx_word' id='word_1_699' title='bbox 3028 3470 3249 3528; x_wconf 80' lang='lat' dir='ltr'><strong>dextera</strong></span> <span class='ocrx_word' id='word_1_700' title='bbox 3281 3472 3379 3527; x_wconf 85' lang='lat' dir='ltr'><strong>toti</strong></span> 
     </span>
    </p>
   </div>
   <div class='ocr_carea' id='block_1_91' title="bbox 1804 3560 3377 3622">
    <p class='ocr_par' dir='ltr' id='par_1_91' title="bbox 1804 3560 3377 3622">
     <span class='ocr_line' id='line_1_91' title="bbox 1804 3560 3377 3622; baseline 0.003 -7"><span class='ocrx_word' id='word_1_701' title='bbox 1804 3560 2009 3616; x_wconf 89' lang='lat' dir='ltr'><strong>mundo</strong></span> <span class='ocrx_word' id='word_1_702' title='bbox 2046 3562 2325 3617; x_wconf 86' lang='lat' dir='ltr'><strong>dominata</strong></span> <span class='ocrx_word' id='word_1_703' title='bbox 2361 3572 2446 3618; x_wconf 90' lang='lat' dir='ltr'><strong>est</strong></span> <span class='ocrx_word' id='word_1_704' title='bbox 2471 3564 2527 3618; x_wconf 90' lang='lat' dir='ltr'><strong>in</strong></span> <span class='ocrx_word' id='word_1_705' title='bbox 2565 3562 2882 3621; x_wconf 84' lang='lat' dir='ltr'><strong>ﬂuminibus</strong></span> <span class='ocrx_word' id='word_1_706' title='bbox 2906 3576 2965 3621; x_wconf 86' lang='lat' dir='ltr'><strong>et</strong></span> <span class='ocrx_word' id='word_1_707' title='bbox 2993 3569 3259 3622; x_wconf 88' lang='lat' dir='ltr'><strong>maribus.</strong></span> <span class='ocrx_word' id='word_1_708' title='bbox 3294 3566 3377 3620; x_wconf 89' lang='lat' dir='ltr'><strong>Si-</strong></span> 
     </span>
    </p>
   </div>
   <div class='ocr_carea' id='block_1_92' title="bbox 1802 3653 3377 3728">
    <p class='ocr_par' dir='ltr' id='par_1_92' title="bbox 1802 3653 3377 3728">
     <span class='ocr_line' id='line_1_92' title="bbox 1802 3653 3377 3728; baseline 0.003 -21"><span class='ocrx_word' id='word_1_709' title='bbox 1802 3653 2020 3722; x_wconf 86' lang='lat' dir='ltr'><strong>quidem</strong></span> <span class='ocrx_word' id='word_1_710' title='bbox 2052 3656 2292 3725; x_wconf 88' lang='lat' dir='ltr'><strong>gentium</strong></span> <span class='ocrx_word' id='word_1_711' title='bbox 2335 3657 2542 3712; x_wconf 89' lang='lat' dir='ltr'><strong>insulas</strong></span> <span class='ocrx_word' id='word_1_712' title='bbox 2586 3658 2815 3727; x_wconf 85' lang='lat' dir='ltr'><strong>replevit</strong></span> <span class='ocrx_word' id='word_1_713' title='bbox 2848 3654 3109 3713; x_wconf 80' lang='lat' dir='ltr'><strong>doctrina</strong></span> <span class='ocrx_word' id='word_1_714' title='bbox 3140 3659 3281 3728; x_wconf 89' lang='lat' dir='ltr'><strong>ejus,</strong></span> <span class='ocrx_word' id='word_1_715' title='bbox 3323 3669 3377 3712; x_wconf 89' lang='lat' dir='ltr'><strong>et</strong></span> 
     </span>
    </p>
   </div>
   <div class='ocr_carea' id='block_1_93' title="bbox 1800 3745 3374 3819">
    <p class='ocr_par' dir='ltr' id='par_1_93' title="bbox 1800 3745 3374 3819">
     <span class='ocr_line' id='line_1_93' title="bbox 1800 3745 3374 3819; baseline 0.001 -20"><span class='ocrx_word' id='word_1_716' title='bbox 1800 3745 2003 3815; x_wconf 91' lang='lat' dir='ltr'><strong>ubique</strong></span> <span class='ocrx_word' id='word_1_717' title='bbox 2033 3754 2303 3801; x_wconf 90' lang='lat' dir='ltr'><strong>terrarum</strong></span> <span class='ocrx_word' id='word_1_718' title='bbox 2338 3748 2651 3802; x_wconf 90' lang='lat' dir='ltr'><strong>universum</strong></span> <span class='ocrx_word' id='word_1_719' title='bbox 2682 3749 2976 3802; x_wconf 88' lang='lat' dir='ltr'><strong>humanum</strong></span> <span class='ocrx_word' id='word_1_720' title='bbox 2998 3765 3169 3819; x_wconf 90' lang='lat' dir='ltr'><strong>genus</strong></span> <span class='ocrx_word' id='word_1_721' title='bbox 3191 3748 3374 3803; x_wconf 88' lang='lat' dir='ltr'><strong>Domi-</strong></span> 
     </span>
    </p>
   </div>
   <div class='ocr_carea' id='block_1_94' title="bbox 1799 3836 3373 3910">
    <p class='ocr_par' dir='ltr' id='par_1_94' title="bbox 1799 3836 3373 3910">
     <span class='ocr_line' id='line_1_94' title="bbox 1799 3836 3373 3910; baseline 0 -21"><span class='ocrx_word' id='word_1_722' title='bbox 1799 3852 1928 3890; x_wconf 90' lang='lat' dir='ltr'><strong>num</strong></span> <span class='ocrx_word' id='word_1_723' title='bbox 1960 3837 2135 3903; x_wconf 89' lang='lat' dir='ltr'><strong>illum,</strong></span> <span class='ocrx_word' id='word_1_724' title='bbox 2171 3836 2340 3892; x_wconf 92' lang='lat' dir='ltr'><strong>Deum</strong></span> <span class='ocrx_word' id='word_1_725' title='bbox 2372 3846 2427 3892; x_wconf 88' lang='lat' dir='ltr'><strong>et</strong></span> <span class='ocrx_word' id='word_1_726' title='bbox 2454 3838 2657 3910; x_wconf 83' lang='lat' dir='ltr'><strong>Regem</strong></span> <span class='ocrx_word' id='word_1_727' title='bbox 2697 3840 2957 3909; x_wconf 89' lang='lat' dir='ltr'><strong>appellat.</strong></span> <span class='ocrx_word' id='word_1_728' title='bbox 2988 3839 3177 3895; x_wconf 89' lang='lat' dir='ltr'><strong>Simile</strong></span> <span class='ocrx_word' id='word_1_729' title='bbox 3207 3856 3373 3910; x_wconf 79' lang='lat' dir='ltr'><strong>porro</strong></span> 
     </span>
    </p>
   </div>
   <div class='ocr_carea' id='block_1_95' title="bbox 1797 3928 3369 4000">
    <p class='ocr_par' dir='ltr' id='par_1_95' title="bbox 1797 3928 3369 4000">
     <span class='ocr_line' id='line_1_95' title="bbox 1797 3928 3369 4000; baseline 0.002 -19"><span class='ocrx_word' id='word_1_730' title='bbox 1797 3935 1882 3983; x_wconf 89' lang='lat' dir='ltr'><strong>est</strong></span> <span class='ocrx_word' id='word_1_731' title='bbox 1909 3928 2013 3982; x_wconf 88' lang='lat' dir='ltr'><strong>hoc</strong></span> <span class='ocrx_word' id='word_1_732' title='bbox 2044 3929 2274 3992; x_wconf 91' lang='lat' dir='ltr'><strong>dictum,</strong></span> <span class='ocrx_word' id='word_1_733' title='bbox 2308 3928 2513 3982; x_wconf 89' lang='lat' dir='ltr'><strong>Ponam</strong></span> <span class='ocrx_word' id='word_1_734' title='bbox 2539 3931 2594 3984; x_wconf 85' lang='lat' dir='ltr'><strong>in</strong></span> <span class='ocrx_word' id='word_1_735' title='bbox 2638 3932 2777 3984; x_wconf 82' lang='lat' dir='ltr'><strong>mari</strong></span> <span class='ocrx_word' id='word_1_736' title='bbox 2806 3947 3019 3983; x_wconf 88' lang='lat' dir='ltr'><strong>manum</strong></span> <span class='ocrx_word' id='word_1_737' title='bbox 3056 3932 3191 4000; x_wconf 87' lang='lat' dir='ltr'><strong>ejus,</strong></span> <span class='ocrx_word' id='word_1_738' title='bbox 3237 3942 3285 3984; x_wconf 90' lang='lat' dir='ltr'><strong>et</strong></span> <span class='ocrx_word' id='word_1_739' title='bbox 3316 3933 3369 3985; x_wconf 85' lang='lat' dir='ltr'><strong>in</strong></span> 
     </span>
    </p>
   </div>
   <div class='ocr_carea' id='block_1_96' title="bbox 1798 4017 3369 4093">
    <p class='ocr_par' dir='ltr' id='par_1_96' title="bbox 1798 4017 3369 4093">
     <span class='ocr_line' id='line_1_96' title="bbox 1798 4017 3369 4093; baseline 0.006 -25"><span class='ocrx_word' id='word_1_740' title='bbox 1798 4017 2108 4085; x_wconf 82' lang='lat' dir='ltr'><strong>ﬂuminibus</strong></span> <span class='ocrx_word' id='word_1_741' title='bbox 2142 4018 2416 4072; x_wconf 74' lang='lat' dir='ltr'><strong>dexteram</strong></span> <span class='ocrx_word' id='word_1_742' title='bbox 2447 4019 2585 4089; x_wconf 86' lang='lat' dir='ltr'><strong>ejus.</strong></span> <span class='ocrx_word' id='word_1_743' title='bbox 2610 4019 2660 4075; x_wconf 90' lang='lat' dir='ltr'><strong>ei</strong></span> <span class='ocrx_word' id='word_1_744' title='bbox 2682 4020 2829 4091; x_wconf 87' lang='lat' dir='ltr'><strong>quod</strong></span> <span class='ocrx_word' id='word_1_745' title='bbox 2852 4021 2919 4076; x_wconf 93' lang='lat' dir='ltr'><strong>de</strong></span> <span class='ocrx_word' id='word_1_746' title='bbox 2948 4022 3141 4077; x_wconf 86' lang='lat' dir='ltr'><strong>eodem</strong></span> <span class='ocrx_word' id='word_1_747' title='bbox 3171 4023 3291 4093; x_wconf 91' lang='lat' dir='ltr'><strong>ipso</strong></span> <span class='ocrx_word' id='word_1_748' title='bbox 3316 4025 3369 4077; x_wconf 85' lang='lat' dir='ltr'><strong>in</strong></span> 
     </span>
    </p>
   </div>
   <div class='ocr_carea' id='block_1_97' title="bbox 1794 4107 3371 4178">
    <p class='ocr_par' dir='ltr' id='par_1_97' title="bbox 1794 4107 3371 4178">
     <span class='ocr_line' id='line_1_97' title="bbox 1794 4107 3371 4178; baseline 0.004 -19"><span class='ocrx_word' id='word_1_749' title='bbox 1794 4122 1921 4161; x_wconf 76' lang='lat' dir='ltr'><strong>uxr</strong></span> <span class='ocrx_word' id='word_1_750' title='bbox 1984 4109 2197 4178; x_wconf 90' lang='lat' dir='ltr'><strong>psalmo</strong></span> <span class='ocrx_word' id='word_1_751' title='bbox 2263 4108 2498 4173; x_wconf 88' lang='lat' dir='ltr'><strong>dicitur,</strong></span> <span class='ocrx_word' id='word_1_752' title='bbox 2566 4107 2634 4162; x_wconf 88' lang='lat' dir='ltr'><strong>Et</strong></span> <span class='ocrx_word' id='word_1_753' title='bbox 2688 4110 3076 4165; x_wconf 83' lang='lat' dir='ltr'><strong>dominabitur</strong></span> <span class='ocrx_word' id='word_1_754' title='bbox 3135 4130 3169 4166; x_wconf 93' lang='lat' dir='ltr'><strong>a</strong></span> <span class='ocrx_word' id='word_1_755' title='bbox 3231 4116 3371 4167; x_wconf 81' lang='lat' dir='ltr'><strong>mari</strong></span> 
     </span>
    </p>
   </div>
   <div class='ocr_carea' id='block_1_98' title="bbox 1792 4201 3367 4274">
    <p class='ocr_par' dir='ltr' id='par_1_98' title="bbox 1792 4201 3367 4274">
     <span class='ocr_line' id='line_1_98' title="bbox 1792 4201 3367 4274; baseline 0.004 -21"><span class='ocrx_word' id='word_1_756' title='bbox 1792 4216 1958 4272; x_wconf 88' lang='lat' dir='ltr'><strong>usque</strong></span> <span class='ocrx_word' id='word_1_757' title='bbox 2016 4201 2084 4255; x_wconf 88' lang='lat' dir='ltr'><strong>ad</strong></span> <span class='ocrx_word' id='word_1_758' title='bbox 2131 4217 2306 4267; x_wconf 88' lang='lat' dir='ltr'><strong>mare,</strong></span> <span class='ocrx_word' id='word_1_759' title='bbox 2352 4212 2407 4256; x_wconf 87' lang='lat' dir='ltr'><strong>et</strong></span> <span class='ocrx_word' id='word_1_760' title='bbox 2465 4219 2498 4256; x_wconf 89' lang='lat' dir='ltr'><strong>a</strong></span> <span class='ocrx_word' id='word_1_761' title='bbox 2540 4203 2757 4271; x_wconf 82' lang='lat' dir='ltr'><strong>ﬂumine</strong></span> <span class='ocrx_word' id='word_1_762' title='bbox 2799 4220 2961 4274; x_wconf 85' lang='lat' dir='ltr'><strong>usque</strong></span> <span class='ocrx_word' id='word_1_763' title='bbox 3016 4206 3086 4259; x_wconf 90' lang='lat' dir='ltr'><strong>ad</strong></span> <span class='ocrx_word' id='word_1_764' title='bbox 3120 4208 3367 4273; x_wconf 81' lang='lat' dir='ltr'><strong>terminos</strong></span> 
     </span>
    </p>
   </div>
   <div class='ocr_carea' id='block_1_99' title="bbox 1792 4292 3366 4371">
    <p class='ocr_par' dir='ltr' id='par_1_99' title="bbox 1792 4292 3366 4371">
     <span class='ocr_line' id='line_1_99' title="bbox 1792 4292 3366 4371; baseline 0.003 -26"><span class='ocrx_word' id='word_1_765' title='bbox 1792 4292 2275 4371; x_wconf 30' lang='lat' dir='ltr'><strong>orbiyterrarum.</strong></span> <span class='ocrx_word' id='word_1_766' title='bbox 2327 4293 2463 4347; x_wconf 91' lang='lat' dir='ltr'><strong>Cum</strong></span> <span class='ocrx_word' id='word_1_767' title='bbox 2521 4294 2780 4364; x_wconf 73' lang='lat' dir='ltr'><strong>cmpisset</strong></span> <span class='ocrx_word' id='word_1_768' title='bbox 2835 4296 2980 4350; x_wconf 90' lang='lat' dir='ltr'><strong>enim</strong></span> <span class='ocrx_word' id='word_1_769' title='bbox 3025 4295 3281 4351; x_wconf 88' lang='lat' dir='ltr'><strong>Servator</strong></span> <span class='ocrx_word' id='word_1_770' title='bbox 3336 4315 3366 4350; x_wconf 86' lang='lat' dir='ltr'><strong>a</strong></span> 
     </span>
    </p>
   </div>
   <div class='ocr_carea' id='block_1_100' title="bbox 1791 4383 3365 4457">
    <p class='ocr_par' dir='ltr' id='par_1_100' title="bbox 1791 4383 3365 4457">
     <span class='ocr_line' id='line_1_100' title="bbox 1791 4383 3365 4457; baseline 0.002 -19"><span class='ocrx_word' id='word_1_771' title='bbox 1791 4383 2117 4454; x_wconf 85' lang='lat' dir='ltr'><strong>baptismate</strong></span> <span class='ocrx_word' id='word_1_772' title='bbox 2175 4383 2244 4437; x_wconf 88' lang='lat' dir='ltr'><strong>ad</strong></span> <span class='ocrx_word' id='word_1_773' title='bbox 2309 4383 2602 4440; x_wconf 78' lang='lat' dir='ltr'><strong>Jordanem</strong></span> <span class='ocrx_word' id='word_1_774' title='bbox 2670 4385 2896 4441; x_wconf 73' lang='lat' dir='ltr'><strong>fluvium</strong></span> <span class='ocrx_word' id='word_1_775' title='bbox 2961 4396 3218 4457; x_wconf 89' lang='lat' dir='ltr'><strong>suscepto</strong></span> <span class='ocrx_word' id='word_1_776' title='bbox 3276 4404 3365 4444; x_wconf 83' lang='lat' dir='ltr'><strong>re-</strong></span> 
     </span>
    </p>
   </div>
   <div class='ocr_carea' id='block_1_101' title="bbox 1788 4474 3364 4548">
    <p class='ocr_par' dir='ltr' id='par_1_101' title="bbox 1788 4474 3364 4548">
     <span class='ocr_line' id='line_1_101' title="bbox 1788 4474 3364 4548; baseline 0.003 -21"><span class='ocrx_word' id='word_1_777' title='bbox 1788 4488 1955 4543; x_wconf 87' lang='lat' dir='ltr'><strong>gnum</strong></span> <span class='ocrx_word' id='word_1_778' title='bbox 2019 4474 2110 4530; x_wconf 86' lang='lat' dir='ltr'><strong>Dei</strong></span> <span class='ocrx_word' id='word_1_779' title='bbox 2159 4474 2500 4545; x_wconf 66' lang='lat' dir='ltr'><strong>praedicare,</strong></span> <span class='ocrx_word' id='word_1_780' title='bbox 2546 4484 2720 4530; x_wconf 89' lang='lat' dir='ltr'><strong>totum</strong></span> <span class='ocrx_word' id='word_1_781' title='bbox 2771 4477 2999 4548; x_wconf 87' lang='lat' dir='ltr'><strong>replevit</strong></span> <span class='ocrx_word' id='word_1_782' title='bbox 3044 4478 3254 4531; x_wconf 89' lang='lat' dir='ltr'><strong>orbem.</strong></span> <span class='ocrx_word' id='word_1_783' title='bbox 3305 4475 3364 4531; x_wconf 89' lang='lat' dir='ltr'><strong>lu</strong></span> 
     </span>
    </p>
   </div>
   <div class='ocr_carea' id='block_1_102' title="bbox 2949 4566 3363 4624">
    <p class='ocr_par' dir='ltr' id='par_1_102' title="bbox 2949 4566 3363 4624">
     <span class='ocr_line' id='line_1_102' title="bbox 2949 4566 3363 4624; baseline -0.002 -3"><span class='ocrx_word' id='word_1_784' title='bbox 2949 4566 3130 4624; x_wconf 80' lang='lat' dir='ltr'><strong>Gaude</strong></span> <span class='ocrx_word' id='word_1_785' title='bbox 3178 4577 3227 4620; x_wconf 87' lang='lat' dir='ltr'><strong>et</strong></span> <span class='ocrx_word' id='word_1_786' title='bbox 3270 4566 3363 4622; x_wconf 80' lang='lat' dir='ltr'><strong>la:-</strong></span> 
     </span>
    </p>
   </div>
   <div class='ocr_carea' id='block_1_103' title="bbox 1789 4657 3398 4727">
    <p class='ocr_par' dir='ltr' id='par_1_103' title="bbox 1789 4657 3398 4727">
     <span class='ocr_line' id='line_1_103' title="bbox 1789 4657 3398 4727; baseline 0.001 -17"><span class='ocrx_word' id='word_1_787' title='bbox 1789 4667 1923 4724; x_wconf 86' lang='lat' dir='ltr'><strong>tare,</strong></span> <span class='ocrx_word' id='word_1_788' title='bbox 1965 4657 2088 4727; x_wconf 84' lang='lat' dir='ltr'><strong>ﬁlia</strong></span> <span class='ocrx_word' id='word_1_789' title='bbox 2136 4657 2267 4713; x_wconf 83' lang='lat' dir='ltr'><strong>Sion</strong></span> <span class='ocrx_word' id='word_1_790' title='bbox 2291 4674 2310 4712; x_wconf 94' lang='lat'><em>:</em></span> <span class='ocrx_word' id='word_1_791' title='bbox 2335 4676 2450 4713; x_wconf 83' lang='lat' dir='ltr'><strong>ecce</strong></span> <span class='ocrx_word' id='word_1_792' title='bbox 2498 4675 2591 4712; x_wconf 75' lang='lat' dir='ltr'><strong>rex</strong></span> <span class='ocrx_word' id='word_1_793' title='bbox 2630 4669 2750 4714; x_wconf 82' lang='lat' dir='ltr'><strong>tuus</strong></span> <span class='ocrx_word' id='word_1_794' title='bbox 2803 4661 2940 4713; x_wconf 73' lang='lat' dir='ltr'><strong>venit</strong></span> <span class='ocrx_word' id='word_1_795' title='bbox 2981 4658 3077 4712; x_wconf 85' lang='lat' dir='ltr'><strong>tibi</strong></span> <span class='ocrx_word' id='word_1_796' title='bbox 3110 4675 3355 4715; x_wconf 74' lang='lat' dir='ltr'><strong>mansue-</strong></span> <span class='ocrx_word' id='word_1_797' title='bbox 3388 4686 3398 4702; x_wconf 76' lang='grc' dir='ltr'><strong>ι</strong></span> 
     </span>
    </p>
   </div>
   <div class='ocr_carea' id='block_1_104' title="bbox 1784 4750 3350 4823">
    <p class='ocr_par' dir='ltr' id='par_1_104' title="bbox 1784 4750 3350 4823">
     <span class='ocr_line' id='line_1_104' title="bbox 1784 4750 3350 4823; baseline -0.001 -19"><span class='ocrx_word' id='word_1_798' title='bbox 1784 4761 1892 4816; x_wconf 84' lang='lat' dir='ltr'><strong>tus,</strong></span> <span class='ocrx_word' id='word_1_799' title='bbox 1924 4761 1974 4805; x_wconf 87' lang='lat' dir='ltr'><strong>et</strong></span> <span class='ocrx_word' id='word_1_800' title='bbox 2010 4751 2246 4807; x_wconf 85' lang='lat' dir='ltr'><strong>insidens</strong></span> <span class='ocrx_word' id='word_1_801' title='bbox 2294 4752 2583 4823; x_wconf 82' lang='lat' dir='ltr'><strong>subjugali,</strong></span> <span class='ocrx_word' id='word_1_802' title='bbox 2630 4762 2681 4808; x_wconf 86' lang='lat' dir='ltr'><strong>et</strong></span> <span class='ocrx_word' id='word_1_803' title='bbox 2726 4752 2874 4822; x_wconf 89' lang='lat' dir='ltr'><strong>pullo</strong></span> <span class='ocrx_word' id='word_1_804' title='bbox 2914 4753 3114 4821; x_wconf 88' lang='lat' dir='ltr'><strong>juveni.</strong></span> <span class='ocrx_word' id='word_1_805' title='bbox 3153 4750 3224 4803; x_wconf 83' lang='lat' dir='ltr'><strong>Et</strong></span> <span class='ocrx_word' id='word_1_806' title='bbox 3265 4752 3350 4803; x_wconf 83' lang='lat' dir='ltr'><strong>do-</strong></span> 
     </span>
    </p>
   </div>
   <div class='ocr_carea' id='block_1_105' title="bbox 1784 4843 3361 4915">
    <p class='ocr_par' dir='ltr' id='par_1_105' title="bbox 1784 4843 3361 4915">
     <span class='ocr_line' id='line_1_105' title="bbox 1784 4843 3361 4915; baseline 0.002 -20"><span class='ocrx_word' id='word_1_807' title='bbox 1784 4843 2075 4897; x_wconf 86' lang='lat' dir='ltr'><strong>minabitur</strong></span> <span class='ocrx_word' id='word_1_808' title='bbox 2114 4860 2147 4896; x_wconf 91' lang='lat' dir='ltr'><strong>a</strong></span> <span class='ocrx_word' id='word_1_809' title='bbox 2192 4845 2331 4897; x_wconf 87' lang='lat' dir='ltr'><strong>mari</strong></span> <span class='ocrx_word' id='word_1_810' title='bbox 2372 4860 2533 4915; x_wconf 84' lang='lat' dir='ltr'><strong>usque</strong></span> <span class='ocrx_word' id='word_1_811' title='bbox 2569 4845 2640 4897; x_wconf 86' lang='lat' dir='ltr'><strong>ad</strong></span> <span class='ocrx_word' id='word_1_812' title='bbox 2677 4861 2821 4898; x_wconf 89' lang='lat' dir='ltr'><strong>mare</strong></span> <span class='ocrx_word' id='word_1_813' title='bbox 2845 4885 2859 4908; x_wconf 93' lang='lat'><strong>,</strong></span> <span class='ocrx_word' id='word_1_814' title='bbox 2893 4854 2944 4897; x_wconf 87' lang='lat' dir='ltr'><strong>et</strong></span> <span class='ocrx_word' id='word_1_815' title='bbox 2980 4861 3013 4898; x_wconf 91' lang='lat' dir='ltr'><strong>a</strong></span> <span class='ocrx_word' id='word_1_816' title='bbox 3048 4844 3361 4915; x_wconf 76' lang='lat' dir='ltr'><strong>ﬂuminibus</strong></span> 
     </span>
    </p>
   </div>
   <div class='ocr_carea' id='block_1_106' title="bbox 1782 4936 3357 5011">
    <p class='ocr_par' dir='ltr' id='par_1_106' title="bbox 1782 4936 3357 5011">
     <span class='ocr_line' id='line_1_106' title="bbox 1782 4936 3357 5011; baseline -0.001 -23"><span class='ocrx_word' id='word_1_817' title='bbox 1782 4951 1943 5005; x_wconf 83' lang='lat' dir='ltr'><strong>usque</strong></span> <span class='ocrx_word' id='word_1_818' title='bbox 1985 4936 2053 4989; x_wconf 87' lang='lat' dir='ltr'><strong>ad</strong></span> <span class='ocrx_word' id='word_1_819' title='bbox 2088 4937 2263 4990; x_wconf 72' lang='lat' dir='ltr'><strong>exitus</strong></span> <span class='ocrx_word' id='word_1_820' title='bbox 2312 4947 2464 4992; x_wconf 69' lang='lat' dir='ltr'><strong>terra:</strong></span> <span class='ocrx_word' id='word_1_821' title='bbox 2497 4937 2561 4990; x_wconf 73' lang='grc'><strong>³⁸.</strong></span> <span class='ocrx_word' id='word_1_822' title='bbox 2596 4936 2705 4992; x_wconf 92' lang='lat' dir='ltr'><strong>Pro</strong></span> <span class='ocrx_word' id='word_1_823' title='bbox 2746 4953 2855 5011; x_wconf 92' lang='lat' dir='ltr'><strong>quo</strong></span> <span class='ocrx_word' id='word_1_824' title='bbox 2899 4936 3223 4994; x_wconf 83' lang='lat' dir='ltr'><strong>llebraicum</strong></span> <span class='ocrx_word' id='word_1_825' title='bbox 3259 4936 3357 4989; x_wconf 68' lang='lat' dir='ltr'><strong>ha~</strong></span> 
     </span>
    </p>
   </div>
   <div class='ocr_carea' id='block_1_107' title="bbox 1784 5023 3354 5095">
    <p class='ocr_par' dir='ltr' id='par_1_107' title="bbox 1784 5023 3354 5095">
     <span class='ocr_line' id='line_1_107' title="bbox 1784 5023 3354 5095; baseline 0 -19"><span class='ocrx_word' id='word_1_826' title='bbox 1784 5023 1907 5088; x_wconf 89' lang='lat' dir='ltr'><strong>bet,</strong></span> <span class='ocrx_word' id='word_1_827' title='bbox 1945 5023 2015 5077; x_wconf 88' lang='lat' dir='ltr'><strong>Et</strong></span> <span class='ocrx_word' id='word_1_828' title='bbox 2045 5042 2078 5078; x_wconf 89' lang='lat' dir='ltr'><strong>a</strong></span> <span class='ocrx_word' id='word_1_829' title='bbox 2108 5026 2417 5094; x_wconf 83' lang='lat' dir='ltr'><strong>ﬂuminibus</strong></span> <span class='ocrx_word' id='word_1_830' title='bbox 2460 5041 2623 5095; x_wconf 84' lang='lat' dir='ltr'><strong>usque</strong></span> <span class='ocrx_word' id='word_1_831' title='bbox 2663 5024 2731 5079; x_wconf 91' lang='lat' dir='ltr'><strong>ad</strong></span> <span class='ocrx_word' id='word_1_832' title='bbox 2762 5030 3013 5080; x_wconf 83' lang='lat' dir='ltr'><strong>terminos</strong></span> <span class='ocrx_word' id='word_1_833' title='bbox 3049 5035 3223 5079; x_wconf 70' lang='lat' dir='ltr'><strong>terrae.</strong></span> <span class='ocrx_word' id='word_1_834' title='bbox 3260 5023 3354 5079; x_wconf 88' lang='lat' dir='ltr'><strong>Di-</strong></span> 
     </span>
    </p>
   </div>
   <div class='ocr_carea' id='block_1_108' title="bbox 1782 5116 3353 5188">
    <p class='ocr_par' dir='ltr' id='par_1_108' title="bbox 1782 5116 3353 5188">
     <span class='ocr_line' id='line_1_108' title="bbox 1782 5116 3353 5188; baseline -0.001 -19"><span class='ocrx_word' id='word_1_835' title='bbox 1782 5117 1924 5170; x_wconf 78' lang='lat' dir='ltr'><strong>xerit</strong></span> <span class='ocrx_word' id='word_1_836' title='bbox 1954 5131 2119 5187; x_wconf 87' lang='lat' dir='ltr'><strong>porro</strong></span> <span class='ocrx_word' id='word_1_837' title='bbox 2150 5117 2422 5188; x_wconf 89' lang='lat' dir='ltr'><strong>quispiam</strong></span> <span class='ocrx_word' id='word_1_838' title='bbox 2444 5159 2458 5181; x_wconf 93' lang='lat'><strong>,</strong></span> <span class='ocrx_word' id='word_1_839' title='bbox 2488 5117 2845 5187; x_wconf 82' lang='lat' dir='ltr'><strong>profundiore</strong></span> <span class='ocrx_word' id='word_1_840' title='bbox 2878 5116 3211 5186; x_wconf 80' lang='lat' dir='ltr'><strong>intelligendi</strong></span> <span class='ocrx_word' id='word_1_841' title='bbox 3247 5116 3353 5173; x_wconf 85' lang='lat' dir='ltr'><strong>ritu</strong></span> 
     </span>
    </p>
   </div>
   <div class='ocr_carea' id='block_1_109' title="bbox 1780 5208 3355 5279">
    <p class='ocr_par' dir='ltr' id='par_1_109' title="bbox 1780 5208 3355 5279">
     <span class='ocr_line' id='line_1_109' title="bbox 1780 5208 3355 5279; baseline -0.001 -19"><span class='ocrx_word' id='word_1_842' title='bbox 1780 5208 1870 5262; x_wconf 87' lang='lat' dir='ltr'><strong>hic</strong></span> <span class='ocrx_word' id='word_1_843' title='bbox 1902 5208 2022 5277; x_wconf 85' lang='lat' dir='ltr'><strong>ejus</strong></span> <span class='ocrx_word' id='word_1_844' title='bbox 2050 5208 2329 5267; x_wconf 77' lang='lat' dir='ltr'><strong>dexteram</strong></span> <span class='ocrx_word' id='word_1_845' title='bbox 2361 5210 2415 5263; x_wconf 90' lang='lat' dir='ltr'><strong>in</strong></span> <span class='ocrx_word' id='word_1_846' title='bbox 2456 5208 2774 5267; x_wconf 79' lang='lat' dir='ltr'><strong>ﬂuminibus</strong></span> <span class='ocrx_word' id='word_1_847' title='bbox 2813 5210 2951 5273; x_wconf 86' lang='lat' dir='ltr'><strong>dici,</strong></span> <span class='ocrx_word' id='word_1_848' title='bbox 2998 5210 3121 5279; x_wconf 86' lang='lat' dir='ltr'><strong>quia</strong></span> <span class='ocrx_word' id='word_1_849' title='bbox 3164 5222 3355 5261; x_wconf 82' lang='lat' dir='ltr'><strong>omnes</strong></span> 
     </span>
    </p>
   </div>
   <div class='ocr_carea' id='block_1_110' title="bbox 1778 5299 3354 5372">
    <p class='ocr_par' dir='ltr' id='par_1_110' title="bbox 1778 5299 3354 5372">
     <span class='ocr_line' id='line_1_110' title="bbox 1778 5299 3354 5372; baseline -0.003 -20"><span class='ocrx_word' id='word_1_850' title='bbox 1778 5299 1871 5369; x_wconf 91' lang='lat' dir='ltr'><strong>qui</strong></span> <span class='ocrx_word' id='word_1_851' title='bbox 1900 5313 1930 5352; x_wconf 90' lang='lat' dir='ltr'><strong>a</strong></span> <span class='ocrx_word' id='word_1_852' title='bbox 1961 5300 2168 5357; x_wconf 83' lang='lat' dir='ltr'><strong>dextris</strong></span> <span class='ocrx_word' id='word_1_853' title='bbox 2198 5299 2320 5369; x_wconf 85' lang='lat' dir='ltr'><strong>ejus</strong></span> <span class='ocrx_word' id='word_1_854' title='bbox 2350 5308 2511 5363; x_wconf 88' lang='lat' dir='ltr'><strong>sunt,</strong></span> <span class='ocrx_word' id='word_1_855' title='bbox 2550 5316 2645 5372; x_wconf 89' lang='lat' dir='ltr'><strong>per</strong></span> <span class='ocrx_word' id='word_1_856' title='bbox 2680 5302 2957 5356; x_wconf 88' lang='lat' dir='ltr'><strong>lavacrum</strong></span> <span class='ocrx_word' id='word_1_857' title='bbox 2985 5300 3354 5369; x_wconf 49' lang='lat' dir='ltr'><strong>regeneratioq</strong></span> 
     </span>
    </p>
   </div>
   <div class='ocr_carea' id='block_1_111' title="bbox 1777 5387 3348 5462">
    <p class='ocr_par' dir='ltr' id='par_1_111' title="bbox 1777 5387 3348 5462">
     <span class='ocr_line' id='line_1_111' title="bbox 1777 5387 3348 5462; baseline -0.002 -19"><span class='ocrx_word' id='word_1_858' title='bbox 1777 5391 1861 5446; x_wconf 91' lang='lat' dir='ltr'><strong>nis</strong></span> <span class='ocrx_word' id='word_1_859' title='bbox 1892 5401 2214 5462; x_wconf 86' lang='lat' dir='ltr'><strong>purgantur.</strong></span> <span class='ocrx_word' id='word_1_860' title='bbox 2241 5398 2295 5444; x_wconf 92' lang='lat' dir='ltr'><strong>et</strong></span> <span class='ocrx_word' id='word_1_861' title='bbox 2319 5390 2501 5444; x_wconf 89' lang='lat' dir='ltr'><strong>divina</strong></span> <span class='ocrx_word' id='word_1_862' title='bbox 2532 5392 2943 5460; x_wconf 80' lang='lat' dir='ltr'><strong>regeneratione</strong></span> <span class='ocrx_word' id='word_1_863' title='bbox 2966 5406 3063 5461; x_wconf 88' lang='lat' dir='ltr'><strong>per</strong></span> <span class='ocrx_word' id='word_1_864' title='bbox 3086 5387 3348 5443; x_wconf 81' lang='lat' dir='ltr'><strong>inﬂuxum</strong></span> 
     </span>
    </p>
   </div>
   <div class='ocr_carea' id='block_1_112' title="bbox 1775 5480 3351 5551">
    <p class='ocr_par' dir='ltr' id='par_1_112' title="bbox 1775 5480 3351 5551">
     <span class='ocr_line' id='line_1_112' title="bbox 1775 5480 3351 5551; baseline -0.001 -14"><span class='ocrx_word' id='word_1_865' title='bbox 1775 5480 2015 5550; x_wconf 82' lang='lat' dir='ltr'><strong>Spiritus</strong></span> <span class='ocrx_word' id='word_1_866' title='bbox 2040 5483 2214 5537; x_wconf 89' lang='lat' dir='ltr'><strong>sancti</strong></span> <span class='ocrx_word' id='word_1_867' title='bbox 2237 5483 2554 5551; x_wconf 84' lang='lat' dir='ltr'><strong>dignantur.</strong></span> <span class='ocrx_word' id='word_1_868' title='bbox 2578 5480 2813 5537; x_wconf 79' lang='lat' dir='ltr'><strong>Dextros</strong></span> <span class='ocrx_word' id='word_1_869' title='bbox 2836 5498 2968 5538; x_wconf 86' lang='lat' dir='ltr'><strong>sane</strong></span> <span class='ocrx_word' id='word_1_870' title='bbox 3000 5484 3124 5537; x_wconf 85' lang='lat' dir='ltr'><strong>illos</strong></span> <span class='ocrx_word' id='word_1_871' title='bbox 3151 5483 3201 5537; x_wconf 89' lang='lat' dir='ltr'><strong>ei</strong></span> <span class='ocrx_word' id='word_1_872' title='bbox 3229 5498 3351 5536; x_wconf 82' lang='lat' dir='ltr'><strong>esse</strong></span> 
     </span>
    </p>
   </div>
   <div class='ocr_carea' id='block_1_113' title="bbox 1771 5572 3351 5645">
    <p class='ocr_par' dir='ltr' id='par_1_113' title="bbox 1771 5572 3351 5645">
     <span class='ocr_line' id='line_1_113' title="bbox 1771 5572 3351 5645; baseline 0.001 -20"><span class='ocrx_word' id='word_1_873' title='bbox 1771 5572 2098 5636; x_wconf 90' lang='lat' dir='ltr'><strong>didicimus,</strong></span> <span class='ocrx_word' id='word_1_874' title='bbox 2135 5573 2335 5643; x_wconf 89' lang='lat' dir='ltr'><strong>quibus</strong></span> <span class='ocrx_word' id='word_1_875' title='bbox 2378 5573 2686 5645; x_wconf 89' lang='lat' dir='ltr'><strong>pollicendo</strong></span> <span class='ocrx_word' id='word_1_876' title='bbox 2732 5574 2868 5628; x_wconf 79' lang='lat' dir='ltr'><strong>dixit</strong></span> <span class='ocrx_word' id='word_1_877' title='bbox 2897 5593 2910 5628; x_wconf 92' lang='lat'><strong>:</strong></span> <span class='ocrx_word' id='word_1_878' title='bbox 2946 5573 3130 5629; x_wconf 83' lang='lat' dir='ltr'><strong>Venite</strong></span> <span class='ocrx_word' id='word_1_879' title='bbox 3153 5617 3168 5639; x_wconf 91' lang='lat'><strong>,</strong></span> <span class='ocrx_word' id='word_1_880' title='bbox 3199 5572 3351 5627; x_wconf 60' lang='lat' dir='ltr'><strong>bene-</strong></span> 
     </span>
    </p>
   </div>
   <div class='ocr_carea' id='block_1_114' title="bbox 1768 5646 3345 5741">
    <p class='ocr_par' dir='ltr' id='par_1_114' title="bbox 1768 5646 3345 5741">
     <span class='ocr_line' id='line_1_114' title="bbox 1768 5646 3345 5741; baseline 0.003 -26"><span class='ocrx_word' id='word_1_881' title='bbox 1768 5662 1897 5719; x_wconf 85' lang='lat' dir='ltr'><strong>dicti</strong></span> <span class='ocrx_word' id='word_1_882' title='bbox 1951 5665 2133 5720; x_wconf 77' lang='lat' dir='ltr'><strong>Patris</strong></span> <span class='ocrx_word' id='word_1_883' title='bbox 2180 5666 2311 5733; x_wconf 86' lang='lat' dir='ltr'><strong>mei,</strong></span> <span class='ocrx_word' id='word_1_884' title='bbox 2362 5665 2622 5741; x_wconf 79' lang='lat' dir='ltr'><strong>possidete</strong></span> <span class='ocrx_word' id='word_1_885' title='bbox 2654 5646 2887 5741; x_wconf 23' lang='lat' dir='ltr'><strong>regnum,</strong></span> <span class='ocrx_word' id='word_1_886' title='bbox 2914 5666 3057 5723; x_wconf 79' lang='lat' dir='ltr'><strong>vobis</strong></span> <span class='ocrx_word' id='word_1_887' title='bbox 3100 5680 3345 5725; x_wconf 75' lang='lat' dir='ltr'><strong>uaratum</strong></span> 
     </span>
    </p>
   </div>
   <div class='ocr_carea' id='block_1_115' title="bbox 172 5790 1917 5887">
    <p class='ocr_par' dir='ltr' id='par_1_115' title="bbox 172 5790 1917 5887">
     <span class='ocr_line' id='line_1_115' title="bbox 172 5790 1917 5887; baseline 0.018 -41"><span class='ocrx_word' id='word_1_888' title='bbox 172 5790 209 5822; x_wconf 83' lang='grc'><strong>³⁷</strong></span> <span class='ocrx_word' id='word_1_889' title='bbox 248 5792 377 5853; x_wconf 87' lang='lat' dir='ltr'><strong>Luc.</strong></span> <span class='ocrx_word' id='word_1_890' title='bbox 410 5819 536 5873; x_wconf 77' lang='lat' dir='ltr'><strong>vin,</strong></span> <span class='ocrx_word' id='word_1_891' title='bbox 572 5809 639 5862; x_wconf 82' lang='lat'><strong>67</strong></span> <span class='ocrx_word' id='word_1_892' title='bbox 676 5811 760 5866; x_wconf 84' lang='lat'><strong>70.</strong></span> <span class='ocrx_word' id='word_1_893' title='bbox 839 5815 882 5847; x_wconf 82' lang='grc'>³³</span> <span class='ocrx_word' id='word_1_894' title='bbox 920 5812 1062 5870; x_wconf 84' lang='lat' dir='ltr'><strong>Psal.</strong></span> <span class='ocrx_word' id='word_1_895' title='bbox 1102 5832 1299 5885; x_wconf 73' lang='lat' dir='ltr'><strong>xxwu,</strong></span> <span class='ocrx_word' id='word_1_896' title='bbox 1335 5817 1389 5873; x_wconf 87' lang='lat'><strong>6.</strong></span> <span class='ocrx_word' id='word_1_897' title='bbox 1467 5818 1510 5851; x_wconf 80' lang='lat'><strong>”</strong></span> <span class='ocrx_word' id='word_1_898' title='bbox 1547 5817 1710 5875; x_wconf 80' lang='lat' dir='ltr'><strong>Zach.</strong></span> <span class='ocrx_word' id='word_1_899' title='bbox 1746 5834 1795 5874; x_wconf 74' lang='lat' dir='ltr'><strong>II</strong></span> <span class='ocrx_word' id='word_1_900' title='bbox 1818 5859 1834 5887; x_wconf 83' lang='lat'><strong><em>.</em></strong></span> <span class='ocrx_word' id='word_1_901' title='bbox 1864 5819 1917 5878; x_wconf 90' lang='lat'><strong>9.</strong></span> 
     </span>
    </p>
   </div>
  </div>
