3830 6288
509 357 649 417 1105

1213 355 1479 417 EUSEBII
1520 360 1991 418 CAESARIENSIS
2028 360 2176 418 OPP.
2220 362 2394 418 PARS
2432 361 2519 417 111.
2560 392 2612 402 -
2666 362 3070 420 EXEGETICA.

3540 363 3633 420 HM

506 492 545 534 α
566 477 935 532 constitutione
964 476 1161 533 mundi.
1199 477 1413 533 Esurtvi
1435 480 1569 533 enim
1590 520 1603 546 ,
1628 488 1675 533 et
1701 480 1918 535 dedistis
1947 482 2071 534 mihi

2182 499 2309 547 σεως
2359 482 2445 536 διὰ
2491 484 2587 554 τῆς
2614 481 2706 536 τοῦ
2751 482 2904 550 ἁγίου
2933 479 3239 549 [Ινεύματος
3265 478 3486 549 ἐπιῤῥοῆς
3517 496 3633 535 κατα-

507 570 829 625 manducare
854 570 922 636 δ’,
944 578 997 625 et
1022 581 1235 626 caetera.
1262 571 1389 626 lllos
1415 570 1560 625 enim
1581 612 1595 635 ,
1628 586 1767 641 quos
1796 586 1922 626 oves
1947 586 2076 628 suas

508 659 742 727 vocavit,
761 676 791 716 a
818 661 1024 716 dextris
1050 676 1109 715 se
1137 661 1560 716 constituturum
1589 662 1831 732 promisit
1852 680 1866 729 ;
1885 678 2077 733 quam-

508 750 697 807 obrem
724 750 1076 823 profundiore
1105 760 1158 806 et
1185 753 1478 809 secretiore
1535 754 1746 809 ratione
1799 754 2074 809 dexteram

509 843 630 913 ejus
673 844 730 899 in
772 843 1087 900 ﬂuminibus
1136 844 1374 899 futuram
1420 860 1543 901 esse
1572 846 1775 900 dictum
1807 856 1911 901 est.
1942 846 2074 901 Flu‘

509 935 659 990 mina
697 950 864 1006 porro
898 935 1046 991 illius
1076 935 1329 992 dicantur
1362 937 1547 1008 populi
1583 938 1735 1008 ejus,
1767 939 2073 997 secundum

509 1025 645 1084 illud
666 1067 680 1092 ,
706 1026 958 1082 Flumina
983 1028 1236 1099 plaudent
1262 1045 1422 1083 manu
1447 1030 1606 1083 simul
1622 1030 1699 1098 “;
1724 1045 1787 1086 ac
1815 1048 2031 1088 rursum
2054 1073 2070 1097 ,

512 1117 858 1175 Elevaverunt
902 1121 1159 1190 ﬂumina,
1220 1119 1475 1186 Domine,
1533 1122 1804 1177 elevabant
1854 1123 2076 1193 ﬂumina

510 1228 684 1269 vocem
726 1227 900 1268 suam.
955 1210 1247 1267 Elevabunt
1286 1212 1509 1281 ﬂumina
1548 1212 1741 1290 ﬂuctus
1772 1231 1893 1269 suos
1920 1215 1985 1271 δ’.
2016 1216 2075 1270 In

512 1304 664 1360 hisce
709 1302 1021 1360 ﬂuminibus
1062 1304 1178 1361 suis
1222 1319 1280 1360 se
1314 1320 1535 1358 manum
1574 1319 1727 1359 suam
1766 1305 2075 1376 positurum

509 1410 631 1451 esse
660 1394 923 1449 declarat.

2183 571 2422 638 ξιοῦσθαι
2442 591 2453 603 ο
2502 574 2707 639 δεξιοὺς
2745 572 2906 627 αὑτοῦ
2936 574 3076 625 νοεῖν
3101 569 3431 640 ἐδιδάχθημεν
3446 571 3637 637 ἐκείνως,

2179 662 2260 731 οἷς
2286 667 2644 740 ἐπηγγείλατο
2675 668 2852 737 φήσας
2869 682 2883 695 ·
2923 663 3115 726 Δεῦτε,
3143 666 3196 715 οὶ
3212 660 3547 731 εὐλογημένοι
3569 664 3641 718 τοῦ

2180 760 2407 827 Πατρός
2441 776 2582 830 μου,
2632 755 3119 827 κληρονομήσατε
3150 754 3262 821 τὴν
3290 753 3643 822 ἡτοιμασμένην

2182 851 2322 920 ὑμῖν
2336 851 2659 915 ,ϐασιλειαν
2674 849 2792 905 ἀπὸ
2806 845 3140 915 καταϐολῆς
3158 848 3394 914 κόσμου.
3409 845 3645 900 Ἐποίησε

2178 941 2307 1012 γὰρ,
2330 942 2426 995 καί
2454 942 2710 996 ἐδώκατέ
2740 958 2841 1011 μοι
2876 940 3105 1010 φαγεῖν,
3126 937 3218 991 καὶ
3248 937 3315 990 τὰ
3338 936 3466 1007 ἑξῆς.
3481 936 3647 1002 Τούτους

2180 1032 2309 1105 γὰρ,
2337 1033 2431 1098 οὓς
2457 1033 2704 1105 πρόσατα
2737 1029 2931 1085 ἑαυτοῦ
2970 1030 3236 1101 ὠνόμασε,
3261 1030 3367 1093 τοῖς
3393 1027 3550 1093 δεξιοῖς
3566 1032 3649 1099 στή-

2181 1142 2292 1178 σειν
2321 1124 2710 1196 ἐπηγγείλατο·
2744 1123 2932 1192 διόπερ
2962 1120 3101 1175 κατὰ
3141 1120 3421 1191 βαθύτερον
3448 1120 3572 1188 λόγον
3590 1123 3649 1173 καὶ

2182 1217 2639 1289 ἀπορῤητότερον,
2668 1218 2700 1287 ή
2728 1214 2876 1281 δεξιὰ
2905 1211 3067 1265 αὑτοῦ
3099 1211 3343 1265 λέλεκται
3383 1211 3436 1263 ἐν
3460 1213 3649 1279 ποταμοῖς

2181 1308 2419 1361 ἔσεσθαι.
2446 1307 2687 1379 Ποταμοὶ
2707 1307 2762 1360 δὲ
2794 1303 2956 1359 αὐτοῦ
2986 1304 3224 1376 εἴρηνται
3243 1304 3336 1357 καὶ
3353 1302 3400 1355 οί
3423 1301 3524 1355 λαοὶ
3542 1301 3653 1354 αὐτώ

2181 1397 2320 1452 κατὰ
2358 1397 2439 1460 τὸ,
2466 1398 2719 1467 Ποταμοὶ
2750 1395 3118 1465 κροτήσουσι
3163 1392 3314 1464 χειρὶ
3344 1393 3434 1446 ἐπί
3455 1392 3511 1446 τὸ
3530 1394 3651 1461 ιιῠτρ⁴

510 1491 620 1544 Καὶ
641 1490 801 1545 πάλιν
823 1507 837 1520 ο
877 1489 1137 1558 Ἐπῆραν
1164 1493 1217 1544 οὶ
1254 1491 1522 1559 ποταμοὶ,
1553 1492 1745 1560 Κύριε,
1776 1492 2005 1562 ἐπῆραν
2033 1495 2087 1547 οἱ
2133 1495 2379 1565 ποταμοί
2410 1493 2620 1565 φωνὴν
2655 1490 2890 1547 αὐτῶν*
2942 1490 3196 1559 ἀροῦσιν
3246 1491 3302 1542 οἱ
3337 1484 3550 1556 ποταμοὶ
3574 1485 3658 1538 ἐπι-

509 1587 739 1653 τρίψεις
782 1583 996 1639 αὐτῶν.
1041 1584 1147 1638 Καὶ
1175 1585 1267 1637 ἐπὶ
1311 1585 1530 1650 τούτους
1570 1585 1678 1657 γὰρ
1717 1588 1842 1652 τοὺς
1883 1586 2076 1640 ἐαυτοῦ
2116 1589 2387 1661 ποταμοὺς
2418 1587 2514 1659 τὴν
2539 1585 2715 1654 δεξιὰν
2744 1584 2907 1639 αὐτοῦ
2933 1583 3119 1655 θήσειν
3157 1578 3539 1649 ἐπαγγέλλεται.

581 1696 762 1751 Altera
791 1711 919 1751 vero
947 1710 1142 1752 manus
1170 1705 1254 1753 est
1275 1737 1290 1761 ,
1320 1713 1481 1768 quam
1512 1714 1635 1757 esse
1664 1700 1943 1757 sinistram
1975 1718 2073 1758 co-

2253 1704 2359 1776 Τὴν
2382 1703 2437 1758 δὲ
2462 1703 2653 1775 ἑτέραν
2682 1699 2845 1756 αὐτοῦ
2882 1702 3070 1771 χεῖρα,
3096 1697 3163 1769 ἢν
3195 1694 3549 1750 καταλέλοιπεν
3574 1692 3662 1760 ἡμῖν

509 1787 790 1858 gitandum
823 1787 979 1844 nobis
1009 1787 1259 1858 reliquit,
1292 1804 1564 1860 quamque
1593 1805 1651 1846 se
1676 1791 1731 1846 in
1763 1792 1897 1846 mari
1929 1794 2077 1864 posi-

2182 1800 2319 1851 νοεϊν
2366 1794 2659 1868 ἀριστερὰν
2696 1790 2881 1858 οὖσαν,
2926 1791 3110 1863 θήσειν
3135 1792 3193 1844 ἐν
3233 1787 3466 1859 θαλάσση
3492 1784 3665 1855 “sive:

509 1890 690 1935 turum
713 1894 837 1935 esse
860 1880 1025 1944 dixit,
1050 1880 1103 1934 id
1123 1888 1236 1942 est,
1261 1880 1315 1935 in
1339 1882 1500 1937 salsis
1523 1884 1645 1937 vitae
1665 1882 1921 1939 ﬂuctibus
1941 1924 1956 1951 ,
1984 1885 2075 1939 ubi

510 1980 884 2027 commoratur
912 1972 1004 2028 ille
1033 1972 1230 2040 draco,
1262 1973 1561 2028 secundum
1588 1974 1716 2030 illud
1749 1994 1763 2030 :
1792 1975 1906 2030 Hoc
1934 1994 2078 2032 mare

512 2080 758 2134 magnum
801 2074 850 2119 et
876 2065 1167 2134 spatiosum
1193 2082 1211 2119 :
1243 2066 1355 2120 illic
1378 2066 1587 2135 reptilia
1614 2084 1838 2138 quorum
1868 2085 1971 2123 non
2000 2077 2077 2124 est

512 2174 801 2212 numerus:
833 2157 994 2212 draco
1028 2158 1127 2213 iste
1160 2176 1309 2230 quem
1352 2159 1599 2229 formasti
1642 2160 1711 2215 ad
1750 2161 2078 2216 illudendum

510 2249 558 2302 ei
604 2248 668 2301 “.
723 2246 819 2304 llis
860 2264 990 2303 vero
1030 2248 1394 2315 draconibus,
1441 2261 1495 2305 et
1538 2252 1672 2306 mari
1714 2251 1817 2307 bac
1866 2254 2079 2308 ratione

511 2339 788 2394 intellecto
808 2378 824 2403 ,
852 2354 958 2393 non
985 2339 1205 2395 dextera
1228 2381 1242 2404 ,
1270 2340 1364 2396 sed
1386 2342 1491 2396 alia
1519 2356 1682 2413 quam
1711 2343 1931 2400 dextera
1963 2359 2079 2399 ma-

512 2446 618 2486 nus
651 2430 977 2501 imponetur,
1012 2430 1295 2488 vindicans
1326 2440 1380 2488 et
1412 2432 1682 2491 ulciscens
1715 2435 1967 2491 inimicos
2009 2452 2074 2491 ac

512 2520 826 2592 deprimens
854 2536 968 2577 cos.
1004 2520 1102 2577 Hic
1130 2538 1260 2578 vero
1290 2523 1408 2595 ipse
1433 2523 1547 2594 jam
1581 2536 1914 2583 memoratus
1948 2528 1967 2598 (
1991 2528 2075 2581 vi-

512 2611 711 2667 delicet
756 2626 928 2667 cornu
979 2613 1111 2668 illud
1153 2613 1407 2683 Davidis)
1454 2615 1545 2687 qui
1592 2633 1658 2671 ex
1706 2619 1914 2674 semine
1961 2619 2080 2690 ejus

515 2704 828 2761 nasciturus
861 2712 984 2772 est,
1021 2715 1230 2778 patrem
1263 2711 1480 2764 vocabit
1513 2708 1683 2767 Deum
1710 2750 1728 2778 ,
1764 2720 1952 2784 utpote
1985 2716 2079 2785 qui

513 2795 710 2869 dignus
733 2796 953 2854 habitus
975 2799 1045 2854 sit
1067 2798 1121 2853 in
1144 2815 1253 2870 quo
1276 2800 1545 2859 habitaret
1577 2803 1889 2871 unigenitus
1909 2802 2081 2862 Filius

516 2889 647 2957 Dei,
675 2897 731 2946 et
756 2890 848 2961 qui
879 2890 981 2970 ipsi
1015 2891 1367 2962 copularetur
1390 2892 1802 2965 etjungeretur.
1836 2894 2085 2967 Quapro-

515 2991 633 3052 pter
662 2981 780 3053 ipse
813 2980 956 3038 Deus
987 2980 1226 3038 Verbum
1247 3023 1261 3049 ,
1296 2983 1692 3057 primogenitus
1721 2986 1901 3045 omnis
1930 3003 2083 3044 crea-

512 3083 671 3140 turae,
698 3075 789 3144 qui
815 3082 941 3131 ante
959 3077 1286 3147 promiserat
1314 3085 1367 3133 et
1396 3078 1629 3145 dixerat,
1655 3078 1720 3136 In
1744 3084 1953 3140 nomine
1970 3099 2081 3138 meo

2176 1892 2287 1953 τοῖς
2320 1888 2576 1961 ἁλμυροῖς
2596 1887 2687 1941 τοῦ
2720 1886 2832 1959 βίου
2871 1884 3105 1955 κύμασιν
3126 1899 3140 1913 '
3179 1880 3308 1934 ἔνθα
3337 1880 3427 1933 καὶ
3454 1880 3480 1931 6
3513 1877 3667 1947 δράτω)

2176 1981 2274 2046 τὰς
2306 1979 2497 2036 ἑαυτοῦ
2518 1982 2751 2034 ποιεῖται
2772 1976 3071 2049 διατριϐὰς,
3102 1974 3246 2029 κατὰ
3270 1974 3353 2036 τὸ,
3388 1971 3529 2037 Αὕτη
3552 1969 3667 2038 ἠθά-

2177 2078 2383 2129 λασσα
2414 2073 2452 2140 ἡ
2479 2070 2710 2143 μεγάλη
2746 2070 2841 2124 καί
2880 2067 3242 2137 εὐρύχωρος’
3274 2061 3403 2117 ἐκεῖ
3420 2060 3596 2129 ἑρπετὰ
3615 2052 3670 2110 ὧν·

2178 2166 2288 2219 οὐκ
2335 2164 2505 2218 ἐστιν
2546 2163 2824 2233 ἀριθμός·
2863 2159 3100 2229 δράκων
3149 2152 3333 2222 οὗτος
3364 2154 3433 2207 ὃν
3470 2152 3670 2213 ἔπλασας

2177 2254 2475 2326 ἐμπαίζειν
2495 2254 2674 2321 αὐτῷ.
2720 2253 2842 2306 Ἐπὶ
2872 2250 3077 2305 τούτων
3121 2247 3232 2319 γὰρ
3272 2246 3381 2300 τῶν
3422 2244 3670 2315 δρακόντων.

2180 2346 2274 2402 καὶ
2306 2346 2406 2417 τῆς
2436 2344 2579 2399 οὓτω
2610 2343 2896 2415 νοηθείσης
2919 2341 3212 2412 θαλάσσης,
3234 2338 3336 2409 οὐχ
3364 2339 3397 2408 ή
3433 2332 3576 2399 δεξιάν

2179 2441 2211 2509 ἠ
2255 2437 2416 2509 ἑτέρα
2469 2435 2622 2507 παρὰ
2649 2434 2747 2506 τὴν
2776 2433 2956 2501 δεξιὰν
2988 2430 3371 2503 ἐπιτεθήσεται
3404 2428 3529 2499 χεὶρ,

2180 2528 2348 2593 ζουσα
2371 2529 2465 2584 καὶ
2501 2516 2817 2599 τιμωροὖσα
2840 2526 2967 2589 τοὺς
3006 2523 3255 2596 ἐχθροὺς,
3304 2521 3399 2575 καὶ
3427 2514 3674 2573 ταπεινοῦσι
3768 2524 3769 2527 “

2183 2621 2394 2687 αὐτούς.
2449 2620 2623 2684 Αὐτὸς
2652 2618 2708 2672 δὲ
2754 2612 2911 2683 οὗτος
2966 2619 2996 2671 6
3032 2616 3361 2688 δηλούμενος
3393 2611 3555 2683 (δῆλον
3576 2609 3675 2663 δ’ὁτι

2182 2713 2349 2785 κέρας
2378 2712 2585 2782 Δαυῒδ),
2609 2712 2639 2764 6
2665 2712 2731 2766 ἐκ
2760 2709 3074 2782 σπέρματος
3102 2706 3269 2762 αὑτοῦ
3306 2704 3677 2777 γενηθησόμενοςτ

2183 2806 2393 2878 πατέρα
2418 2804 2801 2860 ἐπικαλέσεται
2825 2802 2919 2857 τὸν
2941 2800 3094 2867 Θεὸν,
3121 2798 3215 2854 ἆτε
3232 2795 3605 2868 κατηξιωμένος
3615 2791 3677 2858 τῆς

2183 2899 2241 2952 ὲν
2291 2896 2441 2969 αὐτῷ
2490 2895 2584 2951 τοῦ
2622 2893 2943 2969 μονογενοῦς
2987 2891 3118 2947 Υίοῦ
3165 2890 3263 2945 τοῦ
3314 2888 3448 2944 Θεοῦ

2185 3008 2342 3060 σεως,
2392 2990 2682 3061 συναφείας
2723 3007 2783 3045 τε
2837 2988 2934 3043 καὶ
2980 2986 3225 3049 ἐνὼσεως
3268 2985 3369 3057 τῆς
3402 2980 3525 3054 πρὸς
3768 3042 3769 3059 χ

2184 3083 2275 3139 Διὸ
2322 3083 2418 3138 καὶ
2464 3082 2628 3147 αὐτὸς
2668 3083 2698 3136 6
2743 3081 2875 3145 Θεὸς
2902 3080 3092 3149 Λόγος,
3129 3079 3158 3131 6
3198 3075 3540 3150 Πρωτότοκος
3559 3070 3681 3137 πάσης
3768 3068 3769 3087 ¹

511 3169 839 3224 exaltabitur
864 3186 1028 3225 cornu
1050 3171 1186 3240 ejus,
1210 3173 1489 3245 proprium
1515 3189 1710 3231 nomen
1732 3182 1787 3231 et
1810 3175 2079 3247 propriam

2186 3174 2433 3240 κτίσεως,
2458 3172 3027 3247 προεπαγγειλάμενος
3054 3170 3146 3224 καὶ
3180 3166 3375 3231 είπὼν,
3407 3166 3497 3218 Ἐν
3519 3162 3585 3227 τῷ
3602 3162 3681 3214 61*ίὲ

510 3262 832 3334 dignitatem
861 3263 1081 3320 tradens
1106 3265 1191 3329 ei,
1213 3265 1305 3336 qui
1333 3280 1398 3321 ex
1424 3268 1630 3322 semine
1654 3264 1821 3321 David
1838 3265 2084 3322 nascitu--

510 3369 607 3410 rus
628 3366 741 3420 est,
765 3356 1183 3429 primogenitum
1209 3365 1371 3429 ponet
1394 3357 1543 3411 illum
1568 3375 1583 3412 :
1613 3369 1670 3413 ut
1693 3358 1857 3412 etiam
1885 3357 1974 3413 ille
2000 3374 2085 3413 se-

511 3444 749 3500 cundum
782 3460 1001 3502 carnem
1035 3463 1102 3503 ex
1134 3446 1341 3504 semine
1377 3446 1546 3502 David
1583 3456 1765 3516 natus,
1796 3447 1967 3504 Filius
1991 3447 2085 3504 Dei

509 3544 754 3601 vocetur,
778 3545 833 3591 et
862 3537 932 3593 ob
961 3554 1115 3592 suam
1141 3553 1265 3593 cum
1295 3536 1586 3609 Unigenito
1616 3538 1709 3593 Dei
1739 3539 2083 3610 coniunctior

511 3644 633 3685 nem
654 3670 670 3694 ,
693 3627 1092 3702 Primogenitus
1126 3638 1487 3701 nuncupetur.
1520 3629 1642 3686 "ate
1667 3631 1809 3686 enim
1838 3632 1894 3686 in
1922 3646 2087 3687 causa

511 3731 669 3777 erant
689 3722 834 3793 quod
856 3723 1206 3779 exaltandum
1231 3739 1353 3780 eum
1375 3738 1497 3779 esse
1519 3724 1854 3795 promitteret
1874 3724 2083 3788 dicens.

512 3811 581 3867 In
608 3816 814 3869 nomine
838 3832 950 3869 meo
972 3816 1298 3871 exaltabitur
1317 3812 1480 3871 eornu
1500 3818 1636 3888 ejus.
1658 3816 1862 3875 Nomen
1887 3818 2086 3889 quippe

511 3921 671 3960 suum
719 3904 891 3961 Filius
934 3905 1031 3963 Dei
1073 3909 1391 3981 unigenitus
1438 3909 1547 3964 ﬁlio
1578 3909 1745 3964 David
1778 3910 2081 3967 secundum

513 4013 733 4053 carnem
788 4000 957 4055 dedit.
1003 3999 1160 4055 ilunc
1209 4003 1336 4057 item
1388 4002 1665 4058 excelsum
1708 4018 1817 4072 prae
1867 4002 2085 4075 regibus

513 4097 674 4141 teme
701 4089 1007 4157 positurum
1038 4104 1097 4145 se
1125 4090 1400 4160 pollicitus
1429 4098 1509 4145 est
1539 4110 1552 4146 :
1589 4092 1703 4147 sive
1738 4108 1804 4146 ex
1836 4091 2085 4163 Symma-

511 4179 651 4245 cho,
703 4194 1004 4247 supremum
1050 4198 1230 4254 regum
1296 4190 1473 4237 terrae.
1521 4180 1792 4237 Omnibus
1833 4185 1977 4238 enim
2024 4198 2084 4239 se

510 4268 914 4340 impugnaturis
966 4273 1216 4341 superior
1262 4282 1315 4328 et
1361 4273 1558 4327 fortior
1616 4262 1887 4328 evasurus
1932 4281 2081 4340 erat,

512 4358 757 4414 insultas
785 4371 839 4415 et
869 4364 1278 4431 persecutiones
1313 4363 1370 4417 in
1401 4362 1698 4417 Ecclesiam
1748 4377 1903 4417 suam
1945 4377 2083 4419 con-

513 4447 710 4507 citatas
740 4459 982 4507 atterens
1008 4471 1021 4511 ;
1050 4452 1313 4509 doctrina:
1335 4468 1466 4509 vero
1494 4469 1608 4509 sua:
1636 4470 1943 4510 sermonem
1967 4457 2085 4527 glo-

512 4543 594 4596 ria
630 4551 685 4597 et
715 4546 762 4598 vi
794 4546 1069 4600 muniens.
1112 4545 1242 4600 Item
1280 4547 1355 4600 ait
1392 4562 1450 4601 se
1485 4546 1539 4600 in
1573 4556 1836 4602 aeternum
1872 4548 2089 4604 miseri-

2181 3267 2325 3337 ματι
2346 3285 2464 3338 μου
2493 3264 2871 3336 ὑψωθήσεται
2895 3266 2961 3318 τὸ
2979 3263 3157 3333 κέρας
3183 3257 3397 3323 αὑτοῦ,
3427 3258 3517 3328 τῆς
3540 3252 3679 3314 sitsit;

2185 3356 2479 3427 ὀνομασίας
2503 3356 2597 3410 καὶ
2622 3354 2715 3409 τοῦ
2746 3353 2947 3409 οἰκείου
2975 3352 3290 3426 ἀξιώματος
3319 3345 3679 3421 μταῶὺςῷέι

2189 3447 2499 3519 σπέρματος
2530 3447 2691 3502 Δαυῖδ
2720 3446 3179 3519 προελευσομένῳ,
3215 3440 3549 3516 προπάτοκον
3576 3435 3681 3492 αὐτὶν

2186 3539 2427 3612 θήσεται,
2455 3540 2603 3603 ὅπως
2633 3540 2726 3593 καὶ
2754 3539 2917 3603 αὐτὸς
2935 3540 2964 3593 6
2992 3536 3134 3591 κατὰ
3161 3536 3343 3609 σάρκα
3364 3539 3428 3591 ἐκ
3449 3534 3680 3604 σπέρματος

2188 3630 2349 3685 Δαυῒδ
2369 3631 2615 3702 γενηθεὶς
2644 3631 2961 3704 χρηματίσῃ
2976 3629 3103 3694 Υἱὸς
3124 3628 3287 3697 Θεοῦ,
3317 3630 3412 3683 καὶ
3436 3616 3682 3696 ὀνομασθείτι

2186 3723 2532 3796 Πρωτότοκος
2557 3721 2643 3777 διὰ
2661 3722 2758 3793 τὴν
2777 3721 3068 3792 συνάφειαν
3089 3719 3186 3791 τὴν
3215 3718 3359 3793 πρὸς
3376 3718 3465 3772 τὸν

2184 3814 2279 3867 τοῦ
2312 3815 2466 3869 Θεοῦ.
2495 3814 2681 3869 Ταῦτα
2711 3813 2820 3885 γὰρ
2848 3809 2938 3885 ἦν,
2975 3813 3041 3867 δι’
3068 3806 3142 3867 ὧν
3169 3806 3541 3883 ὑψωθήσεσθαι
3577 3798 3682 3858 αὐτὸν

2185 3907 2565 3978 ἐπηγγείλατο,
2602 3907 2798 3960 εἰπών’
2841 3907 2938 3959 Ἐν
2973 3903 3053 3969 τῷ
3089 3903 3341 3973 ὀνόματί
3375 3918 3491 3973 μου
3766 3976 3767 3979 η

2185 4013 2352 4052 σεται
2396 3998 2463 4052 τὸ
2511 3998 2689 4068 κέρας
2742 3995 2951 4051 αὐτοῦ.
2993 3996 3068 4050 T6
3096 3993 3205 4066 γὰρ
3248 3994 3383 4049 ἴδιον
3406 3986 3683 4062 δνομαότα)

2184 4090 2318 4144 Θεοῦ
2356 4092 2648 4163 μονογενὴς
2669 4091 2796 4155 Υἱὸς
2825 4089 2904 4162 τῷ
2945 4091 3085 4145 κατὰ
3117 4088 3300 4162 σάρκα
3332 4087 3435 4159 υἱῷ
3453 4082 3589 4139 Attle
3609 4081 3684 4131 ἑτι-

2185 4186 2413 4252 τέθεικε,
2447 4186 2793 4258 Πρωτότοκον
2810 4184 2903 4240 καὶ
2936 4182 3072 4237 Θεοῦ
3099 4182 3226 4237 Υίὺν
3247 4182 3347 4237 καὶ
3380 4180 3528 4235 αὑτὸν
3554 4177 3685 4239 ἀνατο-

2189 4278 2405 4349 ρεῦσας.
2470 4277 2669 4333 Τοῦτον
2718 4277 2775 4331 δέ
2806 4277 2902 4330 καὶ
2933 4274 3135 4346 ὑψηλὸν
3158 4273 3312 4345 παρὰ
3343 4273 3454 4335 τοῖς
3484 4260 3684 4340 pausia

2186 4373 2283 4441 τῆς
2307 4370 2411 4440 γῆς
2443 4368 2698 4442 θήσεσθαι
2740 4367 3135 4441 ἐπηγγείλατο·
3173 4365 3208 4437 ἢ
3246 4364 3394 4419 κατὰ
3419 4361 3503 4416 τδν
3522 4355 3683 4426 Sitti-11°

2190 4477 2303 4530 χον,
2348 4458 2669 4514 Ἆνώτατον
2703 4457 2821 4512 τῶν
2861 4454 3173 4522 ,ϐασιλέων
3218 4452 3334 4523 τῆς
3365 4451 3492 4523 Tric-

2190 4550 2299 4623 γὰρ
2322 4551 2428 4604 τῶν
2450 4549 2750 4621 μελλόντων
2777 4547 2937 4603 αὐτὸν
2964 4545 3367 4617 καταπολεμεῖν
3387 4540 3681 4623 Mitem?!

514 4638 757 4691 eordiam
806 4654 959 4692 suam
1015 4639 1120 4709 ipsi
1168 4647 1551 4703 servaturum,
1602 4646 1657 4693 et
1703 4646 2079 4695 testamentum

2191 4622 2455 4714 κρέίττων
2492 4642 2779 4714 γεγένηται
2805 4658 2818 4671 ·
2851 4639 3064 4713 θραύων
3097 4639 3193 4710 μὲν
3221 4637 3326 4700 τὰς
3340 4632 3475 4689 κατὰ
3499 4629 3581 4698 τῆς

513 4744 672 4784 suum
706 4730 861 4785 ﬁdele
882 4738 937 4785 et
961 4730 1175 4784 ﬁrmum
1206 4729 1524 4785 effecturum
1554 4745 1680 4786 esse
1708 4750 1723 4798 ;
1757 4730 1902 4786 haud
1928 4731 2079 4787 dubie

2192 4711 2419 4806 κλησίας
2445 4711 2608 4790 αὑτοῦ
2651 4711 3042 4797 ἐπαναστάσεις
3073 4731 3167 4785 καὶ
3187 4730 3318 4792 τοὺς
3351 4711 3678 4818 διωγμοὺςιξξς

510 4818 720 4875 Novum
743 4820 1153 4877 Testamentum
1174 4864 1188 4886 ,
1213 4822 1356 4892 quod
1379 4822 1633 4879 omnibus
1654 4837 1751 4894 per
1773 4824 2079 4878 universum

2193 4826 2365 4892 ξάζων
2391 4826 2447 4881 δὲ
2478 4829 2569 4881 καὶ
2598 4825 2953 4898 ἰσλίυροποιῶν
2986 4823 3077 4877 τὸν
3097 4822 3199 4891 τῆς
3230 4815 3558 4873 διδασκαλίας
3571 4814 3678 4857 4W”

511 4906 699 4966 orbem
725 4911 974 4981 gentibus
1005 4913 1315 4982 praedicavit
1335 4952 1349 4974 ,
1380 4911 1599 4967 Mosaici
1632 4915 1940 4967 testamenti
1968 4914 2079 4967 loco

2191 4919 2364 4986 λόγον.
2406 4918 2563 4972 Ἀλλὰ
2592 4921 2684 4972 καὶ
2711 4922 2791 4981 εἰς
2817 4917 2908 4969 τὸν
2946 4916 3115 4971 αίῶνσ
3160 4910 3415 4983 φυλάξειν
3448 4898 3575 4968 ait“?
3595 4902 3678 4960 φησι

511 5000 865 5075 Evangelium
899 5005 1119 5059 tradens
1141 5044 1156 5065 ,
1193 5004 1340 5075 quod
1375 5019 1433 5059 se
1476 5004 1635 5060 ﬁdele
1664 5003 1987 5061 elIecturum
2033 5014 2079 5059 et

2192 5007 2251 5058 τὸ
2273 5007 2417 5072 ἕλεος
2438 5008 2623 5072 αὐτοῦ,
2652 5008 2745 5061 καὶ
2761 5007 2858 5078 τὴν
2878 5006 3151 5076 Διαθήκην
3169 5000 3338 5056 αὐτοῦ
3359 4986 3679 5084 πιποπαῆθξξν

475 5166 481 5171 Ι
513 5093 852 5150 ﬁrmaturum
882 5096 1156 5167 pollicitus
1190 5105 1294 5152 est.

2196 5102 2375 5171 αὐτῷ·
2415 5101 2629 5164 πάντως
2687 5117 2788 5153 που
2815 5098 2913 5170 τὴν
2939 5095 3144 5167 Καινὴν
3178 5092 3466 5162 Διαθήκην,
3507 5082 3562 5152 ἢν

511 5191 622 5253 τοῖς
646 5190 767 5244 καθ’
788 5190 917 5261 ὅλης
938 5191 1037 5262 τῆς
1061 5191 1383 5263 οἰκουμένης
1415 5189 1619 5244 ἔθνεσιν
1654 5189 1939 5262 ἐκήρυξεν,
1970 5190 2092 5244 ἀντὶ
2130 5193 2230 5263 τῆς
2264 5213 2414 5267 παρα
2445 5196 2633 5249 Μωσεῖ
2676 5193 2939 5263 διαθήκης
2965 5191 3026 5244 τὸ
3073 5185 3403 5257 Εὐαγγέλιον
3437 5178 3673 5246 θηρίῳ·

513 5283 649 5336 {mea
674 5283 1039 5338 πιστώσεσθαι
1066 5286 1159 5338 καὶ
1185 5284 1501 5355 βεϐαιώσειν
1536 5283 1915 5355 ἐπηγγείλατο.

586 5375 752 5434 Vens.
792 5379 984 5435 50-35.
1016 5377 1086 5432 Et
1114 5347 1308 5449 ponam
1340 5381 1394 5432 in
1424 5347 1886 5434 smculumswculi
1912 5396 2079 5434 semen

2264 5379 2372 5433 Kal
2394 5378 2649 5446 θήσομαι
2676 5378 2765 5441 εἰς
2785 5374 2890 5428 τὸν
2910 5371 3096 5426 αὶῶγα
3120 5370 3226 5424 τοῦ
3251 5365 3461 5427 αὶῶνος
3483 5347 3675 5449 τὸ-σοξέὶίλ·

516 5467 628 5537 ejus
649 5508 665 5533 ,
705 5478 753 5522 et
795 5469 1039 5526 thronum
1073 5438 1187 5540 ejus
1220 5473 1357 5525 sicut
1390 5472 1502 5526 dies
1530 5472 1668 5527 coeli.
1704 5471 1765 5527 Si
1797 5471 2079 5541 derelique-

2187 5487 2273 5541 μα
2298 5438 2504 5532 abeat},
2544 5438 2656 5522 vetat
2704 5438 2810 5520 {vr
2833 5464 3048 5533 θρόνον
3075 5459 3260 5516 αὑτοῦ
3288 5459 3368 5521 ὡς
3398 5452 3493 5514 τὰς

518 5561 622 5614 rint
669 5562 773 5630 ﬁlii
812 5563 928 5631 ejus
960 5563 1121 5633 legem
1156 5581 1357 5628 meam,
1390 5574 1438 5618 et
1472 5565 1524 5618 in
1562 5564 1786 5634 judiciis
1812 5565 1941 5619 meis
1986 5581 2079 5617 non

2192 5539 2302 5617 τοῦ
2332 5560 2611 5629 οὐρανοῦ.
2657 5561 2792 5613 Ἐὰν
2841 5556 3324 5627 ἐγκαταλίπωσιν
3350 5551 3405 5601 οι
3428 5539 3528 5644 υἱοὶ

516 5652 944 5719 ambulaverint;
989 5657 1034 5709 si
1071 5656 1315 5723 justitias
1370 5670 1511 5711 nteas
1559 5656 1994 5726 profanaverint,
2041 5668 2079 5709 et

2196 5654 2303 5706 τὸν
2327 5655 2515 5723 νόμον
2562 5668 2699 5721 μου,
2734 5649 2828 5704 καί
2874 5647 2997 5714 τοῖς
3027 5643 3272 5716 κρίμασι
3289 5656 3406 5711 μου
3434 5631 3508 5704 μή
3526 5632 3656 5689 “cf”
3682 5674 3692 5707 ι

591 5807 635 5837 ιο
676 5805 859 5859 Matth.
895 5808 994 5872 25‘,
1026 5809 1092 5861 54
1123 5825 1234 5878 seq.
1316 5809 1358 5843 ιι
1401 5811 1542 5865 Psal.
1585 5826 1746 5876 xcv",
1781 5810 1833 5866 8.
1911 5811 1958 5844 δ’
1994 5807 2254 5899 Ρειιὶξιριι
2277 5847 2291 5874 ,
2326 5808 2377 5863 '5.
2442 5807 2500 5899 f'
2540 5806 2683 5862 Psal.
2714 5820 2852 5869 cm,
2888 5802 2977 5858 95.

2135 5890 2165 5922 Ι
