3830 6288
200 326 326 383 “05

1301 325 1800 384 COMMENTARIA
1841 328 1906 384 IN
1938 326 2278 384 PSALMOS.

3267 328 3404 386 “06

193 441 349 504 θῶσι,
391 435 487 493 καὶ
537 437 610 492 τὰ
648 433 1006 504 δικαιώματά
1041 453 1158 504 μου
1189 436 1601 505 ,ϐεϐη.ἰώσωοί,
1649 438 1745 492 καὶ

1858 437 2102 492 mandata
2153 454 2268 491 mea
2318 455 2416 491 non
2467 438 2846 500 custodierint;
2897 439 3115 494 uisitabo
3161 443 3216 497 in
3264 445 3405 515 virga

191 532 289 598 τὰς
305 524 552 592 ἐντολάς
574 542 692 596 μου
720 525 800 593 μὴ
839 523 1212 594 φυλάξωσιν,
1251 525 1645 596 ἐπισκέψομαι
1673 527 1740 580 ἐν

188 619 371 691 ῥάϐδῳ
417 617 522 681 τὰς
567 613 817 685 ἀνομίας
861 612 1074 678 αὐτῶν,
1117 613 1215 667 καὶ
1258 615 1327 667 ἐν
1361 615 1603 684 μάστιξι
1638 615 1741 680 τὰς

187 710 412 772 ἀδικίας
435 704 654 758 αὐτῶν.
698 704 766 759 Τὸ
805 703 874 756 δὲ
925 703 1096 768 ἔλεός
1123 721 1242 772 μου
1273 705 1344 757 οὺ
1377 704 1462 774 μὴ
1507 703 1742 757 διασκε-

190 802 345 858 δάσω
367 797 468 854 ἀπ’
488 796 695 862 αὑτοῦ,
728 793 868 849 οὐδὲ
885 793 971 864 μὴ
1009 793 1280 863 ἀδικήσω
1310 795 1380 848 ἐν
1404 793 1475 862 τῇ
1497 796 1743 864 ἀληθείᾳ

183 911 314 964 μου.
346 887 494 945 Οὐδὲ
516 887 602 958 μὴ
626 886 955 954 βεϐηλώσω
999 885 1113 954 τὴν
1156 884 1448 954 διαθήκην
1477 904 1614 956 μου,
1647 887 1744 940 καί

188 984 253 1040 τὰ
297 979 732 1049 ἐκπορευόμενα
781 976 880 1030 διὰ
942 976 1059 1030 τῶν
1102 977 1349 1045 χειλέων
1391 995 1510 1046 μου
1551 979 1622 1032 οὐ
1655 977 1741 1046 μὴ

182 1073 464 1141 ἀθετήσω.
502 1071 584 1124 Τὰ
611 1071 710 1142 μὲν
749 1070 1015 1141 εἰρημένα
1046 1070 1175 1140 περ)⁹
1203 1069 1295 1124 τοῦ
1322 1069 1496 1142 κέρως
1522 1071 1610 1124 διὰ
1637 1073 1744 1124 τῶν

183 1165 480 1240 ἔμπροσθεν
536 1163 911 1234 πεπλήρωται.
969 1160 1270 1215 Ἐδείκνυτο
1326 1162 1383 1215 δὲ
1438 1163 1602 1233 κέρας
1646 1163 1744 1216 οὐκ

181 1258 452 1328 ἀλλότριον
480 1258 574 1312 τοῦ
605 1257 669 1309 ὲκ
698 1253 1010 1325 σπέρματος
1029 1253 1187 1306 Δαυῒδ
1213 1253 1352 1308 κατὰ
1381 1255 1557 1324 σάρκα
1586 1271 1744 1326 γενη-

189 1350 366 1412 θέντος
399 1346 655 1419 Χριστοῦ.
691 1345 893 1399 Τούτου
943 1345 988 1400 δ’
1022 1341 1134 1408 οῦν,
1175 1344 1476 1410 ἀκολούθως
1511 1347 1646 1416 μετὰ
1677 1347 1745 1400 τὰ

187 1443 302 1515 mpl.
327 1439 488 1493 αὐτοῦ
515 1436 934 1508 τεθεσπισμένα,
962 1438 1060 1507 τὴν
1092 1437 1336 1508 διαδοχὴν
1369 1438 1454 1490 διὰ
1476 1438 1583 1490 τῶν
1615 1455 1744 1510 προ-

185 1533 460 1603 κειμένων,
515 1529 674 1582 όποία
723 1531 805 1594 τίς
843 1531 976 1592 ἐστι,
1017 1528 1311 1600 παρίστησι
1338 1529 1589 1598 φάσκων·
1633 1531 1741 1600 Οὐχ

177 1625 356 1688 ἁπλῶς
381 1625 464 1688 εἰς
491 1622 586 1676 ἕνα
620 1622 778 1695 μόνον
822 1622 911 1674 τὸν
954 1621 1193 1693 παρόντα
1241 1622 1428 1686 αἰῶνα,
1477 1621 1609 1674 ἀλλὰ
1651 1623 1744 1674 καὶ

177 1717 256 1780 εἰς
279 1714 369 1769 τὸν
412 1714 707 1785 μετέπειτα
745 1712 912 1767 αἰῶνα
947 1712 1036 1766 τοῦ
1071 1712 1264 1776 αἰῶνος
1295 1712 1355 1766 τὸ
1395 1713 1612 1784 σπέρμα
1653 1713 1740 1784 61;-

182 1808 435 1870 λωθέντος
481 1806 657 1880 κέρως
706 1805 982 1877 θήσομαι·

182 1901 310 1972 πρὸς
356 1900 544 1968 ὀλίγας
587 1899 824 1970 ἡμέρας,
853 1897 972 1950 οὐδὲ
1006 1897 1085 1960 είς
1119 1897 1256 1950 ἐτῶν
1286 1897 1562 1970 περιόδους
1615 1898 1746 1970 βρα-

181 1993 324 2063 χείας
354 1987 600 2063 φυλάξω,
630 1989 766 2044 ἀλλὰ
820 1991 941 2053 ταῖς
968 1989 1201 2059 ἡμέραις
1221 1988 1314 2042 τοῦ
1351 1989 1579 2061 οὐρανοῦ
1614 2008 1749 2061 συμ-

184 2084 625 2160 παρεκτείνεσθαι
682 2081 912 2152 ποιήσω.
942 2080 1051 2134 Καὶ
1090 2081 1119 2132 ὁ
1164 2081 1454 2152 Σύμμαχος
1480 2081 1535 2135 δὲ
1580 2081 1749 2146 οὕτως

179 2181 518 2250 ήρμήνευσεν
534 2175 723 2230 εἰπών·
759 2175 870 2232 Καὶ
895 2175 1126 2244 ποιήσω
1151 2173 1420 2243 διηνεκὲς
1440 2175 1501 2228 τὸ
1517 2176 1751 2244 σπέρμα

178 2271 378 2334 αὐτοῦ,
424 2271 526 2326 καὶ
555 2270 662 2324 τὸν
701 2269 917 2336 θρόνον
953 2267 1136 2323 αὑτοῦ
1161 2268 1251 2337 ἐφ’
1276 2267 1425 2321 ὅσον
1454 2270 1510 2320 αἱ
1540 2268 1751 2336 ἡμέραι

181 2362 278 2416 τοῦ
301 2362 586 2431 οὐρανοῦ.
618 2362 847 2433 Σπέρμα
883 2361 940 2414 δὲ
981 2359 1074 2414 τοῦ
1127 2357 1362 2430 Χριστοῦ
1404 2358 1456 2412 τί
1479 2358 1582 2430 χρὴ
1611 2362 1751 2412 νοεῖν

179 2453 324 2522 ῆτὰς
373 2453 499 2508 καθ’
543 2453 670 2523 ὅλης
700 2452 798 2522 τῆς
827 2450 1148 2521 οἰκουμένης
1187 2447 1530 2513 συνεστώσας
1559 2448 1618 2514 ἐξ
1658 2452 1752 2504 αὺ-

179 2543 265 2598 τοῦ
294 2544 640 2615 Ἐκκλησίας,
666 2547 761 2598 καὶ
780 2545 904 2607 τοὺς
927 2547 984 2597 ὲν
1011 2543 1141 2597 πᾶσι
1170 2546 1276 2606 τοῖς
1301 2542 1508 2596 ἔθνεσιν
1536 2542 1754 2611 ἀναγεν-

181 2635 435 2705 νηθέντας
473 2635 624 2706 αὐτῷ
664 2633 859 2698 λαούς;
909 2634 1098 2704 θρόνος
1141 2633 1199 2687 δὲ
1246 2633 1409 2688 αὑτοῦ
1450 2632 1701 2703 τυγχάνει
1726 2634 1754 2686 ὁ

181 2728 314 2782 κατὰ
341 2728 444 2799 τὴν
489 2727 812 2798 Ἐκκλησίαν
855 2724 1016 2781 αὑτοῦ
1048 2724 1170 2778 καθ’
1204 2725 1331 2796 ὅλης
1370 2724 1469 2794 τῆς
1505 2725 1756 2794 οἰκουμέ-

180 2838 272 2891 νης
294 2820 382 2874 διὰ
401 2819 514 2874 τῶν
547 2818 607 2885 ἐξ
626 2818 790 2872 αὐτοῦ
840 2817 980 2872 κατὰ
1011 2815 1260 2888 διαδοχὴν
1299 2816 1575 2888 προέδρων
1608 2816 1753 2888 ἱδρυ-

183 2913 333 2983 μένος
351 2929 364 2943 ·
394 2913 580 2965 ὅντινα
602 2910 789 2982 θρόνον
815 2910 1085 2982 διαμένειν
1119 2909 1282 2980 φησὶν
1324 2909 1398 2972 ῶς
1426 2909 1524 2972 τὰς
1545 2908 1755 2980 ἡμέρας

178 3003 266 3058 τοῦ
301 3003 536 3076 οὐρανοῦ
563 3021 576 3034 ’
617 3004 715 3074 οὐχ
778 3002 978 3074 ὁμοίως
1031 2999 1108 3072 τῷ
1173 3000 1439 3055 Ἰουδαίων
1493 3001 1756 3072 βασιλικῷ

179 3093 364 3168 θρόνῳ,
429 3095 490 3160 ὃς
537 3096 622 3148 ἐπ’
670 3094 834 3166 ὀλίγῳ
882 3094 1199 3166 διαρκέσας,
1228 3093 1560 3166 ἀπεσϐέσθη,
1593 3094 1756 3164 ἐγγύς

179 3204 276 3241 που
329 3187 629 3258 φυλαχθεὶς
673 3186 1048 3259 τετρακοσίοις
1097 3186 1276 3256 μόνοις
1314 3185 1478 3247 ἔτεσι,
1506 3189 1618 3249 τοῖς
1652 3186 1759 3240 ἀπὸ

176 3277 266 3330 τοῦ
321 3278 489 3333 Δαυῒδ
535 3279 630 3332 καὶ
666 3279 757 3331 ἐπὶ
789 3277 888 3349 τὴν
929 3279 1009 3342 εἰς
1043 3277 1340 3332 Βαϐυλῶνα
1365 3277 1758 3348 αἰχμαλωσίαν.

177 3361 340 3434 Οὗτος
394 3370 457 3424 δὲ
511 3373 540 3424 ὁ
589 3369 779 3442 παρὼν
823 3369 1082 3438 θρόνος,ὁ
1113 3368 1202 3422 διὰ
1230 3368 1337 3422 τῶν
1381 3369 1759 3441 προκειμένων

177 3459 565 3534 θεσπιζόμενος
589 3453 698 3516 τῶν
725 3464 822 3533 τῆς
867 3461 1194 3534 Ἐκκλησίας
1237 3461 1538 3533 προέδρων,
1571 3461 1762 3533 διαμε-

176 3557 250 3606 νεῖ
264 3555 357 3608 καὶ
384 3554 790 3627 φυλαχθήσεται
822 3555 1023 3625 ὁμοίως
1050 3557 1170 3618 ταῖς
1217 3553 1451 3626 ἡμέραις
1476 3554 1570 3608 τοῦ
1600 3555 1658 3608 οὐ
1669 3573 1762 3626 ρα-

176 3645 283 3701 νοῦ.
325 3649 389 3701 Εἰ
443 3647 500 3700 δὲ
545 3647 789 3718 συμϐαίη
829 3647 962 3700 ποτὲ
995 3646 1338 3718 πλημμελεῖν
1392 3647 1482 3700 τὸν
1515 3647 1642 3702 λαὸν
1669 3650 1761 3701 καὶ

176 3737 296 3802 τοῦς
326 3740 482 3802 υἱοὺς
511 3738 604 3792 τοῦ
638 3739 1139 3809 προφητευομένου,
1168 3739 1312 3808 λέγω
1341 3739 1397 3792 δὲ
1435 3740 1560 3804 τοὺς
1584 3740 1759 3794 διαδό-

178 3846 300 3900 χους
355 3831 548 3896 αὑτοῦ,
591 3831 1024 3902 πειραθήσεσθαι
1074 3832 1172 3901 μὲν
1204 3831 1398 3893 αὐτοὺς
1425 3831 1759 3904 ἐπιστροφῆς

174 3922 271 3992 τῆς
299 3922 388 3977 διὰ
403 3922 514 3976 τῶν
546 3923 803 3994 διωγμῶν
828 3940 981 3994 φησι,
1016 3923 1091 3993 μὴ
1127 3923 1232 3993 μὴν
1259 3923 1608 3976 ἐκπεσεῖσθαί
1632 3940 1760 3975 ποτε

175 4015 276 4070 τῶν
295 4009 524 4088 θρόνων,
549 3995 683 4088 μηδὲ
703 4015 1130 4088 στερηθήσεσθαι
1159 4015 1252 4068 τοῦ
1270 4016 1452 4079 ἐλέους
1481 4015 1574 4068 τοῦ
1603 4016 1757 4070 Θεοῦ.

187 4107 310 4162 Ἐὰν
333 4109 446 4180 γὰρ
460 4109 585 4163 τάδε
608 4109 703 4162 καὶ
716 4109 843 4163 τάδε
859 4107 1133 4179 πράξωσιν
1148 4109 1196 4160 0i
1211 4108 1315 4159 υἱοὶ
1331 4105 1515 4170 αὑτοῦ,
1540 4105 1695 4177 δῆλον
1718 4106 1761 4158 δ’

176 4199 255 4253 ὅτι
277 4201 372 4254 τοῦ
407 4200 670 4273 Χριστοῦ,
689 4201 815 4255 τάδε
845 4199 1059 4253 ἔσεσθαι
1076 4201 1258 4264 αὐτοῖς
1275 4215 1456 4271 φησιν·
1485 4197 1762 4253 Ἐπισκὲ-

176 4296 358 4363 ζίνομαι
377 4295 450 4349 ὲν
458 4294 658 4364 ῥάϐδῳ
673 4295 779 4362 τὰς
788 4294 1039 4364 ἀνομίας
1053 4292 1472 4364 αὺτῶν,δηλαδὴ
1487 4293 1592 4346 τῶν
1608 4292 1760 4355 υἱῶν,

178 4387 362 4443 καὶέν
372 4388 624 4458 μάστιξι
678 4388 784 4454 τὰς
831 4387 1066 4452 ἀδικίας
1110 4385 1339 4440 αὐτῶν·
1372 4387 1437 4440 τὸ
1489 4386 1558 4439 δὲ
1589 4386 1762 4450 ἔλεός

173 4495 286 4544 μου
320 4481 395 4533 οὐ
419 4477 506 4548 μὴ
541 4477 923 4533 διασκεδάσω
965 4477 1066 4531 ἀπ’
1105 4476 1311 4531 αὐτοῦ.
1362 4476 1472 4528 Καὶ
1504 4475 1758 4547 πρόσχες,

176 4569 256 4622 ὃτι
287 4570 362 4641 μὴ
393 4571 629 4642 εἴρηται,
668 4569 769 4625 ἀπ’
791 4569 1009 4634 αὐτῶν,
1044 4568 1181 4633 ἀλλ’,
1225 4568 1328 4623 ἀπ’
1360 4566 1568 4632 αὐτοῦ,
1602 4566 1757 4637 δῆλον

175 4661 253 4714 ὅτι
285 4661 382 4715 τοῦ
419 4661 924 4733 προφητευομένου,
975 4654 1152 4714 καίτοι
1187 4657 1295 4713 τῶν
1329 4657 1588 4730 ἀνωτέρω
1620 4657 1754 4729 πλη-

179 4748 444 4814 θυντικῶς
496 4751 821 4822 εἰρημένων,
871 4749 1012 4804 κατὰ
1067 4750 1161 4814 τὸ,
1217 4749 1648 4819 Ἐπισκέψομαι
1691 4749 1760 4803 ἐν

171 4844 374 4911 ῥάϐδῳ
428 4847 536 4914 τὰς
583 4847 834 4917 ἀνομίας
862 4845 1080 4911 αὐτῶν,
1125 4845 1222 4900 καὶ
1267 4845 1337 4898 ἐν
1360 4844 1607 4913 μάστιξι
1654 4845 1762 4911 τὰς

179 4936 417 5006 ἀδικίας
444 4938 662 4994 αὐτῶν.
696 4941 868 5002 Τίνων
891 4940 947 4993 δὲ
983 4939 1182 5000 αὐτῶν,
1205 4937 1238 5008 ἢ
1263 4937 1502 5007 δηλονότι
1534 4936 1641 4991 τῶν
1666 4936 1759 4990 τοῦ

180 5029 357 5101 κέρως
393 5031 556 5098 υίῶνς
600 5033 688 5087 Ἑν
719 5032 777 5086 δὲ
807 5031 903 5102 τῷ,
951 5033 1013 5086 τὸ
1045 5033 1218 5097 ἔλεός
1245 5049 1364 5099 μου
1385 5032 1454 5084 οὐ
1492 5029 1578 5100 μὴ
1634 5029 1759 5082 δια-

180 5120 461 5177 σκεδάσω
505 5123 607 5178 ἀπ’
654 5122 861 5187 αὑτοῦ,
899 5125 1028 5194 περὶ
1056 5123 1174 5186 ἐνὸς
1213 5122 1479 5185 λέλεκται,
1529 5123 1648 5193 ἢτοι
1665 5121 1758 5176 τοῦ

181 5208 373 5281 θρόνου
400 5215 433 5286 ἦ
460 5215 555 5269 τοῦ
593 5215 770 5288 κέρως
795 5215 890 5270 τοῦ
919 5215 1416 5288 προφητευομένου.
1447 5215 1554 5268 Καὶ
1578 5215 1760 5268 ἐπιλέ-

183 5318 269 5369 γει
298 5303 454 5374 ὲξῆςο
482 5307 637 5361 Οὐδὲ
669 5307 754 5378 μὴ
791 5307 1123 5375 ,ϐεϐηλώσω
1161 5307 1276 5374 τὴν
1303 5307 1598 5376 διαθήκην
1619 5326 1759 5377 μου,

182 5391 341 5464 δῆλον
379 5397 461 5450 ὅτι
506 5398 604 5468 τὴν
641 5399 768 5454 νέαν
802 5399 896 5452 καὶ
928 5401 1140 5470 καινὴν,
1199 5402 1328 5471 περὶ
1387 5383 1454 5471 ἧς
1508 5401 1763 5469 ἀνωτέρω

187 5483 358 5555 ἔφησε
417 5488 496 5552 τὸ,
550 5490 662 5543 Καὶ
696 5491 736 5558 ή
775 5489 1031 5559 διαθήκη
1071 5509 1191 5560 μου
1237 5490 1422 5559 πιστὴ
1451 5485 1628 5558 αὐτῷ.
1656 5491 1765 5543 Καὶ

185 5573 351 5630 πάλιν
381 5578 830 5652 ἑπισφραγίζεται
856 5582 950 5636 τοῦ
973 5583 1130 5650 λόγου
1151 5585 1250 5653 τὴν
1299 5584 1554 5654 ἀλήθειαν
1582 5581 1750 5636 εἰπών
1788 5597 1800 5610 ⁸

1849 529 2148 598 iniquitates
2190 544 2399 593 eorum,
2446 539 2493 581 et
2528 531 2580 582 iu
2624 531 2913 585 verberibus
2953 543 3168 601 peccata
3204 552 3406 592 eorum.

1849 619 2270 675 Misericordiaut
2318 631 2488 674 autent
2536 638 2702 675 meum
2745 641 2847 678 mm
2890 625 3156 694 dissipabo
3203 629 3268 681 ab
3311 644 3405 690 eo.

1851 726 2008 781 neque
2039 710 2226 764 nocebo
2260 711 2312 764 in
2341 711 2562 765 veritate
2607 728 2762 766 mea:
2805 731 2962 783 neque
3001 716 3294 786 profanabo
3335 727 3410 774 te-

1849 810 2166 854 stamentum
2196 817 2364 854 meum
2387 842 2401 867 ,
2430 811 2478 856 et
2514 819 2628 872 qua:
2654 804 2938 871 procedunt
2979 807 3042 862 de
3084 808 3237 864 labiis
3281 811 3407 865 meis

1850 908 1951 944 non
1993 891 2192 962 faciant
2239 893 2416 948 irrita.
2463 893 2592 960 Quae
2623 897 2688 950 dc
2721 911 2890 950 cornu
2924 897 3068 952 dicta
3104 899 3318 956 fuerant
3353 901 3406 956 in

1851 984 2298 1052 prtecedeutibus,
2324 989 2542 1056 impleta
2565 987 2830 1044 feruntur.
2854 989 3036 1043 Cornu
3063 1007 3221 1060 porro
3243 993 3413 1064 signi-

1850 1074 2112 1128 ﬁeahatur
2139 1092 2244 1129 non
2275 1076 2420 1130 aliud
2451 1093 2480 1131 a
2498 1078 2734 1144 Christo,
2757 1080 2848 1149 qui
2874 1080 3173 1138 secundum
3195 1099 3411 1139 carnem

1848 1181 1914 1221 ex
1944 1167 2148 1223 semine
2198 1165 2363 1222 David
2408 1181 2563 1224 natus
2605 1179 2709 1228 est.
2768 1171 3175 1242 Conscquenter
3237 1183 3415 1230 autem

1851 1259 1914 1312 ad
1947 1259 2034 1315 illa
2068 1277 2188 1330 quae
2221 1262 2288 1315 de
2325 1263 2446 1332 ipso
2477 1262 2806 1318 vaticinatus
2835 1271 2983 1328 erat,
3016 1279 3263 1335 quaenam
3297 1266 3416 1334 ejus

1851 1352 2130 1406 successio
2162 1352 2342 1406 futura
2375 1353 2445 1408 sit
2479 1353 2718 1407 declarat
2751 1353 2936 1410 (licens
2967 1373 2981 1410 :
3015 1355 3131 1410 Non
3163 1356 3217 1410 in
3249 1373 3415 1412 unum

1851 1457 2090 1511 praesens
2120 1444 2377 1498 sazculum
2410 1444 2707 1509 duntaxat,
2743 1445 2835 1500 sed
2869 1446 2920 1499 in
2955 1447 3296 1518 subsequens
3320 1463 3418 1503 saa-

1850 1537 2030 1589 culum
2063 1535 2268 1598 Sarculi,
2315 1535 2599 1590 memorati
2641 1551 2811 1590 cornu
2857 1551 3043 1590 semen
3085 1553 3322 1606 ponam:
3367 1543 3422 1591 ct

1852 1629 2104 1683 thronum
2140 1628 2290 1697 ejus,
2327 1642 2436 1681 non
2469 1625 2533 1680 ad
2565 1641 2768 1696 paucos
2803 1625 2952 1692 dies,
2993 1641 3169 1696 neque
3201 1627 3268 1681 ad
3300 1628 3422 1682 bre-

1851 1735 1943 1774 ves
1977 1734 2243 1773 annorum
2276 1717 2523 1788 periodos
2544 1758 2558 1780 ,
2591 1717 2892 1772 custodiam
2919 1733 2932 1780 ;
2968 1717 3062 1772 sed
3095 1716 3324 1773 clIiciam
3361 1725 3423 1771 ut

1026 1807 1120 1858 καὶ
1159 1804 1252 1857 τὸν
1278 1803 1463 1876 θρόνον
1491 1806 1652 1860 αὑτοῦ
1685 1808 1748 1860 οὐ

1858 1810 2043 1867 diebus
2067 1811 2189 1866 coeli
2219 1818 2550 1880 coaequctur.
2583 1807 2944 1880 Symmachus
2975 1817 3154 1864 autem
3187 1809 3270 1864 his
3301 1825 3422 1865 ver-

1853 1899 1936 1954 bis
1969 1900 2354 1970 interpretatus
2385 1907 2506 1963 est,
2561 1897 2624 1951 Et
2665 1897 2866 1964 faciam
2907 1907 3211 1968 perpetuum
3251 1915 3425 1959 semen

1851 1991 1963 2059 ejus
1987 2031 2002 2056 ,
2030 2001 2079 2046 et
2115 1991 2358 2045 thronum
2380 1991 2530 2060 ejus,
2562 1991 2617 2043 in
2639 1999 2892 2060 quantum
2924 1991 3033 2044 dies
3058 1990 3193 2045 caeli.
3228 1988 3424 2044 Semen

1852 2091 2030 2140 autem
2062 2084 2264 2140 Christi
2295 2084 2427 2155 quid
2457 2099 2579 2139 esse
2613 2083 2910 2153 putandum
2939 2091 3050 2145 est.
3085 2085 3190 2142 nisi
3240 2083 3426 2139 Eccle-

1852 2177 1964 2232 sias
1995 2193 2090 2248 per
2117 2186 2288 2231 totum
2320 2177 2507 2232 orbem
2541 2175 2608 2230 ab
2637 2177 2730 2231 illo
2754 2177 3108 2238 constitutas,
3129 2186 3184 2231 et
3210 2191 3304 2231 eos
3333 2176 3428 2247 qui

1854 2266 1906 2319 iu
1935 2267 2190 2322 omnibus
2208 2267 2462 2339 gentibus
2490 2268 2794 2337 regenerati
2823 2269 2877 2322 in
2905 2268 3025 2336 ipso
3054 2268 3236 2337 populi
3259 2276 3387 2322 sunt
3405 2269 3430 2320 ἲ

1855 2357 2109 2413 Thronus
2150 2374 2282 2413 vero
2327 2359 2448 2428 ejus
2479 2367 2596 2425 est,
2633 2354 2726 2430 qui
2759 2362 2812 2414 iu
2849 2358 3090 2415 Ecclesia
3122 2359 3298 2430 ipsius
3331 2373 3432 2430 per

1856 2458 2028 2505 totum
2059 2451 2247 2506 orbem
2297 2451 2624 2522 praesulum,
2660 2453 2753 2522 qui
2799 2467 2830 2506 a
2875 2461 3114 2522 tempore
3155 2452 3274 2518 ejus
3314 2451 3432 2506 fue-

1855 2551 2019 2610 runt,
2070 2545 2426 2600 successione
2477 2544 2724 2600 ﬁrmatus
2774 2554 2896 2600 est;
2955 2560 3116 2614 quem
3176 2543 3429 2597 thronum

1857 2646 2329 2708 perseveraturum
2375 2637 2450 2691 ait
2498 2636 2642 2691 sicut
2684 2636 2800 2692 dies
2845 2637 3009 2703 coeli;
3048 2651 3157 2689 non
3207 2632 3432 2703 perinde

1857 2737 2021 2800 atque
2056 2728 2368 2784 Iudaeorum
2411 2727 2620 2798 regium
2665 2726 2956 2790 thronum,
3002 2726 3095 2796 qui
3140 2731 3430 2795 postquam

1857 2819 2072 2874 modico
2119 2829 2364 2888 tempore
2418 2817 2676 2873 durasset
2733 2817 2988 2888 (scilicet
3023 2816 3182 2870 anuis
3213 2815 3434 2868 circiter

1858 2911 2303 2982 quadringentis,
2335 2926 2366 2964 a
2402 2909 2601 2964 Davide
2631 2924 2805 2979 usque
2851 2909 2918 2962 ad
2952 2906 3335 2977 captivitatem
3378 2905 3436 2960 in

1860 3003 2131 3075 Babylone
2157 3007 2174 3074 )
2197 3003 2501 3058 exstinctus
2528 3010 2632 3058 est.
2668 3002 2737 3055 At
2767 3000 2854 3056 hic
2879 3000 3112 3055 thronus
3141 2999 3438 3070 praesulem

1861 3095 2116 3152 Ecclesia:
2136 3135 2152 3159 ,
2183 3095 2273 3166 qui
2302 3095 2355 3148 in
2380 3093 2632 3165 praesenti
2655 3092 2911 3148 vaticinio
2936 3089 3128 3155 fertur,
3153 3102 3438 3160 permane-

1866 3189 1946 3244 bit
1972 3203 2036 3242 ac
2059 3187 2476 3243 conservabitur
2495 3187 2637 3242 sicut
2659 3183 2776 3240 dies
2798 3185 2944 3238 coeli.
2973 3182 3126 3249 Quod
3149 3184 3195 3237 si
3217 3179 3437 3251 quando

1864 3279 2156 3349 contigerit
2186 3277 2440 3349 populum
2487 3287 2540 3332 et
2580 3276 2754 3336 ﬁlios.
2795 3276 3004 3330 scilicet
3045 3286 3435 3334 successores,

1863 3371 1986 3442 ejus
2013 3371 2106 3442 qui
2137 3371 2188 3423 in
2227 3368 2510 3439 pr0phctia
2541 3367 2890 3430 enuntiatur,
2937 3365 3203 3420 scelerate
3245 3377 3437 3432 agere.

1866 3465 2014 3534 ipsos
2048 3463 2122 3517 ait
2155 3461 2629 3533 persecutionibus
2657 3459 2922 3531 agitatus,
2973 3471 3156 3512 rerum
3210 3467 3442 3510 conver-

1864 3562 2073 3617 sionem
2090 3570 2409 3630 experturos
2428 3599 2442 3624 ,
2468 3573 2643 3628 neque
2669 3564 2848 3612 tamen
2870 3556 3099 3618 thronos
3120 3567 3251 3608 suos
3275 3550 3446 3605 amis-

1867 3666 2026 3707 suros
2075 3665 2348 3721 unquam,
2393 3665 2568 3720 neque
2607 3647 2982 3703 misericordia
3018 3644 3111 3698 Dei
3143 3641 3442 3713 privandos

1865 3759 2006 3799 esse.
2028 3741 2160 3795 Nam
2184 3743 2229 3796 si
2263 3741 2390 3794 talia
2415 3750 2469 3793 et
2490 3739 2619 3792 talia
2647 3737 2951 3808 peregerint
2971 3735 3060 3788 ﬁlii
3085 3734 3224 3804 ejus,
3248 3745 3445 3801 nempe

1865 3835 2090 3898 Christi,
2108 3837 2220 3890 haec
2235 3834 2342 3889 illis
2360 3840 2622 3887 eventura
2640 3829 2927 3884 denuntiat
2951 3845 2964 3882 :
2981 3823 3217 3880 Visitabo
3231 3825 3285 3876 in
3297 3823 3445 3893 virga

1866 3928 2169 3997 iniquitates
2207 3941 2387 3980 eorum
2410 3964 2424 3984 .
2456 3921 2706 3977 videlicet
2736 3919 3005 3980 ﬁliorum,
3034 3927 3083 3970 et
3125 3918 3180 3970 in
3218 3914 3445 3970 verberi-

1866 4020 1959 4074 bus
1988 4029 2202 4089 peccata
2227 4034 2406 4073 eorum
2427 4033 2446 4070 :
2479 4011 2894 4068 misericordiam
2929 4019 3104 4065 autem
3132 4025 3304 4063 meam
3335 4023 3441 4062 non

1864 4095 2132 4178 dissipabo
2157 4107 2220 4161 ab
2251 4124 2329 4162 eo.
2355 4105 2421 4160 Et
2451 4103 2697 4160 attendas
2727 4101 2889 4158 velim
2917 4115 3030 4154 non
3058 4099 3260 4154 dictum
3297 4112 3441 4161 esse,

1867 4204 1931 4258 ab
1973 4203 2084 4264 eis;
2119 4198 2214 4256 sed
2245 4198 2309 4252 ab
2340 4214 2420 4262 eo,
2445 4197 2498 4252 id
2530 4205 2633 4262 est,
2685 4193 2780 4264 qui
2827 4193 2882 4246 in
2922 4190 3206 4262 prophetia
3239 4189 3445 4256 fertur;

1866 4294 2076 4351 etiamsi
2136 4292 2389 4362 superius
2421 4288 2704 4358 pluraliter
2732 4285 2948 4342 dicatur
2993 4285 3146 4348 illud,
3209 4282 3445 4338 Visitabo

1867 4389 1923 4441 in
1974 4388 2117 4456 virga
2172 4383 2479 4452 iniquitates
2505 4396 2707 4442 eorum,
2741 4387 2790 4432 et
2813 4378 2868 4430 in
2905 4375 3201 4432 verberibus
3232 4383 3446 4443 peccata

1795 4510 1838 4563 ο
1866 4496 2067 4534 eorum.
2118 4476 2493 4543 Quorumnam
2545 4487 2757 4537 eorum,
2791 4470 2898 4526 nisi
2926 4485 3100 4526 cornu
3128 4468 3276 4522 illius
3306 4466 3446 4521 ﬁlio-

1864 4569 2022 4624 rum?
2053 4565 2110 4621 In
2141 4567 2232 4621 illo
2257 4573 2462 4629 autem,
2496 4563 2916 4618 misericordiam
2946 4575 3116 4614 meam
3146 4575 3247 4611 non
3282 4555 3447 4611 dissi-

1861 4661 1994 4731 pabo
2027 4660 2090 4715 ab
2120 4677 2200 4724 eo,
2238 4658 2306 4713 de
2326 4673 2435 4713 uno
2473 4664 2681 4711 tantum
2708 4654 2928 4717 dicitur,
2960 4651 3170 4709 scilicet
3203 4650 3271 4706 de
3297 4659 3451 4705 ture-

1865 4770 1955 4817 no,
1987 4763 2080 4808 aut
2106 4755 2172 4808 de
2201 4768 2371 4807 cornu
2401 4750 2522 4820 ejus
2555 4749 2648 4818 qui
2688 4749 2740 4800 in
2771 4745 3054 4816 prophetia
3087 4749 3442 4797 memoratur.

1863 4844 2032 4900 Infert
2064 4851 2274 4915 postea,
2313 4840 2494 4909 Neque
2521 4837 2816 4907 profanabo
2845 4842 3216 4890 testamentum
3250 4846 3445 4892 meum,

1865 4953 2066 4993 novum
2116 4936 2326 4992 scilicet
2367 4932 2498 4988 illud
2557 4941 2609 4986 et
2658 4945 2873 4993 recens,
2911 4935 2971 4981 ut
3028 4926 3207 4997 palam
3235 4929 3341 4985 est,
3376 4919 3446 4975 de

1867 5045 1977 5100 quo
2015 5028 2268 5099 superius
2301 5025 2520 5080 dicebat
2553 5044 2563 5076 :
2603 5020 2670 5074 Et
2699 5029 3064 5075 testamentum
3099 5031 3269 5070 meum
3295 5012 3452 5082 ﬁdei:

1869 5123 1990 5190 ipsi.
2036 5121 2117 5176 Ae
2169 5134 2388 5174 rursum
2437 5115 2706 5171 sermonis
2753 5112 3035 5166 veritatem
3083 5109 3338 5178 obsignat
3369 5105 3455 5159 di-

1868 5227 2038 5267 cens:
2073 5208 2254 5280 Neque
2282 5209 2472 5262 nocebo
2508 5204 2562 5255 in
2596 5202 2810 5255 veritate
2835 5215 2969 5261 mea,
3001 5211 3093 5250 nec
3123 5209 3240 5265 qute
3267 5204 3452 5261 proce-

1869 5304 2000 5356 dunt
2022 5303 2085 5357 de
2117 5302 2272 5355 labiis
2300 5300 2425 5352 meis
2449 5298 2646 5367 faciam
2673 5295 2860 5355 irrita;
2891 5290 2985 5344 sed
3015 5287 3218 5352 ﬁdelia,
3249 5282 3448 5352 inquit,

1870 5405 1924 5451 et
1956 5413 2078 5450 vera
2123 5394 2314 5448 faciam
2354 5389 2624 5460 promissa
2662 5402 2801 5451 mea,
2838 5384 3046 5440 addens
3103 5376 3450 5437 sermonibus

1871 5502 2036 5557 opera
2071 5498 2360 5551 rerumque
2391 5479 2810 5548 complementa.

1856 5579 2007 5634 Οὐδὲ
2058 5576 2142 5646 μὴ
2193 5573 2461 5639 ἀδικήσω
2499 5572 2568 5624 ἐν
2597 5570 2670 5638 τῇ
2715 5569 2965 5636 ἀληθείᾳ
3007 5584 3148 5637 μου,
3191 5560 3334 5618 οὐδὲ
3378 5557 3452 5612 τά

187 5665 635 5740 ἂκπορευόμενα
677 5671 772 5725 διὰ
797 5672 914 5726 τῶν
971 5675 1220 5742 χειλέων
1239 5693 1357 5745 μου
1392 5653 1467 5728 οὐ
1502 5674 1588 5744 μὴ
1640 5671 1929 5737 ἀθετήσω·
1966 5669 2099 5722 ἀλλὰ
2135 5667 2297 5721 πιστὰ
2350 5665 2442 5719 καὶ
2495 5661 2690 5734 ἀληθῆ,
2737 5659 2889 5733 φησὶ,
2937 5659 3149 5730 ποιήσω
3167 5653 3236 5710 τὰ
3280 5653 3453 5722 ιπηγ-

190 5755 454 5829 γελμένα,
474 5763 680 5828 ἐπιθεὶς
707 5768 814 5830 τοῖς
839 5767 1016 5836 λόγοις
1061 5768 1197 5840 ἔργα
1220 5769 1283 5822 δι’
1314 5770 1489 5825 αὐτῶν
1517 5769 1623 5824 τῶν
1654 5763 2125 5835 ἀποτελεσμάτων.
