  <div class='ocr_page' id='page_1' title='image "/cluster/home/n/w/nwhite01/storage/ocr_20150623/23/mdp.39015078384396/571.png"; bbox 0 0 3830 6288; ppageno 0'>
   <div class='ocr_carea' id='block_1_1' title="bbox 321 339 467 403">
    <p class='ocr_par' dir='ltr' id='par_1_1' title="bbox 321 339 467 403">
     <span class='ocr_line' id='line_1_1' title="bbox 321 339 467 403; baseline -0.027 -1"><span class='ocrx_word' id='word_1_1' title='bbox 321 339 467 403; x_wconf 69' lang='lat' dir='ltr'><strong>H01</strong></span> 
     </span>
    </p>
   </div>
   <div class='ocr_carea' id='block_1_2' title="bbox 996 321 2856 426">
    <p class='ocr_par' dir='ltr' id='par_1_2' title="bbox 996 321 2856 426">
     <span class='ocr_line' id='line_1_2' title="bbox 996 321 2856 426; baseline -0.009 -32"><span class='ocrx_word' id='word_1_2' title='bbox 996 335 1264 396; x_wconf 81' lang='lat' dir='ltr'><strong>EUSEBll</strong></span> <span class='ocrx_word' id='word_1_3' title='bbox 1307 331 1781 426; x_wconf 50' lang='lat' dir='ltr'><strong>CESADIENSIS</strong></span> <span class='ocrx_word' id='word_1_4' title='bbox 1812 333 1960 390; x_wconf 82' lang='grc' dir='ltr'><strong>ΟΡΡ.</strong></span> <span class='ocrx_word' id='word_1_5' title='bbox 1996 331 2174 387; x_wconf 72' lang='lat' dir='ltr'><strong>PARS</strong></span> <span class='ocrx_word' id='word_1_6' title='bbox 2214 329 2300 384; x_wconf 91' lang='grc'><strong>111.</strong></span> <span class='ocrx_word' id='word_1_7' title='bbox 2342 358 2396 368; x_wconf 85' lang='lat'><strong>—-</strong></span> <span class='ocrx_word' id='word_1_8' title='bbox 2450 321 2856 381; x_wconf 77' lang='lat' dir='ltr'><strong>EXEGETICA.</strong></span> 
     </span>
    </p>
   </div>
   <div class='ocr_carea' id='block_1_3' title="bbox 3402 315 3545 368">
    <p class='ocr_par' dir='ltr' id='par_1_3' title="bbox 3402 315 3545 368">
     <span class='ocr_line' id='line_1_3' title="bbox 3402 315 3545 368; baseline -0.021 0"><span class='ocrx_word' id='word_1_9' title='bbox 3402 315 3545 368; x_wconf 69' lang='lat' dir='ltr'><strong>H08</strong></span> 
     </span>
    </p>
   </div>
   <div class='ocr_carea' id='block_1_4' title="bbox 391 431 1888 528">
    <p class='ocr_par' dir='ltr' id='par_1_4' title="bbox 391 454 1875 528">
     <span class='ocr_line' id='line_1_4' title="bbox 391 454 1875 528; baseline -0.005 -14"><span class='ocrx_word' id='word_1_10' title='bbox 391 457 456 514; x_wconf 83' lang='lat' dir='ltr'><strong>Et</strong></span> <span class='ocrx_word' id='word_1_11' title='bbox 501 459 614 514; x_wconf 80' lang='lat' dir='ltr'><strong>haec</strong></span> <span class='ocrx_word' id='word_1_12' title='bbox 663 456 878 528; x_wconf 83' lang='lat' dir='ltr'><strong>quidem</strong></span> <span class='ocrx_word' id='word_1_13' title='bbox 919 456 1155 526; x_wconf 86' lang='lat' dir='ltr'><strong>taliaque</strong></span> <span class='ocrx_word' id='word_1_14' title='bbox 1204 464 1331 511; x_wconf 89' lang='lat' dir='ltr'><strong>sunt</strong></span> <span class='ocrx_word' id='word_1_15' title='bbox 1366 454 1551 510; x_wconf 77' lang='lat' dir='ltr'><strong>D‘avidi</strong></span> <span class='ocrx_word' id='word_1_16' title='bbox 1581 455 1707 508; x_wconf 88' lang='lat' dir='ltr'><strong>data</strong></span> <span class='ocrx_word' id='word_1_17' title='bbox 1750 467 1875 524; x_wconf 90' lang='lat' dir='ltr'><strong>pro-</strong></span> 
     </span>
    </p>
   </div>
   <div class='ocr_carea' id='block_1_5' title="bbox 1993 431 3554 528">
    <p class='ocr_par' dir='ltr' id='par_1_5' title="bbox 2045 431 3554 528">
     <span class='ocr_line' id='line_1_5' title="bbox 2045 431 3554 528; baseline -0.015 -26"><span class='ocrx_word' id='word_1_18' title='bbox 2045 451 2152 504; x_wconf 72' lang='grc' dir='ltr'>Καὶ</span> <span class='ocrx_word' id='word_1_19' title='bbox 2207 447 2274 501; x_wconf 73' lang='grc' dir='ltr'>τὰ</span> <span class='ocrx_word' id='word_1_20' title='bbox 2327 447 2423 518; x_wconf 76' lang='grc' dir='ltr'>μὲν</span> <span class='ocrx_word' id='word_1_21' title='bbox 2457 445 2562 498; x_wconf 81' lang='grc' dir='ltr'><strong>τῶν</strong></span> <span class='ocrx_word' id='word_1_22' title='bbox 2592 442 2723 514; x_wconf 75' lang='grc' dir='ltr'>πρὸς</span> <span class='ocrx_word' id='word_1_23' title='bbox 2748 440 2840 494; x_wconf 74' lang='grc' dir='ltr'>τὸν</span> <span class='ocrx_word' id='word_1_24' title='bbox 2875 437 3034 491; x_wconf 79' lang='grc' dir='ltr'><strong>Δαυῖδ</strong></span> <span class='ocrx_word' id='word_1_25' title='bbox 3069 431 3410 528; x_wconf 74' lang='grc' dir='ltr'>ἐπαγγελιῶν</span> <span class='ocrx_word' id='word_1_26' title='bbox 3441 432 3554 528; x_wconf 57' lang='grc' dir='ltr'><strong>τῶν</strong></span> 
     </span>
    </p>
   </div>
   <div class='ocr_carea' id='block_1_6' title="bbox 321 547 1882 617">
    <p class='ocr_par' dir='ltr' id='par_1_6' title="bbox 321 547 1882 617">
     <span class='ocr_line' id='line_1_6' title="bbox 321 547 1882 617; baseline -0.004 -11"><span class='ocrx_word' id='word_1_27' title='bbox 321 555 484 608; x_wconf 85' lang='lat' dir='ltr'><strong>missa</strong></span> <span class='ocrx_word' id='word_1_28' title='bbox 510 551 575 607; x_wconf 85' lang='lat' dir='ltr'><strong>de</strong></span> <span class='ocrx_word' id='word_1_29' title='bbox 591 567 756 607; x_wconf 84' lang='lat' dir='ltr'><strong>cornu</strong></span> <span class='ocrx_word' id='word_1_30' title='bbox 778 549 916 606; x_wconf 88' lang='lat' dir='ltr'><strong>etde</strong></span> <span class='ocrx_word' id='word_1_31' title='bbox 945 549 1140 604; x_wconf 92' lang='lat' dir='ltr'><strong>throno</strong></span> <span class='ocrx_word' id='word_1_32' title='bbox 1167 550 1384 617; x_wconf 84' lang='lat' dir='ltr'><strong>eius,ac</strong></span> <span class='ocrx_word' id='word_1_33' title='bbox 1413 548 1479 604; x_wconf 89' lang='lat' dir='ltr'><strong>de</strong></span> <span class='ocrx_word' id='word_1_34' title='bbox 1502 547 1569 603; x_wconf 91' lang='lat' dir='ltr'><strong>iis</strong></span> <span class='ocrx_word' id='word_1_35' title='bbox 1603 547 1695 616; x_wconf 87' lang='lat' dir='ltr'><strong>qui</strong></span> <span class='ocrx_word' id='word_1_36' title='bbox 1723 547 1791 600; x_wconf 85' lang='lat' dir='ltr'><strong>ab</strong></span> <span class='ocrx_word' id='word_1_37' title='bbox 1817 559 1882 600; x_wconf 93' lang='lat' dir='ltr'><strong>eo</strong></span> 
     </span>
    </p>
   </div>
   <div class='ocr_carea' id='block_1_7' title="bbox 321 637 1880 716">
    <p class='ocr_par' dir='ltr' id='par_1_7' title="bbox 321 637 1880 716">
     <span class='ocr_line' id='line_1_7' title="bbox 321 637 1880 716; baseline -0.004 -18"><span class='ocrx_word' id='word_1_38' title='bbox 321 645 586 716; x_wconf 73' lang='lat' dir='ltr'><strong>prodituri</strong></span> <span class='ocrx_word' id='word_1_39' title='bbox 631 651 777 707; x_wconf 88' lang='lat' dir='ltr'><strong>sunt,</strong></span> <span class='ocrx_word' id='word_1_40' title='bbox 807 656 1023 697; x_wconf 86' lang='lat' dir='ltr'><strong>necnon</strong></span> <span class='ocrx_word' id='word_1_41' title='bbox 1068 639 1136 696; x_wconf 88' lang='lat' dir='ltr'><strong>de</strong></span> <span class='ocrx_word' id='word_1_42' title='bbox 1180 639 1333 695; x_wconf 82' lang='lat' dir='ltr'><strong>Novo</strong></span> <span class='ocrx_word' id='word_1_43' title='bbox 1361 637 1709 695; x_wconf 87' lang='lat' dir='ltr'><strong>Testamento</strong></span> <span class='ocrx_word' id='word_1_44' title='bbox 1741 638 1880 707; x_wconf 82' lang='lat' dir='ltr'><strong>ejus.</strong></span> 
     </span>
    </p>
   </div>
   <div class='ocr_carea' id='block_1_8' title="bbox 318 730 1883 805">
    <p class='ocr_par' dir='ltr' id='par_1_8' title="bbox 318 730 1883 805">
     <span class='ocr_line' id='line_1_8' title="bbox 318 730 1883 805; baseline -0.001 -19"><span class='ocrx_word' id='word_1_45' title='bbox 318 737 456 805; x_wconf 73' lang='lat' dir='ltr'><strong>Quia</strong></span> <span class='ocrx_word' id='word_1_46' title='bbox 485 751 614 792; x_wconf 87' lang='lat' dir='ltr'><strong>vero</strong></span> <span class='ocrx_word' id='word_1_47' title='bbox 644 737 778 792; x_wconf 81' lang='lat' dir='ltr'><strong>tales</strong></span> <span class='ocrx_word' id='word_1_48' title='bbox 831 735 1271 805; x_wconf 76' lang='lat' dir='ltr'><strong>pollicitationes,</strong></span> <span class='ocrx_word' id='word_1_49' title='bbox 1303 748 1412 788; x_wconf 89' lang='lat' dir='ltr'><strong>non</strong></span> <span class='ocrx_word' id='word_1_50' title='bbox 1469 730 1703 801; x_wconf 89' lang='lat' dir='ltr'><strong>simplici</strong></span> <span class='ocrx_word' id='word_1_51' title='bbox 1745 744 1883 800; x_wconf 92' lang='lat' dir='ltr'><strong>quo-</strong></span> 
     </span>
    </p>
   </div>
   <div class='ocr_carea' id='block_1_9' title="bbox 317 824 1880 898">
    <p class='ocr_par' dir='ltr' id='par_1_9' title="bbox 317 824 1880 898">
     <span class='ocr_line' id='line_1_9' title="bbox 317 824 1880 898; baseline -0.003 -16"><span class='ocrx_word' id='word_1_52' title='bbox 317 826 443 883; x_wconf 85' lang='lat' dir='ltr'><strong>dam</strong></span> <span class='ocrx_word' id='word_1_53' title='bbox 492 834 546 883; x_wconf 93' lang='lat' dir='ltr'><strong>et</strong></span> <span class='ocrx_word' id='word_1_54' title='bbox 591 827 738 882; x_wconf 88' lang='lat' dir='ltr'><strong>nudo</strong></span> <span class='ocrx_word' id='word_1_55' title='bbox 777 841 1029 882; x_wconf 86' lang='lat' dir='ltr'><strong>sermone</strong></span> <span class='ocrx_word' id='word_1_56' title='bbox 1075 828 1315 898; x_wconf 83' lang='lat' dir='ltr'><strong>prolatas</strong></span> <span class='ocrx_word' id='word_1_57' title='bbox 1349 824 1620 879; x_wconf 70' lang='lat' dir='ltr'><strong>aestimare</strong></span> <span class='ocrx_word' id='word_1_58' title='bbox 1662 831 1880 892; x_wconf 90' lang='lat' dir='ltr'><strong>oporte-</strong></span> 
     </span>
    </p>
   </div>
   <div class='ocr_carea' id='block_1_10' title="bbox 317 912 1884 984">
    <p class='ocr_par' dir='ltr' id='par_1_10' title="bbox 317 912 1884 984">
     <span class='ocr_line' id='line_1_10' title="bbox 317 912 1884 984; baseline -0.003 -13"><span class='ocrx_word' id='word_1_59' title='bbox 317 914 434 978; x_wconf 78' lang='lat' dir='ltr'><strong>bat,</strong></span> <span class='ocrx_word' id='word_1_60' title='bbox 472 917 664 970; x_wconf 80' lang='lat' dir='ltr'><strong>iterum</strong></span> <span class='ocrx_word' id='word_1_61' title='bbox 712 917 940 971; x_wconf 75' lang='lat' dir='ltr'><strong>resumit</strong></span> <span class='ocrx_word' id='word_1_62' title='bbox 990 930 1053 971; x_wconf 89' lang='lat' dir='ltr'><strong>ac</strong></span> <span class='ocrx_word' id='word_1_63' title='bbox 1111 915 1276 970; x_wconf 81' lang='lat' dir='ltr'><strong>verba</strong></span> <span class='ocrx_word' id='word_1_64' title='bbox 1321 913 1538 984; x_wconf 88' lang='lat' dir='ltr'><strong>repetit,</strong></span> <span class='ocrx_word' id='word_1_65' title='bbox 1569 919 1624 968; x_wconf 91' lang='lat' dir='ltr'><strong>et</strong></span> <span class='ocrx_word' id='word_1_66' title='bbox 1665 912 1732 967; x_wconf 86' lang='lat' dir='ltr'><strong>ad</strong></span> <span class='ocrx_word' id='word_1_67' title='bbox 1757 928 1884 983; x_wconf 91' lang='lat' dir='ltr'><strong>pro-</strong></span> 
     </span>
    </p>
   </div>
   <div class='ocr_carea' id='block_1_11' title="bbox 320 1003 1881 1074">
    <p class='ocr_par' dir='ltr' id='par_1_11' title="bbox 320 1003 1881 1074">
     <span class='ocr_line' id='line_1_11' title="bbox 320 1003 1881 1074; baseline -0.003 -13"><span class='ocrx_word' id='word_1_68' title='bbox 320 1008 612 1062; x_wconf 85' lang='lat' dir='ltr'><strong>missorum</strong></span> <span class='ocrx_word' id='word_1_69' title='bbox 638 1006 1100 1061; x_wconf 83' lang='lat' dir='ltr'><strong>conﬂrmationem</strong></span> <span class='ocrx_word' id='word_1_70' title='bbox 1117 1022 1177 1062; x_wconf 84' lang='lat' dir='ltr'><strong>ea</strong></span> <span class='ocrx_word' id='word_1_71' title='bbox 1198 1003 1556 1074; x_wconf 84' lang='lat' dir='ltr'><strong>jurejurando</strong></span> <span class='ocrx_word' id='word_1_72' title='bbox 1575 1003 1881 1074; x_wconf 74' lang='lat' dir='ltr'><strong>consignat,</strong></span> 
     </span>
    </p>
   </div>
   <div class='ocr_carea' id='block_1_12' title="bbox 320 1094 1884 1165">
    <p class='ocr_par' dir='ltr' id='par_1_12' title="bbox 320 1094 1884 1165">
     <span class='ocr_line' id='line_1_12' title="bbox 320 1094 1884 1165; baseline 0 -15"><span class='ocrx_word' id='word_1_73' title='bbox 320 1109 441 1150; x_wconf 76' lang='lat' dir='ltr'><strong>tum</strong></span> <span class='ocrx_word' id='word_1_74' title='bbox 465 1097 540 1150; x_wconf 92' lang='lat' dir='ltr'><strong>ait</strong></span> <span class='ocrx_word' id='word_1_75' title='bbox 563 1095 814 1151; x_wconf 67' lang='lat' dir='ltr'><strong>z—Ven&#39;s.</strong></span> <span class='ocrx_word' id='word_1_76' title='bbox 839 1096 1032 1151; x_wconf 78' lang='lat'><strong>36-58.</strong></span> <span class='ocrx_word' id='word_1_77' title='bbox 1055 1095 1222 1150; x_wconf 86' lang='lat' dir='ltr'><strong>Semel</strong></span> <span class='ocrx_word' id='word_1_78' title='bbox 1243 1096 1425 1165; x_wconf 86' lang='lat' dir='ltr'><strong>juravi</strong></span> <span class='ocrx_word' id='word_1_79' title='bbox 1444 1096 1499 1148; x_wconf 87' lang='lat' dir='ltr'><strong>in</strong></span> <span class='ocrx_word' id='word_1_80' title='bbox 1520 1094 1718 1151; x_wconf 83' lang='lat' dir='ltr'><strong>Sancto</strong></span> <span class='ocrx_word' id='word_1_81' title='bbox 1750 1111 1884 1164; x_wconf 86' lang='lat' dir='ltr'><strong>meo,</strong></span> 
     </span>
    </p>
   </div>
   <div class='ocr_carea' id='block_1_13' title="bbox 323 1185 1891 1257">
    <p class='ocr_par' dir='ltr' id='par_1_13' title="bbox 323 1185 1891 1257">
     <span class='ocr_line' id='line_1_13' title="bbox 323 1185 1891 1257; baseline 0.001 -17"><span class='ocrx_word' id='word_1_82' title='bbox 323 1185 369 1240; x_wconf 71' lang='lat' dir='ltr'><strong>si</strong></span> <span class='ocrx_word' id='word_1_83' title='bbox 391 1186 561 1242; x_wconf 81' lang='lat' dir='ltr'><strong>David</strong></span> <span class='ocrx_word' id='word_1_84' title='bbox 584 1189 828 1251; x_wconf 85' lang='lat' dir='ltr'><strong>mentiar,</strong></span> <span class='ocrx_word' id='word_1_85' title='bbox 857 1203 1028 1242; x_wconf 80' lang='lat' dir='ltr'><strong>semen</strong></span> <span class='ocrx_word' id='word_1_86' title='bbox 1065 1187 1178 1257; x_wconf 82' lang='lat' dir='ltr'><strong>ej‘us</strong></span> <span class='ocrx_word' id='word_1_87' title='bbox 1207 1188 1264 1242; x_wconf 88' lang='lat' dir='ltr'><strong>in</strong></span> <span class='ocrx_word' id='word_1_88' title='bbox 1297 1197 1548 1242; x_wconf 75' lang='lat' dir='ltr'><strong>wternum</strong></span> <span class='ocrx_word' id='word_1_89' title='bbox 1570 1187 1817 1252; x_wconf 86' lang='lat' dir='ltr'><strong>manebit,</strong></span> <span class='ocrx_word' id='word_1_90' title='bbox 1833 1198 1891 1242; x_wconf 81' lang='lat' dir='ltr'><strong>et’</strong></span> 
     </span>
    </p>
   </div>
   <div class='ocr_carea' id='block_1_14' title="bbox 322 1277 1884 1349">
    <p class='ocr_par' dir='ltr' id='par_1_14' title="bbox 322 1277 1884 1349">
     <span class='ocr_line' id='line_1_14' title="bbox 322 1277 1884 1349; baseline 0.003 -19"><span class='ocrx_word' id='word_1_91' title='bbox 322 1277 538 1332; x_wconf 77' lang='lat' dir='ltr'><strong>thronus</strong></span> <span class='ocrx_word' id='word_1_92' title='bbox 563 1278 675 1349; x_wconf 85' lang='lat' dir='ltr'><strong>ejus</strong></span> <span class='ocrx_word' id='word_1_93' title='bbox 703 1280 839 1333; x_wconf 86' lang='lat' dir='ltr'><strong>sicut</strong></span> <span class='ocrx_word' id='word_1_94' title='bbox 867 1279 946 1333; x_wconf 90' lang='lat' dir='ltr'><strong>sol</strong></span> <span class='ocrx_word' id='word_1_95' title='bbox 976 1280 1029 1334; x_wconf 90' lang='lat' dir='ltr'><strong>in</strong></span> <span class='ocrx_word' id='word_1_96' title='bbox 1062 1291 1334 1349; x_wconf 86' lang='lat' dir='ltr'><strong>conspectu</strong></span> <span class='ocrx_word' id='word_1_97' title='bbox 1365 1297 1498 1345; x_wconf 89' lang='lat' dir='ltr'><strong>meo,</strong></span> <span class='ocrx_word' id='word_1_98' title='bbox 1529 1291 1581 1333; x_wconf 84' lang='lat' dir='ltr'><strong>et</strong></span> <span class='ocrx_word' id='word_1_99' title='bbox 1601 1281 1734 1334; x_wconf 86' lang='lat' dir='ltr'><strong>sicut</strong></span> <span class='ocrx_word' id='word_1_100' title='bbox 1757 1280 1884 1335; x_wconf 88' lang='lat' dir='ltr'><strong>luna</strong></span> 
     </span>
    </p>
   </div>
   <div class='ocr_carea' id='block_1_15' title="bbox 318 1369 1884 1441">
    <p class='ocr_par' dir='ltr' id='par_1_15' title="bbox 318 1369 1884 1441">
     <span class='ocr_line' id='line_1_15' title="bbox 318 1369 1884 1441; baseline 0.003 -18"><span class='ocrx_word' id='word_1_101' title='bbox 318 1369 545 1438; x_wconf 77' lang='lat' dir='ltr'><strong>perfecta</strong></span> <span class='ocrx_word' id='word_1_102' title='bbox 585 1371 642 1423; x_wconf 89' lang='lat' dir='ltr'><strong>in</strong></span> <span class='ocrx_word' id='word_1_103' title='bbox 681 1380 933 1425; x_wconf 67' lang='lat' dir='ltr'><strong>aeternum</strong></span> <span class='ocrx_word' id='word_1_104' title='bbox 965 1386 984 1423; x_wconf 90' lang='lat'><strong><em>:</em></strong></span> <span class='ocrx_word' id='word_1_105' title='bbox 1014 1380 1063 1426; x_wconf 90' lang='lat' dir='ltr'><strong>et</strong></span> <span class='ocrx_word' id='word_1_106' title='bbox 1098 1373 1244 1426; x_wconf 86' lang='lat' dir='ltr'><strong>testis</strong></span> <span class='ocrx_word' id='word_1_107' title='bbox 1274 1373 1327 1426; x_wconf 89' lang='lat' dir='ltr'><strong>in</strong></span> <span class='ocrx_word' id='word_1_108' title='bbox 1357 1373 1483 1426; x_wconf 73' lang='lat' dir='ltr'><strong>cwlo</strong></span> <span class='ocrx_word' id='word_1_109' title='bbox 1524 1371 1717 1441; x_wconf 82' lang='lat' dir='ltr'><strong>ﬁdelis.</strong></span> <span class='ocrx_word' id='word_1_110' title='bbox 1750 1371 1884 1427; x_wconf 82' lang='lat' dir='ltr'><strong>Dia-</strong></span> 
     </span>
    </p>
   </div>
   <div class='ocr_carea' id='block_1_16' title="bbox 317 1460 1884 1532">
    <p class='ocr_par' dir='ltr' id='par_1_16' title="bbox 317 1460 1884 1532">
     <span class='ocr_line' id='line_1_16' title="bbox 317 1460 1884 1532; baseline 0.001 -16"><span class='ocrx_word' id='word_1_111' title='bbox 317 1462 545 1528; x_wconf 80' lang='lat' dir='ltr'><strong>psalma.</strong></span> <span class='ocrx_word' id='word_1_112' title='bbox 586 1460 848 1516; x_wconf 85' lang='lat' dir='ltr'><strong>Mendacii</strong></span> <span class='ocrx_word' id='word_1_113' title='bbox 876 1461 1094 1532; x_wconf 88' lang='lat' dir='ltr'><strong>quidem</strong></span> <span class='ocrx_word' id='word_1_114' title='bbox 1127 1477 1323 1532; x_wconf 80' lang='lat' dir='ltr'><strong>expers</strong></span> <span class='ocrx_word' id='word_1_115' title='bbox 1360 1462 1502 1518; x_wconf 89' lang='lat' dir='ltr'><strong>Deus</strong></span> <span class='ocrx_word' id='word_1_116' title='bbox 1533 1470 1637 1528; x_wconf 92' lang='lat' dir='ltr'><strong>est,</strong></span> <span class='ocrx_word' id='word_1_117' title='bbox 1669 1463 1884 1520; x_wconf 88' lang='lat' dir='ltr'><strong>etiamsi</strong></span> 
     </span>
    </p>
   </div>
   <div class='ocr_carea' id='block_1_17' title="bbox 323 1554 1892 1626">
    <p class='ocr_par' dir='ltr' id='par_1_17' title="bbox 323 1554 1892 1626">
     <span class='ocr_line' id='line_1_17' title="bbox 323 1554 1892 1626; baseline 0.002 -17"><span class='ocrx_word' id='word_1_118' title='bbox 323 1556 733 1625; x_wconf 79' lang='lat' dir='ltr'><strong>promissionem</strong></span> <span class='ocrx_word' id='word_1_119' title='bbox 781 1554 1091 1624; x_wconf 88' lang='lat' dir='ltr'><strong>iuramento</strong></span> <span class='ocrx_word' id='word_1_120' title='bbox 1150 1570 1258 1610; x_wconf 91' lang='lat' dir='ltr'><strong>non</strong></span> <span class='ocrx_word' id='word_1_121' title='bbox 1298 1557 1507 1610; x_wconf 89' lang='lat' dir='ltr'><strong>muniat</strong></span> <span class='ocrx_word' id='word_1_122' title='bbox 1541 1575 1552 1610; x_wconf 95' lang='lat'>:</span> <span class='ocrx_word' id='word_1_123' title='bbox 1586 1556 1713 1626; x_wconf 91' lang='lat' dir='ltr'><strong>quia</strong></span> <span class='ocrx_word' id='word_1_124' title='bbox 1754 1572 1892 1612; x_wconf 79' lang='lat' dir='ltr'><strong>vero</strong></span> 
     </span>
    </p>
   </div>
   <div class='ocr_carea' id='block_1_18' title="bbox 321 1646 1884 1717">
    <p class='ocr_par' dir='ltr' id='par_1_18' title="bbox 321 1646 1884 1717">
     <span class='ocr_line' id='line_1_18' title="bbox 321 1646 1884 1717; baseline 0.003 -19"><span class='ocrx_word' id='word_1_125' title='bbox 321 1647 566 1701; x_wconf 84' lang='lat' dir='ltr'><strong>homines</strong></span> <span class='ocrx_word' id='word_1_126' title='bbox 594 1646 896 1716; x_wconf 84' lang='lat' dir='ltr'><strong>alloquens,</strong></span> <span class='ocrx_word' id='word_1_127' title='bbox 927 1661 1064 1717; x_wconf 82' lang='lat' dir='ltr'><strong>Opus</strong></span> <span class='ocrx_word' id='word_1_128' title='bbox 1094 1657 1212 1702; x_wconf 85' lang='lat' dir='ltr'><strong>erat</strong></span> <span class='ocrx_word' id='word_1_129' title='bbox 1238 1655 1296 1702; x_wconf 91' lang='lat' dir='ltr'><strong>ut</strong></span> <span class='ocrx_word' id='word_1_130' title='bbox 1321 1647 1560 1702; x_wconf 88' lang='lat' dir='ltr'><strong>humano</strong></span> <span class='ocrx_word' id='word_1_131' title='bbox 1579 1649 1687 1703; x_wconf 90' lang='lat' dir='ltr'><strong>ritu</strong></span> <span class='ocrx_word' id='word_1_132' title='bbox 1708 1658 1884 1703; x_wconf 86' lang='lat' dir='ltr'><strong>utere-</strong></span> 
     </span>
    </p>
   </div>
   <div class='ocr_carea' id='block_1_19' title="bbox 321 1737 1885 1808">
    <p class='ocr_par' dir='ltr' id='par_1_19' title="bbox 321 1737 1885 1808">
     <span class='ocr_line' id='line_1_19' title="bbox 321 1737 1885 1808; baseline 0.003 -18"><span class='ocrx_word' id='word_1_133' title='bbox 321 1744 428 1801; x_wconf 90' lang='lat' dir='ltr'><strong>tur,</strong></span> <span class='ocrx_word' id='word_1_134' title='bbox 461 1737 761 1792; x_wconf 87' lang='lat' dir='ltr'><strong>secundum</strong></span> <span class='ocrx_word' id='word_1_135' title='bbox 815 1753 1018 1793; x_wconf 89' lang='lat' dir='ltr'><strong>morem</strong></span> <span class='ocrx_word' id='word_1_136' title='bbox 1071 1738 1351 1793; x_wconf 82' lang='lat' dir='ltr'><strong>hominum</strong></span> <span class='ocrx_word' id='word_1_137' title='bbox 1384 1739 1706 1808; x_wconf 87' lang='lat' dir='ltr'><strong>iurantium,</strong></span> <span class='ocrx_word' id='word_1_138' title='bbox 1731 1748 1785 1795; x_wconf 91' lang='lat' dir='ltr'><strong>et</strong></span> <span class='ocrx_word' id='word_1_139' title='bbox 1813 1740 1885 1794; x_wconf 90' lang='lat' dir='ltr'><strong>ad</strong></span> 
     </span>
    </p>
   </div>
   <div class='ocr_carea' id='block_1_20' title="bbox 319 1827 1886 1888">
    <p class='ocr_par' dir='ltr' id='par_1_20' title="bbox 319 1827 1886 1888">
     <span class='ocr_line' id='line_1_20' title="bbox 319 1827 1886 1888; baseline 0.003 -6"><span class='ocrx_word' id='word_1_140' title='bbox 319 1827 782 1884; x_wconf 72' lang='lat' dir='ltr'><strong>conﬁrmationem</strong></span> <span class='ocrx_word' id='word_1_141' title='bbox 832 1829 1127 1884; x_wconf 83' lang='lat' dir='ltr'><strong>verborum</strong></span> <span class='ocrx_word' id='word_1_142' title='bbox 1176 1831 1545 1886; x_wconf 89' lang='lat' dir='ltr'><strong>testimonium</strong></span> <span class='ocrx_word' id='word_1_143' title='bbox 1577 1831 1670 1886; x_wconf 85' lang='lat' dir='ltr'><strong>Dei</strong></span> <span class='ocrx_word' id='word_1_144' title='bbox 1726 1848 1886 1888; x_wconf 85' lang='lat' dir='ltr'><strong>usur-</strong></span> 
     </span>
    </p>
   </div>
   <div class='ocr_carea' id='block_1_21' title="bbox 319 1918 1883 1993">
    <p class='ocr_par' dir='ltr' id='par_1_21' title="bbox 319 1918 1883 1993">
     <span class='ocr_line' id='line_1_21' title="bbox 319 1918 1883 1993; baseline 0.006 -23"><span class='ocrx_word' id='word_1_145' title='bbox 319 1918 595 1986; x_wconf 51' lang='lat' dir='ltr'><strong>pontium,</strong></span> <span class='ocrx_word' id='word_1_146' title='bbox 650 1929 703 1974; x_wconf 92' lang='lat' dir='ltr'><strong>et</strong></span> <span class='ocrx_word' id='word_1_147' title='bbox 734 1919 849 1990; x_wconf 90' lang='lat' dir='ltr'><strong>ipse</strong></span> <span class='ocrx_word' id='word_1_148' title='bbox 881 1920 956 1974; x_wconf 87' lang='lat' dir='ltr'><strong>ait</strong></span> <span class='ocrx_word' id='word_1_149' title='bbox 999 1935 1058 1975; x_wconf 90' lang='lat' dir='ltr'><strong>se</strong></span> <span class='ocrx_word' id='word_1_150' title='bbox 1111 1921 1351 1990; x_wconf 86' lang='lat' dir='ltr'><strong>iurasse.</strong></span> <span class='ocrx_word' id='word_1_151' title='bbox 1385 1937 1486 1977; x_wconf 91' lang='lat' dir='ltr'><strong>nec</strong></span> <span class='ocrx_word' id='word_1_152' title='bbox 1521 1923 1883 1993; x_wconf 89' lang='lat' dir='ltr'><strong>peieraturum</strong></span> 
     </span>
    </p>
   </div>
   <div class='ocr_carea' id='block_1_22' title="bbox 318 2007 1888 2085">
    <p class='ocr_par' dir='ltr' id='par_1_22' title="bbox 318 2007 1888 2085">
     <span class='ocr_line' id='line_1_22' title="bbox 318 2007 1888 2085; baseline 0.003 -21"><span class='ocrx_word' id='word_1_153' title='bbox 318 2023 476 2073; x_wconf 86' lang='lat' dir='ltr'><strong>esse;</strong></span> <span class='ocrx_word' id='word_1_154' title='bbox 514 2007 580 2063; x_wconf 86' lang='lat' dir='ltr'><strong>Ut</strong></span> <span class='ocrx_word' id='word_1_155' title='bbox 619 2023 709 2077; x_wconf 84' lang='lat' dir='ltr'><strong>per</strong></span> <span class='ocrx_word' id='word_1_156' title='bbox 748 2010 882 2064; x_wconf 87' lang='lat' dir='ltr'><strong>duas</strong></span> <span class='ocrx_word' id='word_1_157' title='bbox 913 2027 994 2066; x_wconf 87' lang='lat' dir='ltr'><strong>res</strong></span> <span class='ocrx_word' id='word_1_158' title='bbox 1031 2012 1345 2076; x_wconf 72' lang='lat' dir='ltr'><strong>immobiles,</strong></span> <span class='ocrx_word' id='word_1_159' title='bbox 1377 2015 1452 2066; x_wconf 87' lang='lat' dir='ltr'><strong>ait</strong></span> <span class='ocrx_word' id='word_1_160' title='bbox 1483 2013 1698 2070; x_wconf 84' lang='lat' dir='ltr'><strong>divinus</strong></span> <span class='ocrx_word' id='word_1_161' title='bbox 1743 2014 1888 2085; x_wconf 85' lang='lat' dir='ltr'><strong>Apo-</strong></span> 
     </span>
    </p>
   </div>
   <div class='ocr_carea' id='block_1_23' title="bbox 321 2102 1888 2176">
    <p class='ocr_par' dir='ltr' id='par_1_23' title="bbox 321 2102 1888 2176">
     <span class='ocr_line' id='line_1_23' title="bbox 321 2102 1888 2176; baseline 0.003 -20"><span class='ocrx_word' id='word_1_162' title='bbox 321 2102 576 2167; x_wconf 73' lang='lat' dir='ltr'><strong>stolus“,</strong></span> <span class='ocrx_word' id='word_1_163' title='bbox 603 2103 790 2173; x_wconf 78' lang='lat' dir='ltr'><strong>quibus</strong></span> <span class='ocrx_word' id='word_1_164' title='bbox 821 2103 1142 2172; x_wconf 73' lang='lat' dir='ltr'><strong>impossibile</strong></span> <span class='ocrx_word' id='word_1_165' title='bbox 1168 2113 1245 2158; x_wconf 87' lang='lat' dir='ltr'><strong>est</strong></span> <span class='ocrx_word' id='word_1_166' title='bbox 1274 2105 1483 2158; x_wconf 86' lang='lat' dir='ltr'><strong>mentiri</strong></span> <span class='ocrx_word' id='word_1_167' title='bbox 1501 2104 1686 2171; x_wconf 84' lang='lat' dir='ltr'><strong>Deum,</strong></span> <span class='ocrx_word' id='word_1_168' title='bbox 1705 2107 1888 2176; x_wconf 76' lang='lat' dir='ltr'><strong>fortis-</strong></span> 
     </span>
    </p>
   </div>
   <div class='ocr_carea' id='block_1_24' title="bbox 320 2193 1888 2266">
    <p class='ocr_par' dir='ltr' id='par_1_24' title="bbox 320 2193 1888 2266">
     <span class='ocr_line' id='line_1_24' title="bbox 320 2193 1888 2266; baseline 0.004 -20"><span class='ocrx_word' id='word_1_169' title='bbox 320 2193 515 2246; x_wconf 82' lang='lat' dir='ltr'><strong>simum</strong></span> <span class='ocrx_word' id='word_1_170' title='bbox 569 2193 818 2246; x_wconf 74' lang='lat' dir='ltr'><strong>solatium</strong></span> <span class='ocrx_word' id='word_1_171' title='bbox 869 2193 1176 2249; x_wconf 73' lang='lat' dir='ltr'><strong>habeamus.</strong></span> <span class='ocrx_word' id='word_1_172' title='bbox 1207 2195 1327 2249; x_wconf 86' lang='lat' dir='ltr'><strong>Alia</strong></span> <span class='ocrx_word' id='word_1_173' title='bbox 1365 2211 1580 2266; x_wconf 83' lang='lat' dir='ltr'><strong>quoque</strong></span> <span class='ocrx_word' id='word_1_174' title='bbox 1613 2197 1774 2251; x_wconf 88' lang='lat' dir='ltr'><strong>allata</strong></span> <span class='ocrx_word' id='word_1_175' title='bbox 1804 2207 1888 2253; x_wconf 89' lang='lat' dir='ltr'><strong>est</strong></span> 
     </span>
    </p>
   </div>
   <div class='ocr_carea' id='block_1_25' title="bbox 321 2284 1889 2354">
    <p class='ocr_par' dir='ltr' id='par_1_25' title="bbox 321 2284 1889 2354">
     <span class='ocr_line' id='line_1_25' title="bbox 321 2284 1889 2354; baseline 0.003 -16"><span class='ocrx_word' id='word_1_176' title='bbox 321 2297 512 2346; x_wconf 83' lang='lat' dir='ltr'><strong>causa,</strong></span> <span class='ocrx_word' id='word_1_177' title='bbox 555 2299 655 2340; x_wconf 90' lang='lat' dir='ltr'><strong>cur</strong></span> <span class='ocrx_word' id='word_1_178' title='bbox 681 2285 900 2354; x_wconf 89' lang='lat' dir='ltr'><strong>iurasse</strong></span> <span class='ocrx_word' id='word_1_179' title='bbox 941 2284 1084 2340; x_wconf 90' lang='lat' dir='ltr'><strong>Deus</strong></span> <span class='ocrx_word' id='word_1_180' title='bbox 1117 2285 1357 2342; x_wconf 83' lang='lat' dir='ltr'><strong>feratur:</strong></span> <span class='ocrx_word' id='word_1_181' title='bbox 1397 2295 1458 2341; x_wconf 90' lang='lat' dir='ltr'><strong>ut</strong></span> <span class='ocrx_word' id='word_1_182' title='bbox 1502 2288 1754 2344; x_wconf 81' lang='lat' dir='ltr'><strong>videlicet</strong></span> <span class='ocrx_word' id='word_1_183' title='bbox 1782 2288 1889 2344; x_wconf 86' lang='lat' dir='ltr'><strong>Da-</strong></span> 
     </span>
    </p>
   </div>
   <div class='ocr_carea' id='block_1_26' title="bbox 319 2369 1878 2442">
    <p class='ocr_par' dir='ltr' id='par_1_26' title="bbox 319 2369 1878 2442">
     <span class='ocr_line' id='line_1_26' title="bbox 319 2369 1878 2442; baseline 0.006 -20"><span class='ocrx_word' id='word_1_184' title='bbox 319 2369 465 2425; x_wconf 86' lang='lat' dir='ltr'><strong>vidis</strong></span> <span class='ocrx_word' id='word_1_185' title='bbox 499 2371 848 2439; x_wconf 89' lang='lat' dir='ltr'><strong>promissioni</strong></span> <span class='ocrx_word' id='word_1_186' title='bbox 898 2387 1021 2426; x_wconf 90' lang='lat' dir='ltr'><strong>cum</strong></span> <span class='ocrx_word' id='word_1_187' title='bbox 1064 2374 1376 2442; x_wconf 87' lang='lat' dir='ltr'><strong>iuramento</strong></span> <span class='ocrx_word' id='word_1_188' title='bbox 1403 2375 1542 2430; x_wconf 65' lang='lat' dir='ltr'><strong>datae</strong></span> <span class='ocrx_word' id='word_1_189' title='bbox 1582 2376 1754 2433; x_wconf 87' lang='lat' dir='ltr'><strong>vicem</strong></span> <span class='ocrx_word' id='word_1_190' title='bbox 1798 2394 1878 2432; x_wconf 87' lang='lat' dir='ltr'><strong>re-</strong></span> 
     </span>
    </p>
   </div>
   <div class='ocr_carea' id='block_1_27' title="bbox 321 2458 1892 2537">
    <p class='ocr_par' dir='ltr' id='par_1_27' title="bbox 321 2458 1892 2537">
     <span class='ocr_line' id='line_1_27' title="bbox 321 2458 1892 2537; baseline 0.009 -28"><span class='ocrx_word' id='word_1_191' title='bbox 321 2458 597 2526; x_wconf 77' lang='lat' dir='ltr'><strong>penderet.</strong></span> <span class='ocrx_word' id='word_1_192' title='bbox 615 2458 641 2513; x_wconf 77' lang='grc' dir='ltr'>,ἰ</span> <span class='ocrx_word' id='word_1_193' title='bbox 649 2467 768 2514; x_wconf 90' lang='lat' dir='ltr'><strong>urat</strong></span> <span class='ocrx_word' id='word_1_194' title='bbox 786 2475 948 2529; x_wconf 88' lang='lat' dir='ltr'><strong>porro</strong></span> <span class='ocrx_word' id='word_1_195' title='bbox 961 2460 1104 2518; x_wconf 88' lang='lat' dir='ltr'><strong>Deus</strong></span> <span class='ocrx_word' id='word_1_196' title='bbox 1120 2478 1214 2532; x_wconf 91' lang='lat' dir='ltr'><strong>per</strong></span> <span class='ocrx_word' id='word_1_197' title='bbox 1230 2460 1488 2519; x_wconf 91' lang='lat' dir='ltr'><strong>Sanctum</strong></span> <span class='ocrx_word' id='word_1_198' title='bbox 1513 2481 1690 2532; x_wconf 88' lang='lat' dir='ltr'><strong>suum,</strong></span> <span class='ocrx_word' id='word_1_199' title='bbox 1707 2482 1892 2537; x_wconf 82' lang='lat' dir='ltr'><strong>quem-</strong></span> 
     </span>
    </p>
   </div>
   <div class='ocr_carea' id='block_1_28' title="bbox 320 2549 1890 2629">
    <p class='ocr_par' dir='ltr' id='par_1_28' title="bbox 320 2549 1890 2629">
     <span class='ocr_line' id='line_1_28' title="bbox 320 2549 1890 2629; baseline 0.008 -28"><span class='ocrx_word' id='word_1_200' title='bbox 320 2549 609 2604; x_wconf 84' lang='lat' dir='ltr'><strong>admodum</strong></span> <span class='ocrx_word' id='word_1_201' title='bbox 653 2559 806 2621; x_wconf 89' lang='lat' dir='ltr'><strong>pater</strong></span> <span class='ocrx_word' id='word_1_202' title='bbox 837 2554 986 2622; x_wconf 88' lang='lat' dir='ltr'><strong>iurat</strong></span> <span class='ocrx_word' id='word_1_203' title='bbox 1036 2570 1134 2624; x_wconf 89' lang='lat' dir='ltr'><strong>per</strong></span> <span class='ocrx_word' id='word_1_204' title='bbox 1183 2557 1411 2613; x_wconf 87' lang='lat' dir='ltr'><strong>salutem</strong></span> <span class='ocrx_word' id='word_1_205' title='bbox 1459 2558 1679 2629; x_wconf 78' lang='lat' dir='ltr'><strong>legitimi</strong></span> <span class='ocrx_word' id='word_1_206' title='bbox 1717 2574 1781 2614; x_wconf 89' lang='lat' dir='ltr'><strong>ac</strong></span> <span class='ocrx_word' id='word_1_207' title='bbox 1805 2559 1890 2614; x_wconf 84' lang='lat' dir='ltr'><strong>di-</strong></span> 
     </span>
    </p>
   </div>
   <div class='ocr_carea' id='block_1_29' title="bbox 322 2640 1887 2722">
    <p class='ocr_par' dir='ltr' id='par_1_29' title="bbox 322 2640 1887 2722">
     <span class='ocr_line' id='line_1_29' title="bbox 322 2640 1887 2722; baseline 0.009 -30"><span class='ocrx_word' id='word_1_208' title='bbox 322 2640 447 2695; x_wconf 90' lang='lat' dir='ltr'><strong>lecti</strong></span> <span class='ocrx_word' id='word_1_209' title='bbox 477 2641 567 2696; x_wconf 79' lang='lat' dir='ltr'><strong>illii</strong></span> <span class='ocrx_word' id='word_1_210' title='bbox 593 2645 675 2698; x_wconf 85' lang='lat' dir='ltr'><strong>sui</strong></span> <span class='ocrx_word' id='word_1_211' title='bbox 716 2662 728 2697; x_wconf 91' lang='lat'><strong>:</strong></span> <span class='ocrx_word' id='word_1_212' title='bbox 761 2646 950 2701; x_wconf 90' lang='lat' dir='ltr'><strong>eodem</strong></span> <span class='ocrx_word' id='word_1_213' title='bbox 973 2685 987 2709; x_wconf 93' lang='lat'><strong>,</strong></span> <span class='ocrx_word' id='word_1_214' title='bbox 1014 2646 1208 2716; x_wconf 89' lang='lat' dir='ltr'><strong>inquit,</strong></span> <span class='ocrx_word' id='word_1_215' title='bbox 1238 2649 1399 2704; x_wconf 92' lang='lat' dir='ltr'><strong>modo</strong></span> <span class='ocrx_word' id='word_1_216' title='bbox 1427 2657 1480 2704; x_wconf 91' lang='lat' dir='ltr'><strong>et</strong></span> <span class='ocrx_word' id='word_1_217' title='bbox 1506 2666 1606 2722; x_wconf 79' lang='lat' dir='ltr'><strong>ego</strong></span> <span class='ocrx_word' id='word_1_218' title='bbox 1620 2651 1801 2720; x_wconf 85' lang='lat' dir='ltr'><strong>juravi</strong></span> <span class='ocrx_word' id='word_1_219' title='bbox 1834 2653 1887 2706; x_wconf 85' lang='lat' dir='ltr'><strong>in</strong></span> 
     </span>
    </p>
   </div>
   <div class='ocr_carea' id='block_1_30' title="bbox 321 2733 1889 2806">
    <p class='ocr_par' dir='ltr' id='par_1_30' title="bbox 321 2733 1889 2806">
     <span class='ocr_line' id='line_1_30' title="bbox 321 2733 1889 2806; baseline 0.006 -21"><span class='ocrx_word' id='word_1_220' title='bbox 321 2733 517 2787; x_wconf 80' lang='lat' dir='ltr'><strong>Sancto</strong></span> <span class='ocrx_word' id='word_1_221' title='bbox 558 2750 691 2794; x_wconf 73' lang='lat' dir='ltr'><strong>meo.</strong></span> <span class='ocrx_word' id='word_1_222' title='bbox 729 2735 780 2790; x_wconf 93' lang='lat' dir='ltr'><strong>id</strong></span> <span class='ocrx_word' id='word_1_223' title='bbox 818 2743 924 2802; x_wconf 89' lang='lat' dir='ltr'><strong>est,</strong></span> <span class='ocrx_word' id='word_1_224' title='bbox 957 2752 1052 2806; x_wconf 89' lang='lat' dir='ltr'><strong>per</strong></span> <span class='ocrx_word' id='word_1_225' title='bbox 1087 2737 1346 2792; x_wconf 87' lang='lat' dir='ltr'><strong>Sanctum</strong></span> <span class='ocrx_word' id='word_1_226' title='bbox 1375 2755 1574 2804; x_wconf 90' lang='lat' dir='ltr'><strong>meum,</strong></span> <span class='ocrx_word' id='word_1_227' title='bbox 1625 2743 1671 2795; x_wconf 82' lang='lat' dir='ltr'><strong>si</strong></span> <span class='ocrx_word' id='word_1_228' title='bbox 1721 2742 1889 2796; x_wconf 87' lang='lat' dir='ltr'><strong>David</strong></span> 
     </span>
    </p>
   </div>
   <div class='ocr_carea' id='block_1_31' title="bbox 321 2821 1888 2896">
    <p class='ocr_par' dir='ltr' id='par_1_31' title="bbox 321 2821 1888 2896">
     <span class='ocr_line' id='line_1_31' title="bbox 321 2821 1888 2896; baseline 0.007 -25"><span class='ocrx_word' id='word_1_229' title='bbox 321 2821 565 2876; x_wconf 87' lang='lat' dir='ltr'><strong>mentiar.</strong></span> <span class='ocrx_word' id='word_1_230' title='bbox 612 2822 751 2889; x_wconf 73' lang='lat' dir='ltr'><strong>Quid</strong></span> <span class='ocrx_word' id='word_1_231' title='bbox 799 2832 978 2880; x_wconf 89' lang='lat' dir='ltr'><strong>autem</strong></span> <span class='ocrx_word' id='word_1_232' title='bbox 1019 2828 1261 2882; x_wconf 88' lang='lat' dir='ltr'><strong>continet</strong></span> <span class='ocrx_word' id='word_1_233' title='bbox 1312 2827 1688 2896; x_wconf 88' lang='lat' dir='ltr'><strong>iuramentum</strong></span> <span class='ocrx_word' id='word_1_234' title='bbox 1717 2830 1888 2884; x_wconf 89' lang='lat' dir='ltr'><strong>illud?</strong></span> 
     </span>
    </p>
   </div>
   <div class='ocr_carea' id='block_1_32' title="bbox 319 2909 1891 2990">
    <p class='ocr_par' dir='ltr' id='par_1_32' title="bbox 319 2909 1891 2990">
     <span class='ocr_line' id='line_1_32' title="bbox 319 2909 1891 2990; baseline 0.006 -25"><span class='ocrx_word' id='word_1_235' title='bbox 319 2909 506 2966; x_wconf 80' lang='lat' dir='ltr'><strong>Semen</strong></span> <span class='ocrx_word' id='word_1_236' title='bbox 552 2914 687 2982; x_wconf 89' lang='lat' dir='ltr'><strong>ejus,</strong></span> <span class='ocrx_word' id='word_1_237' title='bbox 720 2915 913 2985; x_wconf 86' lang='lat' dir='ltr'><strong>inquit,</strong></span> <span class='ocrx_word' id='word_1_238' title='bbox 943 2917 999 2969; x_wconf 85' lang='lat' dir='ltr'><strong>in</strong></span> <span class='ocrx_word' id='word_1_239' title='bbox 1049 2926 1302 2970; x_wconf 68' lang='lat' dir='ltr'><strong>aeternum</strong></span> <span class='ocrx_word' id='word_1_240' title='bbox 1344 2921 1594 2974; x_wconf 88' lang='lat' dir='ltr'><strong>manebit.</strong></span> <span class='ocrx_word' id='word_1_241' title='bbox 1629 2919 1743 2975; x_wconf 81' lang='lat' dir='ltr'><strong>Hoc</strong></span> <span class='ocrx_word' id='word_1_242' title='bbox 1781 2922 1891 2990; x_wconf 92' lang='lat' dir='ltr'><strong>pri-</strong></span> 
     </span>
    </p>
   </div>
   <div class='ocr_carea' id='block_1_33' title="bbox 321 3008 1890 3079">
    <p class='ocr_par' dir='ltr' id='par_1_33' title="bbox 321 3008 1890 3079">
     <span class='ocr_line' id='line_1_33' title="bbox 321 3008 1890 3079; baseline 0.007 -22"><span class='ocrx_word' id='word_1_243' title='bbox 321 3019 469 3058; x_wconf 92' lang='lat' dir='ltr'><strong>mum</strong></span> <span class='ocrx_word' id='word_1_244' title='bbox 515 3013 620 3069; x_wconf 92' lang='lat' dir='ltr'><strong>est,</strong></span> <span class='ocrx_word' id='word_1_245' title='bbox 659 3014 714 3060; x_wconf 92' lang='lat' dir='ltr'><strong>et</strong></span> <span class='ocrx_word' id='word_1_246' title='bbox 771 3008 883 3062; x_wconf 66' lang='lat' dir='ltr'><strong>haec</strong></span> <span class='ocrx_word' id='word_1_247' title='bbox 923 3008 1094 3077; x_wconf 89' lang='lat' dir='ltr'><strong>prima</strong></span> <span class='ocrx_word' id='word_1_248' title='bbox 1134 3010 1422 3078; x_wconf 85' lang='lat' dir='ltr'><strong>promissio</strong></span> <span class='ocrx_word' id='word_1_249' title='bbox 1460 3009 1525 3064; x_wconf 89' lang='lat' dir='ltr'><strong>de</strong></span> <span class='ocrx_word' id='word_1_250' title='bbox 1561 3012 1796 3079; x_wconf 89' lang='lat' dir='ltr'><strong>semine;</strong></span> <span class='ocrx_word' id='word_1_251' title='bbox 1823 3013 1890 3068; x_wconf 86' lang='lat' dir='ltr'><strong>de</strong></span> 
     </span>
    </p>
   </div>
   <div class='ocr_carea' id='block_1_34' title="bbox 319 3099 1888 3170">
    <p class='ocr_par' dir='ltr' id='par_1_34' title="bbox 319 3099 1888 3170">
     <span class='ocr_line' id='line_1_34' title="bbox 319 3099 1888 3170; baseline 0.007 -21"><span class='ocrx_word' id='word_1_252' title='bbox 319 3112 430 3166; x_wconf 82' lang='lat' dir='ltr'><strong>quo</strong></span> <span class='ocrx_word' id='word_1_253' title='bbox 463 3099 716 3167; x_wconf 87' lang='lat' dir='ltr'><strong>superius</strong></span> <span class='ocrx_word' id='word_1_254' title='bbox 745 3099 1048 3163; x_wconf 87' lang='lat' dir='ltr'><strong>dicebatur,</strong></span> <span class='ocrx_word' id='word_1_255' title='bbox 1086 3100 1155 3153; x_wconf 87' lang='lat' dir='ltr'><strong>Et</strong></span> <span class='ocrx_word' id='word_1_256' title='bbox 1183 3118 1378 3170; x_wconf 86' lang='lat' dir='ltr'><strong>ponam</strong></span> <span class='ocrx_word' id='word_1_257' title='bbox 1417 3105 1471 3157; x_wconf 91' lang='lat' dir='ltr'><strong>in</strong></span> <span class='ocrx_word' id='word_1_258' title='bbox 1502 3105 1752 3158; x_wconf 77' lang='lat' dir='ltr'><strong>swculum</strong></span> <span class='ocrx_word' id='word_1_259' title='bbox 1788 3123 1888 3160; x_wconf 71' lang='lat' dir='ltr'><strong>sa:-</strong></span> 
     </span>
    </p>
   </div>
   <div class='ocr_carea' id='block_1_35' title="bbox 322 3191 1889 3260">
    <p class='ocr_par' dir='ltr' id='par_1_35' title="bbox 322 3191 1889 3260">
     <span class='ocr_line' id='line_1_35' title="bbox 322 3191 1889 3260; baseline 0.006 -18"><span class='ocrx_word' id='word_1_260' title='bbox 322 3191 429 3242; x_wconf 81' lang='lat' dir='ltr'><strong>euli</strong></span> <span class='ocrx_word' id='word_1_261' title='bbox 455 3207 628 3245; x_wconf 80' lang='lat' dir='ltr'><strong>semen</strong></span> <span class='ocrx_word' id='word_1_262' title='bbox 669 3191 813 3260; x_wconf 84' lang='lat' dir='ltr'><strong>ejus;</strong></span> <span class='ocrx_word' id='word_1_263' title='bbox 849 3193 1124 3248; x_wconf 84' lang='lat' dir='ltr'><strong>indicabat</strong></span> <span class='ocrx_word' id='word_1_264' title='bbox 1154 3210 1283 3250; x_wconf 87' lang='lat' dir='ltr'><strong>vero</strong></span> <span class='ocrx_word' id='word_1_265' title='bbox 1333 3196 1540 3252; x_wconf 90' lang='lat' dir='ltr'><strong>Christi</strong></span> <span class='ocrx_word' id='word_1_266' title='bbox 1580 3199 1889 3252; x_wconf 84' lang='lat' dir='ltr'><strong>successio-</strong></span> 
     </span>
    </p>
   </div>
   <div class='ocr_carea' id='block_1_36' title="bbox 322 3283 1890 3356">
    <p class='ocr_par' dir='ltr' id='par_1_36' title="bbox 322 3283 1890 3356">
     <span class='ocr_line' id='line_1_36' title="bbox 322 3283 1890 3356; baseline 0.006 -22"><span class='ocrx_word' id='word_1_267' title='bbox 322 3299 464 3335; x_wconf 88' lang='lat' dir='ltr'><strong>nem.</strong></span> <span class='ocrx_word' id='word_1_268' title='bbox 485 3283 734 3339; x_wconf 87' lang='lat' dir='ltr'><strong>Sccunda</strong></span> <span class='ocrx_word' id='word_1_269' title='bbox 765 3293 952 3339; x_wconf 89' lang='lat' dir='ltr'><strong>autem</strong></span> <span class='ocrx_word' id='word_1_270' title='bbox 967 3287 1260 3356; x_wconf 89' lang='lat' dir='ltr'><strong>promissio</strong></span> <span class='ocrx_word' id='word_1_271' title='bbox 1283 3288 1349 3343; x_wconf 92' lang='lat' dir='ltr'><strong>de</strong></span> <span class='ocrx_word' id='word_1_272' title='bbox 1373 3297 1671 3344; x_wconf 88' lang='lat' dir='ltr'><strong>memorato</strong></span> <span class='ocrx_word' id='word_1_273' title='bbox 1695 3290 1890 3344; x_wconf 89' lang='lat' dir='ltr'><strong>throno</strong></span> 
     </span>
    </p>
   </div>
   <div class='ocr_carea' id='block_1_37' title="bbox 319 3376 1891 3449">
    <p class='ocr_par' dir='ltr' id='par_1_37' title="bbox 319 3376 1891 3449">
     <span class='ocr_line' id='line_1_37' title="bbox 319 3376 1891 3449; baseline 0.006 -23"><span class='ocrx_word' id='word_1_274' title='bbox 319 3383 437 3441; x_wconf 74' lang='lat' dir='ltr'><strong>est;</strong></span> <span class='ocrx_word' id='word_1_275' title='bbox 474 3390 641 3444; x_wconf 85' lang='lat' dir='ltr'><strong>quare</strong></span> <span class='ocrx_word' id='word_1_276' title='bbox 685 3376 857 3430; x_wconf 90' lang='lat' dir='ltr'><strong>dicit:</strong></span> <span class='ocrx_word' id='word_1_277' title='bbox 885 3376 952 3431; x_wconf 85' lang='lat' dir='ltr'><strong>Et</strong></span> <span class='ocrx_word' id='word_1_278' title='bbox 987 3377 1204 3434; x_wconf 84' lang='lat' dir='ltr'><strong>thronus</strong></span> <span class='ocrx_word' id='word_1_279' title='bbox 1242 3381 1356 3449; x_wconf 79' lang='lat' dir='ltr'><strong>ejus</strong></span> <span class='ocrx_word' id='word_1_280' title='bbox 1391 3381 1526 3435; x_wconf 81' lang='lat' dir='ltr'><strong>sicut</strong></span> <span class='ocrx_word' id='word_1_281' title='bbox 1556 3383 1639 3436; x_wconf 87' lang='lat' dir='ltr'><strong>sol</strong></span> <span class='ocrx_word' id='word_1_282' title='bbox 1680 3383 1736 3435; x_wconf 87' lang='lat' dir='ltr'><strong>in</strong></span> <span class='ocrx_word' id='word_1_283' title='bbox 1765 3399 1891 3436; x_wconf 83' lang='lat' dir='ltr'><strong>eon-</strong></span> 
     </span>
    </p>
   </div>
   <div class='ocr_carea' id='block_1_38' title="bbox 319 3471 1889 3541">
    <p class='ocr_par' dir='ltr' id='par_1_38' title="bbox 319 3471 1889 3541">
     <span class='ocr_line' id='line_1_38' title="bbox 319 3471 1889 3541; baseline 0.01 -26"><span class='ocrx_word' id='word_1_284' title='bbox 319 3474 499 3532; x_wconf 76' lang='lat' dir='ltr'><strong>speetu</strong></span> <span class='ocrx_word' id='word_1_285' title='bbox 542 3483 674 3532; x_wconf 85' lang='lat' dir='ltr'><strong>meo,</strong></span> <span class='ocrx_word' id='word_1_286' title='bbox 705 3476 754 3522; x_wconf 87' lang='lat' dir='ltr'><strong>et</strong></span> <span class='ocrx_word' id='word_1_287' title='bbox 796 3471 932 3524; x_wconf 84' lang='lat' dir='ltr'><strong>sicut</strong></span> <span class='ocrx_word' id='word_1_288' title='bbox 971 3471 1097 3525; x_wconf 85' lang='lat' dir='ltr'><strong>luna</strong></span> <span class='ocrx_word' id='word_1_289' title='bbox 1129 3472 1358 3541; x_wconf 80' lang='lat' dir='ltr'><strong>perfecta</strong></span> <span class='ocrx_word' id='word_1_290' title='bbox 1382 3473 1434 3527; x_wconf 84' lang='lat' dir='ltr'><strong>in</strong></span> <span class='ocrx_word' id='word_1_291' title='bbox 1475 3483 1749 3529; x_wconf 70' lang='lat' dir='ltr'><strong>(uernum.</strong></span> <span class='ocrx_word' id='word_1_292' title='bbox 1789 3473 1889 3530; x_wconf 85' lang='lat' dir='ltr'><strong>Se-</strong></span> 
     </span>
    </p>
   </div>
   <div class='ocr_carea' id='block_1_39' title="bbox 323 3557 1892 3629">
    <p class='ocr_par' dir='ltr' id='par_1_39' title="bbox 323 3557 1892 3629">
     <span class='ocr_line' id='line_1_39' title="bbox 323 3557 1892 3629; baseline 0.006 -19"><span class='ocrx_word' id='word_1_293' title='bbox 323 3572 447 3611; x_wconf 88' lang='lat' dir='ltr'><strong>men</strong></span> <span class='ocrx_word' id='word_1_294' title='bbox 497 3557 699 3629; x_wconf 88' lang='lat' dir='ltr'><strong>itaque,</strong></span> <span class='ocrx_word' id='word_1_295' title='bbox 737 3561 790 3615; x_wconf 89' lang='lat' dir='ltr'><strong>id</strong></span> <span class='ocrx_word' id='word_1_296' title='bbox 839 3570 941 3628; x_wconf 86' lang='lat' dir='ltr'><strong>est,</strong></span> <span class='ocrx_word' id='word_1_297' title='bbox 972 3563 1386 3618; x_wconf 80' lang='lat' dir='ltr'><strong>disseminatum</strong></span> <span class='ocrx_word' id='word_1_298' title='bbox 1436 3564 1639 3626; x_wconf 87' lang='lat' dir='ltr'><strong>Christi</strong></span> <span class='ocrx_word' id='word_1_299' title='bbox 1683 3582 1892 3621; x_wconf 85' lang='lat' dir='ltr'><strong>sermo-</strong></span> 
     </span>
    </p>
   </div>
   <div class='ocr_carea' id='block_1_40' title="bbox 321 3645 1888 3722">
    <p class='ocr_par' dir='ltr' id='par_1_40' title="bbox 321 3645 1888 3722">
     <span class='ocr_line' id='line_1_40' title="bbox 321 3645 1888 3722; baseline 0.008 -30"><span class='ocrx_word' id='word_1_300' title='bbox 321 3657 468 3706; x_wconf 88' lang='lat' dir='ltr'><strong>nem,</strong></span> <span class='ocrx_word' id='word_1_301' title='bbox 517 3645 630 3699; x_wconf 86' lang='lat' dir='ltr'><strong>sive</strong></span> <span class='ocrx_word' id='word_1_302' title='bbox 661 3646 920 3715; x_wconf 87' lang='lat' dir='ltr'><strong>populum</strong></span> <span class='ocrx_word' id='word_1_303' title='bbox 971 3656 1024 3703; x_wconf 91' lang='lat' dir='ltr'><strong>et</strong></span> <span class='ocrx_word' id='word_1_304' title='bbox 1079 3647 1376 3704; x_wconf 88' lang='lat' dir='ltr'><strong>Ecclesiam</strong></span> <span class='ocrx_word' id='word_1_305' title='bbox 1425 3651 1566 3722; x_wconf 77' lang='lat' dir='ltr'><strong>eius,</strong></span> <span class='ocrx_word' id='word_1_306' title='bbox 1611 3665 1888 3721; x_wconf 87' lang='lat' dir='ltr'><strong>nunquam</strong></span> 
     </span>
    </p>
   </div>
   <div class='ocr_carea' id='block_1_41' title="bbox 321 3730 1899 3807">
    <p class='ocr_par' dir='ltr' id='par_1_41' title="bbox 321 3730 1899 3807">
     <span class='ocr_line' id='line_1_41' title="bbox 321 3730 1899 3807; baseline 0.01 -25"><span class='ocrx_word' id='word_1_307' title='bbox 321 3730 621 3800; x_wconf 86' lang='lat' dir='ltr'><strong>periturum</strong></span> <span class='ocrx_word' id='word_1_308' title='bbox 675 3749 796 3789; x_wconf 90' lang='lat' dir='ltr'><strong>esse</strong></span> <span class='ocrx_word' id='word_1_309' title='bbox 847 3737 941 3798; x_wconf 85' lang='lat' dir='ltr'><strong>ait,</strong></span> <span class='ocrx_word' id='word_1_310' title='bbox 987 3751 1161 3807; x_wconf 86' lang='lat' dir='ltr'><strong>neque</strong></span> <span class='ocrx_word' id='word_1_311' title='bbox 1201 3738 1581 3807; x_wconf 77' lang='lat' dir='ltr'><strong>deiecturum;</strong></span> <span class='ocrx_word' id='word_1_312' title='bbox 1629 3741 1899 3798; x_wconf 81' lang='lat' dir='ltr'><strong>thronum</strong></span> 
     </span>
    </p>
   </div>
   <div class='ocr_carea' id='block_1_42' title="bbox 321 3824 1867 3900">
    <p class='ocr_par' dir='ltr' id='par_1_42' title="bbox 321 3824 1867 3900">
     <span class='ocr_line' id='line_1_42' title="bbox 321 3824 1867 3900; baseline 0.008 -25"><span class='ocrx_word' id='word_1_313' title='bbox 321 3830 504 3877; x_wconf 80' lang='lat' dir='ltr'><strong>autem</strong></span> <span class='ocrx_word' id='word_1_314' title='bbox 527 3824 647 3893; x_wconf 89' lang='lat' dir='ltr'><strong>eius</strong></span> <span class='ocrx_word' id='word_1_315' title='bbox 677 3840 1091 3895; x_wconf 88' lang='lat' dir='ltr'><strong>permansurum</strong></span> <span class='ocrx_word' id='word_1_316' title='bbox 1123 3830 1177 3884; x_wconf 90' lang='lat' dir='ltr'><strong>in</strong></span> <span class='ocrx_word' id='word_1_317' title='bbox 1213 3831 1513 3900; x_wconf 65' lang='lat' dir='ltr'><strong>saeculum;</strong></span> <span class='ocrx_word' id='word_1_318' title='bbox 1537 3833 1652 3888; x_wconf 84' lang='lat' dir='ltr'><strong>sive</strong></span> <span class='ocrx_word' id='word_1_319' title='bbox 1690 3849 1867 3889; x_wconf 79' lang='lat' dir='ltr'><strong>securi</strong></span> 
     </span>
    </p>
   </div>
   <div class='ocr_carea' id='block_1_43' title="bbox 321 3913 1900 3992">
    <p class='ocr_par' dir='ltr' id='par_1_43' title="bbox 321 3913 1900 3992">
     <span class='ocr_line' id='line_1_43' title="bbox 321 3913 1900 3992; baseline 0.008 -27"><span class='ocrx_word' id='word_1_320' title='bbox 321 3913 447 3966; x_wconf 85' lang='lat' dir='ltr'><strong>dum</strong></span> <span class='ocrx_word' id='word_1_321' title='bbox 485 3913 890 3986; x_wconf 87' lang='lat' dir='ltr'><strong>Symmachum,</strong></span> <span class='ocrx_word' id='word_1_322' title='bbox 947 3919 1096 3974; x_wconf 86' lang='lat' dir='ltr'><strong>Sicut</strong></span> <span class='ocrx_word' id='word_1_323' title='bbox 1146 3921 1273 3974; x_wconf 77' lang='lat' dir='ltr'><strong>luna</strong></span> <span class='ocrx_word' id='word_1_324' title='bbox 1330 3923 1488 3992; x_wconf 77' lang='lat' dir='ltr'><strong>ﬁrma</strong></span> <span class='ocrx_word' id='word_1_325' title='bbox 1529 3925 1584 3978; x_wconf 80' lang='lat' dir='ltr'><strong>in</strong></span> <span class='ocrx_word' id='word_1_326' title='bbox 1638 3935 1900 3980; x_wconf 68' lang='lat' dir='ltr'><strong>(sternum-</strong></span> 
     </span>
    </p>
   </div>
   <div class='ocr_carea' id='block_1_44' title="bbox 322 4006 1888 4087">
    <p class='ocr_par' dir='ltr' id='par_1_44' title="bbox 322 4006 1888 4087">
     <span class='ocr_line' id='line_1_44' title="bbox 322 4006 1888 4087; baseline 0.01 -29"><span class='ocrx_word' id='word_1_327' title='bbox 322 4006 548 4059; x_wconf 86' lang='lat' dir='ltr'><strong>manebit</strong></span> <span class='ocrx_word' id='word_1_328' title='bbox 587 4023 608 4072; x_wconf 86' lang='lat'><strong><em>;</em></strong></span> <span class='ocrx_word' id='word_1_329' title='bbox 649 4009 727 4063; x_wconf 88' lang='lat' dir='ltr'><strong>sic</strong></span> <span class='ocrx_word' id='word_1_330' title='bbox 774 4010 880 4065; x_wconf 90' lang='lat' dir='ltr'><strong>erit</strong></span> <span class='ocrx_word' id='word_1_331' title='bbox 926 4013 1334 4070; x_wconf 88' lang='lat' dir='ltr'><strong>ecclesiasticus</strong></span> <span class='ocrx_word' id='word_1_332' title='bbox 1382 4015 1585 4087; x_wconf 83' lang='lat' dir='ltr'><strong>Christi</strong></span> <span class='ocrx_word' id='word_1_333' title='bbox 1635 4017 1888 4074; x_wconf 89' lang='lat' dir='ltr'><strong>thronus.</strong></span> 
     </span>
    </p>
   </div>
   <div class='ocr_carea' id='block_1_45' title="bbox 325 4094 1899 4175">
    <p class='ocr_par' dir='ltr' id='par_1_45' title="bbox 325 4094 1899 4175">
     <span class='ocr_line' id='line_1_45' title="bbox 325 4094 1899 4175; baseline 0.011 -28"><span class='ocrx_word' id='word_1_334' title='bbox 325 4094 464 4149; x_wconf 87' lang='lat' dir='ltr'><strong>Num</strong></span> <span class='ocrx_word' id='word_1_335' title='bbox 483 4096 620 4153; x_wconf 81' lang='lat' dir='ltr'><strong>forte</strong></span> <span class='ocrx_word' id='word_1_336' title='bbox 643 4114 766 4153; x_wconf 90' lang='lat' dir='ltr'><strong>cum</strong></span> <span class='ocrx_word' id='word_1_337' title='bbox 792 4102 943 4170; x_wconf 89' lang='lat' dir='ltr'><strong>prius</strong></span> <span class='ocrx_word' id='word_1_338' title='bbox 965 4101 1180 4170; x_wconf 82' lang='lat' dir='ltr'><strong>dixerit,</strong></span> <span class='ocrx_word' id='word_1_339' title='bbox 1208 4103 1379 4159; x_wconf 88' lang='lat' dir='ltr'><strong>Semel</strong></span> <span class='ocrx_word' id='word_1_340' title='bbox 1405 4106 1589 4175; x_wconf 78' lang='lat' dir='ltr'><strong>juravi</strong></span> <span class='ocrx_word' id='word_1_341' title='bbox 1617 4109 1669 4161; x_wconf 78' lang='lat' dir='ltr'><strong>in</strong></span> <span class='ocrx_word' id='word_1_342' title='bbox 1695 4107 1899 4165; x_wconf 82' lang='lat' dir='ltr'><strong>Sancto-</strong></span> 
     </span>
    </p>
   </div>
   <div class='ocr_carea' id='block_1_46' title="bbox 322 4190 1889 4269">
    <p class='ocr_par' dir='ltr' id='par_1_46' title="bbox 322 4190 1889 4269">
     <span class='ocr_line' id='line_1_46' title="bbox 322 4190 1889 4269; baseline 0.011 -31"><span class='ocrx_word' id='word_1_343' title='bbox 322 4203 456 4252; x_wconf 71' lang='lat' dir='ltr'><strong>meo,</strong></span> <span class='ocrx_word' id='word_1_344' title='bbox 485 4195 540 4243; x_wconf 89' lang='lat' dir='ltr'><strong>et</strong></span> <span class='ocrx_word' id='word_1_345' title='bbox 571 4190 891 4256; x_wconf 86' lang='lat' dir='ltr'><strong>subdiderit,</strong></span> <span class='ocrx_word' id='word_1_346' title='bbox 926 4193 1112 4247; x_wconf 89' lang='lat' dir='ltr'><strong>Semen</strong></span> <span class='ocrx_word' id='word_1_347' title='bbox 1133 4195 1244 4263; x_wconf 81' lang='lat' dir='ltr'><strong>eius</strong></span> <span class='ocrx_word' id='word_1_348' title='bbox 1269 4197 1324 4249; x_wconf 89' lang='lat' dir='ltr'><strong>in</strong></span> <span class='ocrx_word' id='word_1_349' title='bbox 1354 4208 1607 4252; x_wconf 61' lang='lat' dir='ltr'><strong>internum</strong></span> <span class='ocrx_word' id='word_1_350' title='bbox 1638 4201 1889 4269; x_wconf 87' lang='lat' dir='ltr'><strong>manebit,</strong></span> 
     </span>
    </p>
   </div>
   <div class='ocr_carea' id='block_1_47' title="bbox 320 4281 1892 4359">
    <p class='ocr_par' dir='ltr' id='par_1_47' title="bbox 320 4281 1892 4359">
     <span class='ocr_line' id='line_1_47' title="bbox 320 4281 1892 4359; baseline 0.013 -31"><span class='ocrx_word' id='word_1_351' title='bbox 320 4281 497 4336; x_wconf 75' lang='lat' dir='ltr'><strong>sancti</strong></span> <span class='ocrx_word' id='word_1_352' title='bbox 530 4282 613 4338; x_wconf 91' lang='lat' dir='ltr'><strong>sui</strong></span> <span class='ocrx_word' id='word_1_353' title='bbox 641 4298 823 4338; x_wconf 88' lang='lat' dir='ltr'><strong>semen</strong></span> <span class='ocrx_word' id='word_1_354' title='bbox 848 4285 901 4339; x_wconf 92' lang='lat' dir='ltr'><strong>in</strong></span> <span class='ocrx_word' id='word_1_355' title='bbox 935 4287 1193 4341; x_wconf 76' lang='lat' dir='ltr'><strong>sacculum</strong></span> <span class='ocrx_word' id='word_1_356' title='bbox 1219 4289 1608 4359; x_wconf 80' lang='lat' dir='ltr'><strong>imperaturum</strong></span> <span class='ocrx_word' id='word_1_357' title='bbox 1639 4308 1762 4348; x_wconf 92' lang='lat' dir='ltr'><strong>esse</strong></span> <span class='ocrx_word' id='word_1_358' title='bbox 1797 4310 1892 4350; x_wconf 88' lang='lat' dir='ltr'><strong>va-</strong></span> 
     </span>
    </p>
   </div>
   <div class='ocr_carea' id='block_1_48' title="bbox 321 4373 1890 4458">
    <p class='ocr_par' dir='ltr' id='par_1_48' title="bbox 321 4373 1890 4458">
     <span class='ocr_line' id='line_1_48' title="bbox 321 4373 1890 4458; baseline 0.011 -33"><span class='ocrx_word' id='word_1_359' title='bbox 321 4373 616 4428; x_wconf 85' lang='lat' dir='ltr'><strong>ticinatur?</strong></span> <span class='ocrx_word' id='word_1_360' title='bbox 636 4376 706 4430; x_wconf 91' lang='lat' dir='ltr'><strong>ita</strong></span> <span class='ocrx_word' id='word_1_361' title='bbox 733 4383 794 4430; x_wconf 91' lang='lat' dir='ltr'><strong>ut</strong></span> <span class='ocrx_word' id='word_1_362' title='bbox 825 4392 1008 4432; x_wconf 87' lang='lat' dir='ltr'><strong>semen</strong></span> <span class='ocrx_word' id='word_1_363' title='bbox 1038 4378 1225 4434; x_wconf 88' lang='lat' dir='ltr'><strong>Sancti</strong></span> <span class='ocrx_word' id='word_1_364' title='bbox 1254 4380 1370 4449; x_wconf 90' lang='lat' dir='ltr'><strong>Dei,</strong></span> <span class='ocrx_word' id='word_1_365' title='bbox 1396 4383 1449 4438; x_wconf 90' lang='lat' dir='ltr'><strong>id</strong></span> <span class='ocrx_word' id='word_1_366' title='bbox 1479 4393 1582 4450; x_wconf 89' lang='lat' dir='ltr'><strong>est,</strong></span> <span class='ocrx_word' id='word_1_367' title='bbox 1615 4385 1890 4458; x_wconf 76' lang='lat' dir='ltr'><strong>Unigeniti</strong></span> 
     </span>
    </p>
   </div>
   <div class='ocr_carea' id='block_1_49' title="bbox 1986 522 3554 609">
    <p class='ocr_par' dir='ltr' id='par_1_49' title="bbox 1986 522 3554 609">
     <span class='ocr_line' id='line_1_49' title="bbox 1986 522 3554 609; baseline -0.011 -19"><span class='ocrx_word' id='word_1_368' title='bbox 1986 541 2112 609; x_wconf 73' lang='grc' dir='ltr'>περὶ</span> <span class='ocrx_word' id='word_1_369' title='bbox 2147 537 2240 590; x_wconf 86' lang='grc' dir='ltr'><strong>τοῦ</strong></span> <span class='ocrx_word' id='word_1_370' title='bbox 2301 537 2476 606; x_wconf 80' lang='grc' dir='ltr'><strong>κέρως</strong></span> <span class='ocrx_word' id='word_1_371' title='bbox 2519 534 2611 586; x_wconf 73' lang='grc' dir='ltr'><strong>καὶ</strong></span> <span class='ocrx_word' id='word_1_372' title='bbox 2643 531 2734 584; x_wconf 86' lang='grc' dir='ltr'><strong>τοῦ</strong></span> <span class='ocrx_word' id='word_1_373' title='bbox 2764 531 2952 602; x_wconf 83' lang='grc' dir='ltr'>θρόνου</span> <span class='ocrx_word' id='word_1_374' title='bbox 2991 526 3176 586; x_wconf 76' lang='grc' dir='ltr'>αὑτοῦ,</span> <span class='ocrx_word' id='word_1_375' title='bbox 3202 523 3331 593; x_wconf 77' lang='grc' dir='ltr'>περί</span> <span class='ocrx_word' id='word_1_376' title='bbox 3351 539 3410 574; x_wconf 82' lang='grc' dir='ltr'><strong>τε</strong></span> <span class='ocrx_word' id='word_1_377' title='bbox 3439 522 3554 574; x_wconf 79' lang='grc' dir='ltr'><strong>τῶν</strong></span> 
     </span>
    </p>
   </div>
   <div class='ocr_carea' id='block_1_50' title="bbox 1979 613 3558 697">
    <p class='ocr_par' dir='ltr' id='par_1_50' title="bbox 1979 613 3558 697">
     <span class='ocr_line' id='line_1_50' title="bbox 1979 613 3558 697; baseline -0.011 -15"><span class='ocrx_word' id='word_1_378' title='bbox 1979 630 2038 696; x_wconf 77' lang='grc' dir='ltr'><strong>ἐξ</strong></span> <span class='ocrx_word' id='word_1_379' title='bbox 2064 629 2226 682; x_wconf 78' lang='grc' dir='ltr'>αὑτοῦ</span> <span class='ocrx_word' id='word_1_380' title='bbox 2255 625 2633 697; x_wconf 80' lang='grc' dir='ltr'>γενησομένων</span> <span class='ocrx_word' id='word_1_381' title='bbox 2656 623 2750 675; x_wconf 77' lang='grc' dir='ltr'><strong>καὶ</strong></span> <span class='ocrx_word' id='word_1_382' title='bbox 2770 621 2878 691; x_wconf 68' lang='grc' dir='ltr'>τῆς</span> <span class='ocrx_word' id='word_1_383' title='bbox 2907 618 3115 687; x_wconf 81' lang='grc' dir='ltr'><strong>Καινῆς</strong></span> <span class='ocrx_word' id='word_1_384' title='bbox 3150 615 3427 685; x_wconf 74' lang='grc' dir='ltr'>Διαθήκης</span> <span class='ocrx_word' id='word_1_385' title='bbox 3450 613 3558 666; x_wconf 71' lang='grc' dir='ltr'><strong>αὗ-</strong></span> 
     </span>
    </p>
   </div>
   <div class='ocr_carea' id='block_1_51' title="bbox 1983 706 3559 784">
    <p class='ocr_par' dir='ltr' id='par_1_51' title="bbox 1983 706 3559 784">
     <span class='ocr_line' id='line_1_51' title="bbox 1983 706 3559 784; baseline -0.013 -10"><span class='ocrx_word' id='word_1_386' title='bbox 1983 720 2074 774; x_wconf 86' lang='grc' dir='ltr'><strong>τοῦ</strong></span> <span class='ocrx_word' id='word_1_387' title='bbox 2129 717 2387 772; x_wconf 83' lang='grc' dir='ltr'>τοσαῦτα.</span> <span class='ocrx_word' id='word_1_388' title='bbox 2454 716 2605 768; x_wconf 77' lang='grc' dir='ltr'>Ἐπεὶ</span> <span class='ocrx_word' id='word_1_389' title='bbox 2639 712 2694 766; x_wconf 82' lang='grc' dir='ltr'><strong>δὲ</strong></span> <span class='ocrx_word' id='word_1_390' title='bbox 2721 712 2889 784; x_wconf 80' lang='grc' dir='ltr'>ἐχρῆν</span> <span class='ocrx_word' id='word_1_391' title='bbox 2918 711 3015 774; x_wconf 78' lang='grc' dir='ltr'>τὰς</span> <span class='ocrx_word' id='word_1_392' title='bbox 3042 706 3298 769; x_wconf 82' lang='grc' dir='ltr'><strong>τοιαύτας</strong></span> <span class='ocrx_word' id='word_1_393' title='bbox 3316 706 3559 772; x_wconf 73' lang='grc' dir='ltr'>ἐπαγγε-</span> 
     </span>
    </p>
   </div>
   <div class='ocr_carea' id='block_1_52' title="bbox 1981 798 3559 883">
    <p class='ocr_par' dir='ltr' id='par_1_52' title="bbox 1981 798 3559 883">
     <span class='ocr_line' id='line_1_52' title="bbox 1981 798 3559 883; baseline -0.01 -19"><span class='ocrx_word' id='word_1_394' title='bbox 1981 812 2100 874; x_wconf 89' lang='grc' dir='ltr'>λίας</span> <span class='ocrx_word' id='word_1_395' title='bbox 2136 812 2209 883; x_wconf 77' lang='grc' dir='ltr'>μὴ</span> <span class='ocrx_word' id='word_1_396' title='bbox 2242 809 2396 879; x_wconf 83' lang='grc' dir='ltr'><strong>ἁπλῷ</strong></span> <span class='ocrx_word' id='word_1_397' title='bbox 2434 825 2541 862; x_wconf 86' lang='grc' dir='ltr'>τινι</span> <span class='ocrx_word' id='word_1_398' title='bbox 2570 805 2663 861; x_wconf 59' lang='grc' dir='ltr'><strong>καὶ⁵</strong></span> <span class='ocrx_word' id='word_1_399' title='bbox 2689 804 2829 876; x_wconf 75' lang='grc' dir='ltr'><strong>ψιλῷ</strong></span> <span class='ocrx_word' id='word_1_400' title='bbox 2850 803 2992 872; x_wconf 86' lang='grc' dir='ltr'>λόγῳ</span> <span class='ocrx_word' id='word_1_401' title='bbox 3011 798 3427 873; x_wconf 81' lang='grc' dir='ltr'>προενηνοχέναι</span> <span class='ocrx_word' id='word_1_402' title='bbox 3458 813 3559 850; x_wconf 77' lang='grc' dir='ltr'>νο-</span> 
     </span>
    </p>
   </div>
   <div class='ocr_carea' id='block_1_53' title="bbox 1985 889 3565 975">
    <p class='ocr_par' dir='ltr' id='par_1_53' title="bbox 1985 889 3565 975">
     <span class='ocr_line' id='line_1_53' title="bbox 1985 889 3565 975; baseline -0.011 -18"><span class='ocrx_word' id='word_1_403' title='bbox 1985 902 2180 975; x_wconf 80' lang='grc' dir='ltr'>μίζειν,</span> <span class='ocrx_word' id='word_1_404' title='bbox 2213 899 2366 966; x_wconf 82' lang='grc' dir='ltr'>αὖθις</span> <span class='ocrx_word' id='word_1_405' title='bbox 2407 897 2844 970; x_wconf 78' lang='grc' dir='ltr'>ὲπαναλαμόἀνει</span> <span class='ocrx_word' id='word_1_406' title='bbox 2865 896 2958 949; x_wconf 74' lang='grc' dir='ltr'><strong>καὶ</strong></span> <span class='ocrx_word' id='word_1_407' title='bbox 2992 893 3324 962; x_wconf 85' lang='grc' dir='ltr'>ὲπιδευτεροῖ</span> <span class='ocrx_word' id='word_1_408' title='bbox 3354 891 3443 942; x_wconf 71' lang='grc' dir='ltr'><strong>τὸν</strong></span> <span class='ocrx_word' id='word_1_409' title='bbox 3463 889 3565 940; x_wconf 60' lang='lat'><strong>16-</strong></span> 
     </span>
    </p>
   </div>
   <div class='ocr_carea' id='block_1_54' title="bbox 1982 980 3567 1067">
    <p class='ocr_par' dir='ltr' id='par_1_54' title="bbox 1982 980 3567 1067">
     <span class='ocr_line' id='line_1_54' title="bbox 1982 980 3567 1067; baseline -0.013 -18"><span class='ocrx_word' id='word_1_410' title='bbox 1982 1013 2098 1065; x_wconf 91' lang='grc' dir='ltr'>γον,</span> <span class='ocrx_word' id='word_1_411' title='bbox 2126 997 2272 1067; x_wconf 82' lang='grc' dir='ltr'><strong>ὅρκῳ</strong></span> <span class='ocrx_word' id='word_1_412' title='bbox 2297 991 2819 1065; x_wconf 75' lang='grc' dir='ltr'>ἐπισφραγιζόμενος</span> <span class='ocrx_word' id='word_1_413' title='bbox 2832 989 2900 1042; x_wconf 85' lang='grc' dir='ltr'><strong>τά</strong></span> <span class='ocrx_word' id='word_1_414' title='bbox 2931 985 3193 1058; x_wconf 80' lang='grc' dir='ltr'><strong>εἰρημένα</strong></span> <span class='ocrx_word' id='word_1_415' title='bbox 3221 984 3302 1046; x_wconf 84' lang='grc' dir='ltr'><strong>εἰς</strong></span> <span class='ocrx_word' id='word_1_416' title='bbox 3323 980 3567 1052; x_wconf 77' lang='grc' dir='ltr'>βεϐαίω-</span> 
     </span>
    </p>
   </div>
   <div class='ocr_carea' id='block_1_55' title="bbox 1985 1073 3572 1158">
    <p class='ocr_par' dir='ltr' id='par_1_55' title="bbox 1985 1073 3572 1158">
     <span class='ocr_line' id='line_1_55' title="bbox 1985 1073 3572 1158; baseline -0.011 -16"><span class='ocrx_word' id='word_1_417' title='bbox 1985 1104 2068 1142; x_wconf 89' lang='grc' dir='ltr'><strong>σιν</strong></span> <span class='ocrx_word' id='word_1_418' title='bbox 2089 1087 2196 1141; x_wconf 86' lang='grc' dir='ltr'><strong>τῶν</strong></span> <span class='ocrx_word' id='word_1_419' title='bbox 2228 1085 2667 1158; x_wconf 77' lang='grc' dir='ltr'><strong>ἐπηγγελμένων.</strong></span> <span class='ocrx_word' id='word_1_420' title='bbox 2700 1081 2788 1134; x_wconf 87' lang='grc' dir='ltr'>Διό</span> <span class='ocrx_word' id='word_1_421' title='bbox 2816 1097 2976 1152; x_wconf 78' lang='grc' dir='ltr'>φησιν</span> <span class='ocrx_word' id='word_1_422' title='bbox 2993 1095 3006 1109; x_wconf 86' lang='grc'><strong>·</strong></span> <span class='ocrx_word' id='word_1_423' title='bbox 3048 1076 3235 1141; x_wconf 76' lang='grc' dir='ltr'>Ἀπαε</span> <span class='ocrx_word' id='word_1_424' title='bbox 3255 1074 3459 1144; x_wconf 80' lang='grc' dir='ltr'><strong>ὤμοσα</strong></span> <span class='ocrx_word' id='word_1_425' title='bbox 3485 1073 3572 1126; x_wconf 79' lang='grc' dir='ltr'>ἐν</span> 
     </span>
    </p>
   </div>
   <div class='ocr_carea' id='block_1_56' title="bbox 1983 1161 3572 1249">
    <p class='ocr_par' dir='ltr' id='par_1_56' title="bbox 1983 1161 3572 1249">
     <span class='ocr_line' id='line_1_56' title="bbox 1983 1161 3572 1249; baseline -0.011 -15"><span class='ocrx_word' id='word_1_426' title='bbox 1983 1179 2062 1246; x_wconf 84' lang='grc' dir='ltr'>τῷ</span> <span class='ocrx_word' id='word_1_427' title='bbox 2077 1180 2234 1249; x_wconf 80' lang='grc' dir='ltr'>Ἀγίφ</span> <span class='ocrx_word' id='word_1_428' title='bbox 2280 1195 2419 1248; x_wconf 82' lang='grc' dir='ltr'>μου,</span> <span class='ocrx_word' id='word_1_429' title='bbox 2449 1179 2507 1231; x_wconf 81' lang='grc' dir='ltr'><strong>εἰ</strong></span> <span class='ocrx_word' id='word_1_430' title='bbox 2529 1177 2607 1242; x_wconf 85' lang='grc' dir='ltr'>τῷ</span> <span class='ocrx_word' id='word_1_431' title='bbox 2634 1161 2814 1229; x_wconf 82' lang='grc' dir='ltr'>Δαυῒδ</span> <span class='ocrx_word' id='word_1_432' title='bbox 2845 1174 3164 1242; x_wconf 68' lang='grc' dir='ltr'>ψεύσομαι,</span> <span class='ocrx_word' id='word_1_433' title='bbox 3208 1168 3274 1222; x_wconf 82' lang='grc' dir='ltr'>τὸ</span> <span class='ocrx_word' id='word_1_434' title='bbox 3313 1166 3572 1234; x_wconf 73' lang='grc' dir='ltr'>σπέρμα</span> 
     </span>
    </p>
   </div>
   <div class='ocr_carea' id='block_1_57' title="bbox 1982 1255 3574 1334">
    <p class='ocr_par' dir='ltr' id='par_1_57' title="bbox 1982 1255 3574 1334">
     <span class='ocr_line' id='line_1_57' title="bbox 1982 1255 3574 1334; baseline -0.008 -12"><span class='ocrx_word' id='word_1_435' title='bbox 1982 1268 2166 1323; x_wconf 88' lang='grc' dir='ltr'>αὐτοῦ</span> <span class='ocrx_word' id='word_1_436' title='bbox 2189 1271 2275 1334; x_wconf 85' lang='grc' dir='ltr'><strong>εἰς</strong></span> <span class='ocrx_word' id='word_1_437' title='bbox 2299 1267 2403 1320; x_wconf 81' lang='grc' dir='ltr'><strong>τὸν</strong></span> <span class='ocrx_word' id='word_1_438' title='bbox 2416 1265 2600 1320; x_wconf 73' lang='grc' dir='ltr'>αἰῶνα</span> <span class='ocrx_word' id='word_1_439' title='bbox 2624 1265 2789 1334; x_wconf 78' lang='grc' dir='ltr'>μένει</span> <span class='ocrx_word' id='word_1_440' title='bbox 2809 1263 2907 1332; x_wconf 81' lang='grc'>(1),</span> <span class='ocrx_word' id='word_1_441' title='bbox 2935 1263 3030 1314; x_wconf 82' lang='grc' dir='ltr'><strong>καί</strong></span> <span class='ocrx_word' id='word_1_442' title='bbox 3055 1264 3087 1315; x_wconf 86' lang='lat' dir='ltr'><strong>d</strong></span> <span class='ocrx_word' id='word_1_443' title='bbox 3117 1262 3327 1329; x_wconf 75' lang='grc' dir='ltr'>θρόνος</span> <span class='ocrx_word' id='word_1_444' title='bbox 3362 1255 3574 1311; x_wconf 80' lang='grc' dir='ltr'>αὑτοῦ</span> 
     </span>
    </p>
   </div>
   <div class='ocr_carea' id='block_1_58' title="bbox 1983 1348 3577 1428">
    <p class='ocr_par' dir='ltr' id='par_1_58' title="bbox 1983 1348 3577 1428">
     <span class='ocr_line' id='line_1_58' title="bbox 1983 1348 3577 1428; baseline -0.01 -13"><span class='ocrx_word' id='word_1_445' title='bbox 1983 1362 2062 1428; x_wconf 82' lang='grc' dir='ltr'>ὥς</span> <span class='ocrx_word' id='word_1_446' title='bbox 2098 1363 2132 1414; x_wconf 86' lang='grc' dir='ltr'><strong>ό</strong></span> <span class='ocrx_word' id='word_1_447' title='bbox 2153 1359 2324 1427; x_wconf 76' lang='grc' dir='ltr'>ἣλιος</span> <span class='ocrx_word' id='word_1_448' title='bbox 2344 1358 2619 1411; x_wconf 81' lang='grc' dir='ltr'>ἐναντίον</span> <span class='ocrx_word' id='word_1_449' title='bbox 2625 1373 2764 1425; x_wconf 84' lang='grc' dir='ltr'>μου,</span> <span class='ocrx_word' id='word_1_450' title='bbox 2782 1353 2878 1406; x_wconf 86' lang='grc' dir='ltr'><strong>καί</strong></span> <span class='ocrx_word' id='word_1_451' title='bbox 2907 1354 2986 1418; x_wconf 87' lang='grc' dir='ltr'>ὠς</span> <span class='ocrx_word' id='word_1_452' title='bbox 3006 1351 3044 1418; x_wconf 79' lang='grc' dir='ltr'><strong><em>ἠ</em></strong></span> <span class='ocrx_word' id='word_1_453' title='bbox 3075 1348 3303 1416; x_wconf 75' lang='grc' dir='ltr'>σελήνη</span> <span class='ocrx_word' id='word_1_454' title='bbox 3336 1363 3577 1414; x_wconf 82' lang='grc' dir='ltr'>κατηρ-</span> 
     </span>
    </p>
   </div>
   <div class='ocr_carea' id='block_1_59' title="bbox 1984 1432 3581 1521">
    <p class='ocr_par' dir='ltr' id='par_1_59' title="bbox 1984 1432 3581 1521">
     <span class='ocr_line' id='line_1_59' title="bbox 1984 1432 3581 1521; baseline -0.011 -15"><span class='ocrx_word' id='word_1_455' title='bbox 1984 1450 2233 1521; x_wconf 78' lang='grc' dir='ltr'>τισμένη</span> <span class='ocrx_word' id='word_1_456' title='bbox 2266 1452 2351 1516; x_wconf 85' lang='grc' dir='ltr'><strong>εἰς</strong></span> <span class='ocrx_word' id='word_1_457' title='bbox 2376 1449 2483 1503; x_wconf 77' lang='grc' dir='ltr'><strong>τὸν</strong></span> <span class='ocrx_word' id='word_1_458' title='bbox 2510 1446 2696 1502; x_wconf 82' lang='grc' dir='ltr'><em>αἰῶνα</em></span> <span class='ocrx_word' id='word_1_459' title='bbox 2715 1461 2731 1476; x_wconf 90' lang='grc'><strong>·</strong></span> <span class='ocrx_word' id='word_1_460' title='bbox 2780 1445 2877 1498; x_wconf 86' lang='grc' dir='ltr'><strong>καί</strong></span> <span class='ocrx_word' id='word_1_461' title='bbox 2919 1447 2950 1497; x_wconf 85' lang='grc' dir='ltr'><em>ὁ</em></span> <span class='ocrx_word' id='word_1_462' title='bbox 2995 1432 3581 1512; x_wconf 61' lang='grc' dir='ltr'>μάρτυςὲνοίψαγῷ</span> 
     </span>
    </p>
   </div>
   <div class='ocr_carea' id='block_1_60' title="bbox 1988 1531 3580 1611">
    <p class='ocr_par' dir='ltr' id='par_1_60' title="bbox 1988 1531 3580 1611">
     <span class='ocr_line' id='line_1_60' title="bbox 1988 1531 3580 1611; baseline -0.011 -12"><span class='ocrx_word' id='word_1_463' title='bbox 1988 1544 2222 1610; x_wconf 78' lang='grc' dir='ltr'>πιστός.</span> <span class='ocrx_word' id='word_1_464' title='bbox 2247 1542 2576 1611; x_wconf 48' lang='lat' dir='ltr'><strong>didii-alita.</strong></span> <span class='ocrx_word' id='word_1_465' title='bbox 2617 1537 2873 1609; x_wconf 70' lang='grc' dir='ltr'>Ἀψευδὴς</span> <span class='ocrx_word' id='word_1_466' title='bbox 2905 1535 3002 1608; x_wconf 89' lang='grc' dir='ltr'><strong>μέν</strong></span> <span class='ocrx_word' id='word_1_467' title='bbox 3042 1536 3186 1587; x_wconf 89' lang='grc' dir='ltr'>ἐστιν</span> <span class='ocrx_word' id='word_1_468' title='bbox 3213 1535 3239 1586; x_wconf 98' lang='lat'><strong>6</strong></span> <span class='ocrx_word' id='word_1_469' title='bbox 3271 1531 3421 1595; x_wconf 73' lang='grc' dir='ltr'>Θεὸς,</span> <span class='ocrx_word' id='word_1_470' title='bbox 3457 1531 3580 1583; x_wconf 73' lang='grc' dir='ltr'><strong>καὶ</strong></span> 
     </span>
    </p>
   </div>
   <div class='ocr_carea' id='block_1_61' title="bbox 1986 1620 3581 1708">
    <p class='ocr_par' dir='ltr' id='par_1_61' title="bbox 1986 1620 3581 1708">
     <span class='ocr_line' id='line_1_61' title="bbox 1986 1620 3581 1708; baseline -0.012 -17"><span class='ocrx_word' id='word_1_471' title='bbox 1986 1635 2247 1708; x_wconf 83' lang='grc' dir='ltr'>ἀνωμότῳ</span> <span class='ocrx_word' id='word_1_472' title='bbox 2270 1633 2547 1707; x_wconf 83' lang='grc' dir='ltr'>χρώμενος</span> <span class='ocrx_word' id='word_1_473' title='bbox 2584 1634 2649 1703; x_wconf 77' lang='grc' dir='ltr'>τῇ</span> <span class='ocrx_word' id='word_1_474' title='bbox 2685 1628 3016 1698; x_wconf 79' lang='grc' dir='ltr'>ἐπαγγελίᾳ·</span> <span class='ocrx_word' id='word_1_475' title='bbox 3051 1626 3169 1679; x_wconf 80' lang='grc' dir='ltr'>ἐπεὶ</span> <span class='ocrx_word' id='word_1_476' title='bbox 3206 1625 3261 1677; x_wconf 85' lang='grc' dir='ltr'>δὲ</span> <span class='ocrx_word' id='word_1_477' title='bbox 3285 1622 3452 1694; x_wconf 80' lang='grc' dir='ltr'>ἐχρῆν</span> <span class='ocrx_word' id='word_1_478' title='bbox 3483 1620 3581 1682; x_wconf 80' lang='grc' dir='ltr'>ὡς</span> 
     </span>
    </p>
   </div>
   <div class='ocr_carea' id='block_1_62' title="bbox 1986 1712 3580 1798">
    <p class='ocr_par' dir='ltr' id='par_1_62' title="bbox 1986 1712 3580 1798">
     <span class='ocr_line' id='line_1_62' title="bbox 1986 1712 3580 1798; baseline -0.011 -17"><span class='ocrx_word' id='word_1_479' title='bbox 1986 1725 2124 1798; x_wconf 80' lang='grc' dir='ltr'>πρὸς</span> <span class='ocrx_word' id='word_1_480' title='bbox 2156 1723 2470 1796; x_wconf 81' lang='grc' dir='ltr'>ἀνθρώπους</span> <span class='ocrx_word' id='word_1_481' title='bbox 2496 1721 2873 1792; x_wconf 79' lang='grc' dir='ltr'>διαλεγόμενον</span> <span class='ocrx_word' id='word_1_482' title='bbox 2905 1715 3220 1790; x_wconf 81' lang='grc' dir='ltr'>ἀνθρωπίνῃ</span> <span class='ocrx_word' id='word_1_483' title='bbox 3245 1712 3580 1786; x_wconf 70' lang='grc' dir='ltr'>χρήσασθαι</span> 
     </span>
    </p>
   </div>
   <div class='ocr_carea' id='block_1_63' title="bbox 1918 1799 3579 1890">
    <p class='ocr_par' dir='ltr' id='par_1_63' title="bbox 1918 1799 3579 1890">
     <span class='ocr_line' id='line_1_63' title="bbox 1918 1799 3579 1890; baseline -0.01 -17"><span class='ocrx_word' id='word_1_484' title='bbox 1918 1799 1959 1859; x_wconf 68' lang='grc' dir='ltr'><strong>η</strong></span> <span class='ocrx_word' id='word_1_485' title='bbox 1989 1819 2371 1890; x_wconf 79' lang='grc' dir='ltr'>συμπεριφορᾷ</span> <span class='ocrx_word' id='word_1_486' title='bbox 2421 1816 2560 1872; x_wconf 85' lang='grc' dir='ltr'><strong>κατά</strong></span> <span class='ocrx_word' id='word_1_487' title='bbox 2593 1815 2719 1878; x_wconf 82' lang='grc' dir='ltr'>τοὺς</span> <span class='ocrx_word' id='word_1_488' title='bbox 2751 1817 2809 1866; x_wconf 88' lang='grc' dir='ltr'><strong>ἐν</strong></span> <span class='ocrx_word' id='word_1_489' title='bbox 2840 1810 3144 1882; x_wconf 82' lang='grc' dir='ltr'>ἀνθρώποις</span> <span class='ocrx_word' id='word_1_490' title='bbox 3172 1807 3579 1878; x_wconf 79' lang='grc' dir='ltr'>εὐορκοῦντας,</span> 
     </span>
    </p>
   </div>
   <div class='ocr_carea' id='block_1_64' title="bbox 1987 1899 3586 1982">
    <p class='ocr_par' dir='ltr' id='par_1_64' title="bbox 1987 1899 3586 1982">
     <span class='ocr_line' id='line_1_64' title="bbox 1987 1899 3586 1982; baseline -0.011 -14"><span class='ocrx_word' id='word_1_491' title='bbox 1987 1914 2079 1968; x_wconf 69' lang='grc' dir='ltr'>καὶ</span> <span class='ocrx_word' id='word_1_492' title='bbox 2100 1912 2234 1966; x_wconf 89' lang='grc' dir='ltr'>Θεοῦ</span> <span class='ocrx_word' id='word_1_493' title='bbox 2279 1907 2556 1982; x_wconf 78' lang='grc' dir='ltr'>μαρτυρίᾳ</span> <span class='ocrx_word' id='word_1_494' title='bbox 2597 1907 2910 1978; x_wconf 79' lang='grc' dir='ltr'>χρωμένους</span> <span class='ocrx_word' id='word_1_495' title='bbox 2941 1905 3018 1966; x_wconf 88' lang='grc' dir='ltr'><strong>εἰς</strong></span> <span class='ocrx_word' id='word_1_496' title='bbox 3059 1901 3314 1954; x_wconf 80' lang='grc' dir='ltr'>πίστωσιν</span> <span class='ocrx_word' id='word_1_497' title='bbox 3339 1899 3447 1952; x_wconf 82' lang='grc' dir='ltr'><strong>τῶν</strong></span> <span class='ocrx_word' id='word_1_498' title='bbox 3484 1901 3586 1952; x_wconf 76' lang='grc' dir='ltr'>οἰ-</span> 
     </span>
    </p>
   </div>
   <div class='ocr_carea' id='block_1_65' title="bbox 1988 1989 3586 2070">
    <p class='ocr_par' dir='ltr' id='par_1_65' title="bbox 1988 1989 3586 2070">
     <span class='ocr_line' id='line_1_65' title="bbox 1988 1989 3586 2070; baseline -0.011 -12"><span class='ocrx_word' id='word_1_499' title='bbox 1988 2003 2147 2058; x_wconf 85' lang='grc' dir='ltr'>κείων</span> <span class='ocrx_word' id='word_1_500' title='bbox 2192 2003 2364 2070; x_wconf 85' lang='grc' dir='ltr'>λόγων</span> <span class='ocrx_word' id='word_1_501' title='bbox 2383 2018 2395 2030; x_wconf 94' lang='grc'><strong>·</strong></span> <span class='ocrx_word' id='word_1_502' title='bbox 2433 2000 2526 2054; x_wconf 73' lang='grc' dir='ltr'>καὶ</span> <span class='ocrx_word' id='word_1_503' title='bbox 2580 1998 2742 2061; x_wconf 80' lang='grc' dir='ltr'>αὑτός</span> <span class='ocrx_word' id='word_1_504' title='bbox 2781 2012 2943 2066; x_wconf 80' lang='grc' dir='ltr'>φησιν</span> <span class='ocrx_word' id='word_1_505' title='bbox 2975 1992 3320 2065; x_wconf 81' lang='grc' dir='ltr'>ὀμωμοκέναι</span> <span class='ocrx_word' id='word_1_506' title='bbox 3347 1991 3442 2044; x_wconf 74' lang='grc' dir='ltr'><strong>καὶ</strong></span> <span class='ocrx_word' id='word_1_507' title='bbox 3487 1989 3586 2061; x_wconf 76' lang='grc' dir='ltr'>μὴ</span> 
     </span>
    </p>
   </div>
   <div class='ocr_carea' id='block_1_66' title="bbox 1987 2083 3587 2164">
    <p class='ocr_par' dir='ltr' id='par_1_66' title="bbox 1987 2083 3587 2164">
     <span class='ocr_line' id='line_1_66' title="bbox 1987 2083 3587 2164; baseline -0.009 -16"><span class='ocrx_word' id='word_1_508' title='bbox 1987 2093 2373 2164; x_wconf 79' lang='grc' dir='ltr'>διαψεύσασθαι</span> <span class='ocrx_word' id='word_1_509' title='bbox 2397 2091 2473 2163; x_wconf 75' lang='grc'><strong>(2)</strong></span> <span class='ocrx_word' id='word_1_510' title='bbox 2505 2091 2631 2154; x_wconf 81' lang='grc' dir='ltr'>τοὺς</span> <span class='ocrx_word' id='word_1_511' title='bbox 2649 2090 2864 2160; x_wconf 86' lang='grc' dir='ltr'>ὅρκους,</span> <span class='ocrx_word' id='word_1_512' title='bbox 2897 2087 3021 2141; x_wconf 82' lang='grc' dir='ltr'><strong>Ἵνα</strong></span> <span class='ocrx_word' id='word_1_513' title='bbox 3038 2085 3134 2138; x_wconf 81' lang='grc' dir='ltr'><strong>διὰ</strong></span> <span class='ocrx_word' id='word_1_514' title='bbox 3153 2084 3280 2148; x_wconf 81' lang='grc' dir='ltr'>δύο,</span> <span class='ocrx_word' id='word_1_515' title='bbox 3315 2083 3492 2153; x_wconf 76' lang='grc' dir='ltr'>φησὶν</span> <span class='ocrx_word' id='word_1_516' title='bbox 3549 2083 3587 2134; x_wconf 81' lang='lat'><strong>6</strong></span> 
     </span>
    </p>
   </div>
   <div class='ocr_carea' id='block_1_67' title="bbox 1989 2171 3590 2253">
    <p class='ocr_par' dir='ltr' id='par_1_67' title="bbox 1989 2171 3590 2253">
     <span class='ocr_line' id='line_1_67' title="bbox 1989 2171 3590 2253; baseline -0.011 -10"><span class='ocrx_word' id='word_1_517' title='bbox 1989 2189 2129 2253; x_wconf 87' lang='grc' dir='ltr'>θεῖος</span> <span class='ocrx_word' id='word_1_518' title='bbox 2167 2185 2504 2251; x_wconf 80' lang='grc' dir='ltr'>’Δπόστολος,</span> <span class='ocrx_word' id='word_1_519' title='bbox 2541 2180 2893 2253; x_wconf 75' lang='grc' dir='ltr'>πραγμάτων</span> <span class='ocrx_word' id='word_1_520' title='bbox 2941 2177 3321 2250; x_wconf 79' lang='grc' dir='ltr'>ἀμεταθέτων,</span> <span class='ocrx_word' id='word_1_521' title='bbox 3355 2175 3428 2228; x_wconf 78' lang='grc' dir='ltr'><strong>ἐν</strong></span> <span class='ocrx_word' id='word_1_522' title='bbox 3469 2171 3590 2241; x_wconf 80' lang='grc' dir='ltr'>οἷς</span> 
     </span>
    </p>
   </div>
   <div class='ocr_carea' id='block_1_68' title="bbox 1988 2263 3589 2347">
    <p class='ocr_par' dir='ltr' id='par_1_68' title="bbox 1988 2263 3589 2347">
     <span class='ocr_line' id='line_1_68' title="bbox 1988 2263 3589 2347; baseline -0.012 -10"><span class='ocrx_word' id='word_1_523' title='bbox 1988 2281 2286 2336; x_wconf 74' lang='grc' dir='ltr'>ἀδύνατον</span> <span class='ocrx_word' id='word_1_524' title='bbox 2333 2278 2676 2347; x_wconf 69' lang='grc' dir='ltr'>ψεύσασθαι</span> <span class='ocrx_word' id='word_1_525' title='bbox 2733 2271 2839 2326; x_wconf 83' lang='grc' dir='ltr'><strong>τὸν</strong></span> <span class='ocrx_word' id='word_1_526' title='bbox 2887 2272 3053 2333; x_wconf 71' lang='grc' dir='ltr'>Θεὸν,</span> <span class='ocrx_word' id='word_1_527' title='bbox 3096 2269 3348 2338; x_wconf 72' lang='grc' dir='ltr'>ἰσχυρὰν</span> <span class='ocrx_word' id='word_1_528' title='bbox 3370 2263 3589 2335; x_wconf 74' lang='grc' dir='ltr'>παρά-</span> 
     </span>
    </p>
   </div>
   <div class='ocr_carea' id='block_1_69' title="bbox 1989 2357 3587 2439">
    <p class='ocr_par' dir='ltr' id='par_1_69' title="bbox 1989 2357 3587 2439">
     <span class='ocr_line' id='line_1_69' title="bbox 1989 2357 3587 2439; baseline -0.011 -13"><span class='ocrx_word' id='word_1_529' title='bbox 1989 2375 2210 2439; x_wconf 75' lang='grc' dir='ltr'>κλησιν</span> <span class='ocrx_word' id='word_1_530' title='bbox 2261 2369 2508 2437; x_wconf 77' lang='grc' dir='ltr'>ἔχωμεν.</span> <span class='ocrx_word' id='word_1_531' title='bbox 2550 2365 2776 2436; x_wconf 74' lang='grc' dir='ltr'>Εἴρηται</span> <span class='ocrx_word' id='word_1_532' title='bbox 2799 2361 2856 2415; x_wconf 82' lang='grc' dir='ltr'><strong>δέ</strong></span> <span class='ocrx_word' id='word_1_533' title='bbox 2892 2362 2985 2415; x_wconf 71' lang='grc' dir='ltr'>καὶ</span> <span class='ocrx_word' id='word_1_534' title='bbox 3026 2361 3156 2431; x_wconf 78' lang='grc' dir='ltr'>ἄλλη</span> <span class='ocrx_word' id='word_1_535' title='bbox 3186 2358 3349 2420; x_wconf 85' lang='grc' dir='ltr'>αἰτία,</span> <span class='ocrx_word' id='word_1_536' title='bbox 3381 2358 3448 2410; x_wconf 81' lang='grc' dir='ltr'><strong>δι’</strong></span> <span class='ocrx_word' id='word_1_537' title='bbox 3498 2357 3587 2428; x_wconf 72' lang='grc' dir='ltr'>ἦν</span> 
     </span>
    </p>
   </div>
   <div class='ocr_carea' id='block_1_70' title="bbox 1988 2445 3587 2535">
    <p class='ocr_par' dir='ltr' id='par_1_70' title="bbox 1988 2445 3587 2535">
     <span class='ocr_line' id='line_1_70' title="bbox 1988 2445 3587 2535; baseline -0.011 -18"><span class='ocrx_word' id='word_1_538' title='bbox 1988 2464 2154 2535; x_wconf 71' lang='grc' dir='ltr'>ὀμνὺς</span> <span class='ocrx_word' id='word_1_539' title='bbox 2185 2463 2214 2515; x_wconf 89' lang='lat'><strong>6</strong></span> <span class='ocrx_word' id='word_1_540' title='bbox 2241 2459 2373 2520; x_wconf 84' lang='grc' dir='ltr'>Θεὸς</span> <span class='ocrx_word' id='word_1_541' title='bbox 2398 2456 2645 2528; x_wconf 78' lang='grc' dir='ltr'>εἰσῆκται</span> <span class='ocrx_word' id='word_1_542' title='bbox 2683 2493 2698 2520; x_wconf 92' lang='grc'><strong>,</strong></span> <span class='ocrx_word' id='word_1_543' title='bbox 2727 2453 2868 2507; x_wconf 86' lang='grc' dir='ltr'><strong>κατά</strong></span> <span class='ocrx_word' id='word_1_544' title='bbox 2892 2450 3122 2522; x_wconf 76' lang='grc' dir='ltr'>ἀμοιϐὴν</span> <span class='ocrx_word' id='word_1_545' title='bbox 3148 2449 3246 2520; x_wconf 82' lang='grc' dir='ltr'>τῆς</span> <span class='ocrx_word' id='word_1_546' title='bbox 3269 2446 3361 2501; x_wconf 85' lang='grc' dir='ltr'><strong>τοῦ</strong></span> <span class='ocrx_word' id='word_1_547' title='bbox 3395 2445 3587 2500; x_wconf 72' lang='grc' dir='ltr'>Δαυϊδ</span> 
     </span>
    </p>
   </div>
   <div class='ocr_carea' id='block_1_71' title="bbox 1993 2535 3585 2627">
    <p class='ocr_par' dir='ltr' id='par_1_71' title="bbox 1993 2535 3585 2627">
     <span class='ocr_line' id='line_1_71' title="bbox 1993 2535 3585 2627; baseline -0.014 -18"><span class='ocrx_word' id='word_1_548' title='bbox 1993 2555 2111 2627; x_wconf 80' lang='grc' dir='ltr'>μεθ’</span> <span class='ocrx_word' id='word_1_549' title='bbox 2136 2555 2301 2625; x_wconf 81' lang='grc' dir='ltr'>ὅρκου</span> <span class='ocrx_word' id='word_1_550' title='bbox 2347 2547 2694 2618; x_wconf 87' lang='grc' dir='ltr'>ἐπαγγελίας.</span> <span class='ocrx_word' id='word_1_551' title='bbox 2743 2543 2959 2616; x_wconf 86' lang='grc' dir='ltr'>Ὀμνύει</span> <span class='ocrx_word' id='word_1_552' title='bbox 3002 2541 3060 2594; x_wconf 83' lang='grc' dir='ltr'>δὲ</span> <span class='ocrx_word' id='word_1_553' title='bbox 3087 2541 3116 2592; x_wconf 90' lang='lat'><strong>6</strong></span> <span class='ocrx_word' id='word_1_554' title='bbox 3141 2539 3272 2602; x_wconf 73' lang='grc' dir='ltr'>Θεὸς</span> <span class='ocrx_word' id='word_1_555' title='bbox 3298 2536 3444 2591; x_wconf 80' lang='grc' dir='ltr'>κατὰ</span> <span class='ocrx_word' id='word_1_556' title='bbox 3465 2535 3585 2588; x_wconf 77' lang='grc' dir='ltr'><strong>τοῦ</strong></span> 
     </span>
    </p>
   </div>
   <div class='ocr_carea' id='block_1_72' title="bbox 2003 2630 3588 2715">
    <p class='ocr_par' dir='ltr' id='par_1_72' title="bbox 2003 2630 3588 2715">
     <span class='ocr_line' id='line_1_72' title="bbox 2003 2630 3588 2715; baseline -0.014 -14"><span class='ocrx_word' id='word_1_557' title='bbox 2003 2647 2182 2715; x_wconf 82' lang='grc' dir='ltr'>Ἀγίου</span> <span class='ocrx_word' id='word_1_558' title='bbox 2211 2641 2401 2707; x_wconf 82' lang='grc' dir='ltr'>αὑτοῦ,</span> <span class='ocrx_word' id='word_1_559' title='bbox 2439 2640 2514 2705; x_wconf 87' lang='grc' dir='ltr'>ὡς</span> <span class='ocrx_word' id='word_1_560' title='bbox 2543 2640 2609 2694; x_wconf 81' lang='grc' dir='ltr'>ἂν</span> <span class='ocrx_word' id='word_1_561' title='bbox 2642 2637 2736 2692; x_wconf 77' lang='grc' dir='ltr'>καὶ</span> <span class='ocrx_word' id='word_1_562' title='bbox 2759 2637 2938 2709; x_wconf 77' lang='grc' dir='ltr'>πατὴρ</span> <span class='ocrx_word' id='word_1_563' title='bbox 2958 2632 3197 2705; x_wconf 79' lang='grc' dir='ltr'>εὐορκῶν</span> <span class='ocrx_word' id='word_1_564' title='bbox 3227 2630 3364 2684; x_wconf 86' lang='grc' dir='ltr'><strong>κατά</strong></span> <span class='ocrx_word' id='word_1_565' title='bbox 3395 2645 3588 2697; x_wconf 56' lang='lat' dir='ltr'><strong>amr,-</strong></span> 
     </span>
    </p>
   </div>
   <div class='ocr_carea' id='block_1_73' title="bbox 1995 2720 3585 2811">
    <p class='ocr_par' dir='ltr' id='par_1_73' title="bbox 1995 2720 3585 2811">
     <span class='ocr_line' id='line_1_73' title="bbox 1995 2720 3585 2811; baseline -0.014 -19"><span class='ocrx_word' id='word_1_566' title='bbox 1995 2739 2112 2811; x_wconf 86' lang='grc' dir='ltr'>ρίας</span> <span class='ocrx_word' id='word_1_567' title='bbox 2156 2733 2272 2789; x_wconf 82' lang='grc' dir='ltr'>υἱοῦ</span> <span class='ocrx_word' id='word_1_568' title='bbox 2319 2732 2541 2803; x_wconf 87' lang='grc' dir='ltr'>γνησίου</span> <span class='ocrx_word' id='word_1_569' title='bbox 2574 2729 2668 2784; x_wconf 70' lang='grc' dir='ltr'><strong>καὶ</strong></span> <span class='ocrx_word' id='word_1_570' title='bbox 2693 2726 3007 2797; x_wconf 70' lang='grc' dir='ltr'><strong>ἀγαπητοῦ⁹</strong></span> <span class='ocrx_word' id='word_1_571' title='bbox 3049 2724 3141 2778; x_wconf 88' lang='grc' dir='ltr'><strong>τὸν</strong></span> <span class='ocrx_word' id='word_1_572' title='bbox 3173 2722 3328 2777; x_wconf 81' lang='grc' dir='ltr'>αὐτὸν</span> <span class='ocrx_word' id='word_1_573' title='bbox 3359 2720 3585 2790; x_wconf 82' lang='grc' dir='ltr'>τρόπον</span> 
     </span>
    </p>
   </div>
   <div class='ocr_carea' id='block_1_74' title="bbox 1993 2811 3588 2899">
    <p class='ocr_par' dir='ltr' id='par_1_74' title="bbox 1993 2811 3588 2899">
     <span class='ocr_line' id='line_1_74' title="bbox 1993 2811 3588 2899; baseline -0.013 -16"><span class='ocrx_word' id='word_1_574' title='bbox 1993 2827 2167 2897; x_wconf 86' lang='grc' dir='ltr'>κάγὼ,</span> <span class='ocrx_word' id='word_1_575' title='bbox 2185 2827 2368 2899; x_wconf 68' lang='grc' dir='ltr'>φησιν,</span> <span class='ocrx_word' id='word_1_576' title='bbox 2396 2823 2602 2894; x_wconf 78' lang='grc' dir='ltr'>ὤμοσα</span> <span class='ocrx_word' id='word_1_577' title='bbox 2627 2822 2695 2874; x_wconf 79' lang='grc' dir='ltr'><strong>ἐν</strong></span> <span class='ocrx_word' id='word_1_578' title='bbox 2713 2819 2794 2886; x_wconf 85' lang='grc' dir='ltr'>τῷ</span> <span class='ocrx_word' id='word_1_579' title='bbox 2806 2818 2967 2888; x_wconf 79' lang='grc' dir='ltr'><strong>Ἀγίῳ</strong></span> <span class='ocrx_word' id='word_1_580' title='bbox 2990 2834 3130 2887; x_wconf 82' lang='grc' dir='ltr'>μου,</span> <span class='ocrx_word' id='word_1_581' title='bbox 3151 2813 3394 2868; x_wconf 76' lang='grc' dir='ltr'>τουτέστι</span> <span class='ocrx_word' id='word_1_582' title='bbox 3423 2811 3588 2864; x_wconf 66' lang='grc' dir='ltr'>κατὰ</span> 
     </span>
    </p>
   </div>
   <div class='ocr_carea' id='block_1_75' title="bbox 1992 2904 3588 2989">
    <p class='ocr_par' dir='ltr' id='par_1_75' title="bbox 1992 2904 3588 2989">
     <span class='ocr_line' id='line_1_75' title="bbox 1992 2904 3588 2989; baseline -0.011 -14"><span class='ocrx_word' id='word_1_583' title='bbox 1992 2922 2085 2974; x_wconf 87' lang='grc' dir='ltr'><strong>τοῦ</strong></span> <span class='ocrx_word' id='word_1_584' title='bbox 2104 2921 2283 2988; x_wconf 85' lang='grc' dir='ltr'>Ἀγίου</span> <span class='ocrx_word' id='word_1_585' title='bbox 2317 2934 2442 2989; x_wconf 89' lang='grc' dir='ltr'>μου,</span> <span class='ocrx_word' id='word_1_586' title='bbox 2498 2918 2551 2969; x_wconf 86' lang='grc' dir='ltr'><strong>εἰ</strong></span> <span class='ocrx_word' id='word_1_587' title='bbox 2591 2912 2670 2978; x_wconf 80' lang='grc' dir='ltr'>τῷ</span> <span class='ocrx_word' id='word_1_588' title='bbox 2700 2911 2879 2965; x_wconf 79' lang='grc' dir='ltr'>Δαυΐὸ</span> <span class='ocrx_word' id='word_1_589' title='bbox 2909 2911 3229 2979; x_wconf 70' lang='grc' dir='ltr'>ψεύσομαι.</span> <span class='ocrx_word' id='word_1_590' title='bbox 3281 2905 3345 2957; x_wconf 88' lang='grc' dir='ltr'>Τί</span> <span class='ocrx_word' id='word_1_591' title='bbox 3377 2904 3436 2956; x_wconf 83' lang='grc' dir='ltr'><strong>δὲ</strong></span> <span class='ocrx_word' id='word_1_592' title='bbox 3469 2921 3588 2958; x_wconf 76' lang='grc' dir='ltr'>πε-</span> 
     </span>
    </p>
   </div>
   <div class='ocr_carea' id='block_1_76' title="bbox 1994 2994 3588 3084">
    <p class='ocr_par' dir='ltr' id='par_1_76' title="bbox 1994 2994 3588 3084">
     <span class='ocr_line' id='line_1_76' title="bbox 1994 2994 3588 3084; baseline -0.011 -19"><span class='ocrx_word' id='word_1_593' title='bbox 1994 3015 2189 3084; x_wconf 82' lang='grc' dir='ltr'>ριεῖχεν</span> <span class='ocrx_word' id='word_1_594' title='bbox 2218 3013 2247 3063; x_wconf 85' lang='lat'><strong>6</strong></span> <span class='ocrx_word' id='word_1_595' title='bbox 2275 3011 2434 3080; x_wconf 83' lang='grc' dir='ltr'>ὅρκος</span> <span class='ocrx_word' id='word_1_596' title='bbox 2457 3024 2472 3072; x_wconf 89' lang='grc'><strong>;</strong></span> <span class='ocrx_word' id='word_1_597' title='bbox 2514 3007 2582 3060; x_wconf 85' lang='grc' dir='ltr'><strong>Τὸ</strong></span> <span class='ocrx_word' id='word_1_598' title='bbox 2630 3003 2866 3071; x_wconf 68' lang='grc' dir='ltr'>σπέρμα</span> <span class='ocrx_word' id='word_1_599' title='bbox 2895 2999 3100 3064; x_wconf 83' lang='grc' dir='ltr'>αὑτοῦ,</span> <span class='ocrx_word' id='word_1_600' title='bbox 3141 2999 3322 3069; x_wconf 70' lang='grc' dir='ltr'>φησιν,</span> <span class='ocrx_word' id='word_1_601' title='bbox 3348 2998 3440 3061; x_wconf 80' lang='grc' dir='ltr'><strong>εἰς</strong></span> <span class='ocrx_word' id='word_1_602' title='bbox 3459 2994 3588 3047; x_wconf 74' lang='grc' dir='ltr'><strong>τὸν</strong></span> 
     </span>
    </p>
   </div>
   <div class='ocr_carea' id='block_1_77' title="bbox 1993 3085 3584 3170">
    <p class='ocr_par' dir='ltr' id='par_1_77' title="bbox 1993 3085 3584 3170">
     <span class='ocr_line' id='line_1_77' title="bbox 1993 3085 3584 3170; baseline -0.011 -16"><span class='ocrx_word' id='word_1_603' title='bbox 1993 3101 2176 3156; x_wconf 79' lang='grc' dir='ltr'>αἰῶνα</span> <span class='ocrx_word' id='word_1_604' title='bbox 2203 3098 2390 3170; x_wconf 79' lang='grc' dir='ltr'>μένει.</span> <span class='ocrx_word' id='word_1_605' title='bbox 2422 3095 2592 3149; x_wconf 88' lang='grc' dir='ltr'>Τοῦτο</span> <span class='ocrx_word' id='word_1_606' title='bbox 2645 3093 2880 3165; x_wconf 83' lang='grc' dir='ltr'>πρῶτον,</span> <span class='ocrx_word' id='word_1_607' title='bbox 2914 3092 3008 3144; x_wconf 78' lang='grc' dir='ltr'>καὶ</span> <span class='ocrx_word' id='word_1_608' title='bbox 3061 3089 3197 3160; x_wconf 78' lang='grc' dir='ltr'>αὕτη</span> <span class='ocrx_word' id='word_1_609' title='bbox 3241 3088 3336 3158; x_wconf 82' lang='grc' dir='ltr'>μὲν</span> 
     </span>
    </p>
   </div>
   <div class='ocr_carea' id='block_1_78' title="bbox 1993 3174 3586 3262">
    <p class='ocr_par' dir='ltr' id='par_1_78' title="bbox 1993 3174 3586 3262">
     <span class='ocr_line' id='line_1_78' title="bbox 1993 3174 3586 3262; baseline -0.013 -14"><span class='ocrx_word' id='word_1_610' title='bbox 1993 3191 2348 3262; x_wconf 85' lang='grc' dir='ltr'>ἐπαγγελίαὴ</span> <span class='ocrx_word' id='word_1_611' title='bbox 2383 3188 2511 3260; x_wconf 75' lang='grc' dir='ltr'>περὶ</span> <span class='ocrx_word' id='word_1_612' title='bbox 2540 3184 2635 3240; x_wconf 88' lang='grc' dir='ltr'><strong>τοῦ</strong></span> <span class='ocrx_word' id='word_1_613' title='bbox 2665 3184 2974 3256; x_wconf 85' lang='grc' dir='ltr'>σπέρματος</span> <span class='ocrx_word' id='word_1_614' title='bbox 2993 3199 3006 3212; x_wconf 91' lang='grc'><strong>·</strong></span> <span class='ocrx_word' id='word_1_615' title='bbox 3047 3181 3174 3253; x_wconf 73' lang='grc' dir='ltr'>περὶ</span> <span class='ocrx_word' id='word_1_616' title='bbox 3195 3174 3254 3233; x_wconf 81' lang='grc' dir='ltr'><strong>οῦ</strong></span> <span class='ocrx_word' id='word_1_617' title='bbox 3287 3178 3383 3231; x_wconf 73' lang='grc' dir='ltr'>καὶ</span> <span class='ocrx_word' id='word_1_618' title='bbox 3428 3178 3586 3230; x_wconf 81' lang='grc' dir='ltr'>ἀνω-</span> 
     </span>
    </p>
   </div>
   <div class='ocr_carea' id='block_1_79' title="bbox 1989 3269 3584 3356">
    <p class='ocr_par' dir='ltr' id='par_1_79' title="bbox 1989 3269 3584 3356">
     <span class='ocr_line' id='line_1_79' title="bbox 1989 3269 3584 3356; baseline -0.011 -18"><span class='ocrx_word' id='word_1_619' title='bbox 1989 3286 2129 3356; x_wconf 84' lang='grc' dir='ltr'>τέρω</span> <span class='ocrx_word' id='word_1_620' title='bbox 2177 3282 2427 3351; x_wconf 82' lang='grc' dir='ltr'>ἐλέγετο·</span> <span class='ocrx_word' id='word_1_621' title='bbox 2476 3278 2587 3333; x_wconf 78' lang='grc' dir='ltr'><strong>Καὶ</strong></span> <span class='ocrx_word' id='word_1_622' title='bbox 2623 3277 2882 3346; x_wconf 81' lang='grc' dir='ltr'>θήσομαι</span> <span class='ocrx_word' id='word_1_623' title='bbox 2922 3277 3009 3340; x_wconf 86' lang='grc' dir='ltr'><strong>εἰς</strong></span> <span class='ocrx_word' id='word_1_624' title='bbox 3051 3272 3158 3326; x_wconf 83' lang='grc' dir='ltr'><strong>τὸν</strong></span> <span class='ocrx_word' id='word_1_625' title='bbox 3219 3270 3407 3324; x_wconf 79' lang='grc' dir='ltr'>αἰῶνα</span> <span class='ocrx_word' id='word_1_626' title='bbox 3461 3269 3584 3322; x_wconf 81' lang='grc' dir='ltr'><strong>τοῦ</strong></span> 
     </span>
    </p>
   </div>
   <div class='ocr_carea' id='block_1_80' title="bbox 1989 3359 3583 3441">
    <p class='ocr_par' dir='ltr' id='par_1_80' title="bbox 1989 3359 3583 3441">
     <span class='ocr_line' id='line_1_80' title="bbox 1989 3359 3583 3441; baseline -0.011 -12"><span class='ocrx_word' id='word_1_627' title='bbox 1989 3375 2201 3441; x_wconf 79' lang='grc' dir='ltr'>αἰῶνος</span> <span class='ocrx_word' id='word_1_628' title='bbox 2229 3372 2296 3426; x_wconf 86' lang='grc' dir='ltr'>τὸ</span> <span class='ocrx_word' id='word_1_629' title='bbox 2319 3371 2556 3439; x_wconf 83' lang='grc' dir='ltr'>σπέρμα</span> <span class='ocrx_word' id='word_1_630' title='bbox 2613 3367 2832 3421; x_wconf 84' lang='grc' dir='ltr'>αὑτοῦ·</span> <span class='ocrx_word' id='word_1_631' title='bbox 2877 3365 3064 3436; x_wconf 79' lang='grc' dir='ltr'>ἐδήλου</span> <span class='ocrx_word' id='word_1_632' title='bbox 3096 3363 3154 3416; x_wconf 85' lang='grc' dir='ltr'><strong>δὲ</strong></span> <span class='ocrx_word' id='word_1_633' title='bbox 3194 3362 3286 3416; x_wconf 87' lang='grc' dir='ltr'><strong>τοῦ</strong></span> <span class='ocrx_word' id='word_1_634' title='bbox 3327 3359 3583 3433; x_wconf 76' lang='grc' dir='ltr'>Χριστοῦ</span> 
     </span>
    </p>
   </div>
   <div class='ocr_carea' id='block_1_81' title="bbox 1989 3452 3582 3537">
    <p class='ocr_par' dir='ltr' id='par_1_81' title="bbox 1989 3452 3582 3537">
     <span class='ocr_line' id='line_1_81' title="bbox 1989 3452 3582 3537; baseline -0.009 -18"><span class='ocrx_word' id='word_1_635' title='bbox 1989 3466 2086 3537; x_wconf 82' lang='grc' dir='ltr'><strong>τὴν</strong></span> <span class='ocrx_word' id='word_1_636' title='bbox 2113 3463 2380 3534; x_wconf 86' lang='grc' dir='ltr'>διαδοχήν.</span> <span class='ocrx_word' id='word_1_637' title='bbox 2403 3460 2643 3530; x_wconf 81' lang='grc' dir='ltr'>Δευτέρα</span> <span class='ocrx_word' id='word_1_638' title='bbox 2673 3459 2729 3511; x_wconf 84' lang='grc' dir='ltr'><strong>δὲ</strong></span> <span class='ocrx_word' id='word_1_639' title='bbox 2760 3456 3055 3526; x_wconf 84' lang='grc' dir='ltr'>ἐπαγγελία</span> <span class='ocrx_word' id='word_1_640' title='bbox 3078 3455 3208 3526; x_wconf 75' lang='grc' dir='ltr'>περὶ</span> <span class='ocrx_word' id='word_1_641' title='bbox 3244 3452 3337 3507; x_wconf 87' lang='grc' dir='ltr'><strong>τοῦ</strong></span> <span class='ocrx_word' id='word_1_642' title='bbox 3375 3453 3582 3525; x_wconf 78' lang='grc' dir='ltr'>θρόνου</span> 
     </span>
    </p>
   </div>
   <div class='ocr_carea' id='block_1_82' title="bbox 1990 3546 3606 3629">
    <p class='ocr_par' dir='ltr' id='par_1_82' title="bbox 1990 3546 3606 3629">
     <span class='ocr_line' id='line_1_82' title="bbox 1990 3546 3606 3629; baseline -0.009 -18"><span class='ocrx_word' id='word_1_643' title='bbox 1990 3558 2082 3612; x_wconf 85' lang='grc' dir='ltr'><strong>τοῦ</strong></span> <span class='ocrx_word' id='word_1_644' title='bbox 2114 3555 2502 3629; x_wconf 87' lang='grc' dir='ltr'>προλεχθέντος</span> <span class='ocrx_word' id='word_1_645' title='bbox 2523 3571 2538 3582; x_wconf 75' lang='grc'><em>’</em></span> <span class='ocrx_word' id='word_1_646' title='bbox 2561 3552 2643 3605; x_wconf 88' lang='grc' dir='ltr'><strong>διὸ</strong></span> <span class='ocrx_word' id='word_1_647' title='bbox 2698 3553 2793 3606; x_wconf 76' lang='grc' dir='ltr'>καὶ</span> <span class='ocrx_word' id='word_1_648' title='bbox 2846 3550 3083 3617; x_wconf 83' lang='grc' dir='ltr'>ἐπιλέγει</span> <span class='ocrx_word' id='word_1_649' title='bbox 3111 3565 3124 3578; x_wconf 76' lang='grc' dir='ltr'><strong>ο</strong></span> <span class='ocrx_word' id='word_1_650' title='bbox 3157 3546 3268 3601; x_wconf 80' lang='grc' dir='ltr'><strong>Καὶ</strong></span> <span class='ocrx_word' id='word_1_651' title='bbox 3293 3549 3326 3600; x_wconf 83' lang='grc' dir='ltr'><em>ὀ</em></span> <span class='ocrx_word' id='word_1_652' title='bbox 3356 3547 3606 3614; x_wconf 57' lang='grc' dir='ltr'>θρόνα(</span> 
     </span>
    </p>
   </div>
   <div class='ocr_carea' id='block_1_83' title="bbox 1989 3635 3579 3713">
    <p class='ocr_par' dir='ltr' id='par_1_83' title="bbox 1989 3635 3579 3713">
     <span class='ocr_line' id='line_1_83' title="bbox 1989 3635 3579 3713; baseline -0.01 -9"><span class='ocrx_word' id='word_1_653' title='bbox 1989 3649 2173 3704; x_wconf 77' lang='grc' dir='ltr'>αὐτοῦ</span> <span class='ocrx_word' id='word_1_654' title='bbox 2210 3649 2289 3713; x_wconf 88' lang='grc' dir='ltr'>ὠς</span> <span class='ocrx_word' id='word_1_655' title='bbox 2310 3650 2342 3701; x_wconf 83' lang='grc' dir='ltr'><strong>ό</strong></span> <span class='ocrx_word' id='word_1_656' title='bbox 2367 3646 2540 3713; x_wconf 75' lang='grc' dir='ltr'>ἥλιος</span> <span class='ocrx_word' id='word_1_657' title='bbox 2584 3644 2864 3697; x_wconf 73' lang='grc' dir='ltr'>ἐναντίον</span> <span class='ocrx_word' id='word_1_658' title='bbox 2894 3659 3032 3711; x_wconf 86' lang='grc' dir='ltr'>μου,</span> <span class='ocrx_word' id='word_1_659' title='bbox 3064 3639 3161 3693; x_wconf 78' lang='grc' dir='ltr'><strong>καί</strong></span> <span class='ocrx_word' id='word_1_660' title='bbox 3209 3641 3290 3703; x_wconf 86' lang='grc' dir='ltr'>ὡς</span> <span class='ocrx_word' id='word_1_661' title='bbox 3331 3635 3579 3704; x_wconf 73' lang='grc' dir='ltr'><strong>σελήνη</strong></span> 
     </span>
    </p>
   </div>
   <div class='ocr_carea' id='block_1_84' title="bbox 1991 3725 3580 3808">
    <p class='ocr_par' dir='ltr' id='par_1_84' title="bbox 1991 3725 3580 3808">
     <span class='ocr_line' id='line_1_84' title="bbox 1991 3725 3580 3808; baseline -0.011 -13"><span class='ocrx_word' id='word_1_662' title='bbox 1991 3738 2425 3808; x_wconf 68' lang='grc' dir='ltr'>κατηρτισμένη</span> <span class='ocrx_word' id='word_1_663' title='bbox 2456 3740 2543 3804; x_wconf 84' lang='grc' dir='ltr'><strong>εἰς</strong></span> <span class='ocrx_word' id='word_1_664' title='bbox 2570 3737 2677 3789; x_wconf 81' lang='grc' dir='ltr'><strong>τὸν</strong></span> <span class='ocrx_word' id='word_1_665' title='bbox 2709 3733 2912 3788; x_wconf 79' lang='grc' dir='ltr'>αἰῶνα.</span> <span class='ocrx_word' id='word_1_666' title='bbox 2947 3732 3020 3785; x_wconf 82' lang='grc' dir='ltr'>Τὸ</span> <span class='ocrx_word' id='word_1_667' title='bbox 3049 3731 3146 3801; x_wconf 86' lang='grc' dir='ltr'>μὲν</span> <span class='ocrx_word' id='word_1_668' title='bbox 3190 3725 3283 3783; x_wconf 80' lang='grc' dir='ltr'><strong>οὖν</strong></span> <span class='ocrx_word' id='word_1_669' title='bbox 3318 3728 3580 3799; x_wconf 79' lang='grc' dir='ltr'>σπέρμα,</span> 
     </span>
    </p>
   </div>
   <div class='ocr_carea' id='block_1_85' title="bbox 1991 3819 3574 3897">
    <p class='ocr_par' dir='ltr' id='par_1_85' title="bbox 1991 3819 3574 3897">
     <span class='ocr_line' id='line_1_85' title="bbox 1991 3819 3574 3897; baseline -0.009 -12"><span class='ocrx_word' id='word_1_670' title='bbox 1991 3832 2235 3886; x_wconf 86' lang='grc' dir='ltr'>τουτέστι</span> <span class='ocrx_word' id='word_1_671' title='bbox 2285 3829 2376 3882; x_wconf 81' lang='grc' dir='ltr'><strong>τὸν</strong></span> <span class='ocrx_word' id='word_1_672' title='bbox 2435 3827 2530 3880; x_wconf 88' lang='grc' dir='ltr'><strong>τοῦ</strong></span> <span class='ocrx_word' id='word_1_673' title='bbox 2589 3823 2824 3897; x_wconf 83' lang='grc' dir='ltr'>Χριστοῦ</span> <span class='ocrx_word' id='word_1_674' title='bbox 2857 3822 3278 3894; x_wconf 87' lang='grc' dir='ltr'>κατασπαρέντα</span> <span class='ocrx_word' id='word_1_675' title='bbox 3319 3821 3498 3888; x_wconf 82' lang='grc' dir='ltr'>λόγον,</span> <span class='ocrx_word' id='word_1_676' title='bbox 3540 3819 3574 3890; x_wconf 83' lang='grc' dir='ltr'><strong>ἧ</strong></span> 
     </span>
    </p>
   </div>
   <div class='ocr_carea' id='block_1_86' title="bbox 1990 3915 3578 3992">
    <p class='ocr_par' dir='ltr' id='par_1_86' title="bbox 1990 3915 3578 3992">
     <span class='ocr_line' id='line_1_86' title="bbox 1990 3915 3578 3992; baseline -0.008 -13"><span class='ocrx_word' id='word_1_677' title='bbox 1990 3927 2082 3979; x_wconf 77' lang='grc' dir='ltr'>τὸν</span> <span class='ocrx_word' id='word_1_678' title='bbox 2107 3923 2241 3978; x_wconf 80' lang='grc' dir='ltr'>λαὸν</span> <span class='ocrx_word' id='word_1_679' title='bbox 2267 3920 2432 3976; x_wconf 74' lang='grc' dir='ltr'>αὑτοῦ</span> <span class='ocrx_word' id='word_1_680' title='bbox 2470 3921 2562 3975; x_wconf 74' lang='grc' dir='ltr'><strong>καὶ</strong></span> <span class='ocrx_word' id='word_1_681' title='bbox 2594 3919 2692 3991; x_wconf 83' lang='grc' dir='ltr'><strong>τὴν</strong></span> <span class='ocrx_word' id='word_1_682' title='bbox 2733 3917 3077 3989; x_wconf 84' lang='grc' dir='ltr'>Ἐκκλησίαν,</span> <span class='ocrx_word' id='word_1_683' title='bbox 3121 3915 3316 3992; x_wconf 72' lang='grc' dir='ltr'>οὔποτε</span> <span class='ocrx_word' id='word_1_684' title='bbox 3345 3915 3578 3984; x_wconf 77' lang='grc' dir='ltr'>διαφθα-</span> 
     </span>
    </p>
   </div>
   <div class='ocr_carea' id='block_1_87' title="bbox 1994 4007 3577 4086">
    <p class='ocr_par' dir='ltr' id='par_1_87' title="bbox 1994 4007 3577 4086">
     <span class='ocr_line' id='line_1_87' title="bbox 1994 4007 3577 4086; baseline -0.006 -18"><span class='ocrx_word' id='word_1_685' title='bbox 1994 4013 2252 4086; x_wconf 81' lang='grc' dir='ltr'>ρήσεσθαί</span> <span class='ocrx_word' id='word_1_686' title='bbox 2282 4029 2468 4084; x_wconf 85' lang='grc' dir='ltr'>φησιν,</span> <span class='ocrx_word' id='word_1_687' title='bbox 2504 4010 2626 4064; x_wconf 82' lang='grc' dir='ltr'>οὐδὲ</span> <span class='ocrx_word' id='word_1_688' title='bbox 2678 4008 3003 4078; x_wconf 74' lang='grc' dir='ltr'>διαλείψειψ</span> <span class='ocrx_word' id='word_1_689' title='bbox 3034 4008 3126 4061; x_wconf 84' lang='grc' dir='ltr'><strong>τὸν</strong></span> <span class='ocrx_word' id='word_1_690' title='bbox 3155 4007 3212 4060; x_wconf 77' lang='grc' dir='ltr'><strong>δὲ</strong></span> <span class='ocrx_word' id='word_1_691' title='bbox 3235 4007 3429 4078; x_wconf 83' lang='grc' dir='ltr'>θρόνον</span> <span class='ocrx_word' id='word_1_692' title='bbox 3469 4007 3577 4059; x_wconf 63' lang='grc' dir='ltr'>αὐτ</span> 
     </span>
    </p>
   </div>
   <div class='ocr_carea' id='block_1_88' title="bbox 1991 4097 3574 4174">
    <p class='ocr_par' dir='ltr' id='par_1_88' title="bbox 1991 4097 3574 4174">
     <span class='ocr_line' id='line_1_88' title="bbox 1991 4097 3574 4174; baseline -0.006 -16"><span class='ocrx_word' id='word_1_693' title='bbox 1991 4105 2084 4158; x_wconf 82' lang='grc' dir='ltr'><strong>τοῦ</strong></span> <span class='ocrx_word' id='word_1_694' title='bbox 2108 4103 2381 4174; x_wconf 84' lang='grc' dir='ltr'>διαμένειν</span> <span class='ocrx_word' id='word_1_695' title='bbox 2417 4103 2497 4164; x_wconf 83' lang='grc' dir='ltr'><strong>εἰς</strong></span> <span class='ocrx_word' id='word_1_696' title='bbox 2525 4098 2618 4152; x_wconf 84' lang='grc' dir='ltr'><strong>τὸν</strong></span> <span class='ocrx_word' id='word_1_697' title='bbox 2654 4098 2826 4151; x_wconf 82' lang='grc' dir='ltr'>αἰῶνα</span> <span class='ocrx_word' id='word_1_698' title='bbox 2850 4115 2868 4128; x_wconf 70' lang='grc' dir='ltr'><strong><em>ο</em></strong></span> <span class='ocrx_word' id='word_1_699' title='bbox 2897 4099 2930 4168; x_wconf 78' lang='grc' dir='ltr'>ἢ</span> <span class='ocrx_word' id='word_1_700' title='bbox 2975 4097 3114 4151; x_wconf 86' lang='grc' dir='ltr'><strong>κατά</strong></span> <span class='ocrx_word' id='word_1_701' title='bbox 3136 4097 3226 4151; x_wconf 82' lang='grc' dir='ltr'><strong>τὸν</strong></span> <span class='ocrx_word' id='word_1_702' title='bbox 3254 4097 3574 4168; x_wconf 79' lang='grc' dir='ltr'>Σύμμαχον,</span> 
     </span>
    </p>
   </div>
   <div class='ocr_carea' id='block_1_89' title="bbox 2005 4188 3579 4264">
    <p class='ocr_par' dir='ltr' id='par_1_89' title="bbox 2005 4188 3579 4264">
     <span class='ocr_line' id='line_1_89' title="bbox 2005 4188 3579 4264; baseline -0.006 -16"><span class='ocrx_word' id='word_1_703' title='bbox 2005 4197 2098 4262; x_wconf 84' lang='grc' dir='ltr'>Ὠς</span> <span class='ocrx_word' id='word_1_704' title='bbox 2125 4197 2162 4261; x_wconf 74' lang='grc' dir='ltr'><strong><em>ἡ</em></strong></span> <span class='ocrx_word' id='word_1_705' title='bbox 2182 4193 2345 4264; x_wconf 82' lang='grc' dir='ltr'>μήνη</span> <span class='ocrx_word' id='word_1_706' title='bbox 2369 4192 2576 4260; x_wconf 79' lang='grc' dir='ltr'>ἐδραία</span> <span class='ocrx_word' id='word_1_707' title='bbox 2601 4194 2851 4258; x_wconf 79' lang='grc' dir='ltr'>αἰωνὶως</span> <span class='ocrx_word' id='word_1_708' title='bbox 2865 4191 3067 4260; x_wconf 73' lang='grc' dir='ltr'>μενεῖ·</span> <span class='ocrx_word' id='word_1_709' title='bbox 3099 4188 3272 4251; x_wconf 75' lang='grc' dir='ltr'>οὕτως</span> <span class='ocrx_word' id='word_1_710' title='bbox 3304 4188 3459 4240; x_wconf 80' lang='grc' dir='ltr'>ἐσται</span> <span class='ocrx_word' id='word_1_711' title='bbox 3480 4191 3579 4240; x_wconf 76' lang='grc' dir='ltr'>καὶ</span> 
     </span>
    </p>
   </div>
   <div class='ocr_carea' id='block_1_90' title="bbox 1991 4279 3576 4356">
    <p class='ocr_par' dir='ltr' id='par_1_90' title="bbox 1991 4279 3576 4356">
     <span class='ocr_line' id='line_1_90' title="bbox 1991 4279 3576 4356; baseline -0.004 -17"><span class='ocrx_word' id='word_1_712' title='bbox 1991 4285 2496 4356; x_wconf 77' lang='grc' dir='ltr'>ὁέκκλησιαστικὸς</span> <span class='ocrx_word' id='word_1_713' title='bbox 2546 4285 2640 4338; x_wconf 90' lang='grc' dir='ltr'><strong>τοῦ</strong></span> <span class='ocrx_word' id='word_1_714' title='bbox 2695 4283 2937 4356; x_wconf 79' lang='grc' dir='ltr'>Χριστοῦ</span> <span class='ocrx_word' id='word_1_715' title='bbox 2978 4282 3183 4354; x_wconf 84' lang='grc' dir='ltr'>θρόνος.</span> <span class='ocrx_word' id='word_1_716' title='bbox 3240 4281 3471 4351; x_wconf 80' lang='grc' dir='ltr'>Μήποτε</span> <span class='ocrx_word' id='word_1_717' title='bbox 3513 4279 3576 4333; x_wconf 64' lang='grc' dir='ltr'><strong>δὲ</strong></span> 
     </span>
    </p>
   </div>
   <div class='ocr_carea' id='block_1_91' title="bbox 1993 4371 3570 4449">
    <p class='ocr_par' dir='ltr' id='par_1_91' title="bbox 1993 4371 3570 4449">
     <span class='ocr_line' id='line_1_91' title="bbox 1993 4371 3570 4449; baseline -0.003 -19"><span class='ocrx_word' id='word_1_718' title='bbox 1993 4376 2270 4449; x_wconf 79' lang='grc' dir='ltr'>προειπὼν</span> <span class='ocrx_word' id='word_1_719' title='bbox 2306 4379 2334 4430; x_wconf 88' lang='grc' dir='ltr'>ὁ</span> <span class='ocrx_word' id='word_1_720' title='bbox 2363 4375 2539 4445; x_wconf 89' lang='grc' dir='ltr'>λόγος,</span> <span class='ocrx_word' id='word_1_721' title='bbox 2577 4377 2766 4442; x_wconf 77' lang='grc' dir='ltr'>Ἅπαξ</span> <span class='ocrx_word' id='word_1_722' title='bbox 2804 4376 3010 4445; x_wconf 81' lang='grc' dir='ltr'>ὤμοσα</span> <span class='ocrx_word' id='word_1_723' title='bbox 3031 4374 3101 4427; x_wconf 77' lang='grc' dir='ltr'><strong>ἐν</strong></span> <span class='ocrx_word' id='word_1_724' title='bbox 3135 4371 3217 4438; x_wconf 84' lang='grc' dir='ltr'>τῷ</span> <span class='ocrx_word' id='word_1_725' title='bbox 3232 4372 3397 4442; x_wconf 77' lang='grc' dir='ltr'>Ἁγίφ</span> <span class='ocrx_word' id='word_1_726' title='bbox 3431 4389 3570 4442; x_wconf 84' lang='grc' dir='ltr'>μου,</span> 
     </span>
    </p>
   </div>
   <div class='ocr_carea' id='block_1_92' title="bbox 323 4463 1888 4550">
    <p class='ocr_par' dir='ltr' id='par_1_92' title="bbox 323 4465 1888 4550">
     <span class='ocr_line' id='line_1_92' title="bbox 323 4465 1888 4550; baseline 0.011 -33"><span class='ocrx_word' id='word_1_727' title='bbox 323 4465 417 4520; x_wconf 81' lang='lat' dir='ltr'><strong>Dei</strong></span> <span class='ocrx_word' id='word_1_728' title='bbox 454 4467 526 4522; x_wconf 90' lang='lat' dir='ltr'><strong>sit</strong></span> <span class='ocrx_word' id='word_1_729' title='bbox 550 4467 796 4522; x_wconf 87' lang='lat' dir='ltr'><strong>doctrina</strong></span> <span class='ocrx_word' id='word_1_730' title='bbox 826 4469 947 4538; x_wconf 89' lang='lat' dir='ltr'><strong>ejus</strong></span> <span class='ocrx_word' id='word_1_731' title='bbox 979 4485 1142 4541; x_wconf 86' lang='lat' dir='ltr'><strong>quam</strong></span> <span class='ocrx_word' id='word_1_732' title='bbox 1176 4473 1231 4526; x_wconf 88' lang='lat' dir='ltr'><strong>in</strong></span> <span class='ocrx_word' id='word_1_733' title='bbox 1261 4481 1406 4529; x_wconf 88' lang='lat' dir='ltr'><strong>terra</strong></span> <span class='ocrx_word' id='word_1_734' title='bbox 1447 4479 1755 4542; x_wconf 81' lang='lat' dir='ltr'><strong>seminavit,</strong></span> <span class='ocrx_word' id='word_1_735' title='bbox 1775 4479 1888 4550; x_wconf 90' lang='lat' dir='ltr'><strong>ipse</strong></span> 
     </span>
    </p>
   </div>
   <div class='ocr_carea' id='block_1_93' title="bbox 1993 4463 3576 4550">
    <p class='ocr_par' dir='ltr' id='par_1_93' title="bbox 1994 4463 3576 4540">
     <span class='ocr_line' id='line_1_93' title="bbox 1994 4463 3576 4540; baseline -0.004 -17"><span class='ocrx_word' id='word_1_736' title='bbox 1994 4473 2085 4524; x_wconf 70' lang='grc' dir='ltr'>καὶ</span> <span class='ocrx_word' id='word_1_737' title='bbox 2138 4468 2476 4538; x_wconf 79' lang='grc' dir='ltr'>ἐπισυνάψας</span> <span class='ocrx_word' id='word_1_738' title='bbox 2515 4468 2662 4540; x_wconf 84' lang='grc' dir='ltr'>ἐξῆς,</span> <span class='ocrx_word' id='word_1_739' title='bbox 2729 4469 2795 4522; x_wconf 83' lang='grc' dir='ltr'><strong>Τὸ</strong></span> <span class='ocrx_word' id='word_1_740' title='bbox 2843 4465 3083 4536; x_wconf 81' lang='grc' dir='ltr'>σπέρμα</span> <span class='ocrx_word' id='word_1_741' title='bbox 3131 4464 3321 4519; x_wconf 82' lang='grc' dir='ltr'>αὐτοῦ</span> <span class='ocrx_word' id='word_1_742' title='bbox 3350 4467 3438 4531; x_wconf 86' lang='grc' dir='ltr'><strong>εἰς</strong></span> <span class='ocrx_word' id='word_1_743' title='bbox 3471 4463 3576 4516; x_wconf 72' lang='grc' dir='ltr'><strong>τὸν</strong></span> 
     </span>
    </p>
   </div>
   <div class='ocr_carea' id='block_1_94' title="bbox 320 4557 1891 4640">
    <p class='ocr_par' dir='ltr' id='par_1_94' title="bbox 320 4557 1891 4640">
     <span class='ocr_line' id='line_1_94' title="bbox 320 4557 1891 4640; baseline 0.01 -30"><span class='ocrx_word' id='word_1_744' title='bbox 320 4563 472 4612; x_wconf 81' lang='lat' dir='ltr'><strong>sator</strong></span> <span class='ocrx_word' id='word_1_745' title='bbox 502 4557 620 4627; x_wconf 91' lang='lat' dir='ltr'><strong>eius</strong></span> <span class='ocrx_word' id='word_1_746' title='bbox 647 4558 895 4621; x_wconf 82' lang='lat' dir='ltr'><strong>ell&#39;ectus,</strong></span> <span class='ocrx_word' id='word_1_747' title='bbox 920 4562 1219 4617; x_wconf 88' lang='lat' dir='ltr'><strong>secundum</strong></span> <span class='ocrx_word' id='word_1_748' title='bbox 1244 4566 1558 4635; x_wconf 80' lang='lat' dir='ltr'><strong>paraliolam</strong></span> <span class='ocrx_word' id='word_1_749' title='bbox 1583 4569 1650 4624; x_wconf 86' lang='lat' dir='ltr'><strong>ab</strong></span> <span class='ocrx_word' id='word_1_750' title='bbox 1683 4586 1748 4626; x_wconf 84' lang='lat' dir='ltr'><strong>eo</strong></span> <span class='ocrx_word' id='word_1_751' title='bbox 1771 4587 1891 4640; x_wconf 83' lang='lat' dir='ltr'><strong>pro-</strong></span> 
     </span>
    </p>
   </div>
   <div class='ocr_carea' id='block_1_95' title="bbox 322 4648 1890 4730">
    <p class='ocr_par' dir='ltr' id='par_1_95' title="bbox 322 4648 1890 4730">
     <span class='ocr_line' id='line_1_95' title="bbox 322 4648 1890 4730; baseline 0.013 -30"><span class='ocrx_word' id='word_1_752' title='bbox 322 4648 506 4712; x_wconf 89' lang='lat' dir='ltr'><strong>latam,</strong></span> <span class='ocrx_word' id='word_1_753' title='bbox 520 4666 626 4720; x_wconf 89' lang='lat' dir='ltr'><strong>qua</strong></span> <span class='ocrx_word' id='word_1_754' title='bbox 642 4650 773 4704; x_wconf 89' lang='lat' dir='ltr'><strong>dicit</strong></span> <span class='ocrx_word' id='word_1_755' title='bbox 794 4671 807 4706; x_wconf 93' lang='lat'><strong>:</strong></span> <span class='ocrx_word' id='word_1_756' title='bbox 833 4651 975 4707; x_wconf 78' lang='lat' dir='ltr'><strong>Exiit</strong></span> <span class='ocrx_word' id='word_1_757' title='bbox 992 4655 1081 4724; x_wconf 80' lang='lat' dir='ltr'><strong>qui</strong></span> <span class='ocrx_word' id='word_1_758' title='bbox 1104 4657 1328 4711; x_wconf 83' lang='lat' dir='ltr'><strong>seminat</strong></span> <span class='ocrx_word' id='word_1_759' title='bbox 1353 4663 1610 4716; x_wconf 85' lang='lat' dir='ltr'><strong>seminare</strong></span> <span class='ocrx_word' id='word_1_760' title='bbox 1629 4662 1694 4730; x_wconf 73' lang='grc'><strong>⁸⁵,</strong></span> <span class='ocrx_word' id='word_1_761' title='bbox 1708 4670 1763 4718; x_wconf 90' lang='lat' dir='ltr'><strong>et</strong></span> <span class='ocrx_word' id='word_1_762' title='bbox 1787 4679 1890 4719; x_wconf 68' lang='lat' dir='ltr'><strong>ca:-</strong></span> 
     </span>
    </p>
   </div>
   <div class='ocr_carea' id='block_1_96' title="bbox 320 4740 1894 4830">
    <p class='ocr_par' dir='ltr' id='par_1_96' title="bbox 320 4740 1894 4830">
     <span class='ocr_line' id='line_1_96' title="bbox 320 4740 1894 4830; baseline 0.012 -39"><span class='ocrx_word' id='word_1_763' title='bbox 320 4749 455 4794; x_wconf 87' lang='lat' dir='ltr'><strong>tcra.</strong></span> <span class='ocrx_word' id='word_1_764' title='bbox 485 4740 551 4830; x_wconf 66' lang='lat' dir='ltr'><strong>lit</strong></span> <span class='ocrx_word' id='word_1_765' title='bbox 579 4743 691 4799; x_wconf 64' lang='lat' dir='ltr'><strong>haec</strong></span> <span class='ocrx_word' id='word_1_766' title='bbox 717 4746 958 4815; x_wconf 89' lang='lat' dir='ltr'><strong>quidem,</strong></span> <span class='ocrx_word' id='word_1_767' title='bbox 988 4749 1085 4813; x_wconf 88' lang='lat' dir='ltr'><strong>ait,</strong></span> <span class='ocrx_word' id='word_1_768' title='bbox 1107 4751 1182 4804; x_wconf 91' lang='lat' dir='ltr'><strong>ita</strong></span> <span class='ocrx_word' id='word_1_769' title='bbox 1213 4759 1395 4815; x_wconf 87' lang='lat' dir='ltr'><strong>erunt,</strong></span> <span class='ocrx_word' id='word_1_770' title='bbox 1427 4753 1500 4807; x_wconf 88' lang='lat' dir='ltr'><strong>ita</strong></span> <span class='ocrx_word' id='word_1_771' title='bbox 1530 4753 1679 4819; x_wconf 84' lang='lat' dir='ltr'><strong>ﬁent,</strong></span> <span class='ocrx_word' id='word_1_772' title='bbox 1702 4763 1756 4810; x_wconf 89' lang='lat' dir='ltr'><strong>et</strong></span> <span class='ocrx_word' id='word_1_773' title='bbox 1780 4771 1894 4810; x_wconf 85' lang='lat' dir='ltr'><strong>cre-</strong></span> 
     </span>
    </p>
   </div>
   <div class='ocr_carea' id='block_1_97' title="bbox 319 4831 1891 4903">
    <p class='ocr_par' dir='ltr' id='par_1_97' title="bbox 319 4831 1891 4903">
     <span class='ocr_line' id='line_1_97' title="bbox 319 4831 1891 4903; baseline 0.013 -20"><span class='ocrx_word' id='word_1_774' title='bbox 319 4831 504 4887; x_wconf 85' lang='lat' dir='ltr'><strong>dihilia</strong></span> <span class='ocrx_word' id='word_1_775' title='bbox 530 4835 843 4894; x_wconf 80' lang='lat' dir='ltr'><strong>reddentur.</strong></span> <span class='ocrx_word' id='word_1_776' title='bbox 869 4838 1003 4893; x_wconf 85' lang='lat' dir='ltr'><strong>Nam</strong></span> <span class='ocrx_word' id='word_1_777' title='bbox 1031 4841 1225 4896; x_wconf 91' lang='lat' dir='ltr'><strong>horum</strong></span> <span class='ocrx_word' id='word_1_778' title='bbox 1250 4843 1408 4898; x_wconf 82' lang='lat' dir='ltr'><strong>testis</strong></span> <span class='ocrx_word' id='word_1_779' title='bbox 1449 4845 1621 4900; x_wconf 84' lang='lat' dir='ltr'><strong>ﬁdelis</strong></span> <span class='ocrx_word' id='word_1_780' title='bbox 1643 4854 1725 4901; x_wconf 92' lang='lat' dir='ltr'><strong>est</strong></span> <span class='ocrx_word' id='word_1_781' title='bbox 1747 4845 1891 4903; x_wconf 91' lang='lat' dir='ltr'><strong>Deus</strong></span> 
     </span>
    </p>
   </div>
   <div class='ocr_carea' id='block_1_98' title="bbox 319 4923 1892 5002">
    <p class='ocr_par' dir='ltr' id='par_1_98' title="bbox 319 4923 1892 5002">
     <span class='ocr_line' id='line_1_98' title="bbox 319 4923 1892 5002; baseline 0.008 -26"><span class='ocrx_word' id='word_1_782' title='bbox 319 4923 373 4976; x_wconf 90' lang='lat' dir='ltr'><strong>in</strong></span> <span class='ocrx_word' id='word_1_783' title='bbox 412 4926 550 4980; x_wconf 69' lang='lat' dir='ltr'><strong>coelo</strong></span> <span class='ocrx_word' id='word_1_784' title='bbox 577 4927 848 4984; x_wconf 87' lang='lat' dir='ltr'><strong>habitans.</strong></span> <span class='ocrx_word' id='word_1_785' title='bbox 878 4931 1169 4987; x_wconf 73' lang='lat' dir='ltr'><strong>Veritatem</strong></span> <span class='ocrx_word' id='word_1_786' title='bbox 1200 4949 1363 5002; x_wconf 89' lang='lat' dir='ltr'><strong>porro</strong></span> <span class='ocrx_word' id='word_1_787' title='bbox 1390 4937 1660 4991; x_wconf 89' lang='lat' dir='ltr'><strong>sermonis</strong></span> <span class='ocrx_word' id='word_1_788' title='bbox 1694 4937 1892 4990; x_wconf 77' lang='lat' dir='ltr'><strong>contir-</strong></span> 
     </span>
    </p>
   </div>
   <div class='ocr_carea' id='block_1_99' title="bbox 320 5022 1890 5082">
    <p class='ocr_par' dir='ltr' id='par_1_99' title="bbox 320 5022 1890 5082">
     <span class='ocr_line' id='line_1_99' title="bbox 320 5022 1890 5082; baseline 0.01 -16"><span class='ocrx_word' id='word_1_789' title='bbox 320 5022 432 5068; x_wconf 85' lang='lat' dir='ltr'><strong>mat</strong></span> <span class='ocrx_word' id='word_1_790' title='bbox 489 5033 671 5073; x_wconf 88' lang='lat' dir='ltr'><strong>rerum</strong></span> <span class='ocrx_word' id='word_1_791' title='bbox 725 5030 953 5077; x_wconf 83' lang='lat' dir='ltr'><strong>eventus</strong></span> <span class='ocrx_word' id='word_1_792' title='bbox 1011 5030 1064 5077; x_wconf 88' lang='lat' dir='ltr'><strong>et</strong></span> <span class='ocrx_word' id='word_1_793' title='bbox 1107 5025 1549 5082; x_wconf 88' lang='lat' dir='ltr'><strong>consummatio:</strong></span> <span class='ocrx_word' id='word_1_794' title='bbox 1586 5041 1709 5080; x_wconf 89' lang='lat' dir='ltr'><strong>nam</strong></span> <span class='ocrx_word' id='word_1_795' title='bbox 1744 5027 1890 5082; x_wconf 91' lang='lat' dir='ltr'><strong>illius</strong></span> 
     </span>
    </p>
   </div>
   <div class='ocr_carea' id='block_1_100' title="bbox 316 5108 1887 5186">
    <p class='ocr_par' dir='ltr' id='par_1_100' title="bbox 316 5108 1887 5186">
     <span class='ocr_line' id='line_1_100' title="bbox 316 5108 1887 5186; baseline 0.01 -26"><span class='ocrx_word' id='word_1_796' title='bbox 316 5121 490 5163; x_wconf 84' lang='lat' dir='ltr'><strong>cornu</strong></span> <span class='ocrx_word' id='word_1_797' title='bbox 504 5108 744 5178; x_wconf 89' lang='lat' dir='ltr'><strong>Davidis,</strong></span> <span class='ocrx_word' id='word_1_798' title='bbox 777 5113 831 5168; x_wconf 90' lang='lat' dir='ltr'><strong>id</strong></span> <span class='ocrx_word' id='word_1_799' title='bbox 855 5122 958 5180; x_wconf 90' lang='lat' dir='ltr'><strong>est,</strong></span> <span class='ocrx_word' id='word_1_800' title='bbox 981 5113 1281 5172; x_wconf 84' lang='lat' dir='ltr'><strong>Salvatoris</strong></span> <span class='ocrx_word' id='word_1_801' title='bbox 1298 5118 1472 5172; x_wconf 90' lang='lat' dir='ltr'><strong>nostri</strong></span> <span class='ocrx_word' id='word_1_802' title='bbox 1503 5117 1632 5174; x_wconf 86' lang='lat' dir='ltr'><strong>Jesu</strong></span> <span class='ocrx_word' id='word_1_803' title='bbox 1663 5117 1887 5186; x_wconf 88' lang='lat' dir='ltr'><strong>Christi,</strong></span> 
     </span>
    </p>
   </div>
   <div class='ocr_carea' id='block_1_101' title="bbox 319 5204 1891 5276">
    <p class='ocr_par' dir='ltr' id='par_1_101' title="bbox 319 5204 1891 5276">
     <span class='ocr_line' id='line_1_101' title="bbox 319 5204 1891 5276; baseline 0.01 -25"><span class='ocrx_word' id='word_1_804' title='bbox 319 5215 503 5257; x_wconf 87' lang='lat' dir='ltr'><strong>semen</strong></span> <span class='ocrx_word' id='word_1_805' title='bbox 535 5211 589 5257; x_wconf 88' lang='lat' dir='ltr'><strong>et</strong></span> <span class='ocrx_word' id='word_1_806' title='bbox 614 5204 1021 5261; x_wconf 89' lang='lat' dir='ltr'><strong>successionem</strong></span> <span class='ocrx_word' id='word_1_807' title='bbox 1067 5207 1201 5276; x_wconf 86' lang='lat' dir='ltr'><strong>ipsis</strong></span> <span class='ocrx_word' id='word_1_808' title='bbox 1243 5208 1418 5265; x_wconf 92' lang='lat' dir='ltr'><strong>oculis</strong></span> <span class='ocrx_word' id='word_1_809' title='bbox 1447 5209 1695 5267; x_wconf 89' lang='lat' dir='ltr'><strong>videmus</strong></span> <span class='ocrx_word' id='word_1_810' title='bbox 1734 5231 1747 5266; x_wconf 89' lang='lat'><strong>:</strong></span> <span class='ocrx_word' id='word_1_811' title='bbox 1781 5211 1891 5267; x_wconf 91' lang='lat' dir='ltr'><strong>imo</strong></span> 
     </span>
    </p>
   </div>
   <div class='ocr_carea' id='block_1_102' title="bbox 319 5285 1892 5372">
    <p class='ocr_par' dir='ltr' id='par_1_102' title="bbox 319 5285 1892 5372">
     <span class='ocr_line' id='line_1_102' title="bbox 319 5285 1892 5372; baseline 0.009 -28"><span class='ocrx_word' id='word_1_812' title='bbox 319 5293 481 5348; x_wconf 77' lang='lat' dir='ltr'><strong>etiam</strong></span> <span class='ocrx_word' id='word_1_813' title='bbox 516 5292 704 5350; x_wconf 88' lang='lat' dir='ltr'><strong>Sancti</strong></span> <span class='ocrx_word' id='word_1_814' title='bbox 737 5285 852 5361; x_wconf 89' lang='lat' dir='ltr'><strong>Dei,</strong></span> <span class='ocrx_word' id='word_1_815' title='bbox 877 5298 1136 5368; x_wconf 84' lang='lat' dir='ltr'><strong>unigeniti</strong></span> <span class='ocrx_word' id='word_1_816' title='bbox 1173 5299 1346 5368; x_wconf 90' lang='lat' dir='ltr'><strong>ipsius</strong></span> <span class='ocrx_word' id='word_1_817' title='bbox 1368 5298 1532 5356; x_wconf 80' lang='lat' dir='ltr'><strong>Verbi</strong></span> <span class='ocrx_word' id='word_1_818' title='bbox 1563 5317 1814 5372; x_wconf 86' lang='lat' dir='ltr'><strong>sparsum</strong></span> <span class='ocrx_word' id='word_1_819' title='bbox 1835 5303 1892 5358; x_wconf 90' lang='lat' dir='ltr'><strong>in-</strong></span> 
     </span>
    </p>
   </div>
   <div class='ocr_carea' id='block_1_103' title="bbox 321 5387 1889 5460">
    <p class='ocr_par' dir='ltr' id='par_1_103' title="bbox 321 5387 1889 5460">
     <span class='ocr_line' id='line_1_103' title="bbox 321 5387 1889 5460; baseline 0.011 -28"><span class='ocrx_word' id='word_1_820' title='bbox 321 5391 462 5437; x_wconf 78' lang='lat' dir='ltr'><strong>terra</strong></span> <span class='ocrx_word' id='word_1_821' title='bbox 501 5387 726 5443; x_wconf 80' lang='lat' dir='ltr'><strong>caeleste</strong></span> <span class='ocrx_word' id='word_1_822' title='bbox 755 5404 939 5444; x_wconf 90' lang='lat' dir='ltr'><strong>semen</strong></span> <span class='ocrx_word' id='word_1_823' title='bbox 971 5391 1296 5460; x_wconf 75' lang='lat' dir='ltr'><strong>evangelica:</strong></span> <span class='ocrx_word' id='word_1_824' title='bbox 1323 5391 1586 5448; x_wconf 70' lang='lat' dir='ltr'><strong>doctrina:</strong></span> <span class='ocrx_word' id='word_1_825' title='bbox 1627 5403 1889 5450; x_wconf 70' lang='lat' dir='ltr'><strong>aeternum</strong></span> 
     </span>
    </p>
   </div>
   <div class='ocr_carea' id='block_1_104' title="bbox 318 5482 1893 5556">
    <p class='ocr_par' dir='ltr' id='par_1_104' title="bbox 318 5482 1893 5556">
     <span class='ocr_line' id='line_1_104' title="bbox 318 5482 1893 5556; baseline 0.008 -28"><span class='ocrx_word' id='word_1_826' title='bbox 318 5489 674 5539; x_wconf 80' lang='lat' dir='ltr'><strong>perseverans</strong></span> <span class='ocrx_word' id='word_1_827' title='bbox 708 5499 721 5534; x_wconf 91' lang='lat'><strong>:</strong></span> <span class='ocrx_word' id='word_1_828' title='bbox 755 5482 989 5552; x_wconf 84' lang='lat' dir='ltr'><strong>itemque</strong></span> <span class='ocrx_word' id='word_1_829' title='bbox 1024 5483 1280 5537; x_wconf 87' lang='lat' dir='ltr'><strong>thronum</strong></span> <span class='ocrx_word' id='word_1_830' title='bbox 1325 5484 1446 5554; x_wconf 91' lang='lat' dir='ltr'><strong>eius</strong></span> <span class='ocrx_word' id='word_1_831' title='bbox 1472 5501 1569 5556; x_wconf 87' lang='lat' dir='ltr'><strong>per</strong></span> <span class='ocrx_word' id='word_1_832' title='bbox 1598 5495 1770 5541; x_wconf 89' lang='lat' dir='ltr'><strong>totum</strong></span> <span class='ocrx_word' id='word_1_833' title='bbox 1801 5503 1893 5542; x_wconf 81' lang='lat' dir='ltr'><strong>or-</strong></span> 
     </span>
    </p>
   </div>
   <div class='ocr_carea' id='block_1_105' title="bbox 318 5567 1891 5650">
    <p class='ocr_par' dir='ltr' id='par_1_105' title="bbox 318 5567 1891 5650">
     <span class='ocr_line' id='line_1_105' title="bbox 318 5567 1891 5650; baseline 0.008 -31"><span class='ocrx_word' id='word_1_834' title='bbox 318 5567 436 5621; x_wconf 75' lang='lat' dir='ltr'><strong>bem</strong></span> <span class='ocrx_word' id='word_1_835' title='bbox 459 5567 513 5622; x_wconf 85' lang='lat' dir='ltr'><strong>in</strong></span> <span class='ocrx_word' id='word_1_836' title='bbox 539 5572 768 5640; x_wconf 80' lang='lat' dir='ltr'><strong>singulis</strong></span> <span class='ocrx_word' id='word_1_837' title='bbox 797 5574 1066 5642; x_wconf 79' lang='lat' dir='ltr'><strong>gentibus,</strong></span> <span class='ocrx_word' id='word_1_838' title='bbox 1101 5575 1326 5631; x_wconf 84' lang='lat' dir='ltr'><strong>urbibus</strong></span> <span class='ocrx_word' id='word_1_839' title='bbox 1345 5576 1501 5640; x_wconf 89' lang='lat' dir='ltr'><strong>,vicis</strong></span> <span class='ocrx_word' id='word_1_840' title='bbox 1527 5586 1580 5633; x_wconf 82' lang='lat' dir='ltr'><strong>et</strong></span> <span class='ocrx_word' id='word_1_841' title='bbox 1614 5579 1758 5650; x_wconf 72' lang='lat' dir='ltr'><strong>agris</strong></span> <span class='ocrx_word' id='word_1_842' title='bbox 1781 5585 1891 5634; x_wconf 90' lang='lat' dir='ltr'><strong>sta-</strong></span> 
     </span>
    </p>
   </div>
   <div class='ocr_carea' id='block_1_106' title="bbox 385 5659 1428 5727">
    <p class='ocr_par' dir='ltr' id='par_1_106' title="bbox 385 5659 1428 5727">
     <span class='ocr_line' id='line_1_106' title="bbox 385 5659 1428 5727; baseline 0.015 -19"><span class='ocrx_word' id='word_1_843' title='bbox 385 5659 431 5690; x_wconf 69' lang='lat'><strong>“</strong></span> <span class='ocrx_word' id='word_1_844' title='bbox 471 5660 634 5718; x_wconf 77' lang='lat' dir='ltr'><strong>&quot;chr.</strong></span> <span class='ocrx_word' id='word_1_845' title='bbox 668 5679 753 5724; x_wconf 83' lang='lat' dir='ltr'><strong>tv,</strong></span> <span class='ocrx_word' id='word_1_846' title='bbox 793 5663 879 5717; x_wconf 77' lang='grc'><strong>16.</strong></span> <span class='ocrx_word' id='word_1_847' title='bbox 956 5667 1000 5696; x_wconf 74' lang='grc'><strong>⁸⁸</strong></span> <span class='ocrx_word' id='word_1_848' title='bbox 1041 5665 1173 5722; x_wconf 88' lang='lat' dir='ltr'><strong>Luc.</strong></span> <span class='ocrx_word' id='word_1_849' title='bbox 1210 5684 1336 5727; x_wconf 83' lang='lat' dir='ltr'><strong>vni.</strong></span> <span class='ocrx_word' id='word_1_850' title='bbox 1374 5671 1428 5724; x_wconf 83' lang='lat'><strong>5.</strong></span> 
     </span>
    </p>
   </div>
   <div class='ocr_carea' id='block_1_107' title="bbox 387 5751 1589 5821">
    <p class='ocr_par' dir='ltr' id='par_1_107' title="bbox 387 5751 1589 5821">
     <span class='ocr_line' id='line_1_107' title="bbox 387 5751 1589 5821; baseline 0.012 -20"><span class='ocrx_word' id='word_1_851' title='bbox 387 5752 463 5821; x_wconf 85' lang='lat' dir='ltr'><strong>(l)</strong></span> <span class='ocrx_word' id='word_1_852' title='bbox 499 5751 635 5804; x_wconf 74' lang='lat' dir='ltr'><strong>LXX</strong></span> <span class='ocrx_word' id='word_1_853' title='bbox 665 5753 849 5820; x_wconf 75' lang='lat' dir='ltr'><strong>legunt</strong></span> <span class='ocrx_word' id='word_1_854' title='bbox 889 5759 1060 5821; x_wconf 79' lang='grc' dir='ltr'>μενεῖ,</span> <span class='ocrx_word' id='word_1_855' title='bbox 1097 5758 1150 5810; x_wconf 86' lang='lat' dir='ltr'><strong>in</strong></span> <span class='ocrx_word' id='word_1_856' title='bbox 1192 5759 1396 5814; x_wconf 83' lang='lat' dir='ltr'><strong>futuro.</strong></span> <span class='ocrx_word' id='word_1_857' title='bbox 1433 5761 1589 5818; x_wconf 69' lang='lat' dir='ltr'><strong>Et)”.</strong></span> 
     </span>
    </p>
   </div>
   <div class='ocr_carea' id='block_1_108' title="bbox 1993 4557 3575 4631">
    <p class='ocr_par' dir='ltr' id='par_1_108' title="bbox 1993 4557 3575 4631">
     <span class='ocr_line' id='line_1_108' title="bbox 1993 4557 3575 4631; baseline -0.006 -16"><span class='ocrx_word' id='word_1_858' title='bbox 1993 4561 2176 4615; x_wconf 71' lang='grc' dir='ltr'>αἰῶνα</span> <span class='ocrx_word' id='word_1_859' title='bbox 2187 4561 2373 4631; x_wconf 74' lang='grc' dir='ltr'>μένει,</span> <span class='ocrx_word' id='word_1_860' title='bbox 2391 4560 2484 4614; x_wconf 90' lang='grc' dir='ltr'><strong>τοῦ</strong></span> <span class='ocrx_word' id='word_1_861' title='bbox 2500 4560 2679 4629; x_wconf 85' lang='grc' dir='ltr'>Ἀγίου</span> <span class='ocrx_word' id='word_1_862' title='bbox 2693 4558 2924 4613; x_wconf 82' lang='grc' dir='ltr'>αὐτοῦ’τδ</span> <span class='ocrx_word' id='word_1_863' title='bbox 2948 4557 3168 4628; x_wconf 79' lang='grc' dir='ltr'>σπέρμα</span> <span class='ocrx_word' id='word_1_864' title='bbox 3181 4557 3482 4627; x_wconf 79' lang='grc' dir='ltr'>κρατήσειν</span> <span class='ocrx_word' id='word_1_865' title='bbox 3497 4557 3575 4618; x_wconf 88' lang='grc' dir='ltr'><strong>εἰς</strong></span> 
     </span>
    </p>
   </div>
   <div class='ocr_carea' id='block_1_109' title="bbox 1997 4644 3572 4720">
    <p class='ocr_par' dir='ltr' id='par_1_109' title="bbox 1997 4644 3572 4720">
     <span class='ocr_line' id='line_1_109' title="bbox 1997 4644 3572 4720; baseline -0.007 -13"><span class='ocrx_word' id='word_1_866' title='bbox 1997 4654 2167 4708; x_wconf 86' lang='grc' dir='ltr'>αἰῶνα</span> <span class='ocrx_word' id='word_1_867' title='bbox 2192 4652 2437 4716; x_wconf 77' lang='grc' dir='ltr'>θεσπίζει</span> <span class='ocrx_word' id='word_1_868' title='bbox 2457 4669 2471 4715; x_wconf 90' lang='grc'>;</span> <span class='ocrx_word' id='word_1_869' title='bbox 2495 4652 2571 4714; x_wconf 82' lang='grc' dir='ltr'>ὼς</span> <span class='ocrx_word' id='word_1_870' title='bbox 2587 4646 2724 4704; x_wconf 83' lang='grc' dir='ltr'>εἶναι</span> <span class='ocrx_word' id='word_1_871' title='bbox 2749 4649 2970 4720; x_wconf 84' lang='grc' dir='ltr'>σπέρμα</span> <span class='ocrx_word' id='word_1_872' title='bbox 2986 4647 3080 4701; x_wconf 88' lang='grc' dir='ltr'><strong>τοῦ</strong></span> <span class='ocrx_word' id='word_1_873' title='bbox 3097 4647 3282 4715; x_wconf 86' lang='grc' dir='ltr'>Ἀγίου</span> <span class='ocrx_word' id='word_1_874' title='bbox 3297 4645 3393 4699; x_wconf 90' lang='grc' dir='ltr'><strong>τοῦ</strong></span> <span class='ocrx_word' id='word_1_875' title='bbox 3415 4644 3572 4707; x_wconf 84' lang='grc' dir='ltr'>Θεοῦ,</span> 
     </span>
    </p>
   </div>
   <div class='ocr_carea' id='block_1_110' title="bbox 1997 4738 3572 4820">
    <p class='ocr_par' dir='ltr' id='par_1_110' title="bbox 1997 4738 3572 4820">
     <span class='ocr_line' id='line_1_110' title="bbox 1997 4738 3572 4820; baseline -0.007 -19"><span class='ocrx_word' id='word_1_876' title='bbox 1997 4747 2196 4820; x_wconf 78' lang='grc' dir='ltr'>δηλαδὴ</span> <span class='ocrx_word' id='word_1_877' title='bbox 2217 4745 2311 4800; x_wconf 88' lang='grc' dir='ltr'><strong>τοῦ</strong></span> <span class='ocrx_word' id='word_1_878' title='bbox 2334 4744 2672 4814; x_wconf 84' lang='grc' dir='ltr'>Μονογενοῦς</span> <span class='ocrx_word' id='word_1_879' title='bbox 2691 4743 2784 4795; x_wconf 86' lang='grc' dir='ltr'><strong>τοῦ</strong></span> <span class='ocrx_word' id='word_1_880' title='bbox 2812 4741 2968 4806; x_wconf 86' lang='grc' dir='ltr'>Θεοῦ,</span> <span class='ocrx_word' id='word_1_881' title='bbox 2993 4741 3058 4810; x_wconf 82' lang='grc' dir='ltr'>ἢν</span> <span class='ocrx_word' id='word_1_882' title='bbox 3083 4738 3338 4810; x_wconf 79' lang='grc' dir='ltr'>ἔσπειρεν</span> <span class='ocrx_word' id='word_1_883' title='bbox 3357 4739 3451 4791; x_wconf 74' lang='grc' dir='ltr'><strong>ἐπὶ</strong></span> <span class='ocrx_word' id='word_1_884' title='bbox 3473 4738 3572 4807; x_wconf 77' lang='grc' dir='ltr'>γῆς</span> 
     </span>
    </p>
   </div>
   <div class='ocr_carea' id='block_1_111' title="bbox 1995 4829 3573 4906">
    <p class='ocr_par' dir='ltr' id='par_1_111' title="bbox 1995 4829 3573 4906">
     <span class='ocr_line' id='line_1_111' title="bbox 1995 4829 3573 4906; baseline -0.01 -11"><span class='ocrx_word' id='word_1_885' title='bbox 1995 4839 2361 4902; x_wconf 84' lang='grc' dir='ltr'>διδασκαλίαν,</span> <span class='ocrx_word' id='word_1_886' title='bbox 2403 4838 2564 4901; x_wconf 86' lang='grc' dir='ltr'>αὐτὸς</span> <span class='ocrx_word' id='word_1_887' title='bbox 2597 4835 2885 4906; x_wconf 82' lang='grc' dir='ltr'>γενόμενος</span> <span class='ocrx_word' id='word_1_888' title='bbox 2918 4831 3087 4902; x_wconf 78' lang='grc' dir='ltr'>αὐτῆς</span> <span class='ocrx_word' id='word_1_889' title='bbox 3120 4831 3359 4901; x_wconf 76' lang='grc' dir='ltr'>σπορεὺς</span> <span class='ocrx_word' id='word_1_890' title='bbox 3379 4873 3395 4896; x_wconf 94' lang='grc'><strong>,</strong></span> <span class='ocrx_word' id='word_1_891' title='bbox 3437 4829 3573 4884; x_wconf 76' lang='grc' dir='ltr'>κατᾶ</span> 
     </span>
    </p>
   </div>
   <div class='ocr_carea' id='block_1_112' title="bbox 1996 4918 3569 5004">
    <p class='ocr_par' dir='ltr' id='par_1_112' title="bbox 1996 4918 3569 5004">
     <span class='ocr_line' id='line_1_112' title="bbox 1996 4918 3569 5004; baseline -0.01 -17"><span class='ocrx_word' id='word_1_892' title='bbox 1996 4934 2095 5004; x_wconf 75' lang='grc' dir='ltr'>τὴν</span> <span class='ocrx_word' id='word_1_893' title='bbox 2120 4932 2399 5003; x_wconf 86' lang='grc' dir='ltr'>λεχθεῖσαν</span> <span class='ocrx_word' id='word_1_894' title='bbox 2427 4930 2515 4982; x_wconf 83' lang='grc' dir='ltr'>ὑπ’</span> <span class='ocrx_word' id='word_1_895' title='bbox 2547 4927 2710 4983; x_wconf 85' lang='grc' dir='ltr'>αὑτοῦ</span> <span class='ocrx_word' id='word_1_896' title='bbox 2761 4924 3096 4998; x_wconf 77' lang='grc' dir='ltr'>παραϐολὴν,</span> <span class='ocrx_word' id='word_1_897' title='bbox 3124 4924 3190 4976; x_wconf 85' lang='grc' dir='ltr'>δι’</span> <span class='ocrx_word' id='word_1_898' title='bbox 3220 4918 3288 4994; x_wconf 82' lang='grc' dir='ltr'>ἦς</span> <span class='ocrx_word' id='word_1_899' title='bbox 3319 4922 3534 4993; x_wconf 76' lang='grc' dir='ltr'>εἴρηται</span> <span class='ocrx_word' id='word_1_900' title='bbox 3554 4937 3569 4948; x_wconf 84' lang='grc'><em>’</em></span> 
     </span>
    </p>
   </div>
   <div class='ocr_carea' id='block_1_113' title="bbox 2011 5011 3566 5093">
    <p class='ocr_par' dir='ltr' id='par_1_113' title="bbox 2011 5011 3566 5093">
     <span class='ocr_line' id='line_1_113' title="bbox 2011 5011 3566 5093; baseline -0.009 -16"><span class='ocrx_word' id='word_1_901' title='bbox 2011 5024 2294 5093; x_wconf 77' lang='grc' dir='ltr'>Ἐξῆλθεν</span> <span class='ocrx_word' id='word_1_902' title='bbox 2340 5026 2373 5077; x_wconf 86' lang='grc' dir='ltr'><em>ὀ</em></span> <span class='ocrx_word' id='word_1_903' title='bbox 2431 5022 2696 5088; x_wconf 76' lang='grc' dir='ltr'>σπείρων</span> <span class='ocrx_word' id='word_1_904' title='bbox 2741 5018 2848 5073; x_wconf 80' lang='grc' dir='ltr'><strong>τοῦ</strong></span> <span class='ocrx_word' id='word_1_905' title='bbox 2887 5015 3144 5084; x_wconf 71' lang='grc' dir='ltr'>σπεῖραι,</span> <span class='ocrx_word' id='word_1_906' title='bbox 3187 5015 3284 5068; x_wconf 77' lang='grc' dir='ltr'>καὶ</span> <span class='ocrx_word' id='word_1_907' title='bbox 3320 5013 3391 5066; x_wconf 83' lang='grc' dir='ltr'><strong>τά</strong></span> <span class='ocrx_word' id='word_1_908' title='bbox 3427 5011 3566 5081; x_wconf 78' lang='grc' dir='ltr'>ἑξῆς.</span> 
     </span>
    </p>
   </div>
   <div class='ocr_carea' id='block_1_114' title="bbox 1997 5102 3570 5185">
    <p class='ocr_par' dir='ltr' id='par_1_114' title="bbox 1997 5102 3570 5185">
     <span class='ocr_line' id='line_1_114' title="bbox 1997 5102 3570 5185; baseline -0.009 -15"><span class='ocrx_word' id='word_1_909' title='bbox 1997 5117 2107 5170; x_wconf 76' lang='grc' dir='ltr'>Καὶ</span> <span class='ocrx_word' id='word_1_910' title='bbox 2133 5116 2304 5170; x_wconf 87' lang='grc' dir='ltr'>ταῦτα</span> <span class='ocrx_word' id='word_1_911' title='bbox 2323 5115 2441 5185; x_wconf 82' lang='grc' dir='ltr'>μὲν,</span> <span class='ocrx_word' id='word_1_912' title='bbox 2461 5113 2645 5184; x_wconf 78' lang='grc' dir='ltr'>φησὶν,</span> <span class='ocrx_word' id='word_1_913' title='bbox 2667 5110 2835 5173; x_wconf 76' lang='grc' dir='ltr'>οὕτως</span> <span class='ocrx_word' id='word_1_914' title='bbox 2867 5109 3019 5162; x_wconf 74' lang='grc' dir='ltr'>ἔσται</span> <span class='ocrx_word' id='word_1_915' title='bbox 3048 5109 3140 5160; x_wconf 73' lang='grc' dir='ltr'>καὶ</span> <span class='ocrx_word' id='word_1_916' title='bbox 3154 5107 3448 5177; x_wconf 84' lang='grc' dir='ltr'>γενήσεται</span> <span class='ocrx_word' id='word_1_917' title='bbox 3481 5102 3570 5157; x_wconf 79' lang='grc' dir='ltr'>καὶ</span> 
     </span>
    </p>
   </div>
   <div class='ocr_carea' id='block_1_115' title="bbox 1997 5198 3567 5279">
    <p class='ocr_par' dir='ltr' id='par_1_115' title="bbox 1997 5198 3567 5279">
     <span class='ocr_line' id='line_1_115' title="bbox 1997 5198 3567 5279; baseline -0.008 -18"><span class='ocrx_word' id='word_1_918' title='bbox 1997 5208 2422 5279; x_wconf 84' lang='grc' dir='ltr'>πιστωθήσεται.</span> <span class='ocrx_word' id='word_1_919' title='bbox 2477 5207 2536 5259; x_wconf 87' lang='lat'><strong>&#39;0</strong></span> <span class='ocrx_word' id='word_1_920' title='bbox 2581 5204 2688 5275; x_wconf 89' lang='grc' dir='ltr'><strong>γάρ</strong></span> <span class='ocrx_word' id='word_1_921' title='bbox 2715 5203 2919 5257; x_wconf 86' lang='grc' dir='ltr'>τούτων</span> <span class='ocrx_word' id='word_1_922' title='bbox 2956 5201 3166 5272; x_wconf 81' lang='grc' dir='ltr'>μάρτυς</span> <span class='ocrx_word' id='word_1_923' title='bbox 3210 5198 3401 5260; x_wconf 86' lang='grc' dir='ltr'>πιστός</span> <span class='ocrx_word' id='word_1_924' title='bbox 3427 5199 3567 5250; x_wconf 81' lang='grc' dir='ltr'>ἐστιν</span> 
     </span>
    </p>
   </div>
   <div class='ocr_carea' id='block_1_116' title="bbox 1995 5289 3564 5374">
    <p class='ocr_par' dir='ltr' id='par_1_116' title="bbox 1995 5289 3564 5374">
     <span class='ocr_line' id='line_1_116' title="bbox 1995 5289 3564 5374; baseline -0.01 -19"><span class='ocrx_word' id='word_1_925' title='bbox 1995 5305 2024 5355; x_wconf 89' lang='lat'><strong>6</strong></span> <span class='ocrx_word' id='word_1_926' title='bbox 2050 5305 2106 5355; x_wconf 88' lang='grc' dir='ltr'><strong>ἐν</strong></span> <span class='ocrx_word' id='word_1_927' title='bbox 2137 5301 2351 5374; x_wconf 84' lang='grc' dir='ltr'>οὐρανῷ</span> <span class='ocrx_word' id='word_1_928' title='bbox 2383 5298 2650 5352; x_wconf 84' lang='grc' dir='ltr'>κατοικῶν</span> <span class='ocrx_word' id='word_1_929' title='bbox 2682 5297 2832 5360; x_wconf 83' lang='grc' dir='ltr'>Θεός.</span> <span class='ocrx_word' id='word_1_930' title='bbox 2880 5291 3166 5362; x_wconf 84' lang='grc' dir='ltr'>Συνίστησι</span> <span class='ocrx_word' id='word_1_931' title='bbox 3198 5291 3255 5343; x_wconf 86' lang='grc' dir='ltr'><strong>δέ</strong></span> <span class='ocrx_word' id='word_1_932' title='bbox 3285 5290 3383 5345; x_wconf 89' lang='grc' dir='ltr'><strong>τοῦ</strong></span> <span class='ocrx_word' id='word_1_933' title='bbox 3414 5289 3564 5355; x_wconf 81' lang='grc' dir='ltr'>λόγου</span> 
     </span>
    </p>
   </div>
   <div class='ocr_carea' id='block_1_117' title="bbox 1998 5381 3564 5468">
    <p class='ocr_par' dir='ltr' id='par_1_117' title="bbox 1998 5381 3564 5468">
     <span class='ocr_line' id='line_1_117' title="bbox 1998 5381 3564 5468; baseline -0.012 -17"><span class='ocrx_word' id='word_1_934' title='bbox 1998 5397 2096 5468; x_wconf 83' lang='grc' dir='ltr'><strong>τὴν</strong></span> <span class='ocrx_word' id='word_1_935' title='bbox 2130 5395 2389 5467; x_wconf 82' lang='grc' dir='ltr'>ἀλήθειαν</span> <span class='ocrx_word' id='word_1_936' title='bbox 2417 5394 2478 5448; x_wconf 85' lang='grc' dir='ltr'>τὺ</span> <span class='ocrx_word' id='word_1_937' title='bbox 2504 5391 2594 5446; x_wconf 87' lang='grc' dir='ltr'>διὰ</span> <span class='ocrx_word' id='word_1_938' title='bbox 2612 5389 2720 5444; x_wconf 85' lang='grc' dir='ltr'><strong>τῶν</strong></span> <span class='ocrx_word' id='word_1_939' title='bbox 2753 5388 2927 5460; x_wconf 71' lang='grc' dir='ltr'>ἔργων</span> <span class='ocrx_word' id='word_1_940' title='bbox 2961 5385 3307 5454; x_wconf 84' lang='grc' dir='ltr'>ἀποτέλεσμα</span> <span class='ocrx_word' id='word_1_941' title='bbox 3328 5399 3341 5411; x_wconf 92' lang='grc'><strong>·</strong></span> <span class='ocrx_word' id='word_1_942' title='bbox 3374 5381 3564 5452; x_wconf 67' lang='grc' dir='ltr'>ὀφθαλ-</span> 
     </span>
    </p>
   </div>
   <div class='ocr_carea' id='block_1_118' title="bbox 2003 5471 3560 5561">
    <p class='ocr_par' dir='ltr' id='par_1_118' title="bbox 2003 5471 3560 5561">
     <span class='ocr_line' id='line_1_118' title="bbox 2003 5471 3560 5561; baseline -0.011 -21"><span class='ocrx_word' id='word_1_943' title='bbox 2003 5490 2118 5561; x_wconf 81' lang='grc' dir='ltr'>μοῖς</span> <span class='ocrx_word' id='word_1_944' title='bbox 2137 5487 2244 5558; x_wconf 90' lang='grc' dir='ltr'><strong>γάρ</strong></span> <span class='ocrx_word' id='word_1_945' title='bbox 2271 5485 2485 5558; x_wconf 82' lang='grc' dir='ltr'>ὁρῶμεν</span> <span class='ocrx_word' id='word_1_946' title='bbox 2496 5484 2587 5537; x_wconf 90' lang='grc' dir='ltr'><strong>τοῦ</strong></span> <span class='ocrx_word' id='word_1_947' title='bbox 2612 5482 2787 5554; x_wconf 85' lang='grc' dir='ltr'>κέρως</span> <span class='ocrx_word' id='word_1_948' title='bbox 2809 5478 2987 5541; x_wconf 78' lang='grc' dir='ltr'><strong>Δαυῖδ,</strong></span> <span class='ocrx_word' id='word_1_949' title='bbox 3004 5475 3247 5530; x_wconf 86' lang='grc' dir='ltr'>τουτέστι</span> <span class='ocrx_word' id='word_1_950' title='bbox 3271 5473 3365 5526; x_wconf 86' lang='grc' dir='ltr'><strong>τοῦ</strong></span> 
     </span>
    </p>
   </div>
   <div class='ocr_carea' id='block_1_119' title="bbox 2006 5563 3556 5654">
    <p class='ocr_par' dir='ltr' id='par_1_119' title="bbox 2006 5563 3556 5654">
     <span class='ocr_line' id='line_1_119' title="bbox 2006 5563 3556 5654; baseline -0.009 -23"><span class='ocrx_word' id='word_1_951' title='bbox 2006 5595 2095 5650; x_wconf 90' lang='grc' dir='ltr'><strong>ρος</strong></span> <span class='ocrx_word' id='word_1_952' title='bbox 2129 5577 2284 5647; x_wconf 84' lang='grc' dir='ltr'>ήμῶν</span> <span class='ocrx_word' id='word_1_953' title='bbox 2311 5574 2495 5654; x_wconf 33' lang='grc' dir='ltr'>,Ἰησοῦ</span> <span class='ocrx_word' id='word_1_954' title='bbox 2527 5571 2783 5640; x_wconf 80' lang='grc' dir='ltr'>Χριστοῦ,</span> <span class='ocrx_word' id='word_1_955' title='bbox 2809 5570 2870 5624; x_wconf 74' lang='grc' dir='ltr'>τὸ</span> <span class='ocrx_word' id='word_1_956' title='bbox 2901 5568 3118 5639; x_wconf 85' lang='grc' dir='ltr'>σπέρμα</span> <span class='ocrx_word' id='word_1_957' title='bbox 3154 5566 3248 5620; x_wconf 74' lang='grc' dir='ltr'><strong>καὶ</strong></span> <span class='ocrx_word' id='word_1_958' title='bbox 3277 5565 3376 5619; x_wconf 61' lang='grc' dir='ltr'>τ’ἰην</span> <span class='ocrx_word' id='word_1_959' title='bbox 3397 5563 3556 5619; x_wconf 74' lang='grc' dir='ltr'><strong>διαδῦ-</strong></span> 
     </span>
    </p>
   </div>
   <div class='ocr_carea' id='block_1_120' title="bbox 2076 5753 3108 5826">
    <p class='ocr_par' dir='ltr' id='par_1_120' title="bbox 2076 5753 3108 5826">
     <span class='ocr_line' id='line_1_120' title="bbox 2076 5753 3108 5826; baseline 0.005 -19"><span class='ocrx_word' id='word_1_960' title='bbox 2076 5755 2152 5826; x_wconf 64' lang='grc'><strong>(2)</strong></span> <span class='ocrx_word' id='word_1_961' title='bbox 2186 5756 2344 5812; x_wconf 77' lang='lat' dir='ltr'><strong>Forte</strong></span> <span class='ocrx_word' id='word_1_962' title='bbox 2376 5756 2476 5826; x_wconf 73' lang='lat' dir='ltr'><strong>leg.</strong></span> <span class='ocrx_word' id='word_1_963' title='bbox 2514 5753 2921 5824; x_wconf 68' lang='grc' dir='ltr'>διαψεύσεσθαι.</span> <span class='ocrx_word' id='word_1_964' title='bbox 2951 5756 3108 5813; x_wconf 72' lang='lat' dir='ltr'><strong>Enn.</strong></span> 
     </span>
    </p>
   </div>
  </div>
