3830 6288
194 381 316 439 “09

1214 364 1711 424 COMMENTARIA
1744 363 1810 418 IN
1841 359 2179 418 PSALMOS.

3256 360 3394 417 1110

189 499 309 566 χήν·
342 487 471 544 ἀλλά
517 486 611 539 καὶ
659 483 751 538 τοῦ
767 483 947 552 Ἀγίου
978 482 1070 536 τοῦ
1103 482 1238 536 Θεοῦ
1285 482 1376 536 τοῦ
1413 479 1716 555 μονογενοῦς

1833 478 2065 542 bilitum,
2097 477 2391 546 orbemque
2421 484 2588 530 totum
2613 476 2922 546 implentem
2952 475 3214 532 videmus.
3243 473 3399 541 Quod

188 581 333 638 αὑτοῦ
355 579 519 646 Λόγου
545 576 607 628 τὸ
633 573 966 643 καταϐληθὲν
995 574 1086 626 ἐπὶ
1109 573 1210 644 γῆς
1233 572 1478 645 οὐράνιον
1511 572 1731 642 σπέρμα

186 673 272 742 τῆς
297 665 644 735 εὐαγγελικῆς
657 662 1001 726 διδασκαλίας
1021 660 1344 725 διαιωνίζοψ
1380 662 1438 715 οὐ
1468 662 1572 732 μὴν
1596 659 1730 713 ἀλλά

187 762 271 815 καὶ
319 756 434 812 καθ’
477 756 603 825 ὅλης
629 754 728 823 τῆς
765 752 1064 824 ἀνθρώπων
1101 751 1445 824 οἰκουμένης,
1475 755 1533 806 ὲν
1565 753 1730 805 πᾶσιν

185 853 364 912 ἔθνεσι,
401 847 579 900 πόλεσί
605 864 664 899 τε
692 846 784 899 καὶ
822 845 1034 916 κώμαις
1057 846 1150 898 καὶ
1174 844 1377 916 χώραις
1405 844 1619 917 ὁρῶμεν
1639 844 1730 897 τὸν

187 945 236 995 έν
261 943 322 1011 τῇ
378 937 668 1008 Ἐκκλησία
699 935 861 990 αὐτοῦ
890 935 1170 1006 ἱδρυμένον
1203 934 1389 1006 θρόνον
1423 934 1729 1006 πληροῦντα

183 1033 266 1085 τὸν
292 1029 570 1100 σύμπαντα
599 1027 819 1097 κόσμον.
849 1027 911 1079 Et
936 1025 992 1079 δέ
1014 1043 1096 1088 τις
1128 1025 1201 1096 μὴ
1232 1025 1422 1090 οὕτως,
1445 1025 1579 1078 ἀλλά
1604 1025 1730 1076 Ἰου-

184 1120 368 1182 δαῖκῶς
395 1117 609 1171 έκλάϐοι
646 1116 732 1170 τὸν
758 1115 965 1186 θρόνον,
996 1115 1094 1186 τὴν
1123 1115 1435 1186 σωματικὴν
1459 1112 1729 1185 βασιλείαν

182 1211 264 1264 τοῦ
295 1208 451 1262 Δαυῒδ
478 1207 730 1275 λέγεσθαι
783 1203 1038 1277 νομίζων,
1065 1205 1277 1276 ψευδεῖς
1316 1203 1729 1275 ἐλεγχθήσονται

183 1302 230 1354 αἰ
259 1301 593 1370 προφητεῖαι.
630 1295 784 1350 Μετὰ
815 1296 923 1367 γάρ
970 1297 1068 1367 τὴν
1102 1298 1181 1359 εἰς
1207 1294 1497 1348 Βαϐυλῶνα
1527 1296 1729 1366 αἰχμα-

180 1391 360 1443 λωσίαν
407 1388 500 1442 τοῦ
534 1387 801 1442 Ἰουδαίων
847 1387 1049 1452 ἔθνους,
1087 1387 1258 1450 οὐδεὶς
1293 1387 1372 1450 είς
1409 1386 1502 1438 τὸν
1545 1386 1730 1457 θρόνον

179 1480 426 1551 ἐκαθέσθη
479 1479 642 1532 Δαυῖδ
663 1496 676 1510 °
714 1478 774 1544 ἐξ
815 1479 1020 1532 ἐκείνου
1046 1477 1100 1530 δὲ
1135 1478 1228 1531 καὶ
1255 1478 1334 1540 είς
1358 1476 1534 1548 δεῦρο,
1566 1475 1730 1544 ἐγγύς

179 1590 265 1627 που
294 1572 383 1642 ἔτη
408 1571 664 1642 τυγχάνει
696 1571 863 1641 χίλια,
882 1570 941 1634 ἐξ
961 1564 1042 1632 οῦ,
1068 1567 1488 1640 καθαιρεθείσης
1509 1567 1607 1638 τῆς
1637 1569 1730 1640 βα-

177 1665 362 1728 σιλείας
400 1662 588 1726 αὑτοῦ,
629 1662 844 1732 καὶτῆς
871 1661 1116 1731 διαδοχῆς
1149 1659 1310 1713 αὐτοῦ
1351 1658 1728 1730 παυσαμένης,

1535 1747 1561 1759 ~

173 1753 342 1807 λέλυτο
367 1753 462 1806 τοῦ
491 1751 653 1806 Δαυτδ
685 1753 713 1805 6
748 1751 952 1824 θρόνος.
985 1751 1075 1804 Διὸ
1105 1749 1167 1822 δὴ
1217 1749 1283 1804 τὰ
1306 1749 1434 1820 ἑξῆς
1471 1747 1563 1801 τοῦ
1597 1747 1730 1818 ψαλ-

1829 569 2032 640 siquis
2080 584 2188 623 non
2240 568 2344 624 hac
2393 568 2622 630 ratione,
2653 569 2748 623 sed
2800 567 3026 624 Iudaico
3072 583 3218 624 more
3247 568 3400 621 thro-

1830 675 1958 714 num
1991 661 2245 730 accipiat,
2280 666 2431 715 ratus
2463 673 2787 728 corporeum
2817 657 3036 715 Davidis
3066 674 3292 728 regnum
3324 659 3398 712 ita

1829 750 2034 816 vocari,
2062 751 2210 805 falsae
2244 749 2718 820 deprehendentur
2757 750 3072 819 prophetiae.
3104 748 3238 804 Nam
3274 759 3400 822 post

1827 842 2065 898 Iudaicae
2098 844 2278 912 gentis
2316 843 2370 896 in
2410 840 2683 913 Babylone
2723 841 3112 909 captivitatem,
3144 857 3304 896 nemo
3344 842 3398 894 in

1831 935 2026 988 throno
2069 931 2286 988 Davidis
2339 932 2476 987 sedit
2527 950 2539 986 :
2579 931 2672 986 sed
2725 947 2786 986 ex
2839 931 2929 985 illo
2967 931 3034 985 ad
3073 932 3177 988 hoc
3224 947 3400 1002 usque

1830 1033 2043 1094 tempus
2090 1025 2216 1078 anni
2276 1033 2404 1080 sunt
2464 1023 2684 1078 circiter
2737 1023 2904 1086 mille,
2939 1037 2967 1076 a
2997 1037 3106 1092 quo
3135 1031 3396 1093 tempore,

1828 1119 1947 1188 ejus
1962 1117 2245 1172 destructo
2266 1133 2454 1189 regno,
2473 1133 2535 1172 ac
2558 1119 2730 1187 ipsius
2753 1116 3105 1172 successione
3127 1124 3396 1178 cessante,

1829 1209 2051 1266 Davidis
2103 1210 2335 1264 thronus
2399 1210 2610 1265 solutus
2666 1215 2769 1265 est.
2802 1208 3166 1275 Quamobrem
3219 1217 3404 1278 postc-

1830 1300 1975 1354 riora
2023 1300 2219 1369 psalmi
2267 1298 2413 1354 dicta
2449 1300 2562 1354 hinc
2604 1300 2722 1370 ipsa
2769 1299 3075 1370 deplorant,
3109 1309 3401 1370 aperteque

1829 1391 2072 1462 corporei
2106 1398 2159 1447 et
2185 1392 2482 1448 materialis
2517 1392 2700 1447 throni
2731 1392 2943 1446 ruinam
2978 1391 3303 1463 signiﬁcant,
3338 1407 3402 1446 ac

1828 1480 2107 1536 declarant
2138 1483 2424 1552 promissis
2449 1483 2721 1538 contraria
2742 1483 3028 1547 accidisse,
3053 1490 3314 1554 quantum
3335 1483 3402 1537 ad

1830 1573 2141 1628 seusibilem
2190 1575 2447 1628 thronum
2500 1583 2553 1629 et
2607 1589 2923 1645 corpoream
2977 1574 3129 1644 regni
3181 1572 3402 1629 Davidis

1829 1663 2234 1743 successionem
2258 1665 2510 1734 pertinet.
2551 1663 2682 1729 Quae
2707 1679 2838 1720 sane
2867 1679 2972 1718 non
2999 1665 3216 1718 silentio
3237 1663 3398 1727 mitti,

1829 1753 1924 1809 sed
1976 1754 2029 1808 in
2079 1754 2362 1825 prophetia
2419 1755 2487 1810 de
2525 1753 2740 1810 Christo
2788 1756 3079 1809 memorari
3127 1754 3403 1824 oportuit;

173 1845 265 1916 μοῦ
310 1846 443 1899 αὐτὰ
491 1845 664 1900 ταῦτα
691 1843 1040 1915 ἀποδύρεται,
1089 1843 1273 1912 σαφῶς
1297 1841 1391 1895 τοῦ
1420 1840 1716 1912 σωματικοῦ

1830 1854 1890 1898 ut
1918 1844 2247 1908 ediscamus,
2281 1845 2518 1901 instante
2549 1860 2730 1900 rerum
2764 1845 2815 1898 in
2845 1845 3104 1899 vaticinia
3131 1860 3403 1900 memora-

171 1938 342 2009 θρόνου
386 1936 486 2009 τὴν
528 1936 908 2008 καταστροφὴν
955 1937 1301 2008 σημαίνοντα,
1332 1935 1426 1989 xatl.
1464 1935 1721 1989 τάναντία

170 2029 500 2101 παριστῶντα
542 2029 945 2100 συμϐεϐηκέναι
994 2031 1112 2092 ταῖς
1161 2027 1551 2097 ἐπαγγελίαις,
1599 2027 1720 2080 ὅσον

167 2121 248 2173 έπί
268 2120 340 2191 τῷ
364 2119 607 2192 αἰσθητῷ
636 2119 809 2190 θρόνῳ
838 2121 931 2172 καὶ
969 2123 1035 2190 τῇ
1068 2120 1348 2188 σωματικῇ
1383 2116 1596 2187 διαδοχῇ
1622 2117 1719 2187 τῆς

164 2209 244 2262 τοῦ
261 2209 413 2264 Δαυῒδ
445 2209 740 2281 βασιλείας
775 2208 811 2262 ἃ.
841 2209 904 2279 δὴ
931 2210 1023 2263 καὶ
1037 2207 1174 2262 αὑτά
1191 2209 1356 2278 ἐχρῆν
1377 2207 1450 2278 μὴ
1481 2208 1719 2259 ἀποσιω-

1825 1943 2002 1990 tarum
2046 1946 2308 2006 tempore,
2342 1935 2682 1992 sensibilium
2718 1936 2957 1998 illorum,
2988 1935 3056 1991 de
3082 1934 3282 2004 quibus
3313 1935 3400 2003 agi

1825 2033 2015 2096 putant
2053 2023 2254 2091 Judaei,
2287 2027 2614 2081 solutionem
2657 2024 2896 2079 futuram
2928 2041 3076 2091 esse;
3112 2025 3216 2079 alia
3248 2040 3397 2086 vero,

1823 2132 1946 2188 quae
1990 2117 2175 2171 divino
2216 2133 2368 2174 more
2424 2117 2825 2189 intelliguntur,
2868 2117 2960 2173 Dei
3017 2118 3400 2188 promissionis

1823 2207 2215 2278 complementa
2247 2218 2299 2264 et
2323 2210 2854 2264 consummationem
2886 2207 3020 2264 fore.

164 2302 400 2373 πηθῆναι,
445 2304 754 2372 ἀναγκαίως
778 2303 832 2356 δὲ
861 2304 918 2356 ὲν
953 2304 1020 2372 τῇ
1047 2302 1173 2374 περί
1205 2301 1298 2354 τοῦ
1329 2298 1563 2372 Χριστοῦ
1591 2299 1892 2370 προφητείᾳ
1922 2300 2344 2374 παραληφθῆναι
2369 2317 2382 2332 ·
2419 2299 2494 2364 ὡς
2544 2301 2610 2354 ἂν
2661 2300 2945 2370 μάθοιμεν,
2990 2300 3090 2364 ὅτι,
3134 2297 3226 2351 τοῦ
3280 2315 3400 2351 και-

165 2392 248 2462 ροῦ
274 2393 376 2447 τῶν
435 2395 927 2466 προφητευομένων
977 2394 1315 2457 ἐπιστάντος,
1358 2392 1466 2446 τῶν
1515 2393 1611 2463 μὲν
1652 2392 1922 2463 αἰσθητῶν
1967 2393 2118 2465 παρά
2178 2394 2446 2447 Ἰουδαίων
2499 2394 2866 2465 νομιζομένων
2924 2391 3198 2455 παντελῶς
3247 2392 3398 2444 ἔσται

159 2484 313 2549 λύσις,
348 2485 550 2556 ἑτέρων
573 2486 629 2537 δὲ
662 2483 980 2556 θεοπρεπῶς
1015 2484 1320 2555 νοουμένων
1348 2482 1802 2554 ἀποτελεσμάτων
1823 2483 1922 2553 τῆς
1962 2481 2056 2535 τοῦ
2092 2481 2225 2535 Θεοῦ
2253 2482 2585 2550 ἐπαγγελίας
2611 2481 3026 2553 συμπλήρωσις.

221 2597 298 2651 Σὺ
347 2597 414 2652 δὲ
482 2598 700 2653 ἀπώσω
757 2600 852 2652 καὶ
907 2598 1346 2664 ἐξουδένωσας,
1421 2598 1717 2654 ἀνεϐάλου

158 2689 252 2741 τὸν
301 2691 563 2758 Χριστόν
612 2706 747 2744 σου.
810 2689 1230 2758 Κατέστρεψας
1280 2689 1394 2758 τὴν
1425 2689 1719 2758 διαθήκην

156 2777 250 2830 τοῦ
287 2778 512 2834 δούλου
571 2797 708 2845 σου,
766 2779 1144 2848 ἐϐεϐήλωσας
1194 2783 1282 2847 εἰς
1325 2780 1440 2849 τὴν
1485 2780 1602 2851 γῆν
1649 2785 1715 2836 τὸ

153 2871 398 2941 (ig-laeua
467 2873 682 2927 αὑτοῦ·
752 2873 1036 2938 καθεῖλες-λ
1092 2872 1322 2939 πάντας
1375 2873 1517 2940 τοὺς
1565 2891 1713 2944 φρα-

154 2963 324 3030 τγιοὺς
374 2964 605 3029 αὑτοῦ,
657 2965 796 3018 ἔθου
855 2965 926 3019 τὰ
976 2963 1324 3034 ὀχιφώματα
1367 2965 1550 3019 αὐτοῦ
1592 2965 1712 3019 δει-

152 3054 297 3107 λίαν.
359 3054 692 3123 Διήρπαζον
765 3056 951 3110 αὐτὸν
1022 3055 1244 3122 πάντες
1312 3059 1367 3109 οἱ
1442 3070 1712 3125 παραπο-

147 3144 446 3212 ρευόμενοι
491 3143 666 3197 ὀδόνι
711 3144 962 3215 ἐγενήθη
1016 3144 1245 3211 ὄνειδος
1281 3145 1403 3212 τοῖς
1451 3148 1715 3216 γείτοσιν

150 3233 342 3288 αὐτοῦ.
398 3235 683 3302 ’Ὑψωοάς
717 3233 848 3302 ,τὴν
884 3231 1089 3298 δεξιὰν
1118 3233 1236 3286 τῶν
1262 3235 1582 3287 θλιϐόντων
1611 3237 1715 3288 αὺ-

149 3323 264 3388 τὸν,
288 3326 595 3395 εὔφρανας
625 3325 855 3392 πάντας
876 3325 1015 3392 τοὺς
1051 3325 1300 3394 ἐχθροὺς
1338 3326 1540 3380 αὑτοῦ.
1589 3326 1716 3380 Ἆπ-

147 3415 438 3487 έστρεψας
486 3418 601 3487 τὴν
645 3417 935 3485 βοήθειαν
995 3416 1104 3485 τῆς
1151 3419 1451 3486 ,ῥομφαίας
1492 3417 1710 3485 αὑτοῦ,

147 3511 237 3562 καὶ
265 3513 373 3565 οὐκ
440 3510 771 3566 ἀντελάϐου
823 3510 1009 3564 αὐτοῦ
1041 3511 1110 3562 ἐν
1154 3509 1232 3576 τῷ
1275 3509 1533 3578 πολέμῳ.
1569 3514 1717 3564 Κατ-

146 3601 357 3670 έλυσας
436 3603 551 3658 ἀπὸ
609 3602 972 3672 καθαρισμοῦ
1040 3601 1252 3667 αὐτὸν,
1317 3601 1425 3654 τὸν
1501 3602 1716 3669 θρόνον

145 3694 317 3748 αὑτοῦ
349 3697 441 3761 εἰς
467 3694 582 3763 γῆν
606 3693 1000 3762 κατέρῤαξαςο
1036 3692 1404 3761 ἑσμίκρυνας
1431 3691 1538 3759 τὰς
1577 3693 1716 3762 ἠμέ-

141 3804 245 3853 μῑς
273 3787 376 3842 τοῦ
404 3789 628 3858 χρόνου
653 3787 858 3853 αὑτοῦ,
891 3784 1172 3867 κατέχεας
1202 3785 1360 3850 αὐτῷ
1388 3785 1709 3853 αἰσχύνην

147 3877 475 3950 Διὰψαιιμα.
565 3878 956 3932 Ἀποδέδεικται
980 3876 1149 3929 ταῦτα
1182 3879 1246 3949 τῇ
1290 3875 1716 3946 σωματικωτέρᾳ

146 3969 231 4022 τοῦ
266 3971 431 4024 Δαυῒδ
461 3972 676 4042 διαδοχῇ
708 3969 801 4024 καὶ
832 3972 894 4040 τῇ
927 3970 1208 4040 σωματικῇ
1240 3967 1402 4020 αὐτοῦ
1443 3966 1710 4037 βασιλείᾳ,

145 4059 257 4126 ἥτις
291 4059 570 4133 καθῃρέθη
613 4059 752 4112 κατά
798 4058 921 4120 τοὺς
950 4057 1172 4127 χρόνους
1194 4057 1292 4127 τῆς
1313 4056 1392 4119 εἰς
1425 4054 1714 4108 Βαϐυλῶνα

146 4151 513 4220 αἰχμαλωσίας
539 4150 633 4204 τοῦ
665 4149 930 4203 Ἰουδαίων
955 4147 1102 4202 λαοῦ.
1150 4147 1239 4212 Ἐξ
1265 4147 1469 4201 ἐκείνου
1492 4145 1599 4218 γὰρ
1622 4146 1713 4199 καὶ

143 4239 168 4289 6
201 4237 447 4311 Χριστὸς,
481 4239 754 4293 τουτέστιν
786 4239 814 4291 6
844 4238 1098 4310 αἰσθητὸς
1131 4238 1399 4310 βασιλεὺς,
1427 4240 1454 4290 6
1488 4238 1596 4290 ἀπὸ
1621 4237 1715 4306 γέ-

144 4346 259 4393 νους
284 4331 447 4385 Δαυῒδ
474 4330 795 4397 διαλέλοιπε,
831 4333 924 4387 καὶ
944 4335 972 4386 ό
998 4331 1182 4403 θρόνος
1201 4330 1299 4400 τῆς
1323 4329 1596 4400 βασιλείας
1618 4329 1714 4384 αὐ-

1900 2598 2060 2653 VEus.
2089 2598 2275 2653 59-46.
2307 2598 2383 2651 Tu
2417 2615 2533 2652 vero
2563 2597 2805 2668 repulisti
2845 2606 2893 2651 et
2923 2595 3226 2664 dcspemisti,
3255 2597 3399 2666 rtbje-

1823 2691 1944 2744 cisti
1971 2689 2241 2745 Christum
2270 2700 2436 2744 tuum.
2460 2690 2713 2746 Evertisti
2747 2699 3116 2747 testamentum
3139 2693 3272 2744 servi
3298 2693 3400 2758 tui,

1817 2781 2119 2851 profanasti
2143 2783 2197 2834 in
2227 2792 2379 2843 terra,
2397 2784 2761 2836 sanctuarium
2778 2783 2892 2851 ejus
2915 2797 2932 2834 :
2953 2781 3264 2836 destruxisti
3285 2799 3397 2836 ont-

1818 2889 1908 2927 nes
1942 2890 2084 2942 sepes
2109 2874 2243 2942 ejus,
2269 2874 2496 2943 posuisti
2533 2875 2858 2927 munimenta
2893 2873 3007 2942 ejus
3035 2872 3392 2942 fermid'inem.

1818 2963 2163 3034 Diripueruut
2202 2982 2320 3019 eum
2351 2983 2525 3020 omnes
2557 2974 2885 3021 transeuntes
2914 2967 3051 3020 viam
3076 2982 3093 3019 :
3115 2965 3288 3034 factus
3318 2973 3396 3018 est

1819 3056 2152 3124 opprobrium
2197 3057 2382 3110 vicinis
2431 3055 2860 3110 suis.Ea:altasti
2898 3055 3168 3110 dexteram
3229 3056 3395 3109 tribu-

1817 3147 2042 3200 lantium
2062 3163 2199 3208 eum,
2226 3148 2510 3217 lwtiﬁcasti
2528 3163 2702 3201 omnes
2728 3149 2968 3202 inimicos
2995 3149 3127 3217 ejus.
3145 3147 3396 3202 Arei-(isti

1816 3238 2140 3308 adjutorium
2169 3240 2337 3309 gladii
2355 3240 2490 3309 ejus,
2511 3248 2559 3293 et
2581 3257 2683 3294 non
2699 3257 2752 3294 es
2776 3240 3071 3294 auxiliatus
3095 3241 3140 3296 ei
3158 3241 3212 3293 in
3238 3239 3391 3296 bello.

1816 3330 2034 3384 Solvisti
2061 3347 2176 3384 eum
2209 3332 2272 3385 ab
2308 3332 2678 3408 emundatione
2705 3373 2721 3396 ,
2761 3331 3003 3386 thronum
3032 3332 3145 3401 ejus
3188 3333 3243 3386 in
3288 3341 3394 3386 ter-

1815 3437 1932 3474 ram
1985 3423 2318 3493 confregisti.
2359 3423 2640 3478 Minorasti
2670 3423 2780 3479 dies
2826 3425 3074 3494 temporis
3105 3424 3243 3494 ejus,
3273 3441 3395 3496 per-

1816 3511 2004 3582 fudisti
2026 3531 2140 3567 eum
2167 3515 2491 3584 confusione.
2519 3515 2851 3585 Diapsalma.
2878 3514 3004 3570 Haec
3033 3516 3100 3571 de
3127 3530 3394 3586 corporea

1816 3603 2038 3660 Davidis
2073 3607 2463 3669 successione,
2511 3614 2564 3660 et
2615 3607 2682 3661 de
2728 3621 2898 3675 regno
2942 3605 3063 3672 ejus
3120 3605 3390 3668 sensibili,

1815 3696 1957 3767 quod
2006 3703 2249 3767 tempore
2295 3698 2541 3751 abducta!
2587 3696 2896 3752 Iud-(eorum
2960 3697 3012 3750 in
3059 3696 3388 3766 Babylonem

1815 3786 2148 3856 captivitatis
2187 3786 2525 3840 destructum
2570 3786 2668 3839 fuit
2694 3827 2708 3850 ,
2765 3785 2991 3854 intelligi
3022 3785 3392 3853 comproban—

1815 3884 1923 3932 tur.
1964 3876 2040 3929 Ex
2073 3877 2165 3931 illo
2187 3892 2424 3947 namque
2452 3888 2693 3946 tempore
2726 3877 2982 3932 Christus
3003 3918 3017 3940 ,
3052 3878 3102 3931 id
3144 3885 3258 3939 est,
3294 3894 3389 3931 rex

1816 3968 2091 4023 sensibilis
2126 3984 2156 4024 e
2204 3985 2401 4038 genere
2440 3969 2658 4024 Davidis
2693 3969 2912 4032 defecit,
2941 3971 3175 4026 thronus
3235 3971 3389 4042 regni

1814 4059 1934 4128 ejus
1965 4059 2280 4114 confractus
2308 4067 2413 4122 est,
2442 4070 2496 4114 et
2530 4060 2738 4130 reliqua
2765 4061 2950 4114 omnia
2973 4077 3094 4131 qua:
3118 4062 3171 4116 in
3198 4062 3391 4117 vatici-

1815 4149 1908 4204 nio
1953 4149 2206 4204 feruntur
2246 4150 2463 4220 impleta
2515 4158 2661 4208 sunt.
2713 4151 2923 4217 Quibus
2977 4153 3045 4208 de
3085 4154 3270 4208 causis
3323 4169 3389 4208 ex

1815 4257 2047 4313 persona
2074 4241 2382 4298 Judaeorum
2415 4244 2503 4299 hic
2544 4259 2726 4300 sermo
2759 4245 2996 4301 lamenta
3049 4246 3193 4312 edit;
3228 4246 3387 4318 quasi

1817 4333 2025 4388 scilicet
2053 4335 2156 4388 alia
2181 4333 2324 4390 Deus
2357 4336 2672 4406 promiserit
2701 4377 2717 4402 ,
2761 4336 2868 4391 alia
2906 4337 3211 4394 evenerint.
3278 4337 3386 4392 Nos

142 4421 229 4475 τοῦ
260 4423 598 4496 κατερράγη,
627 4425 719 4478 καί
751 4424 819 4478 τά
847 4425 1009 4480 λοιπά
1039 4424 1216 4478 πάντα
1242 4423 1311 4476 τὰ
1334 4440 1711 4495 προπεφητευ-

1820 4439 1945 4479 vero
1981 4424 2414 4481 animadvertere
2447 4426 2723 4492 convenit,
2750 4440 2875 4481 cum
2924 4427 3067 4482 Deus
3119 4427 3388 4485 mendacii

145 4513 274 4579 μένα
298 4515 656 4586 πεπλήρωται
674 4532 687 4546 '
717 4518 798 4586 ἐφ’
819 4512 898 4581 οἷς
925 4519 988 4570 ἐκ
1011 4515 1299 4588 προσώπου
1316 4514 1411 4568 τοῦ
1443 4516 1711 4569 Ἰουδαίων

139 4597 317 4664 ἔθνους
335 4601 734 4674 ἀπολοφύρεται
762 4605 790 4656 6
821 4603 976 4673 λόγος
994 4643 1008 4668 ,
1041 4603 1116 4666 ὡς
1144 4604 1304 4674 ἔτερα
1339 4605 1435 4675 μὲν
1452 4603 1546 4656 τοῦ
1575 4604 1710 4656 Θεοῦ

139 4685 600 4759 ἐπαγγειλαμένου
622 4732 635 4757 ,
662 4690 861 4762 ἐτέρων
893 4691 951 4744 δὲ
983 4690 1319 4745 ἀποϐάντων.
1351 4692 1622 4764 Προσήκει
1653 4692 1710 4745 δὲ

141 4776 281 4846 ἡμᾶς
305 4779 598 4852 ἐπιστῆσαι
623 4781 712 4836 τὸν
741 4782 863 4837 νοῦν
882 4824 896 4846 ,
928 4784 1022 4848 ὡς,
1053 4782 1147 4837 τοῦ
1173 4783 1306 4837 Θεοῦ
1332 4783 1593 4854 ἀψευδοῦς
1625 4785 1711 4838 ὸν-

141 4880 246 4929 τος,
271 4868 483 4940 ἀνάγκη
508 4873 654 4924 πᾶσα
673 4872 1132 4943 ὲπαληθεύσεσθαι
1157 4874 1281 4938 τοὺς
1299 4872 1460 4927 αὐτοῦ
1481 4874 1671 4944 λόγους
1689 4887 1706 4904 °

139 4959 184 5008 ei
208 4957 264 5011 δὲ
295 4961 370 5032 μὴ
399 4961 741 5034 ἀληθεύοιντο
773 4966 864 5018 ἐπὶ
893 4964 991 5036 τῆς
1018 4963 1279 5036 αἰσθητῆς
1303 4964 1395 5018 τοῦ
1423 4964 1583 5020 Δαυῖδ
1608 4965 1706 5036 βαὲ-

141 5048 373 5114 σιλείας,
409 5052 525 5126 ῶρα
561 5055 746 5126 ἓτερον
774 5055 972 5126 τρόπον
1005 5059 1142 5110 νοεῖν
1186 5055 1256 5110 τὰ
1297 5057 1701 5129 ἐπηγγελμένα.

139 5140 230 5205 Τίς
265 5139 359 5197 οὖν
393 5145 420 5197 6
448 5147 646 5216 τρόπος
664 5187 679 5212 ,
714 5148 844 5202 αὐτὸ
870 5148 930 5201 τὸ
961 5148 1100 5202 θεῖον
1132 5149 1336 5214 ἐδίδαξε
1365 5149 1590 5222 Πνεῦμα
1615 5150 1706 5205 διὰ

134 5230 239 5285 τῶν
266 5233 594 5306 ἔμπροσθεν,
623 5238 681 5290 ὲν
709 5232 789 5300 οἷς
821 5237 1032 5310 εἴρητο·
1094 5242 1195 5295 Ἐν
1217 5239 1448 5308 οὐρανῷ
1474 5243 1702 5313 ἑτοιμα-

134 5323 427 5394 σθήσεται
462 5331 500 5397 ἡ
534 5329 784 5395 ἀλήθειὰ
803 5346 918 5385 σου
938 5348 950 5361 ·
977 5331 1071 5385 καὶ
1100 5332 1260 5386 πάλιν
1278 5349 1290 5361 ·
1329 5333 1711 5405 Ἐξομολογή-

134 5427 346 5468 σονται
373 5419 425 5469 οἱ
449 5419 690 5486 οἱφανοὶ
721 5418 793 5472 τὰ
827 5420 1128 5490 θαυμάσια
1163 5436 1278 5477 σου
1304 5463 1318 5487 ,
1366 5426 1570 5492 Κύριε,
1612 5425 1712 5480 καὶ

135 5504 240 5572 γὰρ
273 5507 374 5559 καί
414 5509 526 5578 τὴν
561 5511 850 5579 ἀλήθειάν
904 5526 1020 5565 σου
1076 5513 1146 5566 ἑν
1170 5515 1466 5584 ἐκκλησίᾳ
1493 5518 1707 5588 ἁγίων·

134 5596 224 5648 καὶ
245 5597 412 5652 πάλιν
430 5617 443 5630 ·
471 5602 733 5668 Δυνατὸς
759 5599 845 5667 εἴ,
875 5604 1052 5671 Κύριε
1070 5645 1084 5670 ,
1120 5607 1218 5658 καὶ
1252 5607 1290 5673 ἡ
1320 5608 1568 5675 ἀλήθειά
1595 5626 1709 5663 σου

135 5687 342 5752 κύκλῳ
371 5705 486 5745 σου
511 5709 523 5723 ο
568 5695 658 5747 καὶ
684 5690 867 5758 αὖθις’
919 5697 1131 5762 Ἔλεος
1163 5697 1259 5750 καὶ
1290 5698 1539 5766 ἀλήθεια
1565 5715 1702 5768 προ-

134 5784 532 5848 πορεύσονται
560 5787 670 5854 πρὸ
705 5786 1025 5854 ,προσώπου
1058 5803 1192 5843 σου.
1236 5790 1415 5844 Ταῦτα
1444 5791 1552 5863 γὰρ
1579 5792 1703 5848 πάν-

1814 4530 2009 4586 expers
2039 4516 2128 4582 sit,
2161 4515 2474 4572 necessario
2519 4533 2678 4573 veros
2717 4532 2838 4574 esse
2881 4531 3162 4572 sermones
3215 4518 3335 4587 ejus
3369 4537 3382 4572 :

1813 4607 1860 4660 si
1895 4613 2074 4661 autem
2105 4622 2230 4677 erga
2285 4608 2543 4664 sensibile
2576 4607 2795 4663 Davidis
2834 4623 3060 4678 regnum
3110 4609 3224 4664 veri
3275 4592 3387 4664 non

1811 4696 2174 4767 reperiantur,
2210 4704 2378 4753 restat
2424 4706 2482 4752 ut
2515 4699 2623 4751 alio
2659 4697 2820 4752 modo
2868 4699 3141 4768 promissa
3186 4699 3390 4753 intelli-

1809 4807 2024 4861 gamus.
2053 4789 2188 4857 Quis
2226 4791 2317 4846 ille
2353 4792 2548 4846 modus
2577 4792 2668 4854 sit,
2693 4791 2851 4846 docet
2882 4792 3134 4860 superius
3165 4790 3387 4846 divinus

1814 4882 2072 4954 Spiritus,
2103 4899 2226 4938 cum
2256 4882 2458 4939 dicitur
2490 4903 2502 4938 :
2539 4883 2604 4938 In
2629 4885 2756 4938 cmlo
2775 4883 3164 4954 prwparabimr
3194 4886 3395 4941 veritas

1812 4982 1942 5038 tua;
1979 4989 2042 5028 ac
2069 4989 2286 5029 rursum
2317 4993 2329 5028 :
2356 4972 2760 5043 Conﬁtebuntur
2803 4975 2919 5028 caeli
2945 4974 3217 5028 mirabilia
3251 4984 3341 5028 tua
3367 5015 3382 5038 ,

1811 5062 2052 5126 Domine,
2081 5063 2273 5117 etenim
2326 5064 2596 5118 veritatem
2629 5074 2774 5117 tuam
2826 5065 2881 5118 in
2921 5063 3142 5118 ecclesia
3171 5074 3386 5118 sancto-

1811 5171 1960 5219 rum;
1990 5156 2296 5226 iterumque
2330 5174 2342 5210 :
2373 5155 2568 5210 Potens
2590 5173 2665 5220 es,
2699 5155 2939 5221 Domine,
2973 5165 3022 5210 et
3065 5157 3257 5211 veritas
3293 5166 3401 5213 tua-

1809 5246 1867 5300 in
1898 5247 2123 5300 circuitu
2160 5255 2285 5311 tuo;
2315 5253 2368 5301 et
2407 5262 2625 5302 rursum
2649 5289 2664 5312 ,
2703 5247 3078 5302 Misericordia
3106 5256 3157 5302 et
3185 5247 3384 5302 ueritas

1805 5338 2095 5407 prwcedent
2125 5338 2312 5407 faciem
2345 5349 2515 5394 tuam.
2559 5338 2685 5394 llaec
2738 5341 2938 5410 quippe
2975 5339 3157 5395 omnia
3200 5338 3386 5393 decla-

1808 5438 1950 5494 rant,
1978 5425 2068 5484 Dei
2097 5429 2367 5498 promissa
2411 5447 2690 5500 nunquam
2725 5432 2879 5486 irrita
2907 5448 3032 5487 esse
3057 5472 3072 5496 ,
3126 5433 3220 5487 sed
3274 5449 3382 5502 qua

1805 5523 1922 5592 ipse.
1951 5523 2100 5575 novit
2127 5522 2335 5575 ratione
2380 5521 2615 5592 impleri.
2647 5522 2806 5588 Nam,
2843 5523 2910 5578 In
2941 5525 3068 5579 caelo
3095 5565 3108 5592 ,
3164 5526 3342 5596 inquit
3365 5565 3381 5591 ,

1805 5611 2196 5681 pra'parabitur
2242 5615 2432 5668 veritas
2495 5624 2628 5668 tua:
2658 5623 2843 5685 aperte
2899 5615 3210 5686 signiﬁcans
3272 5633 3386 5671 coe-

1807 5703 1982 5757 lestes
2013 5717 2077 5756 ac
2108 5704 2320 5757 divinas
2365 5721 2488 5760 esse
2529 5705 2622 5761 Dei
2665 5707 3077 5776 promissiones.
3124 5707 3201 5762 Ac
3261 5723 3385 5761 vcr-

1810 5793 2000 5848 borum
2035 5795 2429 5864 complementa
2450 5796 2745 5853 declaravit
2777 5813 2870 5864 per
2902 5796 3241 5858 Salvatorem
3275 5812 3379 5854 nov
