3830 6288
363 358 496 413 llll

1061 356 1325 414 EUSEBII
1349 357 1823 419 CAESARIENSIS
1859 359 2007 418 OPP.
2050 363 2226 418 PARS
2264 363 2349 420 ΙΙΙ.
2386 394 2461 410 -
2496 363 2899 423 EXLGETICA.

3466 364 3601 418 illi.

365 482 538 529 strum
571 472 755 528 Jcsum
785 472 1186 543 Christumhex
1233 472 1439 528 semine
1471 471 1689 529 Davidis
1713 481 1893 531 ortum

2033 495 2098 530 τα
2132 478 2511 549 παραστατικά
2541 479 2792 550 τυγχάνει
2822 478 2914 532 τοῦ
2949 479 3027 550 μὴ
3069 477 3459 549 διαψεύσασθαι
3504 480 3608 542 τὰς

366 571 604 638 perlecta
627 582 786 625 esse:
826 584 951 623 nam
988 567 1151 638 hujus
1193 582 1416 638 regnum
1448 577 1500 622 et
1534 567 1785 631 thronus,
1818 582 1929 623 non

364 660 665 726 humanus,
685 675 864 730 neque
892 676 959 714 ex
994 658 1099 714 hoc
1133 658 1338 713 mundo
1369 666 1505 714 erat.
1544 656 1753 712 Idcirco
1776 657 1927 715 dice-

364 752 457 807 bat
491 751 665 807 Pilato
695 771 709 808 :
762 750 997 823 Regnum
1020 767 1191 805 meum
1220 767 1323 804 non
1343 758 1422 804 est
1446 764 1511 804 ea:
1527 749 1622 804 hoc
1640 749 1834 804 mundo
1856 749 1923 806 “.

366 842 692 901 Sciscitante
715 854 895 900 autem
923 844 1035 909 illo,
1065 859 1195 898 num
1227 858 1320 897 rex
1345 850 1510 906 esset,
1532 843 1830 913 respondit,
1861 841 1927 899 In

360 937 459 993 hoc
484 950 646 993 natus
671 953 808 992 sum.
839 937 1008 1007 Igitur
1055 936 1103 991 si
1151 935 1206 990 in
1239 934 1342 990 hoc
1374 943 1536 990 natus
1569 944 1685 1000 est,
1728 935 1781 989 in
1823 934 1928 991 hoc

359 1025 621 1082 manebit.
653 1025 792 1081 Huic
850 1039 1014 1097 porro
1074 1023 1311 1081 sermoni
1372 1024 1743 1082 testimonium
1774 1025 1927 1081 atl'ert

354 1115 451 1187 qui
494 1123 676 1171 ortum
708 1114 828 1186 ejus
856 1113 1062 1187 Virgini
1116 1115 1367 1186 promisit
1408 1116 1632 1187 angelus
1675 1114 1922 1184 Gabriel,

353 1206 449 1277 qui
476 1206 615 1261 dixit
646 1205 697 1261 ei
723 1204 845 1260 :-Et
873 1223 987 1260 ecce
1023 1206 1279 1276 coneipies
1303 1206 1359 1260 in
1387 1215 1553 1274 utero,
1577 1215 1625 1263 et
1656 1208 1851 1275 paries,
1876 1218 1926 1263 et

354 1297 562 1352 vocabis
592 1315 777 1353 nomen
797 1298 910 1366 ejus
937 1295 1142 1353 Jesum.
1176 1298 1279 1353 llic
1306 1298 1408 1352 erit
1446 1314 1685 1369 magnus,
1709 1307 1759 1354 et
1779 1299 1924 1369 ﬁlius

354 1387 619 1444 Altissimi
649 1390 936 1445 vocabitur.
970 1387 1038 1442 Et
1086 1389 1234 1444 dabit
1264 1389 1347 1443 illi
1371 1388 1512 1445 Deus
1538 1389 1780 1444 thronum
1813 1390 1926 1445 Da-

352 1482 437 1537 uid
462 1484 630 1553 patris
655 1484 760 1549 sui,
786 1492 836 1539 et
867 1484 1103 1555 regnabit
1144 1485 1199 1539 in
1227 1493 1502 1550 wternum,
1532 1494 1583 1539 et
1616 1486 1762 1557 regni
1809 1485 1924 1555 ejus

351 1591 456 1629 non
483 1576 584 1630 erit
611 1576 736 1646 ﬁnis
759 1577 826 1631 δ’.
858 1574 917 1632 In
961 1577 1066 1633 hoc
1091 1577 1297 1649 itaque
1340 1584 1503 1633 natus
1535 1584 1652 1646 est;
1713 1577 1811 1633 sed
1839 1593 1924 1633 re-

348 1682 513 1738 gnum
549 1668 671 1738 ejus
722 1685 834 1725 non
873 1679 993 1725 erat
1035 1686 1100 1726 ex
1154 1670 1259 1726 hoc
1292 1669 1538 1726 mundo:
1591 1685 1718 1726 nam
1759 1670 1923 1740 hujus

351 1758 537 1815 Inuttdi
568 1774 797 1831 regnum
841 1777 951 1817 non
982 1770 1159 1834 potest
1190 1763 1246 1817 in
1278 1771 1542 1818 aeternum
1573 1762 1794 1827 durare,
1829 1779 1924 1818 ne-

2030 570 2124 623 τοῦ
2151 570 2284 624 Θεοῦ
2315 571 2663 640 ἐπαγγελίας,
2690 570 3022 642 πληροῦσθαι
3051 571 3107 624 δὲ
3135 572 3329 636 αὐτὰς,
3363 572 3486 626 καθ’
3507 570 3607 636 οὓς

2027 656 2134 714 οἶδε
2154 660 2362 730 λόγους.
2395 663 2496 716 Ἐν
2517 663 2625 733 γὰρ
2646 662 2725 728 τῷ
2743 662 2974 730 οὐρανῷ
2991 704 3006 729 ,
3032 663 3214 735 φησιν,
3239 662 3601 732 ἐτοιμασθή-

2026 766 2196 807 σεται
2238 753 2276 821 ἡ
2323 754 2570 823 ἀλήθειά
2612 769 2760 808 σου⁸
2799 754 2983 822 σαφῶς
3024 754 3201 826 δηλῶν
3237 754 3604 825 ὲπουρανίους

2027 840 2164 898 εἶναι
2193 844 2287 898 καὶ
2312 843 2457 908 θείας
2480 844 2579 909 τὰς
2606 843 2702 898 τοῦ
2735 844 2869 899 Θεοῦ
2903 846 3251 915 ἐπαγγελίας.
3298 848 3409 900 Καὶ
3452 865 3605 918 παρ-

2028 934 2223 1006 ἕστηκε
2254 935 2360 989 τῶν
2379 935 2550 1005 λόγων
2580 934 2651 989 τὰ
2682 936 3093 1007 ἀποτελέσματα
3113 937 3202 991 διὰ
3226 937 3321 992 τοῦ
3340 939 3608 1009 Σωτῆρος

2026 1027 2181 1100 ἡμῶν
2219 1028 2391 1100 Ἰησοῦ
2436 1027 2670 1100 Χριστοῦ
2712 1027 2807 1082 τοῦ
2858 1029 3161 1101 γενομένου
3189 1032 3254 1083 ὲκ
3281 1030 3610 1101 σπέρματος

2025 1119 2186 1173 Δαυῒδ
2218 1121 2617 1193 πεπληρωμένα
2634 1140 2649 1153 ο
2674 1124 2861 1177 τούτου
2888 1122 2995 1193 γάρ
3015 1124 3048 1192 ἡ
3082 1120 3322 1192 βασιλεία
3346 1121 3441 1176 καὶ
3461 1121 3606 1192 096-

2025 1228 2113 1275 νος
2139 1211 2239 1265 οὐκ
2276 1211 2611 1285 ἀνθρώπινος
2642 1210 2710 1286 ἦν
2731 1256 2746 1280 ,
2779 1213 2900 1268 οὐδὲ
2928 1216 2992 1267 ὲκ
3026 1213 3120 1267 τοῦ
3147 1215 3349 1286 κόσμου
3375 1213 3607 1267 τούτου.

2023 1301 2113 1357 Διὸ
2142 1302 2325 1372 ἔλεγεν
2354 1304 2445 1356 ἐπὶ
2468 1305 2559 1359 τοῦ
2585 1305 2815 1361 Πιλάτου
2832 1325 2846 1337 ·
2874 1307 2946 1361 Ἠ
2958 1307 3247 1370 ,βασιλεία
3274 1307 3312 1375 ἡ
3340 1305 3452 1376 ἐμὴ
3480 1307 3611 1360 οὐκ

2022 1392 2195 1447 ἔστιν
2218 1393 2288 1446 ἐκ
2316 1392 2423 1447 τοῦ
2456 1394 2684 1464 κόσμου
2716 1396 2949 1450 τούτου.
3020 1394 3344 1467 Ἐρωτηθείς
3388 1412 3449 1449 τε
3501 1395 3609 1449 ὑπ’

2023 1480 2186 1537 αὐτοῦ
2216 1484 2264 1536 εί
2297 1480 2546 1551 βασιλεὺς
2590 1484 2709 1555 εἴη,
2743 1485 3103 1555 ἀπεκρίνατο,
3146 1485 3250 1550 Elg-
3280 1482 3457 1539 τοῦτο
3494 1484 3609 1537 καί

2023 1573 2391 1647 γεγέννημαι.
2443 1573 2655 1629 Οὐκοῦν
2679 1577 2728 1628 εἰ
2754 1575 3093 1647 γεγέννηται,
3124 1576 3273 1646 μενεί
3301 1577 3383 1639 είς
3403 1573 3609 1628 τοῦτο.

2023 1667 2133 1725 Καὶ
2163 1668 2425 1739 μαρτυρεῖ
2451 1666 2528 1738 τῷ
2551 1667 2694 1738 λόγῳ
2721 1668 2751 1721 ό
2770 1668 2867 1739 τὴν
2899 1667 3110 1737 γένεσιν
3139 1666 3301 1722 αὐτοῦ
3332 1671 3401 1739 τῇ
3438 1669 3609 1740 Πειρη

2023 1758 2159 1831 θένω
2189 1758 2678 1830 εὐαγγελισάμενος
2704 1760 2932 1828 ἄγγελος
2957 1763 2987 1814 ὁ
3007 1759 3243 1833 Γαϐριὴλ
3262 1759 3431 1814 είπὼν
3450 1760 3615 1831 πρδς

347 1864 453 1918 que
481 1850 588 1907 tino
617 1861 789 1920 caret,
825 1870 1001 1925 neque
1047 1855 1101 1910 in
1137 1852 1408 1909 inﬁnitum
1461 1853 1807 1922 extenditur;
1840 1869 1913 1909 re-

2019 1850 2216 1921 αὐτήν
2272 1849 2381 1905 Καὶ
2417 1849 2549 1904 ίδοὺ
2579 1849 2874 1921 συλλήψῃ
2906 1852 2976 1906 ἐν
3003 1851 3245 1921 γαστρὶ,
3288 1852 3387 1905 καὶ
3416 1852 3610 1919 τέξηι

346 1956 512 2010 gnum
533 1958 664 1999 vero
691 1945 885 2001 semini
913 1944 1131 2002 Davidis
1157 1947 1489 2017 promissum
1513 1954 1777 2001 mternum
1797 1954 1916 2003 erat

2021 1942 2117 1997 καὶ
2136 1941 2413 2008 καλέσεις
2432 1941 2498 1995 τὸ
2521 1941 2707 2012 ὄνομα
2726 1943 2911 1998 αὑτοῦ
2939 1944 3199 2011 Ἰησοῦν.
3217 1938 3402 2010 Οὗτος
3415 1942 3615 1997 ἔσται

344 2038 400 2086 et
423 2031 765 2089 immortale:
798 2035 874 2089 ait
897 2035 1077 2103 enim,
1119 2035 1187 2090 Et
1240 2037 1459 2092 thronus
1488 2035 1602 2105 ejus
1648 2036 1748 2090 erit
1779 2036 1913 2091 sicut

2018 2035 2221 2105 μέγας,
2254 2035 2351 2089 καὶ
2382 2034 2512 2100 υἱὸς
2540 2034 2833 2104 Ὑψίστου
2862 2037 3247 2105 κληθήσεται.
3278 2036 3389 2090 Kal
3410 2035 3617 2090 δώσει

346 2121 429 2174 sol
462 2121 516 2175 in
545 2136 821 2193 conspectu
845 2141 978 2191 meo,
1001 2134 1051 2180 et
1077 2126 1211 2181 sicut
1258 2126 1389 2207 luna
1416 2125 1651 2199 perfecta
1679 2127 1735 2180 in
1763 2135 1917 2181 teter-

346 2225 492 2277 num,
522 2221 573 2267 et
602 2213 749 2268 testis
770 2214 825 2270 in
854 2216 982 2270 caelo
1011 2215 1205 2285 ﬁdelis.

2020 2120 2178 2186 αὐτῷ
2204 2125 2235 2174 ὀ
2272 2120 2413 2187 Θεὸς
2435 2122 2542 2175 τὸν
2567 2124 2784 2191 θρόνον
2803 2124 2986 2178 Δαυῒδ
3005 2124 3110 2179 τοῦ
3132 2126 3347 2194 πατρὸς
3374 2125 3613 2191 αὐτοῦ,

2022 2214 2119 2266 καὶ
2144 2212 2508 2277 βασιλεύσει
2539 2214 2625 2281 εὶς
2648 2213 2756 2267 τὸν
2781 2213 2986 2280 αἰῶνα,
3021 2215 3247 2283 καὶτῆς
3262 2216 3615 2284 ,ϐασιλείας

344 2304 533 2359 αὺτοῦ
569 2307 681 2360 οὐκ
709 2305 880 2360 ἔσται
906 2307 1099 2375 τέλος.
1131 2308 1457 2380 Γεγέννηται
1476 2311 1654 2364 τοίνυν
1674 2311 1755 2375 είς
1769 2309 1948 2371 τοῦτο,
1978 2304 2091 2360 ἀλλ’
2114 2305 2213 2361 οῦκ
2245 2298 2313 2377 ἦν
2345 2305 2378 2365 ἡ
2408 2303 2650 2373 βασιλεία
2704 2305 2871 2360 αὐτοῦ
2908 2309 2972 2361 ὲκ
2992 2305 3085 2360 τοῦ
3114 2308 3312 2379 κόσμου
3358 2306 3611 2403 1:015th

345 2396 380 2464 ἡ
410 2395 509 2465 μὲν
535 2393 646 2467 γὰρ
671 2396 764 2450 τοῦ
786 2399 988 2469 κόσμου
1007 2400 1196 2453 τούτου
1223 2401 1468 2471 βασιλεία
1489 2403 1589 2475 οὐχ
1610 2403 1697 2458 οἶα
1714 2402 1774 2456 τέ
1795 2403 1909 2455 ἐστι
1937 2401 2178 2472 διαρκεῖν
2212 2397 2291 2461 είς
2321 2397 2411 2450 τὸν
2450 2397 2620 2457 αἰῶνα
2645 2437 2659 2462 ,
2705 2398 2813 2451 οὐδ’
2865 2399 3013 2452 ἐστὶν
3055 2397 3404 2469 ἀτελεύτητος
3423 2439 3440 2463 ,
3480 2399 3593 2451 οὐδ

347 2489 428 2551 είς
459 2487 518 2543 τὸ
553 2488 778 2560 ἄπειρον
799 2491 1148 2563 ἐκτεινομένη
1168 2511 1179 2524 ·
1210 2494 1244 2565 ἡ
1270 2492 1327 2546 δὲ
1357 2493 1435 2566 τῷ
1463 2498 1740 2569 σπέρματι
1761 2493 1923 2549 Δαυῒδ
1950 2490 2331 2565 ὲπηγγελμένη
2365 2491 2610 2563 βασιλεία
2640 2490 2855 2555 αἰώνιός
2896 2508 2981 2557 τις
3029 2487 3097 2564 ἦν
3145 2491 3235 2547 καὶ
3276 2492 3563 2555 ἀθάνατος
3588 2510 3605 2522 ·

345 2578 455 2634 Καὶ
488 2581 522 2633 ό
560 2581 789 2648 θρόνος,
813 2583 921 2655 γάρ
950 2600 1132 2654 φησιν,
1188 2589 1358 2643 ἔσται
1417 2592 1602 2646 αὐτοῦ
1629 2592 1711 2659 ὡς
1748 2591 1920 2660 ἥλιος
1949 2592 2203 2646 ἐνώπιόν
2231 2608 2382 2661 μου,
2409 2588 2507 2643 καί
2532 2590 2613 2654 ὡς
2636 2590 2675 2659 ἡ
2733 2588 2966 2657 σελήνη
3014 2588 3450 2658 κατηρτισμένη
3508 2590 3613 2655 εἰς

346 2668 453 2725 τὸν
477 2668 681 2737 αἰῶνα,
704 2673 804 2727 καί
827 2677 861 2731 ό
890 2675 1121 2745 μάρτυς
1144 2680 1215 2734 έν
1246 2683 1480 2751 οὐρανῷ
1516 2687 1753 2754 πιστός.

415 2782 569 2841 Talia
606 2800 771 2858 porro
814 2797 944 2845 sunt
971 2806 1091 2861 quae
1142 2792 1347 2865 Virgini
1381 2797 1450 2854 de
1496 2798 1608 2858 ﬁlio
1632 2815 1698 2855 ex
1723 2815 1784 2856 se
1816 2813 1916 2854 na-

345 2876 553 2933 scituro
592 2880 862 2949 promissa
901 2893 1049 2938 sunt.
1084 2884 1318 2945 Oracula
1348 2890 1491 2945 enim
1539 2892 1645 2963 ipsi
1680 2892 1914 2950 fundens

343 2971 588 3041 angelus,
618 2971 733 3028 hzec
760 2974 1036 3044 pollicitus
1062 2986 1147 3034 est
1170 2998 1185 3036 :
1216 2978 1286 3034 Et
1313 2981 1462 3036 dabit
1490 2983 1573 3037 illi
1599 2983 1743 3040 Deus
1767 2984 1913 3039 thro-

2084 2793 2322 2848 Τοιαῦτα
2352 2791 2409 2846 δὲ
2434 2789 2691 2861 τυγχάνει
2716 2787 2784 2843 τὰ
2821 2790 2916 2843 καὶ
2940 2791 3005 2861 τῇ
3030 2788 3287 2861 Παρθένῳ
3310 2791 3611 2859 ἐπηγγελ-

2017 2887 2153 2957 μένα
2178 2884 2305 2957 περὶ
2329 2883 2421 2937 τοῦ
2453 2882 2510 2949 ἐξ
2535 2882 2703 2954 αὐτῆς
2722 2882 3201 2954 γεννηθησομένου.
3220 2879 3611 2952 Χρηματίζων

2015 2975 2146 3047 γοῦν
2171 2977 2307 3047 αὐτῇ
2339 2976 2369 3028 ό
2399 2973 2625 3043 ἄγγελος
2648 2972 3006 3043 ἐπηγγείλατο
3033 2972 3203 3041 λέγων
3222 2990 3235 3004 ·
3262 2973 3373 3028 Kal
3404 2972 3610 3027 δώσει

343 3078 470 3119 num
496 3058 667 3123 David
701 3069 871 3136 patris
901 3067 1036 3138 ejus.
1071 3069 1260 3137 Qualis
1286 3087 1416 3128 vero
1432 3073 1587 3130 illeet
1604 3075 1913 3147 cujusmodi

2018 3065 2174 3133 αὐτῷ
2197 3069 2230 3121 ό
2264 3066 2407 3134 Θεὸς
2432 3065 2539 3120 τὸν
2562 3066 2777 3134 θρόνον
2800 3064 2981 3119 Δαυῒδ
3002 3064 3106 3119 τοῦ
3129 3064 3350 3133 πατρὸς
3373 3065 3605 3120 αὑτοῦ.

340 3167 511 3224 esset,
541 3161 644 3216 sub
666 3161 779 3217 lucc
811 3165 1049 3233 explicat
1068 3163 1280 3236 dicens,
1310 3164 1380 3222 Et
1410 3168 1649 3239 regnabit
1679 3170 1734 3223 in
1759 3180 1913 3225 aster-

2013 3162 2171 3224 Ποίος
2199 3160 2257 3214 δὲ
2297 3152 2451 3223 οὗτος
2496 3160 2590 3213 καὶ⁸
2622 3158 2863 3222 ποταπὸς
2892 3154 2993 3229 ἦν,
3044 3157 3172 3227 ἑξῆς
3199 3156 3605 3229 δωρμηνεὺσει

342 3267 489 3315 num,
513 3261 562 3309 et
595 3254 740 3323 regni
765 3253 879 3322 ejus
905 3272 1006 3308 non
1046 3257 1144 3310 erit
1173 3258 1316 3326 linis.
1346 3257 1495 3315 Talis
1534 3261 1624 3314 ille
1681 3260 1911 3316 thronus

2018 3254 2236 3323 φάσκων
2257 3270 2270 3283 ·
2316 3252 2425 3307 Kal
2451 3252 2810 3317 βασιλεύσει
2836 3254 2924 3318 εις
2943 3251 3048 3303 τὸν
3075 3249 3260 3304 αἰῶνα
3277 3289 3293 3311 ,
3336 3250 3439 3303 καὶ
3472 3267 3604 3319 της

340 3351 486 3409 erat,
516 3359 677 3414 quem
710 3344 900 3400 Davidi
935 3346 1077 3403 Deus
1117 3364 1242 3404 cum
1289 3351 1600 3421 juramento
1634 3355 1909 3423 pollicitus

2018 3342 2333 3410 βασιλείας
2375 3340 2561 3396 αὑτοῦ
2592 3343 2703 3395 οὐκ
2732 3341 2904 3395 ἔσται
2934 3341 3126 3406 τέλος.
3161 3337 3414 3403 Τοιοῦτος
3443 3339 3499 3393 δ’
3527 3336 3604 3410 ἦν

339 3440 442 3488 est.
472 3433 628 3501 Quod
664 3436 952 3493 declarans
989 3440 1244 3509 angelus,
1293 3444 1576 3498 oraculum
1630 3461 1789 3500 suum
1824 3449 1907 3503 in-

340 3530 671 3595 terpretatus
699 3538 781 3583 est
798 3547 813 3602 ς
846 3530 1022 3599 primo
1046 3530 1263 3600 quidem
1291 3532 1501 3600 dicens,
1531 3534 1601 3589 Et
1639 3536 1789 3592 dabit
1829 3538 1911 3592 illi

341 3613 482 3673 Deus
505 3616 748 3672 thronum
778 3618 950 3674 David
976 3622 1146 3690 patris
1187 3622 1338 3692 ejus;
1372 3632 1557 3695 postea
1591 3642 1723 3682 vero
1764 3629 1907 3699 adji,

339 3705 514 3770 cietts,
542 3705 611 3761 Et
640 3709 875 3779 regnabit
910 3712 966 3766 in
994 3721 1266 3775 a'ternum.
1290 3724 1342 3769 et
1368 3717 1512 3786 regni
1532 3717 1645 3786 ejus
1676 3734 1779 3773 non
1808 3721 1908 3774 erit

338 3795 481 3864 ﬁnis.
516 3796 641 3854 Haec
673 3815 836 3870 opere
859 3803 1127 3872 completa
1163 3813 1292 3859 sunt
1320 3806 1374 3860 in
1407 3806 1687 3863 Salvatore
1719 3819 1910 3866 nostro

337 3885 490 3951 Jesu,
515 3887 738 3946 Christo
768 3892 882 3958 Dei,
909 3896 1003 3964 qui
1033 3911 1100 3950 ex
1147 3896 1357 3953 semine
1397 3896 1566 3952 David
1590 3908 1765 3964 ortus,
1802 3902 1906 3956 im-

340 3985 515 4046 perat,
546 3978 717 4050 legem
753 3981 863 4048 dat,
889 3990 941 4038 et
972 3995 1163 4056 regnat
1203 3987 1257 4041 in
1284 3987 1544 4044 universo
1591 3991 1725 4047 orbe
1750 4010 1766 4059 ;
1797 4009 1906 4048 non

338 4070 578 4125 humano
605 4072 821 4141 quidem
860 4077 1021 4131 modo
1044 4119 1060 4143 ,
1111 4078 1206 4133 sed
1249 4080 1433 4136 divina
1463 4083 1702 4138 virtute:
1736 4092 1791 4140 et
1821 4101 1907 4140 se-

339 4175 465 4220 men
495 4161 618 4232 ejus
643 4165 842 4219 rerein
874 4169 1132 4223 saeculum
1165 4178 1385 4238 manet;
1416 4171 1471 4226 id
1501 4182 1603 4237 est,
1628 4176 1909 4231 successio

336 4251 494 4321 ejus,
529 4270 650 4324 qua:
681 4271 777 4325 per
804 4259 1080 4327 apostolos
1113 4267 1168 4315 et
1197 4261 1500 4334 discipulos
1530 4265 1704 4334 ipsius
1731 4274 1905 4322 totum

337 4342 526 4414 implet
550 4347 812 4403 mundum
828 4365 853 4417 ;_
874 4350 989 4405 sive
1020 4354 1344 4410 rationabile
1374 4357 1617 4413 cmlestis
1647 4356 1908 4415 doctrinae

334 4436 456 4507 ejus
487 4453 695 4495 semen.
754 4439 857 4497 Sed
889 4443 1053 4498 etiam
1103 4447 1332 4504 thronus
1385 4449 1506 4519 ejus
1553 4450 1689 4505 solis
1735 4452 1909 4507 instar

336 4531 665 4600 resplendet,
698 4533 978 4591 hominum
1019 4539 1231 4597 animas
1282 4541 1597 4599 illuminans
1644 4557 1699 4599 et
1742 4546 1907 4599 radiis

334 4619 635 4679 illustrans.
669 4623 792 4680 Haec
825 4643 987 4695 porro
1006 4631 1188 4689 ninnia
1224 4632 1337 4701 jam
1369 4634 1435 4689 ad
1458 4634 1706 4697 ell‘ectum
1739 4636 1910 4691 dedu-

333 4718 424 4771 cta
453 4721 599 4775 sunt,
631 4723 685 4768 et
718 4716 769 4769 in
800 4718 916 4774 dies
943 4713 1211 4776 hactenus
1242 4723 1561 4791 implentur,
1599 4728 1904 4782 secundum

332 4818 399 4856 ca
428 4818 549 4872 quae
580 4804 770 4862 Davidi
798 4811 1005 4877 juravit
1055 4811 1217 4869 Deus.
1259 4812 1462 4871 Verum
1504 4821 1760 4887 quoniam
1796 4838 1907 4877 non

336 4894 573 4949 humano
594 4896 722 4962 ritu,
750 4915 924 4969 neque
944 4904 1244 4959 secundum
1293 4922 1498 4963 morem
1535 4925 1722 4981 regum
1747 4929 1905 4969 munt

333 4983 622 5051 danorum,
654 4987 768 5043 haec
798 4994 1067 5061 promissa
1114 4995 1169 5050 in
1216 5002 1628 5057 successoribus
1684 5002 1909 5064 Davidis.

335 5076 556 5147 impleta
590 5088 753 5147 sunt;
792 5098 967 5154 neque
997 5086 1050 5139 in
1084 5088 1201 5156 ipso
1235 5089 1518 5150 Salvatore
1539 5102 1748 5160 nostro,
1781 5111 1906 5152 cor-

335 5182 500 5235 poreo
528 5184 677 5229 more
709 5171 868 5230 linem
913 5187 1279 5244 acceperunt,
1334 5180 1463 5249 quia
1519 5198 1747 5253 regnum
1783 5186 1909 5255 ejus

336 5272 443 5310 non
476 5257 580 5312 fuit
607 5277 675 5313 ex
702 5260 808 5323 hoc
855 5265 1081 5330 mundo,
1113 5283 1289 5336 neque
1322 5271 1412 5324 ille
1442 5270 1496 5325 in
1523 5274 1765 5335 sensibili
1801 5275 1904 5329 Da-

334 5348 476 5403 vidis
508 5349 708 5407 throno
735 5353 919 5427 sedit;
947 5356 1058 5410 imo
1107 5373 1236 5415 vero
1286 5361 1621 5416 contrarium
1676 5365 1900 5432 accidit,

334 5440 654 5496 adveniente
687 5446 941 5513 passione
969 5446 1089 5515 ejus
1114 5467 1127 5514 ;
1162 5449 1276 5506 haec
1306 5451 1424 5520 ipsa
1459 5452 1677 5511 divinus
1706 5463 1760 5510 et
1779 5472 1905 5525 pro-

334 5533 583 5599 pheticus
627 5534 865 5605 Spiritus
908 5538 1031 5607 jure
1084 5557 1146 5596 ac
1207 5543 1401 5599 merito
1453 5544 1782 5617 declaravit,
1834 5549 1902 5604 ad

335 5623 781 5691 perquisitioncm
838 5633 1327 5693 consummationis
1406 5634 1578 5692 divini
1634 5642 1901 5697 sermonis

408 5774 447 5805 “‘
488 5774 645 5831 Joan.
684 5793 846 5843 mu.
883 5782 969 5835 36.
1049 5785 1092 5817 θ’
1132 5784 1241 5842 Luc
1279 5801 1328 5854 ι,
1364 5788 1422 5842 3|
1462 5789 1549 5847 53.

2013 3435 2043 3487 ό
2063 3433 2139 3504 τῷ
2157 3434 2316 3487 Δαυῒδ
2345 3433 2460 3505 μεθ’
2479 3431 2823 3504 ὁρκωμοσίας
2846 3432 2951 3485 ὑπὸ
2973 3430 3064 3485 τοῦ
3086 3431 3221 3485 Θεοῦ
3247 3430 3603 3502 ἐπηγγελμέ-

2014 3542 2122 3589 νος.
2160 3527 2224 3579 Ὃ
2248 3525 2312 3599 δὴ
2344 3524 2612 3596 παριστὰς
2638 3525 2886 3594 ἄγγελος,
2909 3524 3236 3595 διηρμήνευε
3265 3525 3356 3577 τὸν
3384 3523 3597 3581 ἑαυτοῦ

2015 3618 2291 3693 χρησμόν·
2324 3618 2586 3688 πρότερον
2616 3616 2714 3688 μὲν
2736 3614 2940 3680 εἰπὼν,
2972 3616 3081 3670 Kal
3123 3614 3301 3669 δώσει
3340 3613 3514 3680 αὐτῷ
3561 3620 3601 3671 ό

2016 3712 2158 3778 Θεὸς
2186 3712 2294 3766 τὸν
2333 3713 2549 3779 θρόνον
2593 3711 2776 3764 Δαυῒδ
2825 3712 2933 3766 τοῦ
2964 3711 3187 3780 πατρὸς
3212 3712 3401 3766 αὐτοῦ
3424 3732 3438 3744 ’
3487 3710 3601 3781 εἷθ’

2014 3804 2141 3875 ἑξῆς
2161 3804 2476 3874 ἐπαγαγὼν,
2497 3804 2605 3860 Kal
2620 3804 2982 3869 βασιλεύσει
3018 3807 3107 3870 εἰς
3129 3805 3233 3860 τὸν
3250 3804 3459 3872 αἰῶνα,
3490 3808 3601 3861 καὶ

2013 3895 2125 3964 τῆς
2145 3896 2469 3962 ,ϐασιλείας
2492 3897 2680 3950 αὑτοῦ
2717 3898 2827 3950 οὐκ
2861 3895 3032 3950 ἔσται
3058 3895 3252 3962 τέλος.
3309 3896 3503 3949 ταῦτα
3535 3898 3598 3951 δὲ

2011 3990 2124 4051 τοῖς
2145 3988 2326 4060 ἔργοις
2351 3988 2675 4059 ἐπληροῦτο,
2704 3989 2784 4052 είς
2813 3987 2906 4040 τὸν
2934 3987 3198 4058 ἡμέτερον
3227 3988 3456 4059 Σωτῆρα
3485 3989 3597 4060 Ἰη-

2014 4079 2141 4133 σοῦν
2159 4119 2174 4145 ,
2202 4080 2295 4134 τὸν
2318 4080 2552 4153 Χριστὸν
2588 4079 2684 4133 τοῦ
2714 4078 2848 4133 Θεοῦ
2867 4120 2881 4145 ,
2914 4080 2973 4144 ὃς
3000 4082 3065 4134 ὲκ
3088 4082 3403 4153 σπέρματος
3424 4084 3596 4139 Δαυῒδ

2013 4170 2248 4240 γεγονὼς
2271 4174 2462 4243 κρατεῖ
2488 4172 2583 4226 καὶ⁵
2604 4171 2883 4242 νομοθετεῖ
2898 4172 2992 4227 καὶ
3017 4173 3288 4242 βασιλεύει
3312 4174 3441 4228 καθ’.
3456 4175 3590 4248 ὅλης

2011 4264 2112 4333 τῆς
2144 4261 2444 4335 ἀνθρώπιον
2474 4265 2800 4336 οἰκουμένης
2819 4304 2835 4329 ,
2883 4265 2984 4318 οὐκ
3012 4265 3369 4338 ἀνθρωπίνως
3389 4308 3405 4332 ,
3451 4268 3592 4321 ἀλλὰ

2015 4354 2169 4425 θεῖκῇ
2198 4355 2459 4425 δυνάμει·
2498 4355 2590 4408 καὶ
2618 4354 2678 4407 τό
2722 4372 2781 4407 τε
2809 4355 3028 4426 σπέρμα
3060 4356 3223 4410 αὑτοῦ
3255 4357 3478 4428 ἀληθῶς
3506 4362 3589 4422 είς

2010 4445 2102 4498 τὸν
2136 4446 2305 4500 αίῶνα
2339 4445 2519 4516 μένει·
2550 4447 2667 4516 ἦτοι
2702 4445 2761 4499 τὺ
2785 4447 2884 4516 τῆς
2911 4446 3155 4518 διαδοχῆς
3187 4448 3355 4501 αὐτοῦ
3378 4450 3478 4520 τῆς
3500 4448 3591 4502 διὰ

2012 4539 2119 4593 τῶν
2165 4538 2476 4593 ἀποστόλων
2520 4537 2684 4593 αὐτοῦ
2730 4539 2824 4591 καὶ
2868 4539 3126 4611 μαθητῶν
3171 4540 3259 4593 τὸν
3295 4539 3585 4611 σύμπαντα

2014 4629 2215 4700 κόσμον
2235 4629 2547 4701 πληρούσης
2560 4646 2573 4659 ·
2600 4629 2634 4700 ἦ
2657 4630 2718 4683 τὸ
2738 4630 2952 4699 λογικὸν
2976 4631 3195 4701 σπέρμα
3214 4631 3317 4702 τῆς
3335 4634 3585 4703 οὐρανίου

2013 4719 2359 4783 διδασκαλίας
2378 4719 2563 4773 αὑτοῦ.
2583 4719 2743 4773 Ἀλλά
2761 4720 2854 4775 καὶ
2874 4722 2902 4772 ό
2919 4719 3105 4791 θρόνος
3124 4720 3291 4773 αὐτοῦ
3308 4722 3385 4785 ὡς
3399 4722 3584 4792 όήλιος

2012 4810 2283 4881 ἐκλάμπει
2305 4850 2317 4875 ,
2346 4810 2592 4881 φωτίζων
2616 4813 2709 4865 καὶ
2737 4812 3092 4881 καταυγάζων
3119 4812 3219 4877 τὰς
3246 4813 3358 4866 τῶν
3377 4812 3583 4884 ἀνθρὼ-

2012 4919 2127 4955 πων
2151 4902 2346 4972 ψυχάς.
2380 4902 2564 4965 Ταῦτα
2588 4904 2644 4957 δὲ
2667 4903 2844 4965 πάντα
2865 4904 3050 4968 τέλους
3091 4904 3331 4974 ἠξιοῦτο,
3353 4907 3449 4959 καὶ
3475 4907 3580 4959 εἰσι

2011 4996 2092 5049 ἐτι
2121 4996 2215 5050 νῦν
2251 4994 2551 5067 πληροῦται
2576 4995 2882 5061 ἀκολούθως
2937 4992 3019 5061 οἷς
3044 4997 3256 5069 ὤμοσεν
3285 5000 3316 5050 ὁ
3345 4997 3478 5062 Θεὸς
3507 4996 3580 5066 τῷ

2009 5089 2190 5142 Δαυῖδ.
2270 5089 2400 5143 ‘AD,’
2436 5089 2622 5163 ἐπειδὴ
2650 5088 2725 5162 μὴ
2752 5089 3137 5161 ἀνθρωπίνως,
3174 5089 3310 5160 μηδὲ
3341 5090 3579 5159 συνήθως

2009 5184 2120 5247 τοῖς
2146 5182 2288 5235 κατά
2304 5182 2588 5253 ἄνθρωπον
2611 5182 2925 5252 βασιλεῦσιν
2940 5184 3019 5245 είς
3039 5181 3163 5245 τοὺς
3190 5180 3468 5251 διαδόχους
3489 5178 3577 5234 τοῦ

2010 5274 2170 5327 Δαυῖδ
2197 5273 2501 5345 ἐπληροῦτο
2524 5274 2591 5327 τὰ
2619 5273 3021 5344 ἐπηγγελμένα,
3046 5271 3159 5325 ἀλλ’
3177 5272 3287 5325 οὐδ’
3310 5273 3397 5326 ἐπ’
3419 5270 3574 5324 αὑτὸν

2008 5366 2099 5423 τὸν
2146 5365 2410 5438 ἡμέτερον
2443 5366 2671 5437 Σωτῆρα
2703 5365 3028 5436 σωματικῶς
3051 5364 3238 5426 τέλους
3266 5362 3568 5432 ἐτύγχανεν,

2010 5457 2131 5510 ἐπεὶ
2157 5457 2233 5528 μὴ
2261 5457 2485 5526 γέγονεν
2512 5457 2676 5515 αὐτοῦ
2702 5461 2736 5530 ἡ
2761 5457 3004 5528 βασιλεία
3029 5461 3095 5512 ὲκ
3124 5457 3218 5511 τοῦ
3242 5458 3449 5528 κόσμου
3468 5454 3571 5508 τοὺ-

2007 5565 2098 5602 του
2119 5587 2132 5612 ,
2168 5548 2291 5620 μηδ’
2327 5551 2417 5603 ἐπὶ
2449 5550 2540 5602 τὸν
2572 5549 2826 5622 αἰσθητὸν
2857 5548 3047 5620 θρόνον
3083 5548 3351 5620 ὲκαθέσθη
3384 5547 3560 5601 Δαυίδ-

2007 5642 2309 5698 τοὺναντίον
2354 5643 2409 5698 δὲ
2448 5643 2624 5716 ἀπέϐη
2669 5642 2753 5699 διὰ
2790 5643 2847 5697 τὸ
2882 5640 3223 5716 συμϐεϐηκὸς
3264 5640 3387 5722 περὶ
3419 5637 3561 5701 αὑτὸν
