3830 6288
213 378 336 432 1115

1297 369 1795 426 COMMENTARM
1837 370 1900 424 IN.
1940 369 2274 428 PSALMOS.

3270 373 3405 430 HM

212 495 364 557 πάθος
383 511 396 523 θ
426 491 643 554 εἰκότως
672 491 765 544 καὶ
790 489 959 543 ταῦτα
987 491 1126 543 αὐτά
1155 491 1215 543 τὸ
1247 492 1389 543 θεῖον
1419 491 1512 544 καὶ
1542 507 1750 561 προφη-

1851 504 1952 544 nos
1977 490 2254 557 excitans;
2310 503 2478 559 quare
2527 490 2639 545 ait:
2677 490 2832 544 Nunc
2861 499 3036 545 autem
3067 489 3310 562 repulisti
3357 499 3406 544 et

209 588 343 642 τικὸν
371 583 586 654 Πνεῦμα
617 584 851 655 παρίστη
873 624 886 646 ,
916 584 1175 654 διεγεῖρον
1217 585 1364 653 ἡμᾶς
1393 582 1486 637 ἐπὶ
1525 582 1750 654 ζήτησιν

207 678 304 732 τῶν
331 675 773 744 ἀποτελεσμάτων
798 673 906 726 τῶν
937 673 1033 727 τοῦ
1066 672 1198 727 Θεοῦ
1230 674 1424 743 λογίων
1443 691 1457 704 '
1477 674 1556 727 διό
1583 690 1745 744 φησι·

207 768 342 823 Νυνί
377 765 444 819 δὲ
469 765 686 819 ἀπώσω
710 765 806 818 καὶ
828 765 1257 830 ἐξουδένωσας,
1289 767 1494 833 Κύριε,
1531 763 1748 818 ἀπεϐά-

205 863 309 913 .ιου
329 857 430 912 τὸν
449 860 703 925 Χριστόν
724 871 840 911 σου
857 873 874 888 ⁸
902 856 1308 925 κατέστρεψας
1330 856 1441 924 τὴν
1461 855 1751 924 διαθήκην

206 946 302 1005 τοῦ
328 949 544 1003 δούλου
571 964 717 1012 σου,
744 951 838 1002 καὶ
865 948 933 1002 τὰ
953 947 1307 1020 τούτοιςέξῆς
1325 965 1340 978 ο
1369 948 1436 1002 δι’
1458 943 1533 1002 ὧν
1564 946 1751 1016 σαφῶς

203 1037 444 1108 ὀνομαστὶ
476 1037 852 1108 μνημονεύσας
873 1037 965 1091 τὸν
998 1037 1230 1109 Χριστὸν
1251 1039 1280 1090 ό
1308 1037 1480 1105 λόγος,
1511 1037 1747 1108 παρίστη

199 1132 276 1183 ὅτι
306 1128 464 1199 μηδὲν
489 1129 648 1182 αὐτὸν
670 1129 823 1182 ἔλαθε
859 1129 968 1181 τῶν
995 1131 1089 1182 καὶ¹
1117 1130 1244 1200 περὶ
1263 1130 1361 1201 τὴν
1388 1129 1633 1199 διαδοχὴν
1656 1127 1748 1181 τοῦ

201 1221 380 1286 Δαυῒδ,
435 1222 526 1274 καὶ⁸
555 1222 652 1292 τὴν
683 1221 994 1293 σωματικὴν
1024 1222 1189 1275 αὑτοῦ
1232 1222 1526 1292 βασιλείαν,
1557 1221 1664 1274 τῶν
1690 1238 1749 1274 τε

203 1313 318 1384 περὶ
349 1314 406 1366 τὺ
450 1311 619 1376 πάθος
655 1312 732 1381 τῷ
761 1311 978 1384 Χριστῷ
1015 1311 1109 1365 τοῦ
1141 1311 1275 1366 Θεοῦ
1310 1311 1745 1383 συμϐεϐηκότων.

200 1401 372 1457 Ταῦτα
397 1401 527 1470 γοῦν
549 1402 790 1456 ἐδίδασκε
819 1404 1119 1475 προσδοκᾷν
1147 1403 1363 1457 ἔσεσθαι
1391 1404 1482 1456 καὶ
1506 1403 1630 1474 περί
1653 1401 1750 1472 τὴν

195 1495 429 1566 διαδοχὴν
458 1492 642 1561 αὐτοῦ,
667 1495 912 1565 καὶπερὶ
949 1495 1046 1566 τὴν
1075 1493 1346 1566 βασιλείαν
1368 1534 1382 1557 ,
1409 1494 1534 1565 περι
1570 1510 1629 1545 τε
1660 1491 1750 1545 τὸν

196 1590 254 1641 ἐκ
281 1587 586 1658 σπέρματος
612 1587 703 1639 τοῦ
734 1587 896 1640 Δαυῒδ
923 1588 1399 1658 προελευσόμενον.
1432 1588 1497 1639 Εἰ
1522 1585 1629 1656 γὰρ
1657 1587 1751 1638 καὶ

197 1682 258 1734 τὰ
299 1681 530 1752 μάλιστα
581 1680 808 1735 πλεῖστα
852 1681 953 1735 ὅσα
993 1681 1080 1734 διὰ
1122 1680 1230 1734 τῶν
1273 1679 1524 1750 ἀνωτέρω
1571 1676 1751 1742 ἔνδοξα

197 1772 313 1843 περί
349 1773 510 1826 αὑτοῦ
539 1772 754 1826 λέλεκτο
772 1812 788 1836 ,
837 1773 917 1826 ὅτι
943 1791 1002 1825 τε
1031 1771 1374 1842 ὑψωθήσεται
1397 1810 1412 1835 ,
1445 1770 1535 1824 καί
1561 1770 1620 1822 ἐν
1651 1768 1750 1820 θα-

1848 583 2147 651 despexisti,
2181 582 2398 636 Domine
2426 621 2440 646 ,
2473 582 2708 650 abjecisti
2752 582 3020 637 Christum
3056 590 3242 635 tuum:
3271 597 3409 634 ever-

1850 673 1960 726 tisti
1983 680 2344 726 testamentum
2377 671 2510 726 servi
2535 670 2644 734 tui,
2692 677 2746 724 et
2783 679 2980 725 caztera
3014 689 3026 724 :
3059 669 3216 740 queis
3261 669 3406 721 clare

1847 761 2124 818 Christum
2154 775 2482 822 memorans,
2526 758 2748 820 indicat,
2782 758 2915 812 nihil
2947 772 3134 812 eorum
3168 770 3286 826 qua:
3336 754 3406 808 ad

1849 852 2246 907 successionem
2276 849 2515 914 Davidis,
2546 857 2602 905 et
2630 863 2949 918 corporeum
2985 848 3105 917 ejus
3154 861 3401 916 regnum,

1848 955 2056 995 necnon
2083 955 2271 996 eorum
2299 954 2420 1008 quae
2469 939 2522 992 in
2573 940 2825 1008 passione
2869 937 3088 992 Christo
3117 935 3210 991 Dei
3259 937 3405 991 acci—

1848 1032 2064 1096 derunt,
2090 1033 2256 1088 latere
2274 1031 2399 1086 sibi.
2434 1030 2557 1086 Haec
2576 1031 2742 1100 igitur
2763 1030 2949 1084 docuit
2971 1029 3036 1084 de
3055 1028 3402 1084 successione

1847 1123 1966 1194 ejus
1997 1133 2048 1178 et
2069 1137 2254 1193 regno,
2285 1137 2348 1176 ac
2369 1122 2436 1176 de
2462 1136 2528 1176 eo
2555 1120 2647 1192 qui
2673 1136 2739 1174 ex
2767 1119 2974 1174 semine
3016 1117 3185 1172 David
3227 1116 3406 1186 prodi-

1847 1223 2002 1271 turus
2031 1223 2149 1270 erat
2177 1213 2540 1285 exspectanda
2589 1228 2730 1268 esse.
2781 1211 2932 1266 Licet
2958 1209 3103 1266 enim
3152 1209 3402 1279 superius

1847 1307 2243 1378 quamplurima
2298 1305 2365 1360 de
2401 1305 2495 1359 illo
2535 1304 2773 1375 gloriosa
2827 1303 2971 1358 dicta
3006 1301 3227 1363 fuerint,
3256 1298 3400 1370 quod

1849 1400 2057 1456 scilicet
2075 1396 2392 1454 exaltandus
2409 1397 2500 1461 sit,
2515 1394 2659 1466 quod
2674 1395 2729 1449 in
2744 1409 2890 1448 mare
2906 1400 2958 1447 et
2977 1393 3030 1446 in
3045 1392 3264 1446 ﬂumina
3289 1404 3406 1442 ma-

1849 1501 2326 1547 numextensurus
2377 1489 2478 1554 sit,
2533 1487 2679 1558 quod
2727 1485 2894 1542 Deum
2945 1485 3297 1538 invocaturus
3336 1481 3404 1534 sit

1857 1583 2088 1646 Patrem,
2119 1589 2173 1636 et
2203 1581 2272 1636 ab
2295 1581 2387 1635 illo
2422 1595 2640 1634 rursum
2688 1575 3084 1647 Primogenitus
3115 1573 3402 1628 declaran-

1850 1676 1953 1730 dus
1984 1675 2075 1735 sit,
2104 1673 2448 1743 praestantior
2499 1670 2716 1725 futurus
2749 1669 2822 1724 sit
2859 1667 3112 1722 omnibus
3142 1664 3360 1743 regibus
3383 1701 3400 1727 ,

1849 1741 2229 1823 testamentum
2261 1765 2413 1820 ﬁdele
2442 1762 2730 1817 habiturus
2759 1761 2860 1825 sit,
2907 1765 2962 1814 et
2994 1772 3175 1813 semen
3215 1756 3268 1810 in
3303 1741 3402 1810 sa:-

195 1864 355 1938 λάσσῃ
402 1866 497 1918 καὶ
545 1867 603 1917 ἐν
653 1867 910 1935 ποταμοῖς
955 1865 1054 1935 τὴν
1107 1867 1262 1935 χεῖρα
1311 1861 1475 1916 αὐτοῦ
1519 1862 1743 1921 ἐκτενεῖ,

1851 1859 2026 1914 culum
2052 1858 2232 1913 szeeuli
2265 1870 2610 1927 permanens,
2642 1855 2899 1908 thronum
2945 1852 3070 1905 item
3117 1849 3401 1903 durantem

193 1954 560 2010 ἐπικαλέσεταί
592 1971 652 2008 τε
682 1954 772 2008 τὸν
804 1955 935 2007 Θεὸν
985 1955 1230 2026 Πατέρα,
1281 1954 1375 2007 xui.
1421 1952 1555 2023 πρὸς
1583 1951 1746 2005 αὑτοῦ

195 2047 340 2100 πάλιν
376 2048 724 2118 Πρωτότοκος
767 2047 1258 2118 ἀναγορευθήσεται
1282 2087 1296 2110 ,
1332 2045 1483 2098 ἔσται
1524 2062 1581 2098 τε
1613 2042 1750 2098 ἀνώ-

191 2155 339 2202 τατος
385 2139 496 2192 τῶν
553 2139 848 2209 βασιλέων,
902 2139 996 2192 καί¹
1046 2139 1312 2209 διαθήκην
1350 2137 1459 2201 ἕξει
1513 2137 1744 2206 πιστήν’

193 2232 276 2284 καὶ
303 2231 521 2302 σπέρμα
550 2227 801 2301 διαμένον
835 2232 912 2293 εἰς
940 2229 1029 2282 τὸν
1062 2231 1231 2283 αἰῶνα
1258 2229 1352 2282 τοῦ
1385 2228 1609 2293 αἰῶνος,
1654 2225 1750 2280 καὶ

190 2323 367 2394 θρόνον
407 2322 731 2395 διαρκοῦντα
781 2320 922 2374 κατὰ
960 2320 1058 2385 τάς
1101 2321 1312 2392 ἡμέρας
1359 2319 1452 2373 τοῦ
1496 2317 1745 2389 ούρανοῦ,

190 2416 276 2469 καὶ
323 2415 462 2469 κατά
510 2414 599 2467 τὸν
648 2412 797 2484 ἥλιον
841 2411 936 2466 καὶ
976 2412 1074 2484 τὴν
1118 2410 1342 2480 σελήνην
1369 2426 1386 2441 ο
1437 2409 1552 2463 ἀλλ’
1603 2408 1749 2478 ὅμως

192 2507 275 2559 καὶ
298 2506 418 2561 τάδε
446 2505 519 2559 τὰ
552 2505 848 2576 σκυθρωπά
878 2505 1005 2577 περὶ
1027 2504 1187 2558 αὑτὸν
1213 2501 1585 2574 συμϐήσεσθαι
1609 2517 1748 2572 προ-

189 2599 361 2667 λέγει,
416 2597 751 2670 προφητεύει
799 2617 857 2652 τε
903 2599 997 2652 καὶ
1043 2595 1214 2650 ταῦτα
1261 2597 1354 2649 καὶ
1404 2593 1749 2665 προδιδάσκει

188 2690 494 2759 ἀναγκαίως
537 2690 597 2742 τὸ
636 2689 778 2744 θεῖον
807 2689 1027 2760 Πνεῦμα
1047 2729 1062 2753 ,
1091 2688 1156 2742 ἵν’
1181 2686 1236 2740 εἴ
1267 2703 1395 2741 ποτε
1435 2687 1547 2748 τοῖς
1572 2684 1750 2752 λόγοις

186 2783 444 2837 ἀκόλουθα
483 2785 813 2855 ἀπαντήσειε
847 2783 914 2836 τά
960 2782 1095 2854 ἔργα
1129 2783 1254 2852 περί
1297 2800 1355 2835 τε
1398 2780 1489 2833 τὸν
1518 2778 1749 2850 Χριστὸν

187 2874 272 2927 τοῦ
290 2876 448 2940 Θεοῦ,
475 2877 568 2930 καὶ
591 2877 717 2947 περί
739 2876 836 2945 τὴν
861 2875 952 2928 τοῦ
979 2873 1136 2927 Δαυίδ
1160 2873 1427 2944 διαδοχὴν,
1457 2871 1530 2943 μὴ
1557 2869 1752 2940 ταράτ-

185 2985 348 3021 τοιντο
369 2972 418 3022 oi
457 2970 623 3023 πάλαι
655 2968 826 3022 ταῦτα
857 2969 949 3022 καὶ
984 2971 1047 3021 ἐκ
1079 2967 1353 3039 προγόνων
1390 2963 1602 3035 μέλλειν
1631 2962 1749 3015 ἐσε-

190 3062 300 3116 σθαι
337 3065 734 3136 παρειληφότες
753 3081 767 3095 ·
801 3059 860 3117 εὖ
892 3064 1091 3125 εἰδότες
1120 3065 1199 3116 ὅτι
1231 3061 1401 3114 ταῦτα
1425 3057 1750 3130 γενήσεσθαι

187 3153 303 3224 περὶ
341 3155 506 3207 αὐτὸν
558 3153 1034 3225 προεφητεύσατο,
1081 3153 1150 3206 τά
1197 3169 1258 3204 τε
1304 3148 1605 3220 σκυθρωπά
1657 3146 1751 3199 καὶ

1847 1951 1988 2005 sicut
2030 1951 2146 2006 dies
2172 1950 2295 2006 cceli
2325 1956 2377 2005 et
2422 1949 2564 2003 sicut
2615 1948 2798 2001 lunam
2830 1959 2894 1998 ae
2935 1943 3138 2008 solem;
3166 1947 3403 1994 attamen

1847 2040 1962 2095 haec
1985 2040 2158 2094 tristia
2183 2039 2286 2110 ipsi
2309 2047 2568 2093 eventura
2617 2051 2740 2092 esse
2771 2032 3097 2106 pramuntiat
3129 2047 3144 2086 :
3185 2029 3406 2097 haecque

1849 2133 2158 2202 necessario
2198 2131 2460 2200 praedicit,
2495 2143 2558 2182 ac
2582 2127 2776 2181 docere
2833 2123 3119 2178 antevertit
3169 2119 3405 2190 Spiritus

1849 2225 2099 2287 divinus;
2150 2231 2210 2276 ut
2242 2223 2288 2277 si
2323 2221 2542 2290 quando
2591 2216 2890 2274 secundum
2942 2229 3248 2270 sermonem
3285 2211 3405 2280 ejus

1850 2317 1965 2373 haac
1997 2317 2216 2372 Christo
2250 2324 2304 2370 et
2331 2314 2551 2368 Davidis
2583 2310 2917 2366 successioni
2952 2306 3284 2369 acciderint,
3338 2319 3407 2358 ne

1849 2411 2136 2464 turbentur
2169 2409 2226 2470 ii,
2253 2407 2348 2476 qui
2371 2406 2482 2476 jam
2513 2405 2642 2458 olim
2687 2410 2742 2458 et
2770 2417 2800 2455 a
2831 2399 3130 2470 majoribus
3159 2397 3274 2451 hac
3322 2394 3409 2448 fu-

1851 2513 1968 2555 tura
2015 2515 2137 2555 esse
2190 2497 2494 2552 didicerant
2525 2536 2540 2558 ,
2591 2494 2742 2564 gnari
2794 2491 3004 2547 scilicet
3043 2489 3095 2542 in
3127 2485 3406 2558 prophetia

1849 2591 2038 2646 isthaee
2090 2588 2270 2642 futura
2301 2585 2684 2656 praenuntiari,
2750 2582 2866 2638 sive
2903 2581 3108 2642 tristia,
3161 2577 3275 2634 sive
3304 2575 3407 2630 mi-

1852 2683 1988 2738 tiora
2014 2699 2028 2736 :
2064 2695 2183 2751 qua:
2207 2695 2339 2736 sane
2367 2679 2508 2733 idem
2542 2692 2722 2733 sermo
2751 2675 2878 2730 licet
2900 2670 3197 2732 contraria,
3220 2669 3276 2724 in
3308 2682 3406 2723 en-

1850 2773 1970 2828 dem
2000 2773 2116 2842 ipso
2138 2779 2398 2826 eventura
2437 2767 2783 2830 vaticinatur,
2809 2778 3034 2835 quaeque
3077 2760 3212 2830 ipsis
3238 2756 3411 2828 operi-

1850 2867 1952 2921 bus
1992 2864 2258 2933 completa
2303 2861 2631 2930 accepimus.
2681 2857 2813 2911 Nam
2860 2866 3098 2924 tempore
3140 2848 3408 2920 passionis

1852 2955 2159 3012 Servatoris
2179 2952 2354 3008 nostri
2384 2950 2559 3006 tristia
2607 2949 2696 3003 illa
2731 2948 2786 3002 in
2819 2948 2940 3016 ipso
2983 2952 3110 3000 sunt
3153 2940 3407 3011 impleta;

1851 3055 2040 3120 postea
2073 3061 2222 3111 vero,
2251 3043 2631 3115 praestantiora
2686 3041 2778 3095 illa
2809 3039 3077 3109 promissa
3121 3035 3178 3090 in
3216 3031 3406 3090 eodem

1851 3140 2107 3211 operibus
2143 3137 2276 3206 ipsis
2314 3135 2550 3207 perfecta
2582 3140 2728 3190 sunt.

187 3214 542 3315 χρηστότερα·
593 3214 672 3308 οἷς
710 3214 849 3313 ’γοῦν
905 3214 1057 3296 καὶνό
1093 3243 1253 3306 αὐτὸς
1285 3214 1724 3309 λόγος-τάναντία
1758 3233 1886 3305 περὶ
1914 3233 2011 3285 ἕνα
2040 3230 2136 3284 καὶ
2184 3230 2278 3282 τὸν
2327 3228 2486 3280 αὑτὸν
2521 3225 2740 3278 ἔσεσθαι
2792 3222 3068 3284 θεσπίζει,
3120 3218 3157 3272 ἃ
3202 3216 3267 3288 δὴ
3315 3214 3411 3270 καὶ

185 3307 352 3407 ἔργοις
381 3307 588 3400 ἀῦτοῖς
630 3307 1065 3408 παρειλήφαμεν.
1116 3333 1272 3388 Κατὰ
1329 3307 1424 3403 μὲν
1453 3331 1560 3402 γὰρ
1601 3331 1692 3383 τὺν
1732 3327 1921 3398 χρόνον
1953 3322 2047 3376 τοῦ
2093 3321 2296 3384 πάθους
2337 3318 2432 3371 τοῦ
2497 3317 2747 3386 Σωτῆρος
2785 3313 2940 3384 ήμῶν
2981 3307 3281 3380 ἐπληροῦτο
3332 3308 3412 3370 εἰς

183 3399 345 3482 αὑτὸν
371 3429 446 3483 τὰ
479 3399 931 3501 σκυθρωπότερα·
948 3399 1097 3482 ’κατά
1121 3427 1177 3480 δὲ
1199 3426 1288 3479 τὸν
1315 3399 1452 3496 μετά
1491 3399 1661 3477 ταῦτα
1681 3422 1736 3475 αἱ
1765 3417 1873 3472 τῶν
1902 3414 2221 3488 κρειττόνων
2249 3409 2568 3478 ἐπαγγελίαι
2596 3408 2778 3481 ἔργοις
2803 3404 2962 3459 πάλιν
2991 3404 3070 3467 εἰς
3088 3401 3249 3455 αὐτὸν
3297 3399 3411 3453 ἐτε-

182 3520 436 3577 λειοῦντο.

247 3635 326 3689 Τὰ
478 3629 570 3688 οὖν
602 3635 730 3706 περί
755 3634 813 3687 τὸ
841 3633 1008 3696 πάθος
1031 3632 1179 3703 αὐτῷ
1203 3630 1484 3702 συμϐάντα
1505 3627 1743 3700 ἀκριϐῶς

1913 3619 2044 3686 Quae
2075 3618 2237 3686 igitur
2263 3615 2317 3668 in
2349 3611 2602 3683 passione
2628 3609 2748 3676 ejus
2789 3605 3125 3668 acciderunt,
3160 3608 3412 3657 accurate

184 3693 429 3799 ἐδηλοῦτο
454 3727 542 3780 διὰ
561 3693 687 3779 τοῦ·⁸
712 3726 793 3779 Σὺ
822 3725 889 3778 δὲ
920 3693 1162 3787 diem,
1184 3693 1284 3776 καί
1314 3693 1747 3786 saevas-wan

1851 3708 2208 3780 prmnuntiata
2259 3712 2386 3758 sunt
2427 3703 2516 3757 his
2560 3700 2783 3754 verbis:
2821 3695 2898 3748 Tu
2924 3711 3042 3748 vero
3086 3693 3326 3762 repulisti
3360 3701 3412 3746 et

182 3819 478 3874 ἀνεϐάλου
526 3819 632 3871 τόν
662 3818 917 3886 Χριστόν
956 3832 1091 3870 σου,
1142 3815 1279 3868 Ἀνθ’
1306 3807 1367 3867 οῦ
1390 3816 1417 3866 ὁ
1455 3814 1551 3883 μὲν
1593 3812 1750 3863 Ἀκύ-

1851 3798 2150 3870 despexisti,
2183 3794 2420 3865 abjecisti
2443 3792 2713 3847 Christum
2737 3801 2903 3840 tuum.
2935 3788 3044 3838 Pro
3083 3798 3194 3854 quo
3219 3783 3412 3853 Aquila

184 3911 272 3974 λας
300 3911 489 3983 φησὶν,
533 3909 1009 3977 ’Υπερηθέτησας
1033 3906 1180 3976 μετὰ
1210 3905 1568 3974 ήαίειμμένου
1596 3918 1712 3956 σου
1732 3919 1746 3930 ’

183 4003 212 4052 ὁ
239 4003 293 4057 δὲ
319 4003 632 4074 Σύμμαχος,
672 3999 1006 4069 Ἔχολὼθης
1034 3999 1182 4066 πρὸς
1207 3997 1313 4050 τὸν
1336 3995 1589 4064 Χριστόν
1609 4008 1745 4047 σου.

186 4095 496 4165 Τηνικαῦτα
536 4093 592 4145 δὲ
625 4092 716 4145 καὶ
747 4090 816 4143 τὰ
847 4089 946 4160 τῆς
980 4087 1254 4158 Διαθήκης
1289 4083 1453 4138 αὑτοῦ
1484 4085 1580 4154 τῆς
1614 4081 1750 4154 πρὸς

185 4186 304 4250 τοὺς
335 4183 662 4246 ἀποστόλους
692 4179 1061 4249 διεσκεδάσθη,
1091 4179 1179 4232 ὅτε
1203 4177 1297 4230 καὶ
1325 4176 1628 4246 ἠρνήσαντο
1655 4172 1751 4226 αύ-

185 4276 291 4342 τδν,
317 4277 411 4331 καὶ
437 4277 502 4328 τὸ
529 4276 776 4344 ἀγίασμα
801 4271 986 4334 αὐτοῦ,
1006 4270 1270 4324 ’τουτέστι
1297 4268 1355 4320 τὸ
1382 4265 1540 4335 σῶμα
1561 4266 1620 4316 τὸ
1643 4264 1753 4316 ἀπὸ

186 4369 278 4438 τῆς
314 4369 478 4436 ἁγίας
521 4365 796 4437 Παρθένου
817 4403 831 4427 ,
873 4365 952 4426 εἰς
973 4363 1074 4432 τὴν
1110 4362 1212 4431 γῆν
1243 4357 1552 4430 ἐϐεὸηλώθη
1572 4375 1585 4387 σ
1618 4355 1752 4410 ἀλλά

186 4461 274 4513 καὶ
323 4462 534 4522 πάντας
579 4459 703 4522 τοὺς
744 4458 1031 4529 φραγμοὺς
1077 4453 1238 4510 αὑτοῦ
1273 4453 1392 4506 τότε
1420 4450 1690 4522 περιεῖλεν
1725 4453 1754 4504 ὁ

184 4548 310 4612 Θεός
329 4567 342 4579 ·
377 4547 578 4618 δηλαδὴ
606 4548 732 4609 τοὺς
754 4545 1237 4616 περιφράττοντας,
1265 4543 1450 4611 ὥσπερ
1479 4543 1573 4595 καὶ
1599 4542 1755 4613 δορυ-

185 4639 483 4710 φοροῦντας
516 4638 676 4691 αύτδν
706 4638 799 4691 καὶ
825 4635 1184 4707 περιέποντας
1215 4634 1478 4703 ἀγγέλους
1499 4651 1510 4664 ·
1551 4634 1613 4685 ού
1646 4632 1752 4703 μὴν

185 4727 318 4780 ἀλλὰ
341 4728 436 4781 καὶ
459 4728 525 4780 τά
551 4726 882 4798 ὀχυρώματα
901 4723 1084 4778 αὐτοῦ.
1108 4719 1287 4776 *Ησαν
1307 4723 1363 4776 δὲ
1385 4715 1529 4776 οῦτοι
1555 4722 1603 4773 οἱ
1628 4719 1754 4774 ἀπό-

185 4822 355 4873 στολοι
387 4822 481 4874 καὶ
508 4821 557 4874 οἱ
589 4818 825 4890 μαθηταὶ
856 4816 1043 4880 αὐτοῦ,
1074 4816 1122 4868 οἳ
1153 4816 1398 4884 ἐγένοντο
1425 4815 1506 4876 εἰς
1530 4813 1750 4877 δειλίαν,

184 4911 258 4973 ὼς
295 4913 391 4965 καὶ
425 4911 762 4982 ἀρνήσασθαι
793 4910 954 4962 αὑτὸν
991 4909 1086 4962 καὶ
1114 4907 1512 4969 καταλιπόντας
1538 4903 1747 4975 φυγεῖν.

184 5003 313 5055 Τότε
357 5003 416 5056 δὲ
448 5005 540 5056 καὶ
566 5001 793 5073 ἐγενήθη
826 5003 904 5065 εἰς
931 4993 1126 5063 ὄνειδος
1157 5002 1269 5062 τοῖς
1297 4999 1532 5066 γείτοσιν
1566 4997 1749 5060 αὑτοῦ,

185 5097 277 5146 καὶ
295 5095 484 5166 ὑψώθη
509 5095 704 5165 magna
734 5095 839 5147 τῶν
869 5093 1154 5146 θλιϐόντων
1183 5093 1362 5146 αὐτόν·
1384 5093 1477 5144 καὶ
1499 5091 1566 5144 τά
1593 5089 1753 5143 λοιπά

180 5187 237 5238 δὲ
269 5189 448 5241 πάντα
470 5187 588 5240 τότε
611 5189 688 5249 εἰς
712 5186 801 5239 τὸν
825 5187 888 5237 ἐκ
916 5184 1228 5254 σπέρματος
1244 5183 1404 5236 Δαυῒδ
1431 5181 1751 5252 ἐπληροῦτο.

188 5276 395 5345 Ἄλλως
422 5277 530 5348 γὰρ
552 5278 654 5329 οὐκ
681 5276 745 5328 ἄν
764 5293 846 5337 τις
882 5274 991 5344 ἔχοι
1019 5273 1189 5327 ταῦτα
1204 5275 1290 5325 ἐπ’
1315 5273 1474 5326 αὐτὸν
1492 5273 1581 5324 τὸν
1597 5271 1757 5324 Δαυῒδ

181 5367 542 5438 ἐφαρμόζειν,
575 5367 682 5420 οὐδ’
715 5364 972 5428 ἐπιδεῖξαι
1011 5367 1088 5427 εἰς
1115 5365 1321 5415 ἐκεῖνον
1353 5362 1757 5434 πεπληρωμένα

180 5460 245 5512 τά
268 5460 628 5530 προκείμενα,
648 5458 723 5521 ὡς
738 5458 856 5510 ούδὶ
876 5458 944 5510 τά
974 5459 1270 5526 σεμνότερα
1300 5457 1394 5510 καὶ
1423 5458 1768 5527 χρηστότεραο

180 5549 531 5621 ἐμφερόμενα
552 5552 672 5611 ταῖς
689 5547 781 5600 τοῦ
801 5547 934 5600 Θεοῦ
962 5547 1328 5616 ἐπαγγελίαις.
1352 5547 1427 5600 υύ
1449 5546 1557 5617 γὰρ
1577 5546 1641 5616 δὴ
1663 5544 1756 5598 τοῦ

181 5639 342 5693 Δαυῒδ
363 5642 392 5692 ὁ
422 5641 605 5711 θρόνος
635 5639 944 5709 κατηύγασε
973 5640 1070 5708 τὴν
1097 5638 1387 5708 σύμπασαν
1409 5637 1755 5708 οἰκουμένην,

177 5732 334 5800 δίκην
356 5731 506 5801 ήλίου
535 5731 794 5800 φωτίσας.
814 5730 920 5782 οὐδ’
937 5731 1010 5792 ὡς
1084 5729 1276 5800 σελήνη
1302 5730 1529 5800 διαρκὴς
1545 5728 1754 5797 γέγονε,

183 5823 304 5881 θὺῦὲ
321 5825 401 5887 είς
428 5824 513 5882 τῦν
531 5823 700 5878 αἰῶνα
723 5823 811 5879 τοῦ
838 5823 1026 5886 αἰῶνος
1045 5821 1370 5894 διεφυλάχθη
1396 5841 1401 5848 ·
1427 5820 1532 5874 οὐδ’
1551 5819 1661 5894 ἔχει
1678 5819 1758 5874 λό-

1850 3893 1926 3946 ait
1957 3912 1970 3947 ε
2001 3889 2271 3944 Distutisti
2299 3903 2417 3940 cum
2451 3893 2607 3938 uncto
2641 3891 2762 3942 tuo;
2793 3876 3154 3949 Symmachus
3180 3882 3359 3929 autem
3394 3891 3410 3932 :

1855 3984 2034 4038 Iratus
2085 3998 2137 4035 es
2185 3988 2371 4033 contra
2415 3975 2684 4031 Christum
2723 3981 2889 4024 tuum.
2923 3967 3076 4023 Tunc
3102 3981 3267 4038 porro
3293 3981 3415 4036 qua!

1852 4079 1916 4132 ad
1947 4081 2326 4132 testamentum
2371 4067 2632 4140 apostolis
2665 4066 2850 4120 datum
2881 4061 3221 4133 spectabant,
3253 4059 3399 4115 dissi-

1851 4178 1975 4240 pata
2013 4174 2161 4229 sunt,
2191 4164 2408 4234 quando
2454 4162 2630 4231 ipsum
2685 4157 3042 4227 abnegarunt.
3072 4162 3128 4209 et
3159 4161 3412 4208 sanctua-

1851 4261 1992 4314 rinm
2025 4257 2164 4327 ejus,
2201 4255 2252 4309 id
2297 4262 2382 4308 est
2425 4264 2628 4320 corpus
2675 4262 2741 4302 ex
2793 4253 2984 4300 sancta
3023 4244 3243 4314 Virgine
3267 4256 3415 4297 acce-

1853 4359 2022 4420 ptum,
2053 4349 2106 4402 in
2146 4354 2286 4401 terra
2319 4343 2664 4414 profanatum
2714 4347 2818 4394 est.
2863 4337 2976 4390 lmo
3019 4337 3182 4391 etiam
3227 4347 3416 4388 omnes

1853 4457 2008 4510 sepes
2035 4439 2154 4508 ejus
2189 4445 2324 4490 tunc
2355 4433 2582 4489 abstulit
2618 4433 2779 4496 Deus,
2805 4428 3055 4484 videlicet
3079 4424 3300 4494 angelos
3319 4423 3417 4477 sti-

1852 4540 2043 4601 pantes
2075 4545 2220 4591 eum,
2256 4542 2321 4580 ac
2349 4524 2658 4581 satellitium
2689 4529 2910 4592 agentes
2937 4527 2991 4573 et
3022 4515 3413 4570 ministrantes.

1855 4623 2093 4691 Itemque
2145 4619 2479 4674 munimenta
2531 4616 2650 4685 ejus
2702 4613 2900 4667 ablata.
2926 4610 3001 4665 Ea
3047 4617 3226 4664 autem
3259 4613 3416 4662 erant

1854 4716 2085 4787 apostoli
2137 4715 2258 4785 ejus
2303 4722 2358 4768 et
2405 4709 2677 4779 discipuli,
2705 4708 2795 4777 qui
2825 4713 2973 4759 tanta
3004 4701 3293 4757 formidine
3323 4712 3415 4752 re-

1853 4811 1982 4880 pleti
2025 4816 2172 4871 sunt,
2213 4816 2271 4862 ut
2304 4805 2818 4874 abnegarent'eum,
2851 4798 3074 4868 ipsoque
3107 4795 3298 4850 relicto
3329 4791 3417 4846 fu-

1855 4909 2061 4973 gerent.
2097 4899 2252 4953 Tune
2285 4906 2462 4951 autem
2495 4894 2672 4947 factus
2705 4897 2790 4946 est
2819 4889 2873 4943 in
2901 4886 3250 4959 opprobrium
3285 4884 3419 4939 vici-

1787 4963 1826 5016 υ
1855 4963 1942 5048 his
1975 4993 2112 5056 suis,
2143 4999 2196 5045 et
2221 4989 2454 5045 exaltata
2483 4992 2568 5040 est
2594 4983 2814 5038 dextera
2847 4978 3218 5033 tribulantium
3249 4989 3372 5029 eum
3399 4991 3413 5026 :

1856 5099 1920 5137 ac
1958 5090 2152 5136 caetera
2183 5079 2366 5134 omnia
2400 5077 2454 5128 in
2478 5089 2565 5136 eo,
2594 5071 2688 5142 qui
2723 5086 2786 5125 ex
2816 5069 3022 5124 semine
3052 5064 3271 5119 Davidis
3303 5078 3421 5132 pro-

1855 5175 2051 5238 dierat,
2089 5182 2220 5227 tunc
2253 5170 2469 5240 impleta
2517 5173 2664 5222 sunt.
2695 5163 2844 5217 Alias
2885 5162 3029 5216 enim
3059 5173 3217 5213 nemo
3252 5155 3422 5225 possit

1857 5267 2044 5321 isthme
2090 5266 2192 5335 ipsi
2247 5261 2434 5316 Davidi
2480 5266 2758 5327 eoaptare,
2788 5268 2963 5322 neque
2989 5249 3276 5306 ostendere
3304 5247 3420 5301 haec

1858 5376 1979 5429 qua:
2006 5366 2304 5412 tractamus
2327 5353 2545 5422 impleta
2576 5351 2630 5404 in
2663 5350 2783 5418 ipso
2811 5362 2932 5402 esse
2951 5351 3048 5424 ;.ut
3079 5355 3254 5409 neque
3287 5353 3421 5407 prae-

1859 5452 2122 5507 stantiora
2151 5456 2206 5503 et
2234 5446 2452 5501 mitiora
2481 5457 2601 5513 quae
2631 5442 2684 5496 iu
2717 5416 3002 5509 promissis
3031 5434 3126 5487 Dei
3154 5433 3421 5486 feruntur.
3451 5414 3458 5434 ¹

1857 5542 2041 5611 Neque
2060 5541 2203 5595 enim
2224 5537 2443 5596 Davidis
2464 5535 2693 5588 thronus
2714 5531 2896 5586 radios
2919 5528 3092 5584 instar
3114 5524 3248 5578 solis
3269 5524 3426 5578 emit-

1855 5634 2022 5689 tendo
2054 5639 2226 5685 totum
2261 5627 2584 5684 illuminavit
2607 5625 2818 5688 orbem,
2846 5635 3022 5690 neque
3051 5626 3109 5672 ut
3147 5617 3273 5669 luna
3305 5628 3426 5684 per-

1858 5734 2054 5796 petuus
2084 5723 2206 5791 fuit,
2237 5737 2412 5791 neque
2465 5719 2518 5772 in
2570 5717 2826 5773 sarculum
2859 5711 3040 5770 saeculi
3071 5714 3426 5764 conservatus

1859 5825 1955 5873 est.
1991 5815 2175 5881 Neque
2217 5813 2322 5872 ulla
2365 5814 2569 5870 ratione
2619 5815 2794 5881 potest
2822 5807 2911 5862 ille
2947 5801 3111 5858 David
3147 5799 3422 5865 I’rilnoge-
