3830 6288
343 317 400 372 Η
422 317 482 372 15
1117 315 1389 375 EUSEBII
1426 313 1901 372 CESABIENSIS
1938 313 2087 369 ()PP.
2120 310 2300 368 PARS
2337 309 2427 364 Ill.
2459 339 2530 351 --
2562 305 2971 362 EXEGETICA.
3436 309 3582 354 tm
3619 399 3622 402 γ

339 439 488 486 nitus
515 430 608 487 Del
639 426 821 486 voc-ari
852 449 864 486 :
896 432 1328 504 quandoquidem
1356 441 1482 488 ante
1510 440 1562 487 et
1589 439 1709 502 post
1742 432 1884 485 illum

1994 446 2088 498 γον
2101 429 2188 483 τὸν
2203 427 2362 482 Δαυῖδ
2379 427 2581 480 ἐκεῖνον
2594 423 2942 496 Πρωτότοκον
2957 437 3060 492 χρη
3069 436 3172 491 ματ
3182 419 3197 472 ί
3203 435 3290 472 σαι
3312 416 3399 469 τοῦ
3412 415 3582 468 Θεοῦ·

340 523 576 577 sexcenti
601 522 692 576 illo
717 524 1119 593 prmstantiores
1147 525 1315 580 fuere.
1352 523 1535 594 Neque
1563 525 1774 577 videtur
1806 521 1903 576 Da-

339 615 424 668 vid
457 614 734 668 dexteram
769 616 824 670 in
866 615 1110 680 ﬂumina,
1145 619 1424 672 sinistram
1455 617 1509 670 in
1540 630 1688 670 mare
1715 627 1902 670 exten-

337 702 504 766 disse,
536 719 711 774 neque
731 702 1040 761 dominatus
1069 713 1153 760 cst
1196 721 1227 760 a
1268 706 1403 760 mari
1429 721 1602 775 usque
1627 705 1693 758 ad
1729 720 1898 770 mare,

337 809 513 864 neque
545 811 766 866 regnum
800 796 1057 861 obtinuit,
1093 798 1238 867 quod
1268 797 1595 867 pertingeret
1629 812 1800 866 usque
1833 797 1899 850 ad

336 885 598 940 terminos
626 894 798 940 terrae.
822 884 1004 956 Neque
1025 887 1184 940 etiam
1210 886 1319 940 [ilio
1341 885 1461 954 ejus
1487 885 1762 940 Salomoni
1788 885 1899 940 haec

337 976 583 1045 adaptari
631 985 909 1047 possunt:
949 993 1074 1031 nam
1127 977 1215 1031 hic
1266 978 1490 1046 perinde
1543 985 1706 1048 atque
1745 988 1900 1049 pater

333 1067 474 1136 ejus,
506 1083 616 1122 non
656 1069 794 1123 ultra
823 1068 1061 1125 Iudaeam
1093 1070 1399 1140 imperavit,
1434 1086 1612 1140 neque
1643 1077 1703 1124 ut
1746 1078 1900 1141 pater

332 1159 473 1229 ejus,
503 1160 625 1231 plus
654 1162 1011 1232 quadraginta
1044 1161 1202 1218 annis
1248 1162 1494 1232 regnavit
1527 1182 1539 1218 :
1573 1178 1747 1233 neque
1790 1163 1900 1217 cri-

333 1252 479 1306 mine
505 1268 730 1308 vacuam
764 1253 926 1307 vitam
953 1268 1210 1309 emensus
1238 1261 1340 1309 est.
1368 1253 1485 1307 Tali
1524 1269 1758 1324 namque
1787 1269 1899 1308 mo-

333 1341 403 1395 do
426 1356 484 1396 se
512 1343 700 1412 gessit,
732 1349 790 1395 ut
817 1349 1038 1412 propter
1060 1342 1310 1397 insanum
1337 1343 1622 1398 mulierum
1655 1359 1895 1399 amorem

330 1438 382 1485 et
413 1431 772 1486 idololatriam
809 1433 948 1488 male
978 1433 1232 1498 audierit,
1264 1449 1370 1504 qua
1417 1433 1484 1488 de
1532 1449 1697 1490 causa
1745 1433 1897 1488 Sata-

330 1533 454 1572 nam
481 1519 584 1589 ipsi
625 1520 920 1576 suscitasse
950 1520 1151 1576 dicitur
1177 1521 1546 1578 Deus.Verum
1575 1539 1748 1594 neque
1771 1533 1894 1595 post

331 1608 673 1665 Salomonem
708 1611 774 1665 ad
806 1612 1032 1667 alterum
1075 1629 1260 1684 regum
1289 1612 1598 1669 Iudaeorum
1626 1632 1689 1671 ex
1723 1615 1890 1671 semi-

328 1715 396 1755 ne
427 1707 480 1755 et
509 1703 860 1758 successione
899 1702 1067 1758 David
1100 1713 1328 1774 possunt
1365 1707 1756 1775 promissiones
1788 1710 1891 1764 illa;

2005 522 2126 574 ἐπεὶ
2160 521 2251 574 καὶ
2290 521 2393 590 πρὸ
2435 517 2595 573 αὑτοῦ
2634 516 2811 588 μυρίοι
2845 513 3090 574 καλλίους
3118 509 3284 565 αὑτοῦ
3321 509 3415 562 καὶ
3451 510 3578 578 μετ’
3603 549 3614 580 ι.

2003 613 2162 664 αὑτὸν
2188 612 2490 681 γεγόνασιν.
2542 609 2678 662 Ἀλλ’
2709 608 2828 662 οὑδέ
2859 602 3154 676 φαίνεταιό
3179 599 3338 655 Δαυῒδ
3362 599 3458 670 τὴν
3486 598 3607 666 δε-⁸

2003 701 2119 766 ξιὰν
2150 701 2243 754 ἐπὶ
2277 701 2552 770 ποταμοὺς
2591 698 2832 761 ἐκτείνας
2853 736 2867 760 ,
2913 695 3004 748 καὶ
3030 693 3125 764 τὴν
3154 691 3439 763 ἀριστερὰν
3476 688 3583 741 ἐπὶ

2000 793 2308 856 Θάλασσαν,
2341 793 2459 845 οὑδέ
2513 789 2946 861 κατακυριεύσας
2991 787 3098 840 ἀπὸ
3141 782 3412 852 θαλάσσης
3460 780 3582 843 ἓως

1999 883 2270 954 Θαλάσσης
2289 923 2302 947 ,
2335 883 2454 936 οὑδὲ
2485 882 2757 953 βασιλείαν
2789 880 3126 951 κτησάμενος
3155 877 3249 948 τὴν
3282 892 3580 946 παρεκτα-

1999 975 2182 1029 θείσαν
2221 975 2325 1038 ἕως
2350 973 2456 1028 τῶν
2487 973 2736 1043 περάτων
2757 974 2856 1042 τῆς
2883 969 3221 1041 οἰκουμένης.
3278 967 3415 1020 Ἀλλ’
3449 963 3583 1016 οὐδ’

1996 1067 2086 1120 ἐπὶ
2129 1067 2220 1120 τὸν
2260 1067 2316 1133 ἐξ
2362 1065 2524 1120 αὑτοῦ
2562 1064 2848 1135 γενόμενον
2877 1061 3159 1132 Σολομῶνα
3189 1057 3354 1112 ταῦτα
3383 1057 3585 1110 πάντα

1995 1158 2470 1229 ἐφαρμοσθήσεται
2489 1174 2502 1186 ’
2532 1156 2592 1210 ού
2618 1155 2778 1208 πλέον
2806 1155 2915 1226 γὰρ
2943 1155 3039 1225 τῆς
3074 1153 3322 1214 Ἰουδαίας
3345 1151 3457 1204 οὐδ’
3485 1143 3585 1202 οὗ·

1993 1267 2084 1314 τος
2128 1251 2406 1320 κρατήσας
2454 1248 2653 1320 ὁμοίως
2685 1246 2762 1317 τῷ
2803 1244 2992 1298 ἑαυτοῦ
3027 1246 3308 1314 ἱστορεῖται
3353 1240 3583 1310 πατρί’

1994 1340 2106 1394 ἀλλ’
2127 1341 2234 1392 οὐδ’
2253 1339 2492 1410 ὑπερϐὰς
2514 1339 2703 1410 χρόνον
2721 1337 2854 1390 ἐτῶν
2878 1342 2939 1407 μ’
2955 1336 3052 1406 τῆς
3073 1333 3339 1404 βασιλείας
3357 1332 3587 1401 ὁμοίως

1993 1430 2071 1502 τῷ
2106 1430 2296 1484 ἑαυτοῦ
2334 1431 2526 1500 πατρί·
2560 1429 2672 1482 ἀλλ’
2701 1427 2822 1482 οὑδὲ
2850 1425 3208 1494 ἀνεπίληπτον
3247 1422 3355 1493 βίον
3380 1422 3587 1474 διατε-

1993 1521 2171 1584 λέσας.
2199 1520 2434 1575 Τοιαῦτα
2465 1519 2593 1589 γοῦν
2619 1514 2686 1590 ἦν
2719 1517 2786 1571 τὰ
2811 1516 2939 1588 περὶ
2966 1516 3124 1570 αὑτὸν
3147 1515 3220 1578 ὡς
3249 1516 3341 1567 καὶ
3371 1531 3586 1583 γυναι-

1994 1612 2258 1684 κομανίαν
2287 1613 2380 1665 καὶ
2411 1609 2845 1681 εἰδωλολατρείαν
2867 1606 3260 1671 διαϐάλλεσθαι,
3295 1598 3370 1658 ῶν
3393 1604 3588 1656 ἕνεκα

1993 1705 2086 1756 καὶ
2116 1703 2354 1756 Σατανᾶν
2388 1701 2533 1772 αὑτῷ
2561 1700 2866 1772 ἐπιπέμψαι
2901 1699 3114 1768 λέγεται
3143 1700 3170 1751 ὁ
3195 1697 3340 1760 Θεός.
3415 1695 3586 1747 Ἀλλ’

325 1789 512 1846 referri
548 1809 562 1847 :
595 1792 691 1847 scd
719 1794 897 1848 omnia
929 1795 1110 1859 simul,
1136 1797 1248 1852 sive
1277 1797 1513 1861 mitiora,
1550 1798 1664 1854 sive
1689 1800 1884 1866 tristia,

1989 1795 2095 1848 οὐδ’
2112 1796 2196 1864 ἐφ’
2211 1794 2297 1847 έτε
2305 1810 2396 1865 ρον
2413 1794 2500 1846 τὸν
2520 1792 2656 1864 μετὰ
2672 1791 2958 1863 Σολομῶνα
2973 1789 3065 1844 τοῦ
3093 1789 3352 1843 Ἰουδαίων
3371 1788 3586 1850 ἔθνους

327 1883 381 1936 in
411 1898 520 1938 uno
549 1885 688 1951 solo,
735 1902 803 1942 ex
853 1889 1058 1945 semine
1088 1888 1257 1944 David
1280 1898 1421 1955 orto,
1455 1892 1546 1962 qui
1579 1893 1779 1948 dicitur
1802 1891 1894 1950 Je-

324 1991 421 2032 sus
467 1975 720 2035 Christus
769 1979 1021 2036 Salvator
1051 1990 1258 2040 noster.
1311 1985 1526 2054 impleta
1563 1983 1732 2041 fcisse
1760 2001 1894 2041 con-

323 2076 475 2125 stat:
508 2086 628 2139 quae
681 2072 894 2128 scilicet
941 2072 1160 2129 divinus
1195 2073 1432 2146 Spiritus
1484 2077 1887 2147 praenuntiavit,

321 2164 656 2231 praemittens
703 2163 922 2234 quidem
968 2165 1181 2221 divinas
1212 2168 1650 2236 pollicitationes,
1687 2169 1890 2226 docens

320 2257 502 2306 autem
533 2255 956 2324 exspectandum
984 2272 1128 2321 esse,
1161 2264 1222 2311 ut
1253 2258 1306 2312 in
1337 2274 1447 2313 uno
1477 2267 1531 2315 et
1560 2259 1748 2316 eodem
1779 2262 1891 2316 haec

319 2343 565 2399 tristiora
596 2347 973 2417 contingerent
1003 2367 1016 2405 :
1054 2365 1177 2404 cum
1225 2352 1457 2407 maxime
1490 2352 1799 2409 sensibilem
1831 2354 1891 2407 il-

321 2435 430 2488 lum
461 2436 630 2491 totius
662 2452 727 2492 ex
774 2435 974 2493 Davide
1011 2441 1380 2496 successionis
1430 2442 1686 2496 thronum
1733 2459 1890 2499 ever-

319 2525 538 2580 tendum
569 2541 691 2582 esse
724 2530 1077 2598 prospiceret...
1101 2528 1235 2584 Nam
1265 2546 1420 2602 reges
1452 2547 1515 2586 ex
1546 2534 1752 2588 semine
1783 2531 1888 2586 Da-

317 2617 458 2673 vidis
492 2619 599 2673 orti
633 2619 700 2675 ad
733 2636 906 2690 usque
938 2621 1304 2691 captivitatem
1329 2624 1512 2693 populi
1538 2625 1591 2678 in
1616 2623 1887 2696 Babylone

317 2710 678 2778 perdurarunt
713 2731 725 2767 :
761 2729 936 2783 neque
969 2714 1067 2769 toti
1096 2713 1403 2770 Judaeorum
1448 2717 1615 2787 genti,
1649 2718 1742 2773 sed
1782 2717 1885 2771 tri-

314 2803 418 2858 bus
450 2804 624 2859 solum
657 2805 907 2862 tribubus
951 2822 1015 2862 ac
1042 2824 1108 2864 ne
1141 2809 1357 2879 quidem
1392 2808 1617 2880 integris
1653 2810 1887 2880 impera-

316 2893 446 2947 bant
479 2912 493 2950 :
537 2901 700 2964 atque
731 2903 904 2951 totum
936 2899 1147 2968 imperii
1181 2914 1368 2954 eorum
1401 2906 1616 2970 tempus
1647 2901 1711 2956 ad
1743 2917 1884 2971 qua-

315 2981 636 3052 dringentos
687 2985 908 3040 circiter
936 3002 1108 3045 annos
1138 2989 1312 3044 solum
1347 2990 1651 3060 pertingit':
1685 2992 1883 3062 quibus

1992 1888 2056 1940 ἐκ
2079 1886 2388 1957 σπέρματος
2408 1886 2501 1940 καὶ
2523 1885 2771 1956 διαδοχῆς
2791 1883 2954 1938 Δαυῖδ
2977 1883 3399 1953 βασιλευσάντων
3424 1881 3588 1938 ἁνα-

1993 1977 2250 2049 φέρεσθαι
2287 1975 2507 2030 δύναται
2548 1977 2615 2030 τὰ
2655 1975 3070 2047 ἐπηγγελμένα·
3123 1973 3292 2026 πάντα
3325 1973 3382 2025 δὲ
3415 1970 3586 2041 ὁμοῦ

1991 2071 2085 2124 καὶ
2112 2069 2250 2124 κατὰ
2290 2070 2350 2123 τὸ
2377 2069 2506 2123 αὑτὸ
2527 2069 2595 2122 τά
2624 2086 2682 2121 τε
2716 2067 3053 2139 χρηστότερα
3083 2066 3174 2119 καὶ
3209 2064 3275 2117 τὰ
3306 2063 3446 2117 σκυθ
3459 2081 3588 2134 ρω-

1990 2161 2069 2216 πὰ
2098 2163 2176 2224 είς
2201 2161 2296 2214 ἕνα
2332 2161 2490 2232 μόνον
2525 2161 2614 2214 τὸν
2646 2162 2710 2213 ἐκ
2746 2160 3055 2230 σπέρματος
3082 2158 3238 2212 Δαυῖδ
3265 2159 3587 2228 λεγόμενον

2001 2251 2206 2322 Ἰησοῦν
2255 2251 2483 2323 Χριστὸν
2537 2252 2628 2306 τὸν
2673 2251 2940 2322 ἡμέτερον
2969 2252 3194 2322 Σωτῆρα
3242 2252 3586 2305 συνίσταται

1989 2340 2422 2412 πεπληρωμένα·
2449 2341 2486 2395 ἃ.
2510 2341 2572 2413 δὴ
2607 2342 2698 2395 καὶ
2727 2342 3021 2414 προείληφε
3047 2342 3105 2395 τὸ
3141 2342 3274 2395 θεῖον
3299 2342 3581 2412 Πνεῦμα.

1989 2429 2259 2500 προτάξαν
2311 2431 2409 2500 μὲν
2439 2431 2536 2494 τὰς
2568 2430 2782 2494 ἐνθέους
2833 2430 3163 2500 ἐπαγγελίας
3187 2471 3201 2494 ,
3249 2431 3482 2496 διδαξαν
3520 2431 3585 2485 δὲ

1987 2521 2181 2592 χρῆναι
2215 2520 2516 2593 προσδοκᾷν
2546 2523 2670 2592 περὶ
2710 2522 2806 2575 ἕνα
2837 2523 2930 2575 καὶ
2963 2522 3053 2574 τὸν
3083 2523 3240 2575 αὑτὸν
3271 2522 3582 2593 συμϐήσε-

1990 2612 2112 2666 σθαι
2139 2612 2208 2664 τᾶι
2250 2613 2672 2684 σκυθρωπότερα
2693 2629 2706 2643 ·
2740 2614 2971 2685 μάλιστα
2999 2614 3088 2666 ὅτε
3125 2614 3216 2667 καὶ
3243 2613 3423 2684 πάσης
3461 2615 3584 2682 τῆς

1985 2703 2077 2757 τοῦ
2107 2704 2267 2757 Δαυῒδ
2296 2705 2574 2776 διαδοχῆς,
2603 2706 2692 2760 τὸν
2727 2706 2978 2776 αἰσθητὸν
3004 2707 3102 2775 τῆς
3135 2705 3405 2774 βασιλείας
3432 2705 3584 2774 θρό-

1985 2813 2072 2850 νον
2093 2796 2596 2867 καταλυθησόμενον
2624 2797 2834 2868 θεωρεῖ.
2862 2797 3041 2868 Μέχρι
3067 2797 3193 2864 γοῦν
3221 2797 3320 2866 τῆς
3347 2799 3425 2859 είς
3455 2797 3582 2850 Βα-

1985 2887 2198 2941 ϐυλῶνα
2231 2889 2602 2960 αἰχμαλωσίας
2624 2889 2716 2944 τοῦ
2751 2889 2879 2944 λαοῦ
2905 2891 3195 2960 διήρκεσαν
3219 2893 3266 2942 οἰ
3293 2892 3359 2942 ἐκ
3386 2889 3586 2960 σπέρ-

1987 2997 2154 3050 ματος
2186 2981 2345 3034 Δαυῒδ
2371 2980 2842 3050 βεϐασιλευκότες·
2877 2983 2970 3036 καὶ
2999 2983 3116 3036 οὑδὲ
3148 2982 3266 3036 ὅλου
3293 2981 3389 3034 τοῦ
3425 2982 3581 3035 Ἰοδ-

1983 3071 2144 3125 δαίων
2164 3072 2347 3136 ἔθνους
2371 3073 2782 3144 βασιλεύσαντες
2800 3075 2935 3128 ἀλλὰ
2961 3077 3134 3146 μόνων
3155 3075 3318 3146 τριῶν
3341 3075 3573 3145 φυλῶν,

311 3078 519 3132 exactis
562 3075 822 3133 Jcchonia
868 3096 931 3134 ex
979 3081 1327 3136 successione
1361 3079 1577 3138 Davidis
1603 3090 1883 3152 postremo

312 3173 594 3232 regnante,
632 3168 813 3221 nullus
838 3170 975 3223 alius
998 3167 1304 3224 Iudaeorum
1335 3187 1428 3226 rex
1453 3188 1516 3227 ex
1549 3175 1756 3229 semine
1777 3173 1884 3234 Da-

1987 3163 2079 3214 καὶ
2124 3164 2242 3217 οὐδὲ
2280 3164 2484 3218 τούτων
2530 3167 2665 3219 ὅλων
2687 3184 2700 3198 ·
2750 3166 2886 3220 ἀλλὰ
2929 3168 3022 3220 καὶ
3053 3167 3270 3238 σύμπας
3298 3170 3327 3220 ό
3359 3169 3579 3239 χρόνος

314 3248 402 3302 vid
439 3259 800 3318 memoratur;
835 3253 907 3306 ita
940 3260 999 3306 ut
1033 3254 1134 3307 hoc
1169 3255 1293 3308 item
1327 3256 1488 3310 modo
1525 3257 1745 3327 impleta
1773 3260 1884 3315 sint

1981 3255 2078 3325 τῆς
2107 3255 2306 3310 τούτων
2337 3257 2508 3329 ἀρχῆς
2531 3259 2670 3330 ἀμφὶ
2695 3259 2764 3312 τὰ
2790 3259 3110 3330 τετρακόσια
3140 3260 3233 3330 ἐτη
3267 3259 3405 3329 μόνα
3430 3277 3579 3311 συν-

315 3338 504 3394 isthaac
523 3340 688 3394 divini
709 3341 947 3412 Spiritus
970 3345 1212 3408 oracula,
1232 3347 1432 3414 quibus
1457 3345 1658 3402 dicitur
1682 3368 1696 3402 :
1727 3348 1884 3404 Nunc

1981 3347 2142 3401 τείνει
2161 3389 2176 3413 ,
2215 3348 2331 3419 μεθ’
2357 3349 2410 3414 ἃ,
2452 3352 2699 3421 Ἰεχονίου
2731 3351 2960 3404 ὑστάτου
2992 3351 3090 3421 τῆς
3121 3350 3212 3404 τοῦ
3247 3350 3409 3402 Δαυῖδ
3435 3350 3576 3404 δια-

313 3438 486 3484 autem
504 3433 745 3501 repuliin
767 3443 814 3487 et
839 3433 1143 3503 despexisti,
1163 3435 1404 3505 abjecisti
1421 3436 1690 3493 Christum
1714 3449 1880 3498 tuum.

1981 3437 2140 3510 δοχῆς
2189 3441 2478 3511 γενομένου
2502 3483 2515 3507 ,
2567 3442 2842 3514 οὐδέτερος
2877 3441 3127 3512 βασιλεὺς
3177 3441 3448 3494 Ἰουδαίων
3502 3443 3577 3494 ὲκ

315 3518 560 3576 Evertisti
597 3531 961 3579 testamentum
1009 3527 1146 3581 servi
1180 3528 1275 3592 tui,
1308 3528 1609 3597 profanasti
1653 3531 1709 3584 in
1743 3543 1884 3588 terra

1983 3533 2295 3604 σπέρματος
2318 3535 2478 3589 Δαυῖδ
2511 3535 2750 3606 γεγονὼς
2782 3537 3174 3608 μνημονεύεται
3194 3554 3206 3567 ·
3233 3536 3306 3599 ὡς
3337 3536 3434 3588 καὶ
3464 3554 3578 3589 κα-

313 3613 678 3666 σαηειιιανίιιηι
709 3614 844 3684 ejus,
875 3624 929 3672 et
957 3626 1172 3678 caetera.

1980 3625 2049 3678 τὰ
2087 3625 2272 3679 τοῦτον
2315 3627 2405 3680 τὸν
2446 3628 2643 3699 τρόπον
2689 3629 3078 3701 πεπληρῶσθαι
3118 3630 3183 3683 τὰ
3217 3629 3575 3701 προκείμενα

309 3705 403 3758 τοῦ
434 3705 578 3761 θείου
614 3709 754 3762 Πνεύ
765 3729 934 3780 ματος
966 3713 1144 3782 λόγια,
1181 3715 1250 3769 δι’
1296 3709 1370 3770 ὧν
1433 3718 1673 3788 είρηται⁶
1707 3719 1858 3773 Νυνὶ
1888 3718 1956 3772 δὲ
1992 3719 2212 3775 ἀπώσω
2245 3723 2341 3776 καὶ
2371 3722 2802 3789 ἐξουδένωσας,
2838 3721 2936 3775 καί
2973 3723 3266 3775 ἀνεόἀίου
3292 3720 3402 3773 τὸν
3427 3721 3576 3786 Χρι-

309 3797 459 3850 στόν
508 3813 647 3854 σου.
709 3805 1130 3875 Κατέστρεψας
1170 3805 1285 3875 τὴν
1337 3809 1632 3879 διαθήκην
1683 3811 1789 3865 τοῦ
1843 3809 2068 3868 δούλου
2105 3829 2256 3880 σου,
2315 3815 2694 3883 ἐϐεϐήλωσας
2724 3818 2825 3885 ,είς
2860 3813 2976 3884 τὴν
3006 3811 3121 3884 γὶἶν
3161 3813 3228 3865 τὸ
3286 3812 3574 3882 ἁγίας-μα

303 3888 495 3944 αὐτοῦ
509 3906 524 3920 ’
558 3893 652 3946 καὶ
675 3893 744 3946 τὰ
764 3894 971 3960 τούτοις
991 3899 1380 3970 ἐπιφερόμενα.

379 4001 582 4060 Deinde
626 4005 754 4075 quia
807 4006 902 4063 Dei
955 4010 1020 4064 ad
1063 4010 1318 4069 Davidem
1357 4015 1748 4084 promissiones
1775 4019 1874 4072 bo-

308 4109 435 4150 nam
471 4104 526 4151 et
550 4097 822 4168 ingentem
853 4099 1070 4158 Davidis
1097 4105 1288 4160 semini
1312 4123 1461 4176 spem
1492 4109 1870 4176 ascribcbaut;

306 4194 359 4241 et
405 4194 584 4243 tamen
621 4205 740 4261 qua:
771 4195 1106 4250 successioni
1135 4196 1254 4266 ejus
1283 4199 1615 4264 acciderant,
1650 4204 1872 4255 omnino

305 4277 580 4332 contraria
620 4278 978 4349 videbantur;
1021 4299 1146 4338 nam
1179 4286 1408 4342 thronus
1439 4290 1590 4359 regni
1624 4290 1743 4358 ejus
1772 4290 1874 4344 hu-

2049 4013 2156 4071 Εἶτ’
2182 4016 2476 4088 ἐπειδήπερ
2491 4014 2560 4069 τὰ
2585 4017 2680 4087 μὲν
2701 4015 2809 4069 τῶν
2834 4014 2927 4069 τοῦ
2955 4014 3087 4069 Θεοῦ
3112 4015 3246 4089 πρὸς
3271 4016 3365 4070 τὸν
3395 4019 3571 4073 Δαυῖδ

1979 4109 2314 4178 ἐπαγγελιῶν
2370 4108 2578 4176 ἀγαθάς
2632 4125 2783 4171 τινας
2814 4108 2908 4162 καὶ
2961 4107 3198 4179 μεγάλας
3231 4107 3453 4174 ἐλπίδας
3483 4111 3569 4181 τῷ

1981 4202 2256 4271 σπέρματι
2290 4199 2450 4253 Δαυῖδ
2484 4199 2796 4270 ὑπέγραφε,
2825 4198 2894 4251 τὰ
2922 4200 2980 4252 δὲ
3017 4200 3142 4268 περὶ
3173 4201 3272 4270 τὴν
3299 4199 3564 4271 διαδοχὴν

1980 4292 2144 4346 αὑτοῦ
2181 4291 2560 4362 συμϐεϐηκότα
2595 4291 2853 4344 τάναντία
2885 4291 3061 4345 πάντα
3087 4294 3396 4361 περιεῖχεν,
3431 4291 3460 4343 ὅ
3501 4310 3565 4344 τε

304 4383 467 4423 mano
492 4385 641 4426 more
674 4374 876 4443 sumpti
910 4388 940 4427 a
970 4382 1213 4446 tempore
1226 4377 1501 4434 Jechonize
1521 4382 1733 4438 solutus
1755 4397 1876 4437 ces-

1981 4383 2164 4455 θρόνος
2207 4384 2306 4454 τῆς
2342 4383 2481 4437 κατὰ
2518 4382 2800 4454 ἄνθρωπον
2838 4382 3111 4452 βασιλείας
3150 4383 3314 4434 αὑτοῦ
3366 4382 3562 4435 mm

304 4467 522 4538 saverat
550 4480 563 4517 :
591 4462 706 4518 haec
728 4466 1064 4536 prospiciens
1089 4469 1325 4540 bpiritus
1356 4473 1730 4541 propheticus,
1749 4475 1873 4544 jure

303 4549 370 4605 ad
402 4553 642 4610 veritatis
675 4571 986 4613 sermonum
1018 4559 1111 4616 Dei
1143 4562 1584 4632 perquisitionem
1611 4580 1711 4621 nos
1731 4565 1870 4621 invi-

301 4645 401 4704 tat,
436 4657 642 4713 nosque
679 4645 916 4704 instituit
951 4657 1008 4704 ut
1041 4651 1094 4704 id
1129 4668 1159 4706 a
1187 4651 1297 4708 Deo
1339 4670 1649 4724 quaeramus
1676 4666 1730 4710 et
1757 4657 1872 4711 edi-

300 4747 540 4798 scamus,
577 4737 921 4796 sciscitantes
952 4743 1128 4812 ipsum
1174 4759 1238 4799 ac
1284 4745 1526 4802 dicentes
1558 4766 1572 4802 :
1611 4747 1710 4801 Ubi
1746 4759 1869 4803 sunt

301 4825 676 4883 misericordia:
701 4839 805 4886 tua:
830 4834 1083 4901 antiquae,
1113 4834 1355 4902 Domine,
1378 4855 1509 4908 quas
1529 4839 1729 4907 jurasti
1763 4840 1874 4893 Da-

298 4915 422 4970 vid?
471 4917 605 4973 Nam
655 4923 805 4992 regni
847 4923 967 4992 ejus
1015 4926 1292 4982 sensibilis
1337 4935 1390 4981 et
1421 4928 1679 4998 {humano
1723 4947 1872 4986 more

296 5007 498 5078 sumpti
546 5013 827 5068 successio
862 5016 1062 5083 soluta,
1103 5025 1157 5072 et
1204 5034 1234 5072 a
1283 5020 1444 5090 longo
1481 5020 1592 5090 jam
1627 5029 1872 5092 tempore

298 5099 509 5154 sublata
565 5103 763 5173 fuerat,
798 5121 922 5162 cum
970 5124 1037 5164 ex
1088 5111 1295 5166 semine
1343 5112 1462 5181 ejus
1509 5120 1664 5168 ortus
1713 5113 1872 5171 Jesus

297 5188 571 5258 Christus,
603 5196 694 5265 qui
727 5199 1154 5268 promissionum
1185 5201 1373 5256 Davidi
1404 5203 1670 5260 factarum
1695 5205 1868 5261 hmres

296 5279 514 5340 futurus
564 5290 1004 5358 exspectabatur,
1051 5308 1159 5347 non
1189 5295 1447 5350 sensibile
1476 5311 1652 5365 neque
1677 5297 1870 5351 Imma-

296 5387 427 5426 num
480 5391 706 5446 regnum
763 5383 1044 5451 possedit;
1082 5385 1176 5440 sed
1225 5402 1451 5456 prorsus
1499 5389 1774 5442 contraria
1801 5388 1870 5442 iis

299 5477 420 5529 quae
449 5464 698 5526 homines
727 5476 1113 5542 exspectabant
1158 5492 1352 5546 passus
1405 5490 1510 5543 est,
1541 5480 1608 5534 ad
1639 5487 1868 5534 mortem

300 5566 476 5620 usque
500 5571 844 5628 progressus,
866 5565 1154 5635 omniaque
1169 5583 1484 5638 perpessus,
1508 5585 1627 5639 quae
1651 5570 1870 5627 divinus

304 5641 547 5714 Spiritus
593 5653 946 5720 praascientiaz
976 5657 1174 5713 virtute
1213 5661 1625 5729 praenuntiarat.
1659 5662 1774 5728 Qua
1805 5663 1870 5719 de

1976 4474 2320 4544 πεπαυμένος
2348 4474 2454 4526 ἀπὸ
2480 4474 2586 4527 τῶν
2629 4475 2872 4544 Ἰεχονίου
2904 4475 3109 4546 χρόνων
3129 4493 3141 4504 ·
3175 4477 3404 4538 εἰκότως
3429 4476 3560 4529 ταῦ-

1973 4582 2040 4617 τα
2071 4565 2453 4637 προθεωρῆσαν
2480 4565 2540 4617 τὸ
2571 4567 2903 4636 προφητικὸν
2933 4565 3174 4636 Πνεῦμα,
3201 4568 3293 4620 ἐπὶ
3322 4565 3556 4639 ζήτησιν

1974 4657 2120 4725 ἡμᾶς
2149 4657 2405 4727 παρορμᾷ
2426 4657 2523 4726 τῆς
2547 4657 2656 4709 τῶν
2676 4657 2846 4718 λόγων
2871 4657 2964 4711 τοῦ
2992 4657 3124 4710 Θεοῦ
3149 4658 3432 4729 ἀληθείας,
3462 4661 3554 4712 καὶ

1977 4749 2104 4818 παρ’
2138 4747 2301 4800 αὑτοῦ
2332 4747 2426 4800 τοῦ
2473 4747 2608 4800 Θεοῦ
2647 4749 2827 4820 ζητεῖν
2854 4751 2948 4803 καὶ
2983 4749 3270 4819 μανθάνειν
3307 4750 3550 4804 διδάσκει

1972 4836 2289 4906 ἐρωτῶντας
2311 4837 2473 4891 αὑτὸν
2501 4838 2596 4891 καὶ
2636 4839 2920 4907 λέγοντας·
2971 4839 3096 4893 Ποῦ
3119 4840 3268 4906 ,ἐστι
3295 4840 3369 4892 τὰ
3411 4840 3548 4904 ἑ.ζέη

1972 4943 2087 4979 σου
2117 4925 2189 4979 τὰ
2219 4926 2436 4996 ἀρχαῖα
2457 4968 2471 4994 ,
2521 4929 2730 4997 Κύριε,
2765 4928 2803 4982 ἁ
2834 4929 3072 5000 ὤμοσας
3106 4929 3188 4996 τῷ
3219 4931 3405 4985 Δαυΐδ
3423 4948 3442 4994 ;
3477 4931 3546 4982 Ἦ

1970 5031 2029 5067 τε
2078 5015 2187 5090 γὰρ
2222 5019 2320 5087 τῆς
2347 5017 2619 5086 βασιλείας
2657 5018 2818 5073 αὑτοῦ
2850 5021 2946 5092 τῆς
2985 5021 3249 5092 αἰσθητῆς
3279 5022 3375 5075 καὶ
3409 5023 3547 5075 κατὰ

1972 5108 2253 5179 ἄνθρωπον
2284 5110 2499 5182 διαδοχὴ
2521 5110 2729 5176 λέλυτο,
2760 5112 2824 5163 ἐκ
2858 5111 3069 5182 μακροῦ
3107 5112 3493 5184 καθῃρημένη,
3516 5112 3543 5164 ὃ

1971 5219 2028 5255 τε
2063 5204 2127 5255 ἐκ
2158 5203 2468 5273 σπέρματος
2498 5203 2659 5256 αὑτοῦ
2703 5203 2938 5272 γεγονὼς
2984 5205 3190 5276 Ἰησοῦς
3228 5208 3258 5259 ὁ
3283 5206 3538 5275 Χοριστὸς,

1973 5295 2353 5366 προσδοκηθεὶς
2378 5294 2536 5358 αὑτὸς
2564 5291 2700 5348 εἶναι
2731 5298 2758 5348 ό
2779 5294 2885 5348 τῶν
2914 5295 3048 5366 πρὸς
3076 5295 3165 5348 τὸν
3188 5297 3348 5349 Δαυῖδ
3378 5298 3541 5364 ἐπαγ-

1972 5383 2166 5452 γελιῶν
2207 5385 2555 5456 κληρονόμος,
2591 5384 2851 5455 αἰσθητὴν
2877 5385 2974 5454 μὲν
2999 5385 3098 5436 οὑκ
3120 5385 3413 5454 ἐκτήσατο,
3435 5382 3535 5435 056’

1954 5475 2314 5546 ,ἀνθρωπίνην
2343 5475 2617 5545 βασιλείαν
2637 5494 2649 5506 ·
2673 5476 2925 5529 τάναντία
2955 5475 3012 5528 δὲ
3047 5475 3223 5528 πάντα
3265 5477 3357 5529 καὶ
3384 5473 3534 5534 αὐτὸς

1951 5563 2052 5632 ,οἷς
2081 5568 2482 5639 πρασεδόκησαν
2503 5568 2776 5639 ἄνθρωποι
2799 5568 3052 5632 πέπονθε,
3087 5571 3246 5640 μέχρι
3273 5571 3365 5622 καὶ
3390 5565 3530 5621 θανά-

1971 5679 2063 5716 του
2090 5668 2326 5733 φθαςας,
2355 5663 2444 5717 καὶ
2471 5663 2644 5718 πάντα
2673 5663 2986 5735 ὑπομείνας,
3022 5663 3058 5717 ἃ.
3078 5664 3140 5736 δὴ
3166 5661 3525 5736 προγνωστικῇ
