3830 6288
198 360 330 419 ΙηζΠ

1318 353 1816 411 COMMENTARM
1850 356 1917 411 IN
1969 350 2319 413 PSALMOS.

3296 368 3448 425 Hin

192 481 411 552 δΝάμει
433 479 495 533 τὸ
514 476 654 532 θεῖον
674 475 1041 545 ἀνεφθέγξατο
1058 475 1298 546 Πνεῦμα.
1326 468 1423 527 Ὧν
1442 474 1601 528 ἕνεκα
1621 474 1731 528 εἱκό

1825 519 1832 535 ι
1861 490 2023 529 causa
2050 477 2173 546 jure
2195 477 2621 547 percontandum
2647 488 2701 535 et
2728 481 3168 551 interrogandum
3190 498 3313 538 esse
3341 486 3433 538 do-

191 591 293 637 τως
310 571 585 641 ἀνερωτᾷν
602 568 692 622 καὶ
713 567 1067 620 πυνθάνεσθαι
1084 566 1321 618 διδάσκει
1336 564 1589 631 λέγοντας
1605 581 1617 593 ·
1633 564 1756 618 Ποῦ

186 668 313 719 ἐστι
340 664 409 717 τὰ
438 662 577 728 ἐλέη
613 676 728 713 σου
764 660 833 713 τὰ
865 658 1079 727 ἀρχαῖα
1102 698 1115 719 ,
1150 659 1325 725 Κύριε
1344 697 1357 720 ,
1393 657 1485 709 καὶ
1514 656 1581 709 τὰ
1608 655 1752 726 ἑξῆς.

186 756 317 810 Μεθ’
342 756 375 809 ἂ
395 754 632 822 ἐπιλέγει
647 772 659 785 ·
682 753 833 817 "Ean;
854 752 1019 813 πότε,
1040 751 1236 816 Κύριε,
1254 746 1654 816 ἀποστρέψεις
1671 749 1756 811 είς

184 848 378 913 τέλος,
396 845 825 910 ἐκκαυθήσεται
843 844 921 909 ὡς
943 843 1061 912 πῦρ
1082 844 1119 910 ἡ
1143 840 1284 911 ὀργή
1311 855 1426 895 σου
1440 858 1457 905 ;
1484 840 1755 909 Μνήσθη-

182 958 235 993 τι
260 941 347 1005 τις
373 956 492 1008 μου
526 938 562 1003 ἡ
587 938 950 1001 ὑπόστασις·
979 935 1062 1003 μὴ
1087 934 1195 1003 γὰρ
1223 936 1485 1002 ματαίως
1510 933 1754 997 ἔκτισας

178 1030 408 1097 πάντας
440 1030 581 1095 τοὺς
610 1029 778 1093 υἱοὺς
807 1027 923 1081 τῶν
964 1025 1315 1094 ἀνθρώπων;
1342 1027 1435 1092 Τίς
1459 1026 1627 1079 ἐστιν
1650 1026 1752 1079 ἇν-

177 1127 408 1190 θρωπος
429 1122 495 1187 ὃς
514 1120 772 1187 ζήσεται,
798 1120 891 1172 καὶ
917 1122 1024 1173 οὐκ
1049 1120 1253 1186 ὄψεται
1276 1118 1550 1181 θάνατον,
1570 1120 1751 1185 ῥύσε-

175 1231 267 1267 ται
288 1214 402 1281 τὴν
431 1213 643 1281 ψυχὴν
663 1212 849 1266 αὑτοῦ
881 1211 949 1264 ἐκ
973 1211 1166 1278 χειρὸς
1198 1210 1378 1277 ᾷδου;
1412 1210 1746 1279 Διάψαλμα.

186 1307 333 1359 Ἀντί
362 1306 477 1372 τοῦ,
499 1304 921 1371 ἀποστρέψεις,
950 1305 977 1355 6
1002 1303 1099 1373 μὲν
1135 1301 1362 1365 ’Λκύλας
1386 1302 1568 1371 φησιν,
1595 1302 1747 1367 ’Έως

171 1400 337 1462 πότε,
356 1398 548 1465 Κύριε,
568 1396 959 1465 ἀποκρυὸἠσῃ
982 1398 1067 1461 είς
1083 1394 1300 1460 νεῖκος;
1320 1397 1347 1447 6
1364 1394 1419 1446 δὲ
1434 1394 1743 1464 Σύμμαχος,

172 1490 319 1553 Ἕως
340 1490 520 1553 τίνος,
542 1490 735 1555 Κύριε,
764 1488 1156 1555 ἁποκρυϐιὶσῃ
1179 1489 1264 1552 είς
1287 1485 1493 1551 τέλος;
1519 1486 1625 1539 Καί
1657 1504 1745 1557 μοι

167 1581 316 1633 δοκεί
339 1583 367 1634 ό
388 1581 542 1649 λόγος
567 1582 627 1634 τὸ
657 1582 966 1653 ἀπόρρητον
1001 1582 1097 1650 τῆς
1124 1579 1454 1649 ἐπελθούσης
1482 1580 1649 1650 ὀργῆς
1676 1583 1739 1651 τῇ

168 1674 604 1745 σωματικωτέρᾳ
624 1674 866 1745 βασιλεία
882 1674 1060 1737 Δαυῒδ,
1085 1674 1177 1727 καὶ
1201 1673 1361 1726 παντὶ
1375 1673 1452 1742 τῷ
1480 1673 1742 1726 Ἰουδαίων

162 1764 309 1817 ἔθνει
354 1766 703 1819 αἰνίττεσθαι.
763 1768 1046 1819 Ἐναντίων
1091 1766 1220 1835 γοῦν
1263 1766 1580 1819 ἀποϐάντων
1621 1768 1741 1828 ταῖς

160 1856 541 1925 ἐπαγγελίαις,
571 1859 692 1911 ὅσον
720 1858 812 1911 ἐπὶ
840 1862 903 1929 τῇ
931 1858 1206 1930 προχείρῳ
1242 1858 1552 1928 προσδοκίᾳ,
1585 1860 1613 1910 6
1645 1858 1742 1921 τὰς

159 1949 373 2015 ἀγαθὰς
427 1951 757 2018 ἐπαγγελίας
816 1950 954 2021 πρὸς
1012 1951 1102 2003 τὸν
1164 1950 1327 2003 Δαυῖδ
1377 1948 1739 2020 πεποιημένος

157 2042 294 2105 θεὸς
323 2042 742 2112 ἀνεκηρύττετο.
771 2044 861 2096 Διὸ
891 2042 1121 2096 ἱκετεύει
1154 2044 1181 2096 6
1210 2043 1365 2111 λόγος
1405 2042 1477 2113 μὴ
1508 2044 1588 2105 είς
1634 2059 1739 2112 μα-

158 2130 293 2201 κρὸν
322 2133 674 2203 παρεκτείναι
702 2133 800 2203 τὴν
840 2134 1139 2203 γενομένην
1172 2134 1291 2186 κατ’
1328 2132 1506 2186 αὐτῶν
1543 2134 1733 2204 ὀργὴν,

154 2222 296 2290 ταχὺ
340 2220 399 2273 δὲ
431 2221 718 2291 παρελθεῖν
750 2222 851 2291 μὲν
891 2224 958 2275 τὰ
992 2222 1311 2293 σκυθρωπὰ,
1351 2222 1637 2292 ἐπιστῆναι
1676 2222 1733 2275 δὲ

153 2314 256 2376 τάς
291 2313 619 2381 ἐπαγγελίας
642 2313 735 2365 τοῦ
761 2314 915 2366 Θεοῦ.
950 2310 1079 2367 Εἶτα
1106 2316 1168 2367 ὲκ
1198 2314 1486 2386 προσώπου
1526 2315 1622 2385 τῆς
1649 2316 1735 2367 ἀν-

154 2404 438 2476 θρωπίνης
494 2406 779 2470 ἀσθενείας
826 2407 994 2475 λέγει,
1046 2407 1357 2477 Μνήσθητι
1408 2410 1500 2474 τίς
1531 2413 1649 2478 ζιιου
1692 2409 1729 2476 ή

150 2502 518 2565 ὑπόστασις,
542 2499 634 2552 καὶ
664 2500 729 2552 τὰ
754 2500 896 2570 ἑξῆς.
926 2501 1179 2554 Διδάσκει
1211 2502 1267 2553 δὲ
1292 2501 1380 2553 τὸν
1406 2501 1533 2553 λαὸν
1564 2500 1732 2553 ταῦτα

149 2591 335 2658 λέγειν
379 2594 406 2644 6
450 2592 783 2663 προφητικὸς
834 2593 1009 2660 λόγος,
1045 2596 1123 2656 είς
1156 2593 1214 2646 τὸ
1261 2594 1597 2665 παρακαλεῖν
1638 2592 1729 2646 τὸν

147 2683 286 2735 Θεὸν
328 2682 421 2735 καὶ
464 2682 731 2734 δυσωπεῖν
763 2682 1109 2736 καταπαῦσαι
1152 2683 1248 2753 μὲν
1292 2683 1391 2752 τὴν
1428 2684 1596 2753 ὀργὴν
1630 2682 1727 2753 τὴν

148 2775 294 2827 κατὰ
328 2772 422 2825 τοῦ
458 2773 663 2838 ἔθνους,
710 2774 1018 2828 παύσασθαι
1041 2775 1097 2828 δὲ
1131 2776 1224 2827 καὶ
1248 2774 1407 2827 αὑτὸν
1437 2776 1725 2843 ἀποκρυπ-

144 2866 405 2934 τόμενον·
470 2866 805 2931 καταξιῶσαι
848 2867 903 2919 δὲ
966 2866 1065 2936 ἤδη
1108 2865 1237 2918 ποτὲ
1285 2868 1584 2936 παρασχεῖν
1634 2867 1727 2919 ἀν-

145 2956 391 3024 θρώποις
416 2957 483 3010 τὰ
512 2958 589 3028 τῷ
614 2958 776 3011 Δαυῒδ
804 2958 1207 3028 ἐπηγγελμένα.
1246 2958 1591 3029 Ἐπειδήπερ,
1623 2976 1725 3029 φη-

144 3049 256 3109 σὶν,
284 3049 315 3118 ἡ
339 3048 649 3121 ἀνθρωπίνη
681 3050 839 3119 φύσις
870 3050 1099 3119 ἀσθενὴς
1125 3050 1220 3120 μέν
1244 3053 1356 3103 ἐστι
1391 3051 1482 3103 καὶ
1510 3050 1719 3121 πτωχὴ.

1778 1821 1815 1874 Β

1860 575 1945 623 cet
1976 568 2060 621 his
2093 569 2271 624 verbis
2303 587 2316 623 :
2357 567 2457 621 Ubi
2486 581 2607 623 sunt
2640 573 3015 629 misericordia:
3047 582 3150 628 tute
3174 577 3425 645 antiqua,

1858 656 2117 711 Domine?
2142 668 2196 713 et
2225 669 2438 715 caetera.
2461 657 2574 714 Sub
2604 660 2715 715 haec
2750 663 2912 717 infert
2946 664 3422 722 z—Vens.47-i9.

1861 749 2156 821 Usquequo,
2190 752 2435 811 Domine.
2462 763 2660 808 avertes
2696 756 2750 807 in
2783 757 2959 825 ﬁnem,
2993 759 3293 812 exardescet
3321 762 3425 813 sic-

1855 850 1912 892 ut
1954 842 2091 911 ignis
2138 843 2221 895 ira
2258 845 2389 896 tua?
2416 842 2714 898 Memorare
2758 860 2873 915 qua:
2902 864 3038 901 .mea
3077 848 3373 904 substantia
3403 866 3422 903 :

1854 933 2087 1002 nunquid
2126 936 2263 987 enim
2308 951 2437 989 vane
2479 937 2673 990 creasti
2713 953 2888 991 omnes
2937 939 3077 1005 ﬁlios
3109 942 3424 995 hominum?

1853 1024 1985 1089 Quis
2011 1034 2087 1078 est
2114 1024 2265 1078 homo
2292 1028 2380 1095 qui
2403 1029 2551 1095 vivet,
2584 1038 2633 1081 et
2662 1045 2761 1082 non
2794 1028 2980 1083 videbit
3008 1042 3246 1095 mortem,
3276 1042 3422 1086 eruet

1851 1116 2084 1167 animam
2113 1133 2264 1169 suam
2293 1116 2356 1170 de
2380 1136 2539 1171 manu
2575 1120 2768 1188 inferi9
2789 1119 3125 1188 Diapsalma.
3153 1122 3257 1175 Pro
3287 1124 3377 1177 illo
3402 1141 3416 1176 :

1849 1205 2080 1273 Avertes,
2127 1206 2321 1276 Aquila
2366 1227 2379 1263 :
2424 1207 2733 1279 Usquequo,
2788 1210 3029 1275 Domine,
3084 1212 3418 1269 absconderis

1847 1297 1902 1349 in
1953 1300 2374 1353 contentionem?
2431 1301 2792 1371 Symmachus
2845 1319 2973 1357 vero
3023 1322 3038 1358 :
3097 1302 3414 1374 Usquequo,

1850 1389 2088 1453 Domine,
2153 1390 2488 1445 absconderis
2550 1393 2606 1445 in
2659 1394 2857 1462 ﬁnem?
2918 1393 3248 1465 Videturque
3311 1396 3417 1450 mi-

1846 1481 1899 1534 hi
1969 1498 2150 1537 sermo
2217 1499 2475 1538 arcanum
2547 1486 2662 1550 iraa.
2711 1502 2936 1557 regnum
3003 1486 3220 1545 Davidis
3292 1504 3418 1545 cor-

1845 1589 2012 1643 poreo
2106 1590 2257 1630 more
2350 1584 2623 1646 sumptum
2721 1585 2775 1633 et
2874 1587 3041 1633 totam
3136 1579 3414 1638 Iudaicam

1843 1674 2053 1733 gentem
2089 1665 2379 1731 invasurae,
2414 1667 2785 1723 subindicare.
2821 1668 2957 1722 Cum
2992 1670 3196 1739 itaque,
3233 1687 3416 1741 quan-

1844 1766 1956 1811 tum
1979 1758 2045 1811 ad
2076 1759 2353 1828 vulgarem
2380 1760 2863 1831 exspectationem,
2887 1762 3173 1831 promissis
3194 1772 3416 1818 contra-

1842 1847 1922 1900 ria
1947 1850 2246 1913 evenirent,
2282 1848 2423 1905 Deus
2450 1851 2542 1921 qui
2577 1851 2749 1905 bonas
2780 1852 3197 1921 pollicitationes
3224 1853 3412 1912 Davidi

1840 1940 2062 1995 dederat
2099 1944 2447 1998 evocabatur.
2504 1944 2868 2010 Quamobrem
2913 1946 3002 2001 hic
3062 1955 3303 2016 rogatur,
3342 1965 3412 2005 ne

1839 2033 1973 2086 iram
1998 2034 2053 2087 in
2082 2034 2204 2089 illos
2226 2049 2512 2090 accensam
2541 2036 2747 2093 diutius
2776 2038 3039 2107 producat
3065 2057 3078 2094 :
3107 2041 3197 2094 sed
3216 2056 3412 2110 quam-

1836 2125 2069 2195 primum
2114 2126 2291 2181 tristia
2326 2136 2667 2198 praatereant,
2712 2139 2765 2184 et
2804 2131 3069 2200 promissa
3095 2147 3123 2184 a
3170 2132 3279 2187 Deo
3307 2133 3407 2187 ad-

1834 2220 2077 2275 veniant.
2136 2220 2341 2275 Deinde
2387 2237 2453 2275 ex
2495 2236 2727 2290 persona
2764 2222 3013 2276 humana:
3068 2222 3406 2278 inﬁrmitatis

1835 2313 1911 2366 ait
1946 2331 1958 2367 :
1994 2312 2290 2366 Memorare
2318 2329 2433 2381 qua:
2470 2329 2583 2365 mea
2613 2312 2931 2375 substantia,
2964 2321 3016 2367 et
3046 2322 3257 2369 caetera.
3297 2313 3406 2369 Pou

1834 2410 2018 2479 pulum
2051 2416 2230 2463 autem
2264 2408 2331 2461 ad
2374 2409 2488 2462 haec
2515 2408 2744 2463 dicenda
2788 2409 3021 2463 instituit
3052 2409 3407 2479 propheticus

1833 2517 2034 2565 sermo,
2059 2509 2118 2555 ut
2152 2500 2318 2556 Deum
2348 2500 2601 2571 precibus
2636 2514 2698 2553 ac
2722 2500 3214 2569 supplicationibus
3245 2501 3406 2556 indu.-

1830 2604 1919 2649 cat
1954 2595 2019 2649 ad
2060 2593 2354 2649 sedandam
2409 2593 2544 2646 iram
2588 2592 2851 2647 adversus
2890 2600 3103 2662 gentem
3146 2606 3323 2659 suam,
3350 2602 3408 2648 et

1827 2693 1980 2755 roget
2022 2691 2083 2737 ut
2133 2683 2291 2737 ﬁnem
2339 2680 2504 2738 faciat
2533 2697 2655 2738 sese
2687 2682 2998 2737 occultandi
3033 2700 3046 2735 :
3081 2692 3235 2752 roget
3270 2684 3401 2737 item

1828 2783 1887 2829 ut
1919 2781 1998 2830 vel
2038 2791 2161 2830 sero
2190 2773 2407 2829 tandem
2450 2791 2571 2844 qua:
2601 2774 2785 2829 Davidi
2815 2776 3063 2844 promisit
3087 2776 3405 2831 hominibus

1826 2867 2093 2923 conferat.
2123 2866 2284 2933 Quia,
2325 2867 2522 2936 inquit,
2572 2868 2808 2921 humana
2856 2877 3050 2921 natura
3098 2868 3312 2921 inﬁrma
3346 2876 3404 2921 et

1826 2960 1983 3030 inops
2011 2968 2116 3026 est,
2145 2958 2235 3013 sed
2270 2967 2448 3014 tamen
2478 2962 2648 3013 multo
2674 2960 2813 3028 apud
2851 2969 2903 3014 te
2934 2960 3141 3016 honore
3170 2959 3396 3030 dignata

1823 3059 1937 3119 est;
1968 3067 2074 3106 non
2106 3052 2249 3106 enim
2301 3066 2438 3106 vane
2486 3052 2686 3107 creasti
2738 3050 2879 3106 ﬁlios
2924 3051 3226 3115 hominum,
3257 3066 3401 3121 quos

144 3138 290 3210 πλὴν
323 3139 456 3192 ἀλλὰ
481 3140 737 3210 πλείστης
762 3142 987 3211 ⁴ὴέξίωται
1014 3142 1164 3213 παρά
1189 3142 1271 3195 σοὶ⁸
1296 3142 1487 3212 τιμῆς·
1522 3142 1581 3194 οὐ
1613 3141 1720 3213 γὰρ

1825 3146 2121 3200 secundum
2154 3145 2444 3215 imaginem
2475 3153 2621 3198 tuam
2648 3144 2939 3199 condidisti
2965 3162 2979 3210 ;
3009 3152 3297 3215 eapropter
3330 3161 3400 3199 ne

143 3231 395 3301 ματαίως
420 3230 639 3294 ἔκτισας
664 3234 788 3294 τοὺς
822 3232 969 3294 υἱοὺς
999 3232 1104 3285 τῶν
1136 3232 1456 3305 ἀνθρώπων,
1482 3232 1573 3296 οὓς
1600 3233 1717 3285 κατ’

137 3320 332 3373 εἰκόνα
376 3320 473 3390 τὴν
506 3320 603 3391 σὴν
636 3320 1074 3390 ἐδημιούργησας
1094 3338 1106 3351 ·
1132 3322 1196 3374 δι’
1227 3322 1255 3374 ὃ
1305 3323 1391 3375 ἵνα
1426 3323 1499 3393 μὴ
1538 3322 1598 3374 τὸ
1629 3322 1718 3375 σὺν

137 3412 351 3481 κτίσμα
384 3414 477 3464 καὶ
508 3415 540 3483 ἡ
580 3413 645 3484 σὴ
678 3413 839 3466 εἰκὼν
876 3414 1257 3485 παραπόληται
1304 3414 1392 3467 διὰ
1424 3414 1521 3484 τῆς
1564 3413 1720 3465 ἐπελ-

136 3502 344 3571 θούσης
389 3503 577 3574 ὀργῆς,
613 3506 705 3557 καὶ
745 3506 841 3576 τῆς
880 3506 988 3557 τῶν
1031 3502 1451 3576 ἐπηγγελμένων
1484 3505 1716 3577 ὑπερθέ-

136 3612 303 3660 σεως,
337 3596 565 3665 τάχυνον
603 3597 1011 3669 ἀνακτήσασθαι
1044 3598 1111 3651 τὰ
1144 3598 1460 3670 σκυθρωπὰ,
1495 3601 1585 3652 καὶ
1625 3599 1715 3652 θε-

135 3689 415 3761 ραπεῦσαι
439 3689 506 3743 τὰ
528 3691 828 3761 νοσήσαντα
850 3688 936 3742 διὰ
966 3689 1066 3758 τῆς
1093 3690 1197 3741 τῶν
1236 3690 1454 3757 ἀγαθῶν
1480 3691 1715 3758 ἐπαγγε-

131 3780 271 3834 λιῶν
315 3782 609 3845 ἐκϐάσεως.
652 3783 713 3835 Ei
750 3782 845 3853 μὲν
890 3781 998 3852 γὰρ
1042 3778 1181 3851 ἦσαν
1221 3784 1269 3835 οί
1317 3782 1594 3853 ἄνθρωποι
1638 3786 1717 3846 είς

134 3873 374 3943 μάταιον
420 3873 731 3944 ὲκτισμένοι
783 3872 984 3943 ὁμοίως
1036 3874 1146 3935 τοῖς
1192 3872 1285 3924 ἐπὶ
1337 3873 1441 3943 γῆς
1503 3872 1714 3940 ἀλόγοις

129 3965 322 4029 ζώοις,
365 3966 463 4018 οὐκ
501 3964 567 4019 ἂν
608 3965 759 4018 οὐδὲν
802 3965 986 4027 αὐτοῖς
1024 3964 1190 4034 ἐχρῆν
1219 3963 1359 4033 μέγα
1382 3962 1713 4032 ἐπαγγέλλε-

130 4056 265 4109 σθαι
284 4073 297 4085 ·
322 4058 411 4109 ὅτε
438 4057 494 4109 δὲ
527 4056 751 4109 τοιαῦτα
780 4055 1069 4124 φθάνουσιν
1096 4054 1405 4127 ἀνθρώποις
1433 4055 1713 4125 εὐαγγελι-

127 4149 365 4219 ζόμεναι
402 4151 458 4202 αἱ
509 4149 645 4220 πρὸς
690 4148 781 4202 τὸν
821 4147 981 4201 Δαυῒὸ
1013 4146 1366 4218 ὁρκωμοσίαι,
1408 4148 1565 4200 παντί
1609 4165 1710 4201 που

122 4241 294 4311 δῆλον
325 4240 586 4304 ποιοῦσιν,
610 4241 689 4293 ὅτι
716 4241 789 4310 μὴ
813 4241 904 4292 ἐπὶ
939 4240 1149 4311 ματαίῳ
1175 4238 1393 4302 ἔκτισας
1418 4241 1543 4297 τοὺς
1564 4239 1712 4301 υἱοὺς

122 4334 241 4386 τῶν
276 4332 599 4403 ἀνθρώπων.
640 4333 792 4385 Ἐπεὶ
820 4332 995 4386 τοίνυν
1025 4331 1275 4400 τοιαύτης
1304 4331 1529 4402 ἠξίωται
1560 4331 1710 4402 παρὰ

122 4425 215 4476 σοὶ
242 4424 414 4494 τιμῆς
444 4427 477 4495 ἡ
514 4424 827 4495 ἀνθρωπεία
858 4423 1037 4492 φύσις,
1082 4423 1305 4487 εἰκότως
1346 4424 1507 4494 φημὶ,
1544 4423 1707 4492 Μνή-

116 4518 308 4582 σθητι
340 4516 431 4581 τίς
473 4534 592 4585 μου
636 4517 1005 4581 ὑπόστασις·
1049 4516 1141 4567 καὶ
1175 4514 1461 4585 μνήσθητι,
1514 4515 1595 4567 ὃτι
1632 4516 1705 4585 μὴ

118 4606 380 4677 ματαίως
424 4606 643 4670 ἔκτισας
687 4608 811 4670 τοὺς
844 4607 991 4670 υἱοὺς
1034 4607 1140 4659 τῶν
1183 4604 1503 4677 ἀνθρώπων.
1549 4605 1707 4658 Ἀλλά

114 4700 221 4752 καὶ
257 4699 417 4752 τοῦτο
457 4700 760 4771 μνησθῆναι
793 4698 950 4765 ἀξιῶ,
981 4700 1062 4752 ὅτι
1097 4698 1268 4761 ούδείς
1310 4700 1457 4751 ἐστιν
1496 4697 1705 4767 ἄνθρω-

115 4808 250 4855 πος,
281 4791 341 4853 ὃς
370 4791 632 4859 ἄγευστος
667 4791 922 4860 τυγχάνει
956 4790 1206 4852 θανάτου,
1245 4789 1351 4841 οὐδ’
1376 4784 1485 4851 οἷός
1525 4789 1587 4841 τέ
1620 4788 1704 4851 τίς

110 4885 276 4934 ἐστιν
310 4882 472 4945 αὐτὸς
501 4882 692 4934 ἑαυτοῦ
731 4883 827 4952 τὴν
853 4882 1027 4953 ψυχὴν
1062 4884 1125 4934 ἐκ
1151 4881 1381 4935 θανάτου
1412 4880 1699 4952 ῥύσασθαι,

106 4972 247 5025 οὐδὲ
270 4972 543 5025 καὶτοῦτο
574 4972 827 5043 τυγχάνει
849 4974 949 5043 τῆς
979 4974 1314 5044 εὐεργεσίας.
1346 4974 1503 5026 Ὥστε
1529 4975 1577 5027 εἰ
1609 4973 1702 5027 καὶ

106 5063 352 5117 τοιαῦτα
384 5065 696 5135 ἡμάρτανον
736 5067 783 5117 οἱ
818 5064 909 5117 τοῦ
950 5064 1215 5117 Ἰουδαίων
1247 5065 1449 5129 ἔθνους,
1485 5066 1560 5129 ὡς
1602 5064 1701 5129 τὰς

102 5155 529 5218 ἐπαναστάσεις
572 5157 647 5227 (l)
681 5157 778 5220 τὰς
806 5157 939 5228 πρὸς
965 5157 1053 5210 τὸν
1086 5157 1249 5210 Δαυῒδ
1278 5160 1358 5220 είς
1397 5158 1701 5211 τούναντίον

105 5251 313 5314 αὐτοῖς
353 5251 778 5322 περιτραπῆναι,
822 5250 917 5302 καὶ
947 5250 1045 5319 τὴν
1078 5251 1141 5301 ὲκ
1184 5250 1499 5321 σπέρματος
1536 5238 1699 5304 αύτοῦ

103 5343 378 5414 διαδοχὴν
411 5344 508 5395 σὺν
546 5342 624 5414 τῷ
655 5343 754 5411 τῆς
788 5342 1066 5413 βασιλείας
1098 5342 1271 5414 θρόνῳ
1300 5343 1696 5415 καταλυθῆναιο

101 5434 170 5487 οὐ
212 5434 330 5504 μὴν
361 5432 495 5486 ἀλλά
523 5434 615 5485 καὶ
648 5434 806 5486 αὐτὸν
834 5432 922 5485 τὸν
945 5432 1176 5502 Χριστόν
1222 5449 1314 5485 σου
1347 5432 1571 5486 τοιαῦτα
1601 5449 1695 5485 πα-

98 5526 229 5579 θεῖν
260 5526 371 5579 ὑπὸ
410 5526 517 5578 τῶν
540 5524 740 5589 αὐτῶν,
768 5527 926 5578 ὁποῖα
954 5524 1314 5596 προλαϐόντες
1352 5526 1399 5578 οἱ
1434 5526 1515 5577 σοι
1547 5524 1691 5591 λόγοι

99 5618 248 5690 περὶ
292 5618 458 5670 αὑτὸν
501 5616 827 5687 γενήσεσθαι
857 5617 1266 5687 προεφήτευσαν
1287 5632 1299 5646 ·
1333 5616 1467 5669 ἀλλά
1504 5617 1578 5689 μὴ
1612 5618 1691 5681 είς

95 5709 270 5774 τέλος
307 5711 721 5780 ἀποστραφῆναι
750 5710 1025 5782 ἀξιοῦμεν,
1071 5710 1202 5780 μηδὲ
1237 5709 1310 5772 ὡς
1364 5710 1472 5781 πῦρ
1495 5710 1692 5763 ἐκκαυ-

176 5801 264 5875 (l)
308 5801 369 5858 L.
401 5802 746 5870 ἐπαγγελίας.

1822 3236 2093 3306 opiﬁcium
2126 3245 2276 3289 tuum
2305 3244 2358 3291 et
2402 3236 2580 3305 imago
2614 3243 2706 3289 tua
2740 3250 2836 3303 per
2873 3238 3214 3307 ingruentem
3260 3236 3394 3289 iram

1820 3336 1873 3383 et
1901 3330 2295 3401 promissorum
2329 3328 2638 3383 dilationem
2696 3336 2899 3400 pereat,
2953 3340 3165 3386 mature
3218 3331 3396 3386 tristia

1821 3421 1909 3475 illa
1942 3437 2182 3491 repares,
2223 3420 2558 3490 inﬁrmisque
2609 3421 2877 3476 medearis
2924 3437 3022 3491 per
3071 3422 3397 3492 promissio-

1819 3530 1948 3568 num
1983 3515 2186 3568 exitum
2218 3521 2272 3569 et
2327 3515 2805 3584 complementum.
2860 3513 2993 3567 Nam
3044 3515 3089 3568 si
3144 3514 3394 3569 homines

1818 3607 2040 3676 perinde
2058 3613 2220 3676 atque
2241 3608 2398 3660 bruta
2418 3605 2676 3659 animalia
2700 3606 2751 3658 in
2776 3620 2974 3658 vanum
2993 3605 3161 3658 creati
3183 3613 3389 3668 essent,

1816 3698 1954 3752 nihil
1986 3698 2119 3767 ipsis
2149 3713 2397 3767 magnum
2450 3695 2871 3766 promittendum
2903 3703 3048 3750 esset
3089 3714 3100 3748 :
3134 3711 3258 3749 cum
3290 3712 3389 3749 au-

1818 3791 2250 3857 temjuramenta
2286 3787 2471 3841 Davidi
2500 3787 2648 3851 data,
2698 3788 2826 3840 talia
2880 3787 3022 3841 bona
3073 3787 3389 3842 hominibus

1816 3880 2172 3945 annnntient;
2199 3894 2262 3933 ea
2295 3894 2426 3933 sane
2451 3879 2627 3948 palam
2657 3878 2866 3931 faciunt
2891 3885 2943 3932 te
2970 3893 3078 3932 non
3107 3878 3161 3932 in
3184 3894 3383 3932 vanum

1815 3987 2029 4026 creasse
2055 3970 2193 4024 ﬁlios
2222 3969 2520 4023 hominum.
2551 3969 2689 4035 Quia
2721 3970 2883 4040 igitur
2922 3968 3159 4022 humana
3189 3978 3385 4024 natura

1815 4064 1906 4117 tali
1935 4063 2032 4117 abs
2059 4069 2110 4117 te
2142 4062 2346 4115 honore
2370 4062 2571 4114 donata
2597 4068 2703 4126 est,
2728 4061 2852 4131 jure
2884 4060 3007 4117 dico
3034 4080 3047 4116 :
3084 4060 3386 4119 Memorare

1812 4171 1925 4225 qua!
1983 4170 2093 4207 mea
2123 4151 2451 4212 substantia:
2479 4159 2533 4207 et
2561 4154 2851 4208 recordare
2883 4161 2934 4209 te
2966 4169 3073 4208 non
3100 4156 3155 4209 in
3183 4171 3382 4208 vanum

1812 4260 2029 4300 creasse
2073 4245 2212 4299 ﬁlios
2243 4245 2541 4299 hominum.
2576 4242 2681 4299 Sed
2721 4244 2880 4298 etiam
2916 4244 2969 4299 id
3008 4247 3285 4301 recordari
3332 4257 3385 4301 te

1812 4351 2024 4407 precor,
2052 4338 2260 4391 nullum
2285 4352 2406 4392 esse
2445 4337 2725 4390 hominum
2761 4339 2852 4406 qui
2883 4345 3111 4392 mortem
3146 4354 3251 4392 non
3287 4338 3382 4392 de-

1811 4438 2011 4499 gustet,
2034 4444 2132 4483 nec
2155 4443 2315 4499 posse
2336 4443 2663 4498 quemquam
2690 4429 2923 4483 animam
2946 4444 3097 4483 suam
3116 4444 3180 4483 ex
3206 4436 3381 4483 morte

1740 4500 1782 4558 θ
1812 4522 2071 4586 liberare;
2109 4536 2282 4589 neque
2332 4521 2476 4574 enim
2519 4520 2572 4574 id
2621 4520 2869 4576 beneﬁcii
2920 4521 3147 4590 accepit.
3192 4520 3379 4588 Itaque

1807 4613 2020 4668 etiamsi
2046 4614 2169 4667 talia
2198 4613 2398 4668 fuerint
2427 4611 2669 4667 Judaieaz
2697 4613 2873 4681 gentis
2901 4613 3126 4676 scelera,
3160 4619 3218 4665 ut
3247 4626 3379 4681 pro-

1807 4704 1973 4758 missa
2014 4704 2196 4757 Davidi
2236 4705 2361 4759 data
2394 4704 2447 4758 in
2481 4706 2814 4759 contrarium
2854 4703 2988 4773 ipsis
3012 4702 3290 4767 cederent,
3322 4710 3382 4760 et

1806 4797 2083 4851 successio
2112 4795 2337 4850 seminis
2364 4796 2484 4864 ejus
2508 4810 2613 4849 una
2639 4811 2764 4849 cum
2796 4796 2945 4865 regni
2977 4797 3175 4849 throno
3201 4796 3377 4850 solve-

1802 4893 1985 4953 retur;
2025 4887 2134 4940 imo
2164 4887 2326 4941 etiam
2360 4887 2475 4955 ipse
2512 4886 2764 4941 Christus
2797 4896 2923 4940 tuus
2958 4887 3084 4939 talia
3127 4887 3197 4941 ab
3240 4887 3375 4957 ipsis

1802 4983 2097 5047 pateretur,
2118 4976 2299 5045 qualia
2322 4976 2476 5045 prius
2498 4991 2781 5031 sermones
2803 4975 2879 5029 tui
2906 4975 3007 5046 ipsi
3034 4976 3215 5030 futura
3239 4990 3376 5045 prc-

1802 5067 2158 5121 nuntiabant:
2190 5073 2428 5120 attamen
2473 5080 2761 5134 precamur
2793 5081 2862 5119 ne
2905 5066 2960 5119 in
3004 5065 3164 5120 ﬁnem
3200 5081 3373 5135 usque

1803 5157 2087 5219 avertaris,
2118 5172 2295 5226 neque
2320 5155 2399 5209 ira
2428 5162 2518 5210 tua
2544 5156 2682 5210 sicut
2716 5156 2857 5225 ignis
2889 5157 3246 5223 accendatur;
3275 5157 3369 5211 sed

1802 5249 2106 5303 recorderis
2147 5263 2268 5317 quas
2325 5247 2631 5303 substantia
2668 5263 2807 5310 mea,
2841 5248 2933 5317 qui
2983 5248 3096 5302 haec
3136 5263 3235 5318 pro
3263 5250 3369 5304 illis

1802 5343 2039 5413 postulo,
2064 5350 2116 5395 et
2138 5357 2259 5411 qua:
2288 5341 2358 5395 sit
2388 5340 2670 5394 hominum
2698 5339 3005 5403 inﬁrmitas,
3035 5343 3124 5411 qui
3160 5353 3367 5398 morta-

1799 5432 1904 5487 lem
1934 5441 1984 5486 et
2034 5431 2275 5486 interitui
2330 5429 2621 5484 obnoxiam
2674 5438 2925 5483 naturam
2972 5432 3149 5486 sortiti
3192 5441 3366 5488 sunt:

1800 5524 2104 5579 recorderis
2133 5526 2257 5578 item
2288 5523 2390 5587 tui,
2417 5523 2508 5591 qui
2547 5539 2654 5576 non
2686 5524 2739 5577 in
2777 5540 2970 5577 vanum
2996 5526 3193 5580 creasti
3232 5526 3369 5582 ﬁlios

1798 5616 2098 5682 hominum,
2123 5615 2218 5670 sed
2242 5614 2311 5669 ad
2336 5630 2585 5685 magnam
2612 5631 2760 5685 spem
2784 5632 2950 5687 penes
2975 5624 3026 5673 te
3050 5620 3363 5689 repositam.

1802 5707 2179 5778 Supplicamus
2209 5716 2387 5764 autem
2422 5714 2481 5761 ut
2507 5704 2617 5760 bare
2649 5707 2700 5761 in
2731 5708 3046 5763 memoriam
3078 5723 3359 5775 revocans,
