3830 6288
341 817 347 824 ,
456 759 623 814 missa
652 759 839 814 Davidi
864 759 1082 823 dedisti,
1115 760 1368 828 operibus
1400 761 1666 829 perﬁcias.

459 278 600 333 Hl9
1135 274 1404 332 EUSEBII
1442 275 1918 335 CIESARIENSIS
1957 275 2111 336 OPP.
2157 275 2354 331 PARS.
2398 274 2487 331 111.
2523 305 2598 317 --
2637 273 3040 332 EXEGETICA.
3485 271 3618 344 itit).

455 395 539 451 vel
564 408 690 450 sero
725 391 1158 449 tandem'mittas
1197 393 1354 448 nobis
1400 408 1546 456 eum,
1573 393 1665 462 qui
1697 400 1751 448 et
1779 408 1810 448 a
1845 400 2020 450 morte

2130 391 2276 463 θῆναι
2299 392 2397 462 τὴν
2427 391 2596 463 ὀργήν
2634 407 2750 454 σου,
2785 390 3085 462 μνησθῆναι
3109 389 3164 444 δὲ
3195 390 3270 456 τίς
3305 410 3390 462 μου
3424 396 3537 451 ἐστὶν
3563 404 3587 470 ἠ

454 493 701 550 eruatur,
732 491 788 540 et
809 485 877 538 ab
908 483 1122 538 inferno
1149 492 1430 540 revocetur
1454 483 1564 555 (1);
1591 491 1646 539 et
1664 493 1723 538 ut
1753 484 1912 539 ﬁnem
1939 483 2018 539 fa-

2130 486 2434 549 ὑπόστασις,
2457 484 2550 538 τοῦ
2582 483 2754 538 ταῦτα
2779 485 2918 555 ὑπὲρ
2935 483 3112 538 αὐτῶν
3144 484 3502 554 πρεσϐεύοντος,
3524 492 3590 544 καὶ

456 578 571 633 cias
594 588 645 631 te
667 591 697 630 a
719 576 876 632 nobis
903 575 1199 640 avertendi,
1231 577 1472 646 iramque
1501 583 1646 629 tuam
1672 576 1848 640 sedes,
1877 577 2018 648 ignis

2130 577 2204 639 τίς
2230 578 2262 647 ἡ
2293 575 2400 629 τῶν
2428 573 2726 647 ἀνθρώπων
2747 575 3015 638 ἀσθένεια,
3035 575 3143 628 τῶν
3171 574 3352 646 θνητὴν
3377 577 3505 646 φύσιν
3525 583 3592 636 καὶ

456 669 628 722 instar
658 667 856 737 pepulo
888 675 981 720 tuo
1015 667 1373 736 ingruentem,
1405 682 1468 722 ac
1492 681 1611 736 qua:
1647 667 1864 737 juratus
1891 683 2018 738 pro-

2130 666 2336 738 θανάτῳ
2367 666 2761 738 δεδουλωμένην
2804 667 3089 736 εἰληχότων
3111 685 3123 697 ·
3161 669 3435 740 μνησθῆναι
3454 671 3499 724 δὲ
3527 673 3594 728 καί

2129 758 2323 812 σαυτοῦ
2354 759 2428 829 μὴ
2454 758 2546 810 ἐπὶ
2583 758 2794 829 ματαίῳ
2819 757 3098 820 κτίσαντος
3123 759 3245 822 τοὺς
3269 761 3400 824 υίοὺς
3419 762 3506 814 τῶν
3529 765 3593 816 ἁν-

456 847 710 920 θρὼπων,
756 849 871 904 ἀλλ’
913 850 1006 904 ἐπὶ
1051 851 1312 921 μεγάλαις
1351 851 1528 906 ἐλπίσι
1571 855 1690 916 ταῖς
1761 850 1912 923 παρὰ
1961 849 2064 904 σοί.
2121 852 2230 905 Καὶ
2272 849 2473 903 τούτων
2519 850 2600 912 εἰς
2648 849 2864 920 μνήμην
2916 847 3172 901 ἐλθόντων
3223 849 3494 922 ἱκετεύομεν
3527 855 3597 923 ἢδη

458 941 588 996 ποτέ
610 941 702 994 τὸν
745 941 838 994 καὶ
881 943 947 994 ἐκ
1000 940 1230 995 Θανάτου
1268 940 1547 1013 ῥυόμενον,
1597 943 1692 996 καὶ
1739 941 1799 1006 ἐξ
1838 942 1965 1013 ᾅδου
2008 939 2442 1010 ἀνακαλούμενον
2486 939 2837 1009 καταπέμψαι
2879 941 3007 1009 ἡμῖν
3029 977 3045 1003 ,
3094 939 3186 992 καὶ
3223 938 3497 994 παύσασθαι
3531 945 3597 1012 μὲν

457 1033 865 1106 ἀποστρέφοντα
906 1033 1098 1086 ἐαυτὸν
1141 1032 1200 1096 ἐξ
1225 1033 1405 1104 ἡμῶν,
1453 1035 1800 1090 καταπαῦσαι
1831 1034 1890 1087 δὲ
1927 1033 2022 1086 καὶ
2046 1034 2142 1104 τὴν
2167 1032 2336 1104 πυρὸς
2376 1032 2528 1103 δίκην
2552 1031 2880 1084 ἐπελθοῦσαν
2931 1032 3024 1085 ἐπὶ
3080 1032 3169 1085 τὸν
3194 1031 3315 1086 λαόν
3336 1049 3418 1085 σου
3458 1033 3598 1105 ὀργὴν,

457 1128 638 1198 ἔργοις
661 1127 718 1180 δέ
751 1127 1053 1180 ἐπιτελέσαι
1085 1126 1150 1191 ἃς
1190 1127 1408 1198 ὤμοσας
1441 1130 1576 1202 πρὸς
1601 1131 1762 1184 Δαυῒδ
1793 1127 2138 1199 ἐπαγγελίας.
2575 1127 2584 1136 ’

532 1218 699 1274 Vens.
728 1218 816 1273 50.
854 1217 953 1271 Ubi
970 1227 1091 1272 sunt
1118 1219 1490 1275 misericordiw
1511 1231 1614 1276 tute
1635 1225 1883 1293 antiquae,
1914 1221 2024 1276 Do-

2191 1215 2314 1270 Ποῦ
2333 1215 2462 1269 ἐστι
2491 1214 2563 1268 τὰ
2583 1214 2723 1284 ἐλέη
2749 1231 2864 1268 σου
2893 1213 2964 1267 τὰ
2986 1213 3219 1283 ἀρχαῖα,
3241 1215 3422 1282 Κύριε,
3441 1215 3473 1267 ἃ
3498 1215 3605 1284 ὡμο-

462 1311 621 1375 mine,
655 1325 787 1379 quas
803 1308 1004 1379 jurasti
1036 1308 1208 1362 David
1238 1313 1291 1364 in
1323 1313 1536 1365 veritate
1557 1323 1647 1366 tua
1671 1315 1697 1368 ?
1729 1313 1869 1379 Quia
1915 1327 2022 1368 non

2130 1323 2238 1373 σας
2265 1305 2344 1373 τῷ
2379 1305 2557 1362 Δαυῒδ
2587 1305 2656 1358 ἐν
2693 1305 2766 1374 τῇ
2811 1305 3058 1372 ἀληθείᾳ
3104 1320 3256 1369 σου;
3287 1307 3410 1358 Ὅτι
3433 1307 3495 1377 μὴ
3534 1325 3606 1377 μα-

465 1401 520 1454 in
542 1414 762 1463 vanum,
795 1398 993 1468 inquit,
1018 1399 1219 1454 creasti
1247 1415 1438 1457 omnes
1474 1401 1612 1457 ﬁlios
1646 1401 1945 1466 hominum,
1970 1409 2025 1456 et

2130 1399 2306 1461 ταίως,
2345 1397 2530 1470 φησὶν,
2575 1396 2796 1459 ἔκτισας
2840 1396 3210 1459 πάνταςςτοὺς
3247 1396 3387 1458 υἱοὺς
3421 1397 3512 1450 τῶν
3543 1397 3608 1450 ἀν-

463 1491 606 1563 apud
639 1501 692 1546 te
712 1490 789 1543 illi
816 1491 871 1543 in
898 1489 1106 1545 honore
1140 1491 1424 1559 habentur,
1449 1508 1623 1562 neque
1648 1508 1769 1548 sese
1796 1500 2026 1564 possunt

2130 1487 2376 1560 θρῶπων,
2410 1486 2725 1556 τετίμηνται
2752 1485 2809 1538 δὲ
2843 1485 2992 1556 παρὰ
3020 1485 3120 1548 σοὶ,
3155 1485 3253 1554 οὐχ
3280 1483 3375 1536 οἷοί
3412 1502 3464 1537 τε
3493 1484 3607 1538 Gisi-

463 1598 495 1637 a
520 1589 694 1637 morte
731 1594 960 1642 eruere;
1007 1580 1131 1635 ideo
1153 1597 1356 1652 precor
1381 1591 1436 1637 et
1467 1585 1716 1655 supplico
1758 1592 1817 1639 ut
1846 1592 2024 1639 matu-

462 1685 550 1725 res
580 1671 844 1725 bonarum
878 1671 1300 1740 promissionum
1346 1674 1740 1744 complementa
1767 1675 2024 1730 exhibere

462 1759 640 1823 nobis,
675 1775 796 1830 qua:
847 1774 878 1812 a
919 1757 1139 1816 Christo
1183 1768 1296 1825 tuo,
1333 1771 1458 1831 post
1501 1762 1772 1817 sublatum
1803 1761 2023 1817 Davidis

460 1865 708 1920 regnum,
761 1847 1091 1906 conferenda
1146 1859 1295 1906 sunt.
1340 1851 1624 1909 Festinare
1671 1861 1851 1916 autem
1892 1869 2024 1924 rogo

461 1951 752 2012 antequam
783 1941 1086 1998 .hominum
1129 1959 1302 2016 genus
1341 1944 1584 2000 funditus
1627 1955 1830 2016 pereat.
1891 1945 2024 2011 Quis

461 2033 607 2088 enim
638 2032 917 2088 hominum
953 2041 1132 2104 potest
1183 2051 1243 2092 se
1289 2036 1357 2091 de
1397 2051 1560 2091 manu
1607 2036 1766 2094 inferi
1797 2053 2020 2104 eruere;

465 2123 568 2178 nisi
598 2140 740 2179 unus
767 2125 859 2181 ille
885 2127 978 2196 qui
1018 2128 1194 2201 primo
1226 2129 1489 2198 seipsum,
1519 2127 1715 2185 deinde
1750 2145 1938 2185 omnes
1969 2131 2022 2184 in

461 2230 521 2269 se
557 2223 865 2286 sperantes,
911 2232 943 2271 a
975 2220 1148 2289 portis
1179 2223 1370 2276 mortis
1408 2221 1693 2277 liberavit?
1719 2223 1771 2276 ls
1810 2223 2023 2276 etiamsi

461 2323 523 2360 ea
548 2323 812 2378 passurus
833 2310 904 2365 sit
929 2325 1050 2380 qua:
1085 2311 1140 2366 in
1181 2313 1464 2383 prophetia
1502 2313 1751 2370 feruntur
1792 2313 1878 2370 his
1904 2329 2025 2368 ver-

463 2401 544 2455 bis
589 2418 604 2455 :
651 2400 804 2454 Nunc
842 2412 1019 2456 autem
1055 2404 1297 2473 repuliin
1338 2416 1388 2459 et
1437 2404 1753 2475 despexisti,
1789 2405 2025 2474 abjecisti

461 2493 734 2547 Christum
764 2503 946 2560 tuum;
976 2503 1213 2552 attamen
1237 2504 1332 2552 tua
1356 2497 1424 2552 ad
1454 2496 1708 2552 Davidem
1737 2495 1879 2551 facta
1903 2510 2028 2566 pro-

467 2580 636 2634 missa
663 2590 1047 2653 consequetur.
1065 2583 1200 2643 Nam
1219 2586 1606 2642 misericordia
1629 2594 1754 2653 tuae,
1779 2585 2022 2646 Domine.

461 2681 516 2726 et
550 2676 751 2732 veritas
777 2684 868 2730 tua
904 2676 958 2730 in
999 2679 1256 2732 saeculum
1292 2690 1529 2746 manent,
1561 2695 1623 2735 ac
1651 2695 1721 2734 ne
1748 2679 1827 2736 vel
1860 2695 2024 2733 unum

467 2764 892 2832 promissionum
915 2775 1130 2823 tuarum
1164 2771 1388 2824 verbum
1410 2769 1643 2826 excidet.
1670 2769 1821 2824 Licet
1846 2777 2026 2825 autem

464 2870 610 2910 nunc
635 2856 871 2912 tristium
899 2858 1112 2912 illorum
1135 2873 1254 2928 quae
1276 2868 1535 2916 eventura
1561 2870 1689 2916 sunt
1712 2862 2024 2916 memoriam

2126 1598 2208 1633 σιν
2264 1580 2486 1642 ἑαυτοὺς
2541 1576 2802 1648 ῥύσασθαι
2853 1576 2918 1629 ἐκ
2975 1575 3234 1628 Θανάτου·
3280 1573 3453 1627 τούτου
3495 1575 3611 1646 χάριν

2122 1668 2310 1740 δέομαι
2357 1667 2450 1720 καὶ
2485 1665 2744 1723 ἀντιϐολῶ
2789 1663 3019 1716 σπεῦσαι
3057 1663 3149 1716 καὶ
3187 1661 3296 1716 τῶν
3339 1662 3612 1730 ἐπαγγελιῶν

2126 1777 2218 1812 σου
2241 1759 2346 1811 τῶν
2381 1757 2598 1827 ἀγαθῶν
2627 1758 2795 1822 δεῖξαι
2821 1760 2952 1829 ἡμῖν
2990 1757 3058 1810 τὰ
3084 1756 3495 1827 ἀποτελέσματα,
3523 1774 3610 1808 σνν-

2123 1851 2402 1920 ενεχθέντα
2418 1850 2554 1903 κατὰ
2569 1849 2661 1902 τοῦ
2690 1848 2923 1921 Χριστοῦ
2948 1849 3023 1920 (Ξ)
3048 1866 3138 1902 σου
3165 1848 3258 1900 καὶ
3290 1847 3418 1918 μετὰ
3442 1848 3524 1917 τὴν
3546 1847 3615 1916 τῆς

2126 1943 2398 2013 βασιλείας
2419 1942 2511 1995 τοῦ
2547 1942 2707 1994 Δαυῖδ
2739 1941 3072 2012 καθαίρεσιν.
3106 1939 3306 2009 Δέομαι
3340 1938 3393 1991 δὲ
3417 1937 3617 2008 ἐπιταχῦ-

2123 2052 2208 2088 ναι
2262 2035 2389 2105 πρὶν
2435 2034 2780 2088 κατάπτωσιν
2836 2031 3068 2101 παντελῆ
3112 2030 3174 2083 τὸ
3223 2029 3333 2083 τῶν
3374 2027 3618 2099 ἀνθρώπων

2123 2125 2420 2195 ὑποστῆναι
2461 2125 2633 2193 γένος.
2673 2125 2770 2186 Τίς
2809 2124 2915 2194 γάρ
2953 2125 3097 2175 ἐστιν
3131 2120 3425 2192 ἀνθρώπων
3458 2121 3483 2172 ὁ
3507 2119 3621 2173 δυνά-

2127 2233 2283 2287 μενος
2320 2216 2481 2280 αὐτὸς
2515 2217 2702 2270 ἐαυτὸν
2728 2217 2790 2268 ἐκ
2822 2215 3001 2287 χειρὸς
3027 2214 3151 2285 ᾅδου
3190 2211 3466 2284 ῥύσασθαι,
3505 2211 3544 2263 εί
3571 2211 3621 2280 μὴ

2124 2302 2203 2370 εἷς
2241 2309 2404 2378 μόνος
2430 2311 2458 2361 ὁ
2499 2306 2710 2378 πρῶτος
2747 2308 2842 2377 μὲν
2879 2307 3037 2368 αὐτὸς
3079 2304 3294 2370 ἑαυτὸν,
3340 2301 3449 2356 εἶτα
3477 2302 3525 2356 δέ
3558 2304 3622 2355 καὶ

2126 2401 2331 2464 πάντας
2370 2401 2495 2463 τοὺς
2538 2403 2616 2463 εἰς
2659 2399 2818 2452 αὐτὸν
2860 2398 3284 2460 πεπιστευκότας
3332 2399 3394 2450 ἐκ
3432 2396 3524 2449 τῶν
3559 2394 3624 2446 τοῦ

2125 2493 2355 2547 θανάτου
2389 2492 2569 2546 πυλῶν
2599 2491 2928 2563 ῥυσάμενος;
2960 2491 3020 2542 Εἰ
3051 2491 3145 2541 καὶ
3173 2485 3397 2541 τοιαῦτα
3417 2485 3625 2544 πείσεται,

2124 2584 2212 2642 οἷα
2225 2587 2461 2657 διείληφε
2480 2589 2512 2656 ἡ
2531 2583 2833 2656 προφητεία
2851 2583 2920 2636 τὰ
2945 2582 3050 2636 ἀπὸ
3067 2579 3182 2645 τοῦ,
3205 2581 3358 2634 Νυνὶ
3384 2579 3446 2632 δὲ
3462 2577 3628 2632 ἀπώσω

2127 2679 2223 2734 καὶ
2243 2678 2672 2744 ἑξουδένωσας,
2701 2674 2994 2730 (iv-86’de
3019 2673 3124 2727 τὸν
3146 2673 3404 2742 Χριστόν
3421 2687 3541 2734 σου,
3556 2668 3629 2738 φή-

2131 2786 2268 2823 σασα
2291 2785 2306 2799 ·
2362 2770 2512 2839 ὅμως
2544 2768 2638 2821 καὶ
2667 2765 2774 2819 τῶν
2802 2765 2910 2818 σῶν
2951 2763 3087 2835 πρὸς
3125 2761 3216 2816 τὸν
3253 2759 3413 2816 Δαυῖδ
3442 2761 3628 2826 ἐπαγγε-

2126 2860 2254 2914 λιῶν
2293 2859 2557 2928 τεύξεται.
2592 2857 2674 2913 Τὰ
2711 2857 2819 2930 γὰρ
2851 2856 2974 2927 ἐλέη
3007 2873 3121 2916 σου,
3150 2854 3346 2925 Κύριε,
3380 2852 3466 2907 καὶ
3487 2852 3517 2922 ἡ
3537 2847 3612 2918 dli]

463 2951 733 3013 repetens,
765 2945 943 2998 dicam
985 2962 1000 3001 :
1045 2945 1144 3000 Ubi
1188 2958 1309 3001 sunt
1344 2947 1716 3002 misericordiw
1755 2959 1858 3002 tuae
1888 2951 2028 3003 anti-

2130 2952 2249 3007 θειά
2276 2970 2367 3007 σου
2404 2955 2483 3016 εἰς
2509 2951 2598 3006 τὸν
2626 2951 2794 3004 αἰῶνα
2834 2949 2982 3019 μένει
3017 2947 3109 3000 καὶ
3135 2946 3256 3000 οὐδὲ
3299 2941 3376 3009 εἷς
3397 2944 3533 3011 λόγος
3555 2938 3632 2993 τῶν

462 3049 601 3102 qua,
641 3033 883 3100 Domine,
933 3052 1063 3106 quas
1099 3036 1304 3106 jurasti
1351 3038 1521 3093 David
1560 3041 1614 3093 in
1653 3041 1868 3094 veritate
1892 3043 2026 3096 tua?

2130 3045 2236 3098 σῶν
2261 3043 2600 3113 ἐπαγγελιῶν
2629 3041 2980 3095 διαπεσεῖται.
3004 3039 3066 3092 Εἰ
3105 3037 3162 3090 δὲ
3189 3037 3288 3091 καί
3317 3053 3451 3107 φημι
3471 3033 3550 3088 νῦν
3578 3032 3631 3090 εἰς

464 3133 518 3178 at
560 3141 669 3178 non
706 3125 894 3196 ignoro
917 3134 968 3181 te
1000 3131 1053 3182 in
1079 3130 1304 3185 veritate
1341 3129 1557 3198 jurasse
1594 3147 1606 3182 :
1635 3146 1802 3201 quare
1832 3133 1884 3184 in
1909 3133 2027 3202 ipso

465 3216 736 3270 sermonis
782 3219 1010 3273 exordio
1065 3220 1266 3274 bonum
1314 3221 1464 3276 illum
1499 3223 1657 3278 ﬁnem
1705 3223 2024 3294 respiciens,

466 3304 714 3359 dicebam
741 3326 754 3362 :
781 3305 1174 3364 Misericordias
1195 3310 1407 3366 Domini
1424 3314 1476 3366 in
1501 3322 1751 3368 wternum
1769 3315 1990 3369 cantabo
2007 3331 2026 3369 :

467 3395 520 3448 in
552 3399 934 3465 generationem
981 3409 1030 3454 et
1061 3404 1443 3471 generationem
1483 3404 1805 3460 annuntiabo
1836 3408 2030 3460 verita-

467 3495 570 3539 tem
599 3495 745 3539 tuam
785 3488 840 3541 in
883 3505 972 3544 ore
1025 3506 1170 3556 "tea;
1204 3506 1268 3548 ac
1300 3508 1516 3548 rursum
1567 3494 1682 3548 haec
1720 3495 1980 3565 loquebar
2011 3516 2026 3552 :

467 3575 535 3628 In
565 3587 816 3633 wternum
843 3581 1204 3637 misericordia
1229 3584 1606 3655 azdiﬁcabitur,
1633 3587 1689 3638 in
1729 3587 1854 3641 caelo
1893 3603 2032 3656 prte-

467 3669 744 3735 parabitur
777 3673 970 3727 veritas
1019 3681 1130 3728 tua.
1172 3673 1264 3728 liae
1315 3691 1446 3747 ergo
1477 3677 1862 3732 misericordiae
1905 3689 2028 3745 tuae,

467 3759 714 3827 Domine,
743 3763 963 3818 ubinam
1013 3767 1145 3832 sint,
1194 3765 1438 3822 ediscere
1482 3766 1684 3838 ﬂagito,
1717 3777 1770 3824 et
1809 3769 1899 3824 ubi
1941 3785 2034 3824 oc-

467 3852 626 3906 culta:
653 3852 875 3919 lateant,
898 3865 953 3910 et
969 3857 1187 3925 quando
1213 3865 1454 3913 ventura:
1483 3858 1610 3914 sint.
1641 3860 1710 3912 At
1724 3860 1867 3914 enim
1898 3875 2030 3930 sup-

469 3942 611 4011 plico
641 3951 699 3997 ut
727 3945 840 4013 jam
893 3946 1149 4005 festinent
1177 3956 1233 4003 et
1285 3950 1505 4004 veniant
1554 3965 1618 4004 ac
1665 3951 2031 4005 inﬁrmitatem

469 4044 714 4092 nostram
753 4039 1074 4108 suscipiant.
1125 4040 1242 4098 Nisi
1285 4042 1431 4097 enim
1474 4042 1879 4098 misericordias
1908 4050 2032 4100 tuas

469 4128 725 4198 antiquas
746 4131 1069 4196 ostenderis,
1101 4147 1240 4202 quas
1269 4149 1375 4187 non
1399 4133 1559 4187 modo
1589 4133 1910 4202 promisisti,
1938 4134 2034 4189 sed

469 4217 632 4272 etiam
661 4219 860 4289 jurasti
891 4219 1060 4276 David
1100 4221 1156 4276 in
1189 4222 1416 4278 veritate
1457 4231 1569 4287 tua,
1606 4223 1753 4278 nulla
1800 4222 2034 4278 homini-

2127 3136 2430 3207 ὑπόμνησιν
2475 3133 2643 3188 ἐλθὼν
2689 3132 2796 3185 τῶν
2849 3131 3277 3202 συμϐησομένων
3335 3124 3630 3197 σκυθρωπῶν,

2126 3227 2251 3282 Ποῦ
2281 3227 2413 3280 ἐστι
2441 3225 2515 3280 τὰ
2540 3224 2680 3292 ἐλέη
2714 3241 2830 3278 σου
2858 3222 2930 3276 τὰ
2972 3220 3208 3289 ἀρχαῖα,
3243 3220 3437 3287 Κύριε,
3466 3215 3499 3270 d
3523 3215 3633 3285 ὡμο-

2127 3335 2245 3386 σας
2298 3317 2378 3384 τῷ
2431 3316 2612 3372 Δαυῒδ
2672 3317 2742 3368 ὲν
2805 3314 2880 3383 τῇ
2937 3312 3185 3380 ἀληθείᾳ
3234 3327 3387 3372 o'ov;
3422 3309 3526 3364 ἀλλ’
3567 3307 3636 3359 οὐκ

2129 3409 2327 3480 ἀγνοιῖ),
2361 3409 2443 3463 ὅτι
2494 3411 2551 3461 ἐν
2594 3410 2659 3478 τῇ
2699 3405 2925 3477 ἀληθέίᾳ
2963 3403 3209 3474 ῶμοσας·
3257 3402 3441 3472 διόπερ
3487 3395 3566 3452 καί
3596 3397 3635 3447 ὲν

2129 3502 2269 3572 ἀρχῇ
2298 3499 2390 3552 τοῦ
2417 3500 2616 3562 παντὸς
2656 3498 2810 3565 λόγου
2843 3497 2922 3559 εἰς
2945 3493 3006 3547 τὸ
3030 3492 3266 3564 χρηστὸν
3294 3491 3440 3554 τέλος
3460 3485 3633 3543 ἀποϐλέ-

2131 3609 2246 3644 πων
2287 3590 2501 3659 ἔλεγονε
2546 3590 2619 3643 Τὰ
2657 3588 2797 3657 ἑλέ-η
2837 3588 2941 3642 τοῦ
2985 3587 3202 3654 Κυρίου
3248 3589 3337 3652 εὶς
3369 3587 3469 3639 τὸν
3501 3578 3634 3638 αίῶνα

2130 3679 2348 3749 ᾄσομαι
2367 3697 2380 3710 ’
2407 3683 2492 3745 εις
2557 3680 2768 3748 γενεὰν
2811 3679 2908 3732 καί
2960 3679 3170 3747 γενεὰν
3219 3674 3524 3746 ἀπαγγελῶ
3558 3671 3637 3738 τὴν·

2130 3770 2415 3836 ἀλήθειάν
2450 3786 2566 3824 σου
2595 3771 2664 3823 ἐν
2699 3771 2776 3836 τῷ
2809 3770 3056 3839 στόματί
3078 3787 3195 3837 μου
3219 3787 3232 3798 ·
3269 3769 3364 3822 καὶ
3392 3767 3536 3820 πάλιν
3559 3763 3636 3815 ἕλε·

2131 3879 2253 3931 γον²
2298 3865 2400 3928 Εἰς
2446 3863 2552 3915 τὸν
2598 3862 2781 3915 αἰῶνα
2819 3862 2989 3927 ἕλεος
3034 3859 3562 3930 οἰκοδομηθήσεται,
3590 3854 3633 3905 ἐν

2130 3968 2165 4004 τ
2167 3950 2211 4016 ᾧ
2239 3950 2468 4018 οὐρανῷ
2496 3948 2984 4019 ἑτοιμασθήσεται
3013 3948 3052 4015 ἡ
3088 3946 3342 4016 ἀλήθειὰ
3371 3961 3496 3999 σου.
3529 3939 3636 3994 Δὺτὰ

2130 4042 2175 4096 δ’
2203 4037 2295 4096 οὖν
2323 4045 2502 4096 ἐκεῖνα
2527 4042 2596 4096 τὰ
2635 4042 2758 4112 ἐλέη
2807 4058 2918 4105 σου,
2963 4039 3156 4112 Κύριε,
3194 4037 3301 4091 ποῦ
3345 4038 3456 4089 ἐστι
3497 4032 3637 4103 μαθεῖν

2156 4132 2312 4197 ἀξιῶ,
2337 4134 2432 4186 καὶ
2461 4132 2560 4186 ποῦ
2597 4132 2844 4187 λανθάνει
2877 4131 3252 4204 κρυπτόμενα,
3280 4128 3374 4183 καὶ
3402 4127 3516 4179 πότε
3534 4121 3635 4192 ἥξει·

2149 4224 2306 4278 Ἀλλά
2350 4225 2458 4296 γὰρ
2498 4225 2744 4290 ἱκετεύω,
2782 4223 3067 4278 σπευσάτω
3100 4221 3194 4276 νῦν
3230 4221 3328 4274 καὶ
3365 4218 3544 4290 ἡκέτω,
3573 4212 3638 4266 καὶ

469 4309 570 4364 bus
595 4326 722 4384 spes
752 4311 946 4369 saiutis
976 4313 1319 4384 relinquitur.
1358 4312 1430 4370 Ut
1466 4323 1643 4369 autem
1685 4329 1866 4371 sermo
1903 4323 2028 4371 tuus

2133 4317 2482 4371 καταλαϐέτω
2509 4318 2604 4388 τὴν
2630 4315 2897 4388 ἡμετέραν
2926 4313 3222 4369 ἀσθένειαν.
3251 4313 3316 4365 El
3343 4310 3448 4381 γὰρ
3471 4307 3534 4380 μὴ
3551 4305 3637 4356 ἐπι-

467 4399 536 4455 de
560 4401 811 4458 tristibus
840 4403 1039 4458 futuris
1065 4420 1229 4460 verax
1262 4403 1383 4470 fuit,
1416 4405 1705 4475 omniaque
1741 4405 1834 4461 illa
1861 4406 2035 4460 conti-

467 4501 664 4562 gerunt
694 4499 748 4548 et
784 4495 1047 4566 completa
1085 4503 1244 4563 sunt;
1287 4497 1360 4550 ita
1398 4504 1820 4552 consentaneum
1860 4503 1941 4551 est
1975 4505 2036 4551 ut

471 4583 754 4640 meliorum
789 4585 1206 4654 pollicitationes
1246 4601 1356 4640 non
1406 4587 1572 4640 irritae
1625 4587 1734 4642 sint
1773 4605 1788 4642 :
1836 4587 2032 4656 quibus

470 4673 680 4728 scilicet
706 4676 865 4731 nobis
888 4678 1268 4731 annuntiatum
1289 4685 1391 4742 est,
1417 4685 1676 4732 aeternum
1707 4677 1823 4734 fore
1849 4693 2035 4733 semen

473 4763 713 4834 Davidis,
744 4779 797 4823 et
822 4769 1076 4824 thronum
1099 4769 1217 4840 ejus
1244 4769 1416 4824 instar
1445 4771 1638 4825 solaris
1664 4769 1886 4827 luminis
1909 4771 2034 4824 uni-

473 4873 692 4914 versum
720 4860 911 4916 orbem
943 4861 1342 4915 illustraturum
1372 4875 1514 4916 esse.
1542 4859 1666 4914 Haec
1701 4861 1880 4930 itaque
1925 4861 2032 4917 illis

471 4949 601 5004 olim
625 4950 864 5022 antiquis
884 4952 940 5006 in
969 4959 1094 5007 voto
1128 4951 1299 5015 fuere,
1333 4958 1387 5007 et
1430 4951 1497 5006 ab
1526 4951 1592 5006 iis
1621 4951 1713 5021 qui
1756 4952 2036 5023 propheti-

469 5057 661 5099 carum
689 5059 882 5098 vocum
908 5043 1249 5099 meditationi
1271 5043 1436 5098 dediti
1468 5050 1624 5098 erant
1651 5045 2039 5113 exspectaban-

471 5144 562 5191 tur
592 5155 604 5190 :
635 5151 663 5190 a
694 5136 852 5193 nobis
879 5151 1009 5192 vero
1039 5136 1173 5207 ipsis
1193 5136 1450 5206 Operibns
1469 5135 1734 5204 completa
1758 5133 2033 5200 videntur,

2132 4407 2361 4474 δείξειας
2396 4425 2486 4461 σου
2527 4408 2594 4462 τὰ
2639 4408 2760 4479 ἐλέη
2798 4407 2867 4460 τὰ
2914 4409 3132 4478 ἀρχαῖα,
3179 4403 3326 4475 ἅπερ
3367 4402 3461 4470 οὐχ
3500 4393 3638 4453 ἁπλῶς

2134 4501 2466 4570 ἐπηγγείλω,
2493 4500 2628 4553 ἀλλὰ
2651 4501 2744 4554 καὶ
2763 4499 2978 4571 ῶμοσας
3002 4497 3080 4569 τῷ
3108 4496 3270 4550 Δαυῒδ
3299 4497 3359 4548 ἐν
3383 4496 3444 4564 τῇ
3463 4486 3635 4560 ἀληθείᾳ

2138 4611 2253 4657 σου,
2277 4592 2498 4662 οὐδεμία
2519 4592 2757 4645 λείπεται
2781 4589 3086 4663 ἀνθρώποις
3107 4589 3261 4652 ἐλπὶς
3289 4584 3557 4655 σωτηρίας.
3577 4577 3636 4636 Ὦς

2135 4680 2228 4738 οῦν
2272 4684 2633 4756 ἐπηλήθευσεν
2678 4687 2707 4737 ὁ
2744 4683 2899 4753 λόγος
2931 4683 3022 4736 ἐπὶ
3052 4681 3163 4735 τῶν
3201 4673 3542 4749 σκυθρωπῶν,
3572 4665 3635 4720 καὶ

2135 4775 2324 4844 γέγονε
2347 4776 2439 4829 καὶ
2467 4777 2777 4847 ἀπήντησεν
2805 4775 3037 4840 ἅπαντα,
3066 4773 3237 4836 οῦτως
3270 4767 3541 4825 ἀκόλουθόν
3555 4765 3633 4816 ἐστι

2138 4866 2229 4919 καὶ
2253 4866 2320 4918 τὰ
2360 4867 2639 4938 κρείττονα
2673 4866 2781 4920 τῶν
2815 4866 3153 4936 ἐπαγγελιῶν
3184 4864 3257 4936 μὴ
3288 4853 3631 4930 Buzzi/£660.60”.

2135 4958 2201 5012 δι’
2219 4951 2292 5012 ὧν
2311 4961 2339 5012 ὁ
2351 4959 2504 5026 λόγος
2525 4959 2654 5028 ἡμῖν
2679 4957 3064 5028 εὐηγγελίσατο
3075 4957 3287 5010 αἰώνιον
3306 4953 3509 5022 σπέρμα
3520 4940 3635 4998 Δσυῖδ

2143 5047 2238 5102 καὶ
2251 5047 2434 5118 θρόνον
2449 5047 2611 5101 αὑτοῦ
2639 5047 2791 5119 δίκην
2805 5048 2952 5119 ἡλίου
2969 5046 3144 5118 φωτὸς
3158 5043 3559 5113 καταλάμψαντα
3581 5031 3634 5103 (³)

2139 5139 2318 5192 πᾶσαν
2353 5139 2452 5210 τὴν
2495 5140 2601 5193 τῶν
2641 5139 2938 5211 ἀνθρώπων
2993 5139 3336 5210 οἰκουμένην.
3378 5133 3541 5188 Ταῦτα
3567 5125 3634 5197 μὲν

469 5245 562 5298 per
617 5226 1138 5283 consummationem
1173 5242 1356 5281 rerum
1401 5240 1521 5296 qua:
1576 5224 1631 5279 in
1679 5222 1956 5282 Salvatore
1984 5234 2028 5282 el

2139 5225 2230 5285 οῦν
2249 5232 2307 5284 ἐν
2320 5231 2504 5303 εὐχαῖς
2519 5231 2691 5286 ἔκειτο
2705 5235 2814 5296 τοῖς
2832 5232 3095 5296 παλαιοῖς,
3108 5232 3202 5285 καὶ
3216 5225 3551 5300 προσεδοκᾶτο
3559 5217 3633 5274 τοῖς

470 5319 703 5376 Domino
746 5328 934 5374 nostro
959 5317 1090 5374 Jesu
1119 5318 1338 5373 Christo
1365 5316 1616 5388 perfectae
1643 5325 1791 5372 sunt.

2136 5319 2234 5384 τὰς
2259 5323 2599 5393 προφητικὰς
2624 5322 2804 5392 φωνὰς
2833 5321 3272 5394 μεμελετηκόσιν·
3295 5307 3634 5390 ἡμῖνδὲαύτοῖς

467 5409 648 5480 ἔργοις
697 5412 889 5481 ὁρᾶται
920 5411 1344 5482 πεπληρωμένα,
1393 5408 1480 5463 διὰ
1506 5409 1612 5463 τῶν
1651 5410 1731 5474 είς
1752 5408 1844 5464 τὸν
1883 5409 2110 5482 Σωτῆρα
2157 5415 2251 5468 καὶ
2301 5414 2502 5488 Κύριον
2547 5417 2703 5488 ήμῶν
2739 5416 2942 5488 Ἰησοῦν
2965 5415 3194 5488 Χριστὸν
3223 5405 3630 5477 drancaea-W-

545 5552 622 5614 (1)
659 5550 870 5614 Grzeca,
895 5549 1172 5620 ῥυόμενον,
1201 5546 1658 5620 ἀνακαλούμενον,
1681 5547 1857 5620 active
1874 5547 2028 5620 etiam

2215 5552 2270 5619 (ἓ

545 5552 622 5614 (1)
659 5551 870 5614 Graeca,
895 5551 1172 5620 ῥυόμενον,
1201 5551 1658 5617 ἀνακαλούμενον,
1681 5551 1857 5602 active
1874 5551 2036 5602 etiam
2215 5552 2270 5619 (2

477 5621 626 5697 reddi
666 5628 915 5690 possunt,
948 5637 1187 5697 nempe-3
1215 5619 1304 5688 qui
1331 5629 1480 5673 eruat
1513 5629 1561 5673 et
1587 5627 1803 5676 reuocet.
1828 5615 2038 5676 Iudicat
2217 5551 2294 5697 (5;

484 5691 650 5748 lector
668 5688 870 5747 utrum
897 5688 1120 5746 rectius.
1148 5688 1300 5746 Enn.

2315 5551 2622 5624 [tegendum
2651 5553 2860 5624 videtur
2889 5551 3039 5624 παρά
3068 5550 3161 5624 τοῦ
3179 5545 3429 5624 Χριστοῦ.
3455 5540 3582 5596 Ean.

2217 5617 2294 5697 (5)
2327 5617 2487 5681 Ὲοῖιο
2508 5623 2792 5697 legendum
2815 5617 3245 5696 καταλάμψονταζ
3277 5617 3427 5675 Εοιτ.
