3830 6288
251 352 387 407 1121

1344 362 1845 419 COMMENTARIA
1881 366 1947 421 IN
1990 364 2308 422 PSALMOS

3355 367 3495 423 “‘22

316 471 647 543 Μνήσθήτι,
684 479 876 546 Κύριε,
921 480 1025 533 τοῦ
1064 481 1404 552 ὀνειδισμοῦ
1437 483 1553 537 τῶν
1581 486 1816 539 δούλων

1988 486 2155 541 νεηε.
2210 487 2393 543 51—53.
2464 484 2665 540 Memor
2717 496 2848 550 esto,
2928 486 3166 552 Domine,
3232 500 3495 558 opprobrii

245 582 395 627 σουο,
449 562 536 622 οὗ·
578 568 852 638 ὑπέσχον
909 572 978 625 ἐν
1016 570 1095 638 τῷ
1145 576 1349 642 κόλπῳ
1395 595 1516 645 μου
1567 576 1814 631 πολλῶν

242 656 467 711 ἐθνῶν·
506 656 578 715 οὗ
632 660 949 718 ὠνείδισαν
996 665 1050 718 oi
1089 666 1289 734 ἐχθροί
1333 684 1469 728 σου,
1502 671 1700 737 Κύριε,
1741 666 1814 725 οὗ

242 748 565 804 ὠνείδισαν
589 754 655 805 τὸ
684 753 1075 825 ἀντάλλαγμα
1104 760 1208 810 τοῦ
1233 760 1486 826 Χριστοῦ
1521 776 1656 814 σου.
1704 763 1816 815 Εὑ-

243 844 504 911 λογητὸς
545 846 760 913 Κύριος
785 849 872 913 εἰς
904 848 1011 902 τὸν
1047 851 1261 905 αἰῶνα·
1289 852 1538 922 γένοιτο,
1567 853 1815 924 γένοιτο.

258 936 394 989 ’Ἀπὸ
419 936 513 991 τοῦ
552 940 988 1011 προτεταγμένου
1022 943 1387 1015 διαψάλματος
1419 946 1563 1000 δοκεῖ
1595 964 1683 1017 μοι
1725 965 1817 1018 με·

245 1026 447 1099 ταϐολὴ
507 1030 788 1099 γεγονέναι
861 1034 963 1103 τῆς
1028 1035 1284 1100 διανοίας.
1356 1038 1428 1089 Τὸ
1485 1037 1614 1106 γοῦν
1679 1040 1819 1092 θεῖον

246 1120 493 1192 Πνεῦμα,
528 1121 823 1195 εὐξάμενον
856 1126 996 1197 ὑπὲρ
1035 1128 1129 1180 τοῦ
1171 1128 1299 1182 λαοῦ
1344 1130 1430 1183 διὰ
1470 1131 1577 1183 τῶν
1616 1130 1821 1201 ἐμπρο-

246 1211 399 1276 σθεν,
429 1213 526 1277 τὰς
555 1217 884 1283 ἐπαγγελίας
910 1217 1002 1271 τοῦ
1029 1219 1161 1272 Θεοῦ
1189 1221 1538 1292 προκαλεῖται
1566 1222 1674 1275 ἀπὸ
1703 1221 1819 1285 τοῦ,

242 1305 372 1359 Ποῦ
397 1305 527 1359 ἐστι
566 1305 636 1359 τὰ
658 1306 798 1375 ἐλέη
826 1322 943 1362 σου
976 1312 1047 1363 τὰ
1080 1310 1317 1379 ἀρχαῖα,
1358 1313 1535 1378 Κύριε
1552 1329 1569 1377 ;
1602 1312 1741 1378 ἀξιοῖ
1765 1313 1821 1364 δὲ

239 1396 349 1467 ἤδη
378 1398 507 1451 ποτὲ
554 1399 837 1470 ἐπιστῆναι
879 1400 985 1453 τῶν
1026 1404 1404 1473 χρηστοτέρων
1453 1403 1522 1457 τὰ
1565 1405 1822 1457 ἀποτελέ-

240 1500 452 1556 σματα,
487 1486 522 1540 ἃ
547 1486 759 1558 ὤμοσεν
783 1490 811 1541 ό
848 1490 982 1555 Θεὸς
1015 1490 1094 1561 τῷ
1117 1492 1277 1544 Δαυῒδ
1307 1494 1364 1544 ἐν
1387 1495 1452 1563 τῇ
1476 1493 1698 1563 ἀληθείᾳ
1726 1495 1823 1546 αύ-

237 1578 362 1631 τοῦ.
409 1575 539 1632 Εἶτα
572 1582 879 1652 παρακαλεῖ
925 1584 1229 1654 μνησθῆναι
1262 1585 1355 1638 τοῦ
1389 1586 1692 1657 ὁνειδισμοῦ
1717 1586 1823 1640 τῶν

237 1667 447 1723 δούλων
471 1670 657 1724 αὐτοῦ.
676 1662 763 1735 Ὠς
789 1674 897 1745 γὰρ
1060 1675 1266 1739 λοιπὸν,
1297 1677 1436 1730 κατὰ
1460 1677 1521 1729 τὸ
1551 1695 1824 1748 σεσιωπη-

239 1760 434 1830 μένον,
471 1766 836 1836 χωρησάντων
882 1768 961 1829 εἰς
997 1765 1133 1838 ἔργα
1180 1767 1288 1820 τῶν
1340 1771 1827 1841 προηγορευμένων

235 1854 605 1926 σκυθρωπῶν,
652 1858 862 1913 πολλῶν
888 1877 946 1913 τε
982 1862 1189 1932 ἐχθρῶν
1229 1865 1322 1917 καὶ
1352 1864 1519 1916 ἐθνῶν
1548 1865 1827 1936 ἐπικειμέ-

231 1962 351 1999 νων
388 1947 482 1999 ua».
510 1947 876 2012 ὀνειδιζόντων
908 1952 1031 2015 τοὺς
1072 1953 1289 2017 δούλους
1328 1954 1420 2007 τοῦ
1462 1955 1596 2007 Θεοῦ
1640 1956 1728 2009 διὰ
1754 1957 1821 2010 τὰ

233 2038 660 2109 συμϐεϐηκότα,
706 2042 805 2112 τὴν
851 2044 991 2115 ὑπὲρ
1032 2045 1235 2099 τούτων
1290 2047 1454 2117 εὐχὴν
1508 2048 1821 2117 ἀναπέμπει

228 2126 402 2197 λέγον
424 2146 437 2160 ⁸
463 2130 798 2200 Μνήσθητι,
824 2136 1018 2202 Κύριε,
1042 2135 1148 2188 τοῦ
1173 2135 1513 2205 ὀνειδισμοῦ
1543 2137 1660 2189 τῶν
1686 2138 1823 2191 δού-

226 2225 368 2275 λων
404 2236 541 2277 σου.
607 2225 751 2279 Ἀντὶ
779 2226 895 2290 τοῦ,
950 2223 1031 2282 οὗ
1076 2227 1352 2297 ὑπέσχον
1388 2229 1456 2280 ἐν
1493 2228 1574 2294 τῷ
1618 2230 1823 2293 κόλπῳ

222 2332 359 2383 μου
389 2315 640 2369 πολλῶν
671 2316 882 2380 ἐθνῶν,
930 2320 1260 2391 σαφέστερον
1299 2323 1326 2374 ό
1367 2320 1594 2384 Ἀκύλας
1632 2322 1823 2387 ἐξέδω-

230 2422 340 2458 κεν
386 2403 580 2467 είπὼν,
623 2404 909 2473 Αἵροντός
946 2423 1066 2474 μου
1092 2407 1163 2459 ἐν
1200 2408 1404 2473 κόλπῳ
1453 2406 1649 2472 πάσας
1698 2407 1824 2461 ἀδι-

227 2498 380 2562 κίας
438 2496 637 2551 λαῶν·
686 2500 716 2550 ὁ
765 2498 823 2551 δὲ
879 2498 1195 2569 Σύμμαχος,
1240 2498 1574 2552 Ἐϐάστασα
1624 2500 1695 2552 ἐν
1744 2498 1823 2563 τῷ

226 2592 450 2656 κόλπῳ
465 2608 585 2659 μου
610 2589 852 2644 πάντων
884 2591 1003 2644 τῶν
1029 2592 1239 2645 ἐθνῶν.
1286 2594 1350 2644 Οἱ
1392 2592 1488 2663 μὲν
1513 2588 1604 2646 οῦν
1641 2592 1825 2647 ὀνειδι-

226 2682 463 2752 ζόμενοι
495 2684 544 2735 οί
580 2683 756 2736 δοῦλοί
788 2685 894 2736 είσι
932 2683 1024 2737 τοῦ
1060 2684 1227 2737 Θεοῦ·
1264 2685 1343 2737 διὸ
1386 2684 1623 2754 ἔφασκε·
1658 2684 1822 2751 Μνή-

224 2778 439 2842 σθητι,
485 2777 684 2843 Κύριε,
722 2776 829 2830 τοῦ
872 2776 1217 2846 ὀνειδισμοῦ
1255 2776 1374 2830 τῶν
1405 2776 1643 2831 δούλων
1666 2791 1782 2831 σου
1805 2794 1818 2809 ⁸

224 2869 285 2920 οἱ
332 2865 781 2930 δὲύνειδίζοντες
823 2868 872 2919 οί
916 2867 1099 2937 ἐχθροὶ
1140 2867 1235 2920 τοῦ
1260 2867 1430 2920 Θεοῦ·
1472 2867 1554 2920 διὸ
1582 2868 1823 2937 ἐπιλέγει

226 2959 389 3029 ἑξῆς,
421 2954 502 3015 Ob
532 2959 852 3014 ὠνείδισαν
880 2963 932 3013 ot
954 2960 1157 3028 ἐχθροί
1181 2975 1319 3026 σου,
1346 2962 1541 3028 Κύριε,
1570 2957 1640 3016 οὗ
1667 2961 1825 3015 ὠνεί-

224 3054 425 3105 δισαν
467 3050 533 3105 τὸ
573 3050 963 3121 ἀντάλλαγμα
1010 3051 1116 3105 τοῦ
1166 3051 1425 3120 Χριστοῦ
1483 3066 1619 3106 σου.
1662 3052 1721 3105 '0
1765 3053 1822 3105 δὲ

223 3140 412 3194 ταῦτα
436 3141 574 3213 πρὸς
596 3142 688 3194 τὸν
713 3142 844 3194 Θεὸν
873 3142 1046 3211 λέγων
1077 3143 1158 3213 είη
1188 3142 1253 3196 ἂν
1279 3143 1307 3195 ὁ
1336 3143 1599 3215 σωτήριος
1628 3144 1820 3211 Λόγος,

1920 594 2187 631 servorum
2228 587 2458 641 tuorum,
2508 578 2645 646 quod
2696 579 2930 631 continui
2978 580 3029 631 in
3064 581 3185 633 sinu
3216 596 3327 634 meo
3358 581 3496 635 mul-

1919 680 2093 723 tarum
2136 672 2363 740 gentium
2398 669 2576 738 :quod
2626 669 3068 737 exprobrauerunt
3136 671 3340 724 inimici
3393 671 3492 734 tui,

1918 762 2159 825 Domine,
2200 761 2338 831 quod
2379 761 2821 828 exprobrauerunt
2842 764 3306 817 commutationem
3339 762 3497 818 Chri-

1918 849 1985 901 sti
2015 848 2112 902 tui.
2145 846 2455 901 Benedictus
2492 847 2749 901 Dominus
2804 848 2856 900 in
2887 857 3183 914 a’ternum;
3215 850 3332 918 ﬁat,
3374 850 3490 918 ﬁat.

1918 935 1962 989 A
2008 937 2293 1006 praemisso
2340 936 2698 1006 diapsalmate
2751 935 2961 991 videtur
3024 939 3159 992 mihi
3210 939 3495 994 sententiae

1923 1028 2283 1081 mutationem
2332 1027 2606 1082 invectam
2641 1042 2781 1083 esse.
2824 1024 2960 1080 Nam
3009 1027 3247 1098 Spiritus
3275 1029 3494 1084 divinus

1922 1134 2023 1189 pro
2056 1120 2258 1190 populo
2289 1126 2543 1190 precatus
2581 1119 2635 1174 in
2660 1119 3059 1189 superioribus,
3103 1121 3373 1190 promissa
3400 1120 3490 1174 Dei

1922 1218 1983 1265 ut
2009 1211 2266 1265 eveniant
2301 1210 2404 1265 hoc
2430 1209 2577 1265 dicto
2607 1211 2866 1280 postulat,
2898 1209 2998 1265 Ubi
3038 1220 3158 1265 sunt
3196 1213 3495 1266 misericor-

1926 1301 2029 1356 dia:
2063 1312 2168 1356 tute
2214 1305 2469 1372 antiquae,
2522 1301 2790 1358 Domine?
2839 1311 2997 1372 rogat
3046 1310 3226 1357 autem
3287 1312 3345 1357 ut
3382 1304 3493 1373 jam

1923 1395 2179 1449 eveniant
2236 1395 2521 1449 meliorum
2573 1395 2787 1450 illorum
2823 1395 3238 1465 complementa,
3264 1396 3497 1465 quzeju—

1926 1487 2065 1539 tavit
2100 1485 2244 1541 Deus
2277 1485 2451 1540 David
2500 1486 2554 1540 in
2583 1486 2814 1542 veritate
2844 1502 2964 1543 sua.
3008 1486 3213 1543 Deinde
3242 1496 3497 1559 precatur

1926 1588 1985 1631 ut
2028 1593 2235 1633 memor
2281 1578 2353 1634 sit
2399 1579 2680 1648 opprobrii
2722 1594 3001 1633 servorum
3057 1594 3305 1635 suorum.
3360 1579 3495 1633 Nam

1928 1670 2085 1738 quasi
2107 1670 2245 1739 jam,
2270 1681 2329 1724 ut
2361 1670 2532 1724 tacite
2557 1670 2786 1739 iudicat,
2811 1671 2989 1726 tristia
3028 1672 3117 1725 illa
3146 1672 3301 1743 prius
3333 1687 3500 1727 enun-

1928 1762 2076 1826 tiata,
2104 1777 2268 1832 opere
2309 1760 2547 1830 perfecta
2579 1762 2711 1826 sint,
2747 1778 2872 1817 eum
2905 1762 3112 1817 inimici
3136 1763 3292 1817 multi
3334 1772 3387 1817 et
3410 1780 3499 1835 po-

1930 1854 2040 1922 puli
2068 1852 2291 1917 instent,
2320 1859 2375 1907 et
2407 1867 2594 1907 servos
2636 1852 2729 1909 Dei
2772 1860 2994 1924 propter
3032 1870 3094 1909 ea
3137 1870 3258 1925 quae
3287 1855 3499 1910 accido-

1927 1953 2049 1999 rant
2075 1946 2390 2017 opprobriis
2419 1954 2669 2011 onerent,
2702 1962 2801 2017 pro
2834 1947 2943 2003 illis
2977 1946 3073 2003 Dei
3118 1947 3337 2004 famulis
3373 1965 3498 2009 ora-

1925 2041 2125 2095 tionem
2154 2040 2351 2095 emittit
2380 2039 2570 2094 dicens
2596 2058 2607 2093 :
2646 2039 2847 2094 Memor
2877 2050 3008 2105 esto,
3039 2039 3276 2104 Domine,
3308 2056 3497 2109 oppro-

1924 2132 2025 2184 brii
2047 2148 2317 2186 seruorum
2349 2142 2582 2187 tuorum.
2614 2134 2724 2186 Pro
2773 2132 2868 2187 illo
2894 2140 3100 2199 autem,
3132 2132 3287 2198 Quod
3330 2134 3490 2186 conti-

1924 2224 2016 2276 nui
2046 2224 2098 2277 in
2129 2225 2248 2278 sinu
2286 2240 2399 2277 meo
2453 2224 2745 2277 multarum
2771 2226 3025 2294 gentium,
3061 2225 3268 2281 clarius
3303 2224 3497 2294 Aquila

1924 2314 2093 2369 edidit
2128 2314 2338 2378 dicens,
2370 2314 2458 2369 Me
2486 2317 2681 2384 ferente
2718 2318 2771 2370 in
2796 2319 2915 2371 sinu
2964 2334 3142 2371 omnes
3193 2318 3497 2388 iniquitates

1921 2407 2275 2475 populorum;
2313 2407 2674 2477 Symmachus
2722 2416 2925 2473 autem,
2976 2408 3100 2462 Tuti
3135 2410 3190 2463 in
3230 2410 3349 2463 sinu
3386 2427 3499 2463 meo

1924 2503 2158 2554 omnium
2188 2500 2444 2570 gentium.
2479 2498 2583 2566 Qui
2610 2501 2795 2570 itaque
2819 2500 3129 2570 Opprobriis
3163 2499 3494 2563 afﬁciuntur,

1925 2592 2067 2647 servi
2102 2591 2196 2647 Dei
2227 2600 2357 2647 sunt
2383 2610 2396 2645 :
2427 2607 2598 2663 quare
2618 2592 2853 2656 dicebat,
2871 2591 3073 2646 Memor
3092 2602 3224 2654 esto,
3253 2590 3496 2654 Domine,

1925 2683 2190 2753 opprobrii
2222 2700 2491 2737 servorum
2543 2692 2789 2747 tuorum;
2827 2683 2920 2752 qui
2973 2690 3153 2737 autem
3203 2683 3497 2753 opprobria

1925 2775 2189 2839 inferunt,
2221 2782 2349 2829 sunt
2385 2774 2594 2828 inimici
2640 2773 2735 2829 Dei
2765 2794 2777 2828 :
2814 2775 3169 2845 quamobrem
3218 2774 3500 2844 subiungit

1924 2878 2131 2938 postea,
2166 2865 2319 2932 Quod
2357 2866 2806 2935 exprobrauerunt
2854 2865 3057 2918 inimici
3104 2865 3202 2928 tui,
3254 2863 3496 2929 Domine,

1923 2960 2061 3032 quod
2109 2959 2558 3026 exprobrauerunt
2616 2958 3083 3011 commutationem
3134 2955 3340 3011 Christi
3399 2958 3494 3010 tui.

1923 3053 2028 3119 Qui
2052 3060 2232 3106 autem
2266 3052 2382 3105 hare
2421 3050 2532 3104 Deo
2564 3050 2717 3114 dicit,
2747 3050 2983 3105 salutare
3033 3048 3274 3104 Verbum
3311 3047 3497 3111 fuerit,

1924 3146 2073 3215 quod
2120 3145 2178 3199 in
2227 3145 2351 3200 sinu
2426 3160 2527 3200 suo
2572 3144 2890 3213 iniquitates
2944 3142 3267 3213 populorum
3336 3142 3497 3196 tollit.

224 3235 260 3284 ὁ
302 3234 472 3303 αῐρων
500 3235 559 3287 ἐν
591 3232 668 3303 τῷ
710 3234 906 3296 ἑαυτοῦ
936 3233 1121 3303 κόλπῳ
1150 3234 1250 3298 τὰς
1274 3235 1489 3298 ἀδικίας
1516 3236 1625 3290 τῶν
1654 3236 1813 3289 λαῶν.

1926 3234 2291 3291 Commutatio
2321 3244 2501 3289 autem
2537 3234 2743 3291 Christi
2794 3247 2903 3303 quo
2942 3247 3107 3287 sensu
3139 3232 3283 3287 dicta
3314 3230 3498 3296 fuerit,

242 3320 635 3391 Ἀντάλλαγμα
668 3321 726 3374 δὲ
764 3322 859 3375 τοῦ
887 3323 1126 3395 Χριστοῦ
1158 3325 1306 3388 ὅπως
1333 3326 1568 3398 εἴρηται,
1610 3329 1820 3398 νοήσεις

226 3410 354 3465 ἀπὸ
399 3412 499 3483 τῆς
541 3412 635 3466 τοῦ
681 3415 979 3486 Συμμάχου
1026 3417 1342 3487 ἑρμηνείας,
1375 3418 1440 3471 δι’
1486 3415 1553 3491 ἧς
1585 3420 1816 3491 εἴρηται,

232 3499 333 3559 Οὗ
365 3503 688 3558 ὠνείδισαν
717 3508 790 3561 τὰ
815 3506 953 3575 ἴχνη
983 3508 1089 3561 τοῦ
1112 3509 1368 3575 Χριστοῦ
1399 3526 1537 3566 σου.
1568 3511 1679 3582 Τὴν
1711 3513 1822 3583 γὰρ

229 3595 473 3666 πορείαν
504 3595 595 3649 τοῦ
628 3597 864 3668 Χριστοῦ
908 3598 1000 3651 τοῦ
1038 3598 1174 3653 Θεοῦ
1226 3600 1320 3654 καὶ
1359 3600 1457 3672 τὴν
1484 3602 1603 3654 ὁδὸν
1655 3602 1821 3655 αὐτοῦ

226 3691 343 3763 τὴν
374 3691 513 3746 κατὰ
542 3693 601 3746 τὸ
632 3693 824 3757 πάθος,
852 3694 922 3756 τά
951 3711 1011 3747 τε
1040 3695 1159 3764 ίχνη
1193 3695 1294 3763 τῆς
1323 3696 1464 3749 κατά
1493 3697 1585 3749 τὸν
1617 3696 1824 3768 ἀνθρώ-

232 3801 399 3837 πινον
434 3783 547 3854 βίον
591 3785 921 3855 οἰκονομίας,
965 3785 1155 3838 τοῦτον
1199 3785 1418 3856 ᾐνίξατο
1461 3788 1552 3840 τὸν
1599 3788 1819 3857 τρόπον.

230 3875 431 3929 Ταῦτα
471 3876 580 3948 γὰρ
610 3877 863 3929 εἰώθασιν
911 3875 1187 3939 ὀνειδίζειν
1228 3878 1359 3947 ἡμῖν
1402 3878 1451 3929 οἱ
1496 3876 1680 3947 ἐχθροὶ
1728 3876 1822 3928 τοῦ

231 3969 403 4023 Θεοῦ.
462 3969 622 4022 Ἀλλὰ
676 3969 784 4041 γὰρ
836 3969 912 4033 ὼς
960 3967 1317 4031 ἐπακουσθεὶς
1372 3968 1469 4022 καὶ
1529 3968 1825 4029 πιστεύσας

232 4060 530 4124 τεύξεσθαι
554 4060 661 4114 τῶν
693 4061 890 4131 εὐχῶν,
920 4060 1145 4125 ἐλπίσας
1186 4078 1245 4112 τε
1346 4060 1507 4129 τάχος
1537 4060 1824 4128 ἐπιστήσε-

236 4153 374 4207 σθαι
407 4153 505 4216 τὰς
531 4154 666 4225 πρὸς
689 4154 780 4206 τὸν
809 4152 970 4206 Δαυῖδ
999 4152 1324 4223 ἐπαγγελίας
1352 4153 1445 4205 τοῦ
1475 4153 1630 4216 Θεοῦ,
1654 4153 1714 4205 τὸ
1741 4153 1828 4205 τέ-

236 4246 338 4307 λος
364 4242 457 4296 τοῦ
484 4243 683 4305 παντὸς
714 4242 871 4310 λόγου
907 4241 994 4295 διὰ
1022 4242 1122 4311 τῆς
1165 4240 1510 4311 εὐχαριστίας
1541 4240 1636 4292 καὶ¹
1678 4239 1828 4291 εὐλο-

241 4336 375 4403 γίας
403 4333 854 4406 ἐπισφραγίςεται
885 4333 1086 4401 λέγων·
1123 4330 1467 4401 Εὐλογητὸς
1503 4332 1715 4398 Κύριος
1741 4332 1826 4395 είς

242 4433 357 4481 τὸν
385 4426 571 4482 αἰῶνα
588 4444 602 4458 ’
629 4428 776 4497 ἡμᾶς
801 4444 860 4478 τε
878 4425 1115 4479 διδάσκει
1145 4423 1582 4495 προσυπακούειν
1606 4424 1687 4486 τὸ,
1720 4422 1829 4475 Γέ⁸

243 4535 432 4583 νοιτο,
463 4517 713 4587 γένοιτο,
743 4519 879 4590 ὅπερ
902 4515 1323 4587 ἐστὶνἙϐραῖκὴ
1348 4515 1497 4585 φωνὴ
1514 4514 1611 4585 (1),
1631 4512 1826 4583 Ἀμὴν,

1922 3342 1989 3383 ex
2024 3327 2335 3399 Symmachi
2379 3326 2830 3395 interpretatione
2873 3324 3164 3395 intelliges,
3214 3339 3321 3393 qua
3367 3322 3501 3377 dici—

1923 3428 2034 3485 tur,
2066 3420 2219 3487 Quod
2250 3420 2693 3490 exprobrauerunt
2724 3418 2940 3487 uestigia
2969 3415 3167 3473 Christi
3197 3417 3296 3471 tui.
3327 3416 3504 3470 Inces-

1924 3526 2047 3567 sum
2092 3512 2236 3566 enim
2290 3511 2498 3567 Christi
2533 3509 2627 3565 Dei
2672 3518 2727 3564 et
2767 3510 2913 3564 viam
2952 3509 3071 3578 ejus
3110 3509 3166 3562 in
3220 3507 3499 3578 passione,

1924 3603 2153 3675 vestigia
2196 3604 2326 3659 item
2358 3603 2413 3657 in
2436 3603 2690 3658 humana:
2716 3602 2841 3656 vitae
2895 3617 3009 3656 suae
3041 3599 3369 3663 oeconomia,
3399 3599 3503 3653 hac

1925 3697 2138 3752 ratione
2174 3695 2561 3752 subindicavit.
2605 3694 2731 3749 Haec
2781 3694 2926 3749 enim
2969 3692 3302 3761 exprobrare
3342 3690 3505 3747 nobis

1926 3785 2103 3840 solent
2137 3784 2342 3838 inimici
2374 3783 2490 3838 Dei.
2515 3782 2716 3837 Verum
2752 3784 2840 3836 ille
2866 3782 3020 3851 quasi
3044 3780 3351 3843 exauditus,
3384 3793 3501 3834 cer-

1926 3886 2125 3947 tusque
2186 3891 2245 3931 se
2298 3883 2421 3929 vota
2469 3882 2917 3939 consecuturum,
2964 3886 3027 3925 ac
3061 3884 3288 3941 sperans
3338 3885 3501 3941 quam

1927 3966 2163 4036 primum
2192 3964 2494 4036 implendas
2520 3979 2641 4018 esse
2663 3962 2758 4017 Dei
2791 3962 2857 4017 ad
2880 3962 3136 4018 Davidem
3174 3960 3347 4017 factas
3374 3974 3503 4032 pro-

1928 4058 2241 4121 missiones,
2261 4056 2536 4114 sermonis
2567 4057 2736 4111 totius
2770 4056 2930 4110 tinem
2960 4057 3260 4126 gratiarum
3290 4054 3504 4108 actione

1926 4160 1982 4207 et
2009 4149 2389 4206 benedictione
2423 4150 2677 4221 obsignat
2708 4150 2922 4212 dicens,
2959 4146 3277 4202 Benedictus
3319 4145 3505 4199 Domi—

1929 4260 2026 4299 nus
2050 4246 2103 4297 in
2129 4253 2385 4297 wternum
2402 4257 2419 4295 :
2438 4258 2651 4313 nosque
2668 4242 2861 4297 edocet
2889 4240 3327 4311 respondendum
3354 4253 3500 4299 esse,

1930 4334 2083 4401 Fiat,
2120 4336 2238 4405 ﬁat,
2270 4334 2415 4405 quod
2446 4333 2713 4389 Hebraica
2767 4348 2901 4387 voce
2949 4341 3053 4397 est,
3088 4332 3276 4395 Amen,
3329 4346 3500 4385 amen.

1930 4427 2007 4485 De
2039 4427 2394 4496 diapsalmate
2433 4442 2561 4481 vero
2583 4424 2727 4495 quod
2746 4426 3064 4495 plerumque
3088 4422 3370 4485 inseritur,
3388 4421 3504 4476 haec

1932 4518 2161 4574 dicenda
2193 4526 2342 4573 sunt.
2365 4515 2549 4570 Prima
2581 4515 2676 4571 Dei
2730 4514 3023 4585 promissio
3072 4512 3230 4568 initio
3270 4512 3503 4582 prolata,

245 4609 432 4679 ἀμήν.
479 4610 613 4680 Περὶ
643 4610 699 4661 δὲ
739 4609 831 4661 τοῦ
878 4608 1266 4679 διαψάλματος,
1316 4607 1575 4670 πολλάκις
1628 4604 1823 4677 μεταξὺ

1932 4618 2071 4672 erat,
2099 4607 2353 4677 Disposui
2373 4615 2759 4667 testamentum,
2783 4612 2857 4668 et,
2878 4602 3068 4656 Juraui
3098 4600 3292 4665 Dauid,
3321 4609 3377 4655 et
3403 4616 3503 4656 ca:-

247 4702 603 4774 παρεμὸεϐλη
614 4702 795 4772 μένου,
833 4702 1004 4755 ταῦτα
1030 4703 1266 4755 λεκτέον.
1285 4701 1349 4754 Ἡ
1378 4699 1567 4771 πρώτη
1591 4702 1830 4769 ἐπαγγε-

246 4793 340 4845 λία
374 4793 466 4846 τοῦ
495 4794 631 4846 Θεοῦ
671 4795 729 4847 ἐν
769 4796 910 4865 ἀρχῇ
946 4794 1198 4864 λεχθεῖσα
1240 4797 1504 4865 περιεῖχε,
1545 4792 1827 4861 Διεθέμην

249 4885 565 4955 διαθήκην,
585 4888 701 4952 καὶ,
723 4889 953 4957 Ὠμοσα
976 4886 1175 4949 Δαυϊδ,
1204 4887 1299 4939 καὶ
1328 4886 1399 4939 τὰ
1428 4886 1571 4955 ὲξῆς·
1594 4882 1709 4937 εἶτα
1734 4885 1827 4937 τοῦ

249 4978 618 5050 διαψάλματος
668 4980 1085 5050 παρατεθέντος,
1125 4976 1447 5049 μεταϐαλὼν
1493 4980 1522 5030 ὁ
1570 4976 1725 5045 λόγος
1765 4974 1829 5028 τὸ

254 5070 559 5138 πρόσωπον,
589 5070 865 5139 ἐπιλέγει·
904 5070 1477 5141 Ἐξομολογήσονται
1504 5072 1557 5123 οἱ
1583 5069 1826 5136 οὐρανοὶ

253 5163 328 5216 τὰ
362 5160 664 5232 θαυμάσιά
699 5178 847 5217 σουο
884 5152 995 5216 καῖ’
1024 5165 1207 5227 πάλιν,
1255 5162 1587 5231 ἐπαγγελίας
1620 5162 1828 5232 λεχθεί-

257 5267 356 5320 σης
402 5252 466 5304 ἐκ
508 5251 798 5323 προσώπου
844 5252 938 5303 τοῦ
968 5252 1104 5305 Θεοῦ
1150 5253 1249 5322 τῆς
1290 5254 1397 5305 ἀπὸ
1428 5252 1544 5314 τοῦ,
1584 5251 1828 5320 Ἐθέμην

251 5344 540 5413 ,βοήθειαν
568 5347 664 5399 ἐπὶ
694 5344 976 5408 δυνατὸν,
1006 5346 1165 5416 μέχρι
1199 5345 1315 5408 τοῦ,
1357 5346 1456 5399 καὶ
1495 5345 1725 5413 μάρτυς
1759 5345 1828 5397 ἐν

258 5439 489 5506 οὐρανῷ
522 5438 756 5504 πιστὸς.
798 5439 957 5492 πάλιν
984 5438 1076 5491 τοῦ
1109 5438 1477 5508 διαψάλματος
1512 5437 1827 5508 παρεμϐλη-

260 5527 459 5592 θέντος,
507 5529 828 5598 μεταϐάλλει
865 5530 963 5600 τὴν
993 5530 1228 5582 διάνοιαν
1257 5531 1287 5580 ὁ
1311 5528 1485 5597 λόγος,
1519 5529 1612 5580 καί
1655 5544 1788 5596 φησι
1810 5542 1822 5555 ⁸

264 5621 342 5673 Σὺ
388 5621 456 5674 δὲ
495 5620 715 5675 ἀπώσω
760 5624 855 5674 καὶ
898 5621 1336 5686 ἐξουδένωσας,
1386 5621 1683 5673 ἀνεϐάλου
1722 5617 1827 5670 τὸν

262 5713 515 5779 Χριστόν
558 5728 693 5765 σου.
748 5708 901 5775 Εἶτα,
948 5711 1227 5778 διεξελθὼν
1270 5712 1338 5765 τὰ
1380 5709 1824 5781 σκυθρωπότερα,

1933 4709 2067 4753 tera.
2101 4697 2324 4765 Deinde,
2349 4697 2596 4767 apposito
2622 4694 2998 4764 diapsalmate,
3030 4698 3237 4747 mutata
3273 4705 3507 4760 persona

1932 4790 2301 4861 subjuugitur,
2340 4787 2743 4857 Conﬁtebuntur
2783 4784 2897 4837 caeli
2934 4782 3204 4837 mirabilia
3248 4792 3343 4835 tua
3389 4798 3404 4836 :
3441 4796 3507 4834 ac

1938 4898 2182 4946 rursum,
2229 4883 2595 4953 promissione
2626 4896 2694 4934 ex
2728 4892 2962 4947 persona
2995 4876 3090 4931 Dei
3125 4874 3290 4940 facta,
3322 4875 3392 4929 ab
3420 4873 3506 4928 his

1931 4976 2134 5042 verbis,
2161 4974 2327 5029 Posui
2350 4973 2679 5043 adjutorium
2696 4972 2751 5026 in
2780 4979 3006 5039 potente,
3042 4983 3220 5039 usque
3249 4968 3316 5021 ad
3348 4964 3504 5031 illud,

1929 5078 1979 5123 et
2014 5070 2160 5123 testis
2188 5069 2242 5121 in
2265 5068 2392 5121 caelo
2424 5066 2619 5136 ﬁdelis,
2659 5078 2881 5119 rursum
2921 5060 3248 5130 interposito
3271 5056 3509 5128 diapsal-

1929 5169 2093 5223 mate,
2130 5159 2401 5215 sententia
2446 5163 2691 5211 mutatur
2720 5169 2785 5207 ac
2816 5152 3039 5217 dicitur,
3080 5150 3161 5205 Tu
3200 5165 3319 5204 uero
3366 5161 3510 5216 repu-

1932 5252 2042 5305 listi
2064 5261 2113 5305 et
2147 5249 2451 5320 despexisti,
2484 5245 2714 5316 rejecisti
2740 5243 3013 5298 Christum
3045 5250 3215 5295 tuum.
3253 5239 3366 5293 Sub
3394 5239 3509 5293 btet:

1928 5343 2202 5400 enarratis
2254 5340 2612 5402 tristioribus,
2648 5350 2872 5391 rursum
2929 5332 3232 5403 diapsalma
3290 5328 3507 5391 inserit,

1932 5435 2349 5503 doctrinamque
2405 5438 2581 5484 mutat
2628 5429 2851 5491 dicens,
2915 5424 3210 5495 Usquequo,
3261 5421 3504 5484 Domine,

1934 5534 2133 5580 avertes
2184 5524 2241 5575 in
2277 5521 2478 5590 ﬁnem?
2510 5527 2564 5572 et
2596 5517 2797 5571 emissa
2834 5515 3108 5581 oratione,
3158 5513 3352 5566 iterum
3383 5511 3504 5564 dia-

1932 5618 2197 5688 psalmate
2216 5612 2539 5682 interposito
2573 5610 2764 5672 utitur,
2789 5623 2852 5661 ac
2883 5605 3088 5671 subdit,
3126 5604 3224 5658 Ubi
3254 5612 3377 5658 sunt
3409 5603 3506 5655 mi-

1934 5707 2231 5763 sericordia:
2254 5715 2358 5759 tua:
2388 5704 2639 5771 antiquw,
2668 5698 2931 5755 Domine?
2962 5705 3168 5753 mutata
3217 5692 3506 5757 sententia,

252 5850 257 5877 ε
334 5806 409 5877 (Ι)
441 5806 719 5875 lntcrpres
749 5806 899 5877 legit,
944 5816 1001 5861 ut
1028 5807 1260 5863 videtur.
1331 5804 1591 5875 Ἐὅραῖκῇ
1625 5807 1796 5873 φωνῇ.

1926 5821 1994 5857 IT.
