3830 6288
477 271 621 331 “23

1118 269 1387 330 EUSEBII
1425 273 1909 333 CESARIENSIS
1947 275 2097 333 OPP.
2139 275 2319 333 PARS
2354 275 2442 336 Ill.
2479 308 2552 322 —
2581 279 2996 338 'EXEGETICA.

3519 296 3614 353 Ilii

477 401 533 448 et
565 394 836 448 revocatis
867 407 1140 464 priortnus
1176 395 1332 450 initio
1376 396 1603 467 prolatis
1639 397 1737 452 Dei
1779 397 2018 467 pollicita

2154 399 2310 453 πάλιν
2338 400 2576 472 ἐντίθησι
2604 403 2664 455 τὸ
2709 402 3003 474 διάψαλμα,
3035 404 3128 456 καὶ
3177 405 3453 462 ἐναλλάττει
3472 412 3546 481 τὴν
3565 416 3617 467 δι-

476 479 739 552 tionibus,
790 486 864 540 ita
903 493 962 539 ut
1013 485 1371 557 diapsalmata
1426 488 1689 543 rationem
1749 488 2022 558 quamdau

2145 490 2437 545 δασκαλίαν
2464 493 2685 561 φάσκων
2710 511 2720 522 ·
2751 494 2894 560 Ἕως
2914 497 3078 558 πότε,
3101 497 3290 562 Κύριε,
3311 479 3619 570 ἀποστρέψεις

476 578 696 632 servent
725 591 788 631 ac
843 586 1107 632 mutatam
1157 580 1479 635 sententiam
1527 581 1611 634 vel
1648 595 1936 650 personam
1972 581 2048 636 si-

473 664 755 741 gnificent.
787 668 899 724 Hoc
927 685 1090 740 porro
1138 671 1288 726 dicas
1331 673 1396 726 de
1442 672 1697 726 omnibus
1742 672 2046 742 psalmisin

473 763 675 834 quibus
723 763 1025 833 diapsalma
1079 763 1302 820 fertur:
1342 764 1468 819 nam
1513 772 1607 820 aut
1654 781 1902 837 personae
1953 773 2046 821 aut

473 857 761 910 sententiae
816 857 1171 912 mutationem
1224 856 1467 912 declarat
1510 877 1523 912 :
1575 858 1869 930 aliquando
1914 875 2045 914 vero

472 945 755 1002 Hebraicaa
783 948 1029 1003 melodis:
1059 951 1472 1005 conversionem
1505 958 1678 1005 notat.
1708 951 1903 1022 Aquila
1936 967 2041 1006 au-

471 1046 580 1094 tem
632 1055 901 1110 nusquam
939 1040 1296 1111 diapsalmate
1339 1043 1545 1110 utitur;
1589 1041 1684 1098 sed
1712 1043 2042 1098 omnibusin

472 1131 609 1188 locis
635 1133 753 1188 vice
782 1133 950 1198 illius,
979 1133 1326 1202 interpretari
1349 1135 1504 1200 solet,
1525 1151 1745 1203 semper.
1761 1135 1917 1201 Quod
1947 1151 2046 1190 no-

470 1223 556 1280 bis
585 1225 948 1294 ignorandum
979 1239 1089 1278 non
1119 1233 1258 1278 erat.
1289 1225 1346 1279 lu
1385 1226 1478 1280 illo
1511 1234 1691 1281 autem
1726 1225 1896 1281 totius
1929 1241 2046 1280 ser-

469 1314 648 1367 monis
673 1329 772 1368 ceu
805 1314 1004 1384 sigillo,
1053 1312 1364 1368 Benedictus
1397 1313 1656 1369 Dominus
1687 1315 1741 1368 in
1767 1324 2040 1382 aeternum,

468 1406 588 1474 ﬁat,
618 1407 750 1475 fiat;
799 1406 1100 1462 secundum
1151 1409 1424 1479 Aquilam,
1475 1423 1573 1478 pro
1606 1408 1698 1462 illo
1743 1406 1891 1472 Fiat,
1922 1409 2040 1477 ﬁat,

466 1499 669 1569 legitur
697 1496 978 1566 Fideliter,
1011 1499 1276 1568 ﬁdeliter;
1321 1501 1622 1556 secundum
1655 1498 2040 1571 Symmachum

465 1604 618 1655 vero,
646 1591 874 1660 perinde
906 1603 1068 1662 atque
1094 1592 1150 1647 in
1202 1590 1469 1648 Hebraico
1498 1592 1816 1662 exemplari,
1853 1592 2038 1656 Amen,

465 1696 637 1736 amen.

2149 583 2236 647 εὶς
2267 581 2469 649 τέλος;
2499 584 2592 636 καὶ
2620 584 2719 654 τὴν
2750 585 2910 656 εὐχὴν
2936 587 3278 658 ἀναπέμψας,
3310 591 3447 643 πάλιν
3472 594 3613 664 apte.

2148 673 2388 744 ψάλματι
2423 675 2623 745 μεταξὺ
2649 677 2934 747 κέχρηται,
2974 678 3068 730 καὶ
3102 679 3369 747 ἐπιλέγει·
3397 684 3501 735 Ποῦ
3533 687 3620 738 ἐστι

2148 765 2219 820 τὰ
2265 767 2404 835 ἐλέη
2450 784 2565 820 σου
2607 771 2677 822 τὰ
2719 768 2934 836 ἀρχαῖα
2955 811 2972 832 .,
3013 771 3217 837 Κύριε
3256 771 3526 841 μεταϐαλὼν
3557 777 3620 848 τὴν

2145 858 2380 914 διάνοιαν
2425 861 2518 914 καὶ
2565 861 2996 933 ἀνακαλούμενος
3043 863 3141 926 τὰς
3183 863 3388 934 πρώτας
3424 867 3501 919 τοῦ
3532 871 3623 922 Θεοῦ

2149 949 2495 1019 ἐπαγγελίας,
2547 951 2646 1013 τὰς
2695 953 2752 1002 ὲν
2807 953 2949 1024 ἀρχῇ
3000 952 3306 1024 λεχθείσας·
3357 955 3476 1008 ὥστε
3520 957 3625 1027 λόγον

2147 1039 2290 1111 ἔχειν
2319 1042 2440 1094 τινὰ
2481 1043 2574 1095 καὶ
2602 1042 2671 1095 τὰ
2704 1043 3050 1115 διαψάλματα
3086 1046 3379 1116 μεταϐολῆς
3404 1049 3625 1123 διανοίαςῆ

2147 1129 2434 1202 προσώπου
2464 1133 2762 1204 ἐναλλαγῆς
2791 1133 2856 1187 δι’
2884 1135 3059 1188 αὐτῶν
3093 1153 3156 1206 cr,
3167 1138 3486 1209 μαινομένης.
3512 1142 3628 1194 Τοῦτό

2141 1223 2200 1276 δὲ
2231 1223 2323 1276 ἐπὶ
2356 1224 2570 1278 πάντων
2613 1228 2760 1297 ἐρεῖς
2791 1227 2895 1279 τῶν
2932 1227 3156 1297 ψαλμῶν
3189 1231 3247 1281 ἐν
3290 1225 3368 1293 οἷς
3394 1231 3572 1301 φέρεται
3590 1237 3631 1285 τὺ

2142 1312 2448 1384 διάψαλμα·
2480 1315 2512 1384 ἢ
2548 1315 2654 1387 γὰρ
2688 1315 2777 1368 τοῦ
2813 1317 3101 1390 προσώπου
3135 1321 3444 1389 παρίστησιν
3469 1323 3630 1375 ἐναλλα-

2144 1406 2247 1476 γὴν
2289 1406 2322 1477 ἢ
2357 1407 2455 1478 τῆς
2497 1407 2732 1471 διανοίας
2755 1425 2769 1440 ο
2805 1407 2919 1462 ἐστι
2963 1410 3008 1463 δ’
3051 1413 3139 1464 ὅτε
3184 1412 3277 1464 καὶ
3312 1413 3544 1482 μεταὸολὴ
3566 1416 3633 1484 τῆς

2143 1498 2282 1552 κατά
2323 1499 2384 1550 τὸ
2433 1499 2715 1570 Ἐὁραῖκον
2764 1499 3044 1572 μελῳδίας.
3096 1502 3158 1554 Ὂ
3206 1519 3269 1570 γε
3317 1504 3408 1574 μὴν
3479 1503 3633 1566 Atriis;

2141 1587 2376 1658 οὐδαμοῦ
2421 1588 2685 1658 κέχρηται
2721 1588 2798 1660 τῷ
2845 1589 3170 1662 διαψάλματι
3194 1609 3208 1622 ·
3259 1593 3375 1645 ἀντὶ
3413 1592 3463 1646 δὲ
3502 1593 3635 1646 τούτω

2072 1679 2115 1734 Β
2143 1683 2200 1734 ἐν
2228 1682 2360 1734 πᾶσι
2386 1683 2498 1744 τοῖς
2519 1681 2705 1746 τόποις
2734 1682 2922 1736 εἴωθεν
2946 1684 3267 1755 ἑρμηνεύειν
3293 1684 3368 1748 τὸ,
3391 1685 3489 1737 ἀεί.
3513 1687 3636 1755 Ὅπερ

461 1771 629 1841 ἐχρῆν
657 1773 803 1842 ἡμᾶς
835 1773 907 1844 μὴ
943 1775 1173 1842 ἀγνοεῖν.
1205 1773 1278 1826 re
1309 1773 1366 1828 δὲ
1395 1773 1810 1846 ἐπισφράγισμα
1836 1773 2036 1835 παντὸς
2059 1770 2154 1824 τοῦ
2185 1769 2344 1839 λόγου
2376 1771 2456 1835 τὸ,
2486 1772 2826 1841 Εὐλογητὸς
2847 1774 3059 1842 Κύριος
3084 1777 3172 1841 εὶς
3213 1775 3320 1828 τὸν
3362 1777 3539 1839 αἰῶνα,
3576 1779 3638 1848 τέ-

459 1880 641 1928 νοιτο,
693 1865 944 1935 γένοιτο,
999 1867 1142 1920 κατά
1188 1867 1286 1938 μὲν
1331 1867 1423 1920 τὸν
1475 1866 1703 1920 Ἀκύλαν
1754 1866 1875 1919 ἀντὶ
1919 1863 2036 1927 τοῦ,
2069 1863 2334 1926 Γένοιτο,
2381 1862 2632 1932 γένοιτο,
2687 1865 3170 1935 Πεπιστωμένως,
3224 1869 3634 1938 πεπιστωμέιυς,

460 1957 750 2028 περιέχει·
819 1959 960 2012 κατά
1020 1959 1076 2012 δὲ
1139 1961 1230 2012 τὸν
1291 1958 1583 2030 Σύμμαχον
1611 1998 1626 2023 ,
1695 1958 1896 2030 ὁμοίως
1953 1953 2030 2026 τῷ
2071 1953 2364 2027 Ἐὁραῖκῷ,
2400 1953 2576 2024 Ἀμὴν
2603 1955 2700 2008 καὶ
2735 1956 2917 2026 ἀμήν.

730 2076 783 2130 1.
838 2075 1122 2130 LXXXIX.
1149 2074 1410 2131 ORATIO
1449 2075 1725 2132 MOYSIS.

531 2167 773 2225 V5353.
815 2168 1054 2238 Domine,
1088 2172 1350 2242 refugium
1380 2172 1554 2242 [artus
1586 2189 1639 2225 es
1679 2171 1828 2226 nobis
1857 2173 1910 2225 in
1947 2187 2033 2241 ge-

459 2262 732 2317 neratione
765 2271 814 2316 et
847 2265 1202 2332 generatione.
1243 2262 1565 2334 Priusquam
1611 2273 1809 2317 montes
1843 2264 2031 2332 ﬁrma-

458 2364 662 2415 rentur,
697 2363 788 2407 aut
836 2354 1160 2422 {armaretur
1205 2365 1346 2409 terra
1375 2365 1425 2409 et
1458 2355 1621 2418 orbis,
1670 2364 1718 2408 et
1775 2371 1806 2406 a
1837 2353 2030 2407 swculo

457 2462 620 2516 usque
645 2447 700 2499 in
742 2447 994 2498 saeculum
1026 2454 1079 2498 tu
1107 2462 1183 2511 es,
1213 2444 1375 2499 Deus.
1416 2445 1511 2501 liis
1555 2447 1849 2501 edocemur
1890 2446 2029 2500 divi-

458 2555 591 2594 num
645 2539 868 2609 quidem
913 2537 1128 2593 Numen
1172 2547 1492 2610 perpetuum
1539 2547 1593 2594 et
1641 2539 2030 2607 sempiternum

455 2646 599 2686 esse.
635 2630 770 2684 Nam
800 2631 893 2701 qui
926 2631 1084 2698 dixit,
1107 2631 1246 2685 Deus
1274 2647 1364 2701 ego
1384 2647 1523 2696 sum,
1548 2631 1637 2702 qui
1665 2646 1865 2700 semper
1889 2647 2026 2694 sum,

453 2733 504 2777 et
533 2723 674 2776 idem
704 2739 844 2788 sum,
877 2731 928 2776 et
961 2723 1015 2775 in
1064 2722 1278 2792 inﬁnita
1313 2722 1512 2776 swcula
1556 2737 1858 2788 permaneo,
1891 2737 2031 2775 nun-

453 2829 623 2883 quam
654 2821 904 2867 naturam
934 2821 1108 2867 mutat
1137 2829 1314 2868 suam.
1332 2811 1444 2868 Nos
1466 2822 1667 2878 autem,
1693 2813 1784 2884 qui
1814 2813 1867 2866 in
1901 2820 2030 2866 tem-

454 2920 588 2976 pore
630 2905 698 2959 ad
746 2906 913 2960 vitam
941 2905 1274 2970 accedimus,
1321 2904 1580 2959 torrentis
1633 2903 1807 2958 instar
1855 2903 2029 2958 efﬂui-

453 3011 618 3051 mus:
663 2997 924 3065 quoniam
969 2996 1271 3052 secundum
1323 2992 1693 3058 Salomonem,
1748 2992 2027 3048 Generatio

451 3085 708 3150 abscedit,
744 3096 793 3140 et
828 3087 1094 3158 generatio
1135 3087 1272 3139 venit
1293 3084 1358 3148 ⁸⁸,
1383 3093 1438 3140 et
1477 3100 1565 3139 res
1599 3085 1848 3139 humanae
1889 3101 2030 3139 nun-

451 3193 617 3247 quam
645 3163 834 3233 eodem
865 3179 922 3232 in
945 3186 1093 3232 statu
1122 3185 1344 3231 manent
1365 3194 1379 3242 ;
1399 3177 1495 3233 sed
1520 3176 1886 3232 diversimode
1906 3193 2028 3232 mu-

451 3275 663 3324 tantur.
692 3267 957 3323 Dominus
981 3279 1182 3334 autem,
1203 3268 1295 3338 qui
1324 3267 1381 3321 in
1412 3267 1643 3338 singulis
1663 3267 2027 3338 generationi-

2469 2073 2841 2126 ΠΡΟΣΕΥΧΗ
2872 2075 3203 2129 ΜΩΥΣΕΩΣ.
3233 2075 3361 2128 ΠΘ’.

2210 2163 2406 2231 Κύριε,
2447 2164 2760 2234 καταφυγὴ
2798 2165 3085 2234 ἐγενήθης
3122 2165 3270 2235 ἡμῖν
3305 2167 3374 2220 ἐν
3403 2166 3554 2235 γενεᾷ
3576 2169 3641 2220 καὶ

2139 2255 2329 2325 γενεᾷ.
2381 2254 2500 2324 Πρὸ
2545 2255 2648 2309 τοῦ
2682 2256 2785 2324 ὄρη
2815 2256 3176 2324 ἑδρασθῆναι
3223 2258 3327 2311 καὶ
3370 2258 3641 2325 πλασθῆναι

2137 2344 2252 2412 τὴν
2281 2343 2394 2415 γῆν
2421 2345 2520 2397 καὶ
2543 2345 2658 2412 τὴν
2681 2345 3058 2415 οἰκουμένην,
3093 2347 3190 2399 καὶ
3219 2346 3343 2401 ἀπὸ
3371 2348 3468 2401 τοῦ
3487 2347 3644 2412 αἰῶνος

2137 2436 2247 2502 ἓως
2268 2437 2372 2490 τοῦ
2397 2436 2609 2502 αἰῶνος
2629 2437 2711 2489 σὺ
2741 2437 2813 2500 εἷ,
2841 2440 2874 2490 ὁ
2907 2439 3068 2502 Θεός.
3094 2438 3284 2509 Δόγμα
3307 2438 3564 2492 παιδεύειό
3583 2437 3638 2490 λό-

2136 2546 2253 2599 γος,
2281 2529 2544 2582 διδάσκων
2568 2528 2627 2582 τὸ
2661 2529 2760 2599 μὲν
2781 2528 2933 2582 Θεῖον
2965 2529 3182 2601 διαρκὲς
3211 2531 3472 2603 ὑπάρχειν
3491 2532 3566 2584 καὶ
3587 2533 3646 2584 cii-

2135 2619 2266 2672 διον.
2290 2618 2346 2671 '0
2374 2616 2482 2689 γὰρ
2510 2616 2698 2680 εἰπὼν,
2726 2617 2870 2683 Θεὸς
2892 2616 3006 2687 ἐγώ
3029 2621 3145 2688 εἰμι
3175 2622 3207 2690 ῤ
3229 2618 3338 2684 ὢν,
3365 2620 3448 2673 ἀεὶ
3477 2619 3561 2683 ὢν,
3579 2619 3644 2670 καὶ

2137 2711 2170 2762 d
2196 2708 2377 2774 αὐτὸς
2411 2707 2514 2772 ὢν,
2549 2707 2642 2761 καὶ
2681 2711 2769 2774 εις
2797 2708 2938 2774 τοὺς
2959 2709 3241 2777 ἀπείρους
3271 2710 3481 2778 αἰῶνας
3503 2711 3646 2779 διαμέ-

2134 2817 2275 2866 νων,
2324 2798 2520 2854 οὔποτε
2567 2799 2886 2871 μεταϐάλλει
2926 2801 3026 2871 τὴν
3071 2801 3234 2854 αὐτοϋ
3290 2801 3462 2872 φύσιν.
3510 2804 3644 2871 Ἡμεῖς

2133 2890 2209 2954 δέ,
2244 2889 2388 2943 κατά
2420 2892 2644 2961 καιροὺς
2685 2890 2972 2962 παριόντες
3003 2891 3082 2954 εἰς
3112 2891 3202 2945 τὸν
3243 2892 3382 2962 βίον,
3410 2894 3646 2964 χειμάρμυ

2134 2984 2332 3054 τρόπον
2372 2983 2748 3055 ἀποῤῥέομεν·
2791 2982 2913 3034 ἐπεὶ
2942 2981 3037 3034 καὶ
3088 2983 3227 3035 κατά
3274 2984 3368 3036 τὸν
3398 2984 3643 3054 Σολομῶνα,

2132 3076 2321 3131 Γενεὰ
2347 3077 2678 3145 πορεύεται,
2727 3077 2824 3128 καὶ
2868 3075 3043 3144 γενεὰ
3091 3075 3349 3144 ἔρχεται,
3381 3077 3469 3130 καὶ
3497 3075 3553 3130 τὰ
3584 3075 3647 3128 ἀν-

2133 3169 2379 3242 θρώπινα
2405 3169 2707 3240 πράγματα
2738 3167 2794 3220 δὲ
2835 3167 2956 3220 οὐδὲ
2987 3167 3204 3220 πώποτε
3226 3171 3289 3220 ἐν
3317 3169 3490 3238 ταύτῷ
3520 3167 3643 3238 μένει,

2131 3261 2318 3316 ἄλλοτε
2369 3260 2413 3313 δ’
2464 3259 2638 3323 ἄλλως
2689 3257 3032 3330 μεταϐάλλει.
3083 3260 3142 3311 '0
3193 3258 3254 3312 δὲ
3305 3259 3522 3330 διαρκὴς
3562 3259 3646 3311 καθ’

450 3358 556 3415 bus
597 3368 800 3424 manet,
835 3360 891 3413 in
930 3375 990 3414 se
1029 3361 1367 3429 sperantium
1396 3358 1667 3429 refugium
1711 3358 1888 3414 factus
1919 3366 2024 3416 est.

2129 3355 2364 3424 ἐκάστην
2407 3353 2598 3424 γενεὰν
2636 3355 2839 3423 Κύριος
2880 3353 2986 3406 τῶν
3032 3354 3111 3416 είς
3161 3353 3328 3407 αὑτὸν
3377 3353 3645 3416 ἐλπιζόντων

449 3450 584 3506 Nam
617 3461 744 3506 ante
769 3451 1033 3506 diluvium
1074 3449 1282 3514 Enoch,
1312 3457 1366 3504 et
1389 3450 1435 3504 si
1465 3450 1588 3520 quis
1618 3449 1759 3504 alius
1779 3449 2024 3520 ejusdem

447 3542 842 3616 generationis,
878 3542 933 3598 in
969 3541 1241 3612 refugium
1273 3541 1454 3612 ipsum
1501 3539 1731 3595 habuit:
1759 3548 2025 3611 pereunte

446 3643 632 3688 autem
666 3633 723 3686 in
756 3631 962 3687 diluvio
1005 3631 1287 3708 hominum
1314 3644 1534 3701 genere,
1579 3643 1772 3685 rursus
1801 3627 1914 3684 Noe
1944 3629 2026 3699 ip-

448 3738 570 3777 sum
599 3730 654 3778 et
695 3738 804 3776 non
842 3721 1011 3776 alium
1057 3722 1114 3776 in
1145 3721 1419 3791 refugium
1449 3719 1708 3775 obtinuit.
1743 3719 1810 3772 Et
1831 3728 2023 3790 postea

446 3815 549 3870 Lot
580 3831 644 3871 ex
677 3812 1086 3870 Sodomitarum
1123 3815 1509 3884 generatione;
1547 3813 1842 3879 Abraham,
1871 3811 2022 3868 Isaac

444 3915 501 3962 et
530 3905 723 3971 Jacob,
761 3906 961 3978 singuli
1015 3907 1071 3960 in
1111 3921 1240 3970 sua;
1277 3905 1385 3959 imo
1416 3904 1578 3959 etiam
1609 3901 1809 3973 Joseph
1850 3904 1905 3957 in
1928 3918 2021 3974 ge-

444 4000 732 4054 neratione
772 4014 891 4063 sua,
923 4013 987 4052 ac
1019 3997 1231 4070 Moyses
1261 4013 1480 4053 rursum
1521 3997 1576 4052 in
1609 3997 1752 4064 alia;
1778 3997 1833 4050 in
1868 4012 2015 4052 sum-

443 4106 531 4144 ma
560 4106 656 4161 per
691 4090 938 4162 singulas
970 4091 1374 4159 generationes,
1408 4088 1722 4152 Dominum,
1753 4087 1848 4158 qui
1876 4102 2020 4143 sem-

445 4196 542 4251 per
568 4187 674 4243 est,
706 4179 764 4233 in
811 4178 1081 4250 refugiutn
1113 4180 1424 4234 habuerunt
1468 4179 1562 4248 qui
1593 4179 1648 4232 in
1680 4179 1798 4248 ipso
1832 4193 2019 4248 spera—

442 4279 591 4326 runt.
619 4269 715 4326 His
749 4285 913 4341 porro
945 4285 1046 4325 nos
1094 4269 1380 4340 Scriptura
1414 4271 1688 4334 hortatur,
1741 4276 1802 4323 ut
1845 4285 1915 4324 ne
1959 4270 2016 4324 in

441 4362 614 4416 aliutn
677 4377 840 4432 quam
896 4361 948 4416 in
1009 4360 1180 4415 Deum
1239 4376 1562 4431 speremus;
1616 4361 1710 4415 sed
1762 4362 1818 4415 in
1867 4362 2016 4416 omni

440 4463 708 4525 tempore,
751 4455 806 4508 in
855 4454 1088 4526 singulis
1126 4452 1320 4509 diebus
1371 4461 1426 4508 et
1462 4453 1636 4517 horis,
1679 4454 1734 4507 in
1783 4454 2014 4523 singulis

438 4545 570 4599 item
602 4545 930 4609 actionibus,
952 4544 1298 4614 maximeque
1327 4545 1383 4598 in
1414 4553 1658 4614 tempore
1685 4545 2014 4601 calamitatis

441 4637 511 4691 ad
547 4637 723 4707 ipsum
773 4637 1178 4709 confugiamus.
1233 4634 1298 4690 Et
1346 4637 1606 4707 quoniam
1665 4639 1758 4707 qui
1813 4637 2014 4709 frigore

2127 3447 2416 3517 καταφυγὴ
2463 3446 2695 3516 γίνεται.
2743 3445 2857 3518 Πρὸ
2901 3445 3002 3516 μὲν
3037 3445 3145 3517 γὰρ
3185 3446 3286 3500 τοῦ
3322 3444 3646 3516 κατακλυσμοῦ

2139 3537 2328 3608 Ἑνὼχ,
2357 3537 2451 3590 καὶ
2475 3537 2632 3600 εἴτις
2661 3535 2819 3599 ἄλλος
2853 3535 2954 3606 τῆς
2984 3536 3104 3588 τότε
3139 3539 3357 3605 γενεᾶς,
3383 3534 3647 3604 καταξρυγὴν

2123 3629 2284 3683 αὐτὸν
2325 3629 2586 3700 ἔσχηκεν·
2615 3627 2985 3698 ἀπολλυμένου
3030 3628 3086 3681 δὲ
3124 3627 3218 3682 τοῦ
3269 3631 3381 3683 τῶν
3405 3627 3648 3700 ἀνθρώπων

2121 3722 2312 3790 γένους
2342 3721 2400 3774 ἐν
2442 3719 2520 3790 τῷ
2567 3719 2954 3791 κατακλυσμῷ,
3001 3720 3163 3774 πάλιν
3205 3721 3339 3775 Νῶε
3384 3721 3646 3791 καταφυγὴν

2121 3813 2304 3880 αὑτὸν,
2327 3813 2442 3866 ἀλλ’
2467 3811 2527 3865 οὗ
2549 3829 2669 3866 τινα
2692 3813 2875 3883 ἓτερον
2904 3813 3188 3883 ἐκτήσατο.
3222 3813 3341 3867 Καὶ
3373 3813 3502 3884 μετά
3523 3809 3648 3864 ταῦτα

2122 3906 2281 3960 πάλιν
2319 3907 2347 3958 ό
2382 3904 2505 3958 Λὼτ
2544 3908 2608 3959 ἐκ
2641 3904 2744 3976 τῆς
2773 3905 3074 3976 Σοδομιτῶν
3113 3907 3333 3975 γενεᾶς,
3376 3905 3645 3976 Ἀὃραάμτε

2120 3998 2215 4051 καὶ
2255 3997 2441 4052 Ἰσαὰκ
2491 3998 2586 4051 κοιλ⁵
2629 3996 2845 4062 Ἰακὼϐ,
2896 3999 2990 4050 ἐπὶ
3036 3997 3136 4068 τῆς
3178 3998 3396 4070 ἑαυτῶν
3435 3997 3643 4056 ἕκαστος·

2119 4089 2178 4142 οὐ
2212 4089 2317 4159 μὴν
2350 4089 2484 4148 ἀλλά
2525 4089 2620 4141 καὶ⁹
2658 4089 2853 4160 Ἰωσὴφ
2874 4090 2968 4142 ἐπὶ
2996 4090 3095 4160 τῆς
3123 4091 3246 4142 κατ’
3288 4089 3450 4145 αὐτὸν
3479 4089 3642 4158 γενεᾶς,

2118 4179 2210 4232 καὶ
2241 4180 2481 4250 Μωῡσῆς
2506 4179 2665 4232 πάλιν
2698 4180 2792 4232 ἐπὶ
2819 4179 2986 4250 ἄλλης
3005 4197 3018 4210 ·
3066 4182 3161 4234 καὶ
3199 4180 3531 4247 ἁπαξαπλῶς
3557 4177 3643 4232 καθ’

2117 4270 2351 4339 ἐκαστην
2375 4269 2566 4338 γενεὰν
2593 4271 2682 4323 τὸν
2703 4272 2788 4323 ἀεὶ
2810 4271 2937 4324 ὅντα
2961 4271 3162 4344 Κύριον
3187 4273 3507 4344 καταφυγὴν
3525 4274 3644 4340 ἐσχή-

2115 4375 2272 4413 κασιν
2300 4361 2349 4412 οἱ
2377 4361 2458 4424 εἰς
2496 4361 2655 4414 αὐτὸν
2686 4361 2993 4432 ἠλπικότες.
3025 4353 3338 4438 Προτρέπει
3377 4367 3433 4420 δὲ
3459 4365 3536 4419 διὰ
3554 4363 3643 4416 τοῦ·

2114 4468 2222 4505 των
2278 4453 2371 4506 καὶ
2421 4456 2568 4524 ἡμᾶς
2614 4456 2643 4507 ό
2683 4455 2839 4523 λόγος
2894 4457 2970 4527 μὴ
3009 4457 3102 4509 ἐπί
3150 4475 3276 4513 τινα
3314 4460 3496 4530 ἕτερον
3531 4455 3641 4522 παρὰ

2113 4544 2205 4597 τὸν
2234 4544 2364 4598 Θεὸν
2390 4544 2652 4610 ἐλπίζειν,
2689 4548 2855 4600 παντὶ
2897 4547 2952 4600 δὲ
2999 4548 3173 4620 καιρῷ
3195 4550 3294 4603 καὶ
3336 4551 3508 4622 ἡμέρα
3533 4547 3640 4612 πάσῃ

2114 4635 2207 4688 καὶ
2275 4635 2425 4707 ὥρᾳ,
2492 4636 2552 4688 ἐν
2620 4637 2824 4710 ἑκάστῃ
2894 4655 2948 4691 τε
3013 4639 3234 4711 πράξει,
3307 4643 3404 4696 καὶ
3458 4641 3638 4711 μάλιστκ

438 4738 731 4793 vexantur,
773 4736 1128 4799 legumento;
1177 4728 1361 4798 quiin
1410 4729 1548 4782 mari
1595 4730 2010 4798 tempestatibus

2127 4729 2172 4779 ὲν
2209 4730 2321 4791 τοῖς
2367 4733 2772 4800 περιστατικοῖς
2822 4733 3050 4802 καιροῖς,
3105 4732 3193 4785 ἐπ’
3237 4734 3405 4787 αὑτὸν
3447 4747 3639 4796 καταρν-

432 4820 736 4891 jactantur,
787 4829 988 4891 portu;
1042 4821 1136 4891 qui
1199 4820 1268 4875 ab
1329 4820 1569 4876 inimicis
1625 4829 1680 4875 et
1735 4821 2008 4884 hostibus,

435 4921 529 4965 aut
557 4927 586 4965 a
610 4911 744 4968 feris
765 4912 1072 4982 agrestibus
1108 4913 1408 4982 pelluntur,
1445 4912 1616 4966 muris
1644 4911 1711 4965 ad
1737 4911 2005 4982 refugium

434 5019 573 5074 opus
601 5004 836 5071 habent;
868 5019 990 5058 cum
1017 5003 1102 5058 his
1133 5015 1315 5058 autem
1355 5003 1612 5058 omnibus
1649 5004 1810 5058 homo
1840 5004 1932 5058 Dei
1952 5006 2008 5059 in

433 5096 688 5166 praesenti
721 5097 832 5151 vita
869 5103 1182 5150 concertat:
1221 5096 1534 5150 necessario
1569 5096 1795 5150 docetur
1824 5104 1883 5150 ut
1914 5113 2001 5150 re-

2117 4823 2253 4887 γεῖν.
2305 4821 2414 4873 Καὶ
2457 4821 2754 4892 ἐπειδήπερ
2798 4823 2847 4874 οἱ
2892 4824 2989 4892 μὲν
3035 4824 3424 4895 χειμαζόμενοι
3467 4822 3634 4886 στέγης.

2115 4915 2162 4964 oi
2215 4912 2270 4965 δὲ
2329 4911 2472 4966 κατὰ
2533 4914 2629 4984 τὴν
2683 4913 2956 4967 θάλασσαν
3021 4916 3472 4988 κλυδωνιζόμενοι
3525 4910 3636 4982 λιμέ-

2113 5023 2222 5070 νος,
2267 5007 2318 5058 οἱ
2375 5006 2432 5081 δέ
2481 5006 2585 5058 ὑπὸ
2611 5006 2818 5078 ἐχθρῶν
2877 5007 2971 5060 καὶ
3024 5007 3302 5076 πολεμίων
3358 5008 3391 5079 ἦ
3445 5006 3526 5059 καὶ
3571 5001 3636 5066 0r,-

2113 5096 2222 5168 ρῶν
2253 5097 2456 5169 ἀγρίων
2478 5097 2818 5169 διωκόμενοι,
2849 5087 3058 5167 τείχους
3084 5100 3162 5160 εἰς
3193 5096 3507 5167 καταφυγὴν
3530 5092 3636 5146 δέον·

433 5190 663 5260 fugium,
689 5205 929 5252 murum,
949 5200 1272 5259 portumque
1293 5189 1531 5243 salutare
1561 5187 1663 5242 sibi
1696 5197 1846 5257 putet
1879 5204 2002 5244 esse

2127 5207 2224 5243 ται·
2255 5193 2388 5244 πᾶσι
2421 5191 2476 5243 δὲ
2500 5195 2707 5254 τούτοις
2737 5192 2766 5243 ό
2801 5189 2894 5242 τοῦ
2926 5189 3060 5243 Θεοῦ
3093 5189 3380 5261 ἄνθρωπος
3412 5185 3536 5240 κατὰ
3575 5182 3634 5233 τὸν

431 5279 757 5348 Dominum;
795 5290 854 5334 ut
881 5281 997 5334 sive
1031 5280 1428 5350 persecutionis
1453 5290 1694 5348 tempore
1726 5280 1795 5333 ab
1820 5280 2000 5333 inimi-

438 5372 511 5426 :is
540 5373 837 5441 pellamnr,
870 5373 984 5428 sive
1031 5373 1099 5426 ab
1146 5372 1512 5428 invisibilibus
1542 5371 1789 5426 hostibus
1827 5386 2001 5440 oppu-

429 5476 680 5531 gnemur,
715 5465 830 5519 sive
863 5465 1141 5518 hominum
1171 5466 1225 5518 iu
1262 5480 1362 5519 nos
1399 5466 1832 5533 conspirantium
1867 5463 2001 5518 insi-

429 5553 536 5608 diis
574 5561 868 5620 tentemur,
896 5557 1184 5627 vigilan’ter
1221 5557 1288 5612 ad
1325 5555 1613 5610 Dominum
1662 5566 1907 5610 nostrum
1943 5565 1997 5610 et

429 5641 598 5697 Deum
623 5645 1024 5716 confugiamus,
1066 5648 1159 5717 qui
1200 5649 1252 5702 in
1283 5648 1632 5720 generatione
1684 5656 1736 5702 et
1765 5663 1989 5718 genera-

503 5731 549 5762 "
592 5733 737 5786 Eccl.
771 5749 821 5796 ι,
855 5735 907 5788 4.

2109 5285 2350 5355 παρόντα
2384 5283 2497 5354 βίον
2537 5283 2780 5336 παλαίειν
2821 5281 3131 5350 ἀναγκαίως
3174 5282 3481 5336 διδάσκεται
3505 5292 3632 5331 κατα-

2108 5375 2282 5446 φυγὴν
2316 5375 2507 5428 ἐαυτοῦ
2542 5376 2635 5429 καὶ
2665 5378 2861 5445 τεῖχος,
2903 5374 3095 5444 λιμένα
3128 5393 3185 5428 τε
3220 5378 3481 5446 σωτήριον
3522 5370 3628 5440 ἡγεῖ-

2109 5467 2229 5519 σθαι
2257 5467 2350 5519 τὸν
2383 5467 2574 5520 ἑαυτοῦ
2598 5467 2798 5537 Κύριον
2818 5482 2831 5494 ·
2865 5466 2953 5528 ἵν’,
2988 5467 3095 5518 εἴτε
3119 5467 3176 5519 ἐν
3200 5471 3410 5537 καιροῖς
3427 5459 3625 5532 διωγμιῖίι

2105 5559 2196 5609 ὑπ’
2230 5557 2438 5629 ἐχθρῶν
2466 5557 2832 5628 ἐλαυνώμεθα,
2868 5557 2977 5610 εἴτε
3009 5557 3113 5610 ὑπὸ
3135 5558 3380 5628 ἀοράτων
3406 5552 3623 5621 πολεμίων

2102 5648 2503 5720 πολεμούμεθα,
2533 5651 2642 5703 εἴτε
2678 5649 2780 5702 ὑπὸ
2805 5648 2910 5702 τῶν
2947 5647 3371 5712 συσκευάζεσθαι
3391 5648 3519 5720 ἡμᾶς
3538 5657 3619 5694 πεί·
