3830 6288
212 267 357 324 1125

1342 280 1843 338 COMMENTARIA
1885 281 1949 335 IN
1988 282 2323 338 PSALMOS.

3308 294 3447 349 n26
3514 272 3520 281 ’

199 381 459 455 ρωμένων
489 383 987 456 ὲπιόουλευοίμεθα,
1025 390 1300 460 νηφόντως
1338 393 1431 446 ἐπὶ
1456 394 1544 447 τὸν
1571 394 1746 465 Κύριοι

1875 394 2021 449 tione
2045 393 2413 449 invocantium
2446 411 2504 451 se
2542 408 2915 470 propugnator
2939 408 2993 456 et
3038 404 3314 472 ptolettor
3342 414 3449 463 est.

192 475 352 546 ήμῶν
394 477 488 529 καὶ
515 476 607 530 τὸν
646 478 778 532 θεὸν
814 480 1244 553 καταφύγοιμεν,
1273 485 1364 538 τὸν
1408 486 1547 541 κατά
1580 486 1770 556 γενεὰν

191 569 289 622 καὶ
309 569 499 637 γενεὰν
526 570 841 642 ὐπέρμαχον
876 572 1191 644 γιγνόμενον
1222 576 1314 629 καὶ
1358 576 1771 648 ὐπερασπιστὴν

185 660 299 714 τῶν
335 660 777 731 ἐπικαλουμένων
815 662 996 717 αὐτόν.
1036 664 1179 717 Ἀντὶ
1215 665 1272 717 δὲ
1305 666 1420 731 τοῦ,
1466 669 1560 721 Ἐν
1595 667 1771 739 γενεᾷ

183 754 290 808 καὶ
320 750 515 822 γενεᾷ,
546 753 874 825 σαφέστερον
907 757 934 807 ό
961 756 1254 827 Σύμμαχος
1285 758 1542 825 ἐξέδωκεν
1577 760 1765 829 εἰπὼν,

194 845 301 900 Ἐν
328 843 554 915 ἑκάστῃ
589 844 761 914 γενεᾷ
781 862 793 875 ·
824 847 917 899 καὶ
949 847 1110 903 πάλιν
1132 865 1144 879 υ
1177 849 1295 917 Πρὸ
1324 850 1429 903 τοῦ
1457 850 1563 919 ὄρη
1599 869 1769 922 γενη-

178 935 363 1005 θῆναι
400 934 500 988 καὶ
546 936 892 1005 πλασθῆναι
933 937 1047 1007 τὴν
1087 936 1203 1008 γῆν
1247 942 1343 993 καὶ
1388 942 1764 1011 οἰκουμένην,

178 1025 490 1095 συμφώνως
524 1023 659 1095 όμοῦ
696 1026 927 1090 Ἀκύλας
958 1029 1051 1081 καὶ
1096 1029 1388 1100 Σύμμαχός
1416 1048 1586 1099 φασι·
1618 1032 1768 1101 Πρὶν

174 1114 289 1183 ὄρη
316 1114 599 1183 τεχθῆναι
635 1116 732 1170 καὶ
772 1116 1133 1187 ὠδινηθῆναι
1165 1120 1281 1189 γῆν
1310 1121 1406 1174 καὶ
1434 1122 1548 1190 τὴν
1581 1126 1768 1179 οἰκου-

164 1207 390 1275 μένην.
426 1209 536 1261 Καί
559 1226 647 1279 μοι
670 1209 817 1262 δοκεῖ
845 1212 877 1281 ή
920 1211 1182 1282 Ἐϐραῖκὴ
1211 1212 1354 1277 λέξις
1375 1215 1598 1283 φυσικὸν
1628 1217 1763 1270 ἀπο-

169 1300 470 1354 δεδωκέναι
521 1300 699 1369 λόγον,
738 1302 798 1353 ὲν
839 1302 1021 1366 αὐτοῖς
1065 1302 1386 1358 διδάσκουσα
1415 1307 1489 1377 μὴ
1528 1308 1763 1378 ἀρχῆθεν

172 1390 518 1461 συνυπάρξαι
546 1394 611 1462 τῇ
652 1394 728 1463 γῇ
759 1392 827 1446 τὰ
860 1393 919 1445 ἐν
967 1392 1103 1463 αὐτῇ
1137 1393 1259 1463 ὅρη,
1302 1395 1415 1447 ἀλλ’
1457 1396 1762 1467 ἀναφυῆναι

167 1483 333 1552 δίκην
360 1481 467 1534 τῶν
490 1483 823 1554 τικτομένων
840 1500 855 1516 ⁸
883 1483 962 1537 διὸ
994 1484 1205 1555 εἴρηται
1227 1500 1238 1512 ·
1269 1485 1384 1553 Πρὸ
1412 1487 1515 1541 τοῦ
1540 1488 1643 1557 ὅρη
1673 1507 1763 1559 γε·

166 1569 451 1639 νηθῷιαι,
489 1570 544 1642 ἢ,
588 1571 737 1639 Πρὶν
763 1572 868 1641 ὄρη
895 1570 1176 1641 τεχθῆναι
1196 1589 1209 1604 ·
1245 1575 1337 1626 καὶ
1371 1575 1515 1638 εἰκὸς
1542 1576 1658 1647 ἅμα
1684 1577 1761 1648 τῷ

164 1660 430 1731 τεχθῆναι
455 1660 522 1714 τὰ
546 1662 644 1737 δρη
676 1663 770 1715 καὶ
796 1662 1170 1734 προϐληθῆναι
1192 1663 1299 1716 ἀπὸ
1322 1665 1417 1734 τῆς
1442 1665 1546 1734 γῆς
1569 1667 1761 1721 καταλ-

1872 483 1977 539 Pro
2008 485 2100 538 illo
2136 493 2339 548 autem,
2373 484 2439 539 In
2486 493 2817 557 generatione
2858 501 2907 546 et
2951 494 3303 563 generatione.
3337 497 3449 550 clas

1870 576 1985 629 rius
2014 572 2373 645 Symmachus
2396 575 2566 630 edidit
2600 578 2685 632 his
2721 580 2924 644 verbis,
2954 580 3019 634 In
3040 580 3263 650 singulis
3293 598 3447 652 gene—

1869 666 2208 729 rationibus;
2240 681 2303 719 ac
2346 681 2568 722 rursum
2622 668 2758 733 haec,
2795 670 3092 743 Antequam
3118 688 3318 731 montes
3351 677 3448 747 ﬁe-

1869 764 2004 819 rent,
2036 766 2085 810 et
2117 756 2441 822 [armaretur
2488 767 2629 812 terra
2676 770 2725 813 et
2759 762 2937 827 orbis;
2967 765 3161 836 Aquila
3201 777 3255 822 et
3287 767 3447 839 Sym-

1870 848 2095 903 machus
2133 849 2383 903 similiter
2420 850 2499 905 sic
2529 850 2699 905 edunt
2734 870 2749 907 :
2785 853 3075 926 Antequam
3120 872 3317 914 montes
3342 877 3434 929 pa-

1867 953 2128 1005 rerentur,
2156 949 2204 995 et
2258 942 2617 1010 parturiretur
2641 952 2783 997 terra
2812 954 2863 998 et
2913 946 3073 1002 orbis.
3106 947 3442 1021 Videturque

1867 1030 1999 1083 mihi
2026 1028 2292 1085 Hebraica
2315 1033 2476 1087 lectio
2506 1033 2787 1104 physicam
2814 1039 3081 1091 rationem
3118 1041 3440 1109 reddidisse,

1866 1120 2071 1177 docens
2122 1137 2234 1176 non
2265 1124 2332 1177 ab
2372 1123 2527 1177 initio
2556 1134 2767 1181 montes
2801 1142 2908 1181 una
2938 1143 3061 1182 cum
3106 1138 3248 1186 terra
3277 1135 3441 1187 exsti-

1866 1211 2021 1278 tisse,
2053 1212 2147 1268 sed
2176 1221 2430 1282 partuum
2456 1214 2631 1269 instar
2655 1224 2805 1273 ortos
2831 1234 2954 1273 esse
2988 1238 3001 1273 :
3036 1235 3205 1291 quare
3233 1222 3439 1278 dictum

1872 1311 1979 1369 est,
2042 1302 2361 1375 Priusquam
2417 1316 2614 1361 montes
2668 1310 2882 1377 ﬁerent;
2944 1319 3056 1377 aut,
3118 1311 3438 1385 Priusquam

1864 1407 2065 1452 montes
2115 1409 2470 1467 parereutur:
2507 1416 2570 1455 ac
2602 1402 2899 1459 verisimile
2926 1414 3030 1469 est,
3068 1415 3282 1463 montes
3311 1424 3435 1463 cum

1864 1499 2208 1560 parerentur,
2238 1507 2301 1546 ac
2340 1493 2489 1547 velut
2524 1493 2759 1550 infantes
2798 1511 2828 1550 e
2860 1505 3004 1552 terra
3036 1502 3434 1566 emitterentur,

1862 1595 1971 1635 non
2017 1596 2079 1637 ea
2112 1597 2219 1652 qua
2262 1599 2408 1638 nunc
2457 1592 2583 1639 sunt
2628 1568 2959 1644 eelsi'tudine
2994 1590 3195 1658 fuisse;
3231 1592 3324 1647 sed
3351 1609 3437 1646 re-

1862 1687 1994 1728 cens
2022 1682 2203 1739 natos,
2242 1683 2302 1729 ut
2331 1676 2567 1731 infantes
2604 1693 2777 1747 nuper
2816 1688 2989 1746 ortos,
3014 1682 3242 1752 exiguos
3274 1684 3435 1736 mini—

164 1749 350 1820 λήλως
388 1753 502 1813 τοῖς
545 1750 805 1822 βρέφεσι,
847 1753 920 1824 μὴ
952 1755 1109 1807 όποία
1137 1753 1233 1807 νῦν
1263 1755 1324 1807 τὸ
1364 1754 1591 1825 μέγεθος
1624 1758 1746 1810 ὐπο-

1861 1780 2089 1835 mosque
2119 1767 2436 1835 exstitisse;
2470 1768 2840 1839 diuturnoque
2872 1786 2989 1826 aevo
3030 1773 3431 1827 incrementum

164 1842 388 1913 στῆναι,
406 1842 519 1895 ἀλλ’
542 1843 666 1915 ἄρτι
688 1844 785 1915 μὲν
813 1846 1137 1916 γεννηθέντα
1162 1844 1255 1899 καὶ
1268 1847 1546 1918 τεχθέντα,
1566 1848 1753 1921 ὥσπερ

159 1938 431 2010 ἀρτιγενῆ
466 1938 574 1992 τῶν
609 1938 843 2010 βρεφῶν,
885 1941 1055 2013 μικρά
1088 1942 1179 1995 καὶ
1206 1942 1462 2014 ἐλάχιστα
1490 1944 1748 2016 ὐπάιρξαι,

156 2029 241 2098 τῷ
265 2029 324 2082 δὲ
356 2030 551 2102 μακρῴ
571 2030 726 2084 αἰῶνι
749 2031 917 2102 αὔξην
940 2034 1032 2085 καὶ
1057 2034 1285 2105 μέγεθος
1306 2034 1596 2090 ἐπιδοῦναι.
1615 2036 1751 2089 Φασὶ

156 2121 297 2188 γοῦν
325 2124 404 2186 είς
425 2122 502 2176 ἔτι
525 2122 684 2195 δεῦρό
704 2142 847 2189 τινες
866 2124 974 2177 τῶν
991 2126 1321 2195 φυσιολόγων
1342 2127 1526 2194 αὔξειν
1541 2127 1607 2181 τά
1629 2128 1751 2199 ὅρη,

156 2214 260 2267 καὶ
300 2212 400 2278 τάς
446 2214 651 2286 πέτρας
688 2214 906 2286 μείζους
935 2217 1145 2271 ἑαυτῶν
1175 2218 1418 2287 γίνεσθαι
1443 2220 1584 2274 κατά
1605 2237 1756 2284 τινας

158 2303 534 2368 λανθανούσας
557 2308 588 2376 ή
600 2308 704 2376 μᾶς
730 2306 817 2359 διὰ
849 2307 1074 2379 μακρῶν
1114 2309 1377 2378 περιόδων
1408 2309 1753 2381 βραχυτάτας

158 2394 503 2466 προσθήκας.
540 2397 692 2449 Ἐπεὶ
717 2397 773 2450 δὲ
800 2399 895 2450 καὶ
922 2398 1247 2469 ὠδινηθῆναι
1277 2400 1375 2471 τὴν
1404 2402 1505 2473 γῆν
1535 2402 1630 2455 καὶ
1650 2402 1746 2474 τὴν

154 2486 489 2557 οἰκουμένην
522 2487 805 2558 εἰρήκασιν
835 2490 884 2543 οἱ
917 2489 1367 2561 ὲρμηνεύσαντες,
1398 2491 1748 2564 ἐξακολουθή-

156 2594 357 2642 σαντες
381 2579 459 2651 τῷ
499 2579 791 2651 Ἐὗραῖκῷ,
818 2582 1027 2652 μήποτε
1061 2582 1154 2635 καὶ
1183 2583 1274 2634 ἐπὶ
1302 2582 1400 2654 τῆς
1429 2585 1531 2654 γῆς
1550 2585 1610 2637 τὸ
1644 2603 1747 2638 πα-

156 2670 465 2742 ραπλήσιον
508 2674 621 2736 τοῖς
651 2672 800 2744 ὄρεσι
828 2674 1018 2743 νοῆσαι
1054 2676 1338 2745 προσήκει,
1370 2675 1444 2739 ὡς
1476 2676 1533 2743 ἐξ
1556 2678 1743 2749 ἑτέρου

1859 1861 1912 1907 et
1946 1857 2375 1925 magnitudinem
2419 1860 2715 1930 accepisse.
2744 1859 2878 1916 Nam
2917 1864 3136 1933 quidam
3181 1880 3247 1919 ex
3293 1865 3432 1937 phy-

1855 1945 2079 2017 siologis
2107 1949 2376 2020 hodieque
2402 1950 2572 2016 aiunt,
2604 1960 2814 2007 montes
2842 1968 3111 2021 crescere,
3131 1970 3195 2010 ac
3216 1965 3422 2026 petras,

1858 2040 2097 2110 acceptis
2153 2042 2314 2112 longo
2362 2050 2666 2114 temporum
2721 2045 2995 2101 curriculo
3028 2048 3279 2115 modicis,
3313 2061 3433 2118 qua;

1856 2130 2016 2185 nobis
2055 2132 2243 2198 latent,
2270 2134 2642 2200 incrementis,
2674 2138 2910 2206 majores
2939 2140 3143 2193 sensim
3180 2141 3428 2196 evadere.

1855 2219 1993 2286 Quia
2035 2238 2163 2277 vero
2212 2224 2562 2294 interpretes,
2591 2225 2915 2283 Hebraicum
2964 2239 3278 2301 sequentes,
3321 2240 3428 2286 ter-

1853 2326 1970 2365 ram
2020 2321 2074 2367 et
2115 2315 2302 2369 orbem
2354 2318 2655 2385 parturisse
2683 2318 2967 2386 dixerunt;
3004 2337 3133 2375 num
3169 2324 3330 2376 etiam
3361 2323 3430 2377 de

1852 2411 2001 2457 terra
2054 2406 2205 2475 paria
2240 2406 2307 2461 iis
2353 2423 2474 2477 quae
2505 2408 2572 2463 de
2606 2410 2882 2466 montibus
2916 2414 3157 2483 cogitare
3183 2429 3281 2483 par
3310 2416 3427 2467 lue-

1853 2495 1945 2559 rit,
1985 2498 2142 2567 quasi
2173 2497 2289 2566 ipsa
2322 2513 2543 2567 quoque
2582 2516 2649 2554 ex
2688 2502 2796 2556 alio
2827 2504 3096 2558 elemento
3138 2505 3420 2575 procedat,

1852 2588 1926 2641 ita
1962 2597 2021 2643 ut
2045 2590 2208 2644 etiam
2247 2591 2336 2645 illa
2369 2592 2543 2660 prius,
2577 2594 2735 2661 quasi
2771 2609 2800 2647 a
2831 2597 3241 2666 praegnantibus
3280 2603 3332 2651 et
3364 2597 3418 2651 in

1852 2687 2009 2750 partu
2031 2680 2249 2735 delores
2278 2682 2632 2751 patientibus,
2667 2670 3070 2753 par‘turiretur?

156 2763 429 2833 στοιχείου
453 2764 823 2835 προελθούσης
852 2766 1044 2835 αὐτῆς,
1085 2767 1471 2839 καὶπρότερον
1531 2769 1628 2839 μὲν
1685 2770 2034 2842 ὼδινηθείσης
2062 2772 2231 2843 ξδίκην
2285 2772 2392 2825 τῶν
2435 2776 2836 2846 κυοφορουσῶν,
2868 2778 2959 2830 καὶ
2985 2780 3040 2830 ὲν
3080 2777 3159 2848 τῷ
3218 2779 3427 2831 τίκτειι⁵

153 2858 547 2929 ὐπομενουσῶν
569 2858 765 2922 ὠδῖνας
783 2875 798 2924 ;

229 2977 295 3029 Εἰ
324 2974 368 3028 δ’
395 2970 486 3029 οῦν
540 2975 865 3046 συνέστηκεν
901 2975 930 3026 ό
966 2975 1074 3030 τῶν
1118 2977 1361 3046 φυσικῶν
1400 2977 1555 3046 λόγος
1587 2981 1614 3031 ό
1644 2979 1746 3048 φά-

1921 2976 1983 3031 Si
2011 2978 2194 3049 itaque
2218 2978 2569 3050 physicorum
2603 2993 2782 3035 sermo
2808 2985 3042 3044 constet,
3076 2980 3169 3048 qui
3203 2979 3279 3033 ait
3302 2982 3421 3051 pri-

154 3086 327 3133 σκων,
363 3068 579 3141 πρῶτον
630 3073 891 3139 στοιχεῖον
930 3070 1210 3138 γεγονέναι
1240 3070 1300 3123 τὸ
1343 3069 1506 3141 ὓδωρ,
1529 3066 1646 3123 εἶτα
1688 3070 1745 3137 ἐξ

152 3161 351 3225 ῦδατος
396 3162 489 3215 καὶ
539 3162 637 3233 τῆς
683 3163 857 3234 ὐγρᾶς
897 3162 1083 3225 οὐσίας
1135 3162 1434 3232 ὑποστῆναι
1474 3163 1541 3215 τά
1585 3162 1747 3217 λοιπά

153 3255 432 3322 στοιχεῖα·
465 3250 610 3305 εἴποι
663 3252 727 3306 ἀν
756 3270 840 3317 τις
880 3253 1038 3306 τοῦτο
1078 3254 1173 3307 καὶ
1202 3255 1294 3307 ἐπὶ
1332 3256 1431 3325 τῆς
1466 3255 1745 3326 παρούσης

150 3343 195 3395 Γ
201 3344 379 3415 ραφῆς
416 3344 777 3415 σημαίνεσθαι
821 3346 1107 3417 δηλούσης,
1151 3348 1232 3400 ὅτι
1262 3343 1331 3419 ἦν
1365 3349 1452 3400 ὅτε
1484 3349 1542 3400 ὲν
1572 3349 1743 3420 ἑτέρῳ

146 3433 290 3489 οὖσα
315 3439 347 3507 ἡ
374 3437 446 3507 γῆ
473 3439 719 3508 στοιχείῳ
743 3438 950 3509 ἀφανὴς
979 3435 1066 3509 ἦν,
1097 3441 1370 3512 κυουμένη
1394 3441 1489 3493 καὶ
1514 3440 1743 3512 συλλαμ-

148 3529 425 3600 ϐανομένη
457 3530 514 3582 ὲν
560 3533 624 3602 τῇ
658 3530 818 3600 φύσει
846 3532 945 3603 τῆς
989 3532 1161 3603 ὐγρᾶς
1200 3533 1403 3597 οὐσίας.
1435 3534 1525 3586 Διὸ
1559 3536 1652 3588 καὶ
1684 3536 1741 3587 ἐν

144 3624 222 3692 τῇ
265 3622 591 3695 κοσμοποιίᾳ
632 3623 875 3696 εἴρηται·
918 3623 989 3676 Ἥ
1029 3624 1098 3677 δὲ
1136 3623 1213 3694 γῆ
1250 3621 1331 3695 ἦν
1361 3626 1610 3692 ἀόρατος
1644 3626 1741 3679 καὶ

145 3713 721 3780 ἁκατασκεύαστος·
765 3716 864 3769 καὶ
904 3718 1125 3782 σκότος
1168 3716 1369 3769 ἐπάνω
1410 3714 1520 3785 τῆς
1555 3718 1739 3771 ἀϐύσ-

146 3819 270 3858 σευ
291 3822 305 3835 ο
340 3804 455 3858 ἀλλ’
503 3805 730 3877 ὕστερον
770 3805 958 3878 ὥσπερ
1009 3806 1438 3877 ἀπογεννηθεῖσα
1470 3806 1738 3877 προῆλθεν

145 3896 220 3949 ὲκ
245 3896 344 3966 τῆς
368 3895 476 3948 τῶν
503 3896 707 3950 ὑδάτων
740 3897 945 3960 οὐσίας,
990 3897 1089 3950 οὐκ
1121 3896 1246 3951 ἄνευ
1273 3896 1426 3960 θείας
1459 3897 1738 3967 δυνάμεως

144 3988 248 4040 καὶ
275 3988 581 4060 κρείττονος
622 3988 866 4059 ἀνάγκης
907 3988 1252 4059 ἐπιτεθείσης
1289 3991 1459 4061 αὐτῇ’
1496 3988 1634 4058 αῦτη
1679 3988 1735 4042 δὲ

142 4076 219 4151 ἦν
244 4082 277 4151 ἡ
305 4079 401 4133 τοῦ
435 4081 782 4153 Δημιουργοῦ
819 4080 1090 4152 βούλησις.
1120 4082 1208 4144 Ὠς
1231 4081 1339 4153 γὰρ
1369 4081 1460 4133 ἐπὶ
1489 4080 1597 4132 τῶν
1619 4097 1739 4132 κυο-

143 4170 432 4240 φορουσῶν
475 4169 769 4239 γυναικῶν,
804 4170 924 4241 βίας
970 4171 1064 4225 καὶ
1112 4171 1358 4243 ἀνάγκης
1404 4170 1735 4241 ἐπελθούσης

142 4262 363 4326 αὐταῖς,
393 4262 454 4315 τὸ
482 4262 625 4316 κατὰ
661 4264 898 4335 γαστρὸς
944 4263 1266 4333 προάγεται,
1301 4263 1394 4317 τοῦ
1428 4262 1731 4335 ὡρισμένου

1852 3086 2000 3124 mum
2039 3071 2368 3126 elementum
2422 3069 2596 3126 fuisse
2649 3086 2887 3141 aquam,
2941 3070 3136 3126 deinde
3176 3087 3308 3128 vero
3350 3089 3420 3128 ex

1848 3177 1989 3232 aqua
2026 3168 2080 3217 et
2115 3162 2337 3216 humida
2370 3162 2697 3227 substantia,
2732 3162 2940 3232 reliqua
2976 3162 3242 3217 elementa
3288 3164 3421 3219 sub-

1848 3253 2056 3307 stitisse
2081 3270 2094 3319 ;
2117 3252 2318 3307 dixerit
2354 3252 2584 3308 fortasse
2608 3252 2901 3322 quispiam,
2938 3253 3039 3307 hoc
3071 3253 3125 3307 in
3166 3256 3420 3323 praesenti

1848 3344 2132 3415 Scriptura
2172 3344 2492 3415 significari,
2536 3360 2599 3398 ac
2656 3344 2944 3409 declarari,
2985 3342 3155 3399 fuisse
3204 3351 3422 3415 tempus

1845 3452 1969 3493 cum
2004 3445 2148 3493 terra
2181 3440 2237 3493 in
2277 3439 2385 3492 alio
2422 3440 2692 3494 elemento
2741 3440 2939 3510 posita,
2987 3440 3091 3495 sub
3136 3449 3419 3512 aspectum

1844 3546 1954 3586 non
1996 3531 2236 3596 caderet,
2270 3530 2429 3601 quasi
2483 3539 2640 3586 utero
2690 3540 2900 3601 gestata
2956 3540 3013 3586 et
3046 3540 3311 3601 concepta
3362 3533 3418 3587 iu

1843 3620 2080 3674 humidae
2108 3621 2430 3675 substantiae
2473 3629 2687 3675 natura.
2730 3620 2909 3685 Quare
2951 3621 3005 3674 in
3041 3621 3228 3674 mundi
3262 3636 3415 3676 crea-

1841 3711 1989 3765 tione
2016 3709 2277 3764 dicitur“
2304 3731 2316 3765 :
2344 3711 2507 3765 Terra
2522 3722 2696 3764 autent
2719 3722 2831 3764 erat
2858 3710 3137 3764 invisibilis
3165 3696 3399 3765 etincom

1838 3802 2033 3868 posita,
2070 3812 2119 3855 et
2161 3800 2382 3855 tenebrae
2432 3817 2587 3869 super
2642 3801 2930 3870 abyssum;
2984 3800 3079 3855 sed
3137 3809 3415 3872 postremo

1839 3894 1998 3962 quasi
2043 3893 2224 3962 genita
2258 3908 2331 3947 ex
2379 3908 2644 3962 aquarum
2698 3892 3009 3947 substantia
3049 3894 3271 3963 prodiit,
3303 3909 3411 3949 non

1840 3986 1960 4041 sine
1979 3984 2161 4039 divina
2193 3984 2415 4051 virtute,
2448 3984 2543 4039 sed
2582 3983 2778 4052 majori
2818 3992 3010 4038 coacta
3042 3986 3091 4039 vi
3128 3993 3182 4040 et
3220 4001 3410 4041 ncces-

1838 4076 2001 4132 sitate
2028 4095 2042 4129 :
2076 4076 2189 4130 haec
2220 4090 2347 4130 vero
2369 4083 2487 4130 erat
2519 4074 2798 4131 Creatoris
2823 4075 3097 4130 voluntas.
3136 4076 3412 4141 Quemad«

1836 4168 2056 4223 modum
2091 4168 2236 4223 enim
2266 4182 2295 4220 a
2326 4166 2734 4237 praegnantibus
2756 4166 3099 4231 mulieribus,
3123 4166 3413 4222 imminen-

1836 4267 1889 4315 te
1938 4260 1990 4315 vi
2037 4273 2101 4313 ac
2132 4260 2482 4323 necessitate,
2530 4258 2754 4313 deﬁnito
2805 4267 2997 4328 partus
3052 4267 3294 4328 tempore
3326 4259 3412 4312 in-

141 4357 341 4427 χρόνου
368 4356 467 4427 τῆς
504 4356 810 4421 ἀποτέξεως
838 4357 1177 4421 ἐπιστάντος,
1210 4356 1329 4409 καθ’
1360 4357 1418 4409 ὃν
1444 4357 1728 4411 ὠδίνουσαι

1848 4362 2034 4418 stante,
2085 4352 2230 4424 quod
2292 4352 2347 4405 in
2399 4362 2549 4407 utero
2592 4358 2710 4405 erat
2764 4350 3051 4416 emittitur,
3088 4358 3251 4421 atque
3302 4352 3407 4406 illa:

141 4449 421 4501 τίκτουσι·
444 4448 537 4501 τὸν
561 4448 720 4502 αὐτὸν
738 4449 939 4519 τρόπον
961 4448 1186 4520 δυνάμει
1209 4449 1302 4501 καὶ
1325 4449 1485 4520 σοφίᾳ
1504 4448 1597 4501 τοῦ
1619 4449 1727 4502 τῶν

139 4539 286 4592 ὅλων
313 4539 644 4611 δημιουργοῦ
684 4542 788 4610 γῆν
820 4541 915 4594 καὶ
941 4541 1038 4610 τὴν
1065 4538 1175 4592 τῶν
1210 4538 1510 4610 ἀνθρώπων
1551 4540 1728 4592 οἰκου-

144 4630 319 4701 μένην
348 4632 415 4685 τά
459 4630 624 4685 ὕδατα
661 4632 1054 4704 προηνέγκατο.
1088 4632 1197 4685 Καὶ
1225 4630 1368 4684 τοῦτ’
1403 4630 1725 4702 ἐπληροῦτο,

138 4722 382 4792 ὁπηνίκα
417 4719 569 4776 εἶπεν
596 4725 624 4776 ὁ
655 4723 821 4786 Θεός’
850 4721 1210 4790 Συναχθήτω
1246 4721 1319 4775 τὰ
1355 4720 1545 4774 ὕδατα
1580 4724 1727 4775 ὑκο-

138 4814 305 4867 κάτω
357 4814 462 4869 τοῦ
516 4814 776 4883 οὐρανοῦ
830 4818 916 4881 εὶς
971 4814 1334 4885 συναγωγὴν
1390 4814 1570 4883 μίαν,
1628 4812 1727 4866 καὶ

138 4906 383 4975 ὀφθήτω
414 4910 452 4976 ἡ
478 4908 649 4977 ξηρά.
694 4910 804 4963 Καὶ
858 4910 1094 4978 ἐγένετο
1131 4908 1301 4961 οὕτω.
1331 4908 1441 4961 Θέα
1484 4909 1601 4978 γάρ,
1637 4924 1726 4978 μοι

135 5001 206 5069 τῇ
234 4998 441 5071 διανοίᾳ
472 5000 571 5071 τὴν
598 5001 699 5071 γῆν
735 4999 880 5052 ἔνδον
914 5002 970 5052 ὲν
1007 5002 1118 5062 τοῖς
1151 4999 1303 5052 ῦδασι
1326 4998 1491 5052 πάλαι
1528 4998 1727 5069 πρότε-

137 5105 235 5161 ρον
283 5091 757 5162 ὲγκεκρυμμένην,
799 5091 1000 5161 τρόπον
1030 5108 1090 5143 τε
1129 5090 1271 5154 ἰλύος
1303 5090 1724 5161 ἀναλελυμένην,

137 5182 235 5234 καὶ
263 5180 343 5251 τῷ
368 5182 556 5253 πλήθει
580 5183 689 5236 τῶν
711 5184 916 5236 ὐδάτων
946 5183 1417 5254 ἀνακεκραμένην,
1441 5182 1516 5244 ὡς
1545 5184 1724 5253 ἀφανῆ

135 5268 282 5326 εἶναι
308 5273 400 5326 καὶ
430 5275 659 5344 ἀόρατον
682 5293 693 5304 ·
729 5274 808 5327 διὸ
827 5272 1085 5341 λέγεσθαι
1111 5289 1123 5302 ⁸
1168 5276 1238 5328 Ἢ
1261 5275 1329 5327 δὲ
1354 5274 1424 5344 γῆ
1450 5272 1526 5345 ἦν
1555 5277 1728 5342 ἀόρα-

132 5381 244 5431 τος
297 5365 394 5418 καὶ
438 5367 968 5431 ἀκατασχεύαστος
994 5381 1006 5394 ’
1052 5360 1149 5418 εἶθ’
1197 5365 1421 5439 ὕστερον
1476 5368 1722 5438 βουλήσει

131 5455 277 5509 Θεοῦ
334 5457 500 5527 αὐτὴν
553 5458 926 5528 συναγομένην
974 5456 1259 5512 πιλοῦσθαι
1312 5461 1575 5531 πρότερον
1627 5458 1721 5511 καὶ

134 5548 587 5620 συμπήγνυσθαι,
621 5552 712 5603 καὶ
741 5550 878 5621 μετά
921 5551 1093 5604 ταῦτα
1122 5552 1332 5623 ἀθρόως
1370 5551 1720 5606 ἀναδοθεῖσαν

206 5705 258 5739 δ’
296 5704 434 5762 Gen.
472 5722 526 5773 ι,
563 5706 618 5763 2.
695 5708 740 5739 ⁵⁸
780 5707 913 5762 Gen.
952 5723 988 5773 ι,
1020 5707 1073 5762 9.

1835 4460 1960 4500 cum
1991 4445 2179 4500 dolore
2218 4444 2472 4515 pariunt;
2508 4441 2695 4498 eodem
2734 4458 2962 4511 prorsus
2998 4442 3159 4496 modo
3184 4442 3403 4497 univer-

1834 4549 2023 4590 sorum
2076 4534 2285 4606 opiﬁcis
2320 4533 2371 4586 vi
2423 4540 2477 4587 et
2532 4532 2818 4601 sapientia,
2855 4539 3053 4584 terram
3116 4539 3169 4583 et
3220 4530 3406 4584 orbem

1830 4642 1988 4698 aqua:
2019 4626 2389 4697 protulerunt.
2424 4623 2491 4676 Et
2519 4623 2623 4677 hoc
2656 4622 2986 4691 implebatur
3018 4620 3238 4690 quando
3270 4620 3407 4674 dixit

1834 4720 1977 4775 Deus
2004 4717 2051 4750 ⁵ο
2082 4737 2094 4771 :
2124 4715 2515 4787 Congregentur
2531 4730 2680 4784 aquae
2709 4712 2804 4767 sub
2822 4712 2947 4766 caelo
2968 4714 3023 4766 in
3054 4714 3406 4768 collectionem

1830 4827 2016 4879 unam,
2037 4820 2088 4865 et
2111 4821 2363 4881 appareat
2394 4809 2571 4863 arida.
2610 4807 2679 4859 Et
2712 4805 2912 4873 factum
2941 4814 3018 4859 est
3050 4807 3147 4860 ita.
3176 4805 3239 4858 Et
3270 4821 3405 4859 con-

1831 4905 2062 4967 sideres,
2089 4918 2294 4973 quasso,
2322 4910 2523 4957 terram
2564 4900 2619 4953 in
2650 4900 2807 4968 aquis
2833 4899 2961 4951 olim
3004 4897 3402 4959 absconditam,

1831 5006 1996 5067 atque
2036 4996 2210 5050 instar
2242 4994 2340 5047 luti
2380 4993 2637 5054 solutam,
2678 5001 2732 5043 et
2757 5005 3024 5059 aquarum
3064 4988 3403 5041 multitudini

1830 5088 2183 5144 commixtam
2221 5086 2418 5149 fuisse;
2453 5083 2528 5135 ita
2552 5089 2610 5135 ut
2631 5081 2923 5135 invisibilis
2952 5089 3007 5134 et
3037 5080 3254 5133 occulta
3288 5092 3405 5131 ma-

1830 5186 1982 5235 neret
2019 5197 2031 5232 :
2067 5185 2398 5250 quapropter
2426 5174 2652 5236 dicitur,
2681 5170 2843 5225 Terra
2870 5181 3045 5224 autem
3075 5179 3188 5223 erat
3217 5169 3402 5221 invisi-

1828 5273 1947 5327 bilis
1981 5281 2029 5326 et
2070 5269 2455 5338 incomposita;
2486 5265 2680 5320 deinde
2710 5280 2839 5319 vero
2882 5280 2945 5319 ex
2995 5264 3088 5317 Dei
3124 5263 3405 5317 voluntate

1826 5374 2166 5435 compactam
2206 5372 2261 5417 et
2289 5361 2632 5431 coagulatam
2663 5357 2855 5420 fuisse,
2882 5364 2936 5411 et
2962 5363 3147 5425 postea
3182 5354 3402 5410 confer-

1826 5457 1923 5510 tim
1954 5456 2011 5510 in
2051 5455 2226 5509 lucem
2262 5453 2487 5513 editam,
2526 5451 2579 5504 in
2620 5464 2814 5517 purum
2849 5462 3027 5501 aerem
3069 5448 3400 5502 emersisse:
3460 5453 3469 5465 ’

1822 5554 1878 5606 et
1894 5547 2287 5611 animadverte,
2313 5543 2449 5599 nihil
2467 5542 2579 5598 fere
2600 5551 2715 5597 tum
2741 5540 3120 5596 intercessisse
3137 5539 3403 5596 discrimi-
