3830 6288
121 336 249 399 1129

1272 324 1778 388 COMMENTARIA
1815 329 1882 385 IN
1921 330 2262 388 PSALMOS.

3221 332 3356 393 H30

112 447 330 516 Μωῦσῇ.
361 442 516 517 Ζητῶ
544 437 600 497 δὲ
630 444 768 498 κατὰ
817 448 965 498 ποῖον
996 445 1103 517 ἄρα
1148 447 1339 517 καιρὸν
1380 446 1551 520 ταύτῃ
1592 445 1681 499 κέ-

1792 445 2054 499 neratioui
2088 460 2200 501 suae
2229 455 2282 499 ct
2316 447 2513 516 populo
2538 463 2723 503 secum
2766 450 3025 512 versanti,
3055 457 3149 503 aut
3178 451 3364 507 subseo

113 556 299 610 χρηται
319 539 384 608 τῇ
419 540 688 609 προσευχῇ
712 538 974 609 Μωῦσῆς,
1002 539 1093 592 καὶ
1123 539 1280 611 εἴπερ
1305 540 1471 611 αὐτῷ,
1495 542 1527 613 ἦ
1556 545 1683 614 μᾶλ-

112 620 195 684 λον
218 626 290 698 τῷ
322 626 436 697 λαῷ
458 625 789 697 κατάλληλος
810 627 1084 697 τυγχάνει,
1105 627 1330 699 πότερον
1347 630 1412 699 τῇ
1435 631 1596 701 γενεᾷ
1613 632 1679 702 τῇ

112 722 223 777 κατ’
249 719 432 783 αὐτὸν,
457 720 553 772 καὶ
574 718 651 789 τῷ
675 720 888 771 συνόντι
917 720 1065 790 αὐτῷ
1090 719 1277 792 λαῷ,ἢ
1302 723 1366 792 τῇ
1403 722 1517 791 μετ’
1540 718 1682 775 ἐκεί-

112 833 224 877 νους
248 812 464 882 διαδοχῇ
488 811 857 883 ἐφαρμοστέον
884 811 1069 883 αὑτήν.
1096 812 1218 865 ’Ότι
1244 812 1342 882 μὲν
1368 808 1460 865 οὖν
1481 813 1579 866 οὐκ
1603 814 1683 876 είς

112 906 263 961 αὐτὸν
314 904 582 975 προσήκει
643 904 712 958 τά
765 904 1098 975 προκείμενα
1156 903 1475 977 ἀναφέρειν,
1532 901 1683 977 οἶμαι

111 995 257 1050 πάνθ’
287 996 526 1049 ὁντινοῦν
542 996 915 1067 ὁμολογήσειν.
935 995 1059 1059 Πῶς
1073 995 1179 1067 γὰρ
1202 995 1423 1050 δύναται
1443 996 1684 1067 Μωῦσῆς

109 1091 135 1143 ὁ
165 1087 445 1159 ἄνθρωπος
474 1086 568 1140 τοῦ
583 1087 740 1152 Θεοῦ,
763 1087 890 1159 περὶ
923 1086 1088 1141 αὑτοῦ
1116 1086 1315 1156 λέγειν,
1344 1088 1464 1140 ’Ότι
1494 1086 1683 1151 ἐξελί-

111 1196 291 1249 πομεν
343 1180 415 1233 ἐν
453 1177 528 1248 τῇ
567 1176 714 1249 ὀργῇ
764 1196 915 1234 σου·
969 1179 1002 1251 ἢ
1043 1179 1181 1234 κατά
1222 1179 1313 1233 τὸν
1367 1178 1681 1251 Σύμμαχον,

112 1274 230 1325 Ὀτι
258 1271 652 1340 ἀνηλώθημεν
674 1271 745 1324 ἐν
766 1269 839 1339 τῇ
862 1269 1010 1341 ὀργῇ
1031 1287 1167 1334 σου,
1193 1271 1293 1323 καὶ
1321 1263 1390 1324 ἐν
1419 1270 1500 1335 τῷ
1522 1269 1685 1340 θυμῷ

109 1378 217 1417 σου
247 1362 674 1433 ἐταράχθημεν.
712 1365 893 1417 Ἔθου
918 1364 1025 1429 τὰς
1046 1364 1297 1432 ἀνομίας
1320 1362 1487 1432 ἡμῶν
1514 1363 1687 1415 ἐναν-

110 1456 230 1508 τίον
268 1469 415 1507 σοιν
449 1455 542 1507 καὶ
580 1452 776 1506 πάλιν·
812 1454 880 1505 At
933 1452 1149 1522 ἡμέραι
1191 1450 1360 1521 ἡμῶν
1403 1451 1686 1515 ἐξέλιπον

111 1547 172 1598 ὲν
204 1544 275 1613 τῇ
308 1544 457 1614 ὀργῇ
488 1562 603 1600 σου
624 1564 636 1575 ·
670 1543 764 1599 καὶ
794 1546 983 1599 πάλινο
1021 1547 1117 1612 Τίς
1143 1546 1415 1615 γινώσκει
1452 1548 1517 1601 τὸ
1543 1545 1685 1614 κρά-

112 1648 204 1701 τος
230 1634 339 1706 τῆς
385 1632 568 1706 ὀργῆς
599 1652 735 1701 σου,
768 1638 864 1691 καὶ
896 1636 1015 1691 ἀπὸ
1062 1636 1169 1691 τοῦ
1209 1640 1399 1707 φόϐου
1433 1654 1549 1692 σου
1581 1638 1687 1691 τὸν
1720 1648 1723 1651 ·

112 1727 289 1795 θυμόν
344 1740 507 1791 σους
556 1727 694 1781 Ἀλλ’
740 1729 822 1781 ὅτι
859 1728 957 1799 μὲν
996 1727 1171 1783 ταῦτα
1222 1729 1323 1781 οὐκ
1371 1728 1437 1782 ἂν
1482 1732 1560 1793 είς
1595 1730 1685 1782 τὸν

112 1819 333 1876 Μωῦσὲα
380 1820 730 1893 ἀναφέροιτο,
770 1821 831 1875 οὐ
869 1822 1028 1893 μόνον
1065 1820 1175 1876 ἀπὸ
1204 1821 1300 1875 τοῦ
1333 1822 1512 1877 πάντα
1556 1822 1686 1893 περὶ

110 1912 267 1982 ὀργῆς
291 1912 429 1966 Θεοῦ
460 1914 733 1985 είρῆσθαι,
764 1914 899 1968 ἀλλά
929 1915 1026 1969 καὶ
1056 1916 1164 1968 ἀπὸ
1190 1915 1284 1968 τοῦ
1310 1916 1685 1987 πληθυντικῶς

112 2004 493 2075 προενηνέχθαι
518 2006 586 2059 τά
604 2006 890 2078 εἰρημένα,
908 2003 1063 2078 δῆλόν
1080 2009 1245 2060 ἐστιν.
1265 2007 1424 2070 Εἰκὸς
1449 2003 1539 2061 οὖν
1566 2024 1686 2059 τινα

110 2098 194 2149 ἐπὶ
216 2097 304 2149 τὸν
340 2099 573 2153 συνόντα
617 2098 766 2169 αὑτῷ
799 2098 939 2153 κατά
970 2098 1067 2171 τὴν
1110 2098 1315 2170 ἔρημον
1347 2098 1475 2153 λαὸν
1516 2099 1687 2153 ταῦτα

112 2190 413 2261 ἀναφέρειν.
458 2191 598 2245 Ἀλλ’
635 2193 758 2247 οὺδέ
789 2191 945 2247 τοῦτο
984 2197 1261 2265 συγχωρεί
1284 2194 1423 2247 νοεῖν
1454 2196 1483 2247 ό
1509 2193 1685 2261 λόγος.

115 2280 173 2333 Τί
203 2282 303 2354 γὰρ
332 2281 429 2337 καί
460 2300 594 2355 φησι
614 2302 626 2314 ’
659 2285 728 2339 Τὸ
757 2287 907 2355 πρωῒ
932 2286 1011 2354 ὡς
1033 2289 1071 2356 ἡ
1104 2288 1255 2356 χλόη
1281 2286 1586 2355 παρέλθοι,
1620 2284 1691 2337 τὸ

112 2372 249 2440 πρωῒ
286 2371 553 2438 ἀνθῆσαι
586 2374 683 2428 καὶ
718 2375 1033 2443 παρέλθοι·
1069 2377 1134 2430 τὸ
1160 2375 1424 2445 ἑσπέρας
1459 2374 1688 2430 ἀποπέ-

113 2477 220 2523 σοι,
252 2464 665 2531 σκληρυνθείη
692 2463 787 2515 καὶ
816 2462 1134 2532 ξηρανθείη
1153 2482 1164 2493 ·
1207 2465 1293 2517 ὅτι
1331 2466 1690 2534 ἐξελίπομεν

112 2552 172 2605 ἐν
194 2552 262 2622 τῇ
283 2551 433 2622 ὀργῆ
463 2570 613 2617 σου;
649 2554 855 2607 Οὐκοῦν
881 2556 941 2606 οὐ
978 2554 1055 2625 τῷ
1081 2557 1225 2627 πρωϊ
1261 2574 1423 2627 φησιν
1453 2557 1684 2613 ἐκλελοι-

114 2644 277 2708 πέναι,
318 2644 464 2698 ἀλλά
492 2648 559 2699 Τὸ
592 2646 687 2716 μὲν
718 2647 869 2714 πρωῒ
893 2646 974 2711 ὠς
1003 2646 1041 2714 ὴ
1068 2649 1221 2715 χλόη
1250 2649 1533 2717 παρέλθοι
1555 2667 1567 2679 θ
1593 2652 1687 2705 καὶ

115 2733 280 2800 πάλιν,
302 2735 381 2797 οὐ,
418 2737 583 2789 Κατὰ
623 2736 691 2790 τὸ
719 2736 870 2805 πρωῒ
893 2737 1365 2803 ἁποπέσοι,οὐδὲ,
1413 2740 1573 2794 Κατὰ
1622 2741 1685 2794 τὸ

114 2828 248 2894 πρωῒ
275 2830 690 2897 σκληρυνθείη
716 2832 814 2883 καὶ
848 2831 1190 2899 ξηρανθείη,
1223 2833 1337 2884 ἀλλ’
1380 2834 1684 2899 Ἀνθήσαι,

116 2918 261 2987 φησὶν
292 2920 320 2972 ό
361 2918 546 2986 λόγος,
586 2919 733 2974 κατὰ
761 2920 827 2972 τὸ
863 2921 1014 2987 πρωῒ
1039 2920 1133 2973 καὶ
1171 2921 1455 2989 παρέλθοι
1476 2938 1491 2953 ο
1538 2922 1600 2974 τὸ
1633 2923 1689 2975 δὲ

114 3008 391 3062 ἀποπεσεῖν
440 3010 534 3063 καὶ
582 3009 982 3083 σκληρυνθῆναι
1010 3013 1105 3065 καὶ
1141 3012 1470 3083 ᾓρανθῆναι
1524 3013 1689 3066 ἐσπέ-

1786 537 1970 607 quenti
2004 538 2343 593 successioni
2374 540 2676 608 eoaptanda
2705 542 2796 596 sit.
2837 540 2991 608 Quod
3030 550 3209 596 autem
3248 541 3362 595 lucc

1784 629 1886 700 ipsi
1918 629 2123 685 referre
2153 645 2261 684 non
2293 629 2608 693 conveniat,
2642 632 2783 702 apud
2816 648 3007 687 omnes
3041 632 3277 686 arbitror
3308 633 3361 686 in

1784 718 2035 774 confesso
2071 719 2310 774 futurum
2342 736 2483 775 esse.
2505 719 2606 786 Qui
2638 721 2782 774 enim
2816 723 2985 790 possit
3014 721 3245 792 Moyses,
3276 723 3367 776 lio-

1784 827 1875 865 mo
1913 810 2027 874 Dei,
2061 812 2127 866 de
2183 828 2243 867 se
2277 812 2459 868 dicere
2494 832 2505 865 :
2544 812 2684 878 Quia
2712 811 2995 882 defecimus
3017 814 3068 865 in
3103 816 3186 869 ira
3233 825 3364 878 tua;

1784 904 1868 958 vel
1898 904 2198 959 secundum
2234 903 2618 977 Symmachum
2644 924 2655 960 :
2680 893 3147 974 Quid‘consumpti
3181 924 3365 961 sumus

1786 998 1840 1051 in
1881 996 1965 1051 ira
2009 1006 2120 1060 tua,
2150 1006 2197 1051 et
2242 998 2295 1050 in
2325 998 2505 1067 furore
2537 1010 2624 1052 tuo
2655 997 2857 1052 turbati
2890 1014 3091 1051 sumus.
3126 997 3367 1051 Posuisti

1786 1088 2090 1157 iniquitates
2136 1100 2346 1143 nostras
2393 1090 2449 1142 in
2498 1098 2775 1158 conspectu
2824 1099 2949 1152 tuo;
2990 1104 3054 1142 ac
3099 1104 3361 1144 rursum:

1785 1178 1913 1233 Dies
1964 1182 2130 1234 nostri
2174 1180 2476 1251 defecerunt
2503 1183 2557 1234 in
2592 1183 2673 1234 ira
2705 1190 2832 1245 tua;
2859 1183 3165 1249 iterumque
3193 1200 3204 1234 :
3235 1181 3365 1245 Quis

1788 1273 1927 1327 novit
1964 1274 2067 1326 vim
2095 1274 2190 1329 ira:
2216 1283 2339 1337 tum,
2375 1284 2424 1327 et
2461 1291 2494 1326 a
2526 1274 2713 1327 timore
2746 1282 2832 1325 tuo
2861 1273 2997 1325 iram
3035 1272 3223 1323 tuam?
3256 1269 3359 1323 Ve-

1787 1382 1907 1421 rum
1938 1366 2083 1436 quod
2118 1367 2232 1421 lucc
2266 1368 2331 1419 ad
2365 1367 2604 1437 Moyscm
2633 1381 2740 1420 non
2776 1365 3103 1427 referantur,
3140 1379 3246 1418 non
3284 1379 3368 1417 so-

1789 1458 1897 1511 lum
1929 1458 2056 1527 quia
2084 1457 2266 1509 omnia
2296 1457 2430 1510 iram
2461 1456 2554 1511 Dei
2578 1456 2912 1527 exprimunt,
2937 1455 3029 1509 sed
3053 1455 3214 1509 etiam
3237 1453 3364 1522 quia

1788 1551 1902 1604 11330
1955 1550 2238 1621 pluraliter
2287 1549 2659 1619 proferuntur,
2690 1547 3039 1601 manifestum
3088 1554 3193 1601 est.
3230 1544 3371 1597 Hinc

1788 1643 1954 1714 igitur
1978 1643 2271 1697 verisimile
2290 1649 2390 1703 est,
2419 1642 2529 1696 hcce
2553 1640 2861 1712 quempiam
2894 1638 3095 1709 populo
3125 1638 3217 1707 qui
3243 1653 3367 1690 cum

1788 1734 1907 1804 ipso
1942 1734 1994 1787 in
2022 1734 2241 1789 deserto
2271 1742 2410 1797 erat,
2445 1734 2811 1802 ascripturum
2835 1747 2977 1787 esse.
3010 1730 3078 1783 At
3108 1729 3159 1783 id
3189 1744 3256 1783 ne
3285 1730 3370 1783 vel

1786 1825 2028 1895 cogitare
2066 1822 2318 1878 concedit
2365 1823 2555 1877 series.
2586 1822 2697 1876 Cur
2744 1823 2888 1877 enim
2929 1820 3179 1874 diceret:
3212 1817 3373 1871 Mane

1788 1917 1921 1969 sicut
1965 1914 2125 1970 herba
2167 1923 2425 1978 transeat,
2491 1930 2643 1968 mane
2676 1913 2864 1983 ﬂoreat
2895 1922 2943 1967 et
2970 1920 3242 1975 transeat;
3283 1928 3371 1964 re-

1797 2023 1946 2076 spere
1972 2006 2203 2073 decidat,
2238 2006 2446 2060 induret
2478 2016 2527 2060 et
2571 2015 2810 2069 arescat;
2838 2006 2962 2075 quia
2993 2004 3278 2073 defecimus
3315 2004 3372 2056 in

1790 2102 1870 2153 ira
1900 2102 2031 2154 tua?
2062 2099 2246 2169 Itaque
2282 2115 2388 2152 non
2419 2098 2552 2152 dicit
2586 2114 2744 2153 mane
2773 2096 3071 2158 defecisse,
3103 2094 3228 2150 sed:
3252 2092 3372 2148 Ha-

1791 2206 1852 2243 ne
1892 2191 2026 2243 sicut
2074 2188 2235 2243 herba
2266 2196 2540 2251 transeat;
2581 2202 2759 2255 neque
2810 2201 3027 2239 rursum
3064 2184 3184 2239 ait:
3219 2182 3372 2238 illanc

1790 2280 2019 2345 decidat,
2048 2297 2261 2351 neque:
2295 2279 2454 2333 Mane
2490 2278 2698 2333 indurat
2731 2288 2780 2332 et
2812 2286 3052 2339 arescat;
3094 2276 3186 2332 sed
3231 2276 3370 2331 dici-

1794 2381 1881 2425 tur
1916 2392 1928 2425 :
1964 2370 2122 2425 Mane
2155 2370 2341 2440 ﬂoreat
2391 2380 2439 2425 et
2490 2378 2764 2432 transeat;
2799 2376 2858 2423 ut
2904 2379 3083 2423 autem
3132 2367 3366 2432 decidat,

1793 2464 2011 2518 induret
2039 2474 2091 2517 ct
2123 2472 2357 2527 arescat,
2381 2477 2605 2532 vespere
2626 2460 2869 2515 futurum
2897 2474 3019 2515 esse
3036 2459 3110 2513 ait
3135 2458 3222 2511 bis
3250 2474 3370 2512 vcr-

1792 2557 1879 2612 bis
1909 2576 1921 2607 :
1967 2553 2184 2623 Vespere
2213 2555 2444 2620 decidat,
2465 2552 2673 2607 induret
2717 2562 2767 2605 et
2795 2559 3042 2613 arescat;
3074 2549 3207 2603 illud
3237 2563 3373 2618 quo-

1793 2666 1899 2720 que
1935 2669 1946 2703 :
1979 2649 2117 2716 Quia
2171 2649 2456 2717 defecimus
2504 2648 2561 2699 in
2605 2647 2689 2699 ira
2731 2654 2843 2709 tua,
2873 2659 3100 2714 vespere
3129 2641 3369 2697 futurum

1791 2758 1914 2797 esse
1948 2741 2154 2795 dictum
2186 2748 2270 2795 est
2312 2760 2324 2793 :
2357 2754 2482 2793 nam
2536 2737 2661 2799 hoc,
2694 2736 2968 2808 inquiunt,
3004 2742 3249 2804 tempore
3279 2736 3372 2786 de-

1793 2833 2040 2887 fecimus.
2074 2832 2343 2899 Quoniam
2373 2845 2497 2884 cum
2534 2842 2694 2882 mane
2742 2827 2925 2890 nores,
2959 2826 3123 2880 herba
3159 2833 3211 2878 et
3239 2835 3375 2877 tem-

1793 2939 2031 2995 poranea
2063 2923 2308 2994 quaedam
2347 2920 2557 2992 species
2582 2919 2904 2980 exstitisset,
2937 2930 3163 2986 vespere
3190 2928 3371 2968 emar—

1793 3016 1905 3069 cuit
1937 3016 2127 3079 lierba,
2161 3023 2212 3069 et
2264 3014 2425 3069 ﬂores
2470 3011 2731 3069 exsiccati
2783 3010 3121 3065 defecerunt.
3160 3006 3224 3060 Et
3260 3007 3375 3061 haec

118 3114 205 3168 ρας
234 3097 460 3153 ἔσεσθαί
505 3117 659 3172 φησι,
694 3101 870 3169 λέγων
890 3101 971 3165 τὸ,
1022 3102 1319 3169 Ἐσπέρας
1361 3103 1683 3169 ἁποπέσοι,

1793 3108 2010 3177 quidem
2044 3107 2221 3161 oratio
2249 3104 2427 3176 quoad
2478 3104 2711 3159 litteram
2744 3103 2818 3156 ita
2855 3116 2913 3157 se
2945 3101 3141 3164 habet;
3176 3111 3373 3153 sensus

114 3193 510 3259 σκληρυνθείη
544 3193 639 3245 καὶ
680 3192 1032 3262 ξηρανθείη·
1077 3193 1172 3246 καὶ
1218 3195 1298 3247 τόο
1340 3195 1469 3247 Ὅτι
1497 3194 1689 3259 ἐξελί-

115 3294 288 3352 πομεν
307 3284 375 3337 ἐν
398 3282 481 3352 τῇ
509 3282 657 3353 ὀργῇ
682 3301 821 3350 σου,
853 3286 993 3339 κατὰ
1018 3286 1079 3338 τὸ
1109 3286 1347 3357 ἑσπέρας
1372 3286 1588 3340 ἔσεσθαι
1612 3287 1691 3339 εἴ·

116 3391 261 3444 ρηται
281 3393 294 3408 ·
325 3378 383 3430 ἐν
412 3375 591 3448 τούτῳ
614 3378 741 3451 γάρ,
777 3378 962 3449 φησὶν,
1008 3377 1325 3449 ἐξελξπομεν
1347 3392 1358 3405 ’
1395 3378 1690 3450 ἐπειδήπερ

116 3466 169 3518 τὸ
194 3466 330 3538 πρωῒ
361 3469 537 3539 ἀνθης
566 3469 884 3541 γενομένης,
917 3470 1011 3524 καὶ
1044 3469 1204 3542 χλόης
1229 3471 1321 3524 καὶ
1354 3473 1689 3545 προσκαίρου

115 3558 243 3621 τινὸς
284 3560 597 3631 ὠραϊσμοῦ,
634 3562 773 3615 κατά
804 3562 903 3633 τὴν
941 3563 1180 3635 ἑσπέραν
1225 3564 1622 3635 σκληρυνθεῖσα
1656 3568 1689 3637 ἠ

116 3647 231 3721 χλόη
266 3652 358 3705 καὶ
388 3650 893 3725 ἀποξηρανθεῖσαή
929 3652 1063 3724 ἄνθη
1099 3654 1336 3719 ἐξέλιπε.
1361 3656 1469 3708 Καὶ
1501 3656 1569 3710 τά
1594 3656 1691 3727 μὲν

115 3740 203 3811 τῆς
227 3742 429 3807 λέξεως
454 3743 551 3814 τῆς
582 3743 863 3815 παρούσης
894 3745 1202 3816 προσευχῆς
1230 3746 1416 3798 τοῦτον
1456 3746 1570 3817 ἔχει
1599 3748 1692 3799 τὸν

115 3833 328 3902 τρόπον’
364 3835 439 3889 τὰ
475 3835 533 3889 δὲ
562 3835 663 3906 τῆς
703 3836 939 3899 διανοίας
965 3837 1064 3890 οὐκ
1106 3839 1389 3908 ἐπιτρέπει
1439 3839 1532 3890 ἐπὶ
1563 3841 1692 3903 τοὺς

116 3921 377 3990 Μωῦσὲως
399 3928 630 3998 χρόνους
651 3930 742 3981 καὶ
763 3927 860 3998 τὴν
884 3930 1003 3985 κατ’
1024 3928 1185 3982 αὐτὸν
1211 3930 1401 3998 γενεὰν
1436 3930 1691 3999 συνάγειν

115 4016 176 4070 τὰ
193 4018 477 4090 εἰρημένα.
505 4020 578 4072 Οὐ
611 4020 721 4090 γὰρ
746 4020 955 4091 ἑσπέρα
987 4016 1056 4091 ἦν
1080 4022 1220 4085 τότε,
1252 4022 1376 4076 οὐδὲ
1394 4021 1463 4076 τὰ
1486 4021 1692 4077 ὕστατα

117 4107 199 4159 τοῦ
232 4112 293 4162 ἐκ
332 4111 639 4183 περιτομῆς
682 4112 813 4167 λαοῦ
837 4128 850 4142 ⁶
885 4112 1052 4184 ἀρχαὶ
1076 4112 1131 4166 δὲ
1169 4109 1309 4184 ἦσαν
1350 4114 1551 4177 αὐτῶν,
1598 4116 1692 4169 καὶ

118 4200 227 4254 τότε
261 4204 481 4275 πρῶτον
510 4205 693 4268 αὐτοῖς
722 4205 1072 4259 ἀνατετάλκει
1101 4207 1164 4258 τὸ
1196 4207 1259 4259 ἐκ
1289 4206 1423 4260 θεοῦ
1465 4207 1689 4277 φέγγος.

119 4293 200 4347 Διὸ
216 4296 306 4348 καὶ
324 4296 385 4350 τὸ
410 4294 558 4368 πρωῒ
605 4297 897 4369 ὠνομάσθη
917 4300 949 4368 ἡ
969 4295 1158 4351 τούτου
1189 4314 1248 4350 τε
1287 4298 1480 4370 καιροῦ
1516 4299 1683 4352 κατά·

120 4399 313 4452 στασις,
332 4388 425 4442 καὶ
451 4392 483 4458 ή
511 4388 604 4442 τοῦ
625 4388 759 4443 Θεοῦ
784 4391 863 4453 εἰς
887 4390 1084 4453 αὐτοὺς
1112 4390 1404 4461 ἐπισκοπή.
1453 4390 1693 4461 Ἐσπὲρα

117 4474 167 4528 δὲ
194 4479 309 4532 τότε
354 4481 538 4543 αὐτοῖς
567 4480 813 4548 γέγονεν,
842 4482 876 4551 ἡ
907 4481 999 4535 ἐπὶ
1023 4481 1302 4552 συντελείᾳ
1336 4481 1427 4535 τοῦ
1472 4481 1687 4545 αἰῶνος,
1727 4513 1767 4566 D

119 4568 227 4621 καθ’
267 4571 332 4639 ἢν
366 4571 454 4623 ἐδυ
483 4572 669 4635 αὐτοῖς
723 4574 751 4626 ό
796 4570 917 4625 τότε
944 4570 1229 4637 ἀνατείλας
1274 4573 1466 4641 Λόγος.
1529 4572 1692 4625 Ἀλλά

116 4661 228 4713 τότε
259 4662 355 4734 μὲν
408 4663 739 4717 ἀνατέταλκε
780 4662 873 4717 καὶ
917 4664 1131 4735 πρωῒαν
1165 4663 1348 4727 αὐτοῖς
1386 4664 1689 4735 εἰργάζετο,

117 4748 197 4803 ὅτε
234 4754 325 4806 καὶ
361 4754 510 4824 ηνθει
540 4754 610 4809 τὰ
656 4754 775 4808 κατ’
805 4754 1000 4818 αὐτοὺς
1034 4755 1351 4826 πράγματα.
1390 4756 1465 4810 Οὐ
1525 4756 1689 4828 παρέ-

121 4858 259 4909 μεινε
288 4844 344 4897 δὲ
375 4846 433 4898 ἐν
463 4848 529 4916 τῇ
553 4846 783 4917 ἀληθείᾳ
803 4864 817 4878 ·
844 4845 979 4900 ἀλλὰ
1008 4846 1117 4919 γὰρ
1142 4848 1455 4918 ἀνθήσαντα
1480 4849 1694 4920 παρῆλ-

118 4931 192 4995 Θε,
221 4936 313 4988 καὶ¹
357 4938 515 5001 σκιᾶς
556 4937 711 5008 δίκην
766 4939 1116 5009 παρέδραμεο
1159 4935 1240 4991 διὸ
1288 4938 1573 4997 λέλεκται·
1624 4938 1693 4993 Τὸ

117 5025 257 5090 πρωΐ
290 5027 371 5093 ὡς
399 5030 435 5097 ἡ
466 5030 618 5097 χλόη
652 5031 958 5097 παρέλθοι.
994 5029 1150 5084 Μετὰ
1181 5030 1239 5083 δὲ
1276 5031 1375 5102 τὴν
1413 5030 1693 5095 Μωῦσέως

118 5114 364 5191 τελευτὴν
404 5122 564 5175 πάλιν
597 5123 654 5178 ἐν
674 5125 789 5186 τοῖς
820 5123 957 5193 μετὰ
988 5123 1165 5178 ταῦτα
1186 5122 1396 5194 χρόνοις
1418 5124 1693 5186 ἐπιδόντες

118 5207 191 5269 εἰς
212 5208 434 5280 αὔξησιν
466 5214 560 5267 καὶ
595 5213 817 5283 μείζονα
850 5213 1010 5283 φυὴν,
1070 5212 1191 5266 οὐδὲ
1224 5213 1365 5265 οὕτω
1392 5212 1692 5284 διέμειναν,

119 5298 245 5354 ἀλλά
272 5304 579 5375 παρῆλθον*
616 5305 697 5363 διὸ
729 5304 821 5358 καὶ
848 5303 1100 5375 δεύτερον
1129 5304 1412 5357 λέλεκται·
1446 5305 1517 5358 Τὸ
1545 5304 1696 5372 πρωϊ

120 5389 371 5457 ἀνθῆσαι
402 5396 496 5449 καὶ
532 5396 835 5465 παρέλθοι.
873 5396 955 5450 Τά
985 5392 1043 5448 δέ
1074 5413 1137 5464 γε
1183 5396 1469 5450 τελευταῖα
1510 5395 1691 5450 αὐτῶν

122 5484 251 5548 μετά
285 5486 457 5541 ταῦτα
490 5489 812 5560 σημαίνεται
852 5489 942 5544 διὰ
989 5489 1168 5544 τοῦτο’
1214 5485 1510 5556 Ἐσπέρας
1538 5489 1689 5541 ἀπο-

120 5572 307 5641 πέσοι,
338 5580 433 5634 καὶ
479 5585 887 5650 σκληρυνθείη
942 5583 1039 5637 καὶ
1085 5582 1441 5650 ξηρανθείη·
1494 5580 1555 5633 τὸ
1588 5582 1694 5651 γὰρ

192 5757 233 5787 ⁵³
274 5758 431 5815 llich.
472 5780 563 5827 ιιι,
599 5764 650 5819 6.
731 5765 775 5795 “
814 5765 1044 5822 Malacli.
1084 5782 1165 5833 Iv,
1201 5766 1257 5821 2.
1334 5765 1378 5798 ⁸³
1420 5762 1528 5819 Jcr.
1564 5781 1652 5830 xv,
1687 5764 1741 5817 9.

443 5860 703 5919 PATuOL.
756 5859 875 5920 (in.
908 5859 1147 5920 XXIII.

1789 3215 1920 3254 vero
1955 3199 2021 3253 ad
2053 3197 2254 3270 Moysis
2285 3208 2529 3272 tempora
2552 3203 2605 3251 et
2629 3195 2695 3249 ad
2723 3195 2807 3251 sui
2839 3194 2935 3249 aevi
2958 3193 3373 3265 generationem

1792 3290 2031 3347 conferri
2066 3288 2483 3361 nequit.Neque
2507 3287 2651 3343 enim
2686 3294 2816 3340 tunc
2849 3300 3074 3355 vespera
3105 3293 3245 3342 erat,
3287 3297 3377 3336 ne-

1792 3400 1899 3455 que
1922 3391 2163 3439 extrema
2188 3383 2371 3452 populi
2403 3397 2471 3437 ex
2500 3378 2918 3435 circumcisione
2946 3386 3187 3445 tempora
3214 3389 3378 3429 vene-

1792 3485 1946 3541 rant;
1979 3474 2073 3530 scd
2108 3483 2238 3527 tunc
2268 3472 2492 3527 exordia
2539 3470 2659 3540 ejus
2690 3475 2867 3533 erant,
2904 3478 2957 3523 et
2984 3475 3114 3521 tunc
3140 3466 3377 3537 primum

1792 3585 1856 3624 ex
1908 3566 2019 3622 Deo
2069 3566 2162 3619 lux
2217 3571 2333 3619 orta
2363 3571 2501 3617 erat.
2537 3561 2900 3628 Quamobrem
2939 3556 3199 3628 temporis
3229 3556 3378 3611 illius

1793 3659 2056 3722 conditio,
2086 3667 2133 3711 et
2187 3656 2281 3710 Dei
2336 3654 2604 3725 inspectio
2657 3666 2941 3714 concessa,
2976 3664 3137 3704 mane
3185 3653 3377 3701 vocata

1793 3762 1896 3809 est.
1929 3751 2087 3805 Tunc
2117 3759 2297 3804 autem
2333 3760 2559 3817 vespera
2587 3743 2688 3797 fuit
2716 3744 2843 3805 illis,
2870 3755 2993 3795 cum
3028 3741 3082 3793 in
3116 3752 3377 3793 consum-

1794 3845 2034 3900 matione
2069 3843 2252 3899 saeculi
2282 3839 2544 3900 Verbum,
2574 3836 2720 3906 quod
2753 3835 2881 3888 hinc
2915 3840 3095 3887 ortum
3126 3842 3262 3895 erat,
3288 3844 3377 3884 oc-

1794 3938 1925 3993 cidit
1956 3937 2085 3992 illis.
2120 3935 2322 3990 Verum
2353 3940 2484 3995 tunc.
2510 3928 2731 4001 quidem
2763 3935 2944 3983 ortum
2972 3931 3078 3989 est,
3109 3930 3163 3980 et
3191 3932 3376 3977 matu-

1795 4030 1971 4085 tinum
2002 4028 2137 4097 ipsis
2161 4025 2360 4089 eﬂ‘ecit,
2394 4038 2517 4077 cum
2562 4036 2652 4076 res
2698 4022 2942 4090 ipsorum
2969 4016 3247 4073 ﬂorerent.
3278 4014 3380 4069 Ne-

1796 4136 1903 4191 que
1950 4134 2080 4175 sane
2115 4118 2170 4171 in
2203 4115 2433 4172 veritate
2481 4119 2934 4183 permanserunt;
2984 4107 3081 4163 sed
3117 4120 3242 4163 cum
3280 4106 3380 4160 llo-

1800 4209 2060 4273 ruissent,
2091 4203 2450 4265 transierunt,
2478 4209 2533 4257 et
2557 4201 2765 4255 umbra:
2796 4198 2974 4252 instar
3010 4196 3374 4268 aufugerunt:

1797 4300 2151 4369 quamobrem
2183 4296 2392 4350 dictum
2422 4300 2505 4348 est
2539 4312 2550 4346 :
2582 4289 2742 4346 Mane
2764 4290 2897 4345 sicut
2921 4288 3081 4342 herba
3110 4297 3370 4342 transeat.

1796 4391 1929 4446 Post
1972 4388 2176 4460 Moysis
2224 4394 2405 4441 autem
2452 4385 2684 4452 obitum,
2716 4383 2772 4439 in
2822 4381 3178 4453 sequentibus
3211 4380 3375 4434 etiam

1797 4483 2157 4553 temporibus,
2191 4480 2243 4533 in
2277 4478 2557 4533 meliorem
2589 4485 2790 4532 statum
2826 4475 2971 4530 aucti
3014 4481 3069 4529 et
3110 4471 3375 4544 provecti,

1798 4592 1906 4630 non
1964 4575 2038 4628 ita
2096 4577 2501 4635 remanserunt,
2554 4568 2650 4623 sed
2707 4568 3041 4623 transierunt
3073 4582 3087 4618 :
3119 4564 3379 4635 quocirca

1796 4668 1960 4722 etiam
1990 4664 2234 4721 secundo
2260 4663 2469 4718 dictum
2492 4668 2612 4715 est:
2640 4657 2800 4713 Mane
2826 4659 3013 4728 ﬂoreat
3042 4666 3091 4711 et
3121 4662 3378 4709 transeat.

1795 4758 2080 4813 Postrema
2127 4770 2256 4809 vero
2302 4769 2491 4810 eorum
2527 4751 2632 4808 sub
2668 4752 2783 4805 beet:
2830 4751 2903 4804 ita
2948 4746 3326 4819 signiﬁcantur
3363 4763 3378 4800 :

1810 4848 2029 4916 Vespere
2056 4846 2287 4909 decidat,
2314 4844 2523 4899 induret
2564 4850 2614 4897 et
2670 4848 2920 4894 arescat:
2959 4852 3084 4892 nam
3117 4834 3262 4908 quod
3289 4849 3379 4889 se-

1800 4940 1976 4995 nescit
2004 4945 2059 4994 et
2085 4940 2441 4999 inveteratur,
2481 4948 2730 5004 prox1me
2775 4932 3054 4987 interitum
3088 4938 3189 4984 est.
3222 4924 3381 4992 Quod

1794 5047 1925 5087 sane
1950 5031 2057 5086 illis
2081 5030 2311 5100 contigit
2340 5028 2628 5082 occidente
2648 5025 2875 5094 iustitia:
2899 5023 3043 5087 Sole,
3079 5019 3380 5077 secundum

1798 5122 2136 5193 pro‘plietiam
2164 5136 2284 5191 qua:
2315 5119 2388 5172 ait
2425 5136 2438 5173 :
2485 5116 2547 5172 Et
2578 5116 2771 5171 occidet
2798 5115 2877 5170 sol
2904 5129 3057 5181 super
3077 5110 3379 5181 prophetas,

1792 5216 1880 5285 qui
1908 5228 2087 5268 errare
2116 5213 2318 5282 faciunt
2348 5217 2600 5280 populum
2629 5224 2797 5261 meum
2821 5207 2886 5262 ⁵³.
2913 5201 3381 5270 Quemadmodum

1795 5306 1939 5360 enim
1969 5305 2037 5359 de
2061 5304 2227 5373 justis
2257 5302 2466 5358 dictum
2496 5309 2581 5354 est
2609 5317 2620 5352 :
2647 5298 2862 5353 Orietur
2886 5296 3187 5350 timentibus
3215 5292 3385 5345 Deum

1800 5398 1897 5454 Sol
1925 5395 2249 5468 justitiw“;
2282 5394 2361 5450 sic
2390 5402 2555 5447 etiam
2580 5393 2645 5447 de
2673 5392 2854 5461 impiis
2877 5388 3082 5443 dictum
3115 5395 3197 5441 est
3230 5403 3242 5439 :
3281 5383 3387 5439 Oc-

1802 5488 2042 5545 cidetsol
2075 5502 2231 5554 super
2268 5484 2483 5542 illos”:
2520 5500 2586 5539 ac
2621 5496 2842 5537 rursum
2879 5477 3003 5534 alibi
3042 5496 3053 5531 :
3088 5477 3157 5531 Et
3184 5474 3385 5529 occidet

1802 5580 1882 5633 sol
1914 5581 1965 5633 in
1990 5576 2225 5640 meridie,
2269 5587 2315 5628 et
2347 5576 2477 5629 luna
2524 5592 2625 5630 non
2660 5571 2805 5628 dabit
2836 5572 3003 5626 lucem
3046 5585 3197 5625 suam
3225 5569 3293 5623 ⁸⁸.
3326 5565 3389 5622 In

1845 5763 1890 5795 δ⁶
1930 5759 2095 5814 Amos
2126 5758 2260 5828 VIIII,
2294 5755 2347 5809 9.

2982 5849 3062 5911 36
