3830 6288
498 360 630 407 ΗΜ

1198 355 1467 412 EUSEBII
1506 355 1996 415 CESARIENSIS
2032 359 2187 416 OPP.
2237 362 2418 419 PARS
2458 363 2542 421 Ill.
2567 394 2635 404 —
2677 361 3087 424 EXEGEﬂCA.

3595 367 3700 434 1152

498 469 970 526 cuiusummatione
1001 471 1168 540 igitur
1197 472 1382 527 saeculi
1413 481 1540 543 post
1561 473 1872 530 Servatoris
1903 484 2055 530 nostr

2186 479 2582 552 παλαιούμενον
2607 482 2701 535 καὶ
2728 475 3007 554 γηράσκον
3036 478 3206 552 ’ἐγγὺς
3236 484 3554 558 ἀφανισμοῦ.
3583 493 3635 546 '0
3656 491 3704 566 δὴ

497 561 811 623 adventum,
845 575 970 614 cum
996 576 1223 632 vespera
1255 562 1390 632 ipsis
1421 563 1758 629 advenisset,
1783 578 1847 619 ac
1870 563 1960 619 lux
1995 581 2083 620 ve-

497 653 678 706 ritatis
709 653 868 722 plane
901 652 1220 719 occidisset,
1258 655 1313 708 in
1368 655 1588 710 ruinam
1633 664 1687 710 et
1717 657 2080 727 abjectionem

495 745 711 813 penitus
760 743 1121 808 devenerunt,
1159 752 1324 816 atque
1355 746 1458 801 hoc
1483 749 1767 802 oraculum
1798 749 2079 819 impletum

493 845 576 891 est
608 855 622 891 :
665 833 885 904 Vespere
913 836 1144 901 decidat,
1187 838 1398 893 indurat
1424 850 1473 894 et
1507 851 1738 897 arescat.
1764 841 1906 908 Quia
1937 842 2081 912 defe-

491 929 659 982 cimus
688 930 743 981 in
768 930 853 983 ira
886 939 999 993 tua,
1026 940 1076 984 et
1100 931 1154 984 in
1181 931 1362 997 furore
1389 943 1478 987 tuo
1508 933 1707 988 turbati
1735 951 1936 990 sumus.
1963 934 2081 992 llis-

489 1035 596 1089 que
650 1017 867 1075 videtur
917 1022 1052 1076 mihi
1108 1022 1324 1094 Moyses
1357 1025 1668 1079 orationem
1718 1028 2074 1091 concinnare,

490 1115 676 1182 populi
724 1123 846 1184 post
895 1113 1196 1171 Salvatoris
1231 1118 1410 1172 nostri
1452 1117 1745 1173 adventum
1776 1121 2076 1175 conditioni

489 1216 936 1262 consentaneam.
993 1206 1126 1261 Nam
1158 1209 1423 1279 propheta
1461 1226 1586 1264 cum
1620 1221 1785 1275 esset,
1811 1220 1864 1267 et
1893 1212 2076 1268 divina

489 1297 833 1367 praascientia
871 1295 1233 1366 abjectionem
1281 1315 1474 1354 eorum
1528 1302 1772 1356 ultimam
1815 1314 1866 1356 et
1897 1314 2076 1359 extre-

487 1403 633 1442 mam
663 1391 875 1443 ruinam
900 1391 1254 1459 prospiceret,
1287 1393 1526 1447 salutare
1555 1395 1686 1464 ipsis
1713 1395 2075 1465 pharmacum

488 1486 554 1538 ad
587 1484 852 1539 medelam
883 1487 1231 1555 suggerebat,
1268 1489 1410 1543 hanc
1453 1489 1706 1544 videlicet
1743 1492 2071 1555 orationem,

486 1590 652 1647 quam
688 1577 741 1630 in
773 1577 1015 1642 arcanis,
1047 1586 1106 1631 ut
1136 1579 1452 1645 ,verisimile
1500 1590 1607 1647 est,
1637 1591 1690 1636 et
1721 1591 1875 1636 extra
1912 1583 2074 1636 aliam

487 1668 821 1737 scripturam
860 1683 1040 1731 suam,
1075 1668 1143 1722 iis
1183 1672 1278 1740 qui
1321 1687 1520 1726 arcana
1552 1689 1720 1742 penes
1755 1689 1813 1727 se
1843 1674 2075 1729 retinere

2183 572 2275 625 καὶ
2299 573 2426 644 περὶ
2461 574 2642 638 αὐτοῖς
2674 574 2897 643 γέγονεν
2924 575 3203 640 ἐπιδόντος
3231 577 3415 642 αὐτοῖς
3436 579 3524 633 τοῦ
3544 579 3629 651 τῆς
3647 584 3705 638 δι.

2181 664 2691 735 καιοσύνηςἮλίου,
2717 666 2858 720 κατά
2883 667 2980 739 τὴν
3005 669 3252 740 φήσασαν
3273 671 3704 743 προφητείανοιωί

2179 756 2426 810 δύσεται
2453 761 2485 811 ό
2508 759 2679 827 ἥλιος
2703 759 2801 812 ἐπὶ
2831 759 2972 826 τοὺς
2993 761 3303 830 προφήτας
3325 762 3468 829 τοὺς
3486 765 3705 820 πλανῶν-

2179 866 2287 914 τας
2317 847 2425 902 τὸν
2454 847 2609 904 λαόν
2640 869 2782 920 μου.
2812 853 3020 924 ’Ὠσπερ
3061 854 3169 924 γὰρ
3209 854 3341 926 περὶ
3382 856 3489 909 τῶν
3527 857 3703 915 δικαίων

2179 937 2372 1013 ἐλέχθη
2388 938 2466 1006 τὸ,
2484 941 2540 996 Ἀ
2549 943 2787 997 νατελεῖ
2809 945 2931 1012 τοῖς
2952 946 3341 1016 φοϐουμένοις
3356 948 3702 1019 αὐτὸνἭλιος

2178 1028 2592 1104 δικαιοσύνης,
2635 1036 2777 1091 οὕτω
2827 1040 3080 1110 καὶπερὶ
3129 1039 3236 1092 τῶν
3282 1039 3496 1096 ἀσεϐῶν
3540 1044 3700 1114 εἴρηται

2176 1129 2256 1191 τὸ,
2287 1130 2537 1183 Δύσεται
2568 1133 2600 1183 ὀ
2626 1130 2800 1198 ἥλιος
2818 1132 2914 1184 ἐπὶ
2939 1131 3161 1187 τοῖσδε·
3190 1134 3284 1188 καὶ⁵
3313 1132 3478 1187 πάλιν

2177 1222 2288 1275 Καὶ
2316 1223 2562 1276 δύσεται
2577 1226 2609 1276 ό
2633 1223 2806 1291 ἥλιος
2827 1226 3217 1294 μεσημϐρίας,
3241 1227 3342 1280 καί
3367 1225 3408 1294 ἠ
3429 1226 3634 1295 σελήνη
3652 1230 3703 1283 οὐ

2176 1314 2350 1369 δώσει
2383 1317 2447 1370 τὸ
2491 1316 2709 1386 φέγγος
2736 1317 2944 1386 αὐτῆς.
2985 1312 3108 1372 Ἐπὶ
3155 1318 3439 1391 συντελείᾳ.
3467 1319 3621 1373 τοίνυν
3639 1323 3703 1377 τοῦ

2176 1407 2372 1472 αίῶνος
2395 1409 2531 1478 μετά
2548 1408 2646 1480 τὴν
2663 1409 2756 1462 τοῦ
2776 1409 3024 1481 Σωτῆρος
3038 1411 3194 1482 ἡμῶν
3212 1411 3532 1484 παρουσίαν,
3548 1413 3622 1466 ὅτε
3633 1411 3703 1467 αὐ-

2174 1501 2286 1561 τοῖς
2317 1501 2350 1570 ἡ
2381 1499 2585 1571 ἑσπέρα
2610 1500 2836 1570 ἐπῆλθε,
2868 1501 3054 1566 δύντος
3089 1503 3272 1566 αὐτοῖς
3311 1501 3391 1566 ὡς
3419 1503 3614 1574 ἀληθῶς
3636 1502 3706 1558 τοῦ

2173 1588 2272 1658 τῆς
2296 1589 2552 1659 ἀληθείας
2580 1589 2775 1660 φωτὸς,
2801 1593 2834 1661 ή
2851 1590 3124 1655 ἔκπτωσις
3150 1592 3333 1645 αὐτῶν
3356 1593 3453 1646 καὶ
3472 1592 3706 1667 ήάποϐολὴ

2173 1680 2358 1745 τέλους
2388 1681 2565 1751 ἔτυχε,
2585 1682 2680 1734 καὶ¹
2706 1681 2770 1734 τὸ
2797 1674 2971 1754 παρὸν
3001 1681 3291 1756 ἐπληρώθη
3330 1685 3512 1753 λόγιον
3541 1687 3706 1756 φῆσαν·

421 1773 453 1848 ,ζ
487 1769 715 1830 possent
762 1761 1029 1822 tradidit;
1065 1764 1393 1835 videturque
1425 1766 1570 1836 apud
1601 1767 1723 1822 illos
1755 1767 1846 1819 diu
1878 1775 1932 1822 et
1967 1768 2048 1837 pri

2179 1773 2250 1827 Τὸ
2287 1773 2550 1842 ἑσπέρας
2596 1774 2912 1841 ἀποπέσοι,
2947 1779 3362 1846 σκληρυνθείη
3412 1777 3506 1832 καὶ
3535 1780 3706 1848 (inpar-

443 1845 654 1904 ‘vatim
707 1866 826 1907 eam
877 1852 1126 1917 latuisse,
1158 1870 1224 1909 ac
1273 1855 1489 1912 demum
1543 1857 1680 1912 libro
1726 1850 2055 1914 Psalmorun

2173 1865 2321 1933 θείη.
2349 1865 2476 1919 ’Ότι
2510 1865 2867 1937 ἐξελίπομεν
2897 1868 2966 1921 ἐν
2994 1859 3069 1938 τῇ
3274 1845 3419 1935 σου,
3451 1871 3544 1924 καί
3574 1845 3706 1938 έντῷ

486 1945 800 1999 necessario
849 1946 1110 2000 insertam
1167 1947 1358 2012 fuisse,
1402 1965 1472 2004 ne
1521 1949 1782 2004 diuturno
1827 1960 2055 2022 temporc

2173 1956 2339 2026 θυμῷ
2359 1976 2475 2012 σου
2508 1959 2932 2030 ἐταράχθημεν.
2960 1963 3068 2016 Καί
3091 1981 3180 2034 μοι
3200 1964 3354 2018 δοκεί
3371 1963 3462 2018 διὰ
3495 1964 3667 2019 τούτων
3685 1966 3706 2018 ὁ

484 2035 676 2089 multis
710 2037 886 2093 latens
918 2046 970 2092 et
995 2041 1241 2111 neglecta
1271 2043 1566 2099 excideret.
1601 2041 1671 2096 Ut
1695 2043 1860 2114 igitur
1889 2059 2055 2099 serva

2172 2049 2413 2121 Μωῦσῆς
2448 2052 2757 2124 προσευχὴν
2804 2055 3061 2120 συντάξαι
3104 2054 3456 2127 ἁρμόζουσαν
3483 2060 3546 2128 τῇ
3577 2074 3703 2110 κατα·

484 2136 657 2186 rctur.
692 2131 1060 2202 omnibusque.
1093 2145 1218 2188 nota
1249 2145 1517 2196 maneret.
1549 2135 1691 2190 libro
1722 2135 2055 2192 Psalmorn-

2173 2141 2358 2196 στάσει
2384 2141 2476 2196 τοῦ
2502 2143 2653 2209 λαοῦ,
2679 2147 2748 2217 τῇ
2770 2145 2906 2219 μετά
2933 2146 3031 2218 τὴν
3052 2145 3360 2218 παρουσίαν
3383 2146 3478 2201 τοῦ
3506 2147 3703 2219 Σιιηῆρος

480 2223 689 2277 inserta
726 2222 849 2290 fuit,
877 2228 977 2280 etsi
1008 2227 1251 2297 psalmus
1287 2243 1395 2283 non
1423 2229 1514 2284 sit.
1541 2227 1729 2300 Neque
1757 2231 1902 2284 enim
1927 2231 2055 2299 psal-

2168 2233 2349 2305 ἡμῶν.
2390 2235 2684 2307 Προφήτης
2707 2229 2800 2290 οὖν
2827 2236 2924 2302 ὢν,
2949 2238 3254 2310 προγνώσει
3282 2256 3350 2292 τε
3386 2238 3504 2311 θεία
3522 2237 3576 2292 τὸ
3596 2239 3703 2301 τέλος

480 2315 554 2368 mi
587 2315 866 2386 quidpiam
903 2318 1287 2388 complectitur
1320 2339 1334 2376 :
1370 2321 1615 2390 psalmus
1642 2321 1843 2392 quippe
1870 2321 1937 2375 ad
1967 2323 2055 2377 ιω·

2171 2327 2350 2382 αὐτῶν
2375 2329 2472 2401 τῆς
2497 2329 2766 2402 ἀποϐολῆς
2797 2325 2890 2384 καὶ
2915 2330 3014 2402 τὴν
3040 2331 3274 2403 ἐσχάτην
3294 2331 3601 2385 ἀπόπτωσιν
3617 2346 3702 2382 συν·

479 2407 656 2461 titiam
681 2411 850 2464 animi
883 2418 1128 2482 spectat;
1163 2412 1276 2466 hac
1304 2422 1486 2467 autem
1519 2414 1697 2468 oratio
1732 2414 1870 2468 iram
1903 2422 1956 2470 et
1983 2413 2055 2468 fu-

2169 2420 2329 2492 ορῶν,
2365 2421 2656 2494 φάρμακον
2702 2422 2884 2482 αὐτοῖς
2924 2423 3189 2493 σωτήριον
3218 2422 3318 2475 καὶ
3364 2403 3700 2493 θεραπεύτιιιὺν

480 2513 659 2554 rorem
688 2501 802 2567 Dei,
837 2504 1051 2575 aliaque
1081 2505 1261 2560 tristia
1312 2515 1705 2561 commemorat
1741 2527 1752 2562 :
1790 2508 2055 2562 divinum-

2170 2512 2476 2578 ὑπετίθετο,
2512 2513 2608 2585 τὴν
2647 2512 2926 2584 παροῦσαν
2969 2512 3277 2584 προσευχὴν
3312 2513 3374 2565 ἐν
3404 2510 3699 2582 ἀπορρήτοις,

478 2607 585 2662 que
615 2608 814 2649 numen
849 2595 916 2650 iis
946 2596 1146 2666 placat,
1174 2595 1268 2667 qui
1303 2597 1438 2666 lapsi
1477 2604 1628 2651 sunt.
1661 2597 1876 2668 Moyses
1906 2600 2055 2669 quip-

2165 2603 2243 2668 ὼς
2272 2604 2437 2668 εἰκὸς,
2482 2605 2756 2675 παραδοὺς
2793 2605 2965 2678 αὐτὴν
2990 2603 3188 2670 ἔξωθεν
3226 2604 3335 2674 τῆς
3385 2603 3547 2674 ἄλλης
3578 2600 3699 2656 αὑτοῦ

477 2699 546 2754 pe
575 2685 719 2741 hunc
747 2688 1080 2759 prapitiandi
1114 2689 1335 2744 modum
1370 2689 1538 2745 tradit
1572 2691 1794 2760 populo,
1818 2694 1911 2761 qui
1942 2700 2055 2764 post

2165 2695 2387 2767 γραφῆς
2429 2697 2541 2758 τοῖς
2587 2695 2904 2766 δυναμένοις
2947 2695 3014 2749 τὰ
3056 2695 3351 2767 ἀπόρρητα
3390 2695 3519 2764 παρ’
3540 2689 3700 2752 sumi;

479 2772 783 2834 Salvatoris
813 2781 991 2835 nostri
1023 2779 1318 2836 adventura
1347 2781 1403 2837 in
1441 2791 1666 2854 peccata
1694 2785 1917 2841 decidit.

2165 2785 2416 2856 κατέχειν
2439 2803 2452 2816 ·
2479 2785 2607 2858 παρ’
2627 2780 2708 2849 οἷς
2737 2786 2831 2840 καὶ
2855 2787 3004 2851 είκὸς
3025 2785 3400 2857 φυλάττεσθαι
3424 2783 3581 2854 αὐτὴν
3605 2782 3698 2834 [δισ-

475 2868 677 2936 ζόντως
709 2875 802 2928 καὶ
835 2873 1135 2946 λεληθότως
1173 2877 1334 2948 μέχρι
1359 2877 1555 2932 πολλοῦ
1576 2895 1590 2912 ο
1623 2877 1848 2954 ὕστερόν
1872 2897 1934 2950 γε
1960 2881 2065 2953 μὴν
2101 2881 2565 2953 ἐγκαταλεχθῆναι
2585 2882 2899 2953 ἀναγκαίως
2921 2885 2992 2955 τῇ
3024 2882 3192 2954 βίϐλῳ
3215 2881 3330 2935 τῶν
3355 2878 3606 2951 Ψαλμῶν,
3646 2875 3699 2939 ὡς

473 2961 541 3017 ἂν
577 2966 650 3037 μὴ
681 2967 761 3039 τῷ
802 2970 998 3041 μακρῷ
1020 2971 1196 3042 χρόνῳ
1227 2971 1472 3026 διαπέσοι
1505 2971 1745 3028 λαθοῦσα
1771 2975 1898 3037 τοὺς
1930 2975 2158 3040 πολλοὺς
2194 2977 2288 3030 καὶ
2338 2976 2693 3049 ἀμεληθεῖσα.
2729 2977 2826 3030 Ἰν’
2855 2971 2950 3031 οὖν
3020 2973 3266 3041 σώζοιτο,
3336 2974 3435 3028 καὶ
3497 2969 3696 3044 παρσμέο

474 3075 554 3112 νοι
587 3062 961 3134 γινωσκομένη
999 3063 1103 3116 ὑπὸ
1132 3064 1370 3128 πάντων,
1392 3066 1460 3135 τῇ
1494 3064 1661 3135 βίϐλῳ
1691 3064 1801 3119 τῶν
1835 3066 2084 3138 Ψαλμῶν
2122 3068 2523 3140 παρενεϐλήθη,
2565 3069 2642 3141 μὴ
2671 3063 2804 3123 οὖσα
2843 3068 3074 3140 ψαλμός.
3107 3068 3243 3122 Οὐδὲ
3279 3068 3396 3139 γὰρ
3433 3064 3623 3138 ψαλμοῦ
3662 3080 3696 3116 τι

473 3153 752 3224 mpii-Exst-
799 3152 1063 3225 θυμηδίας,
1104 3155 1212 3224 γὰρ
1267 3156 1296 3207 ὁ
1339 3154 1584 3226 ψαλμὸς·
1619 3156 1651 3225 ἠ
1708 3155 1761 3209 δὲ
1809 3155 2057 3226 παροῦσα
2090 3159 2364 3230 προσευχὴ
2395 3159 2566 3230 ὀργῆς
2601 3158 2930 3230 μνημονεύει
2959 3159 3054 3214 καὶ
3107 3157 3282 3229 θυμοῦ
3326 3158 3466 3212 Θεοῦ
3511 3158 3591 3212 καὶ
3621 3153 3695 3208 ἐτέ-

477 3266 587 3322 ρων
634 3249 994 3321 σκυθρωπῶν,
1041 3251 1319 3306 ίλάσκεταί
1360 3269 1421 3304 τε
1479 3253 1539 3305 τὸ
1570 3252 1724 3305 Θεῖον
1773 3253 1912 3323 ὑπὲρ
1953 3253 2061 3308 τῶν
2125 3256 2631 3309 ἀποπεπτωκότων·
2676 3256 2767 3309 τὸν
2817 3255 3040 3327 ἱλασμὸν
3083 3253 3272 3309 τοῦτον
3340 3253 3601 3314 Μωῦσέως
3636 3250 3694 3302 διὲ

470 3343 574 3414 τῆς
609 3347 914 3416 προσευχῆς
963 3346 1301 3410 διδάσκοντος
1344 3347 1521 3416 λέγειν
1568 3346 1660 3400 τὸν
1707 3348 2053 3403 ἀποπεσόντα
2087 3350 2182 3405 τοῦ
2224 3351 2360 3405 Θεοῦ
2394 3351 2520 3406 λαὸν
2563 3351 2702 3423 μετά
2732 3351 2831 3423 τὴν
2856 3349 2950 3405 τοῦ
2995 3351 3250 3422 Σωτῆρος
3318 3348 3480 3422 ἡμῶν
3543 3361 3691 3414 παραυ-

476 3456 617 3492 σιαν.
1423 3471 1426 3474 ’

546 3559 881 3630 Videturque
928 3559 1060 3613 mihi
1117 3559 1259 3614 banc
1297 3557 1501 3631 Moysis
1551 3559 1880 3626 orationem,
1931 3570 2055 3633 post

2229 3561 2338 3614 Καί
2380 3577 2470 3631 μοι
2514 3561 2662 3615 δοκεῖ
2687 3561 2787 3614 ούκ
2826 3561 3083 3624 ἀσκόπως
3116 3573 3256 3630 μετα
3288 3557 3388 3613 τὸν
3416 3564 3503 3630 πη⁹
3531 3554 3688 3644 ψαλμὸν

473 3669 714 3711 Lxxxvut
745 3653 1034 3722 psalmum,
1068 3662 1121 3706 et
1151 3668 1215 3706 ea
1247 3667 1368 3722 qua:
1401 3651 1473 3706 ibi
1505 3652 1572 3706 de
1609 3652 1818 3708 semine
1865 3653 2054 3718 David,

2161 3651 2344 3706 καὶτὰ
2377 3649 2442 3706 δι’
2479 3651 2642 3705 αὐτοῦ
2672 3651 2801 3723 περὶ
2836 3650 2930 3704 τοῦ
2972 3651 3285 3721 σπέρματος
3319 3649 3484 3703 Δαυῒδ
3521 3648 3602 3703 καὶ
3623 3643 3685 3697 τοῦ

471 3749 648 3817 deque
692 3745 894 3799 throno
961 3744 1037 3798 illi
1095 3746 1366 3815 promisso
1413 3745 1890 3815 pramuntiantur,
1943 3763 2054 3802 non

2161 3744 2570 3816 ἐπηγγελμένου
2611 3742 2762 3814 αὑτῷ
2785 3743 2975 3815 θρόνου
3011 3742 3403 3808 θεσπισθέντος
3430 3745 3464 3813 ἠ
3494 3739 3685 3812 παροῦσα

471 3843 591 3896 sine
630 3839 862 3895 consilio
907 3839 1138 3909 positam
1196 3838 1497 3895 fuissezac
1560 3856 1868 3896 sermonem
1931 3857 2055 3912 pro-

2161 3835 2434 3908 προσευχὴ
2467 3835 2745 3900 Μωῦσέως
2767 3833 3033 3906 συνῆφθαι
3053 3851 3067 3866 ο
3103 3834 3244 3906 μετά
3269 3852 3419 3898 τινος
3437 3835 3491 3889 δὲ
3517 3831 3683 3905 βαθυτέ-

471 3928 724 3984 fundiore
779 3929 1018 4000 quodam
1068 3929 1390 4000 speculandi
1439 3945 1612 3994 more,
1657 3929 1896 3985 futuram
1957 3929 2055 3986 Ju-

2161 3945 2258 4001 ρας
2283 3928 2514 4001 θεωρίας
2545 3927 2918 3997 αἰνιττομένου
2951 3924 3044 3979 τοῦ
3076 3925 3235 3995 λόγου
3273 3926 3576 3980 ἀπόπτωσιν
3602 3923 3682 3975 ἔπ-

468 4022 609 4074 daici
670 4023 876 4092 populi,
925 4027 1048 4090 post
1085 4020 1380 4075 adventum
1419 4020 1540 4091 ejus
1597 4022 1690 4092 qui
1730 4038 1796 4077 ex
1847 4022 2055 4078 semine

2161 4021 2281 4074 σθαι
2306 4021 2400 4073 καὶ
2419 4017 2690 4090 ἀποϐολὴν
2710 4017 2804 4070 τοῦ
2845 4015 3112 4070 Ἰουδαίων
3137 4015 3324 4092 ἔθνους
3353 4015 3490 4088 μετά
3513 4015 3596 4086 τὴν
3614 4028 3681 4065 ra-

467 4111 636 4164 David
691 4111 1010 4180 proditurus
1071 4121 1233 4178 erat,
1309 4113 1524 4167 ruinam
1583 4121 1637 4167 et
1690 4113 2051 4184 abjectionem

468 4203 817 4258 subindicare
851 4203 1032 4273 :quod
1095 4219 1227 4258 sane
1279 4221 1461 4259 rerum
1519 4213 1748 4260 eventus
1775 4207 2048 4275 obsignat.

466 4294 536 4349 At
567 4295 712 4350 enim
737 4295 1039 4350 orationem
1069 4297 1203 4367 ipsis
1233 4296 1398 4351 tradit
1439 4296 1672 4370 Moyses,
1737 4297 2049 4368 prephetica

464 4391 666 4446 virtute
720 4390 985 4447 orationis
1035 4391 1200 4446 verba
1260 4407 1508 4462 persona:
1565 4391 1751 4464 papuli
1801 4391 1940 4462 lapsi
1995 4398 2052 4448 et

464 4482 664 4551 abjecti
717 4481 1157 4536 accouunodans.
1217 4483 1353 4537 Cum
1413 4484 1577 4554 igitur
1605 4483 1702 4547 ait,
1731 4481 1813 4537 Ne
1840 4492 2049 4538 avertas

463 4573 724 4628 hominem
754 4576 809 4628 in
847 4573 1243 4630 humilitatem:
1280 4574 1343 4628 Et
1378 4575 1604 4630 dixisti:
1642 4575 2046 4642 Convertimiui,

461 4667 872 4736 ﬁlii/tominum,
927 4668 1072 4725 hanc
1122 4669 1255 4739 ipsis
1313 4668 1619 4723 doctrinam
1668 4668 1885 4724 tradere
1913 4668 2047 4722 mihi

459 4756 676 4811 videtur
697 4799 711 4823 ,
747 4768 805 4813 ut
834 4760 1040 4815 scilicet
1075 4760 1349 4831 precando
1370 4760 1554 4815 dicant
1598 4779 1610 4815 :
1643 4759 1687 4814 Ο
1721 4759 1968 4825 Domine,
1990 4768 2048 4814 tu

459 4850 629 4905 variis
680 4853 1016 4920 temporibus
1080 4851 1349 4923 refugium
1401 4851 1560 4908 nobis
1610 4851 1789 4907 factus
1845 4867 1905 4907 es
1950 4865 2048 4921 per

2156 4111 2376 4184 ρουσίαν
2404 4110 2498 4164 τοῦ
2541 4111 2606 4163 ὲκ
2642 4109 2956 4182 σπέρματος
2983 4108 3144 4163 Δαυῒδ
3182 4101 3679 4182 «pulmentis:wa

2152 4204 2216 4276 δὴ
2250 4205 2345 4258 καὶ¹
2377 4200 2833 4276 ἐπισφραγίζεται
2877 4203 2913 4273 ἡ
2952 4201 3060 4255 τῶν
3100 4202 3448 4274 πραγμάτων
3485 4199 3674 4257 ἔκϐασιςο

2165 4297 2326 4350 Ἀλλά
2355 4295 2462 4367 γὰρ
2484 4295 2793 4367 προσευχὴν
2818 4296 3000 4358 αὐτοῖς
3020 4294 3387 4366 παραδίδωσιν
3413 4297 3442 4348 ὁ
3471 4289 3672 4357 Μωῡσῆς.

2151 4390 2466 4462 προφητικῇ
2503 4387 2730 4459 δυνάμει
2759 4386 3077 4459 ἐφαρμόσας
3101 4387 3228 4451 τοὺς
3264 4387 3324 4439 ἐν
3361 4389 3427 4458 τῇ
3461 4380 3672 4456 προσευχῇ

2151 4477 2341 4548 λόγους
2362 4478 2442 4550 τῷ
2475 4479 2750 4550 προσώπῳ
2773 4479 2867 4532 τοῦ
2914 4479 3240 4543 ἐκπεσόντος
3264 4479 3362 4533 καὶ
3397 4472 3670 4545 ἀποϐληθέψ

2149 4588 2241 4635 τος
2268 4570 2421 4624 λαοῦ.
2460 4569 2628 4624 Ἐπάν
2652 4566 2744 4624 οὗν
2766 4570 2900 4641 λέγῃ
2920 4587 2934 4600 ·
2958 4571 3056 4638 Μὴ
3089 4571 3481 4640 ἀποστρέψῃς
3507 4567 3670 4634 Mm-

2150 4677 2270 4716 πον
2311 4664 2398 4728 είς
2430 4663 2792 4716 ταπείνωσιν
2807 4679 2822 4694 ·
2867 4660 2980 4717 Καὶ
3022 4658 3194 4728 εἴπας
3211 4679 3226 4693 ·
3274 4657 3665 4729 Ἐπιστρέψατε,

2149 4755 2202 4807 οἱ
2221 4753 2339 4807 vlo!
2381 4753 2502 4808 τῶν
2531 4752 2878 4821 ἀνθρώπων,
2922 4752 3111 4807 τοῦτόν
3152 4769 3242 4823 μοι
3280 4753 3430 4806 δοκεῖ
3457 4750 3666 4806 διδάσκειν

2149 4845 2348 4908 αὐτοὺς
2376 4843 2468 4897 τὸν
2492 4842 2638 4909 νοῦν,
2672 4843 3145 4915 προσευχομένους
3179 4843 3358 4912 λέγειν
3381 4861 3396 4876 ·
3434 4839 3498 4895 Ὦ
3522 4840 3659 4908 Κύρειν

459 4942 703 5013 singulas
733 4944 1113 5013 generationes
1147 4960 1162 4995 :
1203 4960 1328 4998 nam
1354 4944 1531 5013 primo
1557 4959 1680 4998 cum
1710 4943 1765 4997 in
1803 4942 2042 5014 Egypto’

2161 4938 2213 4991 τὺ
2249 4936 2391 4992 κατά
2418 4937 2642 5008 χρόνους
2685 4937 2817 5007 ἡμῖν
2864 4936 3096 5005 γέγονας
3136 4936 3422 5008 καταφυγὴ
3462 4933 3544 4988 καὶ
3579 4927 3660 4982 καθ’

459 5049 827 5096 versaremur,
865 5043 1028 5103 atque
1054 5049 1083 5086 a
1116 5033 1404 5088 Pharaone
1448 5041 1503 5089 ct
1544 5033 1816 5104 Egyptiis
1855 5035 2040 5106 Oppri-

455 5111 752 5192 meretnur,
787 5125 1057 5197 refugium
1097 5127 1254 5182 nobis
1283 5126 1431 5182 fuisti
1459 5144 1474 5193 ;
1527 5127 1835 5197 iterumque
1866 5127 1921 5182 in
1945 5126 2042 5184 de-

458 5227 604 5273 serto
659 5221 957 5290 Oppugnati
1015 5234 1139 5272 cum
1189 5218 1258 5272 ab
1284 5218 1600 5274 Atnalecitis
1624 5226 1742 5272 tum
1768 5233 1798 5272 a
1818 5216 2037 5273 Chana-

454 5309 610 5373 naais,
649 5318 700 5363 te
721 5313 775 5363 in
806 5309 1112 5363 subsidium
1140 5325 1203 5364 ac
1230 5308 1501 5381 refugium
1556 5310 1880 5377 habuimus;
1930 5311 2040 5369 imo

455 5401 618 5454 etiam
675 5418 798 5454 cum
855 5401 1085 5471 ingrcssi
1127 5402 1180 5456 in
1231 5409 1437 5457 terram
1469 5401 1851 5472 promissionis
1897 5403 2030 5457 allo-

455 5493 633 5563 phylis
680 5495 889 5548 subacti
946 5511 1213 5559 esscnnts,
1273 5510 1336 5550 ac
1366 5495 1686 5565 plerumque
1711 5503 1898 5565 postea
1927 5497 2031 5553 sub

455 5585 674 5652 regibus
710 5586 936 5648 nostris,
965 5586 1183 5640 demum
1213 5587 1267 5641 in
1293 5587 1625 5658 Babylonica
1688 5588 2026 5658 captivitate,

455 5675 668 5746 refugio
702 5677 859 5734 nobis
896 5676 1066 5731 fuisti.
1130 5677 1192 5730 Et
1248 5693 1394 5732 nunc
1437 5679 1619 5748 itaque
1655 5679 2030 5748 supplicamus

454 5767 608 5833 paria
648 5768 742 5821 abs
775 5775 827 5820 te
857 5770 1135 5835 consequi,
1169 5779 1328 5839 teque
1363 5771 1418 5826 in
1446 5770 1716 5842 refugium
1774 5779 2025 5828 nostrum

2139 5030 2380 5101 ἑκάστην
2421 5029 2614 5099 γενεάν
2638 5045 2652 5060 ο
2688 5027 2902 5100 πρῶτον
2939 5030 3038 5100 μὲν
3074 5028 3184 5101 γὰρ
3209 5030 3269 5082 ἐν
3298 5028 3540 5097 Αἰγύπτῳ
3568 5035 3656 5086 τνγ·

2138 5123 2396 5194 χάνουσιν
2432 5124 2585 5193 ἡμῖν,
2622 5123 2716 5176 καὶ
2753 5122 2860 5175 ὑπὸ
2883 5122 2981 5176 τοῦ
3011 5121 3210 5194 Φαραῶ
3262 5122 3360 5176 καὶ
3403 5121 3501 5174 τῶν
3541 5115 3655 5180 Ain»

2139 5216 2308 5271 πτίων
2345 5216 2841 5287 καταπονουμένοις
2874 5217 3165 5288 καταφυγὴ
3191 5215 3416 5285 γέγονας
3434 5231 3446 5244 ·
3467 5210 3596 5265 πάλιν
3615 5203 3652 5256 δῖ

2139 5309 2232 5362 ἐπὶ
2263 5309 2361 5379 τῆς
2393 5310 2600 5380 ἐρήμου
2647 5307 3044 5379 πολεμούμενοι
3076 5310 3196 5362 τοτὲ
3222 5308 3324 5379 μὲν
3357 5307 3456 5364 ὑπὸ
3482 5301 3558 5356 τοῦ
3593 5299 3649 5350 ’Δ-

2143 5401 2342 5472 μαλὴκ,
2405 5403 2530 5454 τοτὲ
2562 5402 2618 5455 δὲ
2661 5401 2765 5454 ὑπὸ
2793 5400 2886 5454 τοῦ
2930 5401 3256 5464 Χαναναίου,
3294 5401 3351 5454 σέ
3395 5391 3646 5465 καταφυγὴν
3751 5409 3753 5427 ¹

2137 5495 2450 5564 ἐσχήκαμεν
2470 5511 2482 5522 ·
2512 5493 2571 5545 οὐ
2604 5493 2710 5563 μὴν
2743 5491 2878 5546 ἀλλά
2910 5492 3004 5546 καὶ
3041 5492 3368 5556 εἰσελθόντες
3390 5492 3463 5552 είς
3479 5487 3557 5556 τὴν
3575 5480 3643 5550 γῆν
3749 5561 3751 5564 φ

2137 5586 2238 5655 τῆς
2281 5585 2636 5654 ἐπαγγελίας,
2672 5585 2776 5638 ὑπὸ
2815 5583 3135 5654 ἀλλοφύλοις
3162 5602 3222 5638 τε
3259 5584 3531 5654 γενόμενοι,
3554 5573 3640 5627 πολ·
3750 5571 3751 5574 “

2139 5676 2294 5740 λάκις
2336 5693 2394 5728 τε
2427 5677 2520 5730 καὶ
2555 5675 2692 5746 μετά
2741 5661 2921 5730 ταῦτα’
2946 5677 3038 5729 ἐπὶ
3084 5677 3193 5729 τῶν
3240 5675 3482 5745 βασιλέων
3510 5663 3634 5737 ἡμῶν·
3747 5695 3749 5733 έ

2139 5772 2230 5824 καὶ
2265 5771 2414 5833 τέλος
2472 5771 2562 5824 ἐπὶ
2612 5771 2710 5841 τῆς
2758 5772 2835 5833 εἰς
2875 5769 3168 5824 Βαϐυλῶνα
3218 5763 3563 5839 αἰχμαλωσίας,
3593 5751 3630 5805 σθ
