3830 6288
183 347 308 403 H35

1255 337 1756 398 COMMENTARIA
1794 336 1860 391 IN
1900 337 2242 394 PSALMOS.

3282 343 3421 397 1134

179 461 479 532 καταφυγὴν
514 463 763 533 ἐσλιξὶεν.
796 458 906 515 καὶ
943 462 1058 515 νυνὶ
1093 462 1382 533 τοιγαροῦν
1422 460 1730 531 ἱκετεύομεν

1838 457 2128 512 obtinere:
2162 471 2333 527 quare
2387 470 2666 523 rogamus,
2719 452 2799 508 Ne
2844 466 3051 510 avertas
3072 456 3334 512 hominem
3363 463 3421 514 in

176 557 274 612 τῶν
302 554 493 625 ὁμοίων
528 553 676 623 παρὰ
704 553 797 606 σοῦ
830 556 1030 623 τυχεῖν,
1075 554 1168 607 καί
1203 570 1263 606 σε
1296 550 1598 625 κτήσασθαι
1631 568 1733 604 καο

174 646 439 717 ταφυγήν·
471 644 551 697 διὸ
583 644 835 715 δεόμεθα,
870 645 967 712 Μὴ
1001 645 1396 714 ἀποστρέψῃς
1421 644 1735 712 ἄνθρωπον

174 739 252 802 εὶς
276 733 627 788 ταπείνωσιν
645 749 657 762 ·
682 734 949 798 τουτέστι,
984 734 1075 805 Μὴ
1106 734 1453 806 ἀποστρέψῃς
1479 734 1626 803 ἡμᾶς
1654 732 1733 795 είς

174 828 366 882 τελείαν
387 826 700 881 ἀπόπτωσιν
733 827 824 880 καὶ
846 827 1193 881 ταπείνωσιν.
1226 827 1298 879 Σὺ
1322 828 1431 897 γὰρ
1461 828 1528 897 τῇ
1558 827 1624 896 σῇ
1648 842 1735 895 φι-

173 918 473 989 λανθρωπίᾳ
517 915 697 982 εἶπας,
734 920 828 972 καὶ
861 917 1191 989 κηρύγματα
1219 920 1383 972 πᾶσιν
1427 914 1734 987 ἀνθρώποις

173 1012 469 1082 ἐξενήνοχας
488 1011 678 1080 λέγων·
700 1012 973 1081 Ἑπιστρέ
983 1015 1148 1081 φατε,
1168 1017 1220 1068 οἱ
1244 1011 1357 1066 υἱοὶ
1378 1011 1495 1064 τῶν
1514 1009 1735 1079 ἀνθρώ-

171 1118 306 1158 πων.
341 1104 400 1156 Εἰ
425 1104 487 1175 δὴ
511 1102 602 1157 οὖν
628 1105 804 1159 πάντα
834 1105 904 1159 τὰ
927 1106 1173 1178 ἑθνηΑκαὶ
1204 1106 1415 1169 πάντας
1438 1106 1560 1169 τοὺς
1586 1105 1734 1166 υἱοὺς

170 1193 270 1246 τῶν
308 1173 605 1268 ἀνθρώπων
655 1173 1076 1268 προᾶκέκληταῖ
1111 1215 1205 1251 σου
1237 1198 1271 1269 ἡ
1332 1197 1731 1269 φιλανθρωπία,

171 1290 257 1342 καὶ
286 1290 404 1349 τοὺς
439 1289 603 1344 πάλαι
632 1291 1080 1363 ἀποστραφέντας
1109 1292 1217 1346 ἀπὸ
1246 1292 1361 1356 σοῦ,
1395 1292 1489 1346 καὶ
1516 1291 1733 1362 δαίμοσι

168 1381 255 1434 καὶ
289 1380 557 1451 πνεύμασι
585 1386 841 1454 πονηροῖς
864 1383 1366 1446 καταδουλωθέντας
1395 1380 1734 1454 ἐπιστραφῆ-

168 1489 247 1526 ναι
274 1474 359 1525 ἐπὶ
394 1473 453 1524 σὲ
489 1472 786 1537 κελεύσεις,
830 1474 965 1545 μηδὲ
999 1476 1144 1545 ἡμᾶς
1174 1475 1547 1545 ἀποστραφῇς,
1600 1472 1733 1544 μηδὲ

168 1566 237 1627 εἰς
274 1564 504 1635 παντελῆ
534 1566 810 1636 ἐρήμωσιν
840 1566 1174 1640 καταλείπῃς
1198 1566 1372 1619 ἐλθεῖν
1407 1567 1533 1629 τοὺς
1566 1564 1732 1619 πάλαι

169 1672 252 1708 σου
279 1656 598 1724 γενομένους
654 1655 905 1719 οἰκείους,
938 1657 1131 1720 οἵτινες
1173 1656 1309 1727 πρὸς
1350 1654 1531 1724 ὀλίγον
1568 1654 1734 1726 ἀνθή-

168 1763 341 1810 σαντες
373 1746 677 1818 χειμάρμυ
711 1746 865 1818 δίκην
900 1747 1343 1819 παρεδράμομεν.
1381 1746 1463 1800 Τά
1494 1746 1624 1815 γοῦν
1647 1745 1732 1817 χί-

166 1839 244 1891 λια
292 1839 445 1908 ἡμῶν
476 1817 591 1909 ἐτη,
628 1841 685 1891 ἐν
726 1817 830 1903 οἷς
857 1817 1205 1909 ἡκμάσαμεν,
1229 1817 1428 1893 ταῦτα
1456 1836 1732 1909 παρῆλθεν
1765 1817 1808 1873 Β

164 1930 230 1991 ὼς
254 1930 285 1999 ἡ
317 1930 491 1998 ἐχθὲς,
523 1932 642 2001 ἥτις
668 1930 867 2002 διῆλθε.
896 1930 1189 2001 Γενόμενος
1210 1929 1267 1982 δὲ
1306 1930 1364 1983 ὲν
1382 1927 1594 1991 τούτοις
1635 1928 1733 1997 ἐφ-

172 2022 348 2091 ίστημι
384 2022 506 2085 πῶς
531 2022 743 2093 εἴρηται
773 2021 842 2074 τὰ
871 2021 1015 2092 χίλια
1049 2022 1222 2075 ταῦτα
1246 2021 1363 2092 ἔτη.
1396 2022 1459 2074 Εἰ
1490 2020 1589 2092 μὲν
1619 2021 1733 2092 γὰρ

162 2115 332 2167 ’ἑνεκεν
359 2113 670 2180 δοξολογίας
705 2110 799 2164 τοῦ
829 2111 965 2165 Θεοῦ
1001 2113 1094 2165 καὶ
1124 2114 1204 2176 εἰς
1250 2112 1592 2183 παράστασιν
1634 2112 1731 2182 τῆς

161 2206 315 2259 ἀϊδίου
346 2205 498 2275 ζωῆς
527 2204 621 2259 τοῦ
652 2204 810 2267 Θεοῦ,
840 2205 990 2258 οὐδὲν
1017 2201 1169 2275 οἶμαι
1200 2204 1290 2257 τὸν
1318 2204 1471 2273 λόγον
1498 2204 1731 2275 μεγαλο-

163 2298 353 2367 πρεπὲς
404 2298 702 2367 περιέχειν.
747 2295 881 2349 esse
926 2294 1035 2367 γὰρ
1076 2294 1169 2349 τὸν
1202 2295 1492 2367 σύμπαντα
1536 2294 1729 2359 αἰῶνα,

159 2389 270 2443 οὐδὲ
300 2389 386 2443 τὸν
420 2389 533 2443 ἀπὸ
564 2388 786 2461 πρώτης
818 2388 1049 2451 κτίσεως
1067 2388 1160 2441 τοῦ
1203 2390 1407 2460 κόσμου
1449 2388 1541 2442 καὶ
1568 2389 1732 2459 μέχρι

158 2479 249 2550 τῆς
272 2481 578 2544 συντελείας
604 2481 997 2552 παρατείνοντα
1028 2480 1237 2552 χρόνον,
1260 2481 1320 2533 τὸ
1344 2482 1545 2552 ἀκαρὲς
1565 2480 1731 2552 ἡγοῦ-

162 2589 249 2642 μαι
274 2570 434 2637 εἶναι,
471 2573 569 2644 οὐχ
597 2574 678 2626 ὅτι
710 2573 808 2644 τῆς
840 2574 1075 2644 ἡμέρας,
1119 2573 1231 2627 ἀλλ’
1257 2572 1377 2626 οὐδὲ
1403 2573 1501 2644 τῆς
1528 2573 1731 2644 βραχυ-

158 2665 311 2734 τάτης
343 2665 501 2737 ὥρας
535 2665 834 2737 παραθέσει
873 2666 971 2737 τῆς
1017 2666 1251 2737 ἀνάρχου
1294 2666 1389 2721 καὶ
1434 2667 1732 2738 ἁγεννήτου

160 2758 289 2829 ζωῆς
315 2760 407 2812 τοῦ
439 2759 593 2821 Θεοῦ,
636 2759 743 2832 πρὸ
775 2760 990 2813 πάντων
1016 2761 1352 2832 ὑπάρχοντος
1383 2759 1613 2825 αἰώνων,
1639 2761 1732 2815 καὶ

158 2851 255 2920 πρὸ
290 2850 497 2915 παντὸς
526 2852 913 2922 ὲπινοουμένου
946 2852 1040 2905 καὶ
1072 2853 1152 2914 εἱς
1173 2853 1400 2923 ἄπειρον
1423 2852 1731 2923 ἐκτεινομέ-

156 2959 238 2995 νου
262 2942 551 3013 λογισμοῦ,
582 2943 725 3015 ὑπὲρ
764 2960 825 2996 τε
856 2944 983 3007 τοὺς
1014 2942 1151 3014 μετά
1184 2943 1354 2997 ταῦτα
1396 2945 1731 3017 ἀπεράντους

154 3036 239 3087 καὶ
269 3035 668 3107 άτελευτήτους
701 3035 904 3100 αίῶνας
925 3035 1292 3108 διαρκοῦντος.
1319 3037 1519 3108 Διόπερ
1544 3036 1731 3108 ἕτερόν

157 3144 236 3196 μοι
261 3126 402 3181 δοκεῖ
442 3128 567 3181 νοῦν
613 3128 935 3183 ὑποϐάλλειν
968 3129 1001 3199 ή
1040 3129 1291 3201 παροῦσα
1324 3130 1623 3201 προσευχὴ,
1653 3130 1730 3182 δι-

158 3218 419 3274 δάσκουσα
438 3219 532 3273 τὸν
560 3219 687 3273 λαὸν
710 3219 888 3288 λέγειν
907 3237 920 3250 ο
948 3220 1069 3272 ’Ότι
1090 3219 1378 3295 χίλιαὲτη
1408 3218 1478 3272 ἐν
1508 3221 1731 3288 ὀφθαλ-

161 3312 280 3379 μοῖς
309 3330 425 3367 σου
476 3313 557 3378 ὡς
588 3313 627 3379 ἡ
674 3312 865 3382 ἡμέρα
893 3313 930 3381 ἡ
968 3312 1162 3383 ἐχθὲς,
1192 3312 1325 3380 ἣτις
1364 3310 1592 3380 διῆλθε,
1628 3311 1728 3366 καί

161 3406 390 3473 φυλακὴ
424 3406 498 3459 ἐν
528 3405 722 3459 νυκτί.
756 3403 837 3458 Τά
856 3403 985 3473 γοῦν
1019 3404 1192 3476 σεμνά
1220 3404 1319 3476 τῆς
1353 3404 1726 3478 Ἰερουσαλὴμ,

159 3494 211 3548 ὲν
239 3489 317 3559 οἷς
349 3496 409 3549 τὸ
442 3497 553 3549 πᾶν
580 3495 729 3558 ἔθνος
752 3493 933 3549 αὐτῶν
965 3496 1180 3567 ἤκμασε
1209 3513 1267 3548 τε
1294 3497 1389 3549 καὶ⁸
1409 3495 1641 3567 ἤνθησεν
1670 3496 1729 3549 ἐν

158 3586 399 3658 ἡμέραις,
426 3586 618 3658 ὥσπερ
652 3586 744 3640 καὶ
784 3586 924 3656 φωτὶ
952 3586 1164 3655 γέγονε,
1207 3586 1357 3641 ταῦτ’
1379 3583 1448 3659 ἦν
1484 3588 1550 3641 τὰ
1583 3588 1729 3658 χίλια

158 3677 263 3750 ῑτη.
301 3682 423 3734 Ἐπὶ
451 3681 633 3753 μόνοις
656 3680 763 3753 γάρ
783 3681 970 3752 χιλίοις
986 3682 1129 3734 ἔτεσι
1151 3681 1445 3751 συνέστηκε
1474 3682 1566 3735 καί
1580 3681 1729 3752 διήρ-

159 3783 275 3822 κεσε
308 3770 377 3823 τά
408 3773 512 3842 τῆς
556 3772 613 3824 ἐν
640 3770 791 3841 τόπῳ
817 3770 1100 3842 λατρείας·
1130 3769 1166 3823 ἃ
1200 3769 1264 3841 δὴ
1292 3770 1385 3823 καὶ
1416 3770 1727 3841 ἀριθμεῖται

158 3859 333 3914 τοῦτον
360 3863 454 3915 τὸν
503 3862 722 3934 τρόπον.
765 3863 897 3916 Ἀπὸ
944 3862 1040 3934 μὲν
1063 3862 1164 3932 τῆς
1199 3862 1421 3933 πρώτης
1456 3863 1552 3915 τοῦ
1580 3862 1726 3934 ίεροῦ

158 3955 495 4025 κατασκευῆς
544 3954 638 4007 καί
671 3954 777 4007 τῶν
826 3953 1139 4024 Σολομῶνος
1180 3953 1385 4025 χρόνων
1426 3954 1583 4025 μέχρι
1630 3955 1730 4025 τῆς

157 4044 255 4097 ὑπὸ
280 4045 636 4099 Βαϐυλωνίων
663 4045 977 4118 πολιορκίας
1010 4044 1105 4115 ἐτη
1141 4044 1433 4114 συνάγεται
1464 4043 1599 4096 uitii"
1628 4061 1729 4114 με-

155 4137 217 4190 τὰ
239 4138 292 4190 δὲ
314 4139 491 4193 ταῦτα
512 4141 590 4203 είς
619 4138 823 4210 ἔρημον
858 4139 1210 4210 περιστάντος
1234 4131 1329 4191 τοῦ
1353 4136 1540 4202 τόπου,
1572 4132 1729 4199 αὖθις

168 4228 366 4299 Ἰησοῦς
398 4230 496 4284 καὶ
509 4229 829 4302 Ζοροὸάῦελ,
858 4228 995 4283 ότοῦ
1029 4226 1316 4299 Σαλαθιὴλ,
1349 4227 1490 4281 κατά
1520 4226 1583 4280 τὸ
1605 4226 1728 4280 δεύ-

156 4335 301 4390 τερον
334 4321 454 4385 ἔτος
486 4321 712 4392 Δαρείου
752 4320 843 4373 τοῦ
873 4320 1083 4390 Πέρσου
1117 4318 1397 4371 ἀνανεοῦσι
1431 4317 1521 4371 τὸν
1546 4312 1726 4371 οἷκονο

153 4410 207 4475 ἐξ
232 4412 439 4465 ἐκείνου
470 4430 530 4465 τε
564 4413 659 4465 καὶ
690 4413 781 4465 ἐπὶ
814 4411 877 4465 τὸ
913 4410 1395 4465 πεντεκαιδέκατον
1428 4410 1545 4474 ἔτος
1572 4410 1731 4463 Τιϐε-

1836 548 2225 614 humilitatem;
2253 549 2355 603 hoc
2379 556 2485 613 est,
2542 548 2618 602 Ne
2646 557 2864 605 avertas
2892 566 2992 606 nos
3025 550 3093 603 ad
3120 557 3420 606 extremam

1834 640 2050 694 ruinam
2075 650 2129 697 et
2160 640 2545 696 humilitatem.
2570 639 2653 695 Tu
2688 658 2922 713 namque
2948 644 2998 697 vi
3026 644 3104 697 tui
3138 658 3268 714 erga
3323 643 3423 697 bo-

1832 732 2011 786 mines
2045 732 2249 785 amoris
2281 730 2394 785 haec
2429 729 2637 794 dixisti,
2676 740 2840 804 atque
2895 735 3152 790 omnibus
3187 734 3425 790 homini-

1833 824 1937 879 bus
1967 824 2106 878 hanc
2135 823 2576 894 praedicationem
2605 824 2833 878 attulisti
2883 826 3095 892 dicens,
3150 826 3423 883 Converti-

1833 917 1989 978 mini,
2024 916 2127 985 ﬁlii
2165 916 2457 970 hominum.
2490 914 2545 970 Si
2589 915 2775 987 itaque
2802 917 3091 972 clementia
3109 927 3203 974 tua
3228 936 3422 977 omnes

1833 1015 2045 1077 gentes,
2102 1022 2401 1077 omnesque
2469 1007 2611 1063 ﬁlios
2668 1008 2949 1063 hominum
2976 1013 3247 1079 evocavit,
3288 1022 3343 1067 et
3374 1013 3423 1068 si

1833 1116 1929 1155 eos
1955 1102 2047 1171 qui
2076 1100 2203 1154 olim
2233 1101 2331 1155 abs
2358 1110 2408 1155 te
2442 1101 2643 1163 aversi,
2701 1116 2767 1156 ac
2810 1101 3152 1158 dremonibus
3215 1106 3425 1174 spiriti-

1833 1192 2042 1263 busque
2068 1193 2321 1261 malignis
2343 1193 2549 1248 subditi
2577 1202 2754 1258 erant,
2784 1194 2852 1248 ad
2885 1200 2939 1249 te
2961 1196 3419 1266 convertijubes;

1833 1299 1902 1338 ne
1936 1300 2036 1339 nos
2054 1284 2347 1347 averseris,
2378 1299 2554 1354 neque
2584 1284 2641 1339 in
2670 1292 2971 1341 extremam
3000 1302 3164 1343 ruere
3190 1291 3422 1345 vastita-

1832 1382 1941 1431 tem
1966 1374 2139 1439 sinas,
2200 1377 2291 1447 qui
2347 1377 2475 1430 olim
2530 1377 2609 1430 tui
2646 1361 2972 1439 fuimusfac
2992 1394 3117 1433 eum
3149 1381 3421 1435 tantillum

1833 1468 2092 1538 temporis
2125 1466 2525 1533 ﬂoruissemus,
2559 1468 2818 1523 torrentis
2836 1468 3011 1523 instar
3039 1469 3418 1525 transivimus.

1832 1560 1968 1615 Nam
1999 1561 2145 1616 mille
2168 1562 2297 1615 anni
2328 1562 2523 1625 nostri,
2583 1561 2741 1632 queis
2788 1561 2927 1617 bene
2966 1576 3081 1615 rem
3123 1562 3420 1633 gessimus,

1834 1654 2171 1711 transierunt
2199 1654 2342 1709 sicut
2370 1654 2488 1710 dies
2517 1654 2800 1719 hesterna,
2834 1669 2957 1725 quae
2975 1656 3256 1726 przeteriit.
3318 1655 3421 1711 llic

1834 1762 1966 1803 vero
1985 1747 2319 1819 perpendere
2357 1748 2507 1811 libet,
2531 1762 2631 1802 cur
2652 1746 2707 1800 Ιιὶ
2733 1747 2883 1802 mille
2924 1747 3054 1801 anni
3110 1762 3421 1803 memoren-

1832 1847 1942 1895 tur.
1979 1840 2036 1896 Si
2064 1841 2207 1897 enim
2239 1840 2457 1896 dicatur
2483 1841 2597 1895 haec
2629 1840 2697 1894 ad
2723 1840 2952 1913 gloriam
2987 1838 3080 1895 Dei
3102 1856 3245 1906 esse,
3280 1849 3334 1896 et
3350 1842 3419 1897 ad
3502 1890 3509 1896 .

1833 1933 2223 2004 sempiternam
2248 1932 2341 1989 Dei
2374 1933 2540 1987 vitam
2580 1930 2990 1999 declarandam,
3044 1932 3181 1986 nibil
3235 1935 3419 2005 magni

1834 2026 1938 2080 hoc
1963 2033 2093 2096 puto
2118 2040 2369 2081 sermone
2391 2024 2648 2096 proferri.
2682 2022 2892 2079 Etenim
2927 2038 3028 2080 nec
3042 2038 3206 2080 omne
3243 2039 3421 2081 saecu-

1834 2114 1969 2178 lum,
2002 2131 2178 2185 neque
2206 2114 2368 2170 etiam
2396 2122 2569 2169 totum
2603 2114 2737 2169 illud
2762 2123 2978 2185 tempus
3026 2112 3171 2185 quod
3194 2130 3223 2168 a
3242 2116 3419 2185 prima

1833 2205 2021 2259 mundi
2054 2205 2331 2261 creatione
2354 2221 2528 2276 usque
2580 2204 2648 2261 ad
2694 2205 2815 2274 ejus
2867 2206 3417 2270 consummationem.

1832 2303 1917 2356 vel
1947 2318 2045 2372 pro
2076 2303 2310 2367 tantillo,
2346 2318 2454 2358 non
2485 2303 2663 2357 dicam
2716 2303 2880 2358 unius
2929 2302 3059 2369 diei,
3112 2302 3209 2359 sed
3256 2304 3420 2358 unius

1833 2392 2171 2448 brevissima:
2228 2393 2376 2447 horae
2424 2393 2622 2463 spatio,
2678 2390 2993 2447 habendum
3034 2407 3157 2447 esse
3186 2399 3339 2462 puto,
3370 2392 3420 2447 si

1832 2494 2183 2556 comparetur
2210 2502 2335 2540 cum
2368 2486 2459 2539 illa
2490 2485 2610 2541 sine
2650 2483 2922 2554 principio
2970 2491 3025 2539 et
3067 2483 3423 2554 generatione

1831 2579 1944 2633 vita
1978 2577 2095 2640 Dei,
2122 2577 2218 2649 qui
2268 2587 2395 2633 ante
2438 2578 2619 2633 omnia
2677 2577 2877 2633 saecula
2921 2576 3154 2641 exsistit,
3204 2589 3421 2630 necnon

1834 2677 1961 2726 ante
1991 2686 2207 2726 omnem
2233 2670 2621 2741 cogitationem
2677 2670 2764 2725 vel
2810 2668 2865 2724 in
2927 2668 3200 2723 inﬁnitum
3231 2677 3423 2723 exteri-

1833 2779 1981 2830 sam;
2011 2764 2214 2835 quique
2238 2765 2421 2818 omnia
2444 2762 2650 2828 futttra,
2694 2761 2906 2817 inﬁnita
2962 2768 3019 2817 et
3070 2761 3421 2817 interminata

1832 2855 2031 2910 sazcula
2053 2855 2342 2909 duratione
2396 2853 2628 2909 excedit.
2673 2853 3037 2919 Quamobrem
3089 2852 3253 2906 aliam
3283 2851 3418 2905 mihi

1831 2946 2155 3002 sententiam
2210 2945 2421 3000 videtur
2491 2946 2608 2999 haec
2673 2944 2851 2999 oratio
2910 2958 3234 3014 suggerere,
3291 2957 3420 2997 cum

1830 3040 2092 3111 populum
2125 3039 2193 3094 ad
2227 3039 2344 3095 haec
2371 3038 2601 3094 dicenda
2660 3038 2939 3093 instituit:
2973 3037 3238 3104 Quoniam
3269 3036 3422 3090 mille

1833 3133 1960 3186 anni
1982 3132 2038 3185 in
2066 3130 2230 3186 oculis
2262 3132 2390 3195 tuis,
2426 3138 2680 3200 tanquam
2710 3129 2821 3183 dies
2845 3128 3112 3194 hesterna,
3136 3142 3421 3210 quamne-

1835 3224 1998 3289 teriit,
2029 3233 2076 3276 et
2111 3221 2355 3276 custodia
2389 3222 2446 3275 in
2477 3230 2649 3275 nocte.
2677 3218 3001 3276 Veneranda
3023 3234 3156 3289 ergo
3188 3218 3279 3273 illa
3295 3232 3419 3287 quae

1831 3316 1887 3372 in
1921 3315 2228 3373 Jerusalem
2265 3322 2444 3378 erant,
2477 3314 2681 3384 quibus
2716 3320 2828 3367 tota
2868 3327 3002 3382 gens
3050 3311 3141 3365 illa
3193 3308 3422 3364 ﬂorebat

1829 3416 1884 3464 et
1905 3409 2076 3463 multo
2104 3407 2316 3463 dierum
2347 3406 2624 3461 curriculo
2650 3404 2791 3461 bene
2822 3421 2935 3460 rem
2963 3403 3207 3474 gerebat,
3259 3403 3419 3471 quasi

1831 3500 1885 3555 in
1911 3502 2032 3556 luce
2062 3499 2303 3570 degens;
2330 3499 2469 3563 haec,
2498 3500 2745 3569 inquam,
2809 3512 2909 3567 pro
2957 3496 3105 3550 mille
3131 3495 3291 3550 annis
3319 3494 3419 3548 ha-

1830 3592 2027 3648 benda.
2080 3590 2216 3645 Nam
2278 3592 2439 3647 annis
2481 3591 2631 3646 mille
2691 3590 2959 3644 duntaxat
3011 3588 3191 3643 cultus
3224 3587 3331 3642 hoc
3359 3587 3417 3641 in

1830 3685 1952 3739 loco
1999 3692 2239 3739 statutus
2274 3683 2497 3738 duravit
2544 3690 2598 3737 et
2648 3681 2896 3736 constitit
2932 3699 2946 3733 :
2980 3680 3074 3749 qui
3136 3677 3265 3731 anni
3312 3677 3420 3731 hoc

1830 3784 1990 3847 pacto
2020 3783 2394 3830 numerantur.
2456 3773 2500 3825 Α
2552 3772 2726 3842 prima
2773 3771 2956 3840 templi
3007 3768 3329 3823 t‘undatione
3361 3776 3419 3823 et

1832 3866 2170 3936 temporibus
2226 3864 2558 3927 Salomonis,
2627 3863 2695 3916 ad
2753 3877 2930 3930 usque
2993 3859 3416 3931 Babyloniorum

1830 3959 2194 4021 obsidionem,
2210 3958 2339 4011 anni
2359 3963 2750 4025 computantur
2772 3951 3160 4023 quadringenti
3186 3951 3416 4021 triginta

1831 4052 1959 4108 duo.
1992 4051 2124 4106 Post
2147 4050 2263 4104 bwc
2291 4056 2471 4103 autem
2495 4062 2619 4101 cum
2651 4046 2804 4099 locus
2828 4046 2883 4099 in
2918 4042 3268 4100 solitudinem
3300 4057 3418 4097 ver-

1832 4159 1927 4199 sus
1942 4148 2109 4208 esset,
2140 4154 2356 4195 rursum
2373 4136 2535 4193 Jesus
2550 4145 2604 4192 et
2623 4136 2946 4201 Zorobabel,
2967 4136 3109 4191 ﬁlius
3130 4133 3414 4198 Salathiel,

1832 4248 1981 4288 anno
2021 4230 2264 4288 secundo
2312 4228 2460 4283 Darii
2507 4226 2687 4284 Persa:
2720 4228 2942 4282 domum
3008 4233 3413 4282 restaurarunt.

1831 4326 1915 4381 Ab
1939 4326 2034 4380 illo
2060 4332 2239 4379 autem
2271 4331 2515 4391 tempore
2550 4336 2723 4391 usque
2754 4319 2823 4375 ad
2853 4320 3106 4390 quintum
3141 4318 3415 4373 decimum

1834 4432 2037 4471 annum
2066 4414 2272 4469 Tiberii
2297 4412 2553 4475 Caesaris,
2590 4411 2924 4480 colliguntur
2946 4409 3073 4463 anni
3129 4406 3416 4477 quingenti

155 4504 266 4572 ρίου
317 4505 596 4574 Καίσαρος
630 4505 725 4574 ἔτη
783 4504 1071 4572 συνάγεται
1104 4511 1266 4574 φμη”
1316 4503 1456 4557 ὥστε
1493 4500 1628 4557 εἶναι
1660 4502 1730 4556 τὰ

1834 4506 2192 4577 quadraginta
2217 4514 2269 4559 et
2291 4511 2451 4567 octo;
2480 4501 2551 4556 ita
2581 4510 2641 4555 ut
2665 4515 2857 4554 omnes
2886 4498 2953 4553 ad
2984 4512 3252 4553 summam
3276 4512 3416 4550 non-

154 4597 327 4651 πάντα
355 4600 480 4665 ἓπθ.
522 4597 769 4668 Διέμεινὲ
798 4614 855 4650 τε
881 4595 1254 4668 χειμαζομένη
1292 4597 1385 4649 καὶ
1421 4594 1731 4650 άστατοῦσα

151 4688 184 4759 ἡ
218 4689 372 4753 πόλις
409 4691 548 4762 μετά
585 4690 683 4762 τὴν
724 4688 863 4743 κατά
892 4688 984 4743 τοῦ
1020 4690 1270 4760 Σωτῆρος
1306 4687 1465 4760 ἡμῶν
1505 4687 1728 4741 ἐπιϐου-

150 4778 244 4851 λὴν
277 4783 457 4836 αὐτῶν
510 4784 716 4855 ἑτέροις
742 4783 885 4835 ἔτεσι
922 4782 993 4851 μ’·
1030 4781 1146 4852 μεθ’
1176 4781 1212 4834 ἃ
1253 4783 1282 4834 ὀ
1319 4780 1585 4851 παντελὴς
1632 4780 1730 4833 αὐ-

149 4875 272 4937 τοὺς
326 4874 595 4945 μετῆλθεν
639 4874 878 4946 ὄλεθρος,
919 4874 1013 4926 καὶ
1048 4876 1082 4944 ὴ
1110 4872 1314 4941 ὑστάτη
1360 4872 1663 4944 πολιορκία,
1696 4873 1729 4943 ἡ

151 4964 253 5019 ὑπὸ
287 4969 573 5038 Ῥωμαίων
597 4968 860 5039 γενομένη
889 4967 1030 5021 κατὰ
1051 4967 1208 5020 Τίτον
1252 4965 1348 5019 καὶ
1388 4967 1730 5019 Οὐεσπασια-

150 5058 235 5111 νὸν
274 5061 579 5134 αὐτοκράτο
587 5079 700 5133 ρας.

217 5151 382 5207 Ταῦτ’
415 5151 507 5207 οὖν
535 5150 602 5225 ἦν
629 5154 699 5207 τὰ
729 5153 873 5224 χίλια
900 5152 993 5223 ἐτη
1030 5152 1159 5224 περὶ
1184 5144 1259 5204 ὧν
1288 5150 1525 5222 εἴρηται,
1566 5151 1663 5215 Ὡς
1691 5151 1727 5217 ἠ

148 5243 337 5313 ἡμέρα
362 5247 401 5313 ἡ
443 5246 642 5316 ἐχθὲς,
678 5245 812 5312 ἥτις
843 5244 1071 5311 διῆλθε.
1108 5244 1393 5297 Διελθόντα
1424 5242 1531 5313 γὰρ
1559 5241 1729 5295 ταῦτα

148 5337 240 5389 καὶ
276 5338 477 5407 μηκέτι
520 5339 649 5391 ὄντα
683 5336 1070 5390 ἁποκλαίονται
1101 5336 1262 5389 οἰδιά
1289 5336 1387 5406 τῆς
1422 5334 1727 5406 προσευχῆς

143 5425 233 5479 τὸν
264 5428 399 5480 Θεὸν
440 5430 738 5500 ἱλεούμενοι
763 5448 775 5460 ·
809 5428 944 5482 ἀλλά
967 5430 1060 5482 καὶ
1091 5428 1166 5490 ὡς
1198 5427 1441 5497 φυλακὴν
1481 5442 1728 5496 νυκτερι-

144 5518 238 5589 νὴν
270 5520 455 5575 ταῦτά
487 5540 617 5592 φασι
648 5522 717 5576 τά
738 5524 883 5593 χίλια
917 5523 1009 5593 ἕτη
1044 5522 1491 5593 παρεληλυθέναι.
1524 5520 1729 5589 Λύχνος

90 5646 99 5658 -
142 5615 250 5684 γὰρ
279 5609 401 5686 ἦνό
450 5617 725 5680 Μωῦσέως
774 5617 933 5687 νόμος
976 5620 1033 5670 ὲν
1078 5617 1229 5668 νυκτὶ
1263 5616 1467 5685 φαίνων
1511 5616 1723 5677 αὐτοῖς·

142 5706 275 5759 ἀλλά
305 5707 401 5759 καὶ
427 5711 480 5761 οἱ
510 5708 807 5779 προφῆται,
842 5711 888 5762 οἱ
926 5706 1062 5779 μετά
1086 5708 1346 5770 Μωῢσέα,
1375 5706 1556 5776 λύχνοι
1588 5701 1728 5776 ἦσαν

146 5798 179 5855 ἢ
212 5798 307 5851 καὶ
332 5800 562 5863 ἀστέρες
598 5801 653 5852 ὲν
707 5800 859 5853 νυκτὶ
894 5801 1192 5863 φαίνοντες,
1224 5799 1375 5853 οὔπω
1426 5800 1517 5853 τοῦ
1552 5798 1728 5857 φωτὸς

1832 4605 2117 4669 gentorum
2151 4604 2205 4650 et
2231 4594 2507 4664 octoginta
2551 4598 2936 4662 supputentur.
2996 4588 3127 4644 Post
3182 4586 3415 4643 insidias

1830 4705 1961 4746 vero
1991 4689 2059 4743 ab
2088 4688 2157 4744 iis
2175 4694 2365 4743 contra
2394 4686 2729 4740 Salvatorem
2756 4691 3005 4736 nostrum
3036 4688 3295 4743 structas,
3319 4687 3413 4733 tu-

1832 4778 2093 4833 multibus
2128 4785 2180 4831 et
2212 4776 2574 4832 seditionibus
2604 4773 2803 4843 agitata
2825 4770 3039 4836 civitas,
3070 4768 3248 4824 adhuc
3276 4784 3413 4838 qua-

1832 4870 2081 4941 draginta
2105 4869 2265 4923 annis
2287 4868 2584 4939 permansit
2617 4864 2857 4935 :quibus
2917 4862 3142 4931 elapsis,
3177 4860 3412 4915 accessit

1832 4972 2077 5017 extrema
2103 4977 2291 5017 eorum
2320 4958 2611 5030 pernicies,
2641 4964 2695 5009 et
2726 4954 2917 5008 ultima
2943 4952 3180 5017 obsidio,
3210 4950 3329 5005 Tito
3356 4960 3412 5004 et

1834 5054 2172 5125 Vespasiano
2203 5051 2647 5123 imperatoribus,
2679 5062 2707 5101 a
2733 5045 3003 5101 Romanis
3035 5045 3195 5099 facta.

1907 5148 1969 5202 Hi
2012 5149 2193 5218 itaque
2243 5146 2391 5201 mille
2444 5144 2573 5196 anni
2621 5148 2798 5204 erant,
2848 5138 2919 5192 de
2960 5136 3160 5206 quibus
3185 5134 3407 5199 dicitur,

1836 5243 2109 5312 Tanquam
2143 5239 2253 5292 dies
2276 5239 2518 5291 hesterna
2542 5249 2659 5304 qua:
2684 5231 2959 5301 prwteriit.
2987 5227 3123 5282 Nam
3160 5227 3281 5281 illos
3306 5219 3407 5279 an-

1833 5351 1934 5388 nos
1959 5349 2056 5388 ceu
2091 5329 2389 5403 praeteritos
2417 5334 2471 5382 et
2497 5327 2712 5394 elapsos
2733 5323 3038 5393 deplorant,
3083 5319 3176 5389 qui
3208 5319 3262 5372 in
3283 5332 3408 5371 ora-

1833 5426 2159 5497 tioneweum
2175 5423 2388 5492 placare
2400 5425 2670 5473 conantur
2689 5434 2708 5483 ;
2722 5416 2831 5469 imo
2841 5413 3003 5469 etiam
3016 5411 3171 5482 quasi
3186 5417 3413 5464 noctur-

1832 5537 1959 5576 nam
1992 5516 2320 5582 eustodiam,
2354 5514 2500 5567 mille
2529 5527 2704 5565 annos
2730 5512 2852 5565 illos
2893 5507 3166 5563 eﬁluxisse
3194 5505 3408 5559 dicunt.

1834 5611 1967 5663 Nam
2004 5606 2204 5677 Moysis
2237 5606 2322 5660 lex
2352 5604 2577 5657 lucerna
2599 5608 2719 5655 erat
2777 5600 2834 5653 in
2897 5605 3057 5652 nocte
3114 5592 3418 5665 splendens

1834 5702 2004 5773 ipsis;
2035 5697 2458 5769 prophetaeitem
2488 5695 2578 5762 qui
2613 5702 2735 5763 post
2763 5690 2999 5762 Moysem
3035 5688 3274 5744 fuerunt.
3315 5685 3412 5737 .lu-

1833 5808 2010 5849 cerua:
2037 5798 2215 5849 erant,
2247 5789 2362 5843 sive
2406 5786 2572 5839 stella:
2634 5785 2688 5843 in
2752 5791 2909 5838 nocte
2935 5781 3233 5845 fulgentes,
3284 5790 3412 5827 cum
