3830 6288
411 348 551 406 “35

1084 346 1354 406 EUSEBH
1395 345 1873 404 CASSARIENSIS
1916 347 2066 403 OPP.
2119 347 2303 404 PARS
2343 347 2429 403 Ill.
2459 379 2529 390 -—
2559 345 2970 405 EXEGETICA.

3515 352 3639 407 H36

406 470 768 526 nondumlux
805 470 1022 536 solaris,
1059 471 1111 524 id
1161 480 1245 526 est
1296 472 1552 527 salutaris
1619 471 1802 536 Verbi,
1847 487 1969 540 pro-

2075 469 2168 523 τοῦ
2201 469 2444 540 ἡλιακοῦ,
2478 470 2720 524 τουτέστι
2766 469 2861 522 τοῦ
2892 470 3157 541 σωτηρίου
3202 470 3400 538 Λόγου,
3436 471 3535 540 τὴν
3574 471 3643 523 ol-

406 562 582 632 priam
603 561 744 616 diem
770 577 833 616 ac
865 562 1146 618 meridiem
1180 564 1435 619 omnibus
1486 563 1737 634 gentibus
1794 564 1976 619 lucere

408 652 650 708 fecisset.
674 649 933 707 Custodia
961 667 1098 706 uero
1129 660 1417 716 nocturna,
1471 651 1744 722 quoddam
1799 651 1979 706 noctis

404 753 621 816 tempus
650 754 894 801 vocatur.
926 743 1042 799 Hoc
1061 760 1223 814 porro
1267 745 1537 816 intelligas
1565 758 1632 798 ex
1663 743 1978 813 Evangelia,

404 838 462 891 in
496 851 606 906 quo
629 836 834 891 dictum
884 845 968 891 est
997 854 1010 890 :
1043 836 1252 902 Quarta
1302 846 1477 889 autem
1518 834 1761 888 custodia
1807 836 1978 889 noctis

405 932 541 985 venit
561 929 718 984 Iesus
742 929 1020 983 ambulans
1054 943 1214 996 supra
1254 945 1399 982 mare
1426 928 1468 959 ⁵⁷
1494 943 1513 992 ;
1544 943 1608 983 ac
1649 944 1887 995 rursum,
1919 928 1981 984 Si

405 1024 560 1077 sciret
575 1022 966 1092 paterfamilias
984 1037 1086 1092 qua
1110 1021 1349 1074 custodia
1368 1022 1455 1090 fur
1471 1020 1738 1076 veniret".
1763 1020 1826 1076 lli
1851 1037 1980 1092 ergo

402 1117 550 1170 mille
584 1116 711 1170 anni
744 1131 850 1168 non
883 1115 1043 1168 modo
1073 1113 1201 1174 diei,
1230 1129 1350 1182 qua:
1397 1113 1656 1183 praeteriit
1694 1130 1793 1169 nec
1837 1115 1977 1169 ultra

402 1207 640 1272 exsistit,
673 1207 1035 1262 conferuntur
1055 1206 1176 1270 ;sed
1197 1207 1358 1259 etiam
1376 1206 1603 1261 modica:
1617 1207 1792 1261 noctis
1804 1207 1942 1276 parti
1961 1224 1975 1272 ;

402 1300 477 1354 ita
509 1306 568 1352 ut
592 1313 700 1352 non
733 1299 940 1366 integra
977 1313 1104 1358 nox,
1125 1296 1216 1352 sed
1246 1297 1367 1366 ejus
1404 1312 1531 1367 pars
1555 1297 1885 1363 declaretur,
1919 1299 1974 1353 in

406 1405 516 1460 qua
567 1389 874 1445 custodiam
930 1391 1178 1458 corporei
1215 1389 1350 1458 legis
1371 1389 1553 1444 cultus
1586 1389 1972 1444 observabant.

406 1480 521 1534 Sub
550 1481 665 1535 base
688 1479 888 1534 dicitur
921 1496 932 1530 :
971 1480 1103 1545 Qua:
1127 1495 1222 1548 pro
1258 1478 1423 1532 nihilo
1461 1479 1717 1533 habentur
1767 1495 1969 1545 eorum,

403 1575 530 1629 anni
582 1582 750 1627 erunt.
815 1571 1020 1627 Horum
1073 1572 1207 1626 mihi
1257 1573 1370 1628 haec
1429 1573 1644 1628 videtur
1704 1573 1973 1628 sententia

400 1681 568 1722 esse:
621 1663 764 1718 Anni
805 1679 994 1719 eorum
1050 1679 1152 1734 pro
1197 1664 1368 1717 nihilo
1420 1672 1601 1720 erunt.
1661 1663 1780 1719 Non
1825 1666 1971 1719 enim

399 1757 628 1812 ulterius
658 1757 787 1811 anni
838 1756 918 1810 illi
977 1757 1030 1810 in
1097 1756 1306 1810 honore
1357 1767 1538 1820 erunt,
1582 1771 1688 1812 non
1719 1756 1967 1819 curandi,

2081 564 2233 616 κείαν
2257 564 2472 634 ἡμέραν
2503 580 2562 615 τε
2597 563 2690 615 καὶ
2744 562 3088 634 μεσημϐρίαν
3127 564 3260 616 πᾶσι
3290 565 3406 626 τοῖς
3445 562 3640 615 ἔθνεσιν

2078 655 2502 727 ἐπιλάμψαντος.
2533 655 2750 726 Φυλακὴ
2783 655 2839 708 δὲ
2883 655 3171 725 νυκτερινὴ
3217 653 3412 725 καιρὸς
3443 654 3642 723 ὠνόμα-

2081 763 2202 798 σται
2228 746 2328 816 τῆς
2365 747 2555 808 νυκτός
2574 762 2587 776 ο
2613 745 2770 798 τοῦτο
2803 745 2860 798 δὲ
2893 747 3103 816 νοήσεις
3132 745 3238 798 ἀπὸ
3263 744 3358 797 τοῦ
3403 744 3638 811 Εὐαγγε-

2077 837 2211 899 λίου,
2236 839 2294 890 ἐν
2317 831 2360 905 ᾧ
2387 838 2598 908 εἴρηται
2616 854 2629 866 ·
2663 836 2914 906 Τετάρτῃ
2939 836 3007 889 δὲ
3038 835 3284 905 φυλακῇ
3305 834 3418 903 τῆς
3437 837 3642 902 νυκτὸς

2076 927 2264 1000 ἦλθεν
2301 934 2333 984 ὁ
2370 930 2591 999 Ἰησοῦς
2649 929 2982 998 περιπατῶν
3012 930 3109 982 ἐπὶ
3150 928 3259 999 τῆς
3298 928 3638 997 θαλάσσης·

2080 1025 2172 1078 καὶ
2207 1025 2395 1078 πάλιν·
2430 1027 2499 1079 El
2533 1023 2663 1093 ᾔδει
2707 1027 2741 1077 ὀ
2769 1023 3200 1091 οἰκοδεσπότης
3235 1023 3378 1092 ποίᾳ
3408 1022 3641 1091 φυλακῇ

2077 1119 2111 1170 ό
2156 1116 2424 1184 κλέπτης
2469 1116 2723 1186 ἔρχεται.
2751 1114 3012 1186 Δηλοῦται
3057 1116 3237 1168 τοίνυν
3270 1115 3340 1166 τὰ
3370 1114 3518 1185 χίλια
3557 1114 3636 1185 ἔτη

2077 1206 2176 1276 οὺχ
2201 1206 2275 1270 ὡς
2296 1207 2531 1278 ἡμέραή
2565 1206 2928 1276 παρελθοῦσα,
2958 1207 3052 1259 καὶ
3079 1206 3270 1277 μηκέτ’
3296 1202 3432 1260 οὖσα
3475 1207 3638 1276 μόνον,

2077 1295 2212 1349 ἀλλὰ
2248 1297 2342 1350 καὶ
2374 1297 2450 1360 ὡς
2490 1296 2664 1368 βραχύ
2694 1315 2748 1349 τι
2785 1297 2970 1368 μόριον
3011 1291 3224 1360 νυκτὸς,
3252 1297 3329 1360 ὡς
3357 1298 3495 1368 μηδὲ
3527 1298 3641 1366 ὅλην

2077 1387 2248 1442 νύκτα
2280 1388 2489 1458 νοῆσαι,
2535 1388 2673 1442 ἀλλὰ
2713 1389 2876 1459 μέρος
2917 1404 2969 1440 τι
3001 1387 3224 1458 ταύτης,
3261 1391 3320 1441 ὲν
3347 1381 3394 1456 ᾧ
3423 1389 3521 1460 τὴν
3552 1407 3640 1457 φυ-

2075 1477 2246 1548 λακὴν
2270 1477 2366 1548 τῆς
2397 1480 2711 1550 σωματικῆς
2740 1479 2835 1532 τοῦ
2877 1479 3039 1551 νόμου
3069 1480 3322 1550 λατρείας
3349 1483 3638 1550 περιεῖπον.

2075 1571 2298 1634 Τούτοις
2347 1571 2474 1642 ἑξῆς
2522 1572 2770 1644 εἴρηται·
2829 1576 2904 1627 Τὰ
2959 1572 3412 1642 ὲξουδενώματα
3456 1574 3641 1628 αὐτῶν

2073 1661 2175 1730 ἐτη
2203 1661 2464 1716 ἔσονται.
2493 1666 2650 1718 Δοκεῖ
2675 1681 2765 1735 μοι
2788 1665 2882 1718 καὶ
2915 1665 2947 1736 ἡ
2975 1663 3175 1718 τούτων
3195 1665 3407 1718 διάνοια
3432 1665 3638 1737 τοιαύτη

2074 1771 2157 1818 τις
2188 1751 2325 1808 εἶναι
2350 1772 2363 1786 ’
2396 1755 2476 1807 Τὰ
2497 1754 2590 1826 ἐτη
2624 1757 2802 1809 αὐτῶν
2831 1754 3238 1827 ἐξουδενώματα
3273 1757 3510 1811 ἔσονται.
3541 1759 3642 1811 Οὐκ

400 1861 510 1904 non
544 1847 840 1901 necessarii
892 1846 1278 1914 habebuntur;
1336 1847 1428 1901 sed
1475 1847 1716 1915 despecti
1765 1862 1828 1901 ac
1878 1862 1969 1918 pro

2078 1843 2157 1896 ἔτι
2189 1845 2299 1916 γὰρ
2353 1846 2546 1917 ἔντιμα
2593 1846 2706 1918 ἐτη,
2742 1849 2862 1902 οὐδὲ
2907 1849 3163 1902 σπουδαῖα
3216 1851 3312 1904 καὶ
3359 1851 3640 1918 ἀναγκαῖα,

398 1937 570 1992 nihilo
628 1941 862 2009 reputati
913 1948 1094 1995 erunt.
1147 1937 1433 2004 Quomodo
1483 1947 1665 1994 autem
1714 1939 1840 1994 anni
1879 1954 1972 1994 eo-

396 2043 518 2082 rum
557 2043 656 2099 pro
701 2030 872 2084 nihilo
925 2030 1208 2100 reputandi
1265 2029 1396 2093 sint,
1443 2029 1703 2100 deinceps
1731 2029 1973 2084 declarat

397 2120 626 2176 dicens:
667 2121 824 2176 Mane
899 2125 1038 2177 sicut
1115 2122 1277 2176 herba
1343 2131 1616 2188 transeat,
1666 2139 1820 2176 mane
1872 2123 1968 2191 ﬂo-

395 2220 509 2266 reat
535 2220 584 2265 et
611 2220 866 2276 transeat,
893 2227 1097 2280 vespere
1129 2211 1359 2274 decidat,
1392 2211 1605 2265 indurat
1638 2220 1690 2266 et
1725 2220 1970 2275 arescat,

394 2303 520 2372 quia
553 2303 836 2372 defecimus
867 2305 922 2358 in
954 2305 1037 2358 ira
1063 2314 1172 2359 tua.
1199 2303 1341 2359 Olim
1366 2305 1608 2375 quidem,
1628 2306 1724 2371 ait,
1752 2305 1974 2376 quando

395 2409 485 2450 res
517 2405 721 2450 nostra:
740 2395 1025 2450 exordium
1057 2396 1354 2461 ducebant,
1385 2405 1441 2453 et
1474 2397 1528 2451 in
1564 2397 1833 2451 matutino
1853 2412 1975 2452 era-

394 2500 540 2549 mus,
571 2487 728 2556 quasi
753 2487 922 2542 herba
955 2485 1158 2542 fuimus
1191 2506 1204 2540 :
1253 2485 1348 2540 sed
1390 2501 1516 2542 cum
1569 2488 1661 2541 illa
1697 2488 1974 2558 generatio

393 2578 766 2646 praeteriisset,
791 2579 959 2633 herba
1001 2577 1241 2632 transiit.
1277 2578 1392 2633 Sub
1421 2579 1537 2634 haec
1566 2587 1748 2636 autem
1784 2579 1972 2634 ﬂorui-

393 2683 536 2732 mus,
569 2677 623 2724 et
655 2670 889 2740 amplius
918 2669 1048 2739 quid
1075 2683 1139 2723 ac
1164 2670 1344 2739 majus
1373 2685 1537 2741 quam
1570 2671 1794 2726 herbam
1825 2670 1972 2726 nacti

394 2775 617 2825 sumus,
653 2761 729 2815 ita
782 2770 840 2816 ut
894 2763 995 2820 llos
1044 2763 1100 2818 in
1159 2764 1322 2818 nobis
1359 2764 1729 2834 reperiretur:
1779 2770 1834 2817 at
1886 2763 1976 2818 hic

395 2855 613 2922 quoque
643 2853 744 2910 llos
775 2856 1052 2924 praeteriit.
1091 2854 1361 2912 Extremis
1413 2871 1544 2911 vero
1595 2855 1932 2925 temporibus
1955 2895 1971 2920 ,

393 2943 677 2999 occidente
705 2960 931 3016 prorsus
967 2945 1126 3001 nobis
1163 2945 1403 3008 lumine,
1457 2960 1582 2998 eum
1617 2959 1718 2998 nos
1745 2957 1974 3013 vespera

391 3047 735 3109 occupasset,
753 3038 1058 3095 excidimus
1094 3054 1326 3110 prorsus
1359 3037 1620 3093 exsiccati
1645 3043 1700 3091 et
1723 3034 1968 3101 arefacti;

393 3130 556 3192 idque
580 3131 821 3200 perpessi
849 3147 1063 3194 sumus,
1101 3131 1242 3197 Quia
1263 3131 1548 3200 defecimus
1564 3131 1620 3184 in
1641 3129 1726 3183 ira
1754 3138 1844 3182 tua
1866 3168 1882 3195 ,
1921 3136 1972 3182 et

389 3222 446 3276 in
474 3221 651 3291 furore
686 3232 774 3276 tuo
810 3223 1011 3277 turbati
1057 3239 1260 3277 sumus.
1300 3222 1615 3277 Secundum
1647 3222 1807 3275 aliam
1835 3237 1961 3276 vero

389 3313 717 3367 sententiam
746 3321 924 3383 potest
947 3314 1082 3368 dicti
1111 3314 1276 3382 hujus
1309 3315 1534 3384 physica
1565 3313 1708 3367 ratio
1763 3312 1968 3378 aﬂ‘erri;

389 3401 536 3470 quod
585 3402 795 3457 scilicet
847 3403 1088 3456 humana
1126 3411 1318 3456 natura
1352 3404 1405 3456 in
1456 3404 1744 3471 juventute
1795 3402 1972 3457 instar

391 3491 574 3546 herbas
611 3499 810 3547 tenera:
867 3493 1133 3563 pullulet:
1173 3500 1362 3562 postea
1396 3509 1526 3547 vero
1580 3493 1634 3548 in
1660 3492 1836 3546 aetatis
1885 3492 1968 3546 vi-

389 3580 769 3651 gore-ﬂoreat;
819 3591 1096 3651 postremo
1128 3592 1310 3638 autem
1345 3583 1735 3638 in-senectutis
1780 3583 1968 3638 limine

389 3673 626 3740 decidat,
658 3690 758 3729 nec
790 3676 895 3728 alio
955 3675 1114 3730 modo
1140 3718 1155 3742 ,
1215 3691 1379 3747 quam
1411 3677 1542 3746 quia
1583 3677 1817 3745 primum
1858 3691 1968 3746 prae

390 3773 672 3820 senectute
707 3765 956 3820 indurata
988 3765 1196 3831 fuerat,
1230 3782 1295 3821 ac
1325 3776 1514 3837 postea
1547 3767 1765 3837 penitus
1789 3769 1970 3821 exsic—

389 3867 543 3923 cata;
600 3865 654 3911 et
703 3857 850 3928 quod
891 3873 1117 3927 vespera
1173 3858 1510 3930 signiﬁcetur
1548 3867 1791 3914 extrema
1844 3859 1969 3913 vitae

391 3949 661 4004 humanae.

457 4140 626 4198 Vsus.
655 4142 810 4200 ‘8-l0.
859 4143 1095 4199 Posuisti
1123 4147 1427 4218 iniquitates
1469 4159 1682 4206 nostras
1737 4153 1792 4205 in
1842 4169 1966 4208 con-

386 4243 565 4302 spectu
602 4246 689 4288 tuo
719 4251 736 4288 :
770 4237 1021 4290 saxulum
1053 4248 1291 4294 nostrum
1330 4243 1384 4294 in
1414 4242 1809 4298 illuminatione
1846 4246 1963 4300 vul-

385 4332 472 4383 tis
498 4327 605 4381 tui;
633 4327 897 4393 Quoniam
922 4345 1098 4382 omnes
1121 4329 1230 4384 dies
1273 4333 1441 4385 nostri
1482 4332 1801 4401 defecerunt,
1828 4347 1876 4389 et
1909 4335 1965 4389 in

385 4420 471 4472 ira
500 4428 590 4472 tua
618 4419 921 4490 defecimus.
959 4420 1346 4494 Symmachus,
1373 4425 1681 4495 Apposuisti
1705 4427 1960 4498 iniquita-

386 4519 462 4566 tes
495 4521 704 4568 nostras
733 4514 786 4568 in
828 4525 1102 4585 conspectu
1142 4525 1252 4580 tuo,
1286 4518 1631 4588 negligentias
1660 4530 1871 4574 nostras
1903 4527 1962 4573 ut

2077 1935 2189 1988 ἀλλ’
2220 1936 2613 2009 ἐξουθενημένα
2651 1938 2745 1992 καὶ
2777 1942 2855 2002 εις
2886 1934 2946 1991 τὸ
2981 1939 3143 2011 μηδεν
3173 1939 3534 2010 λελογισμένα
3559 1957 3636 2009 γε·

2073 2029 2312 2100 νήσεται.
2344 2029 2466 2093 Πῶς
2497 2029 2552 2082 δὲ
2586 2032 2666 2094 εἰς
2693 2030 2842 2083 οὐδὲν
2865 2030 3219 2102 λελογισμένοι
3239 2035 3534 2102 γενήσεται
3553 2033 3642 2086 αὐ-

2072 2118 2180 2172 τῶν
2226 2119 2292 2172 τὰ
2338 2118 2452 2190 ἔτη,
2482 2120 2738 2190 διασαφεῖ
2783 2122 2956 2189 λέγων
3003 2121 3158 2193 ἐξῆς⁶
3197 2123 3268 2180 Τὸ
3319 2124 3576 2192 πρωῒώς
3606 2125 3639 2192 ἡ

2073 2214 2225 2280 χλόη
2250 2211 2552 2280 παρέλθοι,
2577 2213 2643 2266 τὸ
2667 2214 2815 2281 πρωῒ
2835 2214 3096 2283 ἀνθῆσαι
3119 2215 3217 2268 καί
3239 2215 3526 2283 παρέλθοι
3544 2232 3559 2247 θ
3584 2217 3644 2270 τὸ

2073 2301 2333 2370 ἑσπέρας
2367 2303 2682 2369 ἀπόπέσοι,
2723 2307 3122 2373 σκληρυνθείη
3175 2306 3274 2361 καὶ
3308 2307 3641 2374 ξηρανθείη,

2074 2394 2162 2448 ὅτι
2179 2395 2536 2465 ἐξελίπομεν
2556 2396 2626 2448 ἐν
2653 2396 2730 2465 τῇ
2751 2396 2897 2466 ὀργῇ
2926 2414 3063 2451 σου.
3093 2398 3268 2452 Πάλαι
3295 2399 3394 2470 μὲν
3412 2395 3528 2461 οὖν,
3553 2417 3642 2468 φη-

2075 2487 2178 2541 σὶν.
2210 2487 2298 2540 ὅτε
2329 2488 2503 2560 ἀρχὰς
2530 2485 2643 2558 εἶχε
2673 2489 2740 2542 τὰ
2767 2483 2887 2542 καθ’
2918 2492 3064 2561 ἡμᾶς
3088 2493 3179 2544 καί
3199 2493 3258 2544 ἐν
3279 2493 3462 2563 πρώτᾳ
3490 2488 3641 2563 ἦμεν,

2073 2577 2374 2648 γεγόναμεν
2402 2578 2476 2641 ('0;
2498 2580 2528 2648 ἡ
2550 2577 2677 2649 χλόη
2699 2596 2712 2609 ·
2743 2579 2878 2632 ἀλλὰ
2908 2581 3284 2654 παρελθούσης
3313 2582 3531 2653 ἐκείνης
3557 2584 3644 2653 τῆς

2075 2670 2288 2737 γενεᾶς,
2315 2669 2587 2741 παρῆλθεν
2621 2673 2654 2742 ἡ
2688 2671 2838 2743 χλόη.
2864 2674 3019 2727 Μετὰ
3043 2673 3216 2727 ταῦτα
3235 2675 3292 2726 δὲ
3315 2674 3642 2745 ὴνθήσαμεν,

2078 2761 2261 2831 μεῖζόν
2285 2779 2345 2814 τε
2376 2763 2470 2815 καὶ
2506 2763 2667 2817 πλέον
2703 2763 2801 2833 τῆς
2829 2763 2991 2835 χλόης
3023 2766 3356 2836 ἐσχήκαμεν,
3395 2766 3538 2820 ὥστε
3559 2763 3644 2817 καὶ

2075 2851 2234 2915 ἄνθος
2276 2855 2334 2905 ἐν
2370 2855 2500 2925 ἡμῖν
2541 2853 2830 2926 εὑρεθῆναι
2853 2871 2866 2884 ⁸
2902 2857 2996 2909 καὶ
3031 2855 3188 2909 τοῦτο
3223 2857 3282 2910 δὲ
3320 2855 3565 2927 παρῆλθε
3590 2857 3644 2908 τὸ

2073 2941 2251 3007 ἄνθος.
2290 2944 2406 2996 Ἐπ’
2450 2945 2692 3016 ἐσχάτων
2739 2945 2796 2998 δὲ
2850 2945 2958 2999 τῶν
3013 2946 3238 3019 καιρῶν,
3281 2947 3468 3010 δύντος
3523 2948 3644 3016 ἡμῖν

2074 3036 2350 3101 παντελῶς
2381 3036 2476 3091 τοῦ
2508 3039 2702 3108 φωτὸς,
2726 3039 2820 3092 καὶ
2862 3040 3098 3111 ἑσπέρας
3129 3042 3278 3111 ἡμᾶς
3317 3041 3643 3094 καταλαϐού-

2076 3143 2195 3196 σης,
2241 3127 2718 3198 ἀποπεπτώκαμεν
2765 3128 3190 3199 σκληρυνθέντες
3226 3130 3323 3183 καὶ
3363 3129 3643 3201 ξηροινθέν⁸

2067 3235 2158 3281 τες
2180 3235 2194 3249 ⁸
2219 3218 2314 3272 καὶ
2341 3218 2512 3273 ταῦτα
2541 3219 2911 3290 πεπόνθαμεν,
2940 3221 3068 3274 "Ott
3097 3220 3458 3290 ἐξελίπομεν
3476 3224 3548 3275 ἐν
3576 3221 3643 3288 τῇ

2073 3306 2218 3377 ὀργῇ
2247 3323 2384 3372 σου,
2411 3310 2507 3362 καὶ
2533 3311 2603 3362 ἐν
2635 3308 2715 3374 τῷ
2748 3309 2911 3379 θυμῷ
2937 3324 3053 3363 σου
3083 3311 3516 3380 ἐταράχθημεν.
3547 3311 3638 3365 Δύ-

2071 3414 2226 3450 ναται
2253 3397 2310 3450 δὲ
2333 3399 2425 3451 καὶ
2451 3397 2572 3452 καθ’
2603 3397 2796 3468 ἑτέραν
2823 3399 3057 3452 διάνοιαν
3079 3399 3306 3468 φυσικὸν
3331 3401 3490 3468 Λόγον
3519 3402 3641 3453 ἀπο-

2068 3487 2264 3541 διδόναι
2289 3488 2377 3542 διὰ
2418 3489 2622 3543 τούτων
2651 3492 2683 3559 ἡ
2715 3489 2881 3556 λέξις,
2928 3490 3003 3554 ὼς
3033 3490 3132 3561 τῆρ
3173 3491 3525 3562 ἀνθρωπίνης
3547 3490 3640 3560 φά,

2070 3598 2207 3644 σεως
2235 3583 2291 3635 έν
2326 3582 2424 3652 μὲν
2457 3585 2522 3653 τῇ
2555 3582 2764 3651 νεότητι
2785 3583 2937 3652 δίκην
2972 3583 3188 3652 ἁπαλῆς
3218 3583 3381 3655 χλόης
3411 3583 3639 3653 βλαστώ-

2071 3689 2190 3742 σης,
2230 3671 2368 3742 μετὰ
2398 3671 2455 3724 δὲ
2482 3671 2656 3724 ταῦτα
2691 3674 2748 3724 ὲν
2791 3675 2856 3743 τῇ
2892 3674 3042 3743 ἀκμῇ
3088 3672 3187 3744 τῆς
3209 3673 3432 3742 ἡλικίας
3455 3674 3635 3727 ἀνθού-

2070 3776 2188 3834 σης·
2207 3759 2305 3814 εἷθ’
2335 3761 2557 3833 ὕστερον
2579 3763 2672 3816 ἐπὶ
2701 3763 2905 3834 γήραος
2923 3763 3060 3834 οὐδῷ
3087 3764 3527 3836 ἁποπιπτούσης,
3548 3766 3636 3818 οὐκ

2066 3853 2282 3924 ἄλλωςῆ
2308 3853 2521 3924 πρῶτον
2552 3854 2686 3926 σκλη
2697 3857 2990 3926 ρυνομένης
3010 3856 3149 3910 κατὰ
3163 3855 3221 3910 τὸ
3241 3856 3632 3927 γῆρας,ἓτ·.ειτα

2067 3946 2343 4010 παντελῶς
2393 3944 2802 4018 ξηραινομένης.
2872 3945 3139 4020 Ἑσπέραν
3179 3950 3236 4002 δὲ
3285 3951 3631 4020 σημαίνεσθαι

2065 4038 2133 4091 τὰ
2161 4038 2443 4091 τελευταῖα
2469 4039 2568 4109 τῆς
2597 4037 2704 4091 τῶν
2730 4037 3030 4108 ἀνθρώπων
3056 4037 3222 4110 ζωῆς.

2137 4152 2313 4205 Ἕθου
2337 4151 2443 4217 τὰς
2474 4152 2724 4222 ἀνομίας
2753 4151 2921 4222 ἡμῶν
2951 4153 3228 4206 ἐναντίον
3254 4167 3372 4206 σου
3391 4171 3405 4184 ·
3442 4157 3478 4207 ό
3503 4152 3632 4207 αἰὼν

2064 4243 2232 4314 ἡμῶν
2260 4246 2347 4311 εἰς
2374 4246 2682 4316 φωτισμὸν
2712 4246 2817 4300 τοῦ
2843 4245 3166 4312 προσώπου
3207 4262 3346 4301 σου.
3380 4247 3502 4299 Ὅτι
3533 4244 3630 4298 πᾶ-

2063 4349 2169 4390 σαι
2212 4337 2272 4388 αἱ
2327 4335 2538 4403 ἡμέραι
2580 4331 2748 4405 ἡμῶν
2786 4335 3087 4402 ἐξέλιπον,
3124 4335 3224 4390 καὶ
3260 4338 3332 4389 ἐν
3370 4336 3448 4405 τῇ
3508 4333 3633 4406 δέη-ᾗ

2063 4438 2182 4477 σου
2230 4423 2606 4494 ἑξελίπομεν.
2643 4421 2700 4478 Ὀ
2752 4426 3072 4496 Σύμμαχος·
3114 4424 3507 4494 Προσέθηκας
3542 4426 3636 4491 τὰς

2063 4515 2316 4583 ἀνομίας
2351 4514 2518 4581 ἡμῶν
2541 4515 2822 4584 ἄντικρύς
2849 4533 2985 4580 σου,
3027 4517 3134 4582 τὰς
3163 4517 3451 4586 ἀμελείας
3482 4517 3637 4586 ήμῶν

386 4615 675 4673 appareant
699 4607 866 4660 vultui
899 4615 1010 4663 tuo.
1044 4606 1237 4664 Omnes
1277 4611 1414 4664 enim
1444 4610 1557 4665 dies
1603 4613 1772 4666 nostri
1799 4614 1959 4682 aufu-

2072 4607 2380 4675 φαίνεσθαι
2407 4605 2488 4672 τῷ
2524 4607 2820 4675 προσώπῳ
2856 4623 2993 4662 σου.
3023 4608 3219 4662 Πᾶσαι
3256 4609 3369 4678 τὰρ
3405 4613 3468 4664 at
3503 4608 3636 4680 ὴμέ-

385 4709 590 4766 gerunt,
617 4698 672 4752 in
696 4699 780 4752 ira
811 4708 903 4753 tua
927 4699 1192 4769 absumpti
1217 4718 1422 4756 sumus.
1461 4701 1586 4758 Haec
1617 4705 1672 4758 in
1703 4707 1955 4775 praesenti

2072 4716 2159 4764 ραι
2175 4698 2342 4769 ἡμῶν
2359 4697 2701 4766 διέδρασαν,
2721 4699 2791 4752 ἐν
2804 4699 2884 4764 τῷ
2906 4701 3067 4768 χόλῳ
3088 4717 3203 4754 σου
3227 4701 3635 4770 ἀνηλώθημεν.

384 4789 699 4846 conditione
727 4794 908 4863 populi
933 4809 997 4847 ex
1022 4794 1439 4850 circumcisione
1468 4796 1652 4852 dicere
1679 4799 1955 4852 convenit.

2072 4793 2173 4845 Καὶ
2203 4792 2375 4845 ταῦτα
2419 4791 2594 4860 λέγειν
2645 4791 2872 4862 ἁρμόζει
2911 4795 2978 4863 τῇ
3023 4791 3270 4864 παρούσῃ
3312 4792 3639 4846 καταστάσει

384 4871 543 4935 Nunc
565 4882 708 4934 enim
741 4894 930 4937 omnes
959 4898 1148 4938 eorum
1196 4884 1414 4953 pristini
1440 4884 1558 4941 dies
1594 4901 1721 4941 vere
1745 4887 1958 4943 defece-

2072 4881 2157 4935 τοῦ
2183 4882 2312 4935 λαοῦ
2341 4882 2431 4934 τοῦ
2462 4884 2526 4936 ἐκ
2549 4883 2870 4954 περιτομῆς.
2911 4883 3024 4936 Νῦν
3055 4883 3164 4954 γὰρ
3191 4884 3267 4948 ὡς
3295 4884 3517 4955 ἀληθῶς
3542 4885 3638 4936 πᾶ-

384 4979 532 5036 runt,
558 4987 681 5026 cum
709 4989 934 5043 vespera
989 4975 1112 5030 illos
1166 4977 1475 5046 occupavit,
1506 4985 1561 5033 et
1592 4993 1716 5033 cum
1747 4979 1959 5035 defece-

2072 4992 2156 5028 σαι
2177 4975 2233 5029 αἱ
2263 4975 2522 5046 πρότεραι
2546 4976 2749 5048 ἡμέραι
2776 4976 2952 5029 αὐτῶν
2979 4975 3242 5043 ἐξέλιπον,
3262 4977 3353 5030 ὅτε
3382 4980 3417 5048 ἡ
3441 4978 3639 5047 ἑσπέρα

384 5065 591 5118 runtin
633 5065 712 5117 ira
743 5065 856 5119 Dei.
904 5065 1171 5132 Quoniam
1212 5067 1341 5120 olim
1374 5067 1593 5138 quidem
1642 5069 1959 5136 iniquitates

2072 5069 2261 5131 αὐτοὺς
2302 5069 2585 5131 κατέλαϐε,
2622 5071 2714 5122 καὶ
2749 5069 2838 5122 ὅτε
2877 5069 3121 5136 ἐξέλιπον
3153 5072 3209 5123 ὲν
3256 5073 3322 5141 τῇ
3368 5073 3506 5140 ὀργῆ
3549 5069 3639 5123 τοῦ

381 5171 573 5210 eorum
588 5158 1032 5225 praetermittebat
1049 5165 1102 5212 et
1129 5159 1701 5230 praetergrediebatur;
1728 5160 1820 5215 sed
1838 5169 1962 5230 post

383 5261 574 5300 eorum
613 5246 669 5300 in
702 5245 1043 5302 Salvatorem
1070 5248 1528 5318 conspirationem
1541 5247 1878 5318 implebatur
1898 5250 1963 5303 il-

384 5335 498 5396 lud.
520 5334 642 5390 Non
659 5337 803 5390 ultra
827 5337 994 5406 feram
1023 5348 1239 5405 peccata
1279 5347 1453 5393 vestra
1487 5339 1566 5406 ”;
1599 5337 1721 5394 ideo
1739 5339 1834 5406 ait,
1862 5338 1963 5393 Po-

383 5429 539 5480 suisti
555 5430 854 5497 iniquitates
872 5439 1079 5484 nostras
1096 5431 1151 5484 in
1170 5440 1441 5500 conspectu
1461 5440 1568 5496 tuo,
1593 5441 1666 5497 et,
1699 5431 1962 5487 Sweulum

385 5532 622 5577 nostrum
645 5524 698 5575 in
726 5524 1114 5578 illuminatione
1135 5527 1308 5578 vultus
1335 5525 1432 5579 tui.
1479 5522 1586 5578 Pro
1615 5539 1724 5594 quo
1749 5524 1957 5580 clarius

387 5601 746 5690 Symmachus
777 5614 972 5680 edidit,
1010 5613 1370 5686 Negligentias
1397 5625 1607 5672 nostras
1637 5625 1696 5670 ut
1739 5633 1955 5686 appare-

2061 5159 2219 5214 Θεοῦ.
2263 5161 2477 5232 Ἐπειδὴ
2527 5161 2694 5215 πάλαι
2751 5163 2849 5233 μὲν
2910 5162 3108 5234 παρῄει
3169 5162 3264 5215 καὶ
3318 5162 3636 5234 ὑπερέϐαινε

2061 5251 2160 5315 τὰς
2186 5251 2416 5322 ἀνομίας
2447 5251 2644 5316 αὐτῶν,
2683 5251 2819 5323 μετὰ
2861 5251 2917 5304 δὲ
2961 5253 3059 5324 τὴν
3089 5253 3228 5306 κατὰ
3257 5252 3354 5306 τοῦ
3389 5252 3636 5322 Σωτῆρος

2063 5342 2354 5414 ἐπιϐουλὴν
2382 5342 2680 5415 ἐπληροῦτο
2711 5345 2790 5406 είς
2823 5343 3016 5407 αὐτοὺς
3040 5343 3129 5396 τό·
3168 5346 3288 5397 οὐκ
3317 5343 3404 5396 ἐτι
3431 5342 3634 5405 ἀνήσω

2063 5433 2170 5500 τὰς
2207 5435 2485 5504 ἁμαρτίας
2539 5433 2729 5503 ὑμῶν·
2781 5433 2860 5487 διό
2906 5450 3097 5504 φησιν’
3137 5435 3311 5488 Ἐ’θου
3355 5436 3462 5498 τὰς
3500 5434 3628 5486 ἀνο-

2061 5525 2199 5594 μίας
2230 5526 2398 5595 ήμῶν
2430 5527 2705 5580 ἐναντίον
2748 5542 2884 5591 σου,
2925 5526 3038 5591 καὶ,
3077 5527 3129 5578 '0
3173 5525 3316 5580 αἰὼν
3349 5525 3516 5592 ἡμῶν
3542 5525 3624 5588 εἰς

2061 5618 2365 5687 φωτισμὸν
2391 5618 2498 5672 τοῦ
2539 5618 2860 5686 προσώπου
2897 5634 3032 5673 σου.
3105 5617 3244 5670 Ἀνθ’
3272 5611 3334 5670 οὗ
3370 5615 3618 5685 σαφέστε-

452 5767 499 5801 ³⁷
539 5765 728 5821 Matth.
763 5783 873 5833 xw,
906 5767 995 5822 (ἐϋ,
1073 5771 1117 5802 ⁵⁸
1157 5770 1346 5826 Matth.
1385 5787 1545 5838 xxrv,
1581 5774 1669 5829 45.
1746 5775 1790 5808 ’ν
1825 5770 1931 5828 Jer.

2072 5789 2095 5840 ν,
2137 5773 2224 5839 1-2,
2249 5774 2331 5828 ιι.
