3830 6288
209 360 338 419 1157

1356 356 1862 415 COMMENTARIA
1899 356 1968 413 IN
2005 357 2342 417 PSALMOS.

3289 364 3431 420 “38

203 498 287 556 ρον
331 479 358 532 ὁ
400 474 687 545 Σύμμαχος
742 472 1022 526 ἀπέδωκεν
1070 474 1270 528 εἰπών’
1315 477 1425 542 Τὰς
1476 477 1752 546 ἀμελείας

1863 488 1975 533 rent
2005 479 2174 533 vultui
2204 487 2313 534 tuo.
2343 478 2485 534 Anni
2517 481 2685 534 nostri
2715 481 2851 535 sicut
2873 495 3074 536 aranea
3105 481 3435 556 meditaban-

198 567 356 637 ἡμῶν
381 562 695 632 φαίνεσθαι
724 559 802 625 τῷ
841 561 1137 630 προσώπῳ
1164 579 1280 618 σου
1340 565 1416 619 Τὰ
1447 567 1550 634 ἐτη
1590 567 1759 634 ἡμῶν

195 657 328 713 ὡσεὶ
378 652 605 722 ἀράχνῃ
665 653 977 723 ἐμελέτων.
1038 657 1109 708 Al
1164 656 1374 726 ἡμέραι
1433 657 1549 712 τῶν
1608 660 1759 714 ἐτῶν

195 746 353 816 ἡμῶν
401 744 472 796 ἐν
519 743 722 810 αὐτοῖς
767 750 813 798 o'
846 746 972 812 ἐτη.
1016 745 1151 798 Ἐὰν
1183 745 1250 798 δὲ
1280 747 1350 800 ἐν
1377 748 1758 816 δυναστείαις

197 835 545 909 ὀγδοήκοντα
570 836 700 903 ἔτη,
735 836 834 890 καὶ
863 837 928 891 τὸ
963 840 1174 892 πλεῖον
1203 838 1401 894 αὐτῶν
1432 843 1617 910 κόπος
1659 844 1760 897 καὶ

195 931 386 994 πόνος.
458 927 717 982 Ἐνταῦθα
791 929 931 984 κατά
995 930 1183 1002 καιρὸν
1255 933 1589 1005 παραθετέον
1660 938 1758 1008 τὴν

204 1021 409 1074 Ἡσαΐου
452 1020 820 1091 προφητείαν,
867 1021 936 1075 δι’
978 1016 1048 1094 ἦς
1099 1040 1292 1094 φησιν’
1339 1025 1438 1080 Ὠὰ
1484 1027 1759 1082 ἀσπίδων

189 1112 437 1182 ἐρῤηξιιν
465 1112 563 1165 καὶ
596 1112 770 1168 ἰστὸν
796 1114 1068 1184 ἀράχνης
1095 1118 1438 1187 ὑφαίνουσι.
1487 1121 1672 1175 Ταῦτα
1699 1121 1758 1176 δὲ

189 1203 456 1266 ὲθέσπιζεν
479 1206 508 1257 ὁ
535 1206 849 1278 Προφήτης,
881 1207 1221 1279 ἀναπέμπων
1243 1210 1336 1264 τὸν
1358 1211 1515 1281 λόγον
1534 1214 1626 1266 ἐπὶ
1657 1214 1757 1285 τὴν

187 1297 504 1351 κατάστασιν
520 1295 613 1353 τοῦ
637 1297 768 1352 λαοῦ
786 1300 884 1372 τὴν
902 1301 1039 1370 μετά
1068 1303 1167 1373 τὴν
1195 1305 1497 1374 παρουσίαν
1525 1305 1620 1360 τοῦ
1653 1308 1758 1359 Σω-

184 1389 336 1460 τῆρος
358 1388 536 1459 ήμῶν,
567 1390 688 1446 καθ’
720 1392 787 1462 ἣν
827 1395 875 1446 οἱ
916 1392 1175 1465 ἄρχοντες
1209 1396 1388 1449 αὐτῶν
1418 1397 1572 1469 δίκην
1613 1399 1758 1470 ῦρνι-

185 1481 266 1544 θος
287 1480 572 1553 τικτούσης
592 1482 659 1538 τὰ
690 1484 896 1538 ἑαυτῶν
921 1486 1346 1558 ἀπογεννώμενα
1368 1488 1606 1543 τοσαῦτα
1629 1507 1757 1561 προ-

184 1571 472 1638 ϐάλλονται,
501 1573 579 1638 ὡς
608 1575 832 1640 ἀσπίδος
863 1577 1179 1646 ὁμοιοῦσθαι
1203 1581 1500 1650 γεννήμασι
1539 1580 1627 1633 διὰ
1664 1582 1754 1634 τὸν

182 1663 442 1734 ἐνιέμενον
485 1665 580 1719 ὑπ’
607 1666 782 1724 αὐτῶν
830 1671 927 1740 τῆς
975 1670 1116 1726 κατά
1157 1671 1250 1725 τοῦ
1300 1672 1551 1744 Σωτῆρος
1597 1673 1754 1744 ἡμῶν

182 1754 516 1827 βλασφημίας
564 1760 640 1814 ίὸν
683 1763 776 1816 καὶ
811 1763 912 1833 τῆς
939 1763 1106 1835 ἄλλης
1146 1765 1226 1828 είς
1266 1764 1430 1818 αὐτὸν
1476 1766 1749 1830 ἀπιστίας.

1861 580 1966 626 tur.
2000 571 2124 626 Dies
2165 588 2432 626 annorum
2466 581 2768 628 nostrorum
2825 573 2881 627 in
2927 574 3052 642 ipsis
3107 577 3434 646 septuaginta

1861 665 2007 719 anni.
2039 662 2099 718 Si
2127 674 2300 719 autem
2356 665 2416 717 in
2468 662 2822 729 potentatibus
2862 665 3131 736 octoginta
3173 666 3301 720 anni
3334 706 3350 731 ,
3381 674 3433 721 et

1861 756 2086 823 amplius
2115 773 2291 810 eorum
2309 755 2460 810 labor
2485 765 2534 810 et
2561 755 2734 809 dolor.
2761 755 2860 809 Hic
2879 764 3182 826 opportune
3209 757 3435 826 adjicia-

1860 855 1951 902 tur
1975 846 2125 902 Isaiae
2142 848 2444 917 prophetia,
2464 863 2571 917 qua
2595 848 2692 909 ait,
2715 845 2825 900 Ova
2856 849 3098 914 aspidum
3127 859 3430 914 eruperunt,
3491 843 3493 846 ’

1859 947 1908 991 et
1933 938 2090 991 telam
2111 954 2320 992 aranea:
2343 947 2519 990 texunt
2542 937 2611 990 ⁸ο.
2639 935 2764 991 Haec
2799 951 2964 1006 porro
2996 938 3322 994 vaticinatus
3347 947 3434 996 est

1859 1029 2151 1101 Propheta,
2175 1045 2478 1084 sermonem
2513 1029 2577 1081 ad
2614 1028 2796 1098 populi
2833 1035 2957 1098 post
2992 1029 3281 1084 adventum
3312 1030 3430 1084 Sal—

1860 1124 2065 1178 vatoris
2091 1122 2265 1178 nostri
2294 1128 2495 1178 statum
2527 1120 2792 1186 referens,
2809 1136 2918 1190 quo
2945 1123 3222 1192 principes
3242 1137 3432 1178 eorum

1860 1229 1960 1270 seu
1991 1215 2188 1284 gallina
2219 1213 2459 1285 pariens,
2481 1227 2601 1267 eum
2627 1214 2949 1268 emittebant
2973 1214 3334 1284 prolem,quae
3361 1215 3432 1270 ob

1856 1308 2168 1364 immissum
2211 1307 2278 1362 ab
2325 1307 2433 1362 illis
2461 1306 2614 1362 virus
2651 1305 3000 1376 blasphemiae
3042 1306 3098 1360 in
3131 1305 3430 1368 Christum,

1857 1411 1913 1458 et
1939 1401 2009 1456 ob
2030 1400 2295 1470 reliquam
2329 1400 2474 1454 circa
2517 1399 2671 1454 illum
2718 1398 3189 1464 incredulitatem,
3251 1409 3437 1470 posset

1863 1491 2116 1563 aspidum
2163 1490 2299 1548 fetui
2343 1491 2672 1561 comparari.
2716 1488 2855 1545 Olim
2888 1491 3108 1561 quidem
3165 1489 3436 1545 sacerdoti

1857 1585 2114 1642 texebant
2153 1589 2354 1647 vestes,
2385 1589 2439 1636 et
2466 1583 2636 1638 stolas
2661 1591 2916 1650 sanctas;
2957 1597 3105 1637 nunc
3139 1591 3319 1636 autem
3351 1587 3438 1634 to-

1857 1683 1968 1730 tam
2007 1690 2195 1731 eorum
2241 1682 2553 1739 texturam,
2604 1681 2658 1730 et
2711 1680 2879 1728 totam
2923 1680 3240 1743 apparatam
3287 1673 3436 1727 illam

1858 1767 2008 1824 verbi
2040 1767 2369 1828 doctrinam,
2409 1780 2572 1836 quam
2628 1778 2726 1834 per
2767 1763 3074 1817 divinarum
3125 1761 3437 1833 Scriptura-

181 1847 342 1901 Πάλαι
366 1851 463 1920 μὲν
493 1846 588 1904 οὖν
616 1849 839 1921 ὕφαινον
861 1853 1096 1925 χιτῶνας
1127 1855 1206 1926 τῷ
1235 1856 1482 1927 ἀρχιερεῖ
1509 1857 1604 1910 καὶ
1640 1875 1752 1910 στο-

1858 1876 1978 1915 rum
2009 1847 2480 1929 coniplicationem
2498 1864 2554 1912 et
2571 1866 2840 1912 texturam
2871 1856 3203 1926 producunt,
3223 1869 3438 1909 araneae

180 1938 266 2002 λάς
300 1940 490 2008 ἁγίας·
526 1941 623 1996 νῦν
652 1944 710 1998 δὲ
749 1947 928 1999 πᾶσαν
969 1945 1066 2016 τὴν
1116 1947 1257 2017 ὑφὴν
1294 1946 1472 2000 αὐτῶν
1518 1949 1610 2000 καὶ
1659 1948 1757 2020 τὴν

179 2030 257 2085 διὰ
278 2032 367 2086 τοῦ
394 2034 552 2102 λόγου
588 2036 1136 2110 κατασκευαζομένην
1165 2038 1532 2102 διδασκαλίαν,
1567 2041 1633 2111 ἢν
1671 2040 1757 2095 διὰ

177 2123 265 2192 τῆς
298 2124 403 2177 τῶν
439 2125 602 2180 θείων
635 2129 867 2199 Γραφῶν
899 2130 1216 2201 συμπλοκῆς
1250 2148 1310 2184 τε
1345 2133 1439 2184 καὶ
1473 2132 1755 2200 ὑφάνσεως

178 2213 581 2284 προϐάλλονται,
610 2221 854 2292 ἀράχνης
889 2222 1167 2292 ὑφάσματι
1200 2224 1533 2295 παρείκασεν
1559 2227 1588 2277 6
1617 2242 1754 2296 προ-

176 2307 386 2375 φητικὺς
436 2308 613 2378 λόγος.
664 2314 755 2366 Διό
798 2330 989 2385 φησιν·
1031 2315 1224 2369 ’ἰστὸν
1269 2314 1540 2385 ἀράχνης
1578 2318 1753 2386 ὑφαί-

1856 1953 1980 2008 telis
2017 1951 2226 2006 confert
2272 1949 2625 2020 propheticus
2674 1963 2876 2004 sermo.
2929 1948 3270 2018 Quapropter
3319 1947 3436 2013 ait,

1857 2045 2041 2100 Telam
2066 2058 2280 2098 araneae
2311 2050 2516 2097 texunt.
2568 2039 2822 2097 Praesens
2851 2054 3069 2110 quoque
3097 2039 3340 2108 psalmus
3370 2054 3439 2092 ex

1853 2150 2040 2189 eorum
2076 2147 2310 2205 persona
2351 2131 2748 2187 confessionem
2782 2131 3041 2185 emittens
3069 2167 3084 2193 ,
3147 2128 3241 2192 ait,
3294 2126 3436 2180 Anni

1853 2227 2020 2279 nostri
2048 2225 2184 2279 sicut
2229 2239 2428 2277 aranea
2469 2221 2888 2277 meditabantur.
2948 2219 3150 2289 Aperte
3200 2232 3436 2287 namque

1853 2317 2234 2372 meditationes
2278 2314 2687 2384 Scripturarum
2736 2313 2793 2367 in
2825 2312 3026 2382 quibus
3057 2316 3274 2364 aetatem
3305 2324 3438 2364 con-

175 2410 354 2453 vatn.
402 2400 516 2456 Καὶ
556 2405 586 2456 ὁ
629 2403 820 2476 παρὼν
863 2407 920 2460 δὲ
953 2407 1186 2477 ψαλμὸς,
1215 2408 1315 2479 τὴν
1358 2411 1422 2462 ἐκ
1460 2409 1752 2480 προσώπου

1857 2408 2052 2472 ferunt,
2081 2419 2133 2463 et
2155 2408 2494 2470 deuteroses,
2523 2406 2638 2460 sive
2667 2405 2938 2460 secundas
2982 2401 3304 2456 traditiones
3338 2415 3435 2455 eo-

173 2489 336 2543 αὐτῶν
362 2494 636 2566 περιέχων
664 2496 1068 2570 ἐξομολόγησίν,
1097 2500 1267 2571 φησί’
1319 2499 1396 2555 Τὰ
1436 2501 1541 2568 ἐτη
1585 2500 1752 2571 ἡμῶν

1857 2515 1996 2565 rum,
2019 2499 2220 2570 quibus
2250 2499 2387 2554 telas
2416 2495 2678 2567 quasdam
2703 2495 2968 2550 doctrinae
2999 2493 3257 2548 videntur
3272 2491 3440 2546 ador-

172 2581 244 2646 ὡς
263 2584 494 2654 ἀράχνῃ
543 2588 858 2658 epsit-from.
893 2593 1187 2663 Ἀντικρυς
1231 2592 1341 2664 γὰρ
1388 2593 1486 2657 τὰς
1523 2593 1752 2665 μελέτας

1857 2606 2004 2653 nare.
2044 2605 2259 2646 araneae
2289 2589 2515 2660 opiﬁcio
2545 2595 2848 2658 comparat.
2902 2587 3016 2639 lmo
3045 2585 3210 2640 etiam
3261 2582 3432 2638 vitam

173 2675 270 2727 τῶν
297 2677 532 2750 Γραφῶν
566 2683 624 2734 ὲν
658 2677 748 2746 αἷς
778 2683 1216 2756 κατατρίϐονται,
1244 2687 1336 2738 καὶ
1359 2685 1456 2749 τὰς
1484 2685 1752 2756 δευτερώ-

1857 2700 2008 2741 suam
2044 2694 2454 2754 temporaneam
2480 2683 2658 2739 solum
2688 2697 2813 2738 esse
2852 2679 3064 2741 dicunt,
3093 2676 3439 2748 septuaginta

172 2784 306 2833 σεις,
354 2769 422 2824 δι’
471 2766 548 2828 ὧν
597 2775 893 2846 ὑφάσματά
942 2793 1063 2832 τινα
1107 2777 1454 2841 διδασκαλίας
1504 2777 1750 2834 δοκοῦσιν

1857 2780 1940 2834 vel
1964 2777 2242 2850 octoginta
2271 2777 2434 2831 annis
2464 2770 2962 2842 circumscriptam.
2992 2769 3050 2824 1d
3084 2782 3252 2838 porro
3281 2767 3438 2822 aiunt

170 2859 590 2930 ἀπεργάζεσθαι,
620 2867 865 2938 ἀράχνης
895 2869 1195 2924 ἀπείκασεν,
1226 2869 1428 2940 ἔργοις.
1468 2868 1626 2923 Ἀλλά
1658 2870 1752 2924 καὶ

1857 2871 1922 2926 de
1953 2877 2155 2925 aeterna
2183 2873 2236 2926 et
2282 2865 2464 2921 futura
2513 2866 2648 2930 vita,
2679 2879 2803 2934 quae
2849 2860 3121 2932 religiosis
3154 2858 3286 2915 viris
3308 2872 3437 2928 pro-

170 2949 257 3022 τὴν
289 2952 430 3028 ζωὴν
463 2957 650 3011 αὐτῶν
697 2959 864 3030 μόνην
909 2962 1072 3029 φασὶν
1115 2956 1379 3033 εἶναιτὴν
1417 2961 1752 3032 πρόσκαιρον

1857 2961 2086 3017 mittitur
2109 3001 2122 3024 ,
2156 2959 2530 3028 deSperantes.

169 3045 220 3095 ὲν
261 3053 299 3098 ο’
337 3051 430 3103 καὶ
485 3057 540 3101 π’
574 3049 718 3106 ἔτεσι
760 3054 1295 3128 συμπεραιουμένην.
1327 3054 1498 3108 Τοῦτο
1525 3055 1580 3109 δέ
1614 3073 1744 3126 φασι
1781 3055 1880 3127 τὴν
1911 3053 2124 3108 αἰώνιον
2164 3051 2260 3106 καὶ
2299 3050 2591 3124 μέλλουσαν
2629 3047 2773 3119 ζωὴν
2803 3047 2900 3116 τὴν
2964 3047 3074 3107 τοῖς
3135 3039 3434 3111 θεοφιλὲσιν

171 3135 642 3212 ἐπαγγελλομένην
669 3143 1160 3212 ἀπογινώσκοντες.

232 3263 364 3319 *Ου’
427 3264 664 3334 ἐπῆλθε
727 3269 998 3336 πραΰτης
1049 3267 1164 3322 zeal;
1208 3267 1747 3341 παιδευθησόμεθα.

1921 3266 2091 3320 Vens.
2127 3265 2217 3330 11,
2269 3262 2356 3318 12.
2435 3261 2700 3330 Quoniam
2753 3259 3046 3328 supervenit
3087 3255 3436 3311 mansuetudo

170 3355 259 3420 Τίς
287 3356 569 3425 γινώσκει
613 3359 682 3410 τὸ
725 3357 943 3426 κράτος
973 3358 1082 3426 τῆς
1111 3359 1295 3428 ὀργῆς
1316 3373 1453 3425 σου,
1497 3361 1598 3414 καὶ
1627 3362 1743 3415 ἀπὸ

1857 3369 1902 3414 et
1923 3359 2243 3415 erudiemur.
2280 3356 2409 3424 Quis
2439 3355 2584 3409 novit
2613 3360 2924 3423 potestatem
2965 3351 3061 3404 ira:
3100 3358 3224 3414 tum,
3247 3359 3295 3402 et
3324 3364 3436 3418 prce

167 3446 264 3502 τοῦ
294 3451 491 3518 φόϐου
529 3464 648 3504 σου
679 3450 790 3504 τὸν
815 3452 1006 3520 θυμόν
1033 3467 1152 3506 σου
1199 3451 1744 3522 ὲξαριθμήσασθαι;

167 3536 271 3606 τὴν
293 3539 503 3605 δεξιάν
534 3557 651 3595 σου
687 3541 842 3595 οὕτω
889 3542 1204 3612 γνώρισον,
1238 3543 1335 3596 καὶ
1365 3545 1512 3610 τοὺς
1547 3559 1746 3601 πεπαι-

1857 3543 1930 3596 sic
1962 3551 2144 3596 notam
2180 3539 2285 3609 (ac,
2319 3548 2367 3592 et
2399 3535 2632 3594 eruditos
2695 3533 2849 3589 corde
2899 3533 2956 3586 in
2985 3531 3266 3600 sapientia.
3329 3526 3437 3584 Pro

1857 3455 2040 3506 timore
2067 3461 2155 3506 tuo
2177 3450 2409 3520 furorem
2433 3457 2580 3500 tuum
2608 3441 3266 3499 dinumerarei-dexteram
3290 3448 3436 3494 tuam
3542 3501 3578 3523 ﬂ

165 3625 487 3698 δευμένους
529 3631 607 3700 τῇ
641 3632 856 3701 καρδίᾳ
894 3633 965 3686 ἐν
1017 3636 1224 3703 σοφίᾳ.
1268 3635 1416 3690 Ἀντὶ
1469 3635 1587 3700 τοῦ,
1625 3637 1747 3689 Ὅτι

165 3718 378 3787 ἐπῆλθε
409 3725 685 3792 πραΰτης
711 3725 808 3778 καί
833 3724 1373 3795 παιδευθησόμεθα,
1399 3727 1427 3779 6
1450 3726 1747 3798 Σύμμαχός

167 3827 317 3882 φησι·
357 3815 686 3884 Τμηθέντες
712 3815 824 3884 γὰρ
853 3815 1020 3884 ἄφνω
1047 3817 1552 3887 ἐκπεταννύμεθα.
1590 3820 1749 3889 Ἔχε-

163 3919 245 3956 ται
272 3904 326 3957 δὲ
356 3906 460 3977 τῆς
491 3905 928 3978 προδηλωθείσης
957 3906 1195 3970 διανοίας
1234 3909 1328 3960 καὶ
1365 3910 1394 3958 ὀ
1429 3907 1618 3977 παρὼν
1656 3908 1745 3966 λά-

165 4009 274 4060 γος.
301 3996 381 4050 Τά
412 3996 524 4068 γὰρ
559 3996 654 4068 ἔτη
704 3995 884 4068 ἡμῶν,
935 3998 1092 4067 φησὶ,
1146 3997 1213 4050 τὰ
1259 3998 1358 4067 τῆς
1409 3998 1746 4070 προσκαίρου

166 4083 303 4158 ζωῆς
330 4091 410 4152 είς
441 4096 484 4142 o’
519 4091 612 4142 καὶ
643 4096 696 4142 π’
724 4089 956 4161 ἀριθμὸν
990 4089 1128 4142 ἐτῶν
1158 4090 1455 4144 συντείνει·
1487 4093 1580 4146 καὶ
1608 4090 1744 4162 αῦτη

165 4177 306 4231 ἐστὶν
345 4182 378 4252 ἡ
429 4179 587 4252 ἡμῶν
630 4181 804 4247 ἐλπὶς,
860 4180 977 4252 μεθῗ
1010 4182 1076 4253 ἣν
1127 4180 1352 4251 οὐδεμία
1410 4181 1542 4252 ἄλλη
1600 4183 1749 4252 ἡμᾶς

162 4267 458 4338 διαδέξεται
478 4291 492 4303 ο
521 4273 822 4344 τμηθέντες
853 4274 957 4349 γὰρ
992 4275 1145 4342 ἄφνω
1170 4273 1311 4327 κατά
1342 4274 1440 4345 τὴν
1470 4275 1746 4345 τελευτὴν,

165 4359 608 4436 ὲκπεταννύμεθα
624 4381 637 4394 ·
668 4366 805 4435 μετά
828 4365 885 4418 δὲ
915 4364 1088 4419 ταῦτα
1115 4366 1169 4417 τί
1190 4382 1322 4418 ποτε
1346 4368 1496 4436 ἡμᾶς
1515 4364 1750 4432 διαδέξε-

163 4467 269 4517 ται,
297 4457 382 4520 τίς
422 4452 566 4523 οἷδες
615 4459 712 4522 Τίς
750 4457 859 4529 γὰρ
906 4455 1240 4530 ἑρμηνεῦσαι
1281 4457 1524 4523 δύναται,
1575 4457 1610 4528 ἢ
1656 4459 1752 4513 καὶ

163 4544 404 4615 ἀκριϐῶς
429 4547 632 4616 γνῶναι
664 4548 759 4603 καὶ
789 4547 1046 4614 ἐξειπεῖν,
1072 4547 1230 4602 ὁποία
1265 4547 1348 4611 τίς
1377 4551 1528 4607 ἐστιν
1551 4550 1586 4619 ἡ
1614 4547 1752 4619 μετά

1854 3636 1969 3700 illo,
2004 3635 2270 3701 Quoniam
2298 3629 2597 3700 supervenit
2633 3624 3006 3689 mansuetudo,
3039 3632 3089 3677 et
3109 3621 3432 3686 erudiemur,

1857 3726 2218 3800 Symmachus
2236 3723 2334 3786 ait,
2360 3721 2567 3777 Succisi
2589 3720 2748 3782 enim,
2773 3725 2976 3784 repente
3005 3715 3296 3768 avolamus.
3333 3711 3436 3767 Su-

1853 3819 2044 3890 perius
2074 3821 2394 3871 memoratae
2421 3810 2706 3868 sententiae
2734 3808 2825 3863 hic
2850 3821 3031 3862 sermo
3052 3803 3275 3860 insistit.
3293 3804 3435 3858 Nam

1856 3911 1952 3972 ait,
1982 3909 2115 3963 anni
2145 3907 2318 3962 nostri
2352 3903 2518 3973 hujus
2543 3909 2908 3969 temporanea:
2941 3898 3064 3950 vitae
3111 3896 3166 3950 in
3216 3901 3435 3965 septua-

1855 4003 2004 4072 ginta
2047 4001 2131 4056 vel
2164 3997 2440 4068 octoginta
2474 4007 2747 4047 annorum
2796 4004 3088 4050 numerum
3121 3985 3438 4060 producun-

1855 4101 1984 4147 tur:
2019 4099 2074 4146 ct
2104 4091 2219 4145 haec
2253 4096 2441 4143 nostra
2491 4100 2616 4155 spes
2643 4091 2748 4149 est,
2778 4092 2903 4152 post
2948 4096 3112 4152 quam
3148 4080 3298 4135 nulla
3330 4080 3437 4133 alia

1855 4201 1957 4240 nos
1985 4184 2235 4252 excipiet.
2284 4180 2499 4235 Succisi
2528 4178 2675 4234 enim
2710 4182 2934 4247 repente
2962 4174 3018 4227 in
3046 4181 3292 4244 tempore
3319 4170 3439 4226 obi-

1859 4286 1967 4341 tus,
2001 4275 2281 4331 avolamus
2310 4293 2322 4327 :
2356 4281 2543 4343 postea
2573 4285 2706 4325 vero
2751 4268 2884 4339 quid
2936 4282 3039 4322 nos
3082 4273 3439 4335 excepturum

1857 4365 1929 4422 sit
1961 4365 2086 4436 quis
2111 4362 2299 4418 novit?
2329 4361 2465 4427 Quis
2503 4359 2649 4415 enim
2674 4358 2950 4428 explicare
2981 4361 3176 4425 potest,
3199 4362 3293 4406 aut
3313 4354 3437 4422 quis

1857 4464 2112 4515 accurate
2149 4469 2314 4511 nosse
2354 4460 2535 4524 potest
2579 4467 2645 4506 ac
2689 4451 2892 4514 dicere,
2927 4463 3050 4518 qua:
3080 4447 3153 4503 sit
3186 4446 3264 4498 ira
3308 4444 3433 4509 illa,

1858 4564 1978 4621 quae
2005 4556 2128 4619 post
2157 4547 2301 4601 lianc
2328 4547 2496 4601 vitam
2528 4551 2846 4613 peccatores
2875 4540 3135 4594 invasura
3157 4536 3282 4591 est?
3313 4532 3438 4590 Ideo

163 4635 331 4689 ταῦτα
386 4637 514 4700 τοὺς
559 4637 918 4708 ἁμαρτωλοὺς
974 4635 1391 4708 καταληψομένη
1441 4637 1609 4709 ὀργή;
1656 4637 1749 4690 Διό

1857 4642 1947 4704 ait,
1980 4641 2114 4707 Quis
2141 4640 2283 4692 novit
2313 4644 2622 4705 potestatem
2659 4636 2755 4707 ira:
2793 4645 2933 4695 tute,
2994 4640 3044 4684 et
3092 4643 3201 4690 pra:
3251 4628 3439 4681 timore

166 4741 327 4793 φησι*
364 4729 460 4795 Τίς
499 4728 777 4799 γινώσκει
805 4727 873 4783 τὸ
897 4726 1116 4796 κράτος
1139 4728 1251 4796 τῆς
1277 4727 1459 4807 όργῆς
1479 4745 1620 4793 σου,
1647 4729 1747 4784 καὶ

164 4815 276 4872 ἀπὸ
310 4821 419 4874 τοῦ
451 4824 640 4890 φόϐου
663 4836 780 4877 σου
809 4821 914 4876 τὸν
936 4824 1128 4893 θυμόν
1158 4839 1312 4886 σου;
1341 4823 1435 4886 Τίς
1462 4821 1518 4875 δὲ
1549 4816 1661 4886 οἷός
1688 4822 1749 4875 τέ

164 4906 310 4962 ἐστιν
342 4909 812 4984 ἐξαριθμήσασθαι
860 4913 960 4984 τὴν
991 4912 1169 4978 δεξιάν
1216 4929 1348 4978 σου;
1392 4910 1551 4966 Ἀλλὰ
1587 4911 1650 4965 σύ
1684 4929 1748 4980 γε

163 5001 289 5070 ἡμῖν
316 5003 345 5054 ὁ
378 5002 513 5064 Θεὸς
543 5003 791 5060 ἐντεῦθεν
819 5005 920 5076 ἤδη
961 5003 1226 5076 γνώρισον
1276 4996 1382 5076 τὴν.
1421 5005 1607 5070 δεξιάν.
1633 5022 1747 5070 σου,

165 5089 243 5152 εἰς
273 5090 334 5143 τὸ
379 5091 637 5150 δύνασθαι
671 5096 818 5165 ἡμᾶς
851 5098 992 5149 νοεῖν
1032 5113 1092 5148 τε
1123 5097 1291 5167 αὐτὴν
1335 5098 1429 5156 καὶ
1455 5097 1556 5162 τὰς
1587 5097 1750 5154 δυνά-

167 5195 286 5249 μεις
323 5182 495 5254 αὐτῆς
515 5185 967 5257 ἀπαριθμεῖσθαι.
998 5187 1187 5257 Δεξιάν
1223 5189 1280 5242 δὲ
1330 5188 1465 5242 Θεοῦ
1497 5189 1585 5242 τὸν
1620 5190 1754 5260 Χρι-

166 5272 286 5323 στὸν
334 5275 502 5329 αὐτοῦ
539 5277 797 5342 πολλάκις
843 5279 1090 5343 ἐδίδαξαν
1139 5281 1188 5333 οἱ
1240 5282 1381 5352 ἱεροὶ
1401 5281 1568 5348 λόγοι.
1619 5281 1754 5332 Παι-

163 5359 412 5424 δεύονται
438 5367 616 5422 τοίνυν
644 5372 693 5422 οὶ
725 5369 1028 5440 δηλούμενα
1073 5371 1213 5440 μετά
1250 5372 1348 5441 τὴν
1375 5371 1756 5443 ἐξομολόγησιν

164 5450 416 5524 εὔχεσθαι
465 5458 863 5534 καταξιωθῆναι
913 5462 1127 5534 πρῶτον
1185 5465 1284 5533 μὲν
1331 5464 1430 5535 τῆς
1481 5463 1574 5517 τοῦ
1620 5463 1754 5516 Θεοῦ

167 5548 500 5619 πραΰτητος,
531 5551 607 5615 ώς
639 5549 706 5605 ἂν
738 5553 1083 5610 παιδευθεῖεν.
1107 5553 1171 5612 δι’
1196 5555 1365 5628 αὐτῆς
1392 5570 1406 5584 ·
1442 5554 1630 5608 ἔπειτα
1655 5553 1757 5624 τῆς

166 5636 343 5703 δεξιᾶς
361 5643 550 5710 αὐτοῦ,
567 5644 767 5717 δηλαδὴ
793 5645 894 5717 τῆς
911 5646 1164 5717 γνώσεως
1182 5647 1277 5702 τοῦ
1305 5646 1541 5720 Χριστοῦ
1568 5645 1758 5714 αὐτοῦ,

240 5795 285 5827 ⁶⁰
325 5797 435 5858 lsn.
473 5816 596 5860 LIX.
635 5801 686 5856 5.

1857 4745 1952 4790 tuo.
1978 4734 2118 4786 iram
2143 4729 2494 4796 tuam?Quis
2541 4729 2892 4783 dinumerare
2931 4729 3111 4792 potest
3157 4721 3437 4776 dexteram

1856 4822 2041 4880 tuam?
2080 4821 2184 4876 Sed
2219 4829 2276 4875 tu
2311 4820 2458 4876 Deus
2506 4819 2600 4876 hic
2648 4817 2808 4872 nobis
2855 4815 3138 4872 dexteram
3167 4821 3317 4866 tuam
3347 4826 3440 4866 uo-

1855 4921 1968 4971 tam
1998 4913 2105 4974 fac,
2141 4919 2202 4965 ut
2229 4911 2506 4981 possimus
2535 4909 2684 4962 illam
2736 4905 3073 4975 intelligere,
3125 4911 3180 4957 et
3208 4902 3440 4956 virtutes

1857 5007 1981 5076 ejus
2025 5007 2396 5060 dinumerare.
2434 5000 2722 5056 Dexteram
2769 5011 2934 5069 porro
2981 4994 3078 5052 Dei
3099 5034 3122 5058 ,ς
3157 4992 3438 5049 Christum

1857 5097 1980 5166 ejus
2010 5094 2494 5165 esse,plerumque
2521 5090 2830 5144 docuerunt
2873 5100 3046 5141 sacra:
3089 5083 3303 5138 litterre.
3357 5081 3439 5136 Illi

1860 5189 2044 5258 itaque
2081 5187 2196 5256 jam
2241 5182 2530 5240 memorati
2573 5180 2958 5241 instituuntur,
2988 5183 3046 5230 ut
3075 5183 3197 5246 post
3231 5173 3442 5229 confes-

1861 5285 2071 5336 sionem
2100 5275 2338 5333 conferri
2386 5273 2492 5328 sibi
2531 5280 2865 5343 precentur,
2907 5269 3088 5340 primo
3133 5265 3228 5321 Dei
3283 5280 3440 5319 man-

1861 5370 2224 5433 suetudinem,
2247 5374 2307 5421 ut
2336 5363 2514 5420 abilla
2537 5360 2899 5426 erudiantur,
2921 5357 3119 5413 deinde
3156 5356 3439 5410 dexteram

1859 5465 2000 5535 ejus,
2033 5461 2245 5519 scilicet
2271 5457 2638 5528 cognitionem
2666 5452 2875 5510 Christi
2905 5451 3102 5521 ipsius,
3127 5457 3182 5505 et
3217 5447 3440 5502 mirabi-

1858 5557 1991 5610 lium
2027 5553 2148 5622 ejus
2199 5551 2500 5613 virtutum,
2559 5556 2617 5601 ut
2675 5547 2868 5600 horum
2928 5542 3122 5596 notitia
3182 5541 3439 5598 meliores

1860 5645 2114 5712 evadant,
2145 5650 2284 5700 etut
2324 5649 2504 5696 mente
2546 5638 2782 5704 eruditi,
2845 5635 2936 5692 Dei
2974 5633 3256 5707 sapientiae
3304 5647 3438 5690 con-
