3830 6288
130 402 258 461 iiii

1242 386 1747 453 COMMENTARIA
1781 382 1848 448 IN
1888 381 2232 441 PSALMOS.

3226 376 3370 431 “i2

130 516 429 592 προσευχῆς
458 516 777 581 έθέσπιζενηι
803 516 831 568 6
871 514 929 568 δὲ
963 515 1154 587 παρὼν
1186 516 1313 580 τοὺς
1346 513 1562 583 ἀγῶνας
1596 513 1691 565 καὶ

1795 506 1967 561 daica:
2011 503 2194 575 gentis
2237 500 2600 572 abjectionem
2655 498 3088 561 vaticinabatur;
3120 494 3206 552 hic
3240 510 3371 552 vero

128 611 191 665 τὰ
220 610 543 682 πειρατήρια
569 607 663 661 τοῦ
692 606 832 662 κατὰ
863 606 1066 677 Κύριον
1104 606 1476 676 τελειουμένου
1512 603 1696 674 περιέ-

129 719 231 773 χει·
268 700 404 755 ἀλλά
436 700 532 754 καὶ
562 699 727 753 αὑτοῦ
760 697 856 751 τοῦ
889 698 1144 768 Σωτῆρος
1196 697 1353 769 ἡμῶν
1399 698 1489 750 τὸν
1527 697 1584 751 ὲν
1626 698 1692 765 τῇ

128 792 310 863 ἐρήμῳ
351 791 655 863 πειρασμὸν
683 790 1052 861 προφητεύει,
1081 791 1170 843 ὅτε
1200 790 1410 861 ἀνήχθη
1444 790 1548 843 ὑπὸ
1599 786 1695 841 τοῦ

126 882 431 953 Πνεύματος
460 883 539 946 είς
568 882 667 955 τὴν
693 882 895 954 ἔρημον
931 881 1291 954 πειρασθῆναι
1319 882 1424 935 ὑπὸ
1452 880 1544 935 τοῦ
1576 881 1695 934 διαη

126 973 292 1037 δόλου,
320 973 415 1027 καὶ
440 973 538 1045 τὴν
567 975 660 1026 ἐπὶ.
691 977 824 1028 πᾶσι
852 974 1007 1046 νίκην
1035 974 1226 1033 αὑτοῦ.
1246 974 1310 1027 Τί
1330 974 1393 1045 δὴ
1421 970 1695 1045 οὖνφησιν

123 1065 151 1117 6
184 1064 511 1136 προφητικὺς
540 1065 729 1135 λόγος;
768 1067 826 1119 ’0
854 1066 951 1136 μὲν
984 1066 1248 1139 πρότερος
1276 1066 1404 1130 λαὸς
1429 1069 1457 1120 6
1481 1066 1571 1121 διὰ
1598 1065 1695 1135 τῆς

126 1156 533 1227 προηγουμένης
566 1157 843 1219 Μωῦσέως
876 1157 1186 1229 προσευχῆς
1212 1156 1696 1227 ἀποκλαυσάμενος

124 1245 365 1315 ὁμολογεῖ
389 1246 637 1314 φάσκων,
660 1248 778 1301 Ὅτι
805 1248 1162 1317 ἐξελίπομεν
1187 1247 1257 1301 ἐν
1278 1246 1351 1316 τῇ
1379 1246 1524 1317 ὀργῇ
1554 1261 1692 1310 σου,

125 1338 209 1391 καὶ
237 1335 303 1390 τὰ
331 1336 515 1403 λοιπὰ,
550 1339 650 1392 ὅσα
676 1339 930 1411 ἐδηλοῦτο
962 1338 1050 1393 διὰ
1080 1338 1187 1392 τῶν
1211 1338 1631 1409 ἐμφερομένων·
1666 1339 1695 1391 6

122 1428 175 1481 δὲ
207 1426 413 1498 μέλλων
442 1428 807 1501 συστήσεσθαι
840 1431 958 1501 μετ’
988 1432 1194 1485 ἐκεῖνον
1222 1428 1301 1500 τῷ
1331 1428 1452 1499 Θεῴ
1479 1428 1567 1485 διὰ
1599 1426 1693 1481 τοῦ

123 1517 345 1588 Χριστοῦ
374 1516 523 1584 λαὸς,
559 1519 653 1573 ἐπὶ
695 1522 761 1591 τῇ
805 1519 1027 1592 βοηθείᾳ
1055 1519 1150 1575 τοῦ
1206 1518 1462 1589 Ὑψίστου
1507 1534 1695 1571 πεποι-

126 1608 240 1674 θὼς,
267 1609 361 1663 καὶ
388 1609 477 1663 ἀεὶ
520 1610 580 1664 ὲν
610 1610 748 1682 αὐτῇ
781 1609 1074 1676 κατοικῶν,
1108 1610 1385 1682 ἀτάραχος
1420 1609 1516 1663 καὶ
1554 1609 1692 1663 ἀσά-

124 1699 296 1765 λευτος
320 1700 600 1773 διαμένειο
647 1703 723 1767 ὡς
758 1702 855 1768 ἂν,
890 1703 996 1757 ὑπὸ
1022 1701 1120 1775 τὴν
1160 1702 1370 1775 σκέπην
1421 1702 1514 1755 τοῦ
1558 1701 1693 1757 Θεοῦ

123 1790 481 1862 αὐλιζόμενος,
511 1792 701 1846 οὐδένα
731 1811 790 1847 τε
835 1792 944 1847 τῶν
988 1791 1310 1864 πειρασμῶν
1358 1793 1695 1864 ἐπιστραφή-

1797 597 2103 657 certamina
2132 604 2187 651 et
2220 593 2556 653 tentationes
2578 592 2699 665 ejus
2729 592 2825 662 qui
2856 590 3158 648 secundum
3189 587 3370 642 Domi-

1796 706 1926 746 num
1962 695 2398 750 consummatur,
2428 682 2847 761 complectitur;
2890 683 3001 737 imo
3043 684 3207 735 etiam
3253 674 3372 730 Sa!-

1794 780 2004 842 vatoris
2041 780 2217 835 nostri
2273 778 2328 832 in
2378 777 2596 832 deserto
2626 774 2984 829 tentationem
3020 769 3370 841 praenuntiat,

1796 874 2018 946 quando
2062 878 2380 940 assuntptus
2437 875 2522 923 est
2552 882 2583 920 a
2626 866 2834 936 Spiritu
2885 865 2938 918 in
2981 861 3278 925 desertum,
3316 868 3373 912 ut

1796 971 2103 1024 tentaretur
2135 976 2164 1015 a
2201 959 2439 1023 diabolo,
2479 956 2834 1028 praedicitque
2866 953 2985 1023 ejus
3016 953 3069 1007 in
3114 950 3371 1006 omnibus

1796 1055 2111 1113 victoriam.
2175 1051 2317 1123 Quid
2381 1040 2568 1120 itaque
2622 1048 2699 1101 ait
2750 1044 3107 1117 prOpheticus
3155 1040 3372 1099 sermo?

1795 1147 1953 1204 Prior
2002 1145 2223 1217 quidem
2264 1142 2521 1214 p0pulus,
2571 1139 2664 1210 qui
2700 1141 2754 1193 in
2803 1134 3132 1208 praecedenti
3164 1133 3372 1205 Moysis

1796 1239 2047 1297 oratione
2089 1236 2358 1309 plorabat,
2410 1233 2527 1289 haec
2571 1230 2955 1293 conﬁtebatur,
2993 1226 3134 1294 Quia
3176 1224 3371 1293 defecir

1796 1349 1913 1389 mus
1941 1332 1995 1386 in
2023 1331 2107 1385 ira
2137 1340 2251 1395 tua,
2280 1335 2333 1384 el.
2363 1334 2582 1389 caetera,
2617 1339 2738 1395 quae
2764 1322 2964 1379 ibidem
2991 1319 3369 1382 declarantur;

1796 1424 2030 1497 p0pulus
2072 1436 2203 1477 vero
2249 1421 2343 1490 qui
2383 1426 2507 1490 post
2533 1417 2685 1472 illum
2726 1430 2754 1468 a
2793 1413 2904 1469 Deo
2952 1428 3049 1483 per
3093 1409 3375 1464 Christum

1796 1513 2223 1572 constituendus
2275 1518 2414 1574 erat,
2463 1506 2741 1577 adiutorio
2784 1503 3051 1561 Altissimi
3106 1501 3375 1568 conlisus,

1799 1610 1857 1666 in
1887 1609 2118 1679 ipsoque
2144 1618 2361 1674 semper
2390 1601 2670 1665 habitans,
2704 1596 3118 1673 perturbatione
3147 1602 3201 1649 et
3222 1610 3375 1650 com.

1798 1702 2041 1757 motione
2072 1714 2280 1753 vacuus
2324 1704 2540 1762 manet;
2581 1703 2764 1763 utpote
2788 1690 2879 1762 qui
2927 1689 3030 1745 sub
3062 1695 3375 1757 legumento

1795 1793 1891 1850 Dei
1921 1792 2079 1848 sedes
2113 1790 2329 1855 habeat,
2386 1786 2863 1852 tentationumque
2912 1780 3116 1833 nullam
3151 1791 3373 1831 aversa-

124 1898 280 1946 σεται,
311 1882 425 1936 ἀλλ’
447 1883 533 1952 ἐφ’
556 1883 772 1954 ἑκάστῳ
801 1886 917 1956 ἐρεῖ
936 1883 1015 1956 τῷ
1042 1883 1260 1955 Κυρίῳ·
1297 1883 1691 1953 Ἀντιλήπτωρ

1795 1886 1979 1950 bitur,
2030 1882 2126 1940 sed
2176 1882 2234 1936 in
2297 1878 2526 1950 singulis
2576 1875 2720 1931 dicet
2777 1873 3055 1926 Domino:
3093 1868 3376 1936 Susceptor

117 1988 224 2040 μου
254 1971 309 2030 εἷ
363 1972 461 2026 καί
494 1976 808 2044 καταφυγή
850 1992 990 2044 μου,
1038 1977 1073 2028 ὀ
1124 1975 1266 2039 Θεός
1293 1991 1447 2043 μου,
1499 1973 1689 2028 ἐλπιῶ

119 2062 203 2115 ἐπ’
233 2065 432 2118 αὐτόν.
479 2066 625 2119 Ἀντί
663 2065 720 2119 δὲ
758 2066 875 2129 τοῦ,
909 2067 964 2119 '0
1018 2065 1308 2120 κατοικῶν
1340 2066 1411 2119 ἐν
1435 2066 1690 2134 βοηθείᾳ

121 2156 218 2210 τοῦ
258 2157 562 2226 Ὑψίστου,
585 2158 615 2210 6
661 2158 761 2230 μὲν
796 2159 1114 2230 Σύμμαχος,
1154 2159 1211 2212 '0
1248 2158 1537 2212 κατοικῶν
1569 2158 1689 2215 ὑπὸ

121 2247 343 2317 σκέπην
373 2248 483 2303 τοῦ
512 2249 794 2318 Ὑψίστου
816 2268 829 2281 ·
864 2251 893 2303 6
921 2250 978 2304 δὲ
1008 2250 1259 2315 Ἀκύλας,
1284 2250 1377 2304 καὶ
1402 2251 1441 2320 ἠγ
1467 2249 1689 2320 πέμπτη

121 2338 343 2405 ἔκδυσις,
385 2340 440 2394 '0
484 2341 824 2413 καθήμενος
874 2344 946 2397 ἐν
996 2343 1323 2412 ἀποκρύφῳ
1384 2342 1687 2410 Ὑψίστου,

120 2434 469 2492 ἐκδεδὼκασι·
509 2438 867 2508 σημαίνοντος
914 2436 1009 2491 τοῦ
1057 2437 1215 2506 λόγου
1263 2436 1357 2489 τοῦ
1392 2436 1532 2490 κατὰ
1558 2437 1690 2490 Θεὸν

120 2530 174 2581 ἒν
191 2529 405 2601 Χριστῷ
427 2530 836 2608 ἀγωνιζομένου
860 2530 921 2584 τὸ
940 2531 1152 2603 ἑδραῖον
1178 2531 1271 2584 καὶ
1293 2530 1564 2601 ἀπτόητον
1590 2530 1691 2601 τῆς

120 2619 378 2688 διανοίας,
418 2621 516 2676 καὶ
549 2622 626 2686 ὡς
680 2624 739 2676 ὲν
792 2622 1097 2693 ἀποκρύφῳ
1147 2622 1249 2694 τῆς
1296 2620 1460 2675 αὐτοῦ
1510 2618 1690 2691 ψυχῆς

120 2710 312 2777 ἐνοικος
369 2712 729 2782 ὲγκαθέξεται
759 2714 854 2768 κα)⁹
901 2713 1094 2785 βοηθὸς
1138 2712 1299 2776 αὐτὸς
1340 2715 1369 2767 6
1403 2713 1684 2783 “Υψιστος.

121 2803 276 2882 Πάλιν
299 2804 357 2859 δὲ
386 2806 512 2860 ἀντὶ
544 2805 662 2873 τοῦ,
705 2807 809 2861 Ἔν
835 2806 1034 2876 σκέπῃ
1068 2806 1174 2860 τοῦ
1207 2805 1354 2860 Θεοῦ
1387 2804 1493 2858 τοῦ
1515 2807 1690 2873 οὺραο

119 2885 721 2964 νοῦπῖιῠλισθήσεται,
775 2899 804 2951 6
861 2898 957 2969 μὲν
1001 2897 1256 2962 Ἀκύλας,
1331 2898 1431 2954 Ἐν
1490 2897 1688 2966 σκέπῃ

121 2987 316 3043 ἱκανοῦ
335 2988 810 3056 αὑλισθήσεταιυ
842 2990 870 3042 6
903 2990 960 3042 δὲ
991 2989 1307 3061 Σύμμαχος,
1346 2987 1482 3043 Ὑπὸ
1507 2987 1689 3043 σκιὰν

118 3078 218 3134 τοῦ
258 3081 468 3136 ἱκανοῦ
506 3081 911 3150 νυκτερεύων,
945 3083 1251 3153 εἰρήκασιν.
1313 3080 1473 3136 Ἀλλὰ
1517 3081 1690 3137 ταῦτα

123 3173 214 3243 μὲν
244 3174 317 3240 ὡς
339 3176 398 3228 ὲν
431 3177 743 3248 προοιμίοις
773 3175 834 3228 τὸ
856 3174 1008 3244 ἆγιον
1031 3173 1255 3245 Πνεῦμα
1279 3173 1560 3245 διελάλησε
1578 3190 1591 3204 ·
1618 3172 1690 3228 τά

120 3266 159 3319 δ’
184 3266 301 3339 ἑξῆς
343 3267 499 3340 αὐτῷ
548 3270 894 3340 προσφωνεῖ,
921 3268 1016 3321 καὶ
1046 3267 1137 3321 τὸν
1182 3267 1368 3327 πάντα,
1403 3267 1562 3337 λόγον
1608 3268 1689 3332 είς

116 3359 272 3415 αὐτοῦ
306 3361 601 3432 πρόσωπον
638 3360 1006 3426 ἀποτείνεται,
1043 3360 1171 3431 ἦτοι
1207 3358 1303 3414 τοῦ
1346 3358 1424 3432 τῷ
1468 3358 1690 3432 Χριστῷ

118 3451 511 3525 ἀγωνιζομένου
568 3453 663 3506 καὶ
718 3451 979 3514 νικῶντος
999 3450 1079 3521 ,ἢ
1131 3449 1231 3503 καὶ
1275 3448 1370 3503 τοῦ
1408 3448 1548 3503 κατά
1598 3448 1689 3501 τὸν

117 3534 332 3618 Σωτῆρα
357 3544 655 3617 νοουμένου
702 3543 1026 3616 ἀνθρώπου,
1058 3535 1103 3613 ᾧ
1136 3544 1293 3615 δίκην
1332 3544 1564 3615 ὀργάνου
1600 3540 1691 3594 κέ-

117 3653 275 3708 χρητο
304 3639 332 3691 6
366 3635 554 3710 προὼν
591 3636 687 3690 τοῦ
725 3636 861 3690 Θεοῦ
893 3637 1064 3706 Λόγος
1085 3654 1099 3667 ο
1143 3637 1240 3695 καὶ
1284 3635 1393 3708 γὰρ
1426 3651 1600 3697 ουτος,
1631 3633 1690 3686 ὲν

117 3727 329 3801 βοηθείᾳ
379 3728 654 3785 κατοικῶν
703 3727 799 3781 τοῦ
834 3727 1114 3798 Ὑψίστου,
1163 3728 1270 3783 ὑπὸ
1322 3727 1431 3799 τὴν.
1480 3724 1690 3797 σκέπην

115 3817 351 3888 ηὐλίζετο
379 3820 477 3874 τοῦ
520 3819 855 3883 ἐνοικοῦντος
907 3818 1059 3888 αὐτῷ
1112 3817 1248 3871 Θεοῦ
1294 3818 1467 3886 Λόγου
1490 3857 1506 3882 ,
1565 3816 1688 3868 ἑπι-

118 3912 421 3979 σκιάζοντος
456 3912 607 3983 αύτῷ
637 3915 706 3984 τῇ
737 3908 903 3965 αὑτοῦ
939 3909 1177 3980 θεότητι,
1234 3904 1348 3979 εἶχέ
1377 3925 1437 3969 τε
1474 3906 1693 3977 ἀντιλή-ι

117 4010 285 4075 πτορα
324 4004 421 4057 καὶ
472 4003 803 4075 καταφυγὴν
821 4002 915 4057 καὶ
962 4001 1184 4064 ἐλπίδας
1214 4000 1378 4061 αύτοῦ
1427 4001 1525 4071 τὴν
1555 3998 1690 4069 πλη-

120 4090 307 4161 ροῦσαν
357 4093 522 4148 αύτδν
560 4093 654 4147 τοῦ
712 4086 859 4146 Θεοῦ
880 4092 1055 4162 Λόγου
1100 4091 1349 4163 δύναμιν.
1382 4091 1592 4161 Ὥσπερ
1632 4088 1690 4150 δὲ

119 4181 269 4254 σῶμα
308 4183 549 4257 Χριστοῦ
582 4185 644 4238 τὸ
676 4183 1018 4258 ἀνθρώπειον
1064 4182 1230 4245 αὐτοῦ
1259 4183 1490 4256 ὄργανον
1523 4184 1689 4254 ὲχρη-

118 4277 356 4346 μάτισεν,
376 4277 520 4331 οὕτω
542 4278 636 4330 καὶ
662 4279 690 4333 6
720 4278 850 4342 λαὸς
868 4276 1033 4333 αὐτοῦ
1061 4276 1302 4349 Χριστοῦ
1337 4275 1493 4347 σῶμα
1523 4291 1693 4347 προσ-

117 4369 398 4441 ηγόρευται
434 4371 540 4422 ὑπὸ
560 4369 653 4424 τοῦ
692 4369 836 4441 ιεροῦ
855 4370 1175 4429 Ἀποστόλου
1199 4368 1473 4439 λέγοντος·
1509 4365 1692 4440 Ὑμεῖς

118 4454 181 4511 δέ
199 4459 335 4513 ἐστε
368 4460 541 4530 σῶμα
567 4459 848 4529 Χριστοῦ,
884 4459 983 4513 καί
1010 4459 1167 4531 μέλη
1194 4458 1263 4511 ἐκ
1282 4457 1527 4529 μέρους.

1794 1995 1939 2035 meus
1979 1994 2031 2031 es
2059 1987 2114 2031 tu
2143 1986 2193 2029 et
2228 1973 2489 2043 refugium
2544 1983 2736 2031 meum,
2768 1964 2909 2019 Deus
2950 1979 3116 2025 meus,
3153 1959 3373 2027 sperabo

1792 2070 1848 2128 in
1900 2085 2039 2123 eum.
2077 2066 2184 2123 Pro
2220 2065 2314 2119 illo
2353 2069 2557 2128 autem,
2606 2058 2711 2124 Qui
2761 2054 2964 2108 habitat
3003 2053 3057 2106 in
3101 2050 3372 2119 adjutorio

1792 2161 2079 2227 Altissimi,
2119 2155 2505 2230 Symmachus,
2560 2152 2664 2218 Qui
2698 2148 2906 2203 habitat
2949 2144 3045 2200 sub
3076 2151 3370 2214 tegumenta

1793 2252 2096 2313 Altissimi;
2142 2248 2336 2319 Aquila
2384 2262 2514 2301 vero
2557 2251 2611 2299 et
2646 2243 2837 2312 quinta
2864 2237 3055 2301 editio,
3092 2236 3196 2302 Qui
3229 2234 3369 2288 sedet

1791 2344 1847 2397 in
1878 2340 2184 2397 abscondito
2220 2338 2509 2401 Altissimi,
2546 2335 2856 2391 ediderunt.
2880 2330 3000 2397 Quo
3035 2327 3373 2399 signiﬁcatur

1792 2434 1931 2504 ejus,
1986 2434 2077 2504 qui
2125 2430 2431 2488 secundum
2484 2427 2653 2482 Deum
2704 2427 2759 2479 in
2802 2423 3024 2479 Christo
3064 2426 3370 2483 eoneertat,

1791 2526 2024 2580 ﬁrmitas
2077 2531 2132 2579 et
2173 2520 2583 2593 imperterritus
2631 2516 2870 2579 animus,
2920 2522 2974 2569 et
3005 2512 3281 2583 quomodo
3316 2510 3372 2564 in

1792 2631 2011 2673 recessu
2046 2615 2241 2669 animae
2265 2613 2386 2684 ejus
2421 2611 2631 2666 habitet
2662 2607 2959 2676 sedeatque
3005 2603 3224 2672 adjutor
3250 2601 3372 2670 ejus

1791 2707 2134 2764 Altissimus.
2166 2705 2541 2773 Rursumque,
2572 2715 2671 2771 pro
2698 2700 2811 2762 illo,
2842 2696 2909 2750 In
2959 2703 3251 2765 tegumenta
3272 2691 3372 2748 Dei

1792 2800 1911 2857 caeli
1931 2797 2367 2863 commorabitur,
2389 2792 2609 2865 Aquila,
2637 2790 2701 2844 In
2736 2796 3027 2859 tegumenta
3049 2786 3205 2856 fortis
3230 2801 3375 2838 com-

1790 2890 2131 2952 morabitur;
2179 2884 2544 2957 Symmachus
2597 2888 2801 2944 antem,
2854 2876 2961 2931 Sub
2996 2876 3183 2929 umbra
3213 2875 3370 2945 fortis

1788 2990 2125 3050 pernoctam,
2152 2974 2495 3046 interpretati
2522 2979 2671 3028 sunt.
2700 2968 2808 3025 Sed
2832 2969 2948 3023 ha:c
2969 2967 3189 3039 quidem
3213 2965 3371 3035 quasi

1792 3076 1847 3131 in
1882 3073 2166 3147 prooemiis
2198 3070 2440 3142 Spiritus
2476 3077 2702 3123 sanctus
2736 3065 2952 3118 locutus
2978 3071 3060 3117 est
3091 3082 3102 3115 :
3134 3076 3256 3131 quae
3284 3076 3373 3114 se-

1794 3174 2040 3238 quuntur
2067 3173 2248 3220 autem
2290 3161 2358 3217 ad
2409 3176 2534 3220 eum
2576 3156 2786 3228 dirigit,
2829 3165 3116 3225 totumque
3161 3169 3372 3211 sermo-

1791 3274 1915 3315 nem
1938 3258 2004 3312 ad
2035 3256 2158 3328 ejus
2195 3268 2487 3326 personam
2520 3250 2710 3315 refert,
2742 3249 2837 3319 qui
2862 3263 2963 3318 pro
2986 3246 3210 3302 Christo
3238 3261 3371 3300 con-

1791 3357 1967 3407 certat
1994 3364 2059 3404 ac
2097 3353 2359 3419 superat;
2411 3345 2528 3401 sive
2565 3343 2727 3403 etiam
2770 3342 2838 3395 ad
2870 3341 3147 3397 hominem
3179 3339 3273 3409 qui
3314 3338 3370 3392 in

1793 3442 2081 3497 Salvatore
2132 3455 2257 3495 esse
2301 3435 2650 3507 intelligitur,
2710 3447 2821 3504 quo
2864 3448 2967 3488 ceu
3008 3431 3372 3489 instrumento

1791 3550 1951 3591 usum
1991 3540 2078 3588 est
2101 3531 2194 3587 Dei
2225 3528 2464 3586 Verbum
2499 3528 2647 3599 quod
2695 3525 3126 3600 praeexsistebat.
3160 3522 3373 3578 Etenim

1791 3626 1883 3681 ille
1912 3624 1967 3679 in
1996 3620 2275 3694 adjutorio
2308 3620 2576 3676 Altissimi
2605 3619 2882 3682 habitans,
2929 3616 3031 3672 sub
3060 3621 3375 3684 legumento

1793 3715 2155 3773 inhabitantis
2206 3713 2261 3767 in
2309 3727 2369 3767 se
2412 3710 2504 3766 Dei
2546 3709 2713 3765 Verbi
2764 3707 3226 3770 commorabatur,
3280 3703 3374 3773 qui

1792 3809 1993 3865 deitate
2025 3819 2126 3860 sua
2165 3805 2345 3873 ipsum
2389 3801 2765 3866 inumbrabat;
2798 3809 2958 3869 atque
2988 3798 3034 3852 is
3065 3798 3124 3858 in,
3169 3811 3362 3851 susce-

1793 3910 2025 3973 ptorem,
2049 3896 2330 3968 refugium
2361 3902 2419 3954 et,
2439 3908 2589 3964 Spem
2620 3893 2856 3947 habebat
2886 3892 3063 3961 ipsam
3092 3888 3185 3947 Dei
3207 3887 3373 3945 Verbi

1792 3994 2076 4055 virtutem,
2128 4004 2239 4060 qua
2298 3986 2632 4058 replebatur.
2680 3982 3149 4055 Quemadmodum
3193 3990 3375 4037 autem

1792 4075 2232 4151 Christi'corpus
2267 4079 2568 4139 humanum
2600 4075 2748 4131 illius
2776 4076 3199 4136 instrumentum
3226 4081 3372 4140 erat;

1794 4174 1875 4230 sic
1899 4182 1954 4230 et
1981 4172 2217 4244 populus
2250 4170 2397 4245 ejus,
2422 4167 2630 4223 Christi
2677 4181 2882 4241 corpus
2930 4180 2960 4219 a
3007 4173 3199 4223 sancto
3228 4164 3374 4234 Apo-
3464 4160 3469 4167 '

1793 4267 1935 4322 stolo
1986 4272 2214 4319 vocatur
2263 4262 2349 4317 his
2383 4260 2606 4316 verbis:
2646 4258 2749 4314 Vos
2791 4268 2965 4317 autem
3016 4259 3140 4311 estis
3189 4273 3376 4324 corpus

1796 4358 2022 4424 Christi,
2053 4365 2103 4411 et
2132 4353 2370 4413 membra
2400 4367 2465 4407 ea:
2489 4359 2640 4421 parte
2663 4349 2730 4405 ".

184 4575 421 4639 Εἰκότως
460 4576 749 4647 τοιγαροῦν
776 4574 849 4629 τά
878 4576 937 4628 ὲν
973 4577 1086 4637 τοῖς
1125 4573 1505 4645 προκειμένοις
1534 4571 1691 4640 λεγό-

1869 4565 2064 4622 Merito
2096 4564 2265 4635 igitur
2296 4575 2419 4632 quat
2468 4560 2559 4614 hic
2587 4558 2750 4631 quasi
2798 4556 2869 4613 de
2899 4568 3132 4625 corpore
3170 4549 3376 4605 Christi

123 4681 254 4733 μενα
281 4667 356 4731 ὡς
390 4668 520 4740 τιερῖ¹
564 4667 657 4721 τοῦ
714 4666 966 4738 σώματος
997 4665 1234 4738 Χριστοῦ
1275 4663 1583 4737 ἀναφέροιτ⁹
1625 4663 1692 4716 ἂν

120 4756 209 4807 καὶ
239 4758 317 4821 εἰς
348 4758 411 4811 τὸ
458 4757 796 4831 ἀνθρώπειον
832 4758 935 4812 τοῦ.
971 4759 1222 4830 Σωτῆρος
1265 4757 1442 4829 ἡμῶν,
1473 4756 1565 4811 καὶ
1613 4758 1692 4821 είς

119 4845 206 4898 τὸν
248 4849 305 4901 ὲν
360 4849 511 4920 αὐτῷ
550 4849 949 4921 τελειούμενον.
987 4844 1091 4903 ’Ὧν
1120 4848 1294 4913 οὕτως
1350 4848 1691 4921 εἰρημένων,

121 4935 239 5009 ἑξῆς
268 4941 298 4994 6
323 4940 479 5009 λόγος
503 4941 836 5015 διεξέρχεται
862 4944 963 4997 ὅσα
996 4942 1149 5015 παρὰ
1178 4941 1271 4996 τοῦ
1301 4941 1435 4996 Θεοῦ
1462 4942 1695 5014 ὑπάρξει

122 5033 195 5105 τῷ
244 5036 585 5093 κατοικοῦντι
618 5041 675 5093 ὲν
721 5038 941 5111 βοηθείᾳ
982 5038 1080 5092 τοῦ
1119 5037 1373 5108 Ὑψίστου
1403 5038 1495 5092 καὶ
1547 5038 1697 5092 αὐλι-

124 5122 328 5197 ζομένῳ
361 5129 466 5183 ὑπὸ
513 5130 612 5202 τὴν
656 5131 867 5201 σκέπην
912 5130 1006 5184 τοῦ
1041 5129 1198 5194 Θεοῦ,
1254 5129 1464 5199 λέγοντί
1521 5148 1580 5183 τε
1621 5130 1697 5202 τῷ

124 5219 336 5292 Κυρίῳ·
383 5223 773 5292 Ἀντιλήπτωρ
815 5242 935 5293 μου
965 5219 1025 5279 εἷ
1064 5223 1164 5277 καί
1202 5222 1514 5293 καταφυγή
1552 5242 1693 5293 μου,

125 5312 159 5363 ό
187 5314 326 5380 Θεός
344 5332 487 5383 μου,
509 5318 608 5371 καὶ
639 5315 824 5370 ὲλπιῶ
852 5316 946 5368 ἐπ’
974 5316 1180 5369 αὐτόν.
1212 5316 1346 5370 Τίνα
1379 5316 1439 5369 δέ
1473 5317 1587 5368 ἐστι
1628 5314 1696 5367 τὰ

127 5402 251 5474 περὶ
276 5405 437 5461 αὐτὸν
474 5407 831 5477 γενησόμενα,
864 5406 1151 5475 καταλέγει
1193 5406 1282 5460 διὰ
1333 5405 1440 5459 τῶν
1493 5407 1695 5476 ἑπομέ-

127 5509 227 5547 νων
246 5512 259 5525 ο
280 5497 407 5549 Ὅτι
431 5498 613 5565 αὐτὸς
631 5502 886 5567 ῥύσεταί
904 5518 981 5570 με
1000 5501 1067 5554 ἐκ
1091 5500 1343 5570 παγίδος
1373 5500 1692 5568 θηρευτῶν,

128 5581 241 5637 ἀπὸ
290 5589 477 5655 λόγου
526 5588 926 5660 ταραχώδους.
986 5592 1083 5644 Ἑν
1130 5591 1252 5660 τοῖς
1302 5591 1696 5661 μεταφρένοις

130 5677 308 5732 αὑτοῦ
358 5679 695 5737 ἐπισκιάσει
735 5700 831 5736 σοι
854 5725 866 5748 ,
922 5684 1020 5740 καὶ
1074 5684 1188 5740 ὑπὸ
1243 5684 1349 5752 τὰς
1402 5683 1698 5755 πτέρυπης

203 5831 244 5863 ⁸³
283 5832 304 5891 ι
339 5836 464 5892 Cor.
504 5851 577 5892 xu
603 5877 617 5898 ,
654 5838 744 5893 Ἥ.

1799 4662 2082 4724 dicuntur,
2113 4658 2275 4714 etiam
2318 4656 2386 4711 ad
2426 4653 2819 4709 humanitatem
2866 4645 3166 4703 Salvatoris
3203 4643 3375 4697 nostri

1800 4754 2129 4816 referantur,
2161 4758 2325 4821 atque
2358 4749 2425 4804 ad
2454 4763 2583 4804 eum
2607 4744 2704 4817 qui
2734 4744 2788 4798 in
2815 4742 2935 4813 ipso
2963 4744 3376 4796 consummatus

1800 4858 1904 4906 est.
1950 4848 2084 4914 Quae
2131 4861 2256 4901 eum
2306 4845 2410 4899 hac
2461 4840 2679 4897 ratione
2729 4836 2878 4893 dicta
2928 4834 3060 4898 sint,
3112 4832 3377 4899 deinceps

1800 4948 2113 5004 enarratur,
2150 4943 2355 5008 quanta
2395 4950 2426 4989 a
2459 4933 2571 4989 Deo
2608 4926 2940 4987 conferenda
2973 4925 3083 4981 sint
3125 4922 3178 4976 in
3227 4936 3374 4983 eum,

1798 5034 1899 5104 qui
1916 5032 2125 5089 habitat
2155 5032 2211 5085 in
2239 5026 2516 5100 adjutorio
2540 5020 2832 5083 Altissimi,
2857 5026 2911 5075 et
2937 5018 3041 5073 sub
3066 5017 3377 5084 legumento

1802 5125 1894 5181 Dei
1931 5131 2331 5187 commoratur,
2365 5132 2429 5172 ae
2472 5115 2607 5171 dicit
2640 5112 2889 5177 Domino,
2922 5109 3203 5175 Susceptor
3233 5118 3376 5157 meus

1798 5234 1877 5280 es,
1906 5226 1956 5271 et
1979 5215 2239 5285 refugium
2272 5226 2467 5274 meum,
2507 5206 2649 5261 Deus
2684 5221 2850 5267 naeus,
2887 5198 3107 5266 sperabo
3144 5198 3201 5250 in
3235 5210 3374 5249 eum.

1800 5308 2061 5374 Quaenam
2097 5316 2274 5361 autem
2315 5304 2395 5358 illi
2427 5298 2760 5357 conferenda
2792 5297 2903 5351 sint
2933 5295 2985 5346 in
3021 5287 3378 5361 sequentibus

1800 5408 1993 5455 narrat
2019 5418 2033 5454 :
2060 5426 2127 5438 —-
2150 5394 2317 5450 Vens.
2355 5394 2472 5450 5-9.
2502 5392 2766 5459 Quoniam
2800 5388 2906 5455 ipse
2936 5381 3178 5437 liberabit
3211 5396 3290 5433 me
3315 5377 3379 5434 de

1805 5492 1989 5560 laqueo
2022 5487 2339 5549 cenantium,
2372 5496 2421 5539 et
2470 5503 2504 5539 α
2542 5483 2692 5538 verbo
2728 5478 3046 5533 turbulento.
3085 5472 3151 5527 In
3189 5487 3380 5540 δοαριιο

1809 5583 1872 5636 iis
1907 5583 2016 5657 suis
2058 5578 2391 5633 obumbrabit
2421 5576 2538 5639 tibi,
2563 5585 2611 5628 et
2633 5572 2725 5626 sub
2765 5569 2946 5638 pennis
2974 5567 3087 5637 ejus
3119 5566 3373 5633 sperabis.

1810 5681 1969 5753 Sdto
2004 5673 2350 5731 circumdabit
2384 5682 2430 5727 te
2461 5670 2651 5727 ueritas
2684 5667 2819 5736 ejus,
2865 5680 2968 5718 non
2997 5659 3200 5717 timebis
3239 5676 3271 5712 a
3310 5658 3382 5712 ti.
