3830 6288
488 402 631 463 1145
1183 396 1455 456 EUSEBII
1493 395 1973 457 CESARIENSIS
2011 396 2160 456 OPP.
2207 396 2388 459 PARS
2423 395 2491 455 Ill
2513 428 2587 440 —
2610 393 3020 453 EXEGETICA.
3552 401 3658 458 tm

486 531 635 572 more
660 524 937 578 nocturno,
977 529 1009 566 a
1057 504 1258 583 sagitta
1298 512 1505 568 volante
1545 513 1601 566 in
1639 511 1745 579 die,
1787 529 1820 567 a
1849 513 2055 584 negotio

2160 511 2348 567 αὐτοῦ
2391 510 2638 577 ἐλπιεῖς.
2686 509 2886 577 "amp
2929 505 3221 562 κυκλώσει
3268 508 3344 562 ’σε
3390 509 3427 575 ἠ
3462 510 3657 578 ἀλήθεια

484 604 885 675 perambulante
914 606 968 659 in
995 604 1242 671 tenebris,
1274 621 1306 658 a
1335 605 1490 659 ruina
1526 613 1578 659 et
1606 604 1867 665 damonio
1895 606 2053 661 meri-

2160 603 2368 667 αῠτοῦ,
2394 604 2467 658 οὐ
2486 601 2801 672 φοϐηθήσῃ
2834 600 2953 655 ἀπὸ
2997 599 3182 669 φόϐου
3211 598 3554 665 νυκτερινοῦ,
3570 601 3660 656 ἀπὸ

483 695 669 750 diana.
700 697 899 751 Cadent
946 713 977 751 ο
1007 695 1171 751 latere
1208 704 1298 752 tuo
1336 697 1503 761 mille,
1543 707 1592 752 et
1621 697 1796 753 decem
1818 698 1991 753 millia
2024 715 2058 753 a

2160 693 2388 761 βέλους
2432 691 2759 762 πετομένου
2809 690 3035 761 ἡμέρας
3056 730 3072 752 ,
3112 688 3228 744 ἀπὸ
3278 686 3583 759 πράγματος
3610 693 3661 746 ἐν

484 787 687 844 dextris
734 789 861 854 tuis,
895 787 963 843 ad
1012 796 1062 843 te
1110 799 1281 844 autem
1321 806 1425 845 non
1454 790 1908 860 appropinquabit.
1954 789 2055 846 Ve-

2160 785 2364 839 σκότει
2420 779 2951 851 διαπορευομένου,
3003 779 3141 881 ἀπὸ.
3592 784 3661 837 καί

484 887 785 933 rumtamen
817 877 985 932 oculis
1034 879 1137 935 tuis
1171 878 1551 945 considerabis,
1582 889 1631 934 et
1665 880 2058 937 retributionem

2160 874 2468 944 δαιμονίου
2490 869 2915 942 μεσημϐρινοῦ.
2955 869 3224 924 Πεσεῖται
3242 869 3315 923 ἐκ
3345 869 3447 924 τοῦ
3474 872 3662 939 eum;

483 978 817 1040 peccatorum
852 966 1067 1024 videbis.
1101 969 1368 1037 Quoniam
1402 980 1456 1023 tu
1509 986 1620 1040 spes
1660 988 1798 1038 mea,
1843 971 2054 1026 Altissi-

2161 980 2278 1021 σου
2315 964 2531 1034 χιλιὰς,
2566 965 2666 1017 καὶ
2694 962 2909 1032 μυριὰς
2937 962 3007 1016 ἐκ
3038 960 3251 1026 δεξιῶν
3277 977 3422 1028 σου,
3457 962 3583 1030 πρὸς
3611 965 3663 1017 σὲ

485 1076 629 1117 mum
655 1061 883 1131 posuisti
911 1061 1173 1132 refugium
1214 1070 1382 1118 tuum.
1417 1061 1656 1120 lnsultus
1704 1063 1967 1136 plurimos
2003 1063 2059 1119 in

2160 1056 2231 1111 es
2265 1059 2377 1112 οὐκ
2422 1055 2622 1127 errari.
2656 1053 2832 1123 Πλὴν
2869 1053 2992 1120 τοῖς
3023 1054 3350 1125 ὀφθαλμοῖς
3387 1069 3496 1109 σου
3533 1073 3664 1110 κατο-

484 1164 610 1205 eum
647 1150 764 1205 fore
804 1152 1151 1221 praenuntiat,
1187 1152 1281 1223 qui
1320 1152 1375 1207 in
1425 1153 1681 1209 vaticinio
1720 1158 2056 1212 enttntiatur.

2160 1147 2425 1215 νοήσεις,
2451 1146 2553 1202 καὶ
2576 1144 2986 1201 ἀνταπόδοσιν
3020 1144 3387 1217 ἁμαρτωλῶν
3413 1142 3551 1215 δίψει.
3583 1149 3666 1203 Ὅτι

485 1238 587 1295 Hic
621 1255 747 1297 vero
778 1256 1036 1311 perrarus
1071 1251 1189 1296 erat
1216 1249 1270 1297 et
1311 1242 1596 1309 mirabilis,
1637 1244 1696 1301 in
1738 1245 2061 1302 abscondito

2162 1239 2245 1295 σὺ
2277 1242 2316 1309 ri
2347 1240 2526 1307 ἐλπίς
2560 1256 2701 1309 μου,
2728 1236 2836 1292 τὸν
2869 1237 3157 1306 Ὕψιστον
3195 1238 3339 1293 ἐθου
3382 1238 3668 1308 καταφυγήν

485 1331 749 1387 Altissimi
792 1332 1010 1399 sedens,
1066 1333 1169 1390 sub
1200 1332 1392 1388 umbra
1423 1334 1577 1391 fortis
1622 1350 1970 1393 commorans
2006 1344 2062 1393 et

2161 1348 2301 1389 σου.
2338 1329 2544 1394 Πολλὰς
2569 1328 2969 1393 ἐπαναστάσεις
2995 1330 3025 1381 ὁ
3055 1329 3212 1398 λόγος
3249 1329 3586 1401 προαγορεύει
3607 1348 3670 1399 τε.

2161 1422 2420 1495 νήσεσθαι
2451 1420 2529 1493 τῷ
2569 1422 3050 1494 προφητευομένῳ.
3095 1417 3264 1486 Οὗτος
3306 1421 3365 1475 δὲ
3398 1416 3464 1494 ἦν
3504 1423 3671 1490 σπάνιός

2161 1531 2249 1578 τις
2291 1515 2386 1569 καὶ
2427 1512 2758 1585 θαυμαστὸς,
2800 1515 2857 1567 ὲν
2887 1514 3188 1586 ἀποκρύφῳ
3213 1512 3311 1568 τοῦ
3349 1513 3580 1584 Ὑψίστου
3602 1533 3673 1570 u-

2164 1606 2434 1678 θήμενος,
2472 1606 2579 1661 ὑπὸ
2616 1606 2721 1678 τὴν
2764 1607 2922 1663 σκιὰν
2976 1605 3071 1661 τοῦ
3120 1605 3311 1661 ἱκανοῦ
3355 1606 3671 1676 αὐλιζόμενος,

2165 1699 2261 1753 καὶ
2286 1697 2461 1767 λέγων
2489 1698 2568 1770 τῷ
2603 1698 2823 1771 Κυρίῳ⁹
2863 1696 3259 1768 Ἅντιλήπτωρ
3275 1715 3397 1768 μου
3433 1695 3523 1753 καὶ
3545 1714 3675 1753 κατο-

2167 1790 2327 1861 φυγή
2366 1807 2505 1860 μου,
2555 1791 2590 1844 ὀ
2626 1791 2772 1856 Sede
2795 1807 2935 1860 μου,
2973 1790 3071 1844 καὶ
3100 1786 3293 1845 ἐλειιῶ
3339 1789 3431 1843 ἐπ’
3459 1790 3675 1863 αὐτόνσῆ

2165 1882 2307 1936 κατὰ
2342 1882 2433 1936 τὸν
2468 1882 2721 1949 Ἀκύλαν,
2737 1884 2801 1937 Ὃ
2830 1885 2975 1949 Θεός
2996 1901 3136 1953 μου.
3161 1882 3505 1951 πεποιθήσει)
3530 1882 3676 1935 ἐνού-

2092 1933 2135 1990 Β
2165 1933 2361 2045 th,
2384 1933 2456 2028 Vo
2484 1933 2790 2045 seges”;
2815 1933 3292 2044 σξιέίὲῠὲαρσήσω
3312 1976 3385 2029 ἐν
3403 1933 3677 2040 Limam

2164 2064 2257 2118 τὸν
2310 2064 2625 2137 Σύμμαχον.
2681 2066 2869 2139 Τούτῳ
2910 2067 2976 2138 δὴ
3032 2063 3125 2120 οὖν
3158 2065 3240 2136 τῷ
3280 2066 3391 2120 τῶν
3437 2067 3678 2137 εἰρημένων

486 1423 721 1478 Domino
772 1425 978 1491 dicens,
1024 1424 1311 1495 Susceptor
1338 1442 1483 1482 meus
1514 1444 1568 1483 es
1597 1437 1653 1483 tu
1700 1438 1751 1484 et
1800 1431 2063 1501 refugium

484 1532 677 1585 meum,
700 1516 842 1572 Deus
862 1532 1029 1581 meus,
1057 1525 1107 1571 et
1128 1517 1346 1586 sperabo
1372 1518 1428 1573 in
1453 1535 1594 1585 eum;
1619 1521 1733 1577 sive
1762 1524 2062 1579 secundum

486 1608 761 1679 Aquilam,
794 1606 936 1663 Deus
967 1624 1145 1673 meus,
1178 1608 1440 1679 conﬁdam
1479 1612 1535 1667 in
1566 1612 1705 1677 illo;
1738 1622 1833 1669 aut
1861 1629 2060 1670 secun-

483 1698 613 1753 dum
659 1695 1070 1770 Symmachum,
1105 1698 1246 1754 Deus
1274 1716 1442 1766 meus,
1492 1710 1543 1756 et
1588 1700 1778 1757 bonam
1810 1703 2064 1774 ﬁduciam

484 1788 682 1846 habebo
734 1790 788 1845 in
838 1789 952 1845 illo.
995 1789 1270 1847 Adversus
1312 1807 1435 1847 eum
1478 1793 1665 1864 igitur,
1711 1796 1803 1867 qui
1843 1809 1910 1850 eo
1956 1808 2066 1865 quo

484 1876 693 1931 dictum
721 1884 804 1933 est
834 1877 994 1933 modo
1020 1878 1076 1933 in
1108 1876 1201 1933 Dei
1234 1879 1437 1935 auxilio
1465 1882 1737 1951 repositus
1764 1889 1902 1948 erat,
1928 1883 2065 1940 insi—

483 1967 588 2023 dia:
616 1969 861 2040 quaedam
881 1978 936 2026 et
961 1971 1371 2042 coniurationes
1410 1981 1794 2029 sexcentorum
1823 1974 2062 2031 hostium

485 2060 940 2116 insurrexerunt:
969 2077 1090 2134 quae
1130 2064 1341 2121 scilicet
1370 2066 1550 2137 laquei
1569 2068 1908 2133 venantium,
1947 2083 2067 2124 ser-

483 2165 674 2206 mones
706 2151 1035 2220 turbulenti,
1090 2155 1257 2210 timor
1286 2165 1612 2221 nocturnus.
1645 2160 1843 2231 sagitta
1873 2163 2063 2220 volans

483 2247 540 2295 In
596 2239 705 2304 die,
740 2244 1018 2312 negotium
1075 2247 1462 2314 perambulans
1526 2249 1583 2304 in
1616 2251 1858 2307 tenebris
1901 2252 2063 2308 ruina

483 2330 737 2391 daemonii
767 2333 1054 2389 meridiani
1077 2344 1282 2391 vocatas
1297 2345 1426 2393 sunt
1453 2357 1466 2392 :
1490 2338 1556 2393 ad
1579 2339 1696 2397 haec
1724 2355 1875 2408 vero,
1893 2342 2063 2399 millia
2094 2348 2103 2359 '

482 2433 537 2475 et
587 2417 775 2475 decem
824 2421 1029 2489 millia;
1083 2423 1157 2477 ita
1205 2434 1265 2479 ut
1307 2426 1475 2482 millia
1521 2428 1830 2496 sinistram;
1874 2431 2063 2488 decem

481 2520 615 2564 vero
663 2508 834 2564 millia
884 2510 1161 2568 dexteram
1197 2514 1317 2585 ejus
1365 2526 1719 2587 occuparent.
1764 2517 1900 2574 Nam
1946 2521 2064 2576 haec

482 2598 694 2656 dextris
742 2603 1014 2672 partibus,
1045 2613 1233 2677 utpote
1266 2606 1596 2665 firmioribus
1633 2619 1690 2665 et
1720 2609 2059 2682 fortioribus,

482 2693 903 2751 insidiabantur.
953 2697 1044 2753 Ait
1081 2713 1207 2755 vero
1236 2701 1450 2756 nullum
1491 2702 1685 2758 horum
1726 2719 1851 2760 eum
1883 2705 1978 2777 qui
2004 2706 2062 2761 in

481 2784 744 2840 vaticinio
779 2785 953 2842 fertur
1004 2789 1270 2861 attingere
1320 2808 1500 2863 posse.
1550 2793 1819 2851 Praeterea
1860 2797 2063 2852 dicitur

479 2887 606 2932 eum
638 2876 982 2933 ineessurum
1014 2896 1135 2936 esse
1166 2898 1276 2937 non
1315 2885 1480 2940 modo
1508 2900 1675 2957 supra
1706 2896 1987 2959 serpentes
2009 2898 2063 2947 et

484 2971 826 3041 scorpiones,
873 2988 999 3028 nam
1031 2974 1147 3030 haec
1176 2977 1388 3032 modica
1417 2988 1613 3047 erant;
1643 2982 1736 3037 sed
1779 2998 1942 3054 super
1969 2999 2062 3040 as-

483 3060 661 3132 pidem
689 3071 743 3119 et
765 3064 1106 3132 basiliscnm,
1147 3073 1200 3122 et
1229 3070 1675 3126 conculcaturum
1694 3087 1817 3129 esse
1848 3075 2061 3130 leonem

481 3156 540 3205 et
566 3152 860 3208 draconem
888 3168 902 3206 :
937 3169 1059 3226 quas
1085 3172 1218 3213 sane
1245 3157 1388 3215 inter
1413 3160 1561 3221 feras
1576 3171 1632 3218 et
1663 3164 1876 3234 reptilia
1904 3164 2059 3236 prin-

480 3240 659 3310 ripem
701 3243 952 3304 obtinent
983 3247 1187 3304 locum.
1218 3249 1487 3309 Existimo
1524 3263 1706 3310 autem
1736 3255 1823 3311 his
1852 3256 2061 3327 princi-

481 3348 579 3407 pes
626 3337 791 3407 hujus
839 3341 1023 3396 saeculi
1068 3342 1389 3414 signiﬁcari,
1429 3360 1642 3401 necnon
1675 3346 1979 3403 invisibiles
2005 3355 2061 3403 et

483 3427 775 3497 primariae
797 3438 1115 3500 potestates.
1149 3431 1536 3491 Verumtamen
1564 3438 1656 3509 qui
1689 3437 1744 3491 in
1776 3438 2061 3509 prophetia

483 3517 658 3575 fertur
680 3534 872 3577 omnes
901 3522 1065 3579 simul
1083 3525 1505 3583 conculcaturus
1526 3542 1649 3585 esse
1676 3527 2061 3584 dicituraNam

482 3626 638 3682 super
686 3612 944 3682 aspidem,
980 3614 1175 3684 inquit,
1207 3626 1259 3675 et
1297 3616 1607 3674 basiliscum
1666 3618 1985 3686 ambulabis,
2010 3627 2063 3679 et

482 3704 813 3760 conculcabis
839 3706 1040 3765 leonem
1062 3716 1113 3763 et
1143 3707 1445 3765 draconem.

483 3795 807 3867 ἀρχθντικὰς
834 3798 1109 3871 δυνάμεις,
1136 3800 1283 3875 Πλὴν
1319 3803 1469 3874 ὅμως
1513 3804 1543 3856 ό
1587 3803 2062 3876 προφητευόμενος
2110 3804 2516 3875 καταπατήσειν
2541 3801 2764 3878 ’ἀθρόως
2797 3801 3014 3870 λέγεται
3056 3799 3158 3863 τὰς
3208 3800 3413 3862 πάσας.
3452 3792 3675 3859 Ἔπισήσπ

483 3889 610 3962 γάρ.
637 3892 820 3964 φησὶν,
854 3894 954 3953 ἐπὶ
995 3894 1228 3950 ἀσπίδα
1273 3898 1372 3951 καὶ
1407 3898 1806 3963 βασιλίσκον,
1846 3897 1946 3955 καὶ
1993 3898 2437 3965 καταπατήσας
2471 3894 2816 3951 λέοντα-καὶ
2845 3893 3165 3963 δράκοντα.

2163 2264 2309 2311 τινες
2328 2249 2423 2301 καὶ¹
2449 2249 2712 2302 συσκευαὶ
2740 2249 2948 2320 μυρίων
2970 2249 3088 2302 κατ’
3105 2247 3276 2302 αὑτοῦ
3299 2249 3678 2319 στρατευομένων

2164 2338 2538 2409 ἐπανέστησαν
2557 2357 2571 2369 ·
2602 2340 2831 2408 παγίδες
2850 2339 2981 2408 γοῦν
3007 2338 3288 2411 (inpetisth
3323 2335 3674 2408 ὠνομάσθησαν,

2163 2431 2258 2483 καὶ
2310 2430 2456 2498 λόγοι
2503 2430 2873 2503 ταραχώδεις,
2908 2432 3005 2485 καὶ
3046 2430 3209 2500 φόϐος
3257 2429 3583 2502 νυκτερινὸς,
3614 2428 3677 2485 καὶ

2166 2522 2318 2594 βέλος
2352 2524 2644 2595 πετόμενον
2667 2523 2900 2595 ἡμέρας,
2928 2525 3022 2578 καὶ
3055 2526 3293 2596 πρᾶγμα
3324 2525 3383 2577 ὲν
3406 2522 3567 2576 σκότει
3595 2519 3675 2575 δια-

2150 2615 2548 2687 πορευόμενον,
2580 2615 2675 2669 καὶ
2698 2614 3011 2687 σύμπτωμα
3031 2614 3312 2686 δαιμονίου
3339 2610 3675 2686 μσημὸρινού

2164 2708 2258 2762 καὶ
2289 2708 2430 2781 πρὸς
2467 2708 2676 2772 τούτοις
2702 2707 2875 2761 ἅπασι
2926 2707 3162 2779 χιλιάδες
3203 2708 3304 2761 καὶ
3355 2705 3613 2779 μυριάδεςθ
3636 2701 3676 2760 ai

2166 2798 2267 2870 μὲν
2292 2798 2528 2869 χιλιάδες
2553 2797 2622 2851 τὰ
2645 2798 2907 2870 ἀριστερὰ
2930 2797 3096 2853 αὐτοῦ
3140 2796 3609 2869 ἀπολαμϐάνουσαι,
3637 2792 3677 2849 ci

2163 2890 2220 2945 δὲ
2251 2891 2320 2945 τὰ
2348 2889 2496 2956 δεξιὰ
2532 2891 2809 2963 μυριάδες.
2853 2891 3024 2945 Αὑταὶ
3062 2889 3173 2963 γὰρ
3198 2892 3318 2953 τοῖς
3348 2889 3528 2955 δεξιοῖς
3552 2887 3612 2950 ὡς
3633 2884 3679 2939 ἂν

2165 2983 2573 3056 κραταιοτέροις
2595 2985 2690 3038 καὶ
2717 2984 3084 3056 ἰσχυροτέροις
3114 2982 3345 3054 μέρεσιν
3370 2980 3674 3035 ἐπεϐούλευον.

2163 3074 2379 3130 Τούτων
2410 3075 2467 3133 δὲ
2501 3075 2718 3130 πάντων
2740 3076 2892 3130 οὐδὲν
2919 3075 3259 3148 προσψαύειν
3282 3072 3361 3145 τῷ
3389 3064 3571 3145 repleti
3594 3068 3680 3125 ὁλό-

2163 3167 2641 3241 γοςπροφητεύει.
2682 3169 2802 3223 Ἔτι
2840 3167 2897 3221 δὲ
2955 3167 3090 3239 πρὸς
3117 3165 3332 3230 τούτοις
3391 3161 3677 3235 inminebat

2161 3260 2396 3331 λέγεται,
2451 3261 2525 3333 (ι)
2562 3261 2644 3315 ὅτι
2692 3260 2784 3315 καὶ
2838 3257 3025 3314 ὲπῶιω
3066 3258 3245 3328 ὄφεων
3314 3258 3409 3313 καὶ
3436 3254 3675 3327 σιωρπίων

2168 3351 2344 3423 μικρὰ
2368 3352 2477 3425 γὰρ
2502 3346 2572 3424 ἦν
2586 3348 2793 3405 ταῦτα·
2820 3349 2935 3407 ἀλλ’
2963 3349 3050 3403 ἐπ’
3062 3349 3269 3403 ἀσπίδα
3284 3348 3383 3403 καὶ
3414 3344 3676 3417 βασιλίσκων

2162 3443 2568 3514 καταπατήσειν
2595 3458 2655 3494 τε
2679 3440 2870 3494 λέοντα
2910 3440 3006 3495 καὶ
3043 3438 3316 3511 δράκοντα
3335 3454 3351 3469 ⁸
3384 3435 3495 3508 an;
3524 3431 3677 3506 βασιλι-

2162 3529 2385 3585 κώτατα
2422 3531 2516 3592 καὶ
2541 3527 2890 3601 ἀρχικώτατα
2914 3526 3024 3582 τῶν
3050 3529 3112 3582 ὲν
3135 3525 3352 3599 θηρίοις
3375 3527 3466 3579 καὶ
3492 3521 3677 3595 ἑρπείωῖς

2161 3619 2440 3691 τυγχάνει.
2468 3613 2635 3690 Οἶμαι
2669 3617 2800 3687 γοῦν
2836 3616 2927 3671 διὰ
2952 3615 3154 3671 τούτων
3188 3617 3321 3680 τοὺς
3358 3606 3676 3688 ᾅρχονταςτοῦ

2165 3711 2363 3775 αἰῶνος
2407 3710 2599 3769 τούτου
2639 3707 3036 3781 σημαίνεσθαι,
3070 3709 3165 3764 καὶ
3194 3706 3298 3772 τὰς
3347 3708 3583 3779 ἀοράτως
3614 3699 3675 3754 καὶ

2087 3303 2130 3364 C

551 4002 683 4069 Quis
705 4005 871 4075 igitur
892 4006 983 4062 hic
1005 4007 1191 4074 fuerit,
1209 4023 1296 4065 Clll
1325 4012 1450 4070 talia
1479 4020 1791 4083 competere
1821 4013 2059 4083 possint;

2234 4009 2331 4075 Τίς
2362 4008 2454 4065 οὖν
2494 4010 2689 4079 γένοιτ’
2721 4009 2787 4063 ἂν
2827 4006 3088 4072 τοιοῦτος,
3129 4007 3206 4071 ὡς
3237 4003 3550 4079 ἐφαρμόζειν

483 4184 761 4242 dexteram
789 4200 1127 4263 oppugnant,
1165 4193 1233 4247 ad
1273 4195 1505 4250 alterum
1544 4209 1671 4251 vero
1694 4196 1838 4251 latus
1867 4196 2061 4261 millia,

2171 4195 2436 4268 μυριάδας
2483 4194 2937 4267 ἐπιστρατεύεται
2965 4191 3129 4248 αὑτοῦ
3154 4194 3267 4259 τοῖς
3299 4191 3502 4254 δεξιοῖς,

484 4294 660 4348 neque
702 4280 905 4337 audent
947 4284 1015 4340 ad
1048 4300 1174 4340 eum
1207 4287 1487 4352 accedere,
1534 4287 1628 4343 sed
1666 4302 1852 4342 coram
1878 4303 1944 4344 eo
1970 4302 2062 4343 ca-

2164 4287 2313 4342 κατὰ
2351 4287 2578 4359 θάτερον
2625 4288 2788 4359 μέρος
2814 4287 3076 4365 χιλιάδας,
3126 4284 3200 4358 μὴ
3236 4285 3437 4356 τολμᾷν
3474 4282 3524 4334 δὲ
3555 4276 3669 4331 αὐτῶ

483 4367 657 4437 dunt;
687 4386 786 4442 age
826 4373 1218 4446 disquiramus.
1271 4376 1402 4433 Dico
1442 4389 1624 4437 autem
1674 4380 1856 4450 aliquo
1901 4380 2062 4435 modo

2169 4380 2526 4454 προσψαύειν,
2563 4381 2929 4439 καταπίπτειν
2959 4379 3015 4435 δὲ
3045 4376 3356 4449 ἔμπροσθεν
3385 4371 3551 4435 αὐτοῦ,
3581 4368 3669 4439 φέρε

484 4476 645 4533 posse
678 4468 791 4520 haec
826 4467 1017 4522 referri
1045 4470 1114 4524 ad
1145 4469 1418 4524 hominem
1468 4471 1523 4524 in
1557 4470 1777 4527 Christo
1807 4486 2062 4528 consum—

2168 4472 2612 4543 κατανοήσωμεν.
2637 4472 2783 4545 Φημὶ
2815 4470 2872 4523 δὲ
2900 4469 3020 4524 καθ’
3045 4469 3142 4523 ἕνα
3163 4468 3366 4541 τρόπον
3383 4457 3669 4534 ἀναφέρεσθαι

484 4562 726 4621 malum;
758 4557 938 4626 qualis
965 4567 1084 4613 erat
1114 4548 1343 4625 Paulus,
1376 4561 1478 4631 qui
1526 4561 1762 4624 dicebat,
1814 4559 1937 4617 Scio
1970 4562 2062 4617 lto-

2166 4564 2340 4625 τᾳῦτα
2372 4563 2468 4616 ἐπὶ
2495 4563 2588 4618 τὸν
2614 4564 2673 4617 ὲν
2715 4562 2939 4639 Χριστῷ
2967 4560 3385 4631 τετελειωμένον
3424 4555 3666 4649 ἄνθρωφ’

483 4646 674 4701 minem
704 4649 760 4703 in
790 4648 1002 4707 Christo
1025 4652 1071 4686 “
1095 4668 1115 4707 :
1144 4662 1197 4708 et
1222 4652 1290 4707 ad
1316 4667 1508 4708 omnes
1538 4654 1629 4722 qui
1656 4653 1880 4723 perinde
1904 4663 2062 4723 atque

2166 4650 2278 4719 οἶος
2303 4651 2371 4727 ἦν
2394 4655 2647 4726 δΠαῦλος
2670 4655 2843 4726 λέγων
2866 4671 2881 4685 ⁸
2909 4652 3052 4709 Οἶδα
3068 4654 3383 4722 ἄνθρωπον
3405 4646 3664 4716 ειν-Χριστῷ·

485 4737 580 4792 ille
607 4738 789 4795 dicere
838 4744 1070 4812 possint,
1125 4744 1256 4811 Quis
1290 4761 1384 4800 nos
1416 4744 1685 4813 separabit
1716 4761 1749 4799 a
1805 4744 2062 4803 charitate

2168 4747 2261 4803 ἐπὶ
2291 4748 2466 4808 πάντα
2496 4765 2556 4802 τε
2605 4747 2698 4802 τὸν
2732 4748 2932 4818 ὁμοίως
2972 4745 3164 4817 ἐκείνῳ
3199 4745 3378 4813 λέγειν
3405 4740 3664 4833 bestiast/03'

488 4828 623 4887 Dei?
650 4831 947 4900 tribulatio,
972 4851 1042 4889 an
1073 4839 1424 4907 angustia,an
1446 4837 1758 4906 persecutio,
1785 4854 1853 4892 an
1872 4837 2060 4908 fames,

2174 4839 2270 4903 Τίς
2318 4837 2478 4907 ἡμᾶς
2511 4839 2754 4908 χωρίσει
2803 4839 2922 4897 ἀπὸ
2980 4837 3093 4905 τῆς
3127 4835 3362 4911 ἀγάπης
3397 4832 3498 4924 τοῦ

483 4936 553 4975 an
584 4920 823 4990 auditas,
855 4941 924 4980 an
955 4925 1270 4994 periculum,
1330 4944 1398 4980 an
1427 4927 1638 4997 gladius
1691 4928 1738 4960 ⁸⁵
1764 4930 1789 4984 ?
1817 4941 1883 4981 ac
1939 4943 2062 4980 rur—

2169 4927 2393 4996 θλίψις,
2424 4927 2464 4997 ἣ
2511 4928 2879 4998 στενοχωρία
2902 4968 2918 4993 ,
2964 4927 3003 4995 ἢ
3042 4926 3296 4997 διωγμὸς
3317 4966 3333 4992 ,
3377 4922 3415 4991 ἣ
3442 4918 3611 4988 λιμὸς,
3639 4918 3662 4977 fl

481 5028 627 5077 sum,
667 5012 854 5071 Certus
883 5032 1000 5071 sum
1028 5019 1170 5071 enim
1200 5019 1325 5088 quia
1353 5034 1515 5087 neque
1546 5035 1709 5084 mors,
1740 5034 1902 5089 neque
1929 5019 2058 5078 vita.

2160 5020 2503 5090 γυμνότης,
2548 5020 2590 5090 ἢ
2624 5020 2945 5087 κίνδυνος,
2984 5020 3024 5087 ἣ
3056 5018 3357 5090 μάχαιρα;
3405 5014 3487 5071 καὶ
3525 5006 3659 5065 πάλιν

482 5120 645 5175 neque
672 5107 955 5177 instantia,
996 5126 1158 5180 neque
1187 5109 1393 5179 futura,
1426 5127 1587 5182 neque
1626 5110 1867 5173 uirtutes,
1901 5127 2062 5179 neque

2167 5111 2497 5183 Πέπεισμαι
2512 5113 2642 5185 γὰρ,
2676 5113 2768 5167 ὅτι
2797 5114 2938 5168 οὔτε
2957 5112 3233 5178 θάνατος,
3264 5110 3406 5204 οὔτε
3436 5102 3548 5170 ζωὴ,

484 5198 733 5264 altitudo,
767 5216 927 5271 neque
956 5202 1301 5272 profundum,
1330 5220 1495 5274 neque
1514 5213 1762 5261 creatura
1787 5205 1897 5258 alia
1911 5212 2062 5270 pote-

2168 5205 2489 5272 ἐνεστῶτα,
2530 5207 2669 5261 οὔτε
2709 5205 3018 5276 μέλλοντα
3035 5244 3052 5268 ,
3077 5203 3218 5259 οὔτε
3263 5198 3535 5267 δυνάμεις,
3566 5198 3659 5242 οῠτ⁸

482 5289 555 5345 rit
585 5304 679 5342 nos
703 5306 951 5359 separare
991 5308 1026 5344 a
1053 5291 1313 5349 charitate
1347 5290 1468 5356 Dei,
1501 5307 1618 5361 qute
1647 5299 1726 5345 est
1752 5294 1810 5345 in
1852 5289 2064 5346 Christo

484 5375 610 5432 Iesu
633 5381 679 5412 °°
708 5396 728 5433 :
758 5381 828 5435 ad
862 5381 977 5437 haec
1007 5398 1138 5439 vero
1161 5382 1416 5453 quisquis
1444 5383 1627 5438 dicere
1656 5390 1857 5455 potest,
1885 5379 1988 5438 Sed
2005 5382 2062 5435 in

484 5468 564 5523 his
603 5471 845 5529 omnibus
876 5490 1185 5544 superamus
1213 5475 1282 5541 ⁸⁷,
1306 5475 1507 5544 dignus
1550 5489 1683 5530 sane
1716 5474 1880 5535 fuerit
1902 5483 1967 5535 ut
1993 5476 2063 5534 de
2168 5476 2277 5546 τῆς
2305 5479 2375 5532 έν
2405 5479 2639 5549 Χριστῷ
2683 5479 2910 5548 Ἰησοῦ·
2951 5481 2981 5532 ὁ
3025 5478 3083 5532 δὲ
3114 5477 3252 5549 πρὸς
3287 5473 3478 5533 “om;
3508 5468 3553 5565 ei

487 5556 605 5627 ipso
638 5561 719 5615 hae
749 5577 912 5618 voces
946 5563 1315 5633 proferantur.
1353 5562 1502 5620 Talis
1534 5570 1733 5636 quippe
1772 5566 1938 5621 homo
1967 5567 2062 5620 ha-

2169 5568 2245 5622 ὣν
2271 5571 2448 5641 λέγειν
2467 5589 2479 5602 ·
2523 5573 2673 5634 Ἀλλ’
2723 5573 2794 5625 ἐν
2835 5572 3067 5638 τούτοις
3096 5568 3287 5627 πᾶσιν
3306 5556 3633 5632 ὑπερνικῶμεν
3632 5581 3646 5612 ν

487 5648 663 5705 bitans
700 5654 757 5708 in
799 5654 1073 5724 adjutorio
1109 5656 1400 5725 Altissimi,
1429 5664 1484 5711 et
1522 5656 1580 5710 in
1625 5657 2062 5739 tegumentopei

2171 5661 2320 5729 ἄξιος
2351 5662 2418 5718 ἂν
2442 5664 2652 5733 γένοιτο
2672 5664 2767 5721 τοῦ
2794 5664 2889 5723 καὶ
2913 5665 3003 5720 ἐπ’
3032 5660 3182 5737 αὐτῷ
3206 5659 3442 5737 λεχθῆναι
3457 5650 3536 5716 τὰς
3555 5654 3644 5719 πί*

557 5761 603 5791 ⁸⁵
642 5760 685 5813 ll
718 5763 846 5817 Cor.
886 5782 962 5819 xu
990 5806 1002 5833 ,
1033 5766 1088 5822 2.
1167 5768 1211 5801 “
1252 5766 1411 5823 Rom.
1450 5783 1548 5822 vm
1581 5768 1671 5824 55.
1752 5769 1794 5801 ⁵⁸
1836 5769 1967 5827 ibid.
2007 5771 2062 5827 5E

2160 5775 2221 5828 i9.
2298 5777 2341 5809 ⁸⁷
2383 5775 2516 5834 ibid.
2557 5775 2647 5837 37.

550 5852 624 5921 (1)
662 5854 782 5909 ’Ὁτι
835 5854 927 5925 μή.

2162 5398 2340 5440 σεται
2573 5389 2822 5457 χωρίσαι
2854 5386 2973 5446 ἀπὸ
3027 5384 3136 5454 τῆς
3164 5383 3393 5477 ἀγάπης
3438 5372 3653 5477 τοῦ

2168 5476 2277 5546 τῆς
2305 5479 2375 5532 ἐν
2405 5479 2639 5549 Χριστῷ
2683 5479 2910 5548 Ἰησοῦ·
2951 5481 2981 5532 ὁ
3025 5478 3083 5532 δὲ
3114 5477 3252 5549 πρὸς
3287 5473 3478 5533 τούτοις
3508 5469 3594 5522 σῗδῖ
3612 5469 3650 5507 ﬁ

2163 2155 2350 2227 τρόπῳ
2394 2157 2736 2229 ἀνακειμένῳ
2783 2161 2852 2231 τῇ
2898 2157 2992 2213 τοῦ
3025 2156 3160 2211 Θεοῦ
3197 2157 3423 2229 βοηθείᾳ
3460 2156 3677 2211 ἐπιϐουλιί
3742 2206 3750 2215 .

384 4142 399 4165 ,
483 4105 537 4149 et
564 4098 688 4165 quis
715 4099 947 4168 populus
983 4115 1142 4170 quem
1173 4102 1365 4157 decem
1405 4103 1572 4158 millia
1606 4103 1953 4161 inimicorum
1994 4104 2062 4159 ad

2166 4102 2426 4160 δύνασθαι
2458 4102 2528 4157 τὰ
2555 4102 2801 4166 τοιαῦτα,
2836 4100 2931 4155 καὶ
2954 4100 3013 4165 ὃς
3043 4102 3072 4153 ὁ
3102 4099 3228 4163 λαὸς
3264 4100 3363 4170 μὲν
3400 4092 3581 4167 ἐχθρῶν
3604 4088 3670 4160 μὲν
3770 4124 3771 4127 η

2171 5296 2409 5366 ὕψωμα,
2445 5297 2583 5352 οὔτε
2605 5298 2819 5365 βάθος,
2846 5298 2987 5351 οὔτε
3016 5314 3109 5363 τις
3134 5296 3331 5361 κτίσις
3356 5289 3506 5357 ἑτέρα
3525 5276 3652 5373 limi:
3770 5344 3771 5373 ἲ

3769 5488 3771 5539 1
