3830 6288
115 442 262 500 4145

1310 435 1820 495 COMMENTARIA
1857 436 1926 493 IN
1965 433 2305 492 PSALMOS.

3266 440 3405 499 {HC

115 557 387 631 κειμένας
429 555 636 626 φωνάς.
675 556 733 610 '0
775 556 884 628 γὰρ
911 555 1168 622 τοιοῦτος,
1201 555 1471 609 κατοικῶν
1512 557 1569 609 ἐν
1595 554 1719 627 βοη-

1829 569 2187 623 commorans,
2231 554 2377 610 dicet
2416 553 2654 610 Domino
2688 570 2701 607 :
2736 552 3021 626 Susceptor
3062 573 3207 612 meus
3243 576 3297 614 es
3351 570 3403 617 et

118 651 241 722 θεία
275 647 379 705 τοῦ
426 647 710 718 Ὑψίστου,
747 648 841 702 καὶ
873 649 932 702 ἐν
982 648 1161 720 σκέπῃ
1193 646 1287 700 τοῦ
1337 647 1474 700 Θεοῦ
1504 646 1722 711 αὐλιζό-

120 759 307 813 μενος,
344 741 475 811 ἐρεῖ
523 740 600 810 τῷ
648 741 871 812 Κυρίῳ·
919 739 1320 808 Ἀντιλήπτωρ
1361 756 1482 809 μου
1523 733 1583 791 εἷ
1622 736 1724 792 καὶ

118 833 453 905 καταφυγή
502 852 621 904 μου
646 873 663 899 ,
704 838 737 888 ό
776 835 951 901 Θεὸς,
995 834 1096 889 καὶ
1137 832 1323 889 ἐλπιῶ
1371 834 1464 887 ἐπ’
1513 834 1722 891 αὐτόν.

118 927 310 982 Ταῦτα
340 927 401 980 δὲ
433 927 606 980 αὐτοῦ
638 926 875 981 διαθέσει
922 926 1105 999 τελείᾳ
1139 928 1441 999 εἰρηκότος,
1477 924 1725 990 θεσπίζει

54 1044 84 1086 ξ,
117 1019 270 1092 αὐτῷ
298 1020 364 1074 τὸ
387 1019 540 1074 θεῖον
571 1018 916 1090 Πνεῦμα,ὅτι
937 1018 1000 1090 δὴ
1030 1018 1247 1089 ἀσφαλῆ
1279 1018 1459 1072 εἵλατο
1483 1018 1720 1087 φύλακα,

118 1117 213 1170 καὶ
244 1114 431 1187 καλὴν
469 1115 739 1185 ἐκτήσατο
757 1112 1079 1185 καταφυγὴν
1107 1114 1199 1167 τὸν
1222 1113 1446 1182 Κύριον.
1471 1110 1724 1165 Τοιοῦτον

118 1207 227 1279 γὰρ
263 1205 411 1277 ἔχων
452 1205 647 1276 βοηθὸν
676 1206 772 1267 καὶ
817 1204 1102 1275 πρόμαχον
1135 1204 1230 1260 καὶ
1274 1202 1722 1275 ὑπερασπιστὴν,

119 1299 311 1352 οὐδένα
352 1296 474 1349 τῶν
527 1295 740 1368 ἐχθρῶν
792 1296 1201 1368 ,φοϐηθήσεται,
1258 1294 1353 1349 ἅτε
1411 1294 1575 1349 αὐτοῦ
1627 1294 1722 1349 τοῦ

120 1392 335 1464 Κυρίου
386 1390 660 1462 ῥυομένου
710 1390 870 1443 αὐτὸν
912 1388 970 1456 ἐξ
1016 1388 1296 1447 ἁπάντων.
1344 1387 1454 1440 Καὶ
1506 1387 1613 1458 γὰρ
1659 1388 1725 1440 ἐκ

121 1484 356 1553 παγίδος
399 1481 687 1555 θηρευτῶν
740 1480 1000 1547 ἐξελεῖται
1040 1479 1201 1534 αὐτὸν
1224 1519 1239 1544 ,
1286 1478 1381 1532 καὶ
1424 1477 1533 1535 ἀπὸ
1564 1478 1723 1548 λόγου

121 1574 485 1647 ταραχώδους
516 1576 628 1638 τοῖς
677 1572 1032 1651 μεταφρένοις
1070 1568 1234 1624 αὐτοῦ
1268 1569 1577 1624 ἐπισκιάσει
1623 1570 1722 1623 αὐ-

120 1666 197 1737 τῷ
218 1684 231 1698 ·
266 1668 366 1721 καί
403 1667 587 1721 πάντα
607 1665 664 1719 δὲ
685 1665 753 1718 τά
786 1664 912 1735 ἐξῆς
935 1661 1395 1734 κατηριθμημένα
1429 1663 1521 1715 ἐπὶ
1543 1662 1723 1715 πάντα

122 1757 212 1810 τὸν
236 1759 296 1811 ἐν
332 1754 568 1828 Χριστῷ
600 1754 806 1808 τέλειον
836 1753 1122 1824 ἄνθρωπον
1151 1751 1568 1822 ἀνενεχθήσεται
1587 1790 1601 1814 ,
1628 1751 1724 1804 καὶ

124 1848 214 1901 ἐπὶ
234 1846 297 1900 τὸ
332 1846 502 1918 σῶμα
540 1846 596 1899 δὲ
626 1842 884 1917 Χριστοῦ,
919 1844 1037 1913 ἦτοι
1070 1843 1162 1897 τὸν
1191 1843 1256 1899 ἐκ
1290 1841 1508 1895 τελείων
1535 1840 1723 1912 ψυχῶν

1824 645 2085 718 refugium
2109 663 2304 712 meum,
2334 646 2498 713 Deus,
2530 660 2581 702 et
2608 646 2826 716 sperabo
2852 650 2905 703 in
2935 666 3072 705 eum.
3097 650 3221 707 Haec
3242 653 3406 724 quip-

1824 754 1892 810 pe
1917 756 1986 795 ex
2028 739 2270 810 perfecto
2304 745 2359 793 et
2388 739 2607 795 sincero
2654 738 2850 795 affectu
2885 740 3179 809 dicentem,
3212 743 3405 800 vatici-

1823 840 1989 886 natur
2016 831 2238 887 divinus
2279 828 2516 902 Spiritus
2547 837 2727 886 tutum
2757 831 2987 903 elegisse
3019 835 3325 900 custodem,
3349 843 3405 892 et

1825 927 2115 999 pulchrum
2152 927 2464 983 obtinuisse
2512 927 2809 998 refugium,
2844 930 3054 985 scilicet
3090 929 3403 988 Dominum.

1823 1023 1960 1079 Cum
1995 1024 2157 1077 talem
2203 1022 2405 1093 quippe
2462 1020 2789 1091 adiutorem,
2842 1031 3299 1092 propugnatorem
3352 1030 3407 1079 et

1823 1120 2191 1184 protectorem
2243 1118 2442 1166 nactus
2491 1110 2583 1177 sit,
2616 1111 2827 1166 nullum
2856 1112 3202 1167 inimicorum
3235 1114 3407 1183 perti-

1823 1212 2053 1269 meseet,
2084 1204 2213 1274 quia
2244 1205 2423 1275 ipsum
2449 1202 2714 1259 Dominus
2743 1219 2809 1259 ex
2836 1203 3093 1260 omnibus
3126 1205 3289 1260 eruit.
3311 1204 3408 1260 Et-

1823 1297 1967 1353 enim
1994 1313 2061 1351 ex
2082 1297 2277 1367 laqueo
2311 1297 2627 1353 venantium
2650 1296 2905 1352 liberabit
2929 1312 3077 1362 eum,
3109 1306 3163 1353 et
3183 1311 3215 1351 a
3240 1298 3408 1352 verbo

1822 1389 2164 1454 turbulento,
2196 1389 2438 1460 scapulis
2460 1389 2577 1445 suis
2597 1388 2947 1445 obumbrabit
2973 1391 3024 1445 ei
3054 1409 3066 1445 :
3096 1391 3409 1462 pariterque

1823 1481 2007 1536 omnia
2042 1497 2164 1552 quas
2214 1482 2318 1537 sub
2365 1482 2481 1537 haec
2515 1488 2895 1546 recensentur,
2944 1482 3013 1537 ad
3054 1483 3304 1553 quemvis
3353 1485 3408 1540 in

1823 1570 2047 1626 Christo
2063 1570 2366 1641 perfectum
2399 1571 2676 1627 hominem
2718 1570 3050 1640 referentur;
3076 1574 3408 1644 itemquead

1824 1676 2027 1734 corpus
2058 1662 2286 1728 Christi,
2322 1662 2573 1719 videlicet
2607 1665 2675 1718 ad
2714 1671 3015 1736 martyrum
3066 1666 3293 1720 chorum
3339 1680 3410 1722 ex

1823 1754 2080 1825 perfectis
2108 1754 2398 1811 animabus
2431 1756 2828 1826 compositum;
2860 1754 2977 1812 sive
3011 1755 3078 1810 ad
3114 1757 3408 1825 perfectam

1823 1844 2127 1901 Ecclesiam
2162 1845 2359 1917 ipsius,
2382 1862 2545 1918 quam
2576 1848 2695 1919 ipse
2728 1848 2835 1905 sibi
2877 1854 3057 1904 astare
3090 1848 3236 1914 fecit,
3258 1850 3409 1905 nulla

123 1937 641 2009 κατεσκευασμένον
695 1934 989 2007 μαρτύρων
1039 1934 1232 2004 χορόν·
1282 1933 1315 2005 ἢ
1366 1933 1466 2006 τὴν
1508 1933 1721 1986 τελείαν

1829 1940 2040 1995 macula
2075 1948 2169 1995 aut
2201 1940 2324 1995 labe
2354 1948 2448 1994 aut
2479 1942 2736 2009 quopiam
2777 1939 2943 1995 simili
2996 1940 3265 1995 all‘ectam.
3305 1939 3409 2006 Qui

137 2032 474 2103 Ἐκκλησίαν
506 2031 693 2095 αὐτοῦ,
722 2030 789 2100 ἣν
810 2029 972 2093 αὐτὸς
1003 2028 1180 2099 ἐαυτῷ
1208 2030 1611 2099 παρεστήσατο,
1645 2028 1719 2100 μὴ

125 2124 353 2196 ἔχουσαν
392 2125 586 2177 σπῖλον
615 2122 648 2192 ἢ
679 2121 885 2192 ῥυτίδα,
912 2121 945 2192 ἦ
979 2139 1032 2173 τι
1060 2120 1169 2173 τῶν
1187 2119 1465 2174 τοιούτων.
1503 2120 1562 2172 Ὁ
1590 2118 1721 2187 γοῦν

126 2217 215 2269 ἐπὶ
247 2216 349 2287 τὴν
382 2215 595 2287 πέτραν
622 2212 996 2284 οἰκοδομήσειν
1030 2210 1438 2283 ἐπηγγελμένος
1455 2210 1557 2283 τὴν
1596 2211 1721 2264 Ἐκ·

127 2308 356 2379 κλησίαν
380 2305 575 2372 αὐτοῦ,
600 2305 674 2369 ὡς
703 2306 776 2376 μὴ
801 2304 975 2368 πύλας
1005 2303 1132 2375 ᾅδου
1156 2302 1505 2373 κατισχύσειν
1530 2302 1718 2373 αὐτῆς,

129 2398 286 2460 αὐτὸς
337 2398 517 2467 αὐτῆς
563 2395 656 2449 καὶ
709 2395 882 2465 φύλαξ
933 2396 1027 2449 καὶ
1076 2394 1312 2467 φρουρὸς
1354 2393 1528 2457 ἔσται,
1564 2409 1721 2463 περι-

130 2489 381 2560 φράττων
406 2489 582 2559 αὐτὴν
610 2488 705 2541 καὶ
751 2486 1215 2558 ἀσφαλιζόμενος,
1246 2485 1383 2557 πρὸς
1410 2484 1473 2538 τὸ
1512 2485 1587 2557 μὴ
1622 2483 1722 2547 τάς

131 2582 301 2645 πύλας
333 2568 433 2633 τοῦ
482 2579 611 2652 ᾅδου
668 2579 984 2649 κατισχύειν
1013 2579 1204 2649 αὐτῆς.
1259 2578 1351 2631 Διὸ
1396 2579 1463 2649 τῇ
1496 2576 1721 2648 τοιαύτῃ

141 2673 478 2745 Ἐκκλησία,
514 2673 610 2727 καὶ
648 2671 726 2742 τῷ
758 2670 984 2742 τοιούτῳ
1026 2670 1091 2741 δὴ
1125 2669 1366 2742 Χριστοῦ
1426 2669 1721 2741 μαρτύρων

132 2765 304 2838 χορῷ,
341 2765 423 2837 τῷ
454 2763 742 2819 κατοικίαν
779 2764 875 2835 μὲν
918 2761 1182 2837 μηδαμῶς
1234 2761 1412 2831 ἔχοντι
1466 2761 1558 2814 ἐπὶ
1593 2763 1718 2832 γῆς,

1826 2030 1989 2101 igitur
2010 2030 2312 2086 Ecclesiam
2340 2047 2498 2087 suam
2532 2046 2590 2088 se
2614 2046 2778 2101 supra
2807 2039 3016 2100 petram
3052 2030 3411 2087 fundatnrum

1823 2138 1948 2179 esse
1975 2123 2258 2193 pollicitus
2296 2132 2416 2189 est;
2455 2123 2529 2176 ita
2574 2130 2631 2176 ut
2679 2129 2852 2192 porta:
2910 2121 3071 2176 inferi
3128 2136 3411 2191 nunquam

1822 2217 2150 2286 praevaleant
2196 2214 2461 2271 adversus
2501 2229 2642 2277 eam,
2680 2214 2829 2269 illius
2883 2213 3001 2283 ipse
3029 2220 3083 2269 et
3130 2221 3322 2269 custos
3359 2222 3415 2269 et

1822 2309 2199 2378 prmsidiarius
2229 2308 2355 2373 erit,
2386 2307 2562 2378 ipsam
2589 2306 3057 2362 circummuniens
3087 2313 3143 2361 et
3173 2308 3407 2371 vallans,

1821 2417 1892 2457 ne
1925 2412 2092 2473 porta:
2123 2401 2284 2457 inferi
2306 2399 2638 2472 prmValeant
2672 2399 2937 2456 adversus
2964 2414 3105 2455 eam.
3136 2398 3415 2466 Quamob-

1819 2509 1937 2548 rem
2007 2493 2324 2564 huiusmodi
2378 2491 2668 2560 Ecclesiae,
2722 2502 2781 2549 et
2834 2492 3153 2562 huiusmodi
3204 2492 3414 2548 Christi

1821 2592 2127 2656 martyrum
2163 2585 2351 2650 choro,
2405 2585 2499 2657 qui
2548 2585 2926 2640 habitaculum
2959 2584 3183 2655 quidem
3236 2584 3415 2639 nulla-

1822 2686 1986 2735 tenus
2015 2680 2071 2734 in
2102 2687 2251 2735 terra
2284 2680 2491 2746 habet,
2524 2681 2618 2737 sed
2655 2681 2771 2734 haec
2826 2679 2931 2734 fari
2976 2687 3175 2750 potest,
3208 2676 3415 2733 Nostra

1824 2782 2001 2827 autem
2030 2774 2356 2826 conversatio
2383 2773 2437 2826 in
2460 2773 2603 2827 caelis
2625 2781 2702 2827 est
2726 2773 2791 2837 ⁸⁸,
2816 2772 3049 2836 dicetur,
3084 2772 3188 2838 Qui
3209 2770 3414 2825 habitat

131 2857 414 2929 δυναμένῳ
447 2857 507 2911 δὲ
541 2856 742 2925 λέγειν,
787 2852 976 2924 Ἡμῶν
1033 2852 1100 2906 δὲ
1157 2853 1222 2907 τὸ
1274 2853 1605 2922 πολίτευμα
1651 2852 1722 2906 ἐν

1829 2862 1875 2916 in
1898 2863 2167 2932 adjutorio
2210 2862 2495 2927 Altissimi,
2520 2864 2575 2916 in
2609 2872 2903 2934 tegumenta
2928 2862 3024 2917 Dei
3053 2863 3167 2917 creti
3189 2877 3416 2916 caerimo-

133 2945 408 3017 οὐρανοῖς
461 2946 755 3016 ὑπάρχει,
799 2944 1152 3017 λεχθήσεται·
1204 2944 1261 2997 Ὁ
1308 2944 1605 2999 κατοικῶν
1650 2943 1723 2998 ἐν

1829 2953 2049 3008 rabitur.
2082 2952 2289 3008 Deinde
2323 2952 2470 3006 dicet
2506 2951 2727 3023 quidem
2755 2952 2873 3022 ipse
2901 2951 3156 3013 Domino,
3192 2949 3296 3005 sub
3316 2963 3415 3003 cu-

127 3042 375 3109 ,ϐοηθείᾳ
408 3040 521 3095 τοῦ
536 3039 843 3107 Ὑψίστου,
868 3037 940 3091 ἐν
951 3037 1149 3105 σκέπῃ
1174 3035 1281 3090 τοῦ
1312 3036 1461 3090 Θεοῦ
1488 3035 1598 3090 τοῦ
1616 3037 1717 3090 σὺ·

1829 3043 1911 3113 ius
1947 3052 2262 3116 legumento
2315 3042 2563 3099 habitare
2596 3043 2894 3113 cooptavit,
2938 3041 3224 3111 Susceptor
3267 3055 3413 3095 meus

129 3135 312 3202 ραν-οῦ
330 3133 796 3203 αὑλισθήσεται.
814 3126 1058 3202 Εῐτ’ἐρεῖ
1074 3130 1171 3200 μὲν
1204 3129 1368 3193 αὐτὸς
1398 3128 1476 3200 τῷ
1507 3130 1718 3202 Κυρίῳ,

1829 3152 1876 3191 es
1919 3146 1969 3190 at
1995 3135 2257 3206 refugium
2286 3151 2480 3200 meum,
2514 3133 2655 3189 Deus
2681 3151 2847 3201 meus,
2872 3142 2922 3190 et
2945 3134 3166 3203 sperabo
3196 3134 3251 3187 in
3271 3148 3412 3188 eum.

133 3222 190 3282 οὗ
218 3228 398 3282 εἵλατο
447 3228 729 3281 κατοικεῖν
766 3222 874 3277 ὑπὸ
905 3222 1005 3295 τὴν
1038 3222 1246 3294 σκέπην
1268 3237 1284 3254 ο
1327 3221 1719 3291 Ἀντιλήπτωρ

1829 3227 1958 3283 Cum
1991 3235 2172 3283 autem
2231 3227 2396 3282 talem
2448 3225 2733 3282 custodem
2785 3232 2983 3281 nactus
3014 3225 3112 3289 sit,
3162 3232 3215 3278 et
3248 3224 3414 3279 talem

131 3338 242 3390 μου
271 3317 331 3374 ετ
355 3320 459 3375 καὶ
487 3316 802 3388 καταφυγή
828 3333 968 3386 μου,
996 3318 1030 3369 ό
1059 3315 1204 3380 Θεός
1225 3332 1368 3385 μου,
1403 3315 1505 3369 καὶ
1532 3314 1719 3375 ἐλπιῶ

1829 3318 1930 3373 sibi
1964 3325 2300 3373 servatorem
2344 3326 2400 3371 et
2442 3315 2746 3386 adiutorem
2774 3314 3116 3385 ascripserit,
3159 3313 3304 3368 dicet
3334 3310 3415 3367 illi

134 3411 220 3464 ἐπ’
248 3412 461 3467 αὐτόν.
488 3409 837 3482 Κτησαμένῳ
863 3408 920 3461 δὲ
949 3406 1098 3479 αὐτῷ
1118 3406 1359 3461 τοιοῦτον
1385 3406 1603 3477 φύλακα
1624 3408 1720 3461 καὶ

1829 3409 2070 3481 Spiritus
2100 3409 2340 3475 divinus,
2373 3408 2638 3481 optimam
2694 3408 2873 3479 ipsum
2907 3406 3215 3479 portionem
3284 3405 3413 3461 ade-

136 3503 368 3563 τοιοῦτον
420 3503 647 3574 σωτῆρα
693 3501 788 3555 καὶ
826 3500 1018 3572 βοηθὸν
1052 3499 1487 3575 ἐπιγραψαμένφ
1521 3499 1718 3579 λεχθή-

1829 3514 1981 3577 ptum
2016 3519 2161 3570 esse,
2190 3519 2412 3558 murum
2434 3501 2829 3570 ﬁrmissimum,
2849 3499 3268 3572 inexpugnabile
3289 3514 3419 3554 scu-

138 3588 280 3650 σεται
309 3596 417 3650 ὐπὸ
446 3595 543 3649 τοῦ
580 3595 728 3649 θείου
778 3594 1117 3667 Πνεύματος,
1153 3594 1229 3657 ὡς
1266 3594 1375 3664 ἀρα
1408 3593 1494 3665 εἴη
1550 3593 1719 3664 καλὴν

1829 3603 1967 3661 tum,
1995 3593 2208 3650 scilicet
2238 3593 2528 3649 Dominum
2570 3608 2753 3649 suum.
2788 3591 2946 3647 Hunc
2966 3592 3168 3662 quippe
3193 3598 3412 3653 nactus,

139 3686 433 3758 εὑράμενος
476 3683 655 3755 ἐαυτῷ
693 3682 887 3754 μερίδα
918 3684 1016 3737 καὶ
1070 3685 1247 3753 τεῖχος
1296 3682 1522 3753 ὀχυρὸν,
1556 3683 1722 3738 ὅπλον

1829 3688 1880 3744 in
1912 3695 2031 3742 tuto
2060 3695 2115 3742 et
2140 3688 2258 3741 sine
2298 3685 2668 3742 sollicitudine
2700 3682 2879 3753 deget,
2914 3688 3103 3751 utpote
3130 3681 3223 3751 qui
3253 3679 3413 3734 habi-

139 3795 194 3831 τε
222 3780 435 3859 ἄμαχον
463 3778 555 3832 τὸν
596 3776 790 3841 ἐαυτοῦ
840 3777 1068 3848 Κύριον.
1099 3775 1303 3829 Τοῦτον
1335 3776 1445 3847 γὰρ
1482 3774 1622 3845 ἔχων
1660 3776 1720 3828 ἐν

1829 3786 1901 3835 tet
1947 3779 2003 3833 in
2046 3777 2321 3846 adiutorio
2370 3774 2661 3840 Altissimi,
2690 3782 2746 3831 et
2785 3775 2842 3829 in
2884 3780 3201 3844 tegumento
3257 3770 3414 3827 fortis

140 3868 367 3937 ἀσφαλεῖ
411 3870 510 3925 καὶ
557 3870 878 3940 ἀμερίμνως
927 3868 1157 3939 οἰκήσει,
1201 3867 1296 3922 ἆτε
1342 3866 1611 3920 κατοικῶν
1662 3868 1720 3919 ἐν

1822 3872 2214 3923 commoretur.

142 3962 354 4037 βοηθείᾳ
377 3962 475 4018 τοῦ
534 3963 805 4034 Ὑψίστου,
865 3962 961 4016 καὶ
994 3963 1053 4015 ἐν
1088 3960 1271 4037 ’σκέπῃ
1315 3960 1406 4014 τοῦ
1467 3960 1653 4014 ἱκανοῦ
1696 3959 2066 4031 αὐλιζόμενος,

208 4060 269 4115 EE
303 4060 435 4129 γοῦν
465 4076 616 4124 ποτε,
656 4060 841 4132 φησὶν,
883 4059 931 4111 ot
971 4056 1082 4111 τῶν
1127 4054 1483 4129 ἀνθρωπείων
1532 4054 1721 4125 ψυχῶν

144 4149 434 4223 θηρευταὶ,
472 4153 698 4222 ἀφανεῖς
745 4151 839 4205 καὶ
891 4149 1113 4223 ἀόρατοι
1161 4148 1418 4219 δυνάμεις
1466 4147 1608 4202 κατά
1661 4148 1724 4202 τὸ

147 4240 367 4312 σύνηθες
418 4244 604 4306 αὐτοῖς
659 4242 896 4311 παγίδας
955 4239 1228 4312 λαθραίως
1280 4238 1719 4309 ἐγκρύπτοντες,

146 4333 536 4403 προϐάλλεσθαι
567 4334 709 4395 κατὰ
745 4332 839 4388 σοῦ
864 4332 1153 4406 πειρῷντο,
1182 4331 1331 4395 οὐδὲν
1366 4333 1548 4396 αὐτοῖς
1570 4331 1723 4386 ἔσται

146 4424 325 4478 πλέον·
357 4428 442 4481 ὅτι
490 4427 652 4491 αὐτὸς
684 4427 891 4498 Κύριος
921 4424 1144 4496 ῥύσεταί
1179 4441 1238 4477 σε
1274 4425 1339 4479 ἐκ
1367 4424 1595 4493 παγίδος
1628 4423 1724 4495 θητ

150 4518 365 4585 ρευτῶν,
403 4521 465 4576 Ἡ
498 4519 679 4591 παγίς
710 4519 1051 4587 συνετρίϐη,
1098 4516 1199 4571 καὶ
1228 4517 1400 4586 ἡμεῖς
1426 4518 1721 4586 ἐρῤύσθη-

146 4624 268 4675 μεν.
300 4611 363 4663 Ei
391 4611 450 4665 δέ
499 4611 595 4663 καὶ
633 4609 811 4684 λόγοις
855 4606 1104 4678 θορυϐεῖν
1147 4607 1475 4675 ἐπιχειροῖεν
1551 4604 1722 4668 ίέντες

150 4700 347 4757 ἑαυτῶν
369 4705 460 4758 τὸν
482 4705 580 4775 τῆς
603 4701 855 4764 ἀσεϐείας
885 4700 962 4754 ἰὸν
983 4698 1071 4752 διὰ
1091 4700 1192 4769 τῆς
1216 4696 1424 4751 ἑαυτῶν
1448 4695 1722 4769 γλώσσης,

151 4793 275 4851 ἀλλὰ
310 4798 403 4851 καὶ
436 4796 641 4850 τούτων
688 4793 868 4849 αὐτῶν
911 4792 1124 4859 πάλινρ
1160 4789 1364 4863 Κύριος
1393 4789 1605 4859 ἀϐλαϐῆ
1633 4788 1725 4843 τὸν

152 4885 334 4940 ἑαυτοῦ
354 4889 636 4962 ἄνθρωπον
659 4885 1033 4957 φυλάξει.⁹Ὶνα
1062 4882 1137 4955 μὴ
1168 4885 1197 4937 ὁ
1229 4882 1470 4954 φλογμὸς
1498 4881 1594 4935 τοῦ
1617 4880 1727 4936 τῶν

154 4975 442 5049 ἀνθρώπων
465 4981 579 5052 βίου
613 4979 710 5031 καὶ
741 4979 769 5030 ό
794 4977 892 5047 τῆς
910 4976 1109 5037 κακίας
1148 4973 1392 5038 καύσων,
1420 4974 1514 5026 ἐπὶ
1542 4973 1726 5027 πλεῖον

153 5066 465 5139 ὲκκαυθεὶς,
507 5072 683 5143 ἐξάψῃ
710 5070 778 5124 τὰ
825 5069 970 5125 κακά
1009 5067 1151 5122 κατὰ
1186 5066 1282 5120 τοῦ
1326 5066 1421 5136 τῆς
1448 5063 1728 5127 εὐσεϐείας

156 5160 396 5235 ἀθλητοῦ,
412 5166 656 5231 θεσπίζει
672 5164 895 5234 φάσκων
924 5164 949 5216 ὁ
972 5160 1131 5231 λόγος
1166 5159 1314 5230 αὐτῷ
1329 5177 1343 5190 ·
1362 5160 1459 5211 Ἐν
1481 5157 1606 5224 τοῖς
1619 5175 1727 5227 με·

156 5257 455 5326 ταρρένοις
512 5258 699 5313 αὐτοῦ
744 5254 1091 5309 ἐπισκιάσει
1141 5270 1275 5316 σοι,
1321 5251 1422 5306 καὶ
1456 5250 1574 5307 ὑπὸ
1618 5249 1726 5317 τὰς

159 5347 442 5421 πτέρυγας
468 5350 655 5406 αὐτοῦ
689 5347 1014 5414 ἐλπιεῒςΈί
1041 5346 1099 5399 δὲ
1127 5344 1223 5405 καὶ
1258 5343 1532 5415 πολεμίων
1560 5340 1722 5412 στίφη

159 5444 515 5514 πεπυρωμένα
558 5445 651 5498 καὶ
677 5438 1032 5512 θανατηφόρα
1054 5436 1182 5508 βέλη
1206 5436 1380 5505 λόγων
1402 5434 1610 5505 ψευδῶν
1630 5433 1727 5487 καὶ

162 5530 250 5601 τῆς
270 5534 519 5607 ἀληθείας
538 5536 796 5590 ἐναντίων
814 5531 1085 5596 ἀκοντίζοι
1100 5528 1243 5583 κατὰ
1260 5528 1355 5582 τοῦ
1375 5527 1533 5597 δηλου
1544 5526 1728 5598 μένου,

164 5622 312 5690 αὐτὸς
340 5629 434 5699 μὲν
473 5628 738 5699 ἡσυχάσει
771 5626 922 5697 νόμῳ
959 5624 1095 5693 θείῳ
1144 5622 1456 5693 πειθαρχῶν
1494 5622 1727 5691 λέγοντι⁹

169 5712 365 5783 Κύριος
401 5716 731 5787 πολεμήσει
766 5715 920 5785 ὑπὲρ
956 5712 1158 5783 ὑμῶν,
1200 5714 1300 5767 καὶ
1342 5711 1513 5781 ὑμεῖς
1551 5711 1725 5781 σιγή-

235 5868 277 5902 "
313 5870 505 5940 Philip.
547 5887 637 5937 m,
670 5872 759 5933 20.
840 5871 882 5902 ⁸³
927 5868 1075 5930 Psal.
1113 5882 1316 5937 cum,
1354 5868 1405 5922 7.

1902 4054 1964 4113 Si
1991 4056 2175 4125 itaque
2196 4052 2297 4118 illi,
2329 4059 2426 4117 ait,
2448 4050 2816 4106 humanarum
2844 4049 3147 4105 animarum
3193 4058 3416 4104 venato-

1830 4166 1944 4215 res,
1967 4147 2271 4205 invisibiles
2286 4146 2501 4203 scilicet
2524 4151 2578 4199 et
2607 4143 2837 4198 occultae
2860 4142 3117 4208 virtutes,
3146 4156 3245 4212 pro
3267 4155 3419 4195 more

1832 4243 1996 4299 solito
2023 4242 2248 4311 laqueos
2280 4239 2421 4293 clam
2465 4236 2833 4301 occultantes,
2864 4242 2919 4290 te
2958 4249 3199 4304 unquam
3230 4246 3419 4304 aggrc.

1830 4334 2075 4398 diantur,
2120 4331 2258 4391 nihil
2309 4330 2553 4401 proderit
2604 4328 2712 4383 illis
2753 4346 2768 4383 :
2814 4326 2942 4397 quia
2990 4326 3107 4397 ipse
3154 4324 3419 4378 Dominus

1828 4433 1985 4483 eruet
2017 4433 2071 4481 te
2084 4425 2151 4480 de
2181 4423 2377 4495 laqueo
2406 4421 2747 4484 venantium,
2774 4418 3014 4490 Laqueus
3042 4416 3300 4472 contritus
3316 4423 3417 4481 est,

1829 4529 1880 4576 et
1909 4534 2004 4573 nos
2037 4515 2247 4571 liberati
2275 4530 2460 4573 sumus
2494 4514 2561 4568 ω.
2607 4512 2763 4580 Quod
2807 4513 2853 4567 si
2899 4525 3024 4566 eum
3072 4507 3420 4565 sermonibus

1830 4625 2052 4682 quoque
2094 4608 2322 4663 turbare
2351 4606 2717 4671 tentaverint,
2764 4602 3061 4674 impietatis
3122 4616 3236 4657 suae
3270 4601 3420 4655 virus

1830 4693 2016 4772 lingua
2072 4700 2419 4763 emittentes,
2485 4698 2571 4752 his
2629 4698 2794 4752 etiam
2849 4694 3081 4750 illaesum
3142 4690 3417 4747 hominem

1829 4807 1991 4848 suum
2021 4790 2287 4847 Dominus
2319 4790 2579 4850 servabit.
2609 4786 2690 4846 Ac
2724 4801 2791 4842 ne
2821 4786 3075 4841 humanas
3110 4783 3233 4838 vita:
3251 4790 3420 4837 aestus

1828 4894 1883 4941 et
1914 4884 2078 4939 ardor
2110 4883 2333 4938 malitia;
2364 4880 2537 4952 magis
2586 4879 2872 4949 magisque
2898 4878 3191 4940 incensus,
3227 4882 3420 4928 contra

1827 4973 2048 5044 pietatis
2080 4972 2340 5027 athletam
2354 4970 2498 5027 mala
2516 4968 2839 5034 succendat,
2865 4967 2983 5024 hac
3007 4980 3189 5022 sermo
3206 4962 3311 5031 ipsi
3328 4977 3420 5015 va-

1828 5065 2112 5119 ticinatur:
2133 5062 2201 5117 In
2230 5060 2461 5128 scapulis
2481 5060 2593 5113 suis
2614 5057 2950 5115 obumbrabit
2974 5056 3091 5121 tibi,
3107 5063 3155 5109 et
3172 5053 3266 5109 sub
3297 5067 3420 5107 uen-

1831 5157 1915 5211 nis
1938 5155 2051 5225 ejus
2074 5152 2333 5223 sperabis.
2353 5149 2512 5217 Quod
2529 5150 2575 5206 si
2611 5149 2962 5205 inimicorum
2988 5146 3229 5218 agmina,
3250 5143 3420 5215 ignita

1831 5256 1886 5305 et
1933 5246 2184 5303 lethifera
2236 5243 2582 5300 mendacium
2617 5249 2673 5297 et
2705 5258 2831 5297 eum
2875 5255 3007 5295 vero
3054 5236 3417 5310 pugnantium

1833 5354 2150 5396 sermonum
2171 5338 2277 5394 tela
2301 5337 2618 5408 iaculentur
2638 5334 2904 5391 adversus
2926 5336 3285 5388 memoratum
3321 5328 3419 5382 ho-

1832 5433 2058 5497 minem,
2089 5432 2182 5488 ille
2208 5431 2431 5502 quidem
2457 5429 2727 5499 quiescet,
2760 5425 2961 5482 divinae
3006 5425 3111 5494 legi
3139 5423 3419 5493 obtempe-

1831 5540 1967 5580 rans
1998 5539 2120 5594 qua:
2148 5523 2226 5578 ait
2276 5540 2291 5576 :
2340 5520 2601 5575 Dominus
2631 5534 2727 5586 pro
2756 5518 2899 5573 vobis
2945 5513 3219 5586 pugnabit,
3250 5521 3301 5569 et
3331 5530 3420 5569 vos

1836 5614 2076 5668 tacebitis
2135 5627 2155 5667 :
2212 5618 2522 5682 opportune
2579 5619 2763 5665 autem
2826 5608 2933 5679 ipsi
2964 5606 3218 5663 dicit-ure:
3256 5603 3419 5660 Scuto

1833 5705 2182 5763 circumdabit
2232 5714 2278 5759 te
2309 5704 2503 5760 veritas
2562 5702 2728 5775 ejus,
2761 5702 2883 5773 Ipsa
2935 5714 3173 5777 namque
3215 5697 3416 5759 Christi
