3830 6288
466 371 605 428 ΗΠ

1143 371 1415 430 Ευδεθιι
1452 368 1932 429 CESARIENSlS
1969 368 2045 426 ΟΡ

2167 368 2352 427 PARS
2388 368 2477 424 lli.
2517 350 2596 415 -’
2625 365 3038 425 EXEGETICA.

3529 371 3630 427 “48

466 485 734 544 doctrinae
762 486 986 551 veritas,
1013 485 1272 541 virtutem
1312 499 1563 557 magnam
1601 483 1874 547 obtinens,
1913 496 2038 537 eum

2151 486 2326 538 σεσθε
2348 500 2361 514 ο
2395 483 2718 556 λεχθήσεται
2751 482 2810 536 δὲ
2830 481 2978 550 άὺτῷ
2997 479 3136 535 κατὰ
3162 478 3343 552 καιρὸν
3364 479 3443 546 τὸ,
3481 481 3636 551 ὐκλῳ

466 581 908 643 circummuniet,
948 581 1002 634 in
1053 580 1289 634 circuitu
1321 579 1498 649 posita
1539 591 1604 632 ac
1647 582 1806 632 scuto
1855 583 2044 646 tegens

465 684 591 733 suo,
622 677 682 723 ut
711 685 796 733 ne,
824 670 1116 725 accedente
1134 677 1315 732 nocte,
1351 675 1408 723 et
1443 666 1686 722 tenebris
1713 665 1925 729 oﬂ'usis,
1954 680 2048 720 re-

468 759 722 817 formidet
765 761 874 826 ille,
910 768 1004 815 aut
1038 777 1150 831 prae
1181 769 1326 817 metu
1356 760 1646 825 turbetur;
1687 772 1865 828 neque
1900 757 2048 828 pari-

467 860 553 909 ter
573 854 630 909 in
671 853 761 910 die
792 855 1037 910 immissa
1070 854 1178 908 tela
1215 861 1442 909 metuat.
1476 851 1578 908 Per
1609 859 1830 907 noctem
1864 857 2046 904 autem

465 952 520 1002 et
549 945 804 1002 tenebras
859 945 1192 1002 calamitatis
1228 953 1476 1015 tempora
1505 943 1799 1015 signiﬁcat,
1839 942 1894 996 in
1925 939 2048 1012 qui--

466 1035 572 1094 bus
603 1038 744 1094 nihil
779 1036 1263 1092 reformidaturum
1292 1034 1370 1089 ait
1393 1049 1518 1089 eum
1549 1075 1569 1102 ,
1589 1033 1684 1105 qui
1719 1039 1876 1089 scuto
1903 1031 2049 1086 veri-

467 1132 597 1188 tatis
629 1131 1120 1187 circummunietur
1153 1148 1167 1184 :
1201 1143 1299 1199 per
1346 1127 1491 1191 diem
1552 1142 1702 1192 vero,
1754 1125 2047 1195 tranquilla

466 1223 522 1274 et
551 1223 746 1288 pacata
773 1223 1020 1288 tempora
1050 1214 1275 1279 indicat,
1305 1213 1361 1268 in
1384 1213 1586 1286 quibus
1626 1213 1839 1270 inimici
1870 1210 2048 1267 nostri

465 1309 696 1381 sagittas
729 1311 946 1366 eminus
977 1308 1246 1373 volantes,
1276 1307 1598 1379 blasphema
1642 1320 1838 1376 nempe
1865 1314 1921 1360 et
1953 1304 2049 1358 im-

465 1405 559 1476 pia
594 1404 762 1468 dicta,
792 1403 848 1458 in
882 1417 985 1458 nos
1016 1400 1271 1458 emittere
1311 1401 1510 1457 solent.
1541 1399 1677 1454 Nam
1707 1398 2048 1471 persecutio-

465 1512 601 1555 num
631 1504 880 1569 tempore
909 1510 1019 1550 non
1053 1495 1272 1551 eminus
1313 1493 1421 1550 tela
1458 1493 1704 1558 mittunt,
1742 1491 1838 1548 sed
1877 1491 2050 1547 comi-

465 1608 572 1648 nus
600 1592 865 1662 impetum
896 1590 1182 1653 facientes,
1211 1604 1314 1645 nos
1342 1589 1630 1644 universos
1651 1587 1938 1652 devorare,
1959 1594 2050 1642 ut-

466 1692 593 1757 pote
640 1690 876 1739 mortem
926 1689 1244 1752 expetentes
1292 1690 1538 1737 ηοειταιη
1565 1722 1582 1747 ,
1629 1688 1932 1745 conantur;
1986 1686 2049 1734 ut

464 1773 762 1847 aliquando
807 1775 898 1830 ille
931 1790 1057 1830 eum
1089 1774 1268 1844 potuit
1299 1772 1600 1829 devoravit.
1640 1773 1711 1830 At
1757 1786 1860 1827 nos
1888 1777 2049 1828 scuto

464 1842 576 1938 iam
598 1874 902 1923 memorato
931 1842 1185 1938 protecti,
1216 1866 1464 1922 dicentus
1493 1884 1508 1921 :
1538 1863 1664 1920 Nisi
1692 1865 1819 1936 quia
1861 1862 2050 1918 Domi-
2078 1842 2123 1898 Β

463 1977 563 2016 nus
603 1971 714 2016 erat
747 1961 802 2015 in
835 1961 1005 2024 nobis,
1041 1977 1160 2014 cum
1202 1967 1543 2031 exsurgerent
1579 1958 1813 2014 homines
1844 1958 1900 2012 in
1925 1975 2046 2025 nos,

463 2053 602 2122 forte
632 2054 771 2108 vivos
808 2052 1152 2124 deglutissent
1192 2069 1286 2106 nos
1313 2052 1382 2107 "°.
1434 2050 1621 2122 Neque
1666 2057 1828 2106 nocte
1882 2050 2050 2121 igitur

462 2153 645 2215 neque
699 2145 940 2199 interdiu
986 2143 1121 2214 quid
1165 2151 1359 2199 contra
1396 2157 1498 2199 nos
1537 2150 1796 2214 poterunt
1839 2141 2049 2196 inimici

463 2236 639 2292 nostri
670 2245 894 2308 prapter
940 2233 1231 2290 Dominum
1262 2243 1725 2307 propugnatorem
1773 2241 2046 2290 nostrum.

465 2326 648 2395 Quare
681 2327 890 2383 dictum
930 2334 1057 2382 est:
1090 2324 1215 2382 Non
1247 2325 1451 2380 timebis
1487 2342 1521 2378 a
1551 2325 1738 2380 timore
1765 2332 2046 2388 nocturno,

464 2438 500 2477 a
549 2423 749 2492 sagitta
789 2420 1000 2475 volante
1026 2421 1081 2473 in
1108 2419 1214 2486 die,
1257 2436 1292 2473 a
1333 2418 1536 2488 negotio
1569 2417 1966 2487 perambulante
1995 2418 2051 2471 in

465 2512 723 2577 tenebris;
759 2512 871 2567 imo
897 2527 1075 2581 neque
1105 2527 1138 2564 a
1167 2511 1326 2564 ruina
1363 2519 1414 2565 et
1448 2509 1711 2564 dwmonio
1757 2509 2050 2564 meridiano

465 2607 802 2662 timebimus.
839 2605 995 2672 Quod
1022 2606 1070 2660 si
1099 2604 1268 2659 millia
1296 2611 1352 2659 et
1379 2603 1566 2659 decem
1598 2601 1791 2666 millia,
1819 2602 1934 2657 sive
1965 2601 2052 2656 in-

464 2697 764 2755 sisibilium
811 2712 910 2753 seu
936 2696 1238 2752 visibilium
1293 2694 1644 2750 inimicorum
1689 2701 1744 2749 et
1791 2693 2048 2756 hostium,

465 2796 660 2846 contra
700 2787 907 2844 Christi
945 2788 1207 2858 populum
1248 2793 1304 2843 et
1351 2793 1542 2840 contra
1591 2783 1891 2840 Ecclesiam
1930 2783 2051 2854 ejus

465 2881 903 2943 insurrexerint;
931 2894 1122 2936 omnes
1154 2893 1287 2935 sane
1311 2894 1419 2932 una
1448 2877 1622 2933 virtus
1652 2877 1772 2946 ejus
1799 2892 1910 2930 uno
1937 2891 2052 2931 mo-

2147 574 2448 630 κυκλώσει
2478 591 2553 630 σε
2581 578 2621 645 ἡ
2650 575 2900 644 ἀλήθεια
2928 571 3134 627 αὑτοῦ.
3206 572 3339 643 Αὕτη
3367 571 3463 642 γὰρ
3485 573 3516 644 ἧ
3538 574 3648 646 mi"

2148 667 2268 720 θεια
2298 667 2406 721 τῶν
2429 667 2664 740 Χριστοῦ
2692 665 3254 738 δογμάτων,,μεγάλην
3283 664 3553 736 κεκτημένη
3573 666 3637 719 8-3.

2147 778 2351 833 ναμιν-,
2407 761 2498 819 τὸν
2553 760 2744 832 ἔχοντα
2797 759 2967 830 αὐτὴν
3017 755 3335 829 περιφράξει
3356 798 3371 822 ,
3434 756 3638 810 κυκλοῦσι

2147 853 2344 920 αὑτὸν,
2378 854 2474 908 καὶ
2514 852 2915 925 περιϐάλλουσα
2946 849 3024 922 τῷ
3063 849 3256 921 ἑαυτῆς
3283 848 3422 919 ὅπλῳ
3441 889 3456 912 ,
3484 849 3638 920 πρὶςὼ

2151 947 2287 1018 μήτε
2314 947 2505 1010 νυκτὸς
2532 945 2882 1017 ἐπελθούσης,
2911 945 3047 1017 μήτε
3070 944 3284 1006 σκοτίας
3306 942 3640 1013 καταλαόούσης

2146 1037 2400 1104 δεδιέναι,
2433 1039 2557 1110 μηδ’
2587 1038 2692 1092 ὑπὸ
2719 1037 2897 1107 φόϐων
2925 1034 3316 1108 ταράττεσθαι,
3352 1035 3476 1105 μήτε
3501 1034 3584 1089 τῶν
3604 1038 3641 1088 ὲν

2148 1129 2332 1203 ἡμέρᾳ
2376 1129 2743 1202 πεμπομένων
2787 1126 2955 1199 βελῶν
2984 1126 3302 1199 φροντίζειν.
3361 1124 3504 1197 Δηλοῖ
3523 1125 3567 1178 δὲ
3585 1125 3644 1179 διὰ

2151 1223 2251 1294 μὲν
2282 1223 2383 1294 τῆς
2413 1221 2606 1286 νυκτὸς
2630 1221 2725 1275 καὶ
2757 1222 2857 1292 τῆς
2892 1221 3113 1284 σκοτίας
3140 1220 3266 1282 τοὺς
3302 1218 3645 1290 περιστατικοῦς

2148 1314 2372 1386 καιροὺς
2390 1353 2406 1378 ,
2447 1315 2568 1370 καθ’
2599 1314 2692 1380 οῦς
2717 1331 2852 1386 φησι
2879 1314 3042 1386 μηδὲν
3076 1311 3462 1384 φοβηθήσεσθαι
3483 1312 3556 1366 τὸν
3575 1313 3648 1365 ὑπὸ

2146 1405 2242 1461 τοῦ
2267 1407 2366 1478 τῆς
2392 1406 2648 1479 ἀληθείας
2673 1406 2839 1461 ὅπλου
2863 1404 3374 1478 περιπεφραγμένον
3391 1421 3405 1436 ·
3431 1403 3507 1458 διὰ
3525 1404 3648 1476 ea;

2146 1497 2362 1570 ἡμέρας
2386 1499 2514 1562 τοὺς
2541 1501 2600 1553 ἐν
2619 1497 2831 1570 γαλήνῃ
2861 1499 2956 1554 καὶ
2987 1498 3138 1570 εὐδία
3161 1497 3254 1555 καὶ
3279 1497 3510 1569 εἰρηνικῇ
3534 1514 3651 1550 κατα-

2149 1590 2357 1655 στάσει,
2393 1589 2515 1647 καθ’
2533 1589 2628 1654 οὓς
2657 1590 2938 1662 πόρρωθεν
2971 1589 3098 1661 βέλη
3127 1589 3396 1662 πετόμενα
3421 1585 3526 1642 καθ’
3543 1587 3652 1658 ἡμῶν

2149 1683 2388 1754 πέμπειν
2439 1682 2694 1738 εἰώθασιν
2739 1686 2788 1737 oi
2823 1682 3043 1755 ἐχθροὶ,
3078 1683 3202 1746 τοὺς
3250 1680 3567 1751 βλασφήμους
3591 1681 3653 1732 καὶ

2149 1774 2365 1839 ἀσεϐεῖς
2397 1774 2605 1832 ἑαυτῶν
2631 1772 2839 1844 λόγους.
2869 1773 3027 1829 Κατὰ
3052 1771 3161 1844 γὰρ
3184 1773 3314 1836 τοὺς
3339 1770 3441 1824 τῶν
3462 1769 3654 1839 διωγμῶν

2150 1867 2395 1938 καιροὺς,
2423 1869 2486 1921 οὒ
2510 1865 2790 1940 πόρρωθεν
2823 1864 3058 1928 ἑστῶτες
3087 1863 3217 1934 βέλη
3244 1863 3559 1933 πέμπουσιν,

2150 1960 2381 2031 ἐγγύθεν
2415 1959 2728 2033 ὁρμῶντες,
2763 1961 3054 2016 καταπιεῖν
3081 1959 3229 2030 ἡμᾶς
3261 1956 3412 2019 ὅλους
3444 1948 3521 2009 οἷα
3541 1952 3656 2007 θανά-

2148 2069 2244 2107 του
2277 2052 2419 2122 φίλοι
2451 2051 2784 2125 πειρῶνται)
2817 2051 2876 2114 ἃς
2900 2049 3126 2105 κατέπιε
3157 2049 3282 2102 τότε
3308 2047 3531 2117 ἰσχύσας.
3560 2044 3656 2097 Ἀλλ’

2150 2147 2310 2218 ἡμεῖς
2339 2163 2404 2216 γε
2427 2184 2443 2211 ,
2477 2145 2556 2217 τῷ
2585 2144 2876 2217 δηλωθέντι
2912 2133 3061 2214 ὅπλῳ
3098 2139 3523 2213 πεφυλαγμένοι,
3546 2135 3656 2210 ἐροῦ-

2154 2255 2254 2310 μεν
2273 2254 2287 2269 ο
2339 2239 2408 2292 Ei
2433 2237 2519 2307 μὴ
2551 2237 2642 2291 ὅτι
2674 2237 2890 2306 Κύριος
2912 2231 2994 2306 ἦν
3015 2235 3087 2288 ἐν
3111 2232 3279 2303 ἡμῖν,
3307 2229 3470 2296 ἐν.τῷ
3493 2230 3658 2284 ἐπαγο-

2150 2327 2371 2398 στῆναι
2395 2327 2747 2396 ἀνθρώπους
2768 2326 2860 2394 ἐφ’
2891 2322 3052 2394 ἡμᾶς
3069 2362 3085 2389 ,
3119 2323 3237 2392 ἆρα
3259 2319 3473 2387 ζῶντας
3500 2318 3563 2374 ἂν
3589 2334 3659 2372 κα-

2151 2421 2359 2477 τέπιον
2386 2419 2565 2491 ἡμᾶς.
2595 2420 2720 2475 οὖτ’
2749 2415 2841 2475 οὖν
2872 2419 3088 2492 ἡμέρας
3110 2416 3236 2471 οὔτε
3255 2414 3454 2488 ,νυκτὸς
3476 2413 3658 2482 δυνήσον-

2150 2513 2240 2569 ταί
2257 2531 2309 2567 τι
2333 2513 2456 2568 καθ’
2478 2512 2636 2585 ὴμῶν
2653 2513 2702 2566 οἱ
2719 2512 2902 2585 ἐχθροὶ
2923 2511 3010 2566 διὰ
3029 2511 3120 2564 τὸν
3137 2505 3540 2582 ὑπερμαχοῦντα
3552 2502 3661 2575 illum

2150 2603 2376 2676 Κύριον.
2446 2603 2538 2658 Διὸ
2585 2595 2862 2658 λέλεκται·
2914 2603 2998 2656 Οὐ
3046 2602 3365 2671 φοϐηθήσῃ
3393 2597 3502 2652 ἀπὸ
3529 2595 3662 2665 φόϐου

2151 2697 2523 2766 νυκτερινοῦ,
2546 2696 2664 2751 ἀπὸ
2692 2695 2923 2762 βέλους
2951 2692 3286 2763 πετομένου
3317 2690 3551 2760 ἡμέρας,
3583 2684 3663 2740 ἀπὸ

2152 2787 2495 2859 πράγματος
2522 2787 2593 2841 ἐν
2621 2789 2825 2842 σκότει
2865 2784 3374 2854 διαπορευομένου
3391 2799 3404 2814 ·
3453 2780 3551 2835 ἀλλ’
3583 2776 3663 2831 οὐδὲ

2151 2879 2272 2935 ἀπὸ
2327 2880 2766 2950 συμπτώματος
2813 2877 2910 2932 καὶ
2962 2877 3275 2947 δαιμονίου
3330 2865 3664 2946 μεσημϐρινοῦ

466 2980 655 3028 mento
691 2972 959 3040 destruet,
992 2981 1054 3025 ut
1091 2984 1196 3027 nos
1225 2969 1363 3042 ipsis
1399 2969 1577 3026 oculis
1604 2967 1903 3025 vindictam
1936 2983 2045 3039 per-

2154 2967 2598 3041 φοϐηθησόμεθα.
2654 2970 2720 3023 Εἰ
2750 2968 2807 3023 δὲ
2839 2966 2935 3022 καὶ
2963 2967 3199 3040 χιλιάδες
3229 2965 3328 3021 καὶ
3360 2963 3584 3036 μυριάδες
3602 2963 3662 3012 ἀθ-

463 3065 792 3136 abiciamus.
837 3063 964 3120 Ideo
1012 3063 1214 3118 dicitur
1251 3081 1266 3119 :
1320 3061 1692 3117 Verumtamen
1725 3060 1893 3115 oculis
1947 3061 2045 3116 tuis

2154 3060 2334 3132 ράτων
2361 3060 2394 3132 ἢ
2422 3059 2518 3114 καὶ
2552 3061 2763 3134 ὁρατῶν
2793 3060 3003 3134 ἐχθρῶν
3030 3061 3124 3116 καὶ
3159 3058 3434 3130 πολεμίων
3464 3054 3581 3110 κατὰ
3602 3049 3664 3104 τοῦ

465 3156 852 3222 considerabis,
892 3164 942 3211 et
963 3155 1020 3210 in
1050 3154 1445 3212 retributionem
1470 3162 1805 3223 peccatorum
1831 3151 2045 3210 videbis.

2154 3150 2285 3205 λαοῦ
2331 3150 2426 3205 τοῦ
2479 3152 2718 3225 Χριστοῦ
2756 3155 2852 3208 καὶ
2882 3153 3024 3210 κατὰ
3063 3154 3162 3227 τῆς
3200 3149 3517 3222 Ἐκκλησίας
3550 3143 3665 3248 αὐτοῦ

465 3247 580 3304 Nos
624 3255 805 3304 autem
859 3247 1132 3303 sermonis
1172 3246 1459 3302 veritatem
1509 3247 1629 3318 ipsa
1674 3246 2045 3317 exemplorum

2156 3243 2544 3310 έπανασταϊεν,
2573 3244 2710 3299 ἀλλὰ
2738 3246 2835 3304 καὶ
2873 3245 3082 3310 πάντας
3103 3243 3320 3317 ἀθρόως
3341 3239 3471 3314 ὁμοῦ
3500 3238 3577 3292 καὶ
3595 3235 3664 3288 πά-

465 3337 921 3408 interpretatione
941 3336 1310 3407 percepimus,
1331 3344 1629 3407 conspecto
1655 3336 1825 3391 variis
1844 3343 2045 3406 tempo-

2159 3351 2260 3399 σας
2285 3335 2319 3406 ἡ
2347 3334 2512 3390 αὑτοῦ
2536 3334 2764 3407 δύναμις
2790 3335 2850 3390 ὲν
2879 3337 2979 3409 μιᾷ
3005 3337 3144 3407 ῥοπῇ
3179 3332 3431 3396 καθελεῖ,
3459 3328 3525 3392 ὡς
3539 3325 3665 3382 αὐτὰ

465 3428 620 3488 ribus
641 3425 941 3485 Ecclesiam
966 3426 1172 3484 Christi
1200 3428 1637 3500 impugnantium
1655 3426 1782 3492 line,
1804 3427 1898 3499 qui
1914 3442 2045 3482 con-

2153 3424 2452 3498 ὁφθαλμοῖς
2485 3426 2819 3500 παραλαϐεῖν
2846 3428 2996 3499 ἡμᾶς
3021 3436 3120 3498 την
3147 3424 3449 3493 ἐκδίκησιν.
3523 3417 3593 3472 Διὸ
3610 3413 3664 3467 λί-

465 3521 672 3585 festim,
689 3536 790 3576 nec
818 3521 979 3592 longo
1004 3530 1126 3592 post
1150 3529 1394 3590 tempore
1423 3535 1456 3575 a
1478 3519 1591 3575 Deo
1612 3519 1869 3575 debellati
1897 3525 2044 3576 sunt.

2154 3518 2362 3574 λεκται·
2421 3519 2598 3590 Πλὴν
2623 3519 2748 3588 τοῖς
2784 3518 3116 3590 ὀφθαλμοῖς
3157 3534 3284 3574 σου
3321 3511 3664 3579 κατανοήσεις,

465 3617 568 3672 καὶ
618 3617 1032 3673 ἀνταπόδοσιν
1079 3614 1445 3686 ἁμαρτωλῶν
1494 3615 1649 3685 ὄψει.
1704 3616 1896 3688 Ἡμεῖς
1919 3616 1978 3670 δὲ
2018 3615 2112 3670 τοῦ
2149 3615 2308 3686 λόγου
2345 3617 2448 3688 τὴν
2487 3616 2748 3690 ἀλήθειαν
2793 3615 2854 3685 ἐξ
2889 3615 3059 3688 αὐτῆς
3089 3615 3193 3686 τῆς
3221 3611 3506 3686 ἑρμηνείας
3529 3620 3665 3676 παρει-

465 3711 719 3784 λήφαμεν
741 3753 756 3778 ,
791 3713 933 3767 κατὰ
960 3713 1187 3784 καιροὺς
1236 3712 1306 3766 τὰ
1348 3712 1478 3782 τέλη
1545 3712 1878 3784 συνορῶντες
1908 3711 2020 3766 τῶν
2041 3710 2141 3784 τὴν
2190 3712 2516 3785 Ἐκκλησίαν
2543 3712 2638 3769 τοῦ
2666 3712 2802 3768 Θεοῦ
2832 3710 3282 3784 πολεμησάντων,
3316 3699 3664 3778 παραχρῆμάτε

465 3804 562 3858 καὶ
587 3805 689 3858 οὐκ
724 3806 805 3869 είς
833 3806 1043 3878 μακρὸν
1074 3806 1179 3859 ὑπὸ
1200 3805 1294 3858 τοῦ
1325 3803 1462 3859 Θεοῦ
1494 3804 1933 3876 πολεμηθέντων.

538 3913 666 3969 Haec
697 3930 859 3985 porro
889 3916 1095 3979 omnia,
1131 3923 1187 3971 et
1227 3923 1424 3971 caetera
1445 3915 1548 3970 sub
1576 3915 1694 3971 haec
1724 3923 2045 3984 memorata,

2225 3917 2413 3972 Πάντα
2431 3918 2489 3973 δὲ
2502 3915 2672 3971 ταῦτα
2685 3916 2780 3972 καὶ
2790 3927 2860 3971 τα
2885 3913 3095 3978 τούτοις
3117 3912 3245 3985 ἑξῆς
3266 3911 3591 3980 ἐπιλεγόμενα
3605 3905 3663 3956 ἐπὶ

466 4008 538 4065 ad
571 4009 848 4066 hominem
887 4009 1050 4065 etiam
1086 4010 1179 4081 qui
1227 4010 1284 4065 in
1333 4009 1556 4067 Christo
1589 4021 1676 4068 est
1719 4009 2045 4079 referentur,

2154 4010 2246 4065 τὸν
2267 4011 2325 4064 έν
2340 4008 2561 4082 Χριστῷ
2579 4008 2865 4082 ἄνθρωπον
2883 4007 3322 4080 άνενεχθήσεται,
3345 4003 3436 4058 καὶ
3450 4002 3530 4056 ἐπὶ
3543 3997 3663 4053 πάντα

466 4117 685 4158 necnon
724 4102 792 4157 ad
839 4118 1031 4159 omnes
1059 4103 1161 4173 qui
1189 4102 1372 4158 dicere
1402 4101 1620 4158 valeant
1654 4122 1668 4158 :
1701 4102 1895 4158 Omnia
1923 4119 2045 4172 pos-

2156 4103 2248 4157 τὸν
2294 4097 2405 4157 οἷόν
2451 4119 2512 4156 τε
2549 4101 2726 4171 λέγειν
2747 4118 2763 4132 ’
2806 4098 3012 4155 Πάντα
3055 4097 3246 4168 ἰσχύω
3279 4098 3352 4152 ἐν
3382 4093 3459 4160 τῷ
3481 4091 3663 4148 erlier

469 4211 586 4250 sum
608 4196 663 4250 in
684 4212 742 4250 eo
764 4195 855 4266 qui
888 4211 969 4249 me
991 4195 1257 4264 confortat
1287 4193 1501 4250 Christo
1526 4195 1727 4250 Jesu."
1758 4195 1858 4250 Hic
1887 4211 2045 4266 porro

2153 4193 2370 4264 μοῦντί
2393 4209 2470 4263 με
2498 4190 2730 4262 Χριστῷ
2770 4189 2985 4260 Ἰησοῦ.
3056 4181 3226 4253 Οὗτος
3256 4188 3302 4243 δ’
3338 4187 3403 4242 ἂν
3432 4184 3508 4256 ειη
3530 4184 3554 4236 ι
3575 4179 3663 4249 Χρι-

471 4286 635 4342 fuerit
661 4287 869 4342 Christi
892 4286 1116 4351 chorus,
1147 4284 1240 4356 qui
1265 4301 1330 4342 ex
1354 4287 1560 4342 sanctis
1585 4294 1639 4342 et
1669 4287 1927 4356 perfectis
1960 4285 2045 4342 Dei

2161 4284 2287 4339 στοῦ
2331 4285 2522 4357 χορὸς,
2561 4287 2588 4339 ὁ
2617 4283 2675 4351 ἐξ
2716 4281 2884 4354 ἁγίων
2918 4283 3012 4336 καλ⁵
3035 4279 3258 4336 τελείων
3282 4276 3416 4332 Θεοῦ
3445 4271 3663 4348 μαρτύρων

470 4378 806 4450 martyribus
857 4385 1098 4445 constat,
1129 4378 1332 4450 quique
1397 4377 1466 4433 ad
1513 4378 1832 4447 sanguinem
1882 4393 2045 4448 usque

2161 4376 2450 4441 συνεστὼς,
2485 4379 2513 4431 ὁ
2535 4376 2728 4448 μέχρις
2758 4375 2990 4447 αἵματος
3018 4371 3417 4444 ἀγωνιζόμενος
3437 4368 3557 4438 ὑπὲρ
3571 4361 3660 4430 ἀλη·

470 4485 571 4541 pro
605 4471 832 4526 veritate
859 4470 1183 4535 decertavit,
1216 4479 1270 4526 et
1301 4471 1488 4525 bravia
1519 4470 1761 4525 victoria:
1791 4485 1916 4524 cum
1946 4469 2045 4525 Deo

2158 4471 2342 4537 θείας,
2383 4470 2479 4524 καὶ
2508 4469 2579 4524 τά
2625 4468 2852 4540 βραόεϊα
2879 4467 2981 4539 τῆς
3025 4469 3084 4520 έν
3111 4464 3232 4535 Θεῷ
3269 4464 3425 4534 νίκης
3456 4457 3572 4514 κατά
3593 4451 3662 4506 τῶν

468 4568 641 4630 partae
663 4559 930 4616 adversus
960 4561 1215 4616 inimicos
1241 4562 1447 4616 retulit.
1485 4559 1609 4615 Haec
1643 4561 1796 4626 item,
1829 4577 1951 4632 quae
1970 4563 2045 4617 di-

2157 4563 2467 4616 ἀντιπάλων
2517 4562 2823 4634 αἰρόμενος.
2870 4559 2983 4615 Καὶ
3009 4559 3102 4614 ἐπὶ
3128 4557 3219 4612 τδν
3249 4557 3522 4627 ἄνθρωπον
3539 4549 3584 4603 δὲ
3601 4541 3661 4597 W3

465 4659 555 4706 cta
583 4659 732 4720 sunt,
759 4651 964 4710 Christi
1017 4653 1228 4708 homini
1265 4653 1668 4723 coaptabuntur
1709 4672 1721 4707 :
1769 4652 1874 4708 hoc
1905 4655 2045 4709 enim

2157 4655 2396 4727 Χριστοῦ
2424 4654 2825 4728 ἁρμοσθήσεται
2853 4653 2924 4708 τὰ
2954 4652 3220 4724 λεγόμενα
3241 4667 3256 4681 ·
3277 4647 3431 4704 τοῦτο
3445 4642 3556 4716 γοῦν

469 4745 711 4799 declarat
748 4746 1022 4804 dictorum
1059 4745 1250 4801 series.
1285 4742 1423 4798 Nam
1471 4761 1595 4800 cum
1638 4745 1705 4800 ad
1740 4746 2045 4817 quempiam

2164 4748 2373 4821 ίστησιν
2404 4747 2543 4819 αῦτη
2597 4749 2630 4818 ἡ
2669 4745 2776 4800 τῶν
2804 4744 3194 4817 ἐμφερομένων
3213 4737 3506 4796 ἀκολουθία.
3535 4727 3659 4821 Emi”

468 4838 702 4894 dixisset
735 4858 749 4895 :
783 4840 1048 4906 Quoniam
1080 4841 1187 4910 ipse
1223 4839 1469 4895 liberabit
1520 4839 1584 4895 de
1634 4840 1820 4911 laqueo
1863 4858 2053 4896 venan-

469 4931 625 4997 tium,
650 4941 751 4986 eta
775 4933 928 4987 verba
963 4932 1287 4997 turbulento,
1315 4941 1368 4988 et
1399 4950 1414 4988 :
1448 4931 1515 4986 In
1547 4933 1781 5002 scapulis
1808 4934 1919 4989 suis
1958 4933 2051 4987 ob-

467 5023 734 5078 umbrabit
783 5025 899 5090 tibi,
943 5034 991 5080 et
1023 5024 1118 5079 sub
1151 5026 1334 5094 pennis
1367 5025 1480 5095 ejus
1512 5025 1792 5095 sperabis;
1837 5035 1887 5080 et
1924 5042 2048 5081 cum

468 5116 718 5171 eumdem
750 5116 1032 5186 alloquens
1065 5115 1400 5170 subdidisset
1449 5135 1461 5170 :
1506 5114 1668 5170 Scuto
1701 5115 2050 5169 circumdabit

471 5220 520 5262 te
549 5209 744 5264 veritas
773 5209 928 5279 ejus;
962 5217 1016 5265 et
1042 5209 1176 5263 illud
1211 5227 1226 5265 :
1266 5207 1391 5263 Non
1425 5209 1630 5263 timebis
1672 5226 1706 5262 a
1747 5209 1932 5264 timore
1961 5225 2053 5264 no.

467 5309 689 5364 ctsrno;
727 5300 966 5371 itemque
1000 5319 1014 5356 :
1050 5299 1254 5357 Cadent
1289 5318 1322 5355 a
1361 5303 1526 5356 latere
1564 5310 1654 5355 tuo
1693 5301 1921 5366 mille,et
1961 5300 2054 5356 de-

471 5406 580 5445 cem
615 5390 789 5445 millia
826 5409 859 5446 a
887 5391 1088 5446 dextris
1138 5391 1265 5456 tuis,
1311 5390 1381 5444 ad
1413 5400 1460 5446 te
1508 5399 1684 5445 autem
1717 5406 1821 5444 non
1857 5405 2052 5458 appro-

471 5481 778 5551 pinquabit;
821 5490 877 5538 ct
916 5483 1208 5553 adjecisset
1251 5501 1264 5539 :
1319 5480 1688 5536 Verumtamen
1725 5481 1892 5536 oculis
1942 5481 2048 5536 tuis

469 5572 851 5639 considerabis,
899 5583 948 5629 et
991 5573 1390 5629 retributionem
1422 5583 1762 5642 peccatorum
1813 5570 2047 5634 videbis;

470 5677 596 5721 cum
640 5667 823 5722 omnia
847 5667 1198 5739 singulariter
1225 5669 1382 5740 quasi
1411 5669 1477 5724 de
1501 5684 1612 5723 uno
1641 5668 1857 5726 locutus
1881 5673 2048 5736 esset,

473 5865 491 5876 .
543 5817 592 5850 '°
632 5815 774 5873 Psal.
809 5833 995 5872 cxxm.
1036 5821 1152 5875 1-5.
1227 5824 1268 5854 ⁷⁸
1312 5821 1510 5878 Philin.
1554 5839 1625 5877 tv.
1665 5822 1749 5876 15.

2158 4819 2280 4913 γὰρή
2297 4842 2325 4893 ὁ
2347 4840 2505 4909 λόγος
2535 4839 2672 4910 πρὸς
2697 4837 2794 4892 ἕνα
2821 4836 2947 4892 τινὰ
2964 4877 2980 4903 ,
3023 4836 3155 4890 ’Ὅτι
3188 4833 3372 4900 αὐτὸς
3393 4831 3603 4900 ῥύσεται
3618 4819 3658 4913 lt

2161 4911 2412 5003 παγίδος
2428 4931 2727 5000 θηρευτῶν
2747 4931 2845 4986 καί
2865 4929 2985 4986 ἀπὸ
3003 4931 3189 5000 λόγου
3205 4922 3570 4997 ταραχώδους,
3583 4911 3657 5003 καὶτ

2171 5026 2275 5079 Ἐν
2296 5022 2420 5089 τοῖς
2449 5021 2840 5093 μεταφρένοις
2866 5019 3056 5075 αὐτοῦ
3090 5016 3425 5073 ἐπισκιάσει
3457 5027 3566 5070 σοι,
3594 4999 3656 5093 κέιῖ

2163 5115 2283 5171 ὑπὸ
2330 5091 2765 5184 τὰςίπτέρυγας
2815 5113 3001 5167 αὐτοῦ
3033 5109 3290 5175 ἐλπιεῖς·
3347 5107 3433 5161 καὶ
3463 5099 3572 5173 πρὸς
3599 5091 3656 5147 τὸν

2164 5209 2327 5265 αὑτὸν
2356 5209 2576 5278 ἐπάγων
2604 5207 2664 5261 τὸ
2683 5249 2700 5275 ,
2741 5207 2948 5274 Ὅπλῳ
2991 5202 3291 5260 κυκλώσει
3316 5216 3389 5256 σε
3416 5199 3452 5267 ἠ
3476 5191 3655 5259 ἀλήθεια

2159 5299 2347 5354 αὐτοῦ
2367 5315 2380 5330 ο
2411 5298 2508 5350 καὶ
2543 5295 2605 5350 τὸ
2624 5336 2638 5362 ,
2667 5296 2752 5351 0b
2777 5293 3094 5366 φοϐηθήσῃ
3119 5291 3238 5348 ἀπὸ
3261 5290 3652 5361 φόϐου-νυκτερί·

2151 5390 2266 5446 νοῦ
2287 5406 2300 5421 ·
2327 5389 2422 5444 καὶ
2447 5388 2528 5452 τὸ,
2565 5385 2842 5440 Πεσεῖται
2867 5386 2936 5440 ἐκ
2956 5384 3063 5439 τοῦ
3099 5383 3341 5446 κλίτους
3366 5394 3470 5433 σου
3496 5365 3651 5461 χιλιὰς,

2153 5480 2253 5535 καί
2277 5479 2496 5549 μυριὰς
2516 5478 2585 5532 ἐκ
2607 5475 2822 5542 δεξιῶν
2839 5491 2956 5530 σου
2970 5514 2985 5540 ,
3019 5472 3170 5544 πρὸς
3191 5471 3267 5527 σὲ
3287 5468 3354 5524 δὲ
3372 5467 3471 5522 οὐκ
3499 5462 3649 5529 ἐῖτιεΓ

2154 5572 2249 5626 καὶ
2269 5570 2476 5634 τούτοις
2496 5567 2808 5640 προστιθεὶς
2831 5567 2915 5633 τὸ,
2939 5565 3112 5634 Πλὴν
3130 5563 3253 5630 τοῖς
3273 5552 3558 5631 ὀφθαλμοῖς
3573 5558 3646 5600 σα

2154 5663 2575 5733 κατανοήσεις,
2609 5661 2708 5718 καὶ
2740 5659 3148 5716 ἀνταπόδοσιν
3171 5647 3503 5728 ἁμαρτωλῶν
3527 5640 3644 5711 θίν’

3040 5922 3136 5936 -νο-οΑ-
3150 5929 3159 5933 ..
