3830 6288
57 378 181 424 1149

1168 377 1209 426 (ἑ
1221 378 1367 427 ΟΜΜ
1379 376 1675 428 EN'I‘AIUA
1716 377 1779 428 ΞΝ
1822 377 2162 432 ΡδΑιΜυε.

3170 384 3306 432 ιιδυ

58 484 220 537 πάντα
256 481 313 536 δὲ
337 481 409 536 τὰ
436 480 634 545 ἑνικῶς
659 480 827 535 εἰπὼν
848 480 923 546 ὡς
952 482 1089 553 πρὸς
1116 484 1212 538 ἕνα
1235 488 1375 553 τινὰ,
1405 488 1630 541 ἐπισυν-

1735 490 1815 545 sic
1849 489 2012 545 infert
2045 488 2344 555 :Quoniam
2377 495 2433 541 tu
2459 505 2534 553 es,
2570 489 2811 556 Domine,
2838 506 2949 559 spes
2973 507 3109 555 mea,
3142 492 3309 545 Altis-

56 578 202 631 ἅπτει
242 574 437 643 λέγων,
479 574 603 627 Ὅτι
627 573 728 639 σὺ,
767 578 963 645 Κύριε,
981 579 1157 644 ἐλπίς
1165 597 1305 648 μου,
1328 581 1434 634 τὸν
1457 582 1626 650 ’Υψι-

58 684 194 723 στον
217 666 356 720 ἔθου
392 667 745 737 καταφυγήν
765 682 881 722 σου
897 686 911 700 ·
938 670 1249 738 σαφέστατα
1276 670 1623 742 παρίσταται,

58 758 129 810 ὅτι
164 753 369 826 Κύριος
407 749 475 825 ἦν
508 753 643 824 πρὸς
670 754 727 807 ὃν
752 754 925 809 ταῦτα
956 757 1131 810 πάντα
1158 758 1393 827 ἐλέγετο.
1442 762 1626 833 Μηδε-

60 848 177 918 μιᾶς
204 844 314 917 γὰρ
353 844 611 915 διαμέσου
642 846 941 919 έναλλαγῆς
974 848 1266 919 προσώπου
1308 851 1626 924 γενομένης,

58 938 280 1008 συνῆψεν
304 938 333 990 6
379 937 535 1006 λόγος
568 938 672 992 ὑπὸ
723 941 850 1010 μίαν
881 939 1117 993 διάνοιαν
1150 941 1226 1005 ὡς
1255 942 1392 1012 πρὸς
1432 942 1528 995 ενα
1560 944 1629 996 τὰ

58 1030 252 1084 πάντα’
286 1028 603 1101 παρέστησέ
632 1048 691 1083 τε
725 1030 809 1094 τίς
858 1048 987 1084 ποτε
1035 1026 1104 1102 ἦν
1129 1026 1304 1096 οὗτος,
1352 1032 1631 1101 διασαφῶν

58 1122 174 1191 ἑξῆς
202 1120 295 1175 καὶ
326 1120 502 1191 λέγων
522 1138 536 1152 ·
573 1122 694 1175 ’Ότι
733 1122 814 1177 σὺ
834 1162 849 1187 ,
885 1123 1093 1192 Κύριε,
1127 1124 1305 1190 ἐλπίς
1338 1143 1490 1193 μου,
1525 1124 1631 1179 τὸν

58 1214 348 1283 Ὕψιστον
378 1214 521 1269 ἔθου
569 1212 925 1284 καταφυγήν
966 1229 1104 1271 σου.
1154 1216 1368 1288 Ἐπειδὴ
1399 1215 1506 1291 γὰρ
1541 1215 1627 1281 σὺ,

58 1305 242 1375 φησιν,
270 1298 316 1358 ὦ
350 1303 556 1376 Κύριε,
590 1306 675 1375 ἐφ’
704 1305 764 1358 ὃν
792 1304 903 1373 ἐγὼ
936 1304 1138 1376 ήλπισα
1161 1345 1177 1369 ,
1209 1305 1303 1360 τὸν
1349 1306 1629 1376 Ὕψιστον,

57 1394 239 1466 δηλαδή
256 1394 349 1448 τὸν
376 1394 639 1449 ἀνωτάτω
658 1394 818 1459 Θεὸν,
849 1396 943 1448 καὶ
970 1396 1169 1449 σαυτοῦ
1192 1396 1431 1469 Πατέρα,
1461 1414 1630 1451 κατα-

60 1486 220 1560 φυγὴν
257 1484 379 1539 ἔθου
412 1486 640 1539 σεαυτοῦ
662 1527 676 1551 ,
707 1485 796 1539 διὰ
821 1484 981 1540 τοῦτο
1010 1487 1070 1540 οὺ
1100 1487 1522 1559 προσελεύσεταί
1550 1506 1631 1542 σοι

57 1575 165 1631 οὔτε
186 1573 379 1647 χιλιὰς,
407 1573 533 1627 οὔτε
562 1574 782 1649 μυριὰς,
816 1573 939 1629 οὔτε
966 1576 1194 1645 παγίδες
1217 1576 1514 1649 θηρευτῶν,
1544 1577 1633 1630 οὖ-

58 1687 109 1722 τε
126 1686 173 1722 τι
202 1667 388 1739 ἓτερον
408 1668 520 1722 τῶν
541 1668 1044 1739 κατηριθμημένων
1062 1686 1076 1699 ’
1106 1669 1202 1722 καὶ
1226 1669 1521 1741 ἐπειδήπερ
1543 1670 1629 1734 σὺ,

57 1754 96 1814 ὦ
118 1760 300 1831 Κύριε,
334 1753 389 1812 εἴ
414 1776 517 1830 μου
538 1758 633 1812 τοῦ
661 1758 834 1813 ταῦτα
855 1759 1102 1830 λέγοντος
1130 1759 1307 1824 ἐλπὶς,
1340 1762 1450 1815 Τὸν
1467 1762 1487 1777 ’⁸
1502 1764 1635 1830 Υψι-

58 1868 194 1906 στον
222 1850 361 1905 ἔθου
393 1850 755 1921 καταφυγήν
776 1866 893 1907 σου
916 1869 930 1882 ·
966 1851 1055 1905 διὰ
1084 1850 1244 1905 τοῦτο
1273 1853 1367 1905 καὶ
1387 1853 1626 1924 ἀρχόμε-
1661 1839 1704 1899 Β

58 1961 135 2007 νος
173 1942 353 2011 ἔλεγον
401 1944 533 2014 περὶ
589 1944 706 2008 σοῦ,
743 1946 799 1997 Ὁ
826 1944 1118 1999 κατοικῶν
1141 1945 1211 1997 ἐν
1233 1944 1498 2013 βοηθείᾳ
1521 1946 1628 2000 τοῦ

68 2031 359 2103 Ὑψίστου,
376 2035 433 2106 ἢ,
452 2035 517 2087 '0
532 2035 867 2105 καθήμενος
879 2037 949 2089 ὲν
966 2036 1291 2104 ἀποκρύφῳ
1304 2036 1320 2057 ⁸
1332 2038 1596 2105 Υψίστου
1612 2053 1628 2069 ⁸

58 2126 336 2197 ἐπειδήπερ
378 2127 438 2180 ὲν
477 2128 810 2199 ἀπορρήτοις
856 2127 949 2181 καὶ
990 2128 1333 2199 ἀποκρύφοις
1379 2127 1631 2199 σύνεδρόν

59 2235 112 2270 σε
140 2218 228 2271 καὶ
266 2218 557 2290 σύνθρονον
588 2222 617 2273 ὁ
650 2220 909 2288 ’Υψιστος
941 2220 1253 2291 ἐποιήσατο,
1284 2221 1463 2292 φήσας
1490 2220 1631 2291 πρὸς

61 2310 141 2363 σέ·
193 2308 384 2365 Κάθου
417 2311 491 2365 ἐκ
519 2309 641 2364 τῶν
669 2310 886 2375 δεξιῶν
907 2329 1062 2381 μου,
1099 2311 1211 2378 ἕως
1253 2312 1331 2365 ἂν
1368 2311 1449 2366 θῶ
1489 2312 1632 2378 τοὺς

59 2403 288 2470 ἐχθρούς
315 2418 435 2459 σου
461 2404 800 2459 ὑποπόδιον
830 2405 951 2457 τῶν
983 2404 1187 2459 ποδῶν
1214 2422 1353 2459 σου.

130 2493 370 2562 Ὑψίστου
386 2494 588 2571 δὲονοου
598 2495 757 2566 μένου
774 2497 831 2548 ὲν
851 2497 1061 2560 τούτοις
1080 2495 1173 2549 τοῦ
1190 2497 1468 2550 ἀνωτὰτου
1493 2495 1630 2550 Θεοῦ

62 2584 156 2637 τῶν
184 2584 344 2639 ὄλωνο
372 2586 585 2655 Κυρίου
613 2586 670 2639 δὲ
697 2586 828 2640 Υἱοῦ
858 2587 952 2639 τοῦ
980 2587 1135 2652 Θεοῦ,
1166 2587 1225 2644 ὃς
1254 2587 1345 2641 τὸν
1366 2587 1631 2657 ’Ὕψιστον

61 2674 193 2728 ἔθετο
222 2677 539 2747 καταφυγὴν
566 2676 753 2742 αὐτοῦ,
783 2678 1012 2742 εἰκότως
1048 2678 1143 2732 καὶ
1161 2679 1401 2748 Μωῦσῆς
1424 2679 1503 2749 τῷ
1536 2679 1634 2733 αὐ-

62 2762 129 2832 τῷ
148 2762 264 2835 θείῳ
283 2765 564 2836 Πνεύματι
581 2765 842 2838 θεοφορού
852 2784 1011 2837 μενος
1035 2767 1314 2822 ἐδίδασκεν
1334 2768 1392 2820 ὲν
1418 2768 1632 2841 μεγάλῃ

60 2851 157 2925 ᾠδῇ
182 2854 372 2924 λέγων·
433 2857 577 2910 Ὅτε
608 2855 926 2926 διεμέριζεν
957 2860 991 2911 ὁ
1021 2859 1317 2927 ’Υψιστος
1345 2860 1489 2926 ἔθνη
1510 2898 1524 2922 ,
1552 2860 1633 2925 ὠς

60 2942 375 3013 διέσπειρεν
404 2946 580 3012 υἱοὺς
613 2946 807 3016 Ἀδὰμ,
834 2948 1102 3015 ἔστησεν
1122 2948 1251 3015 ὄριιι
1268 2949 1459 3002 ἐθνῶν
1485 2950 1634 3003 κατὰ

62 3035 286 3106 ἀριθμὸν
304 3038 580 3109 ἀγγέλων
604 3037 772 3093 Θεοῦ.
798 3037 911 3094 Kal
932 3038 1186 3107 ἐγενήθη
1205 3039 1389 3109 μέρος
1408 3043 1632 3108 Kvplov

62 3129 193 3196 λαός
207 3130 385 3186 αὐτοῦ
420 3130 641 3194 Ἰακὼϐ,
665 3129 998 3200 σχοίνισμα
1020 3132 1424 3201 κληρονομίας
1446 3131 1635 3186 αὐτοῦ

76 3216 308 3287 Ἰσραήλ.
335 3219 434 3273 Διὰ
460 3218 666 3273 τούτων
705 3219 837 3288 γοῦν
886 3220 980 3273 καὶ
1011 3222 1039 3273 6
1073 3222 1319 3291 Μωῡσῆς
1370 3222 1632 3291 ’Υψιστον

69 3310 231 3380 σαφῶς
249 3314 513 3384 προσεῖπε
555 3312 647 3365 τὸν
679 3312 979 3382 ἀγέννητον
1008 3312 1142 3365 Θεὸν
1165 3352 1181 3375 ,
1215 3313 1536 3384 διανέμοντα
1565 3314 1633 3367 τὰ

64 3400 145 3453 ἐπὶ
157 3403 250 3473 γῆς
271 3403 396 3475 έθνη
414 3406 531 3467 τοῖς
554 3402 748 3456 ἑαυτοῦ
774 3403 1027 3471 ἀγγέλοις
1043 3420 1057 3434 ·
1086 3403 1293 3475 Κύριον
1312 3406 1370 3459 δὲ
1393 3404 1485 3458 τὸν
1506 3404 1633 3458 Υἰδν

66 3492 152 3546 τοῦ
167 3493 419 3559 Θεοῦ,τὺν
446 3494 600 3566 παρὰ
622 3493 716 3547 τοῦ
765 3495 981 3566 Πατρὸς
1011 3495 1103 3549 τὸν
1138 3496 1352 3568 Ἰσραὴλ
1381 3496 1633 3550 ὑποδεδε-

70 3584 270 3651 γμένον.
298 3587 475 3650 Αὐτὸς
497 3586 541 3639 δ’
564 3583 658 3639 οὖν
678 3578 833 3648 οὗτος
865 3588 893 3637 6
918 3585 1123 3659 Κύριος
1152 3587 1243 3641 καὶ
1269 3586 1358 3640 διὰ
1370 3587 1480 3640 τῶν
1503 3604 1634 3659 προσ

69 3675 307 3745 κειμένων
337 3679 394 3731 ὲν
426 3675 651 3747 βοηθείᾳ
673 3674 767 3728 τοῦ
800 3674 1061 3743 Ὑψίστου
1090 3680 1368 3732 κατοικεῖν
1393 3679 1630 3747 ἐλέγετο,

68 3769 369 3839 καταφυγήν
394 3786 457 3822 τε
492 3768 685 3822 ἑαυτοῦ
711 3769 801 3824 τὸν
824 3768 1091 3838 ’Υψιστον
1112 3768 1406 3833 τεθεῖσθαι,
1433 3770 1634 3843 δηλαδὴ

67 3851 147 3905 τὸν
171 3855 353 3909 ἑαυτοῦ
408 3856 660 3928 Πατέρα.
696 3856 788 3910 Διὸ
820 3855 1068 3911 λέλεκται
1103 3857 1239 3927 πρὸς
1269 3858 1460 3911 αὐτόν·
1514 3860 1635 3913 Ὅτι

68 3943 139 3997 σὺ
160 3986 174 4011 ,
197 3948 366 4015 Κύριε
385 3990 399 4014 ,
436 3950 614 4015 ἐλπίς
641 3967 793 4017 μου,
824 3948 931 4002 τὸν
963 3950 1253 4017 Ὕψιστον
1278 3951 1419 4003 ἔθου
1450 3968 1631 4007 κατα-

72 4032 252 4103 φυγήν
277 4051 411 4091 σου.
476 4038 627 4091 Ἐπεὶ
651 4038 709 4092 δὲ
753 4037 1183 4108 Ἰουδαῖκώτερον
1209 4040 1239 4091 6
1280 4038 1511 4104 Ἀκύλας
1541 4042 1636 4094 καὶ

71 4122 97 4172 ὁ
118 4124 391 4200 Σύμμαχος
417 4130 521 4201 τὴν
552 4129 847 4200 ἑρμηνείαν
878 4130 1220 4184 ὲκτεθείκασι
1240 4171 1255 4195 ,
1292 4131 1634 4204 ὑφορώμενοι

74 4214 124 4267 ’ὼ
154 4222 275 4290 περὶ
315 4222 405 4276 τοῦ
455 4223 707 4292 Ὑψίστου
741 4223 837 4275 καὶ
870 4225 999 4295 περὶ
1022 4223 1116 4277 τοῦ
1144 4224 1350 4293 Κυρίου
1380 4226 1635 4280 ἀποδεδο-

77 4308 217 4376 μένον
246 4314 374 4385 ήμῖν
414 4315 624 4386 δόγμα·
663 4317 758 4368 καὶ
787 4317 816 4368 6
864 4316 962 4387 μὲν
1018 4315 1249 4380 ’Δκύλας
1292 4319 1637 4388 ήρμήνευσεν

74 4399 251 4456 εἰπών’
285 4405 412 4459 Ὀτι
441 4405 544 4469 σὺ,
568 4406 765 4474 Κύριε,
796 4405 974 4473 ἐλπίς
995 4424 1148 4476 μου,
1201 4408 1467 4475 ὕψιστον
1508 4409 1639 4477 ἐθη-

76 4505 142 4542 κα
189 4495 639 4565 κατοικητήριόν
670 4510 819 4550 σου’
863 4498 891 4549 6
934 4496 991 4549 δὲ
1033 4496 1356 4568 Σύμμαχοςο
1394 4498 1477 4551 Σὺ
1505 4499 1635 4568 γὰρ,

77 4581 188 4647 Ges,
216 4585 431 4654 ἀφοόἰα
469 4605 615 4657 μου,
649 4588 923 4656 ὐψίστην
954 4587 1097 4642 ἔθου
1133 4586 1249 4655 τὴν
1281 4588 1640 4655 κατοίκησίν

75 4688 204 4729 σου·
237 4680 498 4750 τηρητέον
536 4679 753 4751 πρῶτον
786 4679 885 4749 μὲν
910 4718 925 4742 ,
967 4678 1044 4742 ὡς
1086 4680 1119 4749 ή
1159 4678 1381 4749 πέμπτη
1428 4677 1639 4742 ἔκδοσις

77 4768 271 4837 συνᾴδει
301 4774 413 4834 τοῖς
444 4771 879 4842 Ἑϐδομήκοντα,
922 4770 1144 4840 φήσασα
1173 4767 1268 4821 καὶ
1291 4767 1461 4839 αὐτή·
1510 4767 1639 4821 Ὅτι

75 4855 167 4919 σὺ,
190 4860 379 4929 Κύριε,
402 4862 576 4927 ἐλπίς
601 4879 742 4931 μου,
766 4860 875 4914 τὸν
901 4862 1190 4929 Ὕψιστον
1212 4858 1356 4915 ἔθου
1383 4874 1639 4928 καταφυ-

76 4944 179 5014 γήν
203 4963 316 5004 σου
336 4968 349 4981 ·
385 4953 669 5024 δεύτερον,
702 4952 778 5016 ὡς
811 4954 844 5023 ἡ
886 4950 1153 5024 Ἐϐραῖκὴ
1189 4950 1340 5021 φωνὴ
1360 4989 1375 5013 ,
1424 4949 1637 5003 Ἐλίων

76 5038 381 5110 περιέχουσα
412 5044 506 5097 τὸν
536 5043 796 5113 Ὕψιστον
818 5043 987 5113 δηλοῖ.
1019 5040 1268 5112 Εὔρομεν
1296 5039 1429 5109 γοῦν
1454 5040 1511 5093 ἐν
1536 5046 1633 5104 Vs"

75 5126 255 5203 ψαλμῷ
282 5135 528 5206 κείμενον
552 5136 613 5190 τὸ
632 5176 647 5201 ,
668 5134 1037 5204 Κεθφὰξομαι
1060 5133 1211 5203 πρὸς
1231 5133 1339 5187 τὸν
1359 5133 1506 5187 Θεὸν
1529 5130 1636 5186 τόν

78 5217 347 5287 ῧφιστονν
384 5226 513 5282 ἔνθα
546 5228 666 5283 ἀντὶ
695 5225 789 5279 τοῦ
813 5266 828 5289 ,
854 5224 960 5278 τὸν
992 5224 1291 5293 ὕψιστον,
1321 5224 1384 5277 τὸ
1416 5223 1634 5294 Ἑϐραϊ-

79 5309 163 5363 xliv
222 5315 429 5372 Ἐλίων
483 5319 748 5390 περιέχει,
797 5318 872 5381 ὡς
918 5316 1013 5381 καὶ
1071 5316 1167 5375 ἐπὶ
1214 5315 1309 5379 τοῦ
1348 5316 1633 5388 παρόντος.

82 5401 183 5456 Οὐκ
208 5405 309 5475 ἄρα
335 5409 439 5480 χρὴ
470 5409 822 5480 βιαζομένους
859 5409 961 5479 τήν
987 5405 1247 5477 ἀλήθειαν
1270 5403 1655 5475 διαστρέφεινν

82 5488 182 5569 Kal
225 5495 391 5560 ἄλλως
421 5497 508 5562 δὲ,
538 5501 694 5569 εἴπερ
734 5495 872 5551 κατὰ
906 5495 997 5549 τὸν
1044 5493 1274 5547 Ἀκύλαν
1310 5494 1449 5565 πρὸς
1477 5492 1641 5545 αὐτὸν

86 5580 166 5635 τὸν
211 5585 405 5657 Κύριον
456 5588 726 5653 λέλεκται,
833 5588 959 5640 Ὅτι
1014 5584 1134 5648 σὺ,
1200 5586 1412 5653 Κύριε,
1464 5583 1641 5648 ἐλπίς

82 5687 209 5740 μου.
276 5676 533 5746 ὒψιστον
583 5680 769 5749 ἔθηκα
815 5677 1159 5748 οἱκητήριόν
1205 5691 1351 5731 σου·
1409 5674 1443 5745 ἢ
1500 5674 1640 5729 κατὰ

1727 577 1919 628 simum
1962 576 2185 643 posuisti
2229 576 2490 646 refugium
2527 586 2707 639 tuum;
2756 580 3307 648 apertissimcdecla-

1727 679 1856 719 rans
1879 663 2166 719 Dominum
2196 680 2317 719 esse
2342 664 2409 718 ad
2425 680 2585 735 quem
2610 665 2723 720 haec
2755 668 2937 722 omnia
2960 668 3302 722 dicebantur.

1727 752 1863 808 Cum
1900 754 2049 807 nulla
2094 754 2239 809 enim
2277 754 2331 807 in
2372 752 2552 807 medio
2597 769 2843 823 personae
2890 758 3122 811 mutatio
3160 756 3306 811 facta

1729 845 1821 911 sit,
1861 845 2043 899 omnia
2075 861 2182 899 una
2216 846 2505 909 sententia,
2541 847 2695 915 quasi
2745 848 2834 900 uni
2879 848 3048 911 dicta,
3080 849 3309 904 concin-

1730 945 1858 992 nata
1886 946 2033 1000 sunt,
2065 952 2131 991 ac
2170 937 2255 993 his
2294 936 2477 992 verbis
2508 937 2654 992 clare
2684 937 3025 1007 signiﬁcatur
3054 940 3305 996 declarao

1730 1037 1926 1100 turque
1958 1030 2081 1099 quis
2118 1029 2209 1083 ille
2240 1029 2312 1084 sit
2347 1029 2651 1095 :Quoniam
2685 1037 2743 1081 tu
2784 1045 2861 1094 es,
2904 1028 3148 1096 Domine,
3190 1046 3306 1099 spes

1730 1139 1867 1185 mea,
1892 1121 2226 1175 Altissimum
2258 1122 2483 1189 posuisti
2503 1120 2763 1191 refugium
2786 1130 2953 1175 tuum.
2975 1120 3113 1187 Quia
3136 1124 3303 1187 enim,

1731 1211 1928 1282 inquit,
1976 1218 2057 1276 tu,
2107 1210 2353 1275 Domine,
2389 1212 2445 1265 in
2485 1227 2647 1282 quem
2694 1227 2794 1282 ego
2831 1211 3309 1281 speravi,.Altissi-

1730 1318 1900 1365 mum,
1951 1302 2005 1356 id
2055 1309 2140 1357 est
2174 1315 2491 1371 supremum
2550 1300 2721 1355 Deum
2764 1311 2819 1357 et
2874 1301 3090 1358 Patrem
3128 1309 3305 1369 tuum,

1729 1394 1998 1465 refugium
2034 1403 2185 1448 tuum
2234 1393 2491 1464 posuisti,
2532 1392 2655 1449 ideo
2688 1408 2796 1448 non
2827 1392 3089 1449 accedent
3124 1393 3191 1447 ad
3227 1403 3304 1457 te,

1732 1501 1907 1556 neque
1940 1486 2131 1549 millia,
2168 1501 2346 1556 neque
2376 1486 2562 1541 decem
2613 1486 2803 1550 millia,
2853 1501 2953 1541 nec
3004 1487 3182 1556 laquei
3214 1500 3310 1540 ve-

1732 1580 2001 1644 nantium,
2035 1594 2210 1649 neque
2249 1578 2395 1633 aliud
2440 1578 2717 1649 quidpiam
2766 1593 2831 1634 ex
2868 1578 3220 1633 memoratis:
3255 1585 3313 1633 et

1733 1672 1859 1743 quia
1886 1680 1966 1735 tu,
2009 1671 2255 1737 Domine,
2288 1686 2414 1741 spes
2454 1672 2558 1725 mei
2592 1688 2652 1727 es
2682 1672 2797 1725 hate
2826 1670 3057 1726 dicentis
3092 1690 3104 1724 :
3142 1670 3310 1724 Altis-

1733 1764 1928 1817 simum
1954 1763 2179 1832 posuisti
2210 1762 2474 1833 refugium
2506 1771 2694 1825 tuum;
2734 1762 2857 1817 ideo
2900 1761 3056 1814 initio
3101 1775 3310 1815 sermo—

1732 1854 1817 1910 nis
1850 1854 1916 1908 de
1946 1862 1999 1908 te
2044 1853 2292 1908 dicebam
2330 1871 2344 1905 :
2380 1853 2486 1919 Qui
2510 1853 2715 1907 habitat
2758 1852 2814 1906 in
2848 1852 3114 1921 adjutorio
3146 1852 3312 1907 Altis-

1732 1946 1873 2007 simi,
1910 1952 2004 1999 aut
2033 1961 2046 1998 :
2082 1944 2189 2012 Qui
2211 1944 2417 1997 habitat
2440 1946 2493 1998 in
2524 1944 2833 1999 abscondito
2862 1944 3147 2005 Altissimi.
3180 1945 3309 2015 quia

1732 2035 1787 2090 in
1816 2036 2035 2091 arcanis
2067 2045 2120 2091 et
2150 2036 2383 2092 occultis
2422 2044 2475 2091 te
2513 2037 2829 2092 Altissimus
2859 2036 3005 2092 sedis
3042 2044 3097 2090 et
3126 2036 3309 2090 throni

1731 2136 2042 2183 consortem
2068 2127 2266 2192 effecit,
2299 2136 2354 2184 te
2391 2130 2472 2183 sic
2514 2128 2799 2197 alloquens
2838 2146 2851 2182 :
2884 2126 3016 2183 Sede
3044 2146 3076 2181 a
3106 2128 3309 2183 dextris

1731 2219 1884 2283 meis,
1925 2217 2089 2273 donec
2126 2235 2321 2288 ponam
2363 2221 2605 2275 inimicos
2639 2231 2756 2274 tuos
2804 2219 3090 2275 scabellum
3123 2220 3312 2291 pedum

1734 2322 1945 2366 tuorum
1967 2313 2036 2366 ".

1708 2492 1719 2505 ·
1802 2470 1939 2526 Cum
1985 2480 2166 2527 autem
2196 2472 2511 2528 Altissimus
2534 2471 2625 2527 hic
2656 2488 2755 2542 pro
2786 2487 3043 2543 supremo
3068 2473 3311 2527 omnium

1733 2560 1845 2617 Deo
1873 2562 2239 2634 intelligatur;
2295 2563 2558 2619 Dominus
2612 2569 2796 2617 autem
2860 2579 2958 2633 pro
3017 2561 3154 2617 Filio
3199 2561 3313 2626 Dei,

1732 2654 1827 2723 qui
1868 2655 2209 2711 Altissimum
2244 2658 2425 2727 posuit
2460 2656 2729 2727 reiugium
2773 2670 2971 2722 suum;
2997 2656 3123 2725 jure
3169 2654 3319 2725 Moy-

1734 2758 1823 2799 ses
1845 2743 2091 2813 ejusdem
2125 2743 2365 2814 Spiritus
2380 2745 2606 2800 numine
2626 2744 2839 2801 afﬂatus
2868 2744 2921 2797 in
2945 2759 3143 2815 magno
3186 2758 3319 2799 can-

1733 2840 1840 2894 tico
1877 2841 1989 2894 haec
2029 2839 2214 2893 docuit
2249 2859 2261 2893 :
2295 2838 2520 2905 Quando
2561 2837 2826 2895 dividebat
2859 2838 3164 2892 Altissimus
3193 2852 3321 2908 gen-

1734 2941 1830 2995 tes,
1862 2942 1921 2985 ut
1943 2930 2325 2985 disseminabat
2358 2931 2501 3000 ﬁlios
2534 2930 2730 2993 Adam,
2763 2929 3034 2983 constituit
3069 2928 3317 2982 terminos

1735 3025 2069 3095 populorum,
2103 3023 2389 3079 secundum
2434 3039 2711 3077 numerum
2752 3023 3057 3093 angelorum
3101 3020 3213 3074 Dei.
3249 3018 3319 3071 Et

1737 3118 1883 3186 facta
1920 3125 1999 3171 est
2038 3118 2210 3185 portio
2244 3114 2461 3171 Domini
2488 3114 2712 3184 populus
2738 3114 2851 3183 ejus
2879 3111 3071 3176 Iacob,
3108 3111 3320 3179 funicu-

1660 3199 1702 3253 C
1736 3210 1819 3263 lus
1866 3207 2193 3262 hwreditatis
2250 3207 2365 3276 ejus
2432 3206 2605 3260 Israel
2647 3206 2718 3262 ⁷³.
2775 3204 2871 3259 llis
2911 3203 3053 3258 enim
3107 3202 3321 3273 Moyses
3374 3256 3385 3266 ,

1733 3302 1901 3356 Deum
1934 3300 2237 3370 ingenitum
2262 3299 2475 3369 liquido
2502 3297 2842 3353 Altissimum
2881 3295 3195 3366 appellavit,
3226 3294 3321 3363 qui

1731 3403 1920 3464 gentes
1980 3400 2136 3447 terrae
2193 3391 2401 3462 angelis
2459 3391 2576 3446 suis
2637 3389 2953 3453 distribuit;
3031 3386 3321 3441 Dominum

1728 3499 1861 3539 vero
1910 3482 2110 3538 Filium
2158 3481 2278 3545 Dei,
2312 3482 2408 3553 qui
2459 3481 2712 3537 lsraelem
2753 3495 2783 3533 a
2836 3478 2999 3535 Patre
3058 3478 3320 3548 suscepit.

1732 3574 1833 3631 llic
1881 3592 2011 3649 ergo
2063 3578 2182 3647 ipse
2256 3574 2522 3630 Dominus
2594 3574 2649 3627 in
2714 3571 2988 3642 adiutorio
3054 3567 3321 3623 Altissimi

1732 3669 1980 3724 habitare
2050 3667 2440 3731 aﬂirmabatur,
2514 3673 2569 3720 et
2639 3664 2983 3718 AltiSsimum
3068 3662 3323 3730 posuisse

1731 3761 1999 3831 refugium
2048 3776 2230 3825 suum,
2271 3758 2525 3813 videlicet
2571 3755 2786 3809 Patrem
2832 3768 3013 3808 suum.
3047 3752 3324 3817 Quamob-

1732 3869 1847 3909 rem
1886 3852 2092 3907 dietum
2152 3859 2237 3907 est
2294 3851 2373 3905 illi
2430 3869 2443 3904 :
2500 3848 2767 3915 Quoniam
2818 3856 2876 3900 tu
2936 3862 3014 3908 es,
3077 3843 3319 3907 Domine,

1732 3958 1847 4011 spes
1880 3957 2016 4004 mea,
2046 3940 2384 3994 Altissimum
2414 3936 2643 4008 posuisti
2679 3934 2943 4005 refugium
2981 3944 3149 3988 tuum.
3182 3931 3323 3999 Quia

1732 4049 1863 4089 vero
1927 4033 2124 4103 Aquila
2173 4039 2228 4086 et
2274 4029 2636 4102 Symmachus
2690 4026 2854 4081 modo
2910 4025 2977 4080 ad
3035 4024 3323 4079 Judaicam

1735 4125 2064 4181 sententiam
2125 4122 2355 4194 propius
2410 4121 2711 4175 accedente
2768 4117 3111 4187 interpretati
3170 4125 3321 4182 sunt,

1738 4211 2047 4266 doctrinam
2084 4227 2114 4264 a
2146 4211 2306 4266 nobis
2336 4211 2403 4264 de
2434 4210 2718 4266 Altissimo
2752 4218 2805 4263 et
2836 4208 2905 4263 de
2939 4207 3171 4261 Domino
3213 4216 3325 4260 tra-

1736 4302 1904 4357 ditam
1955 4310 2267 4372 suspectam
2311 4302 2618 4366 habentes;
2655 4298 2853 4370 Aquila
2908 4300 3053 4355 enim
3118 4297 3322 4360 ulidia,

1739 4394 2001 4460 Quoniam
2027 4403 2103 4459 tu,
2154 4393 2397 4457 Domine,
2433 4409 2550 4461 spes
2610 4410 2747 4455 mea,
2799 4391 3120 4444 altissimum
3170 4389 3324 4455 posui

1740 4485 2107 4539 habitaculum
2167 4492 2355 4549 tuum;
2404 4484 2768 4556 Symmachus
2818 4496 2980 4543 vero,
3041 4478 3119 4531 Tu
3160 4478 3322 4541 enim,

1742 4577 1905 4637 Deus.
1927 4578 2127 4647 ﬁducia
2156 4594 2294 4641 mea,
2321 4577 2643 4631 altissimam
2689 4575 2914 4645 posuisti
2944 4570 3325 4625 habitationem

1740 4680 1919 4731 tuum;
1950 4669 2351 4724 observandum
2386 4668 2562 4739 primo
2580 4675 2685 4729 est,
2714 4666 2965 4736 quintam
3031 4662 3323 4717 editionem

1742 4757 2095 4830 Septuaginta
2124 4758 2519 4829 luterpretibus
2547 4757 2822 4822 accinere,
2855 4770 2979 4808 nam
3010 4765 3064 4807 et
3096 4754 3213 4824 ipsa
3243 4751 3324 4807 sic

1738 4850 1924 4915 habet,
1957 4850 2220 4916 Quoniam
2256 4860 2334 4915 tu,
2383 4848 2625 4913 Domine,
2659 4863 2773 4920 spes
2822 4863 2960 4910 mea,
2999 4846 3321 4900 altissimum

1738 4942 1967 5012 posuisti
2014 4942 2277 5013 refugium
2336 4952 2484 4995 tuum
2528 4956 2547 5004 ;
2585 4939 2848 5005 secundo,
2882 4938 3199 4994 Hebraicam
3228 4951 3325 4990 vo-

1740 5050 1882 5099 cem,
1910 5048 2032 5104 quaa
2070 5033 2229 5087 Elian
2256 5031 2419 5087 habet
2436 5030 2770 5091 Altissimum
2791 5029 3116 5100 signiﬁcare.
3153 5026 3209 5081 In
3238 5041 3325 5082 ινι

1739 5126 1884 5183 enim
1900 5125 2111 5197 psalmo
2126 5125 2207 5180 sic
2220 5138 2539 5195 expressum
2556 5122 2862 5177 invenimus
2880 5122 2924 5152 "
2946 5141 2957 5174 :
2985 5118 3239 5176 Clamabo
3256 5118 3325 5171 ad

1742 5215 1911 5279 Deum
1940 5216 2260 5274 altissimum
2291 5229 2310 5267 :
2349 5214 2441 5268 ubi
2466 5228 2566 5283 pro
2591 5213 2706 5277 illo,
2734 5212 3072 5273 altissimum,
3100 5208 3325 5263 Hebrai-

1741 5322 1867 5361 eum
1891 5306 2188 5376 exemplar,
2216 5304 2393 5369 Elian,
2428 5300 2762 5365 circumfert,
2787 5310 2847 5355 ut
2872 5307 2927 5355 et
2962 5301 3015 5353 in
3048 5298 3321 5367 praesenti.

1739 5398 1857 5463 Non
1893 5407 2109 5469 oportet
2136 5410 2268 5465 ergo
2299 5393 2557 5453 violentia
2587 5400 2806 5447 utentes
2857 5391 3140 5447 veritatem
3171 5406 3324 5445 ever-

1742 5497 1878 5543 tere.
1909 5487 1977 5543 Et
2005 5485 2246 5555 alioquin
2267 5484 2314 5538 si
2339 5482 2641 5539 secundum
2669 5480 2921 5551 Aquilam
2957 5480 3059 5550 ipsi
3092 5478 3325 5534 Domino

1741 5580 1948 5635 dictum
1983 5580 2075 5645 sit,
2107 5578 2371 5645 Quoniam
2405 5584 2459 5628 tu
2486 5591 2563 5641 es,
2588 5574 2830 5639 Domine,
2865 5588 2977 5641 spes
3010 5589 3146 5636 mea,
3168 5571 3322 5627 altis-

1742 5673 1938 5728 simum
1985 5670 2139 5741 posui
2192 5667 2553 5723 habitaculum
2620 5676 2803 5729 tuum;
2864 5671 2957 5719 aut
3022 5662 3320 5719 secundum

150 5824 191 5856 "
226 5826 366 5889 l’sal.
399 5846 519 5896 cu,
554 5830 606 5889 l.
679 5832 727 5864 "
768 5830 921 5888 Deut.
956 5846 1103 5887 χχιιι
1129 5870 1143 5891 ,
1182 5832 1235 5889 8.
1274 5831 1325 5886 9.
1404 5831 1450 5863 ⁷³
1504 5829 1627 5885 Psal

1734 5846 1769 5883 ιί
1839 5828 1896 5883 5ο
