3830 6288
560 312 695 369 1151

1239 300 1512 360 EUSEBII
1550 299 2030 359 CESARIENSIS
2068 299 2218 358 OPP.
2257 297 2436 355 PARS
2472 298 2560 358 Ill.
2597 330 2668 342 —
2704 295 3115 355 EXEGETICA.
3592 306 3682 363 ηεξ

559 424 965 498 Symmachum,
998 423 1076 476 Tu
1109 421 1268 485 enim,
1304 419 1460 484 Deus,
1504 416 1889 489 ﬁducia'mea,
1934 419 2132 474 alticsi.

2241 420 2330 474 τὸν
2347 419 2661 490 Σύμμαχον,
2684 417 2766 472 Σὺ
2781 415 2911 486 τὰρ,
2929 415 3122 483 Κύριε,
3149 414 3354 483 ἀφοϐια
3365 434 3484 485 μου,
3501 420 3684 493 ὑψίστηγ

556 533 700 571 mam
737 516 963 586 posuisti
1005 513 1388 568 habitationem
1423 521 1568 565 tuam
1587 527 1606 575 ;
1635 522 1687 566 et
1718 525 1921 576 sermo,
1953 519 2013 565 ut
2040 509 2137 564 Ju-

555 609 656 665 (Ιωί
685 610 1001 679 Opinantur,
1052 607 1118 662 ad
1169 605 1338 662 Deum
1388 607 1771 660 universorum
1817 603 2131 659 referatur:

554 715 656 756 cur
703 699 959 769 deinceps
1019 698 1258 760 additur,
1316 695 1615 752 secundum
1670 695 1944 766 Aquilam,
2010 693 2133 748 Non

553 792 928 860 importabitur
956 789 1049 843 tibi
1073 789 1300 852 malitia,
1334 798 1384 842 et
1413 787 1573 856 plaga
1601 803 1706 839 non
1741 785 2136 855 appropinqua-

555 880 630 938 bit
663 890 952 953 tegumenta
984 889 1095 945 tuo,
1117 881 1365 952 quoniam
1394 879 1596 950 angelis
1639 881 1751 934 suis
1777 879 2048 948 praecipiet
2077 887 2135 932 ut

553 974 857 1029 custodiant
903 983 949 1027 te
988 974 1042 1027 in
1093 972 1333 1028 omnibus
1362 973 1460 1026 viis
1494 972 1619 1026 tuis.
1649 971 1717 1026 In
1757 970 1999 1026 manibus
2035 970 2138 1026 tol-

555 1066 661 1122 lent
696 1078 764 1130 te,
799 1083 860 1120 ne
889 1066 1024 1135 forte
1069 1064 1302 1135 oﬂ'endat
1329 1065 1384 1117 in
1431 1063 1604 1133 lapide
1629 1079 1720 1133 pes
1751 1073 1906 1128 tuus;
1939 1077 2138 1118 secun-

552 1159 682 1213 dum
740 1157 1122 1229 Symmachum
1172 1171 1322 1222 vero,
1377 1166 1504 1227 post
1549 1156 1707 1220 illud,
1758 1156 1861 1235 12a,
1889 1155 2133 1219 Domine,

553 1248 753 1318 ﬁducia
783 1266 919 1313 mea,
945 1249 1266 1303 altissimam
1287 1249 1515 1317 posuisti
1545 1248 1923 1302 habitationem
1951 1258 2134 1312 tuam;

553 1355 661 1408 qua
686 1339 754 1394 de
782 1354 952 1394 causa
981 1338 1424 1409 subjicitur,Non
1454 1339 1756 1410 prwvalebit
1785 1340 2063 1395 adversum
2087 1351 2136 1396 te

554 1433 776 1495 malum,
804 1447 964 1498 neque
991 1430 1149 1501 plaga
1187 1433 1626 1503 appropinquabit
1657 1433 1998 1488 tabernaculo
2021 1443 2130 1488 tuo.

553 1523 817 1588 Quoniam
861 1524 1061 1594 angelis
1099 1524 1212 1578 suis
1252 1523 1526 1578 mandabit
1551 1525 1615 1579 de
1645 1534 1712 1589 te,
1745 1539 1802 1578 ut
1831 1525 2132 1580 custodiant

551 1625 600 1668 te
633 1615 687 1668 in
717 1614 958 1669 omnibus
983 1616 1078 1669 viis
1111 1617 1238 1670 tuis.
1275 1613 1341 1668 In
1370 1617 1616 1670 manibus
1656 1616 1935 1685 gestabant
1975 1627 2042 1678 te,
2076 1625 2134 1670 ut

549 1723 613 1760 ne
645 1707 911 1777 impingas
963 1709 1017 1761 in
1072 1707 1300 1777 lapidem
1338 1706 1467 1776 pede
1510 1712 1642 1764 tuo?
1668 1707 1794 1764 H330
1827 1711 2028 1780 quippe
2065 1709 2133 1765 de

2237 509 2379 564 ἔθου
2404 509 2519 576 τὴν
2545 508 2788 575 οἴκησίν
2830 522 2948 561 σου
2967 523 2981 535 ’
3013 505 3334 576 ἀναφέρεταί
3363 523 3415 558 τε
3435 509 3461 562 ὁ
3483 507 3685 580 15mm;

2234 599 2300 654 ἂν
2327 601 2560 672 οἰηθεῖεν
2602 600 2870 655 Ἰουδαίων
2895 599 3099 663 παῖδες,
3127 599 3218 651 ἐπὶ
3242 599 3326 652 τὸν
3347 599 3441 652 τῶν
3467 599 3572 655 ὅλων
3589 604 3687 671 θεὸν,

2235 695 2354 758 πῶς
2389 694 2656 763 συνῆπται
2690 693 2815 764 ἑξῆς
2863 692 3004 746 κατὰ
3039 691 3137 762 μὲν
3175 692 3263 744 τὸν
3313 692 3513 749 Ἀκύλαν
3547 695 3615 758 τὸ,
3641 701 3689 752 οὺ

2229 787 2670 859 μεταχθήσεται
2698 785 2846 854 πρὸς
2866 785 2941 838 σὲ
2969 784 3149 840 κακία
3167 823 3182 848 ,
3204 782 3299 836 καὶ
3327 783 3439 852 ἁφὴ
3467 787 3554 838 οὐκ
3577 786 3690 855 tnui

2234 882 2303 937 ἐν
2332 879 2534 948 σκέπῃ
2563 893 2679 933 σου
2698 894 2711 909 ⁸
2742 878 2832 931 ὅτι
2869 877 3147 946 ἀγγέλοις
3171 877 3350 930 αὑτοῦ
3374 875 3629 931 ἐντελεῖταί
3647 898 3691 935 σε

2234 971 2501 1043 φυλάξαι
2522 972 2593 1025 ἐν
2615 969 2842 1035 πάσαις
2862 968 3025 1034 ὁδοῖς
3046 982 3184 1022 σου.
3228 967 3349 1020 Ἐπὶ
3368 966 3568 1034 ταρσῶν
3587 969 3692 1036 ἀροῦ-

2235 1083 2320 1130 σι,
2348 1066 2581 1135 μήποτε
2618 1064 2940 1132 προσκόψνῃ
2962 1062 3031 1114 ἐν
3060 1063 3207 1125 λίθῳ
3233 1062 3266 1114 ὁ
3296 1059 3440 1126 ποῦς
3467 1073 3584 1113 σου·
3605 1062 3690 1113 ποτὲ

2234 1158 2291 1211 δὲ
2318 1156 2412 1210 τὸν
2434 1155 2750 1226 Σύμμαχον,
2784 1151 2920 1224 μετά
2941 1151 3002 1204 τὸ
3019 1191 3034 1216 ,
3059 1150 3142 1204 Σὺ
3157 1191 3171 1215 ,
3195 1150 3395 1218 Κύριε,
3419 1151 3594 1218 ἀφοόία
3607 1168 3689 1216 μου,

2234 1251 2508 1319 ὑψίστην
2539 1249 2680 1303 ἔθου
2709 1246 2826 1316 τὴν
2855 1245 3098 1313 οἴκησίν
3143 1259 3288 1298 σου·
3344 1242 3453 1307 πῶς
3484 1242 3695 1310 initium:

2233 1343 2315 1405 τὸ,
2345 1345 2426 1397 Οὐ
2459 1341 2814 1410 κατισχύσει
2847 1354 2962 1394 σου
2991 1336 3212 1393 κακὸν.
3251 1333 3390 1389 οὐδὲ
3553 1334 3697 1402 ἐγγίσει

2233 1434 2308 1503 τῇ
2331 1432 2534 1502 σκηνῇ
2559 1449 2696 1488 σου.
2730 1432 2859 1485 Ὀτι
2884 1429 3008 1495 τοῖς
3021 1427 3299 1498 ἀγγέλοις
3324 1424 3603 1480 ἐντελεῖται
3620 1427 3699 1493 περὶ

2233 1527 2350 1583 σοῦ
2371 1525 2720 1596 φυλάσσειν
2740 1540 2814 1579 σε
2833 1525 2901 1577 ἐν
2926 1521 3150 1587 πάσαις
3166 1519 3295 1586 ταῖς
3315 1519 3466 1584 ὁδοῖς
3484 1533 3592 1572 σου.
3622 1518 3699 1570 Ἐπὶ

2234 1619 2448 1690 χειρῶν·
2460 1618 2854 1684 βαστάσουσι
2882 1630 2976 1678 σε,
3003 1616 3102 1668 ἵνα
3126 1613 3213 1683 μὴ
3243 1611 3564 1680 προσπαίσῃ
3583 1611 3702 1664 ou.

2234 1716 2314 1776 θφ
2339 1711 2478 1764 ποδί
2508 1727 2660 1773 σου;
2707 1708 2895 1762 Ταῦτα
2929 1706 3040 1778 γὰρ
3082 1705 3219 1778 πρὸς
3250 1704 3342 1757 τὸν
3366 1702 3467 1756 τῶν
3503 1702 3607 1754 ὅλων
3625 1701 3703 1754 Θεὸν

553 1796 680 1875 Deo,
718 1799 1104 1854 universorum
1151 1800 1297 1854 dicta
1349 1808 1560 1870 putare,
1590 1799 1682 1870 qui
1735 1815 1844 1855 non
1884 1801 2129 1854 omnium

2236 1804 2492 1874 λέγεσθαι
2525 1803 2641 1865 πῶς
2681 1802 2780 1854 οὐκ
2811 1800 2878 1853 ἂν
2909 1798 2994 1868 εἴη
3025 1799 3242 1851 πάντων
3280 1794 3625 1856 ἁσεϐἐστατον;
3650 1795 3705 1855 Τίς

550 1889 938 1958 impiissimum
992 1890 1192 1944 fuerit?
1219 1890 1355 1956 Quis
1394 1892 1540 1946 enim
1583 1892 1790 1962 angelis
1822 1893 1938 1948 suis
1979 1908 2133 1946 man-

546 1980 641 2035 det
681 1981 748 2035 de
800 1981 907 2036 Deo
960 1983 1364 2044 universorum,
1425 1991 1484 2036 ut
1544 1984 1856 2040 custodiant
1903 2001 2024 2039 eum
2079 1986 2134 2040 in

548 2072 803 2128 omnibus
857 2073 960 2129 viis
1004 2074 1212 2144 ipsius?
1242 2083 1336 2127 aut
1384 2076 1660 2144 quomodo
1685 2075 1994 2146 Deum,qui
2039 2093 2135 2131 su-

548 2180 645 2234 pra
675 2166 858 2219 omnia
892 2173 1000 2230 est,
1041 2167 1293 2222 manibus
1324 2167 1635 2237 gestabunt,
1669 2177 1730 2221 ut
1759 2184 1867 2222 non
1898 2167 2137 2223 offendat

549 2257 616 2309 ad
654 2256 884 2326 lapidem
925 2271 1021 2326 pes
1052 2256 1212 2325 ejus?
1248 2257 1317 2310 At
1367 2255 1518 2312 vides
1546 2273 1654 2312 non
1688 2258 1854 2314 licere
1893 2273 1989 2329 per
2019 2273 2136 2313 ser-

548 2346 728 2401 monis
778 2347 997 2409 seriem,
1046 2347 1160 2401 lucc
1208 2349 1274 2402 ad
1328 2365 1619 2418 personam
1669 2350 1782 2415 Dei,
1830 2352 1922 2421 qui
1967 2367 2136 2422 supra

547 2441 732 2491 omnia
779 2445 883 2504 est,
917 2437 1125 2494 referre
1156 2458 1168 2494 :
1204 2455 1381 2509 neque
1431 2442 1558 2495 item
1599 2442 1854 2512 superius
1887 2443 2032 2498 dicta
2067 2445 2136 2498 ab

548 2526 663 2592 illo,
691 2526 956 2592 Quoniam
976 2530 1084 2598 ipse
1121 2530 1362 2584 liberabit
1408 2541 1456 2586 te
1492 2531 1556 2585 de
1587 2532 1772 2603 laqueo
1807 2535 2132 2600 venantium,

549 2635 582 2672 a
629 2617 780 2673 verba
829 2620 1148 2677 turbulento.
1185 2621 1246 2676 In
1280 2623 1510 2691 scapulis
1542 2626 1652 2679 suis
1679 2625 2012 2679 obumbrabit
2041 2625 2138 2679 tibi

545 2719 596 2764 et
625 2709 721 2764 sub
747 2713 929 2780 pennis
958 2713 1071 2782 ejus
1097 2716 1353 2782 sperabis,
1370 2723 1424 2769 et
1442 2725 1639 2772 caetera
1663 2732 1785 2786 quae
1807 2729 2133 2786 sequuntur.

617 2803 775 2868 Quod
822 2804 867 2860 si
912 2805 1036 2876 quis
1079 2805 1193 2860 hate
1233 2807 1466 2876 accipiat
1499 2808 1566 2862 de
1605 2808 1829 2862 Christo
1867 2807 1985 2871 Dei,
2042 2811 2135 2877 qui

543 2891 656 2959 hic,
686 2903 744 2948 ut
785 2894 947 2948 etiam
981 2895 1130 2962 alibi,
1166 2895 1430 2954 Dominus
1461 2907 1721 2964 vocatur,
1757 2900 1804 2955 is
1831 2915 1941 2954 non
1972 2901 2134 2956 aber-

2236 1894 2345 1964 γὰρ
2365 1894 2393 1945 ὁ
2416 1895 2526 1955 τοῖς
2556 1890 2805 1959 ἀγγέλοις
2827 1887 2991 1940 αὑτοῦ
3015 1885 3391 1956 ἐντελλόμενος
3417 1885 3528 1955 περὶ
3544 1883 3612 1935 τοῦ
3625 1881 3704 1934 Θεσῦ

2234 1985 2342 2038 τῶν
2367 1985 2522 2048 ὅλων,
2549 1983 2689 2036 ὥστε
2722 1981 3008 2049 φυλάττειν
3030 1979 3190 2032 αὐτὸν
3225 1979 3284 2030 ἐν
3314 1978 3501 2040 πάσαις
3522 1979 3612 2038 ταῖς
3625 1976 3708 2036 ὁδοῖς

2235 2075 2432 2141 αὐτοῦ;
2479 2077 2511 2146 ἦ
2545 2075 2662 2138 πῶς
2704 2074 2795 2127 τὸν
2832 2073 2925 2125 ἐπὶ
2956 2071 3172 2126 πάντων
3196 2071 3331 2124 Θεὸν
3369 2072 3455 2123 ἐπὶ
3479 2070 3629 2140 χειρῶν

2237 2170 2524 2223 στάσουσιν
2550 2208 2565 2234 ,
2616 2167 2703 2221 ἵνα
2756 2165 2830 2238 μὴ
2880 2163 3196 2237 προσπαίσῃ
3228 2161 3363 2231 λίθῳ
3389 2162 3417 2214 ὁ
3442 2159 3557 2223 ποῦς
3585 2159 3706 2223 aito-3;

2247 2259 2387 2311 Ἀλλ’
2413 2259 2546 2330 ὁρᾷς
2564 2299 2579 2321 ,
2609 2256 2685 2320 ὡς
2713 2259 2742 2311 δ
2775 2257 2934 2326 λόγος
2965 2257 3067 2309 οὐκ
3100 2254 3390 2325 ἐπιτρέπει
3413 2253 3486 2315 εἰς
3513 2251 3707 2321 πρόσωπον

2235 2346 2328 2402 τοῦ
2355 2349 2446 2401 ἐπὶ
2474 2347 2690 2400 πάντων
2728 2347 2861 2401 Θεοῦ
2896 2346 3072 2402 ταῦτα
3100 2343 3494 2416 ἀναφέρεσθαν
3519 2342 3612 2395 ἐπεὶ
3634 2340 3710 2410 μηᾶ

2235 2440 2304 2493 τὰ
2326 2439 2583 2511 ἀνωτέρω
2607 2439 2717 2492 ἀπὸ
2739 2439 2832 2492 τοῦ
2847 2481 2864 2505 ,
2897 2440 3018 2492 Ὅτι
3046 2439 3231 2503 αὐτὸς
3251 2434 3497 2504 ῥύσεταί
3514 2450 3574 2488 σε
3587 2433 3635 2486 ἐκ
3649 2446 3713 2484 sa-

2236 2533 2401 2604 γίδος
2428 2530 2750 2599 θηρευτῶν,
2779 2531 2898 2585 ἀπὸ
2929 2532 3116 2600 λόγου
3145 2526 3627 2598 ταραχώδους.“ἓν
3641 2523 3713 2590 τοῖς

2231 2622 2624 2692 μεταφρένοις
2663 2621 2849 2676 αὑτοῦ
2885 2619 3234 2676 ἐπισκιάσει
3263 2636 3396 2684 σοι,
3430 2619 3518 2672 καὶ
3549 2616 3636 2671 ὑπὸ
3652 2615 3713 2679 τὰς

2237 2712 2536 2782 πτέρυγας
2561 2711 2746 2767 αὐτοῦ
2783 2711 3010 2778 ἐλπιεῖς
3028 2751 3043 2776 ,
3083 2713 3176 2765 καὶ
3205 2710 3276 2764 τὰ
3302 2710 3505 2774 τούτοις
3542 2708 3710 2777 tadum

2313 2807 2377 2860 Ei
2398 2805 2454 2858 δέ
2475 2823 2559 2869 τις
2587 2805 2758 2858 ταῦτα
2787 2805 3005 2859 ὲκλάϐοι
3033 2806 3124 2858 ἐπὶ
3151 2805 3247 2858 τὸν
3277 2805 3504 2877 Χριστὸν
3524 2801 3599 2856 τοῦ
3617 2798 3711 2863 Θεοῦ,

2237 2901 2334 2953 καὶ
2357 2899 2592 2954 ἐνταῦθα
2631 2900 2866 2972 Κύριον,
2917 2899 3105 2970 ὥσπερ
3134 2895 3229 2953 οὖν
3259 2900 3357 2952 καὶ
3385 2901 3440 2952 ὲν
3475 2896 3712 2959 άλλοιςιξιο

545 2986 749 3040 ravcrit
791 3000 823 3040 a
874 3002 1004 3043 vero
1046 3007 1060 3043 :
1097 3003 1224 3042 nam
1271 2989 1565 3059 Apostolus
1597 3005 1816 3061 quoque
1841 2992 1958 3046 ait:
1990 2989 2132 3046 Unus

2243 2991 2516 3062 μασμένον
2537 3031 2552 3054 ,
2575 2992 2676 3045 οὐκ
2715 2990 2782 3046 ἂν
2811 2990 3097 3062 διαμάρτοι
3121 2991 3224 3061 τῆς
3253 2991 3531 3062 ἀληθείας·
3555 2986 3713 3041 ἐπεὶυέ

545 3075 688 3131 Deus
733 3092 798 3132 ea:
838 3095 940 3149 quo
987 3081 1186 3146 omnia,
1224 3091 1273 3136 et
1317 3098 1454 3137 unus
1521 3082 1783 3139 Dominus
1843 3101 1932 3153 per
1983 3102 2132 3156 quem

2238 3085 2266 3135 ὁ
2301 3083 2654 3146 Ἀπόστολος,
2688 3077 2793 3148 Εἷς
2821 3081 2998 3148 Θεὸς,
3032 3081 3102 3145 ἐξ
3126 3076 3199 3136 οὗ
3231 3082 3307 3136 τὰ
3345 3079 3526 3134 πάντα
3544 3121 3556 3143 ,
3582 3078 3651 3132 καὶ
3669 3070 3716 3139 εἶς

547 3170 781 3222 omnia"
812 3187 826 3222 :
863 3185 926 3224 ac
951 3187 1193 3235 rursum,
1227 3171 1374 3227 Unus
1428 3174 1704 3238 Dominus,
1754 3175 1968 3245 inquit,
2026 3192 2132 3230 una

2236 3174 2448 3240 Κύριος
2469 3213 2483 3238 ,
2515 3172 2590 3226 δι’
2625 3168 2696 3226 οὗ
2724 3173 2797 3226 τὰ
2827 3171 3051 3226 πάντα·
3083 3173 3178 3226 καὶ
3222 3171 3424 3236 πάλιν,
3453 3169 3543 3236 Εἷς
3568 3171 3713 3236 Κύριις.

547 3261 701 3330 ﬁdes,
746 3278 909 3316 unum
950 3262 1234 3333 baptisma.
1287 3264 1433 3320 Unus
1456 3265 1652 3331 'Deus,
1695 3268 1787 3335 qui
1844 3278 1924 3321 est
1981 3284 2132 3336 super

2235 3265 2391 3336 φησι,
2409 3267 2518 3333 μία
2533 3265 2756 3331 πίστις,
2776 3265 3192 3336 ἐνβάπτισμα.
3214 3261 3328 3332 Εἷς
3346 3265 3485 3331 Θεὸς
3503 3264 3617 3318 όὲπὶ
3631 3259 3716 3314 πάν-

546 3351 746 3414 omnia,
797 3363 847 3405 et
888 3367 981 3420 per
1030 3356 1233 3420 omnia,
1265 3365 1313 3410 et
1358 3356 1415 3410 in
1457 3357 1782 3414 omnibus".
1810 3357 1928 3411 Duo
1954 3367 2132 3414 autem

2235 3374 2355 3411 των
2386 3358 2483 3412 καὶ
2517 3357 2615 3412 διὰ
2645 3358 2890 3413 πάντων
2918 3359 3016 3414 καὶ
3044 3359 3114 3412 ὲν
3153 3358 3330 3414 πᾶσι.
3387 3355 3563 3428 Κύριοι
3597 3370 3639 3405 τε
3667 3349 3714 3402 δίο

548 3439 764 3498 Domini
792 3451 978 3514 aperte
1008 3461 1038 3499 a
1071 3445 1274 3502 Davide
1300 3448 1431 3504 dicti
1458 3455 1588 3503 sunt
1613 3450 1668 3504 in
1700 3450 1814 3514 illo,
1845 3449 1986 3504 Dixit
2022 3450 2134 3504 Do—

547 3537 726 3591 minus
769 3538 996 3592 Domino
1026 3557 1160 3603 meo,
1194 3539 1325 3595 Sede
1361 3559 1394 3594 a
1419 3541 1623 3597 dextris
1659 3545 1812 3609 meis,
1840 3542 2004 3598 donec
2041 3559 2136 3610 po-

545 3645 674 3684 nam
734 3629 978 3684 inimicos
1042 3642 1159 3685 tuos
1215 3633 1506 3686 scabellum
1553 3633 1745 3703 pedum
1822 3637 2133 3702 tuorum";

2235 3449 2494 3520 ἄντικρυς
2525 3450 2619 3502 κα)⁵
2652 3450 2756 3503 ὑπὸ
2784 3451 2878 3504 τοῦ
2925 3449 3088 3505 Δαυῒδ
3120 3448 3515 3520 ὠνομάσθησαν
3548 3443 3659 3537 κατά

2237 3538 2424 3595 Εἶπεν
2453 3545 2487 3596 ὀ
2524 3543 2740 3610 Κύριος
2774 3541 2856 3609 τῷ
2878 3543 3074 3611 Κυρίῳ
3097 3558 3251 3611 μου·
3285 3540 3479 3596 Κάθου
3504 3539 3564 3590 ἐκ
3586 3533 3713 3627 δεξιᾷ

2230 3651 2348 3704 μου
2368 3675 2382 3697 ,
2413 3634 2524 3700 ἕως
2551 3634 2628 3687 ἂν
2656 3634 2737 3688 θῶ
2765 3633 2909 3701 τοὺς
2929 3634 3181 3704 ἐχθρούς
3205 3647 3330 3687 σου
3349 3627 3711 3686 ὑποπόδιογτιπ

548 3721 659 3776 imo
683 3721 849 3777 etiam
879 3721 1013 3777 illud
1045 3722 1269 3795 Moysis,
1297 3724 1448 3783 Pluit
1485 3725 1742 3781 Dominus
1773 3745 1806 3781 a
1827 3727 2054 3782 Domino
2079 3727 2132 3783 in

2236 3724 2437 3779 ποδῶν
2468 3741 2585 3780 σου
2605 3743 2617 3761 ο
2639 3723 2774 3778 ἀλλὰ
2797 3726 2892 3779 καὶ
2920 3725 3164 3796 Μωῦσῆς
3194 3723 3396 3793 λέγων,
3435 3713 3714 3809 Ἐὄρεξεῄιξίκ

549 3815 837 3872 Sodomam
867 3823 918 3874 et
967 3817 1318 3874 Gomorrham
1355 3818 1577 3887 sulphur
1603 3828 1652 3873 et
1683 3820 1934 3890 ignem",
1957 3820 2132 3876 eidem

2235 3832 2360 3883 ριος
2400 3813 2558 3883 παρὰ
2589 3816 2811 3882 Κυρίου
2835 3814 2937 3868 ἐπὶ
2965 3813 3204 3883 Σόδομα
3228 3814 3330 3867 καὶ
3369 3809 3612 3880 Γόμορῤα
3627 3807 3716 3905 ειεξιτ

548 3913 833 3966 sententia:
865 3912 1225 3983 astipuletur;
1292 3910 1755 3983 quemadmodum
1801 3912 1965 3968 etiam
2008 3928 2132 3968 cum

2236 3907 2334 3959 καὶ
2388 3907 2541 3974 πῦρ,
2589 3909 2688 3977 τῆς
2731 3907 2898 3978 αὐτῆς
2935 3904 3002 3960 ἂν
3033 3904 3246 3975 γένοιτο
3285 3904 3474 3974 δόξης·
3507 3900 3716 3965 ὥσπεροἮ

547 4004 775 4066 diceret,
808 4005 1034 4071 Quando
1055 4005 1320 4060 dividebat
1340 4005 1648 4059 Altissimus
1669 4016 1866 4076 gentes,
1896 4007 2040 4074 facta
2057 4016 2132 4061 est

2236 4000 2331 4054 καὶ
2359 4001 2417 4053 ἐν
2447 3994 2530 4063 οἷς
2567 3999 2774 4068 ἔφασκε
2811 3998 2872 4052 τὸ
2891 4042 2905 4066 ,
2943 4001 3074 4053 Ὅτε
3103 3997 3426 4068 διεμέριζεν
3463 3999 3493 4050 ό
3519 3994 3717 4090 Ὕψισῖςι

544 4109 670 4164 pars
693 4095 905 4150 Domini
921 4097 1147 4167 populus
1174 4098 1290 4168 ejus
1323 4095 1489 4153 Jacob
1503 4097 1547 4128 "’
1571 4114 1586 4164 ;
1618 4096 1908 4153 manifeste
1937 4099 2132 4168 quippe

2235 4093 2378 4159 ἔθνη
2397 4131 2412 4154 ,
2457 4090 2709 4162 ἐγενήθη
2747 4091 2917 4160 μερὶς
2940 4091 3162 4160 Κυρίου
3186 4091 3343 4157 λαὸς
3361 4088 3535 4144 αὐτοῦ
3568 4079 3715 4184 ·

546 4185 676 4241 hinc
725 4195 778 4242 et
829 4187 1177 4243 Altissimum
1228 4196 1282 4244 et
1335 4188 1627 4243 Dominum
1671 4204 1836 4244 nosse
1879 4190 2131 4258 videtur;

2235 4182 2496 4254 ἄντικρυς
2518 4182 2626 4253 γὰρ
2658 4183 2745 4236 διὰ
2769 4182 2884 4246 τοῦ,
2912 4183 3006 4236 τὸν
3024 4183 3290 4252 ’Ὕψιστον
3315 4184 3411 4235 καὶ
3436 4178 3608 4250 Κύριον
3626 4178 3717 4228 εἰδὼς

545 4276 888 4331 Altissimum
947 4278 1169 4348 quidem
1220 4294 1368 4344 eum,
1405 4280 1494 4350 qui
1523 4279 1828 4334 distribuit
1857 4288 1912 4334 et
1958 4288 2132 4336 sortes

2237 4270 2514 4336 φαίνεται’
2579 4270 2843 4340 ’Ὕψιστον
2879 4271 2977 4342 μὲν
3013 4271 3107 4324 τὸν
3138 4271 3462 4342 διανέμοντα
3493 4267 3572 4322 καὶ
3594 4263 3718 4350 κληψζ

545 4368 638 4423 dat
661 4368 866 4438 angelis
900 4371 1052 4436 suis;
1097 4368 1388 4424 Dominum
1429 4387 1577 4434 vero,
1631 4372 1722 4442 qui
1770 4387 1894 4425 cum
1925 4373 2132 4442 angelis

2235 4359 2490 4414 δοτοῦντα
2534 4364 2646 4426 τοῖς
2672 4362 2862 4416 ἑαυτοῦ
2895 4363 3179 4431 ἀγγέλοις,
3209 4364 3416 4434 Κύριον
3459 4361 3510 4414 δὲ
3543 4358 3614 4410 τὸν

545 4457 943 4527 ρινιεοοιιθηιοιιι
977 4458 1220 4513 omnium
1254 4461 1496 4530 gentium
1524 4469 1722 4516 sortem
1755 4460 1972 4530 accipit.
1995 4459 2132 4526 Quia

2236 4449 2346 4503 τῶν
2398 4450 2644 4520 ἀγγέλων
2685 4452 2784 4523 κλη
2795 4452 3055 4524 ρούμενον
3091 4451 3189 4523 τὴν
3235 4453 3456 4511 πάντων
3496 4447 3584 4501 τῶν

546 4549 713 4620 igitur
740 4549 1024 4626 Dominus,
1061 4553 1155 4623 qui
1197 4553 1289 4606 hic
1323 4553 1616 4617 indicatur,
1649 4553 1824 4608 forma
1864 4553 2008 4609 servi
2037 4568 2132 4608 ac-

544 4651 724 4711 cepta,
758 4642 813 4696 in
846 4644 1260 4701 similitudinem
1303 4644 1588 4700 hominum
1614 4644 1792 4701 factus
1823 4653 1907 4701 est
1940 4653 1994 4700 et
2031 4645 2130 4701 ba-

547 4733 662 4786 bitu
713 4733 967 4790 inventus
1010 4742 1071 4790 ut
1103 4734 1301 4800 homo,
1333 4749 1397 4788 ac
1423 4742 1548 4806 post
1571 4735 1903 4805 baptismum
1929 4735 1982 4790 in
2006 4735 2129 4790 Jor-

545 4825 688 4882 dane
738 4842 952 4882 omnem
995 4843 1192 4897 passus
1229 4829 1583 4883 teutationem
1613 4836 1717 4894 est,
1777 4829 1998 4900 quando
2029 4828 2130 4884 du-

545 4925 676 4974 ctus
705 4925 788 4972 est
815 4933 846 4970 a
877 4916 1082 4987 Spiritu
1116 4917 1173 4972 in
1214 4919 1492 4973 desertum
1530 4925 1589 4974 ut
1618 4927 1923 4974 tentaretur
1951 4935 1980 4972 a
2009 4918 2130 4973 dia-

545 5008 692 5071 bolo,
719 5015 772 5063 et
802 5008 857 5063 in
888 5011 1181 5065 solitudine
1211 5011 1570 5082 quadraginta
1597 5011 1790 5068 diebus
1810 5021 1865 5068 et
1893 5013 2129 5083 quadra—

547 5099 695 5168 ginta
741 5100 998 5156 noctibus
1050 5109 1292 5158 tentatus
1339 5111 1444 5169 est,
1478 5111 1531 5158 et
1571 5111 1846 5160 eratcum
1890 5105 2041 5169 feris,
2071 5113 2130 5161 ut

546 5191 624 5245 ait
662 5192 1086 5263 evangelista";
1116 5194 1242 5263 jure
1277 5195 1394 5248 lucc
1418 5198 1602 5249 omnia
1637 5195 1873 5267 Spiritus
1904 5205 2129 5255 sanctus

545 5285 910 5354 praznunliare
931 5293 1182 5355 occupat,
1210 5287 1525 5357 signiﬁcans
1547 5296 1752 5359 quanta
1780 5288 1972 5344 diebus
1993 5305 2130 5360 qua-

547 5367 800 5438 draginta
842 5378 1106 5431 tentatus,
1139 5380 1343 5440 quanta
1376 5373 1602 5429 totidem
1672 5373 1927 5429 noctibus
1963 5375 2131 5430 susti-

549 5462 686 5517 nuit.
738 5461 876 5518 Cum
916 5464 1062 5518 enim
1110 5465 1177 5518 ad
1230 5464 1582 5538 Evangelium
1625 5466 1780 5538 regni
1804 5465 1901 5523 Dei
1933 5465 2130 5538 praedi-

621 5662 667 5737 ’ςτξ
706 5663 721 5713 1
755 5662 881 5718 Cor.
914 5680 1051 5737 vin,
1087 5666 1140 5720 6.
1215 5667 1262 5698 ⁷⁸
1301 5666 1500 5737 Ephcs.
1545 5683 1616 5733 IV,
1654 5667 1724 5734 5,
1766 5665 1820 5722 6.
1900 5668 1944 5701 ⁷⁷
1985 5665 2132 5724 Psal.

2235 5683 2284 5734 ς,
2328 5669 2378 5722 i.
2453 5669 2499 5700 ⁷⁸
2538 5666 2671 5725 Gen.
2709 5683 2834 5733 χιχ,
2868 5668 2956 5724 24.

550 5729 595 5766 ⁸⁸
624 5729 788 5784 Marc.
823 5747 874 5791 ι,
907 5733 992 5787 1³5.

2239 4541 2598 4614 διαφέρουσαν
2646 4543 2860 4616 μερίδα.
2929 4544 3083 4598 Ἐπεὶ
3121 4544 3300 4598 τοίνυν
3341 4545 3373 4604 δ
3399 4539 3663 4612 δηλούμενῡς
3684 4529 3712 4578 ἓν

2235 4634 2444 4699 τούτοις
2483 4635 2688 4706 Κύριος
2737 4635 2949 4708 μορφὴν
2978 4635 3163 4690 δούλου
3191 4635 3376 4690 λαϐὼν
3419 4637 3474 4688 ἐν
3509 4627 3712 4702 ὁμοιώματι

2239 4724 2542 4796 ἀνθρώπων
2567 4726 2756 4796 γέγονε
2781 4767 2797 4792 ,
2832 4728 2926 4781 καὶ
2983 4728 3221 4799 σχήματι
3265 4725 3464 4798 εὑρέθη
3493 4724 3558 4786 ὡς
3581 4715 3711 4785 ἀνθρυ

2236 4835 2356 4881 mg,
2389 4819 2648 4889 ὑπέμεινέ
2666 4835 2728 4871 τε
2751 4819 2927 4873 πάντα
2956 4818 3259 4891 πειρασμὸν
3290 4819 3429 4890 μετὰ
3448 4816 3504 4871 τὸ
3527 4813 3711 4884 piam?

2234 4911 2296 4964 τὸ
2337 4913 2394 4964 ἐν
2435 4911 2707 4986 Ἰορδάνῃ,
2739 4911 2830 4965 ὅτε
2861 4911 3070 4984 ἀνήχθη
3114 4912 3220 4966 ὑπὸ
3253 4910 3350 4964 τοῦ
3392 4896 3709 4976 Πνεύματοςπ

2233 5003 2334 5073 τὴν
2367 5002 2574 5074 ἔρημον
2599 5003 2956 5074 πειρασθῆναι
2983 5004 3088 5057 ὑπὸ
3110 5003 3202 5058 τοῦ
3228 5002 3501 5063 διαϐόλου,
3527 4997 3600 5050 καὶ
3619 4995 3656 5044 ἐν

2235 5097 2427 5168 ἐρήμῳ
2469 5104 2532 5167 μ’
2567 5099 2783 5170 ἡμέρας
2813 5098 2909 5152 καὶ
2939 5104 2999 5168 μ’
3032 5098 3233 5161 νύκτας
3259 5094 3635 5167 πειραζόμενοςε

2235 5183 2303 5259 ἦν
2335 5189 2473 5259 μετά
2495 5189 2601 5242 τῶν
2626 5189 2850 5260 θηριων,
2886 5188 2964 5253 ὦς
2991 5207 3156 5260 φησιν
3188 5192 3218 5242 ὁ
3239 5184 3609 5257 εὐαγγελιστής”
3626 5176 3704 5226 sint:

2235 5297 2344 5342 τως
2385 5280 2558 5334 ταῦτα
2589 5282 2767 5335 πάντα
2795 5281 2858 5335 τὺ
2886 5281 3112 5352 Πνεῦμα
3138 5282 3198 5335 τὸ
3231 5279 3384 5348 ἅγιον
3409 5269 3630 5348 προλαϐὼν
3655 5262 3701 5313 δί’

2238 5371 2440 5435 σπξζει,
2467 5375 2727 5444 σημαῖνον
2744 5374 2844 5426 ὅσα
2862 5390 2922 5426 τε
2942 5375 3002 5426 ἐν
3020 5376 3138 5436 ταῖς
3158 5372 3542 5442 τεσσαράκοντα
3555 5359 3702 5431 liii-5P“

2238 5465 2630 5536 πειραζόμενος
2655 5464 2935 5536 ὑπέμεινε,
2966 5464 3060 5520 καὶ
3079 5465 3185 5518 ’ὃσα
3211 5462 3348 5518 κατὰ
3366 5460 3460 5524 τὰς
3479 5448 3701 5521 impleti-9?;

3065 5670 3109 5700 τ’
3153 5665 3299 5721 Deut.
3365 5674 3496 5716 mn
3577 5649 3624 5714 8,
3662 5640 3692 5696 9ι
3737 5669 3745 5683 ’
