3830 6288
108 349 243 406 "55

1239 336 1748 403 COMMENTARIA
1784 345 1849 399 1N
1890 344 2233 402 PSALMOS.

3237 358 3377 414 M54

102 465 217 524 ταῖς
250 460 494 531 ἡμέραις
530 454 749 524 νύκτας.
772 460 997 515 Μέλλων
1022 461 1130 532 γὰρ
1152 463 1243 516 ἐπὶ
1263 462 1324 517 τὸ
1352 462 1686 532 Εὐαγγέλιον

1793 461 2023 517 candum
2059 461 2376 532 proditurus
2408 471 2575 529 esset,
2612 474 2903 539 antequam
2934 468 3378 539 praedicationem

100 555 196 625 τῆς
222 553 318 607 τοῦ
347 553 486 606 Θεοῦ
517 553 792 622 βασιλείας
826 554 1113 625 παριέναι,
1146 558 1275 627 πρὶν
1300 557 1564 629 ἄρξασθαι
1590 557 1684 610 τοῦ

102 644 492 717 κηρύγματος,
520 646 616 699 καὶ
638 646 744 714 πρὸ
767 649 865 717 τῆς
898 647 978 710 εἰς
1002 646 1321 717 ἀνθρώπους
1343 648 1683 717 εὐεργεσίας,

100 740 187 792 ἐπὶ
201 737 303 801 τὰς
323 736 527 808 ἐχθρὰς
542 739 637 791 καὶ
657 737 921 809 πολεμίας
939 738 1034 792 τοῦ
1051 738 1159 793 τῶν
1174 739 1272 793 ἀνθ
1282 738 1477 811 ρώπων
1496 742 1688 808 γένους

99 831 355 900 δυνάμεις
385 830 647 900 ἀνήγετοο
682 830 859 895 ὅπως,
890 830 1105 894 ὲκείνας
1132 830 1354 902 πρώτας
1382 846 1688 900 καταγωνι-

103 925 333 993 σάμενος
363 922 463 975 καὶ
492 920 754 988 καθελὼν,
776 921 948 986 οὕτως
970 922 1062 978 ἐπὶ
1083 922 1181 994 τὴν
1202 923 1311 978 τῶν
1333 924 1498 979 πάλαι
1522 942 1688 979 κατα-

103 1015 453 1086 πονουμένων
496 1014 762 1088 λύτρωσίν
801 1034 859 1070 τε
902 1016 995 1070 καὶ
1043 1016 1353 1088 ἐλευθερίαν
1404 1017 1684 1090 παρέλθοι.

115 1109 309 1179 Ἐχρῆν
343 1107 457 1179 γὰρ
493 1109 690 1171 αὐτοὺς
722 1108 786 1181 δὴ
820 1109 1054 1180 μάλιστα
1085 1110 1338 1183 πρώτους
1370 1113 1495 1175 τοὺς
1533 1111 1685 1182 παρὰ

104 1204 232 1256 πᾶσι
261 1203 379 1264 τοῖς
410 1200 589 1255 ἔθνεσι
617 1201 773 1264 θεοὺς
797 1196 935 1255 εἶναι
968 1203 1314 1273 νομίσαντας,
1344 1204 1560 1267 καὶτὰς
1579 1204 1689 1257 τῶν

105 1292 409 1367 ἀνθρώπων
432 1292 610 1362 ψυχας
628 1292 1032 1364 αἰχμαλώτους,
1057 1292 1165 1347 ἀπὸ
1184 1293 1285 1365 τῆς
1310 1292 1404 1346 τοῦ
1420 1293 1529 1347 τῶν
1550 1294 1688 1347 ὅλων

103 1386 232 1441 Θεοῦ
254 1385 520 1455 γνώσεώς
546 1403 606 1439 τε
629 1387 722 1440 καὶ
741 1385 1021 1449 εὐσεϐείας
1042 1386 1494 1457 ἀφαρπάσαντας,
1521 1386 1689 1441 καθυ-

106 1478 329 1542 maga:
348 1481 448 1530 καὶ
471 1478 572 1547 τῆς
594 1478 904 1549 τυραννίδος
925 1480 1199 1535 καθελεῖν·
1236 1477 1338 1534 εἷθ’
1358 1480 1530 1543 οὕτως
1553 1480 1689 1533 ᾶπα-

107 1587 184 1624 σιν
217 1568 535 1641 ἀνθρώποις
555 1571 615 1623 τὸ
645 1572 977 1641 Εὐαγγέλιον
1004 1572 1105 1643 τῆς
1126 1572 1221 1627 τοῦ
1248 1572 1384 1627 Θεοῦ
1412 1571 1687 1643 βασιλείας

106 1663 459 1735 παραδοῦναι.
517 1665 609 1718 Διὸ
641 1664 704 1735 δὴ
747 1664 853 1737 πρὸ
893 1666 1072 1737 πάσης
1104 1666 1490 1737 ἱστορουμένης
1519 1664 1684 1720 αὐτοῦ

107 1755 348 1826 πράξεως
394 1755 632 1826 ἀνήγετο
676 1758 757 1819 είς
787 1756 885 1827 τὴν
934 1756 1140 1828 ἔρημον
1186 1756 1547 1827 πειρασθῆναι
1582 1754 1686 1808 ὑπὸ

106 1847 190 1900 τοῦ
219 1847 473 1900 διαϐόλου
493 1864 506 1877 ·
552 1848 647 1902 καὶ
677 1843 745 1918 ἦν
788 1826 923 1919 μετὰ
1089 1826 1328 1920 θηρίων,
1359 1847 1435 1911 ὥς
1468 1865 1631 1917 φησιν
1658 1849 1686 1901 6
1719 1826 1759 1881 Β

106 1936 524 2007 εὐαγγελιστὴς,
558 1937 722 2008 θηρία
766 1934 1078 2008 προσειπὼν
1110 1940 1208 2001 τὰς
1252 1938 1685 2010 ἀπηγριωμένας

107 2026 192 2079 καὶ
216 2024 509 2096 θηριώδεις
536 2030 779 2097 πονηρὰς
805 2028 1080 2099 δυνάμεις.
1133 2029 1283 2082 Αὑτά
1304 2028 1367 2101 δὴ
1394 2025 1687 2106 οὖνταῦτα

105 2108 242 2172 καὶ’ό
283 2116 483 2189 παρὼν
515 2118 729 2189 ψαλμὸς
759 2122 1143 2190 προαναφωνεῖ
1167 2120 1491 2192 προφητικῷ
1517 2118 1687 2174 Πνεύ-

108 2225 223 2279 ματι
241 2207 577 2276 ἀναγκαίως.
603 2208 715 2279 Χρὴ
734 2208 861 2285 γὰρ,
874 2209 959 2262 διὰ
974 2209 1081 2262 τῶν
1097 2208 1399 2280 ἔμπροσθεν
1415 2211 1691 2282 διδαχθέν·

104 2317 191 2363 τας
209 2300 273 2354 τὰ
298 2301 427 2371 περὶ
456 2301 557 2370 τῆς
576 2304 656 2365 είς
678 2301 1002 2373 ἀνθρώπους
1024 2304 1326 2372 παρουσίας
1352 2304 1448 2358 τοῦ
1471 2321 1619 2377 προφ
1630 2322 1688 2375 η-

106 2390 404 2461 τευομένου,
424 2391 525 2445 καὶ
540 2393 607 2446 τὰ
630 2409 695 2444 πε
706 2393 756 2463 pl.
777 2393 875 2463 τῆς
891 2395 1155 2466 ὲνσάρκου
1172 2397 1477 2467 γεννήσεως
1496 2398 1683 2464 αὐτοῦ,

105 2481 165 2533 τά
184 2498 239 2533 τε
265 2486 395 2553 περὶ
417 2482 522 2535 τοῦ
560 2483 812 2547 θανάτου,
838 2485 986 2548 ὅπως
1007 2503 1066 2538 τε
1089 2488 1153 2539 ὲκ
1189 2486 1501 2558 σπέρματος
1530 2488 1692 2542 Δαυτδ

108 2573 521 2645 προελεύσεσθαι
536 2576 1284 2648 προκεκήρυκτο,ἀκολούθως
1298 2579 1490 2632 καὶτὸν
1502 2579 1691 2647 ἀγῶνα

108 2665 280 2735 μαθεῖν
307 2667 465 2736 ἡμᾶς
497 2667 557 2720 ὃν
588 2669 759 2741 ἤρατο
790 2670 930 2723 κατά
967 2671 1076 2725 τῶν
1106 2672 1499 2741 ἀντικειμένων
1530 2671 1691 2725 δυνά-

109 2774 255 2827 μεων.
275 2758 471 2813 Ταῦτα
492 2756 633 2831 οὖνὴ
654 2762 905 2834 παροῦσα
928 2763 1223 2835 παρίστησι
1246 2764 1548 2834 προφητεία
1572 2780 1695 2834 προ-

107 2848 459 2917 λέγουσαβσα
479 2854 619 2907 κατά
641 2855 739 2925 τὴν
760 2855 961 2925 ἔρημον
980 2855 1267 2926 ὑπέμεινεν
1290 2856 1373 2924 ἐφ’
1392 2856 1541 2919 ὅλαις
1559 2856 1695 2927 ὴμέ-

108 2960 215 3013 ραις
231 2951 278 3015 μ’
296 2947 386 2998 καὶ
404 2946 532 3012 νυξὶ
552 2950 672 3009 ταῖς
698 2948 837 3010 ῐσαις
857 2946 1249 3019 πειραζόμενος
1274 2948 1378 3001 ὑπὸ
1395 2947 1490 3001 τοῦ
1518 2947 1696 3001 διαϐό-

105 3035 201 3088 λου.
220 3037 501 3109 Θηρευταὶ
524 3039 633 3111 γὰρ
662 3034 803 3109 ἦσαν
832 3041 958 3110 περὶ
983 3040 1144 3094 αὐτὸν
1167 3039 1388 3113 ἀόρατοι
1410 3040 1692 3111 δυνάμεις.

108 3128 315 3197 παγίδας
368 3128 530 3199 αὖτῷ
564 3130 1088 3195 κατασκευάζουσαι.
1124 3131 1234 3183 Καὶ
1270 3132 1325 3184 αἱ
1378 3131 1477 3201 μὲν
1507 3130 1688 3198 λόγοις

112 3222 463 3292 ταραχώδεσιν
499 3222 660 3276 αὑτὸν
694 3223 941 3293 θορυϐεῖν
962 3222 1319 3293 πειρώμεναι,
1352 3224 1479 3277 αἰδὲ
1509 3223 1693 3292 φοϐεῖν

115 3317 237 3371 κατά
275 3317 369 3381 τὰς
418 3319 656 3382 νύκτας,
694 3317 789 3370 καὶ
835 3316 995 3369 πάλιν
1042 3316 1175 3369 ἄλλα
1209 3315 1276 3369 δι’
1311 3317 1526 3388 ἡμέρας
1557 3314 1685 3386 βέλη

113 3412 260 3482 νοητὰ
300 3412 617 3483 πέμπουσαι
660 3413 782 3463 κατ’
813 3410 1007 3465 αὐτοῦ’
1056 3411 1152 3465 καὶ
1186 3406 1341 3473 αὖθις
1371 3409 1556 3480 ἕτεραι
1586 3409 1687 3462 οὐκ

115 3498 405 3570 ὠνομάσθαι
435 3504 570 3572 ἡμῖν
598 3539 612 3563 ,
663 3500 783 3553 οὐδὲ
832 3500 1087 3571 λεχθῆναι
1117 3499 1416 3571 δυνάμεναι
1464 3499 1687 3571 θνηταῖς

115 3592 311 3658 ἀκοαῖς,
338 3595 430 3648 τὸν
459 3594 582 3647 κατ’
604 3593 770 3647 αὐτοῦ
803 3594 1106 3667 πειρασμὸν
1134 3592 1682 3666 πραγματευόμεναιο

116 3680 138 3732 ὃ
166 3682 222 3753 δὴ
256 3684 511 3755 σημαίνει
546 3683 770 3753 φάσκων
798 3685 824 3737 6
858 3685 1033 3753 λόγος,
1082 3684 1225 3737 Ἀπὸ
1249 3683 1592 3753 πράγματος
1615 3683 1687 3735 ἐν

115 3775 297 3827 σκότει
322 3774 860 3844 διαπορευομένου’
882 3773 1020 3826 Ἀνθ’
1055 3768 1114 3827 οὗ
1139 3775 1167 3827 6
1203 3774 1299 3843 μὲν
1336 3772 1565 3835 Ἀκύλας
1586 3774 1686 3843 ἡρ-

118 3865 384 3935 μήνευσεν,
402 3866 550 3923 Ἀπὸ
563 3866 830 3938 ῥήματος
844 3867 912 3919 ἐν
927 3865 1273 3935 σκοτομήνῃ
1292 3880 1578 3933 περιπατο
1586 3863 1686 3917 ὗν-

115 3973 204 4025 τος
222 3976 234 3989 ·
266 3960 294 4012 ὁ
320 3962 375 4014 δὲ
405 3962 730 4032 Σύμμαχος,
764 3959 917 4014 Οὐδὲ
952 3960 1168 4029 λοιμὸν
1197 3957 1350 4028 ζόφῳ
1375 3958 1682 4012 όδεύοντα.

179 4109 309 4184 Ἤδη
336 4113 393 4167 δὲ
407 4114 504 4168 καὶ
531 4112 599 4166 τὰ
616 4113 970 4166 ἀναιδέστατα
998 4111 1092 4165 καὶ
1122 4109 1415 4181 ἀρχοντικὰ
1441 4108 1547 4162 τῶν
1565 4108 1685 4161 δαι-

118 4202 318 4269 μονίων,
349 4204 416 4258 τά
439 4207 497 4258 ὲν
518 4205 657 4276 αὐτῇ
678 4208 744 4275 τῇ
777 4204 1094 4275 μεσημϐρίᾳ
1123 4204 1218 4256 καὶ
1246 4203 1313 4273 τῇ
1341 4201 1434 4255 τοῦ
1454 4197 1684 4273 ἡλιακοῦ

117 4294 276 4361 φωτὸς
319 4297 474 4369 ἀκμῇ
526 4296 809 4367 τολμῶντα
842 4294 1322 4367 παραφαίνεσθαι,
1369 4292 1684 4364 προσῄεσαν

114 4383 269 4457 αὐτῷ.
303 4387 423 4441 Τῶν
456 4388 568 4460 γὰρ
618 4388 793 4443 ἄλλων
835 4387 896 4440 τὸ
948 4389 1146 4440 οἰκεῖον
1182 4385 1372 4449 σκότος
1419 4384 1686 4455 μεταδιω-

118 4474 323 4544 κόντων,
356 4488 453 4535 καὶ
487 4482 546 4535 ὲν
579 4481 713 4554 μόνῃ
749 4480 905 4532 νυκτὶ
932 4476 1259 4548 φαντασιοῦν
1289 4475 1580 4541 εἰωθότων,
1614 4474 1683 4529 τὰ

1788 555 1971 618 iniret,
2003 566 2056 610 et
2085 564 2378 625 antequam
2410 555 2669 612 beneﬁcia
2707 559 3022 619 hominibus
3054 563 3378 634 impertiret,

1788 645 1857 700 ad
1888 646 2141 703 inimicas
2166 656 2222 703 et
2248 648 2593 704 adversarias
2626 652 2813 720 generi
2864 653 3106 708 humano
3145 656 3384 714 virtutes

1788 737 2061 792 adductus
2112 746 2225 806 est;
2278 746 2336 792 ut
2368 754 2493 793 cum
2554 739 2677 796 illas
2734 743 2947 811 priores
2969 744 3298 803 debellasset
3325 754 3383 806 et

1787 830 2167 896 destruxisset,
2205 831 2286 885 sic
2341 831 2408 884 ad
2457 845 2646 886 eorum
2690 833 2783 902 qui
2832 833 2960 887 olim
3005 836 3383 908 amigebantur

1787 921 2217 992 redemptionem
2263 929 2318 979 et
2369 922 2675 979 libertatem
2709 924 3006 979 curandam
3032 928 3376 996 procederet.

1787 1014 2087 1085 Oportebat
2128 1016 2276 1071 enim
2312 1016 2493 1086 primo
2528 1017 2651 1072 illos
2675 1017 2769 1087 qui
2801 1018 2945 1087 apud
2970 1032 3160 1076 omnes
3188 1029 3382 1092 gentes

1789 1122 1889 1178 pro
1908 1107 2015 1163 diis
2035 1108 2452 1179 reputabantur,
2484 1109 2880 1180 hominumque
2900 1109 3111 1167 animas
3135 1113 3383 1183 captivas

1790 1216 1820 1256 a
1850 1201 2164 1272 cognitione
2197 1199 2292 1257 Dei
2326 1202 2707 1257 universorum
2737 1209 2792 1257 et
2822 1216 2850 1255 a
2882 1202 3086 1272 pietate
3126 1203 3384 1273 abripue-

1788 1299 1931 1355 rant,
1964 1291 2238 1361 subigere,
2282 1306 2476 1345 eorum
2516 1291 2860 1360 tyrannidem
2894 1292 3078 1348 delere
3109 1312 3122 1346 :
3154 1291 3381 1349 deinde-

1788 1401 1896 1455 que
1925 1384 2183 1439 onmibus
2216 1383 2536 1439 hominibus
2569 1382 2925 1453 Evangelium
2961 1384 3115 1454 regni
3148 1383 3243 1441 Dei
3269 1392 3381 1439 tra-
3440 1362 3451 1377 ’

1787 1480 1936 1534 dere.
1990 1477 2340 1549 Quapropter
2387 1484 2516 1532 ante
2562 1491 2754 1531 omnes
2786 1477 2923 1532 alias
2957 1476 3077 1545 ejus
3108 1477 3377 1542 actiones,

1787 1587 1910 1642 qua:
1932 1572 1988 1626 in
2023 1570 2253 1626 historia
2280 1569 2553 1633 feruntur,
2584 1568 2784 1625 ductus
2807 1568 2964 1624 estin
2986 1568 3288 1634 desertum,
3316 1575 3378 1624 ut

1788 1671 2093 1719 tentaretur
2113 1678 2143 1717 a
2168 1662 2411 1729 diabolo,
2432 1668 2657 1731 eratque
2678 1676 2801 1716 eum
2828 1661 2980 1725 feris,
3014 1669 3075 1715 ut
3098 1661 3174 1714 ait
3209 1675 3380 1716 evan-

1787 1756 2005 1827 gelista,
2055 1755 2199 1812 feras
2246 1770 2573 1825 nuncupans
2622 1763 2868 1826 agrestes
2921 1755 3044 1811 illas
3090 1763 3145 1809 et
3172 1753 3380 1811 ferinas

1789 1845 2057 1916 malignas
2089 1846 2342 1902 virtutes.
2376 1845 2503 1901 Haec
2528 1847 2697 1916 igitur
2719 1847 2836 1917 ipsa
2866 1860 3108 1917 praesens
3131 1847 3380 1917 psalmus

1790 1935 2107 2007 prophetico
2126 1935 2335 2006 Spiritu
2354 1936 2667 1991 necessario
2683 1937 3032 2005 praenuntiat.
3051 1933 3157 1989 Par
3177 1935 3381 2006 quippe

1788 2036 1908 2083 erat
1934 2041 2036 2082 nos
2068 2034 2196 2083 ante
2231 2028 2459 2083 edoctos
2498 2042 2564 2082 ea
2615 2043 2737 2098 qua:
2780 2027 2900 2097 ejus
2933 2028 3027 2098 qui
3060 2028 3112 2081 in
3142 2028 3378 2098 prophe-

1789 2120 1865 2175 tia
1921 2120 2244 2176 enuntiatur
2305 2120 2601 2176 adventum
2662 2120 2728 2175 ad
2793 2119 3043 2176 homines
3104 2128 3377 2191 spectant,

1789 2228 2003 2269 necnon
2039 2228 2161 2283 quae
2203 2212 2272 2269 ad
2301 2213 2424 2285 ejus
2447 2213 2728 2269 carnalem
2762 2213 3169 2283 generationem
3202 2212 3376 2283 perti-

1792 2311 1942 2368 nent,
1976 2304 2043 2359 ad
2098 2311 2330 2359 mortem
2382 2303 2511 2359 item
2540 2304 2681 2373 ejus,
2712 2312 2766 2359 et
2809 2303 2876 2359 ad
2925 2303 3145 2358 modum
3172 2317 3283 2373 quo
3308 2319 3375 2357 ex

1792 2395 2003 2450 semine
2028 2394 2198 2450 David
2224 2395 2543 2465 proditurus
2572 2393 3066 2464 pmnuntiabatur,
3093 2393 3377 2459 ediscere;

1791 2500 1857 2540 ac
1886 2495 2288 2557 consequenter
2307 2488 2473 2543 etiam
2498 2486 2567 2541 de
2596 2490 2897 2542 certamine
2918 2487 3059 2557 ejus,
3085 2486 3232 2557 quod
3252 2501 3382 2540 con-

1794 2589 1878 2634 tra
1896 2579 2239 2635 adversarias
2264 2586 2565 2649 potestates
2591 2580 2858 2649 suscepit,
2875 2578 3104 2634 erudiri.
3129 2576 3256 2633 llaec
3276 2579 3379 2649 igi-

1792 2680 1885 2727 tur
1912 2688 2153 2744 praesens
2181 2674 2467 2745 prophetia
2499 2674 2762 2738 declarat,
2780 2672 3156 2743 praenuntiatus
3174 2679 3378 2743 quanta

1796 2766 1852 2820 in
1885 2765 2106 2820 deserto
2150 2764 2435 2832 sustinuit,
2472 2765 2668 2819 diebus
2712 2763 3079 2834 quadraginta
3121 2763 3379 2818 totidem-

1794 2873 1901 2928 que
1928 2858 2180 2913 noctibus
2234 2865 2473 2913 tentatus
2502 2871 2532 2910 a
2581 2855 2821 2912 diabolo.
2847 2853 3150 2911 Venatores
3178 2854 3381 2925 quippe

1796 2951 1951 3005 illum
1993 2949 2435 3014 circumdabant,
2469 2948 2780 3004 invisibiles
2813 2962 3011 3018 nempe
3049 2943 3374 3017 potestates,

1796 3043 2021 3112 laqueos
2085 3042 2191 3112 ipsi
2243 3050 2521 3111 parantes.
2599 3038 2667 3093 Et
2735 3039 2854 3094 alia:
2917 3039 3136 3109 quidem
3193 3039 3379 3093 verbis

1796 3134 2128 3190 turbulentis
2173 3132 2505 3188 conturbare
2561 3130 2741 3201 ipsum
2789 3131 3106 3197 tentabant;
3148 3130 3270 3183 aliae
3319 3129 3375 3183 in

1796 3235 1957 3282 nocte
1987 3224 2433 3297 perterrefacere.
2464 3223 2599 3278 Aliae
2645 3224 2776 3279 item
2826 3222 2881 3277 in
2935 3220 3024 3276 die
3062 3219 3371 3291 spiritualia

1789 3320 1894 3376 tela
1942 3318 2311 3373 immittebant
2346 3318 2401 3371 in
2452 3332 2612 3383 eum;
2648 3331 2865 3369 rursum
2917 3314 3058 3378 aliae,
3099 3328 3221 3383 qua:
3271 3324 3375 3367 nec

1786 3412 2062 3467 nominari
2096 3410 2276 3479 nobis,
2307 3422 2411 3465 nec
2476 3407 2585 3462 diei
2637 3406 2964 3462 mortalibus
2992 3406 3219 3460 auribus
3243 3420 3375 3475 pos-

1786 3512 1934 3568 sunt,
1975 3504 2335 3558 tentationem
2372 3503 2428 3556 in
2492 3516 2618 3555 eum
2676 3499 3021 3553 adornabant
3054 3516 3066 3552 :
3100 3497 3248 3567 quod
3291 3496 3376 3550 his

1786 3594 2151 3667 signiﬁcatur,
2171 3594 2215 3647 Α
2249 3593 2455 3663 negotio
2483 3588 2883 3660 perambulante
2904 3589 2959 3642 in
2994 3587 3241 3641 tenebris.
3263 3584 3371 3639 Pro

1785 3702 1895 3757 quo
1929 3686 2125 3755 Aquila
2175 3684 2395 3754 quidem
2442 3683 2836 3760 interpretatus
2877 3690 2981 3740 est,
3034 3678 3079 3730 Α
3112 3676 3263 3731 verba
3316 3677 3371 3729 in

1786 3787 1935 3830 nocte
1969 3776 2119 3829 illum
2143 3773 2548 3843 perambulante
2573 3787 2591 3832 ;
2623 3770 2989 3841 Symmachus
3011 3783 3162 3834 vero,
3190 3764 3371 3835 Neque

1783 3876 1977 3936 pestem
2002 3869 2055 3921 in
2087 3865 2312 3934 caligine
2353 3862 2711 3917 ambulantem

1858 4110 1939 4167 Ad
1970 4111 2085 4165 hzec
2111 4124 2243 4165 vero
2272 4108 2435 4165 etiam
2480 4104 2945 4178 impudentissimi
2970 4103 3371 4159 daamoniorum

1786 4203 2085 4276 principes,
2123 4201 2216 4271 qui
2250 4199 2304 4253 in
2337 4197 2591 4262 meridie,
2625 4197 2840 4267 vigente
2876 4196 3009 4251 solis
3031 4196 3173 4260 luce,
3205 4208 3374 4270 appa-

1785 4310 1907 4351 rere
1933 4292 2053 4348 ausi
2087 4297 2235 4354 sunt,
2262 4296 2619 4344 accesserunt
2655 4288 2721 4342 ad
2765 4302 2911 4343 eum.
2946 4285 3082 4341 Nam
3110 4300 3236 4341 cum
3281 4285 3374 4339 alii

1785 4387 2037 4460 proprias
2066 4383 2171 4441 sibi
2229 4381 2487 4438 tenebras
2522 4388 2821 4444 sectentur,
2858 4388 2912 4435 et
2955 4380 3009 4434 in
3040 4378 3156 4435 sola
3214 4385 3376 4433 nocte

1786 4476 2107 4550 phantasias
2173 4488 2394 4529 movere
2453 4471 2704 4539 soleant;
2770 4470 2864 4542 qui
2912 4467 3375 4540 impudentissimi

116 4567 459 4629 ἀναιδέστατα
490 4575 585 4627 καὶ
615 4573 681 4626 δι’
705 4572 917 4645 ἡμέρας
949 4571 1124 4640 τολμᾷ
1152 4567 1459 4638 φαίνεσθαι,
1496 4569 1590 4620 καὶ
1625 4568 1682 4619 ὲν

1793 4578 1939 4634 sunt,
1968 4567 2131 4621 etiam
2185 4566 2243 4619 in
2273 4562 2362 4620 die
2394 4578 2660 4635 apparere
2693 4562 2918 4627 audent,
2961 4568 3015 4616 et
3068 4561 3123 4615 in
3178 4560 3373 4616 mediis

122 4660 297 4729 μέσαις
321 4666 518 4735 αὐγαῖς
545 4665 717 4737 ἡλίου.
734 4662 971 4718 Τοιαῦτα
989 4663 1045 4716 δὲ
1068 4658 1135 4733 ἦν
1157 4660 1227 4714 τὰ
1253 4661 1347 4714 καὶ
1369 4659 1446 4730 τῷ
1467 4659 1683 4730 Σωτῆρι

118 4750 352 4811 ἐπιόντα·
392 4757 508 4828 μεθ’
543 4758 759 4829 ἡμέραν
819 4756 916 4829 μὲν
963 4750 1056 4809 οὖν
1103 4752 1333 4807 τοιαῦτά
1371 4769 1493 4805 τινα
1534 4750 1684 4822 αὐτῷ

120 4847 353 4917 προσῄει,
381 4850 522 4904 κατά
544 4850 601 4903 δὲ
620 4850 719 4913 τὰς
739 4848 939 4911 νύκτας
959 4847 1142 4919 ἕτερα.
1162 4844 1252 4899 Διὸ
1280 4844 1494 4916 εἴρηται
1517 4841 1645 4911 ἑξῆς
1666 4857 1680 4871 ·

123 4934 198 4985 Οὐ
229 4939 540 5009 φοϐηθήσῃ
577 4938 697 4993 ἀπὸ
741 4940 930 5009 φόϐου
979 4935 1357 5004 νυκτερινοῦ,
1410 4934 1507 4988 καὶ
1558 4933 1679 4987 ἀπὸ

120 5023 442 5096 πράγματος
462 5031 533 5085 ἐν
559 5030 764 5083 σκότει
789 5026 1315 5098 διαπορευομένου.
1354 5025 1595 5096 Ὀρῶντα
1623 5023 1680 5077 δὲ

120 5115 267 5170 αὑτοῦ
291 5121 386 5190 τὴν
411 5124 622 5194 ἄμαχον
649 5124 746 5176 καὶ
777 5122 1042 5193 ἀήττητον
1068 5120 1317 5191 δύναμιν,
1348 5117 1485 5190 ὁμοῦ
1520 5116 1683 5171 πάλιν

121 5206 462 5285 ἀθροιζόμενα
516 5217 661 5272 κατά
720 5217 886 5287 στίφη
946 5215 1245 5286 προσίεσαν
1296 5213 1445 5283 αὐτῷ
1501 5210 1680 5282 πλήθη

121 5294 380 5371 δυνάμεων
420 5307 832 5381 ἀντικειμένων.
866 5306 976 5360 Καί
1021 5323 1112 5377 μοι
1138 5302 1387 5359 δοκοῦσιν
1428 5303 1478 5357 oi
1513 5302 1683 5356 πάλαι

123 5392 239 5460 παρ’
266 5396 567 5470 ἀνθρώποις
592 5399 932 5471 νομιζόμενοι
953 5398 1086 5461 θεοὶ,
1120 5398 1214 5450 καὶ
1243 5396 1310 5450 τὰ
1329 5394 1682 5465 ἀντικείμενα

122 5484 422 5555 πνεύματα,
458 5494 617 5565 ξένην
665 5492 787 5545 τινὰ
839 5491 1000 5560 φύσιν
1040 5490 1135 5543 καὶ
1184 5489 1411 5559 δύναμιν
1467 5487 1687 5541 πάντων

113 5572 287 5631 αὐτῶν
320 5582 706 5657 καθαιρετικὴν
752 5582 1001 5653 θεώμενα
1047 5584 1105 5637 ὲν
1145 5580 1223 5652 τῷ
1266 5579 1539 5652 ἀνθρώπῳ
1591 5576 1685 5631 τοῦ

129 5660 360 5739 Σωτῆρος
389 5676 574 5745 ἡμῶν,
605 5673 740 5745 ὁμοῦ
776 5673 1036 5744 συνῆχθαι
1078 5670 1472 5741 ἁπανταχόθεν,
1515 5668 1689 5740 ἀθρόα

134 5768 184 5803 τε
217 5765 482 5819 προσιέναι
518 5768 608 5820 καὶ
644 5767 1007 5819 ποοσοήσσειν
1042 5764 1244 5817 ἐθέλειν
1274 5761 1442 5819 αὑτῶ.
1476 5760 1589 5815 Καὶ
1616 5760 1686 5815 τὰ

1790 4659 2068 4717 solaribus
2092 4656 2283 4713 radiis.
2317 4655 2480 4711 Tales
2510 4664 2670 4711 erant
2698 4654 2791 4725 qui
2830 4652 3169 4707 Salvatorcm
3196 4650 3376 4706 adorti

1789 4753 2031 4818 sunt;in
2066 4750 2156 4805 die
2198 4763 2438 4821 namque
2490 4743 2809 4817 huiusmodi
2863 4743 3096 4813 Spiritus
3143 4742 3375 4797 accede-

1786 4843 1920 4898 bant
1956 4842 2023 4896 ad
2056 4856 2204 4907 eum,
2240 4840 2294 4894 in
2322 4838 2579 4895 noctibus
2613 4846 2793 4892 autem
2816 4835 2929 4889 alii.
2955 4833 3137 4900 Quare
3172 4832 3375 4888 dicitur

1784 4942 1996 5005 postea,
2028 4932 2151 4986 Non
2184 4931 2388 4986 timebis
2417 4948 2450 4984 a
2481 4930 2665 4983 timore
2704 4936 2981 4992 nocturno,
3013 4935 3064 4981 et
3107 4943 3140 4980 a
3167 4926 3374 4997 negotio

1783 5026 2188 5098 perambulante
2240 5025 2296 5078 in
2347 5022 2591 5078 tenebris.
2626 5020 2762 5076 Cum
2809 5029 2989 5075 autem
3036 5019 3291 5073 invictam
3322 5026 3375 5073 et

1790 5119 2217 5191 insuperabilem
2253 5117 2374 5186 ejus
2408 5115 2661 5169 virtutem
2694 5119 2983 5168 cernerent
3007 5153 3019 5174 ,
3052 5111 3269 5183 agmine
3296 5110 3377 5165 si-

1791 5212 1904 5267 mul
1946 5210 2243 5274 instructo,
2300 5204 2593 5259 multitudo
2645 5202 3085 5257 adversariarum
3134 5206 3375 5271 potesta-

1791 5311 1908 5357 tum
1968 5302 2147 5372 ipsum
2207 5311 2465 5369 aggressa
2505 5306 2607 5351 est.
2671 5292 3010 5363 Videturque
3060 5291 3215 5355 mihi,
3248 5291 3372 5345 illos

1791 5398 1945 5461 olim,
1989 5395 2083 5465 qui
2126 5392 2269 5463 apud
2302 5391 2551 5443 homines
2581 5386 2655 5441 dii
2699 5385 3178 5451 existimabantur,
3212 5383 3375 5438 item-

1794 5504 1903 5559 que
1926 5483 2274 5541 adversarios
2306 5480 2557 5552 spiritus,
2592 5476 2917 5547 stupendam
2962 5474 3254 5546 quamdam
3277 5490 3376 5529 na-

1791 5586 1970 5633 turam
2008 5582 2062 5631 et
2089 5573 2350 5626 virtutem
2377 5568 2481 5626 sibi
2504 5569 2762 5624 omnibus
2789 5567 3078 5623 exitiosam
3108 5567 3163 5621 in
3195 5565 3374 5621 homi-

1790 5684 1860 5724 ne
1888 5664 2191 5722 Salvatoris
2220 5661 2396 5717 nostri
2433 5660 2697 5726 videntes,
2726 5674 2835 5715 una
2871 5666 3233 5731 congregatos
3271 5674 3374 5712 un-

1789 5760 1953 5820 dique
1982 5754 2273 5812 confertim
2296 5751 2619 5816 accessisse,
2655 5760 2714 5806 ut
2749 5752 3117 5816 irrumperent
3140 5749 3196 5805 in
3223 5763 3372 5805 eunt.
