3830 6288
536 331 674 388 1155

1241 325 1508 384 EUSEBII
1547 324 2028 384 CIESARIENSIS
2069 324 2107 382 0

2208 367 2221 382 .
2255 325 2438 382 PARS
2471 325 2561 384 ιιι.
2600 347 2673 370 α-
2710 319 3119 388 EXEGETICA.
3415 329 3430 386 >

3600 348 3695 405 1156

533 447 602 506 Et
628 449 803 521 primo
830 447 1050 519 quidem
1095 445 1374 503 diabolum
1409 449 1641 505 aliorum
1693 447 2107 519 particularium

2220 448 2319 521 μὲν
2351 451 2541 522 πρῶτα
2553 451 2627 505 ’δι’
2657 452 2861 523 ἐτέρων
2889 455 3132 527 μερικῶν
3160 457 3467 527 πνευμάτων
3491 465 3697 536 πειράζειν

533 543 824 614 spirituum
858 555 1022 610 opera
1057 541 1235 612 ipsum
1261 549 1507 595 tentasse
1533 559 1548 596 :
1579 555 1749 610 quare
1770 539 1974 594 dictum
2003 547 2108 608 est,

533 629 602 685 Et
634 639 751 685 erat
784 647 902 684 cum
934 629 1061 699 feris
1095 629 1160 683 ⁸¹.
1204 629 1544 696 Quibusnam
1587 630 1749 685 feris?
1776 631 1830 685 id
1852 632 2026 702 aperit
2056 633 2112 687 in

530 725 890 796 sequentibus
922 740 1103 780 sermo
1143 738 1387 797 praesens
1411 725 1498 779 his
1531 725 1736 790 verbis,
1772 723 1941 794 Super
1967 726 2111 795 aspi-

527 816 647 871 dem
672 826 724 870 et
747 814 1055 870 basiliscum
1089 815 1418 878 ambulabis,
1445 824 1500 868 et
1541 816 1873 870 conculcabis
1911 817 2112 870 leonem

525 919 579 965 et
607 910 913 964 draconem.
972 908 1207 970 Etenim,
1247 915 1308 962 ut
1337 906 1635 962 verisimile
1662 915 1768 971 est,
1798 909 1892 962 tali
1930 909 2113 979 specie

529 1000 739 1070 talique
767 999 940 1054 forma
971 1008 1226 1068 suscepta
1247 1039 1261 1062 ,
1290 998 1542 1068 maligna:
1583 998 1834 1068 quaedam
1859 1001 2110 1067 virtutes,

532 1089 877 1160 principatus
906 1097 961 1143 et
992 1097 1291 1158 potestates
1312 1127 1328 1150 ,
1355 1094 1600 1142 rectores
1637 1087 1824 1142 mundi
1858 1088 2112 1143 tenebra-

529 1194 654 1234 rum
685 1179 902 1247 barum,
926 1194 990 1233 ac
1027 1178 1332 1249 spiritualia
1371 1179 1650 1250 nequitiae,
1679 1195 1778 1250 per
1799 1195 1980 1236 aerem
2015 1195 2110 1234 vo-

527 1272 743 1338 lantes;
773 1271 889 1327 sive
918 1271 1211 1342 allegorico
1241 1286 1414 1336 more,
1440 1272 1679 1342 aspides,
1700 1272 1964 1338 basilisci,
1997 1273 2112 1328 leo-

527 1379 629 1419 nes
658 1371 712 1419 et
763 1363 1032 1418 dracones
1062 1370 1304 1430 vocatae;
1332 1364 1448 1419 sive
1496 1364 1568 1418 ob
1602 1364 1822 1419 malitia:
1853 1364 2113 1419 similitu-

525 1455 709 1510 dinem
744 1455 831 1510 his
864 1465 1212 1525 comparatae,
1245 1470 1408 1511 omne
1447 1456 1814 1511 tentationum
1843 1471 2016 1528 genus
2052 1457 2110 1512 in

527 1546 706 1616 ipsum
740 1555 1048 1601 moverunt.
1079 1547 1137 1602 In
1171 1547 1493 1602 line'autem
1519 1547 1788 1609 omnium,
1824 1549 2114 1619 conspica-

526 1647 616 1692 tus
645 1637 895 1694 diabolus
939 1652 1063 1694 eum
1094 1653 1258 1710 super
1283 1639 1526 1710 aspidem
1567 1648 1620 1696 et
1654 1640 1974 1696 basiliscum
1999 1655 2115 1695 am-

527 1729 734 1791 bulare,
763 1744 1062 1800 omnesque
1097 1731 1200 1800 ipsi
1235 1731 1483 1787 subditas
1513 1731 1859 1803 operationes
1886 1731 2112 1787 concul-

525 1823 821 1893 carezipse
848 1823 1067 1879 demum
1097 1824 1328 1878 accessit
1363 1823 1589 1880 humilis
1617 1833 1671 1879 et
1697 1823 2106 1886 formidolosus,
2141 1845 2182 1900 Β

525 1909 740 1982 ipsique
796 1912 1255 1983 interrogationes
1307 1912 1363 1967 in
1438 1911 1749 1984 Evangeliis
1805 1913 2110 1983 descriptas

525 2005 832 2076 proposuit,
864 2013 1082 2090 tentatus
1110 2020 1233 2059 eum
1263 2020 1328 2060 ac
1349 2004 1539 2061 dicens
1568 2025 1582 2059 :
1619 2003 1676 2060 Si
1705 2005 1876 2061 Filius
1902 2005 1996 2061 Dei
2024 2021 2106 2072 es,

530 2093 646 2148 haec
672 2094 864 2160 dicito,
897 2095 988 2149 illa
1022 2094 1207 2148 facito.
1249 2093 1512 2164 [inpetum
1537 2096 1723 2166 itaque
1748 2095 2037 2152 confertim
2077 2111 2109 2152 a

527 2183 781 2254 malignis
832 2183 1117 2254 spiritibus
1160 2182 1388 2248 factum,
1428 2198 1731 2255 eorumque
1773 2185 1986 2242 cladem
2022 2184 2113 2241 de-

528 2276 719 2331 scribit
749 2277 862 2331 hinc
892 2275 1175 2346 pr0phetia
1205 2291 1365 2346 :qute
1386 2275 1510 2331 illos
1535 2273 1648 2331 'una
1691 2276 1913 2347 quidem
1980 2291 2111 2332 coa-

526 2377 646 2422 ctos
671 2382 794 2422 esse
820 2366 997 2432 docet,
1017 2382 1191 2438 neque
1208 2375 1390 2421 tamen
1415 2367 1620 2437 aliquid
1642 2382 1802 2438 agere
1827 2350 2106 2438 potuisse;

525 2459 624 2514 scd
655 2475 782 2515 cum
813 2461 1319 2531 appropinquarent
1347 2461 1471 2529 ipsi,
1493 2460 1646 2514 humi
1668 2460 1960 2517 decidisse.
1985 2460 2109 2517 Ideo

525 2550 733 2604 dictum
766 2562 872 2615 εει,
915 2549 1118 2606 Cadent
1149 2567 1181 2603 a
1207 2542 1373 2605 latere
1397 2560 1485 2604 tuo
1519 2550 1686 2614 mille,
1716 2559 1767 2604 et
1791 2551 1966 2606 decem
1990 2553 2109 2606 mil-

526 2641 604 2695 lia
626 2659 658 2695 a
677 2641 878 2696 dextris
905 2643 1032 2695 tuis.
1058 2640 1165 2706 Pro
1181 2641 1274 2696 illo
1305 2651 1508 2706 autem,
1527 2643 1568 2696 Α
1590 2643 1752 2697 latere
1779 2652 1890 2708 tuo,
1915 2643 2109 2714 Aquila

524 2744 578 2788 et
627 2730 1013 2804 Symmachus,
1053 2749 1118 2788 ea:
1157 2741 1460 2789 transverso
1509 2742 1621 2798 tuo,
1669 2733 1994 2803 ediderunt;
2027 2737 2109 2792 sic

526 2817 826 2877 sinistram"
855 2822 1158 2883 Salvatoris
1204 2833 1557 2895 nuncupante
1584 2825 1770 2880 divina
1801 2825 2106 2898 Scriptura,

527 2915 654 2985 quia
691 2914 921 2972 fortasse
949 2931 1117 2986 penes
1147 2933 1272 2973 eum
1301 2916 1438 2970 nihil
1473 2917 1669 2973 laevum
1698 2925 1792 2973 aut
1823 2918 2107 2975 sinistrum

525 3014 632 3063 est.
659 3007 926 3064 Craterum
948 3010 1016 3065 de
1040 3010 1298 3065 omnibus
1329 3009 1493 3065 simul
1523 3009 1856 3066 adversariis
1877 3020 2112 3082 potesta-

525 3100 676 3155 tibus
697 3099 902 3156 dictum
937 3109 1021 3158 est
1063 3102 1220 3166 illud,
1261 3101 1338 3156 Ad
1381 3111 1429 3158 te
1456 3111 1632 3157 autem
1677 3120 1781 3157 non
1826 3106 2109 3174 appropin-

2214 541 2376 594 αὐτὸν
2408 544 2704 614 ἐπιχειρεῖν
2727 545 2818 597 τὸν
2850 545 3090 601 διάϐολον
3109 563 3124 577 ⁸
3153 547 3231 601 διὸ
3255 549 3490 603 λέλεκται
3508 569 3519 582 '
3545 557 3626 608 Kal
3649 555 3698 625 ἦν

2211 635 2360 704 μετὰ
2391 635 2510 691 τῶν
2537 638 2776 706 θηρίων.
2806 639 2983 693 ιιοίων
3015 639 3074 692 δὲ
3103 639 3335 712 θηρίων;
3365 643 3391 694 ὁ
3427 644 3545 712 μετά
3567 651 3698 719 χεῖρας

2216 727 2510 799 παρίστησι
2542 727 2701 797 λόγος
2735 729 2939 800 προῖὼν
2975 731 3104 802 ἑξῆς
3126 734 3217 786 καὶ
3237 733 3424 803 λέγων·
3449 738 3557 791 Ἐκ·
3577 742 3700 796 dm.

2214 817 2290 872 δα
2322 819 2422 873 καὶ
2465 821 2846 885 ,βασιλίσκον
2875 824 3167 893 ἐπιϐήσῃ,
3208 826 3306 879 καὶ
3346 833 3699 902 καταπατήσας

2213 909 2431 966 λέοντα
2476 911 2575 965 καί
2622 911 2942 980 δράκοντα.
2991 915 3265 980 Τοιούτοις
3316 917 3422 987 γάρ
3470 936 3614 982 τισιν,
3651 925 3699 987 (τις

2213 1000 2382 1065 εἰκὸς,
2417 1000 2582 1054 εῖδεσί
2613 1019 2673 1055 τε
2722 1005 2816 1057 καὶ
2877 1009 3114 1076 μορφαῖς
3165 1007 3610 1080 σχηματιζόμεναι,
3640 1015 3700 1071 τὸν

2212 1091 2395 1161 ἀέριον
2424 1093 2589 1146 τόπον
2630 1094 2982 1166 διιπτάμεναί
3033 1115 3177 1161 τινες
3231 1099 3480 1170 δυνάμεις
3507 1107 3698 1174 πονηραὶ,

2212 1183 2378 1253 ἀρχαί
2404 1200 2465 1236 τε
2498 1185 2591 1238 καὶ
2621 1183 2882 1251 ἐξουσίαι,
2917 1187 3011 1242 καὶ
3052 1191 3486 1262 κοσμοκράτορες
3521 1193 3594 1246 τοῦ
3624 1199 3701 1250 πῄ,

2211 1291 2337 1337 τους
2383 1275 2605 1341 τούτου,
2664 1279 2759 1332 καὶ
2816 1282 3164 1350 πνευματικὰ
3217 1284 3511 1354 πονηρίας,
3549 1287 3701 1356 τρόποις

2212 1365 2540 1438 ἀλληγορίας
2582 1369 2810 1433 ἀσπίδες
2854 1371 2948 1424 καὶ
2993 1371 3297 1442 βασιλίσκοι
3348 1376 3440 1428 καὶ
3493 1376 3702 1447 δράκοντες

2211 1452 2306 1504 καὶ
2332 1451 2540 1518 λέοντες
2577 1455 2991 1527 ὀνομαζόμεναι,
3023 1459 3056 1529 ἢ
3086 1461 3178 1512 καὶ
3207 1461 3297 1514 διὰ
3328 1461 3388 1514 τὸ
3420 1464 3618 1535 ἐμφερὲς
3638 1469 3702 1537 τῆς

2213 1542 2411 1608 κακίας
2439 1545 2650 1609 τούτοις
2695 1547 3180 1620 παραϐαλλόμεναι
3204 1592 3218 1615 ,
3255 1551 3432 1604 πάντα
3481 1557 3703 1626 πειρασμὸν

2212 1632 2422 1688 ἐκίνουν
2456 1636 2575 1688 κατ’
2605 1636 2788 1690 αὑτοῦ.
2809 1638 2932 1690 Ἐπὶ
2960 1638 3102 1692 τέλει
3139 1641 3195 1692 δὲ
3225 1642 3459 1705 πάντων,
3485 1645 3549 1708 ὡς
3575 1641 3702 1700 eum

2210 1722 2454 1788 διάϐολος
2476 1727 2562 1778 ἐπ’
2587 1727 2789 1782 ἀσπίδα
2809 1730 2903 1782 καὶ
2918 1729 3229 1800 βασιλίσκον
3252 1733 3590 1805 ἐπιϐεϐηκότα
3600 1738 3705 1791 αὑτὸν

2212 1817 2306 1870 καὶ
2336 1821 2838 1890 καταπεπατηκότα
2859 1822 3039 1886 πάσας
3061 1822 3159 1886 τὰς
3183 1825 3276 1877 ὑπ’
3302 1817 3458 1878 αὐτὸν
3483 1828 3703 1897 ἐνεργείας,

2212 1908 2377 1972 αὐτὸς
2406 1909 2508 1980 ἤδη
2540 1910 2724 1965 λοιπὸν
2759 1913 2826 1965 δι’
2871 1915 3066 1968 ἐαυτοῦ
3113 1917 3348 1987 προσῄει
3401 1919 3616 1982 ταπεινὸς
3645 1921 3704 1972 ul

2212 1999 2590 2064 ὕποδεδοικὼς,
2621 2003 2923 2075 προσέφερέ
2963 2022 3023 2058 τε
3054 2007 3199 2077 αύτῷ
3237 2007 3339 2071 τὰς
3361 2009 3618 2080 ἐρωτήσεις
3643 2013 3702 2073 τὰς

2209 2091 2268 2145 ἐν
2296 2093 2408 2155 τοῖς
2441 2091 2792 2161 Εὑαγγελίοις
2832 2095 3355 2168 ἀναγεγραμμένας,
3390 2098 3625 2170 πειράζων
3644 2101 3703 2152 αὖ·

2209 2183 2300 2238 τὸν
2335 2184 2430 2238 καὶ
2470 2184 2664 2254 λέγων,
2697 2187 2759 2240 Ei
2786 2186 2910 2251 Υἱὸς
2939 2183 2990 2240 εἴ
3011 2187 3105 2241 τοῦ
3142 2188 3301 2253 Θεοῦ,
3345 2189 3461 2243 είπέ
3494 2190 3612 2255 τάδε,
3646 2193 3703 2244 καὶ

2210 2273 2436 2344 ποίησον
2467 2274 2614 2330 τάδε.
2651 2276 2762 2347 Τὴν
2790 2271 2884 2331 οὖν
2931 2276 3132 2350 ἀθρόαν
3178 2277 3361 2351 ὁρμὴν
3388 2278 3491 2334 τῶν
3526 2282 3701 2350 πονηρῶν

2209 2368 2534 2438 πνευμάτων
2581 2369 2674 2422 καὶ
2706 2369 2804 2441 τὴν
2839 2365 3008 2442 ἧτταν
3040 2369 3218 2426 αὐτῶν
3283 2373 3318 2442 ἡ
3373 2371 3590 2443 παροῦσα
3615 2391 3702 2442 περ

2213 2454 2390 2528 ίστησι
2435 2458 2778 2530 προφητείαο
2827 2458 2963 2530 ὁμοῦ
2997 2459 3096 2530 μὲν
3138 2461 3406 2532 συνῆχθαι
3448 2462 3701 2528 διδάσκουσα,

2213 2547 2287 2618 μὴ
2325 2548 2432 2618 μὴν
2483 2548 2800 2620 δεδυνῆσθαι
2843 2567 2897 2602 τι
2943 2549 3066 2621 μηδ’
3108 2550 3425 2620 ίσχυκέναι”
3459 2551 3557 2605 ἀλλ’
3590 2552 3701 2622 ἐντῷ

2210 2639 2531 2710 πλησιάζειν
2566 2640 2715 2712 αὐτῷ
2755 2641 3120 2696 καταπίπτειν
3150 2643 3346 2714 χαμαί.
3378 2643 3464 2696 Διδ
3503 2644 3700 2698 unm-

2207 2731 2483 2786 Πεσεῐται
2509 2733 2579 2787 ἐκ
2609 2733 2715 2789 τοῦ
2755 2736 3002 2802 κλίτους
3025 2752 3142 2789 σου
3179 2736 3405 2805 χιλιὰς,
3451 2737 3535 2790 καί
3561 2737 3702 2804 μυριὰς

2207 2823 2278 2878 ἐκ
2321 2821 2538 2889 δεξιῶν
2591 2841 2728 2878 σου.
2767 2826 2912 2879 ’Δντὶ
2954 2825 3011 2879 δὲ
3053 2826 3178 2879 τοῦ·
3235 2830 3340 2881 Ἐκ
3394 2827 3492 2881 τοῦ
3534 2829 3701 2890 ultore

2208 2927 2347 2977 σου,
2383 2914 2612 2978 Ἀκύλας
2637 2914 2731 2968 καὶ
2759 2916 3075 2988 Σύμμαχος,
3111 2919 3211 2972 Ἐκ
3239 2917 3351 2972 τοῦ
3372 2917 3598 2986 πλαγίου
3613 2932 3698 2976 σου,

2209 3003 2572 3058 ἐκδεδώκασιν
2590 3025 2605 3038 ·
2633 3005 2776 3060 οὕτω
2815 3008 2916 3078 τῆς
2946 3007 3132 3079 θεῐκῆς
3154 3009 3382 3081 Γραφῆς
3411 3008 3476 3061 τὰ
3519 3007 3700 3078 ἀριστερὰ

2210 3095 2302 3150 τοῦ
2342 3097 2593 3170 Σωτῆρος
2621 3099 2996 3172 ὁνομαζούσης
3018 3140 3032 3163 ,
3077 3101 3219 3172 τάχα
3254 3101 3318 3154 τὸ
3347 3103 3502 3172 μηδὲν
3539 3097 3640 3154 εἶναι
3666 3102 3700 3151 ἐν

527 3189 802 3259 quabunt;
856 3191 1095 3262 itemque
1136 3192 1294 3258 illud,
1351 3191 1724 3247 Verumtamen
1781 3195 1949 3249 oculis
2000 3196 2104 3249 tuis

2208 3187 2358 3259 αὐτῷ
2389 3191 2575 3242 σκαιὸν
2610 3191 2742 3261 μηδὲ
2773 3192 3079 3263 ἀριστερόν.
3112 3192 3260 3263 Πλὴν
3285 3193 3417 3246 ἀλλὰ
3439 3192 3551 3264 περὶ
3574 3189 3697 3243 πατῶν

527 3282 911 3348 considerabis,
944 3294 993 3339 et
1020 3285 1415 3340 retributionem
1435 3295 1770 3356 peccatorum
1794 3285 2012 3342 uidebis.
2040 3285 2105 3342 Et

529 3373 666 3440 haec,
699 3374 897 3444 inquit,
931 3378 1116 3431 omnia
1148 3377 1247 3432 tibi
1283 3377 1561 3445 accident;
1592 3377 1856 3448 quoniam
1899 3386 1979 3440 tu,
2009 3377 2107 3432 Do-

528 3465 706 3531 mine,
771 3480 899 3538 spes
957 3481 1113 3535 mea,
1177 3467 1507 3524 Altissimum
1562 3469 1787 3539 posuisti
1843 3469 2104 3540 refugium

530 3567 701 3614 tuum.

599 3854 835 3912 [Εειὶωο
865 3864 1046 3913 autem
1081 3857 1183 3915 has
1217 3856 1520 3915 invisibiles
1553 3863 1607 3913 et
1635 3857 1976 3914 adversarias
2009 3872 2108 3928 po-

525 3953 780 4012 testates,
819 3964 944 4018 quae
996 3951 1102 4005 sub
1134 3953 1394 4007 universo
1447 3949 1588 4006 ctelo
1630 3958 1808 4014 erant,
1843 3950 2107 4006 adversus

526 4052 653 4092 cum
701 4035 988 4092 confertim
1023 4046 1382 4110 congregatas
1421 4037 1612 4102 fuisse,
1645 4038 1790 4109 quod
1825 4038 2108 4108 perturba-

525 4135 720 4184 rentur
751 4144 819 4183 ex
849 4129 1012 4184 allata
1043 4130 1144 4199 ipsi
1175 4145 1327 4196 voce,
1362 4127 1582 4198 quando
1608 4131 1662 4184 in
1685 4129 1952 4186 columba:
1982 4145 2108 4200 spe-

526 4225 612 4280 cie
645 4224 885 4294 Spiritus
919 4235 1146 4280 sanctus
1189 4223 1472 4280 descendit
1502 4224 1557 4279 in
1600 4224 1774 4291 illum,
1809 4232 1864 4280 et
1919 4225 2106 4280 audita

527 4330 630 4370 vox
665 4324 750 4371 est
783 4314 1021 4386 desuper
1058 4315 1248 4370 dicens
1285 4334 1299 4370 :
1335 4314 1438 4368 Hic
1470 4324 1548 4369 est
1595 4313 1771 4368 Filius
1803 4331 1945 4369 meus
1973 4314 2106 4368 dile-

527 4420 664 4473 ctus,
702 4409 756 4461 in
806 4423 907 4478 quo
963 4406 1091 4461 mihi
1137 4408 1434 4476 complacui
1462 4407 1529 4460 3’.
1577 4405 1694 4461 Hac
1725 4406 1889 4476 igitur
1919 4405 2104 4461 audita

2208 3279 2418 3352 ἀθρόως
2447 3281 2558 3334 τῶν
2575 3281 2966 3352 ἀντικειμένων
2997 3282 3276 3354 δυνάμεων
3296 3285 3497 3355 εἴρηται
3519 3283 3581 3343 τὸ,
3599 3280 3696 3348 Πρὸς

2207 3373 2285 3426 σὲ
2313 3371 2381 3426 δὲ
2407 3375 2520 3427 οὐκ
2547 3373 2835 3444 ὲγγιοῦσι,
2870 3377 2964 3430 καὶ
2997 3376 3074 3442 τὸ,
3108 3375 3283 3436 Πλὴν
3319 3377 3437 3443 τοῖς
3463 3373 3696 3445 ὀφθαλμός

2205 3481 2324 3519 σου
2381 3465 2814 3533 κατανοήσεις,
2840 3469 2939 3521 καὶ
2991 3467 3406 3523 ἀνταπόδοσιν
3427 3463 3694 3538 ἁμαρτωλῶν

2206 3556 2363 3625 ὄψει.
2400 3557 2512 3612 Kal.
2550 3558 2744 3625 ταῦτα,
2767 3560 2922 3630 φησὶ,
2975 3560 3153 3616 πάντα
3183 3561 3340 3616 ἔσται
3370 3562 3490 3631 περὶ
3514 3563 3579 3625 σὲ,
3604 3562 3694 3612 ἐπει

2205 3647 2380 3720 δήπερ
2408 3650 2494 3713 σὺ,
2533 3643 2578 3703 ὦ
2628 3650 2800 3723 Κύριε
2827 3692 2842 3715 ,
2883 3653 2918 3722 ἡ
2967 3651 3076 3724 ἐμὶη
3123 3652 3316 3716 ἐλπὶς,
3364 3654 3466 3708 τὸν
3491 3654 3693 3720 Ὕψιστον

2206 3741 2346 3796 ἔθου
2374 3741 2730 3813 καταφυγήν
2757 3759 2894 3798 σου.

2291 3855 2562 3928 Ἠγοῦμαι
2601 3856 2658 3910 δὲ
2694 3857 2794 3922 τὰς
2817 3858 3084 3931 ἀοράτους
3108 3860 3314 3924 ταύτας
3344 3860 3434 3912 καὶ
3471 3851 3690 3922 ἀντικειμέ·

2207 3965 2304 4011 νας
2332 3947 2627 4020 δυνάμεις,
2659 3949 2759 4013 τὰς
2802 3951 2908 4004 ὑπὸ
2953 3951 3116 4004 παντὶ
3160 3952 3237 4022 τῷ
3276 3950 3478 4023 ούρανῷ
3514 3944 3690 4015 cui!“

2207 4039 2388 4102 πάσας
2436 4041 2649 4112 ἀθρόως
2696 4042 2818 4094 κατ’
2862 4041 3026 4095 αὑτοῦ
3075 4040 3465 4114 θορυϐηθείσας
3514 4037 3596 4090 ἀπὸ
3630 4032 3690 4100 τῆἶ

2206 4131 2520 4203 ἐνεχθείσης
2566 4133 2703 4204 πρὸς
2732 4131 2894 4186 αὑτὸν
2921 4133 3125 4204 φωνῆς,
3157 4134 3247 4186 ὅτε
3275 4135 3332 4186 ἐν
3377 4132 3492 4185 εἴδει
3519 4140 3690 4198 περιπε-

2209 4224 2308 4295 ρᾶς
2334 4223 2395 4276 τὸ
2424 4223 2649 4295 Πνεῦμα
2676 4225 2737 4278 τὸ
2771 4224 2924 4292 ἅγιον
2963 4225 3287 4280 κατέϐαινεν
3316 4225 3401 4278 ἐπ’
3435 4221 3586 4282 αὐτὸν,
3609 4217 3632 4284 ἦ
3653 4229 3686 4266 τί

2207 4314 2412 4370 ἄνωθεν
2461 4317 2613 4387 φωνὴ
2669 4315 2911 4388 ἠκούσθη
2965 4317 3232 4385 λέγουσαο
3299 4311 3470 4380 Οὗτός
3513 4307 3688 4364 ἐστινὸ

2215 4407 2348 4473 Υἱός
2367 4425 2486 4476 μου
2512 4411 2544 4462 ὀ
2577 4408 2904 4476 ἀγαπητὸς,
2927 4409 2997 4462 ἐν
3027 4402 3074 4475 ᾧ
3102 4408 3424 4476 εὐδόκησα.
3454 4400 3685 4458 Ἀκοὺσισιι

525 4515 682 4566 voce,
713 4499 1044 4570 conspicata:
1070 4499 1198 4553 item
1237 4515 1265 4552 a
1302 4498 1510 4570 Spiritu
1545 4507 1736 4554 sancto
1768 4513 1866 4567 per
1889 4497 2101 4553 colum-

2208 4499 2337 4567 γοῦν
2369 4498 2470 4569 τῆς
2503 4501 2686 4571 φωνῆς
2712 4500 2936 4572 ταύτης.
2965 4504 3059 4556 καὶ
3090 4501 3416 4572 θεασάμεναι
3438 4497 3516 4551 τὸν
3539 4492 3614 4548 ὑπὸ

525 4591 648 4646 bam
681 4601 1172 4646 commonstratum
1228 4591 1400 4647 fuisse
1439 4591 1712 4646 hominem
1765 4589 1962 4644 Filium
2008 4589 2102 4645 Dei

525 4683 883 4754 appellatum,
917 4698 1096 4753 neque
1126 4683 1244 4737 voci
1264 4698 1374 4736 non
1408 4680 1655 4744 credere,
1682 4695 1880 4750 neque,
1921 4680 2102 4734 homi-

525 4791 652 4830 nem
693 4791 858 4830 carne
893 4775 1143 4829 indutum
1181 4773 1658 4838 cernentes,hunc
1691 4773 1949 4827 dilectum
1980 4787 2102 4828 esse

527 4865 618 4920 Dei
661 4882 983 4936 persuasum
1015 4867 1216 4920 habere
1254 4873 1526 4934 poterant.
1559 4862 1740 4930 Quare
1772 4863 2102 4933 stupendum

525 4958 824 5028 quidpiam,
858 4967 910 5014 et
955 4974 1150 5014 novam
1195 4957 1433 5012 hominis
1476 4965 1730 5010 naturam
1788 4963 2098 5020 cernentes,

527 5065 684 5104 suam
729 5050 991 5118 operandi
1038 5051 1146 5104 vim
1183 5049 1550 5119 praestantiori
1591 5050 1792 5103 virtute
1815 5047 2100 5103 delendam

525 5157 651 5196 esse
700 5142 1112 5212 exspectabant.
1156 5139 1364 5197 Idcirco
1405 5141 1556 5196 illum
1591 5142 1795 5196 adorta:
1827 5149 1976 5202 sunt,
2007 5143 2098 5210 qui

528 5247 647 5287 sese
691 5233 859 5287 alacri
922 5233 1105 5287 animo
1146 5233 1398 5288 omnibus
1446 5233 1838 5289 tentationibus
1879 5232 2098 5296 obtulit,

526 5336 665 5390 quas
703 5336 804 5391 pro
829 5322 1003 5376 salute
1037 5321 1316 5376 hominum
1349 5330 1685 5392 susceperat.
1713 5322 1847 5376 Nam
1880 5332 2104 5388 cum,ut

527 5411 663 5476 dixi,
705 5414 1101 5484 przedicaturus
1155 5422 1301 5470 esset
1348 5417 1567 5482 captivis
1609 5416 1993 5480 dimissionem,
2051 5424 2101 5469 et

527 5505 678 5557 ctrcis
701 5506 838 5559 visus
864 5507 1241 5560 restitutionem
1262 5545 1278 5568 ,
1325 5506 1624 5560 secundum
1671 5506 2009 5578 prophetiam
2035 5506 2103 5562 de

527 5590 645 5662 ipso
663 5596 927 5663 prolatam
945 5598 1020 5662 ⁸³;
1047 5605 1209 5667 atque
1229 5597 1469 5651 futurum
1491 5605 1658 5661 esset,
1680 5607 1738 5652 ut
1761 5599 1971 5654 animas
2001 5599 2102 5653 lto-

2207 4591 2362 4660 ἁγίου
2411 4592 2727 4663 Πνεῦματος
2771 4592 2860 4647 διὰ
2899 4594 2996 4665 τῆς
3035 4595 3362 4666 περιστερᾶς
3402 4583 3681 4656 ἀναδειχθέντα

2205 4681 2488 4753 ἄνθρωπον
2522 4681 2649 4734 Υἱδν
2703 4681 2839 4736 Θεοῦ
2893 4683 3305 4755 ὠνομασμένον,
3354 4681 3466 4737 οὔτε
3507 4681 3558 4748 τῇ
3588 4669 3679 4742 νωνῇ

2204 4774 2453 4825 ἀπιστεῖν
2501 4768 2665 4844 εἶχον,
2720 4773 2845 4826 οὔτε
2901 4775 2995 4829 τὸν
3029 4775 3312 4847 ἄνθρωπον
3357 4773 3535 4844 ὁρῶσαι
3570 4766 3677 4834 σάρκί

2203 4865 2579 4934 ἡμφιεσμένον
2605 4864 2878 4918 πιστεύειν
2905 4864 3092 4918 τοῦτον
3115 4862 3252 4919 εἶναι
3272 4866 3362 4919 τὸν
3378 4855 3605 4931 ἀγαπητὸν
3625 4867 3676 4902 τω

2204 4955 2359 5010 Θεοῦ.
2376 4957 2465 5010 Διὸ
2491 4956 2636 5022 ξένον
2670 4975 2723 5010 τι
2753 4957 2942 5030 χρῆμα
2980 4959 3070 5012 καὶ
3093 4958 3283 5030 καινὴν
3306 4955 3554 5028 ἀνθρώπου
3577 4945 3676 5015 ’φύσιν

2206 5046 2476 5119 θεώμεναι
2497 5091 2512 5113 ,
2542 5047 2642 5113 τὰς
2683 5050 2889 5113 οἰκείας
2920 5051 3201 5122 ἐνεργείας
3238 5048 3451 5119 δυνάμει
3495 5038 3675 5129 “‘57”?

2206 5140 2704 5212 καθαιρεθήσεσθαι
2728 5141 3154 5213 προσεδόκησαν.
3173 5141 3264 5194 Διδ
3281 5141 3342 5212 δὴ
3363 5137 3564 5208 ἐπῄεσαν
3583 5126 3673 5213 15??

2207 5230 2437 5283 ἐπιδόντι
2471 5226 2529 5283 εὖ
2575 5229 2719 5302 μάλα
2753 5212 3049 5302 προθύμως
3075 5231 3266 5285 ἐαυτὸν
3298 5231 3374 5293 είς
3411 5225 3576 5282 πάντας
3596 5212 3672 5270 τοὺς

2207 5323 2566 5393 πειρασμοὺς,
2599 5321 2690 5386 οὓς
2715 5323 2853 5394 ὑπὲρ
2878 5323 2980 5394 τῆς
3015 5321 3315 5394 ἀνθρώπιον
3345 5312 3569 5386 σωτηρίας
3591 5306 3669 5358 ἀπ’

2204 5414 2439 5467 δέδεκτο.
2457 5415 2682 5468 Μέλλων
2703 5414 3066 5488 γοῦν,’ὥσπερ
3081 5415 3239 5484 ἔφην,
3252 5411 3510 5483 κηρύττειν
3533 5401 3668 5497 allis"

2203 5505 2416 5572 λώτοις
2439 5505 2681 5575 ἄφεσιν,
2719 5505 2816 5559 καὶ
2848 5506 3100 5575 τυφλοῖς
3129 5504 3458 5571 ἀνάϐλεψιν,
3486 5488 3588 5548 κατά

2204 5597 2334 5672 περὶ
2367 5571 2531 5654 αὐτοῦ
2565 5571 2936 5672 προφητείαν,
2955 5599 3210 5668 ἀφέλκειν
3237 5615 3294 5652 τε
3315 5594 3404 5660 τάς
3424 5588 3510 5644 τῶν
3525 5571 3662 5646 MP“

601 5745 645 5779 ⁸¹
685 5745 852 5799 Mare.
893 5765 938 5811 ι,
979 5752 1060 5804 15.
1137 5751 1183 5783 ⁸³
1225 5752 1412 5807 Matth.
1450 5770 1546 5820 ιιι,
1584 5755 1670 5810 l7.
1740 5756 1784 5787 ⁸³
1825 5753 1958 5809 Lur.
1991 5771 2063 5820 Iv,
2099 5754 2107 5809 1

2237 5755 2342 5810 Isa.
2376 5772 2463 5813 LXI
2484 5799 2499 5820 ,
2538 5761 2590 5813 l.
