3830 6288
124 327 253 387 "5'1

1284 322 1789 384 COMMENTARIA
1828 327 1892 384 ΙΝ
1929 326 2269 387 PSALMOS.

3248 340 3387 397 H58

122 463 233 501 πων
258 444 432 515 ψυχάς
472 440 579 496 ἀπὸ
616 440 724 497 τῶν
766 442 934 498 πάλαι
991 443 1452 515 ᾐχμαλωτικότων
1485 446 1656 511 αὑτὰς
1680 486 1694 511 ,

1800 448 2009 503 minum
2051 449 2120 503 ah
2150 449 2240 513 iis,
2268 447 2363 519 qui
2405 449 2553 519 ipsas
2585 451 2715 507 olim
2755 451 2810 508 in
2844 454 3213 527 captivitatem
3259 455 3389 511 abe-

120 535 430 609 ὲλευθεροῦν
462 552 521 588 τε
548 535 717 599 αὐτὰς
750 537 859 589 ἀπὸ
896 536 996 606 τῆς
1035 537 1426 611 είδωλολάτρου
1467 540 1696 609 πλάνης,

119 628 422 699 ἀναγκαίως
447 626 660 699 πρῶτον
691 626 945 681 ἁπάντων
982 630 1101 682 κατ’
1130 629 1312 682 αὐτῶν
1337 629 1699 701 ἐστρατεύετο

117 718 219 775 τῶν
268 718 359 771 τὸν
416 715 625 786 μακρὸν
663 715 836 768 αἰῶνα
865 718 1369 788 τετυραννηκότων.
1436 720 1589 773 Ἐπεὶ
1641 722 1698 774 δὲ

117 809 319 873 τούτοις
356 806 768 879 κατηγωνίσατο
824 807 890 862 δι’
926 810 1205 882 ὑπομονῆς
1248 811 1451 877 παντὸς
1508 826 1701 886 πειρα-

120 901 271 974 σμοῠ,
298 900 379 954 διό
405 918 567 971 φησιν
594 903 621 954 ὁ
650 902 865 963 Λουκᾶς
893 919 906 931 ·
936 902 1048 956 Καὶ
1090 905 1472 971 συντελέσας
1503 906 1701 961 πάντα

117 995 442 1064 πειρασμὸν
475 997 507 1048 ό
545 993 827 1061 διάϐολος
864 993 1104 1065 ἀπέστη
1156 996 1257 1051 ἀπ’
1297 998 1504 1052 αὑτοῦ.
1542 1000 1698 1054 Μετὰ

117 1088 280 1142 ταῦτα
328 1087 421 1140 ἐπὶ
470 1086 567 1157 τὴν
609 1086 717 1141 τῶν
769 1086 1075 1158 ἀνθρώπων
1130 1087 1430 1160 θεραπείαν
1462 1090 1694 1163 ὲχὼρεισ

118 1179 259 1232 ἐνθεν
307 1178 403 1232 καὶ
458 1177 708 1251 ἔφριττον
759 1179 922 1232 αὑτὸν
951 1180 999 1232 οἱ
1048 1178 1303 1250 δαίμονες
1325 1218 1340 1246 ,
1380 1181 1698 1253 ὡμολόγουν

116 1287 170 1323 τε
194 1267 357 1323 αὐτὸν
407 1268 605 1322 εἰδέναι
657 1269 805 1332 ὅστις
831 1267 948 1339 εἴη,
988 1268 1220 1339 βοῶντες
1263 1272 1362 1324 καὶ
1416 1270 1695 1339 λέγοντες·

120 1362 236 1422 Ἔα,
264 1360 322 1411 τί
345 1359 494 1429 ἡμῖν
524 1360 627 1414 καί
668 1374 790 1423 σοι,
846 1360 941 1413 Υἱὲ
970 1360 1078 1414 τοῦ
1116 1361 1303 1426 Θεοὺ;
1350 1361 1598 1432 οἴδαμέν
1625 1380 1701 1417 σε

115 1452 200 1516 τίς
225 1447 299 1513 εἴ,
328 1454 361 1505 ό
391 1451 559 1521 ἅγιος
590 1451 697 1505 τοῦ
722 1452 893 1507 Θεοῦ.
939 1446 1072 1504 Ἀπὸ
1110 1453 1219 1525 γάρ
1253 1454 1350 1524 τῆς
1373 1454 1509 1527 πρὸς
1538 1455 1699 1509 αὑτὸν

116 1542 419 1614 ἐνεχθείσης
448 1543 634 1613 φωνῆς
667 1543 1083 1615 μεμαθήκεισαν
1109 1544 1259 1608 ὅστις
1289 1540 1357 1616 ἦν
1378 1562 1391 1575 ·
1432 1545 1571 1599 ἀλλὰ
1602 1546 1698 1599 καὶ

118 1634 203 1702 ἀφ’
245 1626 320 1687 ὧν
366 1633 666 1704 εἰργάσατο
706 1633 848 1688 κατὰ
886 1633 980 1687 τὸν
1025 1632 1120 1687 τοῦ
1159 1635 1468 1708 πειρασμοῦ
1507 1637 1697 1709 καιρὸν

116 1724 300 1796 ᾔδεσαν
339 1724 507 1780 αὑτοῦ
534 1724 632 1797 τὴν
658 1725 912 1796 δύναμιν.

184 1834 261 1886 οὐ
288 1834 765 1901 προσελεύσεται
798 1834 949 1904 πρὸς
992 1834 1068 1889 σὲ
1111 1836 1288 1899 κακὰ,
1321 1837 1422 1891 καί
1466 1837 1693 1907 μάστιξ

115 1925 216 1977 οὐκ
246 1924 435 1993 ἐγγιεῖ
453 1924 532 1991 τῷ
565 1925 913 1995 σκηνώματι
945 1941 1085 1981 σου.
1110 1928 1229 1980 ’Ὁτι
1258 1928 1384 1993 τοῖς
1415 1927 1693 1998 ἀγγέλοις

117 2015 288 2072 αὑτοῦ
342 2016 671 2072 ἐντελεῖται
716 2019 852 2088 περὶ
900 2018 1018 2073 σοῦ
1070 2019 1180 2074 τοῦ
1210 2018 1575 2088 διαφυλάξαι
1619 2036 1693 2074 σε

116 2109 178 2161 ἐν
218 2107 444 2175 πάσαις
483 2108 614 2175 ταῖς
652 2108 813 2176 ὁδοῖς
860 2124 997 2163 σου.
1048 2110 1174 2163 Ἐπὶ
1217 2106 1430 2180 χειρῶν
1474 2111 1695 2179 ἀροῦσί

116 2210 201 2264 σε,
220 2200 456 2270 μήποτε
482 2204 842 2271 προσκόψῃς
866 2202 1016 2271 πρὸς
1038 2203 1214 2257 λίθον
1241 2205 1346 2257 τὸν
1370 2203 1527 2258 πόδα
1552 2218 1689 2258 σου.

116 2291 216 2346 Καὶ
236 2287 411 2343 ταῦτα
447 2290 523 2362 τῷ
552 2290 695 2344 κατὰ
718 2291 954 2363 Χριστὸν
982 2292 1391 2363 τετελειωμὲνῳ
1414 2293 1572 2364 ἀνδρὶ¹
1598 2293 1694 2347 καὶ

116 2380 185 2451 τῷ
212 2381 352 2453 χορῷ
392 2381 509 2435 τῶν
542 2382 635 2437 τοῦ
686 2382 924 2453 Χριστοῦ
963 2385 1296 2456 μαρτύρων,
1344 2387 1411 2456 τῇ
1457 2401 1517 2438 τε
1561 2385 1693 2456 ἁγίᾳ

117 2470 268 2524 αὐτοῦ
306 2472 629 2545 Ἐκκλησία,
659 2475 751 2527 καὶ
773 2471 838 2547 δὴ
865 2476 960 2529 καὶ
1004 2474 1153 2547 αὐτῷ
1186 2474 1264 2547 τῷ
1304 2474 1539 2548 Χριστοῦ
1586 2477 1692 2530 σώ-

119 2578 238 2632 ματι
266 2562 562 2634 ἁρμόσειεν
590 2562 656 2617 ἂν
707 2563 994 2633 λέγεσθαι’
1035 2565 1099 2618 Ei
1143 2564 1252 2637 γὰρ
1288 2566 1693 2635 παρεμϐάλλει

116 2651 352 2723 ἄγγελος
383 2655 610 2723 Κυρίου
641 2656 845 2719 κύκλῳ
889 2655 1010 2709 τῶν
1062 2656 1449 2726 φοϐουμένων
1484 2658 1692 2723 αὐτὸν,

118 2745 204 2797 καὶ
217 2747 475 2813 ῥύσεται
507 2747 753 2813 αὐτοὺς,
783 2746 892 2800 τῶν
922 2747 1380 2819 ὑπερϐεϐηκότων
1408 2748 1499 2803 τὸν
1531 2749 1694 2818 φόϐον

118 2838 201 2890 καὶ
228 2838 281 2890 ὲν
328 2838 448 2904 ἕξει
495 2839 677 2909 τελείᾳ
710 2838 810 2908 τῆς
860 2838 1000 2893 κατὰ
1031 2839 1211 2911 ψυχὴν
1245 2840 1446 2912 ἀρετῆς
1490 2858 1694 2912 τυγχα-

117 2931 318 2997 νόντων,
345 2933 538 2996 ὁποῖός
566 2935 711 2985 ἐστιν
740 2934 774 2985 ό
813 2932 1158 3001 καθήμενος
1188 2932 1257 2985 ἐν
1281 2933 1536 3001 βοηθείᾳ
1589 2934 1695 2988 τοῦ

128 3021 435 3092 Ὑψίστου,
465 3022 564 3077 καὶ
591 3022 709 3078 ὑπὸ
736 3022 850 3091 τὴν
877 3025 1062 3077 σκιὰν
1077 3022 1183 3077 τοῦ
1206 3023 1419 3078 ἱκανοῦ
1463 3023 1697 3085 αὐλιζό-

112 3133 307 3185 μενος·
363 3116 487 3169 τῶν
542 3111 631 3168 οὖν
693 3114 947 3168 τοιούτων
995 3116 1092 3185 οὐχ
1144 3111 1224 3178 εἷς
1275 3114 1523 3185 ἄγγελος,
1558 3115 1696 3171 ἀλλὰ

120 3208 453 3279 παρεμϐολαὶ
494 3207 712 3269 πλείους
753 3207 1106 3259 καθίστανται
1146 3206 1405 3275 φύλακες,
1440 3207 1561 3260 ὅσαι
1605 3209 1698 3261 καὶ

124 3298 323 3363 πλείους
370 3301 421 3352 οἱ
474 3297 554 3369 τῷ
612 3298 754 3352 κατὰ
809 3297 941 3351 Θεὸν
981 3298 1171 3367 τελείῳ
1232 3297 1692 3363 ἐπιϐουλεύοντες.

123 3392 262 3445 Οὕτω
303 3392 436 3460 γοῦν
462 3391 556 3444 καὶ
598 3390 691 3443 τὸν
734 3389 1021 3461 προφήτην
1088 3388 1386 3442 Ἐλισσαῖον
1436 3389 1697 3444 ὲκύκλουν

123 3480 310 3550 πλῆθος
333 3480 650 3551 δορυφόρων
672 3478 941 3547 ἀγγέλων.
967 3478 1059 3531 Διὸ
1087 3478 1235 3532 οὐδὲν
1255 3478 1363 3533 τῶν
1387 3478 1697 3550 βλαπικῶν

122 3572 298 3625 ἐτελεύ
309 3589 366 3625 σε
378 3571 507 3624 σθαι
534 3570 753 3639 λέγεται
785 3570 863 3641 τῷ
890 3570 979 3624 διὰ
998 3568 1091 3623 τοῦ
1113 3569 1329 3642 ψαλμοῦ
1360 3586 1699 3643 προφητευο-

123 3666 256 3734 μένῳ
275 3681 286 3693 ·
323 3663 437 3717 ἀλλ’
480 3662 600 3716 οὐδὲ
629 3661 827 3731 μάστιξ
854 3663 946 3715 ἐπὶ
966 3662 1027 3715 τὸ
1058 3661 1215 3732 σῶμα
1241 3662 1553 3732 ἐφάψασθαι
1601 3663 1694 3717 τοῦ

123 3756 468 3827 σκηνώματος
500 3754 665 3807 αὐτοῦ
686 3770 701 3784 ι
744 3754 982 3823 μάστιγα
1009 3753 1273 3808 νοούντων
1311 3753 1467 3825 ἡμῶν
1505 3755 1565 3808 οὐ
1596 3756 1695 3827 τὴν

122 3848 409 3919 κοινότερον
435 3846 763 3918 λεγομένηνο
797 3844 972 3919 ταύτῃ
1007 3845 1117 3917 γὰρ
1147 3847 1553 3919 ὲμαστίχθησαν
1590 3866 1695 3918 μυ-

124 3937 216 4008 ρίοι
229 3939 333 3992 τῶν
350 3940 520 4009 ἁγίων
539 3939 632 3991 τοῦ
646 3937 779 3991 Θεοῦ
798 3937 1087 4009 μαρτύρων
1107 3938 1200 3990 καὶ
1220 3937 1385 3991 αὑτοῦ
1402 3938 1460 3991 δὲ
1470 3938 1563 3991 τοῦ
1584 3939 1697 3992 Σω-

121 4031 272 4102 τῆρος
287 4033 443 4104 ἡμῶν
464 4031 524 4085 τὸ
536 4030 844 4102 σωματικὸν
861 4031 1125 4101 σκήνωμα
1142 4030 1279 4101 καὶὴ
1295 4028 1429 4101 σὰρξ
1448 4029 1696 4100 μάστιξιν

122 4122 323 4194 ᾑκίσθη⁹
364 4123 507 4177 κατὰ
559 4124 652 4177 τὸν
698 4122 889 4195 καιρὸν
937 4121 1032 4174 τοῦ
1091 4122 1332 4187 πάθους,
1387 4121 1695 4186 ἀκολούθως

121 4214 181 4283 τῇ
239 4213 520 4286 φασκούσῃ
572 4215 699 4286 περὶ
742 4215 906 4269 αὑτοῦ
964 4217 1300 4287 προφητείᾳ,
1349 4216 1462 4270 Τὸν
1500 4215 1696 4271 νῶτόν

117 4319 227 4368 μου
264 4304 456 4358 ἔδωκα
486 4308 573 4371 εἷς
601 4304 901 4375 μάστιγας
924 4346 938 4369 ,
986 4307 1093 4373 τὰς
1135 4306 1205 4360 δὲ
1244 4308 1533 4377 σιαγόνας
1571 4325 1693 4378 μου

121 4398 201 4461 εἰς
218 4398 566 4468 ῥαπίσματα
584 4414 597 4427 ·
629 4397 707 4450 διὸ
738 4399 980 4468 μάστιγα
1007 4398 1101 4451 νῦν
1134 4398 1424 4469 δηλοῦσθαι
1460 4400 1557 4469 τὴν
1584 4400 1693 4453 άπὸ

122 4472 426 4560 δαιμονικῆς
470 4490 748 4561 ἐνεργείας
795 4490 1008 4561 πληγὴν
1042 4492 1348 4561 νομιστέον,
1381 4492 1573 4555 ὁποίας
1618 4492 1695 4545 ei-

126 4586 274 4651 ρηται
308 4582 472 4644 αὐτὸς
514 4583 543 4634 δ
596 4582 786 4653 Σωτὴρ
837 4582 1090 4636 ἰάσασθαι
1140 4583 1235 4635 καὶ
1280 4582 1603 4653 θεραπεύειν
1632 4585 1692 4636 ὲν

124 4671 418 4743 ἀνθρώποις
450 4673 714 4744 δαιμόνων
741 4673 1066 4745 ἀκαθάρτων
1102 4675 1388 4744 μάστιγας.
1424 4673 1692 4746 Τοιαύτην

124 4758 208 4815 οὖν
246 4766 483 4836 μάστιγά
529 4783 695 4837 φησιν
732 4766 762 4818 ὁ
811 4764 1000 4837 παρὼν
1032 4764 1189 4835 λόγος
1221 4767 1295 4837 μὴ
1332 4766 1572 4835 ὲγγίσειν
1613 4765 1690 4837 τῷ

127 4855 435 4927 σκηνώματι
458 4856 552 4910 τοῦ
592 4856 1094 4930 προφητευομένου,
1120 4858 1209 4911 διὰ
1234 4858 1293 4910 τὸ
1325 4858 1690 4927 φυλάττεσθαι

124 4947 221 5001 ὑπὸ
250 4950 357 5003 τῶν
382 4950 804 5021 καθεσταμένων
833 4952 924 5005 ἐπὶ
949 4950 1011 5004 τὸ
1051 4954 1310 5024 φρουρεῖν
1339 4951 1500 5004 αὑτὸν
1525 4951 1691 5020 ἀγγέ-

125 5036 243 5103 λων,
271 5042 319 5093 οἳ
359 5041 422 5111 δὴ
461 5044 554 5095 καὶ
604 5042 695 5094 ἐπὶ
742 5040 943 5112 χειρῶν
994 5041 1157 5094 αὐτὸν
1183 5040 1457 5112 μετέωρον
1495 5042 1694 5113 ἀναλή-

123 5130 307 5198 ψεσθαι
334 5133 600 5201 λέγονται,
632 5133 770 5204 πρὸς
795 5132 855 5185 τὸ
879 5133 953 5204 μὴ
978 5134 1344 5204 προσκόπτειν
1368 5132 1533 5186 αύτοῦ
1560 5133 1692 5203 λίθῳ

124 5222 206 5274 τὸν
234 5226 387 5279 πόδα.
428 5229 700 5298 Σκήνωμα
739 5226 796 5278 δὲ
840 5226 1002 5279 αὐτοῦ
1037 5226 1158 5279 καθ’
1193 5227 1289 5280 ἕνα
1341 5225 1440 5297 μὲν
1491 5227 1692 5297 τρόπον

123 5314 257 5385 ἐρεῖς
300 5314 442 5372 εἶναι
490 5321 586 5391 τὴν
621 5318 946 5388 Ἐκκλησίαν
984 5316 1171 5380 αὐτοῦ,
1221 5318 1363 5371 κατὰ
1407 5318 1468 5371 τὸ
1492 5358 1506 5381 ,
1545 5318 1693 5383 Ἕως

122 5404 194 5456 ἦν
238 5407 388 5475 εὕρω
451 5412 639 5464 τόπον
692 5408 775 5475 τῷ
816 5410 1042 5477 Κυρίῳ,
1105 5408 1393 5479 σκήνωμα
1438 5408 1519 5474 τῷ
1570 5406 1693 5473 Θεῷ

130 5497 346 5552 Ἰακώϐο
383 5501 530 5554 οὕτω
574 5502 667 5555 καὶ
700 5499 922 5554 πλείονα
953 5500 1286 5571 σκηνώματα
1314 5499 1410 5564 τὰς
1447 5500 1692 5553 ἁπαντα-

1803 548 2015 610 gerant,
2050 538 2366 605 abduceret,
2400 541 2767 614 liheraretque
2813 545 2882 600 ab
2924 546 3195 602 idolorum
3229 562 3387 602 errod-

1802 647 1895 699 re;
1932 634 2243 689 necessario
2278 634 2479 689 bellum
2542 638 2719 705 primo
2775 639 2997 708 gerebat
3052 640 3107 694 in
3165 654 3262 695 eos
3291 642 3386 711 qui

1801 722 2066 778 diuturno
2103 731 2348 793 tempore
2378 725 2726 795 tyrannidem
2769 728 3115 785 obtinebant.
3156 730 3223 786 Et
3255 731 3387 802 quia

1800 813 1953 884 ipsos
1989 829 2086 885 per
2124 816 2489 871 tentationum
2540 818 2786 872 omnium
2827 819 3173 876 tolerantiam
3213 838 3389 895 oppu-

1801 904 2028 975 gnabat,
2054 904 2176 961 ideo
2201 904 2382 963 Lucas
2416 907 2493 961 ait
2522 926 2535 962 :
2574 907 2644 961 Et
2677 924 2794 961 cum
2816 926 3238 968 consummasset
3272 932 3389 969 om-

1801 1013 1919 1050 nem
1956 999 2299 1054 tentationem
2330 999 2597 1067 diabolus,
2629 1003 2873 1057 discessit
2909 1004 2975 1057 ab
3002 1022 3062 1059 eo
3092 1006 3160 1060 δι.
3182 1005 3388 1062 Deinde

1800 1104 1930 1144 vero
1962 1088 2030 1143 ad
2063 1089 2349 1147 hominum
2382 1092 2721 1149 curationem
2754 1101 2809 1149 et
2846 1094 3112 1150 medelam
3161 1098 3389 1153 accede-

1800 1181 1893 1237 bat
1945 1201 1958 1236 :
2000 1196 2170 1251 quare
2223 1182 2530 1239 fremebant
2562 1185 2617 1239 in
2668 1200 2792 1239 eum
2830 1186 3132 1251 daemones,
3160 1190 3388 1244 conﬂte-

1800 1272 2109 1342 hanturque
2142 1288 2201 1328 se
2235 1287 2399 1330 nosse
2421 1275 2547 1346 quis
2588 1283 2757 1339 esset,
2785 1276 3088 1332 clamantes
3118 1284 3173 1332 et
3195 1279 3386 1333 dicen-
3453 1334 3463 1351 δ

1801 1375 1923 1422 tes:
1962 1364 2107 1431 Sine,
2139 1366 2265 1437 quid
2300 1369 2449 1422 nobis
2490 1377 2543 1421 et
2592 1367 2705 1433 tibi,
2744 1366 2851 1422 Fili
2874 1368 3013 1424 Dei?
3051 1368 3310 1424 Nouimus
3341 1380 3389 1425 te

1798 1461 1915 1530 quis
1945 1461 2045 1525 sis,
2081 1471 2295 1515 sanctus
2319 1460 2416 1515 Dei
2448 1460 2614 1518 ".Ab
2630 1462 2780 1515 illata
2800 1463 2949 1518 enim
2975 1463 3054 1516 illi
3096 1478 3228 1518 voce
3256 1464 3388 1518 didi-

1799 1560 1989 1605 cerant
2020 1551 2275 1620 quisnam
2306 1560 2484 1618 esset;
2520 1551 2632 1605 imo
2664 1552 2828 1606 etiam
2858 1566 2926 1606 ex
2958 1552 3027 1607 iis
3057 1567 3179 1621 quas
3209 1559 3388 1607 tenta-

1798 1643 1965 1699 tionis
1997 1653 2241 1715 tempore
2279 1651 2546 1715 gesserat,
2573 1642 2695 1712 ejus
2725 1643 2986 1699 virtutem
3024 1654 3315 1699 noverant.

1867 1849 2035 1905 Vens.
2052 1849 2237 1906 10-12.
2264 1848 2388 1903 Non
2413 1842 2657 1903 accedent
2680 1849 2750 1903 ad
2783 1858 2830 1903 te
2853 1848 3019 1915 mala,
3043 1858 3093 1903 et
3114 1848 3387 1920 ﬂagellum

1793 1960 1896 1997 non
1924 1942 2366 2013 appropinquabit
2391 1941 2733 1996 tabernaculo
2759 1951 2868 1997 tuo.
2890 1941 3156 2007 Quoniam
3185 1941 3386 2011 angelis

1793 2035 1905 2088 suis
1938 2031 2211 2088 mandabit
2242 2035 2305 2086 de
2330 2042 2397 2095 te,
2430 2042 2489 2085 ut
2517 2032 2819 2086 custodiant
2856 2041 2903 2085 te
2934 2033 2989 2085 in
3017 2031 3261 2087 omnibus
3282 2032 3383 2086 viis

1795 2127 1921 2182 tuis.
1946 2123 2014 2180 In
2045 2124 2292 2179 manibus
2313 2124 2600 2194 portabunt
2630 2133 2697 2187 te,
2717 2141 2780 2179 ne
2795 2141 3028 2196 unquam
3059 2124 3296 2195 oﬂ'endas
3315 2124 3385 2177 ad

1795 2217 2021 2286 lapidem
2050 2215 2233 2287 pedem
2266 2228 2433 2274 tuum.
2462 2216 2587 2272 Haec
2620 2218 2688 2272 de
2719 2217 2837 2272 viro
2877 2217 3177 2272 secundum
3225 2216 3386 2271 Chri-

1795 2317 1939 2365 stum
1972 2316 2373 2371 consummato,
2397 2307 2465 2363 de
2495 2309 2666 2362 choro
2704 2316 3007 2378 martyrum
3038 2305 3266 2374 Christi,
3298 2306 3385 2361 vel

1793 2401 1862 2457 de
1896 2410 2087 2457 sancta
2122 2399 2243 2471 ejus
2294 2400 2576 2467 Ecclesia;
2611 2401 2721 2455 imo
2746 2417 2877 2456 vero
2911 2402 2978 2456 de
3021 2401 3142 2472 ipso
3170 2400 3382 2456 Christi

1791 2504 2025 2560 corpore
2061 2497 2367 2559 opportune
2399 2490 2507 2544 dici
2544 2497 2790 2560 possunt.
2822 2490 2963 2544 Nam
3003 2491 3052 2545 si
3083 2498 3387 2544 castrame-

1797 2588 1943 2634 tatur
1970 2578 2186 2649 angelus
2217 2578 2433 2633 Domini
2464 2580 2519 2633 in
2551 2581 2777 2633 circuitu
2811 2578 3109 2634 timentium
3152 2596 3292 2642 eum,
3327 2586 3381 2633 et

1794 2670 1978 2738 eripiet
2007 2686 2095 2724 eos
2118 2672 2185 2733 ⁸⁸,
2212 2671 2304 2739 qui
2330 2668 2677 2724 formidinem
2703 2678 3121 2740 superarunt,et
3150 2671 3207 2725 in
3234 2670 3386 2725 bono

1794 2761 2033 2824 virtutis,
2067 2776 2190 2830 qua:
2227 2761 2528 2815 secundum
2564 2760 2815 2816 animam'
2853 2771 2935 2818 est
2962 2800 2977 2825 ,
3030 2761 3228 2817 aﬂ'ectu
3261 2776 3385 2815 ver-

1796 2862 2008 2917 santur,
2038 2852 2216 2922 qualis
2258 2864 2343 2907 est
2374 2852 2464 2922 qui
2513 2852 2654 2906 sedet
2687 2853 2740 2906 in
2770 2853 3038 2923 adjutorio
3092 2852 3383 2917 Altissimi,

1796 2954 1845 2999 et
1875 2943 1970 2999 sub
1998 2944 2187 2998 umbra
2244 2945 2403 3014 fortis
2446 2954 2841 3009 commoratur;
2889 2946 2958 3001 iis
2998 2961 3132 3001 sane
3161 2945 3255 3016 qui
3304 2945 3385 3000 sic

1799 3035 1975 3090 aﬂ‘ecti
2011 3042 2159 3101 sunt,
2194 3051 2305 3089 non
2336 3036 2563 3105 angelus
2587 3051 2753 3098 unus,
2791 3034 2886 3090 sed
2916 3044 3100 3091 castra
3144 3034 3384 3105 plurima

1800 3127 1855 3182 in
1878 3127 2184 3182 custodiam
2215 3125 2415 3179 tradita
2437 3135 2585 3190 sunt,
2609 3133 2663 3180 et
2702 3133 2858 3180 tanto
2885 3126 3147 3196 plurima,
3170 3130 3382 3195 quanto

1798 3217 1891 3287 qui
1925 3217 2041 3270 viro
2070 3215 2372 3271 secundum
2405 3214 2575 3271 Deum
2616 3214 2864 3286 profecto
2895 3214 3251 3271 insidiantur.
3291 3213 3386 3270 Sic

1799 3308 1985 3378 itaque
2027 3305 2284 3361 Eliszeum
2337 3305 2660 3377 prophetam
2718 3305 3039 3361 muniebant
3089 3306 3386 3362 satellitum

1799 3401 2114 3470 angelorum
2174 3407 2368 3454 turma:
2442 3398 2809 3465 Quamobrem
2876 3397 3192 3453 nocumenti
3242 3398 3385 3451 nihil

1797 3507 2067 3563 passurus
2093 3507 2215 3547 esse
2239 3491 2444 3547 dicitur
2470 3491 2565 3561 qui
2598 3492 2654 3545 in
2691 3491 2906 3562 psalmo
2934 3491 3341 3560 praenuntiatur
3367 3508 3382 3556 ;

1796 3592 1974 3647 neque
2008 3576 2279 3649 ﬂagellum
2309 3578 2527 3647 corpori
2558 3577 2896 3633 tabernaculi
2941 3576 3063 3645 ejus
3111 3576 3386 3631 incutien-

1798 3667 1925 3722 dum
1980 3669 2315 3739 prasdicitur.
2364 3668 2467 3723 Per
2496 3668 2764 3739 ﬂagellum
2815 3683 2947 3722 vero
2998 3682 3108 3722 non
3163 3667 3385 3735 vulgare

1798 3760 1929 3814 illud
1962 3761 2349 3830 intelligimus;
2387 3773 2511 3812 nam
2542 3772 2608 3811 eo
2637 3757 2763 3812 caesi
2792 3765 2923 3812 sunt
2950 3756 3382 3811 innumerabiles

1797 3853 1973 3907 sancti
2009 3851 2103 3906 Dei
2138 3858 2426 3921 martyres,
2459 3856 2624 3919 atque
2664 3850 2844 3919 ipsum
2890 3863 3217 3919 corporeum
3249 3848 3381 3904 Ser-

1795 3945 2000 3998 vatoris
2048 3940 2225 3996 nostri
2260 3938 2673 3994 tabernaculum
2720 3945 2774 3993 et
2815 3952 2946 3992 caro
2978 3937 3099 4008 ejus
3132 3945 3383 4009 tempore

1794 4033 2068 4103 passionis
2097 4030 2326 4103 ﬂagellis
2352 4030 2628 4085 lancinata
2672 4037 2777 4094 est,
2810 4029 3113 4085 secundum
3145 4031 3381 4102 proﬁte-

1796 4124 1927 4179 tiam
1951 4139 2072 4195 quae
2105 4123 2172 4178 de
2195 4124 2314 4194 ipso
2336 4122 2497 4184 fatur,
2528 4121 2761 4176 Dorsum
2810 4138 2982 4177 meum
3004 4121 3126 4176 dedi
3155 4122 3225 4176 ad
3272 4124 3380 4193 ﬂa-

1794 4218 1981 4288 gellas,
2000 4226 2048 4271 et
2078 4232 2238 4287 genas
2266 4232 2409 4269 meas
2436 4214 2505 4268 ad
2537 4213 2725 4283 alapas
2747 4214 2793 4245 ⁸⁷
2822 4233 2835 4268 :
2870 4212 2965 4268 sed
2990 4212 3260 4284 ﬂagellum
3292 4216 3381 4271 hic

1795 4309 2005 4378 plagam
2027 4307 2328 4361 daemonica
2358 4306 2411 4360 vi
2448 4305 2705 4361 inﬂictam
2727 4304 3040 4376 signiﬁcare
3070 4305 3377 4374 putandum

1794 4406 1915 4460 est,
1968 4397 2149 4467 qualia
2191 4397 2309 4466 ipse
2362 4394 2619 4450 Servator
2678 4398 3018 4465 impurorum
3068 4393 3378 4450 daemonum

1796 4490 2111 4544 hominibus
2142 4490 2363 4543 incussa
2387 4488 2595 4559 ﬂagella
2618 4503 2843 4543 curasse
2866 4495 3147 4543 narratur.
3169 4486 3379 4557 Hujus-

1728 4562 1772 4621 θ
1800 4581 1945 4635 modi
1976 4580 2251 4652 ﬂagellum
2284 4580 2487 4635 dicitur
2512 4596 2621 4635 non
2653 4580 3217 4651 appropinquaturum
3258 4594 3380 4635 esse

1797 4674 2158 4728 tabernaculo
2203 4673 2347 4742 ejus,
2379 4674 2473 4743 qui
2505 4674 2559 4727 in
2589 4673 2850 4728 vaticinio
2892 4672 3099 4740 fertur;
3154 4673 3280 4744 quia
3311 4674 3381 4729 ab

1799 4764 2006 4835 angelis
2035 4763 2102 4818 ad
2137 4764 2443 4819 custodiam
2472 4763 2592 4833 ejus
2622 4762 2897 4833 deputatis
2933 4762 3259 4828 servabitur,
3283 4764 3377 4833 qui

1796 4856 1960 4911 etiam
1986 4871 2112 4910 eum
2150 4856 2205 4910 in
2241 4855 2495 4911 manibus
2541 4855 2828 4910 sublimem
2879 4854 3217 4926 assumpturi
3255 4869 3377 4911 esse

1801 4945 2080 5011 dicuntur,
2113 4954 2172 5000 ut
2210 4961 2279 5001 ne
2332 4961 2427 5016 pes
2458 4946 2578 5015 ejus
2605 4948 2674 4999 ad
2704 4944 2937 5015 lapidem
2968 4944 3225 5001 offendat.
3268 4944 3377 4999 Ta-

1802 5040 2159 5094 hernaculum
2190 5055 2353 5110 porro
2400 5039 2520 5109 ejus
2557 5039 2739 5109 aliqua
2785 5040 2999 5095 ratione
3048 5039 3201 5094 dicas
3256 5054 3379 5095 esse

1801 5128 2101 5185 Ecclesiam
2131 5131 2328 5200 ipsius,
2360 5130 2659 5185 secundum
2692 5129 2847 5193 illud,
2889 5129 3067 5183 Donec
3114 5130 3376 5184 inveniam

1802 5222 1974 5276 locum
2002 5222 2231 5276 Domino
2254 5261 2269 5285 ,
2309 5221 2709 5275 tabernaculum
2742 5220 2852 5274 Deo
2891 5220 3059 5274 Iacob
3089 5220 3165 5288 '3;
3212 5220 3293 5276 sic
3323 5229 3377 5277 et

1801 5316 1926 5368 illas
1957 5329 2053 5384 per
2082 5314 2269 5368 orbem
2322 5315 2587 5379 ecclesias
2628 5314 2857 5382 plurima
2880 5313 3231 5368 tabernacula
3252 5328 3375 5371 esse

1800 5408 1953 5461 novit
1984 5406 2077 5476 qui
2104 5406 2262 5470 dixit,
2292 5405 2464 5471 Quam
2491 5404 2687 5458 dilecta
2715 5405 3059 5459 tabernacula
3098 5414 3220 5469 tua,
3264 5404 3375 5460 Do-

1799 5498 1939 5552 mine
1962 5497 2220 5551 virtutum
2251 5495 2330 5548 "l
2378 5494 2501 5549 Alio
2527 5502 2709 5549 autem
2743 5496 2928 5563 modo,
2963 5510 3287 5566 corporeum
3315 5498 3377 5553 il-

226 5653 270 5727 βα
306 5653 441 5727 Luc.
483 5673 554 5720 IV,
597 5658 683 5712 15.
780 5657 829 5690 ⁸⁸
866 5618 1035 5712 Marc.
1071 5672 1111 5723 ι,
1143 5656 1243 5723 9.4;
1281 5654 1414 5711 Luc.
1447 5671 1519 5723 IV,
1547 5654 1641 5715 54.

1804 5654 1950 5713 Psal.
1985 5669 2191 5727 xum,
2226 5659 2280 5715 8.
2385 5652 2429 5685 ⁸⁷
2468 5651 2571 5707 lsa.
2606 5667 2657 5721 ι,
2682 5652 2736 5708 6.
2832 5652 2877 5685 ⁸⁸
2917 5651 3061 5709 Psal.
3098 5668 3286 5719 cxxxi,
3319 5652 3373 5707 5.

129 5718 169 5750 "
207 5721 343 5779 Psal.
380 5718 602 5787 nunt.
638 5729 691 5782 2.
