3830 6288
178 287 308 336 Hb!

1295 287 1620 341 LUMMEN']
1633 287 1799 341 ARIA
1838 287 1899 339 IN
1944 286 2286 341 l’SALMOS.

3244 364 3254 376 ι
3273 292 3409 344 11ϋὲ

242 397 353 449 Καὶ
404 397 573 450 ταῦτα
606 398 702 468 μὲν
753 400 873 451 κατ’
907 397 1075 467 αὐτὴν
1128 396 1223 467 τὴν
1278 398 1452 465 λέξιν·
1506 398 1641 469 πρὸς
1686 398 1739 451 δὲ

1914 397 1979 450 Ει
2006 398 2120 452 Ιιαιο
2146 398 2363 468 quidem
2400 401 2697 455 secundum
2743 402 2943 456 nudam
2984 400 3268 458 lectionem
3304 422 3317 457 :
3358 413 3411 457 at

169 488 409 541 διάνοιαν
441 490 795 560 ὲπισκήνωμα
827 489 920 541 τοῦ
939 489 1187 558 Σωτῆρος
1216 489 1421 559 ἡμῶνή
1453 489 1745 559 Ἐκκλησία

168 576 339 629 αὑτοῦ
386 577 763 631 ἀποδέδεικται
790 596 803 609 ο
859 578 996 632 ἀλλὰ
1037 579 1130 630 καὶ
1162 578 1320 649 σῶμα
1363 577 1527 631 αὑτοῦ
1560 580 1589 630 6
1619 577 1743 641 λαὸς

166 668 336 720 αὑτοῦ
362 668 501 721 κατὰ
526 668 615 722 τὸν
652 670 895 739 φήσαντα
919 669 1236 721 Ἀπόστολον
1252 686 1265 698 ·
1300 668 1483 737 Ὑμεῖς
1502 668 1577 721 δέ
1604 669 1744 722 ἐστε

163 759 347 828 σῶμα
368 760 653 827 Χριστοῦ,
688 762 787 815 καὶ
814 761 969 829 μέλη
999 760 1065 812 ἐκ
1105 759 1344 828 μέρους.
1393 754 1516 811 Εἶεν
1546 759 1611 811 ἂν
1638 758 1743 812 τῶν

166 845 355 914 μελῶν
387 849 434 899 οἱ
476 847 575 917 μὲν
604 848 888 919 ὀφθαλμοὶξ
908 848 1002 901 τοῦ
1036 847 1272 919 Χριστοῦ
1306 847 1575 919 σώματος,
1607 851 1653 900 οἱ
1686 849 1741 901 δὲ

157 937 264 988 καὶ
282 930 417 999 ὦτα,
449 939 499 989 οἱ
520 938 575 991 δὲ
605 939 701 991 καὶ
724 942 903 1011 χεῖρες
926 955 942 970 ·
970 940 1109 992 κατὰ
1132 940 1301 994 ταῦτα
1324 941 1502 995 τοίνυν
1531 941 1743 995 ἔσονται

153 1027 333 1080 αὐτοῦ
361 1028 455 1080 καὶ
483 1028 641 1093 πόδες
660 1030 859 1101 ἕτεροι,
890 1031 1020 1103 περὶ
1048 1024 1123 1085 ὧν
1148 1032 1363 1104 εἴρηται
1382 1050 1397 1064 ο
1435 1034 1529 1098 Ὡς
1543 1033 1743 1101 ὡραῖοι

153 1123 221 1172 οἱ
255 1120 437 1185 πόδες
476 1119 598 1173 τῶν
624 1120 1162 1193 εὐαγγελιζομένων
1189 1124 1416 1193 ἀγαθά]
1441 1126 1654 1177 Τούτων
1678 1125 1741 1197 δὴ

151 1199 259 1257 οὖν
285 1204 393 1257 τῶν
416 1206 613 1272 ποδῶν,
641 1208 789 1271 ὅπως
820 1210 892 1281 μή
917 1227 998 1274 τις
1020 1211 1301 1282 προσκόψῃ
1328 1212 1462 1283 πρὸς
1486 1212 1630 1266 λίθον
1651 1214 1741 1266 τὸν

153 1298 327 1361 πόδα,
362 1297 497 1368 μηδὲ
530 1298 945 1370 σκανδαλίζηται
979 1303 1035 1354 ὲν
1062 1300 1142 1373 τῷ
1189 1302 1393 1374 δρόμῳ,
1434 1304 1651 1374 ὁμαλῶς
1680 1321 1739 1357 τε

152 1388 262 1440 καὶ
281 1386 576 1451 ἀκωλύτως
604 1389 859 1462 διατρέχῃ
888 1390 985 1462 τὴν
1018 1392 1112 1445 τοῦ
1135 1393 1464 1462 Εύαγγελίου
1495 1394 1737 1464 πορείαν,

150 1477 387 1546 ἄγγελοι
451 1479 807 1535 καθέστανται
861 1484 1222 1555 φρουροῦντες
1266 1484 1359 1537 τοῦ
1412 1486 1740 1557 δηλωθέντος

153 1570 521 1641 σκηνώματος
547 1570 804 1638 φύλακες.
825 1573 993 1627 Πάλιν
1015 1574 1190 1646 ἕτεροι
1214 1574 1434 1642 ἄγγελοι
1462 1578 1510 1630 οἱ
1528 1578 1627 1640 τὰς
1650 1578 1736 1630 ὲκ-

153 1660 396 1730 κλησίας
426 1660 518 1715 τοῦ
558 1662 795 1735 Χριστοῦ
829 1663 929 1727 τὰς
955 1666 1267 1735 ἁπανταχοῦ
1301 1668 1404 1737 γῆς
1438 1668 1738 1739 ἱδρυθείσας

149 1751 603 1823 πεπιστευμένοι.
636 1752 821 1809 Ταῦτα
846 1754 905 1806 δὲ
931 1755 1004 1826 μὴ
1035 1757 1232 1820 συνιεὶς
1255 1760 1282 1810 6
1313 1756 1554 1822 διάϐολος
1572 1776 1587 1791 σ
1622 1760 1738 1823 πῶς

148 1841 273 1912 γὰρ
302 1840 335 1913 ἢ
365 1841 525 1896 πόθεν
554 1843 701 1915 αὑτῷ
724 1844 819 1897 τοῦ
850 1845 990 1899 θείου
1016 1847 1330 1918 Πνεύματος
1362 1851 1596 1905 συνιέναι
1624 1870 1737 1922 φω-

147 1935 259 1996 νάς
283 1950 297 1998 ;
326 1936 385 1985 ὲν
414 1933 493 2005 τῷ
523 1936 803 2007 πειράζειν
831 1936 923 1990 τὸν
965 1939 1212 2010 Σωτῆρα,
1238 1942 1321 2003 εἰς
1360 1942 1421 1994 τὸ
1448 1942 1738 2015 πτερύγιον

146 2022 326 2076 αὑτὸν
353 2022 445 2075 τοῦ
469 2023 612 2094 ἱεροῦ
638 2024 949 2093 ἀναγαγὼν,
974 2020 1095 2079 εἷπε
1120 2027 1256 2098 πρὸς
1280 2029 1440 2084 αὐτόν
1457 2048 1471 2061 ·
1502 2034 1573 2085 El
1610 2035 1740 2099 Υἱὸς

144 2108 221 2167 εἷ
245 2112 352 2167 τοῦ
381 2114 549 2180 Θεοῦ,
578 2114 736 2180 βάλε
766 2116 1028 2171 σεαυτὸν
1048 2117 1223 2174 κάτω.
1254 2122 1584 2191 Γέγραπται
1606 2126 1736 2195 γὰρ,

147 2202 251 2256 ὅτι
273 2203 396 2269 τοῖς
435 2206 710 2276 ἀγγέλοις
739 2209 927 2263 αὑτοῦ
958 2210 1283 2266 ἐντελεῖται
1311 2214 1443 2281 περὶ
1471 2217 1607 2280 σοῦ,
1641 2217 1740 2272 καὶ

149 2295 263 2348 ἐπὶ
298 2294 511 2365 χειρῶν
543 2298 762 2365 ἀροῦσί
794 2313 889 2364 σε,
923 2299 1157 2368 μήποτε
1196 2306 1555 2376 προσκόψῃς
1592 2308 1739 2376 πρὸς

149 2384 341 2437 λίθον
372 2384 478 2439 τὸν
518 2386 675 2441 πόδα
714 2402 849 2441 σου.
900 2392 1131 2447 Συνιδὼν
1173 2394 1283 2465 γὰρ
1327 2393 1509 2465 ἔργοις
1558 2398 1739 2461 αὐτοῖς

148 2479 242 2540 είς
274 2477 364 2530 τὸν
398 2478 623 2549 Σωτῆρα
654 2482 1094 2555 πεπληρωμένην
1125 2488 1224 2558 τὴν
1266 2489 1322 2541 ὲν
1364 2491 1476 2552 τοῖς
1520 2507 1739 2560 προκει-

155 2568 348 2638 μένοις
394 2570 750 2640 προφητείαν,
782 2573 922 2644 όρῶν
951 2592 1013 2627 τε
1042 2576 1189 2643 ξένον
1220 2578 1399 2649 θέαμα
1444 2582 1501 2632 ἐν
1536 2580 1739 2652 ἀνθρώ-

152 2675 269 2712 που
302 2659 480 2729 φύσει,
515 2662 590 2725 ὡς
609 2664 803 2716 ’τᾶσαν
840 2666 1004 2719 αὐτοῦ
1035 2669 1135 2740 τὴν
1180 2671 1466 2739 στρατείαν
1497 2672 1738 2746 καθῃρῆ·

154 2750 309 2815 σθαι,
336 2753 428 2804 καὶ
455 2752 636 2817 πάσας
663 2755 831 2809 αὐτοῦ
864 2760 1174 2829 νενικῆσθαι
1196 2761 1295 2823 τὰς
1326 2762 1601 2833 δυνάμεις,
1634 2764 1737 2816 ὑπὸ

149 2841 258 2895 τοῦ
304 2844 652 2914 φαινομένου,
692 2847 936 2916 χιλιάδας
978 2867 1039 2903 τε
1078 2851 1299 2924 ἁθρόας,
1346 2855 1440 2906 καὶ
1476 2856 1738 2925 μυριάδας

151 2933 551 3007 ἀπέμπροσθεν
576 2938 741 2991 αὑτοῦ
768 2938 1091 3004 πιπτούσας,
1118 2942 1276 2995 αὐτόν
1301 2960 1360 2995 τε
1392 2944 1618 3014 ἀτρεμεὶ
1644 2946 1737 2997 καὶ

152 3025 615 3096 ἀπαραποδίστως
657 3030 742 3082 ἐπ’
780 3030 979 3083 ἀσπίδα
1022 3032 1115 3085 καὶ
1171 3031 1477 3102 βασιλίσκον
1526 3035 1737 3089 ἐπιϐαί-

151 3131 340 3177 νοντα,
371 3115 561 3170 λέοντά
584 3134 643 3169 τε
689 3117 782 3171 καὶ
822 3120 1110 3190 δράκοντα,
1144 3122 1245 3185 τὰς
1277 3125 1601 3195 ἀρχοντικὰς
1642 3128 1738 3180 αύ-

148 3204 255 3259 τοῦ
284 3207 555 3278 δυνάμεις,
583 3211 1015 3277 καταπατοῦντα,
1040 3215 1132 3267 καὶ
1154 3213 1297 3266 τοῦτ’
1325 3217 1577 3287 ὲπείραζε
1601 3218 1739 3284 γνῶ-

154 3314 275 3363 ναι,
303 3300 373 3362 εί,
407 3300 596 3353 ἑαυτὸν
634 3301 742 3353 ἀπὸ
770 3301 861 3353 τοῦ
894 3302 1184 3372 πτερυγίου
1219 3303 1490 3374 ῥίψαντος,
1518 3303 1737 3372 ἄγγελοι

152 3389 552 3461 προσελθόντες
581 3391 743 3447 αὑτὸν
778 3391 1124 3461 βαστάσουσι.
1155 3394 1296 3465 Πρὸς
1335 3395 1537 3465 ταύτην
1571 3395 1737 3450 αὑτοῦ

150 3480 258 3551 τὴν
301 3480 554 3535 ὑπόνοιαν
584 3482 972 3555 διεψευσμένην
1012 3482 1175 3538 οὖσαν
1205 3487 1234 3538 6
1275 3484 1464 3556 Σωτὴρ
1508 3485 1738 3556 ἀπεκρί-

153 3588 321 3624 νατο’
353 3571 711 3642 Γέγραπται,
742 3573 938 3643 λέγων,
968 3578 1088 3629 Οὐκ
1120 3576 1496 3645 ἐκπειράσεις
1520 3578 1740 3645 Κύριον

154 3662 269 3731 τὸν
296 3663 443 3716 Θεόν
475 3679 610 3718 σου.
639 3664 712 3717 Τὸ
743 3665 851 3736 γὰρ
889 3666 1081 3719 ἑαυτὸν
1104 3667 1422 3738 κρημνίζειν
1451 3668 1545 3721 καὶ
1572 3686 1740 3722 κατα-

154 3753 380 3807 ϐάλλειν
410 3755 518 3808 ἀπὸ
561 3756 669 3812 τῶν
716 3757 1086 3827 ὑψηλοτάτων,
1121 3762 1216 3813 καὶ
1247 3760 1405 3814 τοῦτο
1450 3766 1623 3815 ποιεῖν
1653 3762 1738 3814 ἵνα

155 3842 295 3913 γνῷ.
320 3843 547 3916 πότερόν
591 3862 720 3899 ποτε
766 3846 1020 3917 βοηθείας
1056 3847 1306 3911 τεύξεται
1349 3849 1448 3918 τῆς
1498 3849 1587 3903 διὰ
1630 3850 1739 3903 τῶν

156 3934 430 4002 ἀγγέλων,
459 3934 492 4006 ἢ
529 3936 627 4006 μὴ,
682 3938 1022 4008 ,νειράζοντος
1048 3934 1116 4009 ἦν
1144 3938 1235 3991 τὸν
1269 3937 1433 3991 Θεόνο
1465 3939 1494 3991 δ
1526 3939 1589 4010 δὴ
1617 3958 1738 3993 πει-

161 4024 352 4095 ράζειν
399 4026 649 4081 ἐϐούλετο
684 4030 713 4081 6
743 4028 1039 4102 πειράζων.
1087 4030 1297 4084 Οίκεῖον
1335 4030 1442 4101 γὰρ
1494 4030 1640 4102 αὐτῷ
1671 4028 1738 4103 ἦν

157 4120 479 4191 πειράζοντι
498 4122 589 4175 τὸν
626 4121 874 4192 Σωτῆρα,
906 4122 1114 4175 καὶτὸν
1142 4122 1273 4175 Θεὸν
1303 4122 1578 4193 πειράζειν
1614 4123 1739 4176 τολ-

162 4214 295 4282 μᾷν.
342 4213 479 4266 Ἀλλ’
508 4215 607 4283 οὐχ
645 4215 673 4267 6
702 4215 893 4286 Σωτήρ
930 4230 996 4282 γε
1039 4213 1327 4285 ἐπείραζεν
1347 4231 1360 4243 ·
1391 4210 1450 4267 εὖ
1485 4214 1593 4286 γὰρ
1625 4216 1741 4286 ᾔδει

160 4304 264 4356 καὶ
306 4304 568 4356 πέπειστο
618 4304 745 4375 περὶ
783 4305 880 4376 τῆς
918 4306 1013 4358 τοῦ
1057 4298 1270 4376 Πατρδς
1315 4305 1595 4375 δυνάμεως
1640 4307 1739 4377 τῆς

1845 486 2180 557 intelligendi
2223 502 2372 543 more
2422 488 2833 545 tabernaculum
2892 490 3197 547 Servatoris
3236 495 3411 548 nostri

1844 575 2143 631 Ecclesiam
2191 578 2310 646 ejus
2356 593 2479 634 esse
2527 589 3011 635 commonstratum
3049 591 3167 651 est;
3211 600 3413 655 corpus

1844 684 1971 724 vero
2002 669 2142 738 ejus,
2176 670 2411 739 populus
2442 670 2563 741 ejus
2601 679 2707 735 est,
2741 673 3039 727 secundum
3065 675 3411 744 Apostolum,

1842 758 1936 829 qui
1968 758 2042 812 ait
2075 777 2086 811 :
2118 758 2219 813 Vos
2254 770 2429 814 autem
2452 763 2575 814 estis
2605 777 2789 830 corpus
2830 762 3050 829 Christi,
3100 774 3149 818 et
3180 765 3415 819 membra

1840 865 1907 903 ex
1930 859 2078 915 parte
2109 850 2173 904 θ’.
2207 850 2285 904 Ex
2308 851 2569 907 membris
2595 862 2774 907 autem
2806 854 2898 906 alii
2927 853 3130 908 fuerint
3166 857 3414 927 corporis

1842 941 2043 997 Christi
2068 944 2233 1007 oculi,
2271 944 2360 997 alii
2389 958 2570 1011 aures,
2610 944 2702 998 alii
2735 961 2965 1011 manus;
2996 947 3097 1002 hac
3122 964 3286 1018 porro
3328 966 3413 1006 ra-

1841 1035 1989 1088 tione
2023 1034 2114 1088 alii
2151 1035 2315 1104 pedes
2360 1035 2483 1105 ejus
2511 1044 2691 1101 erunt,
2720 1037 2787 1091 de
2819 1038 3019 1107 quibus
3052 1040 3257 1095 dictum
3284 1052 3368 1099 est
3391 1062 3409 1098 ι

1843 1124 2015 1191 Quam
2060 1128 2279 1195 speciosi
2323 1127 2475 1195 pedes
2531 1130 3003 1199 euangelizandum
3039 1132 3174 1185 bona
3202 1133 3284 1187 ηε
3334 1134 3415 1190 Ne

1840 1215 1964 1284 quis
1994 1231 2120 1270 vero
2157 1217 2417 1271 horumce
2452 1218 2648 1286 pedum
2690 1219 2758 1273 ad
2813 1219 3049 1289 lapidem
3080 1220 3412 1291 offenderet,

1840 1321 2018 1375 neque
2048 1306 2103 1359 in
2132 1322 2296 1363 cursu
2325 1308 2681 1378 impingeret,
2738 1310 2831 1364 sed
2883 1312 3041 1380 plana
3072 1313 3159 1365 via
3192 1322 3245 1367 et
3294 1314 3415 1370 sine

1840 1394 1993 1449 obice
2023 1394 2125 1449 iter
2170 1395 2539 1464 evangelicum
2588 1407 2923 1466 permearet,
2979 1400 3156 1469 angeli
3205 1410 3413 1457 tutores

1840 1498 1904 1538 ac
1965 1483 2219 1539 custodes
2282 1483 2488 1554 praefati
2541 1486 2875 1542 tabernaculi
2927 1489 3207 1544 constituti
3260 1498 3409 1544 sunt.

1839 1574 2076 1631 Rursum
2147 1590 2277 1631 vero
2332 1584 2549 1631 exstant
2611 1577 2701 1631 alii
2759 1580 2982 1647 angeli,
3044 1580 3244 1649 quibus
3309 1578 3414 1632 Ec-

1840 1667 2016 1722 clesiae
2045 1666 2248 1721 Christi
2302 1667 2504 1736 ubique
2535 1674 2806 1721 terrarum
2844 1667 3102 1731 fundatae,
3131 1669 3415 1725 concredi-

1840 1760 1908 1808 ta:
1936 1762 2081 1808 sunt.
2116 1751 2271 1819 Quod
2304 1768 2428 1807 cum
2461 1768 2569 1807 non
2600 1753 2926 1823 intelligeret
2955 1753 3203 1808 diabolus
3230 1773 3244 1808 :
3276 1771 3413 1824 quo-

1840 1842 2002 1897 modo
2020 1842 2163 1897 enim
2193 1850 2285 1897 aut
2310 1842 2454 1896 unde
2480 1842 2650 1897 divini
2673 1841 2908 1912 Spiritus
2924 1858 3086 1898 voces
3113 1844 3413 1914 intelligere

1839 1935 2047 2004 possit?
2073 1950 2196 1990 cum
2221 1933 2558 1989 Salvatorem
2589 1942 2841 1999 tentaret,
2862 1936 3037 2006 ipsum
3056 1935 3124 1989 ad
3145 1937 3413 2005 pinnacu-

1841 2027 1951 2080 lum
1986 2025 2169 2095 templi
2202 2024 2425 2079 ductum
2456 2025 2537 2079 sic
2563 2024 2937 2096 alloquebatur
2973 2045 2986 2079 :
3019 2024 3079 2079 Si
3110 2024 3286 2079 Filius
3314 2022 3413 2077 Dei

1839 2132 1917 2181 es,
1953 2118 2103 2170 mitte
2133 2127 2180 2169 te
2204 2116 2469 2173 dwrsum.
2503 2114 2769 2183 Scriptum
2799 2126 2875 2170 est
2909 2118 3069 2180 enim,
3097 2118 3223 2185 quia
3254 2132 3414 2186 ange-

1842 2208 1907 2262 lis
1937 2209 2047 2261 suis
2081 2207 2354 2261 mandabit
2385 2206 2448 2260 de
2477 2216 2544 2271 te,
2567 2215 2617 2261 et
2650 2208 2706 2261 in
2745 2209 2989 2263 manibus
3029 2209 3208 2261 tollent
3240 2218 3307 2269 te,
3351 2225 3413 2262 ne

1840 2313 2070 2366 unquam
2116 2297 2354 2366 oﬂ‘endas
2397 2296 2466 2350 ad
2513 2295 2740 2365 lapidem
2795 2297 2975 2365 pedem
3019 2299 3248 2353 tuum“.
3275 2301 3411 2352 Nam

1839 2404 1963 2442 cum
2004 2403 2070 2442 ex
2102 2388 2236 2459 ipsis
2263 2388 2520 2457 operibus
2566 2388 2917 2458 perspiceret,
2953 2391 3293 2459 prophetiam
3325 2389 3412 2443 his

1839 2479 2020 2533 verbis
2054 2478 2308 2532 traditam
2365 2477 2423 2531 in
2474 2476 2757 2533 Salvatore
2810 2479 3043 2549 impleri,
3089 2495 3153 2534 ac
3185 2490 3413 2549 stupen-

1838 2570 1967 2624 dum
2016 2569 2071 2623 in
2120 2570 2357 2626 hominis
2390 2582 2583 2625 natura
2615 2571 2989 2641 spectaculum
3021 2583 3300 2640 cerneret;
3336 2572 3413 2626 ita

1838 2670 1900 2716 ut
1926 2662 2106 2716 omnis
2127 2664 2400 2718 exercitus
2434 2678 2567 2717 suus
2589 2663 2654 2718 de
2676 2662 2855 2718 medio
2894 2662 3164 2729 sublatus,
3193 2679 3413 2719 omnes-

1838 2768 1945 2822 que
1983 2753 2210 2809 virtutes
2250 2769 2361 2808 suae
2406 2754 2474 2808 ab
2515 2768 2580 2808 eo
2619 2754 2712 2823 qui
2742 2762 3068 2824 apparuerat
3119 2764 3408 2825 superatae,

1838 2844 2005 2898 millia
2031 2860 2159 2899 vero
2179 2853 2233 2899 et
2254 2845 2441 2899 decem
2473 2845 2640 2899 millia
2672 2845 2725 2900 in
2758 2854 3054 2915 conspectu
3083 2846 3229 2901 illius
3258 2846 3411 2916 lapsa

1837 2945 2041 3000 essent,
2079 2937 2165 2990 ille
2199 2944 2378 2989 autem
2411 2937 2529 2991 sine
2558 2936 2847 2991 formidine
2869 2945 2921 2991 et
2944 2937 3099 2991 obice
3128 2952 3294 3006 super
3322 2952 3413 2991 as-

1837 3027 2016 3096 pidem
2057 3034 2111 3081 et
2155 3027 2469 3082 basiliscum
2506 3027 2824 3090 ambularet,
2859 3027 3070 3081 leonem
3105 3036 3159 3081 et
3207 3028 3410 3081 draco~

1841 3136 1980 3186 nem,
2016 3120 2290 3190 principes
2323 3120 2443 3189 ejus
2462 3121 2714 3185 virtutes,
2738 3120 3086 3174 conculcaret
3106 3137 3120 3186 ;
3138 3119 3257 3173 hoc
3282 3120 3410 3174 item

1838 3213 2070 3282 experiri
2108 3212 2339 3274 volebat,
2373 3227 2499 3264 num
2532 3211 2709 3279 ipsum
2737 3226 2802 3264 ex
2833 3210 3130 3279 pinnaculo
3160 3225 3219 3265 se
3241 3211 3413 3280 proji-

1839 3305 2094 3367 cientem,
2127 3305 2447 3357 accedentes
2475 3303 2648 3372 angeli
2686 3301 2949 3372 gestaturi
2976 3312 3178 3357 essent.
3210 3300 3412 3371 Hujus-

1840 3395 1986 3449 modi
2013 3396 2194 3465 itaque
2219 3394 2367 3450 falsae
2392 3395 2690 3464 suspicioni
2714 3397 2786 3447 ita
2813 3394 3097 3463 respondit
3118 3391 3410 3449 Servator:

1839 3488 2106 3557 Scriptum
2131 3497 2230 3551 est,
2262 3485 2386 3541 Non
2418 3486 2638 3541 tentabis
2678 3485 2955 3539 Dominum
2989 3485 3150 3539 Deum
3182 3494 3325 3538 tuum
3343 3487 3409 3537 9".
3462 3516 3469 3519 τ

1838 3580 1973 3634 Nam
2007 3596 2036 3635 e
2066 3580 2284 3634 sublimi
2319 3595 2441 3635 sese
2467 3578 2807 3648 praacipitare
2854 3593 2919 3631 ac
2957 3576 3211 3647 dejicere,
3250 3576 3413 3645 idque

1840 3672 2024 3725 animo
2070 3670 2393 3739 experiundi
2446 3684 2513 3722 an
2544 3669 2861 3737 angelorum
2896 3667 3157 3719 auxilium
3195 3663 3414 3718 adfutu-

1841 3779 1960 3817 rum
1998 3773 2165 3825 esset,
2207 3775 2399 3826 necne,
2431 3761 2533 3813 hoc
2559 3774 2694 3813 sane
2722 3766 2931 3812 tentare
2975 3756 3142 3812 Deum
3174 3757 3409 3811 fuisset:

1840 3854 1985 3924 quod
2023 3853 2257 3921 experiri
2310 3858 2548 3904 tentator
2578 3849 2819 3918 optabat.
2851 3846 2985 3900 Nam
3026 3847 3129 3917 ipsi
3159 3846 3412 3901 Salvato-

1840 3959 1955 3999 rem
1980 3946 2230 4005 tentanti,
2250 3940 2529 4011 proprium
2556 3948 2674 3994 erat
2696 3940 2778 3995 vel
2800 3940 2978 4009 ipsum
2996 3937 3175 4009 Deum
3202 3945 3416 3994 tentare

1841 4036 2059 4091 audere.
2098 4035 2165 4087 At
2196 4033 2453 4088 Servator
2476 4039 2685 4086 tentare
2723 4032 2898 4085 noluit
2933 4051 2945 4085 :
2981 4046 3184 4102 gnarus
3213 4031 3416 4100 quippe

1840 4136 1958 4184 erat
1980 4141 2043 4181 ac
2067 4138 2390 4196 persuasum
2422 4123 2653 4177 habebat
2684 4122 2862 4178 Patris
2886 4122 3143 4177 virtutem
3168 4122 3270 4176 sibi
3293 4126 3417 4191 opi-

1842 4217 2021 4272 tulari.
2049 4217 2227 4284 Quare
2268 4214 2588 4285 imperantis
2639 4229 2790 4268 more
2818 4214 3035 4269 diabolo
3066 4214 3244 4270 dixit:
3287 4215 3415 4269 Non

1842 4304 2065 4359 tentabis
2115 4305 2400 4358 Dominum
2448 4302 2619 4357 Deum
2670 4314 2836 4367 tuum,
2874 4304 3071 4358 divina;
3120 4302 3415 4375 Scriptum

161 4392 534 4464 συνεργούσης
569 4391 736 4461 αύτῷ.
780 4392 871 4445 Διὸ
903 4392 998 4446 καὶ
1028 4392 1105 4463 τῷ
1141 4392 1372 4465 διαϐόλῳ
1412 4412 1739 4466 προστακτι-

1842 4396 2047 4449 dictum
2081 4411 2144 4450 ex
2179 4396 2296 4465 lege
2330 4400 2606 4462 sumptum
2647 4392 2810 4461 hujus
2843 4391 3138 4462 Scriptura
3166 4394 3283 4447 voci
3316 4409 3415 4463 op-

162 4482 279 4545 κῶς
326 4482 724 4554 παρεκελεύετο
772 4483 943 4553 λέγων
968 4502 981 4514 ·
1033 4486 1157 4538 Οὐκ
1202 4485 1579 4554 ἐκπειράσεις
1625 4487 1742 4541 Κύ-

153 4588 296 4643 ριον
340 4574 447 4626 τὸν
489 4574 635 4628 Θεόν
671 4590 808 4639 σου,
847 4573 995 4637 θείας
1032 4574 1255 4645 Γραφῆς
1299 4574 1442 4641 λέξιν
1485 4575 1584 4645 τὴν
1633 4576 1742 4629 ἀπὸ

159 4661 261 4715 τοῦ
303 4662 466 4734 νόμου
512 4664 951 4736 ἀντιπαρατιθεὶς
996 4668 1061 4736 τῇ
1110 4668 1262 4735 φωνῇ
1311 4666 1412 4736 τῆς
1459 4665 1739 4736 παρούσης

162 4754 412 4824 Γραφῆς,
440 4757 505 4825 ἣν
542 4756 616 4827 μὴ
648 4759 843 4828 νοήσας
868 4758 898 4809 6
927 4756 1171 4819 διάϐολος
1215 4758 1530 4831 προήγαγεν
1567 4757 1737 4827 αὐτῷ,

163 4847 245 4918 μὴ
265 4849 484 4911 συνιεὶς,
508 4849 588 4901 ὅτι
611 4849 709 4902 οὐκ
731 4850 897 4903 ἐδεῖτο
924 4849 1174 4920 βοηθείας
1202 4849 1449 4917 ἀγγέλων
1474 4851 1503 4902 6
1528 4848 1737 4920 Σωτὴρ,

160 4942 210 4992 εἰ
238 4940 332 4991 καὶ
358 4940 478 4993 καθ’
503 4940 759 4994 ὑπόθεσιν
792 4943 968 5013 οἰκείᾳ
995 4942 1312 5012 προαιρέσει
1339 4941 1582 4995 καθεῖναι
1616 4944 1740 4994 ἐαυ-

159 5032 255 5084 τὸν
296 5028 559 5100 ἐϐουλήθη
579 5049 592 5061 ο
628 5033 750 5085 ἐπεὶ
786 5032 880 5085 καὶ
909 5033 1052 5086 κατὰ
1081 5033 1179 5103 τὴν
1213 5034 1293 5095 εἰς
1323 5032 1584 5102 οὐρανοὺς
1613 5033 1742 5085 ἀνά-

159 5119 326 5190 ληψιν
373 5121 529 5192 (ὅπερ
565 5117 633 5192 ἦν
680 5123 862 5191 μεῖζον
922 5124 1017 5192 τῆς
1055 5124 1162 5177 ἀπὸ
1192 5124 1285 5177 τοῦ
1330 5123 1621 5195 πτερυγίου
1645 5124 1738 5176 τοῦ

165 5210 315 5281 ἱεροῦ
353 5212 447 5264 ὲπὶ
472 5213 571 5285 τὴν
603 5214 707 5284 γῆν
734 5214 797 5267 δι’
827 5215 987 5285 ἀέρος
1015 5215 1288 5287 καθόδου),
1317 5216 1418 5268 οὐκ
1445 5214 1739 5284 ἀγγελικῆς

160 5301 361 5372 ἐδεήθη
387 5303 593 5374 χειρός.
623 5304 765 5375 Ὅρα
801 5304 877 5371 δὲ,
916 5305 1054 5369 πῶς,
1093 5304 1472 5376 μνημονεύσας
1504 5308 1532 5358 6
1559 5304 1741 5359 διάϐο-

161 5393 255 5454 λος
281 5391 398 5460 τοῦ,
445 5394 570 5446 Ἐπὶ
594 5394 806 5463 χειρῶν
837 5396 1053 5464 ἀροῦσί
1089 5413 1182 5463 σε,
1208 5397 1441 5466 μήποτε
1481 5396 1741 5463 προσκό-

162 5487 291 5552 ψῃς
320 5484 471 5554 πρὸς
500 5486 674 5540 λίθον
700 5486 807 5539 τὸν
837 5486 993 5542 πόδα
1021 5503 1160 5552 σου,
1190 5488 1250 5541 τὸ
1290 5488 1418 5558 ἑξῆς
1458 5486 1742 5558 συνημμέ-

1847 4502 2074 4555 ponens,
2097 4500 2258 4556 quam
2292 4499 2404 4538 non
2430 4483 2737 4552 intelligens
2764 4481 3015 4537 diabolus
3039 4484 3141 4552 ipsi
3170 4483 3415 4552 profere-

1846 4577 1960 4641 bat,
1990 4577 2248 4646 ignorans
2270 4574 2610 4629 Servatorem
2642 4573 2955 4641 angelorum
2979 4587 3080 4641 ope
3106 4588 3213 4627 non
3233 4590 3414 4644 egere,

1846 4669 2060 4723 etiamsi
2090 4667 2311 4737 proprio
2335 4675 2467 4720 nutu
2499 4665 2758 4719 voluisset
2801 4680 2923 4719 sese
2949 4664 3205 4719 deorsum
3244 4668 3418 4735 proji-

1845 4773 1988 4814 cere.
2018 4758 2471 4827 Quandoquidem
2522 4756 2575 4809 in
2621 4769 2719 4809 sua
2759 4754 2828 4806 ad
2870 4755 3039 4809 caelos
3093 4758 3417 4811 ascensione

1847 4850 2011 4919 (quod
2043 4864 2175 4904 sane
2204 4849 2381 4918 majus
2414 4856 2553 4911 erat,
2584 4861 2745 4917 quam
2797 4846 2887 4900 ille
2911 4862 2939 4899 a
2968 4848 3259 4916 pinnaculo
3288 4859 3421 4903 tem-

1847 4945 1919 5013 pli
1960 4942 2024 4995 ad
2057 4952 2255 4997 terram
2301 4957 2397 5012 per
2433 4954 2612 4994 aerem
2653 4940 2963 5004 transitus),
3018 4954 3127 4992 non
3174 4941 3417 5008 angelica

1848 5048 2009 5087 manu
2044 5048 2183 5102 opus
2231 5032 2439 5085 habuit.
2473 5029 2860 5084 Animadverte
2890 5045 3073 5100 porro,
3108 5046 3219 5100 quo
3260 5037 3418 5100 pacto

1849 5123 2100 5177 diabolus
2136 5122 2222 5178 his
2254 5120 2715 5180 commemoratis,
2758 5118 2824 5172 In
2860 5119 3103 5173 manibus
3135 5120 3315 5173 tollent
3346 5128 3415 5183 te,

1850 5231 1911 5268 ne
1954 5230 2186 5283 unquam
2226 5211 2460 5281 oﬂ'endas
2495 5211 2563 5263 ad
2594 5210 2821 5279 lapidem
2852 5210 3029 5278 pedem
3059 5219 3239 5273 tuum;
3270 5209 3417 5278 quod

1849 5306 2180 5376 sequebatur
2203 5318 2312 5358 non
2341 5302 2633 5366 addiderit,
2666 5301 2918 5356 videlicet
2954 5301 3109 5365 illud,
3142 5318 3298 5370 super
3328 5316 3417 5354 as-

1845 5395 2019 5463 pidem
2044 5405 2093 5448 et
2121 5393 2425 5447 basiliscum
2458 5390 2838 5454 ambulabis,et
2862 5390 3191 5444 conculcabis
3222 5391 3418 5444 leonem

1848 5495 1897 5538 et
1931 5485 2234 5547 draconem,
2265 5482 2412 5552 quod
2445 5480 2743 5537 Salvatoris
2767 5480 2834 5535 de
2857 5480 3073 5536 diabolo
3116 5489 3171 5536 et
3212 5479 3417 5552 angeli!

238 5674 283 5705 ³³
322 5671 343 5726 Ι
382 5670 513 5729 Cor.
552 5685 661 5733 ιιι,
694 5670 783 5726 27.
859 5672 905 5703 ⁸³
944 5670 1104 5724 Rom.
1141 5687 1211 5736 τ,
1251 5671 1338 5726 15.
1420 5671 1463 5703 ⁹¹⁵
1504 5669 1696 5724 Matth.

1851 5668 1904 5723 6.
1950 5668 2030 5743 _"
2070 5664 2204 5720 ibid.
2244 5664 2292 5718 τ.

492 5766 764 5826 Parant.
813 5765 929 5827 Gn.
966 5762 1200 5825 XXIII.

3025 5756 3108 5816 37
