3830 6288
445 299 598 359 ΔιἸίὶΞ

1119 291 1403 349 ΔΕυΞΕΒΙΙ
1441 285 1920 345 (ΣᾹΞΞᾹΒΙΕΝΒΙΒ
1955 282 2061 340 ΟΡΙ

2167 278 2327 336 I’ARS
2358 277 2450 334 Ill.
2486 307 2553 318 ——
2584 267 3001 329 EXEGETICA.

3528 269 3634 326 "BI

455 417 579 488 ejus
639 420 970 487 reportatam
1024 411 1309 466 victoriam
1356 406 1646 463 manifeste
1695 403 2029 458 declarabat.

2167 414 2223 451 ον
2254 397 2314 450 οὑ
2366 393 2704 467 προσέθηκε·
2745 388 2904 444 τοῦτο
2947 387 3012 458 δὴ
3044 383 3124 451 τδ,
3164 383 3282 437 Ἐπ’
3325 378 3528 437 ἀσπίδα
3563 385 3637 436 sud

459 473 872 566 Solebat-enim
906 505 991 562 sui
1026 503 1459 558 confutationem
1489 499 1756 568 adjicere;
1790 491 2032 563 alioquin

2167 487 2502 544 ιασιλίσκον
2544 482 2826 551 ἐπιϐήσῃ,
2868 481 2964 534 καί
3008 474 3435 568 καταπατήσεςς

461 601 750 659 ratiocinio
780 596 1140 668 colligendum
1159 602 1213 650 et
1245 590 1712 663 comprobandum
1754 585 1857 656 ipsi
1896 592 2034 650 erat,

461 695 718 751 eumdem
758 693 934 764 ipsum
970 689 1063 760 qui
1103 701 1266 759 super
1322 687 1459 740 tales
1505 683 1781 755 principes
1813 681 2037 735 virtutes

462 786 789 848 ambularet,
837 784 1091 854 ipsasque
1141 779 1510 841 conculcaret,
1571 789 1681 828 non
1715 785 1883 842 posse
1926 784 2038 824 non

462 875 737 932 offendere
771 873 836 926 ad
864 872 1095 943 lapidem
1130 869 1263 940 pede
1294 883 1428 931 suo;
1459 866 1534 918 ita
1564 871 1624 918 ut
1649 861 2038 930 ad'hoeange-

463 967 640 1019 lorum
667 963 834 1017 tutela
856 968 908 1015 et
941 958 1144 1013 auxilio
1176 963 1376 1027 egeret.
1401 951 1609 1007 'Verum
1650 951 1766 1005 haec
1799 965 1908 1004 non
1939 963 2035 1004 ca-

466 1058 621 1128 piens
685 1054 776 1108 ille
842 1051 1007 1121 hujus
1054 1047 1350 1119 prophetiae
1390 1059 1524 1100 voce
1569 1053 1653 1098 est
1693 1057 1849 1106 usus,
1891 1039 2037 1112 quod

466 1156 659 1201 caetera
700 1145 752 1198 in
793 1144 884 1197 illo
913 1143 1133 1213 impleta
1182 1153 1304 1194 csse
1349 1143 1617 1192 cerneret.
1656 1133 1916 1189 Servator
1940 1148 2040 1186 au-

467 1248 574 1294 tem
606 1253 713 1291 non
746 1243 904 1306 negat
935 1234 1001 1288 de
1026 1248 1082 1288 se
1100 1231 1369 1302 prolatum
1399 1228 1680 1283 oraculum
1721 1225 1912 1289 fuisse,
1940 1223 2038 1279 sed

468 1329 739 1384 diabolum
773 1327 866 1396 qui
901 1325 1020 1392 ejus
1052 1336 1274 1378 sensum
1309 1336 1418 1376 non
1448 1325 1686 1391 caperet,
1716 1315 2038 1388 congruenti

470 1437 603 1478 usus
633 1419 1008 1492 responsione,
1032 1412 1230 1487 rejicit.
1263 1414 1546 1482 Quomodo
1573 1421 1755 1468 autem
1784 1427 1885 1466 nos
1914 1425 2040 1483 gra-

470 1513 545 1566 tia
577 1511 872 1567 Salvatoris
909 1509 1083 1565 nestri
1131 1509 1345 1578 singula
1371 1506 1607 1577 propriis
1641 1506 1696 1558 in
1733 1503 1868 1560 locis
1890 1519 2040 1558 com-

469 1602 696 1657 mentati
737 1601 930 1664 simus,
961 1599 1268 1669 legentibus
1297 1598 1581 1668 explorare
1620 1610 1786 1666 snpra
1835 1595 2038 1650 licebit.

2134 584 2232 638 καί
2261 581 2578 650 δράκοντα,
2617 576 2804 646 σαφῶς
2840 573 2939 644 τὴν
2973 572 3092 625 κατ’
3122 568 3283 624 αὑτοῦ
3322 565 3413 620 τοῦ
3451 565 3642 618 διαϐὁλπο

2135 675 2229 729 καὶ
2273 673 2380 727 τῶν
2424 670 2670 741 ἀγγέλων
2705 665 2868 721 αὑτοῦ
2914 664 3069 734 νίκην
3108 660 3205 714 τοῦ
3252 657 3489 728 Σωτῆρος
3526 675 3646 728 παρι-

2137 766 2365 820 στῶντα.
2412 765 2487 818 Οὐ
2529 762 2637 834 γὰρ
2675 758 2926 814 ἐϐούλετο
2971 755 3061 809 τὸν
3103 752 3222 808 καθ’
3267 748 3449 804 ἑαυτοῦ
3482 747 3647 817 ἔλεγχον

2136 857 2551 932 παρατίθεσθαι.
2572 856 2640 908 Et
2671 853 2729 906 δὲ
2753 852 2828 923 μὴ
2847 850 2943 922 τὴν
2963 848 3084 921 (sic)
3105 844 3281 916 ἐαυτῷ
3299 841 3540 903 συνέσεως
3551 842 3649 932 χρῆν

2143 931 2588 1019 ἐπιλογίσασθαι,
2619 947 2697 1010 ’ὡς
2740 944 2841 997 οὐκ
2878 939 2945 1013 ἦν
2994 939 3090 993 τοῦ
3142 935 3310 991 αὑτοῦ
3349 935 3408 986 τδ
3451 931 3651 985 δύνασθαι

2143 1039 2444 1094 ἐπιϐαίνειν
2491 1038 2587 1092 καὶ
2617 1036 2949 1090 καταπατεῖν
2976 1031 3075 1094 τὰς
3110 1027 3366 1089 τοιαύτας
3393 1022 3654 1095 ἀρχοντικὲις

2144 1130 2423 1201 δυνάμεις,
2466 1129 2560 1183 καί⁹
2594 1127 2669 1200 μὴ
2699 1125 3061 1198 προσκόπτειν
3094 1120 3232 1193 πρὸς
3263 1117 3408 1170 λίθον
3439 1113 3520 1165 τὸν
3544 1111 3657 1171 πόδα,

2145 1221 2220 1286 ὡς
2261 1222 2466 1277 δεῖσθαι
2512 1220 2761 1291 φυλακῆς
2803 1215 3049 1286 ἀγγέλων
3103 1215 3196 1268 καὶ
3255 1206 3515 1281 βοηθείας.
3560 1202 3659 1256 Ἀλλ’

2147 1318 2352 1380 ἐκεῖνος
2383 1316 2483 1387 μὲν
2508 1316 2566 1368 οὑ
2603 1313 2803 1376 συνιεὶς
2831 1311 3094 1382 κέχρηται
3122 1308 3188 1377 τῇ
3220 1303 3333 1358 ἀπὸ
3365 1296 3662 1371 προκειμένης

2147 1409 2482 1482 προφητείας
2538 1409 2711 1479 φωνῇ,
2756 1404 2846 1459 διὰ
2893 1403 2954 1457 τὺ
2999 1400 3070 1454 τά
3117 1397 3284 1452 λοιπὰ
3326 1389 3664 1463 συνεωρακέναι

2148 1501 2552 1574 πεπληρωμένα
2579 1501 2660 1563 είς
2683 1497 2872 1552 αὑτόν·
2898 1497 2927 1548 ὁ
2966 1493 3023 1547 δὲ
3053 1491 3246 1561 Σωτὴρ
3273 1489 3374 1542 οὑκ
3403 1483 3665 1554 ἀπαρνεῖτσι

2153 1598 2250 1668 μὲν
2283 1595 2343 1649 τὸ
2386 1596 2513 1667 περὶ
2539 1592 2703 1647 αὑτοῦ
2746 1588 2994 1664 είρῆσθαι
3023 1587 3084 1640 τὸ
3115 1585 3330 1653 λόγιοψ
3376 1579 3446 1652 μὴ
3475 1574 3665 1630 συνιέντα

469 1694 526 1747 δὲ
559 1691 694 1744 αὐτὸ
717 1692 805 1744 τὸν
835 1689 1098 1754 διάϐολον,
1123 1688 1312 1759 ἀφίησι
1344 1687 1662 1759 καταλλήλῳ
1695 1687 2038 1759 χρησάμενος
2075 1690 2140 1758 τῇ
2172 1688 2306 1759 πρὸς
2337 1687 2498 1741 αὑτὸν
2528 1684 2838 1757 ἀποκρίσει.
2880 1681 3070 1751 Ἡμεῖς
3117 1677 3197 1740 δὲ,
3230 1677 3300 1746 τῇ
3353 1670 3508 1726 αὑτοῦ
3535 1669 3669 1759 χάριτι

470 1782 563 1836 τοῦ
607 1779 855 1852 Σωτῆρος
893 1780 1072 1850 ἡμῶν,
1127 1780 1273 1842 ὅπως
1329 1777 1395 1832 τά
1469 1758 1610 1831 κατὰ
1665 1758 1795 1841 τοὺς
1839 1778 2032 1841 τόπους
2085 1758 2538 1850 τεθεωρήκαμεν,
2583 1775 2867 1848 πρόκειται
2904 1773 3018 1835 τοῖς
3063 1767 3479 1838 ἐντυγχάνουσιν
3517 1763 3571 1815 ὲκ
3597 1758 3671 1816 τῶν

471 1873 776 1948 εἰρημένων
807 1873 1200 1942 διαγινώσκειν.

545 1990 712 2046 Vsus.
736 1989 825 2053 15,
859 1989 946 2044 14.
977 1987 1145 2059 Super
1181 1989 1414 2058 aspidem
1443 2001 1491 2045 et
1522 1990 1829 2046 basiliscum
1865 1991 2051 2044 ambu-

2232 1983 2357 2038 ’Ἐπ’
2385 1981 2618 2040 ἀσπίδα
2635 1980 2737 2035 καὶ
2763 1978 3138 2045 ,βασιλίσκω-
3179 1973 3464 2043 ὲπιϐήσῃ,
3501 1971 3581 2026 καί
3604 1990 3674 2027 κο-

472 2084 632 2148 labis,
664 2090 714 2136 et
757 2081 1092 2136 conculcabis
1127 2081 1326 2136 leonem
1368 2093 1418 2137 et
1460 2083 1766 2138 draconem.
1792 2084 2058 2150 Quoniam

472 2177 530 2231 in
561 2192 640 2231 me
664 2176 912 2244 speravit,
944 2183 994 2228 et
1022 2174 1253 2229 liberabo
1276 2192 1425 2239 eum;
1451 2185 1719 2245 protegam
1760 2193 1902 2242 eum,
1931 2192 2061 2246 quo-

474 2269 621 2322 niam
637 2267 1083 2336 cognouit-nomen
1105 2283 1295 2322 meum.
1313 2265 1583 2322 Clamabit
1600 2267 1668 2320 ad
1696 2283 1795 2334 me,
1819 2277 1868 2322 et
1891 2284 2061 2322 exau-

475 2362 623 2415 diam
663 2376 803 2423 eum,
837 2377 955 2413 cum
989 2361 1102 2429 ipso
1147 2375 1264 2413 sum
1313 2361 1369 2413 in
1420 2359 1758 2415 tribulatione
1789 2375 1807 2414 :
1838 2361 2061 2428 eripiam

452 2471 595 2512 eum
632 2462 682 2510 et
715 2453 1035 2525 .gloriﬁcabo
1070 2469 1209 2506 eum.
1240 2451 1592 2523 Longitudine
1623 2453 1828 2508 dierum
1854 2451 2061 2521 replebo

450 2583 452 2585 ›
475 2563 618 2614 eum,
645 2556 697 2602 et
725 2545 1000 2603 ostendam
1028 2546 1115 2599 illi
1139 2546 1376 2601 salutare
1407 2563 1602 2602 meum.
1632 2546 1763 2613 Qum
1788 2547 1855 2600 ad
1881 2547 2065 2602 taber-

478 2639 740 2700 naculum
786 2639 1107 2710 spectabant
1167 2639 1375 2711 angelis
1427 2639 1824 2702 committebat,
1865 2648 1924 2692 ut
1970 2655 2063 2696 su-

455 2746 579 2801 .pra
617 2730 876 2796 diximus,
905 2731 1242 2801 explicantes
1281 2745 1390 2801 quo
1414 2739 1575 2801 pacto
1601 2732 1780 2801 angeli
1798 2740 2064 2786 tueantur

479 2827 535 2875 et
562 2819 872 2876 custodiant
893 2821 1068 2876 virum
1092 2820 1147 2874 in
1178 2818 1400 2876 Christo
1420 2818 1746 2890 perfectura,
1773 2836 1872 2875 seu
1897 2821 2063 2874 etiam

460 2912 784 2969 Ecclesiam
833 2912 987 2982 ejus;
1018 2918 1112 2966 aut
1165 2926 1388 2966 carnem
1432 2927 1539 2982 qua
1576 2913 1926 2967 instrumenti
1977 2913 2066 2967 in-

482 3011 596 3058 star
625 3018 724 3074 pro
764 3004 1045 3058 hominum
1077 3003 1256 3058 salute
1284 3018 1419 3058 usus
1446 3013 1550 3058 est.
1577 3001 1702 3057 Haec.
1731 3003 1950 3074 quippe,
1979 3009 2066 3058 ut-

461 3100 610 3164 .pote
655 3095 869 3150 minora
916 3094 1242 3164 vilioraque,
1291 3093 1499 3165 angelis
1547 3093 1842 3148 commissa
1903 3102 2063 3160 sunt;

457 3187 695 3253 *eadem,
723 3186 984 3251 arbitror,
1018 3186 1256 3250 ratione,
1283 3199 1392 3256 qua
1424 3185 1694 3256 quispiam
1717 3185 1938 3241 famulis
1960 3185 2068 3240 cal-

462 3292 712 3332 -ceorum
742 3287 837 3332 aut
863 3279 1050 3333 vilium
1088 3277 1314 3348 perinde
1364 3292 1548 3333 rerum
1594 3293 1782 3332 curam
1812 3286 1866 3333 et
1905 3279 2067 3333 mini-

2157 2077 2525 2145 ταπατήσεις
2567 2075 2788 2130 λέοντα
2833 2072 2934 2126 καὶ
2967 2070 3290 2140 diutinos-ta.
3338 2069 3454 2120 Ὅτι
3494 2067 3571 2118 ἐπ’
3606 2066 3675 2134 ἐμὲ

2160 2173 2406 2241 ἤλπισε,
2440 2168 2539 2224 καὶ
2555 2169 2818 2237 ῥύσομαι
2848 2164 3062 2218 αὐτόν·
3097 2159 3392 2216 σκεπάσω
3417 2157 3595 2222 αὑτὸν,
3616 2157 3674 2210 ὅτι

2159 2264 2311 2334 ἔγνω
2357 2262 2424 2316 τὸ
2477 2260 2663 2330 ὄνομά
2712 2275 2850 2328 μου.
2903 2253 3266 2323 Κεκράξετιιι
3313 2250 3460 2319 πρὸς
3498 2249 3580 2319 μὲ,
3610 2249 3674 2303 zal

2159 2355 2568 2423 ἐπακούσομαι
2607 2349 2817 2414 αὐτοῦ,
2851 2348 2980 2419 μετ’
3024 2344 3213 2400 αὑτοῦ
3255 2345 3374 2414 ειμι
3408 2343 3474 2396 ἐν
3499 2342 3673 2410 θλίψει*

2159 2447 2481 2516 ἐξελοῦμαι
2509 2443 2714 2510 αὐτὸν,
2749 2441 2849 2496 καὶ
2881 2439 3122 2506 δοξάσω
3147 2437 3363 2493 αὐτόν.
3385 2433 3677 2502 Maia)de

2161 2533 2399 2606 ἡμερῶν
2428 2533 2720 2605 ἐμπλήσω
2746 2530 2955 2598 αὑτὸν,
2985 2529 3083 2583 καὶ
3124 2527 3306 2592 δείξω
3338 2523 3492 2591 αὐτῷ
3523 2523 3576 2578 τὸ
3599 2539 3676 2577 σω-

2163 2627 2370 2698 τήριόν
2391 2645 2536 2697 μου.
2573 2624 2654 2679 Τὰ
2697 2625 2794 2696 μὲν
2828 2623 2957 2695 περὶ
2983 2621 3077 2676 τοῦ
3109 2619 3470 2693 σκηνώματος
3494 2616 3678 2684 ἀγγέλοις

2165 2720 2489 2783 ἐνετέλλετο,
2507 2718 2651 2773 κατὰ
2665 2717 2735 2771 τά
2756 2715 3219 2788 προαποδοθέντα,
3242 2715 3396 2776 ὅπως
3411 2710 3600 2780 ἄγγελοι
3613 2727 3678 2779 τη-

2170 2812 2485 2885 μελῶσικαὶ
2510 2810 2820 2882 φυλάττωσι
2855 2808 2949 2862 τοῦ
2987 2810 3045 2862 ὲν
3068 2805 3295 2880 Χριστῷ
3331 2801 3679 2872 τετελειωμένω

2165 2906 2377 2978 ἀνδρὸς,
2396 2904 2430 2975 ἢ
2447 2904 2648 2974 καὶτῆς
2677 2901 3005 2972 Ἐκκλησίας
3025 2898 3214 2966 αὑτοῦ,
3236 2898 3272 2969 ἢ
3291 2898 3388 2952 καὶ
3409 2896 3502 2967 τῆς
3519 2892 3678 2965 σαρκὸς,

2165 2992 2445 3072 ᾖκέχρητο
2456 2996 2609 3067 δίκην
2623 2995 2851 3066 ὀργάνου
2869 2993 3009 3062 ὑπὲρ
3024 2992 3122 3060 τῆς
3135 2989 3237 3044 ἀνθ
3245 2989 3444 3061 ρώπων
3456 2985 3679 3056 σωτηρίας.

2167 3089 2349 3142 Ταῦτα
2384 3087 2492 3160 γὰρ
2515 3087 2599 3152 -ὼς
2631 3085 2941 3157 βραχύτερα
2970 3083 3067 3138 καὶ
3111 3079 3470 3151 εὐτελέστερα
3494 3076 3680 3148 ἀγγέλοις

2167 3183 2558 3252 ἐπετέτραπτοο
2579 3179 2674 3233 καὶ
2684 3176 2837 3250 οἶμαι
2852 3178 2956 3242 ὅτι,
2972 3177 3048 3240 ὡς
3062 3176 3127 3230 ἄν
3155 3191 3242 3238 τις
3268 3175 3499 3236 οἰκέταις
3523 3170 3680 3240 ἐπιτρέ-

2165 3275 2316 3345 ψειεν
2357 3273 2719 3344 ὑποδημάτων
2744 3269 3042 3331 διακονίαν,
3070 3267 3103 3338 ῆ
3137 3266 3318 3321 ἄλλων
3351 3263 3503 3319 τινῶν
3530 3261 3679 3315 εὐτελε-

487 3369 716 3425 sterium
747 3367 946 3436 tradit;
973 3369 1060 3424 sic
1095 3384 1437 3440 quaecunque
1468 3369 1684 3424 modica
1713 3377 1768 3424 et
1801 3384 2061 3440 corporea

2172 3367 2375 3436 στέρων
2425 3363 2748 3435 ὑπηρεσίαν,
2773 3362 2946 3424 οὕτως
2972 3361 3073 3413 ὅσα
3117 3358 3294 3430 μικρὰ
3343 3357 3435 3410 καὶ
3465 3350 3679 3442 σωματικὰ

466 3476 587 3530 .per
609 3460 907 3516 Salvatoris
939 3461 1113 3516 nostri
1135 3475 1356 3516 carnem
1381 3460 1772 3527 elliciebantur,
1808 3476 1871 3516 ea
1892 3475 2070 3530 range-

489 3553 668 3606 lorum
691 3567 838 3606 cura:
859 3553 1365 3619 committebantur,
1394 3553 1490 3622 qui
1517 3552 1907 3609 ministrabant
1929 3554 2066 3623 ipsi:

465 3667 476 3680 ξ·
489 3642 558 3698 de
583 3642 785 3714 quibus
813 3643 1024 3714 angelis
1054 3642 1169 3698 haec
1220 3642 1547 3699 testificatur
1594 3643 1874 3714 Evangelii
1907 3641 2072 3698 Scri-

467 3773 476 3790 .ν
492 3742 653 3806 ptum
665 3734 854 3791 dicens
873 3754 885 3790 :
901 3736 1248 3790 Accesserant
1273 3735 1534 3806 angelifet
1550 3735 1923 3790 ministrabant
1939 3734 1989 3789 ei
2001 3734 2068 3789 π.

472 3824 898 3880 -Ρι-ωειεὶιὶιὶοτε
929 3836 1130 3891 autem,
1182 3827 1389 3896 majora
1421 3833 1475 3882 et
1507 3825 1722 3891 altiora,
1753 3841 1864 3881 non
1910 3840 2074 3896 ange—

493 3919 584 3984 lis,
616 3919 710 3973 sed
739 3919 840 3988 ipsi
887 3918 1156 3975 Salvatori
1207 3920 1451 3975 ascribit.
1482 3917 1744 3985 Quaenam
1800 3918 1894 3973 illa
1939 3919 2070 3982 sint,

495 4011 750 4080 superius
806 4019 1298 4066 commonstratum
1351 4021 1463 4078 est;
1518 4011 1662 4066 inter
1716 4010 1834 4066 haec
1890 4019 2075 4067 autem

471 4095 630 4156 illud
651 4109 791 4169 erat,
826 4100 1028 4157 Cadent
1060 4120 1093 4156 a
1124 4103 1288 4158 latere
1318 4115 1407 4158 tuo
1437 4106 1602 4168 mille,
1638 4115 1688 4160 et
1727 4104 1904 4158 decem
1951 4105 2077 4158 mil-

496 4193 572 4246 lia
619 4209 652 4247 a
699 4192 898 4247 dextris
932 4195 1059 4248 tuis.
1094 4193 1152 4248 lu
1189 4195 1298 4251 ﬁne
1335 4213 1462 4252 vero
1501 4198 1744 4252 omnium
1776 4197 2076 4253 Salvatoris

497 4286 672 4341 nostri
699 4286 928 4341 victor-ia
959 4288 1025 4342 de
1067 4289 1326 4343 omnibus
1362 4299 1636 4358 reportata
1680 4299 1957 4360 postrema
1989 4304 2076 4344 re-

497 4385 753 4434 censetur
801 4377 886 4432 his
939 4379 1140 4442 verbis,
1184 4377 1350 4448 Super
1386 4381 1620 4448 aspidem
1663 4390 1714 4436 et
1769 4380 2076 4435 basiliscum

500 4466 896 4532 ambulabis,”
928 4468 1259 4523 conculcabis
1312 4469 1510 4524 leonem
1553 4480 1604 4524 et
1629 4471 1944 4527 draconem.
1979 4471 2076 4528 His

497 4573 663 4627 porro
707 4557 1004 4629 significari
1049 4560 1263 4616 mstimo
1323 4562 1687 4632 principatus,
1753 4571 2074 4633 potestates,

497 4647 691 4702 mundi
728 4658 972 4704 rectores
1009 4658 1061 4705 et
1101 4651 1405 4720 spiritualia
1434 4653 1710 4722 nequitia.
1741 4652 1916 4723 Super
1962 4653 2078 4706 haec

2176 3458 2263 3512 διὰ
2300 3459 2402 3528 τῆς
2432 3457 2525 3510 τοῦ
2574 3455 2827 3525 Σωτῆρος
2863 3452 3022 3523 ἡμῶν
3055 3451 3346 3522 ἐνηργεῖτο
3389 3446 3581 3519 σαρκὸς,
3599 3441 3678 3496 τού·

2175 3567 2284 3603 των
2338 3549 2606 3620 ὑπηρέται
2657 3547 2981 3601 καθίσταντο
3033 3543 3279 3613 ἄγγελοι,
3331 3542 3424 3596 καὶ
3474 3538 3681 3609 διηκόνουν

2178 3641 2327 3712 αὑτῷ
2348 3658 2362 3672 ο
2402 3639 2532 3710 περὶ
2562 3633 2636 3693 ὧν
2665 3639 2758 3692 καὶ
2781 3639 2815 3708 ἡ
2840 3637 2932 3690 τοῦ
2962 3635 3301 3705 Εὑαγγελίου
3335 3631 3508 3704 γραφὴ
3536 3643 3680 3700 μαρυ-

2181 3736 2266 3806 ρεῖ
2305 3733 2558 3802 λέγουσα,
2597 3732 2679 3784 ὅτι
2710 3727 3067 3798 Προσῆλθον
3112 3727 3378 3797 ἄγγελοι,
3413 3723 3502 3778 καὶ
3537 3717 3679 3786 διηκό-

2178 3843 2330 3882 νουν
2361 3824 2539 3891 αὐτῷ.
2574 3822 2655 3878 Τά
2684 3824 2741 3876 δὲ
2785 3818 3213 3892 προύργιαίτερα
3263 3820 3359 3872 καὶ
3404 3813 3592 3887 μείζονα
3621 3809 3678 3860 καὶ

2181 3918 2488 3990 ὑψηλότερα
2531 3915 2715 3970 οὐκέτι
2753 3911 3025 3981 ἀγγέλοις,
3073 3911 3188 3966 ἀλλ’
3233 3908 3384 3980 αὐτῷ
3423 3906 3493 3978 τῷ
3532 3901 3678 3968 Σωτῆρι

2179 4011 2488 4082 ἀνατίθησι.
2514 4009 2649 4063 Τίνα
2686 4008 2743 4061 δὲ
2774 4002 2842 4076 ἦν
2867 4004 3062 4070 ταῦτα,
3092 4003 3387 4074 δεδήλωται
3414 3999 3494 4053 διὰ
3516 3995 3600 4050 τῶν
3617 3993 3678 4060 ἒμ-

2181 4103 2417 4178 προσθεν
2441 4119 2456 4134 ο
2489 4104 2545 4157 ἐν
2595 4095 2678 4166 οἷς
2707 4095 2776 4171 ἦν
2813 4099 2906 4153 καὶ
2937 4099 3019 4162 τὸ,
3054 4095 3330 4151 Πεσεῒται
3370 4094 3436 4146 ἐκ
3470 4089 3560 4144 τοῦ
3591 4082 3678 4137 κοιί-

2181 4215 2323 4264 τους
2359 4213 2476 4252 σου
2515 4195 2712 4264 χιλιὰς
2750 4193 2851 4248 καὶ
2879 4191 3096 4262 μυριὰς
3131 4192 3201 4244 ἐκ
3227 4188 3350 4242 τῶν
3377 4182 3565 4250 δεξιῶν
3585 4192 3676 4232 σου.

2183 4291 2349 4354 Τέλος
2382 4289 2440 4344 δὲ
2480 4288 2698 4342 πάντων
2733 4288 2829 4341 καὶ
2873 4284 3076 4356 ὑστάτη
3103 4282 3244 4337 κατὰ
3276 4280 3485 4342 πάντων
3507 4272 3582 4326 τοῦ
3605 4269 3677 4320 Σω-

2181 4384 2347 4455 τῆρος
2369 4380 2527 4454 ἡμῶν
2577 4379 2703 4449 νίκη
2745 4379 3077 4448 παρίσταται
3116 4374 3203 4428 διὰ
3227 4372 3348 4439 τοῦ,
3386 4357 3676 4455 ‘En‘dcsila

2309 4448 2698 4541 ﬁab‘dlo’xor"
2715 4469 2973 4540 ἐπιϐήσῃ
3002 4469 3100 4523 καί
3142 4461 3560 4528 καταπατήσεις

2183 4583 2368 4620 κοντα
2395 4565 2494 4619 καὶ
2519 4563 2758 4618 λέοντα.
2803 4560 3103 4633 Δηλοῦσθαι
3141 4558 3201 4612 δὲ
3245 4556 3334 4610 διὰ
3365 4546 3674 4642 τούτων

2189 4675 2286 4729 μαι
2321 4655 2496 4728 ἀρχὰς
2527 4656 2623 4709 καὶ
2653 4653 2900 4721 ἐξουσίας
2941 4653 3036 4707 καὶ
3076 4647 3524 4722 κοσμοκράτορας,
3545 4636 3673 4729 nalis!

497 4745 684 4792 autem
739 4738 1041 4806 ambulare,
1069 4719 1236 4796 et-tot
1287 4743 1432 4798 feras
1467 4719 1668 4799 divinis
1698 4719 1924 4799 virtutis
1969 4759 2061 4798 sua

2188 4719 2534 4819 πνευματικὰ
2578 4746 2676 4817 τῆς
2695 4719 3000 4816 πονηρίας.
3031 4719 3269 4803 Ταύταις
3296 4719 3406 4810 μὲν
3429 4731 3510 4788 οὖν
3533 4719 3672 4819 ἐπιδεί-

496 4829 783 4900 gressibus
824 4834 1151 4891 conculcare
1184 4835 1382 4890 dicitur
1420 4837 1538 4906 ipse
1590 4835 1867 4891 Servator.
1923 4834 2081 4901 Quod

497 4936 630 4976 vero
663 4923 718 4975 in
747 4923 898 4979 nullo
921 4925 1180 4991 oil‘endat,
1219 4943 1319 4984 nec
1347 4929 1624 4998 quidpiam
1647 4927 1928 4998 corporeis
1960 4928 2081 4997 ejus

499 5015 913 5084 Operationibus
961 5018 1350 5089 impedimento
1404 5022 1498 5086 sit,
1529 5023 1584 5076 id
1629 5025 1945 5092 angelorum
1979 5021 2083 5075 mi-

506 5108 744 5164 nisterio
793 5113 1167 5168 concreditum
1207 5123 1306 5169 est.
1347 5113 1452 5169 Sed
1504 5114 1965 5183 quemadmodum
2015 5112 2084 5168 de

484 5215 769 5271 ~corporeo
834 5203 955 5273 ejus
1003 5205 1356 5260 tabernaculo
1413 5206 1716 5274 dicebatur,
1779 5204 2083 5276 Flagellum

487 5303 609 5342 non
663 5291 1098 5360 appropinquabit
1159 5291 1496 5348 tabernaculo
1569 5304 1677 5358 tuo,
1725 5302 1781 5350 et
1835 5295 1954 5364 ejus
2001 5295 2082 5348 rei

507 5391 672 5433 causa
703 5380 815 5434 hanc
851 5380 1230 5449 adjiciebatur,
1264 5383 1528 5449 Quoniam
1559 5387 1759 5456 angelis
1789 5387 1900 5442 suis
1931 5403 2084 5440 man-

510 5466 653 5523 dabit
682 5469 746 5536 de
778 5481 859 5536 te;
885 5473 959 5526 ita
989 5482 1044 5529 et
1071 5489 1216 5528 nunc
1249 5484 1371 5545 post
1398 5478 1552 5544 illud,
1578 5477 1746 5546 Super
1773 5479 2010 5548 aspidem
2035 5489 2085 5533 et

511 5557 811 5613 basiliscum
833 5563 1148 5632 ambulabis,
1174 5575 1222 5620 et
1245 5565 1574 5623 conculcabis
1599 5567 1796 5625 leonem
1822 5580 1869 5624 et
1897 5569 2090 5624 draco-

578 5713 625 5744 "
666 5713 832 5769 Matth
883 5735 954 5784 tv,
994 5720 1077 5774 Η.

2189 4855 2322 4903 νειν,
2349 4837 2445 4893 καὶ
2470 4837 2540 4890 τὰ
2568 4835 2808 4890 τοσαῦτα
2840 4834 3003 4906 θηρία
3043 4833 3374 4886 καταπατεῖν
3400 4828 3501 4887 τοῖς
3532 4812 3669 4906 θειοτέέ

2188 4948 2303 5004 ροις
2332 4930 2432 5001 τῆς
2455 4929 2638 4983 ἐνθέου
2665 4902 2945 4999 δυνάμεως
2977 4924 3140 4980 αὑτοῦ
3176 4923 3484 4995 βαδίσμασιν
3511 4909 3630 4968 αὐτὸς
3643 4902 3669 5004 ξ

2186 4993 2654 5096 έωτὴρπλέγεταιο
2688 5021 2750 5073 τὸ
2789 4993 2847 5073 δὲ
2892 5019 2950 5071 ὲν
2987 4993 3186 5088 μηδενὶ.
3216 4993 3668 5096 προσκόπτειν,ῃμηδ’

2185 5093 2437 5184 ἐμποδὼν
2479 5111 2726 5181 γίνεσθαί
2766 5128 2888 5164 τινα
2937 5111 3058 5172 ταῖς
3091 5101 3540 5178 σωματικωτέραις

2186 5180 2361 5274 γέίαις
2389 5180 2574 5268 αὐτοῦ,
2606 5203 2824 5273 ἄγγελοι
2851 5201 2950 5272 τὴν
2981 5199 3256 5254 διακονίαν
3279 5195 3564 5278 εἰλήφεσανέ

2191 5296 2380 5368 ὥσπερ
2411 5297 2502 5348 ὲπὶ
2546 5294 2640 5348 τοῦ
2687 5291 2998 5366 σωματικοῦ
3046 5289 3394 5361 σκηνώματος
3433 5275 3566 5336 αὑτοῦ
3595 5268 3652 5322 ἕλε

2193 5403 2340 5456 γετο,
2381 5383 2617 5450 Μάστιξ
2644 5386 2754 5438 οὐκ
2798 5381 2978 5453 enisi
3009 5382 3080 5436 ἐν
3119 5379 3198 5445 τῷ
3241 5368 3544 5445 omnium?!
3569 5372 3662 5456 ξονι

2194 5453 2288 5532 καὶ
2318 5478 2379 5531 τὸ
2407 5477 2579 5532 αἴτιον
2619 5477 2856 5547 ἐπήγετο
2882 5473 2974 5528 διὰ
3017 5471 3133 5537 τοῦ,
3169 5473 3288 5524 ’Ότι
3322 5467 3434 5532 τοῖς
3469 5453 3666 5547 dmi-wa

2195 5568 2381 5625 αὑτοῦ
2412 5567 2734 5624 ἐντελεῖται
2763 5565 2898 5636 περὶ
2928 5563 3072 5620 σοῦ·
3104 5562 3246 5619 οὕτω
3273 5560 3362 5618 καίΙ
3390 5557 3470 5614 νῦν
3489 5544 3592 5625 μετά
3606 5537 3661 5599 τδν
