3830 6288
113 372 251 427 1165

1276 372 1775 429 conumrsnu
1818 342 1881 425 I‘N
1920 362 2254 427 PSALMOS.

3217 368 3356 423 1166

120 486 243 540 Ἐπ’
274 486 513 542 ἀσπίδα
544 486 637 541 καί
663 488 1032 552 ,ϐασιλίσκων
1062 488 1342 557 ὲπιϐήσῃ,
1375 492 1471 544 καὶ
1504 507 1682 545 κατα-

1794 502 1923 553 nem,
1990 506 2153 545 causa
2227 486 2447 547 rursum
2512 491 2748 554 additur,
2809 501 2927 558 qum
2977 503 3090 544 rem
3139 504 3246 543 non
3291 490 3359 543 ad

108 579 414 646 πατήσεις
443 578 735 646 δράκοντα
759 581 855 633 καὶ
877 580 1116 643 λέοντα,
1147 580 1307 633 πάλιν
1337 583 1369 651 ὴ
1397 582 1543 634 αἰτία
1569 583 1690 634 επι-

108 670 359 737 λέγεται,
394 671 497 723 οὐκ
529 671 614 725 ἐπ’
640 672 906 741 ἀγγέλους
942 672 1304 743 ἀναφέρουσα,
1336 672 1449 725 ἀλλ’
1476 675 1561 725 ἐπ’
1596 674 1693 725 αὺ-

108 762 197 815 τὸν
221 762 317 813 τὸν
351 762 636 831 ’Υψιστον,
661 758 721 815 οὗ
749 766 813 816 ἐκ
846 762 1133 835 προσώπου
1159 763 1427 828 λέλεκται,
1459 765 1577 817 ’Ότι
1599 766 1692 817 ἐπ’

108 852 213 921 ἐμὲ
247 851 504 919 ἤλπισε,
529 853 628 906 καί
654 856 917 922 ῥύσομαι
948 854 1153 907 αὐτόν.
1178 854 1301 917 Πῶς
1333 855 1390 908 δὲ
1421 856 1506 907 ἐπ’
1534 854 1692 907 αὑτὸν

107 944 328 1013 ἤλπισε,
362 945 654 1015 προλαϐὼν
686 946 918 1012 ἐδίδαξεν
946 948 974 999 ό
1006 945 1162 1013 λόγος
1189 945 1355 999 εἰπών
1380 962 1392 975 ·
1430 946 1483 998 Ὀ
1510 962 1695 1000 κατοι-

107 1034 231 1089 κῶν
257 1035 330 1087 ἐν
356 1037 615 1105 βοηθείᾳ
654 1038 759 1091 τοῦ
800 1038 1082 1106 Ὑψίστου
1102 1056 1113 1067 ·
1146 1038 1261 1101 καὶ,
1300 1036 1452 1105 Ἐρεῖ
1471 1036 1549 1103 τῷ
1577 1039 1695 1090 Κυ-

104 1126 239 1192 ρίῳ·
286 1126 689 1195 Ἁντιλήπτωρ
730 1146 850 1196 μου
898 1124 970 1192 εἷ,
1006 1128 1104 1181 καὶ
1149 1126 1458 1196 καταφυγή
1487 1145 1625 1195 μου,
1661 1130 1694 1180 ό

110 1218 253 1281 Θεός
285 1234 439 1285 μου,
482 1218 578 1271 καὶ
619 1218 805 1271 ἑλπιῶ
830 1218 922 1272 ἐπ’
965 1220 1170 1273 αὐτόν.
1206 1219 1272 1271 Ἦ
1316 1218 1494 1271 τοίνυν
1520 1217 1692 1271 ἐπινί-

116 1325 232 1371 κιος
263 1308 363 1360 καὶ
393 1308 679 1362 τελευταία
702 1310 900 1381 πρᾶξις
925 1310 1062 1380 μετὰ
1091 1310 1269 1373 πάσας
1301 1310 1396 1373 τὰς
1427 1327 1695 1381 προκατα-

107 1396 397 1467 λεχθείσας
430 1398 525 1451 τοῦ
572 1400 819 1471 Σωτῆρος
870 1402 1045 1471 ἡμῶν,
1090 1401 1122 1471 ἢ
1170 1403 1264 1454 καὶ
1306 1400 1397 1453 τοῦ
1444 1403 1501 1454 ὲν
1547 1400 1694 1471 αυτῷ

108 1489 491 1561 τελειουμένου
523 1491 738 1563 ἀνδρὸς,
772 1493 805 1563 ἢ
838 1495 931 1546 καὶ
958 1493 1053 1546 τοῦ
1085 1492 1249 1547 αὐτοῦ
1285 1494 1487 1546 τελείου
1513 1493 1696 1562 σώμα-

108 1596 196 1643 τος
234 1579 339 1649 τῆς
377 1580 705 1651 Ἐκκλησίας
736 1582 922 1647 αὑτοῦ,
964 1582 1266 1653 δηλωθείσα
1299 1585 1386 1638 διὰ
1413 1584 1529 1648 τοῦ,
1577 1585 1695 1636 Ἐπ’

111 1671 341 1724 ἀσπίδα
370 1670 475 1723 καί
498 1673 875 1736 ,βασιλίσκον
902 1673 1187 1743 ἑπιϐήσῃ,
1231 1676 1329 1728 καὶ
1362 1676 1696 1744 καταπατή-

1794 579 2015 645 angelos
2043 580 2263 644 referat,
2288 580 2383 636 sed
2411 579 2476 633 ad
2504 581 2678 650 ipsum
2710 580 3071 653 Altissimum,
3095 595 3161 634 ex
3201 580 3359 647 cujus

1795 684 2024 738 persona
2052 667 2272 733 dicitur,
2295 670 2555 735 Quoniam
2584 672 2637 724 in
2668 667 2745 723 me
2768 672 3013 739 speravit,
3055 679 3103 724 et
3128 670 3359 725 liberabo

1792 776 1928 813 eum.
1946 759 2225 826 Quomodo
2243 761 2297 813 in
2317 761 2433 831 ipso
2450 761 2762 835 speraverit,
2782 762 2897 829 jam
2924 761 3211 831 Scriptura
3231 760 3363 815 edo-

1794 868 1918 906 cere
1940 854 2225 921 occupavit
2254 854 2361 921 his,
2386 854 2567 908 verbis
2594 872 2607 906 :
2640 852 2744 918 Qui
2769 852 2971 906 habitat
3008 855 3061 907 in
3092 853 3359 922 adjutorio

1793 944 2079 1008 Altissimi,
2116 954 2170 1000 et
2202 966 2215 1001 :
2252 946 2402 1000 Dicet
2435 945 2658 1003 Domino
2696 944 3020 1023 :Susceptor
3043 963 3185 1000 meus
3221 964 3273 1001 es
3306 958 3360 1000 tu

1793 1044 1842 1088 et
1874 1036 2130 1105 refugium
2166 1054 2360 1104 meum,
2404 1036 2544 1091 Deus
2583 1052 2750 1100 meus,
2780 1044 2830 1089 et
2866 1036 3084 1102 sperabo
3113 1039 3166 1090 in
3218 1052 3356 1090 eum.

1795 1124 2165 1195 Triumphalis
2198 1128 2377 1196 itaque
2430 1137 2484 1182 et
2536 1134 2811 1196 postrema
2852 1127 3029 1189 pactio,
3065 1142 3185 1196 quae
3222 1138 3358 1195 post

1796 1215 1899 1269 alia
1926 1225 2225 1271 memorata
2250 1217 2570 1283 Salvatoris,
2606 1225 2699 1271 aut
2752 1218 2852 1271 viri
2893 1217 2948 1269 in
2996 1232 3061 1271 eo
3101 1232 3360 1271 consum-

1796 1304 1948 1366 mati,
1975 1312 2067 1358 aut
2115 1306 2234 1374 ejus
2293 1305 2517 1374 perfecti
2586 1306 2857 1375 corporis,
2891 1304 3025 1375 ~sive
3079 1304 3357 1370 ECCICSliB,

1796 1406 1945 1463 gesta
1982 1397 2287 1467 signiﬁcata
2318 1397 2371 1449 in
2399 1396 2492 1449 illo
2531 1415 2543 1451 :
2588 1396 2758 1466 Super
2796 1398 3035 1466 aspidem.
3072 1408 3121 1450 et
3177 1398 3361 1451 basilia

1796 1502 1945 1538 scum
1970 1488 2288 1552 ambulabis,
2310 1497 2358 1541 et
2383 1488 2712 1542 conrulcabis
2748 1488 2944 1542 leonem
2974 1501 3020 1542 et
3050 1488 3359 1553 draconem;

1796 1582 1930 1643 tota,
1987 1593 2112 1631 cum
2159 1579 2402 1631 victoriae
2473 1594 2661 1642 causa,
2708 1578 2991 1633 Altissimo
3042 1579 3357 1633 ascribitur.

1796 1664 2157 1730 Quamobrem
2189 1666 2390 1720 dicitur
2422 1682 2433 1718 :
2468 1667 2730 1733 Quoniam
2786 1669 2841 1721 in
2894 1684 2974 1722 me
3025 1671 3274 1737 speravit,
3308 1678 3363 1724 et

110 1776 237 1826 σεις
282 1760 591 1829 δράκοντα
631 1764 731 1816 καὶ
773 1764 1011 1830 λέοντα,
1053 1768 1151 1837 τὴν
1196 1768 1375 1820 πᾶσαν
1420 1766 1688 1837 ἀναφορὰν

1799 1755 2027 1809 liberabo
2050 1774 2194 1824 eunt,
2222 1758 2469 1827 quoniam
2520 1759 2751 1828 cognovit
2781 1774 2968 1811 nomen
2999 1774 3189 1812 meum.
3226 1757 3361 1813 Cum

112 1851 325 1921 καὶτῆς
360 1850 524 1921 νίκης
548 1851 647 1922 τὴν
677 1852 854 1906 αἰτίαν
879 1854 971 1906 ἐπὶ
1001 1853 1079 1925 τῷ
1115 1854 1351 1926 ’Υψίστῳ
1384 1855 1684 1926 ἀνατίθησι.

1796 1849 1910 1916 ipso
1945 1865 2059 1901 sum
2096 1850 2150 1902 in
2183 1848 2541 1912 tribulatione,
2565 1850 2783 1916 eripiam
2815 1865 2932 1902 eum
2966 1858 3015 1901 et
3047 1848 3360 1919 gloriﬁcabo

111 1939 196 1990 Διὸ
228 1938 517 1992 λέλεκται’
564 1941 683 1994 Ὅτι
726 1943 820 1995 ἐπ’
852 1942 957 2011 ἐμὲ
1005 1943 1249 2012 ἤλπισε,
1291 1945 1389 1998 καί
1427 1947 1689 2015 ῥύσομαι

112 2030 310 2096 αὑτὸν,
348 2030 441 2084 ὅτι
466 2032 618 2101 ἔγνω
640 2033 703 2086 τὸ
735 2033 921 2104 ὄνομά
940 2054 1079 2105 μου.
1108 2037 1248 2089 Μετ’
1277 2038 1461 2090 αὐτοῦ
1486 2040 1599 2106 εἰμι
1620 2039 1689 2091 ἐν

111 2121 329 2189 θλίψει,
365 2122 692 2192 ὲξελοῦμαι
730 2126 827 2178 καὶ
855 2125 1092 2190 δοξάσω
1118 2128 1321 2180 αὐτόν.
1354 2126 1464 2181 Καί
1499 2146 1587 2198 μοι
1608 2129 1690 2180 δο-

114 2214 195 2264 κεῖ
247 2212 370 2266 καθ’
422 2213 621 2284 ἑτέραν
672 2215 911 2270 διάνοιαν
964 2220 997 2288 ή
1054 2219 1359 2289 προφητεία
1415 2217 1689 2283 θεσπίζειν

113 2302 282 2355 πάντα
329 2304 423 2357 τὸν
463 2305 666 2376 τρόπον
698 2306 792 2360 τοῦ
827 2307 969 2360 κατὰ
1007 2307 1291 2379 ἄνθρωπον
1317 2309 1431 2379 βίου
1456 2310 1550 2361 τοῦ
1577 2311 1688 2362 Σω-

113 2394 272 2466 τῆρος
296 2394 459 2465 ἡμῶν
481 2413 494 2427 ’
521 2394 665 2464 λέγω
689 2397 745 2450 δὲ
766 2398 857 2451 τὸν
881 2397 1095 2470 πρῶτον
1130 2400 1451 2471 πειρασμὸν,
1483 2401 1575 2454 καὶ
1598 2400 1688 2453 τὸν

116 2484 248 2537 κατὰ
277 2486 337 2538 τὸ
382 2486 581 2551 πάθος,
618 2489 716 2558 τήν
741 2505 799 2541 τε
834 2489 971 2559 μετὰ
1010 2489 1108 2561 τὴν
1132 2490 1282 2544 λύσιν
1313 2492 1405 2545 τοῦ
1443 2493 1690 2563 σώματος

118 2575 322 2639 enisa;
366 2578 757 2649 ἀντικειμένας
798 2580 1056 2652 δυνάμεις
1096 2583 1301 2651 ἔφοδον.
1334 2584 1445 2637 Καὶ
1485 2585 1551 2637 τὰ
1592 2584 1689 2655 μὲν

118 2666 299 2736 πρῶτα
336 2667 434 2721 τοῦ
480 2669 729 2741 ψαλμοῦ·
774 2672 1076 2744 κοινότερον
1106 2674 1163 2727 δὲ
1193 2675 1335 2728 οὕτω
1377 2675 1616 2744 λεγέσθω
1655 2678 1687 2747 ἡ

122 2756 360 2827 παροῦσα
406 2762 714 2831 προφητεία
754 2762 843 2816 τὸν
890 2766 1193 2835 πειρασμὸν
1238 2759 1566 2819 αἰνίττεσθαι
1599 2767 1688 2820 τὸν

120 2848 205 2899 ἐπὶ
246 2849 344 2918 τῆς
396 2851 633 2922 ἐρήμου,
682 2852 740 2906 ὃν
789 2854 847 2907 ὲν
896 2858 1007 2920 τοῖς
1045 2857 1396 2924 Εὐαγγελίοις
1440 2858 1688 2928 εἰσῆκται

123 2939 393 3010 πειραθεὶς
434 2942 543 2994 ὑπὸ
584 2943 675 2997 τοῦ
708 2944 986 2999 διαϐόλου·
1032 2947 1100 3000 τὰ
1140 2948 1195 3000 δὲ
1232 2947 1478 3019 δεύτερα,
1513 2950 1569 3001 ἐν
1609 2943 1689 3011 οἷς

123 3028 375 3096 ἀγγέλους
401 3031 768 3088 διακονεῖσθαι
802 3035 879 3106 τῷ
904 3036 1069 3090 αὐτοῦ
1105 3037 1316 3108 σώματι
1351 3039 1689 3109 παρέστησεν

122 3120 148 3171 ὁ
169 3120 338 3191 λόγος,
367 3125 469 3196 τὴν
500 3125 640 3178 κατὰ
664 3127 753 3180 τὸν
785 3128 1121 3199 ἀνθρώπινον
1154 3130 1266 3201 βίον
1293 3131 1567 3205 διατριϐὴν
1597 3134 1691 3186 αὐ-

120 3210 235 3263 τοῦ·
266 3214 332 3267 τὰ
363 3214 422 3268 δὲ
448 3214 630 3285 τρίτα,
665 3217 732 3269 δι’
767 3215 840 3272 ὧν
874 3218 1087 3288 λέγεται
1118 3222 1201 3273 ἐπ’
1234 3223 1431 3276 ἀσπίδα
1458 3226 1549 3276 καὶ
1586 3224 1684 3294 βα-

125 3301 348 3357 σιλίσκον
393 3306 807 3378 ὲπιϐεϐηκέναι,
855 3312 947 3363 καὶ
993 3314 1506 3384 καταπεπατηκέναι
1556 3316 1685 3387 δρά-

123 3407 274 3445 κοντα
307 3396 403 3449 καὶ
449 3395 662 3462 λέοντα,
710 3402 807 3469 τὴν
843 3402 981 3472 μετὰ
1019 3403 1109 3456 τὸν
1154 3403 1380 3457 θάνατον
1414 3405 1551 3458 κατὰ
1580 3406 1687 3461 τῶν

122 3482 449 3553 ἀρχοντικῶν
497 3491 819 3561 πνευμάτων
862 3494 1044 3565 νίκην·
1084 3495 1201 3565 μεθ’
1228 3495 1263 3549 ἆ
1300 3497 1474 3550 πάντα
1508 3497 1689 3549 ἐπιλέ-

122 3589 295 3640 γεται·
362 3580 712 3651 Ἐξελοῦμαι
766 3585 955 3639 αὑτὸν
1013 3587 1110 3641 καὶ
1155 3586 1397 3652 δοξάσω
1457 3590 1683 3643 αὐτόν·

124 3667 471 3739 Μακρότητα
504 3673 739 3743 ἠμεμῖιν
786 3676 1077 3745 ἐμπλήσω
1124 3679 1329 3743 αὐτὸν,
1375 3680 1474 3732 καὶ
1513 3678 1687 3743 δείξω

123 3760 270 3826 αὐτῷ
300 3763 365 3816 τὸ
407 3765 712 3834 σωτήριόν
748 3786 890 3837 μου,
920 3770 1017 3840 τῆς
1053 3771 1189 3841 μετὰ
1229 3771 1319 3824 τὸν
1365 3771 1591 3825 θάνατον
1626 3773 1689 3823 ἐκ

124 3854 316 3923 νεκρῶν
362 3860 662 3929 σωτηρίας,
710 3860 804 3912 καὶ
840 3860 939 3931 τῆς
980 3860 1324 3931 μακραίωνος
1353 3863 1444 3915 καὶ
1486 3860 1689 3914 ἀθανά-

1795 1957 1933 1994 eum.
1976 1940 2097 1995 Alio
2126 1943 2254 1994 item
2293 1956 2456 1997 Sensu
2486 1941 2769 2010 prOpbetia
2800 1942 3015 1996 videtur
3052 1942 3184 1995 mihi
3217 1943 3357 2002 vati-

1794 2031 1968 2085 cinari
2004 2046 2220 2086 omnem
2255 2033 2507 2087 humana:
2545 2033 2843 2087 Salvatoris
2876 2034 3051 2088 nostri
3090 2034 3213 2088 vita:
3236 2050 3356 2089 mo-

1794 2123 1954 2190 dum;
1985 2123 2108 2177 dico
2132 2132 2313 2179 autem
2347 2126 2577 2194 primam
2606 2126 2953 2179 tentationem
2977 2144 2991 2193 ;
3031 2126 3176 2180 illam
3204 2127 3357 2193 item,

1794 2230 1958 2285 quam
1992 2216 2047 2268 in
2090 2216 2347 2284 passione
2390 2216 2677 2283 sustinuit;
2713 2231 2777 2271 ac
2832 2219 2997 2272 etiam
3027 2233 3168 2285 eam,
3193 2235 3357 2289 quam

1794 2314 1918 2374 post
1948 2306 2275 2360 solutionem
2330 2308 2578 2377 corporis
2634 2307 2761 2364 fecit
2791 2318 2983 2363 contra
3016 2311 3359 2365 adversarias

1794 2405 2092 2467 potestates
2150 2399 2532 2469 irruptionem.
2566 2398 2631 2452 Et
2689 2400 2803 2454 ham
2835 2400 3054 2471 quidem
3107 2402 3281 2471 prima
3305 2411 3360 2456 et

1794 2493 2065 2561 pnecipua
2097 2494 2150 2545 in
2186 2493 2396 2560 psalmo
2442 2500 2568 2547 sunt
2606 2510 2619 2546 :
2654 2493 2947 2562 vulgariori
2981 2500 3161 2547 autem
3208 2508 3360 2548 more

1794 2581 2007 2636 dicatur
2038 2582 2152 2636 haec
2185 2582 2467 2651 prophetia
2517 2584 2877 2638 tentationem
2930 2583 2986 2636 in
3041 2584 3257 2638 deserto
3283 2584 3361 2639 si-

1794 2674 2073 2745 gniﬁcare,
2109 2689 2215 2744 qua
2259 2682 2503 2730 tentatus
2534 2692 2657 2731 esse
2688 2691 2719 2728 a
2754 2676 2974 2731 diabolo
3022 2683 3279 2729 narratur
3300 2676 3359 2730 in

1795 2765 2117 2837 Evangelio;
2151 2764 2390 2821 secunda
2420 2782 2568 2831 vero,
2598 2766 2794 2837 quibus
2829 2768 3052 2836 angelos
3077 2767 3195 2835 ejus
3227 2782 3355 2822 cor-

1794 2856 1913 2926 pori
1958 2857 2303 2911 ministrasse
2356 2856 2703 2923 declaratur,
2727 2856 2845 2925 ejus
2884 2856 2936 2909 in
2985 2856 3219 2911 humana
3245 2856 3355 2909 vita

1794 2948 2263 3002 conversationem
2300 2948 2579 3014 indicant;
2614 2948 2773 3002 tertia
2803 2956 3007 3011 autem,
3050 2948 3248 3017 quibus
3272 2949 3356 3003 di-

1794 3039 1957 3100 citur,
1978 3052 2101 3092 eum
2132 3054 2297 3107 super
2319 3037 2564 3107 aspidem
2594 3046 2647 3092 et
2678 3037 2992 3093 basiliscum
3019 3039 3351 3102 ambulasse,

1793 3138 1848 3182 et
1869 3128 2223 3183 conculcasse
2277 3129 2485 3183 leonem
2533 3137 2587 3184 et
2638 3130 2953 3192 draconem,
2991 3129 3164 3198 ipsum
3229 3140 3351 3201 post

1791 3230 2019 3276 mortem
2055 3221 2121 3275 de
2150 3221 2491 3290 principibus
2522 3220 2808 3290 spiritibus
2832 3220 3116 3275 victoriam
3163 3237 3354 3291 repor-

1791 3324 1939 3369 tasse
1972 3319 2233 3378 narrant;
2268 3320 2391 3382 post
2413 3326 2533 3381 qua:
2565 3313 2747 3365 omnia
2767 3312 3025 3387 adjicitur
3058 3328 3071 3363 ε
3116 3311 3355 3382 Eripiam

1792 3422 1909 3460 eum
1936 3415 1984 3459 et
2014 3404 2323 3475 gloriﬁcabo
2349 3420 2486 3458 eum.
2518 3402 2866 3473 Longitudine
2897 3404 3103 3457 dierum
3149 3403 3356 3472 replebo

1794 3512 1933 3560 eum,
1959 3504 2008 3548 et
2031 3493 2301 3548 ostendam
2325 3492 2408 3545 illi
2437 3492 2673 3546 salutare
2711 3509 2918 3557 meum;
2948 3494 3149 3563 quibus
3172 3494 3356 3547 decla-

1791 3594 1876 3639 rat
1909 3584 2027 3651 ejus
2057 3591 2179 3651 post
2200 3582 2409 3635 obitum
2441 3584 2899 3638 resurrectionem
2926 3599 2991 3637 ex
3036 3584 3267 3637 mortuis
3301 3593 3357 3637 et

1794 3678 2045 3738 salutem,
2081 3674 2377 3744 longmvam
2406 3681 2460 3726 et
2490 3673 2853 3728 immortalem
2888 3676 3077 3738 vitam,
3114 3675 3354 3729 divinam

1794 3768 2046 3837 gloriam,
2092 3773 2148 3819 et
2204 3764 2468 3818 honorem
2526 3778 2863 3834 regnumque
2924 3765 3068 3834 apud
3135 3764 3353 3820 Patrem

1796 3864 2131 3927 susceptum.

123 3956 208 3995 του
261 3946 424 4019 ζωῆς,
472 3950 567 4020 τῆς
610 3967 671 4003 τε
717 3950 900 4004 ἐνθέου
944 3951 1101 4023 δόξης
1151 3953 1244 4005 καὶ
1290 3954 1388 4027 τῆς
1438 3953 1585 4024 παρὰ
1618 3951 1694 4023 τῷ
1731 3951 1905 4021 Πατρὶ
1950 3948 2114 4018 τιμῆς
2152 3962 2211 3998 τε
2252 3945 2347 3999 καὶ
2396 3944 2669 4015 βασιλείας
2705 3943 2795 3998 διὰ
2834 3945 3037 3999 τούτων
3090 3964 3357 4019 παριστα-

129 4034 301 4106 μένης.

125 4143 401 4203 ΨΑΛΜΟΣ
439 4152 616 4222 ῼΔΗΣ
641 4192 655 4217 ,
694 4153 1312 4292 ξᾺΣΤὲΗΟΙΝῙἛὲΜΕΡΑΝ
1352 4157 1489 4211 ΤΟΥ
1527 4155 1681 4209 ΣΑΒ-

200 4311 436 4381 Ἀγαθὸν
468 4317 530 4369 τὸ
550 4316 1032 4388 ἐξομολογεῖσθαι
1053 4320 1131 4385 τῷ
1156 4322 1368 4388 Κυρίῳ,
1397 4322 1492 4375 καὶ
1523 4321 1681 4391 ψάλ-
1741 4368 1747 4373 .

126 4398 248 4451 λειν
282 4402 362 4466 τῷ
394 4406 643 4473 ὀνόματί
683 4423 820 4471 σου,
856 4408 1122 4476 Ὕψιστε,
1154 4411 1258 4463 τοῦ
1291 4411 1685 4481 ἀναγγέλλων

128 4487 188 4539 τὸ
209 4493 351 4558 πρωῒ
379 4496 443 4549 τὸ
467 4496 640 4563 ἔλεός
671 4511 787 4552 σου
813 4498 908 4551 καὶ
936 4499 1051 4567 τὴν
1081 4502 1371 4571 ἀλήθειάν
1394 4519 1509 4557 σου
1539 4504 1685 4557 κατὰ

127 4581 322 4649 νύκτα,
351 4587 421 4640 ἐν
449 4587 785 4657 δεκαχόρδφ
816 4592 1128 4659 ψαλτηρίῳ
1153 4594 1278 4661 μετ’
1312 4593 1470 4662 ᾠδῆς
1500 4595 1570 4648 ἐν
1601 4613 1685 4648 κι-

129 4669 285 4739 θάρᾳ.
317 4676 427 4740 Τὰς
465 4677 571 4731 τῶν
605 4679 895 4735 Σαϐϐάτων
926 4682 1135 4752 ἡμέρας
1179 4684 1228 4734 οἱ
1262 4682 1367 4754 πρὸ
1411 4683 1684 4747 Μωῦσέως

129 4758 310 4818 δίκαιοι
353 4770 449 4822 καὶ
487 4769 749 4838 Θεοφιλεῖς
787 4772 978 4845 ἄνδρες
1017 4774 1125 4826 οὔτ’
1154 4775 1372 4845 ᾔδεσαν,
1402 4774 1512 4827 οῠτ’
1553 4774 1684 4843 ἐφύ-

130 4848 325 4909 λαττον.
353 4856 479 4913 Οῦτ’
524 4858 617 4914 οὖν
649 4862 807 4927 αὐτὸς
848 4864 1114 4937 Ἀϐραὰμ,
1147 4865 1269 4918 οὔτε
1314 4867 1515 4930 Ἰσαὰκ,
1559 4864 1682 4919 οὔτε

140 4941 341 5012 Ἰακὼϐ,
364 4950 485 5005 οὔτε
520 4955 569 5005 οἱ
605 4954 793 5007 τούτου
838 4957 1041 5022 παῖδες,
1072 4956 1186 5010 ἀλλ’
1218 4958 1337 5011 οὐδὲ
1369 4959 1417 5010 οἱ
1453 4958 1531 5009 ἔτι
1558 4958 1681 5009 τοὺ-

130 5049 228 5088 των
268 5040 341 5109 τῷ
394 5044 570 5114 χρόνῳ
616 5046 959 5117 παλαιότεροι
1008 5049 1286 5117 φαίνονται
1329 5046 1680 5117 γινώσκοντες

132 5127 328 5202 ἡμέραν
353 5135 647 5189 Σαϐϐάτου.
689 5138 841 5189 Ἐπεὶ
866 5138 1043 5191 τοίνυν
1070 5141 1117 5191 οἱ
1157 5142 1220 5193 ὲκ
1254 5140 1573 5211 περιτομῆς,
1607 5139 1682 5201 ὡς

134 5217 263 5285 μέγα
288 5241 335 5276 τι
368 5227 773 5298 κατορθοῦντες,
799 5228 870 5281 τὰ
896 5228 1144 5283 Σάϐϐατα
1169 5231 1452 5298 φυλάττειν
1489 5230 1682 5300 ἡγοῦν-

133 5322 233 5375 ται,
259 5312 293 5365 ἃ
320 5317 438 5370 οὐδὲ
478 5319 801 5388 φυλάττουσι
836 5319 978 5373 κατὰ
1005 5320 1064 5372 τὸ
1092 5320 1335 5391 βούλημα
1365 5320 1458 5373 τοῦ
1491 5322 1675 5390 νόμου,

137 5400 448 5468 παραθετέον
480 5408 661 5471 αὐτοῖς
703 5408 777 5460 τὰ
813 5408 1093 5479 εἰρημένα.
1140 5411 1249 5462 Καὶ
1288 5410 1474 5481 ἐπειδὴ
1516 5411 1682 5462 κατά-

135 5502 316 5543 παυσιν
343 5500 593 5567 σημαίνει
621 5500 681 5552 τὸ
709 5499 1001 5564 Σάϐϐατον,
1030 5500 1336 5571 γέγραπται
1373 5502 1501 5569 γοῦν
1524 5519 1539 5533 ο
1570 5502 1679 5555 Καὶ

136 5579 493 5641 κατέπαυσεν
530 5592 563 5641 ό
597 5589 740 5654 Θεὸς
779 5590 850 5643 ἐν
876 5589 950 5659 τῇ
982 5591 1168 5660 ἡμέρᾳ
1206 5590 1279 5659 τῇ
1316 5589 1357 5651 ζ’
1378 5590 1496 5645 ἀπὸ
1533 5592 1681 5643 πάν-

136 5680 241 5719 των
271 5672 382 5727 τῶν
410 5677 596 5746 ἔργων
631 5680 835 5749 αὑτοῦ,
869 5675 956 5739 ὧν
981 5682 1246 5751 ἐποίησε,
1290 5680 1385 5734 καὶ
1412 5681 1679 5755 ᾐγιάσεν

201 5784 239 5813 ”
277 5786 401 5845 Gen.
439 5810 515 5863 ιι,
546 5794 613 5860 2,
648 5795 702 5851 3.

1827 4143 2149 4202 PSALMUS
2197 4144 2493 4211 CANTlCl,
2529 4145 2596 4200 IN
2656 4145 2766 4200 DIE
2828 4146 3136 4205 SABBATI.
3174 4150 3316 4209 XCI.

1861 4309 2026 4364 Vens.
2064 4308 2119 4371 2,
2153 4307 2205 4360 5.
2250 4304 2455 4358 Bonum
2481 4311 2559 4357 est
2588 4303 2827 4372 conﬁteri
2860 4303 3101 4371 Domino,
3136 4316 3185 4361 et
3208 4311 3355 4376 ρεστ.

1791 4403 1897 4456 lere
1918 4399 2118 4453 nomini
2147 4406 2260 4461 tuo,
2300 4394 2590 4456 Altissime,
2624 4394 2693 4446 ad
2740 4397 3161 4449 annuntiandum
3200 4416 3357 4456 mane

1789 4490 2207 4547 misericordiam
2233 4499 2400 4552 tuam,
2430 4495 2479 4539 et
2523 4488 2792 4541 veritatem
2818 4497 2963 4539 tuam
2999 4504 3087 4556 per
3119 4501 3348 4558 noctem,

1792 4585 1846 4637 in
1873 4580 2198 4636 decachordo
2235 4579 2482 4647 psalterio
2521 4594 2640 4631 cum
2671 4578 2873 4630 cantico
2896 4579 2949 4630 in
2992 4580 3215 4636 cithara.
3249 4582 3354 4648 Qui

1789 4682 1915 4729 ante
1968 4672 2206 4743 Moysem
2251 4678 2408 4723 erant
2451 4668 2586 4738 justi
2645 4676 2708 4723 ac
2767 4669 3004 4739 religiosi
3057 4671 3181 4735 viri,
3234 4673 3352 4727 dios

1791 4767 2155 4821 Sabbatorum
2206 4778 2316 4817 non
2366 4769 2564 4816 norant
2622 4776 2724 4815 nec
2787 4761 3192 4817 custodiebant.
3243 4764 3355 4821 Nec

1787 4858 1933 4911 enim
1968 4856 2263 4917 Abraham,
2298 4869 2476 4923 neque
2519 4852 2688 4918 Isaac,
2736 4869 2913 4922 neque
2949 4853 3139 4919 Jacob,
3177 4872 3353 4927 neque

1788 4950 1906 5019 ejus
1966 4949 2082 5011 lilii,
2108 4962 2285 5016 neque
2335 4948 2498 5000 etiam
2546 4944 2637 5013 qui
2692 4945 2759 4999 iis
2805 4946 3140 5016 antiquiores
3169 4938 3347 5011 erant,

1788 5040 1929 5094 diem
1962 5038 2181 5093 Sabliati
2210 5037 2428 5091 novisse
2458 5035 2730 5089 videntur.
2774 5034 2909 5101 Quia
2947 5037 3111 5107 igitur
3159 5039 3253 5108 qui
3284 5057 3350 5093 ex

1788 5130 2211 5184 circumcisione
2261 5136 2411 5193 sunt,
2444 5126 2598 5195 quasi
2653 5126 2833 5195 magni
2886 5127 3160 5196 quidpiam
3207 5145 3348 5198 prae-

1789 5228 1953 5285 stent,
1990 5235 2049 5273 se
2079 5218 2315 5272 Sabbata
2361 5230 2579 5270 servare
2624 5221 2837 5283 putant,
2870 5230 2991 5284 qua:
3027 5223 3207 5270 tamen
3264 5233 3349 5271 sc-

1788 5310 2027 5364 cundum
2090 5307 2224 5377 legis
2289 5314 2522 5359 mentem
2589 5320 2698 5358 non
2750 5305 3089 5369 custodiunt,
3151 5306 3347 5375 psalmi

1784 5400 1929 5454 dicta
1961 5398 2094 5469 ipsis
2120 5403 2247 5451 sunt
2282 5393 2624 5464 exponenda.
2657 5394 2722 5446 Et
2756 5394 2883 5463 quia
2922 5393 3215 5449 Sabbatum
3256 5413 3347 5451 re-

1785 5493 1966 5561 quiem
2022 5487 2329 5557 signilicat;
2366 5499 2491 5538 nam
2542 5486 2804 5553 scriptum
2831 5494 2915 5539 est
2946 5504 2959 5539 :
2998 5485 3067 5539 Et
3104 5487 3345 5555 requievit

1784 5584 1924 5637 Deus
1948 5581 2032 5634 die
2081 5578 2302 5646 septimo
2333 5576 2397 5629 ab
2439 5576 2677 5630 omnibus
2701 5577 2942 5645 operibus
2989 5580 3097 5630 suis
3125 5594 3241 5647 qua:
3271 5586 3346 5647 ιε-

1782 5686 1946 5741 cerat,
1983 5684 2031 5728 et
2066 5670 2415 5738 sanctiﬁcavit
2451 5668 2696 5742 illum‘”;
2729 5669 2880 5725 dicas
2924 5686 3055 5727 sane
3107 5670 3200 5727 Dei
3265 5689 3350 5727 rc-
