3830 6288
490 267 626 322 “(i7

490 386 671 456 quiem
734 383 1208 447 considerandam,
1265 399 1562 454 verumque
1615 383 1910 437 Sabbutum
1957 398 2054 453 pro

489 477 753 546 dignitate
785 473 877 529 Dei
919 474 1297 544 accipiendum
1338 489 1482 528 esse.
1526 474 1595 526 At
1639 475 1782 527 enim
1817 473 2057 525 declarat

489 569 602 633 ille,
634 569 831 637 impios
865 568 1114 622 homines
1143 583 1253 621 non
1315 567 1664 636 ingressuros
1711 580 1834 619 esse
1886 565 1938 617 in
1972 580 2058 618 re-

489 660 669 729 quiem
705 659 899 728 ipsius,
927 658 981 712 in
1012 659 1236 728 psalmis
1269 657 1398 710 talia
1419 657 1559 712 fatus
1591 673 1604 707 :
1638 655 1849 723 Semper
1878 663 2058 709 errant

489 753 669 804 corde.
706 750 822 819 Ipsi
867 766 984 804 vero
1037 767 1139 802 non
1183 757 1530 818 cognoverunt
1563 748 1674 801 vias
1726 763 1888 810 meas,
1924 748 2058 800 sicut

489 842 665 910 iuravi
694 844 747 896 in
780 843 861 895 ira
894 859 1031 905 mea,
1069 841 1114 894 si
1141 840 1430 894 introibant
1461 840 1514 892 in
1547 839 1772 908 requiem
1803 856 1972 892 meam
1990 839 2053 892 ’⁸.

487 935 725 990 Necesse
750 935 916 1005 igitur
939 942 1023 989 est
1052 932 1290 988 Sabbata
1349 930 1444 987 Dei
1491 931 1790 986 secundum
1823 940 2057 987 mentem

483 1026 760 1095 accipere,
808 1037 863 1080 et
891 1023 1002 1078 Deo
1060 1033 1449 1094 congruentem
1507 1023 1748 1091 requiem
1795 1022 2056 1093 cogitare,

486 1132 595 1188 qua
651 1117 804 1188 impii
827 1131 938 1170 non
994 1116 1288 1181 donantur,
1339 1114 1436 1170 sed
1497 1115 1597 1169 soli
1661 1113 1794 1182 justi
1842 1129 1905 1167 ac
1965 1112 2060 1168 Dei

488 1208 670 1262 amici.
709 1208 787 1261 Ita
826 1207 970 1262 enim
1007 1206 1306 1260 dixerimus
1339 1204 1635 1266 Abraham,
1673 1201 1846 1266 Isaac,
1890 1201 2060 1256 Jacob

488 1307 543 1355 et
565 1312 754 1352 omnes
778 1304 1044 1366 quotquot
1079 1301 1206 1348 ante
1239 1301 1292 1348 et
1341 1299 1469 1362 post
1526 1292 1648 1348 illos
1694 1291 1789 1347 Dei
1820 1293 2059 1346 cultores

490 1389 664 1453 fuere,
705 1388 1045 1458 intelligendi
1072 1403 1224 1443 more
1263 1389 1440 1443 solum
1493 1387 1716 1442 novisse
1771 1401 1833 1440 ac
1875 1394 2058 1440 custo-

488 1481 636 1536 disse
685 1477 920 1535 Sabbata
980 1477 1097 1544 Dei,
1133 1487 1187 1533 et
1230 1478 1506 1550 ingressos
1538 1492 1659 1533 esse
1708 1477 1763 1530 in
1813 1475 2056 1544 requiem

488 1572 629 1642 ejus.
657 1569 799 1636 Quid
823 1571 990 1642 igitur
1033 1570 1305 1640 signiﬁcet
1362 1568 1683 1634 Sabbatum,
1725 1568 2058 1639 perpendere

488 1665 864 1722 necessarium
925 1673 1031 1720 est.
1095 1663 1393 1718 Sabbatum
1463 1678 1584 1718 esse
1654 1662 1900 1732 requiem
1963 1660 2058 1716 Dei

490 1757 774 1826 Scriptura
805 1755 1072 1816 declarat,
1124 1769 1288 1824 quam
1314 1760 1438 1823 post
1497 1750 1842 1806 sensibilium
1903 1764 2057 1803 crea-

485 1849 692 1905 u'onem
729 1846 958 1902 inducit.
1015 1844 1112 1901 Dei
1142 1861 1270 1900 vero
1332 1844 1550 1914 requies
1579 1858 1699 1913 quae
1733 1843 1838 1895 alia
1871 1839 2056 1907 fuerit,

485 1942 595 1997 nisi
623 1939 967 1996 conversatio
1013 1938 1069 1992 in
1126 1937 1559 2008 intelligibilibus
1612 1942 1667 1989 et
1721 1933 2054 1989 cmlestibus.

483 2032 623 2088 Nam
675 2046 800 2088 cum
853 2028 1209 2086 sensibilibus
1266 2027 1553 2098 pr03picit,
1585 2034 1642 2081 et
1698 2025 1846 2080 circa
1893 2039 2058 2094 opera

486 2123 845 2195 providentiae
868 2119 1061 2174 mundi
1107 2127 1378 2183 versatur,
1406 2126 1540 2171 tunc
1574 2115 1776 2171 dicitur
1806 2114 2056 2186 operari;

480 2216 747 2287 atquesic
765 2211 1172 2284 intelligendum
1191 2213 1291 2266 hoc
1309 2208 1604 2265 Salvatoris
1618 2209 1792 2264 nostri
1815 2206 2021 2262 dictum
2043 2225 2056 2262 :

487 2308 652 2362 Pater
681 2323 826 2362 meus
871 2321 1033 2375 usque
1066 2306 1219 2357 modo
1254 2315 1502 2373 operatur
1539 2311 1588 2357 et
1628 2318 1720 2372 ego
1759 2317 1942 2370 operor
1961 2299 2006 2331 ”
2043 2318 2056 2355 :

478 2415 611 2455 cum
642 2409 820 2454 autem
851 2398 997 2452 circa
1041 2412 1204 2466 opera
1235 2396 1574 2463 incorporea,
1605 2402 1659 2449 et
1685 2393 1949 2456 C(elcstia,
1982 2399 2056 2456 et,

479 2501 548 2546 -ιιι
579 2490 704 2562 quis
744 2489 962 2554 dixerit,
994 2489 1142 2543 circa
1167 2501 1285 2541 eam
1317 2500 1437 2556 qua:
1490 2483 1566 2539 ibi
1614 2485 1823 2555 geritur
1877 2497 2059 2537 rerum

489 2580 991 2638 considerationem
1037 2586 1311 2645 versatur,
1354 2584 1488 2632 tunc
1536 2576 1780 2646 requiem
1829 2575 2055 2639 habere,

487 2687 542 2731 et
579 2674 876 2729 Sabbatum
921 2687 1081 2727 suum
1132 2687 1293 2743 agere
1348 2670 1688 2740 intelligitur.
1740 2666 1941 2722 Eadem
1970 2683 2060 2721 ra-

488 2770 635 2824 tione
664 2766 832 2837 igitur
851 2765 956 2820 v‘iri
989 2779 1207 2835 quoque
1240 2762 1360 2830 Dei,
1385 2761 1606 2832 quando
1656 2762 1914 2832 operibus
1939 2759 2060 2814 ani-

487 2871 633 2911 mam
662 2854 1092 2926 defatigantibus
1129 2854 1282 2926 (talia
1311 2869 1442 2908 vero
1469 2860 1599 2907 sunt
1647 2852 1830 2906 omnia
1860 2867 2056 2916 corpo-

481 2961 603 3012 rea,
633 2952 689 3002 et
719 2952 948 3000 terrena:
973 2944 1156 2999 carnis
1187 2942 1386 3013 amica)
1411 2942 1651 3008 liberati,
1702 2940 1812 2997 Deo
1834 2956 2059 3012 prorsus

484 3047 705 3100 vacant,
739 3051 803 3090 ac
832 3035 1145 3091 divinorum
1192 3033 1672 3105 spiritualiumque
1725 3031 2062 3102 contempla-

481 3128 626 3182 tioni
659 3127 830 3183 dediti
886 3132 1035 3189 sunt,
1077 3132 1207 3178 tunc
1271 3131 1493 3194 accepta
1545 3122 1656 3178 Deo
1709 3122 1968 3187 Sabbata,
2006 3129 2060 3176 et

483 3219 732 3289 requiem
766 3217 998 3273 Domino
1016 3216 1124 3272 Deo
1154 3223 1343 3287 agunt.
1374 3215 1450 3270 De
1504 3215 1591 3270 his
1638 3230 1769 3270 vero
1805 3213 2058 3271 Sabbatis

487 3309 594 3364 hoc
625 3310 702 3362 ait
738 3327 752 3362 :
775 3306 932 3360 Nunc
953 3307 1270 3377 relinquitur
1297 3305 1650 3359 sabbatismus
1671 3305 1861 3375 populo
1891 3304 2060 3358 Dei‘?

488 3406 544 3453 et
568 3413 791 3452 rursum
820 3416 834 3452 :
860 3395 1189 3450 Festinemus
1236 3397 1400 3466 igitur
1448 3395 1652 3466 ingredi
1700 3397 1751 3448 in
1783 3397 1935 3449 illam
1974 3412 2058 3449 re-

483 3491 711 3562 quiem’.
747 3487 882 3543 Nam
933 3488 1233 3559 perfectum
1263 3488 1561 3544 Sabbatum
1587 3494 1641 3542 et
1669 3487 1908 3558 perfecta
1932 3488 2057 3544 bea-

487 3581 812 3652 tissimaque
851 3580 1073 3650 requies
1108 3581 1164 3634 in
1215 3594 1386 3650 regno
1430 3578 1546 3644 Dei,
1595 3595 1763 3650 supra
1815 3596 1910 3635 sex
1939 3579 2057 3634 die-

486 3689 613 3727 rum
646 3674 950 3744 opiﬁcium,
980 3673 1219 3738 exsistit,
1251 3680 1304 3728 et
1353 3680 1509 3728 extra
1539 3675 1726 3728 omnia
1776 3673 2058 3729 sensibilia

489 3766 544 3819 in
605 3765 945 3836 incorporois
1000 3774 1053 3819 et
1105 3765 1422 3821 caalestibus
1464 3774 1736 3831 versatur,
1767 3765 1910 3820 unde
1962 3781 2060 3820 au-

486 3852 626 3924 fugit
683 3853 858 3920 dolor,
915 3855 1138 3910 tristitia
1181 3861 1236 3910 et
1293 3855 1564 3925 gemitus;
1616 3855 1709 3909 ubi
1757 3869 1790 3908 a
1839 3856 2059 3910 mortali

485 3952 544 4001 et
594 3946 928 4016 corruptioni
982 3947 1218 4002 obnoxia
1259 3948 1373 4003 vita
1427 3947 1620 4017 erepti,
1664 3957 1829 4018 atque
1884 3949 2058 4003 otium

486 4033 602 4090 Deo
648 4044 862 4107 gratum
897 4052 961 4092 ac
1002 4037 1218 4093 beatum
1250 4048 1494 4109 agentes,
1515 4047 1570 4094 et
1600 4054 1632 4093 a
1682 4041 1930 4110 corporis
1963 4056 2058 4095 ac-

486 4125 735 4180 tionibus
789 4134 954 4196 atque
999 4141 1029 4181 a
1085 4128 1346 4183 servitute
1413 4128 1598 4184 carnis
1655 4129 1896 4194 liberati,
1933 4145 2057 4185 cum

491 4221 614 4288 ipso
647 4216 757 4273 Deo
791 4225 844 4274 et
875 4218 1018 4289 apud
1073 4219 1251 4289 ipsum
1300 4229 1604 4285 versantes,
1663 4219 1961 4274 Sabbatum
2004 4229 2059 4276 et

486 4312 734 4382 requiem
758 4325 999 4381 agemus.
1049 4309 1412 4376 Quamobrem
1459 4313 1534 4366 ait
1579 4312 1874 4383 Apostolus
1911 4311 2061 4369 :Fe-

1259 266 1528 321 EUSEBII
1567 265 2046 321 CASSARIENSIS

2156 264 2231 317 Ἰ).
2272 265 2448 320 PARS
2488 265 2575 322 Ill.
2615 299 2684 306 —
2724 264 3130 320 EXEGETICA.

3529 271 3626 325 “68

2085 385 2128 441 Α
2156 379 2377 446 αὐτήν·
2413 383 2576 452 ἐρεῖς,
2611 383 2692 434 ὅτι
2735 383 2996 452 προσήκει
3036 384 3219 452 νοῆσαι
3261 382 3385 434 Θεοῦ
3411 389 3628 438 κατάπαυ-

2160 491 2261 533 σιν,
2304 475 2396 526 καὶ
2430 474 2490 525 τὸ
2528 473 2776 542 ἀληθινὸν
2818 473 3087 527 Σάϐϐατον
3140 472 3429 538 ἐκδέξασθαι
3457 476 3635 542 ἐπαξίως

2154 565 2248 618 τοῦ
2301 565 2452 618 Θεοῦ.
2506 567 2643 628 Τοὺς
2689 565 2797 636 γάρ
2847 565 3064 628 ἀσεϐεῖς
3109 563 3406 636 ἀνθρώπους
3446 570 3552 636 φησὶ
3584 571 3634 639 μὴ

2157 656 2552 710 εἰσελεύσεσθαι
2599 659 2679 721 είς
2717 657 2814 728 τὴν
2852 659 3191 711 κατάπαυσιν
3233 657 3382 710 αὐτοῦ
3424 658 3562 726 λέγων
3598 666 3638 716 ὲν

2156 747 2406 818 ψαλμοῖς,
2451 749 2556 802 Ἀεὶ
2586 747 2926 802 πλανῶνται
2952 747 3027 816 τῇ
3056 747 3278 816 καρδίᾳ.
3306 749 3467 800 Αὐτοὶ
3487 749 3541 801 δὲ
3562 753 3637 805 οὐκ

2157 840 2431 909 ἔγνωσαν
2472 841 2579 906 τὰς
2612 840 2789 907 ὁδούς
2830 858 2970 910 μου,
3014 841 3092 905 ὡς
3125 839 3324 909 ὤμοσα
3360 840 3422 892 έν
3448 838 3509 906 τῇ
3538 842 3638 909 ἀργῇ

2153 950 2292 1003 μου,
2319 935 2371 986 εἰ
2413 934 2861 987 εἰσελεύσονται
2892 935 2977 998 εὶς
3025 932 3141 1000 τὴν
3179 931 3526 985 κατάπαυσίν
3544 951 3637 1000 μου.

2159 1024 2366 1080 Οὐκοῦν
2407 1027 2700 1094 ἀναγκαῖον
2739 1025 2878 1077 κατά
2917 1025 3150 1078 διάνοιαν
3197 1023 3431 1077 ἐκλαϐεῖν
3458 1022 3643 1078 Σάϐϐατα

2157 1116 2315 1181 Θεοῦ,
2360 1117 2453 1170 καὶ
2497 1117 2802 1170 ἀνάπαυσιν
2850 1115 2968 1185 Θεῷ
3015 1115 3347 1186 πρέπουσαν,
3386 1110 3447 1184 ἧς
3490 1114 3645 1176 ἀσεϐεῖς

2163 1206 2260 1276 μὲν
2303 1205 2402 1258 οὐκ
2435 1205 2731 1270 ἀξιοῦνται,
2767 1205 2915 1276 μόνοι
2952 1205 3008 1256 δὲ
3038 1205 3087 1256 οἱ
3121 1203 3311 1256 δίκαιοι
3339 1203 3524 1255 καὶτοῦ
3555 1203 3645 1256 Θειῦ

2160 1296 2320 1366 φίλοι.
2349 1296 2501 1350 Οῦτω
2532 1296 2662 1366 γοῦν
2700 1298 2944 1367 εἴποιμεν
2971 1295 3038 1350 ἂν
3065 1296 3159 1348 καὶ
3197 1296 3288 1349 τὸν
3323 1295 3557 1366 Ἀϐραὰμ,
3583 1297 3645 1346 aui

2158 1389 2248 1442 τὸν
2289 1388 2488 1456 Ἰσαάκ,
2517 1391 2610 1444 καὶ
2647 1389 2736 1443 τὸν
2770 1389 2986 1453 Ἰακὼϐ,
3022 1388 3147 1452 τούς
3176 1406 3235 1441 τε
3270 1388 3373 1460 πρὸ
3405 1388 3554 1440 αὐτῶν
3582 1388 3645 1441 καὶ

2163 1483 2279 1553 μετ’
2309 1483 2503 1545 αὐτοὺς
2532 1481 2799 1550 θεοφιλεῖς
2832 1482 3038 1544 πάντας
3070 1480 3209 1535 κατά
3241 1480 3464 1533 διάνοιαν
3485 1479 3650 1546 ἐγνωκέ-

2157 1593 2242 1629 ναι
2272 1576 2366 1628 καὶ
2392 1574 2759 1644 πεφυλαχέναι
2785 1574 2853 1626 τά
2893 1574 3142 1628 Σάϐϐατα
3170 1573 3265 1626 τοῦ
3292 1572 3439 1636 Θεοῦ,
3477 1572 3554 1624 καὶ
3572 1573 3650 1624 eis-

2161 1665 2473 1738 εληλυθέναι
2509 1667 2588 1728 εἰς
2615 1665 2710 1736 τὴν
2745 1665 3081 1720 κατάπαυσιν
3105 1665 3291 1718 αὑτοῦ.
3326 1663 3389 1716 Τί
3412 1663 3468 1733 δὴ
3493 1659 3566 1716 οὖν
3591 1681 3653 1732 οη-

2090 1740 2132 1794 B
2163 1758 2340 1828 μαίνει
2381 1756 2442 1808 τὸ
2482 1753 2777 1820 Σάϐϐατον,
2812 1757 3106 1824 ἀναγκαῖον
3138 1755 3438 1826 ἐπιστῆσαι.
3475 1754 3524 1806 '0
3546 1754 3654 1821 λόγις

2159 1847 2460 1901 ἀνάπαυσιν
2498 1846 2647 1917 δηλοῖ
2685 1846 2850 1899 Θεοῦ·
2894 1847 3100 1914 εἰσάγει
3131 1863 3189 1897 τε
3224 1845 3424 1916 ταύτην
3463 1845 3573 1915 μετά
3590 1845 3655 1912 τὴν

2157 1939 2265 1992 τῶν
2300 1937 2572 2009 αἰσθητῶν
2624 1938 2997 2008 κοσμοποιίαν.
3037 1935 3172 1989 Θεοῦ
3221 1937 3279 1989 δὲ
3323 1935 3586 1997 ἀνάπαυσις
3603 1935 3656 1996 τίς

2159 2030 2225 2084 ἂν
2247 2032 2452 2099 γένοιτο
2482 2030 2642 2100 ἑτέρα
2670 2030 2768 2100 τῆς
2801 2029 2935 2099 πρὸς
2969 2032 3080 2091 τοῖς
3123 2030 3334 2099 νοητοῖς
3355 2028 3443 2081 καὶ
3487 2028 3656 2096 ὑπερκο-

2163 2123 2341 2192 σμίοις
2393 2122 2703 2192 διαγωγῆς;
2765 2120 2890 2173 Ὅτε
2933 2119 3032 2191 μὲν
3074 2120 3180 2192 γάρ
3230 2120 3359 2191 περὶ
3405 2118 3466 2172 τά
3489 2119 3657 2188 αἰσθητὰ

2160 2217 2480 2285 περισκοπεῖ
2509 2214 2600 2266 καὶ
2638 2212 2765 2282 περὶ
2806 2211 2875 2264 τά
2905 2211 3042 2281 ἔργα
3082 2211 3180 2281 τῆς
3219 2210 3314 2263 τοῦ
3356 2210 3537 2280 κόσμου
3572 2227 3659 2278 τρι-

2159 2305 2306 2368 νοίας
2346 2303 2714 2373 καταγίνεται,
2757 2302 3081 2374 ἐργάζεσθαι
3122 2301 3381 2370 λέγεται·
3422 2300 3505 2352 καὶ
3539 2297 3657 2360 οὕτως

2159 2396 2448 2450 ἀκουστέον
2490 2397 2736 2465 λέγοντος
2778 2394 2871 2448 τοῦ
2915 2394 3165 2466 Σωτῆρος
3207 2393 3406 2464 ἡμῶν,.
3433 2393 3480 2446 '0
3515 2391 3658 2456 [lanio

2153 2507 2272 2559 μου
2297 2489 2407 2555 ἕως
2444 2487 2573 2557 ἄρτι
2599 2487 2928 2558 ἐργάζεται,
2980 2485 3141 2556 κάγὼ
3179 2485 3479 2556 ἐργάζομαι
3496 2501 3507 2514 ν
3535 2484 3601 2535 ὅτε
3622 2483 3658 2535 δὲ

2161 2582 2296 2652 πρὸς
2321 2583 2432 2644 τοῖς
2467 2580 2775 2651 ἀσωμάτοις
2808 2581 2902 2634 καὶ
2929 2579 3324 2650 ὑπερκοσμίοις
3351 2578 3478 2642 ἐστὶ,
3500 2578 3588 2639 καὶ,

2159 2671 2223 2726 ἂν
2252 2671 2394 2724 είποι
2431 2688 2535 2736 τις,
2579 2673 2637 2724 ὲν
2661 2673 2727 2743 τῇ
2757 2672 2951 2725 αὐτόσε
2985 2670 3148 2724 αὑτοῦ
3180 2672 3456 2743 περιωπῇ3
3478 2667 3531 2720 τὸ
3560 2684 3661 2739 ma

2159 2762 2334 2816 καῦτα
2367 2762 2669 2816 ἀνάπαυσιν
2708 2762 2882 2834 ἄγειν,
2908 2763 3001 2818 καὶ
3030 2763 3088 2817 τὸ
3112 2761 3276 2818 αὐτοῦ
3312 2763 3560 2816 Σάϐϐατον
3584 2763 3662 2812 ἐπι-

2159 2855 2330 2911 τελεῖν
2356 2857 2574 2911 νοεῖται.
2617 2855 2774 2911 Κατὰ
2801 2858 2870 2911 τά
2915 2857 3052 2910 αύτά
3087 2855 3378 2929 τοιγαροῦν
3414 2857 3499 2910 καὶ
3533 2855 3571 2906 οἱ
3600 2852 3660 2905 τοῦ

2161 2947 2295 3002 Θεοῦ
2325 2948 2534 3020 ἄνδρες,
2574 2947 2812 3012 ἐπειδάν,
2855 2946 2962 3001 τῶν
3003 2946 3314 3000 κοπούντων
3350 2946 3462 3018 (sic)
3489 2945 3570 3012 τὴν
3597 2945 3662 3012 ψα-

2089 3086 2130 3144 C
2163 3041 2262 3114 χὴν
2286 3041 2460 3114 ἔργων
2515 3041 2756 3112 (τοιαῦτα
2781 3040 2839 3092 δὲ
2867 3041 3042 3094 πάντα
3070 3038 3138 3092 τά
3166 3039 3450 3109 σωματικά
3479 3037 3555 3088 καὶ
3576 3033 3662 3104 φίλα

2161 3135 2260 3205 τῆς
2296 3133 2527 3204 γεώδους
2570 3134 2813 3206 σαρκὸς),
2858 3132 3284 3201 ἀπαλλαγέντες,
3323 3133 3429 3186 ὅλοι
3465 3132 3662 3199 γένωνται

2161 3225 2297 3297 πρὸς
2343 3225 2421 3295 τῷ
2470 3225 2588 3298 Θεῷ
2626 3225 2721 3278 καὶ
2771 3225 2908 3297 πρὸς
2958 3228 3022 3296 τῇ
3054 3223 3160 3277 τῶν
3189 3223 3355 3278 θείων
3394 3223 3481 3278 καὶ
3513 3219 3661 3291 νοητῶν

2162 3317 2320 3388 σχολῇ
2360 3334 2418 3369 τε
2450 3317 2544 3370 καὶ
2588 3315 2810 3389 θεωρίᾳ,
2836 3317 2957 3369 τότε
2981 3316 3048 3370 τά
3082 3315 3213 3385 φίλα
3239 3317 3318 3387 τῷ
3343 3313 3660 3386 Θεῷ-Σάϐϐατα

2160 3410 2252 3462 καὶ
2276 3409 2580 3465 ἀνάπαυσιν
2613 3410 2801 3480 Κυρίῳ
2827 3408 2904 3480 τῷ
2932 3408 3051 3480 Θεῷ
3079 3409 3296 3478 ἄγουσι.
3330 3409 3435 3462 Καὶ
3460 3405 3565 3476 περὶ
3591 3404 3660 3456 τῶν

2158 3499 2412 3552 τοιούτων
2440 3501 2732 3555 Σαϐϐάτων
2761 3501 2999 3554 διδάσκει
3022 3500 3223 3569 λέγων·
3251 3498 3395 3570 Ἆρα
3417 3499 3661 3554 ἀπολείπε-

2158 3607 2253 3643 ται
2290 3592 2694 3662 σαϐϐατισμὸς
2734 3591 2815 3658 τῷ
2863 3591 2990 3658 λαῷ
3039 3593 3143 3647 τοῦ
3187 3593 3376 3657 Θεοῦ;
3410 3592 3493 3646 καὶ
3521 3589 3658 3644 πάλι-θ’

2161 3681 2603 3752 Σπουδάσωμεν
2626 3679 2740 3739 οὖν
2765 3683 3059 3738 εἰσελθεῖν
3085 3686 3173 3750 είς
3210 3685 3456 3753 ἐκείνην
3481 3681 3574 3750 τὴν
3592 3694 3659 3731 κα·

2157 3772 2480 3829 τάπαυσιν.
2515 3773 2587 3826 Τὸ
2612 3773 2720 3846 γάρ
2761 3773 2963 3828 τέλειον
3011 3774 3308 3840 Σάϐϐατον,
3351 3774 3440 3827 καὶ
3471 3774 3499 3842 ἡ
3535 3767 3661 3823 τελεία

2160 3865 2253 3917 καὶ
2286 3866 2318 3936 ἡ
2345 3866 2715 3935 τρισμακαρία
2756 3866 3097 3930 κατάπαυσις
3132 3868 3190 3920 ὲν
3229 3869 3297 3939 τῇ
3336 3865 3426 3920 τοῦ
3456 3862 3567 3917 Θεοῦ
3599 3861 3660 3930 βσ-

2161 3954 2333 4026 σιλείᾳ
2373 3944 2832 4028 τυγχάνειξὺπὲρ
2875 3958 2975 4028 τὴν
3025 3957 3331 4029 ἑξαήμερον
3377 3953 3658 4028 δημιουργίαν

2159 4049 2253 4101 καὶ
2281 4046 2387 4100 τῶν
2419 4047 2690 4118 αἰσθητῶν
2729 4048 2980 4102 ἀπάντων
3005 4049 3161 4110 ἐκτὸς
3203 4049 3264 4102 ὲν
3293 4047 3573 4117 ἀσωμάτοις
3598 4043 3659 4094 καὶ

2160 4137 2582 4209 ὑπερκοσμίοις,
2629 4137 2759 4191 ἔνθα
2808 4138 3019 4209 ἀπέδρα
3067 4137 3225 4208 ὀδύνη
3277 4138 3371 4192 καὶ
3409 4136 3561 4205 λύπη,
3596 4130 3656 4184 καὶ

2161 4229 2492 4299 στεναγμόςο
2552 4228 2681 4284 ἔνθα
2730 4230 2829 4300 τῆς
2881 4229 3081 4300 θνητῆς
3131 4230 3226 4283 καὶ
3286 4228 3517 4299 φθαρτῆς
3559 4223 3657 4290 ζωῆς

2159 4321 2586 4390 ἀπαλλαγέντες,
2631 4323 2724 4375 καὶ
2757 4322 2952 4392 ἀργίαν
2992 4323 3337 4393 ἀργήσαντες
3378 4321 3468 4391 τὴν
3498 4313 3656 4384 θεοφιλῆ

488 4404 742 4457 stinemus
769 4404 930 4473 igitur
956 4403 1158 4474 ingredi
1185 4404 1240 4457 in
1269 4403 1420 4457 illam
1460 4405 1709 4475 requiem.
1757 4405 2053 4475 imaginem

2158 4413 2250 4468 καὶ
2282 4413 2578 4486 μακαρίαν,
2609 4415 2718 4469 τῶν
2759 4433 2818 4468 τε
2865 4415 3188 4485 σωματικῶν
3223 4413 3466 4487 πράξεων
3500 4408 3656 4474 καὶτῆς

487 4508 656 4564 porro
686 4494 833 4549 illius
865 4492 1088 4549 Sabbati
1133 4510 1196 4550 ac
1238 4495 1492 4566 perfecta:
1519 4497 1953 4568 beatissimaeque
1978 4513 2061 4554 re-

478 4586 637 4656 .quiei
671 4587 726 4639 in
748 4595 892 4642 terra
919 4595 1194 4658 gestantes
1222 4589 1326 4643 viri
1359 4588 1478 4655 Dei,
1524 4589 1691 4646 ferias
1740 4590 1973 4661 agebant
2004 4599 2059 4646 et

485 4678 853 4733 cessationem
901 4680 970 4734 ab
1000 4678 1090 4743 iis,
1123 4695 1244 4749 quae
1290 4694 1321 4733 a
1361 4679 1472 4735 Deo
1519 4683 1708 4752 procul
1768 4689 2056 4750 amovent;

485 4768 590 4825 toti
646 4776 828 4822 autem
888 4768 1200 4823 divinorum
1251 4771 1698 4839 contemplationi
1750 4771 1941 4837 dediti,
1970 4771 2058 4826 die

482 4867 757 4931 nocteque
783 4862 838 4915 in
865 4876 1150 4916 sacrorum
1181 4877 1496 4917 sermonum
1551 4863 1905 4918 meditatione
1935 4879 2059 4932 per-

486 4964 826 5018 severantes,
857 4964 1046 5008 sancta
1095 4955 1334 5008 Sabbata
1372 4963 1426 5010 et
1485 4954 1594 5009 Deo
1647 4963 1925 5024 acceptam
1974 4970 2060 5009 re-

486 5045 667 5114 quiem
719 5045 1070 5118 agebant;ac
1100 5053 1233 5100 tunc
1276 5061 1405 5102 vere
1463 5045 1760 5100 Sabbatum
1815 5047 2058 5101 celebra-

485 5133 642 5189 bant.
678 5133 860 5200 Quare
892 5144 1198 5206 opportune
1243 5137 1447 5208 Moysis
1479 5138 1587 5203 lex,
1614 5137 1727 5206 jam
1784 5137 2057 5193 dictorum

487 5225 712 5280 umbras
738 5232 791 5280 et
814 5227 1056 5296 symbola
1079 5227 1321 5291 tradens,
1348 5227 1678 5282 multitudini
1703 5228 1844 5282 diem
1867 5241 2058 5297 quam-

487 5312 614 5367 dam
644 5315 963 5384 assignavit,
989 5325 1048 5370 ut
1082 5317 1274 5370 saltem
1303 5317 1360 5370 in
1389 5333 1453 5371 ea
1483 5331 1513 5370 a
1561 5319 1843 5372 consuetis
1873 5317 2058 5388 operi-

487 5402 590 5460 bus
639 5405 995 5478 abstinerent,
1034 5407 1232 5462 divinte
1280 5418 1462 5462 autem
1522 5409 1658 5478 legis
1711 5409 2056 5464 meditationi

488 5507 765 5554 vacarent.
797 5498 1044 5558 Praesens
1080 5513 1226 5559 certe
1259 5505 1502 5573 psalmus
1537 5505 1742 5561 diserte
1795 5505 1952 5562 docet
1993 5523 2057 5563 ea

556 5682 602 5714 ⁸⁸
638 5681 783 5738 Psal.
821 5699 962 5750 χειν,
997 5687 1095 5752 10,
1134 5689 1222 5743 Η.
1267 5688 1343 5762 J"
1380 5687 1539 5746 Joan.
1573 5706 1627 5750 v.
1665 5690 1752 5746 17.
1835 5691 1850 5723 ¹
1891 5689 2056 5746 Hebr.

2163 4505 2404 4569 δουλείας
2444 4507 2543 4578 τῆς
2592 4507 2788 4579 σαρκὸς
2827 4505 3298 4577 ἐλευθερωθέντες,
3341 4508 3433 4560 σὺν
3467 4501 3584 4571 αὐτῷ
3606 4496 3656 4566 τῷ

2164 4595 2280 4666 Θεῷ
2321 4597 2413 4650 καὶ
2436 4599 2563 4668 παρ’
2597 4597 2745 4668 αὐτῷ
2781 4597 3081 4667 γενόμενοι,
3111 4596 3493 4672 σαϐϐατίσομέν
3517 4611 3562 4647 τε
3593 4590 3653 4641 καὶ

2165 4686 2604 4756 ἀναπαυσόμεθα.
2630 4687 2721 4739 Διό
2748 4703 2911 4758 φησιν
2943 4688 2971 4740 ό
3002 4687 3317 4750 Ἀπόστολος
3335 4705 3350 4719 ·
3375 4681 3653 4740 Σπουὸἀσιιν

2159 4795 2274 4846 μεν
2307 4773 2421 4832 οὖν
2450 4779 2749 4832 εἰσελθεῖν
2791 4781 2876 4844 είς
2918 4779 3157 4846 ἐκείνην
3186 4780 3298 4846 τὴν
3328 4776 3649 4832 κατάπαυσιν.

2164 4868 2360 4920 Είκόνα
2386 4867 2430 4920 δ’
2456 4870 2662 4924 ἐκείνου
2693 4869 2784 4922 τοῦ
2815 4869 3090 4923 Σαϐϐάτου
3117 4871 3211 4923 καὶ
3237 4871 3334 4941 τῆς
3356 4867 3542 4928 τελείας
3560 4860 3652 4915 ἐκεί·

2163 4973 2260 5028 νης
2293 4961 2384 5012 καὶ
2417 4962 2816 5033 τρισμακαρίας
2840 4963 3199 5026 ἀναπαύσεως
3229 4963 3473 5032 φέροντες
3501 4954 3650 5021 Eni-Ti;

3601 5046 3640 5070 Β-.

2162 5051 2253 5101 τοῦ
2293 5051 2426 5104 θεοῦ
2475 5053 2684 5124 ἄνδρες,
2719 5055 2910 5126 σχολὴν
2956 5056 3055 5125 μὲν
3098 5055 3373 5108 ἐποιοῦντο
3406 5053 3489 5106 καὶ
3514 5051 3650 5118 ἀργᾶν

2163 5143 2270 5196 τῶν
2317 5144 2532 5216 μακρὰν
2562 5146 2901 5214 ἀφιστάντων
2934 5147 3027 5199 τοῦ
3057 5147 3211 5211 Θεοῦ,
3241 5147 3345 5201 ὅλοι
3377 5146 3428 5198 δὲ
3465 5142 3573 5213 πώς

2163 5233 2271 5286 τῶν
2308 5233 2468 5286 θείων
2505 5234 2703 5307 θεωρίᾳ
2728 5236 3057 5306 γιγνόμενοι,
3083 5237 3150 5290 δι’
3180 5237 3386 5308 ἡμέρας
3412 5250 3466 5286 τε
3499 5229 3569 5281 καὶ
3591 5241 3648 5272 νγ

2165 5327 2288 5389 me;
2322 5330 2386 5397 τῇ
2417 5327 2524 5380 τῶν
2559 5329 2722 5399 ίερῶν
2750 5329 2919 5397 λόγων
2948 5329 3145 5401 μελέτῃ
3173 5321 3645 5400 προσκαρτεροῦντες,

2164 5421 2293 5487 ἅγια
2332 5420 2581 5474 Σάϐϐατα
2623 5422 2714 5474 καὶ
2754 5423 3057 5476 ἀνάπαυσιν
3092 5422 3248 5493 φίλην
3286 5420 3360 5492 τῷ
3375 5416 3488 5488 ,Θεῷ
3527 5405 3646 5464 διανέ-

2165 5528 2335 5563 παυον
2374 5511 2492 5564 τότε
2530 5514 2624 5566 καὶ
2661 5514 3031 5578 ὲσαϐϐάτιζον.
3082 5514 3270 5569 Ἔνθεν
3313 5511 3512 5572 εἰκότως
3537 5499 3644 5559 καὶὸ

2097 5705 2170 5745 ιν.
2212 5692 2266 5744 9.
2345 5694 2364 5722 ²
2421 5693 2546 5740 “illi.
2590 5693 2644 5738 11
