3830 6288
252 362 395 415 1169

1378 359 1876 422 (ΙΟΜΜΕΝΤΑΒῘΑ
1910 366 1977 421 ΙΝ
2010 365 2347 423 PS.\LMOS.

3356 361 3383 415 i-
3395 360 3489 415 ΓΗ

248 472 529 534 Μωΰσέως
573 473 754 542 νόμος,
790 473 943 537 σκιὰς
987 474 1094 527 τῶν
1123 476 1425 546 εἰρημένων
1463 481 1554 531 καὶ
1585 479 1823 550 σύμϐολα

1932 481 1997 535 de
2051 495 2215 533 causa
2254 479 2473 533 Sabbati
2528 480 2697 533 otium
2742 482 2827 552 agi
2878 464 3095 547 debere,
3139 490 3193 536 ct
3239 477 3488 532 inutilem

250 563 601 632 παραδιόοῖις,
654 563 865 634 ἡμέραν
917 564 1038 618 τινὰ
1093 569 1204 629 τοῖς
1253 567 1510 639 πλήθεσιν
1560 570 1821 641 ἀφώρισε,

249 655 402 717 ὅπως
426 652 526 707 κᾶν
554 654 724 725 ταύτῃ
752 657 1058 726 ἀπέχωνται
1090 659 1187 729 μὲν
1222 659 1329 713 τῶν
1363 660 1601 731 συνήθων
1630 662 1823 732 ἔργων,

254 747 569 816 σχολάζοιεν
606 748 662 800 δὲ
690 751 755 817 τῇ
785 747 878 801 τοῦ
909 749 1050 803 θείου
1078 751 1241 820 νόμου
1279 752 1495 822 μελέτῃ.
1532 754 1599 807 ’⁷0
1632 770 1694 822 γε
1722 753 1828 824 μὴν

252 836 446 908 παρὼν
471 837 684 907 ψαλμὺς
715 838 1009 910 διαρρήδην
1032 840 1269 893 διδάσκει
1298 842 1389 894 ἐπὶ
1416 840 1570 894 τοῦτο
1602 843 1710 894 δεῖν
1732 842 1829 913 τὴν

248 927 349 979 τοῦ
388 927 664 982 Σαϐϐάτου
698 929 891 1000 σχολὴν
923 930 1189 985 ποιεῖσθαι
1227 934 1320 985 καὶ
1357 934 1456 1005 τὴν
1480 934 1586 986 τῶν
1620 934 1830 1002 ἀνωφε-

249 1015 364 1068 λῶν
408 1017 614 1087 ἀργιῶν
648 1020 740 1072 ἐπὶ
772 1020 835 1073 τὸ
878 1020 1016 1073 κατὰ
1056 1022 1251 1075 ταύτὸν
1296 1023 1717 1096 συνερχομένους
1748 1025 1832 1095 ἐρ-

249 1104 516 1174 γάξεσθαι
538 1108 608 1160 τά
630 1109 716 1161 διά
738 1109 832 1162 τοῦ
865 1110 1078 1181 ψαλμοῦ
1100 1113 1422 1184 δηλούμενα.
1455 1110 1564 1167 Ἦν
1601 1114 1656 1167 δὲ
1685 1114 1831 1185 πρῶ-

246 1214 345 1250 τον
380 1197 815 1268 ἐξομολογεῖσθαι
839 1201 916 1272 τῷ
949 1203 1140 1273 Κυρίῳ
1162 1219 1177 1235 ’
1204 1204 1454 1275 δεύτερον
1490 1205 1711 1274 ψάλλειν
1742 1205 1830 1259 διὰ

246 1287 365 1342 τῶν
406 1290 681 1359 μουσικῶν
726 1293 970 1363 ὀργάνων
1015 1293 1094 1363 τῷ
1130 1294 1350 1365 ὀνόματι
1398 1296 1594 1350 αὐτοῦ·
1647 1297 1829 1368 τρίτον

247 1382 604 1451 ἀναγγέλλειν
633 1385 774 1438 κατά
803 1385 901 1449 τὰς
931 1384 1158 1449 ἑωθινὰς
1189 1386 1338 1456 ὥρας
1364 1388 1423 1441 τὸ
1450 1388 1595 1452 ἔλεος
1621 1388 1785 1441 αὑτοῦ
1811 1406 1824 1420 ·

1929 573 2290 627 cessationem
2323 572 2694 641 depellendam
2720 589 2862 638 esse,
2893 576 3028 629 utin
3063 588 3228 628 unum
3256 584 3490 641 congre—

1932 663 2039 732 gati
2082 678 2144 717 ea
2179 679 2299 732 quae
2346 663 2588 733 psalmus
2642 664 2849 718 indicat
2890 672 3242 736 peragantur.
3287 660 3491 715 Eorum

1934 762 2114 807 autem
2156 753 2387 822 primum
2423 761 2527 819 est,
2558 752 2806 809 conﬁteri
2850 754 3114 821 Domino;
3166 751 3493 817 secundum,

1934 862 2057 901 cum
2094 848 2321 904 musicis
2380 848 2760 906 instrumentis
2803 850 3034 920 psallere
3086 849 3292 905 nomini
3337 847 3490 918 ejus;

1933 938 2178 1004 tertium,
2219 940 2503 996 matutinis
2580 941 2731 997 horis
2801 941 3132 997 annuntiare
3177 941 3495 996 misericor-

1932 1028 2080 1082 diam
2114 1029 2268 1098 ejus;
2294 1040 2568 1101 quartum,
2622 1031 2909 1086 nocturnis
2947 1029 3283 1099 temporibus
3330 1044 3489 1084 enar-

1935 1133 2059 1172 rare
2094 1121 2376 1175 veritatem
2407 1121 2569 1191 ejus:
2608 1129 2661 1176 et
2710 1121 2826 1177 haec
2875 1137 2984 1176 non
3027 1119 3188 1175 modo
3232 1120 3393 1174 labiis
3444 1126 3495 1172 et

1932 1225 2086 1274 voce,
2122 1210 2219 1265 sed
2260 1212 2425 1266 etiam
2473 1227 2569 1281 per
2612 1213 2947 1267 musicorum
3005 1212 3493 1266 instrumentorum

1933 1300 2291 1370 pulsationem
2324 1314 2483 1371 agere
2517 1317 2533 1354 :
2569 1316 2696 1355 nam
2724 1301 2799 1355 ait
2841 1318 2855 1353 :
2890 1300 2956 1355 In
2987 1299 3312 1357 decachordo
3350 1300 3498 1370 psal-

1937 1389 2086 1453 terio,
2120 1405 2237 1442 cum
2260 1390 2465 1444 cantico
2493 1390 2549 1443 in
2582 1390 2809 1445 cithara.
3417 1403 3424 1411 '

245 1480 510 1551 τέταρτον
544 1481 845 1551 διηγεῖσθαι
889 1482 987 1553 τὴν
1017 1484 1270 1554 ἀλήθειαν
1313 1483 1478 1537 αὐτοῦ
1519 1484 1661 1537 κατά
1703 1485 1828 1547 τοὺς
1862 1484 2205 1555 νυκτερινοὺς
2235 1483 2491 1555 καιρούς’
2534 1485 2628 1538 καὶ
2669 1484 2840 1538 ταῦτα
2871 1483 3129 1556 πράττειν
3197 1485 3273 1557 μὴ
3338 1483 3496 1555 μόνον

244 1574 454 1645 χείλεσι
499 1576 593 1629 καὶ
626 1578 797 1647 φωνῇ,
875 1578 1012 1631 ἀλλά
1053 1579 1148 1632 καὶ
1179 1579 1265 1631 διὰ
1298 1578 1397 1649 τῆς
1434 1578 1542 1631 τῶν
1587 1580 1857 1650 μουσικῶν
1920 1579 2166 1650 ὀργάνων
2203 1578 2616 1651 ἀνακρούσεως·
2663 1581 2759 1632 Ἐν
2798 1578 3139 1649 δεκαχόρδῳ
3168 1579 3299 1651 γὰρ,
3339 1580 3495 1650 φησὶ,

243 1670 691 1748 ψαλτηρίῳσκαὶ
706 1671 832 1739 μετ’
855 1670 1016 1741 ᾠδῆς
1040 1673 1109 1725 ἐν
1132 1672 1364 1741 κιθάρᾳ.

335 1761 495 1834 Ὁρᾷς
532 1758 624 1815 οὖν
657 1764 757 1817 ὅσα
791 1763 1051 1835 πράττειν
1096 1767 1125 1818 ὁ
1164 1766 1351 1835 παρὼν
1389 1766 1545 1835 λόγος
1574 1769 1823 1838 παραινεῖ

1996 1762 2161 1820 Vides
2193 1763 2357 1835 igitur
2384 1759 2601 1834 ad'quaa
2631 1764 2685 1818 in
2718 1764 2805 1820 die
2837 1763 3257 1820 resurrectionis
3289 1763 3499 1833 agenda

246 1854 395 1907 κατά
438 1854 536 1925 τὴν
580 1855 678 1926 τῆς
727 1857 1073 1920 ἀναστάσεως
1111 1858 1356 1928 ήμέραν;
1403 1857 1827 1929 Ἑπιγέγραπται

244 1943 383 2013 γοῦν
412 1946 441 1997 ὁ
509 1944 740 2015 ψαλμὸς,
788 1947 876 2012 εις
928 1946 1043 2016 τὴν
1081 1947 1310 2017 ἡμέραν
1351 1948 1458 2002 τοῦ
1503 1947 1827 2003 Σαϐϐάτου.

260 2036 424 2090 Ἀλλά
468 2038 562 2090 καὶ
609 2038 658 2091 οἱ
703 2038 868 2108 ἱερεῖς
921 2040 979 2093 ἐν
1017 2038 1096 2109 τῷ
1129 2040 1257 2112 ἱερῷ
1298 2040 1437 2094 κατά
1468 2040 1527 2093 τὸ
1555 2040 1829 2094 Σάϐϐατον

241 2126 415 2198 ἕτερα
456 2127 682 2181 πλεῖστα
733 2127 999 2199 ἔπραττον
1049 2130 1192 2183 κατὰ
1227 2130 1317 2184 τὸν
1355 2132 1536 2202 νόμον.
1578 2132 1690 2186 Οὐκ
1721 2132 1827 2202 ἄρα

241 2218 549 2290 ὁλοσχερῶς
569 2220 757 2291 ἀργεῖν
785 2221 1127 2291 προστάττει.
1148 2221 1286 2275 Ἀλλ’
1311 2222 1429 2276 οὐδέ
1456 2224 1567 2286 τοῖς
1595 2221 1828 2295 ἱερεῦσιν

243 2311 281 2379 ἡ
314 2309 410 2362 τοῦ
445 2311 722 2365 Σαϐϐάτου
752 2313 936 2383 ἡμέρα
969 2314 1385 2385 νενομοθέτητο·
1421 2314 1602 2386 μόνοις
1634 2314 1690 2367 δὲ
1717 2316 1829 2377 τοῖς

250 2402 330 2474 μὴ
359 2401 489 2466 οἵοις
519 2419 579 2455 τε
611 2398 730 2457 οὖσι
760 2404 853 2457 τὸν
890 2405 1064 2459 πάντα
1096 2405 1283 2477 χρόνον
1316 2405 1416 2475 τῆς
1449 2406 1626 2459 αὐτῶν
1659 2404 1825 2474 ζωῆς,

243 2494 349 2547 καὶ
381 2494 558 2558 πάσας
595 2495 773 2548 αὐτῶν
817 2496 913 2558 τὰς
940 2495 1151 2566 ἡμέρας
1196 2499 1262 2569 τῇ
1310 2494 1406 2549 τοῦ
1443 2496 1577 2549 Θεοῦ
1605 2496 1828 2568 λατρεία

242 2583 348 2637 καὶ
389 2586 501 2648 τοῖς
549 2584 625 2655 τῷ
674 2583 791 2655 Θεῷ
822 2586 995 2654 φίλοις
1041 2587 1222 2658 ἔργοις
1268 2588 1579 2658 σχολάζειν·
1619 2588 1829 2652 τούτοις

245 2672 363 2743 γάρ
405 2674 470 2728 ἐκ
514 2674 895 2747 διαστημάτων
953 2677 1125 2732 ταῦτα
1182 2680 1440 2751 πράττειν
1501 2678 1825 2750 ἐνομοθέτει.

246 2765 377 2828 Τοῖς
401 2782 465 2833 γε
497 2766 607 2838 μὴν
639 2768 919 2841 πλησμονῇ
954 2771 1188 2842 γαστρὸς
1220 2772 1314 2824 καὶ
1356 2770 1512 2844 μέθῃ,
1555 2771 1648 2823 καὶ
1680 2770 1826 2842 πάσῃ

239 2854 491 2928 ἀκοσμίᾳ
542 2858 683 2911 κατά
731 2861 830 2931 τὴν
873 2861 1085 2933 ἡμέραν
1131 2861 1225 2914 τοῦ
1275 2862 1553 2916 Σαϐϐάτου
1602 2862 1828 2925 ἑαυτοὺς

246 2948 601 3018 παρέχουσιν,
633 2951 661 3003 ὁ
687 2950 817 3014 Θεὸς
843 2951 929 3005 διὰ
969 2952 1061 3005 τοῦ
1099 2954 1374 3025 προφήτου
1421 2953 1826 3007 ἐπανατείνεται

244 3038 450 3108 λέγων·
488 3044 551 3096 Οἱ
605 3043 999 3112 ἐφαπτόμενοι
1059 3043 1302 3113 ψευδῶν
1340 3046 1684 3099 Σαϐϐἁτων·
1733 3045 1826 3098 καὶ

1929 1855 2180 1910 hortetur
2238 1854 2328 1908 hic
2380 1854 2645 1923 psalmus.
2696 1851 2998 1923 lnscriptus
3051 1853 3198 1907 enim
3250 1851 3501 1922 psalmus

1928 1955 2034 2011 est,
2067 1946 2123 1999 in
2164 1946 2304 2000 diem
2348 1943 2589 2000 Sabbati.
2633 1943 2736 1999 Sed
2768 1951 2823 1999 et
2861 1944 3174 1999 sacerdotes
3210 1944 3264 1999 in
3298 1944 3500 2014 templo

1927 2039 2016 2095 die
2050 2038 2271 2093 Sabbati
2308 2037 2413 2091 alia
2439 2037 2673 2107 plurima
2711 2035 3011 2092 secundum
3036 2036 3206 2106 legem
3245 2034 3498 2104 agebant.

1928 2130 2048 2186 Non
2086 2145 2215 2200 ergo
2243 2128 2491 2199 praecipit
2519 2135 2579 2181 ut
2606 2127 2833 2183 omnino
2860 2133 3105 2181 vacetur.
3139 2124 3327 2197 Neque
3369 2141 3501 2185 vero

1927 2220 2306 2277 sacerdotibus
2334 2219 2451 2274 dies
2486 2219 2708 2274 Sabbati
2740 2219 3233 2289 praescribebatur;
3276 2218 3370 2274 sed
3409 2235 3501 2274 so-

1927 2313 2040 2368 lum
2069 2312 2138 2368 iis
2171 2312 2265 2382 qui
2295 2326 2399 2367 nec
2443 2318 2560 2366 toto
2591 2312 2718 2366 vitae
2768 2326 2882 2366 suae
2919 2318 3185 2380 tempore,
3236 2327 3337 2366 nec
3384 2311 3501 2367 sin—

1927 2404 2068 2473 gulis
2100 2403 2293 2460 diebus
2338 2404 2452 2458 suis
2482 2410 2706 2473 possent
2745 2401 2842 2457 Dei
2874 2402 3042 2456 cultui
3089 2411 3143 2457 et
3185 2400 3294 2456 Deo
3342 2417 3498 2456 acce-

1928 2496 2036 2566 ptis
2074 2496 2333 2565 operibus
2376 2510 2571 2550 vacare
2600 2514 2613 2549 :
2639 2496 2777 2549 nam
2800 2493 2890 2559 iis,
2926 2502 2985 2548 ut
3025 2496 3338 2549 intermisso
3378 2493 3498 2549 die-

1927 2603 2049 2641 rum
2092 2586 2270 2657 spatio
2319 2586 2375 2640 id
2420 2594 2661 2659 agerent,
2715 2587 2833 2657 lege
2886 2594 3150 2642 statutum
3198 2594 3334 2642 erat.
3387 2585 3495 2641 Eos

1928 2694 2093 2750 porro
2121 2678 2216 2749 qui
2249 2678 2507 2749 crapulae,
2532 2678 2805 2743 ebrietati,
2850 2677 3083 2747 aliisque
3126 2679 3382 2734 omnibus
3414 2680 3503 2734 in-

1928 2772 2143 2827 decoris
2192 2773 2362 2844 gestis
2418 2773 2506 2827 die
2542 2769 2765 2826 Sabbati
2813 2786 2872 2827 se
2927 2771 3154 2835 dedunt,
3215 2770 3361 2827 Deus
3400 2788 3498 2842 per

1928 2864 2248 2935 prophetam
2296 2863 2378 2917 sic
2420 2877 2616 2934 aspere
2670 2862 3012 2933 alloquitur:
3046 2861 3151 2927 Qui
3190 2864 3511 2933 contingunt,

1927 2956 2069 3024 falsa
2094 2954 2328 3008 Sabbala
2350 2955 2407 3023 ³;
2442 2968 2506 3009 ac
2536 2968 2779 3019 rursum,
2814 2951 3135 3007 Neomenias
3184 2964 3405 3019 vestras,
3446 2963 3499 3009 et

1927 3046 2150 3101 sabbata
2175 3055 2223 3101 et
2246 3046 2383 3101 diem
2407 3063 2653 3117 magnam
2684 3062 2787 3099 non
2809 3046 2920 3115 fero
2944 3045 2986 3098 ⁸.
3019 3042 3200 3113 Quare
3230 3045 3493 3111 Verbum,

245 3133 444 3187 πάλιν·
488 3135 599 3201 Τὰς
627 3109 946 3204 νεομηνίας
972 3109 1139 3206 ὑμῶν
1171 3138 1270 3191 καὶ
1302 3138 1375 3191 τὰ
1417 3136 1685 3191 Σάϐϐατα
1727 3137 1823 3191 καὶ

1928 3138 2061 3208 ipsis
2090 3109 2542 3210 repugnantibus,
2566 3153 2661 3209 per
2683 3109 2893 3193 Novum
2925 3109 3334 3192 Testamentum
3353 3109 3496 3193 Sab;

242 3224 476 3292 ἠμέραν
495 3226 770 3296 μεγάλην
797 3228 908 3280 οὐκ
937 3227 1239 3297 ἀνέχομαι.
1280 3229 1370 3281 Διὸ
1400 3228 1465 3301 δὴ
1496 3227 1823 3301 παρῃτημέ-

240 3333 355 3370 νων
401 3317 644 3381 ἐκείνων,
673 3316 760 3371 διὰ
793 3317 889 3387 τῆς
922 3318 1127 3387 Καινῆς
1157 3318 1431 3389 Διαθήκης
1460 3319 1632 3387 Λόγος
1662 3319 1827 3390 μετή-

241 3423 385 3475 γαγε
413 3407 507 3459 καὶ
541 3406 888 3477 μετατέθεικε
933 3407 1030 3478 τὴν
1068 3406 1161 3460 τοῦ
1196 3407 1469 3461 Σαϐϐάτου
1500 3407 1691 3479 ἑορτὴν
1732 3410 1825 3462 ἐπὶ

241 3500 347 3572 τὴν
374 3499 467 3554 τοῦ
497 3501 673 3570 φωτὸς
719 3500 1000 3572 ἀνατολὴν,
1039 3502 1133 3554 καὶ
1170 3500 1484 3572 παρέδωκεν
1516 3502 1647 3571 ἡμῖν
1694 3502 1827 3574 ἀλη-

243 3591 401 3661 θινῆς
436 3591 793 3656 ἀναπαύσεως
834 3593 1037 3657 εἰκόνα,
1065 3592 1164 3663 τὴν
1200 3594 1470 3665 σωτηρίαν
1500 3594 1593 3647 καὶ
1614 3595 1824 3664 Κυρια-

242 3681 350 3753 κὴν
378 3682 470 3735 καὶ
496 3683 717 3753 πρώτην
746 3669 1045 3753 τοῦφωτὸς
1071 3684 1304 3755 ἡμέραν,
1335 3684 1456 3738 καθ’
1485 3686 1553 3755 ἦν
1582 3686 1611 3737 ὁ
1636 3686 1825 3758 Σωτὴρ

241 3773 342 3829 τοῦ
382 3775 588 3847 κόσμου
628 3774 771 3847 μετά
822 3775 999 3838 πάσας
1053 3775 1219 3827 αὐτοῦ
1272 3775 1370 3839 τὰς
1412 3777 1470 3829 ἐν
1518 3776 1824 3847 ἀνθρώποις

242 3865 494 3938 πράξεις,
526 3867 622 3938 τὴν
650 3866 791 3921 κατά
831 3866 925 3921 τοῦ
958 3866 1184 3921 θανάτου
1217 3867 1373 3940 νίκην
1403 3868 1698 3940 ἀράμενος,
1725 3869 1825 3933 τὰς

241 3957 526 4026 οὐρανίους
585 3956 757 4019 πύλας
800 3956 1156 4028 ὑπερέϐαινεν
1197 3959 1339 4030 ὑπὲρ
1380 3958 1478 4030 τὴν
1522 3957 1822 4031 ἐξαήμερον

242 4049 601 4118 κοσμοποιίαν
643 4050 978 4120 γιγνόμενος,
1012 4051 1073 4103 τό
1110 4068 1170 4103 τε
1213 4050 1508 4121 θεοπρεπὲς
1548 4051 1824 4107 Σάϐϐατόν

242 4140 344 4193 καὶ
373 4140 470 4211 τὴν
498 4142 902 4213 τρισμακαρίαν
945 4144 1248 4199 ἀνάπαυσιν
1281 4138 1695 4214 ὑπολαμϐάνων,
1725 4142 1819 4197 τοῦ

242 4230 461 4300 Πατρὸς
513 4232 794 4301 εἰρηκότος
839 4232 1019 4302 αὐτῷ’
1075 4231 1272 4288 Κάθου
1312 4233 1381 4286 ἐκ
1421 4232 1633 4298 δεξιῶν
1677 4252 1820 4303 μου,

239 4321 356 4386 ἓως
384 4321 461 4375 ἂν
485 4322 566 4377 θῶ
602 4324 742 4389 τοὺς
774 4325 1021 4392 ἐχθρούς
1053 4341 1168 4379 σου
1204 4325 1536 4380 ὑποπόδιον
1565 4325 1683 4380 τῶν
1712 4342 1820 4380 πο-

1924 3230 2040 3284 bati
2069 3229 2263 3286 festum
2290 3230 2345 3285 in
2375 3230 2517 3286 lucis
2554 3238 2733 3285 ortum
2765 3231 3065 3295 transtulit,
3100 3232 3370 3303 nobisque
3402 3248 3498 3288 ve—

1924 3338 1999 3377 ra:
2049 3324 2259 3393 requiei
2312 3325 2602 3394 imaginem
2644 3323 2907 3389 tradidit,
2961 3324 3257 3379 salutarem
3298 3338 3496 3393 nempe

1925 3413 2286 3479 Dominicam,
2334 3426 2389 3470 et
2429 3416 2659 3485 primam
2710 3416 2851 3471 lucis
2887 3416 3054 3481 diem,
3093 3431 3202 3487 qua
3248 3414 3497 3470 Salvator

1923 3507 2113 3562 mundi
2150 3515 2275 3577 post
2318 3507 2500 3562 omnia
2533 3522 2632 3563 sua
2678 3508 2735 3562 in
2776 3508 3093 3563 hominibus
3123 3508 3268 3563 edita
3300 3523 3492 3577 opera,

1924 3597 2157 3652 victoria
2187 3597 2253 3652 de
2284 3605 2462 3652 morte
2492 3606 2791 3669 reportata,
2820 3598 3075 3653 caelestes
3094 3606 3279 3667 portas
3313 3605 3495 3652 trans-

1924 3704 2172 3759 gressus,
2206 3704 2302 3744 εει
2352 3688 2564 3743 dierum
2610 3688 2885 3757 opiﬁcium
2930 3687 3304 3750 transcendit,
3342 3696 3495 3741 tunc-

1922 3787 2029 3841 que
2062 3771 2172 3827 Deo
2210 3772 2517 3826 condecens
2561 3769 2856 3824 Sabbatum
2892 3779 2947 3824 et
2979 3770 3351 3825 beatissimam
3400 3784 3505 3823 re—r

1921 3861 2101 3931 quiem
2132 3861 2363 3931 accepit,
2403 3860 2618 3915 dicente
2649 3858 2830 3924 Patre,
2865 3858 2997 3914 Sede
3032 3876 3066 3912 a
3097 3859 3297 3913 dextris
3336 3861 3487 3924 meis,

1922 3953 2085 4007 donec
2130 3968 2324 4021 ponam
2365 3951 2606 4005 inimicos
2649 3960 2765 4005 tuo:
2807 3951 3093 4005 scabellum
3137 3951 3325 4020 pedum
3372 3961 3491 4005 tuo-

1923 4060 2042 4097 rum
2064 4044 2107 4098 ⁵.
2152 4043 2230 4098 Ea
2269 4045 2378 4108 die,
2429 4058 2552 4113 qua:
2584 4059 2725 4099 verte
2768 4044 2907 4099 lucis
2946 4051 3001 4099 et
3045 4044 3161 4099 veri
3207 4044 3340 4100 solis
3374 4045 3511 4100 dies.

1922 4145 2025 4203 est,
2066 4150 2169 4192 nos
2207 4135 2311 4206 ipsi
2359 4136 2695 4205 congregati,
2741 4151 2837 4191 sex
2884 4135 3077 4191 diebus
3130 4135 3489 4205 interpositis,

1923 4233 2111 4282 sancta
2139 4233 2193 4282 et
2222 4226 2526 4297 spiritualia
2561 4225 2794 4284 Sabbata
2826 4227 3185 4284 celebrantes.
3228 4234 3503 4297 quotquot

1923 4334 1989 4373 ex
2018 4320 2271 4389 gentibus
2302 4319 2359 4373 in
2396 4318 2528 4373 orbe
2573 4325 2686 4373 toto
2727 4334 2822 4388 per
2868 4334 2990 4373 eum
3030 4320 3243 4373 liberati
3277 4335 3490 4382 sumus,

240 4410 368 4464 δῶν
402 4426 538 4467 σου.
580 4415 667 4467 Ἐν
705 4409 760 4488 ᾖ,
816 4416 990 4484 φωτὸς
1039 4414 1172 4487 οῠσῃ
1224 4417 1320 4469 καὶ
1355 4415 1544 4487 πρώτῃ
1592 4418 1684 4471 καὶ
1724 4416 1819 4470 τοῦ

1926 4426 2043 4480 qua:
2074 4410 2388 4465 sacerdotes
2418 4410 2473 4464 in
2509 4409 2597 4465 die
2641 4408 2862 4463 Sabbati
2893 4424 3053 4479 agere
3090 4410 3147 4463 in
3179 4408 3291 4478 lege
3318 4416 3483 4463 statu-

240 4502 479 4572 ἀληθοῦς
504 4503 655 4572 ἡλίου
697 4504 897 4575 ἡμέρᾳ,
936 4504 1030 4557 καὶ
1061 4507 1221 4575 ἡμεῖς
1250 4506 1399 4559 αὐτοὶ
1440 4508 1820 4578 συνερχόμενοι

240 4590 336 4646 διὰ
365 4591 530 4662 μέσου
562 4592 621 4656 ἐξ
644 4595 675 4662 ἡ
686 4592 887 4663 μερῶν,
919 4594 1048 4661 ἆγιά
1074 4611 1131 4646 τε
1160 4594 1411 4649 Σάϐϐατα
1443 4597 1537 4649 καὶ
1576 4614 1820 4667 πνευμα-

241 4683 375 4737 τικά
400 4683 744 4753 ἑορτάζοντες
772 4686 820 4737 οἱ
854 4684 911 4750 ἐξ
938 4685 1104 4737 ἐθνῶν
1130 4686 1198 4739 δι’
1226 4686 1389 4740 αὐτοῦ
1428 4687 1820 4759 λελυτρωμένοι

241 4772 366 4826 καθ’
400 4773 526 4843 ὅλης
548 4773 647 4843 τῆς
671 4775 1013 4846 οἰκουμένης,
1047 4775 1115 4830 τὰ
1155 4776 1234 4847 τῷ
1263 4777 1525 4849 Σαϐϐάτῳ
1562 4780 1820 4849 πράττειν

248 4869 356 4929 τοῖς
397 4866 597 4938 ἱερεῦσι
627 4868 1091 4942 νενομοθετημένα
1133 4872 1273 4925 κατὰ
1313 4874 1405 4926 τὸν
1453 4876 1818 4945 πνευματικὸν

244 4956 408 5026 νόμον
460 4958 829 5030 ἐπιτελοῦμεν.
882 4961 1082 5025 Θυσίας
1127 4980 1186 5014 τε
1237 4962 1345 5033 γὰρ
1397 4965 1492 5017 καὶ
1542 4966 1817 5036 ἀναφοράς

248 5046 546 5118 ποιούμεθα
579 5051 972 5121 πνευματικὰς,
1007 5053 1103 5115 τὰς
1141 5053 1480 5124 καλουμένας
1518 5056 1707 5121 θυσίας
1736 5059 1813 5110 αί-

250 5139 465 5203 θέσεως,
512 5139 606 5192 καὶ
650 5140 839 5205 θυσίας
880 5142 1225 5214 ἀλαλαγμοῦο
1275 5145 1336 5199 τό
1374 5162 1433 5197 τε
1470 5146 1717 5216 θυμίαμα
1753 5148 1813 5199 τὸ

248 5228 441 5292 ,ὑῶδες
483 5232 898 5301 ἀναπέμπομεν,
936 5235 1063 5304 περὶ¹
1107 5231 1169 5287 οῦ
1215 5235 1456 5306 εἴρηται·
1503 5238 1816 5305 Γενηθήτω

248 5324 281 5386 ἠ
316 5322 622 5390 προσευχὴ
647 5341 766 5392 μου
794 5325 874 5389 ὠς
906 5326 1164 5393 θυμίαμα
1202 5327 1456 5381 ἐνώπιόν
1483 5345 1618 5383 σου.
1661 5327 1818 5380 Ἀλλά

247 5412 339 5467 ιαὶ
384 5414 507 5475 τοὺς
553 5414 749 5483 ἄρτους
791 5414 892 5483 τῆς
936 5415 1245 5486 προθέσεως
1291 5420 1688 5488 προσφέρομεν,
1720 5416 1815 5487 τὴν

251 5502 512 5571 ῖωτήριον
561 5503 775 5573 μνήμην
818 5503 1316 5574 ἀναζωπυροῦντες,
1348 5508 1410 5560 τό
1462 5525 1521 5559 τε
1556 5507 1647 5559 τοῦ
1693 5509 1817 5576 ραν-

250 5591 438 5661 τισμοῦ
479 5588 636 5661 αἷμα,
671 5592 766 5645 τοῦ
806 5593 1002 5663 Ἀμνοῦ
1040 5593 1134 5646 τοῦ
1172 5594 1325 5658 Θεοῦ,
1358 5596 1449 5648 τοῦ
1484 5596 1819 5667 περιελόντος

1926 4509 2043 4556 tum
2074 4511 2212 4566 erat,
2244 4517 2307 4557 ea
2332 4517 2433 4557 nos
2458 4502 2761 4557 secundum
2792 4502 2961 4571 legem
2997 4501 3337 4570 spiritualem
3367 4515 3484 4568 per-

1932 4593 2166 4649 ﬁcimus.
2219 4593 2351 4647 Nam
2400 4593 2677 4649 sacriﬁcia
2709 4602 2761 4647 et
2810 4592 3115 4646 oblationes
3153 4590 3489 4661 spirituales,

1927 4701 2048 4756 quae
2078 4687 2267 4741 hostia:
2300 4687 2477 4741 laudis
2519 4693 2573 4741 et
2614 4685 2806 4741 hostia:
2829 4683 3173 4753 jubilationis
3199 4690 3488 4748 vocantur,

1924 4777 2284 4847 persolvimus
2312 4796 2325 4831 :
2363 4778 2645 4832 incensum
2674 4776 2801 4830 boni
2829 4775 3013 4830 odoris
3068 4775 3393 4837 emittimus,
3421 4774 3488 4828 de

1924 4883 2033 4937 quo
2064 4867 2267 4923 dictum
2292 4875 2375 4923 est
2409 4887 2420 4921 :
2453 4867 2581 4920 Fiat
2620 4867 2788 4919 oratio
2809 4882 2924 4919 mea
2964 4866 3098 4919 sicut
3136 4866 3403 4919 incensum
3434 4867 3487 4919 in

1921 4967 2197 5026 conspectu
2236 4968 2325 5012 tuo
2348 4958 2389 5012 ⁸.
2419 4957 2531 5012 lmo
2556 4958 2718 5011 etiam
2753 4972 2920 5026 panes
2968 4957 3363 5026 propositionis
3401 4956 3485 5011 ot"—

1924 5049 2171 5115 ferimus,
2217 5050 2510 5105 salutarem
2550 5049 2867 5103 memoriam
2902 5047 3260 5115 refricantes;
3300 5064 3485 5118 asper-

1922 5142 2132 5197 sionem
2165 5142 2293 5196 item
2333 5141 2615 5211 sanguinis
2646 5140 2785 5211 Agni
2825 5141 2941 5206 Dei,
2983 5142 3078 5210 qui
3125 5142 3266 5193 tollit
3295 5155 3485 5208 pecca-

1921 5240 2035 5286 tum
2068 5232 2276 5297 mundi,
2324 5232 2595 5300 piaculum
2633 5231 2937 5285 animarum
2976 5242 3312 5294 nostrarum,
3351 5228 3477 5283 faci-

1924 5337 2047 5377 mus
2076 5341 2088 5376 :
2115 5322 2320 5376 lumina
2347 5336 2566 5391 quoque
2593 5321 2924 5390 cognitionis
2952 5322 3138 5376 vultus
3170 5320 3262 5374 Dei
3289 5334 3471 5373 accen-

1921 5412 2122 5469 dimus.
2156 5412 2356 5469 Verum
2396 5413 2559 5465 etiam
2602 5428 2683 5479 ea,
2734 5428 2855 5481 quae
2897 5414 2953 5466 in
2987 5412 3196 5481 psalmo
3228 5410 3484 5481 praesenti

1923 5512 2303 5568 recensentur,
2343 5504 2433 5556 illa
2462 5504 2551 5557 die
2585 5504 2844 5570 perlicere
2883 5503 3204 5573 satagimus,
3232 5513 3483 5572 etopere

1926 5601 1980 5648 et
2007 5592 2185 5647 verbis
2210 5593 2531 5647 conﬁtentes
2560 5590 2808 5659 Domino,
2840 5600 2893 5645 et
2934 5591 3230 5661 psallentes
3276 5588 3500 5645 nomini-

317 5746 335 5774 ³
377 5745 543 5799 Amos
576 5759 659 5811 vi,
695 5746 747 5800 5.
822 5746 842 5778 ⁸
880 5745 984 5802 lsa.
1022 5764 1067 5804 1.
1106 5748 1191 5801 15.
1271 5749 1289 5780 ⁸
1330 5748 1470 5803 Psal.
1507 5765 1627 5805 crx.
1674 5751 1720 5803 l.
1802 5750 1819 5780 ⁵

1931 5750 1997 5802 al.
2037 5763 2135 5800 cn.
2202 5747 2255 5797 2.
