3830 6288
517 341 647 397 1171

1255 337 1522 396 EUSEBlI
1563 297 2035 395 CESARIEN‘Sl’S
2062 337 2213 395 OPP.
2255 334 2436 392 PARS
2467 334 2549 392 Ill.
2589 367 2656 375 —-
2689 301 3095 389 EXEGETICA.

3545 341 3644 397 lli?

514 462 783 517 Altissimi
812 482 824 517 :
855 477 1015 519 mane
1044 477 1258 545 quoque
1297 465 1364 545 ad
1407 463 1672 520 orientem
1702 465 1841 520 lucis
1871 473 2071 519 nostrai

2172 462 2268 533 τὴν
2290 461 2560 533 ἁμαρτίαν
2587 458 2682 514 τοῦ
2727 459 2952 530 κόσμου,
2990 454 3276 528 καθάρσιον
3303 454 3402 509 τῶν
3439 457 3648 532 ἡμετέρων

513 553 952 610 misericordiam
985 571 1016 610 a
1036 543 1149 612 Deo
1166 543 1325 612 nobis
1351 557 1644 626 praestitam
1667 555 2073 619 annuntiamus,

515 650 571 696 et
605 644 891 699 veritatem
936 645 1058 716 ejus
1112 647 1166 702 in
1200 648 1454 717 noctibus
1495 663 1592 718 per
1622 648 1860 703 sobriam
1898 656 1951 702 et
1985 662 2079 701 ea-

511 740 652 787 stam
683 739 1161 794 conversationem
1188 739 1540 806 exhibemus;
1586 740 1644 794 in
1675 753 1886 795 summa
1915 746 2076 810 quot-

510 830 644 891 quot
672 824 778 878 alia
807 825 864 894 in
889 824 1126 882 Sabbato
1149 814 1404 898 peragere
1431 827 1698 883 sancitum
1721 835 1857 894 erat,
1886 843 1949 884 ea
1975 844 2078 884 nos

511 915 565 968 in
603 915 939 974 Dominicam
971 920 1373 984 transtulimus,
1403 927 1588 990 utpote
1617 936 1738 990 quae
1765 921 1938 993 magis
1961 921 2078 976 ido-

511 1020 613 1060 nea
636 1015 690 1061 et
726 1009 968 1078 propria,
996 1025 1060 1065 ac
1093 1012 1265 1080 prima
1309 1011 1435 1066 item
1466 1012 1539 1066 sit
1581 1022 1636 1068 et
1669 1028 1858 1084 agmen
1890 1003 2074 1078 duoat,

510 1103 568 1151 et
618 1089 874 1154 Judaico'
905 1097 1140 1155 Sabbato
1185 1101 1499 1172 pretiosior.
1555 1101 1688 1157 Nam
1738 1104 1828 1158 illa
1879 1104 1966 1160 die
2022 1105 2078 1160 in

511 1189 699 1244 mundi
725 1191 942 1260 opiﬁcio
972 1207 1095 1250 cum
1125 1192 1354 1249 dixisset
1376 1193 1555 1258 Deus,
1589 1194 1713 1248 Fiat
1738 1195 1830 1248 lux
1855 1235 1871 1260 ,
1933 1195 2077 1250 facta

512 1290 596 1336 est
625 1282 754 1345 lux"
778 1301 790 1336 :
813 1283 864 1336 in
896 1285 987 1337 illa
1018 1300 1236 1355 quoque
1265 1285 1549 1342 animabus
1579 1289 1782 1343 nostris
1808 1294 1961 1344 ortus
1993 1298 2077 1345 est

515 1371 610 1427 Sol
636 1374 892 1444 iustitiae:
923 1375 1102 1442 Quare
1149 1387 1210 1431 ut
1249 1393 1311 1432 ea
1349 1377 1439 1433 die
1485 1378 1873 1435 conveniamus
1907 1379 2078 1434 tradi-

513 1471 628 1519 tum
660 1467 818 1522 nobis
854 1477 960 1532 est,
992 1475 1046 1524 et
1074 1483 1136 1524 ea
1159 1485 1281 1539 qua:
1311 1469 1365 1524 in
1391 1470 1602 1540 psalmo
1627 1471 1890 1540 jubentur
1917 1471 2079 1528 nobis

511 1559 734 1628 exsequi
760 1568 1089 1631 preceptum
1120 1569 1203 1617 est
1227 1580 1242 1629 ;
1270 1556 1503 1633 quorum
1540 1564 1777 1633 primum
1808 1571 1914 1629 est,
1944 1577 2076 1618 con-

511 1649 652 1703 ﬁteri
684 1668 696 1703 ε
726 1666 851 1704 nam
894 1652 1224 1723 principium
1281 1635 1549 1710 bonorum
1591 1663 1675 1710 est
1718 1655 2075 1726 pristinorum

509 1742 779 1795 malorum
805 1742 1076 1814 depositio
1118 1760 1216 1814 per
1244 1761 1427 1800 veram
1458 1746 1833 1816 paenitentiam
1865 1755 1919 1800 et
1943 1759 2076 1800 con-

2173 553 2394 624 ψυχῶν
2435 551 2735 623 ποιούμεθα
2763 569 2822 605 τε
2855 551 2925 604 τὰ
2958 549 3112 619 φῶτα
3154 547 3250 618 τῆς
3283 547 3501 615 γνώσεως
3533 568 3654 623 προσ.

2173 644 2323 699 ώπου
2371 643 2463 697 τοῦ
2511 643 2647 696 Θεοῦ
2699 642 3057 712 ὲξαπτόμενα.
3103 638 3258 693 Ἀλλά
3295 639 3383 691 καὶ
3424 639 3485 692 τὰ
3520 643 3564 693 ἐν
3596 646 3654 711 τῷ

2179 735 2314 804 μετά
2339 737 2522 805 χεῖρας
2551 733 2748 804 ψαλμῷ
2777 731 3074 802 φιλοτίμως
3099 731 3325 783 ἐκτελεῖν
3353 729 3480 784 κατὰ
3497 730 3571 801 τὴν
3588 734 3651 786 αὖ·

2172 825 2272 895 τὴν
2302 826 2518 897 ἡμέραν
2549 824 2936 895 σπουδάζομεν,
2976 822 3156 891 ἔργοις
3196 822 3394 884 τούτοις
3423 823 3504 874 καὶ
3529 821 3654 891 λόγοις

2174 914 2650 986 ἐξομολογούμενοι
2695 915 2904 986 Κυρίῳ,
2936 913 3032 966 καὶ
3071 911 3355 981 ψάλλοντες
3388 910 3458 980 τῷ
3493 913 3653 981 ὀνόματι

2175 1007 2268 1060 τοῦ
2315 1006 2599 1076 Ὑψίστου⁸
2643 1004 2837 1078 ὄρθρου
2861 1022 2920 1058 τε
2953 1005 3088 1076 πρὸς
3118 1005 3304 1066 αὐταῖς
3335 1002 3572 1066 ἀνατολαῖς
3593 1005 3652 1057 τοῦ

2176 1098 2435 1169 ἡμετέρου
2481 1097 2654 1166 φωτὸς
2699 1096 2759 1150 τὸ
2801 1095 3088 1166 γενόμενον
3135 1093 3278 1158 ἔλεος
3327 1096 3407 1162 ἐφ’
3444 1094 3561 1164 ἡμᾶς
3594 1094 3653 1146 τοῦ

2175 1189 2309 1243 Θεοῦ
2352 1189 2782 1258 διαγγέλλοντες,
2823 1191 2915 1243 καὶ
2961 1188 3057 1259 τὴν
3101 1186 3354 1258 ἀλήθειαν
3392 1183 3532 1237 αὑτοῦ
3564 1184 3655 1238 κατᾶ

2175 1281 2272 1345 τὰς
2301 1280 2500 1344 νύκτας
2531 1280 2617 1334 διά
2650 1279 2923 1351 σώφρονος
2953 1279 3048 1334 καὶ
3089 1279 3259 1346 ἁγνῆς
3291 1276 3586 1346 ἀναστροφῆς
3605 1277 3643 1327 ὲν

2174 1371 2523 1442 δεικνύμενοι,
2556 1374 2650 1424 καὶ
2687 1371 2862 1424 πάντα
2901 1371 2965 1442 δὴ
3014 1371 3113 1424 ὅσα
3153 1368 3285 1422 ἀλλα
3317 1367 3468 1437 ἐχρῆν
3497 1367 3543 1418 ἐν
3568 1366 3650 1418 Σαε

2174 1461 2323 1534 ϐάτῳ
2351 1463 2542 1527 τελεῖν,
2572 1461 2742 1516 ταῦτα
2765 1465 2924 1534 ἡμεῖς
2955 1464 3012 1516 ἐν
3051 1465 3120 1533 τῇ
3151 1462 3399 1531 Κυριακῇ
3431 1458 3645 1528 μετατεθεί

2175 1570 2369 1626 καμεν,
2400 1555 2473 1616 ὼς
2507 1553 2572 1606 ἂν
2599 1554 2936 1624 κυριωτέρας
2961 1550 3124 1621 οῦσης
3166 1550 3353 1620 αὐτῆς,
3376 1549 3462 1600 καὶ
3493 1547 3660 1618 ἡγουμέ.

2175 1662 2292 1716 νης,
2309 1647 2402 1699 καὶ
2434 1643 2676 1717 πρώτης,
2699 1645 2791 1697 καλ⁸
2807 1645 2899 1698 τοῦ
2939 1642 3224 1696 Ἰουδαϊκοῦ
3244 1641 3502 1694 Σαδδάτου
3526 1657 3661 1709 τιμιω-

2173 1729 2356 1807 τέρας.
2384 1735 2539 1789 Κατὰ
2565 1734 2764 1806 ταύτην
2797 1735 2903 1806 γὰρ
2935 1734 2993 1790 ὲν
3021 1737 3088 1806 τῇ
3112 1731 3431 1804 κοσμοποιία
3459 1729 3662 1800 εἰρηκότες

509 1829 829 1897 fessionem,
861 1847 980 1902 qua:
1010 1833 1076 1887 ad
1108 1833 1311 1887 bonum
1345 1833 1526 1901 tinem,
1553 1832 1762 1889 scilicet
1793 1831 1858 1886 ad
1902 1829 2070 1886 Deum

2172 1830 2264 1884 τοῦ
2312 1829 2467 1893 Θεοῦ,
2515 1826 2831 1896 Γενηθήτω
2867 1826 3012 1896 φῶς,
3058 1826 3151 1879 καὶ
3187 1823 3399 1892 ἐγένετο
3448 1822 3565 1889 φῶς·
3605 1821 3663 1871 καὶ

510 1923 692 1993 ipsum
722 1924 961 1979 deducit.
1006 1923 1219 1980 Etenim
1267 1925 1312 1980 si
1363 1940 1523 1980 nemo
1558 1925 1735 1981 bonus
1771 1924 1876 1978 nisi
1909 1923 2071 1988 Deus,

509 2015 728 2085 Optima:
758 2015 858 2070 viae
887 2016 952 2070 ad
983 2015 1150 2071 Deum
1177 2017 1426 2072 ducentis
1458 2013 1809 2086 principium,
1855 2015 2074 2070 confes-

510 2107 595 2161 sio
624 2106 807 2162 l‘uerit.
839 2106 964 2161 Ideo
986 2107 1192 2162 dictum
1223 2115 1326 2170 est,
1352 2108 1556 2162 Bonum
1590 2115 1668 2162 est
1689 2104 1927 2176 conﬁteri
1963 2105 2065 2161 Do-

508 2197 673 2249 mino.
697 2196 802 2251 Par
830 2199 1031 2268 quippe
1070 2208 1153 2254 est
1183 2213 1290 2253 non
1331 2198 1643 2254 hominibus
1674 2196 2072 2253 confessionem

508 2285 696 2350 edere,
730 2287 824 2341 sed
857 2288 960 2357 ipsi
988 2286 1220 2343 Domino
1260 2288 1426 2343 corda
1459 2287 1748 2344 scrutanti.
1779 2287 1915 2352 Quia
1945 2301 2072 2341 vero

509 2375 786 2431 confessio
821 2393 918 2446 pro
947 2378 1246 2446 gratiarum
1283 2380 1495 2432 actione
1532 2379 1658 2433 item
1695 2377 1980 2446 accipitur,
2015 2384 2074 2430 ut

503 2466 616 2536 jam
653 2469 850 2537 saepius
875 2468 1134 2532 diximus,
1171 2468 1294 2537 jure
1343 2467 1622 2522 Dominica
1660 2467 1747 2522 die
1776 2466 2073 2536 gratiarum

509 2559 755 2612 actiones
785 2547 1011 2612 Domino
1042 2558 1346 2622 reddimus,
1379 2557 1581 2627 ubique
1614 2567 1880 2612 terrarum
1909 2556 1965 2610 in
1986 2570 2074 2610 ec-

507 2646 694 2700 clesiis
726 2646 846 2715 ejus
891 2635 1224 2718 congregati.
1255 2647 1392 2702 Cum
1426 2650 1606 2702 autem
1642 2662 1740 2717 per
1762 2645 2074 2718 confessio-

507 2754 632 2792 nem
663 2754 1013 2809 progressum
1064 2747 1116 2793 et
1143 2746 1491 2809 augmentum
1535 2737 1925 2808 acceperimus,
1956 2741 2072 2790 tum

502 2830 762 2897 iubemur
789 2813 1019 2901 psallere
1058 2830 1124 2884 ad
1156 2831 1433 2907 meliorem
1470 2829 1662 2884 anima:
1709 2836 1912 2885 statum
1947 2843 2074 2898 pro-

505 2922 648 2974 vecti
684 2940 697 2976 :
726 2909 871 2977 aucti
902 2938 1031 2977 vero
1072 2938 1136 2977 ac
1165 2923 1419 2977 meliores
1448 2921 1646 2987 effecti,
1672 2922 1786 2976 haec
1817 2922 1938 2978 aliis
1976 2936 2072 2975 an-

505 3013 785 3079 nuntiare,
819 3024 882 3067 ac
912 3028 1006 3068 eos
1034 3014 1128 3084 qui
1163 3013 1230 3068 ad
1273 3029 1374 3069 nos
1397 3015 1641 3087 proxime
1672 3013 1935 3068 accedunt
1965 3013 2071 3067 mi-

506 3104 838 3160 sericordias
901 3104 994 3159 Dei
1049 3105 1280 3160 edocere
1342 3105 1744 3176 praecipimur:
1793 3113 1956 3176 atque
2015 3104 2069 3160 id

2173 1921 2290 1976 κατ’
2317 1921 2483 1992 αὐτὴν
2508 1923 2625 1983 ταῖς
2663 1920 2953 1990 ἡμετέραις
2979 1918 3175 1988 ψυχαῖς
3215 1917 3245 1968 ὁ
3275 1915 3373 1983 τῆς
3405 1909 3663 1978 δικαιοσύνης

2173 2013 2529 2068 ἀνατέταλκεν
2557 2013 2769 2076 Ἥλιος·
2793 2012 2872 2064 διδ
2898 2011 2960 2082 δὴ
2976 2012 3066 2063 καὶ
3093 2012 3223 2080 ἡμῖν
3247 2005 3562 2079 συνέρχεσθαι
3572 2003 3665 2055 uti

2173 2103 2374 2174 ταύτην
2407 2103 2782 2175 παραδέδοται,
2809 2101 2901 2155 καὶ
2941 2099 3010 2152 τά
3045 2099 3133 2152 διὰ
3166 2097 3263 2151 τοῦ
3291 2093 3490 2166 ψαλμοῦ
3516 2108 3665 2163 παρηγ-

2173 2195 2408 2266 γελμένα
2445 2196 2539 2248 καὶ
2567 2196 2698 2266 ἡμῖν
2737 2195 2999 2247 ἐπιτελεῖν
3034 2190 3453 2264 προστέτακταν
3475 2179 3537 2238 ὧν
3566 2184 3665 2254 πρῶ-

2173 2286 2262 2339 τόν
2290 2287 2406 2340 ἐστι
2431 2286 2493 2338 τὸ
2522 2285 2986 2356 ἐξομολογεῖσθαι·
3018 2282 3160 2355 ἁρχὴ
3191 2282 3301 2353 γὰρ
3335 2277 3529 2348 ἀγαθῶν
3554 2274 3666 2344 ἡτῶν

2175 2376 2451 2448 προτέρων
2480 2375 2662 2430 κακῶν
2696 2375 2953 2439 ἀπόλυσις
2979 2374 3065 2428 διὰ
3094 2373 3322 2445 γνησίας
3348 2368 3590 2442 μετανοίας
3607 2363 3667 2418 καὶ

2174 2467 2606 2539 ἐξομολογήσεως
2648 2468 3006 2539 ἐγγιγνομένη
3033 2507 3047 2530 ,
3103 2466 3313 2534 ἄγουσά
3365 2481 3420 2516 τε
3459 2461 3537 2513 ἐπὶΙ
3568 2457 3667 2520 τέλος

2174 2561 2373 2629 ἀγαθὸν
2401 2560 2561 2614 αὑτὸν
2591 2561 2681 2613 τὸν
2708 2560 2858 2615 Θεόν.
2899 2560 2962 2612 El
2994 2557 3111 2628 ,γάρ
3139 2557 3315 2618 οὐδεὶς
3361 2552 3539 2622 ἀγαθὸς
3562 2551 3597 2602 εἱ
3619 2547 3665 2618 μὴ

2173 2653 2202 2706 ὁ
2228 2652 2378 2718 Θεὸς,
2411 2652 2618 2723 ἀγαθῆς
2654 2652 2877 2723 πορείας
2907 2649 3007 2720 τῆς
3048 2648 3140 2702 ἐπὶ
3184 2648 3278 2700 τὸν
3314 2645 3439 2699 Θεὸν
3478 2641 3663 2710 ἀγούσης.

2173 2744 2349 2814 ἀγαθὴ
2376 2744 2569 2813 γένοιτ’
2599 2743 2664 2796 ἂν
2690 2741 2830 2815 ἀρχὴ
2855 2743 2888 2812 ἡ
2918 2739 3320 2810 ἐξομολόγησις.
3355 2736 3441 2788 Διὸ
3460 2735 3663 2787 λέλεκται’

2186 2836 2423 2908 Ἀγαθὸν
2456 2836 2522 2890 τὸ
2557 2833 3043 2904 ἐξομολογεῖσθαι
3090 2829 3169 2894 τῷ
3225 2828 3432 2896 Κυρίῳ.
3481 2824 3570 2878 Καὶ
3598 2820 3665 2889 γὰρ

2173 2931 2438 3001 προσήκει
2475 2928 2547 3000 μὴ
2578 2926 2883 2998 ἀνθρώποις
2923 2920 3329 2976 ἐπιδείκνυσθαι
3364 2918 3456 2988 τὴν
3485 2913 3666 2985 ἐξομολὸ-

2172 3037 2351 3092 γησιν,
2374 3020 2486 3073 ἀλλ’
2520 3017 2665 3088 αὐτῷ
2695 3016 2770 3088 τῷ
2799 3016 2899 3080 τὰς
2942 3013 3165 3085 καρδίας
3211 3009 3490 3084 ἐρευνῶντι
3518 3003 3664 3074 Κυρίῳ.

2187 3113 2335 3166 Ἐπεὶ
2353 3111 2410 3165 δὲ
2440 3109 2768 3181 λαμϐάνεται
2803 3109 2836 3179 ἡ
2865 3105 3250 3177 ἐξομολόγησις
3285 3102 3378 3158 καὶ
3406 3099 3489 3154 ἐπὶ
3516 3097 3591 3166 τῆς
3612 3093 3667 3145 εῦ-

506 3208 666 3263 agere
695 3194 979 3248 matutinis
1027 3195 1199 3258 boris,
1247 3195 1404 3264 quasi
1443 3195 1708 3265 primitias
1748 3194 2066 3250 diurnarum

2172 3198 2475 3271 χαριστίας,
2503 3165 2577 3261 ὧς
2609 3165 2868 3259 πολλάκις
2905 3165 3037 3267 ἡμῖν
3071 3165 3314 3266 είρηται,
3348 3165 3666 3250 εἰκότωςαατᾶ

505 3285 780 3339 actionum
811 3286 1075 3340 doctrinae
1101 3287 1168 3342 de
1197 3286 1290 3341 Dei
1329 3286 1700 3360 misericordia
1727 3286 1994 3342 dicantes.

2172 3291 2265 3362 τὴν
2281 3289 2563 3361 Κυριακὴν
2591 3289 2798 3360 ἡμέραν
2823 3287 2916 3341 καὶ
2940 3286 3038 3351 τὰς
3064 3284 3412 3356 εὐχαριστίας
3433 3279 3562 3351 ἡμῶν
3585 3279 3666 3330 ἁπῡ.

503 3376 717 3447 δίδομεν
747 3376 825 3446 τῷ
854 3378 1064 3449 Κυρίῳ,
1097 3379 1368 3448 πανταχοῦ
1398 3379 1496 3448 τῆς
1519 3377 1840 3448 οἰκουμένης
1869 3380 1926 3430 ἐν
1956 3380 2073 3442 ταῖς
2099 3380 2410 3452 ἐκκλησίαις
2446 3379 2608 3433 αὑτοῦ
2657 3377 3055 3449 συνερχόμενοι.
3095 3375 3471 3447 Προκόψαντες
3524 3371 3570 3423 δὲ
3612 3367 3666 3419 διὰ

503 3471 603 3541 τῆς
631 3470 1084 3543 ὲξομολογὴσεως,
1116 3473 1217 3544 ἤδη
1247 3473 1340 3525 καὶ
1370 3472 1591 3541 ψάλλειν
1622 3471 1953 3542 κελευόμεθα
1985 3473 2078 3526 ἐπὶ
2107 3474 2388 3544 κρείττονα
2422 3475 2599 3546 ψυχῆς
2653 3473 2983 3527 κατάστασιν
3047 3470 3434 3543 προελθόντες
3468 3465 3665 3522 ἐπιδόντες

504 3564 561 3616 δὲ
595 3563 674 3617 ἔτι
718 3566 811 3617 καὶ
857 3565 1094 3635 βελτίους
1139 3566 1417 3636 γενόμενοι
1449 3565 1656 3619 ἑαυτῶν
1677 3605 1690 3630 ,
1737 3565 1837 3636 ἡδη
1881 3565 1975 3619 καὶ
2013 3569 2090 3630 είς
2118 3566 2334 3631 ἐτέρους
2365 3565 2744 3635 ἀπαγγέλλειν,
2771 3564 3040 3618 διδάσκειν
3068 3579 3129 3615 τε
3152 3561 3282 3624 τοὺς
3331 3562 3454 3629 ἡμῖν
3505 3552 3666 3622 πλησιιί·

506 3654 698 3718 ζοντας
744 3657 812 3711 τά
861 3657 953 3711 τοῦ
1004 3659 1210 3730 Κυρίου
1263 3659 1385 3730 ἐλέη
1441 3657 1917 3729 προσταττόμεθαο
1975 3659 2069 3712 καὶ
2100 3659 2257 3713 τοῦτο
2279 3661 2536 3732 πράττειν
2565 3657 2704 3712 κατὰ
2737 3656 2836 3720 τὰς
2862 3655 3104 3728 πρωῖνάς
3150 3654 3300 3726 ὥρας
3339 3651 3510 3720 ὥσπερ
3547 3649 3665 3714 ἀπαρ-

505 3747 605 3817 χάς
630 3748 738 3801 τῶν
765 3749 832 3801 δι’
855 3749 1067 3822 ἡμέρας
1095 3751 1343 3821 πράξεων
1367 3749 1705 3812 ἀνατιθέντες
1735 3752 1802 3821 τῇ
1827 3749 1954 3821 περὶ
1981 3751 2074 3803 τοῦ
2103 3749 2281 3814 ἐλέους
2309 3750 2404 3804 τοῦ
2427 3749 2561 3803 Θεοῦ
2590 3747 2924 3820 διδασκαλίᾳ.

578 3857 704 3912 llaec
763 3872 926 3928 porro
993 3859 1148 3927 jubet
1206 3857 1491 3930 Scriptura
1551 3875 1812 3930 peragere
1892 3861 2072 3931 primo

505 3949 785 4014 diluculo,
855 3957 1142 4019 postquam
1203 3951 1415 4006 animas
1475 3959 1529 4006 et
1583 3966 1814 4021 corpora
1880 3959 2071 4008 nostra

505 4050 778 4096 nocturno
821 4051 1062 4112 tempore
1115 4051 1304 4097 sancta
1377 4051 1431 4099 et
1477 4059 1508 4098 a
1549 4044 1804 4100 sordibus
1852 4047 2072 4116 quibus-

507 4148 613 4202 que
668 4149 802 4202 pura
860 4133 1295 4198 servaverimus,
1353 4136 1682 4206 pietatisque
1745 4137 2067 4200 veritatem,

504 4223 735 4291 repetita
816 4222 1099 4276 nocturnis
1169 4223 1319 4278 horis
1396 4224 1577 4279 cultus
1649 4222 1743 4278 Dei
1806 4224 2069 4278 memoria

503 4313 930 4382 susceperimus.
982 4311 1122 4367 Olim
1174 4313 1392 4382 quidem
1446 4329 1570 4368 cum
1624 4314 1809 4385 populi
1855 4330 1923 4369 ex
1968 4314 2069 4369 cir-

503 4407 840 4468 cumcisione
881 4421 979 4475 per
1040 4405 1284 4476 symbola
1344 4413 1397 4459 et
1449 4404 1648 4475 ﬁguras
1693 4405 1862 4460 Deum
1917 4405 2065 4460 cole-

2238 3862 2422 3917 Ταῦτα
2471 3862 2527 3915 δὲ
2567 3838 2826 3933 πράττειν
2868 3863 2898 3915 ό
2952 3861 3110 3929 λόγος
3161 3855 3562 3932 παρακελεύεται
3589 3851 3664 3919 ἅμα

2168 3955 2235 4023 τῇ
2267 3952 2342 4022 ἕῳ
2362 3992 2377 4016 ν
2426 3951 2872 4024 προφυλάξαντας
2914 3951 3113 4021 δηλαδὴ
3164 3949 3372 4004 ἐαυτῶν
3418 3947 3504 4009 τὰς
3546 3939 3662 4012 ψυχὰς

2167 4043 2262 4096 καὶ
2298 4041 2368 4095 τὰ
2402 4041 2627 4114 σώματα
2659 4040 2800 4095 κατά
2839 4041 2962 4104 τοὺς
2996 4041 3094 4111 τῆς
3125 4038 3320 4102 νυκτὸς
3355 4036 3551 4108 καιροὺς
3577 4034 3664 4097 ἆται

2168 4135 2262 4188 καὶ
2295 4133 2493 4198 παντὸς
2525 4133 2801 4205 μολυσμοῦ
2843 4132 3235 4204 καθαρεύοντα,
3263 4129 3502 4200 ἀλήθειάν
3533 4141 3577 4176 τε
3603 4121 3661 4172 εὑ-

2169 4226 2382 4290 σεϐείας
2405 4225 2866 4297 ἐπιδεδεγμένους,
2895 4223 2984 4278 διὰ
3015 4223 3108 4277 τοῦ
3139 4224 3234 4277 καὶ
3263 4224 3380 4284 ταῖς
3403 4213 3662 4286 vomeme

2173 4318 2346 4390 ὥραις
2393 4320 2491 4389 τῆς
2519 4318 2610 4371 τοῦ
2659 4317 2794 4370 Θεοῦ
2849 4316 3140 4388 θεραπείας
3195 4312 3507 4386 μεμνῆσθαι.
3543 4304 3661 4360 Πάλαι

2177 4410 2274 4478 μὲν
2329 4404 2442 4475 οὗν,
2487 4408 2722 4480 ὁπηνίκα
2773 4408 2862 4462 διὰ
2908 4407 3187 4478 συμϐόλων
3239 4406 3334 4461 καὶ
3382 4403 3543 4457 τύπων
3583 4394 3660 4448 ἑλά-

502 4506 646 4563 rent,
676 4513 784 4552 non
817 4498 1173 4566 incongruum
1203 4499 1436 4566 erat'per
1461 4497 1716 4566 psalteria
1748 4505 1802 4552 et
1828 4497 2068 4552 citharas

2173 4517 2362 4571 τρευον
2392 4501 2442 4553 οἱ
2474 4501 2537 4552 ὲκ
2575 4500 2891 4571 περιτομῆς,
2923 4500 3024 4552 οὐκ
3066 4496 3290 4560 ἀπεικὸς
3322 4491 3386 4566 ἦν
3415 4492 3493 4546 διά
3518 4487 3659 4557 ψαλτηο

503 4592 735 4662 hymnos
765 4589 874 4645 Deo
901 4591 1168 4654 emittere,
1200 4588 1361 4659 idque
1389 4589 1477 4644 die
1522 4587 1742 4643 Sabbati
1791 4599 2068 4660 praestare,

502 4683 674 4740 otium
720 4666 915 4759 nempe
954 4682 1246 4745 solventes,
1286 4681 1428 4735 etin
1478 4680 1580 4735 hoc
1631 4681 1799 4750 legem
1845 4681 2066 4736 Sabbati

501 4777 986 4849 transgredientes.
1025 4776 1137 4833 Nos
1185 4791 1315 4830 vero
1353 4774 1598 4830 Judaeum
1650 4775 1704 4829 in
1744 4775 2067 4832 abscondito

500 4875 783 4925 sonantes
839 4869 1137 4923 secundum
1192 4867 1323 4921 illud
1382 4866 1624 4936 Apostoli
1674 4865 2064 4922 dictum:Non

499 4960 638 5016 enim
667 4960 756 5027 qui
807 4960 859 5012 in
908 4960 1210 5027 manifesto,
1243 4958 1465 5014 Judwus
1520 4969 1617 5026 est,
1647 4977 1806 5030 neque
1854 4977 1970 5030 quas
2011 4961 2065 5014 in

498 5049 802 5117 manifesto,
836 5051 892 5102 in
921 5066 1096 5114 carne,
1116 5058 1194 5104 est
1222 5051 1585 5113 circumcisio;
1616 5051 1706 5104 sed
1733 5053 1823 5118 qui
1858 5053 1912 5103 in
1936 5049 2064 5104 abs-

497 5139 707 5192 condito
744 5137 964 5193 Judwus
1001 5149 1100 5201 est,
1138 5149 1186 5194 et
1229 5141 1557 5195 circumcisio
1573 5141 1744 5194 cordis
1769 5143 1823 5194 in
1853 5142 2062 5210 spiritu,

499 5245 602 5281 non
630 5229 882 5294 litteras;
917 5230 1115 5284 viventi
1159 5231 1417 5299 psalterio
1443 5238 1499 5285 et
1539 5231 1744 5284 cithara
1802 5234 2062 5298 animata,

499 5318 991 5387 spiritualibusque
1041 5319 1293 5394 .canticis
1374 5319 1634 5389 hymnum
1708 5318 2070 5375 elfundimus.

497 5408 658 5463 Omni
692 5410 892 5480 quippe
917 5411 1282 5465 instrumento
1307 5412 1517 5466 musico
1557 5413 1832 5481 acceptior
1857 5421 1910 5467 et
1933 5427 2063 5467 sua.

497 5498 618 5552 vior
647 5500 754 5554 Deo
783 5500 947 5556 fuerit
987 5501 1189 5555 Christi
1227 5503 1552 5572 pepulorum
1601 5512 1922 5569 concentus,
1953 5518 2063 5572 quo

496 5589 552 5644 in
597 5592 852 5646 omnibus
893 5591 985 5647 Dei
1015 5593 1264 5648 ecclesiis
1315 5609 1421 5646 una
1467 5604 1664 5663 mente,
1700 5611 1810 5650 uno
1845 5594 2060 5660 aﬂectu,

625 5742 757 5797 Gen.
798 5759 845 5807 ι,
881 5745 935 5799 '5.
1009 5746 1029 5775 ⁸
1068 5745 1225 5802 Rom.
1264 5761 1336 5815 ιι,
1369 5747 1472 5813 28,
1509 5748 1597 5802 ἓξ).

2180 4595 2305 4666 ρίων
2347 4594 2438 4648 καὶ
2477 4595 2705 4665 κιθάρας
2755 4594 3095 4665 ἀναπέμπειν
3137 4591 3285 4654 τινάς
3323 4588 3397 4660 τῷ
3446 4583 3545 4654 Θεῷ

2175 4686 2396 4756 ὕμνους,
2429 4687 2524 4739 καὶ
2562 4685 2719 4739 τοῦτο
2764 4687 2934 4739 ποιεῖν
2970 4687 3090 4748 ταῖς
3133 4682 3365 4754 ἡμέραις
3396 4678 3479 4731 τοῦ
3513 4668 3656 4727 21W-

2171 4795 2284 4840 του,
2321 4777 2696 4847 παραλύοντας
2733 4775 2930 4846 δηλαδὴ
2964 4775 3061 4847 τὴν
3093 4774 3311 4846 ἀργίαν,
3345 4771 3431 4824 καὶ
3466 4758 3655 4834 παραῦαέο

2171 4887 2358 4933 νοντας
2395 4871 2484 4922 τὸν
2513 4869 2674 4939 νόμον
2703 4868 2792 4922 τὸν
2833 4867 2961 4938 περὶ
2997 4863 3089 4920 τοῦ
3129 4863 3429 4917 Σαϐϐάτου·
3460 4858 3586 4927 ἡμεῖς
3605 4848 3652 4906 δέν

2171 4961 2261 5015 τὸν
2313 4962 2371 5015 ἐν
2433 4961 2660 5034 κρυπτῷ
2719 4960 2968 5014 Ἰουδαῖον
3023 4957 3391 5020 ἁποσώζοντες
3446 4946 3560 5004 κατά
3595 4940 3652 4992 τὸν

2171 5052 2448 5119 φάσκοντα
2483 5052 2798 5105 Ἀπόστολον
2817 5066 2831 5078 ·
2869 5052 2950 5104 Οὐ
2983 5049 3091 5119 γὰρ
3119 5047 3188 5100 ἐν
3213 5045 3291 5112 τῷ
3336 5037 3541 5112 φανερῷ
3567 5035 3649 5086 Ἰου-

2169 5141 2336 5208 δαῖός
2362 5142 2551 5206 ἐστιν,
2577 5140 2718 5196 οὐδὲ
2744 5141 2781 5208 ἡ
2810 5141 2881 5194 ἐν
2913 5138 2994 5205 τῷ
3029 5135 3261 5206 φανερῷ
3313 5135 3379 5198 ἐν
3416 5126 3560 5196 σαρκὶ
3584 5135 3648 5174 ιε·

2161 5231 2398 5301 ριτομὴ,
2423 5233 2558 5286 ἀλλ’
2579 5235 2611 5286 ό
2643 5233 2713 5285 ἐν
2737 5230 2817 5296 τῷ
2840 5227 3079 5298 κρυπτῷ
3119 5223 3401 5288 Ἰουδαῖος,
3433 5218 3515 5272 καὶ
3537 5216 3647 5281 ἡπεο

2163 5321 2375 5391 Ριτομὴ
2410 5322 2654 5390 καρδίας
2683 5322 2752 5374 ἐν
2775 5321 3082 5390 πνεύματι,
3125 5319 3197 5371 οὐ
3232 5314 3508 5386 γράμματι,
3539 5303 3644 5369 ζῶντι

2168 5414 2447 5484 ψαλτηρίῳ
2469 5414 2562 5466 καὶ
2588 5413 2788 5484 κιθάρᾳ
2817 5412 3063 5483 ἐμψύχῳ,
3087 5405 3459 5478 πνευματικαῖς
3473 5415 3520 5452 τε

2167 5503 2256 5555 τὸν
2298 5502 2463 5572 ὕμνον
2505 5503 2838 5573 ἀποδίδομεν.
2885 5500 3090 5564 Παντὸς
3117 5500 3162 5552 δ’
3200 5494 3288 5552 οὖν
3325 5491 3525 5566 ὀργάνου
3554 5496 3640 5577 μσδζ

2171 5595 2320 5649 σικοῦ
2348 5597 2539 5664 γένοιτ’
2559 5595 2623 5651 ἂν
2648 5595 2724 5666 τῷ
2744 5594 2864 5663 Θεῷ
2883 5590 3282 5667 προσηνεστέρα
3307 5585 3450 5657 ἡτῶν
3473 5581 3636 5650 Χριπον
