3830 6288
226 359 370 417 1175

214 574 560 645 ἐκκλησίαις,
594 575 933 645 όμογνώμονι
969 577 1114 649 ψυχῇ
1142 580 1236 631 καὶ
1272 581 1369 649 μιᾷ
1400 578 1654 642 διαθέσει,
1682 578 1803 649 ὁμο-

214 666 463 739 φροσύνῃ
513 685 573 720 τε
624 669 718 721 καὶ
760 667 1010 740 ὁμοδοξία
1060 669 1294 733 πίστεως
1341 670 1437 724 καὶ
1484 669 1799 735 εὐσεϐείας,

210 757 497 826 ὁμόφωνον
528 756 686 826 μέλος
718 757 775 809 ὲν
804 758 923 819 ταῖς
964 756 1354 827 ψαλμολογίαις
1386 759 1798 829 ἁναπέμπομεν.

210 848 507 912 Τοιαύταις
553 844 645 902 οῦν
680 849 1019 921 ψαλμῳδίαις
1072 850 1166 903 καὶ
1210 850 1462 921 κιθάραις
1509 867 1802 921 πνευματι-

209 942 341 1002 καῖς
379 940 612 1011 χρῆσθαι
644 941 939 1013 εἰώθαμεν,
984 942 1106 997 ἐπεὶ
1148 942 1244 995 καὶ
1287 941 1445 995 τοῦτο
1491 941 1729 994 διδάσκει
1773 943 1802 993 ὁ

226 1030 548 1095 Ἀπόστολος
574 1032 747 1099 λέγων
765 1049 779 1062 '
816 1033 1083 1103 Ψαλμοῖς
1117 1033 1215 1088 καί
1245 1033 1425 1101 ᾠδαῖς
1450 1034 1550 1088 καὶ
1592 1033 1801 1103 ὕμνοις

207 1124 656 1192 πνευματικοῖς.
699 1125 795 1196 Εῐη
830 1126 875 1178 δ’
916 1124 982 1179 ἂν
1021 1125 1195 1189 ἄλλως
1236 1126 1437 1198 κιθάρα
1486 1126 1583 1196 μὲν
1609 1126 1799 1188 τὶειπᾶν

209 1213 398 1285 σῶμα,
422 1210 482 1270 οῦ
515 1215 609 1269 διάι
632 1215 741 1269 τῶν
773 1218 1038 1288 κινήσεων
1064 1218 1159 1271 καὶ
1182 1218 1290 1271 τῶν
1315 1216 1567 1287 πράξεων
1594 1218 1628 1286 ἡ
1655 1216 1800 1286 ψυχὴ

203 1305 306 1359 τὸν
342 1307 618 1377 πρέποντα
656 1308 734 1379 τῷ
772 1308 890 1379 Θεῷ
924 1308 1089 1380 ὕμνον
1138 1308 1458 1362 ἀποδίδωσι·
1502 1307 1800 1377 ψαλτήριον

200 1396 268 1451 δὲ
296 1397 616 1470 δεκάχορδον
642 1402 676 1471 ἡ
707 1400 800 1453 τοῦ
829 1400 983 1469 ἁγίου
1016 1402 1154 1454 Πνεύ
1165 1418 1331 1472 ματος
1358 1398 1445 1452 διὰ
1477 1398 1583 1453 τῶν
1610 1398 1800 1470 αίσθη-

202 1491 417 1560 τηρίων
458 1491 619 1545 πέντε
664 1492 763 1563 μὲν
803 1492 894 1545 τοῦ
942 1492 1208 1563 σώματος,
1252 1490 1551 1562 ἰσαρίθμων
1597 1490 1653 1544 δὲ
1698 1489 1800 1559 τῆς

199 1579 391 1653 ψυχῆς
416 1584 717 1653 δυνάμεων,
742 1584 1134 1654 ἐπιτελουμένη
1168 1584 1392 1655 λατρεία
1417 1600 1428 1612 ·
1456 1581 1493 1636 ἀ
1536 1582 1599 1653 δὴ
1632 1599 1797 1652 παρι-

200 1674 343 1737 στὰς
384 1677 413 1728 ό
458 1675 618 1739 αὐτὸς
648 1676 970 1741 Ἀπόστολός
1015 1676 1146 1746 φησί
1200 1692 1333 1729 που·
1384 1674 1799 1743 Προσεύξομαι

198 1765 290 1831 τῷ
324 1768 631 1836 πνεύματι,
658 1768 1064 1838 προσεύξομαι
1105 1767 1174 1821 δὲ
1208 1768 1305 1821 καί
1340 1764 1419 1831 τῷ
1466 1766 1589 1819 rot'
1619 1764 1797 1834 ψαλῶ

1318 364 1827 421 ΟΟΜΜΕΝΤΑΒΙΛ
1867 365 1934 421 IN
1969 353 2339 420 PSALMOS.‘

218 481 365 536 Δαῶν
404 482 723 553 συμφωνία,
773 485 893 538 καθ’
925 485 989 557 ἡν
1028 488 1087 541 ὲν
1129 488 1330 553 πάσαις
1375 491 1494 553 ταῖς
1536 489 1629 542 τοῦ
1668 489 1787 543 Θεοῐ

1906 492 2022 561 pari
2055 505 2331 545 consensu
2360 492 2413 541 et
2441 498 2547 542 una
2573 489 2839 545 sententia
2862 488 2981 545 ﬁdei
3009 478 3329 560 et‘pietatis,
3362 508 3471 546 una
3586 552 3595 565 ⁵

3334 365 3477 420 τιτι

1904 597 2056 648 voce,
2095 582 2271 638 melos
2300 582 2354 636 in
2406 581 2725 651 psalmodiis
2778 582 3100 638 emittimus.
3145 581 3469 652 llujusmodi

1902 676 2069 747 igitur
2099 674 2419 746 psalmodiis
2443 680 2497 729 et
2535 675 2761 731 citharis
2802 675 3178 745 spiritualibus
3225 676 3302 729 uti
3336 691 3471 731 con—

1901 767 2225 822 suevimus:
2280 765 2408 834 quia
2461 764 2515 818 id
2570 764 2729 819 docet
2776 763 3069 834 Apostolus
3121 765 3208 821 his
3265 767 3470 833 verbis,

1902 856 2141 909 Psalmis
2186 864 2245 909 et
2266 855 2487 909 canticis
2521 862 2570 908 et
2614 855 2821 924 hymnis
2868 855 3296 923 spiritualibus’.
3349 856 3472 910 Alia

1900 948 2029 1003 item
2090 947 2305 1002 ratione
2356 946 2569 1000 cithara
2618 944 2782 1000 fuerit
2822 952 2996 999 totum
3045 961 3265 1017 corpus,
3316 946 3474 1016 cujus

1900 1039 2141 1093 motibus
2172 1046 2226 1093 et
2254 1038 2511 1107 operibus
2563 1036 2745 1091 anima
2782 1036 3168 1091 condeeentem
3208 1038 3473 1109 hymnum

1901 1127 2011 1184 Deo
2035 1128 2255 1183 emittit.
2298 1128 2624 1184 Psalterium
2667 1135 2847 1181 autem
2886 1126 3071 1181 decem
3119 1126 3472 1185 chordarum,

1904 1219 2143 1289 Spiritus
2187 1220 2361 1274 sancti
2420 1220 2603 1274 cultus
2649 1226 2754 1282 est,
2802 1233 2898 1288 per
2928 1219 3169 1289 quinque
3227 1219 3474 1289 corporis

1900 1326 2118 1375 sensus,
2151 1317 2205 1365 et
2238 1326 2333 1381 per
2379 1310 2605 1367 totidem
2649 1310 2841 1365 anima:
2879 1311 3109 1367 virtutes
3146 1310 3420 1365 exhibitus
3456 1325 3469 1360 :

1899 1421 2021 1476 quae
2060 1404 2146 1459 bis
2198 1404 2441 1459 declarat
2485 1404 2627 1459 idem
2678 1403 2994 1474 Apostolus,
3045 1402 3221 1458 Orabo
3261 1403 3471 1471 spiritu,

1901 1492 2062 1548 orabo
2102 1504 2275 1546 autem
2305 1501 2355 1545 et
2390 1502 2599 1555 mente;
2634 1493 2863 1561 psallam
2900 1494 3126 1563 spiritu,
3158 1492 3385 1561 psallam
3425 1500 3474 1543 et

1900 1581 2149 1635 mente”.
2182 1579 2351 1646 Quasi
2386 1581 2596 1636 scilicet
2619 1597 2773 1638 mens
2805 1583 2966 1638 etiam
2998 1590 3180 1636 motus
3222 1597 3353 1637 suos
3378 1581 3477 1634 ha-

1899 1673 2047 1741 beat,
2088 1672 2286 1742 quibus
2318 1673 2499 1742 pulsat
2537 1688 2767 1743 corpus;
2801 1682 2854 1729 et
2904 1674 3128 1743 spiritus
3178 1674 3306 1727 item
3340 1688 3474 1744 proa-

1888 1762 2049 1833 rprios
2084 1762 2328 1817 obtineat
2357 1771 2559 1829 motus,
2597 1764 2797 1834 quibus
2832 1765 3068 1819 animam
3096 1772 3297 1820 movet.

197 1854 289 1921 τῷ
323 1858 631 1927 πνεύματι,
671 1857 846 1926 ψαλῶ
892 1858 961 1911 δὲ
1009 1858 1107 1912 καί
1154 1856 1233 1923 τῷ
1288 1858 1414 1912 νοτ·
1464 1855 1539 1919 ὡς
1578 1856 1670 1908 καὶ
1717 1853 1810 1908 τοῦ
1848 1852 1967 1915 νοὸς
2017 1851 2151 1914 ἰδίας
2190 1852 2403 1923 ἔχοντος
2453 1856 2714 1926 κινήσεις,
2762 1857 2829 1909 δι’
2874 1850 3370 1928 ὧνάνακρούεται.
3413 1858 3476 1912 τὸ

201 1952 391 2023 σῶμα,
428 1954 521 2007 καὶ
554 1954 646 2008 τοῦ
695 1954 1003 2026 πνεύματος
1036 1954 1197 2009 πάλιν
1227 1954 1454 2018 οἰκείας,
1489 1952 1554 2005 δι’
1583 1944 1657 2005 ὧν
1694 1950 1790 2021 τὴν
1818 1948 1993 2020 ψυχὴν
2025 1950 2254 2019 ἐνεργεῖ.

280 2070 400 2122 Ὅτι
423 2068 726 2138 εὔφρανάς
751 2086 849 2139 με,
878 2071 1073 2137 Κύριε,
1108 2070 1177 2123 ἐν
1217 2067 1297 2133 τῷ
1331 2067 1615 2137 ποιήματι
1654 2082 1787 2131 σου,

1954 2061 2123 2118 VEns.
2160 2064 2215 2118 5.
2251 2062 2390 2128 Quia
2421 2064 2696 2120 delectasti
2738 2084 2839 2131 me,
2893 2054 3135 2133 Domine,
3172 2069 3229 2122 in
3260 2069 3474 2138 factam

196 2160 307 2215 καί
330 2161 397 2215 ἐν
417 2156 541 2228 τοῖς
568 2163 763 2231 ἔργοις
784 2160 902 2214 τῶν
927 2161 1140 2231 χειρῶν
1165 2176 1281 2215 σου
1323 2159 1786 2231 ἀγαλλιάσομαι.

214 2251 277 2305 '0
310 2254 505 2321 νοήσας
547 2251 643 2322 τὴν
688 2252 793 2304 ὑπὸ
829 2251 921 2305 τοῦ
966 2252 1109 2305 Θεοῦ
1146 2251 1521 2323 πεποιημένην
1554 2250 1788 2321 ἡμέραν,

196 2345 335 2415 περὶ
369 2340 437 2417 ἧς
469 2343 704 2417 εἴρηται,
747 2345 909 2411 Αὕτη
959 2346 998 2413 ἡ
1042 2344 1252 2414 ἡμέρα,
1296 2343 1377 2412 ἦν
1423 2344 1713 2410 ἐποίησεν
1758 2346 1792 2397 ό

196 2440 440 2507 Κύριος,
471 2439 967 2509 ἀγαλλιασώμεθα
1010 2440 1109 2493 καὶ
1139 2438 1560 2509 εὐφρανθῶμεν
1584 2439 1653 2492 ὲν
1682 2439 1790 2491 αὐ-

196 2529 302 2599 τῇ,
348 2524 500 2594 οὗτος
549 2532 685 2602 ὲρεῖ,
724 2533 845 2585 Ὅτι
887 2531 1190 2600 εὔφρανας
1226 2549 1323 2601 με,
1359 2532 1563 2599 Κύριε,
1599 2531 1670 2584 ἐν
1709 2529 1792 2595 τῷ

196 2623 488 2693 ποιήματι
532 2638 669 2678 σου.
712 2623 849 2677 Ἀλλ’
882 2626 1068 2695 ἐπειδὴ
1121 2626 1248 2696 περὶ
1290 2624 1389 2693 τῆς
1435 2624 1647 2697 ἡμέρας
1695 2623 1789 2677 τοῦ

195 2715 484 2771 Σαϐϐάτου
529 2718 561 2768 ὁ
591 2715 781 2787 παρὼν
827 2716 1038 2787 ψαλμὸς
1071 2716 1506 2789 προγέγραπται,
1535 2717 1791 2786 ζητήσεις

200 2807 325 2870 πῶς
372 2809 429 2861 ἐν
460 2808 642 2880 ἡμέρᾳ
687 2808 965 2862 Σαϐϐἀτου
1008 2808 1316 2880 ηὐφράνθαι
1358 2806 1524 2876 λέγει,
1557 2807 1657 2860 οὐκ
1697 2808 1791 2860 ἐπὶ

196 2903 270 2971 τῇ
314 2900 653 2954 καταπαύσει
690 2901 783 2953 τοῦ
828 2901 985 2966 Θεοῦ,
1018 2902 1123 2954 οὐδ’
1160 2902 1252 2954 ἐπὶ
1290 2904 1355 2971 τῇ
1396 2901 1562 2973 ἀργίᾳ
1601 2898 1787 2965 αὑτοῦ,

196 2992 304 3054 ὡς.
329 2990 394 3045 ἂν
440 2991 765 3045 ὑπολάϐοιεν
810 2992 1073 3054 Ἰουδαῖοι,
1100 2992 1189 3045 διὰ
1225 2992 1286 3044 τὸ
1336 2993 1393 3044 ἐν
1437 2992 1574 3061 αὑτῇ
1619 3007 1789 3043 κατα-

201 3082 407 3138 παῦσαι
449 3084 557 3136 ἁπὸ
595 3085 812 3138 πάντων
844 3082 953 3137 τῶν
990 3082 1163 3154 ἔργων
1203 3081 1390 3145 αὐτοῦ,
1427 3075 1500 3135 ὧν
1544 3081 1785 3152 εποίησε.

197 3173 316 3227 Καὶ
341 3174 444 3246 μὴν
471 3175 661 3245 ἐχρῆν,
693 3174 849 3245 εἴπερ
871 3175 976 3246 ἄρα
1004 3176 1083 3237 εἰς
1104 3173 1165 3227 τὸ
1200 3173 1489 3227 Ἰουδαϊκὸν
1516 3173 1790 3227 Σάϐϐατόν

198 3264 497 3334 ἀνεφέρετο
540 3265 610 3317 τὰ
652 3264 741 3316 διὰ
785 3262 879 3316 τοῦ
927 3263 1139 3334 ψαλμοῦ
1194 3263 1534 3334 δηλούμενα,
1587 3263 1680 3318 ὲπὶ
1721 3266 1787 3335 τῇ

201 3353 370 3424 σχολῇ
413 3353 508 3406 τοῦ
558 3352 715 3417 Θεοῦ,
756 3353 851 3407 καὶ
882 3356 969 3424 τῇ,
1004 3352 1080 3416 ὡς
1122 3353 1188 3407 ἂν
1225 3354 1450 3418 εἴποιεν,
1486 3353 1789 3407 ἀναπαύσει

1894 2164 2007 2221 tua,
2046 2164 2096 2209 et
2127 2156 2185 2209 in
2218 2156 2457 2222 operibus
2501 2174 2751 2211 manuum
2786 2167 3001 2212 tuarum
3040 2160 3337 2218 exsultabo.
3370 2162 3475 2228 Qui

1893 2248 2036 2303 diem
2068 2263 2099 2301 a
2145 2247 2380 2304 Domino
2421 2249 2622 2303 factam
2675 2250 2962 2317 intellexit,
3001 2252 3069 2306 de
3109 2269 3216 2321 qua
3263 2253 3471 2307 dictum

1893 2346 1996 2403 est,
2031 2338 2161 2392 ch
2194 2338 2326 2403 dies,
2370 2356 2529 2409 quam
2561 2339 2683 2408 fecit
2732 2340 3012 2406 Dominus,
3063 2344 3384 2397 exsultemus
3420 2353 3473 2399 et

1893 2433 2132 2488 laztemur
2161 2434 2217 2488 in
2248 2435 2390 2501 ea“,
2425 2434 2515 2489 hic
2537 2435 2701 2497 dicet,
2735 2435 2875 2501 Quia
2907 2436 3185 2490 delectasti
3229 2454 3328 2499 me,
3363 2437 3477 2490 Do-

1893 2528 2051 2591 mine,
2084 2527 2139 2581 in
2174 2528 2390 2597 factura
2422 2536 2534 2580 tua.
2574 2526 2679 2581 Sed
2712 2527 2971 2596 quoniam
3011 2527 3079 2582 de
3116 2528 3203 2583 die
3246 2528 3472 2584 Sabbati

1892 2619 1981 2673 hic
2006 2620 2250 2688 psalmus
2290 2620 2591 2689 inscriptus
2620 2626 2726 2683 est,
2756 2634 2970 2687 quaeras
2993 2635 3094 2672 cur
3119 2619 3175 2673 in
3213 2620 3300 2673 die
3332 2619 3473 2674 Sab-

1892 2710 2006 2764 bati
2043 2726 2101 2766 se
2150 2711 2481 2766 delectatum
2529 2724 2653 2765 esse
2700 2710 2868 2777 dicat,
2900 2724 3009 2764 non
3045 2710 3111 2764 de
3142 2709 3235 2764 Dei
3260 2712 3469 2783 requie,

1891 2816 2073 2872 neque
2100 2801 2168 2857 de
2197 2804 2318 2870 ejus
2350 2800 2678 2865 cessatione,
2708 2808 2766 2854 ut
2796 2798 2966 2855 Judaei
3001 2802 3473 2871 Opinentur,~quia

1892 2894 1946 2948 in
2000 2893 2121 2963 ipso
2158 2894 2401 2949 cessavit
2429 2894 2498 2949 ab
2546 2895 2809 2952 omnibus
2852 2900 3112 2969 Operibus
3164 2900 3301 2962 suis,
3349 2914 3473 2969 quae

1894 2983 2043 3039 fecit.
2081 2984 2149 3037 Et
2175 3000 2305 3039 vero
2334 2985 2382 3041 si
2408 3001 2471 3040 ea
2501 3002 2623 3056 quae
2651 2989 2707 3042 in
2756 2990 2967 3060 psalmo
2993 2989 3253 3045 feruntur.
3282 2990 3473 3045 Judai-

1892 3088 2019 3129 cum
2049 3073 2347 3129 Sabbatum
2373 3077 2729 3148 respicerent,
2752 3087 3030 3149 oporteret
3062 3082 3266 3136 dixisse
3291 3082 3467 3146 illum,

1893 3180 1952 3220 se
1973 3165 2040 3219 de
2089 3166 2202 3220 otio
2235 3164 2352 3227 Dei,
2390 3176 2574 3237 atque,
2610 3175 2670 3223 ut
2705 3168 2778 3223 ita
2817 3169 3022 3234 dicant,
3055 3170 3123 3226 de
3163 3172 3474 3227 cessatione

1893 3256 1962 3311 ab
2007 3257 2266 3326 operibus
2305 3256 2631 3313 delectatum
2660 3275 2782 3315 esse
2811 3276 2825 3312 :
2865 3270 2921 3314 at
2950 3278 3059 3316 non
3097 3263 3171 3315 ita
3205 3261 3470 3333 loquitur,

1894 3347 1988 3403 sed
2015 3347 2111 3410 ait,
2148 3346 2439 3403 Delectasti
2488 3367 2589 3416 me,
2632 3349 2877 3413 Domine,
2912 3353 2966 3405 in
3018 3352 3229 3421 factura
3270 3362 3383 3420 tua,
3420 3362 3473 3408 et

198 3422 298 3497 καὶ
346 3422 513 3516 ἀργίᾳ.
554 3445 717 3497 αὐτοῦ
755 3422 1064 3518 ηὐφράνθαι
1114 3445 1395 3514 λέγεσθαι·
1448 3447 1542 3499 νῦν
1587 3446 1643 3499 δὲ
1691 3447 1787 3517 οὐχ

1893 3441 1948 3494 in
1987 3439 2230 3504 operibus
2264 3457 2517 3495 manuum
2554 3452 2768 3497 tuarum
2810 3445 3109 3512 exsultabo,
3148 3456 3333 3516 aperte
3378 3445 3474 3501 de-

197 3532 345 3587 οὕτω
376 3536 559 3605 φησὶν,
597 3535 710 3588 ἀλλ’
742 3536 1061 3605 Εὐφρανάς
1082 3554 1181 3605 με,
1204 3538 1397 3606 Κύριε,
1419 3538 1489 3591 ἐν
1511 3538 1591 3603 τῷ
1618 3538 1787 3605 ποιήι

192 3626 342 3694 ματί
382 3641 522 3689 σου,
575 3626 674 3680 καὶ
731 3626 800 3680 ἐν
844 3628 967 3694 τοῖς
1012 3628 1209 3698 ἔργοις
1258 3628 1375 3682 τῶν
1416 3628 1629 3698 χειρῶν
1671 3646 1787 3683 σου

197 3717 664 3787 ἀγαλλιάσομαι,
702 3718 958 3789 ἄντικρυς
996 3718 1267 3790 παριστὰς
1316 3719 1458 3783 ἰδίως
1506 3720 1605 3789 μὲν
1647 3723 1786 3774 νοεῖ-

200 3810 328 3863 σθαι
357 3809 419 3862 τὸ
450 3810 681 3881 ποίημα,
712 3813 806 3864 καὶ
831 3811 991 3865 πάλιν
1024 3812 1172 3875 ἰδίως
1200 3810 1268 3863 τὰ
1289 3811 1426 3882 ἔργα
1448 3812 1557 3864 τῶν
1588 3812 1787 3881 χειρῶν

196 3898 295 3952 τοῦ
320 3898 476 3962 Θεοῦ,
508 3902 591 3969 ἐφ’
632 3896 713 3965 οἷς
752 3900 1060 3971 ηὐφράνθαι
1108 3901 1378 3971 ὁμολογεῖ,
1406 3901 1520 3954 ἀλλ’
1554 3902 1654 3955 οὐκ
1692 3901 1788 3953 ἐπὶ

195 3990 267 4060 τῇ
316 3989 501 4061 ἀργίᾳ.
542 3989 643 4060 Εἴη
688 3990 732 4042 δ’
784 3990 850 4043 ἂν
903 3990 1112 4061 ποίημα
1156 3990 1253 4060 μὲν
1298 3990 1420 4043 καθ’
1455 3990 1553 4044 ἕνα
1586 3991 1787 4061 τρόπον

195 4078 339 4151 αὕτη
371 4082 403 4150 ὴ
443 4080 644 4153 ἡμέραν
679 4083 808 4153 περὶ
838 4077 905 4154 ἦς
943 4080 1185 4153 εἴρηται·
1217 4081 1378 4149 Αὕτη
1411 4081 1450 4148 ἡ
1485 4082 1675 4151 ἡμέρα
1708 4080 1787 4148 ἣν

195 4170 490 4238 ἐποίησεν
526 4176 560 4226 ό
589 4174 823 4241 Κύριος,
854 4173 1353 4243 ἁγαλλιασώμεθα
1395 4173 1491 4227 καὶ
1532 4175 1784 4242 suppar-

196 4261 395 4330 θῶμεν
421 4264 490 4317 ἐν
513 4263 667 4333 αὐτῇ
685 4281 699 4293 ·
740 4264 891 4335 δηλοῖ
920 4265 977 4318 δὲ
1007 4264 1102 4336 τὴν
1136 4265 1503 4336 ἀναπάσιμον
1552 4266 1644 4319 καὶ
1670 4267 1785 4318 Κυ-

196 4352 399 4425 ριακὴν
441 4355 673 4425 ἡμέραν,
714 4355 791 4418 ὡς
838 4357 896 4409 ἐν
933 4356 1138 4427 ἑτέροις
1186 4356 1577 4421 ἀποδεικτικῶς
1614 4374 1774 4428 παρε-

194 4446 513 4516 στήσαμεν,
565 4447 633 4501 τὰ
682 4447 790 4500 ἀπὸ
837 4447 934 4516 τῆς
981 4447 1336 4518 κοσμοποιίας
1394 4448 1782 4519 παραθέμενοι,

1894 3532 2111 3587 clarans
2162 3534 2394 3589 seorsim
2443 3533 2736 3599 facturam,
2783 3551 2846 3591 ac
2884 3537 3113 3592 seorsim
3145 3551 3311 3606 opera
3353 3552 3472 3591 ma-

1890 3639 2060 3678 nuum
2091 3624 2185 3680 Dei
2228 3624 2485 3691 indicari,
2523 3627 2578 3681 in
2610 3627 2812 3698 quibus
2860 3643 2920 3683 se
2967 3627 3294 3682 delectatum
3349 3644 3475 3685 esse

1889 3716 2202 3783 conﬁtetur,
2238 3718 2334 3772 sed
2366 3732 2472 3771 non
2536 3719 2592 3773 in
2640 3719 2970 3774 cessatione.
3020 3718 3061 3771 F
3066 3728 3254 3773 actura
3285 3729 3487 3773 autem

1890 3807 2073 3876 aliquo
2127 3808 2289 3862 modo
2337 3807 2500 3862 fuerit
2529 3808 2646 3878 ipsa
2685 3809 2824 3874 dies,
2852 3809 2919 3863 de
2949 3825 3055 3878 qua
3090 3809 3296 3863 dictum
3341 3820 3467 3864 est:

1893 3896 2024 3951 litvo
2045 3897 2174 3961 dies,
2208 3914 2369 3969 quam
2416 3898 2539 3967 fecit
2571 3899 2850 3965 Dominus,
2891 3901 3211 3955 exsultomus
3241 3911 3301 3954 et
3324 3902 3471 3955 lwtec

1891 4008 2010 4043 mur
2039 3992 2095 4044 in
2128 4008 2211 4045 ea.
2241 3990 2525 4061 Signiﬁcat
2558 4009 2688 4049 vero
2722 3994 3153 4050 resurrectionis
3186 3994 3328 4049 diem
3357 3994 3467 4050 Do-

1888 4082 2170 4146 minicam,
2196 4090 2257 4137 ut
2303 4084 2428 4139 aliis
2468 4085 2523 4138 in
2563 4085 2701 4140 locis
2740 4094 2927 4155 aperte
2966 4086 3466 4155 comprobavimus,

1887 4173 2018 4229 dum
2046 4191 2166 4246 qua:
2192 4175 2261 4229 ad
2291 4176 2480 4230 mundi
2509 4177 2841 4232 creationem
2888 4186 3138 4248 spectant
3167 4180 3468 4249 explicare-

1888 4280 2045 4321 mus:
2074 4266 2140 4321 de
2163 4282 2271 4337 qua
2305 4267 2443 4322 dixit
2482 4268 2697 4340 Moyses
2724 4286 2738 4323 :
2762 4269 2828 4324 In
2872 4271 3129 4340 principio
3162 4270 3284 4339 fecit
3326 4269 3467 4325 Deus

1888 4357 2073 4409 caelum
2095 4366 2147 4410 et
2182 4366 2378 4411 terram
2397 4358 2475 4423 ";
2533 4373 2597 4413 ac
2638 4359 2881 4429 subjicit,
2930 4358 3055 4413 Fiat
3089 4361 3201 4423 lux,
3244 4370 3295 4413 et
3322 4360 3469 4427 facta

1885 4455 1962 4499 est
1991 4446 2184 4501 lux:et
2213 4448 2493 4517 appellavit
2517 4449 2656 4503 Deus
2679 4450 2866 4517 lucem,
2895 4450 3030 4504 diem
3051 4451 3113 4502 ⁸⁵.
3134 4449 3297 4504 Vides
3321 4451 3464 4504 enim

194 4536 322 4589 καθ’
360 4536 427 4608 ἢν
470 4540 501 4591 ὁ
544 4538 802 4608 Μωῦσῆς·
844 4538 939 4589 Ἐν
976 4538 1154 4608 ἀρχῇ,
1198 4540 1382 4611 φησὶν,
1428 4541 1720 4610 ἐποίησεν
1751 4543 1785 4594 ό

1893 4537 2102 4591 nullum
2136 4538 2283 4591 aliud
2299 4539 2574 4609 opiﬁcium
2602 4556 2665 4595 ea
2684 4540 2771 4595 die
2792 4540 2931 4595 eﬂici
2963 4540 3069 4594 nisi
3101 4539 3271 4595 solam
3295 4539 3463 4602 diem,

196 4628 348 4695 Θεὸς
373 4629 480 4682 τὸν
509 4630 769 4698 οὐρανὸν
791 4630 888 4683 καί
918 4631 1033 4698 τὴν
1062 4630 1208 4699 γῆν·
1241 4632 1336 4685 καὶ
1377 4630 1638 4700 ἐπιλέγει,
1675 4635 1785 4687 Γε-

1893 4629 1964 4682 ita
1998 4636 2058 4683 ut
2106 4630 2184 4683 illi
2238 4629 2342 4684 hoc
2375 4630 2581 4686 dictum
2628 4632 2798 4701 probe
2827 4632 3137 4694 conveniat,
3175 4630 3301 4686 "me
3328 4630 3463 4696 dies,

194 4718 440 4786 νηθήτω
477 4717 622 4788 φῶς,
670 4719 771 4773 καὶ
812 4719 1051 4789 ἐγένετο
1092 4719 1252 4788 φῶςο
1302 4720 1402 4774 καὶ
1429 4721 1726 4774 ἐκάλεσεν
1752 4721 1787 4775 ὁ

1893 4738 2048 4792 quam
2074 4722 2201 4791 fecit
2230 4722 2511 4778 Dominus.
2537 4720 2684 4777 Nihil
2716 4724 2917 4793 quippe
2966 4723 3114 4777 aliud
3152 4730 3346 4792 praeter
3383 4723 3466 4791 ip—

195 4808 347 4875 Θεύς
389 4811 452 4863 τὸ
495 4808 620 4878 φῶς
660 4809 908 4879 ἡμέραν.
939 4810 1100 4881 Ὁρᾷς
1147 4810 1258 4881 γὰρ
1295 4812 1370 4875 ὡς
1411 4810 1562 4864 οὐδὲν
1598 4811 1786 4883 ἓτερον

1893 4789 2007 4868 sam
2039 4789 2182 4869 diem
2223 4814 2486 4880 condidit,
2520 4830 2643 4883 quae
2687 4789 3020 4884 erat—prima
3065 4789 3370 4875 Dominica,
3398 4789 3466 4867 de

191 4904 258 4955 ἐν
302 4901 476 4975 ταύτῃ
502 4902 710 4970 γίνεται
756 4902 1167 4975 δημιούργημα,
1210 4904 1324 4957 ἀλλ’
1370 4904 1507 4976 αὕτη
1567 4903 1703 4975 μόνη
1752 4907 1787 4977 ἡ

1893 4922 1996 4975 qua
2039 4921 2187 4961 nunc
2219 4906 2442 4967 dicitur,
2493 4905 2630 4970 Quia
2672 4905 2946 4958 delectasti
2988 4921 3090 4968 me,
3129 4904 3375 4969 Domine,
3410 4907 3464 4958 in

191 4990 406 5063 ἡμέρα,
436 4992 510 5057 ὡς
541 4992 870 5065 ἐφαρμόζειν
896 4996 1033 5067 αὐτῇ
1063 4996 1124 5048 τὸ
1153 4996 1360 5066 φάσκον
1391 4996 1590 5065 λόγιον,
1628 4997 1785 5065 Αὕτη

1893 4998 2102 5064 factura
2122 5008 2253 5051 tua:
2297 5014 2461 5069 opera
2495 5006 2674 5052 autem
2732 5012 2991 5050 manuum
3025 4996 3145 5066 ejus
3186 5012 3247 5050 ea
3307 5005 3460 5062 sunt,

193 5080 236 5145 ἡ
266 5078 458 5148 ἡμέρα
482 5078 562 5147 ἣν
585 5081 875 5148 ἐποίησεν
903 5085 935 5135 ό
963 5085 1195 5151 Κύριος.
1243 5085 1378 5138 Οὐδὲ
1424 5086 1534 5157 γὰρ
1575 5086 1702 5139 ἄλλο
1733 5103 1785 5138 τι

1893 5105 2009 5160 quae
2041 5090 2407 5159 sequentibus
2422 5089 2615 5143 diebus
2644 5088 2785 5142 facta
2811 5088 3149 5142 scribuntur.
3183 5088 3304 5142 Alio
3334 5089 3466 5142 item

193 5169 312 5225 ἀλλ’
343 5171 514 5243 αὐτὴν
555 5171 653 5242 τὴν
692 5173 905 5243 ἡμέραν
948 5174 1220 5245 ἐποίησεν,
1261 5178 1384 5247 ἥτις
1418 5173 1487 5248 ἧν
1528 5180 1562 5249 ἡ
1593 5176 1782 5247 πρώτη

1893 5181 2053 5237 modo
2096 5181 2307 5236 factura
2343 5182 2601 5243 dicantur
2642 5180 2918 5235 intellectu
2950 5178 3195 5248 praedita,
3224 5180 3466 5233 rationa.

194 5262 476 5334 Κυριακὴ,
503 5263 631 5336 περὶ
654 5259 722 5335 ἦς
753 5266 847 5319 καὶ
868 5264 963 5319 νῦν
999 5263 1251 5335 λέγεσθαι
1285 5269 1366 5333 τὸ,
1398 5270 1517 5323 ’Ότι
1557 5270 1783 5339 ηὔφρα-

194 5352 312 5420 πάς
343 5371 441 5422 με,
461 5356 658 5423 Κύριε,
687 5357 757 5411 ἐν
782 5356 864 5422 τῷ
898 5357 1179 5427 ποιήματί
1218 5374 1365 5414 σου’
1402 5361 1537 5433 ἔργα
1582 5362 1639 5415 δὲ
1671 5379 1784 5432 χει-

200 5444 312 5515 ρῶν
338 5446 503 5499 αὐτοῦ
531 5447 601 5502 τά
620 5449 678 5501 ὲν
700 5450 821 5512 ταῖς
846 5447 984 5519 μετά
1005 5449 1178 5503 ταῦτα
1200 5451 1433 5522 ἡμέραις
1458 5453 1783 5522 γεγενῆσθαι

193 5535 685 5607 ἀναγεγραμμένα.
721 5540 878 5593 Κατὰ
914 5539 972 5593 δὲ
1014 5540 1199 5611 ἓτερον
1230 5542 1430 5613 τρόπον
1464 5543 1679 5614 λεχθείη
1719 5544 1784 5598 ἂν

198 5627 413 5698 ποίημα
443 5627 542 5698 μὲν
580 5628 649 5681 τὰ
689 5630 853 5703 νοητά
896 5631 989 5684 καὶ
1032 5630 1222 5700 λογικά
1265 5634 1357 5686 καὶ
1393 5633 1660 5705 ἀσώματα
1689 5634 1781 5687 τοῦ

1884 5272 2015 5326 bilia
2046 5280 2099 5326 et
2124 5272 2450 5340 incorporea
2498 5269 2590 5325 Dei
2619 5270 2859 5339 opiﬁcia,
2892 5285 2998 5339 qua
3042 5270 3253 5324 ratione
3279 5270 3465 5322 anima

1887 5362 1953 5416 ad
1984 5362 2275 5432 imaginem
2311 5359 2407 5415 Dei
2436 5360 2578 5415 facta
2606 5376 2730 5415 esse
2759 5360 2967 5430 scripto
2996 5361 3267 5425 traditur;
3296 5374 3468 5429 opera

1886 5469 2015 5509 vero
2039 5469 2299 5507 manuum
2334 5453 2475 5522 ejus,
2496 5452 2781 5508 sensibilia
2811 5461 2864 5506 et
2895 5468 3155 5522 corporea
3182 5453 3301 5523 eius
3330 5467 3463 5522 ope-

1886 5560 1969 5611 ra,
2010 5545 2077 5599 de
2119 5544 2316 5614 quibus
2358 5544 2565 5598 dictum
2603 5552 2708 5608 est,
2751 5544 3016 5610 Quoniam
3056 5543 3233 5598 videbo
3282 5544 3460 5609 calas,

1889 5651 2048 5704 opera
2092 5639 2378 5704 digitorum
2416 5642 2647 5701 tuorum,
2693 5636 2877 5689 lauant
2916 5647 2964 5691 et
3005 5640 3211 5703 stellas,
3244 5653 3383 5709 quia“
3408 5648 3462 5689 tu

208 5861 227 5871 ί-
269 5783 290 5816 ⁸
330 5781 533 5853 Ephes.
575 5800 629 5851 ν,
669 5784 753 5841 19.
834 5787 875 5819 ὀ
917 5785 939 5843 I
973 5787 1097 5844 Cor.
1134 5804 1247 5857 xw,
1287 5788 1372 5845 15.
1440 5791 1490 5877 Ῠέ¹
1534 5789 1680 5847 Psal.
1718 5805 1783 5845 cx

1893 5789 2029 5855 ,ει
2113 5790 2154 5821 η
2193 5786 2325 5845 Gen.
2367 5804 2422 5856 ι,
2463 5789 2511 5843 ι.
2594 5790 2635 5822 υ
2676 5789 2803 5845 ibid.
2846 5790 2913 5858 5,
2945 5791 2981 5846 5
