3830 6288
472 349 611 404 N75

1176 343 1445 402 EUSEBII
1484 341 1961 402 CASSABIENSIS
1994 343 2144 403 OPP.
2182 345 2362 401 PARS
2399 344 2484 400 Ill.
2523 375 2592 385 —
2632 337 3041 396 EXEGETICA.

3526 348 3545 401 1
3559 351 3631 406 Πθ

467 465 703 524 fundasti
719 465 780 518 ιδ.
813 463 978 519 Docet
1016 462 1187 533 igitur
1230 463 1345 518 lucc
1382 461 1684 533 Scriptura,
1721 464 1776 517 in
1809 463 1924 518 otio
1951 464 2035 520 di-

2139 462 2272 517 Θεοῦ
2305 462 2599 534 κτίσματα,
2626 460 2746 513 καθ’
2784 457 2813 510 ὂ
2853 456 2952 512 καὶ
2987 457 3020 528 ἡ
3069 456 3187 509 κατ’
3217 455 3389 509 εἰκόνα
3425 457 3502 512 τοῦ
3533 461 3633 516 Θεώ

467 559 713 616 vinarum
764 557 1240 620 exercitationum,
1276 557 1442 626 inque
1478 557 1786 612 cessatione
1821 571 1852 610 a
1904 571 2031 612 cor-

465 651 643 721 poreis
673 657 728 704 et
762 648 1087 703 mortalibus
1133 647 1410 717 operibus,
1445 663 1607 717 quam
1655 645 1950 701 Sabbatum
1982 653 2038 702 et

464 741 707 810 requiem
771 739 1053 810 Scriptura
1107 748 1285 804 vocat,
1321 754 1417 794 eos
1449 739 1541 808 qui
1588 738 2033 808 contemplationi

463 833 833 903 Spiritualium
875 832 1118 887 simulet
1161 831 1498 887 sensibilium
1531 829 1624 885 Dei
1663 845 1890 900 operum
1937 846 2031 884 va-

464 933 608 990 cant,
633 927 834 988 dicere,
856 924 996 991 Quia
1022 923 1295 977 delectasti
1324 938 1424 985 me,
1464 922 1707 985 Domine,
1737 923 1790 975 in
1819 922 2032 992 factura

465 1026 576 1080 tua,
605 1026 655 1071 et
674 1018 728 1070 in
755 1017 993 1084 Operibus
1031 1031 1280 1068 manuum
1307 1024 1519 1067 tuarum
1545 1013 1824 1068 exsultabo
1860 1030 1877 1068 :
1907 1030 2030 1068 nam

2138 555 2476 624 γεγενημένη
2519 551 2663 622 ψυχὴ
2709 548 3035 619 πεποιῆσθαι
3078 547 3491 617 ἀναγέγραπται·
3537 552 3636 623 ἔργα

2137 646 2215 698 δὲ.
2236 642 2434 716 χειρῶν
2483 642 2652 697 αὐτοῦ
2697 642 2767 695 τὰ
2812 639 3043 710 αἰσθητὰ
3083 640 3174 692 καὶ
3217 641 3480 710 σωματικὰ
3517 644 3636 697 αὐτοῦ

2138 732 2613 804 δημιουργήματα,
2637 731 2764 802 “cepi.
2792 723 2868 783 ὧν
2897 728 3136 800 εῐρηται’
3173 727 3291 781 Ὀτι
3321 729 3513 797 ὄψομαι
3538 739 3639 799 τους

2138 823 2456 892 οὐρανοὺς,
2479 823 2624 892 ἔργα
2659 821 2778 874 τῶν
2809 820 3125 876 δακτύλων
3143 833 3278 883 σου,
3317 819 3555 887 σελήνην
3573 826 3640 877 καὶ

2139 913 2428 983 ἀστέρας,
2472 913 2512 968 ἂ
2565 913 2647 967 σὺ
2691 912 3106 982 ἐθεμελίωσας.
3157 910 3402 965 Διδάσκει
3446 912 3640 984 τοίνυν-ἡ

2143 1005 2280 1074 μετά
2312 1007 2498 1076 Χεῖρας
2541 1002 2752 1074 Γραφὴ,
2785 1004 2843 1056 ὲν
2883 1003 2949 1072 τῇ
2994 1001 3154 1072 σχολῇ
3198 999 3306 1052 τῶν
3341 999 3484 1053 θείων
3523 1003 3642 1070 ἀσκή-

2140 1113 2297 1162 σεων,
2323 1097 2417 1149 καὶ
2438 1098 2502 1166 τῇ
2527 1095 2636 1148 τῶν
2659 1093 2983 1164 σωματικῶν
3016 1094 3108 1146 καὶ
3133 1092 3335 1163 θνητῶν
3361 1092 3518 1163 ἔργων
3532 1095 3637 1162 asp

2137 1188 2228 1259 λίᾳ
2259 1205 2318 1240 τε
2362 1189 2457 1241 καὶ
2487 1187 2674 1261 ἀργίᾳ,
2709 1187 2778 1256 ἥν
2819 1204 2941 1240 τινα
2977 1184 3251 1239 Σὰϐὅατον
3278 1184 3372 1238 καὶ
3414 1185 3645 1239 ἀνάπαυσιν

465 1114 526 1162 ea}
563 1107 922 1178 magnitudine
967 1115 1016 1161 et
1061 1105 1452 1176 pulchritudine
1503 1117 1870 1159 creaturarum
1909 1121 2032 1173 pro-

463 1199 698 1266 portione
720 1198 949 1269 quadam
969 1198 1144 1267 opifex
1166 1213 1348 1252 earum
1379 1198 1701 1266 conspicitur
1725 1199 1804 1249 ηε
1833 1213 1897 1252 ac
1922 1199 2032 1268 spi-

463 1290 703 1353 ritualia,
757 1290 1076 1360 incorporea
1125 1297 1180 1344 et
1212 1289 1480 1353 cmlestia,
1526 1304 1741 1343 necnon
1789 1291 2027 1344 visibilia

2139 1284 2160 1334 ό
2189 1281 2344 1349 λόγος
2369 1279 2648 1343 ἀποκαλεῖ,
2687 1281 2745 1334 ὲν
2771 1282 2836 1350 τῇ
2861 1278 3062 1350 θεωρίᾳ
3099 1278 3206 1330 τῶν
3247 1293 3309 1329 τε
3342 1278 3525 1347 νοητῶν
3554 1279 3648 1346 ὁμοῦ

463 1378 601 1450 ejus,
636 1395 667 1432 a
705 1381 980 1434 creatione
1011 1378 1197 1432 mundi
1221 1379 1479 1448 operibus
1511 1378 1782 1433 intellecta
1809 1378 2028 1448 conspi-

2139 1374 2353 1428 καὶτῶν
2375 1372 2538 1442 αίσθη
2547 1387 2656 1424 των
2672 1370 2850 1443 ἕργῶν
2865 1370 2959 1424 τοῦ
2977 1369 3111 1423 Θεοῦ
3131 1366 3476 1439 σχολάζοντας
3502 1367 3646 1435 λέγειν·

462 1470 702 1532 eiuntur,
737 1469 1038 1524 secundum
1069 1477 1318 1523 sanctum
1349 1468 1747 1537 Apostolum“.

2139 1469 2255 1520 Ὅτι
2293 1463 2610 1535 ωῦςρρανάς
2655 1481 2752 1534 με,
2794 1463 2990 1531 Κύριε,
3021 1461 3089 1514 ἐν
3133 1459 3215 1525 τῷ
3251 1458 3516 1527 ποιήματί
3552 1475 3648 1519 σου,

463 1575 559 1616 καὶ
581 1563 654 1616 ἐν
681 1562 804 1628 τοῖς
830 1563 1027 1633 ἔργοις
1064 1563 1183 1618 τῶν
1213 1563 1425 1632 χειρῶν
1444 1580 1561 1618 σου
1581 1563 2041 1633 ἀγαλλιάσομαι,
2069 1563 2138 1617 ἐκ
2160 1561 2449 1632 μεγέθους
2470 1560 2580 1631 γὰρ
2604 1560 2705 1613 καὶ
2725 1556 3031 1625 καλλονῆς
3056 1553 3393 1624 κτισμάτων
3414 1555 3650 1622 ἀναλόγως

462 1669 493 1720 δ
519 1657 934 1728 γενεσιουργὸς
968 1657 1167 1712 αὐτῶν
1211 1661 1534 1728 θεωρεῖται·
1561 1661 1655 1714 καὶ
1685 1659 1753 1712 τὰ
1781 1660 1945 1731 νοητὰ
1966 1660 2021 1713 δὲ
2068 1661 2161 1714 καὶ
2187 1660 2450 1730 ἀσώματα
2473 1659 2567 1711 καὶ
2608 1656 2969 1728 ὑπερκόσμια,
2998 1655 3068 1708 τά
3102 1671 3160 1706 τε
3199 1652 3368 1723 ὁρατὰ
3415 1649 3556 1705 αὐτοῦ
3583 1653 3651 1704 ἀπὶ

461 1751 686 1813 κτίσεως
730 1751 932 1820 κόσμου
973 1753 1083 1815 τοῖς
1127 1753 1395 1824 ποιήμασι
1444 1752 1706 1824 νοούμενα
1758 1753 2074 1825 καθορᾶται,
2126 1752 2269 1806 κατὰ
2324 1751 2414 1805 τὸν
2473 1751 2616 1822 ἱερὸν
2663 1749 3004 1802 Ἀπόστολον.

533 1865 704 1921 Vens.
738 1866 870 1931 6,7.
914 1867 1088 1932 Quam
1143 1869 1484 1940 magniﬁcam
1533 1880 1655 1925 sunt
1713 1888 1869 1940 opera
1920 1871 2034 1934 tua,

2221 1871 2315 1937 Ὡς
2342 1870 2715 1940 ἐμεγαλύνθη
2757 1868 2827 1922 τὰ
2875 1866 3019 1938 ἔργα
3067 1880 3206 1930 σου,
3249 1864 3443 1932 Κύριε,
3483 1861 3654 1930 σφόδρα

461 1957 718 2014 Domine!
743 1960 900 2013 nimis
923 1961 1201 2029 profunda:
1227 1962 1382 2031 factm
1397 1972 1516 2016 sunt
1537 1965 1880 2032 cogitationes
1907 1975 2036 2021 tum.

470 2047 564 2101 Vir
586 2049 840 2119 insipiens
868 2067 973 2104 non
997 2061 1295 2121 cognoscet,
1335 2062 1385 2106 et
1419 2053 1614 2107 stultus
1647 2072 1749 2107 non
1794 2055 2045 2124 intelliget

458 2138 590 2193 hazc.
623 2140 728 2203 Me,
758 2141 955 2210 inquit,
989 2141 1286 2206 delectasti,
1321 2143 1566 2207 Domine,
1597 2145 1651 2197 in
1683 2145 1895 2214 [actura
1928 2155 2040 2211 tua,

458 2241 505 2284 et
537 2232 593 2285 in
622 2231 866 2302 operibus
901 2249 1155 2286 manuum
1180 2243 1430 2299 tuarum;
1467 2236 1559 2290 sed
1603 2251 1712 2289 non
1742 2238 1920 2307 quivis
1942 2237 2043 2291 ho-

457 2337 548 2376 mo
577 2323 695 2392 pari
737 2329 900 2391 atque
933 2338 1035 2393 ego
1064 2324 1228 2379 modo
1268 2324 1495 2382 allectus
1547 2335 1652 2382 est.
1698 2328 1850 2384 Multi
1883 2346 2036 2384 nam.

458 2430 567 2484 que
593 2413 918 2483 insipientes
933 2422 987 2469 et
1011 2415 1388 2486 imprudentes
1406 2427 1554 2482 sunt,
1585 2419 1680 2488 qui
1710 2435 1810 2474 nec
1837 2429 2041 2475 norunt

457 2519 560 2558 nec
595 2503 907 2574 intelligunt
941 2521 1025 2570 ea,
1061 2507 1114 2558 in
1143 2506 1342 2575 quibus
1375 2523 1460 2562 me
1488 2507 1748 2563 delectari
1778 2515 1832 2563 et
1860 2509 2041 2563 exsul-

460 2601 580 2646 tare
627 2593 911 2648 conliteor.
955 2594 1324 2660 Quamobrem
1375 2597 1466 2666 qui
1513 2612 1639 2652 vere
1690 2598 1956 2669 insipiens
1985 2608 2039 2654 et

459 2686 664 2742 stultus
715 2695 820 2750 est,
868 2686 963 2740 Dei
1013 2688 1353 2757 providentia
1398 2698 1452 2744 et
1503 2690 1671 2746 verbo
1720 2694 2036 2747 universum

459 2778 778 2834 constitisse
825 2786 1024 2850 negat;
1057 2781 1150 2836 sed
1203 2781 1315 2835 lato
1348 2792 1402 2837 et
1441 2783 1780 2848 necessitati,
1811 2784 2036 2840 insano-

457 2886 565 2941 que
605 2870 822 2925 cuidam
863 2871 1051 2925 cursui
1097 2886 1161 2925 ac
1209 2871 1446 2926 fortunae
1493 2881 1644 2927 tanta
1684 2871 1779 2928 Dei
1819 2873 2035 2944 opiﬁcia

459 2964 704 3021 ascribit.
743 2963 942 3019 Verum
978 2964 1163 3032 etiam,
1210 2973 1266 3018 ut
1299 2964 1546 3030 insanus,
1573 2964 1632 3020 in
1663 2966 1902 3021 universi
1935 2966 2031 3022 ad-

461 3055 869 3111 ministratione
906 3056 1018 3114 ruit
1065 3062 1119 3110 et
1161 3055 1363 3111 labitur
1410 3056 1689 3127 Opinione,
1733 3057 1878 3128 quod
1928 3058 2032 3128 ipsi

461 3147 711 3201 videatur
763 3148 996 3201 multum
1040 3146 1224 3201 inesse
1257 3146 1312 3200 in
1353 3147 1568 3201 mortali
1609 3147 1717 3200 vita
1750 3147 2032 3218 inazquaii-

2146 1963 2566 2028 ἑϐαθύνθησαν
2605 1963 2660 2014 oi
2709 1958 3083 2027 διαλογισμοί
3124 1971 3262 2011 σου.
3304 1954 3466 2022 Ἀνὴρ

2146 2057 2218 2108 σὺ
2257 2053 2566 2124 γνώσεται,
2608 2050 2705 2104 καὶ
2752 2050 3045 2114 ἀσύνετος
3096 2049 3167 2101 σὺ
3215 2043 3470 2110 συνήσει
3505 2043 3654 2096 ταῦτα,

2158 2144 2315 2215 Ἐμὲ,
2359 2143 2542 2214 φησὶν,
2565 2142 2894 2210 ηὐφρανας,
2924 2134 2971 2192 ὦ
2990 2139 3191 2206 Κύριε,
3231 2137 3304 2190 ἐν
3343 2135 3419 2200 τῷ
3440 2133 3655 2202 ποιήματί

2143 2256 2280 2301 σου,
2305 2237 2403 2290 καὶ
2423 2237 2493 2288 ἐν
2513 2237 2637 2300 τοῖς
2659 2233 2853 2303 ἔργοις
2873 2230 2989 2286 τῶν
3007 2228 3223 2299 χειρῶν
3235 2244 3355 2282 σου
3372 2245 3384 2257 ·
3403 2227 3503 2280 ἀλλ’
3525 2226 3574 2278 οὔ
3593 2226 3654 2277 καὶ

2143 2331 2250 2393 πᾶς
2275 2329 2412 2400 ἀνὴρ
2437 2327 2537 2400 τὴν
2565 2325 2732 2396 αὐτὴν
2772 2323 2894 2395 ἐμοὶ
2921 2322 3074 2394 φέρει
3107 2320 3368 2375 διάθεσιν.
3404 2317 3655 2386 Πολλςὶγάρ

2142 2424 2277 2474 εἰσιν
2307 2421 2537 2492 ἄφρονες
2558 2417 2652 2471 καὶ
2671 2416 2937 2480 ἀσύνετοι,
2964 2415 3024 2465 οὐ
3049 2411 3427 2482 γινώσκοντες,
3448 2409 3551 2462 οὐδὲ
3570 2425 3654 2460 σιν·

2144 2513 2315 2576 ιέντες
2360 2509 2500 2565 αὐτὰ
2527 2509 2590 2580 δὴ
2628 2509 2799 2561 ταῦτα
2826 2547 2841 2570 ,
2883 2508 2967 2575 ἐφ’
3016 2499 3097 2568 οἷς
3139 2504 3303 2568 αὐτὸς
3347 2499 3655 2573 εὐφραίνεσθαι

2139 2606 2232 2659 καὶ¹
2269 2603 2530 2674 ἀγαλλιᾷν
2571 2598 2839 2671 ὁμολογῶ.
2875 2598 3072 2668 Διόπερ
3101 2598 3129 2650 ὁ
3173 2596 3251 2660 ὡς
3284 2593 3490 2666 ἀληθῶς
3523 2591 3655 2661 ἄφρων

2139 2699 2233 2752 καὶ
2261 2697 2517 2758 ἀσύνετος
2548 2695 2762 2764 ἀναιρεί
2796 2692 2895 2763 μὲν
2922 2690 2983 2744 τὸ
3011 2688 3241 2760 προνοίᾳ
3283 2687 3377 2741 καὶ
3418 2685 3542 2754 λόγῳ
3563 2682 3655 2735 θεοῦ

2139 2787 2459 2843 συνεστάναι
2484 2785 2544 2839 τὺ
2572 2786 2701 2849 πᾶν,
2733 2781 3039 2853 εἱμαρμένῃ
3065 2780 3122 2833 δὲ
3159 2778 3260 2831 καὶ
3293 2776 3512 2848 ἀνάγκῃ,
3530 2773 3655 2841 ἀλόγῳ

2135 2897 2194 2934 τε
2227 2880 2368 2951 φορᾷ
2399 2877 2493 2932 καὶ
2518 2875 2656 2945 τύχῃ
2680 2872 3022 2945 προσ-γράφει
3050 2869 3118 2923 τὰ
3140 2867 3441 2940 τηλικαῦτα
3464 2864 3543 2918 τοῦ
3561 2860 3654 2916 Θεοῦ

2133 2971 2607 3044 δημιουργήματα.
2646 2965 2807 3021 Ἀλλὰ
2847 2965 2941 3019 καὶ
2981 2964 3058 3027 ὡς
3101 2961 3361 3025 ἀσύνετος
3391 2957 3653 3030 προσκόπτει

2133 3067 2198 3135 τῇ
2224 3063 2485 3133 διοικήσει
2522 3058 2618 3112 τοῦ
2649 3058 2869 3123 παντὸς,
2895 3055 2981 3110 διὰ
3022 3056 3082 3110 τὸ
3127 3056 3308 3108 δοκεῖν
3343 3050 3526 3113 πολλὰς
3555 3050 3653 3102 ἀνω-

2138 3154 2336 3226 μαλίας
2366 3155 2422 3206 ὲν
2458 3151 2536 3222 τῷ
2561 3149 2742 3221 θνητῷ
2775 3149 2875 3220 βίῳ
2905 3147 3146 3217 θεωρεῖν.
3181 3146 3244 3199 Ὁ
3288 3145 3386 3215 μὲν
3414 3138 3496 3196 οὐν
3519 3142 3653 3210 ἄφρων

463 3239 614 3293 tatis.
647 3237 919 3308 [nsipiens
968 3238 1134 3308 igitur
1160 3238 1250 3293 ille
1282 3245 1337 3293 et
1369 3238 1598 3295 insanus
1627 3254 1740 3295 rem
1785 3255 1926 3310 aegre
1955 3239 2032 3293 fe-

2139 3248 2228 3303 καὶ
2259 3245 2517 3308 ἀσύνετος
2547 3242 2910 3314 δυσχεραίνων
2938 3240 3097 3303 εὐθὺς
3129 3239 3225 3292 ἐπὶ
3266 3237 3559 3308 βλάσφημον
3589 3230 3652 3283 καὶ

461 3345 611 3390 rens,
642 3330 822 3385 statim
851 3330 917 3383 ad
945 3328 1321 3399 blasphemum
1352 3338 1405 3385 et
1432 3331 1656 3400 impium
1679 3331 2028 3386 ratiocinium

463 3419 714 3483 vertitur,
738 3418 932 3474 horum
966 3432 1183 3473 causam
1209 3419 1468 3475 dictitans
1494 3435 1638 3485 esse,
1672 3420 1816 3491 quod
1848 3421 2034 3476 nullus

465 3511 539 3566 sit
570 3510 734 3575 Deus,
768 3511 918 3565 nulla
967 3509 1342 3580 providentia;
1387 3510 1483 3566 sed
1511 3511 1710 3565 'omnia
1750 3519 1954 3566 temere
1982 3521 2036 3566 et

464 3618 598 3659 casu
637 3601 901 3659 ferantur.
937 3601 1050 3674 Ego
1081 3617 1210 3656 vero
1235 3601 1400 3656 etiam
1429 3601 1483 3656 in
1513 3602 1622 3657 illis
1650 3603 1904 3657 obscuris
1937 3617 2036 3657 oc-

464 3694 736 3763 cultisque
773 3694 962 3756 rebus,
995 3693 1081 3764 pia
1116 3692 1358 3746 imbutus
1385 3693 1678 3758 sententia,
1710 3709 2036 3762 persuasum

464 3788 641 3843 habeo
682 3787 875 3855 iudicii
932 3795 987 3844 et
1031 3787 1528 3842 administrationis
1585 3795 1691 3843 une
1743 3788 2034 3853 rationem,

465 3881 786 3950 parvitatem
812 3895 987 3934 meam
1013 3881 1174 3951 longe
1203 3894 1484 3949 superare.
1503 3878 1869 3946 Quamobrem
1892 3880 2034 3944 dico,

467 3971 644 4038 Quam
685 3973 1027 4042 magniﬁcam
1057 3981 1177 4026 sunt
1208 3988 1366 4041 opera
1405 3981 1518 4035 tua,
1561 3970 1822 4026 Domine!
1853 3971 2038 4025 admo-

467 4062 594 4115 dum
646 4061 865 4115 excelsa:
910 4061 1067 4130 facta:
1119 4072 1241 4116 sunt
1290 4061 1630 4131 cogitationes
1676 4070 1800 4115 luce.
1841 4064 1903 4115 Et
1944 4063 2037 4131 qui

467 4154 680 4221 possint
712 4154 966 4208 mortalia
1013 4153 1322 4220 ratiocinia,
1376 4154 1649 4224 profunda
1701 4152 1796 4208 Dei
1850 4155 2038 4223 explo-

466 4261 611 4309 rare,
640 4253 696 4299 et
724 4245 1084 4317 cogitationes
1113 4244 1234 4315 ejus
1250 4246 1403 4315 queis
1423 4246 1662 4299 humana
1688 4245 2037 4299 administrat

468 4336 838 4406 cognoscere?
862 4335 1330 4401 Quemadmodum
1372 4338 1518 4391 enim
1549 4337 1732 4391 nullus
1765 4337 2035 4390 hominum

468 4427 608 4480 novit
635 4442 750 4496 qnw
776 4436 896 4479 sunt
919 4425 1166 4491 hominis,
1200 4429 1302 4482 nisi
1341 4428 1561 4497 spiritus
1592 4429 1681 4497 qui
1710 4430 1764 4481 in
1789 4429 1900 4496 ipso
1931 4436 2032 4491 est;

466 4517 544 4570 sic
570 4532 686 4586 qua:
721 4516 813 4570 Dei
841 4525 963 4570 sunt
990 4518 1165 4571 nullus
1220 4520 1384 4585 novit,
1427 4519 1532 4573 nisi
1577 4517 1809 4589 Spiritus
1852 4519 1948 4573 Dei
1965 4520 2030 4584 ‘7,

2139 3337 2307 3408 ἀσεϐῆ
2332 3334 2588 3406 λογισμὸν
2621 3333 2901 3405 τρέπεται,
2941 3329 3210 3400 ἀθεότητα
3249 3346 3309 3382 τε
3339 3328 3428 3381 καὶ
3455 3328 3653 3396 uirgam,-

2138 3430 2259 3482 σίαν
2275 3468 2288 3494 ,
2321 3427 2414 3481 καὶ
2437 3427 2496 3479 τὸ
2520 3423 2666 3494 είκῆ,
2691 3423 2784 3476 καὶ
2811 3421 2886 3485 ὡς
2909 3420 3086 3491 ἔτυχε,
3111 3419 3320 3472 τούτων
3346 3413 3472 3469 εἶναι
3491 3413 3654 3481 φάσκων

2137 3521 2315 3575 αἴτια’
2350 3516 2460 3587 ἐγὼ
2508 3516 2586 3582 δὲ,
2633 3515 2726 3568 καὶ
2768 3514 2861 3566 ἐπὶ
2907 3511 3014 3564 τῶν
3062 3503 3470 3581 προειρημένων
3499 3502 3652 3572 ἀδήλωθ

2137 3609 2377 3665 εὐσεϐεῖν
2422 3605 2843 3676 δεδιδαγμένος,
2896 3603 3237 3673 πέπεισμαι,
3302 3601 3382 3653 ὅτι
3428 3596 3548 3666 ὑπὲρ
3587 3591 3653 3660 τὴν

2138 3703 2277 3774 ἐμὴν
2325 3700 2663 3773 σμικρότητα
2708 3695 3062 3766 τυγχάνουσιν
3105 3694 3154 3746 οἱ
3193 3693 3298 3762 τῆς
3354 3691 3447 3761 σῆς
3481 3686 3652 3774 κρίσεως

2139 3771 2567 3864 καὶ-διοικήσεως
2591 3789 2760 3858 λόγοι,
2792 3788 2883 3840 Διό
2909 3805 2980 3858 φη
2990 3805 3049 3858 μι
3068 3803 3081 3816 ⁸
3119 3785 3219 3851 Ὠς
3247 3780 3583 3852 spargat-on
3608 3771 3652 3824 τὰ

2137 3885 2281 3954 ἔργα
2313 3898 2451 3948 σου,
2475 3881 2687 3948 Κύριε]
2722 3878 2959 3948 σφόδρα
3001 3871 3542 3944 ὑπερυψώθησανοὶ
3566 3866 3650 3918 δια-

2137 3975 2416 4046 λογισμοί
2463 3988 2600 4027 σου.
2644 3973 2756 4026 Καὶ
2804 3970 2965 4023 πόθεν
3010 3969 3117 4040 γὰρ
3176 3965 3390 4037 θνητοῖς
3442 3956 3649 4028 101.15%-

2138 4069 2365 4140 ὲρευνᾷν
2406 4066 2473 4120 τὰ
2502 4065 2640 4136 βάθη
2666 4063 2760 4118 τοῦ
2794 4063 2957 4129 Θεοῦ,
2989 4061 3084 4115 καὶ
3117 4057 3404 4128 γινώσκειν
3441 4053 3548 4114 τοὺς
3571 4050 3648 4140 δια·

2136 4139 2429 4231 λογισμοὺς
2457 4158 2622 4211 αὐτοῦ
2656 4155 2874 4218 καθόὒς
2908 4155 3101 4208 διοικεῖ
3136 4151 3207 4204 τὰ
3245 4147 3558 4220 ἀνθρώπινας

2137 4255 2246 4325 γὰρ
2267 4228 2442 4315 οὐδεὶς
2473 4251 2612 4320 εγνω
2632 4249 2749 4303 τῶν
2777 4247 3102 4315 ἀνθρώπων
3115 4243 3188 4298 τὰ
3206 4241 3312 4296 τοῦ
3333 4234 3598 4325 ἀνθρώπου
3614 4228 3648 4325 ιι

2135 4345 2217 4416 μὴ
2241 4344 2306 4398 τὸ
2328 4343 2562 4412 πνεῦμα
2580 4341 2645 4395 τὸ
2665 4341 2734 4394 ἐν
2753 4338 2930 4404 αὐτῷ,
2951 4338 3103 4391 οὕτω
3125 4335 3223 4389 καὶ
3246 4333 3320 4387 τὰ
3339 4330 3439 4385 τοῦ
3455 4321 3636 4425 Θεοῦ

2136 4409 2262 4502 Dele
2294 4437 2446 4506 ἔγνω
2482 4409 2535 4488 ἐι
2566 4433 2652 4502 μὴ
2685 4431 2753 4485 τό
2783 4430 3024 4498 Πνεῦμα
3041 4426 3147 4481 τοῦ
3175 4423 3345 4488 Θεοῦ,
3375 4420 3461 4474 καὶ
3477 4409 3646 4506 οὐχοῖἇξ

2141 4547 2200 4583 τε
2229 4497 2428 4596 λέγειν.
2460 4497 2651 4594 Ἡμεῖς
2672 4523 2740 4576 δὲ
2761 4525 2832 4577 οὐ
2861 4521 2924 4575 τὸ
2943 4497 3179 4589 πνεῦμα
3200 4516 3308 4570 τοῦ
3336 4515 3542 4580 κόσμου
3559 4497 3643 4557 ἐλά

467 4622 644 4676 neque
670 4607 851 4663 dicere
878 4615 1059 4678 potest
1081 4627 1095 4663 :
1118 4607 1231 4663 Nos
1261 4619 1434 4664 autem
1451 4627 1554 4664 non
1579 4611 1824 4680 spiritum
1855 4610 2035 4663 mundi

2143 4623 2340 4689 ϐομεν,
2376 4617 2510 4672 ἀλλὰ
2549 4617 2609 4670 τὸ
2651 4613 2877 4685 Πνεῦμα
2905 4612 3000 4666 τοῦ
3024 4609 3158 4665 Θεοῦ
3179 4627 3193 4640 ·
3233 4607 3359 4679 περὶ
3386 4599 3440 4659 οὗ
3471 4602 3642 4689 smmi-

467 4699 840 4767 accepimus",
875 4699 968 4754 sed
1002 4698 1264 4769 Spiritum
1299 4700 1416 4765 Dei,
1447 4702 1514 4756 de
1544 4717 1654 4772 quo
1677 4704 1882 4758 dictum
1906 4713 1991 4757 est
2019 4719 2031 4753 :

471 4788 614 4843 Nam
669 4789 900 4858 Spiritus
960 4793 1138 4845 omnia
1198 4802 1496 4861 scrutatur,
1549 4796 1710 4848 etiam
1771 4794 2036 4864 profunda

466 4879 568 4936 Dei
589 4880 667 4949 ¹⁹;
694 4896 816 4951 quae
857 4897 982 4936 cum
1023 4883 1192 4953 probe
1233 4884 1433 4950 norim,
1473 4885 1783 4941 nullatenus
1824 4887 1893 4940 de
1941 4887 2040 4941 ho-

469 4971 681 5027 minum
728 4974 1094 5042 inaequalitate
1145 4975 1469 5043 perturbor;
1510 4977 1620 5030 imo
1660 4992 1792 5031 vero
1827 4977 2037 5048 gaudeo

467 5073 522 5120 et
553 5065 732 5130 laetor,
781 5065 1140 5133 providentiae
1188 5067 1456 5122 rationem
1508 5084 1620 5122 non
1665 5069 1734 5123 ab
1781 5069 2039 5124 humanis

469 5157 712 5219 casibus,
741 5158 834 5211 sed
861 5158 931 5211 ab
977 5159 1234 5228 operibus
1277 5175 1541 5213 manuum
1569 5159 1664 5214 Dei
1708 5167 1764 5215 et
1785 5161 1852 5215 ab
1881 5162 2040 5230 opili-

469 5248 571 5304 ciis
597 5246 716 5317 ejus
743 5258 926 5305 mente
957 5251 1296 5321 concipiens.
1335 5251 1557 5305 Gaudeo
1600 5252 1726 5306 item
1757 5261 1811 5306 et
1845 5254 2038 5308 admo-

471 5337 600 5392 dum
626 5339 800 5404 laetor,
822 5341 889 5394 iis
910 5340 1148 5396 donatus
1179 5342 1357 5405 bonis,
1391 5342 1592 5411 quibus
1619 5341 1882 5412 insipiens
1913 5343 2038 5411 qui-

470 5425 604 5481 Iibet
634 5437 688 5483 et
718 5430 919 5485 stultus
956 5431 1225 5499 privatur,
1255 5446 1358 5484 nec
1386 5431 1532 5485 valet
1569 5433 1639 5486 ab
1669 5432 1925 5501 Operibus
1941 5430 2037 5486 Dei

474 5516 618 5574 illius
648 5521 1001 5591 providentiae
1026 5522 1081 5576 in
1106 5523 1288 5578 omnia
1323 5523 1562 5580 rationes
1594 5523 1856 5578 ediscere.

580 5735 623 5765 "'
658 5734 802 5788 Psal.
835 5751 927 5790 vm
952 5778 964 5799 ,
1002 5740 1051 5792 Ιι.
1134 5741 1174 5770 ’⁵
1219 5739 1348 5810 Sap.
1378 5757 1505 5810 xm,
1540 5743 1591 5797 5.

1691 5746 1733 5777 ¹⁶
1772 5742 1926 5799 Rom.
1967 5761 2004 5812 ι,
2044 5747 2130 5800 90.
2217 5748 2258 5778 ¹⁷
2299 5746 2478 5801 lCor.
2520 5761 2588 5810 ιι,
2629 5744 2712 5799 ll.

2149 4713 2217 4766 Τὸ
2251 4711 2360 4781 γὰρ
2391 4710 2633 4778 Πνεῦμα
2680 4705 2877 4760 πάντα
2915 4699 3150 4772 ἐρευνᾷ,
3183 4699 3281 4754 καὶ
3312 4697 3382 4751 τὰ
3415 4694 3554 4781 ,ϐάθη
3577 4700 3643 4738 τον

2145 4779 2326 4859 Θεοῧ·
2356 4801 2497 4873 ειπερ
2522 4798 2695 4862 εἰδὼς,
2730 4796 2981 4867 οὐδαμῶς
3025 4793 3118 4852 ἐπὶ
3159 4795 3223 4863 τῇ
3270 4790 3376 4844 τῶν
3413 4779 3641 4852 ἀνθρώπων

2143 4894 2427 4966 ἀνωμαλίᾳ
2472 4893 2842 4964 ταράττομαι·
2891 4888 3065 4960 χαίρω
3116 4885 3173 4938 δὲ
3222 4883 3315 4937 καὶ
3359 4874 3640 4966 εὐφραένρμαί

2137 4961 2273 5052 τοὺς.
2294 4961 2675 5057 τῆς-προνοίας
2704 4981 2894 5049 λόγους
2937 4979 3037 5032 οὐκ
3079 4976 3188 5030 ἀπὸ
3215 4974 3320 5027 τῶν
3340 4969 3468 5025 κατὰ
3492 4961 3637 5056 ivi)??-

2141 5094 2240 5129 πον
2275 5073 2726 5144 συμπτωμάτων,
2764 5069 2872 5122 ἀπὸ
2909 5068 2965 5121 δὲ
3005 5065 3111 5119 τῶν
3149 5065 3322 5136 εργων
3361 5058 3459 5111 τῶν
3488 5061 3638 5149 -κείεξῗν

2140 5167 2230 5222 τοῦ
2258 5165 2394 5219 Θεοῦ
2430 5165 2525 5218 καὶ
2555 5163 2662 5216 ἀπὸ
2686 5161 2792 5215 τῶν
2823 5159 3141 5230 ποιημάτων
3174 5154 3333 5210 αὐτοῦ
3362 5139 3635 5212 καταλαμεα-

2139 5275 2264 5312 νων.
2306 5256 2415 5309 Καὶ
2454 5255 2628 5326 χαίρω
2669 5270 2734 5322 γε
2778 5252 2871 5305 καὶ
2909 5247 3404 5320 ὑπερευφραίνομαι
3449 5230 3636 5290 τοιούτων

2142 5341 2516 5406 καταξιωθεὶς,
2551 5325 2624 5393 ὧν
2652 5339 2937 5410 ἐπέρηται
2967 5340 3075 5400 πᾶς
3105 5335 3290 5406 ἄφρων
3313 5332 3398 5386 καὶ
3424 5325 3630 5382 ἀσύνετος,

2141 5434 2202 5484 οὐ
2235 5430 2528 5500 δυνάμενος
2553 5429 2660 5482 ἀπὸ
2689 5429 2796 5482 τῶν
2822 5428 2996 5500 ἔργων
3022 5426 3113 5479 τοῦ
3145 5424 3299 5487 Θεοῦ,
3322 5423 3423 5484 τοῖς
3451 5412 3552 5485 περὶ
3568 5409 3631 5473 τῆς

2144 5525 2371 5579 καθόλου
2404 5524 2659 5594 προνοίας
2684 5523 2860 5591 λόγοις
2893 5519 3304 5592 μαθητεύεσθαι.

2795 5744 2836 5776 ’⁸
2877 5743 3004 5799 ibid.
3045 5741 3128 5796 12.
3211 5740 3250 5774 ι’
3291 5735 3405 5793 ibid.
3443 5731 3512 5786 l0.
