3830 6288
245 373 389 430 1177

234 582 546 652 διέκυψαν
595 584 816 652 πάντες
866 590 919 641 ot
973 587 1345 658 ἐργαζόμενοι
1387 589 1502 658 τὴν
1536 589 1814 659 ἀνομίαν,

235 673 406 740 ὅπως
445 675 523 729 ἂν
562 676 1069 746 ἐξολοθρευθῶσιν
1087 681 1173 745 εἱς
1196 680 1303 734 τὸν
1327 679 1512 735 αἰῶνα
1539 681 1645 734 τοῦ
1686 681 1818 734 αὶῶ-

231 776 371 825 ¹νος.
407 761 465 813 '0
497 761 594 832 μὲν
640 763 828 835 ἄφρων
878 767 971 820 καὶ
1005 767 1279 832 ἀσύνετος,
1318 768 1459 838 ὁρῶν
1486 770 1701 834 ἀσεϐεῖς
1727 771 1820 823 εὐ·-

234 847 640 920 θυμουμένους,
675 853 916 920 δικαίους
961 857 1018 910 δὲ
1058 859 1150 911 καὶ
1185 860 1425 924 εὐσεϐεῖς
1449 861 1817 932 κακουμένους

230 939 301 992 οὐ
341 942 550 1013 συνίησι
605 946 730 1009 τοὺς
760 946 861 1016 τῆς
901 949 1164 1020 Προνοίας
1222 949 1433 1019 λόγους,
1493 951 1606 1004 ἀλλ’
1656 952 1813 1015 εὐθὺς

229 1031 332 1084 ἐπ’
361 1033 577 1098 ἀσεϐεῖς
619 1036 876 1108 τρέπεται
900 1040 1213 1112 λογισμοὺς,
1248 1042 1526 1096 ἐκπίπτων
1555 1046 1635 1108 είς
1660 1043 1816 1097 ἀθεό-

227 1140 380 1194 τητα
405 1142 420 1156 θ
481 1127 593 1196 ἐγὼ
646 1129 724 1192 δέ,
772 1131 849 1202 τῷ
899 1134 1164 1205 ποιήματί
1205 1152 1297 1188 σου
1330 1135 1552 1206 ἐνορῶν,
1583 1137 1814 1200 καὶτοῖς

221 1215 426 1286 ἔργοις
470 1219 581 1274 τῶν
625 1223 826 1296 χειρῶν
872 1242 988 1292 σου,
1039 1227 1176 1297 μετά
1204 1227 1312 1280 τῶν
1345 1227 1517 1281 ἄλλων
1555 1227 1810 1291 συνεῖδον,

230 1308 324 1362 ὅτι
355 1310 415 1363 τὸ
446 1311 598 1375 τέλος
627 1314 736 1368 τῶν
760 1316 900 1369 κατὰ
926 1319 1014 1371 τὸν
1049 1317 1162 1389 βίον
1195 1318 1567 1390 εὐθυμούντων
1600 1318 1812 1372 ἀσεϐῶν

230 1399 461 1474 ὄλεθρον
494 1405 732 1476 περιέχει
761 1408 854 1461 καὶ
880 1408 1183 1463 ἀπώλειαν·
1212 1410 1293 1464 διὸ
1321 1411 1453 1465 πολὺ
1493 1411 1653 1464 πλέον
1685 1412 1811 1474 τοὺς

227 1491 339 1561 ’τῆς
364 1493 510 1558 θείας
537 1497 769 1568 κρίσεως
795 1499 986 1568 λόγους
1028 1501 1562 1573 ὑπερεκπλήττομαι.
1595 1502 1810 1571 ’Ὠσπερ

228 1582 372 1649 γοῦν
407 1584 596 1654 χόρτος
625 1588 716 1639 καὶ¹
739 1587 806 1640 τά
832 1589 939 1641 ἀπὸ
963 1590 1067 1660 γῆς
1095 1591 1228 1662 ἄνθη
1266 1591 1400 1662 πρὸς
1425 1591 1602 1660 ὀλίγον
1635 1591 1809 1663 ὡραῖα

229 1672 508 1739 φαίνεται,
544 1677 635 1729 καὶ
688 1677 869 1746 θέλγει
905 1679 1004 1750 τὴν
1039 1681 1248 1751 ὅρασιν,
1298 1682 1391 1735 καὶ
1427 1683 1525 1754 τὴν
1558 1671 1829 1753 αἴσθησιν

227 1764 475 1852 ἅπασαν,
505 1767 627 1821 ὅσον
658 1768 714 1820 δέ
770 1771 980 1825 οὐδέπω
1021 1773 1341 1842 μεταϐάλλει
1384 1773 1478 1828 καὶ
1520 1775 1802 1846 τρέπεται,

232 1856 416 1924 φθίνει
446 1877 505 1913 τε
537 1862 708 1932 ῥᾷστα
741 1864 831 1916 καὶ
854 1864 1168 1918 ἀπόλλυται·
1188 1865 1278 1920 τὸν
1306 1866 1468 1921 αὐτὸν
1487 1868 1686 1938 τρόπον
1713 1870 1808 1921 καὶ

223 1951 280 2000 oi
315 1951 465 2022 παρά
507 1956 619 2016 τοῖς
651 1955 862 2020 πολλοῖς
906 1957 1304 2029 θαυμαζόμενοι
1347 1960 1659 2032 ἁμαρτωλοὶ
1691 1961 1806 2031 ἅμα

223 2055 289 2092 τε
336 2041 632 2108 ἀνέτειλαν,
670 2044 763 2097 καὶ
824 2047 962 2119 πρὸς
1005 2049 1181 2117 ὀλίγον
1231 2050 1582 2121 ἁνθήσαντες,
1629 2053 1806 2106 διέκυ-

223 2131 362 2201 ψαν,
387 2134 662 2206 ἐφάνησάν
687 2153 746 2188 τε
777 2137 920 2201 τίνες
951 2139 1077 2192 ποτέ
1105 2142 1231 2205 εἰσι,
1263 2142 1355 2194 καὶ
1391 2143 1582 2206 ὁποίας
1616 2161 1807 2214 προαι-

229 2225 467 2294 ρέσεως·
507 2223 604 2280 εἴτ’
637 2229 735 2281 οὐκ
767 2231 847 2293 είς
877 2232 1085 2302 μακρὸν
1111 2234 1305 2296 αὐτοὺς
1336 2235 1596 2305 μετῆλθεν
1621 2235 1804 2289 οὐκέτι

226 2316 438 2388 βραχὺς
464 2322 557 2373 καὶ
583 2322 912 2394 πρόσκαιρος
940 2324 1177 2396 ὄλεθρος,
1213 2326 1348 2380 ἀλλά
1370 2327 1620 2400 διηνεκὴς
1656 2330 1805 2383 ἀπώ-

221 2407 367 2464 λεια.
419 2411 789 2486 Ἐπειδήπερή
817 2416 882 2487 σὴ
907 2416 1270 2485 δικαιοκρισία
1300 2422 1410 2484 τοῖς
1447 2420 1804 2492 ἀνθρωπίνοις

224 2500 498 2573 ἐφέστηκε
543 2504 850 2576 πράγμασι,
890 2506 970 2561 διὸ
1001 2507 1064 2579 δὴ
1092 2509 1322 2579 μάλιστα
1355 2513 1804 2584 συγκεχωρῆσθαι

221 2594 342 2654 τοῖς
362 2594 703 2665 ἁμαρτωλοῖς
735 2598 828 2650 καὶ
861 2601 974 2663 τοῖς
1017 2600 1401 2673 ἐργαζομένοις
1429 2604 1528 2675 τὴν
1576 2605 1804 2676 ἀνομίαν

221 2685 287 2737 τὸ
328 2686 608 2741 ἀνατεῖλαι
629 2691 721 2742 καὶ
747 2689 1004 2761 διακύψαι
1026 2691 1295 2763 ἠγοῦμαιο
1324 2694 1399 2758 ὡς
1427 2695 1492 2748 ἂν
1519 2695 1801 2766 ἐλεγχθείη

221 2779 460 2852 αὐτῶνή
500 2782 838 2854 προαίρεσις,
885 2785 945 2838 οὐ
977 2785 1157 2848 καλῶς
1208 2789 1318 2850 τοῖς
1346 2787 1438 2840 τοῦ
1463 2788 1596 2840 Θεοῦ
1629 2789 1804 2860 δωρή-

226 2888 363 2940 μασι
416 2875 760 2947 κεχρημένη’
813 2876 1000 2947 διόπερ
1057 2877 1267 2941 ἔκδικος
1334 2878 1529 2943 αὐτοὺς
1583 2879 1803 2951 ὄλεθρος

224 2963 446 3029 αἰώνιος
467 2965 783 3035 διαδέξεται.

297 3055 384 3108 Σὺ
416 3055 484 3109 δὲ
507 3057 791 3126 Ὕψιστος
807 3062 892 3126 είς
923 3061 1033 3116 τὸν
1063 3063 1272 3128 αἰῶνα,
1299 3066 1493 3133 Κύριε.
1520 3065 1639 3118 Ὅτι
1673 3063 1801 3118 ἰδοὺ

223 3151 279 3202 οἱ
303 3149 506 3219 ἐχθροί
518 3166 653 3215 σου,
679 3153 876 3219 Κύριε,
910 3151 998 3204 ὅτι
1028 3151 1156 3205 ἰδοὺ
1186 3157 1239 3207 οὶ
1276 3153 1474 3223 ἐχθροί
1510 3168 1624 3208 σου
1652 3155 1798 3208 ἀστο-

219 3242 496 3306 λοῦνται,
553 3243 653 3297 καὶ
694 3245 1345 3315 διασκορπισθήσονται
1372 3245 1592 3311 πάντες
1621 3247 1674 3298 οἱ
1714 3244 1800 3313 ἐρ-

223 3332 530 3406 ππζόμενοι
561 3334 676 3404 τὴν
704 3337 976 3407 ἀνομίαν.
1002 3336 1112 3390 Καὶ
1152 3335 1537 3405 ὑψωθήσεται
1567 3337 1648 3402 ὼς
1685 3353 1796 3405 μο-

216 3427 550 3495 νοκέρωτος
597 3429 662 3482 τὸ
714 3429 892 3497 κέρας
914 3447 1054 3499 μου,
1107 3430 1205 3482 καὶ
1249 3428 1315 3482 τὸ
1360 3427 1549 3498 γῆράς
1575 3445 1692 3498 μου
1729 3427 1799 3480 ἐν

217 3521 408 3586 ἐλαίῳ
433 3522 618 3577 πίονι.
651 3523 760 3577 Καὶ
792 3523 1026 3576 ἐπεῖδεν
1043 3525 1075 3576 δ
1107 3523 1412 3593 ὀφθαλμός
1431 3538 1550 3591 μου
1577 3515 1797 3586 ἐν’τοῖς

219 3610 460 3680 ἐχθροῖς
487 3629 628 3681 μου,
657 3613 756 3666 καὶ
801 3612 871 3664 ἑν
895 3612 1018 3678 τοῖς
1046 3610 1547 3680 ἐπανισταμένοις
1575 3610 1668 3663 ἐπ’
1693 3609 1799 3679 ἐμὲ

217 3703 724 3772 πονηρευομένοις
763 3705 1161 3758 ἐπακούσεται
1196 3703 1262 3758 τὸ
1288 3699 1394 3768 οὖς
1412 3720 1544 3772 μου.
1579 3703 1651 3755 Σὺ
1677 3703 1796 3771 μὲν,

219 3788 410 3856 φησὶν,
441 3784 485 3842 ὦ
508 3789 700 3861 Κύριε,
731 3792 817 3844 ἀεὶ
849 3791 1073 3845 κατὰτὰ
1095 3791 1230 3844 αὐτὰ
1268 3791 1359 3845 καὶ
1386 3789 1645 3854 ὡσαύτως
1660 3790 1798 3861 ἔχων

230 3878 482 3950 ’Υψιστος
498 3882 555 3934 ἐν
573 3882 795 3952 ὑψηλοῖς
821 3883 1090 3953 διαμενεῖς
1119 3882 1209 3936 τὸν
1233 3883 1519 3952 σύμπαντα
1541 3882 1711 3936 αἰῶνα
1736 3882 1797 3934 οὐ

222 3974 578 4043 τρεπόμενος,
613 3975 674 4027 οὑ
708 3973 1153 4046 ταπεινούμενος,
1188 3975 1285 4028 οὐκ
1313 3964 1796 4043 ἀλλοιούμεν⁰ς’.⁰ὐ

220 4060 488 4131 κρείττων
547 4061 745 4115 σαυτοῦ
792 4064 1094 4134 γινόμενος,
1133 4061 1194 4114 οὐ
1232 4067 1345 4128 τοῖς
1385 4065 1662 4125 ταπεινοῖς
1691 4063 1798 4117 τῶν

217 4152 320 4204 ἐπὶ
374 4152 474 4223 γῆς
511 4152 882 4224 ὁμοιούμενος,
926 4153 1047 4206 οὐδέ
1100 4154 1294 4226 μικρόν
1329 4171 1382 4207 τι
1427 4153 1520 4208 καὶ
1548 4153 1798 4207 ταπεινὸν

216 4243 435 4314 φρονῶν
468 4243 560 4296 καὶ
589 4243 862 4315 πράττων,
893 4243 1008 4298 ἀλλ’
1041 4245 1121 4308 εἰς
1143 4246 1366 4316 ἄπειρον
1402 4243 1584 4316 σαυτῷ
1610 4243 1798 4314 διαμέ-

213 4352 329 4390 νων
361 4337 542 4406 ὅμοιος
562 4353 578 4368 ι
609 4338 768 4407 ἡμεῖς
791 4337 846 4390 δέ
872 4337 920 4389 οἱ
952 4338 1196 4390 ταπεινοὶ
1218 4337 1310 4390 καὶ
1339 4337 1553 4408 μακρὰν
1576 4338 1673 4408 τῆς
1697 4339 1796 4408 σῆς

1377 376 1878 435 COMMENTABIA
1917 377 1985 432 IN
2025 379 2362 438 PSALMOS.

335 492 428 543 Ἑν
446 489 526 556 τῷ
551 491 854 547 ἀνατεῖλαι
877 492 1260 563 ἁμαρτωλοὺς
1278 495 1421 550 ὡσεὶ
1445 497 1682 565 χόρτον,
1718 495 1813 549 καὶ
1846 499 1891 555 Λ

3343 377 3477 433 1178

1994 495 2153 554 Vens.
2185 499 2237 553 8.
2279 498 2412 555 Cum
2453 503 2625 555 exorti
2663 502 2855 571 fuerint
2893 510 3185 572 peccatores
3226 499 3360 552 sicut
3409 495 3458 562 fe

1919 606 2064 654 num,
2097 601 2146 645 et
2188 592 2526 661 apparuerint
2570 610 2745 646 omnes
2793 594 2882 664 qui
2918 601 3197 660 operantur
3242 588 3467 656 iniquita

1919 693 2019 734 tem
2044 697 2063 747 ;
2094 693 2150 735 ut
2182 683 2442 738 intereant
2472 686 2527 737 in
2557 684 2806 738 sa’cutum
2831 684 3029 738 sinenti.
3062 682 3328 751 Insipiens
3358 678 3461 747 qui-

1918 772 2038 827 dem
2075 788 2137 827 ac
2169 775 2368 828 stultus
2403 775 2509 839 ille,
2535 790 2656 828 cum
2688 774 2831 829 videt
2861 775 3055 842 impios
3083 773 3331 826 homines
3365 784 3468 839 pro

1917 880 2074 935 spere
2123 881 2300 934 agere,
2332 866 2510 934 justos
2561 873 2740 919 autem
2790 873 2844 920 et
2883 865 3003 934 pios
3045 864 3289 917 homines
3323 861 3480 913 malis

1915 955 2170 1025 Opprimi,
2204 955 2563 1011 Providentia:
2590 958 2855 1011 rationem
2897 970 3005 1009 non
3046 953 3337 1022 intelligit;
3387 949 3478 1005 sed
3528 1010 3534 1015 _

1917 1046 2097 1099 statim
2133 1045 2198 1100 ad
2247 1047 2407 1114 impia
2457 1047 2740 1101 ratiocinia
2779 1046 3031 1106 vertitur,
3083 1045 3154 1098 ita
3204 1044 3390 1112 lapsus
3421 1050 3477 1094 ut

1915 1137 2122 1190 nullum
2153 1152 2274 1191 esse
2305 1137 2472 1192 Deum
2507 1146 2676 1208 putet.
2706 1138 2816 1208 Ego
2843 1152 2974 1191 vero
3000 1134 3271 1204 opiﬁcium
3302 1140 3478 1196 tuum,

1914 1236 1967 1283 et
1999 1244 2160 1298 opera
2195 1245 2450 1284 manuum
2489 1239 2704 1284 tuarum
2756 1230 3131 1289 considerans,
3165 1227 3218 1279 in
3259 1225 3344 1279 his
3383 1223 3463 1277 de.

1913 1319 2172 1389 prehendi
2207 1320 2365 1374 finem
2398 1320 2707 1390 impiorum,
2733 1320 2823 1389 qui
2858 1319 2911 1371 in
2940 1318 3043 1371 hac
3076 1316 3184 1369 vita
3222 1327 3479 1383 prospere

1914 1418 2102 1480 agunt,
2143 1425 2266 1465 esse
2303 1410 2578 1464 interitum
2618 1426 2681 1465 ac
2720 1410 3010 1480 perniciem
3045 1427 3057 1461 :
3099 1420 3268 1477 quare
3309 1404 3480 1456 multo

1913 1499 2084 1568 magis
2116 1498 2283 1552 divini
2330 1499 2518 1568 jndicii
2563 1500 2827 1553 rationem
2865 1497 3124 1550 admiror.
3159 1493 3292 1548 Nam
3335 1493 3480 1547 sicut

1913 1587 2094 1642 fenum
2136 1597 2189 1643 et
2216 1587 2374 1644 ﬁores
2405 1597 2564 1643 terra:
2595 1587 2661 1642 ad
2694 1588 2855 1642 breve
2876 1595 3088 1655 tempus
3119 1584 3366 1653 speciosa
3395 1581 3478 1634 vi-

1910 1679 2106 1734 dentur
2140 1681 2436 1750 oculosque
2477 1695 2542 1734 ac
2590 1694 2810 1734 sensum
2843 1679 3188 1740 demulcent,
3229 1674 3321 1729 sed
3349 1683 3476 1725 mox

1911 1778 2192 1825 mutantur
2221 1787 2285 1824 ac
2315 1779 2620 1833 vertuntur,
2662 1770 3023 1838 l'acillimequc
3050 1772 3394 1819 marcescunt
3419 1768 3476 1815 et

1838 1859 1878 1912 Β
1909 1867 2172 1928 pereunt;
2211 1862 2400 1915 eodem
2446 1859 2605 1915 modo
2635 1866 2972 1929 peccatores,
3004 1857 3097 1927 qui
3141 1869 3306 1923 penes
3334 1851 3475 1906 mul-

1909 1957 1993 2005 tos
2035 1951 2088 2003 in
2119 1951 2477 2006 admiratione
2528 1951 2816 2015 habentur,
2853 1965 2976 2002 cum
3021 1948 3253 2018 primum
3301 1941 3474 1998 exorti

1910 2042 2148 2108 fuerunt,
2183 2044 2330 2097 brevi
2362 2042 2681 2106 ﬂoruerunt,
2713 2057 2776 2096 ac
2821 2039 3098 2110 conspecti
3151 2044 3312 2101 sunt;
3363 2041 3475 2089 sta-
3522 2026 3529 2032 ’

1905 2133 2112 2203 timque
2137 2132 2388 2202 apparuit
2414 2131 2601 2200 quales
2628 2129 2850 2192 fuerint,
2879 2136 2930 2182 et
2971 2126 3115 2197 quod
3159 2125 3469 2179 institutum

1906 2227 2029 2280 vitm
2064 2225 2357 2280 tenuerint.
2393 2223 2504 2279 Nec
2534 2224 2626 2278 diu
2672 2229 2860 2293 postea
2901 2220 3048 2289 ipsos
3084 2217 3349 2290 pernicies
3387 2215 3475 2267 in-

1905 2318 2067 2382 vasit,
2103 2332 2212 2371 non
2247 2317 2360 2386 jam
2407 2317 2588 2370 brevis
2625 2324 2677 2368 et
2726 2325 3093 2383 temporanea,
3133 2307 3226 2364 sed
3276 2321 3470 2377 perpe-

1905 2418 2056 2463 tuum
2105 2408 2350 2471 exitium,
2399 2407 2526 2476 quia
2567 2405 2710 2460 enim
2749 2404 2956 2474 justum
2997 2400 3264 2470 judicium
3317 2405 3472 2450 tuum

1904 2502 2068 2556 rebus
2097 2501 2344 2554 imminet
2377 2498 2653 2562 humanis,
2696 2496 2902 2551 idcirco
2929 2493 3139 2548 aestimo
3172 2489 3472 2561 peccatori-

1902 2593 2006 2649 bus
2030 2601 2084 2649 ct
2111 2592 2463 2664 operantibus
2501 2589 2838 2661 iniquitatem
2864 2585 3109 2649 concedi,
3132 2592 3192 2637 ut
3218 2582 3472 2638 exorian-

1903 2694 1992 2740 tur
2021 2695 2077 2742 et
2107 2700 2364 2756 prospere
2393 2692 2589 2754 agant;
2631 2688 2691 2736 ut
2742 2695 2929 2736 eorum
2969 2676 3256 2731 consilium
3290 2681 3344 2728 et
3370 2686 3470 2726 vo-

1901 2780 2106 2842 luntas,
2142 2777 2232 2832 Dei
2259 2777 2577 2831 muneribus
2610 2788 2719 2828 non
2764 2773 2900 2826 bene
2944 2785 3065 2831 usa,
3096 2773 3420 2836 coarguatur
3451 2782 3466 2818 :

1901 2869 2256 2940 quamobrem
2300 2867 2468 2922 ultrix
2521 2881 2615 2921 eos
2668 2873 2724 2920 et
2766 2872 2967 2919 aeterna
3022 2861 3292 2932 pernicies
3322 2857 3472 2914 exci-

1900 2962 2031 3032 piet.
3459 3003 3466 3012 _

1970 3055 2137 3110 Vens.
2172 3055 2206 3111 9
2229 3087 2253 3096 -
2285 3054 2370 3109 12.
2408 3053 2488 3107 Τιι
2533 3062 2708 3106 autem
2752 3049 3058 3103 Altissimus
3103 3048 3156 3100 in
3190 3055 3465 3106 a'ternum,

1901 3148 2142 3202 Domine.
2201 3147 2466 3212 Quoniam
2515 3161 2628 3198 ecce
2679 3141 2877 3195 inimici
2924 3139 3022 3201 tui,
3076 3137 3316 3196 Domine,
3348 3147 3471 3210 quo-

1903 3239 2046 3293 niam
2075 3255 2188 3292 ecce
2222 3237 2424 3292 inimici
2470 3237 2548 3288 tui
2591 3232 2850 3302 peribunt,
2885 3239 2934 3285 et
2971 3230 3329 3297 dispergentur
3355 3241 3470 3277 om-

1900 3348 1989 3385 nes
2024 3330 2112 3400 qui
2140 3339 2422 3399 operantur
2469 3325 2820 3396 iniquitatem.
2864 3319 2931 3374 Et
2973 3318 3297 3374 exaltabitur
3333 3314 3468 3368 sicut

1899 3423 2166 3476 unicornis
2191 3437 2352 3474 cornu
2372 3435 2566 3482 meum,
2591 3426 2640 3471 et
2665 3423 2898 3470 senectus
2923 3428 3037 3465 mea
3059 3412 3113 3463 in
3137 3409 3245 3463 oleo
3267 3405 3465 3476 pingui.

1901 3513 1970 3568 Et
2005 3514 2233 3581 respexit
2261 3511 2444 3566 oculus
2483 3527 2628 3564 meus
2663 3507 2899 3561 inimicos
2921 3520 3083 3567 meos,
3115 3510 3163 3555 et
3199 3501 3254 3553 in
3288 3499 3469 3551 insur-

1899 3606 2139 3676 gentibus
2170 3606 2224 3658 in
2254 3621 2334 3658 me
2373 3602 2784 3675 malignantibus
2816 3600 2993 3655 audiet
3035 3596 3178 3649 auris
3212 3609 3347 3646 mea.
3383 3588 3466 3642 Tu

1899 3698 2142 3771 quidem,
2190 3696 2285 3758 ait,
2336 3693 2582 3759 Domine,
2622 3694 2715 3762 qui
2755 3705 2966 3759 semper
2993 3701 3122 3753 ,uno
3167 3682 3466 3748 eodemque

1899 3790 2060 3844 modo
2097 3787 2410 3842 Altissimus
2457 3799 2537 3848 es,
2588 3785 2643 3838 in
2676 3781 2908 3836 excelsis
2947 3791 3135 3831 manes
3181 3787 3277 3843 per
3304 3783 3465 3824 omne

1900 3882 2180 3942 saeculum,
2217 3892 2324 3932 non
2347 3874 2727 3938 mutaris,non
2761 3867 3036 3938 dejiceris,
3072 3880 3181 3919 non
3209 3858 3465 3924 verteris,

1899 3988 2008 4027 non
2051 3971 2222 4039 teipso
2246 3966 2438 4021 melior
2466 3963 2674 4025 evadis,
2708 3976 2806 4015 nec
2833 3960 2902 4014 iis
2930 3957 3023 4027 qui
3062 3955 3114 4008 in
3147 3961 3292 4007 terra
3336 3955 3467 4005 sunt

1899 4060 2196 4118 humilibus
2223 4055 2419 4113 similis
2442 4071 2520 4120 es,
2548 4067 2655 4107 non
2684 4051 2935 4121 exiguum
2965 4054 3058 4100 aut
3082 4043 3284 4098 humile
3307 4040 3466 4111 quid-

1897 4154 2044 4224 piam
2079 4152 2248 4206 sentis
2295 4158 2388 4200 aut
2418 4146 2557 4216 agis,
2610 4142 2704 4197 sed
2743 4141 2798 4194 in
2848 4146 3110 4193 aeternum
3138 4131 3239 4186 tibi
3271 4128 3467 4185 similis

1897 4222 2222 4319 permanes;
2263 4255 2366 4294 nos
2392 4246 2570 4292 autem
2610 4233 2865 4297 humiles,
2892 4229 2985 4300 qui
3008 4225 3244 4298 procula
3265 4222 3468 4278 virtute

1897 4318 1988 4392 tua
2019 4335 2304 4396 absumus,
2348 4330 2455 4383 alio
2490 4328 2704 4397 alioque
2734 4323 2895 4378 modo
2941 4320 3167 4375 ferimur
3203 4321 3256 4369 et
3285 4318 3464 4366 muta-

215 4405 520 4496 ἀπέχοντες
573 4405 854 4496 δυνάμεως
899 4427 1086 4481 ἄλλοτε
1128 4426 1302 4492 ἄλλως
1341 4405 1649 4499 ⁷φερόμεθα,
1702 4405 1795 4480 καὶ

1906 4441 2039 4481 mur.
2069 4424 2274 4478 Inimici
2301 4422 2484 4490 itaque
2514 4418 2614 4482 tui,
2650 4415 2894 4478 Domine,
2927 4411 3019 4482 qui
3051 4422 3170 4463 sese
3192 4405 3323 4467 vita,
3346 4414 3468 4470 quae

219 4516 690 4588 μεταϐαλλόμεθα.
715 4519 777 4570 Oi
816 4518 913 4588 μὲν
945 4514 1038 4570 οὖν
1068 4518 1250 4587 ἐχθροί
1285 4535 1400 4581 σου,
1500 4517 1692 4588 Κύριε,
1719 4517 1794 4581 ὡς

1906 4517 2040 4588 apud
2073 4524 2127 4570 te
2153 4523 2256 4578 est,
2291 4513 2499 4566 alienos
2533 4507 2967 4568 constituerunt;
3003 4515 3066 4553 ac
3101 4497 3469 4567 praeoptarunt

216 4605 291 4659 ἂν
317 4607 540 4671 ἑαυτοὺς
571 4607 880 4679 ἀλλοτρίους
923 4610 1360 4679 καταστήσαντες
1391 4610 1491 4679 τῆς
1519 4608 1669 4680 παρά
1715 4610 1798 4660 σοὶ

213 4697 390 4767 ζωῆς,
427 4697 626 4770 ἔχθραν
657 4717 715 4751 τε
760 4700 880 4753 ἀντὶ
911 4700 1090 4769 φιλίας
1123 4699 1259 4773 πρὸς
1279 4701 1339 4752 σὲ
1365 4699 1456 4752 τὸν
1483 4700 1641 4771 μόνον
1663 4701 1799 4769 ἁγα-

169 4831 171 4833 -
215 4791 314 4845 θὸν
364 4791 630 4862 ἑλόμενοι,
689 4791 1034 4857 ἀπολοῦνται,
1074 4793 1284 4857 ἑαυτοῖς
1322 4791 1484 4845 αἴτιοι
1519 4791 1800 4863 γενόμενοι

214 4882 516 4946 ἀπωλείας,
566 4883 655 4936 διὰ
707 4884 767 4936 τὸ
795 4884 870 4955 μὴ
915 4884 1164 4956 ἐθελῆσαί
1207 4901 1289 4937 σοι
1329 4884 1668 4956 παραμένειν
1704 4883 1798 4937 καί

215 4990 304 5026 σοι
333 4975 664 5045 φιλωθῆναι⁶
709 4975 910 5048 ἔχθραν
949 4977 1007 5029 δὲ
1049 4975 1277 5049 ἄρασθαι
1299 4974 1397 5047 τὴν
1441 4975 1577 5046 πρὸς
1615 4975 1677 5027 σὲ
1709 4973 1798 5028 τὸν

217 5066 432 5119 ἑαυτῶν
461 5068 688 5138 ποιητήν
716 5085 776 5119 τε
805 5067 898 5119 καὶ
929 5067 1167 5137 σωτῆρα.
1191 5066 1283 5119 Διὸ
1306 5065 1406 5118 κᾶν
1441 5064 1608 5135 μυρία
1638 5081 1799 5116 συνα-

214 5161 464 5230 γάγωσιν
498 5159 555 5212 ἐν
581 5158 658 5228 τῷ
689 5158 788 5230 βίῳ
805 5157 981 5228 τούτῳ
1000 5159 1279 5228 χρήματα,
1307 5159 1400 5210 καὶ
1422 5156 1671 5220 πλοῦτον,
1702 5156 1798 5210 καὶ

217 5251 548 5322 θησαυροὺς,
607 5249 740 5303 ἀλλά
784 5250 852 5302 τὰ
907 5248 1084 5301 πάντα
1118 5249 1213 5302 σὺν
1246 5251 1366 5312 ταῖς
1389 5248 1568 5302 αὐτῶν
1599 5248 1798 5318 ψυχαῖς

217 5343 316 5396 καὶ
362 5343 544 5405 αὐτοῖς
603 5343 817 5412 σώμασι
862 5339 1460 5410 διασκορπισθήσονται.
1517 5337 1658 5407 Ἐγὼ
1688 5339 1744 5391 δὲ
1769 5340 1798 5391 ὀ

213 5436 320 5508 τὴν
350 5434 488 5506 πρὸς
522 5433 582 5486 σέ
606 5433 806 5502 γνῶσιν
825 5432 920 5485 καὶ
942 5431 1120 5501 φιλίαν
1138 5431 1544 5501 ἀσπασάμενος,
1572 5431 1665 5484 καὶ
1690 5429 1796 5484 τῶν

216 5525 430 5597 ἐχθρῶν
453 5541 544 5577 σου
571 5523 848 5595 ἀλλότριος
873 5521 1133 5592 γεγονὼς,
1151 5521 1471 5592 πέπεισμαι,
1491 5523 1571 5575 ὃτι
1587 5522 1684 5593 τῆς
1703 5521 1796 5574 ἐπὶ

215 5619 280 5671 τὸ
310 5621 560 5689 κρεῖττον
611 5617 914 5688 μεταϐολῆς
940 5615 1198 5685 τεύξομαι
1219 5617 1286 5685 τῇ
1327 5618 1393 5685 σῇ
1429 5613 1796 5685 δικαιοκρισίᾳ

217 5709 512 5764 πιστεύων·
541 5708 682 5762 ὥστε
710 5710 758 5760 εἰ
791 5709 885 5760 καὶ
915 5706 1054 5760 κατά
1082 5706 1173 5758 τὴν
1196 5705 1439 5776 παρόντα
1469 5705 1582 5774 βίον
1612 5703 1794 5767 ἄδοξός

215 5824 302 5871 τις
347 5800 488 5858 εἶναι
542 5801 754 5872 δοκοίην
803 5803 895 5854 καὶ
947 5799 1199 5863 ταπεινὸς
1241 5799 1388 5870 παρὰ
1421 5800 1531 5862 τοῖς
1562 5797 1792 5864 πολλοῖς,

1898 4610 2219 4666 inimicitias
2241 4615 2443 4669 tecum,
2475 4603 2568 4674 qui
2595 4602 2746 4659 solus
2775 4600 2952 4653 bonus
2974 4609 3054 4662 es,
3072 4604 3277 4662 gerere,
3300 4600 3464 4674 quam

1898 4700 2141 4755 amicitia
2171 4697 2278 4751 frui
2315 4707 2428 4761 tua,
2473 4693 2749 4764 peribunt,
2793 4687 3005 4755 .l‘sique
3058 4680 3161 4750 ipsi
3207 4673 3470 4748 perniciei-

1896 4801 2152 4848 auctores
2185 4797 2344 4844 erunt
2400 4807 2413 4842 :
2455 4785 2582 4856 quia
2641 4783 2931 4837 noluerunt
2969 4774 3106 4845 apud
3156 4781 3209 4826 te
3247 4782 3473 4824 manere

1895 4885 2164 4953 amicique
2209 4881 2285 4935 tui
2325 4893 2483 4942 esse;
2542 4875 2635 4930 sed
2693 4869 3006 4927 inimicitias
3053 4866 3341 4919 adversum
3387 4865 3469 4922 te,

1896 4977 2144 5046 opiﬁcem
2175 4982 2227 5029 et
2261 4977 2598 5025 servatorem
2630 4980 2814 5028 suum,
2856 4973 3164 5029 suscepere.
3199 4952 3470 5021 Quamob-

1895 5044 2011 5123 rem
2041 5065 2256 5122 etiamsi
2297 5063 2538 5116 inﬁnitas
2582 5059 2636 5113 in
2666 5058 2766 5111 hac
2795 5055 2905 5108 vita
2934 5051 3214 5122 pecunias,
3247 5044 3471 5102 divitias

1895 5169 1949 5217 et
1979 5161 2266 5214 thesauros
2289 5154 2582 5224 colligant;
2615 5149 2708 5204 sed
2743 5147 2924 5203 omnia
2950 5159 3072 5200 cum
3101 5138 3385 5195 animabus
3413 5141 3469 5190 et

1897 5250 2218 5322 corporibus
2243 5250 2482 5317 ipsorum
2513 5243 2908 5311 dispergentur.
2931 5235 3040 5306 Ego
3067 5247 3192 5287 vero
3238 5229 3331 5299 qui
3375 5241 3471 5282 co-

1896 5343 2192 5413 gnitionem
2229 5316 2280 5392 et
2309 5334 2599 5388 amicitiam
2637 5340 2781 5385 tuam
2819 5327 3176 5396 amplexatus,
3207 5326 3261 5375 et
3288 5316 3472 5371 inimi-

1895 5409 1976 5486 cis
2015 5431 2124 5485 tuis
2151 5429 2360 5481 alienus
2396 5423 2621 5479 eﬁ‘eetus
2647 5435 2790 5484 sum,
2823 5429 3144 5488 persuasum
3185 5409 3357 5464 habeo
3381 5421 3471 5461 me

1896 5523 2256 5578 mutationem
2281 5519 2337 5572 i-i
2368 5516 2562 5570 melius
2591 5521 2879 5568 nacturum
2913 5521 3054 5572 esse,
3081 5504 3232 5575 justo
3261 5497 3470 5570 judicio

1894 5624 1992 5668 tuo
2036 5611 2196 5666 ﬁdem
2247 5609 2476 5663 habens.
2517 5605 2704 5675 Itaque
2743 5600 2956 5660 etiamsi
2988 5600 3042 5653 in
3071 5593 3322 5667 praesenti
3357 5591 3469 5643 vita

1898 5704 2164 5775 inglorius
2194 5709 2248 5756 et
2276 5701 2400 5754 vilis
2439 5714 2560 5753 esse
2590 5711 2755 5766 penes
2788 5694 2988 5747 multos
3016 5690 3234 5752 videar;
3273 5683 3368 5739 sed
3413 5682 3470 5736 in

1899 5800 2002 5855 ﬁne
2029 5811 2210 5852 rerum
2233 5795 2542 5860 etaltahor;
2569 5792 2675 5845 imo
2700 5789 2880 5860 potius
2910 5799 3080 5840 cornu
3113 5795 3290 5836 meum
3315 5776 3470 5830 exal—
