3830 6288
509 316 646 373 H79

1214 312 1480 369 EUSEBII
1519 314 1992 371 CAESARIENSIS
2027 315 2175 372 OPP.
2218 315 2397 372 PARS
2426 316 2515 371 ill.
2550 347 2623 361 —
2655 316 3062 373 EXEGETICA.

3538 327 3634 384 “80

506 429 729 493 tabitur,
762 427 815 482 id
854 433 958 490 est,
996 441 1120 497 spes
1168 427 1319 498 regni
1353 426 1499 483 illius
1529 427 1672 498 quod
1719 429 1860 499 apud
1892 438 1944 484 te
1981 444 2067 484 me

2184 429 2282 482 ίιλλ⁶
2305 433 2362 484 ὲν
2391 431 2468 503 τῷ
2499 431 2642 484 τέλει
2670 432 2776 484 τῶν
2809 431 3146 501 πραγμάτων
3184 430 3514 503 ὑψωθήσομαι,
3539 440 3633 507 μί),

508 524 929 576 consecuturum
981 525 1269 588 exspecto;
1311 534 1432 589 quas
1495 519 1703 574 scilicet
1745 520 1864 591 pari
1911 519 2070 575 modo

507 613 834 670 exaltabitur
864 619 1025 683 atque
1067 612 1368 669 unicornis.
1416 613 1549 668 Nam
1599 615 1645 669 si
1674 616 1798 685 quis
1828 623 1912 670 est
1950 615 2072 670 uni-

507 705 694 760 cornis
715 705 776 758 in
791 702 1184 774 spirituaiibus,
1207 703 1369 773 quite
1397 703 1608 760 Patrem
1637 721 1794 762 suum
1823 713 1881 760 ut
1903 721 2069 760 unum

507 813 682 852 cornu
719 795 820 852 sibi
862 794 1116 862 ascribit;
1164 795 1301 851 bene
1343 797 1468 850 novi
1502 812 1608 862 me,
1644 798 1866 867 perinde
1909 805 2070 868 atque

511 886 682 948 illum,
721 884 1068 939 exaltandum
1107 899 1245 940 esse.
1293 884 1430 951 Quia
1472 887 1616 941 enim
1662 886 1906 943 hzercdes
1954 887 2068 952 Dei,

507 977 816 1033 coheredes
837 987 1012 1033 autem
1035 959 1235 1032 Christi
1254 993 1540 1044 vocamur;
1575 994 1733 1048 spero
1752 992 1836 1035 me
1858 981 2069 1047 eodem,

507 1087 616 1141 quo
646 1071 918 1133 Christus,
947 1086 1114 1142 regno
1145 1070 1438 1125 fruiturum
1482 1086 1624 1138 esse,
1661 1087 1784 1126 cum
1819 1080 2072 1129 senectus

508 1176 648 1224 mea,
677 1161 728 1215 id
762 1168 844 1215 est
872 1168 1112 1215 extrema
1139 1159 1262 1215 vitae
1291 1175 1444 1224 mete,
1497 1161 1824 1216 exaltabitur
1857 1163 1910 1217 in
1953 1164 2072 1219 oleo

507 1250 715 1322 pingui.
771 1249 996 1306 Etiamsi
1041 1251 1184 1306 enim
1222 1251 1524 1320 juventutis
1554 1259 1606 1306 et
1640 1253 1842 1324 vigoris
1879 1255 2074 1310 animae

509 1357 642 1395 mea:
669 1348 886 1412 tempus
922 1341 977 1395 in
1005 1341 1108 1396 hac
1140 1342 1274 1406 vita,
1315 1357 1412 1396 ceu
1461 1343 1515 1396 in
1545 1344 1862 1412 certamine,
1894 1345 2075 1400 humi-

509 1431 697 1485 liatum
740 1439 1091 1499 exerceatur;
1151 1440 1205 1486 at
1242 1441 1508 1498 extrema,
1544 1435 1827 1506 ipsiusque
1883 1438 2075 1493 anima:

510 1531 784 1586 senectus,
821 1523 874 1577 id
903 1531 988 1578 est
1017 1527 1416 1592 consummatio
1446 1526 1586 1595 ejus,
1620 1527 1974 1582 mutationem
2019 1530 2073 1583 in

510 1614 702 1669 melius
749 1613 1052 1682 obtinebit;
1109 1630 1170 1669 ac
1215 1615 1336 1670 oleo
1385 1617 1786 1686 superemuenti
1829 1619 1980 1673 diviti
2023 1630 2075 1675 et

510 1705 718 1776 pingui,
745 1707 886 1775 apud
909 1714 962 1762 te
992 1707 1302 1763 misericors
1330 1706 1492 1773 Deus,
1515 1709 1896 1766 viviﬁcabitur.
1919 1711 2074 1766 Tunc

2170 519 2258 572 λον
2284 519 2340 572 δὲ
2374 520 2434 573 τὸ
2466 520 2629 592 κέρας
2670 539 2769 592 μου
2810 520 3171 592 ὑψωθήσεται,
3218 521 3463 575 τουτέστιν
3483 527 3510 594 ἡ
3529 528 3634 593 ἐλπὶς

2169 609 2267 678 τῆς
2319 610 2772 682 προσδοκωμένης
2825 629 2926 681 μου
2956 610 3106 681 παρὰ
3160 611 3241 663 σοὶ⁸
3281 609 3532 679 βασιλείας,
3554 618 3635 688 ἣτις

2170 699 2511 770 ὑψωθήσεται
2555 701 2826 768 τοσοῦτον,
2860 703 2983 755 ὅσον
3013 703 3106 755 καὶ
3135 702 3169 772 ἡ
3213 702 3303 754 τοῦ
3334 706 3636 776 μονοκέρωτος.

2169 792 2232 844 Ei
2263 792 2370 864 γάρ
2391 793 2506 845 ἐστί
2533 811 2616 857 τις
2647 795 2704 846 ὲν
2752 795 2960 862 νοητοῖς
3014 793 3314 864 μονόκερως
3337 794 3388 846 ἓν
3410 795 3639 866 κέρας

2169 884 2512 956 γραφόμενός
2541 903 2600 938 σε
2621 887 2710 939 τὸν
2740 886 2905 939 αὑτοῦ
2946 887 3184 957 Πατέρα,
3217 881 3274 938 εὖ
3296 881 3403 940 οἶδα
3430 889 3509 938 καὶ
3535 891 3641 954 (nisi;

2169 975 2367 1045 ὁμοίως
2403 975 2594 1048 ἐκείνῳ
2636 976 3071 1048 ὑψωθησόμενος.
3114 977 3264 1030 Ἐπεὶ
3285 977 3384 1048 γὰρ
3413 978 3644 1049 κεκλήμεθα

2171 1065 2496 1139 κληρονόμοι
2531 1064 2668 1121 εἶναι
2699 1068 2854 1134 Θεοῦ,
2904 1068 3329 1138 συγκληρονόμοι
3373 1069 3424 1121 δὲ
3456 1070 3644 1139 Χριστοῦ,

2172 1159 2489 1231 πέπεισμαι,
2548 1161 2701 1232 φησὶ,
2751 1161 2848 1231 τῆς
2889 1161 3058 1232 αὑτῆς
3097 1160 3174 1232 τῷ
3210 1160 3418 1233 Χριστῷ
3445 1177 3521 1213 σου
3549 1163 3650 1231 βατι-

2171 1251 2320 1314 λείας
2356 1249 2702 1317 ἀπολαύσειν,
2741 1250 2978 1322 ὁπηνίκα
3019 1249 3079 1303 τὸ
3113 1250 3287 1322 γῆράς
3327 1267 3440 1319 μου,
3475 1252 3648 1303 τουτέστι

2171 1343 2240 1396 τὰ
2262 1341 2463 1412 ἔσχατα
2486 1343 2583 1414 τῆς
2607 1344 2745 1414 ἐμῆς
2767 1341 2912 1412 ζωῆς
2933 1340 3273 1413 ὑψωθήσεται
3298 1343 3352 1394 ὲν
3379 1342 3520 1411 ἐλαίῳ
3539 1343 3650 1399 πίονι,

2173 1439 2237 1492 Εἰ
2274 1439 2382 1510 γὰρ
2422 1437 2514 1490 καὶ
2564 1435 2631 1488 τὰ
2665 1433 2902 1504 μάλιστα
2939 1430 3006 1484 τὰ
3034 1431 3134 1501 τῆς
3162 1431 3404 1502 νεότητος
3429 1432 3509 1483 καὶ
3526 1431 3654 1502 eici};

2174 1528 2357 1598 ἀκμῆς
2379 1527 2478 1597 τῆς
2510 1524 2650 1594 ἐμῆς
2673 1522 2848 1592 ψυχῆς
2879 1520 2952 1584 ὡς
2991 1521 3050 1573 ὲν
3085 1520 3255 1589 ἀγῶνι
3287 1519 3362 1589 τῷ
3386 1521 3572 1591 παρόντι
3593 1521 3655 1591 βῆ)

2173 1618 2523 1674 ταπεινοῦται
2549 1633 2615 1684 γυ
2625 1613 2955 1686 μναζόμενα,
2976 1613 3111 1667 ἀλλὰ
3127 1613 3198 1666 τά
3219 1630 3282 1680 γε
3299 1612 3486 1682 ἔσχατα
3509 1613 3657 1682 καὶτῆς
3762 1623 3763 1632 ‘

2173 1710 2350 1781 ψυχῆς
2381 1708 2548 1776 αὑτῆς
2593 1705 2652 1758 τὸ
2691 1705 2887 1775 γῆρας,
2923 1702 3197 1756 τουτέστιν
3236 1704 3270 1774 ἡ
3308 1702 3552 1766 τελείωσις
3576 1704 3658 1755 τεὺο

509 1809 643 1849 sane
668 1795 858 1850 oculus
889 1811 1042 1851 meus
1071 1797 1160 1867 qui
1194 1813 1358 1867 super
1378 1806 1691 1868 peccatores
1715 1801 2070 1864 contabescit,

2184 1800 2323 1867 Ξεται
2352 1798 2449 1868 τῆς
2478 1796 2569 1850 ἐπὶ
2588 1795 2648 1848 τὸ
2682 1797 2925 1867 κρεῖττον
2949 1793 3270 1865 μεταϐολῆς,
3296 1794 3350 1846 ὲν
3379 1793 3520 1864 ἐλαίῳ
3533 1812 3659 1865 περιτ-

508 1891 564 1941 et
594 1886 872 1941 mortalem
901 1887 1066 1940 vitam
1098 1888 1364 1959 deplorat,
1399 1889 1468 1945 ab
1509 1890 1746 1947 inimicis
1777 1892 1914 1948 meis
1944 1909 2074 1947 con-

509 1976 794 2045 spicietur,
825 1992 1030 2046 eosque
1057 1978 1265 2034 debitas
1293 1995 1482 2050 poenas
1517 1982 1667 2037 luere
1708 1983 1940 2050 videbit;
1980 1985 2072 2054 qui

506 2066 619 2136 jam
670 2066 812 2135 apud
861 2068 1063 2124 multos
1113 2069 1284 2140 gloria
1317 2072 1684 2138 celebrantur,
1731 2089 2076 2144 quorumque

511 2159 636 2216 ﬁnis
672 2161 997 2230 dispersioni
1032 2163 1296 2218 tradetur.
1347 2161 1499 2218 Tunc
1537 2180 1644 2219 non
1681 2166 1843 2220 modo
1883 2167 2075 2222 oculus

510 2266 686 2316 meus,
718 2252 813 2307 sed
852 2253 1015 2306 etiam
1055 2253 1203 2308 auris
1249 2253 1444 2309 animae
1488 2271 1642 2320 mete,
1678 2255 1838 2312 ﬁnem
1895 2258 2077 2312 audiet

509 2356 722 2405 eorum,
750 2344 842 2411 qui
869 2342 983 2412 jam
1015 2342 1303 2416 insurgunt
1327 2345 1616 2401 adversum
1642 2361 1728 2401 me
1757 2355 1810 2402 et
1844 2349 2078 2420 maligne

511 2443 698 2503 agunt.
727 2433 932 2489 Horum
953 2451 1082 2506 ergo
1106 2439 1349 2491 omnium
1377 2453 1542 2494 causa
1572 2439 1932 2496 admiratione
1954 2457 2078 2512 per-

511 2524 700 2580 culsus
756 2525 823 2580 de
879 2528 1235 2596 providentia:
1289 2541 1392 2584 tua:
1433 2532 1663 2596 ratione,
1699 2539 1752 2586 et
1804 2531 1871 2587 de
1927 2533 2078 2603 justo

510 2612 715 2680 judicio
741 2615 838 2670 abs
873 2621 925 2670 te
951 2617 1205 2672 omnibus
1235 2617 1530 2682 reddendo,
1551 2634 1650 2690 ego
1679 2620 1896 2688 quidem
1928 2620 2079 2675 laetor

511 2712 568 2758 et
591 2705 806 2759 exsulto
833 2707 888 2760 in
923 2709 1178 2777 operibus
1205 2725 1463 2763 manuum
1499 2718 1750 2778 tuarum;
1778 2713 1956 2768 omnis
1983 2728 2080 2768 au-

513 2798 623 2846 tem
652 2795 734 2848 vir
764 2795 1026 2866 insipiens
1052 2806 1106 2852 et
1129 2799 1331 2854 stultus
1367 2816 1474 2855 non
1502 2800 1753 2871 intelligit
1777 2801 1910 2856 hare.
1935 2802 2082 2869 Qua-

515 2893 738 2954 propter
783 2886 906 2941 dico
945 2906 961 2944 :
1009 2889 1181 2954 Quam
1229 2893 1571 2962 magniﬁcam
1607 2903 1730 2947 sunt
1762 2911 1918 2964 opera
1965 2906 2078 2962 tua,

514 2976 773 3032 Domine!
802 2994 902 3034 nec
929 2981 1090 3036 modo
1119 2981 1399 3050 profundae
1429 2981 1585 3038 factae
1621 2993 1769 3050 sunt,
1801 2990 1893 3044 sed
1926 2989 2082 3044 valde

512 3067 792 3139 profunda:
814 3068 971 3138 facta:
997 3081 1117 3126 sunt
1150 3074 1490 3144 cogitationes
1521 3085 1623 3131 tua,
1641 3091 1662 3142 ;
1694 3078 1899 3148 quibus
1940 3081 2082 3151 cogi-

515 3158 816 3215 tationibus
837 3176 1036 3217 arcano
1065 3172 1120 3218 et
1150 3143 1421 3236 profundo
1449 3167 1610 3222 modo
1643 3143 1955 3225 universum
1986 3143 2080 3227 ad-
2108 3143 2150 3200 θ

517 3250 797 3306 ministras
833 3270 846 3305 :
877 3267 941 3306 ac
971 3253 1108 3310 sinis
1150 3256 1367 3325 quidem
1400 3268 1453 3312 et
1497 3258 1773 3325 concedis,
1828 3267 1888 3315 ut
1932 3262 2084 3333 impii

517 3342 621 3396 hoc
639 3349 879 3410 tempore
909 3346 1216 3401 exaltentur
1252 3343 1305 3404 et
1348 3351 1711 3418 extollantur;
1737 3352 1810 3421 pii
1838 3369 1966 3408 vero
1982 3355 2086 3408 bu-

518 3434 816 3498 milientur,
853 3453 1082 3507 quorum
1127 3447 1304 3494 tamen
1353 3442 1474 3496 linis
1508 3442 1742 3498 mirabili
1782 3451 1835 3499 et
1869 3446 2085 3516 sapien-

517 3526 742 3581 tissimae
773 3527 1167 3598 dispensationi
1193 3542 1297 3585 tute.
1324 3533 1692 3588 testimonium
1718 3536 1940 3604 prtebet,
1965 3552 2086 3606 quae

518 3620 870 3688 conspicatus
898 3619 1118 3676 divinus
1154 3621 1445 3692 Apostolus
1477 3624 1556 3677 sic
1589 3625 1922 3680 vociferatus
1951 3635 2035 3682 est
2069 3646 2081 3681 :

522 3709 569 3765 0
599 3711 825 3766 altitudo
847 3714 1150 3766 divitiarum
1173 3715 1447 3784 sapientia:
1465 3724 1515 3769 et
1539 3717 1770 3771 scientia:
1788 3717 1902 3782 Dei,
1929 3735 2087 3788 quam

520 3803 1064 3873 incomprehensibilia
1092 3817 1213 3860 sunt
1234 3805 1440 3876 judicia
1464 3809 1577 3878 ejus
1618 3818 1667 3863 et
1699 3809 2086 3880 int'estigabiles

521 3895 620 3948 viae
645 3896 758 3960 ejus
781 3897 824 3926 ²⁰
849 3897 863 3951 ι

2173 1892 2382 1946 τεύοντι
2429 1889 2522 1943 καὶ
2580 1885 2819 1956 πλουσίῳ
2871 1885 2964 1940 καὶ
3001 1886 3164 1951 πίονι,
3191 1884 3271 1956 τῷ
3325 1885 3464 1956 παρά
3503 1887 3580 1948 σοὶ,

2175 1985 2422 2057 ὲλεήμονι
2447 1979 2564 2052 Θεῷ
2591 1979 2916 2050 ζησομένης.
2953 1978 3085 2032 Τότε
3111 1977 3176 2048 δὴ
3203 1978 3324 2030 τότε
3351 1977 3438 2030 καὶ
3465 1976 3489 2028 ὁ
3513 1976 3585 2029 νῦν
3603 1979 3661 2030 ἐπὶ

2173 2079 2286 2140 τοῖς
2338 2073 2679 2146 ἁμαρτωλοῖς
2729 2070 3089 2142 ὲκτηκόμενός
3140 2086 3242 2140 μου
3301 2069 3574 2138 ὀφθαλμὸς,
3603 2069 3662 2119 καί

2174 2166 2264 2220 τὸν
2297 2164 2485 2235 θνητὸν
2522 2161 2633 2232 βίον
2664 2160 3092 2230 ἀποκλαόμενος,
3117 2158 3376 2226 ἐπόψεται
3392 2159 3491 2220 τοῖς
3517 2156 3661 2226 ἐχθροῖς

2179 2272 2301 2326 μου,
2336 2252 2477 2323 ὀρῶν
2527 2251 2682 2321 δίκην
2725 2250 2824 2320 τὴν
2869 2249 3188 2320 πρέπουσαν
3221 2246 3450 2310 διδόντας
3490 2247 3588 2308 τοὺς
3605 2245 3664 2296 νῦν

2178 2345 2329 2417 παρά
2375 2347 2488 2408 τοῖς
2521 2342 2738 2405 πολλοῖς
2784 2339 3194 2410 δοξαζομένους,
3228 2330 3302 2391 ὧν
3345 2337 3404 2390 τὸ
3451 2337 3574 2400 τέλος
3591 2337 3665 2390 δια-

2179 2433 2505 2508 σκορπισμῷ
2533 2430 2985 2504 παραδοθήσεται.
3004 2430 3135 2482 Τότε
3152 2429 3210 2482 δὲ
3235 2429 3295 2482 οὑ
3329 2429 3473 2500 μόνον
3489 2431 3514 2481 ὁ
3531 2427 3663 2495 ὀφθαλ-

2181 2526 2279 2597 μός
2303 2543 2428 2598 μου,
2465 2523 2599 2578 ἀλλὰ
2643 2523 2736 2576 καὶ
2782 2521 2914 2575 αὑτὸ
2959 2521 3020 2574 τὸ
3048 2514 3140 2583 οὖς
3165 2521 3268 2590 τῆς
3303 2518 3437 2589 ἐμῆς
3467 2517 3604 2589 ψυχῆς
3628 2519 3668 2569 τὸ

2177 2621 2330 2682 τέλος
2387 2616 2677 2672 ἀκούσεται
2737 2615 2844 2668 τῶν
2896 2613 3134 2684 σήμερον
3186 2612 3589 2682 ἐπανισταμένων
3613 2610 3666 2661 ἐπ’

2180 2710 2281 2781 ἐμὲ
2311 2707 2404 2762 καὶ
2437 2705 2906 2778 πονηρευομένων.
2933 2702 3150 2756 Τούτων
3174 2702 3221 2755 δ’
3241 2696 3333 2755 οὖν
3352 2701 3496 2754 ἕνεκα
3521 2700 3668 2753 πάντων

2181 2798 2617 2872 ὑπερθαυμάζων
2632 2797 2758 2860 τοὺς
2778 2797 2877 2867 τῆς
2906 2795 3003 2865 σῆς
3027 2793 3501 2867 προνοίαςλόγους,
3529 2791 3669 2858 καὶτὴν

2182 2892 2548 2963 ἀποκειμένην
2588 2891 2700 2952 τοῖς
2733 2890 2865 2941 πᾶσι
2893 2886 3043 2959 παρὰ
3078 2885 3171 2939 σοῦ
3202 2884 3580 2956 δικαιοκρισίαν,
3600 2879 3670 2948 ἐγὼ

2186 2989 2283 3059 μὲν
2334 2987 2837 3060 ὑπερευφραίνομαι
2894 2987 2986 3041 καὶ
3034 2985 3278 3055 ἀγαλλιῶ
3308 2983 3397 3036 ἐπὶ
3432 2985 3526 3044 τοῖς
3549 2981 3670 3050 ἔργοις

2183 3083 2290 3136 τῶν
2322 3081 2520 3154 χειρῶν
2579 3099 2703 3135 σου·
2741 3084 2850 3146 πᾶς
2889 3081 2946 3135 δὲ
2974 3080 3162 3151 ἄφρων
3203 3078 3344 3150 ἀνὴρ
3382 3076 3467 3130 καὶ
3491 3073 3670 3130 actim};

2183 3175 2244 3228 οὐ
2295 3175 2510 3247 συνίησι
2557 3175 2750 3230 ταῦτα.
2787 3175 2876 3228 Διὸ
2909 3175 2974 3245 δή
3018 3188 3194 3243 φημι·
3242 3169 3340 3236 Ὠς
3383 3165 3670 3237 ἐμεγαλύνθη

2182 3267 2256 3322 τὰ
2273 3268 2417 3338 ἔργα
2451 3282 2587 3331 σου,
2630 3267 2850 3336 Κύριε]
2884 3267 2978 3320 καὶ
3011 3265 3108 3335 οὑχ
3143 3261 3333 3325 ἁπλῶς
3369 3255 3669 3324 ἐσαθύνθησανν

2183 3358 2319 3413 ἀλλὰ
2343 3359 2577 3429 σφόδρα
2623 3351 3040 3424 ἐϐἱιθύνθησιιν
3088 3357 3144 3409 οι
3191 3348 3545 3422 διαλογισμοί
3574 3357 3668 3397 σευ·

2186 3450 2308 3507 καθ’
2343 3450 2836 3521 οὒς-διαλογισμοὺς
2857 3449 3183 3520 ἀπορρήτως
3200 3446 3298 3499 καὶ
3322 3443 3508 3514 βαθέως
3525 3436 3670 3496 διοικείς

2188 3541 2247 3595 τὸ
2276 3543 2403 3603 πᾶν,
2436 3541 2745 3611 ἐπιτρέπων
2781 3541 2874 3593 καὶ
2905 3539 3199 3610 συγχωρῶν
3233 3536 3446 3590 ἀσεϐέσι
3487 3532 3565 3602 μὲν
3584 3525 3672 3579 κατὰ

2190 3632 2282 3684 τὸν
2307 3631 2547 3702 παρόντα
2597 3630 2786 3702 καιρὸν
2833 3629 3155 3701 ἐπαίρεσθαι
3193 3619 3290 3682 καὶ
3319 3622 3567 3695 ὑψοῦσθαι,
3594 3616 3672 3678 τοὺς

2190 3723 2247 3776 δὲ
2277 3723 2516 3786 εὐσεϐεῖς
2558 3719 2966 3785 ταπεινοῦσοαι,
2999 3714 3072 3775 ὧν
3109 3719 3178 3772 τὰ
3209 3719 3338 3789 τέλη
3376 3713 3596 3788 μαρτυρεῖ
3617 3723 3671 3758 5'”

2189 3817 2257 3885 τῇ
2299 3815 2584 3885 θαυμαστῇ
2631 3813 2724 3867 καὶ
2752 3811 3010 3881 πανσόφῳ
3031 3810 3324 3880 διοικήσει*
3365 3804 3484 3899 ἂμ
3522 3793 3671 3899 mia?!

2193 3904 2288 3958 καὶ
2314 3906 2341 3956 ὁ
2359 3905 2501 3968 θεῖος
2515 3905 2647 3958 Ἀπὸ
2656 3903 2837 3966 στολος
2854 3901 3162 3972 ὲξεφώνησε
3179 3900 3264 3964 τὸ,
3286 3900 3345 3952 Ὢ
3371 3896 3537 3961 ,Βάθος
3553 3892 3672 3942 πλού·

520 4006 627 4043 του
675 3990 771 4044 καὶ
809 3991 1028 4061 σοφίας
1057 3991 1158 4049 καὶ
1179 3993 1444 4065 γνώσεως
1485 3996 1653 4062 Θεοῦ,
1712 3997 1792 4063 ὡς
1843 3997 2280 4069 ἀνεξερεύνητα
2319 4002 2391 4056 τὰ
2425 3999 2678 4073 χρίματὰ
2732 4014 2884 4073 οσου,
2931 3999 3030 4053 καὶ
3074 3996 3501 4064 ἀνεξιχνίαστοι
3526 3989 3571 4042 αὶ
3593 3981 3672 4037 ὁδοί

519 4081 728 4135 αὑτοῦ.

592 4195 758 4253 Vsus.
797 4199 882 4263 15,
913 4201 998 4256 14.
1033 4199 1222 4259 Justus
1251 4213 1308 4260 ut
1337 4207 1516 4274 palma
1549 4206 1788 4274 ﬂorebit,
1818 4208 1953 4263 sicut
2004 4225 2087 4262 ce-

521 4288 671 4353 drus,
697 4308 814 4360 qum
840 4294 895 4345 in
929 4292 1128 4349 Libano
1159 4307 1257 4362 est,
1280 4299 1739 4367 multiplicabitur.
1765 4299 2088 4356 Peccatores

2245 4101 2274 4115 ν

2261 4208 2500 4272 Δίκαιος
2544 4207 2625 4272 ὡς
2663 4203 2865 4275 φοίνιξ
2907 4201 3180 4270 ἀνθήσει,
3207 4200 3301 4266 ὼς
3331 4200 3366 4267 ἠ
3391 4195 3565 4262 κέδρος
3587 4187 3672 4256 ἢέν

2193 4298 2273 4364 τῷ
2293 4296 2524 4364 Λιϐάνῳ
2550 4293 3059 4364 πληθυνθήονεται.
3085 4292 3154 4345 Oi
3177 4291 3275 4361 μὲν
3297 4283 3570 4359 ἁμαρτωλοὶ
3590 4276 3673 4331 ὡσεὶ

523 4379 741 4450 quidem
779 4382 921 4436 sicut
970 4382 1154 4438 fenum
1183 4388 1405 4469 exoriri,
1438 4366 1495 4444 et
1529 4388 1603 4443 ad
1632 4391 1940 4461 exemplum
1978 4391 2082 4446 feni

2195 4390 2386 4460 χόρτος
2445 4388 2691 4456 ἐλέγοντο
2743 4385 3056 4440 ἀνατέλλειν
3077 4423 3091 4449 ,
3138 4381 3234 4436 καὶ
3292 4366 3673 4482 καταλλήλιιέςντῷ

523 4487 635 4526 non
661 4473 754 4527 diu
785 4483 969 4541 postea
1015 4477 1192 4545 perire
1236 4479 1365 4533 dicti
1393 4493 1540 4534 sunt.
1573 4481 1706 4535 Nam
1735 4492 1982 4538 exortum
2016 4481 2092 4538 fe-

525 4577 655 4615 num
685 4565 866 4618 statim
897 4566 1247 4624 exsiccatum.
1264 4576 1368 4636 est,
1398 4580 1451 4624 et
1473 4570 1570 4626 llos
1599 4571 1822 4641 decidit,
1843 4589 1908 4629 eo
1932 4590 2092 4644 pror-

524 4669 621 4708 sus
653 4655 814 4708 modo
847 4671 956 4724 quo
1002 4667 1343 4726 peccatorum
1393 4661 1504 4715 vita
1550 4669 1605 4716 et
1651 4663 1843 4733 gloria.
1900 4663 2093 4722 Justus

525 4751 708 4798 autem
735 4760 843 4798 non
875 4747 1018 4800 sicut
1059 4746 1240 4803 fenum
1265 4787 1280 4813 ,
1320 4750 1414 4804 sed
1449 4753 1642 4820 palmae
1671 4755 1844 4809 instar
1881 4755 2097 4814 florebit

528 4847 748 4887 sursum
788 4832 1002 4889 radices
1029 4842 1083 4889 et
1110 4850 1294 4891 comas
1319 4835 1584 4907 efferens;
1618 4856 1793 4910 neque
1825 4842 1976 4897 humi
1997 4858 2098 4913 po-

527 4925 684 4988 sitas,
717 4924 812 4980 sed
841 4925 907 4979 ad
949 4927 1144 4981 caelum
1173 4936 1442 4984 extensas.
1469 4930 1587 4995 Qua
1619 4931 1685 4986 de
1713 4948 1876 4988 causa
1908 4936 2099 5004 palmae

528 5014 745 5086 quidem
768 5015 952 5084 justus
993 5027 1379 5088 comparatur;
1415 5036 1525 5076 non
1560 5030 1738 5077 autem
1771 5025 1933 5079 unico
1982 5026 2100 5095 pal-

530 5121 633 5160 ma:
656 5115 889 5161 trunco:
924 5123 1050 5161 nam
1083 5111 1140 5162 in
1167 5110 1332 5166 ramis
1378 5112 1772 5182 multiplicatur
1795 5153 1814 5178 ,
1856 5116 1949 5186 qui
1983 5132 2093 5171 una

530 5210 655 5251 cum
686 5196 778 5250 illa
816 5207 871 5252 et
921 5213 1015 5268 per
1046 5199 1191 5252 illam
1222 5200 1452 5256 salutem
1495 5214 1924 5274 consequuntur.
1979 5205 2098 5272 Qua

532 5287 602 5344 de
619 5303 785 5344 causa
817 5289 1215 5360 comparandus
1248 5291 1374 5346 item
1397 5293 1582 5359 cedro,
1608 5311 1718 5350 non
1740 5298 1981 5362 cuilibet,
2003 5299 2098 5355 sed

533 5381 585 5436 el
618 5397 740 5451 qua
774 5381 827 5435 in
856 5379 1065 5437 Libano
1099 5391 1202 5437 est.
1249 5382 1527 5454 Multiplex
1560 5397 1737 5442 autem
1771 5389 1861 5442 illa
1889 5399 1992 5452 est,
2021 5399 2102 5446 at-

535 5487 645 5541 que
673 5473 962 5527 admodum
998 5489 1228 5529 numero
1257 5476 1675 5548 crescit,utpote
1700 5496 1819 5551 quae
1841 5482 1894 5535 in
1919 5491 2102 5540 monte

539 5564 926 5634 pinguissimo,
978 5565 1071 5636 qui
1104 5567 1437 5633 celsissimas
1470 5570 1693 5628 arbores
1747 5573 1998 5643 producit
2047 5582 2101 5631 et

646 5721 690 5751 “
728 5717 888 5774 Rom.
927 5735 980 5774 XI
1006 5762 1019 5783 ,
1055 5722 1143 5775 '55.

2197 4479 2602 4550 παραδείγματι
2624 4476 2718 4531 τοῦ
2754 4477 2967 4549 χόρτου,
2993 4475 3185 4537 οὑκείς
3226 4470 3427 4543 μακρὸν
3452 4461 3671 4530 διαφθείρε”

2195 4572 2339 4624 σθαιο
2375 4571 2492 4641 ἆμα
2518 4586 2579 4622 τε
2606 4568 2715 4640 γὰρ
2750 4567 3020 4621 ἀνέτειλεν
3049 4567 3078 4618 ὁ
3106 4563 3300 4634 χόρτος
3343 4560 3429 4614 καὶ
3462 4550 3669 4624 ἐξηράνθη,

2196 4661 2290 4715 καὶ
2315 4659 2373 4711 τὸ
2392 4658 2550 4721 ἄνθος
2565 4657 2840 4722 ἐξέπεσεν,
2871 4655 3058 4726 ὥσπερ
3078 4650 3169 4707 οὖν
3198 4653 3294 4705 καὶ
3316 4653 3348 4722 ἡ
3375 4649 3472 4702 τῶν
3491 4647 3670 4714 ἀμαρτω-

2197 4755 2304 4808 λῶν
2331 4754 2443 4824 ζωή
2473 4771 2533 4806 τε
2560 4753 2654 4806 καὶ
2683 4751 2807 4816 δόξα
2825 4769 2838 4782 ο
2867 4753 2896 4804 ὁ
2940 4749 2999 4804 δὲ
3029 4749 3233 4811 δίκαιος
3265 4748 3324 4800 οὐ
3356 4743 3482 4797 κατά
3501 4738 3571 4790 τὸν
3593 4732 3668 4803 χόρ-

2198 4865 2310 4911 τον,
2334 4823 2469 4901 ἀλλά
2494 4845 2730 4915 φοίνικος
2750 4843 2903 4912 δίκην
2921 4841 3167 4912 ἀνθήσει,
3196 4839 3307 4892 ἀνω
3338 4853 3433 4890 που
3455 4832 3598 4922 φέρον

2203 4939 2377 5012 ima"
2419 4937 2514 4990 καὶ
2554 4937 2653 4999 τὰς
2692 4933 2888 5005 κομάς,
2921 4934 2983 4986 οὑ
3022 4933 3197 5003 χαμαὶ
3233 4927 3490 4999 κειμένας,
3517 4918 3666 5012 ei;

2201 5004 2427 5099 οὐρανὸν
2455 5004 2854 5094 ὲκτεινομένγας.
2892 5022 3106 5075 Τούτων
3142 5019 3240 5089 μὲν
3275 5014 3362 5070 οὖν
3383 5017 3519 5068 ἕνεκα
3538 5004 3676 5075 φοίνικι

2203 5117 2579 5188 παραϐληθείη
2606 5116 2670 5170 ἂν
2693 5119 2720 5169 ό
2747 5117 2974 5178 δίκαιος,
3009 5113 3110 5166 οὐκ
3154 5111 3233 5164 ἔτι
3281 5110 3336 5162 δὲ
3378 5105 3460 5160 καὶ
3477 5099 3544 5193 τῷγ
3569 5106 3664 5193 tm?

2208 5212 2332 5280 ιρυεί
2362 5209 2600 5278 στελέχει
2642 5206 2736 5261 τοῦ
2785 5207 3026 5277 φοίνικος
3045 5221 3059 5234 ·
3091 5199 3409 5288 πολυπληθεῖ
3427 5193 3516 5288 γαρ
3535 5192 3576 5242 ἐν

2207 5269 2421 5363 κλάδοις
2446 5269 2557 5362 toi;
2588 5298 2702 5369 ἅμα
2723 5269 2871 5366 αὑτῷ
2895 5295 2990 5348 xui.
3013 5295 3079 5348 δι’
3102 5291 3262 5346 αὑτοῦ
3289 5269 3663 5370 σωζομένοις-Ἦν
3762 5313 3763 5336 ι

2205 5391 2370 5444 ἕνεκα
2399 5360 2770 5459 παραϐλητέον
2801 5360 2936 5456 αὑτῇ
2961 5387 3026 5455 τῇ
3049 5383 3251 5454 κέδρῳ,
3274 5380 3366 5472 οὐχ
3388 5369 3556 5472 ἁπλῶς,
3762 5401 3763 5412 η

2205 5484 2272 5552 τῇ
2305 5482 2362 5534 ὲν
2397 5479 2475 5550 τῷ
2533 5480 2775 5548 Λιϐάνῳ·
2811 5475 2986 5546 πολλὴ
3012 5475 3068 5527 δὲ
3106 5473 3243 5544 αὕτη
3278 5470 3365 5523 καὶ
3403 5467 3655 5552 μεγαλιιῑνωὶ

2208 5547 2519 5644 πληθύουσα
2538 5589 2550 5604 ο
2589 5570 2682 5626 ἅτε
2710 5547 2766 5624 έν
2790 5569 2903 5641 όρει
2927 5567 3132 5638 φύουσα
3149 5547 3658 5635 λιπαρο›¹ιτάτιί)νφέροντι
