3830 6288
255 333 391 387 “8|

1374 333 1876 390 COMMENTARIA
1915 336 1983 390 IN
2021 335 2356 394 PSALMOS.

3355 342 3490 401 “89

248 448 350 500 καὶ
378 446 654 520 τρέφοντι
704 447 1053 520 οὐρανομήκη
1099 448 1259 516 φυτά.
1312 449 1466 503 Οῦτω
1512 451 1557 503 δ’
1602 443 1692 502 οῦν
1733 449 1825 503 καὶ

1934 451 2042 516 alit,
2077 462 2354 509 nascatur.
2410 453 2500 508 Sic
2549 456 2729 526 itaque
2775 456 2983 526 justus,
3012 458 3250 513 infinitos
3305 474 3489 515 secum

244 542 280 591 ὁ
330 542 557 603 δίκαιος,
617 539 839 611 μυρίους
898 539 1032 611 έχων
1078 542 1203 604 τοὺς
1251 540 1319 593 δι’
1366 541 1529 594 αὐτοῦ
1581 542 1674 595 καὶ
1728 543 1824 595 σὺν

246 628 401 700 αὐτῷ
452 628 805 700 σωζομένους,
854 631 992 684 κατά
1026 631 1183 684 τοῦτο
1233 632 1329 702 μὲν
1372 632 1437 686 ἂν
1476 633 1722 703 ἐμφερὴς
1758 635 1823 705 τῇ

247 722 461 791 κέδρῳ,
514 721 593 793 τῷ
648 723 703 774 δὲ
749 722 946 791 φοίνικι
979 723 1117 776 κατά
1157 724 1226 776 τὰ
1257 723 1429 789 ἄλλως
1463 724 1823 795 δεδηλωμένα.

261 813 406 865 Ἀλλ’
433 812 493 865 οὐ
521 812 747 866 τοιοῦτοι
769 810 905 883 ἦσαν
922 814 970 866 οἱ
1001 812 1234 877 ἀσεϐεῖς,
1254 815 1300 866 οἱ
1321 813 1451 867 ὡσεὶ
1482 815 1673 885 χόρτος
1695 814 1825 868 ἀνα-

244 904 531 968 τέλλοντες
585 905 676 957 καὶ
708 906 1043 977 παραχρῆμα
1089 906 1491 976 ἀφανιζόμενοι.
1525 908 1826 975 Πεφυτευ-

239 992 422 1062 μένοι
457 995 528 1048 ἐν
577 994 657 1060 τῷ
708 995 851 1061 οἴκῳ
877 995 983 1048 τοῦ
1020 996 1190 1060 Θεοῦ,
1231 996 1301 1048 ἐν
1332 997 1460 1063 ταῖς
1483 996 1696 1061 αὐλαῖς
1720 994 1827 1048 τοῦ

251 1083 408 1137 Θεοῦ
466 1084 635 1153 ἡμῶν
689 1084 1117 1150 ἐξανθήσουσι.
1176 1086 1405 1150 Σπάνιος
1450 1086 1546 1157 μὲν
1586 1088 1614 1139 ὁ
1645 1086 1829 1157 ἄκρως

246 1175 479 1238 τέλειος,
503 1178 529 1228 ό
556 1176 647 1229 καὶ
662 1176 865 1239 δίκαιος
891 1176 1291 1247 ὠνομασμένος,
1325 1178 1523 1247 φοίνικι
1545 1178 1636 1230 καὶ
1656 1177 1829 1249 κέδρῳ

251 1266 745 1338 παραϐεϐλημένος
763 1284 776 1298 ·
803 1269 924 1320 ἐπεὶ
952 1268 1007 1320 δὲ
1036 1268 1111 1339 μὴ
1140 1268 1339 1331 πάντες
1362 1256 1611 1333 τοῖοῦτοι,
1635 1268 1825 1333 ίστέον,

250 1358 340 1410 ὅτι
378 1358 471 1410 καὶ
496 1358 601 1409 τῶν
630 1356 1015 1429 ἀτελεστέρων,
1052 1358 1188 1428 πλὴν
1221 1358 1355 1411 ἀλλά
1377 1358 1476 1427 τῆς
1513 1360 1570 1410 ὲν
1594 1357 1670 1428 τῷ
1696 1359 1829 1428 οίκῳ

251 1447 353 1499 τοῦ
375 1446 507 1499 Θεοῦ
536 1448 758 1516 φυτείας
790 1447 1130 1518 ἠξιωμένων,
1160 1447 1272 1500 ἔστι
1306 1466 1356 1501 τι
1390 1448 1593 1516 ἀγαθὸν
1638 1446 1791 1511 τέλος
1811 1466 1824 1479 ·

252 1540 315 1590 ὲν
349 1538 476 1607 γοῦν
520 1541 639 1601 ταῖς
694 1539 884 1603 αὐλαῖς
924 1538 1017 1592 τοῦ
1069 1539 1201 1592 Θεοῦ
1245 1539 1404 1609 ἡμῶν
1456 1538 1826 1609 ὲξανθήσουσι.

1927 544 2132 599 habens
2161 549 2253 615 qui
2290 546 2460 616 ipsius
2502 561 2666 616 opera
2697 549 2925 604 salutem
2984 559 3387 621 assequuntur,
3426 567 3488 606 ea

1925 637 2144 705 quidem
2200 639 2410 691 ratione
2454 639 2619 693 cedro
2665 642 3099 710 comparandus,
3157 645 3262 699 alia
3309 653 3489 699 autem

1927 730 2078 799 prius
2109 731 2411 793 enuntiata,
2440 731 2651 799 palmae.
2708 730 2778 784 At
2808 748 2915 786 non
2973 734 3285 803 hnjusmodi
3334 741 3492 790 erant

1926 820 2097 889 impii,
2132 822 2245 890 qui,
2270 830 2524 891 tanquam
2558 821 2738 876 fenum
2768 824 2966 887 exorti,
2994 842 3117 881 mox
3145 828 3305 881 deleti
3338 836 3491 882 sunt.

1928 910 2167 965 Plantati
2202 914 2254 965 in
2286 912 2437 966 domo
2459 912 2579 978 Dei,
2620 914 2672 967 in
2706 916 2859 969 atriis
2887 915 2985 969 Dei
3008 920 3177 971 nostri
3206 918 3490 986 ﬂorebunt.

1928 1005 2188 1059 Perrarus
2218 1004 2433 1074 quidem
2467 1013 2582 1069 est,
2614 1007 2705 1075 qui
2739 1005 2805 1059 ad
2840 1023 3109 1061 summum
3145 1009 3496 1079 perfectionis

1927 1096 2221 1157 devenerit.
2253 1096 2342 1165 qui
2373 1103 2426 1151 et
2451 1098 2633 1165 justus
2664 1106 2892 1152 vocatur
2913 1137 2928 1162 ,
2974 1100 3273 1169 palmaeque
3316 1115 3380 1154 ac
3405 1116 3497 1156 ce-

1927 1188 2026 1242 dro
2076 1186 2374 1242 confertur.
2448 1187 2553 1242 Sed
2606 1189 2734 1257 quia
2788 1205 2896 1243 non
2941 1204 3133 1244 omnes
3179 1190 3495 1259 hujusmodi

1928 1284 2075 1342 Sunt,
2102 1276 2380 1332 sciendum
2412 1283 2515 1339 est,
2545 1277 2706 1331 etiam
2753 1276 3262 1346 imperfectioribns,
3286 1281 3378 1347 qui
3416 1288 3496 1333 ta-

1926 1383 2049 1422 men
2079 1367 2170 1421 illa
2209 1367 2261 1421 in
2296 1367 2457 1422 domo
2489 1368 2585 1421 Dei
2625 1368 2960 1437 plantatione
2990 1368 3196 1438 dignati
3252 1367 3495 1433 fuerint,

1927 1460 2129 1513 bonum
2171 1459 2459 1529 quemdam
2512 1459 2670 1513 linem
2714 1460 3012 1528 repositum
3057 1476 3179 1515 esse
3215 1477 3227 1511 :
3283 1476 3407 1514 nam
3442 1462 3499 1515 in

1929 1548 2082 1603 atriis
2113 1548 2307 1603 domus
2357 1546 2449 1602 Dei
2499 1548 2672 1603 nostri
2717 1545 3003 1601 ﬂorebunt.
3040 1547 3096 1602 Id
3131 1564 3259 1603 vero
3296 1549 3499 1604 intelli-

252 1632 491 1702 Νοήσεις
519 1631 575 1683 δὲ
608 1630 874 1683 καὶτοῦτο
895 1626 1041 1684 οἷκον
1076 1630 1247 1700 μέγαν
1270 1631 1471 1700 Κυρίου
1497 1630 1707 1684 ἀκούων
1733 1632 1831 1702 τὴν

1934 1653 2045 1707 gas,
2078 1637 2121 1692 si
2151 1652 2248 1706 pro
2274 1651 2468 1707 magna
2491 1636 2650 1691 domo
2673 1635 2908 1699 Domini,
2940 1637 3238 1693 Ecclesiam
3278 1639 3399 1707 ejus
3440 1640 3498 1694 in

266 1723 597 1794 Ἐκκλησίαν
642 1720 827 1783 αὐτοῦ,
880 1721 978 1793 τὴν
1007 1722 1097 1773 ἐπὶ
1135 1722 1255 1791 γῆς,
1292 1723 1431 1774 κατά
1455 1722 1545 1775 τὸν
1586 1723 1830 1792 φήσαντα

1934 1736 2074 1782 terra
2106 1729 2265 1782 sitam
2290 1726 2526 1796 accipias
2555 1727 2855 1781 secundum
2882 1727 3228 1795 Apostolum,
3272 1730 3365 1798 qui
3398 1730 3495 1793 ait,

266 1816 591 1868 Ἀπόστολον
608 1832 620 1844 ·
661 1817 783 1868 Ἵνα
808 1814 943 1881 ἴδῃς
967 1811 1093 1877 πῶς
1122 1812 1216 1865 δεῖ
1241 1812 1310 1866 ἐν
1331 1815 1472 1877 οἴκῳ
1512 1814 1657 1868 Θεοῦ
1686 1814 1830 1867 ἀνα-

1941 1819 2007 1874 Ut
2046 1819 2220 1873 videas
2251 1819 2506 1890 quomodo
2535 1829 2767 1888 oporteat
2789 1820 2843 1873 in
2875 1820 3028 1874 domo
3051 1820 3150 1874 Dei
3177 1822 3496 1886 conversari,

255 1905 642 1973 στρέφεσθαι,
667 1903 797 1972 ἥτις
830 1904 1001 1956 ἐστὶν
1039 1904 1363 1965 Ἐκκλησία
1399 1903 1545 1957 Θεοῦ
1579 1902 1790 1971 ζῶντος
1812 1920 1828 1937 ’

255 1995 700 2066 πεφυτευμένους
756 1994 810 2047 δὲ
842 1997 897 2047 ἐν
952 1995 1124 2066 ταύτῃ
1162 1995 1287 2056 τούς
1314 1994 1410 2057 τάς
1441 1994 1614 2065 ἀρχὰς
1644 1998 1740 2065 τῆς
1774 1997 1831 2049 ὲν

256 2086 543 2156 θεοσεϐείᾳ
598 2086 876 2156 προκοπῆς
922 2084 1169 2137 ἐντεῦθεν
1207 2085 1513 2157 εἰληφότας,
1541 2082 1641 2139 οἷοι
1669 2082 1828 2156 ἦσαν,

253 2174 357 2237 οὓς
409 2174 700 2242 ἐφύτευσεν
746 2175 774 2226 ό
824 2172 1050 2237 Παῦλος,
1083 2173 1147 2225 δι’
1170 2172 1261 2235 οὐς
1298 2174 1391 2226 καὶ
1443 2173 1647 2242 ἔλεγεν,
1693 2174 1833 2243 Ἐγὼ

253 2266 583 2334 ἐφύτευσα,
630 2264 924 2330 Ἀπολλὼς
960 2265 1260 2328 ἐπότισεν,
1292 2265 1429 2318 ἀλλ’
1468 2268 1500 2318 ό
1543 2264 1687 2330 Θεὸς
1728 2265 1834 2332 ηὔ-

256 2357 466 2421 ξανεν.
487 2350 644 2409 Οὐτοι
659 2352 752 2408 οὐν
772 2355 820 2407 οἱ
834 2356 891 2406 ἐν
910 2356 973 2423 τῇ
994 2372 1059 2406 πε
1069 2354 1252 2424 ριγείῳ
1279 2355 1571 2425 Ἐκκλησία
1594 2354 1685 2407 τοῦ
1698 2354 1831 2407 Θεοῦ

255 2446 659 2516 πεφυτευμένοι
684 2446 840 2509 ἄνθος
878 2444 1243 2499 ἀποδώσουσιν
1270 2445 1465 2509 εὐῶδες
1499 2446 1593 2498 καὶ
1614 2445 1832 2516 γόνιμον

257 2540 360 2592 καὶ
384 2538 492 2593 τῶν
524 2538 742 2591 τελείων
769 2538 992 2607 καρπῶν
1009 2537 1266 2599 οίστικὸν,
1290 2538 1346 2591 ὲν
1370 2540 1489 2601 ταῖς
1520 2537 1711 2600 αὐλαῖς
1739 2535 1831 2589 τοῦ

253 2630 398 2686 Θεοῦ
432 2630 587 2703 ἡμῶν
620 2628 1130 2701 μεταφυτευθέντες,
1158 2628 1433 2681 τουτέστιν
1450 2629 1506 2681 ὲν
1522 2630 1641 2692 ταῖς
1668 2629 1831 2679 ἐπου-

259 2727 467 2794 ρανίοις
511 2726 733 2793 μοναῖς·
785 2721 913 2790 εἴγε
948 2719 1135 2774 πολλαὶ
1180 2719 1332 2792 παρά
1373 2720 1450 2791 τῷ
1481 2720 1678 2790 Πατρὶ,
1706 2717 1832 2771 ἔνθα

256 2817 384 2867 κατ’
437 2814 592 2880 ἀξίαν
642 2810 1084 2884 διαμερισθέντες
1128 2810 1176 2862 οί
1219 2809 1313 2863 νῦν
1353 2811 1410 2862 ὲν
1448 2809 1525 2880 τῷ
1571 2807 1704 2879 οἴκῳ
1735 2806 1829 2860 τοῦ

257 2904 401 2956 Θεοῦ
462 2903 878 2974 πεφυτευμένοι,
920 2900 1059 2954 κατά
1105 2899 1295 2970 καιρὸν
1350 2900 1439 2954 τὸν
1488 2901 1832 2970 προσήκοντα

257 2996 671 3066 ὲξανθήσουσιν.

340 3110 461 3161 Ἔτι
513 3106 1043 3177 πληθυνθήο-ονται
1099 3106 1169 3162 ἐν
1208 3107 1364 3177 γήρᾳ
1397 3108 1581 3172 πίονι,
1618 3108 1714 3164 καί
1740 3110 1832 3163 εὐ-
1858 3147 1899 3206 C

258 3201 599 3267 παθοῦντες
641 3204 904 3263 ἔσονται,
948 3199 1061 3253 τοῦ
1104 3200 1467 3270 ἀναγγεῖλαι,
1523 3201 1612 3255 ὅτι
1650 3202 1832 3271 εῠθὴς

255 3292 480 3358 Κύριος
512 3294 545 3345 ό
579 3293 721 3357 Θεὸς
767 3292 954 3361 ἡμῶν,
1010 3290 1107 3344 καὶ
1154 3292 1264 3345 οὐκ
1318 3291 1489 3346 ἐστιν
1538 3292 1736 3348 ἀδικία
1767 3294 1835 3348 ἐν

256 3387 447 3452 αὐτῷ.
500 3385 578 3442 Οὐ
632 3388 788 3458 μόνον
834 3387 1019 3459 φησὶν,
1053 3388 1134 3440 ὅτι
1184 3386 1568 3458 ἐξανθήσουσιν
1618 3390 1677 3443 ἐν
1714 3393 1834 3453 ταῖς

256 3478 454 3542 αὐλαῖς
474 3479 567 3532 τοῦ
591 3479 728 3533 Θεοῦ
756 3481 803 3532 οί
833 3481 1068 3550 σήμερον
1102 3481 1158 3532 ὲν
1192 3480 1268 3551 τῷ
1301 3480 1433 3550 οἴκῳ
1470 3481 1632 3535 αὐτοῦ
1664 3500 1836 3551 πεφυ-

255 3570 536 3639 τευμένοι,
589 3570 723 3623 ἀλλά
769 3572 862 3624 καὶ
906 3571 1058 3625 αὐτοὶ
1106 3570 1593 3642 πληθυνθήσονται,
1649 3572 1836 3646 ὥσπερ

260 3661 566 3732 ἀνωτέρω-ἡ
586 3662 819 3732 κέδροςὴ
847 3664 903 3714 ὲν
920 3662 995 3732 τῷ
1012 3662 1225 3729 Λιϐάνῳ
1243 3662 1588 3734 ἐπληθύνετο.
1620 3665 1756 3717 Πότὲ
1776 3665 1833 3717 δὲ

258 3752 425 3805 τοῦτο
453 3753 634 3816 αὐτοῖς
669 3752 839 3816 ἔσται,
861 3752 1019 3823 ἀλλ’ἢ
1039 3756 1095 3805 ἐν
1109 3754 1184 3823 τῷ
1204 3756 1272 3822 γή
1282 3771 1349 3824 ρᾳ
1364 3754 1440 3824 τῷ
1459 3754 1599 3807 πίονι
1620 3771 1634 3819 ;
1653 3754 1835 3825 Γῆρας

256 3843 325 3896 δὲ
358 3842 589 3896 ενταῦθα
615 3842 712 3913 τὴν
759 3842 1033 3896 τελείωσιν
1058 3844 1284 3897 πέπεισο
1327 3844 1576 3912 λέγεσθαι
1611 3845 1711 3914 τῆς
1738 3845 1837 3914 ψυ-

260 3935 392 4007 χῆς,
425 3938 482 3989 ὲν
514 3930 851 4009 ᾖγενόμενοι
906 3934 1267 3999 εὐπαθοῦντες
1328 3935 1541 3989 ἔσονται
1585 3937 1633 3988 οί
1658 3935 1751 3989 νῦν
1778 3939 1835 3989 ὲν

258 4026 344 4096 τῷ
382 4027 512 4097 οῖκῳ
554 4028 761 4098 Κυρίου
801 4027 1213 4097 πεφυτευμένοι.
1252 4025 1316 4079 El
1348 4026 1458 4097 γὰρ
1493 4027 1588 4081 καὶ
1635 4026 1701 4079 τὰ
1730 4027 1836 4097 μά-

256 4118 421 4170 λιστα
476 4118 616 4171 κατά
667 4118 757 4171 τὸν
817 4117 1056 4188 παρόντα
1082 4116 1292 4189 καιρὸν,
1344 4118 1401 4169 ὲν
1433 4112 1477 4185 ᾧ
1523 4116 1837 4185 φυτεύονται

260 4212 328 4263 ὲν
359 4210 434 4280 τῷ
457 4213 589 4281 οῐκῳ
628 4209 830 4279 Κυρίου
882 4207 1316 4272 κακοπαθοῦντες
1358 4207 1677 4274 διατελοῦσι,
1712 4209 1837 4267 τοὺς

260 4301 513 4374 πρώτους
570 4301 667 4370 τῆς
719 4300 989 4371 γεωργίας
1040 4301 1231 4364 πόνους
1284 4300 1678 4371 ὑπομένοντες·
1723 4300 1836 4353 ἀλλ’

260 4391 406 4445 ὲπάν
436 4390 530 4445 τοῦ
557 4392 740 4462 γήρως
775 4389 869 4442 τοῦ
896 4390 1077 4454 πίονος
1124 4390 1446 4455 ἀξιωθῶσιν,
1482 4390 1838 4454 εὐπαθοῦντες

1935 1928 2050 1982 qua:
2073 1921 2149 1965 est
2178 1910 2413 1965 Ecclesia
2434 1910 2532 1964 Dei
2558 1912 2767 1964 viventis
2799 1911 2878 1976 ¹¹;
2917 1921 2971 1966 et
3001 1912 3046 1967 si
3069 1926 3169 1981 pro
3194 1912 3301 1965 illis
3328 1911 3419 1980 qui
3441 1911 3497 1964 in

1936 2018 1998 2059 ea
2025 2003 2251 2073 plantati
2282 2010 2429 2066 sunt,
2459 2016 2553 2056 eos
2583 2003 2674 2071 qui
2700 2001 2978 2071 profectus
3009 2002 3062 2054 in
3089 2002 3348 2071 religione
3384 2000 3500 2069 pri-

1936 2091 2145 2146 moi-dia
2192 2092 2245 2145 in
2286 2092 2375 2145 illa
2424 2100 2787 2160 acceperunt:
2836 2092 3025 2160 quales
3073 2092 3106 2144 ii
3154 2098 3311 2145 erant
3361 2105 3500 2161 quos

1937 2183 2197 2252 plantavit
2225 2181 2446 2249 Paulus,
2476 2200 2816 2255 quorumque
2842 2201 3006 2241 causa
3036 2187 3191 2253 dixit,
3220 2186 3326 2258 Ego
3347 2185 3504 2255 plan-

1938 2275 2064 2336 tavi,
2090 2273 2277 2342 Apollo
2305 2275 2531 2345 rigavit;
2571 2277 2660 2329 sed
2684 2278 2827 2330 Deus
2862 2279 3235 2331 incrementum
3272 2277 3498 2331 dedit”.

1938 2362 2003 2417 Ili
2030 2364 2210 2434 itaque
2235 2365 2326 2435 qui
2358 2367 2413 2420 in
2439 2374 2656 2422 terrena
2688 2367 2782 2422 Dei
2813 2367 3056 2423 Ecclesia
3094 2368 3320 2438 plantati
3350 2374 3499 2431 sunt,

1937 2454 2120 2511 ﬂorem
2142 2459 2385 2512 emittent
2436 2459 2620 2515 suavis
2654 2460 2838 2515 odoris
2873 2476 2935 2514 ac
2972 2475 3293 2530 generosum
3328 2459 3503 2529 perfe-

1936 2555 2256 2618 ctorumque
2285 2549 2562 2605 fructuum
2592 2551 2859 2617 feracem;
2897 2552 2954 2606 in
2988 2553 3139 2607 atriis
3164 2552 3257 2607 Dei
3288 2552 3498 2617 nostri,

1937 2637 1990 2692 id
2023 2640 2211 2707 estiin
2262 2641 2576 2697 caelestibus
2635 2642 3010 2697 mansionibus
3064 2630 3496 2713 transplantati:

1937 2732 2203 2802 siquidem
2242 2734 2425 2787 multae
2472 2740 2599 2787 sunt
2628 2735 2944 2791 mansiones
2974 2734 3116 2805 apud
3143 2734 3379 2802 Patrem,
3406 2738 3501 2792 ubi

1936 2839 2037 2894 pro
2071 2824 2265 2879 merito
2298 2825 2578 2880 distributi
2606 2825 2699 2894 qui
2734 2825 2841 2895 jam
2872 2826 2928 2879 in
2959 2825 3122 2881 domo
3146 2824 3239 2880 Dei
3271 2826 3501 2896 plantati

1936 2922 2084 2981 sunt,
2108 2918 2427 2987 congruenti
2451 2926 2692 2988 tempore
2719 2917 3008 2973 ﬂorebunt.
3506 2918 3509 2923 '

2004 3109 2169 3167 Vens.
2204 3112 2291 3177 15,
2325 3110 2411 3165 l6.
2441 3111 2625 3166 Adhuc
2658 3110 3146 3181 multiplicabuntur
3167 3112 3220 3166 in
3245 3120 3504 3168 senectute

1932 3201 2133 3271 pingui,
2182 3210 2231 3256 et
2274 3201 2409 3255 bona
2452 3203 2749 3270 accipient;'
2781 3210 2840 3255 ut
2879 3204 3217 3266 annuntient,
3255 3203 3505 3273 quoniam

1934 3302 2102 3347 rectus
2128 3291 2379 3347 Dominus
2408 3292 2547 3348 Deus
2575 3304 2771 3359 noster,
2798 3302 2847 3348 et
2891 3311 2995 3349 non
3022 3304 3099 3349 est
3144 3295 3397 3365 iniquitas
3445 3296 3503 3348 in

1932 3400 2011 3439 eo.
2055 3384 2171 3445 Non
2200 3386 2375 3441 solum
2410 3385 2463 3439 id
2495 3386 2603 3452 ait,
2655 3386 2711 3440 in
2768 3387 2921 3442 atriis
2953 3386 3048 3443 Dei
3090 3387 3361 3442 ﬂorebunt
3408 3388 3504 3458 qui

1933 3475 2095 3531 hodie
2126 3476 2181 3530 in
2207 3475 2367 3530 domo
2396 3476 2515 3545 ejus
2547 3476 2773 3545 plantati
2803 3483 2967 3543 sunt;
3002 3475 3097 3532 sed
3140 3484 3193 3531 et
3232 3477 3335 3547 ipsi
3366 3478 3507 3530 mul-

1934 3566 2345 3636 tiplicabuntur,
2378 3568 2518 3622 sicut
2546 3566 2763 3630 cedrus,
2796 3583 2915 3638 quae
2945 3569 2999 3621 in
3031 3567 3238 3622 Libano
3272 3576 3375 3630 est,
3410 3582 3504 3622 su-

1935 3674 2030 3730 pra
2082 3659 2433 3729 multiplicari
2485 3657 2787 3714 dicebatur.
2841 3658 3200 3724 Quandonam
3257 3658 3309 3711 id
3368 3658 3505 3726 ipsis

1935 3752 2165 3817 eveniet,
2190 3751 2295 3804 nisi
2328 3751 2383 3804 in
2414 3758 2690 3806 senectute
2718 3750 2944 3819 pingui?
2967 3747 3065 3803 Hic
3096 3763 3225 3802 vero
3249 3754 3504 3802 senectu-

1936 3851 2043 3897 tem
2074 3858 2172 3910 pro
2201 3841 2676 3896 consummatione
2700 3840 2893 3893 anima:
2922 3837 3029 3893 dici
3059 3852 3379 3907 persuasum
3404 3838 3504 3890 ha-

1935 3935 2084 3997 beas,
2101 3935 2151 3987 in
2170 3948 2274 4003 qua
2299 3934 2575 3989 constituti
2598 3932 3141 4000 bonisfruentur,qui
3160 3947 3303 3984 nunc
3339 3930 3392 3984 in
3406 3930 3505 3985 do-

1936 4042 2025 4080 mo
2043 4024 2254 4080 Domini
2274 4025 2497 4095 plantati
2519 4034 2665 4080 sunt.
2683 4024 2816 4077 Nam
2841 4024 2885 4078 si
2904 4023 3015 4093 jam
3037 4023 3091 4076 in
3117 4022 3278 4077 domo
3291 4021 3503 4077 Domini

1936 4117 2182 4186 plantati,
2211 4116 2351 4169 mala
2407 4115 2673 4185 patientes
2724 4122 3096 4184 perseverant,
3128 4111 3320 4182 primis
3355 4112 3502 4183 agri-

1936 4208 2164 4262 culturae
2194 4208 2470 4263 laboribus
2498 4207 2769 4273 aﬂlictati;
2797 4207 2891 4262 sed
2922 4223 3046 4262 cum
3078 4214 3355 4261 senectute
3384 4204 3504 4273 pin-

1936 4299 2024 4371 gui
2066 4298 2249 4353 donati
2287 4298 2507 4362 fuerint,
2536 4298 2697 4353 bonis
2732 4298 3001 4363 fruentur,
3026 4312 3089 4351 ac
3121 4296 3360 4366 requiem
3402 4309 3505 4348 na-

1937 4390 2031 4454 cti,
2060 4390 2302 4443 laborum
2345 4390 2814 4460 certaminumque
2854 4389 3076 4460 praemia
3105 4386 3384 4449 referent,
3440 4398 3506 4439 ac

257 4484 580 4555 γενήσονται
601 4484 999 4555 ἀναπαυόμενοι
1024 4484 1131 4536 τῶν
1158 4485 1417 4554 καμάτων
1446 4485 1539 4536 καὶ
1555 4483 1660 4537 τῶν
1691 4484 1833 4553 ἀγώ-

1938 4480 2357 4546 conﬁtebuntur,
2386 4481 2648 4547 Quoniam
2671 4490 2839 4535 rectus
2870 4480 3124 4532 Dominus
3148 4476 3285 4533 Deus
3306 4483 3500 4537 noster,

260 4592 373 4630 νων
429 4575 497 4627 τὰ
540 4574 747 4627 ἔπαθλα
797 4574 1232 4645 ἀποληψόμενοι⁸
1291 4574 1714 4645 Ὀμολογήσουσί
1756 4594 1835 4643 τε,

261 4666 399 4719 Ὀτι
428 4665 611 4733 εὺθὴς
637 4668 852 4733 Κύριος
885 4669 917 4718 o'
948 4665 1092 4731 Θεὸς
1134 4665 1324 4734 ἡμῶν,
1370 4667 1467 4720 καὶ
1506 4669 1617 4720 οὐκ
1670 4666 1839 4721 ἔστιν

259 4758 465 4813 ἀδικία
491 4759 560 4811 ἐν
580 4758 759 4824 αὐτῷ.
786 4760 846 4811 Ei
871 4759 979 4831 γὰρ
1006 4760 1080 4829 μὴ
1097 4758 1164 4811 τά
1189 4758 1644 4830 κατηριθμημένα
1659 4759 1839 4827 ἀγαθά

260 4846 456 4917 ἔμελλε
498 4847 830 4916 διαδέχεσθαι
872 4850 998 4911 τοὺς
1047 4847 1123 4918 τῷ
1154 4848 1272 4918 Θεῷ
1309 4849 1714 4919 ἀνακειμένους,
1746 4850 1838 4902 καὶ

260 4940 313 4990 εί
352 4939 427 5019 μὴ
454 4938 513 4991 τὸ
538 4939 778 5010 ὀλέθριον
810 4940 961 5003 τέλος
1007 4940 1295 5011 περιέμενε
1348 4942 1471 5003 τοὺς
1503 4941 1715 5004 ἀσεϐεῖς
1743 4942 1838 4994 καὶ

261 5032 389 5094 τοὺς
429 5030 827 5102 ἐργαζομένους
877 5032 976 5101 τὴν
1008 5033 1256 5103 ἀνομίαν,
1285 5029 1351 5103 ἦν
1371 5033 1436 5086 ἂν
1458 5033 1597 5103 τάχα
1625 5033 1836 5087 ἀδικίαν

261 5122 585 5174 ἐπικαλέσαι
645 5123 710 5191 τῇ
762 5120 858 5173 τοῦ
904 5120 1037 5174 Θεοῦ
1083 5124 1328 5194 προνοίᾳ.
1372 5123 1499 5176 ’Ότε
1527 5123 1582 5175 δὲ
1613 5124 1837 5177 τοιαῦτα

258 5214 391 5283 τέλη
450 5213 543 5266 καὶ
587 5215 697 5275 τοῖς
747 5213 974 5276 δικαίοις
1019 5213 1361 5284 ἡτοίμασται,
1389 5215 1518 5268 οἴων
1561 5215 1654 5267 καὶ
1679 5217 1837 5285 ἡμεῖς

260 5304 535 5375 εὐχόμεθα
574 5306 755 5374 τυχεῖν
783 5345 798 5370 ,
850 5304 944 5356 καὶ
977 5306 1089 5367 τοῖς
1123 5306 1342 5359 ἀσεϐέσι
1396 5307 1638 5361 τοιαῦται
1680 5308 1837 5377 ήπεί-

259 5394 452 5464 ληνται
478 5393 753 5463 τιμωρίαι,
786 5392 877 5460 ἀφ’
906 5385 979 5444 ὧν
1001 5391 1208 5459 γένοιτο
1227 5395 1371 5462 ἡμᾶς
1396 5393 1658 5464 ρυσθῆναι
1677 5410 1689 5423 ·
1716 5393 1832 5457 πῶς

259 5487 361 5538 οὐκ
392 5483 679 5537 ἀκόλουθον
707 5482 772 5536 ἂν
798 5482 882 5552 εἴη
926 5482 1224 5552 ὁμολογεῖν,
1257 5483 1374 5536 ’Ὁτι
1408 5484 1592 5551 εὺθὴς
1620 5485 1831 5551 Κύριος

262 5581 295 5632 ό
329 5576 473 5641 Θεὸς
511 5574 701 5644 ἡμῶν,
747 5573 845 5627 καὶ
897 5574 1007 5626 οὐκ
1055 5573 1227 5626 ἔστιν
1278 5573 1476 5627 ἀδικία
1516 5574 1587 5629 ἐν
1638 5572 1830 5640 acui);

220 5757 229 5766 .
333 5733 377 5803 si
420 5730 616 5785 ιτίιη,
656 5730 872 5795 "1,15,
948 5731 993 5774 η
1034 5727 1206 5784 lCor.
1246 5743 1339 5794 ιιι,
1371 5729 1422 5783 6.

1934 4582 1983 4625 et
2014 4589 2118 4625 non
2150 4581 2226 4627 est
2255 4573 2505 4641 iniquitas
2528 4573 2583 4626 in
2617 4588 2695 4626 eo.
2726 4571 2843 4626 Nisi
2876 4571 3018 4625 enim
3043 4569 3154 4638 jam
3188 4572 3505 4622 enumerata

1934 4664 2076 4718 bona
2120 4679 2214 4719 eos
2256 4665 2347 4734 qui
2378 4662 2490 4719 Deo
2522 4662 2725 4717 addicti
2758 4668 2886 4718 sunt
2936 4666 3231 4727 exceptura
3277 4663 3502 4722 essent,

1934 4765 1988 4811 et
2014 4757 2121 4812 nisi
2145 4757 2346 4826 impios
2375 4764 2428 4811 et
2449 4763 2744 4825 operantes
2763 4753 3118 4822 iniquitatem
3140 4749 3409 4804 exitiosus
3438 4747 3503 4802 fi-

1933 4849 2020 4903 nis
2066 4856 2342 4914 maneret;
2398 4847 2595 4902 divinae
2632 4843 2989 4900 Providentiae
3030 4841 3315 4911 culpanda
3365 4839 3506 4894 forte

1932 4953 2099 4994 causa
2126 4939 2392 4994 subesset.
2451 4937 2519 4990 At
2547 4934 2765 5006 quando
2818 4934 2944 4989 ﬁnis
2986 4930 3299 5003 lmjusmodi
3341 4930 3506 4999 justis

1931 5036 2155 5101 paratus
2189 5036 2292 5092 est,
2325 5028 2538 5097 qualem
2570 5042 2672 5081 nos
2713 5024 2973 5094 consequi
3027 5029 3405 5093 peroptamus;
3438 5033 3503 5073 ac

1933 5121 2112 5190 impiis
2138 5122 2263 5175 talia
2292 5120 2682 5174 denuntiantur
2725 5116 2989 5187 supplicia
3016 5158 3029 5182 ,
3073 5132 3102 5170 a
3146 5115 3346 5185 quibus
3404 5126 3505 5167 nos

1930 5210 2065 5279 eripi
2104 5210 2425 5277 contingat:
2486 5223 2655 5277 quare
2707 5215 3131 5261 consentaneum
3188 5218 3298 5257 non
3344 5201 3507 5256 fuerit

1932 5301 2198 5367 confiteri,
2232 5300 2495 5367 Quoniam
2539 5308 2709 5352 rectus
2752 5297 3012 5350 Dominus
3041 5295 3183 5348 Deus
3213 5301 3416 5355 noster,
3454 5298 3505 5344 et

1938 5408 2041 5444 non
2067 5401 2143 5445 est
2166 5392 2416 5460 iniquitas
2454 5392 2507 5443 in
2531 5392 2636 5445 eo?
2671 5392 2739 5443 At
2791 5388 3055 5457 insipiens
3092 5387 3206 5440 haec
3250 5399 3358 5438 non
3410 5398 3505 5437 co-

1936 5492 2161 5553 gnoscet
2181 5520 2195 5545 ,
2228 5496 2327 5535 nec
2358 5481 2553 5535 stultus
2585 5480 2866 5549 intelliget,
2899 5477 3045 5546 quod
3088 5491 3118 5530 a
3149 5476 3376 5530 stultitia
3405 5489 3505 5530 sua

1938 5573 2176 5629 tenebris
2236 5571 2563 5627 offundatur.
2600 5572 2731 5641 Ego
2787 5585 2913 5625 vero
2958 5569 3051 5638 qui
3106 5568 3289 5624 isthaac
3337 5566 3506 5637 probe
