3830 6288
511 343 647 400 1183

1211 337 1475 394 EUSEBII
1517 333 1997 393 CIESABIENSIS
2033 335 2181 392 OPP.
2220 333 2400 390 PARS
2427 331 2515 388 Ill.
2539 363 2607 374 —
2628 326 3017 386 EXEGETICA

3561 334 3648 391 nu

507 471 834 530 cognoscam
859 463 913 512 et
937 455 1254 526 intelligam,
1289 454 1417 526 quia
1449 469 1480 508 a
1509 453 1715 525 Spiritu
1743 460 1932 509 sancto
1955 453 2078 506 illu-

2192 450 2328 504 Ἀλλ’
2353 453 2382 505 6
2407 449 2502 522 μὲν
2529 449 2717 521 ἄφρων
2744 446 2918 500 ταῦτα
2947 445 3007 497 οὐ
3028 441 3307 513 γνώσεται,
3339 442 3446 497 οὒδέ
3468 444 3654 514 ἀσύνετος

508 557 714 605 stratus
763 562 906 612 sum,
930 555 983 602 et
1014 547 1158 618 quod
1209 545 1547 600 considerem
1581 559 1742 614 quam
1802 542 2082 613 profundae

511 640 666 694 factae
707 641 817 693 sint
845 638 1204 708 cogitationes
1251 636 1374 702 Dei;
1427 637 1551 705 jure
1600 637 1750 690 laetor
1781 642 1835 689 et
1869 634 2082 690 exsulto

509 731 576 784 de
597 730 778 784 divina
809 728 1218 799 dispensatione
1245 746 1258 782 :
1304 727 1590 798 praesentia
1611 739 1740 780 vero
1785 725 1924 779 mala
1947 765 1962 788 ,
2011 725 2082 780 ob

510 836 659 891 spem
691 821 999 875 futurorum
1033 827 1253 876 strenue
1278 820 1467 873 tolero.
1488 817 1604 883 Qua
1635 817 1700 871 de
1719 831 1883 870 causa
1910 825 2082 871 totum

509 914 681 968 otium
715 929 894 968 meum
937 923 992 968 et
1034 913 1395 967 cessationem
1447 925 1477 964 a
1519 911 1677 966 malis
1733 909 1842 964 Deo
1889 925 2083 966 conse-

509 1018 692 1067 crans,
723 1003 1063 1058 delectabilia
1097 1005 1183 1058 illa
1213 1011 1267 1056 et
1293 1007 1480 1056 sancta
1531 999 1765 1056 Sabbata
1799 1001 2085 1056 observare

511 1101 720 1165 satago,
752 1095 1087 1157 confitendo.
1126 1095 1406 1165 psallendo
1433 1103 1491 1150 et
1521 1093 1895 1148 annuntiando
1924 1107 2084 1148 mane

510 1185 942 1240 misericordiam
973 1184 1090 1249 Dei,
1121 1194 1174 1240 et
1203 1185 1487 1241 veritatem
1532 1185 1652 1254 ejus
1699 1199 1796 1254 per
1845 1190 2080 1238 noctem.

511 1275 669 1332 Tunc
696 1277 842 1332 enim
877 1277 1110 1332 maxime
1135 1292 1165 1331 a
1195 1278 1447 1348 religiosa
1483 1277 1666 1331 anima
1695 1276 1893 1333 veritas
1930 1275 2085 1330 exhi-

509 1367 688 1432 betur,
715 1383 837 1422 cum
864 1368 918 1422 in
946 1367 1185 1423 tenebris
1206 1377 1259 1424 et
1285 1369 1621 1423 obscuritate
1649 1368 1850 1439 degens
1874 1407 1889 1432 ,
1925 1366 2084 1438 quasi

511 1459 566 1513 in
596 1458 1036 1528 splendidissima
1071 1459 1189 1514 luce
1226 1467 1279 1515 et
1308 1459 1616 1514 clarissima
1657 1459 1766 1523 die,
1799 1459 2085 1515 conscien-

509 1553 599 1606 tia:
627 1551 913 1607 sinceritas
948 1553 1237 1622 etpuritas
1265 1553 1594 1607 ostenditur.
1635 1551 1783 1608 Talis
1822 1561 1906 1607 est
1936 1552 2084 1622 psal-

508 1659 632 1698 mus
652 1658 775 1698 cum
804 1643 1019 1699 cantico
1050 1645 1139 1698 die
1171 1642 1394 1699 Sabbati
1424 1644 1624 1709 dictus,
1658 1644 1710 1698 id
1743 1651 1828 1700 est
1864 1643 1918 1697 in
1948 1651 2086 1698 tem-

511 1750 642 1804 pore
673 1735 839 1800 illius,
873 1735 1018 1804 quod
1058 1736 1358 1790 secundum
1394 1735 1561 1791 Deum
1603 1743 1720 1799 est,
1772 1735 1870 1790 otii
1899 1750 1964 1789 ac
1995 1750 2082 1790 re-

2184 545 2403 615 συνήσει
2429 543 2621 608 ταῦτα,
2651 540 2740 594 διὰ
2769 540 2830 593 τὸ
2883 535 3214 602 σκοτίζεσθαι
3262 536 3361 588 ὑπὸ
3393 538 3478 607 τῆς
3513 541 3655 606 οἰκείας

2183 634 2494 708 ἀφροσύνης
2515 651 2527 663 ·
2557 631 2666 701 ἐγὼ
2693 632 2747 685 δὲ
2782 633 2810 684 6
2837 631 2998 700 γνοὺς
3027 628 3162 682 αὐτά
3192 633 3282 682 καὶ
3320 630 3497 693 συνιεὶς
3525 631 3592 686 διὰ
3619 635 3659 688 τὸ

2184 727 2289 784 ὑπὸ
2312 727 2454 781 θείου
2486 726 2798 796 Πνεύματος
2820 722 3175 794 πεφωτίσθαι,
3205 723 3297 774 καὶ
3322 721 3403 775 διὰ
3425 723 3479 774 τὸ
3499 723 3659 796 θεωρείν

2181 821 2330 884 ὅπως
2377 818 2745 889 ἐϐαθύνθησαν
2794 817 2995 889 σφόδρα
3025 816 3074 869 οί
3103 815 3426 885 διαλογισμοὶ
3447 815 3525 868 τοῦ
3545 816 3655 872 Θεοῦ·

2182 911 2402 974 εἰκότως
2429 909 2786 982 εὐφραίνομαι
2824 908 2917 961 καὶ
2943 906 3184 975 ἀγαλλιῶ
3224 906 3316 958 ἐπὶ
3356 908 3418 975 τῇ
3450 906 3548 977 θείᾳ
3575 909 3657 961 διοι-

2182 1003 2362 1074 κήσει,
2416 1000 2568 1073 φέρω
2603 1017 2663 1052 τε
2713 997 2783 1052 τά
2838 998 3078 1070 παρόντα
3105 997 3361 1066 γενναίως
3392 997 3470 1050 διὰ
3493 997 3568 1070 τὴν
3593 1001 3658 1054 τῶν

2185 1092 2486 1164 μελλόντων
2533 1090 2744 1145 ἐλπίδα.
2783 1083 2884 1143 Ὦν
2915 1089 3076 1142 ἕνεκα
3125 1089 3222 1160 τὴν
3277 1090 3447 1143 πᾶσαν
3498 1091 3660 1160 ἐμαυτοῖ

2185 1182 2399 1254 σχολὴν,
2437 1183 2531 1237 καὶ
2561 1181 2660 1254 τὴν
2689 1182 2796 1236 ἀπὸ
2819 1180 2927 1234 τῶν
2945 1180 3129 1234 κακῶν
3152 1179 3346 1252 ἀργίαν
3378 1181 3601 1245 ἀνατιθεὶς

2182 1275 2320 1348 Θεῷ,
2350 1275 2418 1330 τὰ
2440 1275 2684 1348 τρυφερά
2724 1275 2817 1329 κα)⁸
2865 1273 2995 1344 ἀγια
3031 1271 3284 1328 Σάϐϐατα
3321 1273 3553 1327 ἐπιτελεῖν
3592 1291 3662 1328 πει·

2187 1367 2384 1439 ρῶμαι,
2416 1366 2504 1420 διὰ
2528 1365 2622 1419 τοῦ
2655 1363 3087 1436 ἐξομολογεῖσθαι
3111 1363 3204 1417 καὶ
3230 1362 3440 1432 ψάλλειν
3459 1364 3536 1415 καὶ
3560 1363 3667 1432 ἀναγ-

2183 1458 2394 1529 γέλλειν
2421 1457 2480 1511 τὸ
2513 1455 2658 1530 πρωῒ
2686 1457 2748 1510 τδ
2772 1456 2917 1520 ἕλεος
2934 1455 3027 1510 τοῦ
3060 1456 3218 1519 Θεοῦ,
3257 1455 3350 1508 καὶ⁵
3381 1453 3468 1526 τὴν
3488 1455 3668 1524 ἀλήθειαν

2183 1549 2349 1604 αὐτοῦ
2383 1548 2524 1604 κατά
2549 1550 2740 1605 νύκτα.
2774 1548 2907 1601 Τότε
2930 1548 3039 1620 γὰρ
3072 1547 3304 1618 μάλιστα
3339 1548 3372 1618 ἡ
3407 1546 3671 1619 άλήθειστῆς

2185 1640 2467 1704 θεοσεϐοῦς
2490 1640 2760 1693 δείκνυται
2791 1638 2988 1710 ψυχῆς,
3011 1638 3215 1708 ὄτείέν
3246 1637 3430 1708 σκοτία
3444 1637 3525 1689 καὶ
3549 1637 3671 1692 σκότει

2184 1732 2545 1803 τυγχάνουσα,
2578 1730 2654 1794 ώς
2689 1732 2747 1784 ἐν
2783 1729 3150 1802 λαμπροτάτῳ
3194 1729 3334 1800 φωτὶ
3361 1729 3446 1782 καὶ
3474 1729 3522 1782 ἐν
3549 1729 3673 1801 ἡμέρᾳ

509 1827 654 1897 quiei
683 1846 696 1882 ;
731 1843 838 1897 quo
868 1844 968 1884 nos
995 1829 1158 1883 etiam
1188 1828 1496 1882 divinarum
1521 1828 1938 1899 disciplinarum
1968 1842 2084 1880 me-

2187 1823 2545 1894 διαυγεστάτῃ
2576 1823 2638 1876 τὸ
2666 1823 2887 1895 γνήσιον
2927 1822 3022 1876 καὶ
3055 1822 3344 1894 εἱλικρινὲς
3382 1821 3471 1891 τῆς
3500 1822 3673 1892 συνειδή-

508 1916 762 1972 ditationi
785 1925 1074 1982 vacantes,
1116 1918 1413 1989 gratiarum
1449 1919 1678 1973 actionis
1708 1917 1874 1972 verba
1901 1918 2006 1973 hoc
2029 1917 2083 1971 in

510 2007 729 2062 cantico
758 2009 1040 2062 enuntiata
1071 2007 1180 2062 Deo
1209 2010 1457 2064 emittere
1487 2024 1586 2079 par
1621 2015 1728 2063 est.

2193 1934 2328 1981 σεως
2350 1916 2731 1970 ἐπιδείκνυται.
2762 1914 3012 1980 Τοιοῦτος
3049 1915 3144 1970 καὶ
3173 1915 3202 1968 6
3231 1914 3346 1980 μετ’
3370 1911 3497 1983 ᾠδῆς
3521 1911 3673 1984 είρημέ-

2190 2026 2281 2073 νος
2316 2008 2530 2080 ψαλμδς
2577 2008 2656 2072 είς
2682 2006 2780 2079 τὴν
2806 2007 3018 2078 ἡμέραν
3061 2005 3154 2060 τοῦ
3182 2005 3474 2070 Σαϐϐάτου,
3500 2004 3672 2057 τουτέστι

508 2098 600 2152 τὸν
625 2100 722 2169 τῆς
746 2100 887 2154 κατά
911 2101 1041 2154 Θεὸν
1063 2102 1258 2173 σχολῆς
1290 2120 1350 2156 τε
1373 2104 1466 2157 καὶ
1486 2102 1844 2167 ἀναπαύσεως
1868 2102 2078 2174 καιρὸν,
2108 2103 2166 2156 ἐν
2189 2096 2234 2172 ᾧ
2261 2105 2354 2158 καὶ
2379 2104 2528 2174 ἡμᾶς
2578 2106 2646 2175 τῇ
2688 2101 2883 2174 μελέτῃ
2927 2101 3034 2156 τῶν
3055 2101 3216 2156 θείων
3267 2101 3567 2173 μαθημάτων
3596 2115 3672 2168 axo-

507 2189 789 2256 λάζοντας,
837 2194 964 2257 τοὺς
1010 2194 1458 2267 εὐχαριστηρίους
1507 2197 1698 2267 λόγους
1740 2199 1840 2270 τῆς
1881 2199 2247 2273 προκειμένης
2268 2199 2410 2272 ᾠδῆς
2441 2199 2784 2272 ἀναπέμπειν
2811 2201 3077 2273 προσήκει
3108 2198 3188 2270 τῷ
3217 2197 3358 2269 Θεῷ.

685 2307 870 2362 LAUS
909 2309 1184 2367 CANTICI
1229 2311 1357 2368 lPSl
1393 2312 1600 2367 DAVlD
1633 2314 1732 2386 (i).
1810 2317 1968 2374 XCII.

582 2399 753 2457 Vens.
793 2402 844 2455 1.
882 2402 1140 2458 Dominus
1183 2407 1452 2475 regnavit,
1475 2406 1714 2461 decorem
1745 2409 1959 2482 indutus
1985 2420 2085 2466 est.

510 2491 676 2558 Quia,
733 2494 1037 2548 secundum
1088 2494 1454 2566 Apostolum,
1509 2500 1759 2570 regnavit
1817 2517 1966 2558 mors
2018 2504 2088 2559 ab

511 2584 682 2638 Adam
711 2600 884 2656 usque
906 2587 973 2640 ad
1005 2585 1245 2659 Moysem
1270 2590 1337 2654 “,
1371 2589 1425 2644 id
1445 2599 1529 2646 est
1554 2606 1585 2645 a
1614 2592 1788 2662 prima
1804 2593 2088 2648 hominum

512 2678 790 2734 creatione
842 2695 1015 2749 usque
1048 2681 1115 2735 ad
1145 2697 1470 2752 corporeum
1505 2685 1806 2740 secundum
1847 2686 2088 2758 Moysem

513 2770 751 2836 cultum,
777 2772 873 2842 qui
898 2772 953 2826 in
993 2779 1214 2829 terrena
1245 2775 1549 2832 Jerusalem
1582 2779 1885 2848 antiquitus
1917 2795 2091 2849 usque

516 2862 584 2916 ad
618 2861 920 2920 Salvatoris
943 2867 1122 2922 nostri
1147 2865 1276 2923 Jesu
1309 2867 1514 2924 Christi
1543 2870 1832 2926 adventum
1850 2872 2092 2942 perficie-

515 2954 708 3023 batur;
731 2971 864 3014 sane
893 2972 1016 3013 cum
1049 2975 1198 3014 mors
1232 2968 1506 3031 regnaret,
1534 2969 1588 3016 et
1613 2963 1659 3017 is
1681 2963 1774 3032 qui
1805 2964 2090 3033 imperium

515 3049 708 3103 mortis
737 3048 918 3116 habet,
950 3050 1211 3105 nimirum
1233 3051 1505 3119 diabolus,
1531 3052 1924 3118 dominaretur,
1941 3062 2090 3122 tunc,

2515 2317 2715 2372 ΣιΝοΣ
2742 2315 2916 2370 om:
2943 2315 3030 2370 To
3063 2314 3290 2368 ΔΑΥΙΔ.
3326 2311 3433 2381 ιιΒν.

2269 2412 2333 2466 '0
2391 2410 2608 2479 Κύριος
2656 2409 3090 2472 ἐϐασίλευσεν,
3150 2407 3499 2473 εὐπρέπειαν
3536 2404 3673 2459 ἐνεδύ-

2190 2521 2360 2560 σατο.
2405 2503 2559 2556 Ἐπεὶ
2586 2501 2729 2556 κατὰ
2753 2502 2846 2556 τὸν
2891 2498 3214 2553 Ἀπόστολον
3244 2496 3561 2550 ἐϐασίλευσεν
3578 2499 3598 2550 6
3617 2496 3674 2551 θά-

2191 2613 2348 2660 νατος
2369 2596 2477 2649 ἀπὸ
2517 2595 2685 2666 ’Δδάμ
2717 2593 2874 2666 μέχρι
2893 2591 3193 2657 Μωῦσέως,
3223 2589 3489 2643 τουτέστιν
3515 2589 3596 2642 ἀπὸ
3611 2587 3674 2657 τῆς

2153 2691 2158 2696 ⁷
2195 2684 2415 2757 πρώτης
2442 2683 2738 2756 ἀνθρώπων
2760 2684 3024 2752 γενέσεως
3054 2681 3214 2753 μέχρι
3237 2682 3337 2752 τῆς
3360 2679 3488 2734 κατὰ
3511 2678 3674 2733 Μωῦσὲα

2198 2779 2516 2847 σωματικῆς
2549 2774 2823 2846 λατρείας,
2859 2775 2979 2844 ἥτις
3000 2772 3244 2840 ἐπιγείου
3285 2771 3594 2842 Ἰερουσαλὴμ

2195 2865 2288 2918 λαι
2325 2865 2591 2937 πρότερον
2630 2864 2788 2936 μέχρι
2835 2865 2936 2934 τῆς
2961 2862 3055 2915 τοῦ
3097 2861 3352 2932 Σωτῆρος
3379 2859 3519 2930 ἡμῶν
3560 2855 3672 2926 Ἰησοῦ

2196 2957 2431 3030 Χριστοῦ
2464 2957 2765 3028 παρουσίας
2796 2954 3126 3008 συνετελεῖτο
3148 2970 3160 2983 ·
3199 2952 3421 3014 εἰκότως
3441 2952 3516 3004 ὅτε
3539 2948 3673 3001 605m-

2195 3069 2286 3116 τος
2312 3049 2616 3114 ἐϐασίλευε,
2660 3048 2754 3102 καὶ
2789 3049 2819 3101 6
2864 3047 2927 3099 τὸ
2969 3046 3167 3118 κράτος
3201 3045 3341 3117 ἔχων
3382 3041 3468 3096 τοῦ
3498 3040 3672 3098 θανάτου,

514 3147 578 3196 ιιι
612 3156 958 3213 consequens
987 3151 1142 3209 erat,
1168 3142 1433 3201 Dominus
1467 3161 1576 3200 non
1600 3147 1865 3215 regnabat
1897 3147 1951 3201 in
1993 3148 2086 3201 ho-

2191 3145 2465 3199 τουτέστιν
2493 3147 2520 3197 6
2549 3140 2791 3203 διάϐολος
2819 3139 3165 3210 κατεκράτει,
3193 3139 3296 3190 οὐκ
3324 3131 3390 3206 ἦν
3418 3134 3522 3189 τότε
3542 3129 3673 3201 ἀνθρώ

517 3232 780 3298 minibus,
813 3235 910 3290 sed
935 3235 1158 3302 quidam
1185 3237 1489 3291 multorum‘
1517 3236 1744 3291 deorum
1777 3246 1831 3292 et
1861 3238 2094 3293 diaboli-

517 3335 618 3376 cus
642 3339 816 3380 error.
855 3326 978 3396 lpse
1005 3334 1185 3381 autem
1233 3328 1528 3398 Apostolus
1556 3328 1672 3384 haec
1718 3329 1786 3385 de
1811 3328 2093 3385 Salvatore

519 3422 710 3468 nostro
731 3414 890 3469 docet
914 3435 928 3470 :
949 3416 1090 3482 Quia
1109 3434 1230 3486 ergo
1241 3421 1388 3486 pueri
1409 3421 1920 3474 communicaverunt
1945 3407 2095 3475 carni

517 3518 566 3560 et
595 3509 864 3578 sanguini,
899 3519 947 3564 et
979 3513 1088 3579 ipse
1111 3511 1357 3566 similiter
1381 3513 1721 3582 participavit
1743 3515 1938 3570 eisdem
1969 3532 2095 3585 pas-

518 3596 756 3650 sionibus
781 3612 800 3661 ,'
826 3607 882 3651 ut
904 3615 996 3667 per
1017 3608 1237 3654 mortem
1275 3601 1570 3656 destrueret
1595 3605 1840 3674 eum,qui
1871 3603 2094 3658 habebat

521 3687 707 3740 mortis
738 3689 1038 3756 imperium,
1058 3691 1112 3743 id
1137 3701 1215 3745 est
1241 3689 1513 3746 diabolum
1544 3691 1608 3748 “.
1633 3691 1763 3749 Jure
1797 3693 1977 3764 itaque
1999 3693 2093 3749 Dei

520 3776 780 3845 Verbum,
813 3780 958 3850 quod
976 3782 1128 3852 prius
1152 3783 1478 3849 exsistebat,
1507 3797 1632 3838 cum
1662 3784 1773 3839 vita
1792 3785 1908 3854 ipsa
1927 3796 2092 3851 esset,

519 3870 589 3924 ad
628 3873 822 3928 mortis
872 3873 1323 3939 destructionem,
1356 3876 1587 3931 mortale
1643 3877 2090 3944 instrumentum,

517 3975 722 4030 corpus
785 3965 997 4020 scilicet
1045 3965 1346 4019 humanum
1419 3981 1738 4033 assumens,
1804 3967 2096 4040 ipsumque

517 4051 681 4104 morti
720 4052 961 4116 tradens,
999 4054 1068 4108 ad
1124 4065 1333 4110 natura:
1387 4071 1502 4111 suae
1541 4055 2091 4126 demonstrationem;

516 4139 770 4213 idemque
793 4153 981 4214 postea
1011 4161 1040 4198 a
1063 4154 1238 4201 morte
1266 4163 1552 4204 resumens
1575 4148 1644 4203 ad
1674 4149 1913 4204 divinam
1938 4165 2094 4206 suam

514 4233 778 4290 virtutem
817 4235 1220 4303 declarandam,
1253 4239 1381 4294 dum
1439 4241 1633 4296 mortis
1667 4240 1888 4310 quidem
1924 4242 2095 4312 impe-

515 4324 658 4378 rium
703 4327 888 4391 solvit,
911 4328 1112 4383 diaboli
1157 4331 1344 4386 itidem
1371 4332 1425 4386 in
1458 4332 1706 4387 homines
1748 4333 2092 4402 tyrannidem

514 4414 784 4485 destruit;
814 4418 924 4471 imo
954 4418 1118 4472 etiam
1151 4419 1456 4475 daemonum
1502 4422 1864 4492 malignorum
1896 4437 1960 4478 ac
1980 4424 2092 4492 spi-

2193 3255 2310 3291 πων
2340 3234 2636 3307 βασιλεύων
2669 3235 2697 3287 ό
2729 3232 2954 3303 Κύριος,
2987 3230 3121 3284 ἀλλά
3144 3247 3230 3293 τις
3260 3227 3500 3289 πολύθεος
3522 3223 3672 3278 καὶδευ-

2195 3330 2387 3401 μονικὴ
2420 3328 2615 3402 πλάνη.
2647 3326 2894 3380 Διδάσκει
2930 3324 2985 3377 δὲ
3011 3325 3039 3380 6
3081 3320 3245 3387 αὐτὸς
3293 3320 3572 3382 Ἀ’πόστολος
3595 3315 3672 3384 περὶ

2191 3420 2286 3476 τοῦ
2331 3421 2581 3494 Σωτῆρος
2617 3420 2775 3493 ἡμῶν
2820 3419 2993 3486 λέγων
3017 3434 3031 3448 ·
3093 3417 3252 3469 Ἐπεὶ
3295 3411 3404 3469 οὖν
3446 3411 3506 3465 τὰ
3536 3406 3672 3463 παιὸεά

2192 3514 2624 3582 κεκοινώνηκεν
2671 3512 2920 3582 αἵματος
2973 3508 3074 3565 καὶ
3126 3507 3373 3576 σαρκὸς.
3428 3503 3513 3558 καί
3554 3498 3671 3562 αὐτὸς

2193 3606 2628 3677 παραπλησίως
2675 3603 2936 3674 μετέσχε
2982 3601 3100 3656 τῶν
3135 3598 3336 3654 αὐτῶν
3380 3591 3668 3663 παθημάτων,

2192 3703 2292 3755 ἵνα
2325 3699 2422 3754 διὰ
2459 3698 2565 3752 τοῦ
2597 3695 2855 3752 θανάτου
2899 3691 3252 3763 καταργήσῃ
3290 3689 3394 3744 τὸν
3434 3686 3490 3741 τὸ
3529 3681 3671 3751 κράτος

2192 3792 2412 3861 ἔχοντα
2443 3790 2549 3844 τοῦ
2583 3787 2862 3855 θανάτου,
2902 3785 3179 3840 τουτέστι
3212 3781 3318 3838 τὸν
3345 3779 3597 3834 διάϐολον.
3622 3771 3670 3824 Ei-

2192 3883 2366 3946 κότως
2397 3878 2488 3935 οὖν
2510 3884 2538 3936 6
2575 3880 2756 3954 προὼν
2781 3877 2876 3934 τοῦ
2901 3876 3036 3932 Θεοῦ
3059 3877 3251 3946 Λόγος,
3289 3873 3441 3936 αὐτὸς
3463 3869 3565 3936 ὣνὴ
3586 3862 3666 3929 Mn

2191 3975 2284 4028 ἐπὶ
2318 3973 2636 4044 καθαιρέσει
2663 3972 2756 4025 τοῦ
2787 3971 3020 4025 θανάτου
3050 3967 3240 4038 θνητὸν
3270 3965 3485 4037 δργανον
3504 3954 3667 4022 τὸσῶμι

2191 4066 2251 4120 τὸ
2279 4064 2615 4137 ἀνθρώπειον
2648 4061 2954 4126 ἀναλαϐὼν,
2998 4059 3094 4114 καὶ
3125 4057 3285 4112 τοῦτο
3317 4055 3391 4126 τῷ
3417 4051 3586 4119 θανάτῳ
3604 4059 3666 4097 ταν

2196 4157 2386 4230 ραδοὺς
2435 4159 2515 4220 εἰς
2557 4154 2777 4220 ἔνδειξιν
2834 4153 2936 4224 τῆς
2984 4151 3187 4214 οἰκείας
3243 4147 3465 4217 φύσεωςν

2190 4225 2320 4302 αὐτὸ
2347 4247 2442 4301 τοῦ
2469 4247 2694 4301 θανάτου
2742 4243 2938 4311 ἐξελὼν
2972 4244 3052 4306 είς
3080 4239 3418 4312 παράστασιν
3447 4233 3528 4301 τῆς
3547 4225 3664 4282 ἐνθέου

2189 4339 2490 4409 δυνάμεως,
2539 4336 2655 4390 λύει
2694 4336 2791 4406 μὲν
2822 4333 2914 4388 τοῦ
2945 4333 3173 4387 θανάτου
3207 4331 3268 4383 τὸ
3305 4329 3503 4400 κράτος,
3525 4320 3608 4373 λύει
3633 4315 3665 4366 δὲ

2191 4431 2288 4485 καὶ
2334 4429 2429 4483 τοῦ
2467 4428 2711 4482 διαϐόλου
2756 4427 2855 4498 τὴν
2897 4425 3036 4479 κατά
3072 4423 3179 4478 τῶν
3223 4419 3500 4493 ἀνθρώπιον
3533 4425 3664 4480 τδραψ

513 4507 716 4561 rituum
767 4509 1130 4578 impurorum,
1171 4510 1262 4580 qui
1296 4512 1424 4564 olim
1466 4511 1523 4564 in
1584 4510 1878 4564 humanum
1917 4525 2086 4581 genus

2190 4522 2322 4576 νίδα·
2349 4521 2484 4576 ἀλλά
2511 4519 2730 4574 καὶτῶν
2755 4519 2922 4573 πάλαι
2946 4515 3426 4587 κατακρατοῦντων
3440 4506 3519 4561 τοῦ
3532 4502 3664 4569 ἀνθρων

514 4597 801 4668 impcrium
859 4600 1213 4666 obtinebant,
1257 4602 1519 4672 operandi
1577 4602 1688 4656 vim
1748 4601 2080 4672 exstinguit,

513 4689 726 4744 sublata
773 4705 869 4759 per
896 4693 1262 4758 evangelieam
1305 4693 1746 4762 praedicationem
1788 4694 1937 4747 omni
1991 4692 2086 4746 ad-

512 4779 756 4834 versaria
778 4791 831 4834 et
855 4781 1072 4835 inimica
1108 4777 1215 4837 Deo
1238 4791 1530 4851 potestate,
1568 4790 1854 4854 paternum
1880 4784 1990 4838 Deo
2030 4785 2083 4838 in

510 4887 703 4926 omnes
733 4881 922 4941 gentes
959 4889 1188 4944 regnum
1230 4883 1507 4944 procurat.
1534 4874 1875 4946 Quapropter
1904 4879 2083 4931 soluta

510 4963 708 5020 mortis
743 4972 1032 5034 potestate,
1086 4981 1150 5020 ac
1197 4967 1477 5021 destructo
1523 4983 1608 5030 eo,
1637 4968 1731 5039 qui
1793 4970 2080 5037 imperium

509 5055 705 5110 mortis
739 5055 997 5118 habebat,
1033 5057 1086 5111 id
1139 5065 1244 5123 est,
1278 5058 1531 5126 diabolo;
1559 5061 1671 5129 jam
1719 5071 1979 5132 regnante
2025 5063 2078 5116 in

509 5147 764 5201 omnibus
797 5147 1051 5216 gentibus
1083 5147 1344 5210 Domino,
1380 5157 1642 5219 regnante
1679 5151 1804 5206 item
1830 5167 1954 5206 cum
1987 5154 2080 5208 illo

511 5254 562 5290 in
598 5237 912 5294 hominibus
956 5240 1063 5294 vita
1104 5241 1216 5305 illa,
1247 5257 1366 5311 qua:
1413 5243 1714 5297 secundum
1756 5243 1924 5298 Deum
1959 5254 2082 5312 est;

511 5331 702 5386 merito
740 5331 976 5400 Spiritus
998 5342 1226 5388 sanctus
1253 5350 1353 5404 pro
1383 5341 1534 5390 tanto
1571 5334 1816 5393 facinore
1854 5339 2082 5395 choreas

511 5433 930 5494 agens,nosque
979 5439 1172 5480 omnes
1220 5426 1288 5480 ad
1328 5426 1560 5482 choreas
1610 5443 1939 5494 convocans,
1969 5432 2083 5485 haec

513 5513 884 5570 vociferatur:
931 5515 1192 5572 Dominus
1254 5522 1523 5589 regnavit,
1586 5525 1825 5576 decorem
1883 5523 2077 5578 induit.

582 5667 628 5698 ³³
666 5665 827 5721 Rom.
863 5686 918 5736 v,
969 5672 1056 5728 ii.
1133 5672 1180 5706 ”
1219 5672 1383 5730 Hebr.
1425 5690 1498 5738 ιι.
1538 5675 1653 5731 Ην

2191 4615 2344 4668 πείου
2397 4615 2586 4682 γένους
2651 4612 2920 4682 δαιμόνων
2985 4607 3235 4680 πονηρῶν
3288 4603 3378 4660 καὶ
3429 4593 3661 4682 πνευμάτων

2192 4705 2519 4776 ἀκαθάρτων
2547 4702 2643 4774 τὴν
2672 4703 2949 4773 ἐνέργειαν
2986 4699 3254 4762 σϐέννυσι,
3293 4694 3458 4748 πᾶσάν
3484 4705 3532 4741 τε
3560 4681 3661 4737 x105-

2190 4796 2296 4850 λὼν
2323 4797 2424 4868 τὴν
2458 4794 2838 4866 ἀντικειμένην
2880 4794 2974 4846 καὶ
3010 4791 3210 4864 ἐχθρὰν
3242 4789 3318 4860 τῷ
3354 4783 3460 4880 Oet?
3492 4779 3656 4880 δύναμιν,

2188 4887 2286 4958 τὴν
2312 4889 2580 4959 πατρικὴν
2606 4885 2683 4956 τῷ
2707 4884 2825 4956 Θεῷ
2865 4883 3146 4955 βασιλείαν
3169 4880 3256 4934 διὰ
3286 4877 3373 4932 τοῦ
3401 4876 3657 4938 εὐαγγελικω

2188 4979 2542 5050 κηρύγματος
2576 4981 2710 5031 πᾶσι
2752 4980 2864 5041 τοῖς
2902 4976 3082 5029 ἔθνεσι
3116 4973 3377 5047 προξενεῖ.
3418 4964 3494 5018 Διὸ
3528 4959 3655 5026 5+1”

2187 5071 2511 5140 ταλυθείσης
2534 5071 2631 5140 τῆς
2661 5069 2754 5123 τοῦ
2790 5069 3020 5123 θανάτου
3064 5064 3391 5126 δυναστείας,
3423 5058 3500 5112 καὶ
3523 5062 3655 5113 χωρ’

2187 5162 2446 5234 γηθέντος
2489 5163 2586 5215 τοῦ
2614 5163 2674 5214 τὸ
2725 5162 2926 5233 κράτος
2957 5160 3169 5231 ἔχοντος
3199 5157 3292 5210 τοῦ
3335 5152 3544 5236 Θανάτου,

2183 5254 2334 5307 τέστι
2365 5253 2460 5307 τοῦ
2491 5253 2759 5320 διαϐόλου,
2794 5252 3168 5324 βασιλεύοντος
3192 5250 3249 5302 δὲ
3285 5248 3380 5318 ἤδη
3426 5235 3652 5324 λοιπῢντων

2182 5343 2277 5396 ἐπὶ
2314 5345 2418 5414 γῆς
2443 5345 2698 5398 ἁπάντων
2731 5321 2900 5397 ἐθνῶν
2931 5340 3025 5394 τοῦ
3043 5339 3273 5411 Κυρίου,
3301 5328 3398 5390 σὺν
3416 5326 3533 5396 αὑτῷ
3554 5321 3649 5391 βασμ

2183 5432 2446 5506 λευούσης
2480 5434 2782 5508 ἀνθρώπων
2827 5436 2926 5504 τῆς
2973 5432 3112 5486 κατά
3143 5430 3273 5484 Θεὸν
3323 5425 3474 5526 ζωῆς,
3500 5417 3648 5527 είκοτιιιξ

2182 5526 2244 5578 τὸ
2277 5526 2418 5580 θεῖον
2452 5526 2696 5598 Πνεῦμα,
2731 5525 2955 5598 χορεῦον
3001 5525 3093 5578 ἐπὶ
3124 5522 3202 5594 τῷ
3245 5513 3562 5590 κατορθώματι
3588 5513 3642 5551 κ³⁵

476 5823 491 5835 .
589 5781 662 5850 (l)
703 5780 927 5852 Vulgata
967 5786 1153 5854 adjicit
1183 5785 1248 5840 In
1286 5787 1369 5842 d'ie
1400 5798 1518 5842 ante
1541 5788 1850 5858 Sabbatum,
1885 5789 2092 5860 quando
2126 5788 2347 5859 fundata
2373 5801 2447 5845 ςδε
2478 5798 2637 5844 terra.
