3830 6288
132 317 162 370 1
181 316 287 374 185

1273 307 1774 365 COMMENTARIA
1817 309 1882 362 IN
1921 308 2259 366 PSALMOS.

3255 320 3389 374 1186

147 424 362 487 πάντας
389 425 538 493 ἡμᾶς
561 424 652 477 ἐπὶ
685 425 782 495 τὴν
811 425 1027 496 χορείαν
1063 425 1312 494 συνάγον,
1337 426 1607 495 ἁναφωνεῖ
1631 427 1722 478 κα)⁵

1829 425 2036 498 Regnat
2068 442 2230 497 porro
2271 425 2553 490 Dominus,
2578 428 2671 498 qui
2712 428 2830 498 ipsa
2853 429 2960 484 vita
2992 439 3095 494 est,
3127 437 3182 483 et
3211 431 3386 502 ipsum

144 515 331 582 λέγει·
370 513 434 567 '0
462 517 666 582 Κύριος
695 515 1112 582 ἐϐασίλευσεν,
1141 518 1500 585 εὐπρέπειαν
1524 517 1721 570 ἐνεδύ-

141 621 320 659 σατο.
352 605 637 660 Βασιλεύει
669 608 724 660 δὲ
759 610 786 662 6
821 609 1045 680 Κύριος,
1087 609 1248 672 αὐτὸς
1277 609 1353 664 ὢν
1387 613 1420 680 ἡ
1451 609 1584 680 ζωὴ,
1624 609 1718 664 καὶ

139 696 313 758 αὐτὸς
354 694 430 748 ὣν
476 699 505 750 6
551 696 643 750 τοῦ
684 699 816 753 Θεοῦ
850 701 1040 768 Λόγος,
1085 701 1266 772 πάσης
1293 701 1501 771 ψυχῆς,
1547 697 1614 772 ἦς
1645 701 1719 772 μὴ

137 785 484 840 καθάπτεται
531 787 720 856 ἀλογία
761 789 853 843 καὶ
887 790 1185 862 ἀφροσύνη,
1231 791 1324 844 καί⁸
1360 787 1426 862 ἦς
1463 790 1536 862 μὴ
1569 792 1720 860 βασι-

136 874 295 928 λεύει
332 877 595 947 ἁμαρτία,
632 879 725 931 καὶ
749 873 814 950 ἦς
844 880 917 951 μὴ
951 884 1141 950 κρατεῖ
1168 881 1196 931 6
1229 880 1493 944 διάϐολος,
1525 880 1618 933 καὶ
1652 875 1719 952 ἦς

134 966 227 1036 μὴ
260 967 715 1021 καταδυναστεύει
767 969 1018 1034 Θάνατος,
1053 971 1369 1044 τιτρώσκων
1412 971 1579 1043 αὐτὴν
1625 972 1718 1025 καὶ

132 1057 390 1130 ἀναιρῶν
422 1059 510 1113 διὰ
549 1061 655 1112 τῶν
707 1060 847 1114 ἰδίων
887 1061 1145 1132 κέντρων.
1181 1063 1254 1115 Τὸ
1281 1064 1339 1116 δὲ
1371 1064 1595 1134 κέντρον
1622 1060 1717 1115 τοῦ

133 1148 381 1203 Θανάτου
416 1152 513 1222 τὴν
557 1150 830 1222 ἁμαρτίαν
864 1146 1000 1205 εἶναι
1033 1152 1270 1206 διδάσκει
1312 1155 1340 1206 6
1377 1150 1717 1217 Ἀπόστολὸς,

133 1239 214 1291 δι’
243 1236 314 1313 ἦς
341 1242 643 1313 ἀναιρεῖται
675 1241 820 1313 ψυχὴ
856 1243 995 1297 κατά
1034 1244 1132 1314 τὴν
1165 1243 1478 1312 φάσκουσαν
1507 1261 1720 1316 προφη-

133 1333 335 1386 τείαν·
377 1333 548 1403 Ψυχὴ
577 1334 614 1401 ἡ
643 1331 1092 1402 ἁμαρτάνουσα,
1131 1335 1283 1403 αὐτὴ
1314 1336 1716 1391 ἀποθανεῖται.

133 1425 242 1478 Διὸ
273 1425 538 1494 ἀσκητέον
570 1426 628 1478 τὸ
652 1428 790 1496 μήτε
820 1425 1064 1493 ἀλογίαν,
1100 1427 1236 1497 μήτε
1259 1426 1548 1498 ἁμαρτίαν,
1581 1428 1718 1498 μήτε

134 1516 238 1569 τὸν
258 1516 521 1578 διάϐολον,
558 1518 694 1587 μήτε
725 1517 815 1568 τὸν
839 1515 1066 1570 θάνατον
1100 1518 1256 1588 ἡμῶν
1292 1519 1377 1571 διὰ
1417 1519 1517 1589 τῆς
1545 1520 1720 1590 ἁμαρ-

133 1607 272 1671 τίας
306 1610 558 1678 κρατεῖν·
609 1607 766 1678 μόνον
800 1607 856 1661 δὲ
898 1609 1172 1680 κυριεύειν
1223 1607 1380 1679 ἡμῶν
1426 1609 1518 1662 τὸν
1549 1609 1719 1677 Λόγον

1824 517 1919 573 Dei
1959 517 2215 585 Verbum,
2268 519 2324 571 in
2369 533 2582 573 onmem
2639 521 2899 584 animam,
2932 523 3020 576 cui
3081 537 3192 576 non
3252 523 3382 579 ines‘

1824 610 2058 664 amentia
2088 619 2140 664 et
2165 610 2418 672 stultitia,
2442 611 2497 663 in
2528 627 2691 680 quam
2716 627 2825 666 non
2858 621 3050 684 regnat
3080 623 3385 684 peccatum,

1825 702 1914 755 cui
1945 717 2053 755 non
2091 702 2318 772 imperat
2342 702 2616 766 diabolus,
2647 703 2732 756 cui
2766 719 2874 758 non
2893 705 3202 760 dominatur
3219 722 3388 769 mors,

1827 793 2063 862 propriis
2093 793 2239 846 illam
2273 793 2512 848 stimulis
2543 793 2866 850 confodiens
2895 804 2946 850 et
2977 798 3253 853 occidens.
3283 796 3388 850 Sti-

1825 884 2030 936 mulum
2065 897 2230 953 porro
2281 885 2477 940 mortis
2507 893 2794 956 peccatum
2827 903 2948 942 esse
2972 888 3130 943 docet
3159 889 3393 959 Aposto-

1824 974 1910 1028 lus
1939 974 2035 1029 "z
2081 990 2190 1044 quo
2241 976 2463 1032 stimulo
2514 977 2780 1030 occiditur
2837 978 3040 1041 anima,
3093 980 3392 1034 secundum

1825 1066 2164 1136 prophetiam
2195 1082 2316 1137 quae
2345 1068 2421 1121 ait
2460 1087 2475 1125 :
2525 1069 2718 1123 Anima
2778 1086 2895 1140 qua:
2942 1072 3248 1139 peccaverit,
3280 1073 3394 1139 ipsa

1825 1159 2081 1213 morietur
2104 1159 2171 1213 ’⁸.
2205 1159 2385 1225 Quare
2413 1161 2762 1216 adnitendum
2793 1169 2897 1227 est,
2933 1169 2990 1214 ut
3015 1177 3189 1230 neque
3216 1177 3396 1217 amen-

1827 1251 2120 1321 tia,neque
2171 1261 2473 1321 peccatum,
2505 1269 2680 1323 neque
2727 1254 2994 1316 diabolus,
3046 1267 3221 1322 neque
3250 1268 3396 1307 mors

1826 1359 1922 1413 per
1975 1343 2153 1413 ipsum
2201 1353 2486 1413 peccatum
2518 1345 2574 1398 in
2615 1345 2774 1399 nobis
2806 1345 3150 1414 dominetur;
3184 1346 3278 1402 sed
3306 1363 3396 1401 so-

1827 1436 2102 1491 lummodo
2132 1433 2367 1492 Verbum
2400 1437 2605 1499 etvita,
2637 1436 2693 1490 id
2721 1445 2826 1504 est,
2856 1436 3139 1502 Dominus,
3175 1440 3266 1508 qui
3301 1453 3397 1507 per

1825 1544 1986 1582 omne
2010 1527 2272 1583 virtutum
2300 1543 2471 1598 genus
2496 1538 2686 1600 regnat
2709 1530 2763 1584 in
2793 1544 2911 1593 eos,
2942 1529 3036 1599 qui
3066 1529 3186 1600 ejus
3219 1530 3395 1599 impe-

1826 1613 1907 1666 rio
1927 1613 2075 1684 digni
2102 1614 2390 1669 habentur.

135 1700 243 1754 xal.
271 1702 370 1772 τὴν
403 1699 568 1772 ζωὴν,
602 1701 845 1754 τουτέστι
888 1703 980 1755 τὸν
1022 1701 1244 1774 Κύριον,
1292 1701 1379 1756 διὰ
1415 1701 1596 1772 πάσης
1646 1703 1850 1774 ἀρετῆς
1913 1706 2270 1777 βασιλεύοντα
2323 1706 2433 1760 τῶν
2474 1707 2901 1780 κατηξιωμένων
2943 1709 3042 1780 τῆς
3076 1709 3168 1761 ὑπ’
3224 1706 3395 1761 αὐτοῦ

136 1791 448 1861 βασιλείας.

235 1905 391 1956 Ἐπεὶ
432 1903 489 1957 δὲ
538 1904 745 1976 μέλλων
781 1905 1084 1976 βασιλεύειν
1109 1945 1124 1970 ,
1167 1906 1229 1959 οὐ
1285 1905 1444 1977 μόνον
1487 1906 1723 1972 ζώντων,

1900 1904 2036 1971 Quia
2067 1920 2198 1960 vero
2239 1905 2333 1959 Dei
2363 1905 2627 1972 Verbum,
2659 1907 2777 1978 ipse
2827 1907 3092 1964 Dominus
3136 1921 3396 1981 regnatu-

136 1996 289 2050 ἀλλά
319 1997 412 2050 καὶ
443 1997 651 2068 νεκρῶν
683 1999 712 2050 6
740 1998 830 2051 τοῦ
865 1997 999 2051 Θεοῦ
1031 1999 1203 2067 Λόγος
1237 1998 1398 2062 αὐτὸς
1425 1996 1500 2051 ὣν
1537 1999 1565 2050 6
1607 1997 1723 2050 Κύ-

140 2105 289 2160 ριος,
338 2089 440 2150 καὶ,
475 2091 535 2142 ού
575 2091 734 2160 μόνον
781 2091 886 2144 τῶν
920 2092 977 2144 ἐν
1011 2091 1257 2163 οὐρανοῖς
1303 2090 1438 2144 ἀλλά
1491 2090 1724 2144 καὶτῶν

137 2180 248 2234 ἐπὶ
278 2180 402 2250 γῆς,
443 2181 628 2246 καθὼς
675 2183 838 2246 αὐτὸς
867 2183 1108 2236 διδάσκει
1136 2183 1329 2252 λέγων,
1381 2183 1589 2250 Ἐδόθη
1626 2200 1727 2252 μοι

137 2271 324 2325 πᾶσα
359 2272 610 2336 ἐξουσία
641 2274 712 2326 ἐν
749 2273 980 2341 οὐρανῷ
1012 2275 1110 2328 καὶ
1151 2275 1248 2327 ἐπὶ
1279 2273 1389 2343 τῆς
1427 2275 1570 2344 γῆς·
1608 2274 1729 2327 ἐκέ-

138 2374 326 2410 νωσεν
378 2361 589 2424 ἐαυτὸν,
642 2363 855 2433 μορφὴν
899 2361 1082 2414 δούλου
1132 2361 1330 2427 λαϐὼν,
1382 2364 1628 2416 τουτέστι
1669 2363 1729 2416 τὸ

139 2449 351 2521 θνητὸν
402 2449 559 2522 σῶμα
615 2451 708 2505 καὶ
759 2451 820 2504 τὸ
879 2451 1215 2522 ἀνθρώπειον
1255 2452 1517 2525 ὄργανονο
1571 2453 1729 2507 τοῦτο

139 2542 264 2612 γὰρ
314 2537 380 2611 ἦν
414 2543 447 2612 ἡ
485 2542 666 2614 μορφὴ
714 2542 808 2596 τοῦ
864 2542 1082 2596 δούλουο
1115 2545 1234 2597 τότε
1283 2545 1400 2615 μέν,
1444 2546 1531 2598 ὅτε
1576 2543 1728 2598 ταῦτ’

141 2632 446 2702 ἔπραττεν,
481 2633 785 2704 ἀπρέπειαν
809 2635 1208 2706 περιεϐάλλετο,
1237 2635 1379 2688 ὥστε
1408 2635 1536 2707 περὶ
1566 2634 1729 2688 αὑτοῦ

139 2723 352 2791 λέγειν,
378 2723 630 2794 Εἵδομεν
657 2724 862 2787 αὐτὸν,
891 2727 988 2780 καὶ
1028 2729 1138 2781 οὐκ
1166 2727 1328 2796 εἶχεν
1359 2724 1547 2792 εἶδος,
1591 2725 1732 2780 οὐδὲ

143 2813 383 2881 κάλλος
403 2833 416 2844 ·
457 2817 594 2870 ἀλλ’
623 2813 702 2887 ἦν
722 2817 786 2870 τὸ
811 2813 971 2883 εἶδος
995 2817 1182 2872 αὑτοῦ
1201 2817 1410 2888 ἄτιμον
1429 2819 1526 2871 καὶ
1549 2816 1734 2872 ἐκλεῖ-

145 2920 277 2959 πον
303 2907 461 2974 παρὰ
486 2907 630 2974 τοὺς
663 2909 835 2975 υἱοὺς
864 2908 982 2962 τῶν
1012 2908 1366 2977 ἀνθρώπων·
1401 2910 1488 2962 ὅτε
1513 2910 1569 2962 δὲ
1598 2911 1734 2963 ἀπο-

145 2995 336 3048 λαϐὼν
375 2995 472 3067 τὴν
515 2996 691 3061 δόξαν,
748 2999 812 3068 ἢν
863 2999 958 3050 καὶ
1005 2997 1267 3069 πρότερον
1310 2994 1422 3068 εἶχε
1467 2997 1619 3068 παρά
1655 2999 1732 3070 τῷ

148 3086 352 3157 Πατρὶ,
413 3085 508 3158 τὴν
572 3087 667 3140 τοῦ
713 3087 899 3140 δούλου
960 3090 1172 3160 μορφὴν
1228 3089 1319 3142 ἐπὶ
1378 3089 1438 3144 τὸ
1491 3093 1734 3160 κρεῖττον

154 3176 619 3246 μετεσχημάτισε,
665 3177 806 3230 κατὰ
850 3177 947 3248 τὴν
995 3178 1357 3250 ἀποστολικὴν
1406 3179 1730 3251 μαρτυρίαν,

1827 2013 1921 2054 rus
1952 2005 2194 2052 eratnon
2223 1999 2398 2052 solum
2432 1999 2763 2064 viventibus,
2794 1999 2886 2054 sed
2921 2001 3088 2054 etiam
3125 2005 3393 2072 mortuis;

1825 2105 1926 2144 nec
1961 2091 2136 2144 solum
2183 2091 2521 2157 coelestibus,
2550 2091 2645 2146 sed
2677 2092 2840 2146 etiam
2891 2095 3146 2158 terrenis,
3181 2104 3241 2150 ut
3282 2098 3397 2167 ipse

1827 2182 2070 2238 declarat
2105 2182 2189 2238 his
2219 2183 2398 2238 verbis
2424 2182 2587 2237 :Data
2617 2192 2696 2237 est
2728 2183 2856 2237 mihi
2886 2186 3055 2240 omnis
3079 2196 3311 2256 potestas
3343 2190 3399 2242 in

1827 2274 1953 2330 caelo
1985 2285 2033 2329 et
2059 2276 2113 2330 in
2137 2278 2372 2344 terra";
2405 2277 2525 2332 ideo
2561 2277 2798 2347 seipsum
2828 2278 3130 2333 exinanivit
3164 2279 3397 2336 formam

1829 2368 1973 2422 servi
2012 2368 2307 2438 accipiens,
2331 2369 2384 2422 id
2409 2377 2512 2432 est,
2535 2371 2764 2425 mortale
2795 2384 2994 2440 corpus
3020 2381 3072 2426 et
3100 2371 3398 2427 humanum

1829 2460 2293 2528 instrumentum;
2344 2475 2470 2514 nam
2538 2461 2775 2531 idipsum
2831 2469 2948 2515 erat
3010 2461 3187 2516 forma
3229 2465 3396 2519 servi.
3434 2473 3446 2484 ‘

1829 2553 1965 2606 Cum
1999 2560 2179 2608 autem
2204 2552 2319 2606 haac
2351 2559 2554 2624 ageret,
2579 2560 2711 2607 tunc
2740 2552 2986 2607 dedecus
3019 2553 3252 2609 “indutus
3278 2562 3397 2623 est;

1830 2641 1904 2695 ita
1941 2651 2000 2696 ut
2041 2643 2108 2697 de
2142 2643 2259 2712 ipso
2289 2641 2540 2697 dicatur:
2576 2642 2813 2696 Vidimus
2859 2659 2996 2708 eum,
3033 2653 3083 2697 et
3113 2661 3214 2698 non
3245 2645 3403 2699 habe-

1831 2729 1918 2782 bat
1942 2730 2183 2800 speciem,
2216 2747 2376 2801 neque
2413 2731 2898 2800 pulchritudinem;
2924 2732 3014 2786 sed
3043 2743 3159 2786 erat
3202 2735 3400 2802 species

1829 2820 1941 2890 ejus
1992 2821 2329 2885 inhonorata,
2365 2831 2414 2876 et
2443 2823 2688 2892 deﬁciens
2718 2837 2829 2891 pra:
2873 2823 3002 2893 ﬁliis
3033 2824 3303 2879 hominum
3329 2827 3376 2857 ’⁸

1830 2911 1967 2965 Cum
1994 2921 2195 2975 autem,
2218 2921 2434 2981 recepta
2451 2927 2536 2976 ea,
2561 2929 2722 2982 quam
2753 2916 2988 2984 primum
3012 2916 3154 2985 apud
3183 2915 3400 2972 Patrem

1832 3001 2116 3066 habuerat,
2146 3002 2338 3073 gloria,
2375 3003 2602 3057 formam
2634 3007 2776 3060 servi
2802 3007 2856 3060 in
2886 3007 3080 3062 melius
3098 3007 3397 3071 transtulit,

1833 3093 2131 3148 secundum
2161 3093 2417 3165 lApostoli
2465 3095 2840 3150 testimonium
2883 3097 2964 3153 sic
3003 3098 3210 3154 habens
3243 3118 3257 3153 :
3294 3099 3400 3165 Qui

1837 3178 2238 3248 transformabit
2291 3196 2477 3249 corpus
2506 3181 2822 3240 humilitatis
2877 3195 3094 3253 nostrte,
3134 3188 3404 3256 conforme

147 3267 190 3338 ἢ
225 3285 410 3338 φησιν,
461 3271 557 3334 Ὃς
598 3252 1109 3338 μετασχηξιιατίσει
1150 3269 1217 3323 τὸ
1260 3269 1430 3340 σῶμα
1469 3270 1579 3340 τῆς
1627 3289 1725 3326 τα-

1831 3271 2040 3339 corpori
2092 3271 2276 3341 gloriae
2326 3270 2528 3326 Christi
2556 3275 2624 3338 ",
2687 3283 2817 3328 tunc
2866 3252 3118 3330 decorem
3175 3252 3398 3330 induit:

150 3359 493 3426 πεινώσεως
521 3359 710 3429 ἡμῶν,
749 3361 1106 3431 σύμμορφον
1136 3360 1216 3427 τῷ
1245 3360 1470 3432 σώματι
1493 3362 1606 3432 τῆς
1633 3362 1730 3416 δό-

152 3447 272 3516 ξης
309 3451 414 3504 τοῦ
447 3451 738 3519 Χριστοῦ,
789 3451 848 3504 τὸ
895 3451 1196 3522 τηνικαῦτα
1235 3454 1571 3525 εὐπρέπειαν
1615 3456 1731 3506 ἐνε-

151 3542 354 3596 δύσατο
376 3559 390 3572 ·
432 3542 519 3595 ὅτε
550 3542 642 3595 καὶ
673 3544 772 3614 τὴν
814 3542 908 3595 τοῦ
957 3544 1169 3616 Πατρὸς
1201 3542 1498 3611 βασιλείαν,
1541 3547 1634 3599 κοιλ⁴
1661 3545 1730 3599 τὰ

153 3635 398 3699 πάντων,
448 3635 508 3687 οὐ
561 3634 719 3704 μόνον
763 3634 867 3689 τῶν
901 3637 959 3689 ἐν
999 3635 1266 3706 οὐρανοῖς,
1308 3636 1443 3690 ἀλλά
1482 3638 1574 3690 καὶ
1620 3636 1730 3691 τῶν

154 3726 281 3780 καθ’
313 3725 442 3797 ὅλης
485 3725 582 3796 τῆς
624 3726 948 3797 οἰκουμένης
994 3727 1160 3781 ἐθνῶν
1211 3729 1509 3798 ἐκράτυνε,
1551 3727 1731 3780 πᾶσαν

154 3818 257 3890 τὴν
298 3816 556 3870 πολύθεον
604 3815 847 3869 καθελὼν
885 3817 1111 3888 πλάνην.
1165 3818 1256 3871 Διὸ
1303 3818 1578 3871 λέλεκται”
1613 3820 1731 3872 Κύ-

147 3927 286 3978 plac
339 3908 743 3962 ἐϐασίλευσεν
767 3945 782 3971 ,
835 3907 1193 3975 εὐπρέπειαν
1253 3907 1580 3962 ἐνεδύσατο
1600 3923 1615 3938 ·
1671 3907 1732 3960 τὸ

156 3999 291 4070 γοῦν
327 3997 673 4062 ἐνεδύσατο,
701 3996 776 4060 ὡς
807 3997 948 4050 κατά
971 4014 1092 4049 τινα
1114 3997 1301 4067 καιρὸν
1324 3995 1730 4066 ἀποδυσαμένου

155 4092 260 4164 τὴν
293 4090 646 4163 εὐπρέπειαν,
699 4087 944 4141 λέλεκται
964 4105 978 4119 °
1014 4089 1106 4142 καὶ
1136 4089 1222 4142 ὅτε
1271 4089 1368 4159 μὲν
1401 4086 1636 4156 ὑπέμενε
1665 4085 1734 4140 τά

157 4181 305 4235 κατὰ
346 4181 407 4234 τὸ
451 4179 642 4245 πάθος,
691 4177 1032 4246 ἐσταυρώθη
1057 4217 1072 4242 ,
1113 4176 1277 4247 φησὶν
1321 4178 1348 4230 6
1393 4175 1730 4240 Ἀπόστολος,

154 4271 230 4336 ἐξ
268 4271 616 4336 ἀσθενείας·
652 4270 740 4322 ὅτε
778 4269 835 4322 δέ
880 4267 1178 4339 νενικηκὼς
1202 4268 1296 4320 τὸν
1341 4267 1602 4332 Θάνατον,
1634 4268 1733 4336 τὴν

159 4362 308 4416 κατά
339 4363 555 4415 πάντων
583 4359 932 4432 ἀπελάμϐανε
968 4359 1266 4430 βασιλείαν,
1305 4359 1466 4412 πάλιν
1495 4357 1732 4429 ἐπλήρου

1829 3361 2047 3432 quando
2075 3363 2290 3432 penitus
2319 3364 2533 3419 sublato
2556 3365 2851 3420 multorum
2879 3367 3165 3422 numinum
3191 3383 3400 3432 errore,
3493 3394 3495 3396 ·

1828 3462 1882 3509 et
1937 3453 2117 3510 Patris
2162 3469 2412 3525 regnum,
2465 3462 2520 3511 et
2571 3472 2681 3510 non
2726 3457 2889 3511 modo
2934 3458 3261 3526 caelestium,
3305 3459 3402 3516 sed

1828 3547 1992 3601 etiam
2038 3547 2282 3601 omnium
2338 3562 2434 3615 per
2466 3549 2653 3602 orbem
2707 3550 2948 3618 gentium
3002 3565 3090 3604 res
3145 3552 3400 3606 lirmavit.

1829 3636 2010 3702 Quare
2039 3637 2240 3692 dicitur
2274 3655 2288 3692 :
2321 3637 2578 3692 Dominus
2619 3641 2874 3709 regnavit,
2909 3639 3146 3694 decorem
3185 3641 3404 3695 indutus

1828 3736 1948 3782 est:
1977 3729 2109 3783 illud
2140 3729 2306 3796 enim,
2339 3728 2554 3784 indutus
2598 3740 2697 3794 est,
2726 3733 2883 3800 quasi
2933 3732 3117 3800 aliquo
3161 3741 3404 3801 tempore

1831 3820 2082 3875 decorem
2127 3820 2360 3886 exuerit,
2393 3820 2690 3890 prolertur.
2727 3820 3004 3890 Siquidem
3031 3823 3251 3891 quando
3277 3839 3405 3892 pas-

1831 3911 2001 3966 sionis
2053 3919 2323 3966 tormenta
2377 3911 2661 3973 sustinuit,
2720 3911 3008 3981 cruciﬁxus
3061 3920 3170 3976 est,
3223 3913 3404 3983 inquit

1832 4001 2145 4072 Apostolus,
2192 4015 2257 4056 ea:
2311 4002 2624 4070 infirmitate
2645 4002 2724 4068 ³⁰;
2777 4016 2902 4056 cum
2957 4010 3141 4058 autem
3189 4002 3404 4058 devicta

1832 4101 2028 4159 morte,
2057 4109 2286 4165 regnum
2315 4093 2371 4147 in
2394 4108 2584 4148 omnes
2605 4094 2836 4164 accepit,
2853 4109 3049 4151 rursus
3081 4096 3183 4150 hoc
3213 4095 3406 4165 imple-

1831 4197 1946 4244 tum
1980 4193 2063 4241 est
2101 4202 2116 4239 :
2153 4185 2339 4241 Induit
2367 4185 2623 4240 Dominus
2646 4185 3011 4255 fortitudinem
3053 4197 3102 4241 et
3125 4188 3404 4256 prwcinxit

1833 4295 1907 4333 se.
1937 4276 2074 4332 Nam
2102 4277 2356 4332 Christus
2379 4277 2472 4332 Dei
2498 4278 2672 4332 virtus
2694 4282 2812 4332 erat
2839 4283 2894 4330 et
2922 4275 3014 4332 Dei
3053 4278 3318 4347 sapientia
3333 4277 3400 4331 “.

1833 4368 2063 4436 Deinde,
2103 4376 2289 4439 utpote
2319 4369 2538 4438 propria
2570 4368 2792 4422 indutus
2821 4368 3022 4420 virtute
3063 4381 3235 4437 eaque
3264 4381 3402 4436 prte-

156 4454 244 4518 τδ,
292 4453 644 4507 Ἐνεδύσατο
675 4455 892 4522 Κύριος
921 4451 1174 4522 δύναμιν
1198 4452 1295 4505 καὶ
1325 4448 1725 4521 περιεζώσατο.

1834 4461 2070 4523 cinctus,
2090 4476 2345 4531 magnum
2373 4461 2583 4515 facinus
2605 4458 2938 4530 aggreditur.
2957 4457 3242 4524 Quodnam
3257 4465 3404 4512 esset

157 4546 396 4616 Χριστὸς
424 4545 532 4616 γὰρ
577 4544 712 4598 Θεοῦ
747 4545 972 4615 δύναμις
999 4539 1066 4614 ἦν
1109 4543 1200 4596 καὶ
1225 4541 1359 4596 Θεοῦ
1389 4542 1570 4612 σοφία.
1619 4537 1725 4594 Εἷ6⁴

1838 4551 1993 4615 illud,
2032 4551 2274 4606 declarat
2330 4559 2520 4620 postea
2561 4547 2846 4618 Scriptura
2899 4548 3138 4602 dicens:
3191 4545 3403 4600 Etenim

157 4637 260 4691 ἆτε
310 4636 409 4708 τὴν
446 4636 654 4690 οἰκείαν
699 4636 926 4708 δύναμιν
971 4636 1326 4705 ἐνδυσάμενος
1351 4674 1365 4698 ,
1415 4633 1510 4686 καὶ
1559 4632 1725 4706 ταύτῃ

1835 4642 2068 4712 ﬁrmavit
2099 4643 2275 4695 orbem
2304 4651 2480 4706 terrae,
2507 4641 2598 4711 qui
2626 4657 2729 4694 non
2775 4639 3200 4693 commovebitur.
3252 4637 3406 4691 Illam

157 4747 230 4783 πε
242 4727 628 4802 ριζωσάμενος,
672 4728 890 4802 μεγάλῳ
922 4727 1304 4799 κατορθώματι
1337 4726 1526 4780 ἐαυτὸν
1557 4724 1725 4778 ἐπιδί-

1836 4733 2057 4803 quippe,
2089 4747 2214 4787 cum
2235 4739 2444 4786 tantum
2477 4747 2586 4786 non
2619 4733 2676 4784 in
2715 4729 2971 4784 barathra
3019 4729 3234 4798 penitus
3268 4729 3402 4783 ruit»

157 4821 314 4876 δωσι.
349 4823 414 4875 Τί
445 4823 502 4876 δέ
520 4819 587 4894 ἦν
614 4823 791 4886 τοῦτο,
821 4821 948 4892 ἑξῆς
971 4823 1000 4874 6
1028 4820 1180 4889 λόγος
1205 4819 1442 4873 διδάσκει
1472 4818 1725 4886 φάσκων⁴

1837 4834 1940 4884 set,
1985 4822 2202 4890 quando
2248 4821 2554 4876 diemonum
2604 4823 2688 4876 vis
2742 4827 2797 4874 et
2856 4820 3094 4873 ellicacia
3149 4819 3402 4874 omnibus

159 4912 270 4966 Καὶ
309 4912 415 4982 γὰρ
445 4911 772 4979 ἐστερέωσε
808 4910 922 4980 τὴν
947 4909 1332 4980 οἰκουμένην,
1367 4908 1500 4976 ἣτις
1522 4909 1593 4961 οὺ
1633 4924 1725 4962 σαι

1836 4911 2179 4980 praevalebat,
2205 4911 2378 4965 erexit
2417 4925 2482 4965 ac
2515 4910 2774 4972 restituit,
2807 4924 2930 4963 cum
2965 4924 3181 4963 omnem
3231 4909 3388 4962 inimi

159 5004 542 5070 λευθήσεται.
581 5002 792 5076 Μικροῦ
843 5002 950 5074 γὰρ
1005 5003 1114 5056 δεῖν
1171 5001 1298 5072 ὅλην
1339 5000 1508 5072 αὑτὴν
1556 4999 1725 5053 διόλου

1837 5018 1956 5058 cam
1981 5011 2034 5059 et
2065 5003 2453 5058 daemoniacam
2485 5004 2762 5066 virtutem,
2787 5010 2841 5056 et
2881 5003 3174 5056 multorum
3223 5001 3432 5054 numi-~

162 5097 308 5152 κστά
341 5097 629 5169 βαράθρων
659 5097 986 5167 ἐνεχθεῖσαν,
1034 5097 1272 5168 ὁπηνίκα
1309 5095 1378 5152 τά
1415 5096 1515 5167 τῆς
1546 5095 1725 5166 δαιμο-

1838 5107 1968 5147 num
1997 5108 2240 5147 errorem
2282 5093 2588 5146 evertisset.
2638 5089 2718 5143 Ita
2749 5091 2894 5144 enim
2949 5088 3188 5142 ﬁrmavit
3217 5088 3410 5141 orbem.

160 5185 322 5254 νικῆς
350 5185 626 5256 ἐνεργείας
657 5185 799 5238 κατὰ
840 5186 1055 5239 πάντων
1097 5186 1296 5256 ἴσχυεν,
1341 5187 1599 5258 ἀνήγειρε
1640 5187 1725 5239 καὶ

1838 5192 2017 5247 terrae,
2051 5191 2110 5238 ut
2135 5199 2310 5252 neque
2346 5198 2376 5236 a
2405 5184 2603 5252 pietate
2629 5197 2757 5254 erga
2780 5181 2949 5236 Deum
2983 5181 3353 5235 dimoveretur
3389 5196 3430 5236 ε,

161 5271 533 5344 διωρθώσατο,
557 5275 736 5326 πᾶσαν
766 5273 866 5345 τὴν
900 5273 1098 5344 ἐχθράν
1125 5275 1220 5326 καὶ
1241 5274 1557 5345 δαιμονικὴν
1585 5273 1725 5328 δύνα·

1839 5272 2136 5329 Ecclesiam
2170 5290 2302 5329 vero
2328 5275 2522 5343 ipsius,
2552 5289 2672 5342 qua:
2698 5287 2863 5342 supra
2912 5283 3119 5342 petram
3147 5269 3432 5322 fundatur.

166 5382 282 5435 μιν,
321 5367 418 5434 τήν
447 5382 506 5416 τε
542 5364 798 5417 πολύθεον
829 5363 1035 5435 πλάνην
1064 5365 1388 5436 ἀνατρέψας.
1423 5365 1578 5419 Οὕτω
1605 5365 1725 5434 γοῦι

1835 5375 1890 5420 et
1931 5365 2198 5421 adversus
2227 5382 2386 5436 quam
2427 5375 2598 5434 porta:
2644 5365 2804 5420 inferi
2857 5378 2967 5417 non
3015 5359 3427 5432 praevaiebunt,

165 5457 465 5529 ἐστερέωσε
511 5456 610 5527 τὴν
661 5456 1015 5528 οἰκουμένην,
1065 5456 1142 5520 ὡς
1195 5457 1382 5529 μηκέτ’
1431 5458 1600 5529 αὐτὴν
1639 5474 1725 5510 σα-

1839 5458 1929 5511 hic
1973 5473 2069 5528 per
2124 5457 2308 5512 orbem
2337 5465 2499 5511 terrae
2527 5457 2842 5523 indicatam,
2875 5456 2950 5508 ita
2982 5454 3248 5507 ﬁrmatam
3287 5463 3403 5505 esse

237 5634 284 5665 "
316 5633 336 5686 1
370 5632 496 5688 Cor.
532 5648 623 5698 xv,
658 5631 745 5686 56.
820 5631 872 5701 "7
905 5631 1100 5686 Ezeeh.
1136 5647 1298 5698 xvnt,
1331 5632 1423 5689 20.
1497 5633 1542 5664 ³⁷
1583 5629 1725 5687 Matt]

1841 5645 2047 5698 xxvtn,
2111 5631 2193 5687 18.
2291 5631 2336 5664 ¹⁸
2377 5631 2480 5687 lsa.
2516 5645 2645 5697 un,
2675 5630 2731 5684 2.
2822 5631 2867 5663 ³⁸
2904 5629 3137 5701 Philipp.
3176 5643 3274 5698 ιιι,
3313 5625 3401 5683 2t.

166 5703 213 5736 ³⁸
254 5702 297 5757 ll
331 5703 460 5759 Car.
487 5718 614 5768 xm,
650 5703 704 5758 4.
779 5702 820 5735 ἰ
860 5700 881 5756 ι
915 5703 1040 5758 Cor.
1079 5717 1132 5768 ι,
1164 5701 1256 5756 24.
1349 5777 1371 5794 ⁴
1551 5728 1559 5733 -
