3830 6288
122 327 169 381 ἱ
190 329 296 385 189

1358 322 1858 381 COMMEMAMA
1900 324 1963 373 IN
2004 324 2343 381 PSALMOS.

3267 331 3407 387 ΗΝ)

122 445 253 516 τῆς
293 462 355 514 γε
398 445 581 516 φωνῆς
611 442 788 500 αὐτῶν
815 444 998 498 ἐκεῖνα
1027 438 1116 516 ἦν,
1146 444 1212 499 δι’
1236 436 1310 499 ῶν
1348 446 1517 499 ἐϐόων
1541 445 1724 513 λέγον-

1829 443 2154 511 constituta,
2188 445 2587 503 conﬂuentibus
2626 449 2699 504 ibi
2734 449 2977 508 ﬂuminis
3014 451 3189 508 instar
3222 453 3404 523 genti-

122 552 273 600 τες·
313 540 524 608 Ἄρατε
562 538 778 602 πύλας,
808 539 859 589 οί
881 536 1170 605 ἄρχοντες
1200 536 1388 605 ὑμῶν,
1418 536 1516 590 καὶ
1547 536 1725 605 ἐπάρ-

128 632 296 696 θητε
323 630 509 683 πύλαι
537 627 780 690 αίιὶγνιοι,
807 628 903 679 καὶ
933 628 1341 681 εἰσελεύσεται
1370 631 1403 682 ό
1425 627 1726 692 ,βασιλεὺς

128 720 264 788 τῆς
291 719 496 787 δόξης.
539 721 637 785 Τίς
666 720 835 773 ἐστιν
869 715 1046 784 οὗτος
1073 722 1106 772 ὁ
1138 718 1439 784 ,βασιλεὺς
1466 717 1575 787 τῆς
1622 718 1722 772 δό-

131 809 305 877 ξ’ίης;
332 812 548 879 Κύριος
570 811 849 879 κραταιὸς
871 812 967 863 καί
997 809 1275 875 δυνατὸς,
1312 810 1526 878 Κύριος
1547 809 1726 862 δυναί-

127 905 255 972 τός
280 907 351 959 ἐν
377 906 616 975 πολέμῳ
633 924 645 937 ·
682 907 775 961 καὶ
810 906 998 961 πάλιν·
1034 906 1248 972 Κύριος
1270 904 1391 957 τῶν
1419 902 1726 972 δυνάμεων

128 997 337 1063 αὑτός
370 998 541 1050 ἐστιν
572 1000 604 1051 d
630 996 933 1061 βασιλεὺς
958 994 1067 1063 τῆς
1090 996 1295 1063 δόξης.
1314 995 1424 1049 Καὶ
1449 993 1519 1046 τὰ
1545 993 1723 1064 πλήθη

127 1084 201 1139 δὲ
236 1088 348 1140 τῶν
387 1091 443 1142 ἐν
473 1088 776 1160 ἀνθρώποις
806 1087 899 1141 τοῦ
936 1089 1188 1158 Σωτῆρος
1220 1086 1378 1158 ἡμῶν
1421 1083 1725 1155 ἐκκλησιῶν

130 1180 465 1251 ποταμηδόν
496 1182 553 1233 ἐν
593 1181 784 1243 αὑταῖς
822 1180 929 1233 τῶν
970 1178 1029 1245 ἐξ
1074 1178 1244 1231 ἐθνῶν
1284 1176 1724 1231 πεπιστευκότων

1828 536 1931 591 bus
1963 552 2081 606 qua
2111 538 2480 603 crediderunt,
2506 541 2952 613 elevantibusque
2973 560 3158 599 vocem
3190 546 3245 599 in
3276 560 3402 599 ora-

1829 628 2068 684 tionibus
2100 630 2165 683 ad
2196 629 2364 685 Deum
2388 632 2623 697 emissis,
2649 634 2810 704 inque
2838 637 3091 692 laudibus
3115 653 3212 707 per
3243 637 3407 708 hym.

1827 733 1929 773 nos
1977 728 2031 773 et
2076 720 2317 789 psalmos
2355 719 2520 775 editis
2549 761 2563 786 ,
2622 733 2854 792 possunt
2901 724 3124 779 ﬂumina
3165 725 3398 780 vocari:

1829 809 2045 878 quando
2101 810 2217 879 ipse
2261 808 2526 866 Dominus
2574 820 2759 868 noster
2813 828 2926 879 eos,
2954 831 3091 884 quos
3125 831 3189 870 ex
3220 831 3317 871 sua
3345 825 3400 870 et

1829 897 2011 951 divina
2032 897 2281 953 doctrina
2302 899 2542 966 haurire,
2570 909 2627 955 et
2649 918 2715 956 ex
2750 900 2958 971 Spiritu
2994 916 3184 958 sancto
3215 905 3402 959 bibere

1830 987 2072 1042 futurum
2122 1000 2268 1055 erat,
2328 990 2643 1047 ﬂuminibus
2691 1003 2970 1062 comparat
3021 994 3256 1050 dicens:
3295 996 3402 1061 Qui

1830 1082 2014 1136 biberit
2046 1098 2110 1137 ea:
2142 1100 2299 1154 aqua,
2321 1102 2475 1155 quam
2497 1103 2586 1155 ego
2616 1085 2752 1140 dabo
2781 1088 2855 1151 ei,
2881 1088 3105 1155 ﬂumina
3142 1088 3204 1142 de
3227 1101 3403 1143 ventre

1829 1174 1941 1238 ejus
1971 1174 2133 1244 ﬂuent
2161 1192 2311 1246 aqua
2346 1179 2492 1243 viva,
2524 1178 2764 1233 salientis
2786 1180 2840 1233 in
2871 1181 3032 1233 vitam
3060 1188 3311 1233 wternam
3330 1181 3398 1234 ³⁸.

133 1274 490 1339 ιτυρὁόντων
532 1275 637 1336 ἀεὶ,
672 1274 1006 1345 ἐπαιρόντων
1032 1290 1092 1325 τε
1128 1271 1310 1342 φωνὴν
1350 1273 1407 1324 ἐν
1436 1273 1560 1332 ταῖς
1626 1269 1761 1338 πρὸς
1797 1267 1889 1322 τὸν
1922 1268 2051 1322 Θεὸν
2098 1269 2305 1339 εὐχαῖς,
2337 1269 2393 1323 ἐν
2425 1288 2485 1322 τε
2512 1272 2629 1334 ταῖς
2677 1270 2742 1322 δι’
2804 1269 2985 1341 ῦμνων
3036 1272 3131 1324 καὶ
3174 1270 3403 1341 ψαλμῶν
3476 1284 3483 1292 ·

112 1362 498 1432 νδοξολογίαις,
542 1365 793 1418 δύνανται
844 1364 1097 1433 λέγεσθαι
1149 1364 1417 1433 ποταμοί·
1474 1364 1594 1415 ἐπεὶ
1637 1362 1731 1415 καὶ
1767 1362 1928 1427 αὐτὸς
1960 1364 1987 1415 ὁ
2018 1360 2221 1431 Κύριος
2286 1360 2442 1432 ἡμῶν
2473 1362 2600 1424 τοὺς
2636 1361 2927 1432 μέλλοντας
2990 1364 3054 1415 ἐκ
3091 1362 3192 1433 τῆς
3233 1363 3402 1416 αὑτοῦ

127 1457 244 1508 καὶ
272 1456 420 1519 θείας
445 1457 789 1521 διδασκαλίας
818 1457 1103 1528 ἀρύεσθαι,
1139 1456 1352 1510 καὶτοῦ
1404 1456 1559 1525 ἁγίου
1599 1455 1915 1527 Πνεύματος
1971 1455 2168 1519 πίνειν,
2213 1458 2476 1525 ποταμοῖς
2524 1455 2860 1527 παραϐάλλει
2929 1455 3122 1523 λέγων’
3166 1458 3263 1522 Ὃς
3327 1454 3405 1508 ἂν

126 1546 256 1615 πίῃ
293 1550 362 1601 ἐκ
400 1548 503 1602 τοῦ
541 1550 758 1615 ὕδατος
788 1546 859 1605 οὗ
892 1549 1004 1616 ἐγὼ
1042 1549 1212 1604 δώσω
1253 1548 1432 1615 αὐτῷ,
1467 1550 1716 1619 ποταμοί
1741 1550 1809 1604 ἐκ
1843 1549 1952 1619 τῆς
1985 1550 2215 1615 κοιλίας
2250 1548 2436 1603 αὑτοῦ
2479 1550 2814 1616 ῥεύσουσιν
2876 1549 3095 1616 ὕδατος
3166 1547 3403 1620 ζῶντος,

114 1636 498 1708 ἁλλομένου
528 1642 615 1705 είς
644 1639 795 1708 ζωὴν
809 1640 1069 1694 ιιίώνιον.

232 1760 463 1828 Ἀροῦσι
496 1760 748 1829 ποταμοί
775 1761 1107 1828 ἐπιτρίψας
1127 1761 1324 1814 αὐτῶν
1356 1762 1472 1816 ἀπὸ
1509 1761 1722 1830 φωνῶν

1891 1756 2058 1815 Vens.
2082 1757 2136 1822 4,
2171 1756 2225 1811 5.
2263 1757 2467 1813 Tollent
2501 1756 2725 1826 ﬂumina
2772 1757 2965 1825 ﬂuctus
3014 1774 3137 1811 suos
3180 1775 3212 1811 a
3261 1760 3403 1812 voci-

124 1848 384 1904 ὑδάτων
422 1848 686 1905 πολλῶν.
723 1850 1061 1919 Θαυμαστοὶ
1105 1854 1157 1905 οί
1186 1854 1571 1922 μετεωρισμοὶ
1615 1853 1724 1921 τῆς

128 1940 487 2008 θαλάσσης,
524 1942 865 2011 θαυμαστὸς
899 1944 969 1996 ἐν
1004 1945 1288 2011 ὑψίστοις
1325 1948 1358 1999 d
1395 1947 1622 2014 Κύριος.
1648 1939 1723 1999 Ἐί

127 2031 427 2102 νενόηνται
458 2032 506 2084 οί
539 2034 771 2103 ποταμοὶ
803 2034 852 2086 οἱ
881 2033 974 2086 ἐπὶ
1007 2036 1073 2105 τῇ
1105 2033 1228 2104 δόξῃ
1253 2035 1348 2105 τῆς
1384 2035 1477 2089 τοῦ
1518 2035 1723 2107 Κυρίου

131 2122 425 2193 βασιλείας
454 2124 552 2194 τὴν
585 2123 762 2177 αὐτῶν
788 2124 970 2195 φωνὴν
1001 2124 1336 2196 ἐπαίροντες,
1359 2127 1422 2178 ἐκ
1445 2125 1538 2179 τοῦ
1569 2129 1723 2180 ἐναν-

127 2214 267 2266 τίου
307 2213 659 2285 νοηθήτωσαν
698 2214 876 2286 ἐτεροι
916 2215 1151 2285 ποταμοὶ
1190 2214 1592 2286 ἐπιτριϐόμενοι
1632 2218 1725 2268 καὶ⁵

122 2306 607 2376 τκατεπαιρόμενοι
632 2306 731 2378 τῆς
756 2305 1008 2375 γνώσεως
1031 2306 1124 2359 τοῦ
1148 2306 1305 2371 Θεοῦ,
1322 2306 1575 2370 ἐναντίως
1595 2307 1652 2359 δέ
1667 2324 1724 2360 τε

129 2393 485 2465 διακείμενοι
542 2398 653 2459 τοῖς
706 2396 994 2467 ἐπαίρουσι
1047 2396 1144 2465 τὴν
1196 2395 1380 2467 φωνὴν
1438 2396 1613 2450 αὐτῶν
1649 2396 1726 2467 τῷ

126 2485 288 2557 θεῷ.
325 2477 483 2539 Οὗτοι
520 2485 584 2558 δὴ
604 2481 694 2540 οῦν
728 2489 777 2540 οί
809 2486 1039 2540 ἐναντίοι
1064 2487 1298 2557 ποταμοὶ
1317 2488 1546 2558 αίρουσι,
1572 2487 1723 2558 φησι,

132 2575 248 2640 τὰς
295 2577 601 2647 ἐπιτρίψεις
645 2578 847 2645 αὐτῶν,
891 2576 1167 2629 τουτέστιν
1211 2577 1573 2648 ἀποθήσονται
1620 2579 1726 2629 πᾶν

136 2667 377 2741 ἔπαρμα
401 2670 495 2723 καὶ
522 2670 701 2724 πάντα
731 2669 921 2740 τῦφον,
958 2673 1051 2724 καὶ
1077 2672 1255 2724 πᾶσαν
1284 2668 1599 2738 ἐπιτριϐήν·
1634 2668 1727 2721 καὶ

139 2760 314 2813 τοῦτο
344 2764 663 2833 ποιήσουσιν
688 2760 797 2815 ἀπὸ
825 2763 923 2833 τῆς
951 2763 1133 2832 φωνῆς
1158 2759 1267 2812 τῶν
1296 2758 1465 2826 ἁγίων
1496 2756 1722 2810 ὑδάτων.

141 2854 383 2923 Νοήσεις
416 2854 472 2907 δὲ
512 2854 572 2908 τὸ
613 2855 899 2926 είρημένον
939 2854 1258 2924 ἐπιστήσας,
1294 2850 1370 2913 ὡς
1415 2849 1575 2903 πάλαι
1627 2848 1726 2919 μὲν

142 2947 210 2999 ὲν
251 2942 558 3017 ἀνθρώποις
615 2944 873 3008 πολλάκις
921 2940 988 3015 ἦν
1032 2942 1330 3013 ἐπαγγελία
1394 2941 1582 3011 σοφίας
1631 2938 1725 2992 τοῦ

144 3036 348 3099 αίῶνος
374 3035 590 3101 τούτου,
619 3036 711 3089 καὶ
737 3034 1053 3105 φιλοσοφίας
1074 3033 1419 3106 ἀνθρωπίνης
1447 3030 1722 3102 ἐπιτριϐή-

1827 1848 1921 1903 bus
1957 1865 2213 1919 aquarum
2246 1849 2555 1902 multarum.
2602 1847 2879 1901 Mirabiles
2908 1848 3160 1903 elationes
3212 1852 3401 1915 maris,

1824 1942 2083 1996 mirabilis
2110 1944 2164 1997 in
2196 1940 2472 1995 altissimis
2526 1940 2805 1996 Dominus.
2866 1939 2924 1995 Si
2973 1942 3191 1998 ﬂumina
3248 1943 3405 1998 intel-

1824 2034 2072 2097 leximus,
2138 2048 2258 2104 qua
2312 2049 2478 2104 super
2526 2033 2696 2103 gloria
2745 2035 2895 2104 regni
2950 2033 3163 2089 Domini
3210 2049 3401 2088 vocem

1826 2140 1981 2178 suam
2044 2124 2425 2190 elevaverunt;
2498 2123 2803 2177 econtrario
2853 2122 3229 2193 intelligantur
3292 2125 3401 2178 alia

1825 2212 2046 2267 ﬂumina
2080 2228 2199 2283 qua
2236 2211 2433 2267 ﬂuctus
2455 2212 2694 2266 excitant
2717 2219 2769 2267 et
2803 2213 3056 2267 attollunt
3087 2224 3277 2268 contra
3300 2227 3399 2270 co-

1826 2305 2121 2375 gnitionem
2154 2303 2269 2367 Dei,
2300 2312 2462 2374 atque
2504 2305 2571 2361 iis
2593 2306 2844 2377 opposita
2874 2321 2994 2376 qua
3028 2320 3215 2361 vocem
3243 2321 3400 2361 suam

1826 2395 1938 2450 Deo
1965 2397 2197 2451 elevant.
2235 2394 2360 2451 Hac
2383 2397 2565 2467 itaque
2596 2383 2869 2452 contraria
2900 2396 3146 2461 ﬂumina,
3174 2396 3406 2453 ﬂuctus:

1826 2485 2024 2555 inquit,
2072 2499 2203 2540 suos
2254 2485 2490 2553 tollunt;
2522 2486 2577 2541 id
2607 2495 2692 2543 est
2721 2501 2936 2541 omnem
2968 2487 3280 2551 elationem,
3318 2497 3407 2541 tu-

1826 2590 2034 2630 morem
2081 2582 2135 2630 et
2191 2575 2496 2632 allisionem
2550 2577 2868 2648 deponent:
2902 2577 3065 2647 idque
3118 2577 3321 2632 facient
3374 2593 3407 2632 a

1826 2681 1960 2721 voce
1991 2674 2306 2722 sanctarum
2341 2682 2627 2738 aquarum.
2660 2668 2775 2723 Hoc
2807 2685 2970 2741 porro
3009 2671 3215 2726 dictum
3242 2672 3407 2727 intel-

1826 2758 1986 2827 ligas,
2012 2759 2057 2813 si
2083 2759 2412 2830 perpendas,
2444 2761 2573 2814 olim
2613 2761 2756 2831 apud
2798 2762 3046 2818 homines
3087 2764 3408 2832 plerumque

1828 2851 2108 2907 exstitisse
2145 2854 2419 2922 specimen
2455 2854 2732 2923 sapientia
2785 2854 2948 2923 hujus
2979 2856 3184 2919 saeculi,
3224 2864 3277 2909 et
3306 2856 3407 2909 hu-

1828 2955 2004 2995 mana
2030 2942 2388 3014 philosophia
2421 2944 2814 3015 arrogantiam,
2838 2960 2945 3015 qua
2984 2944 3155 2999 inﬂati
3183 2946 3407 3005 extolle-

1828 3031 2048 3096 bantur,
2082 3042 2136 3088 et
2178 3048 2210 3088 a
2265 3042 2445 3089 mente
2471 3035 2654 3090 carnis
2688 3051 2801 3090 sua
2843 3037 3214 3106 erigebantur,
3247 3036 3406 3105 quasi

147 3128 239 3197 ἐφ’
257 3121 290 3201 ᾖ
309 3128 401 3180 καὶ
423 3128 689 3198 ἐπήροντο
705 3128 1053 3197 φυσιούμενοι
1073 3127 1167 3179 καὶ
1196 3124 1599 3195 ἐπιτριϐόμενοι
1618 3124 1723 3177 ὑπὸ

1829 3137 2053 3193 magnas
2105 3133 2159 3179 et
2212 3124 2485 3195 sapientes
2535 3124 2854 3196 disciplinas
2885 3127 3098 3181 adirent
3134 3127 3405 3197 sapientes

142 3218 246 3272 τοῦ
268 3218 384 3281 νοὸς
398 3219 497 3289 τῆς
515 3218 713 3289 σαρκὸς
729 3218 924 3270 αὐτῶν·
947 3218 1021 3281 ὼς
1043 3217 1106 3288 δὴ
1126 3218 1336 3288 μεγάλα
1350 3217 1469 3270 τινά
1483 3218 1576 3271 καὶ
1593 3216 1731 3286 σοφά

150 3308 454 3381 μαθήματα
486 3308 872 3379 μετερχόμενοι
901 3309 951 3361 οἱ
983 3309 1135 3377 σοφοὶ
1161 3307 1254 3360 τοῦ
1283 3307 1476 3371 αἰῶνος
1517 3307 1726 3362 τούτου.

149 3399 283 3453 Ὅτε
311 3417 375 3468 γε
409 3400 515 3471 μὴν
548 3400 628 3462 εἰς
660 3399 839 3451 πᾶσαν
880 3398 978 3469 τὴν
1013 3399 1116 3469 γῆν
1145 3399 1273 3467 παρ’
1297 3397 1520 3467 Ἕλλησί
1546 3413 1606 3449 τε
1637 3397 1732 3450 καὶ

146 3489 304 3562 παρά
326 3490 623 3562 βαρϐάροις
646 3490 931 3561 ἐκκλησίαι
944 3488 1076 3542 Θεοῦ
1110 3488 1461 3560 συνέστησαν,
1488 3487 1584 3558 τὴν
1600 3486 1730 3558 ἀλη-

142 3581 218 3654 θῆ
251 3583 439 3651 σοφίαν
472 3580 769 3652 μετιοῦσαι,
787 3582 879 3634 καὶ
899 3581 996 3646 τὰς
1025 3580 1335 3653 πρεπούσας
1360 3580 1436 3651 τῷ
1449 3579 1567 3651 Θεῷ
1592 3576 1733 3644 δοξο-

142 3674 336 3744 λογίας
351 3692 410 3727 τε
426 3676 519 3728 καὶ
536 3674 857 3745 ὑμνολογίας
875 3674 1180 3744 ποταμηδδν
1192 3674 1286 3727 καὶ
1307 3673 1443 3743 μετά
1487 3672 1731 3743 μείζονος

148 3769 248 3822 καὶ
265 3785 332 3822 πε
341 3771 451 3839 παῤ
459 3767 828 3839 ρησιασμένης
845 3766 972 3836 βοῆς
985 3766 1423 3836 ἀναπέμπουσαι,
1440 3777 1534 3818 και
1544 3764 1731 3835 ὥσπερ

149 3857 362 3911 ὑδάτων
392 3856 600 3909 πολλῶν
650 3856 833 3927 φωνὴν
874 3854 963 3908 διὰ
987 3854 1049 3906 τὸ
1088 3853 1292 3923 πλῆθος
1337 3852 1730 3905 θεοσεϐούντων

148 3949 416 4018 ἀφιεῖσαι,
447 3947 507 4001 τὸ
527 3945 825 4017 τηνικαῦτα
850 3944 1128 4016 καθῃρέθη
1162 3943 1191 3996 ὁ
1221 3942 1388 4011 τῦφος
1427 3941 1536 3995 τῶν
1564 3941 1729 3995 πάλαι

152 4042 521 4112 νομιζομένων
549 4038 747 4109 σοφῶν,
776 4039 870 4092 καὶ
898 4038 1049 4090 πᾶσα
1078 4033 1255 4089 αὐτῶν
1289 4032 1543 4103 ἐπιτριϐὴ
1574 4049 1731 4085 τετα-

151 4133 438 4196 πείνωται,
484 4131 585 4201 τῆς
628 4130 819 4199 σοφίας
850 4127 1028 4182 αὐτῶν
1069 4127 1150 4189 είς
1180 4125 1332 4178 οὐδὲν
1365 4123 1726 4195 λογισθείσης.

151 4226 219 4277 Ei.
245 4223 302 4277 δέ
331 4240 415 4286 τις
450 4222 670 4275 πώποτε
698 4220 977 4290 ἐθαύμασε
1016 4218 1111 4271 καὶ
1152 4217 1252 4287 τῆς
1302 4216 1576 4286 θαλάσσης
1604 4215 1730 4279 τοὺς

150 4314 587 4388 μετεωρισμοὺς,
609 4314 704 4367 τοῦ
737 4312 851 4383 βίου
882 4308 1080 4382 δηλαδὴ
1120 4308 1214 4361 τοῦ
1249 4307 1444 4379 θνητοῦ
1482 4306 1580 4370 τὰς
1610 4323 1728 4375 τρι-

153 4406 361 4476 κυμίας
387 4404 481 4457 καὶ
512 4403 637 4465 τοὺς
667 4401 941 4462 κλύδωνας
980 4400 1107 4462 τούς
1150 4396 1548 4467 ἐπαιρομένους
1590 4394 1731 4448 κατὰ

1832 3212 1997 3283 hujus
2029 3215 2235 3270 saeculi.
2267 3216 2337 3269 At
2368 3216 2586 3286 quando
2613 3232 2710 3288 per
2732 3216 2920 3272 orbem
2945 3218 3086 3287 apud
3119 3218 3336 3273 Graecos
3353 3226 3409 3274 et

1831 3304 2094 3361 barbaros
2122 3306 2369 3362 ecclesia
2402 3306 2497 3361 Dei
2528 3309 2840 3362 constituta
2884 3315 3031 3372 sunt,
3064 3323 3185 3377 quae
3224 3324 3405 3367 veram

1832 3396 2154 3466 sapientiam
2182 3396 2413 3463 adirent,
2441 3413 2506 3453 ac
2536 3396 2647 3454 Deo
2673 3399 2924 3455 decentes
2955 3398 3143 3454 laudes
3175 3407 3228 3453 et
3250 3399 3410 3469 hym-

1830 3501 1933 3541 nos
1984 3484 2133 3541 ﬂuxu
2176 3488 2411 3558 quodam
2444 3503 2507 3543 ac
2556 3503 2681 3543 cum
2737 3490 2944 3560 majore
2983 3498 3038 3544 et
3067 3489 3264 3545 ﬁducia
3293 3489 3408 3559 ple-

1829 3577 1987 3632 niore
2018 3592 2152 3633 voce
2175 3578 2508 3645 emitterent,
2538 3586 2611 3645 et,
2642 3579 2712 3633 ob
2740 3579 3141 3634 multitudinem
3181 3579 3409 3648 religio-

1831 3684 2018 3724 sorum
2063 3669 2367 3736 hominum,
2401 3671 2561 3740 quasi
2600 3685 2864 3739 aquarum
2896 3671 3190 3723 multarum
3220 3684 3410 3723 vocem

1830 3761 2085 3828 ederent;
2122 3769 2255 3816 tunc
2285 3762 2535 3817 sublatus
2564 3770 2650 3817 est
2676 3777 2863 3817 eorum
2901 3762 2995 3831 qui
3035 3761 3162 3814 olim
3191 3760 3411 3829 sapien-

1830 3858 1914 3907 tes
1956 3852 2371 3906 astimabantur
2429 3859 2631 3917 tumor,
2678 3853 2967 3922 omnisque
3003 3852 3219 3905 illorum
3250 3864 3409 3905 arro-

1830 3943 2015 4011 gantia
2043 3942 2305 4012 depressa
2329 3953 2431 4007 est,
2466 3943 2612 4012 quod
2641 3942 2907 4013 sapientia
2957 3957 3145 3997 eorum
3181 3956 3281 4011 pro
3323 3940 3411 3995 ni-

1828 4034 1943 4088 hilo
1994 4033 2304 4089 haberetur.
2352 4033 2510 4099 Quod
2561 4035 2608 4090 si
2666 4034 2790 4104 quis
2843 4049 3084 4104 unquam
3135 4034 3406 4092 elationes

1830 4125 1999 4180 maris
2052 4124 2355 4180 admiratus
2412 4125 2505 4190 sit,
2542 4124 2796 4180 videlicet
2842 4125 3090 4181 mortalis
3125 4125 3253 4181 vita
3280 4141 3411 4196 pro-

1830 4215 1997 4271 cellas
2048 4223 2102 4271 et
2142 4215 2360 4283 ﬂuctus,
2401 4216 2495 4286 qui
2517 4224 2708 4271 contra
2729 4215 2824 4271 Dei
2845 4217 3211 4287 cognitionem
3234 4217 3412 4286 erige—

1829 4306 2064 4373 bantur;
2104 4306 2242 4363 sciat
2273 4306 2364 4361 ille
2398 4322 2511 4377 pra
2552 4306 2809 4362 omnibus
2839 4306 3143 4361 mirabilem
3172 4306 3225 4360 in
3255 4307 3411 4361 altis-

1831 4399 1986 4454 simis
2015 4413 2138 4453 esse
2184 4396 2509 4465 Dominum;
2544 4400 2619 4453 ita
2646 4408 2707 4452 ut
2731 4398 2767 4452 ii
2801 4399 2897 4468 qui
2927 4398 2983 4452 in
3016 4398 3245 4452 Domino
3275 4413 3408 4452 con-

154 4497 259 4567 τῆς
290 4493 543 4564 γνώσεως
574 4493 668 4547 τοῦ
700 4492 854 4545 Θεοῦ·
891 4491 1005 4544 ἀλλ’
1037 4489 1195 4554 ίστω,
1238 4489 1319 4541 ὅτι
1352 4488 1491 4559 ὑπὲρ
1523 4486 1730 4548 πάντας

1838 4489 2029 4553 ﬁdunt,
2061 4503 2171 4543 non
2201 4488 2344 4543 ultra
2381 4488 2646 4544 elationes
2676 4489 2843 4544 maris
2867 4489 2992 4558 jure
3022 4488 3410 4557 pertimescere

153 4587 473 4659 θαυμαστός
499 4588 646 4639 ἐστιν
684 4585 742 4637 ἐν
773 4582 997 4654 ὑψηλοῖς
1024 4583 1052 4634 ὁ
1082 4580 1398 4652 Κύριοςσὼς
1427 4578 1617 4651 μηκέτ’
1644 4577 1732 4630 εὐ-

156 4684 329 4750 λόγως
370 4681 496 4742 τοὺς
547 4676 956 4751 μετεωρισμοὺς
996 4673 1096 4744 τῆς
1132 4672 1406 4743 θαλάσσης
1453 4669 1732 4739 φοϐεῖσθαι

156 4775 267 4827 δεῖν
294 4773 419 4836 τοὺς
445 4771 538 4824 ἐπὶ
569 4770 646 4841 τῷ
668 4768 861 4839 Κυρίῳ
891 4765 1236 4828 πεποιθότας.
1262 4764 1423 4826 Εἰκὸς
1451 4762 1507 4815 δέ
1535 4760 1735 4814 θαλάσ-

157 4882 258 4935 σης
288 4862 426 4917 εἶναι
459 4862 863 4934 μετεωρισμοὺς
883 4858 1008 4922 τοὺς
1031 4856 1495 4927 ἐπανισταμένους
1527 4857 1592 4924 τῇ
1623 4853 1736 4904 Ἑκο

157 4956 361 5027 κλησίᾳ
419 4952 512 5007 τοῦ
560 4951 694 5005 Θεοῦ
746 4950 1058 5021 διωγμούςο
1110 4948 1203 5012 οὒς
1249 4950 1277 5001 ὁ
1318 4947 1416 5019 τὴν
1462 4945 1733 5000 θάλασσαν

159 5045 431 5101 κατοικῶν
461 5044 676 5116 δράκων
704 5044 943 5114 ἐνεργεῖν
976 5040 1182 5105 εἴωθεν,
1214 5043 1243 5092 ὁ
1273 5036 1613 5110 μετεωρίζων
1639 5038 1735 5091 κύ-

163 5155 309 5210 ματα
332 5137 519 5206 αὐτῆς,
551 5132 766 5206 βομϐῶν
796 5150 855 5187 τε
879 5133 971 5185 καὶ
998 5131 1145 5201 ἠχῶν
1173 5130 1267 5183 καὶ
1305 5130 1608 5201 ταράττων,
1641 5128 1735 5181 καὶ

162 5229 447 5302 μονονουχὶ
472 5226 709 5282 ἀπειλῶν
739 5228 917 5279 πᾶσαν
946 5223 1115 5295 ἄρδην
1148 5221 1506 5275 κατακλύσειν
1539 5238 1599 5273 τε
1640 5220 1735 5275 καὶ

161 5321 444 5390 ἀφανίσειν
465 5319 562 5390 τὴν
595 5316 918 5386 Ἐκκλησίαν
944 5315 1038 5368 τοῦ
1068 5314 1223 5367 Θεοῦ.
1257 5316 1443 5378 Εἴποις
1471 5313 1513 5365 δ’
1544 5313 1609 5367 ἂν
1642 5313 1736 5366 καὶ

167 5412 335 5477 Ξλλως
352 5411 489 5484 πρὸς
501 5409 645 5475 λέξιν
658 5409 831 5464 ταῦτα
845 5406 1219 5478 διηγούμενος,
1234 5406 1481 5477 ἐπαίρειν
1498 5405 1624 5468 τοὺς
1640 5422 1734 5458 πο-

167 5506 335 5575 εαμοὺ
345 5521 392 5569 ς,
415 5504 611 5566 αὐτοὺς
629 5501 692 5573 δὴ
707 5501 925 5563 τούτους
943 5500 1068 5561 τοὺς
1084 5498 1393 5568 αἰσθητοὺς,
1425 5490 1529 5568 τὴν
1554 5494 1734 5567 φωνὴν

167 5592 341 5649 ιύτῶν
370 5592 447 5664 τῷ
472 5591 611 5663 Θεῷ,
652 5591 743 5646 τοῦ
772 5592 835 5663 δη
846 5608 964 5663 μιου
973 5586 1220 5663 ργοῦιτοῦ
1236 5587 1300 5660 δὴ
1327 5588 1420 5641 καὶ
1452 5589 1734 5650 κτίσαντος

233 5753 278 5787 ³⁸
318 5720 480 5808 Joan.
515 5766 613 5814 vn,
660 5751 749 5806 38.

1832 4579 2086 4634 debeant.
2126 4576 2437 4633 Verisimile
2481 4587 2661 4633 autem
2692 4586 2776 4633 est
2804 4578 3069 4632 elationes
3098 4576 3266 4631 maris
3287 4590 3412 4631 esse

1832 4667 2243 4739 persecutiones
2296 4668 2352 4721 in
2385 4666 2687 4723 Ecclesiam
2734 4665 2829 4721 Dei
2874 4666 3242 4736 insurgentes,
3270 4678 3411 4733 quas

1832 4758 2072 4812 excitare
2104 4758 2241 4813 solet
2272 4758 2438 4812 draco
2469 4757 2557 4810 ille
2610 4758 2664 4809 in
2699 4755 2838 4810 mari
2878 4756 3154 4819 habitans,
3186 4754 3277 4824 qui
3307 4751 3412 4809 ﬂu-

1833 4858 1956 4905 ctus
1988 4850 2109 4919 ejus
2159 4850 2214 4903 in
2244 4850 2476 4906 sublime
2509 4851 2669 4914 tollit,
2720 4850 2870 4912 boat,
2915 4855 3073 4902 sonat
3099 4854 3153 4902 et
3187 4854 3412 4902 contur-

1833 4941 1947 5008 bat,
1996 4951 2206 4997 tantum
2261 4959 2370 4997 non
2424 4942 2787 4997 interminans
2837 4954 2895 4995 se
2952 4939 3254 4994 Ecclesiam
3310 4936 3409 4992 Dei

1835 5031 2227 5086 inundaturum
2285 5047 2349 5086 ac
2414 5030 2661 5085 funditus
2717 5017 3025 5084 delaturum
3081 5042 3225 5082 esse.
3285 5026 3408 5080 Alio

1834 5124 1963 5179 item
2015 5122 2175 5178 modo
2208 5122 2322 5176 hac
2353 5123 2420 5176 ad
2453 5122 2691 5175 litteram
2747 5133 3015 5174 enarrans
3058 5117 3275 5171 .dixeris
3314 5116 3410 5169 llu-

1834 5216 1982 5270 mina
2014 5216 2127 5269 hac
2162 5214 2440 5270 sensibilia
2470 5213 2684 5267 elevare
2715 5226 2901 5266 vocem
2942 5222 3097 5265 suam
3127 5205 3258 5269 Deo,
3284 5205 3407 5274 opi-

1837 5308 1921 5361 ﬁci
1950 5322 2163 5376 nempe,
2190 5307 2281 5377 qui
2312 5320 2370 5361 se
2391 5304 2594 5379 creavit
2620 5313 2676 5358 et
2706 5303 2971 5358 exsistere
3008 5299 3156 5362 fecit,
3178 5294 3408 5366 gloriam

1834 5397 2141 5453 eﬂereutes.
2169 5393 2639 5462 Quemadmodum
2670 5393 2816 5447 enim
2840 5406 2907 5445 ex
2939 5385 3313 5458 magnitudine
3353 5389 3408 5436 et

1835 5490 2240 5561 pulchritudine
2291 5496 2665 5543 creaturarum
2704 5483 2886 5556 opifex
2929 5478 3297 5551 conspicitur;
3326 5473 3409 5530 sic

1835 5599 1900 5639 ex
1951 5583 2198 5669 partibus
2225 5582 2433 5650 mundi,
2469 5579 2792 5638 miraculum
2838 5574 3020 5648 magni
3070 5572 3166 5629 Dei
3206 5565 3408 5641 opiﬂcii
