3830 6288
482 260 615 317 1191

1153 258 1420 314 EUSEBII
1451 260 1932 317 CJESARIENSIS
1964 260 2114 316 OPP.
2156 261 2338 319 PARS
2372 263 2460 318 Ill.
2495 294 2567 305 —-
2602 262 3011 321 EXEGETICA.

3532 271 3632 330 il'ﬁ

480 377 573 443 iis,
610 376 703 446 qui
734 376 954 432 videndi
998 377 1258 433 facultate
1300 377 1511 448 praediti
1542 388 1690 444 sunt,
1724 378 2054 435 declaratur.

2160 382 2359 448 αὐτοὺς
2395 383 2490 438 καὶ
2533 383 2980 454 ύποπησαμένου
3006 381 3106 453 τὴν
3145 380 3296 449 δόξαν
3327 383 3632 454 ἐμφαίνοντας.

400 472 403 477 ’
484 468 540 523 Si
570 469 695 538 quis
726 472 873 524 enim
904 486 1090 526 secum
1142 478 1377 539 reputet,
1415 472 1558 527 unde
1599 472 1722 527 talis
1769 470 2054 526 ﬂuminum

481 562 659 616 ﬂuxus
713 560 938 625 feratur,
972 562 1115 617 unde
1171 570 1323 617 tanta
1357 563 1593 619 humida:
1629 563 1947 619 substantiae
1973 564 2056 619 vis

481 662 536 708 et
558 653 737 723 capia,
757 655 900 710 unde
946 653 1122 710 fontes
1152 655 1228 709 illi
1250 656 1342 725 qui
1364 671 1392 710 a
1416 656 1620 710 saeculo
1656 671 1937 725 nunquam
1969 654 2058 711 de-

483 744 757 809 fecerunt,
796 746 889 815 qui
932 746 1192 816 perennia
1223 758 1277 801 et
1309 747 1647 817 amplissima
1683 743 1910 800 ﬂumina
1940 760 2057 801 sca-

482 840 716 903 turiunt,
746 854 812 894 ex
848 838 1051 909 quibus
1099 838 1316 910 abyssis
1356 838 1627 902 oriantur,
1684 853 1753 894 ex
1784 853 1891 909 qua
1925 837 2058 893 sub—

482 930 699 985 stantim
730 930 890 1000 copia
920 946 1016 1000 per
1075 946 1238 984 omne
1281 930 1541 985 saeculum
1588 931 1791 998 ﬂuant;
1830 930 1876 986 si
1906 930 2054 1000 quis,

483 1023 731 1093 inquam,
768 1023 883 1076 haec
921 1021 1253 1084 consideret,
1286 1021 1336 1076 is
1370 1037 1501 1077 sane
1544 1021 1752 1077 videbit
1784 1022 1900 1077 haec
1934 1030 2059 1077 tan-

482 1123 599 1169 tum
650 1130 760 1170 non
790 1128 985 1168 vocem
1027 1113 1297 1177 emittere,
1339 1128 1483 1181 quae,
1528 1128 1624 1184 per
1653 1114 1771 1183 ipsa
1807 1111 2055 1178 ﬂumina,

479 1209 750 1264 creatoris
796 1214 852 1263 et
891 1207 1106 1278 Opilicis
1157 1206 1544 1262 universorum
1592 1204 2056 1277 magniﬁcentiam

475 1302 742 1368 declaret,
786 1308 842 1356 et
890 1300 1011 1371 ejus
1052 1299 1312 1354 deitatem
1364 1299 1714 1354 testiﬁcetur.
1761 1295 1854 1353 Sic
1894 1312 2057 1370 porro

475 1395 747 1451 elationes
786 1392 957 1448 maris
1008 1389 1368 1446 considerans
1413 1390 1706 1461 quispiam,
1740 1404 1850 1460 quo
1897 1398 2059 1459 pacto

477 1482 694 1542 scilicet
739 1484 938 1541 ﬂuctus
983 1485 1103 1553 ejus
1153 1483 1349 1539 tumidi
1384 1483 1442 1538 in
1485 1481 1718 1538 sublime
1757 1481 2054 1551 erigantur,

482 1592 657 1647 usque
689 1591 910 1630 rursum
941 1573 1257 1637 decidentes
1289 1572 1350 1628 in
1380 1571 1579 1643 seipsis
1610 1570 1955 1641 frangantur,
2003 1575 2057 1623 et

480 1667 757 1741 quomodo
791 1683 892 1723 nec
918 1667 1137 1737 possint
1165 1680 1268 1721 nec
1303 1664 1543 1719 audeant
1565 1662 1860 1718 terminum
1891 1668 1946 1716 et
1977 1660 2059 1715 le-

2169 474 2260 537 Ὠς
2297 474 2406 546 γὰρ
2432 477 2497 528 ἐκ
2524 473 2788 546 μεγέθους
2813 475 2908 527 καὶ
2941 473 3200 545 καλλονῆς
3240 475 3515 545 κτισμάτων
3535 480 3637 548 67:-

2157 579 2334 618 νεσιου
2343 564 2469 636 ργὸς
2484 563 2786 637 θεωρεῖται,
2802 564 2892 616 τὸν
2920 564 3082 617 αὐτὸν
3106 564 3300 634 τρόπον
3319 566 3377 617 ἐκ
3398 566 3491 618 τῶν
3508 570 3639 639 μερῶν

2160 654 2260 708 τοῦ
2294 656 2498 727 κόσμου
2544 657 2605 709 τὸ
2642 655 2828 727 θαῦμα
2866 656 2967 727 τῆς
3009 655 3104 709 τοῦ
3153 655 3285 709 Θεοῦ
3321 657 3641 731 μεγαλουργίας

2155 750 2268 812 τοῖς
2303 748 2436 820 όρᾷν
2474 747 2795 819 δυναμένοις
2840 748 3185 818 παρίσταται.
3215 748 3276 801 Εἰ
3302 747 3424 816 γοῦν
3450 766 3520 813 τις
3550 757 3640 824 παρ’

2157 839 2334 912 ἐαυτῷ
2353 840 2645 910 λογίσαιτο,
2665 841 2828 895 πόθεν
2849 840 2956 911 ἄρα
2974 840 3196 911 φέρεται
3210 841 3243 911 ἡ
3258 840 3475 911 τοσαύτη
3485 843 3642 897 τῶνπο-

2156 933 2347 1005 ταμῶν
2371 932 2533 1005 φορὰ,
2554 932 2717 988 πόθεν
2743 932 2814 987 τὰ
2836 931 3073 987 τοσαῦτα
3098 931 3299 1005 μεγέθη
3324 933 3414 986 καὶ
3438 933 3497 987 τά
3515 935 3642 1010 πλήθη

2155 1025 2257 1095 τῆς
2276 1027 2448 1098 ὑγρᾶς
2464 1024 2672 1090 οὐσίας,
2695 1024 2858 1080 πόθεν
2879 1025 2937 1078 αἱ
2954 1024 3089 1096 μηδὲ
3106 1023 3319 1078 πώποτε
3338 1024 3393 1091 ἐξ
3406 1025 3649 1091 αἰῶνοςδιε-

2156 1116 2407 1187 λείψασαι
2444 1118 2643 1187 πηγαὶ,
2673 1116 2731 1170 al
2758 1117 2885 1180 τοὺς
2921 1115 3178 1180 ἀεννάους
3210 1117 3304 1170 καὶ
3343 1117 3648 1187 παμμεγέθεις

2159 1208 2416 1280 βρύουσαι
2462 1209 2770 1281 ποταμούς*
2809 1208 2918 1262 ἀπὸ
2958 1208 3126 1263 ποίων
3155 1204 3263 1280 ἆρα
3303 1207 3465 1279 βυθῶν
3491 1210 3648 1282 ὁρμῶν-

2156 1319 2267 1368 ται,
2302 1303 2396 1357 καὶ
2419 1305 2485 1357 ἐκ
2508 1304 2667 1367 ποίας
2694 1302 3041 1365 ὑποστάσεως
3064 1301 3157 1356 τὸν
3190 1302 3470 1372 σύμπαντα
3495 1304 3651 1375 ῥέουσιν

2157 1395 2360 1453 αἰῶνα’
2404 1398 2459 1451 εί
2497 1413 2583 1461 τις
2624 1394 2798 1451 ταῦτα
2844 1396 3168 1466 ἐννοήσειεν,
3220 1395 3406 1464 ὄψεται
3433 1395 3499 1460 ὡς
3542 1414 3652 1467 μονο-

2157 1494 2306 1563 νουχὶ
2338 1492 2520 1563 φωνὴν
2551 1491 2765 1562 ἀφίησι,
2808 1489 2902 1544 καὶ
2926 1491 2960 1560 ἡ
2992 1489 3080 1543 διὰ
3104 1486 3215 1543 τῶν
3245 1487 3491 1557 ποταμῶν
3527 1487 3653 1541 αὐτῶν

2155 1584 2220 1655 δὴ
2247 1583 2450 1637 τούτων
2492 1579 2869 1654 παρισταμένη
2902 1577 2996 1634 τοῦ
3029 1576 3247 1632 κτίστου
3280 1576 3373 1629 καὶ
3394 1574 3654 1646 δημιουργοῦ

2155 1671 2263 1727 τῶν
2309 1671 2445 1725 ὅλων
2490 1669 2883 1743 μεγαλουργία,
2915 1666 3269 1740 μαρτυροῦσα
3303 1669 3370 1737 τῇ
3413 1665 3555 1719 αὑτοῦ
3578 1665 3656 1718 θεό-

481 1775 603 1830 gem
633 1758 741 1814 sibi
769 1757 1049 1813 deﬁnitam
1072 1754 1455 1827 praatergredi;
1487 1754 1616 1808 hinc
1646 1767 1781 1810 sane
1806 1750 1901 1808 Dei
1934 1766 2052 1805 ma-

2158 1782 2292 1837 τητι.
2323 1763 2477 1817 Οῦτω
2517 1762 2575 1816 δὲ
2604 1762 2698 1816 καὶ
2728 1762 2854 1826 τοὺς
2886 1759 3297 1833 μετειυρισμοῦς
3326 1758 3423 1827 τῆς
3451 1758 3657 1828 θαλάσσης

489 1853 819 1926 gniﬁeentiae
851 1852 960 1907 vim
992 1849 1380 1921 deprehendet.
1415 1847 1549 1902 Nam
1591 1847 1669 1901 illi
1715 1844 1902 1909 edixit,
1945 1843 2056 1899 Hu-

480 1956 692 2012 cusque
721 1941 932 2007 venies,
980 1947 1036 1995 et
1076 1940 1132 1994 in
1163 1947 1217 1994 te
1261 1945 1619 1994 conterentur
1661 1934 1863 1991 ﬂuctus
1894 1935 2054 2002 tui",

480 2034 888 2103 terminumque
919 2032 1026 2103 ipsi
1066 2032 1272 2101 posuit,
1310 2045 1471 2101 quem
1506 2043 1616 2083 non
1646 2027 2058 2099 praetergredie—

481 2135 591 2189 tur,
645 2140 823 2194 neque
867 2130 1222 2177 convertetur
1264 2120 1329 2175 ad
1371 2119 1724 2191 operiendam
1770 2115 2054 2174 terram“.

480 2216 684 2272 Praeter
723 2232 787 2272 ea
815 2230 947 2271 vero
994 2221 1116 2286 quae.
1169 2228 1333 2283 supra
1376 2210 1821 2277 memoravimus,
1860 2209 2059 2265 dixerit

479 2310 776 2382 quispiam,
833 2318 964 2363 tunc
1018 2305 1298 2361 mirabiles
1350 2303 1523 2358 fuisse
1576 2303 1840 2357 elationes
1889 2301 2058 2358 maris

476 2417 606 2458 cum
636 2401 958 2456 accedentes
979 2397 1235 2468 discipuli
1265 2395 1521 2450 dixerunt
1541 2394 1613 2457 ei,
1634 2392 1878 2458 Domine,
1909 2393 2059 2449 salva

480 2509 600 2557 nos,
623 2492 854 2559 perimus
879 2489 923 2521 “
952 2504 966 2542 :
998 2487 1218 2558 quando
1251 2485 1538 2557 imperavit
1567 2485 1692 2555 ipsi,
1729 2493 1784 2538 et
1803 2483 1948 2538 facta
1973 2491 2060 2539 est

480 2583 856 2655 tranquillitas
896 2595 1112 2651 magna.
1164 2577 1233 2632 Et
1262 2577 1398 2633 alias
1443 2576 1640 2632 iterum
1686 2590 1812 2631 cum
1844 2574 2060 2630 Domini

472 2676 639 2746 jussu
679 2673 915 2730 divisum
966 2672 1023 2726 iu
1083 2684 1252 2739 seque
1299 2671 1418 2739 ipso
1450 2667 1713 2723 secedens
1755 2680 1820 2721 ac
1859 2666 2062 2721 distra-

482 2780 658 2834 ctum,
703 2768 995 2823 transitum
1044 2764 1277 2837 praebuit
1322 2763 1448 2819 ﬁliis
1478 2761 1676 2826 Israel,
1702 2767 1763 2814 ut
1800 2775 1899 2832 per
1926 2758 2060 2814 illud

480 2866 641 2936 quasi
687 2880 787 2935 per
817 2863 1032 2918 aridam
1078 2869 1283 2915 terram
1314 2859 1659 2930 praeterirent
1692 2877 1705 2912 :
1739 2864 1872 2912 tunc
1912 2854 2059 2911 enim

480 2959 765 3015 mirabiles
794 2957 1018 3011 fuerunt
1044 2954 1311 3009 elationes
1342 2954 1482 3022 ejus.
1517 2951 1631 3005 lmo
1651 2950 1812 3004 etiam
1836 2948 2062 3003 ﬂumina

479 3050 591 3103 alio
615 3048 778 3102 modo
810 3060 1003 3101 vocem
1034 3045 1406 3105 elevaverunt,
1435 3040 1657 3113 quando
1681 3054 1808 3093 arca
1834 3053 1931 3109 per
1944 3036 2062 3092 Jor-

2155 1854 2296 1927 ὁρῶν
2321 1871 2426 1917 τις,
2469 1854 2546 1916 ὼς
2584 1853 2871 1922 ἐπαίρεται
2911 1850 3257 1923 κυρτούμενα
3287 1850 3452 1920 αὐτῆς
3476 1852 3542 1913 είς
3567 1849 3659 1919 iam

2153 1946 2224 2001 τά
2255 1946 2493 2017 κύματα,
2520 1945 2614 1998 καὶ
2639 1944 2716 2008 ὡς
2742 1944 2902 1998 πάλιν
2926 1943 3100 1999 ταῦτα
3129 1942 3499 2015 συμπίπτοντα
3530 1943 3575 1995 ἐν
3592 1942 3659 1995 αὑ-

2155 2039 2266 2101 τοῖς
2299 2034 2593 2108 θραύεται,
2644 2034 2739 2089 καὶ
2794 2035 2870 2099 ὡς
2902 2035 2963 2088 οὐ
3010 2035 3232 2089 δύναται
3270 2034 3389 2088 οὐδὲ
3420 2033 3571 2103 τολμᾷ
3600 2033 3660 2086 τὸν

2155 2130 2279 2203 ὅρον
2316 2128 2410 2183 καὶ
2452 2128 2544 2181 τὸν
2596 2126 2759 2199 νόμον
2800 2127 3098 2200 ὑπερϐῆναι
3139 2127 3230 2180 τὸν
3267 2126 3462 2189 αὐτοῖς·
3480 2124 3663 2178 διατετα-

2155 2219 2379 2291 γμένον,
2406 2219 2592 2289 ὄψεται
2628 2219 2723 2272 καὶ
2747 2219 2835 2273 διὰ
2859 2218 3176 2291 τούτωνξτῆς
3210 2217 3311 2272 τοῦ
3331 2217 3461 2271 Θεοῦ
3491 2216 3662 2288 μεγαλο-

2158 2311 2422 2385 πρεπείας
2441 2311 2538 2383 τὴν
2567 2311 2814 2384 δύναμιν.
2841 2306 2977 2365 Εἷπε
2999 2310 3129 2380 γοῦν
3153 2311 3317 2382 αὐτῇ,
3346 2310 3663 2382 Μέχρι

2157 2402 2373 2474 ἐλεύσῃ,
2422 2403 2517 2457 καὶ
2549 2402 2607 2455 ἐν
2642 2403 2723 2454 σοὶ
2759 2402 3210 2474 συντριϐήσονταί
3249 2418 3350 2455 σου
3392 2401 3459 2454 τά
3485 2400 3663 2472 κύματα,

2157 2494 2252 2548 καὶ
2296 2494 2443 2565 ὅριον
2488 2493 2626 2566 αὐτῇ
2677 2492 2849 2559 ἔθετο,
2902 2495 2996 2547 καὶ
3030 2493 3129 2564 οὐχ
3179 2492 3555 2565 ὑπερϐήσεται,
3585 2491 3665 2545 οὐδὲ

2159 2586 2477 2658 ἐπιστρέψει
2512 2585 2861 2657 καλῦψαιτὴν
2901 2585 3027 2656 γῆν.
3067 2585 3177 2639 Kal
3196 2584 3473 2657 ἐτέρωςδέ
3495 2583 3666 2657 παρὰτά

2158 2679 2424 2751 εἰρημένα
2458 2677 2601 2732 εῐποι
2627 2678 2692 2733 ἄν
2712 2695 2795 2743 τις
2823 2676 3170 2748 θαυμαστοὺς
3202 2672 3487 2741 εἶναιτοὺς
3520 2694 3667 2748 μετεω-

2162 2772 2390 2844 ρισμοὺς
2402 2772 2500 2844 τῆς
2520 2770 2813 2842 θαλάσσης,
2839 2768 3074 2841 ὁπηνίκα
3095 2769 3480 2841 προσελθόντες
3492 2771 3534 2822 οί
3549 2768 3669 2839 μαθη-

2125 2862 2129 2866 ’
2158 2863 2250 2916 ταὶ
2268 2858 2428 2916 εἶπαν
2453 2861 2622 2934 αὐτῷ,
2643 2862 2851 2930 Κύριε,
2875 2858 3084 2915 σῶσον
3111 2857 3295 2929 ἡμᾶς,
3314 2861 3666 2929 ἀπολλύμεθα

2159 2951 2251 3005 ὅτε
2271 2953 2365 3006 καὶ
2380 2951 2708 3022 ἐπετίμησεν
2728 2951 2888 3023 αὐτῇ,
2911 2950 3006 3004 καὶ
3050 2949 3242 3018 γέγονε
3265 2951 3471 3022 γαλήνη
3497 2946 3667 3020 μεγάλη.

2162 3043 2275 3097 Kal
2321 3041 2508 3097 ἄλλοτε
2548 3042 2729 3107 πάλιν,
2777 3042 2869 3096 ὅτε
2908 3042 2990 3113 τῷ
3030 3040 3124 3095 τοῦ
3163 3040 3379 3113 Κυρίου
3410 3038 3671 3107 κελεύσματι

476 3141 680 3195 danem
717 3146 1062 3201 transeunte,
1099 3135 1428 3192 secedebant
1451 3102 1612 3205 aqua:
1638 3139 1692 3188 et
1728 3132 1967 3195 stabant,
1999 3145 2058 3185 re

2160 3134 2509 3207 διαιρεθεῖσα,
2554 3136 2649 3190 καὶ
2676 3102 2756 3199 είς
2786 3102 2983 3207 ἑαυτὴν
3014 3102 3282 3189 διαστᾶσα
3319 3133 3416 3187 καὶ
3450 3102 3670 3200 ἀναχωρῄ

479 3231 601 3300 ipsa
630 3229 859 3299 gloriam
894 3226 991 3282 Dei
1033 3226 1353 3290 clamantes,
1413 3234 1468 3281 et
1514 3224 1735 3295 quando
1776 3223 1898 3293 ipso
1930 3221 2059 3278 Ser-

479 3327 673 3374 vatore
707 3319 764 3373 in
812 3316 1005 3373 eodem
1047 3315 1270 3370 ﬂumine
1316 3315 1616 3385 baptizata,
1669 3314 1910 3369 caelestis
1952 3329 2059 3368 vox

476 3413 664 3483 ipsum
701 3407 904 3464 Filium
932 3420 1056 3464 esse
1072 3406 1331 3461 dilectum
1364 3404 1435 3460 ad
1459 3406 1701 3459 omnium
1726 3417 1889 3460 aures
1915 3418 2057 3475 prae-

476 3504 713 3559 dicaret.

2165 3243 2339 3288 σασα,
2381 3224 2619 3297 παρέσχε
2650 3224 2818 3279 δίοδον
2849 3227 2961 3289 τοῖς
2991 3226 3126 3289 υἱοῖς
3158 3222 3383 3295 Ἰσραὴλ
3421 3220 3609 3277 διελθεῖν
3628 3216 3669 3269 δι’

2163 3318 2335 3389 αὐτῆς
2364 3318 2441 3382 ὡς
2488 3318 2575 3373 διὰ
2609 3318 2777 3390 ξηρᾶς
2818 3318 2944 3388 γῆς.
2978 3318 3087 3371 Kal
3128 3316 3249 3369 τότε
3283 3312 3394 3386 γάρ
3442 3306 3673 3382 θαυμαστοὶ

2164 3410 2453 3478 γεγόνασιν
2485 3410 2652 3481 αὐτῆς
2686 3410 2735 3462 oi
2771 3407 3154 3480 μετεωρισμοί.
3199 3406 3279 3460 Οὐ
3332 3406 3442 3476 μὴν
3470 3402 3585 3457 ἀλλὰ
3611 3409 3672 3455 και

2160 3501 2212 3553 οἱ
2260 3501 2496 3572 ποταμοὶ
2540 3501 2755 3573 ἐπῆραν
2797 3501 2980 3572 φωνὴν
3020 3500 3252 3571 ἑτέρως,
3299 3499 3390 3552 ὅτε
3430 3498 3461 3567 ἡ
3505 3489 3673 3548 κιϐωτὸς

470 3595 619 3667 διῄει
670 3594 763 3648 τὸν
831 3592 1123 3662 Ἰορδάνην,
1194 3589 1534 3661 ὑπανεχώρει
1582 3606 1644 3643 τε
1684 3591 1777 3643 καὶ
1822 3590 2004 3643 ἵστατο
2047 3589 2116 3643 τὰ
2154 3589 2321 3646 ὕδατα
2366 3592 2551 3664 ἔργοις
2600 3592 2699 3663 τὴν
2752 3578 2910 3657 δόξαν
2961 3591 3235 3646 ἐκδοῶντα
3284 3590 3381 3643 τοῦ
3434 3584 3576 3640 Θεοῦ·
3612 3577 3672 3634 καὶ

473 3691 591 3753 ὅτε,
631 3686 798 3743 αὑτοῦ
838 3685 935 3741 τοῦ
968 3685 1219 3757 Σωτῆρος
1252 3681 1639 3755 βαπτισθέντος
1686 3684 1745 3738 ἐν
1785 3683 1864 3755 τῷ
1913 3681 2060 3753 αὑτῷ
2096 3685 2344 3759 ποταμῷ,
2377 3688 2412 3757 ἡ
2476 3686 2725 3759 οὐράνιος
2753 3686 2903 3758 φωνὴ
2937 3685 3065 3740 Υίὺν
3101 3685 3259 3739 αὐτὸν
3318 3678 3576 3752 ἀγαπητὸν
3620 3674 3673 3734 εἰς

479 3783 582 3845 τὰς
612 3779 829 3834 πάντων
854 3775 1025 3841 ἀκοὰς
1047 3777 1403 3849 άνεκήρυττε.

552 3871 725 3928 Vsus.
756 3872 811 3926 3.
854 3869 1183 3925 Testimonia
1213 3868 1490 3923 credibilia
1523 3868 1669 3937 facta
1704 3878 1828 3923 sunt
1861 3871 2011 3926 valde
2040 3886 2059 3926 :

471 3969 699 4019 domum
725 3972 873 4016 tuam
893 3961 1037 4017 decet
1064 3960 1391 4024 sanctitudo,
1418 3960 1664 4025 Domine,
1694 3961 1751 4014 in
1774 3961 2062 4034 longitudi-

474 4072 603 4111 nem
629 4054 856 4108 dierum.
883 4052 1194 4123 Prophetia:
1226 4053 1562 4119 futurorum,
1594 4054 1650 4107 in
1676 4054 1880 4123 quibus
1910 4055 2064 4109 testi-

476 4147 671 4203 monia
718 4145 786 4203 de
827 4160 999 4216 regno
1045 4144 1261 4199 Domini
1315 4144 1656 4208 ferebantur,
1705 4153 1832 4201 ante
1878 4161 2063 4201 rerum

476 4245 765 4304 acutum,
806 4253 1118 4294 sermonum
1147 4235 1567 4293 credibilitatem
1595 4237 1839 4291 nondum
1874 4237 2064 4293 videre

480 4333 760 4391 sinebant.
819 4329 955 4384 Nam
1009 4337 1135 4401 post
1194 4336 1474 4393 eventum,
1539 4339 1594 4384 et
1648 4337 1775 4399 post
1826 4329 2063 4400 perfecta

480 4522 639 4571 sunt.
671 4513 950 4584 Siquidem
980 4512 1091 4582 jam
1122 4511 1254 4566 olim
1282 4508 1426 4565 dicta
1458 4517 1514 4566 et
1547 4509 1910 4580 praznuntiata
1942 4508 2060 4563 fue-

479 4617 633 4674 rant,
665 4618 719 4664 et
739 4605 950 4678 jamdiu
983 4603 1444 4675 exspectabantur
1489 4618 1576 4666 ea,
1607 4618 1729 4674 quae
1761 4602 1830 4656 ad
1871 4600 1965 4655 Dei
2002 4601 2057 4655 in

475 4714 680 4755 omnes
735 4707 924 4768 gentes
969 4709 1206 4766 regnum
1254 4693 1599 4765 spectabant.
1657 4691 2056 4748 Testimonium

486 4804 619 4844 vero
665 4787 801 4842 illud
844 4801 992 4859 nunc
1036 4785 1303 4842 credibile
1357 4782 1565 4839 factum
1615 4789 1721 4846 est,
1752 4797 1879 4838 cum
1919 4781 2055 4852 ipsis

478 4880 747 4952 operibus
768 4880 1052 4950 impletum
1079 4877 1361 4951 oraculum
1386 4876 1653 4932 cernitur.
1686 4873 1755 4929 Et
1782 4875 1911 4930 olim
1935 4874 2060 4944 qui-

480 4972 612 5027 dem
655 4970 724 5026 de
755 4969 984 5025 Domino
1022 4968 1326 5032 dicebatur,
1360 4965 1506 5038 quod
1551 4965 1804 5021 decorem
1847 4964 2059 5020 induis-

477 5068 603 5127 set;
640 5075 787 5115 nunc
823 5067 1005 5115 autem
1032 5058 1368 5114 conﬁrmato
1389 5072 1457 5113 ex
1495 5055 1753 5127 operibus
1783 5069 2059 5121 sermone,

479 5153 695 5208 veritas
724 5151 1096 5223 praedictionis
1123 5150 1399 5221 apnaruit,
1434 5164 1560 5204 cum
1607 5154 1774 5203 exuta
1813 5145 1931 5211 Dei,
1966 5146 2061 5200 in-

478 5244 623 5300 :duta
655 5244 799 5301 servi
830 5244 1029 5311 forma,
1066 5257 1131 5297 ac
1158 5255 1333 5311 usque
1377 5240 1445 5295 ad
1466 5247 1692 5309 turpem
1733 5251 2060 5306 progressus

485 5343 743 5398 mortem,
787 5342 972 5402 postea
1006 5331 1246 5387 dedecus
1287 5329 1422 5384 illud
1468 5327 1724 5398 deposuit
1772 5325 2060 5395 induitque

481 5430 729 5490 paterna:
762 5421 956 5490 gloriae
1003 5419 1278 5483 decorem,
1316 5432 1492 5488 regno
1524 5417 1735 5473 scilicet
1768 5417 1826 5468 in
1876 5416 2061 5468 omnia

482 5523 616 5563 eum
656 5511 904 5566 celestis
927 5518 1051 5564 tum
1090 5519 1310 5566 terrena
1340 5516 1661 5563 coronatus.
1703 5504 2061 5586 Rursumque

2236 3865 2314 3922 Τὰ
2331 3865 2625 3935 μαρτύρια
2672 3861 3093 3931 ἐπιστώθησαν
3141 3859 3383 3930 σφόδρα
3401 3874 3415 3889 ⁸
3462 3856 3534 3922 τῷ
3574 3855 3671 3918 diu

2161 3972 2278 4011 σου
2309 3953 2520 4023 πρέπει
2544 3953 2829 4023 ἀγίασμα,
2856 3952 3059 4018 Κύριε,
3096 3951 3183 4016 είς
3213 3949 3547 4018 μακρότητα
3570 3945 3666 4013 ἠμε-

2154 4044 2300 4115 ρῶν.
2353 4045 2419 4098 Αἰ
2467 4042 2596 4115 περὶ
2635 4041 2744 4095 τῶν
2780 4039 3081 4112 μελλόντων
3129 4040 3479 4110 προφητεῖαι,
3513 4030 3669 4093 καθ’ἀὶ

2158 4135 2415 4207 ἐφέροντο
2440 4132 2533 4188 καὶ
2556 4133 2614 4186 αἰ
2644 4132 2771 4203 περὶ
2796 4131 2895 4202 τῆς
2918 4128 3010 4183 τοῦ
3050 4128 3253 4199 Κυρίου
3289 4124 3550 4197 βασιλείας
3576 4134 3671 4191 pap-

2157 4227 2364 4300 τυρίαι,
2412 4225 2521 4299 πρὸ
2562 4224 2662 4295 τῆς
2698 4223 2806 4277 τῶν
2839 4222 3180 4294 πραγμάτιον
3224 4219 3525 4279 ἐκϐάσεως,
3566 4209 3671 4300 οὕτω

2163 4296 2422 4384 παρεῖχον
2452 4296 2584 4384 δρᾷν
2626 4311 2689 4364 τὸ
2725 4309 2916 4363 πιστὸν
2960 4308 3067 4361 τῶν
3116 4306 3312 4376 λόγων.
3350 4306 3496 4361 Μετᾶ
3529 4302 3575 4355 δὲ
3604 4296 3668 4367 τὴν
3768 4356 3769 4359 η

474 4438 674 4495 Opera,
714 4430 852 4477 tunc
909 4387 1042 4476 sane
1075 4418 1399 4475 testimonia
1435 4416 1533 4473 Dei
1578 4387 1860 4473 credibilia
1916 4417 2058 4472 facta

2164 4405 2406 4469 ἐκῦασιν,
2423 4401 2598 4458 καὶτὰ
2612 4400 2700 4455 διὰ
2721 4400 2829 4453 τῶν
2849 4399 3024 4471 ἐργων
3047 4396 3449 4467 ἐπιτελέσματα
3464 4387 3669 4495 tamira?
3768 4456 3769 4459 η

2165 4496 2234 4550 τὰ
2264 4493 2537 4567 μαρτύρια
2582 4490 2678 4546 τοῦ
2720 4489 2876 4545 Θεοῦ.
2926 4489 3098 4543 Πάλαι
3149 4489 3248 4559 μὲν
3280 4487 3394 4559 γὰρ
3423 4488 3582 4556 εἴρητο
3608 4478 3668 4531 ul

2167 4588 2603 4661 προπεφήτευτο,
2632 4584 2698 4637 ἐκ
2735 4582 2947 4657 μακροῦ
2976 4598 3038 4635 τε
3084 4581 3450 4653 προσεδοκᾶτο
3489 4576 3550 4630 τὰ
3582 4570 3669 4642 api

2161 4683 2260 4752 τῆς
2308 4680 2389 4743 είς
2418 4677 2637 4731 ἅπαντα
2664 4675 2736 4730 τά
2779 4674 2906 4748 ἔθνη
2956 4675 3050 4729 τοῦ
3089 4672 3222 4727 Θεοῦ
3265 4671 3562 4744 βασιλείας·
3588 4667 3668 4717 ἐτι-

2165 4771 2343 4843 στώθη
2373 4769 2427 4823 δὲ
2458 4768 2517 4822 τὸ
2552 4769 2733 4840 φῆσαν
2767 4764 2923 4819 τοῦτο
2949 4763 3244 4837 μαρτύριον
3282 4764 3403 4826 νῦν,
3428 4764 3510 4816 ὅτε
3536 4758 3665 4843 ἐρτσς

2162 4841 2354 4935 ὁρᾶται
2396 4858 2822 4932 πεπληρωμένον
2839 4857 2901 4911 τὸ
2930 4856 3129 4926 λόγιον.
3158 4856 3268 4911 Kal
3297 4855 3465 4910 πάλαι
3491 4851 3573 4922 μὲν

2163 4930 2291 5024 γετο
2342 4953 2470 5024 περὶ
2499 4930 2595 5004 τοῦ
2643 4949 2874 5022 Κυρίου.
2917 4947 2993 5013 ὡς
3033 4946 3141 5018 ἄρα
3194 4947 3518 5017 εὐπρέπειαν
3543 4930 3665 4991 ἐνεδίδ-

2166 5061 2328 5100 σατο·
2361 5023 2456 5098 νῦν
2496 5042 2574 5107 δὲ,
2598 5039 2956 5111 πιστουμένου
2998 5037 3091 5091 τοῦ
3124 5036 3283 5109 λόγου
3324 5037 3393 5091 δι’
3417 5030 3573 5089 αὐτῶν
3594 5023 3663 5077 ὧν

2161 5137 2343 5209 ,ἔργων
2361 5176 2375 5200 ,
2400 5134 2637 5206 πέφηνεν
2665 5130 2943 5204 samem
2964 5133 3064 5202 τῆς
3090 5128 3444 5202 προρρήσεως
3460 5165 3473 5189 ν
3488 5120 3662 5209 δτεθθ

2164 5226 2462 5297 δυσάμενος
2483 5223 2581 5296 τὴν
2615 5221 2708 5276 τοῦ
2742 5218 2877 5275 Θεοῦ
2913 5220 3146 5292 μορφὴν,
3179 5220 3272 5274 καὶ
3298 5218 3397 5290 τὴν
3422 5214 3508 5269 τοῦ
3530 5208 3660 5264 δούλω

2165 5311 2539 5393 περιθέμενος,
2556 5316 2650 5368 καὶ
2675 5313 2834 5385 μέχρι
2849 5328 2912 5382 γε
2927 5311 3020 5365 τοῦ
3042 5310 3321 5383 ἀπρεποῦς
3340 5308 3549 5363 θανάτου

2169 5388 2286 5474 σας,
2326 5407 2463 5479 μετὰ
2498 5405 2673 5460 ταῦτα
2713 5405 2815 5478 τὴν
2843 5405 2942 5477 μὲν
2974 5404 3280 5477 ἀπρέπειαν
3310 5401 3503 5470 ταύτην
3524 5388 3661 5448 ἀππέ-

2167 5501 2360 5566 θειται,
2390 5498 2677 5555 ἐνεδύσατο
2701 5498 2760 5555 δὲ
2793 5499 2892 5572 τῆς
2931 5496 3204 5569 πατρικῆς
3236 5494 3391 5567 δόξης
3411 5493 3502 5564 τὴν
3526 5479 3659 5554 εὖπρέ’

590 5660 640 5694 ’⁸⁸
667 5660 769 5717 Job
800 5677 1032 5728 nxvm,
1069 5662 1157 5718 ii.
1233 5662 1279 5695 ‘°
1336 5661 1485 5719 Psal.
1518 5675 1636 5719 cm.
1665 5661 1721 5717 9.
1794 5659 1841 5692 “
1916 5655 2107 5713 Mallh-
2144 5654 2374 5727 “H.25-
