3830 6288
198 348 336 405 1195

1279 337 1781 394 ρθιιιιιικτιιιιιι
1821 335 1886 391 ΙΝ
1927 335 2257 392 ΡΘΜΜΟΞ.

3292 343 3425 400 1191

193 473 375 519 πειαν,
401 454 498 527 τὴν
529 453 668 508 κατὰ
710 455 923 508 πάντων
958 453 1249 527 βασιλείαν,
1278 454 1385 505 τῶν
1424 470 1480 505 τε
1509 453 1566 504 ὲν
1594 455 1759 522 οὐρα-

1867 450 2177 519 prophetica
2223 449 2534 503 testimonia
2565 451 2946 515 enuntiabant,
2991 449 3274 505 Dominum
3313 454 3428 508 vir-

195 548 307 608 νοῖς
334 544 428 597 καὶ
456 543 562 596 τῶν
604 544 695 596 ἐπὶ
739 545 841 612 γῆς
867 542 1302 612 ἀναδησάμενος.
1343 543 1449 594 Καὶ
1496 541 1656 594 πάλιν
1696 538 1764 592 τὰ

195 637 298 708 μὲν
327 636 637 706 προφητικὰ
673 634 946 706 μαρτύρια
981 635 1275 706 περιεῖχεν,
1299 633 1376 696 ὼς
1407 633 1764 702 ἐνδυσάμενος

189 727 424 796 δύναμιν
465 728 494 779 ό
538 726 757 797 Κύριος,
790 725 1088 796 έστερέωσε
1129 726 1228 797 τὴν
1270 723 1616 793 οἰκουμένην,
1643 723 1764 792 ἥτις

191 820 254 872 οὐ
285 817 695 888 σαλευθήσεται.
743 815 1046 885 Ἐπιστώθη
1079 814 1133 867 δὲ
1163 813 1474 876 καὶταῦτα,
1507 813 1595 865 ὅτε
1629 813 1764 883 μετὰ

188 910 253 964 τὸ
277 907 466 974 πάθος,
491 909 590 979 τὴν
617 907 819 962 οίκείαν
850 906 1133 960 ἀπολαϐὼν
1160 906 1404 976 δύναμιν,
1435 908 1492 958 ἐν
1523 906 1668 977 πάσῃ
1697 908 1762 977 τῇ

187 1003 302 1055 τῶν
361 999 662 1073 ἀνθρώπων
720 999 1011 1071 οἰκουμένῃ
1072 999 1168 1070 τὴν
1229 1000 1556 1070 Ἐκκλησίαν
1598 997 1764 1052 αὐτοῦ

191 1095 550 1166 ἐστερέωσεν,
581 1096 662 1156 είς
691 1092 753 1144 τὸ
799 1091 996 1163 μηκέτ-ι
1043 1089 1360 1145 σαλεύεσθαι
1413 1085 1513 1144 ὧδε
1541 1093 1766 1145 κάκεῖσε

184 1185 292 1250 τὰς
329 1185 437 1238 τῶν
469 1183 770 1256 ἀνθρώπων
809 1181 987 1253 ψυχὰς
1019 1182 1148 1252 περὶ
1179 1182 1274 1254 τὴν
1321 1182 1478 1236 ἄθεον
1522 1181 1768 1236 δεισιδαι-

186 1277 384 1347 μονίαν
414 1277 786 1348 πλανωμένας.
815 1276 924 1329 Καὶ
954 1274 1113 1329 πάλιν
1141 1274 1208 1328 τὰ
1245 1276 1342 1345 μὲν
1373 1274 1462 1328 διὰ
1497 1275 1605 1328 τῶν
1636 1291 1768 1346 προ-

183 1367 378 1439 κινητῶν
421 1366 693 1439 μαρτύρια
740 1368 1130 1440 προεφήτευον,
1160 1367 1238 1430 ὡς
1283 1367 1390 1437 ἄρα
1438 1367 1486 1418 oi
1534 1365 1766 1435 ποταμοὶ

184 1459 456 1532 iunpo-36:
490 1459 671 1529 φωνὴν
714 1457 913 1524 αὐτῶν,
963 1459 1055 1510 καὶ
1099 1457 1246 1512 ἄλλοι
1293 1458 1529 1528 ποταμοὶ
1575 1457 1766 1528 ἀροῦσι

181 1551 289 1614 τὰς
339 1549 638 1618 ἐπιτρίψεις
670 1548 878 1602 αὐτῶν-
934 1547 1026 1600 καὶ
1065 1547 1234 1601 ταῦτα
1274 1548 1330 1600 δὲ
1379 1548 1446 1600 τὰ
1494 1547 1766 1619 μαρτύρια

180 1639 485 1710 ὲπιστώθη,
526 1640 612 1691 ὅτε
633 1639 772 1693 κατὰ
797 1639 976 1702 πάσας
1007 1637 1104 1702 τὰς
1152 1638 1476 1708 Ἑκκλησίας
1507 1639 1600 1691 τοῦ
1629 1638 1764 1691 Θεού

179 1735 283 1786 καὶ
322 1733 440 1786 καθ’
467 1733 595 1801 ὅλης
634 1732 732 1802 τῆς
776 1731 1096 1802 οἰκουμένης
1125 1731 1201 1784 ,τὰ
1250 1730 1425 1802 πλήθη
1460 1731 1568 1783 τῶν
1609 1732 1764 1784 εὐσε-

1866 549 1980 594 tute
2009 541 2258 593 indutum
2290 543 2538 596 lirmasse
2579 544 2765 597 urbem
2800 552 2980 608 teme,
3007 544 3099 613 qui
3143 559 3251 597 non
3284 544 3427 598 ultra

1864 633 2290 689 Commovendus
2345 643 2511 688 esset.
2568 631 2772 688 Horum
2822 651 2984 704 porro
3035 637 3237 691 veritas
3275 651 3429 691 eom-

1863 723 2089 793 probata
2115 732 2219 786 est,
2261 738 2382 777 cum
2423 733 2544 793 post
2583 725 2917 795 passionem,
2960 728 3177 797 prepria
3212 738 3427 799 recepta

1864 820 2084 877 virtute,
2120 831 2214 885 per
2243 823 2416 869 totum
2443 817 2628 871 orbem
2663 816 2959 871 Ecclesium
2997 820 3227 874 lirmavit
3249 832 3428 882 Suam,

1865 916 1925 961 ut
1958 924 2064 961 non
2093 909 2233 961 ultra
2261 913 2736 964 commoverentur
2756 906 3005 965 humana:
3028 912 3240 975 animaa,
3267 914 3430 982 impia
3469 925 3516 956 -"

1866 998 2254 1068 superstitione
2287 999 2396 1051 huc
2434 999 2562 1052 illuc
2596 998 2936 1054 errabun‘lze.
2973 999 3279 1071 Iterumque
3305 1017 3428 1072 pro-
3470 1010 3471 1013 ‘

1868 1089 2154 1159 phetarum
2201 1090 2518 1143 testimonia
2567 1091 3024 1160 prmnuntiabant,
3069 1089 3296 1145 ﬂumina
3339 1106 3432 1145 vo-

1865 1195 1983 1234 cem
2016 1182 2313 1242 elevatura,
2358 1181 2574 1251 aliaque
2617 1180 2840 1235 ﬂumina
2879 1180 3076 1236 ﬂuctus
3109 1197 3240 1236 suos
3279 1182 3433 1236 exal-

1865 1278 2046 1323 tatura
2078 1287 2215 1326 esse.
2271 1270 2396 1325 Ilaec
2449 1279 2630 1325 autem
2687 1271 2999 1325 testimonia
3049 1285 3176 1326 vera
3215 1279 3430 1341 reperta

1866 1371 2016 1424 sunt,
2047 1377 2169 1416 cum
2205 1363 2260 1416 in
2291 1363 2543 1416 omnibus
2585 1360 2680 1417 Dei
2727 1361 2984 1417 Ecclesiis
3029 1377 3092 1417 ac
3125 1377 3221 1432 per
3256 1349 3431 1416 totum

1864 1455 2074 1519 orbem,
2115 1454 2414 1510 secundum
2452 1453 2827 1524 Evangelium,
2871 1463 3045 1508 cretus
3081 1456 3294 1523 piorum
3336 1468 3434 1508 vo-

1865 1560 1958 1600 ces
1981 1547 2279 1615 gratiarum
2309 1546 2563 1610 actionis,
2598 1561 2693 1615 per
2727 1545 3004 1599 orationes
3034 1554 3085 1600 ct
3109 1547 3340 1617 hymnos
3365 1547 3432 1600 ad

1865 1633 2032 1689 Deum
2063 1635 2318 1690 emittunt
2344 1655 2355 1689 :
2383 1635 2538 1706 queis
2571 1636 2646 1688 illi
2678 1637 2806 1688 olim
2839 1645 3179 1706 arrogantes,
3216 1638 3436 1707 sapien-

1868 1735 1950 1781 tes
1988 1726 2151 1794 hujus
2187 1727 2394 1791 saeculi,
2434 1727 2657 1793 sublati,
2695 1738 2750 1780 et
2785 1735 2966 1780 tumor
2994 1743 3184 1782 eorum
3216 1728 3436 1782 destru-

181 1821 426 1876 ϐούντων
473 1822 612 1876 κατὰ
659 1823 720 1874 τὸ
745 1822 1072 1890 Εὐαγγέλιον
1117 1822 1331 1893 ἐπαίρει
1377 1822 1558 1890 φωνὰς
1604 1823 1761 1892 εὐχα-

1867 1826 1988 1873 ctus
2017 1827 2100 1874 est
2125 1836 2139 1885 ;
2167 1819 2238 1872 ita
2272 1829 2329 1872 ut
2357 1834 2546 1873 eorum
2582 1821 2926 1891 philoSOphia
2958 1835 3186 1890 prorsus
3225 1821 3437 1874 exstin-

189 1913 524 1985 ριστηρίους,
559 1913 655 1978 τὰς
683 1914 747 1966 δι’
787 1914 961 1986 εὐχῶν
989 1915 1082 1968 καὶ
1123 1914 1457 1985 ὑμνολογιῶν
1497 1913 1602 1966 τῶν
1631 1914 1765 1986 πρὸς

177 1999 283 2054 τὸν
313 2000 443 2053 Θεὸν
474 2001 956 2073 ἀναπεμπομένας,
985 2002 1072 2071 ὑφ’
1093 1995 1166 2055 ὧν
1198 2004 1246 2053 οἱ
1280 2002 1444 2055 πάλαι
1493 2003 1768 2074 ἐπιτριϐό-

187 2110 345 2164 μενοι
376 2094 528 2163 σοφοὶ
558 2093 652 2146 τοῦ
691 2094 886 2157 αἰῶνος
914 2094 1104 2148 τούτου
1146 2095 1504 2165 κατῄρηνται,
1546 2096 1641 2148 xui.
1667 2095 1766 2160 τὰς

179 2185 493 2256 ὲπιτρίψεις
552 2185 731 2239 αὐτῶν
775 2187 1064 2257 περιεῖλον,
1099 2186 1174 2250 ὡς
1208 2188 1387 2240 πᾶσαν
1428 2185 1608 2239 αὐτῶν
1638 2186 1764 2238 σϐε-

178 2276 380 2347 σθῆναι
419 2275 517 2348 τὴν
569 2276 902 2346 φιλοσοφίαν.
934 2279 1088 2332 Κατὰ
1117 2278 1185 2332 τὰ
1238 2277 1378 2331 αὐτὰ
1419 2276 1475 2330 δὲ
1527 2277 1622 2330 καὶ
1667 2277 1766 2340 τὰς

179 2365 378 2430 λοιπὰς
428 2367 538 2420 τῶν
597 2367 943 2438 προφητειῶν
1005 2369 1336 2441 προρρήσεις
1388 2365 1618 2432 διεξιὼν,
1680 2365 1764 2436 ἐφ’

183 2459 403 2529 ἑκάστῳ
428 2458 689 2530 ἁρμόσεις
733 2460 810 2524 τὸ,
850 2461 924 2514 Τὰ
953 2458 1245 2530 μαρτύριά
1274 2475 1392 2514 σου
1433 2458 1763 2526 ἐπιστώθη-

180 2567 312 2605 σαν
348 2551 600 2619 σφόδρα.
637 2553 701 2604 Αἱ
752 2551 850 2622 μὲν
896 2547 988 2605 οὖν
1031 2551 1139 2606 ἀπὸ
1183 2550 1290 2604 τῶν
1331 2550 1490 2604 θείων
1532 2549 1765 2621 Γραφῶν

187 2640 506 2712 μαρτυρίαι,
558 2638 761 2710 σφόδρα
811 2639 871 2692 τὸ
924 2638 1116 2691 πιστὸν
1168 2638 1419 2710 εἰλήφασι
1452 2636 1536 2691 διὰ
1583 2638 1680 2709 τῆς
1707 2639 1764 2690 ὲν

180 2735 311 2794 ταῖς
332 2731 616 2784 ὲκϐάσεσιν
645 2731 927 2801 ὁρωμένης
959 2729 1216 2800 ἀληθείας
1235 2746 1248 2759 ·
1285 2728 1361 2800 τῷ
1385 2728 1442 2781 δὲ
1479 2727 1612 2798 οἴκῳ
1647 2745 1762 2789 σου,

179 2823 435 2878 τουτέστι
474 2825 540 2894 τῇ
598 2821 892 2892 Ἐκκλησία
921 2838 1037 2884 σου,
1085 2820 1234 2872 οὐδὲν
1275 2819 1417 2872 οὕτω
1448 2819 1646 2889 πρέπει
1685 2820 1764 2882 είς

185 2912 254 2966 τὸ
297 2911 656 2982 φυλάττεσθαι
701 2911 868 2982 αὐτὴν
920 2913 999 2976 είς
1053 2913 1368 2983 μακρότητα
1408 2910 1647 2982 ἡμερῶν,
1689 2910 1764 2974 ὡς

186 3003 486 3075 ἁγιωσύνῃ.
530 3003 617 3067 Ὦς
641 3001 749 3074 γὰρ
778 3006 890 3067 τοῖς
931 3004 1248 3074 μαρτυρίοις
1276 3019 1369 3055 σου
1399 3000 1577 3054 οἰκεία
1617 3000 1764 3053 εστὶν

186 3098 228 3168 ἡ
261 3095 483 3166 ἀλήθεια
516 3097 610 3149 καὶ
638 3097 670 3165 ή
709 3094 908 3158 πίστις,
939 3094 1083 3147 οὓτω
1112 3093 1205 3146 καὶ
1231 3093 1310 3165 τῷ
1337 3095 1474 3164 οἴκῳ
1505 3109 1598 3144 σου
1630 3092 1764 3162 πρέ-

1866 1914 1954 1959 cta
1988 1906 2169 1960 fuerit.
2216 1905 2274 1959 Si
2308 1915 2486 1960 autem
2529 1908 2644 1976 pari
2681 1909 2842 1962 modo
2875 1909 3084 1978 reliqua
3126 1909 3440 1979 prophetia-

1866 2013 1986 2052 rum
2013 1999 2266 2054 vaticinia
2302 2015 2611 2068 percurras,
2647 2001 2876 2070 singulis
2899 2001 3111 2070 aptabis
3146 2000 3302 2067 illud,
3337 2001 3436 2054 Te-

1867 2091 2116 2144 stimonia
2155 2101 2248 2144 tua
2303 2093 2574 2145 credibilia
2621 2094 2767 2162 facta
2822 2102 2944 2146 sunt
3009 2094 3177 2148 valde.
3246 2093 3436 2165 Itaque

1867 2182 2172 2238 divinarum
2231 2181 2642 2254 Scripturarum
2693 2185 3045 2252 testimonia,
3113 2202 3144 2240 a
3206 2187 3437 2241 veritate

1868 2283 2180 2340 eventuum,
2221 2276 2512 2330 admodum
2546 2275 2826 2330 credibilia
2853 2285 3165 2332 evaserunt.
3205 2276 3436 2332 Domum

1870 2382 2000 2421 vero
2041 2375 2212 2430 tuam,
2251 2367 2304 2420 id
2343 2373 2449 2428 est,
2481 2365 2778 2422 Ecclesium
2819 2376 2990 2434 tuam,
3026 2369 3162 2422 nihil
3199 2376 3309 2422 tam
3342 2368 3436 2422 de-

1867 2465 1975 2520 cet,
2027 2467 2085 2509 ut
2134 2462 2190 2510 in
2246 2458 2642 2528 longitudinem
2694 2460 2905 2514 dierum
2950 2471 3217 2526 servetur,
3270 2478 3437 2532 quam

1866 2549 2197 2604 sanctitudo.
2225 2548 2380 2602 Sicut
2414 2551 2557 2604 enim
2592 2551 2921 2607 testimoniis
2948 2553 3058 2608 tuis
3093 2554 3309 2624 propria
3347 2569 3438 2609 ve-

1865 2643 2000 2696 ritas
2023 2650 2107 2696 est
2127 2651 2180 2696 et
2206 2640 2372 2708 ﬁdes;
2401 2641 2474 2695 ita
2502 2643 2721 2697 domum
2743 2653 2888 2697 tuam
2912 2645 3065 2700 decet
3086 2647 3434 2701 sanctitudo:

1866 2734 1968 2787 sub
2001 2732 2161 2802 cujus
2188 2735 2360 2787 tutela
2387 2741 2571 2796 manet
2603 2741 3005 2804 et'perseverat
3052 2737 3104 2790 in
3140 2736 3437 2808 longitudi-

1864 2839 1991 2878 nem
2021 2824 2254 2878 dierum.
2291 2822 2425 2877 Nam
2459 2825 2505 2879 si
2541 2825 2759 2895 quando
2797 2827 3078 2896 contingat
3110 2827 3348 2882 dedecus
3380 2828 3438 2883 in

1865 2913 2030 2968 domo
2072 2921 2164 2967 tua
2201 2915 2453 2984 reperiri,
2489 2930 2553 2969 ac
2599 2918 2720 2970 loco
2752 2917 3084 2981 sanctitatis,
3115 2918 3433 2988 profanum,

1865 3005 2138 3076 impurum
2205 3021 2267 3058 ac
2345 3007 2738 3061 exsecrandum
2793 3008 3006 3064 facinus
3072 3010 3434 3080 deprehendi;

1866 3098 1982 3153 ﬁeri
2016 3109 2193 3152 tamen
2228 3099 2416 3168 nequit
2447 3108 2504 3152 ut
2533 3101 2664 3155 illud
2693 3101 2746 3154 in
2789 3100 3184 3172 longitudinem
3224 3103 3437 3157 dierum

186 3202 283 3243 πει
320 3187 630 3257 ἁγιωσύνη·
662 3186 752 3256 ὐφ’
780 3180 848 3257 ἦς
881 3185 1281 3256 φυλαττόμενος
1333 3185 1484 3256 μένει
1530 3183 1625 3236 καὶ
1664 3200 1761 3237 πα-

1872 3197 2204 3260 perseveret.
2239 3188 2452 3243 Etenim
2485 3190 2553 3254 si,
2584 3190 2729 3260 quod
2767 3190 2947 3246 absit!
2984 3192 3242 3248 indecens
3285 3195 3439 3264 quid-

186 3283 418 3355 ραμενεῖ
456 3281 535 3342 είς
571 3278 883 3350 μακρότητα
913 3277 1153 3349 ἡμερῶν.
1199 3277 1262 3330 Ei
1313 3277 1421 3347 γάρ
1453 3293 1584 3328 ποτε
1622 3293 1761 3345 συμ-

1872 3281 2016 3350 piam
2043 3290 2097 3336 et
2129 3282 2366 3335 alienum
2393 3282 2448 3336 in
2491 3281 2652 3336 domo
2683 3281 2778 3338 Dei
2813 3283 3274 3354 deprehendatur,
3305 3300 3440 3340 sane

183 3372 316 3444 ϐαίη
375 3373 678 3444 ἀπρέπειαν
721 3371 779 3423 ὲν
832 3369 909 3441 τῷ
968 3371 1106 3440 οἴκῳ
1164 3387 1254 3423 σου
1307 3369 1615 3442 εὑρεθῆναι,
1669 3371 1761 3422 καὶ

1869 3370 2014 3426 Deus
2040 3372 2092 3426 in
2120 3372 2236 3442 ipsa
2264 3372 2541 3439 habitans,
2572 3374 2665 3443 qui
2697 3383 2923 3432 sanctus
2953 3384 3037 3432 est
3069 3387 3121 3433 et
3149 3378 3201 3432 in
3233 3381 3440 3436 sanctis

185 3465 308 3520 ἀντὶ
339 3465 676 3534 ἁγιάσματος
711 3463 955 3535 βέϐηλον,
985 3463 1077 3515 καὶ⁸
1107 3461 1436 3533 ἀκάθαρτον,
1460 3460 1554 3514 καὶ
1590 3476 1761 3531 μύσα-

1869 3463 2188 3534 reqniescit,
2224 3463 2390 3529 dicet,
2437 3463 2570 3520 Ecce
2609 3468 2934 3537 relinquetur
2956 3468 3098 3522 vobis
3130 3469 3315 3524 domus
3354 3487 3442 3524 ve-

189 3557 290 3631 ρὰν
321 3555 537 3628 πρᾶξιν,
567 3555 745 3608 οὐκέθ’
765 3553 874 3608 οἷόν
901 3573 960 3607 τε
999 3554 1130 3608 αὐτὸ
1162 3555 1240 3617 είς
1284 3555 1600 3627 μακρότητα
1624 3556 1761 3624 ἠμε-

1867 3563 1983 3608 stra
2020 3555 2229 3610 deserta
2247 3557 2312 3612 δ’.
2349 3558 2715 3623 Quamobrem
2746 3576 2846 3614 nos
2870 3560 2937 3629 ,i—n
2971 3562 3189 3615 domum
3222 3561 3316 3616 Dei
3355 3564 3440 3616 in-

191 3646 301 3720 ρῶν
328 3645 618 3716 διαμένειν.
663 3646 811 3716 Ἐρεῖ
852 3644 961 3715 γὰρ
999 3647 1027 3698 ό
1054 3645 1111 3696 ὲν
1143 3643 1291 3714 αὐτῷ
1324 3643 1596 3697 κατοικῶν
1627 3643 1759 3706 Θεὸς

1867 3661 2106 3716 gressos,
2133 3663 2245 3717 pra:
2273 3650 2526 3705 omnibus
2565 3657 2619 3704 et
2658 3667 2824 3720 super
2862 3652 3044 3705 omnia
3076 3653 3354 3709 sanctitati
3382 3663 3440 3710 et

189 3738 342 3804 ἅγιος
369 3735 444 3790 ὣν
464 3737 556 3790 καὶ
579 3739 634 3790 ἐν
653 3736 824 3804 ἁγίοις
843 3735 1272 3805 ἀναπαυόμενος,
1301 3733 1356 3805 ἢ,
1387 3735 1415 3786 ὃ
1434 3735 1507 3805 μὴ
1523 3734 1752 3802 γένοιτο,

1867 3743 2236 3806 temperantiae
2264 3739 2486 3794 studere
2518 3747 2753 3810 oportet.

184 3831 432 3904 ἀπρεπές
464 3848 518 3884 τι
547 3832 640 3886 καὶ
670 3831 948 3902 ἀλλότριον
975 3830 1312 3900 ἁγιάσματος
1341 3831 1466 3901 περὶ
1497 3830 1589 3882 τὸν
1611 3827 1760 3883 οἷκον
1795 3832 1959 3884 αὐτοῦ
1995 3834 2249 3905 εὑρηθείη
2295 3837 2444 3900 ποτὲ,
2489 3835 2567 3900 τὸ,
2607 3835 2765 3889 Ἰδοὺ
2805 3839 3038 3908 ἀφίεται
3086 3839 3228 3910 ὑμῖν
3285 3843 3318 3896 ό
3355 3837 3441 3895 οῖ-

184 3944 292 3993 κος
324 3927 492 3996 ὑμῶν
527 3926 761 3996 ἔρημος.
794 3926 882 3979 Διὸ
910 3925 1089 3997 δεήσει
1111 3925 1256 3997 ἡμᾶς
1287 3925 1392 3997 πρὸ
1418 3925 1636 3979 πάντων
1663 3927 1756 3980 καὶ
1783 3928 1922 3999 ὑπὲρ
1956 3929 2170 3983 πάντων
2218 3927 2546 4001 φροντίζειν,
2595 3932 2859 3996 εἰσιόντας
2894 3933 2969 3995 εἰς
3034 3931 3123 3987 τὸν
3163 3928 3310 3993 οἷκον
3349 3933 3438 3989 τοῦ

180 4021 344 4087 Θεοῦ,
377 4022 646 4094 ἁγιασμοῦ
675 4025 766 4076 καὶ
793 4023 1160 4094 σωφροσύνης.

241 4141 530 4198 ΨΔΛΜΟΣ
582 4143 670 4214 Τῼ
721 4141 937 4280 AATIALk
952 4141 1276 4264 Γ’ξἘΤΡΛΔΙ
1337 4141 1713 4196 ΣΑΒΒΑΤΩΝ.

258 4328 404 4397 Θεὸς
453 4327 825 4398 ἐκδικήσεων
878 4329 1130 4397 Κύριος,
1191 4328 1326 4394 Θεὸς
1389 4327 1764 4398 ἐκδικήσεων

1869 4141 2190 4197 I’SALMUS
2264 4141 2528 4209 DAVIDI,
2571 4144 2882 4272 x%llll.?RTA
2949 4146 3436 4209 SABBATORUM.

1939 4324 2103 4381 Vsus.
2139 4325 2189 4379 1.
2233 4325 2373 4381 Deus
2404 4327 2668 4391 ultianum
2698 4329 2978 4396 Dominus,
3010 4331 3148 4387 Deus
3175 4333 3440 4388 ultionum

179 4420 693 4490 ἐπαρῤησιάσατο.
784 4421 1176 4492 Ἀνεπίγραιρος
1251 4420 1349 4490 μέν
1423 4422 1538 4472 ἐστι
1627 4421 1759 4502 παρ’

1867 4415 2026 4470 libere
2056 4417 2179 4486 egit.
2201 4416 2301 4471 Hic
2339 4419 2586 4488 psalmus
2617 4421 2758 4490 apud
2787 4421 3044 4477 Hebraeos
3083 4425 3440 4496 inscriptione

194 4512 466 4584 Ἑϐραίοις
515 4515 543 4566 ό
595 4512 828 4582 ψαλμὸς,
882 4513 1121 4584 περιέχει
1171 4512 1227 4566 δὲ
1275 4512 1617 4585 παράκλησιν
1665 4511 1760 4566 καὶ

1867 4517 2036 4572 caret,
2069 4509 2497 4566 consolationem
2547 4519 2728 4567 autem
2763 4519 2817 4567 et
2847 4514 3090 4569 levamen
3122 4517 3442 4587 complecti-

186 4605 541 4675 παραμυθίαν
574 4603 682 4658 τῶν
719 4603 860 4658 κατὰ
891 4603 981 4657 τὸν
1024 4604 1136 4674 βίον
1162 4603 1251 4656 τὸν
1280 4603 1550 4656 ἐνεστῶτα
1572 4603 1763 4656 διωκο-

189 4694 366 4764 μένων
398 4695 492 4747 xui.
522 4693 1006 4764 καταπονουμένων
1039 4693 1319 4757 εὐσεϐείας
1347 4693 1529 4758 ἓνεκα,
1567 4687 1642 4747 ὧν
1670 4694 1763 4746 καὶ

186 4783 288 4856 τὴν
338 4784 501 4857 εὐχὴν
553 4785 900 4850 ὑποκαταϐὰς
964 4783 1163 4856 τίθησι.
1215 4785 1509 4857 Προτάττει
1557 4784 1615 4837 δὲ
1665 4785 1764 4854 τῆς

189 4874 356 4943 εὐχῆς
391 4875 487 4945 τὴν
515 4874 858 4946 παράκλησιν
891 4873 982 4927 καὶ
1008 4873 1104 4945 τὴν
1135 4872 1485 4944 παραμυθίαν
1515 4873 1760 4945 προλαμ-

187 4965 368 5020 ϐάνων
388 4966 485 5039 τὴν
503 4966 684 5037 δέησιν
709 4967 814 5020 τῶν
843 4967 1183 5039 διωκομένων
1211 4968 1305 5021 καὶ
1335 4965 1759 5039 προθεραπεύων

181 5056 368 5112 αὐτῶν
404 5059 529 5122 τοὺς
558 5058 770 5121 πόνους,
798 5057 979 5130 ἔργοις
1008 5075 1066 5110 τε
1092 5059 1358 5131 παριστὰς
1385 5059 1759 5130 πληρούμενον

181 5151 273 5203 ἐπ’
312 5149 493 5213 αὐτοῖς
541 5150 623 5214 τὸ,
678 5151 806 5204 Ἔτι
852 5151 1190 5217 λαλοῦντός
1234 5167 1350 5205 σου
1391 5149 1538 5219 ἐρῶο
1604 5151 1756 5205 Ἰδοὺ

180 5242 444 5311 πάρειμι.
475 5243 738 5314 Θαρσεῖτε
773 5242 1078 5314 τοιγαροῦν,
1112 5239 1159 5299 ὦ
1202 5239 1366 5305 οὗτοι,
1409 5245 1572 5314 φησίν
1594 5261 1606 5273 ·
1643 5243 1758 5298 ἔστι

177 5335 296 5406 γὰρ
325 5337 356 5390 ό
385 5335 611 5407 Κύριος,
645 5336 729 5403 ἐφ’
751 5335 810 5388 ὃν
837 5336 1120 5404 ἠλπίσατε.
1151 5333 1339 5406 ὥσπερ
1371 5335 1502 5398 Θεὸς
1531 5335 1757 5406 ποιητὴς

179 5427 283 5481 καὶ
336 5427 470 5490 Θεὸς
521 5425 871 5499 δημιουργὸς,
923 5429 1016 5480 καὶ
1063 5427 1195 5491 Θεὸς
1247 5428 1451 5500 σωτὴρ,
1501 5429 1595 5481 καὶ
1626 5427 1757 5490 Θεὸς

177 5517 501 5589 εὐεργέτης,
545 5519 639 5572 καὶ
683 5519 814 5582 Θεὸς
863 5518 1074 5590 κριτὴς,
1131 5519 1224 5572 καὶ
1263 5518 1396 5583 Θεὸς
1437 5518 1618 5590 πατὴρ
1650 5518 1758 5571 τῶν

176 5611 506 5682 οίκτιρμῶν,
537 5610 629 5664 καὶ
659 5609 790 5674 Θεὸς
819 5610 996 5674 πάσης
1030 5609 1444 5680 παρακλήσεως,
1482 5610 1756 5684 μακρόου-

256 5770 304 5802 δ’
343 5767 478 5826 Luc.
515 5786 612 5826 xm
639 5811 654 5834 ,
691 5771 782 5828 35.
857 5771 904 5804 ⁵³
943 5771 1044 5826 Isa.
1082 5787 1249 5840 Lvm,
1288 5773 1342 5831 9.

475 5866 740 5926 ΡΑτιοι..
775 5868 891 5929 Gn.
941 5868 1172 5929 XXIII.

1865 4609 1956 4656 tur
1987 4617 2084 4672 pro
2103 4603 2172 4657 iis
2200 4603 2293 4672 qui
2317 4604 2372 4658 in
2388 4605 2639 4674 prmsenti
2668 4609 2778 4670 vita
2800 4607 3018 4676 pietatis
3039 4623 3205 4664 causa
3231 4625 3438 4664 vexan-

1869 4680 1958 4747 tur
1988 4703 2042 4747 et
2073 4693 2406 4764 aliIignntur,
2437 4712 2672 4767 quorum
2714 4696 2841 4751 item
2870 4698 3174 4754 orationem
3204 4699 3436 4756 inferius

1866 4787 2177 4857 eonsignat.
2211 4786 2460 4844 Orationi
2490 4805 2620 4844 vero
2645 4790 3076 4846 consolationem
3105 4803 3160 4846 et
3192 4793 3437 4848 levamen

1867 4879 2170 4948 pmmittit,
2229 4898 2258 4933 a
2291 4881 2695 4950 supplicatione
2737 4895 2925 4934 eorum
2951 4883 3042 4952 qui
3094 4885 3437 4953 persecutio-

1867 4986 1990 5024 nem
2008 4971 2292 5039 patiuntur
2308 4987 2490 5034 orsus,
2514 4987 2813 5042 eorumque
2842 4973 3000 5029 malis
3023 4976 3320 5029 remedium
3341 4977 3438 5030 ad-

1872 5076 2094 5115 movere
2117 5076 2414 5132 occupans,
2442 5063 2834 5134 declaransque
2857 5079 3021 5134 opere
3059 5067 3338 5137 impletum
3370 5071 3436 5122 ilo

1865 5151 1958 5205 Iud
1974 5167 2116 5217 esse,
2138 5153 2323 5206 Adhuc
2345 5163 2391 5207 te
2408 5155 2644 5223 loquente
2659 5155 2832 5209 dicam
2852 5172 2870 5209 :
2886 5155 3022 5211 Ecce
3047 5157 3236 5212 adsum
3250 5159 3318 5214 ".
3342 5160 3433 5212 Ait

1866 5243 2071 5313 itaque,
2107 5243 2384 5307 Heusvos,
2417 5247 2706 5301 conﬁdite:
2736 5247 2892 5303 adest
2919 5249 3120 5319 quippe
3144 5248 3432 5314 Dominus,

1863 5336 1921 5388 in
1956 5351 2117 5406 quem
2165 5337 2449 5406 sperastis,
2481 5346 2668 5406 utpote
2702 5338 2844 5395 Deus
2872 5342 3077 5411 opifex.
3111 5340 3255 5398 Deus
3277 5357 3434 5398 crea-

1864 5434 1972 5491 tor,
2020 5427 2164 5484 Deus
2203 5441 2468 5493 servator,
2521 5429 2664 5485 Deus
2714 5431 3014 5495 beneﬁcus,
3061 5432 3207 5490 Deus
3241 5434 3431 5505 iudex,

1868 5517 2010 5574 Deus
2039 5529 2192 5590 pater
2227 5520 2754 5591 misericordiarum,
2782 5522 2926 5580 Deus
2959 5526 3131 5582 totius
3177 5529 3433 5584 consola-

1865 5610 2052 5679 tionis,
2103 5612 2342 5668 tolerans
2387 5622 2442 5672 et
2490 5616 2719 5681 multum,
2767 5611 3113 5683 misericors:
3146 5618 3437 5689 placabilis

3039 5871 3116 5934 38
