3830 6288
428 299 568 356 H95

1111 291 1380 352 EUSEBII
1414 287 1891 348 CESARIENSIS
1927 285 2076 342 OPP.
2120 284 2299 340 PARS
2328 284 2425 342 ill.
2465 308 2535 326 -ι-
2571 280 2979 341 EXEGETICA.

3484 268 3587 344 tiu

430 434 595 490 super
628 428 887 489 peccata,
936 420 1024 474 cui
1057 423 1328 473 sexcenta:
1370 416 1490 471 alia:
1517 413 1715 470 divinae
1752 413 1997 467 rationes

2116 409 2201 470 ιός
2228 426 2287 461 τε
2321 408 2415 462 καὶ
2457 406 2742 470 πολυέλεος
2774 404 2869 460 καὶ
2901 403 3174 475 μετανοῶν
3200 406 3287 457 ἐπὶ
3315 407 3420 469 ταῖς
3454 407 3591 480 ἀμαρ-

412 516 778 580 .competunt;
809 512 974 578 atque
1006 508 1078 560 ita
1120 506 1235 575 jam
1283 504 1427 560 Deus
1467 506 1739 559 ultionum
1773 504 1998 559 dicitur.

431 601 632 657 Curam
663 599 807 653 enim
836 598 1000 652 habet
1032 610 1381 666 eorum,qua2
1409 595 1464 649 in
1494 595 1648 650 ccelis
1681 592 1912 663 [malum
1945 593 2001 648 in

430 687 629 761 terraJ
659 696 947 759 geruntur,
978 688 1051 742 ita
1080 694 1139 741 ut
1164 685 1382 756 dignam
1424 685 1687 740 ultionem
1723 683 1791 738 de
1822 683 2004 753 inique

433 777 716 849 agentibus
772 785 972 840 sumat,
1011 774 1162 844 juste
1207 774 1459 845 judicet,
1502 788 1627 829 reos
1675 773 1894 841 plectat,
1940 787 2005 827 ac

432 869 633 938 cuique
682 866 889 922 tribuat
920 865 1223 922 secundum
1255 879 1418 934 opera
1448 879 1569 919 sua.
1597 863 1865 919 Conﬁdite
1903 863 2006 934 igi-

435 968 543 1024 tur,
595 958 773 1014 edocti
827 974 925 1011 vos
986 956 1156 1012 Deum
1205 957 1475 1012 ultionum
1520 955 1773 1010 habere:
1825 963 2006 1010 vester

432 1049 635 1119 quippe
676 1046 842 1110 Deus,
875 1048 1155 1102 .ultionum
1200 1045 1344 1101 Deus
1393 1060 1514 1100 esse
1544 1046 1703 1099 solet.
1734 1043 1798 1097 Et
1833 1044 2003 1114 quod,

433 1148 620 1212 utpote
651 1139 794 1194 Deus
830 1138 1021 1203 vindex
1044 1152 1232 1192 eorum
1261 1138 1352 1207 qui
1390 1137 1682 1204 laeduntur,
1712 1152 1834 1192 cum
1869 1136 2007 1191 ﬁdu-

436 1233 520 1287 cia
556 1239 709 1299 agat;
741 1230 975 1299 idipsum
1006 1230 1151 1284 clare
1179 1237 1381 1282 etcum
1410 1227 1608 1283 ﬁducia
1646 1243 1741 1299 per
1773 1227 2005 1299 prophe-

432 1331 522 1378 tas
554 1338 684 1379 suos
729 1322 1101 1391 depraedicat:
1150 1326 1315 1389 atque
1367 1319 1464 1374 sic.
1492 1318 1613 1389 ejus
1655 1319 2007 1389 providentiae

435 1416 575 1471 ratio
601 1415 869 1479 consistit,
902 1427 1006 1482 qua
1035 1411 1183 1481 juste
1214 1417 1269 1465 et
1305 1413 1579 1480 sapienter
1610 1411 1791 1465 omnia
1832 1408 2008 1465 admi-

434 1508 654 1561 nistrat.
685 1504 742 1559 ln
786 1505 887 1559 hac
913 1504 1130 1575 quidem
1159 1504 1270 1559 vita
1316 1506 1488 1561 solem
1516 1518 1676 1560 suum
1714 1504 1847 1557 oriri
1877 1500 2008 1556 facit

436 1615 603 1670 super
630 1598 811 1668 justos
855 1604 909 1652 et
959 1597 1213 1668 injustas,
1245 1612 1311 1651 ac
1342 1597 1481 1667 pluit
1527 1612 1690 1667 super
1728 1596 2007 1667 improbos

436 1701 491 1747 ct
526 1692 720 1753 bonos,
752 1696 915 1759 atque
945 1688 1091 1743 bona
1143 1704 1243 1745 sua
1288 1688 1572 1758 aequaliter
1619 1687 1872 1743 omnibus
1902 1689 2007 1741 im-

436 1783 632 1853 pertit;
669 1781 763 1836 sed
800 1781 1120 1851 congruenti
1149 1787 1396 1851 tempore
1430 1779 1575 1835 Deus
1607 1779 1872 1834 ultionum
1897 1777 2009 1834 eili-

432 1875 633 1937 ‘cietur,
670 1873 890 1944 quando
924 1873 1249 1944 promeritas
1297 1888 1487 1944 pmnas
1519 1872 1588 1928 ab
1621 1871 1689 1927 iis
1721 1870 1814 1943 qui
1833 1871 2008 1927 .bene-

376 1976 380 1980 ‘
437 1965 578 2022 liciis
609 1966 728 2037 ejus
757 1981 865 2020 non
899 1973 1048 2022 recte
1076 1973 1204 2021 sunt
1231 1965 1317 2021 usi
1346 1973 1585 2036 expetet.

506 2227 677 2288 Vens.
709 2228 827 2285 τοι.
883 2228 1158 2298 Exaltare,
1201 2232 1292 2301 qui
1331 2229 1548 2300 judicas
1589 2241 1808 2290 terrain.
1856 2230 2013 2285 redde

446 2314 841 2369 retributionem
879 2313 1136 2381 superbis.
1200 2312 1477 2385 Usquequa
1530 2325 1846 2383 peccatores,
1902 2314 2013 2368 Do-

443 2407 601 2469 mine,
634 2422 897 2481 usquequo
928 2416 1225 2475 peccatores
1255 2407 1661 2478 gloriabuntur?
1693 2407 2013 2476 E/fabuntur

439 2508 488 2553 et
515 2496 788 2565 laquenmr
810 2497 1154 2565 iniquitatem,
1184 2498 1456 2567 loquentur
1477 2514 1653 2552 omnes
1679 2500 1766 2569 qui
1790 2514 2013 2566 operan-

439 2598 531 2642 tur
563 2587 923 2657 injustitiam?
957 2586 1196 2658 Spiritus
1235 2587 1453 2658 quidem
1491 2596 1716 2644 sanctus
1763 2590 1847 2644 vel
1890 2597 2015 2644 ante

440 2683 747 2734 orationem
778 2680 1096 2750 prophetico
1125 2680 1538 2751 responsionem
1569 2680 1700 2742 edit,
1728 2681 1859 2736 illud
1888 2697 2018 2752 pro-

441 2771 588 2827 ferre
615 2786 893 2842 occupans
914 2772 1057 2844 quod
1083 2782 1206 2844 post
1223 2772 1525 2845 orationem
1552 2772 1844 2828 dicendum
1862 2780 2012 2841 erat;

444 2861 609 2932 idque
638 2879 706 2918 ex
740 2863 1078 2932 praescientia
1101 2880 1290 2919 eorum
1323 2879 1444 2934 quae
1466 2864 1518 2917 in
1547 2864 1795 2920 oratione
1828 2862 2015 2919 dicen-

441 2952 519 3007 da
553 2962 727 3009 erant.
757 2953 1124 3021 Quamobrem
1156 2954 1265 3012 duo
1297 2955 1551 3011 versiculi
1602 2955 2016 3026 responsionem

444 3045 618 3101 sancti
651 3042 886 3115 Spiritus
914 3046 1149 3101 orationi
1181 3057 1568 3117 congruentem
1595 3048 2017 3117 complectentes

444 3138 715 3211 praemissi
771 3144 920 3193 sunt.
952 3135 1088 3192 Nam
1129 3152 1250 3208 qua:
1291 3136 1361 3191 ad
1406 3138 1856 3215 supplicationem
1904 3137 2013 3193 Deo

445 3232 702 3286 emissam
726 3229 980 3293 attinent,
1014 3231 1081 3284 ab
1100 3228 1215 3284 .hoc
1244 3229 1413 3293 dicto,
1449 3229 1727 3294 Exallare,
1758 3231 1851 3302 qui
1861 3229 2015 3300 judi-

445 3340 537 3378 cas
570 3331 787 3385 terram,
821 3319 1105 3376 exordium
1137 3320 1356 3375 habent.
1392 3322 1481 3375 Ait
1519 3336 1649 3392 ergo
1683 3320 1966 3391 Scriptura
1996 3341 2008 3376 :

445 3414 524 3472 Ex
551 3429 656 3483 quo
692 3413 970 3467 hominum
990 3427 1176 3482 genus
1224 3426 1350 3469 esse
1376 3413 1559 3481 coepit,
1588 3421 1903 3483 peccatores
1924 3415 2017 3486 ju-

448 3507 548 3560 stis
578 3504 874 3575 praevalere
900 3510 1206 3573 cmperuut,
1239 3503 1445 3557 utCain
1476 3504 1650 3569 Abeli,
1685 3511 1740 3560 et
1770 3511 2014 3576 tempore

446 3596 636 3653 diluvii
671 3596 915 3667 gigantes
942 3594 1064 3651 aliis
1096 3609 1281 3650 secum
1310 3596 1693 3659 versantibus;
1722 3596 1828 3652 imo
1849 3597 2014 3652 etiam

446 3688 592 3744 Esau
623 3684 848 3751 Jarobo,
878 3685 1116 3757 alosepho
1147 3686 1346 3746 fratres
1373 3687 1514 3757 ejus.
1542 3688 1619 3742 Ac
1640 3689 1697 3744 .si
1731 3689 1804 3744 ita
1830 3687 2018 3746 subse-

446 3777 669 3848 quentia
705 3786 953 3848 terupora
981 3791 1295 3849 percurras,
1338 3777 1397 3831 in
1432 3777 1662 3847 singulis
1703 3776 2016 3846 generatio-

445 3873 610 3928 nibus
644 3879 959 3942 peccatores
984 3875 1174 3925 contra
1200 3869 1381 3939 justos
1416 3869 1698 3938 insurgere
1720 3868 2018 3939 deprehen-

445 3963 566 4019 des.
613 3961 930 4032 Usquequo,
963 3960 1209 4025 Domine,
1246 3960 1359 4015 haec
1402 3958 1926 4030 erunt?‘Usquequo
1959 3959 2014 4012 in

444 4063 653 4110 tantam
698 4055 1009 4124 superbiam
1064 4061 1376 4123 peccatores
1422 4054 1717 4122 erigentur,
1743 4062 1802 4107 ut
1830 4053 1886 4106 in
1916 4053 2018 4106 im-

448 4148 747 4220 pietatibus
774 4149 889 4203 suis
912 4148 1252 4219 glorientur;
1277 4161 1454 4216 neque
1483 4153 1634 4216 gesta
1652 4142 1749 4200 sua
1774 4152 2013 4210 taceant,

446 4259 627 4315 neque
673 4245 934 4299 malitiam
969 4243 1245 4297 occultent
1284 4258 1475 4309 suam;
1506 4242 1599 4299 sed
1635 4242 1929 4311 loquantur
1961 4241 2016 4294 in

446 4336 802 4406 omniumque
849 4336 1075 4390 auribus
1113 4334 1414 4404 injuStitias
1435 4334 1662 4389 efferant
1695 4349 1827 4389 suas
1856 4331 2016 4388 ἴθυσ-

2102 503 2263 566 τίαις,
2288 502 2384 554 καὶ
2415 501 2578 563 ἄλλας
2595 500 2802 571 μορίας
2830 498 2965 568 ἔχων
3000 497 3186 560 θεῖκὶις
3217 497 3465 561 ἐπινοίας⁹
3492 498 3598 553 οὕτω

2105 595 2197 648 καὶ
2229 594 2361 656 Θεὸς
2395 593 2745 661 ὲκδικήσεων.
2795 590 2962 644 Μέλει
2999 590 3108 663 γάρ
3150 587 3291 659 αὐτῷ
3330 588 3428 642 τῶν
3456 590 3502 642 ἐν
3533 593 3599 644 οὺ-

2107 687 2287 760 ρανοίς
2339 683 2746 755 πραττομένων,
2772 682 2848 747 ὡς
2889 684 2984 736 καὶ
3010 682 3165 751 δίκην
3192 681 3286 752 τὴν
3313 681 3453 745 ἀξίαν
3491 684 3602 756 παρᾶ

2104 777 2211 830 τῶν
2255 774 2580 830 ἀδικούντων
2624 774 3062 847 εἰσπράττεσθαι,
3100 774 3301 844 κρίνειν
3340 791 3395 826 τε
3437 774 3605 840 δικαίως

2105 869 2198 923 κα)⁸
2227 868 2476 933 κολάζειν
2502 866 2594 933 οὓς
2629 868 2728 931 δεῖ,
2763 867 3076 921 ἀποδιδόναι
3102 884 3161 919 τε
3192 867 3396 936 ἑκάστῳ
3423 867 3538 921 κατά
3557 870 3607 922 τὰ

2105 959 2244 1031 ἔργα
2284 959 2467 1014 αὐτοῦ.
2499 960 2761 1030 Θαρσεῖτε
2800 957 3088 1028 τοιγαροῦν
3117 956 3392 1027 μαθόντες,
3422 957 3492 1009 ὅτι
3513 958 3610 1012 Θεὸν

2106 1052 2256 1122 ἔχετε
2289 1052 2618 1121 ὲκδικήσεων
2641 1067 2656 1081 ’
2703 1050 2913 1118 πέφυκε
2954 1049 3063 1121 γὰρ
3110 1045 3247 1102 εἶναι
3283 1047 3406 1111 Θεὸς
3454 1050 3614 1121 ἐκδική-

2104 1159 2244 1197 σεων
2281 1145 2310 1197 ό
2356 1143 2620 1214 ὑμέτερος
2652 1142 2801 1207 Θεὸς,
2835 1142 2930 1194 καὶ
2960 1141 3038 1211 τῷ
3075 1140 3378 1210 παρρησίαν
3405 1139 3534 1207 ἀγειν
3561 1141 3613 1204 ὡς

2106 1233 2236 1298 Θεὸς
2276 1234 2484 1299 ἔκδικος
2541 1234 2646 1286 τῶν
2694 1232 3079 1303 ἀδικουμένων,
3133 1231 3421 1303 διαρρήδην
3467 1248 3516 1284 τε
3552 1235 3616 1285 καὶ

2110 1327 2248 1399 μετά
2286 1325 2593 1399 παρρησίας
2644 1325 2803 1379 τοῦτο
2857 1324 2944 1378 διά
2990 1323 3101 1377 τῶν
3164 1322 3327 1378 αὑτοῦ
3384 1325 3617 1393 προψητῶν

2106 1419 2384 1490 κηρύττειν
2418 1417 2564 1471 οὕτω
2584 1417 2713 1486 γοῦν
2740 1416 2905 1471 αὐτοῦ
2928 1416 3017 1470 καὶ
3048 1416 3077 1467 ὁ
3111 1415 3240 1487 περὶ
3274 1416 3507 1484 προνοίας
3532 1433 3619 1468 συν-

2110 1512 2320 1565 ίσταται
2354 1510 2530 1578 λόγος,
2578 1509 2701 1564 καθ’
2738 1509 2805 1581 ἢν
2849 1509 3072 1573 δικαίως
3101 1509 3197 1562 καὶ⁸
3228 1506 3401 1577 σοφῶς
3424 1508 3485 1559 τὰ
3523 1507 3620 1577 :er-

2108 1618 2288 1656 παντα
2328 1602 2537 1656 διοικεῖ.
2591 1600 2743 1666 Τέως
2802 1601 2900 1673 μὲν
2930 1601 3072 1654 κατὰ
3107 1600 3200 1654 τὸν
3242 1598 3495 1652 ἐνεστῶτα
3527 1598 3621 1668 βίον,

2108 1692 2412 1749 ἀνατέλλων
2435 1694 2526 1747 τὸν
2558 1692 2708 1763 ἥλιον
2731 1691 2900 1760 αὐτοῦ
2925 1692 3019 1745 ἐπὶ
3050 1691 3292 1755 δικαίους
3326 1690 3414 1743 καὶ
3440 1690 3621 1754 ἀδίκους,

2110 1784 2203 1838 καὶ
2253 1783 2461 1855 βρέχων
2512 1784 2606 1836 ἐπὶ
2637 1782 2904 1854 πονηροὺς
2933 1784 3027 1836 κιιὶ⁵
3070 1781 3329 1850 ἀγαθοὺς,
3373 1778 3430 1844 ἐξ
3471 1779 3625 1832 [σοντι

2108 1876 2220 1938 τοῖς
2248 1875 2383 1928 πᾶσι
2442 1873 2509 1926 τὰ
2557 1871 2723 1926 αὐτοῦ
2772 1871 3023 1945 παρέχων
3055 1871 3264 1940 ἀγαθά’
3310 1870 3445 1923 κατά
3483 1868 3627 1942 καιρὸν

2108 1963 2165 2017 δὲ
2203 1964 2292 2019 τὸν
2337 1965 2683 2036 προσήκοντα
2729 1963 2862 2026 Θεὸς
2904 1961 3234 2032 ὲκδικήσεων
3268 1961 3628 2031 γινόμενοςδτε

2111 2055 2204 2107 καὶ
2229 2055 2331 2126 τὴν
2376 2054 2691 2125 πρέπουσαν
2732 2052 2885 2124 δίκην
2925 2052 3074 2124 παρά
3102 2052 3211 2105 τῶν
3241 2052 3318 2123 μὴ
3359 2050 3519 2114 καλῶς
3542 2054 3628 2112 ταῖς

2112 2146 2451 2217 εὐεργεσίαις
2481 2145 2645 2201 αὑτοῦ
2674 2145 3024 2218 κεχρημένων
3056 2142 3427 2215 εἰσπράξεται.

2194 2235 2476 2306 ’Υψώθητι
2521 2238 2555 2291 ὁ
2587 2236 2809 2304 κρίνων
2839 2234 2954 2304 τὴν
2984 2233 3123 2304 γῆν,
3154 2233 3386 2300 ἀπόδος
3422 2232 3631 2286 ἀνταπό-

2107 2329 2288 2383 δοσιν
2336 2326 2455 2392 τοῖς
2496 2324 2922 2395 ὑπερηφάνοις.
2955 2328 3109 2393 Ἕως
3153 2326 3303 2379 πότε
3335 2324 3630 2394 ἁμαρτωοί,

2113 2415 2448 2485 Κύριε,νὲως
2476 2415 2620 2469 πότε
2659 2416 2992 2484 ἁμαρτωλοὶ
3032 2414 3469 2486 καυχήσονταις
3501 2412 3633 2480 Φθέςκ

2116 2507 2323 2573 ξονται
2355 2507 2454 2561 καὶ
2483 2508 2870 2574 λαλήσουσιν
2891 2506 3146 2574 ἀδικίαν,
3168 2506 3508 2575 λαλήσουσι
3529 2504 3636 2559 κάν-

2108 2617 2213 2667 .τες
2243 2603 2297 2653 οἱ
2336 2597 2705 2669 ἐργαζόμενοι
2737 2599 3012 2665 db‘t'xlar;
3044 2601 3119 2654 Τὸ
3160 2601 3262 2673 μὲν
3303 2601 3441 2654 θεῖον
3466 2598 3636 2669 Πνεῦμα

2117 2691 2468 2764 προφητικῶς
2487 2692 2580 2745 καὶ
2605 2693 2731 2762 περὶ
2757 2692 2855 2764 τῆς
2876 2691 3040 2764 εὒχῆς
3060 2693 3159 2765 τὴν
3186 2692 3474 2764 ἀπόκρισιν
3499 2692 3638 2760 ἑποιή-

2118 2803 2249 2839 σατο
2284 2784 2550 2857 προλαϐὸν
2575 2785 2637 2838 τὸ
2658 2784 2847 2856 μέλλον
2874 2783 3203 2856 ῥηθήσεσθαι
3238 2784 3385 2855 μετά
3405 2785 3495 2855 τὴν
3519 2782 3638 2852 εὐχὴν

2114 2881 2202 2934 διὰ
2244 2879 2344 2951 τὴν
2393 2879 2699 2950 πρόγνωσιν
2744 2877 2853 2932 τῶν
2887 2880 2946 2931 ἐν
2989 2880 3054 2950 τῇ
3089 2878 3223 2950 εὐχῇ
3269 2877 3639 2950 περιεχομένων.

2118 2972 2317 3043 Διόπερ
2347 2973 2399 3025 οἱ
2449 2972 2543 3024 δύο
2598 2971 2982 3042 προετάγησαν
3032 2972 3204 3042 στίχοι
3254 2971 3359 3042 τὴν
3404 2970 3640 3041 ἀπόκρισιν
3752 3010 3753 3029 η

2119 3064 2464 3135 περιέχοντες
2493 3062 2588 3116 τοῦ
2646 3063 2801 3133 ἁγίου
2851 3062 3183 3134 Πνεύματος,
3216 3063 3324 3134 τὴν
3356 3062 3642 3134 ἁρμόζουσαν
3752 3052 3753 3091 ἲ

2118 3159 2184 3227 τῇ
2221 3156 2612 3227 προσευχῇ.Τά
2627 3172 2688 3208 τε
2724 3155 2829 3226 μὴν
2854 3156 2955 3226 τῆς
2990 3155 3271 3227 ἱκετηρίας
3304 3156 3401 3226 τῆς
3439 3154 3556 3225 πρὸς
3577 3152 3642 3206 τὸ]

2119 3247 2249 3301 Θεὸν
2281 3248 2388 3301 ἀπὸ
2414 3246 2532 3312 τοῦ,
2577 3246 2859 3317 Ὑψὼθητι
2891 3251 2925 3302 ὁ
2963 3248 3183 3315 κρίνων
3220 3246 3346 3315 τὴν
3369 3245 3499 3316 γῆν,
3525 3246 3644 3317 ἀρχε-

2119 3357 2226 3392 ται.
2257 3339 2393 3409 Φησὶ
2417 3338 2595 3392 τοίνυν
2624 3340 2655 3392 ό
2686 3338 2857 3407 Λόγος
2879 3355 2893 3368 ο
2944 3340 3059 3408 Ἀφ’
3086 3333 3259 3410 οὗπερ
3307 3341 3334 3393 ό
3358 3339 3461 3393 τῶν
3480 3336 3644 3407 ἀνθρὼσ

2120 3443 2237 3480 πων
2268 3427 2469 3497 ἤρξατο
2517 3427 2833 3481 συνεστάναι
2880 3425 3014 3496 βίος,
3058 3427 3165 3481 ἀπὸ
3208 3429 3338 3482 τότε
3381 3425 3644 3499 ἁμαρτωλοὶ

2120 3517 2429 3589 κατισχύειν
2455 3516 2564 3571 τῶν
2587 3517 2806 3571 δικαίων
2831 3518 3089 3589 ἦρξαντοτ
3116 3520 3191 3583 ὡς
3211 3520 3358 3574 Κάῖν
3384 3520 3476 3573 τοῦ
3502 3503 3642 3579 Ἅϐελ,

2120 3610 2216 3664 καὶ
2241 3613 2289 3664 oi
2312 3610 2404 3664 ἐπὶ
2421 3609 2516 3663 τοῦ
2549 3609 2932 3681 κατακλυσμοῦ
2964 3610 3218 3679 γίγαντες
3250 3612 3365 3667 τῶν
3386 3613 3443 3665 ὲν
3468 3611 3640 3671 αὺτοῖς-

2121 3700 2257 3758 ἀλλά
2282 3705 2376 3758 καὶ
2416 3702 2586 3757 Ἦσαῦ
2618 3702 2713 3757 τοῦ
2758 3702 2971 3767 Ἰακὼϐ,
3005 3706 3096 3757 καὶ
3111 3704 3206 3758 τοῦ
3240 3705 3445 3777 Ἰωσὴφ
3466 3706 3511 3757 οἱ
3538 3702 3643 3757 ἀδελ-

2122 3800 2246 3866 φοί·
2283 3798 2376 3851 καὶ
2416 3797 2559 3851 οὕτω
2603 3796 2810 3869 προῖὼν
2833 3798 2945 3860 τοῖς
2977 3796 3205 3867 χρόνοις,
3238 3797 3427 3869 εὕροις
3456 3795 3514 3851 ἀν
3554 3792 3641 3849 xail’

2121 3887 2356 3959 ἑκάστην
2418 3887 2607 3956 γενεὰν
2654 3886 2778 3949 τοὺς
2822 3886 3173 3957 ἁμαρτωλοὺς
3227 3887 3642 3956 ὲπανισταμένοκ

2120 3982 2231 4043 τοῖς
2257 3977 2503 4041 δικαίοις.
2534 3978 2677 4041 Ἕως
2707 3973 2798 4031 οὖν
2830 3977 2980 4041 πότε,
3009 3972 3054 4031 ὧ
3090 3976 3283 4049 Κύριε,
3316 3978 3471 4032 τοῦτο
3502 3978 3640 4037 ἔσται,

2125 4073 2267 4136 Ἕως
2300 4073 2429 4124 πότε
2454 4072 2533 4135 είς
2555 4070 2807 4124 τοσοῦτον
2830 4070 3113 4142 ὲπιτριϐῆς
3138 4070 3422 4124 ὲλάσουσιν
3441 4073 3484 4123 οί
3510 4071 3641 4139 ἀμαρ-

2119 4165 2301 4229 τωλοὶ,
2336 4164 2411 4226 ὡς
2444 4164 2539 4216 καὶ
2588 4161 2960 4233 ὲγκαυχᾶσθαι
3004 4165 3124 4226 ταῖς
3168 4162 3445 4226 ἀσεϐείαις
3487 4159 3641 4217 αὐτῶν.

2122 4253 2215 4309 καὶ
2246 4252 2379 4324 μηδὲ
2414 4252 2624 4323 σιωπᾷν
2656 4253 2745 4320 ἐφ’
2772 4246 2854 4316 οἷς
2904 4254 3220 4324 πράττουσι,
3268 4254 3407 4325 μηδὲ
3448 4250 3640 4321 ἀποκρύ-

2122 4361 2276 4398 πτειν
2319 4342 2414 4415 τὴν
2447 4343 2624 4397 αὑτῶν
2663 4344 2881 4409 κακίαν,
2926 4343 3061 4397 ἀλλά
3100 4344 3194 4399 καὶ
3235 4343 3552 4414 φθέγξασθαι
3577 4339 3642 4393 καὶ

447 4444 666 4501 quequo
697 4430 861 4499 igitur
877 4443 971 4483 eos
1002 4428 1133 4481 talia
1153 4427 1417 4483 audentes
1450 4426 1629 4481 feras?
1654 4427 1722 4479 At
1752 4441 1876 4481 cum
1901 4425 2012 4494 jam

2123 4434 2447 4501 ἐξάκουστον
2477 4434 2590 4496 τοῖς
2615 4434 2778 4486 πᾶσιν
2813 4433 3057 4487 ἐκλαλεῖν
3093 4433 3189 4496 τὰς
3229 4433 3443 4496 ἀδικίας
3475 4429 3639 4485 αὒτῶνς

446 4523 505 4580 in
534 4523 806 4576 excelsum
827 4520 961 4590 justi
992 4518 1178 4589 iudicii
1211 4518 1287 4571 tui
1311 4518 1566 4571 thronum
1602 4515 2012 4580 conscenderis,

449 4610 728 4675 Exaltare,
752 4612 839 4680 qui
853 4610 1068 4680 judicas
1091 4618 1306 4671 terram,
1334 4615 1411 4672 et,
1445 4606 1601 4660 redde
1625 4606 2019 4661 retributionem

443 4705 724 4772 superbis,
776 4702 1128 4772 promeritum
1179 4699 1313 4769 ipsis
1365 4697 1613 4767 iniligens
1663 4697 2015 4767 supplicium.

440 4795 604 4851 Nunc
633 4795 778 4849 enim
824 4801 875 4848 te
910 4807 1127 4864 quoque
1159 4790 1492 4860 despiciunt,
1534 4790 1693 4859 quasi
1745 4789 1882 4844 nihil
1924 4803 2020 4842 ex-

447 4889 655 4944 celsum
694 4887 916 4949 habeas,
968 4885 1104 4939 nihil
1149 4882 1357 4943 videas,
1396 4897 1499 4935 nec
1543 4889 1748 4936 terram
1779 4881 2014 4949 judices.

449 4980 795 5051 Quapropter
820 4994 938 5048 quae
961 4978 1029 5032 ad
1059 4978 1224 5032 vitam
1243 4978 1526 5046 pertinent
1554 4990 1708 5029 suam
1735 4983 1788 5028 et
1807 4973 2019 5043 judicio

449 5080 503 5125 ιιι
536 5072 873 5141 providentia
905 5083 1092 5122 carere
1133 5067 1492 5121 arbitrantur.
1537 5071 1606 5118 At
1634 5080 1735 5134 ego
1762 5066 1854 5135 qui
1897 5080 2018 5136 pre-

449 5180 546 5219 cor
572 5171 627 5218 ct
660 5171 788 5235 apto
820 5162 887 5214 ah
918 5162 1194 5230 impietate
1234 5173 1423 5213 eorum
1470 5159 1681 5212 alienus
1714 5173 1857 5221 esse,
1889 5172 2017 5224 pcr-

448 5272 671 5311 suasum
711 5256 882 5308 habeo
913 5262 966 5309 te
999 5252 1168 5306 Deum
1213 5252 1479 5305 ultionum
1515 5254 1655 5315 esse,
1678 5255 1850 5319 teque
1872 5248 2020 5317 judi-

449 5363 577 5403 care
621 5362 836 5401 omnem
875 5357 1096 5400 terram.
1132 5343 1358 5408 Etiamsi
1398 5343 1542 5397 enim
1578 5341 2016 5405 mansuetudine,

450 5439 744 5492 tolerantia
785 5446 840 5492 et
891 5437 1153 5507 patientia
1213 5450 1349 5491 usus
1420 5435 1657 5504 teipsum
1705 5433 2015 5504 deprimas,

449 5537 710 5597 tuamque
736 5535 928 5583 contra
971 5528 1170 5597 impios
1199 5528 1336 5582 iram
1366 5526 1661 5594 cohibeas;
1691 5535 1746 5579 at
1770 5541 1869 5597 ego
1900 5541 2015 5580 cer-

382 5614 385 5615 ⁷
444 5626 541 5674 ωε
566 5620 775 5689 judicio
800 5626 917 5684 tuo,
951 5620 1044 5689 qui
1077 5619 1260 5674 omnia
1286 5619 1576 5689 prospicis,
1611 5619 1745 5672 nihil
1777 5619 2019 5673 immune

452 5710 590 5774 fore,
646 5709 891 5777 supplico
942 5724 1244 5779 precorque
1292 5716 1349 5764 ut
1404 5708 1688 5775 exalteris,
1753 5716 2013 5780 tuamque

2123 4525 2265 4587 Ἕως
2296 4520 2388 4577 οὖν
2422 4523 2551 4576 πότε
2578 4522 2687 4599 ἄρα
2707 4523 3037 4595 προχωρήσῃ
3057 4522 3239 4585 αὐτοῖς
3256 4521 3428 4576 ταῦτα
3453 4517 3639 4579 noto-3a;

2133 4612 2291 4666 Ἀλλά
2325 4612 2433 4684 γὰρ
2466 4612 2566 4685 ἤδη
2608 4612 2732 4664 ποτὲ
2765 4611 2858 4665 ἐπὶ
2884 4610 2975 4665 τὸν
3009 4610 3209 4680 ὑψηλὸν
3241 4611 3450 4673 ἀναϐὰς
3472 4608 3557 4677 τῆς
3584 4605 3640 4657 δι-

2119 4706 2461 4778 καιοκρισίας
2515 4720 2606 4757 σου
2655 4702 2867 4775 θρόνον,
2915 4702 3197 4772 Ὑψώθητι
3238 4706 3272 4756 ό
3320 4702 3529 4771 κρίνων
3560 4696 3641 4764 τὴν

2120 4796 2257 4869 γῆν,
2280 4797 2393 4859 καὶ,
2421 4795 2649 4863 ἀπόδος
2677 4793 3084 4851 ἀνταπόδοσιν
3114 4793 3237 4860 τοῖς
3261 4789 3637 4862 ὑπερηφάνοιςν

2119 4890 2235 4959 τὴν
2270 4889 2450 4954 ἀξίαν
2492 4888 2693 4954 αὐτοῖς
2718 4886 3041 4953 ἀποδιδοὺς
3072 4886 3374 4956 τιμωρίαν.
3423 4884 3526 4936 Νῦν
3562 4878 3638 4946 γάρ

2122 4999 2215 5034 σου
2267 4981 2431 5036 αὑτοῦ
2495 4981 3072 5052 καταπεφρονήκασιν,
3127 4978 3203 5041 ὡς
3266 4976 3433 5046 μηδὲν
3486 4968 3638 5040 ὑψηλὸν

2120 5073 2353 5144 ἔχοντος,
2387 5073 2520 5144 μηδὲ
2553 5071 2804 5143 ὁρῶντος,
2840 5070 2971 5141 μηδὲ
3006 5069 3276 5140 κρίνοντος
3306 5067 3406 5138 τὴν
3435 5062 3542 5134 γῆν.
3576 5055 3637 5110 Διὸ

2120 5162 2215 5216 καὶ
2266 5162 2465 5237 ἄκριτα
2524 5162 2618 5214 καὶ
2667 5163 2977 5234 ἀπρονόητα
3025 5160 3387 5231 ὑπειλήφασιν
3428 5154 3550 5210 εἶναι
3592 5151 3638 5202 τὰ

2120 5253 2260 5307 κατά
2289 5254 2379 5306 τὸν
2414 5253 2617 5308 ἑαυτῶν
2654 5252 2784 5323 βίον.
2831 5253 2969 5306 Ἀλλ’
3017 5252 3126 5321 ἐγὼ
3153 5252 3254 5322 τῆς
3296 5248 3533 5309 ἀσεϐείας
3572 5243 3639 5295 αὖε

2120 5345 2228 5397 τῶν
2277 5344 2552 5416 ἀλλότριος
2600 5340 2736 5397 εἶναι
2777 5344 3083 5416 εὐχόμενος,
3120 5344 3435 5415 πέπεισμαι,
3485 5340 3552 5391 ὅτι
3593 5332 3637 5383 ὠ

2119 5436 2250 5498 Θεὸς
2276 5434 2626 5507 ὲκδικήσεων,
2659 5438 2693 5508 ἢ
2725 5436 2821 5490 καὶ
2872 5438 2937 5491 σὺ
2974 5431 3025 5489 εἶ
3066 5437 3095 5488 ὃ
3137 5435 3335 5507 κρίνων
3369 5435 3531 5486 πᾶσαν
3566 5423 3634 5493 ﬁt!

2120 5528 2241 5598 γῆν.
2272 5527 2338 5579 Εἰ
2365 5526 2474 5598 γὰρ
2519 5527 2613 5581 καὶ
2656 5531 2932 5592 ταπεινοῖς
2964 5528 3207 5594 σεαυτὸν,
3238 5525 3541 5597 χρηστότητι
3567 5514 3633 5570 καὶ

2120 5620 2284 5689 ἀνοχῇ
2333 5620 2426 5671 καὶ
2474 5620 2823 5691 μακροθυμίᾳ.
2868 5619 3163 5691 χρώμενος,
3211 5619 3419 5687 ἐπέχεις
3469 5628 3518 5666 τε
3561 5604 3631 5672 di"

2125 5708 2266 5764 κατά
2306 5708 2413 5762 τῶν
2457 5709 2665 5767 ἀσεϐῶν
2705 5712 2911 5790 ῥργήψ
2957 5708 3071 5766 ἀλλ’
3104 5708 3214 5778 ἐγὼ
3263 5704 3535 5765 πιστεύων.
3573 5697 3628 5749 δτι
