3830 6288
288 308 421 361 H97

1363 303 1555 358 (2031M
1567 307 1860 361 ΕΝΤΑΒΙᾹ
1905 307 1969 362 ΙΝ
2011 305 2343 364 PSiLMOS.

3331 315 3512 368 1298

287 421 430 473 οὐδὲν
477 420 625 473 ἔσται
663 421 880 490 ἄκριτον
927 420 1020 472 σοῦ
1067 423 1366 492 ἐφορῶντος
1412 422 1479 472 τὰ
1532 423 1842 490 σύμπαντα,

1950 425 2373 494 magnitudinem
2418 441 2480 479 ac
2510 426 2725 482 deitatis
2767 436 2873 484 tua
2912 427 3300 487 sublimitatem
3333 433 3514 484 omni-

287 511 508 564 ἱκετεύω
536 513 628 565 καὶ
653 512 838 581 δέομαι
859 512 1136 582 ὑψωθῆναί
1167 531 1226 566 σε
1254 515 1346 566 καὶ
1373 513 1541 577 δεῖξαι
1569 515 1679 575 τοῖς
1707 516 1839 565 πᾶσι

284 603 338 654 τὸ
363 603 558 656 οἰκεῖόν
579 620 669 656 σου
703 605 928 674 μέγεθος
951 608 1042 658 καὶ
1065 607 1123 658 τὸ
1157 605 1287 674 ὕψος
1314 606 1412 675 τῆς
1439 605 1688 672 θεότητος
1715 623 1806 658 σου
1824 623 1837 635 ·

279 697 425 758 ὅπως
468 696 565 766 ἤδη
601 697 728 748 ποτέ
758 697 1065 750 παύσωνται
1101 699 1150 750 οί
1195 697 1511 769 ἁμαρτωλοὶ
1556 697 1843 764 ἐναϐρυνό-

279 803 430 854 μενοι
477 788 568 840 καὶ
614 788 1017 858 ἐγ-καυχὼμενοι
1065 789 1156 842 ἐπὶ
1191 792 1351 843 πᾶσιν
1404 784 1483 851 οἷς
1518 788 1844 858 παρανόμως

275 875 716 946 διαπράττονται..

351 965 462 1017 Τὸν
482 968 640 1019 ,λαόν
687 975 823 1031 σού,
872 970 1069 1036 Κύριε,
1119 969 1545 1034 ἐταπείνωσαν,
1585 970 1680 1024 καὶ
1738 968 1846 1036 τὴν

279 1059 682 1125 κληρονομίαν
731 1074 852 1112 σου
902 1059 1234 1114 ἐκάκωσαν.
1282 1060 1486 1128 Χήραν
1528 1060 1626 1114 καὶ
1667 1075 1851 1128 προσ-

278 1145 504 1212 ήλυτον
517 1148 891 1213 ἀπέκτειναν,
910 1149 1007 1203 καὶ
1026 1151 1322 1219 ὀρφανοὺς
1347 1152 1706 1220 ἐφόνευσαν.
1735 1152 1844 1206 Καὶ

279 1231 474 1299 εἶπαν,
509 1240 629 1291 οὑκ
655 1238 861 1316 ὄψεται
884 1241 1114 1308 Κύριος,
1147 1239 1287 1293 οὐδὲ
1321 1241 1580 1307 συνήσει
1629 1245 1662 1295 ό
1705 1243 1848 1307 Θεὸς

281 1329 387 1382 τοῦ
441 1329 655 1385 Ἰακώϐ.
693 1331 807 1384 Ubi:
848 1332 1030 1402 ἤρκει,
1071 1331 1204 1401 φησὶ
1253 1334 1365 1396 τοῖς
1404 1334 1747 1405 ἁμαρτωλοῖς
1789 1335 1849 1388 τὸ

280 1423 357 1485 εἰς
383 1425 579 1485 αὐτοὺς
613 1424 964 1494 ἁμαρτάνειν,
1003 1425 1115 1478 ἀλλ’
1139 1427 1244 1498 ἠδη
1278 1425 1474 1496 καὶτῷ
1509 1427 1586 1497 σῷ
1617 1428 1729 1499 λαῷ
1754 1430 1848 1481 καὶ

275 1516 342 1584 τῇ
375 1517 440 1584 σῇ
484 1515 777 1585 Ἐκκλησία
812 1516 1203 1588 ἐπανέστησαν,
1241 1518 1365 1581 τοὺς
1414 1518 1510 1587 μὲν
1534 1517 1850 1572 ταπεινοῦν-

275 1621 385 1666 τες,
420 1604 546 1668 τοὺς
587 1606 639 1656 δὲ
676 1604 989 1668 κακοῦντες,
1023 1608 1148 1668 τοὺς
1175 1605 1230 1659 δὲ
1261 1607 1534 1670 παντελῶς
1561 1609 1848 1679 ἀναιροῦν-

275 1711 384 1756 τες.
423 1696 533 1748 Καὶ
575 1695 745 1748 ταῦτα
795 1697 934 1748 κατὰ
973 1697 1066 1749 τοῦ
1094 1697 1186 1749 σοῦ
1229 1697 1380 1757 λαοῦ,
1433 1692 1478 1751 ὦ
1533 1698 1724 1768 Κύριε,
1754 1699 1850 1752 καὶ

1942 516 2044 569 bus
2077 515 2367 579 exhibeas;
2400 525 2457 569 ιιι
2489 519 2568 570 rel
2602 535 2723 572 sero
2756 521 2970 574 tandem
3003 533 3316 591 peccatores
3351 520 3510 574 finem

1946 605 2147 658 faciant
2203 608 2511 661 luxuriandi
2557 625 2622 662 ac
2669 611 2937 679 gloriandi
2966 612 3034 668 de
3083 615 3340 670 omnibus
3390 629 3513 684 qua:

1944 698 2188 767 improbe
2214 710 2547 769 perpetrant.

2018 956 2182 1014 Vens.
2217 960 2329 1014 5-7.
2387 961 2648 1031 Populum
2703 975 2869 1032 tuum,
2920 969 3154 1035 Domine,
3202 975 3514 1030 humiliatu-

1946 1061 2091 1111 runt,
2137 1059 2188 1102 et
2227 1052 2586 1107 [nereditatem
2617 1064 2760 1109 tuam
2787 1074 3119 1118 vexaverant.
3178 1064 3400 1121 Viduam
3461 1081 3512 1122 et

1948 1140 2200 1195 advenam
2237 1145 2627 1212 interfecerunt,
2662 1158 2710 1201 et
2761 1153 3020 1217 orphanos
3067 1156 3387 1214 occiderunt.
3443 1159 3512 1212 Et

1947 1223 2234 1279 dixerunt:
2273 1226 2390 1280 Non
2423 1231 2614 1284 videbit
2651 1231 2930 1303 Dominus,
2965 1254 3056 1291 nec
3087 1241 3337 1312 intelliget
3375 1244 3512 1300 Deus

1945 1321 2134 1378 Iacob.
2169 1324 2284 1379 Non
2316 1335 2457 1384 erat.
2485 1328 2680 1394 inquit,
2714 1336 3092 1399 peccatoribus
3121 1336 3174 1390 in
3209 1354 3267 1392 se
3291 1355 3514 1407 [DCCCM‘O

1949 1417 2114 1486 satis;
2141 1419 2255 1486 jam
2286 1434 2414 1473 vero
2461 1421 2514 1473 in
2559 1423 2816 1491 populum
2854 1434 3004 1478 tuum
3042 1437 3098 1482 et
3130 1429 3186 1482 in
3217 1429 3512 1488 Ecclesium

1951 1517 2098 1562 tuam
2133 1512 2567 1577 insurrexerunt,
2597 1515 2736 1570 alios
2768 1517 3139 1580 humiliantcs.
3165 1524 3301 1578 alios
3322 1543 3518 1581 vexan-

1952 1607 2054 1665 tes,
2087 1601 2224 1672 alios
2257 1618 2482 1672 prorsus
2528 1606 2860 1660 occidentes.
2890 1607 2951 1661 lit
2979 1609 3098 1664 haec
3128 1621 3318 1666 contra
3344 1631 3514 1685 popu-

1953 1685 2062 1739 lnm
2098 1697 2272 1752 tuum,
2324 1689 2568 1756 Domine,
2617 1701 2672 1746 et
2721 1705 2909 1750 contra
2944 1697 3308 1754 hmreditatem
3369 1713 3516 1758 tuam

279 1786 417 1838 κατὰ
454 1785 553 1854 τῆς
587 1788 682 1857 σῆς
733 1786 1090 1858 κληρονομίας
1133 1789 1516 1860 τετολμήκασι,
1567 1793 1843 1860 μονονουχὶ

1950 1779 2167 1847 aggredi
2200 1781 2318 1835 ausi
2352 1791 2499 1840 sunt.
2533 1792 2738 1838 tantum
2770 1803 2882 1842 non
2917 1789 3079 1858 impia
3109 1797 3163 1845 et
3199 1791 3518 1860 blasphcma

279 1879 342 1931 τὰ
369 1880 535 1949 ἀσεϐῆ
570 1880 661 1931 καὶ
691 1879 984 1948 βλάσφημα
1012 1879 1136 1948 περὶ
1172 1879 1262 1931 σοῦ
1300 1880 1637 1951 φρονοῦντες.
1677 1877 1842 1934 Εἶπον

277 1970 385 2040 γὰρ
434 1971 490 2022 ἐν
531 1971 741 2032 ἑαυτοῖς
792 1970 986 2032 ἁσεόἐς
1025 1969 1400 2040 λογισάμενοι·
1462 1973 1582 2025 Οὐκ
1635 1972 1845 2040 ὄψεται

278 2063 510 2130 Κύριος,
556 2061 696 2115 οὐδὲ
751 2061 1010 2129 συνήσει
1059 2064 1091 2114 ό
1128 2061 1270 2126 Θεὸς
1321 2060 1425 2115 τοῦ
1469 2061 1690 2116 Ἰακώϐ.
1733 2064 1842 2128 Διὸ,

276 2153 350 2218 ὡς
397 2155 468 2224 μὴ
519 2153 839 2225 ἐφορῶντος,
879 2155 1008 2224 μηδὲ
1046 2155 1313 2215 συνιέντος
1345 2151 1460 2216 σοῦ,
1507 2154 1575 2207 τὰ
1615 2155 1846 2208 τοσαῦτα

277 2243 408 2315 δρᾷν
437 2245 771 2316 ἐπιχειροῦσι
815 2247 954 2298 κατὰ
987 2245 1080 2298 τοῦ
1111 2246 1239 2298 λαοῦ
1284 2263 1398 2309 σου,
1439 2248 1534 2300 καί
1565 2246 1705 2300 κατὰ
1749 2249 1847 2317 τῆς

275 2336 635 2406 κληρονομίας
664 2354 777 2400 σου,
805 2337 946 2390 κατά
972 2355 1030 2390 τε
1059 2338 1243 2408 χηρῶν
1273 2339 1364 2390 καὶ
1386 2338 1735 2409 προσηλύτων
1757 2340 1848 2391 καὶ

243 2428 552 2496 ύρφανῶν,
603 2429 709 2481 τῶν
757 2431 896 2482 κατὰ
943 2429 1277 2499 ἀνθρώπειον
1329 2430 1703 2500 amputatum
1756 2430 1848 2482 καὶ

274 2520 612 2591 ἁϐοηθήτων.
640 2523 713 2572 Οὐ
739 2520 988 2574 τοσοῦτον
1008 2522 1063 2574 δὲ
1091 2523 1208 2574 κατ’
1228 2522 1450 2574 ἐκείνων
1474 2522 1621 2574 ταῦτ’
1649 2522 1849 2591 ἔπρατ-

274 2629 384 2677 τον,
415 2613 536 2664 ὄσον
585 2613 724 2666 κατὰ
772 2612 885 2676 σοῦ,
922 2606 966 2665 ὦ
1018 2613 1223 2684 Κύριε·
1275 2612 1366 2665 σοῦ
1397 2613 1501 2684 γὰρ
1545 2609 1684 2684 ἦσαν
1723 2613 1848 2675 λαὸς

273 2705 368 2758 καὶ¹
404 2704 497 2758 σοῦ
532 2704 864 2776 κληρονομία
896 2707 944 2758 oi
989 2703 1486 2775 καταπονούμενοι·
1533 2706 1627 2758 καὶ
1660 2707 1737 2769 είς
1787 2705 1847 2757 σὲ

276 2796 718 2867 βλασφημοῦντες
747 2799 840 2850 καὶ
866 2796 1184 2860 ἀσεϐοῦντες
1223 2798 1271 2848 οἱ
1297 2796 1726 2860 καταπονοῦντες
1751 2798 1849 2850 αὒ-

268 2890 397 2952 τοὺς
425 2887 576 2942 ταῦτ’
609 2886 928 2956 ἐλογίζοντο,
965 2888 1040 2952 ὼς
1085 2890 1185 2942 οὐκ
1229 2889 1380 2950 ὄντος
1412 2887 1529 2950 σοῦ,
1578 2888 1684 2941 οὐδ’
1727 2890 1851 2957 ἐφο-

239 3011 246 3014 -
274 2982 496 3053 ρῶντος,
531 2982 650 3034 οὐδὲ
695 2981 984 3043 συνιέντος,
1037 2979 1154 3033 οὐδὲ
1202 2978 1542 3043 ἐκδικοῦντος
1577 2979 1646 3033 τὰ
1679 2997 1852 3051 πρατ-

271 3073 494 3145 τόμενα.
547 3074 637 3125 Διὸ
679 3074 901 3136 εἰκότως
948 3071 1082 3143 ἔφην
1139 3072 1448 3142 εὐχόμενος,
1499 3071 1651 3137 ’Έως
1703 3072 1847 3126 πότε

269 3160 626 3228 ἁμαρτωλοί,
672 3162 879 3227 Κύριε,
939 3160 1043 3223 ἓως
1107 3160 1236 3212 πότε
1303 3159 1615 3231 διαμενοῦσι
1677 3161 1846 3215 ταῦτα

272 3253 591 3318 ποιοῦντεςς
626 3255 765 3306 Λαόν
800 3270 856 3305 τε
887 3253 979 3305 καὶ
1017 3251 1377 3323 κληρονομίαν
1404 3251 1539 3304 Θεοῦ
1577 3252 1680 3323 χρὴ
1709 3255 1848 3307 νοεῖν

272 3345 442 3398 πάλαι
477 3345 575 3415 μὲν
601 3344 659 3397 τὸ
700 3343 968 3397 Ἰουδαίων
1020 3343 1190 3406 ἔθνος,
1231 3344 1352 3396 ἐπεὶ
1378 3343 1632 3413 ἐγενήθη
1677 3344 1847 3413 μερίς

270 3437 494 3506 Kvplov
531 3435 679 3501 λαὸς
711 3435 896 3489 αὑτοῦ
937 3433 1152 3499 Ἰακὼϐ,
1191 3436 1520 3506 σχοίνισμα
1559 3439 1847 3504 κληρονο-

263 3528 413 3596 μίας
458 3527 644 3580 αὐτοῦ
695 3527 950 3595 Ἰσραήλ.
991 3528 1148 3582 Μετὰ
1190 3527 1248 3581 δὲ
1295 3528 1394 3599 τὴν
1438 3528 1662 3580 ἐκείνων
1713 3528 1848 3580 ἀπο-

265 3620 454 3691 ϐολὴν,
484 3620 550 3690 ἢν
594 3619 888 3691 παρίστησι
922 3620 1258 3691 προφητικὸς
1307 3638 1392 3684 τις
1422 3621 1596 3688 λόγος,
1631 3622 1809 3691 φήσας
1829 3638 1842 3652 ·

285 3713 782 3782 Ὲγκατιιλέλοιπα
824 3710 933 3764 τὸν
958 3707 1128 3765 οἶκόν
1147 3729 1286 3780 μου,
1327 3711 1532 3780 ἀφῆκα
1562 3713 1677 3779 τὴν
1704 3716 1847 3778 κλη-

259 3805 558 3872 ρονομίαν
598 3819 751 3871 μου·
799 3803 916 3854 νέον
959 3801 1084 3855 λαὸν
1116 3802 1207 3854 τὸν
1249 3802 1308 3866 ἐξ
1353 3801 1521 3854 ἐθνῶν
1554 3803 1669 3857 ἀντ’
1704 3803 1846 3856 ἐκεί-

269 3914 378 3949 νων
412 3895 620 3964 εἰσάγει
653 3892 962 3955 ἀκολούθως
1003 3893 1162 3964 ἑτέρα
1212 3894 1516 3964 προφητεία
1563 3896 1640 3956 είς
1678 3893 1844 3961 πρόσ-

263 4002 416 4038 ωπον
463 3984 556 4037 τοῦ
588 3984 823 4055 Χριστοῦ
855 3985 1154 4054 φάσκουσα·
1195 3984 1447 4051 Αἵτησαι
1497 3985 1632 4050 παρ’
1677 3985 1842 4052 ἐμοῦ,

265 4077 369 4128 καὶ
410 4074 579 4128 δώσω
633 4092 730 4128 σοι
768 4075 910 4142 ἔθνη
959 4075 1072 4142 τὴν
1102 4074 1504 4142 κληρονομίαν
1544 4090 1682 4136 σου,
1736 4075 1833 4126 καὶ

264 4167 385 4237 τὴν
411 4167 783 4234 κατάσχεσίν
811 4184 927 4221 σου
959 4169 1031 4221 τὰ
1057 4166 1280 4234 πέρατα
1306 4165 1417 4232 τῆς
1454 4164 1587 4234 γῆς.

338 4261 559 4314 Σύνετε
580 4259 654 4327 δὴ
685 4258 942 4327 ἄφρονες
970 4259 1038 4311 ἐν
1076 4256 1156 4323 τῷ
1184 4255 1331 4322 λαῷ,
1361 4257 1460 4310 καὶ
1488 4257 1672 4324 μωροί
1697 4271 1840 4308 ποτε

264 4349 630 4419 φρονήσατε.
692 4351 744 4402 '0
772 4390 774 4392 -
804 4351 1112 4419 φυτεύσας
1169 4350 1233 4402 τὸ
1280 4345 1390 4414 οὖς
1439 4350 1549 4401 οὐκ
1599 4349 1847 4401 ἀκούσε-

1948 1870 2014 1924 de
2047 1881 2098 1925 te
2127 1873 2443 1928 sentientes.
2486 1875 2538 1927 In
2571 1877 2766 1946 seipsis
2810 1895 3043 1949 namque
3076 1881 3519 1954 dixeruntimpie

1948 1963 2274 2031 cogitantes,
2312 1963 2435 2019 Non
2462 1968 2648 2020 ridebit
2681 1968 2958 2035 Dominus,
2985 1989 3076 2026 nec
3096 1974 3350 2045 intelliget
3374 1977 3519 2031 Deus

1945 2048 2133 2105 Jacob.
2168 2051 2556 2120 Quainonrem,
2588 2059 2748 2126 quasi
2786 2066 2836 2113 te
2868 2077 2968 2114 nec
2994 2065 3206 2118 vidente
3235 2067 3519 2120 necintcl-

1949 2139 2168 2210 ligente,
2208 2142 2335 2195 talia
2387 2142 2628 2199 facinora
2672 2148 2975 2204 moliuntur
3023 2161 3213 2206 contra
3256 2158 3519 2224 p0pnlnm

1948 2239 2101 2284 tuum
2138 2241 2192 2287 et
2233 2233 2606 2291 haereditatem
2655 2249 2825 2303 tuam,
2859 2251 3047 2296 contra
3097 2245 3311 2309 viduas,
3354 2248 3518 2304 adre-

1949 2338 2049 2377 nas
2073 2332 2126 2379 et
2159 2326 2457 2394 orphanos,
2481 2329 2571 2397 qui
2605 2332 2749 2383 omni
2797 2334 3034 2388 humano
3063 2337 3312 2393 subsidio
3339 2347 3392 2394 et
3418 2357 3517 2409 pa-

1948 2419 2181 2472 trocinio
2204 2429 2414 2474 carent.
2448 2420 2632 2490 Neque
2663 2432 2771 2477 tam
2808 2435 2999 2480 contra
3026 2429 3167 2492 illos,
3200 2447 3362 2500 quam
3385 2450 3517 2488 con-

1949 2517 2032 2564 tra
2061 2519 2136 2573 te,
2170 2512 2419 2573 Domine.
2453 2513 2568 2568 haec
2606 2520 2993 2586 perpetrabant
3026 2540 3038 2575 :
3074 2539 3194 2575 nam
3229 2527 3321 2594 qui
3350 2543 3515 2580 vexa-

1949 2600 2170 2663 bantur,
2202 2605 2436 2671 populus
2469 2616 2595 2661 tuus
2625 2617 2678 2661 et
2707 2607 2992 2664 lia-reditas
3019 2619 3110 2664 tua
3136 2622 3321 2679 erant;
3355 2623 3520 2684 atque

1951 2691 2009 2754 ii,
2051 2693 2142 2763 qui
2184 2694 2309 2749 illos
2348 2699 2748 2765 opprimebant,
2785 2701 2852 2754 de
2897 2709 2950 2756 te
2981 2704 3294 2774 blaspheme
3330 2717 3387 2762 et
3417 2709 3520 2764 im-

1949 2783 2038 2852 pia
2064 2785 2362 2842 sentientes
2387 2787 2501 2842 haec
2526 2790 2857 2858 cogitabant,
2889 2807 2955 2846 ac
2983 2794 3029 2848 si
3058 2809 3166 2849 non
3196 2798 3514 2864 exsisteret,

1950 2891 2051 2930 nec
2080 2876 2319 2942 videres,
2351 2893 2453 2932 nec
2499 2879 2850 2950 intelligeres,
2880 2900 3058 2954 neque
3103 2887 3230 2943 talia
3274 2889 3517 2946 facinora

1951 2968 2322 3026 ulciscereris.
2356 2970 2768 3042 Quocircajure
2796 2976 2869 3028 ita
2895 2978 3158 3047 precabar
3189 2996 3202 3031 :
3240 2979 3518 3054 Usquequo

1948 3071 2271 3127 peccatores,
2309 3061 2554 3128 Domine,
2587 3080 2870 3135 usquequo
2912 3069 3040 3122 talia
3072 3080 3294 3140 agentes
3331 3089 3520 3129 mane-

1873 3129 1915 3186 ο
1947 3151 2126 3206 bunt?
2170 3153 2435 3224 Populum
2479 3171 2610 3210 vero
2651 3129 2705 3212 et
2749 3129 3136 3216 luereditatemv
3188 3163 3280 3218 Dei
3325 3173 3520 3234 putare

1947 3244 2221 3307 convenit,
2253 3245 2380 3298 olim
2405 3249 2621 3315 quidem
2648 3247 2928 3304 Judaicam
2952 3259 3188 3321 gentem,
3221 3255 3347 3324 quia
3370 3257 3521 3327 facta

1946 3343 2024 3388 est
2051 3335 2223 3402 portio
2256 3334 2468 3390 Domini
2495 3338 2716 3406 populus
2746 3340 2860 3408 ejus
2893 3338 3084 3407 Iacob,
3112 3343 3384 3412 funiculus
3417 3348 3522 3402 lia:-

1948 3427 2187 3482 reditatis
2215 3427 2328 3497 ejus
2357 3428 2530 3484 Israel
2552 3432 2616 3486 “.
2649 3431 2781 3487 Post
2828 3448 3017 3488 eorum
3063 3451 3193 3491 vero
3219 3441 3517 3509 repulsam,

1947 3536 2112 3588 quam
2144 3521 2223 3574 sic
2257 3521 2502 3575 declarat
2531 3524 2878 3594 propheticus
2911 3526 3130 3595 quidam
3178 3546 3382 3594 sermo,
3413 3533 3520 3587 De-

1947 3612 2135 3680 reliqui
2183 3611 2396 3667 domum
2423 3631 2612 3676 meum,
2643 3615 2824 3670 dimisi
2865 3617 2934 3669 lia
2949 3617 3222 3674 reditatem
3260 3624 3519 3689 nteant“,

1948 3704 2195 3772 ipsorum
2241 3707 2358 3760 loco
2412 3723 2617 3760 novum
2659 3706 2928 3777 populum
2951 3726 3016 3763 ex
3049 3713 3302 3778 gentibus
3325 3730 3518 3770 conse-

1948 3806 2182 3864 quenter
2205 3798 2414 3851 inducit
2439 3799 2543 3851 alia
2564 3801 2866 3869 pr0phetia,
2887 3817 3008 3870 qua:
3026 3803 3078 3855 in
3105 3819 3334 3872 persona
3358 3807 3520 3862 Chri-

1947 3888 2022 3941 sti
2067 3888 2138 3940 ita
2174 3889 2451 3956 loquitur:
2482 3889 2709 3944 l’ostula
2742 3908 2774 3944 a
2805 3909 2904 3956 me,
2953 3904 3001 3948 et
3025 3895 3164 3951 dabo
3207 3897 3302 3950 tibi
3340 3911 3516 3968 gentes

1947 3977 2306 4033 liwreditateiii
2372 3991 2538 4044 tuam,
2581 3990 2631 4034 et
2661 3985 3040 4050 possessionem
3087 3996 3232 4041 tuam
3269 3991 3516 4044 terminos

1949 4079 2102 4122 terra:
2119 4069 2182 4122 “.
3145 4088 3149 4090 ‘

2021 4240 2184 4300 Vsus.
2217 4246 2365 4300 8-H.
2422 4247 2708 4320 lntetligite
2761 4252 3062 4321 insipientes
3114 4260 3171 4310 in
3220 4257 3433 4326 populo,
3467 4266 3516 4310 et

1947 4335 2102 4389 stulti
2150 4338 2436 4408 aliquando
2484 4345 2671 4410 sapite.
2709 4343 2814 4410 Qui
2842 4347 3103 4414 plantavit
3151 4365 3354 4414 aurem,
3413 4365 3518 4403 non

262 4459 401 4507 tat;
436 4441 474 4510 ἢ
509 4446 542 4495 ὁ
573 4441 817 4507 πλάσας
846 4442 952 4494 τὸν
993 4440 1304 4510 ὀφθαλμὸν
1326 4441 1396 4492 οὐ
1428 4438 1736 4501 κατανοεῖ;
1780 4438 1843 4490 '0

1950 4427 2172 4484 audiet?
2205 4443 2296 4483 aut
2331 4434 2420 4502 qui
2462 4435 2618 4501 finxit
2649 4437 2878 4501 oculum,
2915 4456 3016 4492 non
3055 4439 3390 4496 considerat?
3413 4440 3513 4506 Qu:

260 4535 565 4587 παιδεύων
608 4533 751 4600 ἔθνη
811 4531 947 4600 οὐχί
1003 4530 1251 4598 ἐλέγξει,
1310 4533 1340 4582 ό
1381 4527 1686 4610 διδάσκων
1733 4528 1841 4580 ἆν-

260 4632 504 4694 θρωπον
559 4623 784 4694 γνῶσιν
797 4624 1047 4691 ;Κύριος
1094 4622 1372 4690 γινώσκει
1405 4619 1546 4684 τοὺς
1573 4619 1840 4688 διαλογι-

259 4714 462 4784 σμοὺς
488 4713 604 4767 τῶν
636 4712 978 4780 ἀνθρώπων,
1026 4711 1114 4763 ὅτι
1149 4711 1266 4762 εὶσὶ
1289 4709 1541 4778 μάταιοι.
1587 4708 1841 4767 Ἀποδυσ-

259 4810 508 4876 πετήσας
559 4806 652 4857 καὶ
703 4795 1058 4874 ἀνθρωπίνως
1103 4801 1588 4870 ἁποκλαυσάμενος
1631 4800 1660 4852 ὁ
1690 4800 1832 4870 Προ-

259 4906 443 4968 φήτης
473 4897 600 4964 περὶ
641 4895 746 4948 τῶν
774 4899 886 4957 τοῖς
915 4895 1133 4947 ἀσεϐέσι
1179 4893 1564 4964 τολμωμένων,
1600 4889 1836 4961 εὐξάμε-

256 4991 355 5050 νός
403 5006 462 5040 τε
516 4989 610 5041 καὶ
660 4985 849 5040 εἰπών·
905 4987 1186 5054 Ὑψώθητι
1227 4989 1258 5038 o'
1290 4982 1643 5053 κρίνωντὴν
1692 4981 1838 5052 γῆν,

255 5078 491 5142 ἀπόδος
529 5077 936 5130 ἀνταπόδοσιν
976 5075 1097 5140 τοῖς
1126 5075 1527 5143 ὑπερηφάνοις
1547 5091 1558 5101 ·
1584 5071 1718 5124 ἀλλὰ
1747 5073 1840 5126 καὶ

253 5169 338 5232 ὡς
363 5171 692 5240 ἀνακινήσας
717 5168 805 5221 τὸν
829 5167 980 5231 Θεὸν,
1007 5167 1101 5219 καὶ
1131 5166 1399 5236 διεγείρας
1425 5163 1511 5217 διὰ
1533 5162 1625 5217 τοῦ
1652 5161 1835 5231 φάναι·

263 5261 381 5314 Τὸν
405 5263 552 5313 λαόν
562 5276 677 5313 σου
709 5259 805 5312 καὶ
822 5258 936 5325 τὴν
956 5257 1362 5326 κληρονομίαν
1389 5271 1504 5310 σου
1520 5253 1839 5308 ἐκάκωσαν

253 5353 363 5405 καὶ
395 5354 826 5413 ἐταπείνωσαν,
861 5349 962 5403 καὶ
994 5346 1188 5410 εἶπαν,
1221 5351 1330 5402 οὐκ
1361 5348 1571 5416 ὄψεται
1596 5347 1830 5414 Κύριος,

253 5443 405 5496 οὐδὲ
419 5442 679 5508 συνήσει
697 5447 727 5496 ό
748 5442 890 5508 Θεὸς
901 5443 1008 5496 τοῦ
1024 5439 1246 5496 Ἰακώϐ·
1275 5439 1720 5510 ἐμπίπλαταιτῆς
1738 5437 1831 5490 τοῦ

169 5583 180 5592 ,
255 5534 420 5603 ἁγίου
452 5534 763 5604 Πνεύματος
789 5534 1088 5604 δυνάμεως,
1127 5531 1221 5584 καὶ
1249 5530 1324 5595 ὼς
1354 5531 1490 5602 πρὸς
1527 5530 1650 5592 τοὺς
1679 5528 1831 5599 εἰρη-

337 5693 383 5724 δῖ
426 5689 583 5744 Deut.
617 5706 795 5753 suam,
825 5691 878 5743 9.

1911 4566 1915 4570 .
1949 4519 2356 4588 corripitgentes
2399 4539 2500 4576 non
2536 4537 2738 4594 arguet,
2771 4529 2858 4597 qui
2887 4528 3034 4582 ducet
3052 4530 3311 4584 hominem
3344 4532 3513 4585 scien—

1951 4607 2126 4660 tiam?
2159 4608 2413 4665 Dominus
2445 4615 2539 4666 scit
2570 4617 2903 4684 cogitationes
2943 4617 3232 4682 hominum,
3267 4621 3514 4689 quoniam

1949 4716 2098 4753 vana:
2131 4712 2272 4756 sunt.
2305 4702 2600 4775 Postquam
2633 4709 2919 4776 impiorum
2951 4726 3118 4766 ausus
3144 4726 3288 4780 aegre
3333 4711 3512 4766 ferens

1946 4791 2213 4862 Propheta
2243 4796 2482 4851 humano
2523 4815 2672 4853 more
2702 4801 2950 4867 deﬂevit,
2981 4816 3044 4855 ac
3062 4811 3313 4871 precatus
3343 4805 3511 4858 dixit:

1945 4882 2224 4949 Exaltare,
2258 4890 2347 4957 qui
2384 4889 2598 4957 judicas
2648 4899 2842 4944 terram
2868 4931 2881 4956 ,
2914 4891 3070 4946 redde
3124 4893 3516 4948 retributionem

1943 4981 2216 5047 superbis;
2255 4983 2347 5037 sed
2378 4988 2536 5038 etiam
2577 4985 2745 5040 Deum
2782 4988 2937 5056 quasi
2961 4991 3254 5044 commovit
3284 4997 3338 5043 et
3367 4990 3515 5044 exci-

1913 5115 1916 5118 .
1944 5073 2078 5126 tavit
2111 5075 2195 5129 his
2222 5077 2430 5131 verbis:
2455 5077 2715 5146 Populum
2746 5089 2892 5132 tuum
2914 5090 2962 5134 et
2983 5080 3345 5136 liwreditatem
3367 5091 3514 5135 tuam

1941 5177 2253 5218 vexaverant
2284 5176 2332 5220 et
2360 5167 2766 5222 lmmiliaverunt
2788 5212 2802 5235 ,
2833 5181 2882 5224 et
2935 5172 3202 5235 dixerunt,
3234 5189 3335 5226 non
3369 5172 3512 5228 vide-

1941 5255 2013 5306 bit
2037 5253 2317 5322 Dominus,
2342 5274 2432 5310 nec
2453 5259 2706 5329 intelliget
2738 5261 2878 5315 Deus
2896 5261 3101 5327 Iacob;
3131 5261 3370 5333 Spiritus
3393 5280 3516 5319 san~

1940 5346 2014 5399 cti
2065 5348 2262 5403 virtute
2295 5349 2569 5416 repletur,
2604 5361 2656 5405 et
2708 5354 2865 5421 quasi
2915 5355 3266 5424 responderet
3315 5357 3382 5411 iis
3419 5356 3512 5425 qui

1941 5439 2189 5492 dixerant
2220 5459 2231 5493 :
2266 5438 2388 5494 Non
2426 5441 2614 5495 videbit
2647 5442 2943 5515 Dominus,
2967 5461 3057 5499 nec
3092 5445 3346 5518 intelliget
3370 5446 3516 5502 Deus

1940 5526 2128 5592 Jacob,
2159 5529 2238 5584 sic
2299 5529 2538 5598 loquitur
2570 5551 2582 5585 :
2633 5530 2698 5585 Et
2747 5533 3055 5602 quomodo,
3109 5547 3144 5590 ο
3175 5549 3302 5589 vere
3335 5542 3516 5592 mento

954 5689 1002 5720 ⁸⁵
1037 5685 1234 5742 Jerem.
1273 5701 1371 5749 xu,
1405 5685 1453 5739 7.
1531 5684 1575 5714 ⁸⁸
1614 5680 1758 5735 Psal.
1790 5697 1852 5744 ιι,
1885 5679 1937 5734 8.
