3830 6288
451 273 586 328 4199

1109 274 1372 329 EUSEBH
1395 276 1888 333 CJESARIENSIS
1926 276 2075 332 OPP.
2119 279 2298 334 PARS
2334 278 2420 334 ΙΙΙ.
2465 311 2532 319 -
2560 277 2970 334 EXEGETICA.

3473 282 3574 340 non

447 390 600 454 caeci,
636 397 811 460 potest
839 405 948 444 non
982 389 1162 445 videre
1189 400 1242 444 et
1275 409 1380 446 non
1417 392 1622 455 audire,
1645 395 1736 462 qui
1767 395 1879 448 haec
1899 409 1995 448 non

2110 397 2290 460 κότας·
2309 399 2425 449 Οὐκ
2439 397 2642 464 ὄψεται
2659 399 2691 449 ὁ
2703 397 2930 464 Κύριος,
2947 394 3086 448 οὐδὲ
3101 394 3339 460 συνήσει
3349 398 3377 450 ό
3391 397 3499 464 Θεὸς
3509 403 3584 454 τοῦ

447 484 772 539 habentibus
810 477 1084 554 impertit?
1117 482 1248 536 Nam
1302 485 1348 536 is
1392 492 1539 537 certe
1578 485 1671 554 qui
1707 485 1830 538 aliis
1857 485 2010 554 quid-

445 573 588 644 piam
618 573 918 643 elargitur,
978 575 1128 642 prior
1177 574 1361 642 utique
1413 572 1574 628 habet
1620 587 1682 628 ea
1730 589 1852 643 quae
1888 577 2009 630 aliis

445 664 830 719 communicat.
874 662 968 718 Est
1021 679 1182 734 porro
1225 680 1402 719 sermo
1429 665 1724 734 syllogismi
1761 667 1866 720 ritu
1893 681 2010 735 pio-

446 753 588 810 latus
645 764 698 809 et
758 757 1118 810 concinnatus
1177 756 1243 810 ad
1305 757 1653 826 providentia:
1700 756 2008 812 doctrinam

443 846 922 916 comprobandam.
972 846 1075 900 Par
1117 855 1293 900 autem
1332 855 1447 899 erat
1475 847 1540 901 iis
1569 848 1804 901 maxime
1857 848 2007 901 Scri-

441 946 614 1008 ptume
641 937 839 992 divina:
863 938 994 992 locis
1017 939 1252 992 animum
1282 937 1557 1001 adhibere,
1584 945 1642 992 ut
1667 938 2005 999 ostendatur,

437 1045 550 1084 non
583 1030 794 1084 ratione
839 1045 1062 1084 vacuam
1108 1031 1180 1083 ibi
1226 1030 1383 1083 fidem
1432 1030 1590 1085 nobis
1640 1030 1861 1094 offerri,
1911 1029 2005 1085 scd

437 1123 604 1177 claris
634 1122 935 1176 ratiociniis
989 1129 1041 1176 et
1094 1122 1648 1182 demonstrationibus
1685 1123 1870 1194 logicis
1915 1123 2007 1177 do-

434 1212 628 1264 ctrinae
654 1213 963 1267 testimonia
991 1211 1258 1266 exhiberi.
1295 1213 1559 1266 Sescenta
1591 1221 1769 1266 autem
1802 1214 2004 1268 similia

437 1301 493 1354 in
520 1301 692 1356 sacris
719 1301 904 1357 Bibliis
933 1317 1231 1370 conspersa
1259 1310 1407 1356 sunt.
1443 1302 1784 1373 Syllogismis
1823 1305 2005 1374 itaque

435 1390 633 1459 impios
661 1400 715 1443 et
750 1391 942 1445 atheos
983 1390 1248 1453 confutat,
1273 1392 1364 1460 qui
1393 1390 1644 1446 dicebant
1694 1392 1859 1447 Deum
1909 1393 2005 1447 bu-

435 1495 596 1533 mana
620 1496 726 1535 non
754 1481 1042 1550 respicere.
1071 1479 1215 1536 Heus
1243 1497 1360 1545 vos,
1395 1482 1590 1552 inquit,
1618 1483 2005 1538 animaliumne

437 1579 630 1626 natura
671 1587 765 1640 per
806 1587 864 1625 se
892 1582 1083 1640 sponte
1111 1573 1376 1636 substitit,
1408 1588 1475 1626 an
1505 1588 1534 1626 a
1571 1573 1802 1644 quadam
1837 1590 2002 1631 causa

435 1661 653 1715 condita
678 1662 800 1716 est?
826 1663 869 1716 si
894 1663 1108 1716 dicatur
1144 1663 1288 1717 enim
1319 1671 1552 1727 temere,
1607 1679 1672 1717 ac
1701 1673 1844 1719 sorte
1867 1680 2002 1734 qua-

434 1753 582 1817 dam,
616 1754 732 1808 sine
758 1755 970 1808 ratione
1014 1763 1068 1809 et
1109 1763 1301 1824 sponte
1351 1770 1448 1810 sua
1481 1755 1590 1808 vita
1639 1764 1909 1810 carentem
1947 1764 2002 1811 et
2035 1732 2074 1786 Β

435 1844 788 1898 inanimatam
817 1847 1097 1900 materiam
1130 1853 1210 1900 tot
1240 1846 1518 1910 animalia,
1547 1854 1600 1900 et
1640 1846 1871 1916 singulis
1907 1862 2002 1916 ge-

433 1938 660 1994 neribus
682 1938 908 1992 inditam
941 1937 1246 2005 bujusmodi
1273 1938 1714 1992 constitutionem
1736 1977 1750 2002 ,
1797 1937 2000 1993 formas

434 2034 563 2086 item
609 2038 663 2084 et
696 2029 927 2100 species,
964 2044 1028 2082 ac
1055 2037 1256 2081 tantam
1287 2029 1523 2098 partium
1554 2035 1607 2083 et
1633 2029 1998 2083 membrorum

436 2121 897 2184 concinnitatem,
955 2118 1374 2189 pulchritudinis
1430 2119 1784 2185 varietatem,
1837 2128 1891 2174 et
1922 2129 2000 2174 tot

434 2213 748 2268 discrimina
773 2213 1034 2282 producta
1069 2227 1224 2274 esse;
1260 2211 1484 2265 stultum
1536 2221 1684 2267 certe
1723 2213 1999 2267 insanum-

435 2321 540 2375 que
576 2305 734 2360 fuerit
753 2304 906 2366 illud,
928 2313 982 2356 et
1016 2303 1294 2356 hominum
1325 2304 1416 2373 qui
1439 2318 1566 2357 vere
1593 2303 1773 2357 anima
1796 2302 1997 2356 mortui

436 2395 656 2459 fuerint,
686 2394 1065 2448 'ratiocinimu.
1114 2391 1396 2457 Quomodo
1451 2391 1596 2445 enim
1641 2392 1784 2461 quod
1831 2393 1996 2446 vitam

437 2502 544 2540 non
575 2486 734 2540 habet
767 2486 923 2538 alteri
970 2484 1277 2553 impertiat?
1305 2491 1397 2537 aut
1427 2485 1699 2552 quomodo
1727 2484 1997 2537 inanima-

436 2585 550 2631 tum
601 2577 834 2630 animam
888 2576 1271 2630 constituerit?
1304 2584 1396 2629 aut
1444 2576 1814 2631 irrationabile
1861 2592 1997 2646 quo-

434 2670 598 2724 modo
619 2668 892 2739 quidpiam
923 2668 1246 2723 rationabile
1289 2667 1647 2738 produxerit?
1677 2666 1796 2732 Quo
1842 2677 1998 2736 pacto

432 2762 669 2831 primum
701 2759 1024 2822 movebitur,
1049 2766 1142 2812 aut
1164 2760 1307 2812 aliud
1343 2749 1596 2824 movebit,
1629 2758 1773 2828 quod
1809 2775 1873 2814 ex
1904 2774 1998 2812 na-

434 2861 555 2906 tura
608 2867 706 2907 sua
741 2851 1014 2907 immobile
1061 2851 1170 2905 sit?
1220 2850 1540 2918 Huiusmodi
1570 2859 1653 2905 est
1682 2859 1840 2904 terrae
1888 2850 1998 2905 ele-

434 2955 694 3008 mentum,
714 2959 778 2998 ex
803 2959 911 3012 quo
931 2944 1110 2997 omnia
1145 2951 1200 2998 et
1220 2944 1365 2996 varia
1393 2941 1640 3010 prodiere
1677 2943 1993 2996 animalium

2124 487 2335 549 Ἰακὼϐ,
2363 488 2710 557 ἀποκρίνεται
2741 486 2930 554 λέγων’
2946 486 3054 538 Καὶ
3087 486 3219 550 πῶς,
3239 481 3281 538 ὦ
3298 488 3383 557 τὴν
3410 489 3588 543 διάνοιαν

2109 579 2322 648 άληθῶς
2354 578 2562 646 τυφλοὶ,
2603 579 2664 631 ού
2697 578 2915 631 δύναται
2949 576 3022 648 μή
3065 578 3214 648 ὀρᾷν,
3251 578 3370 648 μηδὲ
3408 581 3588 642 ἀκούειν,

2106 671 2136 722 ὁ
2160 673 2271 733 τοῖς
2298 670 2370 741 μή
2406 671 2584 740 ἔχουσι
2625 669 2796 722 ταῦτα
2832 669 3272 742 παρασχόμενοςς
3308 670 3496 733 Πάντως
3514 673 3591 742 γάρ

2109 779 2208 814 που
2246 764 2274 814 ὁ
2319 761 2626 831 μεταδιδοὺς
2675 761 2877 832 ἑτέροις
2933 761 3144 832 πρῶτος
3198 760 3347 823 αὐτὸς
3393 760 3592 832 κέκτηται

2105 849 2296 912 ταῦτα,
2329 843 2401 902 ὧν
2438 850 2804 919 μεταδίδωσιν.
2841 850 2992 903 Ἔστι
3034 849 3090 902 δὲ
3122 851 3150 901 ὁ
3178 847 3324 917 λόγος
3351 850 3472 903 κατά
3502 851 3595 904 συλλ

2106 938 2360 1009 λογισμὸν
2407 939 2693 1009 εἰρημένος
2736 939 2830 992 καὶ
2869 940 3354 1003 κατασκευαστικὸς
3395 941 3474 992 τοῦ
3503 944 3596 1012 περὶ

2106 1030 2357 1100 προνοίας
2399 1031 2679 1100 δόγματος.
2716 1032 2964 1102 Προσῆκε
2990 1031 3046 1084 δὲ
3086 1031 3312 1101 μάλιστα
3339 1035 3437 1094 τοῖς
3470 1031 3598 1086 τοιούι

2103 1137 2215 1184 τοις
2236 1122 2342 1174 τῶν
2364 1122 2521 1175 θείων
2546 1122 2775 1194 Γραφὼν
2801 1123 3084 1192 ἐφιστάναι
3109 1124 3197 1174 τὸν
3217 1122 3335 1174 νοῦν
3355 1123 3525 1186 τόποις,
3543 1125 3598 1186 είς

2106 1211 2377 1275 ἀπόδειξιν
2405 1211 2498 1263 τοῦ
2542 1212 2615 1280 μὴ
2665 1211 2855 1279 ἄλογον
2890 1212 3069 1264 πίστιν
3112 1211 3482 1282 προϐάλλεσθαι
3508 1213 3601 1280 ἡμῖν

2105 1303 2196 1355 ὑπ’
2227 1301 2424 1367 αὐτῶν,
2474 1306 2611 1372 μετὰ
2662 1301 2934 1372 λογισμῶν
2962 1301 3018 1354 δὲ
3051 1301 3292 1372 ἐναργῶν
3329 1303 3415 1354 καὶ
3443 1303 3602 1354 amasi-

2103 1393 2238 1459 ξεων
2261 1393 2490 1462 λογικῶν
2510 1393 2607 1456 τὰς
2631 1394 2737 1446 τῶν
2760 1393 3040 1463 δογμάτων
3067 1394 3361 1463 μαρτυρίας
3381 1396 3602 1465 παρέχειν·

2102 1485 2288 1557 Μυρία
2323 1484 2367 1537 δ’
2399 1483 2464 1537 ἂν
2493 1484 2578 1556 εἴη
2621 1484 2842 1537 τοιαῦτα
2895 1487 3015 1546 ταῖς
3058 1485 3230 1554 ἱεραῖς
3293 1482 3474 1553 βίϐλοις
3508 1500 3604 1536 κατα

2101 1576 2437 1647 εσπαρμὲνα.
2473 1574 2842 1644 Συλλογίξεται
2872 1574 3152 1646 τοιγαροῦν
3183 1575 3306 1637 τοὺς
3341 1573 3524 1637 ἀσεϐεῖς
3541 1576 3606 1626 καὶ

2101 1667 2294 1730 ἀθέους
2313 1666 2406 1720 τοῦ
2433 1666 2507 1737 μὴ
2528 1668 2728 1738 ὲφορᾷν
2755 1674 2844 1720 τὸν
2865 1666 2998 1719 Θεὸν
3018 1665 3085 1718 τὰ
3107 1664 3412 1736 ἀνθρώπινα
3431 1666 3606 1734 φάσκονο

2099 1775 2218 1821 τας.
2253 1760 2461 1830 Πότερα
2486 1757 2616 1829 γὰρ,
2647 1764 2830 1828 φησιν,
2860 1753 2904 1810 ὦ
2927 1751 3090 1821 οὗτοι,
3122 1743 3412 1826 αὐτόματος
3446 1756 3606 1825 ὑπέστη

2101 1847 2206 1900 τῶν
2240 1847 2392 1910 ζώων
2421 1850 2454 1917 ή
2487 1846 2665 1916 φύσις,
2700 1846 2734 1917 ἢ
2780 1846 3000 1915 γέγονεν
3045 1845 3109 1898 ἐκ
3148 1861 3296 1908 τινος
3344 1844 3530 1908 atrioli;
3557 1844 3609 1894 Τὸ

2103 1941 2200 2012 μὲν
2224 1935 2316 1993 οὖν
2339 1940 2568 2009 φάσκειν
2600 1942 2721 2010 εἰκῇ
2752 1940 2844 1992 καὶ
2868 1939 2944 2002 ὡς
2977 1937 3180 2010 ἔτυχεν,
3215 1939 3417 2006 ἀλόγως
3442 1937 3520 1990 καὶ
3535 1938 3610 1990 αὖ·

2098 2030 2352 2101 τομάτως
2371 2030 2468 2100 τὴν
2495 2027 2668 2092 άζωον
2699 2029 2792 2082 καὶ
2828 2027 3030 2097 ἄψυχον
3057 2028 3151 2081 καὶ⁵
3184 2029 3401 2097 ἀνόητον
3437 2026 3543 2096 ὓλην
3560 2027 3610 2079 τὰ

2097 2119 2332 2173 τοσαῦτα
2382 2117 2496 2183 ζῶα
2540 2119 2632 2172 καὶ
2673 2119 2770 2189 τήν
2815 2121 2896 2187 ἐφ’
2925 2120 3136 2188 ἑκάστῳ
3167 2119 3312 2186 γένει
3356 2118 3457 2171 τῶν
3497 2116 3610 2181 ζώων

2098 2210 2303 2263 τοιάνδε
2333 2209 2693 2280 κατασκευὴν,
2726 2210 2823 2272 τάς
2852 2227 2911 2261 τε
2944 2212 3000 2262 ὲν
3021 2211 3204 2273 αὐτοῖς
3229 2211 3432 2280 μορφάς
3467 2210 3543 2262 καὶ
3563 2209 3612 2259 τὶ

2097 2302 2212 2372 εἴδη
2245 2302 2339 2355 καὶ
2363 2302 2462 2374 τὴν
2493 2301 2758 2372 τοσαύτην
2785 2301 2893 2356 τῶν
2929 2302 3120 2372 μερῶν.
3133 2319 3194 2354 τε
3226 2303 3319 2354 καὶ
3354 2299 3510 2372 μελῶν
3526 2300 3611 2352 διάο

2098 2391 2265 2457 θεσιν,
2295 2393 2392 2464 τήν
2419 2409 2479 2446 τε
2516 2393 2608 2446 τοῦ
2643 2393 2867 2455 κάλλους
2898 2392 3187 2456 ποικιλίαν,
3213 2393 3308 2445 καὶ
3347 2396 3439 2455 τάς
3466 2392 3614 2444 τοσού-

2096 2501 2194 2547 τας
2231 2483 2492 2555 διαφορὰς
2522 2483 2958 2554 προενηνοχέναι,
2994 2483 3197 2554 σφόδρα
3227 2484 3403 2557 μωρὸν
3425 2486 3508 2537 καὶ
3530 2482 3615 2553 ὴλί-

2097 2577 2231 2638 θιον,
2258 2577 2349 2629 καὶ
2364 2575 2570 2646 ἀνδρῶν
2587 2576 2661 2639 ὡς
2684 2574 2896 2645 άληθῶς
2912 2575 3008 2638 τὰς
3024 2575 3202 2645 ψυχὰς
3226 2576 3613 2646 νενεκρωμὲνων.

2095 2666 2221 2730 Πῶς
2254 2667 2363 2737 γὰρ
2393 2667 2454 2719 τὸ
2487 2666 2560 2738 μὴ
2594 2666 2737 2736 ζωῆς
2767 2667 2989 2737 μετέχον
3017 2665 3160 2736 ζωὴν
3183 2667 3356 2738 ἑτέρῳ
3387 2666 3446 2720 ἂν
3480 2666 3615 2737 παρά-

2098 2776 2248 2830 σχοι;
2275 2760 2308 2830 ἢ
2346 2760 2404 2812 τὸ
2431 2758 2634 2828 ἄψυχον
2664 2759 2779 2820 πῶς
2807 2758 2872 2812 ἂν
2895 2757 3071 2829 ψυχὴν
3110 2759 3495 2828 ὑποστήσαιτος
3522 2757 3549 2827 ἢ
3574 2757 3618 2808 τὸ

2096 2852 2289 2918 ἄλογον
2316 2851 2433 2914 πῶς
2457 2850 2522 2904 ἂν
2546 2851 2757 2918 λογικόν
2785 2869 2837 2904 τι
2856 2852 3318 2918 κατασκευάσειε;
3343 2851 3458 2914 Πῶς
3475 2851 3523 2903 δὲ
3543 2848 3616 2918 τὴν

2095 2945 2270 3014 ἀρχὴν
2297 2943 2666 3015 κινηθήσεται,
2696 2944 2730 3014 ἦ
2761 2943 2876 3006 πῶς
2914 2943 3098 3014 ἕτερον
3129 2945 3341 3014 κινήσει
3367 2944 3423 2996 τὸ
3454 2943 3502 3008 ἐξ
3524 2943 3618 2994 ἑαυο

433 3050 628 3105 genera
649 3074 664 3097 ,
695 3049 814 3103 qua:
857 3034 1030 3089 oculis
1053 3073 1069 3099 ,
1116 3035 1342 3088 auribus
1390 3034 1710 3103 ceterisque
1743 3033 1995 3089 sensibus

2098 3036 2190 3088 τοῦ
2229 3035 2326 3106 τὴν
2354 3035 2513 3106 φύσιν
2533 3036 2784 3106 ἀκίνητον
2804 3051 2819 3100 ;
2847 3035 3098 3087 Τοιοῦτον
3121 3035 3176 3088 δὲ
3202 3034 3266 3087 τὸ
3287 3033 3386 3104 τῆς
3407 3033 3497 3103 γῆς
3517 3046 3619 3094 στοι-

435 3132 700 3182 instructa
722 3136 866 3191 sunt,
886 3128 1016 3190 vita,
1037 3136 1182 3180 motu
1205 3135 1258 3181 et
1283 3128 1518 3197 appetitu
1547 3127 1769 3196 praedita
1785 3127 1810 3179 ἲ
1835 3127 1994 3180 homo

434 3234 560 3273 vero
611 3219 678 3273 iis
706 3221 862 3288 longe
883 3225 1121 3286 prastat,
1144 3232 1268 3270 cum
1300 3218 1368 3272 sit
1389 3227 1597 3271 natura:
1627 3217 1991 3278 rationabilis,

433 3324 496 3363 ac
527 3311 722 3363 mentis
748 3318 801 3363 et
837 3310 1080 3363 scientiae
1107 3323 1297 3377 capax.
1332 3307 1470 3362 Num
1498 3309 1662 3378 igitur
1685 3324 1751 3362 ex
1783 3308 1995 3363 ratione

431 3415 604 3452 vacuo
637 3408 692 3454 et
723 3399 1020 3455 inanimato
1051 3399 1317 3452 elemento
1364 3399 1475 3451 haec
1522 3399 1704 3451 omnia
1736 3397 1988 3452 substite-

430 3491 598 3545 runt?
627 3493 694 3545 At
718 3507 842 3546 eum
872 3491 966 3560 qui
999 3491 1111 3545 haec
1139 3489 1384 3544 conﬁteri
1411 3490 1566 3552 nolit,
1600 3491 1676 3543 rei
1712 3489 1883 3560 ipsius
1913 3491 1992 3544 vis

428 3589 486 3637 et
514 3581 751 3637 eﬂicacia
782 3581 978 3645 vincit,
1026 3596 1089 3635 ac
1128 3579 1303 3650 ipsum
1350 3581 1598 3634 naturale
1645 3579 1990 3634 ratiocinium

427 3689 557 3730 vera
579 3674 762 3729 dicere
792 3674 968 3744 cogit;
1006 3674 1264 3728 nimirum
1291 3689 1390 3728 nec
1417 3671 1772 3726 inanimatam
1817 3681 1990 3726 mate-

429 3769 566 3821 riam
593 3806 609 3829 ,
652 3781 827 3838 neque
862 3766 1068 3820 aridam
1113 3765 1429 3835 rationeque
1481 3779 1704 3819 vacuam
1739 3763 1991 3818 substan-

427 3862 583 3924 tiam,
626 3859 820 3914 borum
869 3873 991 3912 esse
1036 3872 1300 3914 causam:
1353 3857 1449 3912 sed
1505 3856 1693 3911 mundi
1741 3854 1990 3925 opificem

428 3966 552 4006 esse
590 3959 822 4006 mentem
846 3952 1135 4021 quamdam
1170 3951 1409 4005 divinam
1448 3959 1503 4003 et
1531 3949 1871 4012 creatricem,
1899 3947 1990 4002 Dei

429 4057 622 4110 nempe
655 4040 907 4103 Verbum,
938 4057 1120 4096 rerum
1155 4042 1400 4096 omnium
1433 4040 1713 4105 factorem,
1749 4042 1838 4111 qui
1877 4050 1990 4094 tum

431 4131 658 4199 reliquis
684 4131 958 4195 omnibus,
986 4139 1100 4184 tum
1135 4131 1236 4201 ipsi
1267 4131 1474 4185 homini
1517 4145 1710 4186 sensus
1743 4134 1992 4200 corporis

430 4221 647 4286 indidit,
679 4228 734 4276 et
764 4221 958 4275 animat
984 4220 1236 4276 humana:
1252 4221 1623 4285 ratiocinium,
1641 4231 1800 4291 atque
1826 4225 1988 4276 etiam

430 4321 686 4376 mentem,
716 4327 824 4383 qua
849 4321 1100 4367 naturam
1129 4329 1311 4368 rerum
1340 4314 1648 4370 consideret
1672 4331 1687 4379 ;
1719 4328 1781 4368 ac
1813 4314 1991 4368 oculis

2101 3128 2263 3194 χεῐον,
2293 3125 2351 3191 ἐξ
2379 3119 2438 3177 οῦ
2483 3127 2706 3179 παντοῖα
2733 3124 2963 3195 προῆλθε
3000 3123 3150 3187 ζώων
3179 3125 3336 3195 γένη,
3360 3122 3618 3192 ὀφθαλμοὺς

2101 3215 2290 3284 ἔχοντα
2319 3216 2411 3267 καὶ
2437 3209 2549 3267 ὦτα
2597 3216 2690 3268 καὶ
2711 3215 2778 3268 τά
2809 3215 2969 3267 λοιπά
3011 3213 3360 3286 αἰσθητήρια,
3395 3211 3525 3282 ζωῆς
3549 3211 3618 3262 καὶ

2101 3305 2364 3373 κινήσεως
2395 3304 2487 3356 καὶ
2531 3302 2706 3374 ὁρμῆς
2753 3303 2986 3372 μέτοχας
3017 3303 3304 3374 ἄνθρωπος
3336 3303 3390 3356 δὲ
3420 3304 3503 3355 καὶ
3529 3300 3619 3353 τού-

2099 3411 2206 3446 των
2236 3395 2496 3462 ἐπάγεται
2522 3394 2705 3458 πλέον,
2738 3393 2957 3464 λογικῆς
2998 3392 3072 3445 ὢν
3101 3394 3338 3461 φύσεως,
3366 3393 3452 3446 νοῦ
3475 3409 3523 3444 τε
3549 3392 3618 3444 καὶ

2100 3486 2407 3556 ἐπιστήμης
2447 3485 2692 3549 δεκτικὸς
2735 3486 3035 3556 τυγχάνων.
3065 3482 3188 3557 Ἃρ*
3215 3481 3310 3538 οὖν
3359 3484 3415 3550 ἐξ
3461 3483 3617 3549 ἀλόγου

2097 3579 2190 3631 καὶ
2213 3578 2418 3648 ἀψύχου
2441 3579 2700 3648 στοιχείου
2719 3578 2788 3630 τά
2811 3578 2986 3632 τοιάδε
3017 3578 3191 3630 πάντα
3216 3577 3320 3629 ύπέ
3329 3592 3453 3645 στη;

2098 3671 2192 3722 καὶ
2229 3670 2320 3722 τὸν
2361 3670 2434 3741 μὴ
2469 3669 2784 3740 βουλόμενον
2815 3669 3090 3740 ὁμολογεῖν
3123 3668 3261 3721 αύτὰ
3301 3669 3480 3738 νικᾷ,ή
3506 3665 3620 3732 ἐνέρ-

2097 3777 2240 3830 γεια,
2269 3762 2362 3815 καὶ
2393 3764 2420 3815 ὁ
2442 3761 2580 3814 κατὰ
2619 3761 2780 3828 φύσιν
2821 3760 3077 3830 λογισμὸς
3105 3759 3314 3830 τάληθῆ
3357 3757 3519 3825 λέγειν
3550 3757 3617 3806 ἐκ·

2097 3853 2359 3916 ϐιάζεται,
2385 3853 2446 3905 τὸ
2473 3855 2545 3924 μὴ
2566 3854 2662 3922 τὴν
2683 3852 2884 3923 ἄψυχον
2908 3851 3060 3921 ῦλην,
3092 3851 3226 3922 μηδὲ
3250 3851 3350 3921 τὴν
3379 3851 3531 3920 ξηρὰν
3547 3847 3615 3897 καὶ

2096 3945 2288 4015 ἄλογον
2315 3946 2498 3998 οὐσίαν
2525 3945 2726 3999 τούτων
2754 3943 3018 4014 ὑπάρχειν
3051 3943 3227 3996 αἰτίαν
3247 3960 3260 3973 ο
3293 3942 3415 3995 νοῦν
3443 3941 3492 3992 δέ
3523 3953 3613 3990 τινα

2098 4037 2239 4091 θεῖον
2270 4039 2363 4090 καὶ
2383 4037 2770 4108 δημιουργικὸν
2796 4031 2931 4088 εἶναι
2960 4035 3129 4102 Λόγον
3159 4035 3297 4087 θεοῦ
3329 4034 3417 4085 τὶν
3453 4046 3611 4098 κοσμο-

2097 4128 2268 4191 ποιὸν,
2299 4128 2392 4180 καὶ
2424 4129 2637 4181 πάντων
2684 4126 2910 4196 ποιητὴν
2952 4125 3132 4186 αὑτὸν,
3164 4125 3259 4177 καὶ
3299 4127 3407 4186 τοῖς
3449 4121 3612 4179 lata-toi;

2097 4221 2265 4274 ἅπασι
2299 4220 2392 4273 καὶ
2418 4218 2565 4289 αύτῷ
2588 4218 2857 4289 ἀνθρώπῳ
2890 4216 3165 4288 αἰσθήσεις
3184 4217 3448 4270 δεδωκότα
3469 4212 3613 4282 σώμαι

2094 4329 2206 4376 τος,
2239 4312 2334 4366 καὶ
2367 4311 2545 4382 ψυχῆς
2580 4311 2856 4381 λογισμὸν,
2885 4312 2979 4364 καὶ
3010 4310 3133 4364 νοῦν
3170 4309 3308 4380 πρὸς
3345 4308 3533 4367 τούτοις
3553 4303 3612 4362 εἷς

427 4401 666 4471 quidem,
691 4400 926 4456 visibilia
954 4402 1243 4472 respiciat;
1276 4403 1499 4458 auribus
1543 4418 1706 4466 vero,
1742 4403 1796 4457 in
1836 4405 1991 4456 audi-

2098 4405 2154 4458 τὸ
2179 4404 2487 4458 ὲπιόάλλειν
2513 4407 2578 4474 τῇ
2603 4403 2759 4472 φύσει
2789 4403 2897 4456 τῶν
2921 4401 3255 4474 πραγμάτων
3275 4419 3288 4432 ·
3323 4401 3414 4454 καὶ
3435 4396 3613 4465 θεωρεῖν

429 4504 542 4547 tum
578 4496 824 4549 cadentia
853 4495 1076 4561 audiat;
1112 4495 1470 4564 cogitationes
1509 4496 1724 4551 demum
1744 4537 1759 4562 ,
1790 4496 1991 4550 intelli-

427 4586 610 4656 gibilia
639 4587 1079 4656 co‘mprehendat.
1105 4586 1209 4653 Qui
1233 4587 1396 4656 igitur
1425 4587 1536 4641 fieri
1581 4595 1757 4656 potest
1786 4597 1865 4651 ut,
1895 4588 1989 4657 qui

427 4676 552 4730 aliis
577 4674 883 4731 facultatem
915 4676 1153 4738 videndi,
1184 4691 1347 4746 quam
1375 4693 1441 4732 ex
1473 4692 1531 4730 se
1556 4693 1665 4731 non
1693 4678 1986 4743 habebant,

430 4765 711 4834 impertiit,
741 4781 849 4820 non
901 4767 1017 4835 ipse
1052 4767 1269 4821 videat?
1323 4768 1424 4833 Qui
1458 4767 1573 4821 fieri
1606 4777 1783 4838 potest
1817 4777 1876 4822 ut
1904 4770 1950 4822 is
1971 4809 1987 4833 ,

425 4855 523 4925 qui
558 4855 614 4908 in
636 4862 860 4910 terreno
883 4865 941 4910 et
971 4857 1115 4912 luteo
1143 4872 1273 4913 vase
1298 4859 1540 4912 auditum
1572 4870 1626 4912 et
1650 4874 1834 4914 aurem
1868 4875 1990 4928 per-

431 4947 627 5002 foravit
647 4985 664 5010 ,
715 4948 790 5001 ita
826 4956 881 5001 ut
925 4956 1072 5003 muta
1101 4957 1155 5003 et
1189 4949 1354 5004 surda
1392 4951 1642 5014 materia,
1672 4965 1736 5004 ea
1769 4966 1891 5021 quae
1917 4951 1986 5006 ad

430 5054 612 5094 autem
638 5038 988 5108 proferuntur
1013 5040 1218 5108 audiat,
1255 5056 1364 5094 non
1403 5042 1518 5110 ipse
1548 5043 1742 5096 melius
1771 5050 1825 5097 et
1854 5058 1989 5112 prae-

427 5133 664 5187 stantius
691 5133 812 5187 aliis
839 5133 1090 5188 omnibus
1125 5133 1390 5189 humanas
1423 5135 1779 5204 cogitationes
1809 5136 1986 5205 perci-

433 5224 579 5291 piat?
641 5221 870 5288 Quodsi
911 5223 1178 5278 universae
1213 5240 1309 5293 per
1351 5225 1536 5279 orbem
1583 5234 1767 5295 gentes
1794 5265 1808 5287 ,
1862 5241 1988 5279 cum

429 5315 674 5370 barbarie
693 5323 804 5369 tum
824 5315 1046 5377 Graiae,
1081 5317 1313 5369 naturali
1343 5317 1752 5386 cogitationum,
1791 5333 1927 5386 quas
1957 5333 1987 5371 a

431 5403 538 5459 lico
570 5415 914 5474 acceperunt,
949 5407 1226 5476 impulsu,
1283 5408 1547 5476 quasdam
1601 5409 1703 5463 sibi
1757 5409 1901 5478 leges
1933 5417 1988 5462 et

429 5496 845 5551 «institutiones
881 5497 1270 5563 eﬂ‘ormarunt;
1304 5499 1574 5567 quomodo
1618 5500 1666 5553 is
1695 5499 1785 5570 qui
1822 5501 1988 5554 talem

431 5584 563 5653 ipsis
599 5587 933 5653 prudentiam
967 5588 1192 5646 indidit,
1223 5605 1332 5644 non
1373 5599 1563 5660 arguat
1594 5607 1690 5645 eos
1717 5591 1809 5660 qui
1851 5607 1988 5660 pra:-

429 5681 513 5728 ter
532 5684 783 5729 naturam
817 5690 880 5729 ac
922 5687 1111 5739 praeter
1148 5693 1334 5732 sanam
1383 5688 1615 5735 mentem
1659 5680 1788 5744 quid
1830 5695 1987 5745 agere

2097 4491 2196 4567 μὲν
2226 4495 2522 4566 ὀφθαλμοῖς
2549 4495 2616 4548 τά
2637 4493 2828 4565 ὁρατὰ,
2852 4494 2954 4546 ὠσὶ
2980 4494 3037 4546 δὲ
3061 4492 3127 4544 τὰ
3149 4491 3390 4544 ἀκουστὰ
3414 4485 3608 4542 ἀκούειν,

2092 4587 2331 4658 λογισμῷ
2362 4588 2418 4640 δὲ
2454 4587 2691 4640 συνιέναι
2717 4585 2786 4638 τὰ
2822 4585 3001 4654 νοητά.
3049 4584 3168 4648 Πῶς
3200 4579 3293 4636 οὖν
3337 4575 3444 4634 οἷόν
3472 4595 3522 4631 τε
3545 4576 3609 4626 τὸν

2091 4680 2295 4751 ἑτέροις
2316 4683 2426 4742 τοῖς
2463 4678 2536 4750 μὴ
2557 4680 2685 4750 παρ’
2713 4678 2919 4731 ἑαυτῶν
2947 4677 3126 4747 ἔχουσι
3151 4671 3520 4745 παρεσχηκότα
3535 4665 3610 4733 τὴν

2089 4769 2348 4841 ὁρατικὴν
2379 4769 2624 4840 δύναμιν,
2667 4768 2826 4822 αὐτὸν
2874 4767 2946 4838 μὴ
2976 4768 3136 4838 ὀρᾷν;
3171 4764 3297 4826 Πῶς
3341 4762 3397 4814 δὲ
3428 4755 3610 4813 δυνατὸν

2089 4860 2180 4913 τὸν
2221 4862 2278 4913 ἐν
2309 4859 2387 4930 τῷ
2431 4861 2622 4927 γεώδει
2670 4860 2760 4913 καὶ
2799 4859 3005 4930 πηλίνῳ
3059 4855 3240 4910 σκεύει
3293 4851 3610 4922 διατρήσαντα

2089 4953 2260 5023 ἀκοήν
2289 4953 2382 5006 καὶ
2409 4947 2521 5014 οῦς,
2553 4949 2701 5003 ἐνθεν
2735 4950 2803 5003 τά
2834 4953 2914 5012 εἰς
2945 4943 3061 5002 ὦτα
3091 4946 3308 5001 ἀκούειν
3352 4947 3446 5015 τὴν
3479 4944 3608 4995 ἄναυο

2089 5044 2178 5096 δον
2220 5043 2315 5096 καὶ
2351 5041 2538 5112 κωφὴν
2573 5041 2706 5113 ὓλην
2737 5041 2846 5094 τῶν
2884 5039 3078 5104 ἔξωθεν
3122 5039 3312 5108 φωνῶν
3343 5034 3525 5099 αὐτῶν.
3552 5027 3608 5096 μὴ

2089 5135 2208 5205 οὐχὶ
2240 5135 2347 5204 πρὸ
2378 5133 2591 5187 πάντων
2626 5131 2756 5186 πολὺ
2789 5132 3109 5203 κρειττόνως
3135 5132 3226 5185 καὶ
3256 5128 3502 5200 μειζόνως
3525 5123 3608 5178 τοῖς

2088 5227 2196 5279 τῶν
2242 5225 2542 5296 ἀνθρώπων
2573 5225 2851 5280 ὲπιῦάλλει
2887 5225 3194 5295 λογισμοίς;
3227 5224 3289 5274 Εἰ
3330 5221 3383 5274 δὲ
3417 5218 3501 5271 καὶ
3535 5212 3608 5266 ὅλα

2090 5315 2216 5385 ἔθνη
2245 5315 2312 5368 τὰ
2329 5317 2423 5367 ἐπὶ
2442 5315 2547 5385 γῆς
2569 5316 2817 5388 βάρϐαρά
2843 5333 2904 5369 τε
2936 5316 3030 5370 καὶ
3068 5311 3370 5384 Ἑλληνικὰ,
3397 5304 3606 5378 φυσικαῖς

2089 5407 2318 5468 ἐννοίαις
2359 5406 2668 5476 κινούμενα,
2707 5407 2774 5470 ἃς
2807 5407 2910 5460 ὑπὸ
2956 5406 3089 5462 Θεοῦ
3138 5405 3407 5474 εἰλήφασι,
3446 5399 3603 5463 νόμους

2089 5496 2238 5559 τινὰς
2271 5497 2364 5549 καὶ
2388 5495 2655 5560 διατάξεις
2682 5499 2894 5562 ἑαυτοῖς
2931 5496 3356 5551 διετυπώσαντο·
3389 5489 3490 5550 πῶς
3512 5480 3602 5544 0'57l

2090 5589 2118 5641 ὁ
2149 5588 2350 5658 ταύτην
2384 5591 2564 5653 αὐτοῖς
2593 5589 2689 5660 τὴν
2728 5591 2936 5644 σύνεσιν
2961 5587 3322 5659 δεδωρημένος
3349 5582 3466 5640 θεὸς
3490 5576 3600 5638 ιλιι-

2092 5680 2172 5743 ξει
2199 5682 2323 5745 τοὺς
2351 5682 2624 5735 παοάττὴν
2657 5681 2816 5742 φύσιν
2847 5684 2940 5736 καὶ
2969 5682 3118 5736 παοᾶ
3144 5680 3236 5740 τὰς
3255 5675 3412 5737 όοθέις
3435 5665 3598 5724 ἐννοίας
