3830 6288
186 368 320 424 19.θὸ

1340 382 1837 438 COMMENTARIA
1875 382 1942 436 IN
1982 382 2314 442 PSAUMOS.

3289 401 3427 456 1206

186 484 454 552 ἑμολογῶν
486 485 711 556 τάληθῆ,
743 488 938 559 μηδένα
971 490 1159 562 βοηθὸν
1185 493 1240 546 ἐν
1267 496 1569 567 ἀνθρώποις
1594 498 1743 568 εὑρή-

1862 515 2137 568 unumque
2164 507 2374 554 tantum
2407 506 2804 573 auxiliatorem,
2857 508 3145 566 Dominum
3193 513 3423 578 sciiit-et,

191 589 298 623 σειν
323 573 565 644 ἐμαυτῷ,
606 575 699 626 ἕνα
723 575 778 628 δὲ
807 577 963 646 μόνον
1003 582 1288 651 ἐπίκουρον
1327 585 1642 653 κεκτῆσθαι,
1667 585 1757 639 τὸν

190 667 412 735 Κύριον,
441 665 499 729 ὃς
534 669 584 718 εί
612 666 686 737 μὴ
735 668 1053 741 βεδοηθήκει
1083 691 1191 744 μοι,
1224 675 1386 729 πάλαι
1427 675 1488 730 ἂν
1517 677 1618 729 ὑπὸ
1652 678 1757 730 τῶν

188 757 632 828 πονηρευομένων
659 761 749 813 καὶ
773 760 879 813 τῶν
906 763 1284 836 ἐργαζομένων
1303 769 1400 838 τὴν
1425 770 1651 840 ἀνομίαν
1676 788 1760 822 νε-

191 850 494 919 νικημένος,
522 851 596 922 τῷ
763 856 1070 928 παρῲκουν,
1109 860 1278 930 αὐτῆς
1317 878 1420 930 μου
1451 862 1549 932 τῆς
1585 861 1758 934 ψυχῆς

187 940 280 991 καί
302 940 403 1010 τῆς
427 939 668 1013 λογικῆς,
698 949 790 1000 καὶ
830 949 929 1018 τῆς
954 952 1073 1001 κατ’
1098 950 1282 1004 εἰκόνα
1307 951 1442 1004 Θεοῦ
1467 955 1759 1024 γενομένης

183 1030 390 1095 οὐσίας,
411 1031 500 1086 τὸν
529 1035 752 1089 θάνατον
777 1039 872 1091 καὶ
895 1039 984 1092 τὸν
1002 1039 1132 1111 ᾅδην
1156 1044 1467 1113 οἰκητήριον
1491 1043 1760 1114 λαχούσης

186 1121 344 1189 ἔχειν.
376 1123 561 1179 Ταῦτα
585 1127 628 1180 δ’
653 1125 744 1182 οὖν
784 1129 982 1185 ἔπαθον
1008 1133 1095 1196 ἂν,
1139 1136 1186 1186 εί
1219 1135 1290 1206 μὴ
1318 1136 1479 1198 αύτδς
1503 1139 1530 1190 ὁ
1557 1136 1759 1209 Κύριος

184 1215 471 1284 παραστὰς
493 1216 813 1292 βεϐοηθήκει
835 1241 943 1293 μοι.
975 1224 1042 1276 Εἴ
1060 1243 1187 1278 ποτε
1210 1227 1339 1295 γοῦν
1365 1227 1758 1300 πειραζόμενος

182 1305 238 1358 ὲν
261 1309 374 1370 τοῖς
421 1309 626 1377 ἀγῶσιν
664 1313 1032 1386 ἀντελαϐόμην
1072 1316 1354 1381 ἀσθενείας
1398 1320 1654 1388 ἐμαυτοῦ,
1683 1322 1758 1387 ὡς

182 1397 510 1452 κινδυνεύειν
556 1403 878 1475 σαλευθῆναι
917 1409 1039 1470 τοὺς
1065 1409 1229 1473 πόδας
1263 1413 1361 1481 τῆς
1401 1413 1537 1484 ἐμῆς
1561 1414 1754 1486 ψυχῆς,

181 1490 424 1559 ὁμολογῶ
451 1496 790 1568 παραχρῆμα
814 1501 906 1552 τοῦ
933 1501 1114 1565 ἐλέους
1143 1520 1255 1566 σου,
1283 1505 1471 1577 Κύριε,
1509 1508 1757 1579 αἴσθησιν

182 1581 479 1651 εἰληφέναι,
521 1588 613 1639 καὶ
641 1589 744 1640 ὑπὸ
769 1590 862 1643 σοῦ
898 1590 1254 1665 βεϐοηθῆσθαι
1275 1612 1288 1625 ο
1328 1597 1403 1661 ὡς
1427 1599 1475 1650 εί
1504 1599 1576 1670 μὴ
1600 1601 1756 1656 τοῦτὸ

183 1688 269 1741 μοι
304 1675 487 1746 παρῆν
536 1677 894 1752 ὑποστηρίζον
943 1701 1042 1753 μου
1084 1685 1208 1749 τοὺς
1248 1687 1430 1752 πόδας,
1481 1691 1645 1744 πάλαι
1689 1691 1754 1746 ἂν

179 1759 470 1833 ὀλισθήσας
517 1767 854 1824 ὲπεπτώκειν
891 1774 997 1825 ἀπὸ
1048 1776 1146 1845 τῆς
1181 1777 1329 1848 παρὰ
1373 1779 1454 1831 σοὶ
1492 1781 1748 1846 στάσεως.

1863 597 2147 641 nacturum
2179 606 2300 646 esse
2330 611 2342 645 :
2377 595 2467 662 qui
2499 596 2604 649 nisi
2633 599 2762 651 mihi
2787 600 3084 668 Opitulatus
3117 611 3283 667 esset,
3308 605 3425 675 jam

1861 677 2067 747 pridem
2105 694 2134 732 a
2167 681 2589 751 malignantibus
2611 695 2663 738 et
2692 690 3048 755 operantibus
3082 691 3422 763 iniquitatem

1865 768 2138 834 devictus,
2165 772 2218 824 in
2265 772 2481 828 inferno
2507 775 2858 841 habitassem,
2912 783 3197 854 animaque
3223 802 3340 840 mea
3371 795 3425 840 et

1860 859 1949 912 illa
1981 861 2318 917 rationabilis
2339 865 2403 919 ad
2429 865 2716 937 imaginem
2746 869 2838 924 Dei
2861 872 3134 929 edorniata
3164 878 3422 932 substan-

1858 950 1954 1012 tia,
2007 964 2236 1006 mortem
2293 964 2346 1009 et
2413 955 2682 1011 infernum
2739 961 2794 1014 in
2843 962 3174 1021 domicilium
3231 971 3424 1024 sor-lita
3509 961 3512 964 ’

1858 1049 2020 1096 esset.
2058 1041 2180 1098 Haec
2222 1059 2353 1100 sane
2412 1063 2607 1117 passus
2649 1066 2848 1116 esseni,
2907 1056 3012 1110 nisi
3072 1066 3256 1113 astans
3308 1062 3424 1130 ipse

1859 1129 2120 1189 Dominus
2167 1137 2460 1194 auxiliatus
2511 1141 2639 1195 milii
2701 1152 2860 1200 esset.
2931 1145 3230 1217 Siquando
3261 1129 3424 1220 igitur

1859 1224 1912 1277 in
1941 1227 2329 1284 certaminibus
2361 1239 2630 1296 tentatus,
2709 1233 3022 1292 Inﬁrmitate
3070 1256 3187 1294 mea
3243 1258 3424 1298 corrc-

1856 1323 1982 1384 ptus
2014 1316 2228 1384 fuerim,
2265 1320 2336 1373 ita
2363 1329 2420 1375 ut
2445 1325 2744 1392 periculum
2775 1335 2918 1382 esset
2950 1346 3016 1383 ne
3033 1333 3196 1401 pedes
3233 1336 3425 1389 anima:

1858 1421 1989 1459 meze
2019 1419 2529 1478 commoverentur;
2559 1411 2735 1468 fateor
2766 1431 2852 1470 me
2879 1418 3081 1484 statim,
3109 1435 3141 1473 ο
3175 1420 3420 1486 Domine,

1857 1496 2288 1553 misericordiam
2338 1503 2579 1558 sensisse
2612 1513 2783 1569 tuam,
2829 1521 2892 1561 ac
2939 1523 3040 1579 Ope
3092 1517 3182 1564 tua
3227 1512 3420 1567 fultum

1860 1600 2002 1640 esse.
2033 1586 2164 1652 Quae
2194 1590 2239 1642 si
2262 1591 2394 1644 milii
2429 1610 2535 1647 non
2596 1595 2922 1665 adfuissent,
2954 1615 3050 1654 nec
3081 1602 3241 1669 pedes
3273 1619 3424 1659 meos

1857 1687 2284 1747 sustentassent;
2318 1681 2426 1750 jam
2462 1685 2795 1757 olimlapsus
2825 1704 2853 1742 a
2898 1706 3015 1743 mea
3068 1692 3210 1761 apud
3254 1701 3421 1749 testa-

1864 1771 2012 1824 tione
2045 1771 2385 1828 decidissem.
2459 1775 2610 1831 Nunc
2658 1787 2844 1834 autem
2890 1783 3262 1838 misericordia
3306 1793 3437 1852 tua,

179 1852 287 1944 ίλίῦν
315 1853 371 1907 δὲ
395 1856 460 1909 τὸ
487 1857 632 1924 ἔλεός
655 1880 768 1926 σου,
795 1865 986 1937 Κύριε,
1011 1839 1190 1920 δίδωσί
1212 1839 1300 1940 μοι
1326 1873 1634 1944 παρρησίαν
1658 1839 1743 1927 τοῦ

1855 1859 2100 1927 Domine,
2138 1862 2385 1918 ﬁduciam
2415 1868 2546 1921 milii
2570 1878 2788 1936 praestat
2817 1872 2881 1924 ad
2917 1873 3027 1928 lucc
3050 1875 3370 1944 proferenda
3401 1893 3416 1928 :

178 1941 376 2010 λέγειν·
423 1948 739 2018 Ἔστησας
788 1953 886 2006 ἐπὶ
936 1956 1158 2022 πέτραν
1201 1959 1339 2026 τοὺς
1388 1941 1576 2029 πόδας
1609 1982 1748 2033 μου,

179 2034 272 2088 καὶ
308 2041 691 2110 κατηύθυνας
714 2045 786 2098 τὰ
822 2047 1147 2118 διαδήματα
1167 2069 1304 2120 μου.

242 2151 400 2204 Κατὰ
430 2151 502 2206 τὸ
533 2155 766 2223 πλῆθος
796 2157 912 2212 τῶν
937 2158 1168 2214 ὀδυνῶν
1188 2180 1307 2230 μου
1329 2164 1398 2216 ἐν
1433 2164 1507 2234 τῇ
1534 2167 1746 2236 καρδίᾳ

170 2259 285 2310 μου
323 2247 382 2298 al
435 2248 849 2316 παρακλήσεις
882 2267 997 2305 σου
1039 2253 1354 2322 ηὔφραναν
1395 2256 1511 2326 τὴν
1543 2259 1750 2330 ψυχήν

171 2352 302 2402 μου.
337 2337 411 2389 Ού
463 2338 620 2408 μόνον
646 2343 756 2404 τοῖς
806 2342 929 2394 ποσί
959 2360 1058 2414 μου
1091 2345 1151 2398 τὸ
1198 2346 1344 2410 ἔλεός
1385 2366 1476 2402 σου
1522 2331 1748 2422 δύναμιν

178 2430 394 2497 παρεῖχε
423 2430 566 2500 πρὸς
603 2437 662 2485 τὸ
693 2433 770 2505 μὴ
805 2435 1148 2506 σαλευθῆναι,
1183 2439 1304 2492 οὐδὲ
1345 2441 1558 2512 μόνονή
1598 2445 1747 2514 παρὰ

177 2518 263 2570 σοῦ
289 2521 518 2593 βοήθεια
557 2525 654 2594 τὴν
681 2525 816 2598 ἐμὴν
854 2530 1179 2600 κατεκράτει
1211 2531 1388 2603 ψυχὴν
1431 2532 1564 2605 πρὸς
1588 2535 1647 2588 τὸ
1673 2537 1746 2608 μὴ

177 2612 509 2682 παροικῆσαι
542 2614 618 2686 τῷ
643 2615 742 2687 ᾄδῃ
764 2633 778 2646 ·
806 2617 942 2671 ἀλλὰ
966 2620 1057 2672 καὶ
1099 2621 1166 2685 ἂς
1207 2621 1399 2695 ἔφερον
1425 2626 1481 2677 ὲν
1507 2628 1572 2696 τῇ
1613 2643 1746 2696 καρ-

172 2699 253 2772 δίᾳ
279 2720 376 2772 μου
393 2704 615 2770 ὀδύνας,
637 2707 693 2758 αἱ
717 2708 866 2779 παρὰ
890 2709 983 2762 σοῦ
1001 2713 1369 2783 παρακλήσεις
1395 2713 1758 2786 ὲθεράπευονν

171 2792 469 2866 ἀπορθήτῳ
499 2795 722 2866 δυνάμει
747 2799 845 2870 τῆς
881 2798 980 2870 σῆς
1005 2804 1371 2873 χρηστότητος
1408 2807 1746 2877 παρακαλού..

175 2901 264 2954 an;
289 2904 386 2956 μου
412 2887 520 2959 τὴν
543 2889 721 2962 ψυχὴν
746 2891 839 2943 καὶ
862 2891 1197 2964 εὐφροσύνης
1219 2896 1388 2967 αὐτὴν
1413 2897 1741 2970 πληρούσης.

172 2976 296 3028 Ούδὲ
319 2977 440 3050 γὰρ
468 2980 565 3050 μία
589 2999 670 3044 τις
694 2977 761 3051 ἦν
786 2983 1148 3054 παράκλησις,
1175 2987 1295 3039 οὐδὲ
1336 2987 1580 3059 δευτέρα,
1608 2991 1744 3046 ἀλλὰ

173 3065 376 3130 πλείους
402 3070 510 3120 καὶ
529 3069 809 3133 τοσαῦται,
836 3071 957 3124 ὅσαι
979 3068 1046 3143 ἦν
1070 3072 1300 3144 ἀριθμὸς
1315 3077 1420 3130 τῶν
1442 3078 1496 3130 ὲν
1518 3082 1583 3150 τῇ
1609 3097 1740 3152 καρ-

1854 1949 2104 2005 Statuiin
2129 1970 2289 2023 supra
2316 1965 2520 2024 petram
2552 1960 2703 2024 pedes
2730 1977 2890 2027 meos,
2921 1975 2970 2017 et
3016 1965 3256 2021 direxisti
3284 1984 3420 2038 gres-

1850 2057 1939 2095 sus
1968 2060 2104 2097 meos
2129 2045 2191 2100 ‘°.

1921 2153 2090 2212 Vens.
2127 2155 2210 2211 l9.
2246 2155 2544 2214 Secundum
2577 2163 2968 2219 multitudinem
3005 2164 3248 2222 dolorum
3279 2186 3420 2224 meo-

1851 2263 1966 2300 rum
1995 2248 2047 2300 in
2071 2249 2226 2303 corde
2275 2268 2409 2317 meo,
2453 2255 2834 2310 consolationes
2870 2267 2974 2312 tua:
3016 2257 3419 2328 lwtiﬁcaverunt

1851 2339 2084 2392 animam
2131 2357 2319 2396 meam.
2348 2341 2468 2396 Non
2512 2345 2687 2400 solum
2722 2347 2950 2417 pedibus
3004 2351 3141 2405 meis
3203 2352 3420 2407 iniseri-

1849 2431 2035 2485 cordia
2065 2439 2157 2485 tua
2187 2434 2333 2488 vires
2369 2434 2597 2500 addidit,
2628 2445 2688 2491 ut
2733 2454 2842 2492 non
2889 2452 3363 2497 commoverentur
3401 2487 3414 2498 .

1847 2540 2020 2593 neque
2055 2527 2430 2580 tantummodo
2474 2529 2733 2584 auxilium
2765 2539 2915 2585 tuum
2963 2534 3198 2589 animam
3240 2551 3416 2590 meam

1846 2617 2151 2685 occupavit,
2195 2624 2253 2670 ut
2297 2634 2404 2672 non
2439 2619 2707 2675 habitaret
2747 2624 2802 2677 in
2843 2623 3094 2693 inferno;
3128 2626 3222 2682 sed
3251 2627 3415 2684 etiam

1846 2707 2084 2771 dolores,
2107 2724 2245 2776 quos
2271 2709 2325 2762 in
2361 2711 2524 2766 corde
2565 2729 2684 2767 ineo
2720 2717 2839 2779 tuli,
2887 2719 3288 2775 consolationes
3312 2728 3416 2773 tua:

1846 2797 2166 2864 allevat-unt,
2191 2814 2387 2854 arcana
2421 2802 2718 2858 clementiae
2754 2815 2858 2861 tua:
2881 2808 2930 2861 vi
2965 2809 3198 2862 animam
3236 2826 3414 2863 meam

1844 2892 2182 2957 consolante,
2227 2892 2511 2962 ipsamque
2554 2897 2751 2965 gaudio
2810 2899 3067 2968 replente.
3107 2899 3224 2954 Non
3266 2903 3412 2953 enim

1842 2995 1950 3034 una
1989 2983 2312 3049 consolatio,
2350 2999 2454 3041 non
2483 2984 2651 3038 altera
2687 2995 2894 3041 tantum
2929 2989 3134 3053 adluit,
3167 2989 3261 3044 sed
3295 2990 3413 3058 plu-

1843 3088 1955 3140 res,
1979 3089 2040 3128 ac
2059 3082 2137 3127 tot
2162 3090 2411 3139 nun‘iero,
2432 3084 2563 3146 quot
2588 3077 2641 3130 in
2657 3078 2820 3132 corde
2850 3095 2969 3134 meo
2991 3081 3206 3135 dolores
3232 3089 3420 3137 erant-

169 3153 251 3225 δίᾳ
277 3173 373 3226 μου
398 3157 627 3214 ὀδυνῶν.
671 3161 1006 3231 Ἐφαμίλλως
1033 3163 1161 3231 γοῦν
1185 3168 1304 3230 ταῖς
1335 3169 1494 3238 ἐμαῖς
1535 3169 1743 3235 ὀδύναις

1848 3163 2104 3219 Certatim
2135 3167 2318 3235 itaque
2359 3183 2456 3236 pro
2489 3183 2716 3222 numero
2748 3169 3019 3235 dolorum,
3055 3170 3123 3224 ad
3166 3172 3411 3240 singulos

171 3246 259 3311 τὰς
274 3249 431 3321 παρὰ
454 3251 552 3303 σοῦ-
574 3269 664 3321 μοι
689 3255 944 3324 παρεῖχες
960 3257 1329 3329 παρακλήσεις
1350 3261 1482 3331 πρὸς
1507 3262 1740 3333 ἑκάστην

169 3338 368 3412 ὀδύνην,
396 3340 598 3415 ὥσπερ
623 3362 674 3397 τι
707 3345 994 3416 φάρμακον
1029 3349 1292 3420 σωτήριον
1320 3348 1416 3422 τὴν
1443 3352 1540 3423 σὴν
1569 3353 1739 3424 παρά-

169 3430 350 3502 κλησιν
417 3435 764 3506 προσφέρων,
816 3439 907 3492 καὶ
953 3437 1140 3512 ὥσπερ
1187 3440 1394 3495 πλείοσι
1439 3443 1735 3514 τραύμασι,

170 3521 374 3588 πλείους
426 3526 645 3589 καὶτὰς
697 3526 989 3599 θεραπείας
1029 3532 1338 3600 προσάγων.
1369 3535 1635 3588 Τοιούτων
1682 3537 1742 3589 δὲ.

173 3617 570 3688 παρακλήσεων
595 3621 622 3672 ό
649 3617 787 3683 θεῖος
827 3622 1146 3686 Ἀπόστολος
1187 3624 1733 3696 ἀντιλαμϐανόμενος,

170 3703 393 3772 ἔφασκεν
427 3723 439 3736 °
481 3710 824 3779 Εὐλογητὸς
849 3713 880 3763 ό
911 3710 1072 3777 Θεὸς,
1098 3715 1130 3766 ὀ
1163 3714 1505 3782 [latim-nbu-
1527 3719 1744 3784 οἰκτιρ-

165 3793 306 3862 μῶν,
351 3797 460 3851 καὶ
501 3797 644 3863 Θεὸς
674 3798 876 3867 πάσης
917 3802 1372 3870 παρακλήσεως,
1408 3809 1442 3858 ὁ
1473 3822 1738 3875 παρακα-

169 3885 288 3939 λῶν
314 3887 490 3958 ἡμᾶς
514 3889 584 3943 ἐν
613 3889 781 3959 πάσῃ
817 3891 891 3961 τῇ
920 3895 1119 3962 θλίψει
1149 3893 1336 3964 ἡμῶν,
1363 3885 1537 3962 εἱςτύ
1561 3898 1740 3953 δύνα-

170 3978 302 4032 σθαι
327 3977 488 4048 ἡμᾶς
530 3982 899 4049 παρακαλεῖν
934 3984 1076 4050 τοὺς
1104 3985 1175 4039 ἐν
1205 3986 1373 4056 πάσῃ
1405 3990 1607 4058 θλίψει
1637 3990 1738 4044 διὰ

170 4068 274 4137 τῆς
301 4072 762 4140 παρακλήσεως,
781 4070 856 4144 ἧς
880 4079 1380 4148 παρακαλούμεθα
1415 4081 1584 4135 αὐτοὶ
1617 4083 1735 4137 ὑπὸ

171 4157 274 4211 toi)
325 4161 495 4215 Θεοῦ.
545 4163 663 4215 Ὅτι
708 4165 868 4218 καθὼ
916 4170 1260 4236 περισσεύει
1306 4171 1378 4224 τὰ
1421 4171 1740 4242 παθήματα

171 4249 273 4302 τοῦ
297 4251 553 4318 Χριστοῦ
585 4255 654 4306 ἐν
677 4255 838 4323 ἡμῖν,
868 4256 1018 4310 οὕτω
1065 4261 1401 4326 περισσεύει
1439 4261 1536 4314 καὶ
1566 4263 1604 4330 ἡ
1627 4278 1736 4317 πα-

165 4339 460 4412 ράκλησις
499 4346 683 4414 ἡμῶν.
713 4350 820 4401 Καὶ
856 4345 924 4420 ἦν
958 4350 1023 4403 ἂν
1057 4352 1231 4405 εἰπεῖν
1255 4353 1391 4424 πρὸς
1415 4355 1604 4419 ταῦτα,
1635 4373 1734 4426 με·

171 4431 465 4490 ταϐαλόντα
488 4437 567 4489 τό·
601 4437 724 4492 Οὐκ
747 4439 823 4505 ἅξ
827 4459 884 4494 ια
907 4442 979 4495 τὰ
996 4443 1309 4512 παθήματα
1346 4445 1452 4499 τοῦ
1476 4447 1592 4500 νῦν
1612 4465 1736 4501 και-

164 4522 274 4587 ροῦ
307 4525 458 4593 πρὸς
483 4525 596 4594 τὴν
624 4502 976 4597 μέλλουσαν
1019 4502 1208 4598 δόξαν
1231 4535 1733 4606 ἀποκαλυφθῆναι
1765 4502 1810 4556 D

171 4612 254 4677 είς
292 4613 470 4684 ἡμᾶς,
507 4618 582 4670 τό·
613 4620 726 4672 Ούκ
763 4621 908 4686 ἄξιον
933 4623 993 4676 τὸ
1030 4623 1232 4694 πλῆθος
1265 4625 1372 4678 τῶν
1397 4626 1594 4680 ὀδυνῶν
1626 4628 1737 4682 τῶν

172 4703 227 4757 ἐν
250 4710 314 4778 τῇ
341 4709 540 4780 καρδίᾳ
562 4729 662 4780 μου
697 4714 832 4784 πρὸς
853 4715 952 4778 τὰς
985 4717 1350 4789 παρακλήσεις
1393 4737 1507 4786 σου,
1532 4716 1578 4774 ὦ
1617 4723 1730 4776 Κύ-

174 4811 273 4864 ριε,
299 4799 386 4868 ἐφ’
407 4795 496 4864 αἷς
511 4801 790 4873 ηὔφρανας
809 4805 907 4875 τὴν
922 4804 1098 4876 ψυχήν
1121 4824 1243 4876 μου.
1262 4809 1325 4861 El
1339 4809 1396 4862 δὲ
1419 4811 1503 4878 ἐφ’
1526 4811 1730 4882 ἑκάστῃ

171 4887 329 4962 ὀδύνῃ
354 4893 748 4962 παρακαλεῖται
782 4913 864 4960 τις
890 4896 992 4948 ὑπὸ
1035 4897 1129 4950 τοῦ
1157 4897 1313 4963 Θεοῦ,
1339 4899 1430 4951 καὶ
1455 4899 1555 4970 τῆς
1581 4902 1731 4973 παρὰ

171 4979 260 5032 τοῦ
289 4982 421 5036 Θεοῦ
447 4984 780 5057 εὐφροσύνης
806 4987 1151 5053 καταξιοῦταί
1175 5005 1274 5052 τις·
1303 4989 1402 5042 οὐκ
1428 4989 1491 5043 ἂν
1519 4991 1733 5056 εὔξαιτο

171 5068 256 5122 διὰ
281 5073 412 5126 Θεὸν
445 5073 660 5139 πλείους
692 5077 980 5146 ὑπομένειν
1021 5077 1227 5142 ὀδύνας,
1255 5080 1329 5142 ὡς
1369 5080 1436 5134 ἂν
1474 5082 1731 5136 πλειόνων

171 5166 422 5236 τυγχάνοι
459 5167 868 5238 παρακλήσεων,
897 5171 988 5222 καὶ
1024 5172 1280 5226 πλειόνων
1305 5171 1410 5226 τῶν
1447 5175 1538 5227 ἐπὶ
1560 5176 1732 5228 ταῦτα

173 5256 512 5327 εὐφροσυνῶν
534 5277 547 5324 ;

239 5347 335 5417 Μὴ
363 5353 810 5421 συμπροσέσται
834 5366 931 5405 σοι
948 5355 1158 5420 θρόνος
1188 5356 1460 5425 ἀνομίας,
1480 5360 1512 5410 ὁ
1537 5357 1732 5411 πλάσ-

173 5453 297 5490 σων
326 5442 516 5497 κόπον
550 5444 647 5497 ἐπὶ
685 5445 1066 5513 πρόσταγμᾱ;
1100 5447 1369 5515 Εἰκότως,
1398 5449 1547 5518 φησὶ,
1589 5449 1727 5502 κατὰ

173 5526 232 5579 τὸ
261 5529 459 5601 πλῆθος
484 5533 590 5588 τῶν
631 5534 826 5588 ὀδυνῶν
850 5535 957 5589 τῶν
997 5538 1051 5589 ἐν
1083 5539 1149 5606 τῇ
1185 5538 1383 5609 καρδίᾳ
1415 5555 1514 5608 μου
1539 5538 1596 5590 αἱ
1621 5555 1727 5591 πα-

176 5620 458 5692 ρακλήσεις
481 5641 574 5677 σου
612 5625 888 5698 ηὔφραναν
921 5627 1018 5696 τὴν
1053 5626 1228 5698 ψυχήν
1271 5645 1368 5698 μου
1391 5621 1414 5657 ·’
1435 5629 1728 5700 ἐπειδήπερ

1845 3259 2088 3328 singulas
2128 3259 2256 3312 mihi
2304 3260 2705 3315 consolationes
2741 3270 2860 3316 tuas
2889 3261 3174 3316 admei-isti
3209 3281 3222 3316 :
3253 3262 3410 3331 quasi

1841 3352 2079 3405 salutare
2098 3351 2448 3420 pharmacum
2468 3352 2894 3408 consnlationem
2913 3352 3166 3418 olferens,
3185 3361 3238 3407 et
3254 3352 3411 3423 quasi

1841 3442 2025 3496 multis
2055 3442 2370 3497 vulneribus
2417 3442 2582 3494 multa
2618 3443 2854 3496 remedia
2891 3443 3170 3498 inducens.
3205 3442 3408 3513 Hujus-

1843 3534 1988 3587 modi
2015 3544 2191 3588 autem
2222 3533 2625 3588 consolationes
2645 3542 2839 3588 nactus
2868 3534 3087 3589 divinus
3115 3535 3408 3606 Apostolus

1839 3624 2052 3679 diccbat
2094 3641 2106 3675 :
2154 3624 2468 3680 Benedictus
2514 3627 2655 3680 Deus
2696 3626 2860 3680 Pater
2903 3627 3404 3692 misericordiarum,

1837 3716 1978 3770 Deus
2001 3719 2160 3770 totius
2190 3719 2594 3781 consolationis,
2620 3719 2709 3787 qui
2729 3717 3034 3772 consolatur
3055 3735 3148 3771 nos
3179 3719 3232 3771 in
3262 3720 3417 3773 omni.

1841 3807 2177 3860 tribulatione
2205 3817 2388 3862 nostra
2431 3824 2448 3860 :
2485 3819 2542 3861 ut
2571 3810 2833 3876 possimus
2866 3825 2959 3862 nos
2995 3809 3260 3862 consolari
3295 3827 3414 3875 eos,

1836 3899 1924 3966 qui
1954 3900 2008 3950 in
2051 3899 2192 3952 omni
2229 3913 2479 3966 pressura
2523 3908 2667 3964 sunt,
2699 3915 2790 3968 per
2818 3901 3252 3966 consolationem,
3305 3919 3411 3972 qua

1837 3991 2174 4045 consolamur
2226 3992 2329 4060 ipsi
2376 4009 2408 4045 a
2462 3990 2590 4045 Deo.
2643 3991 2907 4057 Quoniam
2949 3994 3088 4046 sicut
3132 3993 3405 4047 abundant

1835 4083 2107 4150 passiones
2139 4080 2338 4138 Christi
2361 4084 2415 4135 in
2448 4082 2631 4146 nobis;
2667 4084 2740 4137 sic
2771 4082 3003 4137 abundat
3036 4095 3084 4138 ct
3111 4086 3404 4139 consolatio

1837 4185 2022 4246 nostra
2059 4175 2124 4228 ³ο.
2172 4177 2349 4245 Atque
2386 4175 2500 4229 haec
2531 4177 2694 4230 verba
2747 4177 3007 4231 mutando
3057 4197 3068 4232 :
3119 4177 3242 4236 Non
3280 4189 3403 4233 sunt

1836 4267 2104 4338 condigna:
2131 4269 2405 4337 passiones
2435 4267 2590 4336 hujus
2620 4268 2866 4336 temporis
2901 4268 2970 4321 ad
3017 4270 3253 4341 futuram
3289 4272 3402 4341 glo-

1836 4362 1976 4414 riam
2009 4377 2124 4431 qua:
2161 4361 2475 4414 revelabitur
2509 4361 2561 4413 in
2592 4359 2742 4413 nobis
2779 4361 2861 4424 δις
2894 4363 2974 4417 sic
3002 4362 3109 4417 dici
3140 4371 3351 4432 poterat
3385 4382 3399 4416 :

1836 4450 1956 4506 Non
1996 4459 2082 4507 est
2126 4453 2396 4522 condigna
2446 4452 2739 4506 multitudo
2768 4453 3016 4507 dolorum
3064 4469 3306 4508 meorum
3345 4453 3401 4507 in

1836 4542 2004 4596 corde
2040 4557 2182 4607 meo,
2219 4542 2285 4596 ad
2317 4544 2722 4598 consolationes
2751 4551 2890 4606 tuas,
2922 4543 3169 4604 Domine,
3202 4546 3405 4614 quibus

1835 4633 2116 4688 lietilicasti
2148 4633 2386 4687 animam
2419 4650 2617 4689 meam.
2647 4635 2802 4700 Quod
2827 4635 2873 4689 si
2900 4635 2955 4688 in
2987 4634 3217 4704 singulis
3245 4637 3404 4690 (101οτ

1835 4724 1989 4794 ribus
2026 4724 2151 4793 quis
2179 4738 2210 4776 a
2245 4722 2354 4778 Deo
2376 4724 2802 4779 consolationem
2833 4723 3084 4793 accipiat,
3114 4732 3167 4779 et
3194 4726 3401 4787 lzetitia,

1835 4831 1956 4884 quae
1987 4829 2017 4867 a
2042 4814 2150 4868 Deo
2170 4821 2274 4877 est,
2307 4814 2590 4883 dignetur;
2616 4830 2794 4868 annon
2847 4823 2996 4883 optet
3051 4830 3114 4869 ac
3143 4825 3396 4885 precetur

1836 4909 2035 4964 multos
2062 4925 2158 4978 pro
2199 4907 2307 4963 Deo
2336 4908 2552 4962 dolores
2583 4909 2874 4973 sustinere,
2932 4917 2990 4962 ut
3035 4910 3216 4977 plures
3268 4926 3401 4963 cou-

1839 4999 2137 5055 solationes
2166 5007 2220 5053 et
2268 4999 2452 5067 plures
2491 5013 2553 5053 ea
2585 4999 2651 5054 de
2689 4999 3403 5070 causalzetitiasassequao

1837 5096 1967 5145 ιυΐῖ

1911 5355 2076 5410 Vsus.
2109 5355 2198 5408 20.
2239 5354 2490 5425 Nunquid
2515 5355 2683 5408 aderit
2715 5354 2810 5408 tibi
2836 5355 3052 5409 thronus
3083 5355 3399 5424 iniquitatis,

1837 5450 1927 5518 qui
1945 5449 2096 5518 lingis
2121 5447 2353 5501 laborem
2383 5450 2436 5501 in
2457 5461 2710 5516 prwccpto
2731 5451 2755 5503 ?
2779 5447 2930 5523 ure,
2959 5448 3156 5517 inquit,
3203 5463 3399 5502 secum

1835 5538 1963 5592 dum
1995 5538 2392 5594 multitudinem
2426 5539 2671 5592 dolorum
2714 5555 2952 5593 meorum
2981 5539 3031 5591 in
3065 5539 3227 5598 corde
3256 5554 3402 5601 meo,

1835 5630 2234 5685 consolationes
2284 5638 2391 5685 tum
2441 5631 2846 5704 laetiﬁcareruut
2890 5630 3120 5684 animam
3179 5645 3402 5686 meam.

242 5776 284 5806 δ’
323 5775 461 5835 Psal.
499 5797 680 5846 XXXIX,
717 5783 768 5837 5.
845 5784 890 5814 ⁵⁰
929 5781 966 5836 ll
1001 5781 1127 5837 Cor.
1165 5797 1212 5847 ι,
1252 5783 1364 5838 5-5.
1443 5785 1484 5814 ³¹
1530 5781 1683 5837 Rom.
1721 5799 1794 5850 Il,
1835 5783 1914 5838 l8.
