3830 6288
177 333 306 391 i209

1264 327 1774 385 COMMENTARIA
1800 329 1867 385 ΙΝ
1908 328 2246 385 PSALMOS.

3247 342 3392 396 mo

172 449 343 511 σεῖτε,
373 447 483 518 ἐγὼ
507 447 795 516 νενίκηκα
822 446 930 501 τὸν
948 449 1206 516 sedatior;
1237 451 1265 503 ὁ
1297 449 1391 501 καὶ
1418 447 1720 519 ῥυσάμενος

1834 450 1925 505 nisi
1988 448 2079 503 Dei
2129 447 2360 503 Verbum
2390 452 2535 520 quod
2578 452 2759 511 dixit:
2802 456 3094 527 Conﬁdite,
3149 476 3242 531 ego
3290 462 3389 514 vici

169 542 309 613 ἡμᾶς
336 540 439 593 ἀπὸ
464 540 562 608 τῆς
603 539 767 593 πάλαι
809 539 1254 609 κατακρατούσης
1282 539 1438 609 ἡμῶν
1477 539 1723 609 δαιμονι-

171 632 265 702 κῆς
306 630 596 702 ἐνεργείας,
641 623 701 683 οὗ
750 632 843 684 καὶ
882 631 942 684 τὸ
988 628 1194 700 Ἰησοῦς
1240 631 1409 700 όνομα
1429 644 1723 698 cumpca?

180 720 429 792 Ἐϐραῖκῇ
482 722 631 791 φωνῇ
676 721 948 792 σημαίνει.
995 721 1157 783 Τίνας
1195 720 1252 774 δὲ
1300 719 1725 791 προηγουμένως

168 815 193 866 ὁ
217 812 365 879 λόγος
397 811 486 863 ἐπὶ
509 811 607 882 τὴν
630 812 940 879 άγαλλίασιν
961 810 1284 882 παρακαλεῖ,
1316 810 1496 883 εὕροις
1519 811 1585 865 ἂν
1607 813 1724 864 ἐπι-

170 904 363 973 στήσας
384 905 491 964 τοῖς
515 902 663 973 ἑξῆς,
694 904 753 956 ὲν
782 896 861 966 οἷς
889 901 1120 973 εἴρηται,
1153 904 1316 957 Κατὰ
1346 903 1460 971 τὴν
1500 901 1729 972 ἡμέραν

167 994 266 1048 τοῦ
300 994 631 1062 πειρασμοῦ
652 994 721 1047 ἐν
750 991 823 1061 τῇ
857 992 1070 1062 ἐρήμῳ,
1100 988 1173 1049 οὗ
1210 992 1538 1062 ἑπείρασὰν
1570 1010 1649 1061 με
1672 995 1726 1047 οἱ

166 1086 409 1153 πατέρες
459 1083 643 1154 ὑμῶν.
685 1084 877 1154 Σαφῶς
904 1086 1012 1156 γὰρ
1040 1084 1128 1137 διὰ
1176 1084 1376 1138 τούτων
1420 1084 1570 1157 δηλοῖ
1599 1085 1727 1147 τοὺς

165 1178 307 1239 υἱοὺς
336 1177 443 1229 τῶν
484 1178 540 1229 ὲν
576 1178 640 1247 τῇ
683 1178 872 1247 ἐρήμῳ
906 1176 1455 1247 παραπικρανάντων,
1499 1174 1654 1245 δῆλον
1681 1174 1726 1227 δ’

163 1271 239 1321 ὃτι
257 1268 379 1331 τοὺς
399 1269 463 1321 ἐκ
488 1268 803 1338 περιτομῆς.
828 1268 1057 1331 Τούτους
1077 1267 1360 1338 τοιγαροῦν
1381 1266 1728 1320 ἀνακαλεῖται

161 1359 359 1425 λέγων’
395 1358 572 1412 Δεῦτε
591 1357 1083 1428 ἀγαλλιασώμεθα
1115 1359 1195 1424 τῷ
1228 1358 1438 1426 Κιιρίῳ.
1468 1357 1726 1421 Θεσπίζει

160 1451 201 1504 δ’
230 1452 311 1504 ὅτι
346 1450 420 1521 μὴ
461 1448 850 1503 ὑπακούσονται
883 1453 948 1520 τῇ
985 1450 1207 1521 κλήσεν
1241 1451 1387 1518 λέγει
1419 1451 1462 1503 δ’
1489 1446 1582 1503 οὖν
1630 1450 1726 1503 ἐπὶ

164 1544 322 1597 τέλει’
367 1542 482 1597 Ἀεὶ
527 1541 867 1597 πλανῶνται
896 1540 971 1610 τῇ
1018 1541 1251 1610 καρδίᾳ.
1294 1543 1473 1596 Αὐτοὶ
1511 1540 1579 1595 δὲ
1616 1543 1726 1595 οὐκ

162 1636 431 1704 ἔγνωσαν
458 1635 564 1700 τὰς
612 1632 791 1699 ὁδούς
822 1652 962 1702 μου,
1014 1634 1096 1699 ὡς
1123 1632 1331 1703 ὤμοσα
1357 1634 1426 1687 ὲν
1461 1632 1538 1701 τῇ
1578 1630 1726 1703 ὀργῆ

159 1743 290 1795 μου,
328 1728 381 1778 εί
417 1725 867 1779 εἰσελεύσονται
902 1726 990 1790 είς
1025 1725 1141 1795 τὴν
1172 1724 1551 1778 κατάπαυσίν
1582 1741 1721 1791 μου.

1823 539 2156 602 mundum",
2188 547 2350 609 atque
2366 558 2463 596 nos
2494 544 2561 597 ab
2593 546 2793 602 ellicaci
2838 551 2926 605 illa
2951 552 3254 607 daemonum
3276 552 3389 604 vir-

1823 640 1971 697 tute,
2032 648 2153 702 quae
2186 634 2344 688 nobis
2363 634 2487 688 olim
2511 634 3208 710 dominabatur,liberavit;
3232 642 3391 710 cujus

1824 740 2020 778 nomen
2051 722 2230 790 Jesus,
2280 726 2516 779 salutare
2566 726 2831 783 Hebraice
2873 731 3179 802 signiﬁcat?
3207 732 3391 799 Quos-

1825 831 1949 869 nam
1982 831 2114 870 vero
2145 817 2414 887 praecipue
2447 817 2512 871 ad
2547 819 2962 877 exsultationem
3006 832 3261 895 provocet
3297 822 3394 877 dc-

1825 905 2151 976 prehendes,
2198 908 2241 962 si
2270 908 2584 965 consideres
2625 924 2688 964 ea
2718 926 2840 979 quae
2870 923 3193 982 sequuntur,
3224 921 3277 970 et
3310 912 3396 969 sic

1827 998 2046 1064 habent,
2087 999 2383 1054 Secundum
2436 1001 2574 1055 diem
2606 1005 2911 1057 tentationis
2946 1006 3001 1058 in
3036 1006 3259 1072 deserto,
3299 1005 3400 1060 ubi

1828 1101 2158 1145 tentaverunt
2189 1108 2268 1145 me
2295 1102 2470 1160 patres
2502 1094 2675 1146 vestri.
2707 1092 2968 1149 His'enim
3000 1097 3288 1153 manifeste
3316 1096 3397 1152 si-

1825 1180 2046 1251 gniﬁcat
2074 1180 2211 1235 filios
2238 1197 2424 1235 eorum
2450 1181 2543 1251 qui
2569 1182 2622 1235 in
2656 1184 2875 1238 deserto
2921 1186 3393 1241 exacerbaverunt

1824 1287 1972 1333 eum,
2006 1271 2122 1325 sive
2172 1272 2431 1341 populum
2484 1286 2547 1326 ex
2599 1272 3038 1329 circumcisione.
3090 1274 3201 1330 Hos
3229 1275 3398 1345 igitur

1824 1371 2014 1416 evocat
2038 1361 2248 1426 dicens,
2277 1361 2470 1423 Venite,
2498 1363 2818 1417 exsultemus
2850 1364 3094 1431 Domino.
3119 1348 3397 1419 Vaticina-

1826 1458 1914 1503 tur
1945 1464 2128 1518 porro,
2155 1464 2251 1503 eos
2278 1449 2548 1505 vocationi
2582 1466 2691 1504 non
2724 1452 3192 1521 obtemperaturos
3224 1470 3347 1510 esse
3377 1478 3395 1513 λ

1824 1540 1901 1595 ait
1930 1541 2074 1596 enim
2105 1542 2206 1595 sub
2238 1541 2396 1594 finem
2425 1561 2438 1596 :
2473 1542 2687 1611 Semper
2709 1554 2888 1597 errant
2918 1545 3090 1600 corde.
3126 1544 3238 1613 Ipsi
3279 1563 3406 1602 vero

1826 1647 1931 1685 non
1965 1642 2311 1700 cognoverunt
2340 1633 2450 1686 eius
2491 1650 2654 1697 meas,
2681 1635 2815 1688 sicut
2839 1635 3020 1703 juravi
3048 1637 3206 1689 inira
3238 1654 3354 1691 mea
3378 1676 3394 1700 ,

1828 1723 1874 1777 si
1923 1723 2212 1777 introibant
2250 1724 2305 1777 in
2330 1726 2557 1794 requiem
2589 1741 2778 1780 meam.
2810 1725 3076 1791 Quoniam
3129 1728 3293 1798 igitur
3319 1726 3403 1782 illi

174 1818 318 1871 Ἐπεὶ
346 1813 441 1871 οὖν
472 1819 667 1871 ἐκεῖνοι
698 1817 785 1870 ἀεὶ
816 1817 1120 1871 πλανῶνται
1149 1819 1215 1888 τῇ
1257 1816 1473 1888 καρδίᾳ,
1503 1815 1726 1880 εἰκότως

1834 1824 2039 1883 semper
2067 1821 2256 1869 errant
2309 1816 2506 1879 corde;
2542 1818 2735 1871 merito
2788 1819 3131 1888 subsequens
3158 1821 3405 1888 psalmus

161 1908 599 1979 όὲπιφερόμενος
652 1909 778 1979 ἑξῆς
809 1906 1017 1978 ψαλμὸς
1062 1907 1131 1960 τὰ
1184 1907 1309 1977 ἔθνη
1359 1909 1532 1961 πάντα
1575 1906 1728 1959 καλεῖ

163 1999 247 2051 ἐπὶ
274 1998 335 2050 τὸ
386 1997 573 2052 καινὸν
604 1994 774 2070 ᾆσμα,
825 1998 919 2051 καὶ
950 1996 1041 2052 ἐπὶ
1083 1996 1179 2070 τὴν
1208 1998 1264 2049 ὲν
1315 1996 1434 2068 Θεῷ
1471 1995 1726 2065 ἀγαλλία-

163 2106 261 2141 σιν.

228 2180 670 2250 Προφθὰσωμεν
691 2181 754 2236 τὸ
784 2182 1107 2249 πρόσωπον
1130 2180 1314 2234 αὑτοῦ
1339 2180 1407 2233 ἐν
1447 2180 1729 2249 ἐξομολο-

1825 1918 2019 1959 omnes
2049 1912 2238 1974 gentes
2262 1906 2327 1960 ad
2352 1907 2625 1960 canticum
2655 1922 2878 1973 novum,
2904 1919 2958 1964 et
2988 1910 3054 1964 ad
3077 1910 3401 1965 exsultatio-

1826 2010 1949 2048 nem
1984 1994 2037 2049 in
2070 1994 2179 2050 Deo
2214 2005 2491 2065 provocat.

1900 2188 2061 2243 Vens.
2082 2190 2137 2242 ει.
2177 2186 2606 2257 Ρνωοοσιιρειηιιε
2630 2188 2819 2257 faciem
2835 2187 2948 2256 ejus
2972 2187 3025 2241 in
3051 2185 3405 2256 confessione,

162 2273 346 2343 τήσει,
388 2275 493 2326 καὶ
536 2274 606 2326 ἐν
653 2272 913 2342 ψαλμοῖς
957 2271 1353 2341 ἀλαλάξωμεν
1384 2270 1559 2335 αὐτῷ.
1604 2270 1728 2324 Ἐπὶ

1834 2285 1873 2330 ιι
1898 2277 1950 2329 in
1983 2276 2203 2345 psalmis
2226 2277 2513 2345 jubilemus
2545 2278 2612 2332 ei.
2645 2277 2699 2331 In
2732 2278 2906 2347 primo
2932 2274 3148 2345 quidem
3167 2276 3407 2329 adventu

164 2365 256 2435 μὲν
283 2365 379 2434 τῆς
405 2362 632 2437 πρώτης
653 2363 816 2418 αὑτοῦ
834 2363 1134 2436 παρουσίας
1159 2351 1221 2416 τὸ
1254 2363 1541 2433 πρόσωπον
1564 2360 1727 2415 αὐτοῦ

161 2456 217 2510 τὸ
245 2457 428 2510 ἔνθεον
460 2457 780 2528 ἀποκρύψας
800 2459 828 2511 ό
863 2457 955 2511 τοῦ
989 2456 1123 2511 Θεοῦ
1154 2456 1342 2525 Λόγος,
1370 2455 1471 2526 τὴν
1491 2453 1584 2507 τοῦ
1605 2453 1727 2506 δού-

163 2545 248 2601 λου
283 2548 499 2619 μορφὴν
528 2549 896 2620 περιεϐάλετο·
924 2548 1002 2601 διὸ
1017 2547 1250 2619 εἴρηταιο
1294 2548 1635 2614 Ἀνθρωπος
1659 2544 1730 2598 ἐν

164 2638 361 2709 πληγῇ
385 2639 500 2703 ὢν,
529 2640 626 2694 καὶ
653 2640 823 2707 εἰδὼς
851 2641 1054 2710 φέρειν
1100 2640 1408 2709 μαλακίαν
1426 2656 1439 2670 ·
1482 2637 1572 2691 ὅτι
1610 2638 1726 2692 ἀπ·-

162 2730 407 2799 ἐστρεψε
449 2731 515 2785 τὸ
545 2735 869 2801 πρόσωπον
895 2732 1101 2797 αὐτοῦ,
1136 2730 1454 2801 ἠτιμάσθη,
1481 2730 1577 2783 καὶ
1610 2732 1721 2784 οὐκ

162 2823 468 2891 ἐλογίσθη.
513 2823 633 2876 Ἐπὶ
665 2824 723 2876 δὲ
757 2825 856 2893 τῆς
895 2823 1154 2895 δευτέρας
1203 2822 1366 2876 αὑτοῦ
1424 2820 1729 2893 παρουσίας

163 2912 662 2984 ἀνακεκαλυμμένῳ
694 2913 968 2984 προσώπῳ
1000 2915 1095 2967 καὶ
1137 2913 1275 2984 μετὰ
1316 2913 1595 2983 δυνάμεως
1634 2913 1730 2965 καὶ

163 2996 310 3067 δόξης
344 2998 554 3068 πολλῆς
581 3000 949 3069 ἐπιστήσεται·
987 3000 1172 3071 διόπερ
1198 3001 1226 3053 ὁ
1251 2999 1425 3065 λόγος,
1456 2998 1729 3069 προτάξας

162 3088 224 3141 τὰ
261 3088 535 3162 εἰρημένα
564 3088 653 3143 διὰ
693 3090 802 3144 τῶν
844 3089 1097 3161 πρώτων,
1129 3091 1273 3161 ἆπερ
1310 3089 1478 3161 ἐχρῆν
1508 3090 1729 3160 ὲπὶ·τῆς

164 3182 432 3254 προτέρας
461 3174 626 3237 αὐτοῦ
642 3184 956 3257 ¹παρουσίας
985 3185 1265 3254 πράττειν,
1284 3182 1409 3253 ἑξῆς
1424 3181 1731 3244 ἀκολούθως

161 3270 255 3341 τῆς
287 3272 559 3343 δευτέρας
617 3272 779 3328 αὑτοῦ
822 3273 917 3327 καὶ
960 3273 1170 3339 ἐνδόξου
1218 3273 1542 3342 ὲπιφανείας
1594 3272 1729 3325 ὑπο-

162 3365 483 3434 μιμνήσκει,
509 3346 1011 3436 παρακελευόμενος
1030 3362 1319 3436 προϐαλεῖν
1333 3362 1395 3416 τὸ
1416 3362 1625 3434 μέλλον,
1639 3361 1733 3416 καὶ

164 3456 409 3525 προφθάσ
428 3473 484 3510 αι
509 3456 569 3510 τὸ
591 3458 882 3531 πρόσωπον
917 3456 1082 3512 αὑτοῦ
1108 3458 1165 3511 ὲν
1190 3456 1589 3528 ἐξομολογήσει.
1619 3457 1735 3509 Κα-

160 3541 245 3596 λὸν
266 3544 371 3616 γὰρ
395 3544 717 3617 προφθάσαι
752 3547 845 3600 καὶ
869 3546 1179 3619 προλαϐεῖν,
1217 3547 1312 3601 καὶ¹
1340 3546 1469 3620 πρὶν
1502 3545 1734 3617 φανῆναι

167 3632 226 3686 τὸ
253 3636 541 3706 πρόσωπον
574 3637 736 3690 αὐτοῦ
770 3637 998 3702 ἔνδοξον,
1030 3638 1114 3707 ἐφ’
1139 3634 1220 3702 οἷς
1249 3638 1567 3709 ἡμάρτομεν
1596 3638 1733 3692 ἁπο-

170 3724 427 3798 κάθαρσιν
458 3728 670 3791 ἑαυτοῖς
697 3727 1020 3797 πορίσασθαι
1039 3728 1127 3783 διὰ
1146 3730 1245 3799 τῆς
1275 3729 1731 3802 ὲξομολογήσεως.

170 3816 374 3871 Γένοιτο
398 3819 442 3873 δ’
481 3818 547 3872 ἂν
576 3820 608 3889 ἡ
648 3818 1035 3889 ἐξομολόγησις
1061 3820 1279 3891 γνησία,
1318 3824 1366 3874 εί
1409 3824 1465 3875 ἐν
1501 3822 1737 3892 ψαλμοῖς

169 3908 521 3981 ὲλαλάζωμεν
565 3909 731 3980 αὐτῷ,
776 3910 1020 3964 τουτέστι
1065 3910 1152 3965 διὰ
1201 3911 1309 3964 τῶν
1356 3912 1603 3984 ὀργάνων
1637 3916 1735 3985 τῆς

170 3999 356 4071 ψυχῆς,
395 4003 540 4073 ἆπερ
579 4002 695 4054 ἐστὶ
726 4003 794 4056 τὰ
828 4002 1085 4073 σώματα·
1119 4003 1186 4055 δι’
1215 3997 1290 4055 ὧν
1341 4004 1602 4074 προσήκει
1646 4005 1738 4057 τὸν

171 4090 498 4161 καλούμενον
538 4091 850 4161 ἀλαλαγμὸν
889 4091 1175 4154 ἐπιτελεῖν,
1221 4092 1320 4161 βίῳ
1359 4090 1597 4163 σώφρονι
1643 4094 1739 4147 καὶ

173 4182 408 4255 πολιτείᾳ
435 4183 676 4255 έναρέτῳ
722 4184 820 4255 τὴν
844 4183 938 4238 τοῦ
964 4184 1110 4237 Θείου
1140 4183 1454 4255 Πνεύματος
1478 4185 1741 4256 ἁρμονίαν

170 4273 259 4326 καὶ
303 4276 395 4329 τὸν
444 4274 599 4343 ἆγιον
653 4275 859 4347 ῥυθμὸν
915 4275 1409 4345 ἐπιδεικνυμένους.
1459 4276 1641 4329 Ταῦτα
1684 4274 1741 4329 δὲ

173 4366 595 4437 προηγουμένως
633 4367 772 4438 πρὸς
814 4366 904 4420 τὸν
963 4366 1231 4419 Ἰουδαίων
1289 4366 1537 4419 λέλεκται
1588 4366 1738 4428 λαὸν,

1826 2367 2190 2430 suo,divinam
2208 2382 2362 2421 suam
2380 2368 2661 2422 occultans
2679 2366 2992 2429 faciem,Dei
3014 2363 3244 2419 Verbum
3264 2363 3406 2419 servi

1827 2458 2054 2512 formam
2075 2457 2250 2510 induit
2272 2476 2283 2510 :
2308 2472 2476 2527 quare
2494 2457 2698 2511 dictum
2722 2467 2798 2511 est
2811 2497 2825 2521 ,
2857 2455 3025 2507 llomo
3046 2456 3097 2507 in
3115 2454 3273 2524 plaga
3289 2470 3413 2507 con-

1828 2550 2068 2613 stitutus,
2098 2558 2147 2601 et
2170 2550 2337 2601 sciens
2359 2548 2493 2617 ferre
2511 2548 2911 2617 inﬁrmitatem;
2940 2548 3188 2616 quoniam
3220 2545 3411 2597 avertit

1827 2639 2026 2693 vulmm
2056 2655 2243 2703 suum,
2281 2620 2628 2693 inhonoratus
2660 2646 2759 2702 est,
2793 2653 2884 2690 nec
2949 2635 3300 2705 reputatus".
3345 2632 3410 2689 In

1830 2731 2072 2785 secundo
2123 2739 2303 2784 autem
2364 2729 2600 2784 adventu
2659 2743 2781 2793 suo,
2818 2728 3054 2782 revelata
3089 2724 3246 2789 facie,
3280 2740 3409 2781 cum

1829 2828 2095 2892 potestate
2126 2827 2178 2875 et
2199 2820 2370 2890 gloria
2394 2834 2589 2891 magna
2620 2820 2794 2874 aderit
2826 2838 2839 2874 :
2866 2816 3217 2888 quamobrem
3260 2815 3413 2871 Scri—

1830 2922 2012 2983 ptura,
2055 2912 2355 2982 praemissis
2397 2911 2464 2965 iis
2502 2925 2624 2980 quae
2666 2910 2813 2964 dicta
2867 2918 2993 2964 sunt
3027 2908 3080 2962 in
3114 2894 3407 2979 principio,

1829 3020 1951 3074 quae
1975 3005 2029 3058 in
2050 3003 2227 3073 primo
2255 3002 2487 3057 adventu
2515 3001 2635 3072 ejus
2657 3000 2866 3056 edenda
2899 3009 3079 3065 erant,
3115 3000 3241 3054 hinc
3270 3014 3407 3053 con-

1831 3100 2121 3164 sequenter
2178 3091 2475 3148 secundum
2526 3100 2581 3147 et
2636 3092 2931 3162 gloriosum
2959 3093 3078 3161 ejus
3118 3091 3409 3146 adventum

1834 3191 2245 3250 commemorat,
2270 3184 2528 3254 iubetque
2558 3182 2742 3239 futura
2765 3191 3109 3255 praevertere,
3127 3191 3181 3239 et
3214 3184 3410 3238 faciem

1833 3279 1953 3348 ejus
1976 3278 2029 3331 in
2058 3276 2403 3332 confessione
2431 3276 2893 3347 praeoccupare.E
2916 3293 2973 3332 re
2994 3291 3227 3345 namque
3249 3275 3411 3330 fuerit

1834 3375 2193 3433 mitevertere,
2218 3374 2379 3438 atque
2400 3369 2697 3438 gloriosum
2714 3369 2835 3438 ejus
2861 3369 3065 3423 vultum
3092 3368 3412 3439 praevenire,

1833 3466 1888 3514 et
1920 3468 2211 3528 antequam
2258 3459 2496 3529 gloriosa
2544 3459 2666 3527 ejus
2708 3458 2877 3515 facies
2904 3466 3183 3531 appareat,
3215 3474 3415 3529 purga-

1834 3549 2037 3604 tionem
2072 3548 2396 3605 delictorum
2432 3564 2528 3619 per
2564 3549 2968 3605 confessionem
3011 3551 3173 3605 nobis
3218 3566 3415 3620 procu-

1834 3657 1977 3696 rare.
2005 3642 2295 3697 Confessio
2326 3650 2507 3697 autem
2540 3643 2755 3697 sincera
2785 3651 2839 3697 et
2870 3656 3127 3712 germana
3161 3641 3339 3703 fuerit,
3363 3641 3414 3696 si

1836 3735 1892 3789 in
1938 3735 2162 3804 psalmis
2206 3734 2502 3803 jubilemns
2528 3734 2600 3797 ei,
2635 3734 2686 3787 id
2717 3740 2821 3798 est,
2854 3748 2949 3803 per
2977 3733 3169 3786 anima:
3207 3732 3417 3787 instru-

1835 3832 2044 3888 menta,
2091 3839 2212 3893 qua:
2267 3832 2398 3877 sunt
2428 3838 2659 3891 corpora
2690 3831 2879 3879 nostra
2921 3822 3121 3893 :queis
3161 3823 3417 3878 convenit

1838 3916 2006 3978 illam,
2035 3924 2095 3969 ut
2124 3922 2304 3977 vocat,
2323 3914 2694 3980 iubilationem
2725 3930 2823 3983 per
2845 3914 3008 3967 vitam
3037 3914 3317 3969 honestam
3348 3930 3417 3971 ac

1837 4004 2058 4059 virtutis
2082 4004 2391 4058 institutum
2414 4001 2742 4073 persolvere,
2758 4017 2823 4057 ac
2837 4002 3007 4057 divmi
3030 4002 3266 4074 Spiritus
3286 4006 3413 4058 bar-

1838 4096 2075 4150 moniam
2111 4109 2437 4164 sacrumque
2465 4102 2797 4149 concentum
2828 4095 3104 4150 exhibere.
3139 4094 3263 4150 llaec
3293 4112 3416 4166 por-

1838 4201 1902 4240 ro
1925 4184 2235 4240 Judreorum
2269 4187 2569 4254 praesertim
2605 4186 2807 4256 populo
2838 4186 3117 4254 dicuntur,
3160 4203 3419 4244 sermone

1841 4278 1991 4347 ipsos
2019 4277 2085 4332 ad
2114 4276 2413 4333 Salvatoris
2458 4279 2630 4332 nostri
2662 4276 3027 4348 cognitionem
3063 4288 3410 4349 provocante.

1841 4367 2093 4421 Attamen
2118 4367 2278 4421 nobis
2298 4366 2463 4419 etiam
2488 4367 2743 4422 omnibus
2762 4368 2875 4422 ha‘c
2905 4376 3209 4437 opportune
3241 4368 3414 4437 appli—

171 4458 611 4527 προκαλουμένου
642 4459 837 4521 αὐτοὺς
864 4457 956 4511 τοῦ
990 4458 1146 4527 λόγου
1179 4458 1273 4510 ἐπὶ
1305 4456 1402 4529 τὴν
1429 4457 1522 4510 τοῦ
1552 4457 1732 4523 Σωτῆ-

1844 4467 2038 4514 centur
2062 4476 2076 4513 :
2102 4489 2175 4499 -—
2196 4456 2361 4512 Vens.
2417 4458 2468 4512 5.
2502 4458 2768 4523 Quoniam
2806 4457 2944 4512 Deus
2971 4475 3193 4528 magnus
3234 4458 3414 4512 Domi-

175 4565 261 4617 ρος
310 4549 469 4619 ἡμῶν
507 4548 707 4617 γνῶσιν
727 4564 739 4577 ’
774 4549 921 4618 ὅμως
952 4548 1010 4601 δὲ
1044 4549 1138 4601 καὶ
1171 4547 1307 4619 πρὸς
1355 4547 1560 4611 πάντας
1591 4549 1738 4618 ἡμᾶς

169 4640 453 4711 χρησίμως
484 4638 548 4693 ἂν
571 4639 938 4711 ὲφαρμοσθείη
956 4680 969 4692 .
1001 4641 1118 4693 Ὅτι
1146 4641 1288 4705 Θεὸς
1316 4639 1503 4709 μέγας
1527 4640 1739 4707 Κύριος

174 4729 269 4781 καὶ
307 4731 609 4798 ,ϐασιλεὺς
631 4732 820 4801 μέγας
845 4732 945 4785 ἐπὶ
972 4731 1204 4798 πάντας
1244 4732 1386 4797 τοὺς
1423 4732 1616 4796 θεούς.
1657 4731 1738 4784 Τὰ

175 4821 603 4893 παρηγγελμένα
633 4822 855 4876 διά“τῶν
889 4822 1194 4895 ἔμπροσθεν
1222 4823 1279 4875 ὲν
1306 4821 1385 4891 τῷ
1417 4822 1606 4892 Κυρίῳ
1643 4820 1739 4875 καὶ

176 4911 386 4984 Σωτῆρι
423 4914 456 4982 ἠ
466 4912 602 4983 μῶν,
649 4912 848 4983 δηλαδὴ
877 4911 955 4983 τῷ
984 4912 1076 4965 τοῦ
1106 4912 1241 4965 Θεοῦ
1288 4913 1467 4983 Λόγῳ,
1499 4911 1740 4964 ἐπιτελε-

177 5002 347 5067 στέον,
374 5003 464 5056 διά
479 5021 539 5056 τε
569 5003 638 5057 τὰ
665 5002 819 5068 ἄλλα,
846 5005 940 5057 καὶ
969 5004 1100 5057 διότι
1122 5003 1281 5073 φύσει
1309 5004 1481 5074 μέγας
1512 5003 1586 5057 ὣν
1611 5004 1743 5067 Θεὸς

176 5095 267 5147 καὶ
303 5094 479 5165 μέγας
507 5095 761 5165 τυγχάνει
798 5096 1065 5167 βασιλεὺς,
1102 5096 1197 5148 ἆτε
1232 5094 1523 5166 μονογενὴς
1551 5093 1626 5147 ὢν
1647 5094 1741 5147 τοῦ

174 5186 305 5239 Θεοῦ
341 5187 531 5255 Λόγος.
578 5187 839 5251 Βασιλεὺς
885 5188 945 5242 δὲ
996 5188 1169 5259 μέγας
1218 5188 1366 5240 ἐστὶν
1412 5189 1506 5241 ἐπὶ
1537 5188 1745 5249 πάντας

174 5278 297 5341 τοὺς
326 5278 510 5342 θεοὺς,
554 5278 588 5348 ἢ
618 5278 759 5332 κατὰ
785 5275 877 5332 τὸν
927 5277 1243 5348 Σύμμαχον,
1270 5278 1470 5331 ἐπάνω
1503 5277 1745 5331 πάντων

174 5348 291 5420 t5.»-
309 5365 463 5423 θεῶν
480 5386 494 5401 ·
530 5371 647 5440 ἦτοι
667 5369 776 5422 τῶν
814 5369 1243 5440 πεπλανημένως
1268 5370 1416 5441 παρὰ
1431 5373 1544 5433 τοῖς
1568 5369 1742 5422 ἔθνεσι

172 5460 597 5531 νενομισμένων·
634 5460 799 5532 ἢτῶν
832 5463 1056 5515 Μωῦσεί
1097 5459 1510 5530 παραπλησίων,
1535 5453 1741 5531 ᾧείρη-

172 5567 279 5615 ται,
320 5552 561 5607 Τέθεικά
593 5570 665 5607 σε
697 5552 834 5606 θεὸν
853 5549 1078 5607 Φαοαὼ·
1116 5552 1150 5614 ἢ
1182 5550 1318 5604 Θεῶν
1342 5551 1468 5623 περὶ
1488 5546 1562 5606 ὧν
1594 5550 1741 5623 εἴρη-

240 5707 284 5760 ’Τ
322 5707 486 5766 Joan.
524 5726 646 5767 XVI.
682 5710 768 5765 33.
846 5710 890 5743 ⁸⁸
932 5708 1032 5765 lsa.
1072 5725 1200 5765 Lm.
1238 5708 1290 5764 5.

1844 4567 1965 4614 nus,
2009 4559 2058 4605 et
2114 4566 2206 4605 rea:
2250 4568 2468 4622 magnus
2502 4568 2657 4620 super
2699 4568 2874 4605 omnes
2915 4550 3058 4604 deos.
3092 4550 3223 4615 Quae
3257 4552 3417 4619 prius

1843 4652 2110 4713 praecepta
2146 4654 2199 4698 et
2249 4644 2505 4697 mandata
2547 4642 2719 4703 fuere,
2758 4643 2811 4696 in
2856 4642 3084 4697 Domino
3121 4650 3175 4695 et
3220 4640 3416 4696 Serva-

1844 4743 1963 4788 tore
1994 4742 2203 4799 nostro,
2227 4735 2438 4790 scilicet
2466 4736 2519 4788 in
2564 4734 2659 4789 Dei
2691 4732 2868 4788 Verbo
2902 4733 3221 4804 complenda
3254 4742 3412 4798 sunt;

1842 4829 1957 4875 tum
2009 4823 2132 4878 aliis
2183 4823 2251 4878 de
2296 4825 2501 4889 causis,
2533 4831 2649 4877 tum
2699 4822 2828 4892 quia
2875 4838 3000 4877 eum
3047 4834 3239 4877 natura
3269 4821 3413 4879 Deus

1845 4929 2077 4983 magnus
2109 4918 2200 4981 sit,
2234 4932 2462 4986 magnus
2501 4915 2630 4971 item
2662 4930 2758 4969 rex
2788 4914 2971 4981 fuerit,
3012 4921 3200 4984 utpote
3228 4915 3414 4984 unige-

1843 5003 2019 5057 nitum
2063 5003 2157 5059 Dei
2188 5004 2445 5060 Verbum.
2476 5005 2571 5061 Est
2601 5013 2780 5061 autem
2834 5020 2929 5059 rex
2984 5019 3214 5073 magnus
3252 5018 3417 5071 super

1843 5110 2031 5150 omnes
2060 5095 2228 5160 deos;
2268 5097 2402 5159 sive,
2444 5096 2743 5151 secundum
2798 5094 3205 5165 Symmachum,
3241 5093 3414 5161 Supra

1845 5200 2021 5238 omnes
2050 5184 2213 5261 deos;
2247 5185 2499 5239 videlicet
2546 5200 2642 5239 eos
2680 5183 2771 5252 qui
2808 5182 3049 5252 gentium
3103 5194 3288 5261 errore
3340 5177 3413 5230 dii

1845 5292 1968 5332 esse
2004 5256 2290 5346 putantur;
2329 5276 2443 5330 sive
2496 5289 2613 5337 eos,
2645 5273 2737 5344 qui
2791 5271 2962 5342 Moysi
3009 5256 3214 5325 similes
3265 5278 3415 5332 sunt,

1848 5370 1936 5423 cui
1959 5369 2160 5422 dictum
2184 5377 2267 5421 est
2286 5366 2474 5420 :Posui
2490 5376 2539 5420 te
2556 5366 2724 5420 Deum
2740 5364 3038 5417 Pharaonis
3057 5363 3125 5427 '9;
3146 5362 3259 5417 sive
3282 5359 3418 5415 deos

1848 5459 1914 5512 de
1945 5459 2145 5527 quibus
2176 5458 2289 5510 inec
2319 5458 2598 5519 dicuntur,
2632 5454 2771 5509 Deus
2808 5454 3025 5508 deorum
3058 5452 3315 5507 Dominus
3337 5450 3418 5505 lo-

1847 5561 1999 5605 cutus
2027 5561 2102 5605 est
2120 5549 2202 5617 ‘°;
2232 5562 2306 5613 et,
2347 5549 2479 5603 Deus
2513 5550 2655 5605 stetit
2696 5549 2747 5602 in
2787 5562 3051 5618 synagoga
3091 5544 3363 5602 deorum“
3395 5564 3414 5602 :

1367 5709 1411 5740 ”
1451 5707 1617 5763 Exod.
1657 5724 1728 5761 vn
1757 5747 1770 5769 ,
1811 5708 1857 5761 Ι.
1927 5707 1978 5738 ⁵ο
2019 5703 2160 5761 Psal.
2201 5720 2357 5764 nix.
2399 5706 2444 5760 Ι.
2525 5706 2563 5735 ⁶¹
2608 5702 2748 5760 Psal.
2784 5718 2983 5764 tam,
3022 5702 3068 5758 ι.
