3830 6288
448 291 577 343 nu
1110 252 1380 347 eusan
1420 288 1896 345 CASSABIENSIS
1922 285 2018 343 or

2123 282 2302 341 PARS
2324 285 2423 340 .lll.
2464 315 2536 326 ——
2573 285 2980 343 EXEGETICA.
3519 292 3625 347 ﬁli

445 420 607 459 nemo
648 419 792 458 cmm
841 419 1032 459 eorum
1079 404 1181 474 ipsi
1248 404 1443 459 similis
1486 414 1588 459 est.
1646 402 2011 469 Quamobrem

2119 413 2230 451 ταν
2275 398 2419 465 Θεὸς
2474 398 2624 454 θεῶν
2659 401 2873 468 Κύριος
2920 399 3182 468 ἐλάλησε
3202 417 3217 432 ’
3256 401 3378 466 καὶ,
3425 402 3473 456 ’0
3514 407 3627 474 Θεὸς

446 496 580 549 alibi
606 509 823 566 quoque
861 496 1066 550 dictum
1093 504 1176 551 est
1204 515 1219 552 :
1245 496 1509 563 Quoniam
1541 496 1658 565 quis
1697 495 1752 548 in
1791 493 2015 549 nubibus

2119 489 2261 556 ἔστη
2285 489 2355 542 ἐν
2385 489 2705 560 συναγωγῇ
2736 490 2914 545 θεῶν·
2944 491 3115 555 οὐδεὶς
3143 492 3253 562 γάρ
3297 491 3439 562 αὑτῷ
3465 495 3629 549 τούτων

447 587 745 656 wquabitur
795 587 1047 656 Domino,
1100 589 1292 644 similis
1348 590 1451 647 erit
1513 588 1740 644 Domino
1782 589 1839 643 in
1884 589 2014 658 ﬁliis

2119 579 2316 650 ὅμοιος.
2336 581 2412 633 Δι’
2441 580 2469 633 ὅ
2489 580 2582 634 καὶ
2619 580 2849 651 ἀλλαχοῦ
2877 580 3106 654 εἴρηται·
3141 584 3265 635 Ὅτι
3290 582 3383 649 τίς
3404 583 3477 636 ἐν
3493 587 3630 654 reet-

450 676 545 731 Dei
561 678 647 731 ηι
2114 675 2254 738 ,ταις
2284 671 2638 738 ίσωθήσεται
2655 672 2735 739 τῷ
2758 674 2966 742 Κυρίῳ,
3002 674 3424 743 ὁμοιωθήσεται
3454 674 3526 740 τῷ
3546 680 3632 732 Κυ-

2106 764 2218 831 ρίῳ
2244 763 2313 816 ἐν
2342 763 2493 829 υίοῖς
2515 763 2662 817 Θεοῦ
2687 778 2707 827 ;

506 846 686 908 Υειιε.
719 853 773 909 ι.
799 852 935 920 Quia
968 855 1022 908 in
1050 871 1210 909 manu
1248 854 1363 924 ejus
1394 865 1518 909 sunt
1551 872 1728 912 omnes
1752 858 1882 926 ﬁnes
1911 865 2015 912 ter-

449 961 544 1009 ηε,
577 954 626 999 et
665 946 971 1000 altitudines
1023 948 1278 1001 montium
1321 948 1484 1014 ipsius
1514 947 1803 1004 sunt.ldeo
1832 949 2017 1005 exsul-

452 1044 635 1091 tcmus
667 1045 722 1091 et
744 1037 1042 1107 jubiiemus
1078 1037 1218 1102 Deo;
1250 1052 1358 1091 non
1393 1037 1555 1091 modo
1584 1038 1708 1108 quia
1752 1037 2014 1095 Dominus

446 1138 501 1183 et
525 1127 668 1185 Deus
698 1136 783 1184 est
809 1137 864 1184 et
890 1144 983 1182 rex
1020 1143 1247 1197 magnus
1290 1143 1456 1197 super
1497 1144 1689 1184 omnes
1719 1129 1884 1196 deos;
1916 1131 2013 1186 sed

447 1220 611 1274 etiam
661 1219 787 1290 quia
821 1219 956 1275 lines
999 1227 1156 1275 terra:
1184 1218 1286 1274 sibi
1316 1219 1547 1288 subjecit
1574 1228 1628 1275 et
1659 1221 1918 1277 subdidit.
1956 1221 2013 1276 Id

445 1312 592 1366 enim
622 1326 745 1366 cum
780 1310 1023 1380 petiissct
1061 1325 1092 1363 a
1139 1309 1320 1376 Patre,
1353 1311 1682 1380 impetravit,
1713 1314 2017 1368 secundum

450 1401 583 1458 illud
615 1422 628 1458 :
661 1403 885 1457 Postula
920 1420 953 1456 a
984 1418 1063 1456 me
1095 1411 1145 1456 et
1174 1401 1310 1457 dabo
1337 1401 1430 1456 tibi
1459 1414 1633 1473 gentes
1657 1402 2015 1459 [nereditatem

448 1505 615 1560 tuam,
650 1504 699 1549 et
740 1495 1121 1563 possessionem
1145 1504 1289 1548 tuam
1322 1496 1570 1549 terminos
1599 1504 1752 1551 terra:
1769 1496 1833 1551 “.
1859 1495 2014 1563 Quod

448 1587 494 1641 si
542 1586 785 1655 qumdam
832 1586 1147 1648 altitudines
1172 1586 1436 1640 montium
1479 1601 1647 1656 penes
1677 1585 2013 1657 Scripturam

445 1678 687 1731 divinam
736 1679 792 1732 in
840 1678 1047 1734 honore
1095 1678 1383 1743 habentur,
1429 1680 1578 1735 verbi
1609 1681 1805 1750 gratia,
1838 1678 2010 1742 Sinni,

445 1765 681 1832 Choreb,
711 1764 948 1832 Thabor,
979 1783 1135 1823 mons
1170 1767 1321 1830 Sion,
1354 1784 1510 1825 mons
1548 1768 1938 1836 Olivarum,‘et
1968 1773 2014 1829 si

446 1858 572 1926 quis
621 1858 762 1914 alius
797 1860 1076 1927 similiter;
1112 1861 1225 1916 sive
1259 1861 1420 1917 etiam
1449 1862 1518 1917 iis
1548 1863 1812 1917 contrarii
1841 1871 1895 1919 et
1919 1879 2016 1935 op-

448 1948 610 2017 positi
649 1957 884 2013 montes,
915 1948 1007 2019 qui
1050 1964 1080 2002 a
1113 1949 1450 2006 daemonibus
1496 1950 1626 2006 olim
1669 1952 2016 2022 occupaban~

446 2047 556 2106 tur,
588 2039 678 2094 ubi
707 2049 896 2111 gentes
943 2041 1197 2112 malignis
1231 2041 1571 2097 daemonibus
1593 2044 1754 2113 quasi
1781 2044 1887 2099 diis
1915 2044 2016 2098 im-

448 2131 755 2196 molabant;
808 2132 903 2187 sed
962 2132 1063 2187 hos
1111 2147 1302 2188 omnes
1350 2131 1565 2189 Domini
1606 2143 1663 2190 et
1716 2133 2017 2192 Salvatoris

447 2222 620 2276 nostri
653 2238 777 2283 esse
813 2223 1070 2279 docemur
1105 2243 1117 2279 :
1162 2226 1278 2295 ipse
1308 2238 1542 2295 namque
1595 2242 1782 2282 eorum
1836 2226 2016 2298 opifex

447 2320 584 2367 erat.
615 2311 754 2369 Num
784 2313 922 2369 forte
954 2315 1077 2370 ideo
1109 2317 1163 2370 in
1195 2332 1357 2371 manu
1382 2319 1504 2387 ejus
1529 2326 1659 2373 sunt
1684 2319 1820 2375 lines
1836 2328 2014 2385 term,

446 2404 577 2474 quia
628 2406 733 2460 sub
783 2422 943 2461 manu
980 2406 1100 2476 ejus
1146 2416 1361 2463 terrena
1394 2409 1811 2478 dispensentur;
1847 2413 2017 2469 coele-

448 2496 553 2549 stia
586 2512 736 2562 vero,
768 2512 889 2566 quae
931 2498 1137 2568 trapice
1171 2499 1487 2556 altitudines
1515 2501 1783 2557 montium
1816 2519 2018 2560 vocan-

448 2596 559 2652 tur,
606 2589 737 2659 quid
782 2591 1137 2661 pmcstantius
1188 2594 1422 2649 terrenis
1468 2594 1702 2662 habent;
1738 2599 1867 2667 quia
1898 2599 2017 2667 ejus

446 2681 608 2751 quasi
664 2684 942 2753 possessio
998 2694 1148 2749 sunt,
1196 2692 1252 2740 et
1319 2687 1654 2743 domicilium
1714 2689 1888 2759 regni.
1949 2719 2019 2732 --

448 2767 611 2825 Vens.
645 2772 697 2827 5.
726 2771 989 2838 Quoniam
1019 2773 1185 2842 ipsius
1212 2783 1290 2829 est
1321 2792 1469 2831 mare
1491 2786 1541 2831 et
1570 2777 1679 2846 ipse
1700 2777 1822 2848 fecit
1860 2779 2017 2847 illud,

445 2871 496 2916 et
529 2861 738 2917 aridam
770 2864 1118 2933 fundaverant
1165 2883 1353 2922 manus
1381 2868 1516 2933 eius.
1554 2868 1632 2925 Ne
1663 2871 1904 2938 mireris,
1935 2875 2021 2926 inc

447 2954 587 3023 quit,
620 2957 665 3010 si
714 2955 848 3012 lines
903 2965 1062 3013 terra;
1109 2958 1288 3028 ipsius
1339 2969 1490 3024 sunt,
1522 2968 1577 3015 et
1619 2962 1667 3016 si
1702 2963 2021 3021 altitudines

449 3045 716 3099 montium
752 3047 819 3101 ad
856 3047 1033 3117 ipsum
1070 3050 1364 3119 pertinent.
1403 3049 1515 3106 lmo
1552 3068 1679 3108 vero
1712 3053 1863 3110 disce
1893 3057 2019 3109 uni-
2046 3091 2088 3147 ε

448 3149 666 3189 versum
696 3136 934 3192 humidae
956 3139 1275 3195 substantia:
1295 3141 1647 3207 elementum,
1663 3143 1718 3198 in
1744 3160 1855 3215 quo
1875 3154 2018 3201 terra

451 3224 719 3292 ﬁrmatur,
770 3231 890 3297 ejus
924 3230 1197 3299 opificium
1253 3248 1376 3289 esse
1408 3252 1421 3287 :
1454 3250 1632 3304 neque
1671 3237 1845 3291 solum
1892 3253 2021 3307 pos-

452 3317 646 3381 sessio,
695 3320 790 3373 scd
840 3321 1003 3375 etiam
1046 3323 1321 3392 Opiﬁcium
1356 3324 1476 3394 ejus
1517 3333 1622 3381 est.
1656 3326 1801 3381 Mare
1830 3329 2018 3397 igitur,

452 3423 561 3478 quo
595 3418 764 3463 totum
800 3410 1034 3466 humida:
1077 3413 1397 3469 substantias
1446 3416 1771 3471 elementum
1814 3418 2021 3486 signifi-

452 3509 627 3566 catur,
649 3502 763 3572 ipse
788 3502 942 3570 fecit;
974 3504 1181 3558 aridam
1217 3522 1347 3561 vero
1371 3522 1563 3562 manus
1587 3510 1758 3578 ipsius
1780 3509 2025 3564 eil‘orma-

454 3601 583 3646 runt
611 3613 623 3648 :
655 3593 774 3648 ideo
821 3594 1051 3652 fortasse
1080 3598 1208 3668 quia
1249 3598 1454 3653 dictum
1499 3607 1584 3653 est
1609 3617 1623 3653 :
1651 3601 1859 3670 Accepit
1882 3601 2022 3656 Deus
2064 3658 2069 3663 ,

453 3681 715 3752 pulverem
744 3684 808 3740 de
845 3695 1007 3753 terra,
1038 3698 1087 3743 et
1117 3689 1410 3757 e/I'ormavit
1430 3691 1780 3761 hominem“;
1808 3708 1872 3748 ac
1900 3709 2033 3748 rur-.

453 3789 575 3827 sum
607 3773 915 3831 :Formavit
948 3777 1059 3833 Deo
1085 3779 1149 3833 de
1172 3789 1314 3834 terra
1347 3798 1535 3839 omnes
1547 3782 1687 3852 feras
1704 3784 1770 3838 ”.
1795 3781 2022 3840 Videtur
2070 3816 2071 3819 η

452 3878 618 3933 porro
648 3874 805 3922 terra:
855 3869 1203 3937 elementum,
1249 3873 1396 3942 quod
1446 3876 1773 3945 sphaericum
1824 3885 1908 3931 est
1963 3885 2023 3930 ut

455 3958 630 4024 aiunt,
665 3961 780 4015 sive
821 3963 1053 4031 quadam
1085 3963 1189 4018 alia
1220 3966 1433 4021 ratione
1464 3967 1827 4033 ell'ormatum,
1854 3969 2022 4025 verbo

455 4046 547 4101 Dei
580 4049 738 4104 talem
772 4052 1051 4122 accepisse
1080 4052 1480 4112 formationem.
1522 4057 1886 4122 Quamobrem
1925 4075 2020 4113 ac-

453 4140 641 4186 curate
687 4142 741 4188 et
790 4138 1089 4190 secundum
1151 4139 1427 4209 physicam
1499 4144 1764 4198 rationem
1814 4145 2020 4200 dictum

453 4222 584 4278 illud
613 4235 696 4280 est
730 4245 744 4281 :
779 4224 846 4279 Et
870 4227 1076 4280 aridam
1110 4229 1466 4298 formaverunt
1497 4251 1685 4289 manus
1708 4234 1842 4305 ejus.

521 4496 687 4554 Vens.
711 4499 765 4555 6.
807 4498 1003 4566 Venite,
1024 4501 1300 4555 adoremus
1334 4513 1383 4557 et
1412 4505 1747 4570 procidamns
1766 4519 1813 4560 et
1847 4508 2043 4576 plorem

450 4607 566 4646 mus
594 4610 772 4647 coram
810 4593 1034 4647 Domino
1066 4597 1156 4665 qui
1178 4596 1301 4665 fecit
1339 4614 1453 4653 nos.
1480 4598 1618 4652 Cum
1649 4600 1885 4655 divinant
1916 4601 2021 4656 Do-

451 4683 587 4738 mini
618 4685 869 4740 virtutem
901 4701 964 4740 ex
999 4689 1319 4756 praecedenti
1348 4688 1595 4744 doctrina
1635 4707 1814 4745 sermo
1841 4692 2021 4745 decla-

452 4787 645 4841 rasset,
690 4793 754 4833 ac
784 4780 1034 4849 superius
1065 4779 1313 4844 dixisset,
1367 4780 1797 4851 Prieoccupemus
1829 4783 2021 4851 faciem

449 4871 562 4935 eius
588 4872 640 4924 in
661 4872 1016 4941 confessione:
1038 4872 1151 4942 jam
1175 4874 1489 4929 necessario
1509 4874 1873 4929 confessionis
1903 4889 2021 4930 mo-
2064 4918 2067 4923 .

450 4962 579 5016 dum
613 4963 805 5032 aperit.
865 4963 1225 5020 Adhortautis
1283 4974 1465 5020 autem
1531 4980 1683 5020 more
1749 4966 2019 5035 psalmum

452 5057 610 5126 plane
640 5072 892 5121 exorsus,
924 5072 1033 5113 non
1082 5073 1112 5112 a
1156 5059 1490 5114 tristioribus
1517 5060 1703 5129 erepit,
1741 5059 1836 5114 sed
1868 5075 1896 5113 a
1929 5061 2020 5115 lte-

449 5148 683 5203 tioribus
715 5166 728 5201 :
761 5165 828 5203 ne
852 5150 888 5203 ii
916 5149 1007 5219 qui
1031 5150 1417 5217 evocabantur,
1449 5152 1576 5205 illud
1604 5151 1939 5219 procidamns
1964 5159 2019 5206 et
2052 5180 2061 5185 υ

450 5238 712 5304 ploremus
736 5247 1142 5303 aversarentur,
1170 5239 1215 5293 si
1244 5240 1426 5294 statim
1451 5240 1519 5293 ab
1544 5240 1696 5294 initio
1716 5239 2018 5295 audissent.

452 5326 566 5384 Nisi
605 5328 839 5384 fortasse
886 5329 972 5384 his
1021 5331 1201 5389 verbis
1252 5330 1392 5387 duos
1450 5332 1672 5386 ordines
1718 5332 2047 5400 signiticet;

458 5433 621 5475 unum]
647 5422 946 5483 meliorem,
965 5438 1124 5493 quem
1160 5424 1336 5491 primo
1364 5422 1431 5477 ad
1465 5423 1676 5477 laudem
1707 5432 1762 5476 et
1787 5422 2024 5477 exsulta-

455 5509 653 5565 tionem
707 5513 1004 5579 evocabat;
1042 5514 1292 5577 _altcrum
1330 5529 1457 5571 vero
1487 5514 1693 5570 medela
1725 5523 1970 5582 egentem
2008 5533 2018 5568 :

530 5684 570 5716 "
602 5685 731 5741 .Paal
790 5702 1068 5753 Lxxxvnn,
1106 5689 1152 5744 7.
1232 5689 1275 5719 ⁸³
1312 5687 1454 5745 Psul.
1496 5707 1528 5746 ll
1552 5731 1565 5757 ,
1595 5691 1642 5747 8.

1722 5691 1765 5722 πῖ
1804 5690 1938 5746 Gen.
1980 5706 2053 5755 ιι,
2091 5689 2145 5759 7,

2188 854 2315 908 Ὅτι
2342 855 2415 907 ἐν
2444 854 2521 923 τῇ
2547 855 2697 925 χειρὶ
2724 854 2926 926 αὐτοῦ,
2947 855 3019 910 τὰ
3049 856 3279 925 πέρατα
3311 853 3421 924 τῆς
3440 853 3539 924 τῆς
3562 861 3634 912 καί

2113 943 2187 997 τὰ
2204 943 2331 1012 ὕψη
2356 943 2475 998 τῶν
2506 945 2691 1013 ὀρέων
2713 947 2897 1001 αὑτοῦ
2917 949 3055 1001 εισι.
3078 949 3184 1001 Καὶ
3217 948 3310 1000 διὰ
3336 947 3488 1002 τοῦτο
3508 951 3636 1017 ἀταλ-

2115 1033 2429 1105 λιασώμεθα
2474 1036 2567 1089 καὶ
2608 1034 2960 1107 άλαλάξωμεν
3003 1036 3083 1107 τῷ
3117 1037 3261 1109 Θεῷ,
3302 1038 3365 1090 οὐ
3403 1039 3546 1107 μόνον
3578 1041 3640 1095 ὅτι

2114 1124 2320 1197 Κύριος
2352 1128 2447 1180 καὶ
2469 1126 2605 1191 Θεός
2628 1130 2745 1182 ἐστι
2772 1128 2867 1181 καὶ
2886 1128 3135 1199 βασιλεὺς
3161 1130 3338 1201 μέγας
3357 1130 3447 1184 ἐπὶ
3476 1131 3639 1197 πάντας

2112 1220 2239 1282 τοὺς
2267 1218 2448 1283 θεοὺς,
2490 1219 2603 1273 ἀλλ’
2632 1220 2715 1273 ὅτι
2751 1221 2845 1272 καὶ
2884 1220 3195 1291 ὑπηγάγετο
3242 1221 3341 1274 καὶ
3374 1222 3460 1288 ὑφ’
3491 1223 3640 1276 tamin

2113 1312 2411 1381 ἐποιήσατο
2454 1311 2523 1364 τὰ
2559 1311 2777 1383 πέρατα
2805 1312 2905 1382 τῆς
2946 1313 3068 1383 γῆς.
3119 1312 3293 1367 Τοῦτο
3326 1313 3435 1385 γὰρ
3460 1315 3640 1386 αἰτήσας

2116 1405 2265 1475 παρὰ
2283 1402 2379 1457 τοῦ
2400 1404 2610 1475 Πατρὸς
2633 1403 2823 1475 εἴληφε
2850 1405 2991 1459 κατὰ
3017 1405 3098 1458 τόο
3114 1405 3368 1473 Αῑτησαι
3390 1407 3516 1474 παρ’
3531 1404 3641 1474 ἐμοῦ

2113 1493 2211 1547 καὶ
2246 1492 2417 1546 δώσω
2431 1509 2530 1547 σοι
2554 1494 2699 1560 ἔθνη
2719 1493 2832 1562 τὴν
2854 1495 3265 1564 κληρονομίαν
3283 1509 3423 1558 σου,
3456 1495 3542 1547 καὶ
3559 1495 3644 1564 τὴν

2114 1583 2489 1654 κατάσχεσίν
2517 1600 2632 1638 σου
2659 1584 2731 1639 τὰ
2757 1584 2982 1653 πέρατα
3004 1583 3112 1653 τῆς
3135 1584 3272 1656 γῆς.
3295 1587 3357 1639 ΕΞ
3377 1587 3433 1639 δὲ
3461 1587 3646 1640 καίτινι

2115 1672 2184 1747 ἦν
2212 1675 2318 1747 ὕψη
2351 1675 2539 1747 ὀρέων,
2570 1676 2688 1746 ἦτοι
2713 1675 2782 1729 τὰ
2808 1676 2959 1747 παρὰ
2984 1678 3051 1747 τῇ
3091 1676 3212 1747 θείᾳ
3241 1677 3434 1748 Γραφῇ
3461 1694 3643 1748 τετιμηο

2121 1765 2277 1837 μένα,
2305 1766 2380 1829 ὡς
2410 1766 2473 1819 τὸ
2497 1764 2671 1832 Σιναῖ,
2714 1766 2885 1819 καὶτὸ
2904 1766 3129 1838 Χωρὴὸ,
3160 1767 3222 1819 τό
3248 1784 3310 1820 τε
3341 1766 3546 1839 Θαϐὼρ,
3574 1770 3645 1820 καὶ

2114 1858 2175 1911 τὸ
2205 1857 2328 1929 ὅρος
2350 1856 2508 1921 Σιὼν,
2544 1858 2637 1910 καὶ
2664 1856 2725 1909 τὸ
2749 1856 2872 1927 ὅρος
2892 1857 3001 1910 τῶν
3025 1857 3276 1922 Ἐλαιῶν,
3294 1858 3394 1911 καὶ
3427 1858 3476 1910 εί
3486 1875 3533 1910 τι
3550 1858 3645 1910 ἄλλο

2115 1950 2322 2014 τούτοις
2354 1949 2765 2021 παραπλήσιον·
2798 1950 2831 2020 ᾖ
2865 1952 2958 2003 καὶ
2984 1950 3054 2004 τά
3086 1951 3301 2014 τούτοις
3348 1949 3575 2015 ἐναντία,
3597 1952 3646 2003 τὰ

2114 2038 2179 2111 δὴ
2215 2040 2319 2093 ὑπὸ
2346 2039 2617 2111 δαιμόνων
2645 2039 2811 2094 πάλαι
2837 2040 3202 2112 κρατούμενα,
3247 2044 3308 2095 ὲν
3356 2034 3437 2104 οἷς
3477 2040 3647 2093 sduci:-

2116 2130 2207 2197 ζον
2239 2132 2315 2196 ὡς
2355 2132 2496 2196 θεοῖς
2534 2135 2648 2196 τοῖς
2687 2135 2943 2204 πονηροῖς
2986 2133 3200 2205 δαίμοσι
3240 2133 3314 2187 τὰ
3356 2132 3511 2203 ἔθνη·
3541 2132 3643 2185 ἀλλὰ

2116 2226 2210 2278 καὶ
2231 2225 2402 2281 ταῦτα
2431 2226 2606 2280 πάντα
2626 2226 2979 2301 δεδιδαγμεθα
3001 2229 3082 2280 ὅτι
3103 2225 3197 2281 τοῦ
3229 2226 3438 2297 Κυρίου
3466 2226 3549 2280 καὶ
3570 2227 3646 2278 Σω-

2114 2316 2276 2387 τῆρος
2304 2318 2461 2386 ἡμῶν
2497 2317 2599 2371 ἴδια
2636 2318 2890 2389 τυγχάνει
2910 2334 2924 2349 ’
2960 2318 3122 2382 αὐτὸς
3151 2318 3264 2390 γάρ
3292 2315 3363 2390 ἦν
3391 2321 3421 2372 ὁ
3461 2318 3643 2388 ποιητὴς

2114 2406 2312 2460 αὐτῶν.
2348 2407 2571 2477 Μήποτε
2593 2407 2650 2461 δὲ
2682 2410 2741 2463 ὲν
2769 2409 2865 2479 μὲν
2890 2411 2958 2479 τῇ
2990 2409 3130 2479 χειρὶ
3169 2408 3341 2463 αὐτοῦ
3372 2409 3441 2462 τά
3468 2409 3641 2479 asperi

2116 2500 2221 2551 εἰσι
2244 2498 2497 2570 τῆςιγῆς,
2526 2499 2614 2553 διὰ
2637 2500 2696 2552 τὸ
2723 2501 2828 2553 ὑπὸ
2853 2500 2952 2571 τὴν
2983 2497 3147 2553 αὐτοῦ
3175 2503 3341 2572 χεῖρα
3377 2500 3643 2553 διοικεῖσθαι

2117 2593 2185 2646 τά
2212 2591 2486 2663 περίγεια,
2519 2591 2588 2646 τὰ
2620 2592 2677 2646 δὲ
2707 2595 3032 2663 ἐπουράνια,
3076 2592 3362 2665 τροπικῶς
3389 2593 3490 2663 ὕψη
3515 2592 3651 2662 ὀρέων

2117 2680 2511 2753 ὀνομαζόμενα,
2543 2683 2787 2755 κρεῖττόν
2817 2699 2875 2736 τι
2905 2683 3016 2754 ἔχει
3035 2683 3144 2736 τῶν
3174 2684 3276 2736 ἐπὶ
3301 2683 3439 2753 γῆςς
3465 2682 3644 2752 ἐπειδὴ·

2119 2786 2224 2842 περ
2259 2770 2423 2824 αὐτοῦ
2458 2773 2606 2825 ἐστιν
2645 2765 2755 2826 οἷόν
2785 2789 2837 2826 τι
2879 2774 3062 2843 κτῆμα
3101 2773 3193 2825 καὶ
3240 2772 3541 2844 οἰκητήριον
3573 2771 3646 2840 τῆς

2121 2861 2424 2934 βασιλείας·
2453 2863 2583 2916 ὐτι
2608 2862 2795 2916 αὐτοῦ
2811 2862 2983 2917 ἐστιν
3008 2870 3047 2933 ὴ
3065 2862 3356 2918 θάλασσα
3385 2861 3478 2916 καὶ
3502 2861 3646 2925 αὐτὸς

2117 2954 2406 3022 ἐποίησεν·
2430 2952 2654 3022 αὐτὴν,
2693 2954 2794 3007 καί
2824 2953 2938 3022 τὴν
2970 2952 3158 3023 ξηρὰν
3187 2957 3248 3009 αἱ
3285 2954 3474 3024 χεῖρες
3499 2950 3646 3006 αὑτοῦ

2118 3046 2417 3100 ἔπλασαν.
2443 3045 2533 3115 Μὴ
2557 3044 2865 3118 θαυμάσῃς,
2914 3047 3096 3117 φησὶν,
3140 3047 3190 3098 εί
3239 3044 3317 3098 τά
3357 3045 3551 3116 πέρατα
3570 3040 3642 3110 τῆς

2119 3136 2224 3206 γῆς
2249 3133 2412 3188 αὐτοῦ
2438 3135 2695 3205 τυγχάνει
2718 3151 2732 3165 ’
2783 3135 2878 3188 καὶ
2919 3137 2966 3187 εί
2996 3135 3064 3189 τὰ
3107 3134 3216 3206 ὕψη
3250 3135 3364 3189 τῶν
3396 3133 3547 3203 ὀρέων
3574 3131 3644 3183 αὑ-

2120 3224 2215 3278 τοῦ
2243 3226 2407 3278 ἐστιν.
2450 3223 2610 3283 Ἀλλὰ
2643 3222 2752 3294 γὰρ
2783 3223 3041 3294 μάνθανε,
3067 3225 3157 3277 ὅτι
3187 3225 3285 3277 καὶ
3317 3223 3377 3276 τὸ
3413 3225 3510 3276 πᾶν
3539 3237 3643 3274 ποι-

2121 3318 2265 3385 χιϊον
2296 3314 2396 3384 τῆς
2435 3314 2607 3386 ὑγρᾶς
2641 3313 2846 3378 οὐσίας,
2886 3314 2971 3383 ἐφ’
2993 3309 3037 3382 ᾧ
3063 3314 3394 3385 ἐστερέωται
3422 3312 3552 3382 ἠγῆ,
3573 3310 3644 3363 αὺ-

2121 3406 2213 3459 τοῦ
2247 3405 2407 3477 ἔργον
2443 3406 2713 3477 ὑπάρχει·
2742 3406 2802 3459 οὐ
2836 3406 2994 3476 μόνον
3042 3407 3226 3477 κτῆμα
3279 3405 3371 3470 ὃν,
3415 3403 3535 3458 ἀλλά
3572 3403 3641 3455 καί

2121 3497 2332 3568 ποίημα
2367 3496 2550 3552 αὑτοῦ.
2596 3497 2705 3568 Τὴν
2742 3497 2837 3567 μὲν
2864 3492 2960 3550 οῦν
2983 3496 3283 3562 θάλασσαν,
3310 3496 3378 3549 δι’
3403 3492 3468 3567 ἧς
3486 3494 3539 3546 τὸ
3561 3493 3643 3545 πᾶν

2123 3590 2383 3659 στοιχεῖον
2402 3588 2501 3658 τῆς
2525 3589 2696 3660 ὑγρᾶς
2722 3585 2906 3650 οὐσίας
2933 3585 3206 3660 δηλοῦται,
3248 3586 3413 3651 αὐτὸς
3436 3584 3638 3655 ἐποίησεο

2121 3680 2219 3749 τὴν
2252 3679 2309 3732 δὲ
2344 3679 2512 3751 ξηράν
2539 3680 2596 3733 ai
2625 3681 2805 3751 χεῖρες
2831 3679 2996 3733 αὐτοῦ
3027 3679 3267 3732 ἔπλασαν
3285 3695 3301 3710 ο
3339 3678 3471 3747 τάχα
3501 3674 3572 3727 διὰ
3595 3671 3640 3726 τὺ

2121 3770 2375 3840 λέγεσθαι
2393 3788 2407 3802 ’
2441 3772 2699 3825 Ἔλαϐεν
2725 3773 2757 3824 ὀ
2790 3771 2934 3838 Θεὸς
2961 3769 3114 3839 χοῦν
3141 3769 3259 3823 ἀπὸ
3293 3768 3405 3837 τῆς
3428 3765 3542 3838 γῆς,
3565 3762 3643 3817 ta?

2121 3864 2355 3919 ἔπλασε
2383 3863 2490 3917 τὸν
2533 3865 2845 3931 ἄνθρωπον
2867 3879 2881 3894 ’
2923 3862 3017 3915 καὶ
3059 3862 3223 3916 πάλιν
3238 3878 3253 3892 ·
3322 3856 3635 3914 Ἔπλιισενᾰ

2124 3954 2267 4022 Θεὸς
2298 3955 2414 4009 ἀπὸ
2453 3953 2563 4021 τῆς
2600 3953 2714 4024 γῆς
2761 3952 2953 4007 πάντα
3001 3952 3074 4006 τὰ
3115 3953 3312 4020 θηρία.
3343 3945 3636 4003 Ἐοικεδὲτὸ

2119 4046 2220 4117 τῆς
2246 4046 2347 4117 γῆς
2380 4048 2656 4117 στοιχεῖον,
2712 4043 3045 4116 σφαιροειδὲς
3071 4041 3270 4107 tit-1,17);
3298 4058 3473 4112 φασιν,
3497 4038 3525 4109 ἢ
3566 4036 3632 4089 καὶ

2121 4138 2294 4200 ἄλλως
2327 4137 2468 4191 κατά
2494 4154 2616 4191 τινα
2635 4136 2837 4208 τρόπον
2871 4134 3363 4206 ἐσχηματισμένον,
3390 4132 3517 4201 λόγῳ
3533 4124 3631 4180 Θεοῦ

2122 4231 2217 4286 καὶ
2250 4229 2380 4284 αὐτὸ
2411 4230 2510 4298 τὴν
2534 4229 2742 4282 τοιάνδε
2770 4228 2966 4281 πλάσιν
2995 4225 3289 4297 είληφὲναι.
3327 4224 3415 4278 se
3443 4217 3634 4292 ἀκριϐῶς

2122 4324 2215 4378 καὶ
2252 4322 2393 4377 κατὰ
2424 4322 2651 4391 φυσικὸν
2677 4322 2832 4391 λόγον
2862 4321 3073 4392 εἴρηται
3102 4318 3183 4371 τό·
3223 4318 3336 4373 Καὶ
3361 4316 3466 4387 τὴν
3486 4312 3630 4383 ξτιοάν

2056 4421 2099 4477 ι)
2126 4416 2185 4469 αὶ
2208 4413 2404 4483 χεῖρες
2434 4412 2947 4467 αὐτοῦ’ἐπλασαν.

2195 4505 2371 4563 Δεῦτε
2402 4502 2917 4573 προσκυνήσωμεν
2930 4541 2947 4566 ,
2987 4502 3085 4556 καὶ
3127 4502 3538 4570 προσπέσωμεν
3556 4491 3627 4547 καὶ

2126 4599 2485 4666 κλαύσωμεν
2543 4596 2823 4649 ἐναντίον
2875 4598 2999 4663 Κυρ
3014 4598 3097 4648 ὀυ
3159 4593 3266 4647 τοῦ
3327 4591 3625 4657 ποιήσαντος

2124 4685 2297 4757 ἡμᾶς.
2337 4686 2445 4758 Τὴν
2468 4685 2647 4738 ἔνθεον
2669 4685 2762 4739 τοῦ
2796 4684 2998 4757 Κυρίου
3022 4683 3246 4754 δύναμιν
3276 4683 3365 4738 διὰ
3381 4682 3468 4753 τῆς
3489 4689 3612 4747 προτε

2125 4778 2311 4848 θείσης
2339 4776 2686 4841 διδασκαλίας
2714 4779 3058 4849 παραιτήσας
3081 4778 3110 4827 ό
3141 4775 3316 4843 λόγος,
3349 4771 3563 4841 ἀνωτέρω
3581 4780 3622 4817 τε

2125 4869 2314 4934 εἰπὼν,
2342 4868 2787 4938 Προφθάσωμεν
2811 4869 2877 4922 τὸ
2909 4869 3230 4936 πρόσωπον
3250 4865 3429 4920 αὐτοῦ
3455 4863 3514 4915 ἐν
3532 4858 3623 4919 ἐξο-

2119 4962 2471 5033 μολογήσει,
2499 4962 2594 5016 νῦν
2619 4961 2930 5030 ἀναγκαίως
2961 4960 3214 5028 διασαφεῖ
3248 4958 3338 5011 τὸν
3374 4957 3538 5029 τρόπον
3553 4949 3620 5016 τῆς

2124 5053 2584 5124 ἐξομολογήσεως.
2640 5053 2791 5106 Πάνυ
2832 5053 2890 5104 δὲ
2932 5048 3344 5121 προτρεπτικῶς
3391 5046 3619 5120 ἀρχόμενος

2124 5144 2220 5197 τοῦ
2263 5143 2504 5215 ψαλμοῦ,
2539 5146 2639 5197 οὐκ
2670 5142 2921 5196 ἐντεῦθεν
2948 5142 3057 5196 ἀπὸ
3096 5140 3203 5194 τῶν
3231 5133 3613 5212 σκυθρωποτέρων

2126 5236 2358 5307 ἤρξατο,
2389 5235 2503 5288 ἀλλ’
2529 5234 2639 5288 ἀπὸ
2677 5233 2787 5287 τῶν
2813 5231 3200 5303 φαιδροτέρων,
3246 5230 3321 5294 ὡς
3350 5231 3411 5284 ἂν
3437 5227 3497 5299 μὴ
3525 5224 3614 5276 ἀπο-

2127 5331 2380 5402 τραπείεν
2399 5330 2449 5380 0i
2482 5325 2804 5396 καλούμενοι
2831 5324 2911 5385 τὸ,
2939 5321 3373 5390 προσπέσωμεν
3397 5319 3472 5373 καὶ
3488 5310 3611 5411 1.11:1?-

2129 5436 2346 5490 σωμεν,
2381 5419 2539 5482 εὐθὺς
2558 5468 2561 5471 Α
2578 5419 2636 5471 ὲν
2661 5419 2856 5488 ἀρχαῖς
2887 5414 3216 5476 ἀκούσαντες
3238 5429 3252 5444 ·
3285 5415 3333 5466 εἰ
3360 5412 3426 5482 μὴ
3448 5408 3531 5477 ἄρα
3552 5402 3612 5490 δύο

2057 5545 2065 5575 τ
2129 5486 2381 5582 τάγματα
2425 5509 2513 5562 διὰ
2552 5486 2769 5567 τούτῴἒλ
2811 5507 2988 5580 δηλοῖ·
3034 5506 3092 5559 ἒν
3136 5505 3234 5576 μὲν
3262 5504 3321 5558 τὸ
3348 5504 3559 5573 κρεῖττον,
3590 5486 3608 5540 δ

2221 5689 2264 5722 ’⁵
2305 5687 2440 5761 Gen.
2475 5704 2522 5753 ι,
2557 5686 2647 5743 25.
