3830 6288
144 348 272 404 1215

140 554 248 606 λεί·
307 553 554 624 δεύτερον
600 556 655 608 δὲ
703 557 762 609 τὸ
812 558 1062 629 δεόμενον
1119 561 1450 632 θεραπείαςο
1505 563 1571 616 δι’
1625 562 1694 626 ὃ,

141 646 310 699 Δεῦτε
339 645 848 717 ἀγαλλιασώμεθα,
873 652 930 703 ἐν
957 655 1067 715 τοῖς
1097 652 1326 724 πρώτοις
1345 655 1573 726 εἴρηται·
1600 651 1697 708 εἶθ’

139 736 263 805 ἑξῆς
302 737 440 806 μετὰ
484 737 552 791 τὰ
585 739 1014 813 τεθεολογημένα
1057 745 1184 815 περὶ
1228 744 1320 798 τοῦ
1357 745 1562 815 Κυρίου
1606 747 1698 799 καὶ

141 825 275 896 μετὰ
298 826 396 897 τὴν
423 829 532 882 τῶν
565 832 845 904 προτέρων
885 833 1073 905 κλῆσιν
1126 837 1217 889 ἐπὶ
1255 838 1381 900 τοὺς
1417 837 1700 908 δευτέρους

143 916 471 986 μεταϐαίνει,
515 921 607 973 καλ⁵
646 921 867 998 τούτους
907 923 1174 978 διδάσκων
1215 925 1335 978 ἀντὶ
1377 924 1567 988 ὓδατος
1605 926 1700 978 καὶ

139 1008 626 1078 περιρραντηρίων,
660 1009 921 1082 κλαυθμῷ
941 1013 1034 1066 καλ⁴
1059 1011 1436 1084 ἐξομολογήσει
1478 1015 1567 1067 ἐπὶ
1589 1016 1702 1077 τοῖς

138 1096 366 1167 πρώτοις
393 1098 570 1151 αὐτῶν
619 1101 976 1172 ἁμαρτήμασι
1011 1105 1336 1174 χρήσασθαι.
1371 1107 1700 1178 Προτρεπτι-

137 1183 243 1246 κῶς
260 1185 316 1238 δὲ
336 1186 419 1252 τὸ,
446 1189 801 1259 κλαύσωμεν
819 1190 1097 1244 ἐναντίον
1115 1194 1358 1260 Kvplov,
1387 1194 1699 1262 ἐπαγαγὼν,

139 1275 238 1328 τοῦ
273 1275 643 1342 ποιήσαντος
672 1277 846 1347 ἡμᾶς,
878 1280 1087 1348 ἀγαθὰς
1115 1282 1426 1352 ὑπέγραψεν
1455 1283 1699 1347 ἐλπίδας,

137 1363 371 1430 διδάξας,
420 1369 500 1421 ὄτι
538 1369 611 1440 μὴ
658 1370 925 1443 ἀλλότριοι
957 1373 1123 1442 ἐσμεν
1171 1373 1369 1440 αὑτοῦ,
1403 1373 1514 1428 ἀλλ’
1541 1374 1700 1446 ἔργον

139 1456 294 1508 αὐτοῦ
329 1459 424 1510 καὶ
455 1460 663 1531 ποίημα
687 1460 881 1513 αὐτοῦ·
908 1461 975 1514 δι’
1015 1461 1042 1514 ὃ
1071 1464 1332 1533 προσήκει
1372 1463 1439 1516 τὰ
1469 1464 1699 1534 χρηστό-

138 1563 260 1616 τερα
289 1548 611 1619 προσδοκᾷν,
643 1549 736 1602 ἆτε
787 1550 851 1620 δὴ
884 1551 1179 1622 κηδομένου
1229 1551 1390 1605 αὑτοῦ
1438 1553 1531 1606 τοῦ
1569 1553 1702 1606 ἰδίου

140 1642 456 1710 ποιήματος.
482 1643 602 1695 Ἔτι
619 1643 756 1713 πρὸς
779 1642 986 1708 τούτοις
1013 1645 1100 1698 διὰ
1118 1645 1234 1711 τοῦ,
1259 1646 1703 1716 Προσπέσωμεν

139 1731 229 1784 καὶ
257 1733 619 1802 κλαύσωμεν
649 1734 905 1791 ἐνώπιον
955 1739 1199 1804 Κυρίου,
1229 1737 1465 1792 διδάσκει
1504 1738 1577 1810 μὴ
1617 1739 1700 1790 ὲν-

1246 353 1739 412 COMMENTARIA
1783 354 1851 410 IN
1891 353 2223 410 PSALMOS.

140 461 556 533 προηγουμένως
585 463 677 516 ἐπὶ
707 463 796 517 τὸν
824 461 968 519 αἶνον
992 469 1086 521 καὶ
1119 467 1214 539 τὴν
1240 470 1556 538 ἀγαλλιασιν
1594 487 1692 524 κα-
1721 475 1763 534 Α
1792 472 2169 540 quamobrem,

3237 357 3371 412 MM

2263 468 2442 522 Venite
2499 470 2840 535 exsullemus,
2899 471 2952 524 in
3007 469 3237 524 exordio
3299 469 3372 522 di-

1799 567 1944 610 ctum
1995 558 2094 623 sil;
2146 556 2342 610 deinde
2380 572 2507 610 vero
2554 567 2674 626 post
2707 574 2766 611 ea
2809 575 2930 628 quae
2961 559 3116 612 circa
3163 557 3369 611 Domirzr

1798 647 2052 704 deitatem
2110 650 2252 702 dicta
2308 656 2455 711 sunt,
2523 659 2574 702 et
2637 658 2758 718 post
2811 651 3050 719 priorum
3126 648 3376 703 vocatio-

1799 741 2026 803 tionem,
2063 740 2128 794 ad
2155 740 2428 795 secundos
2459 747 2724 800 transeat,
2757 741 2958 795 docens
2979 757 3072 796 eos
3105 757 3203 811 pro
3235 755 3376 808 aqui

1798 839 1852 888 et
1895 831 2190 894 ablutioue,
2241 831 2496 902 lacrymis
2525 843 2576 886 et
2617 833 2966 886 confessione
3023 833 3088 886 ad
3145 833 3373 902 pristina

1801 932 2022 992 peccata
2056 923 2321 994 expianda
2363 925 2619 977 utendum
2655 939 2797 978 esse.
2841 923 2976 976 Cum
3009 932 3188 977 autem
3241 924 3374 975 hor-

1801 1014 1975 1068 tantis
2021 1028 2169 1066 more
2222 1012 2296 1064 illi
2338 1012 2504 1074 dicto,
2569 1012 2830 1078 ploremus
2875 1027 3058 1064 coram
3120 1011 3369 1073 Domino,

1800 1103 2091 1168 addiderit,
2120 1104 2208 1173 qui
2236 1102 2357 1170 fecit
2393 1119 2508 1167 nos,
2551 1103 2746 1156 bonum
2785 1117 2934 1171 spem
2965 1103 3240 1171 ascripsil,
3269 1101 3370 1156 do-

1801 1208 1934 1250 cens
1960 1207 2059 1246 nos
2096 1207 2203 1246 non
2229 1192 2438 1246 alienos
2462 1192 2563 1262 ipsi
2589 1208 2731 1253 esse,
2763 1193 2853 1246 sed
2887 1207 3025 1262 opus
3063 1199 3116 1245 et
3149 1201 3370 1247 creatu-

1801 1297 1916 1336 ram
1939 1283 2058 1350 ejus
2081 1300 2092 1334 :
2114 1281 2464 1351 quamobrem
2485 1283 2812 1351 jucundiora
2836 1282 3199 1352 exspectanda
3222 1291 3374 1349 sunt;

1800 1387 1922 1427 cum
1965 1375 2081 1442 ipse
2127 1388 2285 1426 suum
2322 1381 2478 1428 curet
2523 1372 2819 1442 opificium.
2853 1371 2933 1424 Ad
2967 1371 3080 1425 haec
3109 1386 3254 1436 vero,
3288 1372 3380 1426 his

1799 1463 2018 1528 verbis,
2063 1462 2414 1518 Procidamus
2464 1473 2512 1518 et
2559 1464 2822 1532 ploremus
2885 1480 3064 1517 coram
3124 1463 3375 1531 Domino;

1799 1556 1957 1610 docet
1994 1571 2101 1608 non
2136 1555 2187 1609 in
2232 1565 2524 1625 conspectu
2590 1555 2893 1620 hominum,
2927 1571 3032 1608 non
3093 1556 3372 1610 hominum

1801 1645 1975 1714 gratia
2013 1643 2065 1697 id
2107 1646 2372 1714 agendum
2411 1661 2567 1710 esse;
2593 1646 2687 1700 sed
2723 1647 2778 1699 in
2805 1646 3146 1710 abscondito,
3178 1662 3380 1702 secum—

1800 1736 2036 1790 cuudum
2070 1736 2222 1800 illud,
2263 1735 2423 1790 Pater
2456 1747 2595 1803 tuus,
2634 1737 2724 1808 qui
2765 1737 2903 1790 videt
2947 1737 3000 1789 in
3045 1735 3376 1800 abscondito,

138 1823 298 1877 ώπιον
336 1824 641 1896 ἀνθρώπων
687 1829 818 1900 μηδὲ
855 1829 921 1882 δι’
950 1827 1268 1902 ἀνθρώπους
1306 1829 1462 1883 τοῦτο
1507 1833 1696 1895 ποιεῖν,

1803 1827 1976 1882 reddet
1995 1828 2088 1882 tibi
2101 1829 2163 1884 “.
2185 1828 2450 1885 Omnibus
2468 1832 2648 1900 itaque
2660 1829 2954 1900 generatim
2975 1829 3085 1882 haec
3110 1837 3378 1900 prmcepta

141 1914 250 1968 ἀλλ’
278 1915 335 1966 ὲν
371 1914 453 1986 τῷ
483 1916 712 1988 κρυπτῷ
741 1917 882 1971 κατά
919 1919 997 1984 τὸ,
1035 1919 1089 1972 '0
1111 1919 1311 1986 Πατήρ
1337 1933 1453 1973 σου
1491 1922 1525 1973 ὀ
1552 1919 1699 1983 ,ϐλέ-

140 2020 259 2057 πων
283 2004 353 2058 ἐν
377 2003 461 2070 τῷ
490 2005 728 2073 κρυπτῷ
749 2007 1042 2062 ἀποδώσει
1058 2024 1174 2062 σοι.
1199 2006 1440 2061 Καθόλου
1483 2008 1579 2078 μὲν
1607 2005 1698 2062 οὖν

139 2095 332 2148 ἅπασιν
365 2093 598 2166 ἁρμόζει
631 2097 700 2150 τὰ
746 2099 1207 2170 παρηγγελμένα·
1257 2099 1459 2172 κυρίως
1501 2099 1556 2152 δὲ
1605 2100 1700 2153 καὶ

139 2188 560 2258 προηγουμένως
592 2191 620 2243 ό
641 2189 810 2258 Λόγος
841 2190 930 2245 τὸν
965 2191 1231 2244 Ἰουδαίων
1259 2192 1386 2245 λαὸν
1419 2193 1510 2245 ἐπὶ
1537 2209 1701 2262 μετα-

139 2279 247 2349 νοίᾳ
264 2271 339 2332 ὧν
369 2279 679 2350 ἐτόλμησαν
724 2282 1052 2352 παρακαλεῖ,
1086 2282 1215 2356 "Ott
1243 2283 1428 2349 αὑτός
1459 2282 1630 2335 ἐστιν
1667 2285 1700 2338 ό

142 2367 275 2433 Θεὸς
312 2366 504 2436 ἡμῶν,
557 2369 654 2422 καὶ
700 2369 868 2439 ἡμεῖς
918 2371 1068 2437 λαὸς
1096 2369 1289 2440 νομῆς
1341 2369 1558 2435 αὑτοῦ,
1599 2370 1698 2425 καὶ

139 2458 389 2524 πρόϐατα
419 2459 616 2528 χειρὸς
635 2459 840 2514 αὐτοῦ.
861 2460 935 2514 Οὐ
969 2461 1128 2532 μόνον
1156 2460 1357 2532 Κύριος
1377 2461 1532 2532 ἡμῶν
1552 2462 1700 2515 ἐστιν

140 2549 208 2612 ὡς
234 2549 459 2603 οἰκετῶν
483 2549 766 2622 δεσπότης,
789 2551 910 2604 οὐδὲ
939 2551 1096 2622 μόνον
1121 2552 1345 2624 ποιητὴς
1389 2552 1463 2616 ὡς
1487 2552 1552 2606 ἂν
1581 2552 1699 2606 κτί-

141 2656 261 2712 στης
287 2640 470 2711 ἡμῶν,
498 2640 631 2694 ἀλλὰ
652 2642 746 2695 καὶ
771 2642 900 2707 Θεός
927 2644 1073 2697 ἐστιν
1101 2643 1278 2716 ἡμῶν,
1300 2645 1394 2699 ἆτε
1415 2645 1470 2698 δὲ
1497 2644 1700 2714 ἀγαθὸς

139 2729 207 2784 ὢν
233 2733 322 2786 καὶ
358 2732 541 2796 ἵλεως.
585 2733 663 2786 Δι’
695 2732 724 2787 ὃ
753 2734 848 2788 καὶ
879 2734 1122 2803 φείσεται
1153 2735 1310 2807 ήμῶν
1358 2735 1453 2789 καὶ
1486 2735 1700 2807 ὲλεήσει

140 2822 291 2890 ἡμᾶς·
325 2823 410 2876 ὅτι
449 2824 510 2876 οὐ
549 2823 704 2894 μόνον
737 2827 970 2896 ποίημα,
1023 2824 1160 2878 ἀλλὰ
1206 2827 1298 2900 καί
1327 2826 1512 2896 κτῆμα
1534 2825 1697 2880 αὑτοῦ

142 2915 471 2985 τυγχάνομεν
500 2914 682 2978 ὄντεςο
713 2915 808 2970 καὶ
849 2917 898 2968 οἱ
939 2916 1037 2986 μὲν
1065 2915 1416 2988 λογικώτεροι
1441 2918 1571 2981 λαὸς
1596 2919 1696 2971 αὺο

140 3005 242 3073 τοῦ,
265 3007 312 3058 οἱ
344 3007 402 3060 δὲ
435 3005 513 3060 ἔτι
538 3007 746 3072 ἀτελεῖς
769 3008 862 3061 καὶ
885 3007 1210 3081 ἀλογώτεροι
1241 3010 1486 3082 πρόϐατα
1519 3011 1699 3084 χειρὸς

141 3097 473 3152 αὺτοῦ-ὥστε
500 3098 595 3153 ἐὰν
627 3098 1146 3172 ὲξομολογησώμεθα
1174 3101 1322 3174 αὐτῷ
1351 3104 1443 3156 καὶ
1468 3121 1698 3176 προσκυ-

141 3188 376 3259 νήσωμεν
408 3191 506 3243 καὶ
535 3192 932 3263 προσπέσωμεί
975 3194 1069 3246 καὶ
1101 3193 1422 3265 κλαύσωμεν
1459 3196 1698 3251 ἐναντίον
1726 3178 1768 3236 C

142 3278 313 3344 αὑτοῦ,
335 3279 394 3345 ἐξ
418 3280 655 3343 ἅπαντος
681 3280 1060 3352 σωθησόμεθα,
1088 3284 1137 3336 οἱ
1157 3283 1254 3354 μὲν
1269 3283 1345 3348 ὡς
1359 3284 1483 3348 λαὸς
1510 3285 1696 3352 αὐτοῦ,

140 3370 184 3422 οἱ
219 3370 272 3424 δὲ
305 3371 380 3434 ὡς
427 3371 669 3442 πρόϐατα
696 3373 876 3444 χειρὸς
905 3374 1089 3428 αὑτοῦ.
1128 3375 1507 3444 Λέγεταιγοῦν
1540 3377 1701 3442 αὐτὸς

143 3457 267 3515 εἶναι
291 3465 318 3516 6
334 3463 544 3534 ποιμὴν
565 3466 594 3516 6
615 3465 797 3527 καλός·
820 3466 914 3520 καὶ
942 3468 1100 3538 ἡμεῖς
1119 3466 1296 3537 λέγειν
1318 3469 1700 3542 διδασκόμεθα’

142 3553 338 3620 Κύριος
365 3556 670 3624 ποιμαίνει
693 3573 792 3626 με,
827 3557 926 3610 καὶ
954 3557 1226 3628 οὐδέν-με
1259 3559 1600 3628 ὐστερήσει.

205 3668 473 3738 Σήμερον
501 3669 610 3723 ἐὰν
651 3668 763 3738 τῆς
801 3669 1007 3740 φωνῆς
1044 3673 1232 3726 αὐτοῦ
1262 3673 1584 3740 ἀκούσητε,
1614 3673 1700 3744 μὴ

142 3759 519 3826 σκληρύνητε
561 3757 668 3824 τὰς
711 3757 958 3826 καρδίας
1005 3759 1172 3828 ὑμῶν
1213 3759 1284 3812 ἐν
1335 3758 1414 3824 τῷ
1458 3772 1704 3828 παραπι-

142 3848 397 3917 κρασμῷ.
440 3848 622 3914 ’Ἀπαξ
651 3849 792 3911 τότε,
818 3849 1002 3920 φησὶν,
1027 3847 1394 3920 ἐσκληρύνατε
1430 3849 1528 3913 τὰς
1569 3867 1703 3920 καρ-

144 3936 247 4001 δίας
273 3941 450 4011 ὑμῶν,
483 3940 810 4004 ἀκούσαντες
831 3940 994 3994 αὐτοῦ
1020 3940 1118 4011 τῆς
1138 3940 1320 4010 φωνῆς
1345 3940 1436 3993 ἐπὶ
1451 3941 1550 4010 τῆς
1576 3941 1705 4012 ἐρή-

147 4045 255 4097 μουο
285 4032 450 4102 ὁρᾶτε
470 4025 561 4084 οὖν
589 4031 663 4101 μὴ
693 4031 786 4084 καὶ
813 4028 1063 4100 δεύτερον
1091 4029 1280 4082 ταύτὸν
1314 4027 1577 4100 πράξητε,
1607 4025 1705 4080 ἐὰν

143 4116 286 4186 αὖθις
316 4125 418 4195 τῆς
445 4125 625 4194 φωνῆς
641 4123 802 4178 αὐτοῦ
829 4123 1092 4194 ἀκούσητε
1122 4125 1179 4176 ὲν
1207 4119 1512 4191 ἀνθρώποις
1535 4122 1704 4192 σήμε-

146 4227 231 4281 ρον
259 4215 575 4285 γενομένου.
610 4215 668 4268 Ὀ
696 4214 753 4267 δὲ
787 4214 943 4283 λόγος
963 4214 1388 4286 προηγουμένως
1413 4214 1548 4286 πρὸς
1577 4215 1706 4277 τοὺς

143 4307 203 4357 ὲκ
229 4305 532 4377 περιτομῆς
568 4305 815 4360 λέλεκται
845 4308 910 4360 ὲκ
939 4305 1230 4376 προσώπου
1263 4303 1356 4359 τοῦ
1393 4305 1552 4376 χοροῦ
1594 4305 1704 4359 τῶν

143 4398 428 4470 προφητῶν
459 4398 891 4471 προφερόμενος·
923 4399 972 4452 οἳ
1002 4398 1064 4470 δὴ
1102 4399 1244 4452 κατὰ
1284 4399 1383 4470 μὲν
1411 4399 1508 4470 τὴν
1531 4397 1705 4470 ἀρχὴν

1799 1920 2172 1985 conveniunt;
2207 1930 2256 1973 at
2287 1921 2505 1990 proprie
2539 1927 2594 1975 et
2639 1920 2912 1989 prmcipue
2933 1917 3244 1973 Judworum
3270 1935 3375 1990 po-

1800 2014 1984 2084 pulum
2004 2014 2070 2069 ad
2104 2014 2408 2069 facinorum
2441 2031 2663 2070 suorum
2690 2015 3062 2084 pmnitentiam
3093 2014 3377 2085 Scriptura

1798 2113 2009 2160 evocat.
2045 2137 2117 2147 —
2159 2105 2319 2162 Vens.
2346 2107 2399 2161 7.
2430 2108 2570 2174 Quia
2620 2108 2727 2175 ipse
2782 2115 2859 2161 est
2912 2106 3052 2161 Deus
3095 2117 3294 2172 noster,
3325 2117 3377 2163 et

1799 2211 1892 2247 nos
1921 2195 2143 2263 populus
2171 2210 2381 2263 pascua:
2428 2197 2563 2266 ejus,
2595 2206 2645 2250 et
2676 2213 2790 2250 oves
2835 2213 3022 2251 manus
3064 2198 3198 2268 ejus.
3255 2197 3375 2253 Non

1800 2285 1960 2340 modo
1981 2285 2244 2344 Dominus
2275 2296 2463 2343 noster
2483 2295 2589 2355 est,
2627 2295 2686 2341 ut
2721 2289 2885 2342 herus
2907 2287 3376 2355 domesticorum;

1800 2393 1977 2448 neque
2016 2379 2193 2434 solum
2234 2379 2447 2449 opifex,
2500 2387 2685 2450 utpote
2723 2379 2949 2435 Creator
2997 2391 3219 2448 noster;
3279 2381 3380 2435 sed

1799 2469 1961 2523 etiam
1993 2468 2137 2525 Deus
2182 2477 2370 2524 noster
2401 2479 2505 2534 est,
2540 2477 2728 2540 utpote
2770 2469 2948 2524 bonus
2977 2477 3032 2524 et
3080 2469 3374 2540 propitius.

1800 2559 2162 2626 Quamobrem
2221 2570 2408 2631 parcet
2457 2561 2614 2617 nobis
2659 2568 2715 2616 et
2763 2561 3109 2616 miserebitur
3160 2561 3378 2616 nostri:

1799 2653 1927 2721 quia
1957 2667 2067 2706 non
2095 2651 2370 2722 opiﬁcium
2421 2651 2706 2714 duntaxat,
2743 2653 2837 2708 sed
2890 2653 3053 2708 etiam
3098 2653 3384 2722 possessio

1800 2742 1921 2814 ejus
1951 2759 2142 2799 sumus
2169 2761 2182 2798 :
2214 2751 2268 2799 et
2303 2744 2754 2800 rationabiliores
2784 2759 2814 2797 e
2864 2743 3022 2797 nobis
3061 2750 3188 2798 sunt
3213 2759 3378 2813 popu-

1800 2834 1885 2890 Ius
1912 2835 2032 2904 ejus
2077 2834 2160 2901 ;ii
2210 2849 2338 2889 vero
2395 2834 2488 2904 qui
2531 2834 2706 2888 adhuc
2763 2832 3061 2903 imperfecti
3093 2841 3148 2887 et
3195 2833 3378 2887 minus

1801 2926 2150 2980 rationabiles
2187 2933 2336 2988 sunt,
2375 2940 2506 2980 oves
2530 2940 2725 2980 manus
2763 2925 2901 2992 ejus.
2934 2923 3120 2994 Itaque
3159 2923 3202 2976 si
3231 2938 3366 2975 corr-

1802 3014 2049 3069 ﬁteamur
2083 3015 2208 3084 ipsi,
2243 3014 2288 3069 si
2324 3014 2633 3076 adoremus,
2673 3014 3021 3084 procidamus
3063 3022 3118 3067 et
3151 3012 3379 3067 lleanius

1802 3120 1984 3161 coram
2031 3105 2146 3173 illo,
2185 3105 2415 3159 salutem
2461 3121 2690 3174 prorsus
2746 3104 3096 3160 consecuturi
3148 3119 3378 3168 sumus;

1802 3199 1892 3253 alii
1919 3198 2133 3268 quidem
2177 3206 2235 3251 ut
2287 3199 2552 3268 pepulus;
2587 3199 2677 3251 alii
2726 3214 2855 3252 vero
2905 3205 2965 3251 ut
3017 3212 3147 3250 oves
3181 3211 3377 3249 manus

1802 3290 1942 3360 ejus.
1979 3290 2100 3361 Ipse
2123 3304 2359 3358 namque
2380 3288 2583 3342 dicitur
2603 3304 2726 3343 esse
2756 3289 2933 3342 bonus
2972 3295 3250 3356 pastor,et
3276 3301 3380 3339 nos

1803 3381 2142 3437 instituimur
2183 3382 2246 3435 ad
2304 3380 2592 3435 dicendum
2626 3399 2638 3434 :
2673 3379 2932 3434 Dominus
2958 3380 3124 3449 pascit
3179 3396 3293 3444 me,
3326 3386 3390 3439 et

1803 3473 1934 3528 nihil
1971 3473 2100 3527 mihi
2130 3471 2297 3527 deerit
2328 3473 2394 3527 ⁸⁷.

1875 3665 2040 3721 Vens.
2066 3666 2118 3721 8.
2157 3666 2328 3720 Hodie
2349 3667 2395 3720 si
2420 3683 2591 3721 vocem
2621 3666 2735 3736 ejus
2771 3666 3068 3729 audieritis,
3097 3663 3259 3716 nolite
3279 3662 3376 3716 ob-

1803 3757 1996 3810 durare
2030 3756 2193 3811 corda
2233 3767 2404 3812 uestra
2444 3759 2498 3810 in
2539 3757 2960 3811 exacerbatione.
2993 3754 3148 3808 Tunc
3183 3753 3372 3815 semel,

1803 3849 2004 3918 inquit,
2029 3849 2213 3902 audita
2238 3849 2291 3902 in
2308 3863 2493 3903 erequ
2516 3863 2648 3903 voce
2671 3848 2843 3918 ipsius
2872 3846 3188 3901 obdurastis
3208 3846 3375 3900 corda

1803 3947 2218 4006 vestra;cavete
2247 3954 2376 4012 ergo
2416 3957 2483 3995 ne
2521 3938 2761 3995 secundo
2790 3939 3018 4008 idipsum
3052 3937 3380 4004 admittatis,

1804 4031 1850 4084 si
1885 4045 2102 4084 rursum
2130 4030 2249 4099 ejus
2289 4031 2431 4102 apud
2466 4031 2716 4086 homines
2769 4030 2928 4085 hodie
2978 4031 3250 4085 versantis
3280 4045 3375 4084 vo—

1804 4137 1921 4176 cem
1939 4121 2194 4177 audiatis.
2215 4122 2405 4177 Sermo
2431 4129 2610 4176 autem
2638 4122 2839 4192 popqu
2859 4137 2923 4176 ex
2956 4121 3385 4176 circumcisione

1802 4213 2099 4282 praesertim
2128 4213 2464 4276 enuntiatur,
2494 4227 2562 4266 ex
2608 4227 2840 4281 persona
2889 4212 3042 4266 chori
3087 4213 3377 4281 propheta-

1804 4320 1925 4358 rum
1967 4305 2229 4374 prolatus.
2262 4303 2341 4358 Illi
2373 4305 2582 4360 scilicet
2616 4305 2772 4359 initio
2803 4304 3018 4374 quidem
3052 4304 3232 4357 omnia
3256 4304 3377 4373 plu-

1804 4398 1992 4452 raliter
2016 4397 2289 4460 dicehant,
2313 4398 2518 4452 vocatis
2540 4414 2660 4453 sese
2688 4404 3146 4452 connumerantes
3177 4415 3188 4449 :
3224 4411 3374 4460 nam,

141 4488 205 4541 τὰ
239 4491 416 4545 πάντα
449 4490 634 4560 ἔλεγον
665 4490 1060 4563 πληθυντικῶς,
1109 4493 1202 4544 καὶ
1249 4492 1472 4554 ἑαυτοὺς
1501 4508 1698 4560 συγκα-

1805 4488 1990 4552 venite,
2014 4487 2249 4551 aiebant,
2284 4488 2630 4552 exsultemus,
2652 4488 2942 4558 jubilemus
2970 4496 3019 4540 et
3049 4502 3378 4556 praeoccupe-

141 4580 454 4649 ταλέγοντες
485 4586 596 4644 τοῖς
621 4581 971 4653 καλουμένοις
990 4599 1005 4612 ·
1045 4581 1240 4644 Δεῦτε,
1283 4583 1390 4654 γὰρ
1427 4581 1698 4651 ἔφασκον,

145 4666 633 4738 ἀγαλλιασώμεθα
661 4670 758 4723 καὶ
787 4669 1183 4740 ἀλαλάξωμεν
1214 4671 1311 4724 καὶ
1349 4671 1700 4740 προφθάσωο

142 4775 246 4825 μεν
264 4778 277 4791 ο
310 4762 404 4814 καὶ
423 4762 581 4814 πάλιν
600 4778 614 4791 ο
650 4762 825 4817 Δεῦτε
847 4764 1361 4833 προσκυνήσωμεν
1390 4765 1484 4817 καὶ
1517 4780 1699 4832 προσ-

143 4849 410 4920 πέσωμεν
441 4853 537 4905 καὶ
567 4854 944 4923 κλαύσωμενυ
969 4856 1060 4908 ἐπὶ
1085 4855 1143 4908 δὲ
1179 4855 1272 4908 τοῦ
1298 4856 1559 4927 παρόντος
1582 4856 1698 4908 ἐτέ-

147 4955 248 5007 ρων
277 4945 355 5007 εἰς
379 4944 664 5016 πρόσωπον
696 4945 769 5017 μὴ
795 4947 1230 5018 παραιτήσασθαι
1263 4948 1360 5018 τὴν
1386 4947 1572 5018 κλῆσιν
1605 4965 1702 5001 πα-

148 5033 406 5100 ραινοῦσι·
440 5037 562 5108 μηδ’
596 5038 891 5108 ἀπιστῆσαι
919 5042 981 5110 τῇ
1006 5041 1155 5110 φωνῇ
1172 5043 1236 5110 τῇ
1257 5042 1492 5111 σήμερον
1520 5041 1699 5104 αὐτοῖς

147 5125 404 5201 μελλούσῃ
447 5129 648 5184 λαλεῖν.
684 5132 756 5184 Τὸ
787 5131 864 5195 δὲ,
888 5133 1169 5200 σήμερον,
1198 5135 1228 5186 6
1275 5132 1592 5196 Ἀπόστολος
1620 5135 1699 5194 εἰς

144 5218 312 5272 πάντα
340 5222 429 5274 τὸν
463 5223 853 5294 παρατείνοντα
883 5223 982 5292 τῆς
1016 5224 1159 5294 ζωῆς
1185 5224 1341 5295 ἡμῶν
1360 5225 1546 5295 χρόνον
1568 5224 1698 5290 ἐξεί-

143 5303 295 5379 ληφε,
331 5313 466 5366 κατὰ
495 5313 575 5377 τὸ,
605 5313 716 5380 ἕως
751 5309 822 5369 οὗ
861 5315 924 5367 τὸ
952 5313 1222 5383 σήμερον
1239 5315 1519 5369 καλεῖται’
1562 5317 1700 5387 Πρ⁰⁹

145 5401 323 5468 τρέπει
342 5403 396 5456 δὲ
420 5405 513 5458 καὶ
540 5407 684 5476 ἡμᾶς
711 5407 739 5458 6
765 5406 918 5474 λόγος
952 5405 1198 5460 ἐντεῦθεν
1230 5407 1572 5478 ἀπάρξασθαι
1595 5406 1699 5459 τῶν

147 5494 622 5564 παρηγγελμένων.
655 5497 717 5548 Εἰ
751 5496 858 5566 γὰρ
891 5495 984 5549 καὶ
1007 5495 1172 5566 πολλή
1205 5513 1286 5557 τις
1318 5497 1508 5564 γέγονε
1540 5495 1701 5567 ρᾳθυ-

150 5580 240 5646 μέα
281 5586 336 5635 ἐν
375 5586 451 5656 τῷ
493 5587 810 5659 παρελθόντι
863 5588 1068 5659 χρόνῳσ
1127 5587 1260 5640 ἀλλὰ
1307 5587 1408 5642 κᾶν
1453 5589 1560 5641 ἀπὸ
1603 5588 1700 5659 τῆς

213 5738 253 5768 ⁸⁸
298 5739 477 5798 Matth.
513 5761 598 5808 vt,
639 5744 774 5808 5,6,
816 5745 899 5799 18.
982 5746 1020 5776 ⁸⁷
1065 5743 1206 5799 Psal.
1251 5761 1394 5802 xm.
1437 5746 1482 5797 I.

1805 4596 1957 4643 mus;
1992 4595 2056 4634 ac
2085 4596 2324 4642 rursum,
2371 4579 2569 4645 Venite,
2615 4581 2911 4642 adoremus,
2956 4578 3292 4648 procidamus
3324 4587 3375 4632 et

1804 4672 2069 4741 ploremus
2103 4689 2122 4725 :
2151 4673 2206 4726 in
2231 4673 2486 4742 przesenti
2522 4687 2651 4726 vero
2678 4672 2906 4726 aliorum
2933 4678 3212 4738 assumpta
3250 4685 3374 4740 per-

1805 4780 1966 4827 sona,
1994 4764 2286 4818 hortantur
2342 4780 2410 4819 ne
2470 4765 2809 4818 vocationem
2867 4771 3158 4831 respuant;
3201 4777 3377 4830 neque

1805 4858 1924 4911 voci
1955 4873 2076 4927 qua;
2118 4856 2266 4926 ipsos
2315 4854 2475 4909 hodie
2521 4855 2824 4908 allocutura
2849 4863 2930 4908 est
2965 4853 3121 4906 fidem
3155 4862 3373 4921 negent.

1807 4948 1944 5003 Illud
1975 4965 2156 5019 porro,
2189 4948 2362 5013 hodie,
2391 4949 2686 5017 Apostolus
2727 4946 2924 5014 accipit
2971 4961 3068 5014 pro
3099 4953 3212 4996 toto
3257 4946 3378 4997 vitae

1807 5048 2006 5094 nostra:
2037 5048 2310 5110 tempore;
2345 5037 2642 5094 secundum
2685 5037 2836 5098 illud,
2868 5035 3041 5089 Donec
3094 5035 3246 5088 hodie
3289 5050 3380 5086 vo-

1805 5133 2043 5186 catur“.
2081 5131 2338 5185 Hortatur
2399 5138 2577 5183 autem
2631 5144 2732 5182 nos
2784 5127 3084 5196 Scriptura,
3138 5134 3196 5179 ut
3248 5127 3377 5178 hinc

1803 5231 2072 5294 praecepta
2099 5220 2348 5276 servandi
2373 5221 2656 5277 exordium
2679 5220 2963 5274 ducamus.
2990 5217 3372 5270 Etiamsienim

1803 5315 2128 5386 praecedenti
2183 5322 2433 5382 tempore
2485 5314 2541 5367 in
2607 5327 2800 5382 magna
2881 5309 3112 5378 segnitie
3173 5307 3373 5362 versati

1802 5409 2011 5473 simus;
2046 5416 2099 5460 at
2150 5409 2230 5462 vel
2289 5409 2478 5462 saltem
2527 5407 2596 5461 ab
2642 5407 2744 5459 hac
2775 5404 2884 5468 die,
2917 5418 3037 5472 quae
3080 5415 3173 5470 per
3213 5398 3368 5462 illud,

1803 5497 1974 5559 hodie.
2005 5497 2351 5566 exprimitur,
2376 5498 2516 5551 etab
2544 5497 2646 5549 hoc
2675 5505 2915 5562 tempore
2937 5491 3097 5546 dictis
3127 5487 3372 5543 attende-

1803 5605 1861 5642 re
1892 5602 2145 5644 curemus
2187 5607 2196 5641 :
2236 5605 2334 5643 nec
2369 5588 2628 5659 p0pulum
2683 5586 2830 5640 illum
2863 5583 3155 5646 imitemur,
3185 5577 3274 5649 qui
3316 5577 3372 5631 in

1563 5746 1604 5773 “‘
1648 5743 1807 5800 Ilehr.
1850 5759 1946 5802 ιιι.
1984 5747 2069 5802 15.
